1937 3050
72 111 127 140 A81

699 107 885 138 DIATRIBA
907 107 958 137 DE
979 107 1150 138 PSELLIS.

1721 110 1779 140 482

72 176 211 204 custodire
224 176 304 211 facit.
327 175 414 210 Hujus
436 182 543 210 quoque
570 174 744 201 Constantini
768 176 898 209 tempore,
914 173 940 206 Α
958 173 1018 201 tino
1046 174 1126 201 Duca
1152 175 1224 202 forte
1252 183 1352 202 verum
1383 174 1480 203 fuerit.
1512 177 1620 203 Verum
1652 184 1779 211 quanam

73 222 117 249 uir
131 229 197 248 cum
219 221 248 247 in
264 221 340 248 omni
356 219 514 246 liberalium
538 219 641 245 artium
663 219 789 251 scientia,
816 218 862 245 sed
878 220 903 245 et

76 266 293 302 peregrinarum
315 264 411 300 ﬂoruit
436 264 469 290 Μ.
495 263 614 296 Psellus,
638 263 716 298 cujus
740 271 904 290 mnumera-

78 311 116 338 les
129 317 201 345 pene
225 309 293 336 libri
317 309 490 336 curiosorum
514 309 540 335 et
563 307 751 335 studiosorum
778 308 906 334 manibus

77 358 217 382 teruntur.
233 353 272 381 Ad
286 354 360 380 hunc
374 357 446 381 certe
460 352 672 380 Constantinum
699 351 785 379 l’selti
807 351 839 379 de
864 352 906 379 vi-

78 401 137 427 ctus
163 399 282 433 ratione,
300 398 350 426 hoc
373 402 421 431 est,
437 398 471 425 de
487 397 573 426 diwta
589 398 613 424 et
627 397 660 424 de
675 405 743 424 auro
758 397 907 431 conﬁcien-

77 444 123 477 do,
140 445 190 472 hoc
204 446 255 478 est,
273 443 447 478 Chrysopzia
473 443 539 469 libri
561 444 681 475 exstant,
706 449 774 477 quos
795 442 908 477 quidam

79 497 135 516 non
150 496 216 516 sane
241 488 367 515 indoctus
391 487 571 515 Constantino
595 493 693 521 magno
714 485 792 513 datos
811 493 908 521 perpe-

79 541 142 561 ram
158 534 245 561 etiam
259 533 359 567 scripto
369 531 489 559 credidit
505 539 511 558 :
527 533 556 558 ut
573 530 774 558 Commentario
789 531 908 563 mittam,

78 585 144 613 quae
169 578 202 605 in
226 577 376 604 Zoroastris
402 576 550 603 Chaldaica
576 574 697 610 symbola
724 574 861 609 leguntur,
884 577 910 601 et

80 623 209 650 Curiones
232 621 438 651 astronomicos.
465 623 539 653 etc.;
563 622 592 646 et
610 619 708 654 paucis
723 618 883 654 interjectis
901 627 908 645 :

79 667 145 694 Fuit
161 670 187 694 ct
202 666 286 701 hujus
304 665 475 692 Constantini
501 665 584 692 Ducas
606 664 693 698 ﬁlius,
718 667 745 690 et
767 663 800 690 Μ.
828 663 912 690 Pselli

80 710 251 746 discipulus,
278 709 400 738 Michael
415 709 505 736 Ducas
519 709 670 743 imperator
686 708 910 742 Constantinopo-

82 756 202 789 litanus,
228 755 278 790 qui
303 763 320 781 a
343 757 416 789 fame
439 758 467 780 et
493 753 624 788 penuria,
648 759 712 787 qua
739 753 769 779 in
797 752 911 779 exordio

80 801 141 835 ejus
155 800 332 835 principatus
343 797 675 830 Constantinopolitanam
690 797 785 824 urbem
806 797 912 823 invase-

79 847 137 878 rat,
163 844 376 880 Parapinaceus
405 842 614 877 cognominatus
640 842 704 877 fuit.
731 842 778 869 Hic
803 841 911 877 quidem

81 889 199 916 lichan
223 890 325 917 cetera
350 889 463 923 ignarus
486 894 518 914 ac
540 894 629 914 socors
652 886 708 913 nisi
735 885 805 920 quod
836 885 912 913 bonis

81 934 195 962 artibus
209 933 259 960 sub
276 932 365 960 Psello
377 932 503 967 profecit,
520 933 604 966 atque
618 931 757 966 imprimis
779 931 810 957 in
832 931 913 965 facti-

82 978 178 1006 tandis
193 977 330 1009 versibus,
346 984 400 1011 qua
416 977 444 1003 in
460 983 489 1002 re
507 974 603 1003 Graeca
621 974 703 1002 illum
721 976 911 1010 imperatorem

82 1022 261 1051 commendat
278 1021 409 1048 historia.

119 1067 153 1094 V.
171 1067 261 1094 Miror
275 1066 425 1093 hominem
443 1073 520 1092 sane:
538 1063 645 1091 mentis
662 1066 721 1090 tam
748 1063 912 1090 inconside~

85 1114 150 1139 rate
165 1111 308 1138 locutum.
326 1112 381 1137 Leo
396 1109 604 1144 Philosophus,
621 1108 677 1136 Leo
692 1107 733 1134 illi
758 1110 802 1135 est
825 1107 914 1142 impe-

88 1158 180 1190 rator,
206 1154 306 1182 Basilii
336 1154 425 1180 ﬁlius.
454 1153 548 1180 Error.
570 1154 688 1180 Certum
718 1155 762 1179 est
793 1154 913 1179 Leonem

84 1200 298 1235 imperatorem
315 1197 550 1230 humanioribus,
577 1196 788 1232 pbilosophicis
813 1196 915 1224 sacris-

88 1252 148 1280 que
175 1243 283 1271 studiis
308 1242 545 1270 addictissimum
577 1241 715 1276 plurima,
740 1250 801 1276 quae
826 1241 913 1268 etiam

87 1290 215 1320 exstant,
228 1287 416 1315 laudabiliter
430 1286 459 1314 in
475 1286 699 1321 disciplinarum
715 1286 794 1313 omni
810 1294 915 1321 genere

88 1332 313 1368 conscripsisse:
325 1331 449 1366 ideoque
465 1330 559 1368 σοφὸν,
574 1330 735 1366 sapientem
752 1330 789 1366 [5]
806 1330 916 1357 scilicet

87 1377 341 1411 cognominatum,
358 1378 387 1403 at
402 1383 551 1410 nunquam
569 1374 610 1401 illi
627 1374 794 1410 philosophi
810 1382 914 1402 nomen

89 1422 268 1450 attributum
286 1421 322 1448 ab
337 1419 547 1448 eruditioribus
563 1422 616 1446 est.
640 1419 680 1446 Ex
704 1419 797 1446 Leone
819 1419 915 1454 itaque

90 1475 151 1494 non
170 1465 356 1500 Philosophe,
374 1465 464 1492 altero
477 1463 613 1498 Sapientes
638 1471 728 1490 unum
754 1463 824 1490 facit
849 1464 916 1491 Leo-

88 1519 170 1545 nem,
187 1517 314 1545 eumque
329 1509 422 1536 ﬁlium
440 1508 549 1535 Basilii.
567 1508 734 1543 Imperitius
750 1507 850 1543 lapsus
870 1513 915 1535 est

87 1540 195 1583 auctor
210 1540 398 1582 Theatri-vltze
412 1555 547 1586 humanm,
564 1540 621 1579 vol:
637 1552 715 1586 XXI,
731 1540 787 1579 lib:
799 1561 830 1585 Il,
846 1560 912 1588 pag.
929 1540 950 1573 Ο

88 1599 171 1627 3759.
194 1599 305 1626 Litteris
328 1599 379 1625 Leo
403 1597 584 1632 Philosophus
609 1597 759 1632 imperator
785 1598 917 1625 initiatus

89 1645 149 1680 fuit
169 1643 312 1679 Byzantii,
339 1641 516 1675 rethoricam,
543 1641 757 1676 philosophiam,
783 1642 917 1669 arithme-

93 1689 181 1716 ticam
196 1690 223 1715 et
237 1687 363 1722 reliquas
378 1687 506 1714 scientias
528 1685 558 1712 in
583 1685 670 1712 Antra
694 1686 785 1712 insula
810 1686 916 1720 didicit,

90 1733 132 1760 ibi
149 1735 275 1761 versatus
290 1739 351 1758 rum
363 1730 493 1758 Michaele
518 1729 617 1757 Pscllo.
645 1729 790 1758 Cedrenus.
813 1731 919 1766 Ingens

92 1785 166 1805 sane
181 1775 368 1812 imperatoris
383 1778 410 1802 et
426 1775 535 1802 ardens
551 1774 694 1808 studium,
712 1774 779 1802 licet
794 1776 919 1803 auctori-

92 1825 140 1849 tas
156 1824 186 1849 et
212 1820 366 1848 facultates
392 1819 489 1854 nulla,
513 1819 563 1854 qui
590 1819 691 1846 relicta
714 1819 801 1847 domo
826 1820 921 1855 negle-

93 1866 213 1901 ctisque
227 1864 336 1892 summi
353 1863 462 1899 fastigii
478 1863 591 1898 opibus,
608 1863 636 1890 in
652 1863 780 1891 insulam
796 1867 919 1892 Antrum

94 1919 150 1947 pro
166 1909 356 1945 capessendis
371 1907 535 1943 disciplinis
551 1908 586 1934 ad
603 1907 777 1942 magistrum
795 1908 920 1936 Psellum

94 1953 298 1991 pererraverit.
317 1953 419 1980 Nonne
434 1952 526 1979 multo
542 1951 680 1984 facillius,
696 1952 826 1987 prmmio,
842 1953 921 1991 quod

93 2001 222 2035 poterat,
241 1997 368 2025 maximo
385 1997 544 2033 proposito,
561 1995 674 2023 Psellus
689 1999 808 2024 vocatus
828 2005 922 2025 acces-

92 2043 210 2072 sisset?
226 2043 345 2070 Falsum
362 2041 452 2069 etiam
468 2043 513 2069 est
537 2040 565 2068 id
591 2048 722 2068 asserere
747 2041 920 2076 Cedrenum,

92 2089 145 2124 qui
164 2087 376 2123 Philosophum
389 2086 511 2113 Leonem
528 2094 545 2112 a
563 2086 652 2112 Leone
667 2085 801 2120 Sapiente
817 2089 845 2114 et
868 2087 922 2114 im-

94 2134 233 2169 peratore
261 2131 409 2159 diversum
441 2129 532 2157 novit.
563 2130 598 2156 Et
625 2129 742 2157 Cedrini
771 2132 859 2159 verba
887 2132 922 2160 de

94 2178 193 2205 Leone
208 2175 385 2210 Philosophe
402 2177 482 2209 sunt,
498 2182 562 2210 quae
577 2182 667 2209 supra
682 2174 868 2204 adduximus.

131 2221 287 2256 VLPergit
301 2219 445 2256 Gyraldus
463 2227 468 2246 :
487 2219 584 2254 Cujus,
598 2219 702 2246 Leonis
718 2219 838 2253 scilicet,
848 2221 924 2256 ﬁlius
939 2225 963 2256 D
981 2223 1044 2255 fert,
1070 2221 1143 2249 satis
1172 2221 1248 2249 male
1275 2221 1481 2257 antiquitatem
1513 2221 1620 2257 accipit
1649 2230 1655 2247 :

958 219 1070 246 ratione
1086 218 1296 247 Constantinus
1313 219 1418 247 Leonis
1433 219 1513 247 ﬁlius
1529 219 1698 248 schismatis
1714 229 1781 256 pro-

959 265 1106 298 pugnator
1129 263 1164 290 de
1188 262 1355 290 Christiana
1379 264 1519 300 religione
1552 264 1641 299 probe
1672 265 1782 291 sentire

960 307 1066 342 potuit,
1079 307 1213 342 judicent
1229 307 1289 334 alii.
1307 307 1435 336 Conatus
1451 307 1533 336 illius
1549 308 1578 335 in
1605 308 1781 336 vindicando

961 352 996 379 ab
1013 351 1129 386 injuriis
1145 352 1257 385 Photio,
1273 352 1317 379 vel
1335 352 1397 380 soln
1412 352 1535 380 Unionis
1551 355 1642 386 tomo,
1658 361 1675 380 a
1692 353 1783 380 Lenn-

960 396 1094 423 clavioin
1110 396 1181 424 Jure
1205 396 1452 424 Gnaeo—Romano
1479 397 1526 424 lib.
1552 405 1572 424 ιι
1597 398 1685 432 edito,
1712 397 1784 425 satis

961 449 1110 476 superque
1134 440 1236 476 liquet.
1265 442 1349 475 Huius
1374 441 1547 469 Constantini
1571 442 1640 470 liber
1654 442 1703 469 ille
1716 442 1784 469 cele-

963 486 1057 513 bratus
1085 488 1135 519 est,
1165 494 1246 521 quem
1274 487 1394 513 moriens
1422 487 1542 514 Romano
1568 487 1627 521 ﬁlio
1655 487 1782 522 reliquit.

963 530 1036 556 Eum
1051 537 1085 556 ex
1100 530 1199 557 codice
1216 529 1399 558 bibliothecas
1415 530 1564 563 Palatinas,
1581 531 1631 566 qui
1647 531 1784 566 Baptista;

963 573 1066 609 lgnatii
1083 573 1152 600 olim
1167 574 1258 601 fuisse
1273 574 1786 610 perhibebalur,descriptum,Griece

964 620 992 644 et
1008 617 1107 644 Latine
1120 617 1212 644 edidit
1225 617 1353 645 Joannes
1370 617 1526 653 Meursius,
1543 627 1610 646 cum
1626 617 1691 646 aliis
1706 619 1785 654 ejus-

965 661 1030 689 dem
1053 662 1236 689 Constantini
1263 662 1425 698 opusculis,
1451 662 1586 698 Lugduni
1611 664 1785 690 Batavorum

964 707 1041 741 apud
1058 705 1220 733 Elzevirum
1238 707 1316 739 1627,
1334 706 1417 733 in-8°.
1433 706 1542 734 Verum
1558 707 1583 733 is
1608 715 1666 734 non
1691 707 1785 740 Ducas,

965 753 1015 780 sed
1045 752 1328 788 Porpbyrogennetze
1358 753 1424 780 fuit.
1457 755 1551 789 Hujus
1578 761 1684 788 quoque
1716 753 1787 780 Con-

964 797 1082 824 stantini
1110 800 1228 832 tempore
1260 797 1357 832 ﬂoruit
1394 797 1512 825 Michael
1548 798 1663 825 Psellus.
1693 797 1720 824 Si
1752 797 1787 824 de

967 841 1070 876 Psello,
1100 842 1185 876 cujus
1219 842 1460 876 innumerabiles,
1491 844 1523 870 ut
1551 842 1613 878 ipse
1640 841 1690 875 ait,
1720 841 1787 869 libri

966 886 1222 920 circumferuntur,
1239 894 1336 914 sermo
1351 889 1404 920 est,
1419 887 1501 915 fallit.
1522 887 1570 914 [lle
1595 886 1703 914 etenim
1730 895 1787 913 non

966 938 999 958 eo
1014 933 1145 965 tempore
1161 930 1239 958 vixit.
1257 931 1285 958 Si
1310 932 1345 958 de
1366 934 1540 966 praeceptore
1565 931 1669 959 Leonis
1696 931 1790 958 Philo-

967 974 1063 1010 sophi,
1080 975 1146 1002 licet
1161 983 1218 1002 non
1236 975 1326 1008 fallat,
1342 975 1390 1002 ille
1405 978 1500 1002 tamen
1525 975 1787 1003 innumerabilium

965 1019 1107 1046 librorum
1133 1019 1260 1046 editione
1284 1028 1341 1046 non
1357 1019 1528 1047 celebratur.
1546 1019 1586 1047 De
1601 1028 1670 1055 quo,
1686 1027 1722 1046 an
1737 1018 1789 1046 nli-

967 1064 1038 1099 quid
1055 1064 1093 1099 (d)
1109 1064 1269 1099 scripserit,
1285 1064 1381 1091 adhuc
1396 1064 1620 1091 dubitamus.Ad
1634 1064 1707 1091 hunc
1720 1066 1792 1091 certe

966 1109 1157 1136 Constantium
1182 1107 1272 1136 Pselli
1294 1108 1326 1136 de
1348 1109 1435 1136 victus
1463 1110 1579 1144 ratione,
1607 1108 1656 1136 hoc
1679 1110 1729 1139 est,
1759 1108 1791 1136 de

967 1153 1060 1181 diaeta.
1080 1154 1138 1179 Hoc
1163 1153 1201 1188 [6]
1226 1161 1342 1188 quoque
1367 1152 1473 1180 falsum
1498 1155 1551 1180 est.
1577 1153 1650 1180 Nam
1678 1152 1790 1180 Psellus

968 1199 1016 1232 qui
1047 1199 1085 1224 De
1120 1198 1209 1225 victus
1246 1199 1353 1225 ratione
1388 1197 1572 1233 conscripsit,
1599 1197 1790 1225 Constantino

968 1242 1055 1269 Ducas
1072 1242 1117 1277 (ε),
1134 1242 1177 1269 vel
1203 1242 1226 1269 si
1251 1241 1357 1277 placet,
1382 1242 1574 1269 Constantino
1600 1242 1791 1270 Monomacho

969 1287 1078 1315 librum
1095 1288 1284 1323 nuncupavit.
1310 1288 1342 1315 Et
1363 1287 1396 1315 de
1420 1296 1489 1315 auro
1512 1288 1690 1323 conﬁciendo.
1712 1287 1791 1315 Nihil

970 1332 1079 1360 minus.
1112 1332 1253 1360 Libellum
1282 1332 1389 1360 etenim
1417 1332 1499 1360 illum
1529 1333 1565 1360 ad
1593 1333 1790 1368 patriarcham

969 1376 1138 1404 Michaelem
1152 1376 1343 1412 Cerularium,
1360 1377 1446 1412 cujus
1470 1376 1586 1404 hortatu
1612 1377 1695 1404 illum
1720 1385 1788 1404 con-

970 1421 1138 1456 scripserat,
1165 1421 1255 1448 misit.
1284 1421 1354 1455 Quos
1378 1421 1489 1456 quidam
1503 1429 1558 1448 non
1573 1429 1638 1448 sane
1653 1421 1786 1449 indoctus.

970 1465 1086 1500 Optime
1101 1465 1147 1492 hic
1164 1465 1287 1492 aliorum
1304 1465 1430 1500 ineptias
1446 1465 1571 1497 abdicat,
1597 1468 1625 1493 et
1648 1465 1789 1492 nonnulla

970 1509 1055 1537 Pselli
1072 1509 1292 1542 commentaria,
1308 1518 1364 1537 non
1380 1512 1480 1537 tamen
1498 1510 1598 1537 Leonis
1622 1509 1790 1545 Philosophi

972 1554 1114 1588 magistri,
1131 1557 1271 1582 recenset.
1285 1554 1399 1589 Subdit,
1417 1555 1476 1582 Fuit
1500 1557 1528 1581 et
1551 1554 1632 1587 huius
1655 1557 1791 1583 Constan-

970 1599 1025 1626 tini
1051 1599 1132 1626 Dura:
1153 1599 1238 1633 ﬁlius,
1262 1601 1287 1626 et
1308 1599 1449 1626 Michaelis
1475 1599 1559 1626 Pselli
1572 1599 1721 1634 discipulus
1737 1600 1790 1628 Mi-

971 1644 1049 1670 chael
1064 1643 1155 1670 Ducas
1171 1644 1323 1678 imperator
1347 1643 1682 1679 Constantinopolitanus,
1704 1645 1752 1679 qui
1775 1652 1792 1671 a

972 1689 1046 1723 fame
1061 1691 1085 1715 et
1098 1688 1217 1722 penuria
1231 1688 1435 1723 Parapinaccus
1450 1688 1482 1722 (Γ)
1498 1689 1707 1722 cognominatus
1730 1689 1792 1723 fuit.

973 1732 1073 1768 Nugae,
1089 1732 1282 1766 Constantini,
1299 1732 1402 1760 Leonis
1426 1733 1488 1765 ﬁlii,
1513 1732 1613 1760 nullus
1637 1733 1692 1760 fuit
1715 1733 1794 1760 [ilius

974 1775 1108 1809 Michael,
1124 1777 1173 1803 sed
1197 1777 1357 1811 Romanus,
1382 1777 1428 1804 cui
1454 1777 1571 1810 librum,
1597 1779 1629 1804 ut
1650 1777 1794 1813 Gyraldus

975 1829 1065 1857 supra
1089 1821 1212 1854 dixerat,
1237 1821 1375 1854 moriens,
1392 1822 1430 1848 De
1444 1821 1664 1848 administrando
1679 1822 1796 1856 imperio

975 1865 1102 1900 reliquit.
1128 1866 1162 1891 Et
1186 1865 1305 1892 Michael
1334 1866 1388 1892 iste
1417 1866 1471 1892 sub
1501 1865 1593 1892 Psello
1622 1867 1797 1901 praeceptore

976 1909 1200 1937 Constantinum
1234 1909 1345 1936 Ducam
1369 1913 1480 1945 patrem
1506 1909 1654 1945 cognoscit
1692 1910 1796 1936 Annon

976 1954 1049 1981 bene
1064 1956 1170 1981 tractat
1185 1954 1336 1981 historiam
1353 1953 1497 1990 Gyraldus
1508 1953 1521 1980 ?
1537 1955 1641 1981 Annon
1666 1955 1739 1981 bene
1763 1954 1799 1981 de

975 1998 1069 2026 Psello
1099 2001 1184 2034 atque
1213 1998 1258 2025 bis
1294 1998 1522 2034 imperatoribus
1560 1999 1694 2033 meritus,
1725 2006 1798 2034 quos

976 2043 1138 2071 foedissime
1164 2042 1381 2070 commiscendo
1411 2042 1573 2077 confundit,
1603 2045 1630 2070 et
1653 2043 1716 2070 loco
1746 2050 1799 2070 suo

976 2089 1082 2124 ejectos
1099 2088 1133 2115 ad
1151 2087 1208 2115 alia
1221 2089 1354 2123 tempora
1369 2087 1508 2122 conjicit?

1013 2133 1073 2160 VII.
1090 2132 1266 2160 Possevinus
1291 2132 1371 2165 item,
1399 2132 1468 2159 dum
1495 2132 1606 2168 scripta
1629 2131 1800 2159 recentioris

978 2177 1064 2205 Pselli
1077 2178 1111 2204 ad
1128 2179 1252 2204 veterem
1268 2177 1353 2204 illum
1371 2177 1473 2204 Leonis
1489 2179 1695 2213 praeceptorem
1706 2179 1802 2204 trans-

1685 2219 1802 2248 Michael

95 2268 297 2297 Constantinus
313 2267 404 2293 Ducas
427 2266 491 2301 fuit.
514 2265 584 2296 Quis
612 2265 640 2291 id
667 2264 761 2292 dixit?
784 2266 928 2295 Constan-
982 2266 1099 2300 Pscllus,
1117 2267 1166 2300 qui
1179 2266 1287 2300 Leonis,
1316 2269 1491 2300 cognomento
1517 2265 1691 2299 Philosophi,
1713 2265 1803 2300 fertur

94 2314 180 2341 tinus
199 2312 292 2339 Ducas
309 2310 394 2346 longe
410 2310 446 2337 ab
463 2309 510 2337 bis
527 2309 709 2344 temporibus
723 2309 803 2337 vixit.
826 2313 925 2347 Neque

96 2357 313 2387 Constantinus
340 2356 445 2384 Leonis
470 2355 548 2383 ﬁlius
575 2357 658 2382 Duces
682 2355 738 2383 sibi
764 2364 925 2391 cognomen

94 2410 232 2438 unquam
251 2400 364 2434 ascivit,
380 2401 430 2428 sed
447 2400 738 2435 Porphyrogennctze,
756 2408 813 2435 quo
834 2401 925 2428 maxi-

96 2455 146 2475 me
162 2446 270 2481 gaudet
284 2448 312 2472 et
327 2445 424 2480 gestit.
442 2444 526 2471 Ducas
542 2451 702 2479 cognomen
719 2446 785 2479 post
809 2447 925 2472 centum

94 2491 251 2526 sexaginta
266 2490 301 2517 ad
318 2489 417 2516 minus
442 2497 536 2516 annos
562 2488 592 2515 in
616 2487 737 2523 imperio
762 2489 846 2524 cepit.
875 2490 927 2523 Qui

94 2540 120 2565 et
136 2536 170 2564 de
187 2534 348 2563 Christiana
363 2534 493 2568 religione
503 2533 588 2568 probe
601 2533 696 2560 sensit.
724 2533 762 2560 De
785 2533 926 2562 Constan-

978 2311 1066 2346 fuisse
1094 2315 1258 2346 prazceptor,
1281 2309 1416 2345 pleraque
1442 2311 1564 2345 scripsit,
1589 2314 1647 2337 tum
1670 2309 1705 2336 ad
1728 2309 1804 2336 theo-

981 2354 1096 2389 logiam,
1113 2357 1171 2382 tum
1188 2354 1223 2382 ad
1236 2355 1438 2390 philosophiam
1451 2359 1533 2389 atque
1546 2353 1580 2381 ad
1591 2353 1663 2380 alias
1677 2353 1803 2388 discipli-

978 2407 1040 2433 nas,
1064 2400 1123 2426 sioe
1151 2398 1334 2432 mechanicas,
1359 2399 1417 2426 sive
1438 2397 1556 2426 medicas
1578 2398 1753 2433 spectantia:
1778 2398 1804 2425 si

980 2446 1071 2471 tamen
1101 2445 1204 2477 omnia,
1229 2451 1291 2479 quae
1314 2443 1498 2477 ascribunlur,
1526 2443 1649 2478 legitima
1673 2443 1738 2469 sunt
1767 2442 1802 2469 il-

980 2488 1035 2516 lius
1050 2496 1141 2522 opera.
1160 2488 1216 2516 Nec
1240 2487 1307 2523 plus
1331 2488 1407 2523 sapit
1431 2487 1604 2515 Franciscus
1627 2487 1804 2522 Bosquetus,

982 2533 1093 2569 prastat.
1111 2532 1145 2560 ad
1163 2531 1300 2559 lectorem
1317 2532 1346 2559 in
1361 2531 1512 2560 Michaelis
1529 2531 1613 2559 Pselli
1629 2532 1665 2559 de
1688 2531 1804 2567 legibus

896 2627 1012 2656 ΝΟΤᾸΞ.

144 2738 171 2776 ε)
188 2741 281 2769 Aliter
297 2742 397 2776 tamen
414 2739 478 2776 ipse
493 2738 621 2766 Allatius
637 2738 742 2772 intra§
759 2739 801 2766 11.

143 2706 162 2734 d
188 2706 297 2733 Praeter
313 2703 455 2738 carmina,
473 2705 505 2731 ut
520 2702 570 2730 illa
585 2703 621 2730 de
635 2702 743 2739 quibus
758 2711 848 2739 supra
862 2703 877 2740 §
901 2704 927 2732 3.

144 2707 171 2778 ei
188 2741 281 2778 Aliter
297 2742 397 2778 tamen
414 2739 479 2778 ipse
493 2738 742 2778 Allatius‘inl'ra§
759 2739 801 2766 11.

143 2706 162 2734 d
188 2706 297 2733 Praeter
313 2706 455 2738 carmina,
473 2706 505 2731 ut
520 2706 570 2730 illa
585 2706 621 2730 de
635 2706 743 2739 quibus
758 2711 848 2739 supra
862 2706 877 2740 ξ
901 2706 927 2732 3.

144 2707 171 2778 ei
188 2741 281 2769 Aliter
297 2742 397 2768 tamen
414 2739 477 2776 ipse
493 2738 621 2766 Allatius
637 2739 742 2772 inl'ra§
759 2739 801 2766 11.

130 2706 166 2817 ἓν)
188 2777 273 2812 Quod
298 2775 423 2804 πινάκιον
455 2775 516 2804 sive
545 2775 652 2813 quarta
680 2782 749 2811 pars
777 2774 867 2804 modii
895 2783 929 2804 eo

983 2705 1116 2766 tempore
1138 2702 1303 2730 ementibus
1329 2701 1562 2732 subtraheretur.
1578 2702 1651 2730 Vide
1665 2701 1806 2738 Cangium

984 2747 1014 2766 1n
1058 2747 1170 2766 ινακιον.
1668 2755 1671 2756 ν

984 2747 1014 2768 ιη
1032 2747 1170 2767 υινακιον.
1668 2755 1671 2756 ν
