  <div class='ocr_page' id='page_1' title='image "/cluster/home/n/w/nwhite01/storage/ocr_20150623/122/njp.32101077773016/253.png"; bbox 0 0 1937 3050; ppageno 0'>
   <div class='ocr_carea' id='block_1_1' title="bbox 157 82 215 111">
    <p class='ocr_par' dir='ltr' id='par_1_1' title="bbox 157 82 215 111">
     <span class='ocr_line' id='line_1_1' title="bbox 157 82 215 111; baseline 0.017 -1"><span class='ocrx_word' id='word_1_1' title='bbox 157 82 215 111; x_wconf 72' lang='lat'><strong>483</strong></span> 
     </span>
    </p>
   </div>
   <div class='ocr_carea' id='block_1_2' title="bbox 854 78 1166 110">
    <p class='ocr_par' dir='ltr' id='par_1_2' title="bbox 854 78 1166 110">
     <span class='ocr_line' id='line_1_2' title="bbox 854 78 1166 110; baseline 0.006 -2"><span class='ocrx_word' id='word_1_2' title='bbox 854 78 991 109; x_wconf 87' lang='lat' dir='ltr'><strong>LEONIS</strong></span> <span class='ocrx_word' id='word_1_3' title='bbox 1013 79 1166 110; x_wconf 73' lang='lat' dir='ltr'><strong>ALLATII</strong></span> 
     </span>
    </p>
   </div>
   <div class='ocr_carea' id='block_1_3' title="bbox 1801 82 1856 112">
    <p class='ocr_par' dir='ltr' id='par_1_3' title="bbox 1801 82 1856 112">
     <span class='ocr_line' id='line_1_3' title="bbox 1801 82 1856 112; baseline 0.018 -1"><span class='ocrx_word' id='word_1_4' title='bbox 1801 82 1856 112; x_wconf 66' lang='grc'><strong>481</strong></span> 
     </span>
    </p>
   </div>
   <div class='ocr_carea' id='block_1_4' title="bbox 156 145 1855 183">
    <p class='ocr_par' dir='ltr' id='par_1_4' title="bbox 156 145 1855 183">
     <span class='ocr_line' id='line_1_4' title="bbox 156 145 1855 183; baseline 0.001 -9"><span class='ocrx_word' id='word_1_5' title='bbox 156 149 314 183; x_wconf 79' lang='lat' dir='ltr'><strong>Syntagma</strong></span> <span class='ocrx_word' id='word_1_6' title='bbox 331 154 338 173; x_wconf 72' lang='grc' dir='ltr'><strong>ε</strong></span> <span class='ocrx_word' id='word_1_7' title='bbox 353 146 512 174; x_wconf 79' lang='lat' dir='ltr'><strong>Michaelem</strong></span> <span class='ocrx_word' id='word_1_8' title='bbox 524 145 657 178; x_wconf 78' lang='lat' dir='ltr'><strong>Psellum,</strong></span> <span class='ocrx_word' id='word_1_9' title='bbox 674 152 721 180; x_wconf 67' lang='lat' dir='ltr'><strong>qua</strong></span> <span class='ocrx_word' id='word_1_10' title='bbox 744 149 844 180; x_wconf 55' lang='lat' dir='ltr'><strong>prater</strong></span> <span class='ocrx_word' id='word_1_11' title='bbox 868 146 977 180; x_wconf 75' lang='lat' dir='ltr'><strong>propter</strong></span> <span class='ocrx_word' id='word_1_12' title='bbox 992 147 1017 180; x_wconf 76' lang='grc' dir='ltr'>Α</span> <span class='ocrx_word' id='word_1_13' title='bbox 1033 153 1091 173; x_wconf 90' lang='lat' dir='ltr'><strong>non</strong></span> <span class='ocrx_word' id='word_1_14' title='bbox 1107 146 1156 173; x_wconf 90' lang='lat' dir='ltr'><strong>uni</strong></span> <span class='ocrx_word' id='word_1_15' title='bbox 1173 146 1357 174; x_wconf 83' lang='lat' dir='ltr'><strong>ascribeutur</strong></span> <span class='ocrx_word' id='word_1_16' title='bbox 1372 146 1496 182; x_wconf 87' lang='lat' dir='ltr'><strong>parenti,</strong></span> <span class='ocrx_word' id='word_1_17' title='bbox 1507 149 1536 174; x_wconf 88' lang='lat' dir='ltr'><strong>et</strong></span> <span class='ocrx_word' id='word_1_18' title='bbox 1549 155 1611 181; x_wconf 66' lang='lat' dir='ltr'><strong>quas</strong></span> <span class='ocrx_word' id='word_1_19' title='bbox 1625 146 1754 182; x_wconf 85' lang='lat' dir='ltr'><strong>junioris</strong></span> <span class='ocrx_word' id='word_1_20' title='bbox 1771 147 1855 175; x_wconf 85' lang='lat' dir='ltr'><strong>Pselli</strong></span> 
     </span>
    </p>
   </div>
   <div class='ocr_carea' id='block_1_5' title="bbox 156 189 979 224">
    <p class='ocr_par' dir='ltr' id='par_1_5' title="bbox 156 189 979 224">
     <span class='ocr_line' id='line_1_5' title="bbox 156 189 979 224; baseline -0.005 -5"><span class='ocrx_word' id='word_1_21' title='bbox 156 200 262 219; x_wconf 80' lang='lat' dir='ltr'><strong>annum</strong></span> <span class='ocrx_word' id='word_1_22' title='bbox 290 190 394 218; x_wconf 69' lang='lat' dir='ltr'><strong>Christi</strong></span> <span class='ocrx_word' id='word_1_23' title='bbox 419 190 472 217; x_wconf 85' lang='lat'><strong>850</strong></span> <span class='ocrx_word' id='word_1_24' title='bbox 506 190 603 218; x_wconf 73' lang='lat' dir='ltr'><strong>Leoni:</strong></span> <span class='ocrx_word' id='word_1_25' title='bbox 635 189 798 224; x_wconf 76' lang='lat' dir='ltr'><strong>Philosophi</strong></span> <span class='ocrx_word' id='word_1_26' title='bbox 830 190 979 224; x_wconf 74' lang='lat' dir='ltr'><strong>imperato-</strong></span> 
     </span>
    </p>
   </div>
   <div class='ocr_carea' id='block_1_6' title="bbox 156 238 277 270">
    <p class='ocr_par' dir='ltr' id='par_1_6' title="bbox 156 238 277 270">
     <span class='ocr_line' id='line_1_6' title="bbox 156 238 277 270; baseline 0 -6"><span class='ocrx_word' id='word_1_27' title='bbox 156 238 205 270; x_wconf 78' lang='lat' dir='ltr'><strong>ris,</strong></span> <span class='ocrx_word' id='word_1_28' title='bbox 222 238 277 264; x_wconf 89' lang='lat' dir='ltr'><strong>etc.</strong></span> 
     </span>
    </p>
   </div>
   <div class='ocr_carea' id='block_1_7' title="bbox 192 277 980 315">
    <p class='ocr_par' dir='ltr' id='par_1_7' title="bbox 192 277 980 315">
     <span class='ocr_line' id='line_1_7' title="bbox 192 277 980 315; baseline -0.004 -7"><span class='ocrx_word' id='word_1_29' title='bbox 192 281 262 309; x_wconf 90' lang='lat' dir='ltr'><strong>VIII.</strong></span> <span class='ocrx_word' id='word_1_30' title='bbox 288 281 323 307; x_wconf 90' lang='lat' dir='ltr'><strong>Et</strong></span> <span class='ocrx_word' id='word_1_31' title='bbox 346 288 416 308; x_wconf 86' lang='lat' dir='ltr'><strong>sane</strong></span> <span class='ocrx_word' id='word_1_32' title='bbox 440 287 543 315; x_wconf 84' lang='lat' dir='ltr'><strong>parum</strong></span> <span class='ocrx_word' id='word_1_33' title='bbox 574 280 658 307; x_wconf 87' lang='lat' dir='ltr'><strong>caute</strong></span> <span class='ocrx_word' id='word_1_34' title='bbox 687 278 815 306; x_wconf 78' lang='lat' dir='ltr'><strong>Andreas</strong></span> <span class='ocrx_word' id='word_1_35' title='bbox 843 277 980 306; x_wconf 88' lang='lat' dir='ltr'><strong>Schotius</strong></span> 
     </span>
    </p>
   </div>
   <div class='ocr_carea' id='block_1_8' title="bbox 155 321 980 357">
    <p class='ocr_par' dir='ltr' id='par_1_8' title="bbox 155 321 980 357">
     <span class='ocr_line' id='line_1_8' title="bbox 155 321 980 357; baseline -0.005 -4"><span class='ocrx_word' id='word_1_36' title='bbox 155 325 272 353; x_wconf 60' lang='lat' dir='ltr'><strong>Praef-at.</strong></span> <span class='ocrx_word' id='word_1_37' title='bbox 287 325 323 352; x_wconf 85' lang='lat' dir='ltr'><strong>ad</strong></span> <span class='ocrx_word' id='word_1_38' title='bbox 341 323 470 351; x_wconf 89' lang='lat' dir='ltr'><strong>Psellum</strong></span> <span class='ocrx_word' id='word_1_39' title='bbox 487 323 517 350; x_wconf 91' lang='lat' dir='ltr'><strong>in</strong></span> <span class='ocrx_word' id='word_1_40' title='bbox 531 323 650 350; x_wconf 75' lang='lat' dir='ltr'><strong>Cantica</strong></span> <span class='ocrx_word' id='word_1_41' title='bbox 664 323 856 357; x_wconf 80' lang='lat' dir='ltr'><strong>canticorum,</strong></span> <span class='ocrx_word' id='word_1_42' title='bbox 870 324 898 349; x_wconf 90' lang='lat' dir='ltr'><strong>et</strong></span> <span class='ocrx_word' id='word_1_43' title='bbox 914 321 980 349; x_wconf 84' lang='lat' dir='ltr'><strong>Gor-</strong></span> 
     </span>
    </p>
   </div>
   <div class='ocr_carea' id='block_1_9' title="bbox 156 366 979 399">
    <p class='ocr_par' dir='ltr' id='par_1_9' title="bbox 156 366 979 399">
     <span class='ocr_line' id='line_1_9' title="bbox 156 366 979 399; baseline -0.006 -1"><span class='ocrx_word' id='word_1_44' title='bbox 156 369 267 398; x_wconf 87' lang='lat' dir='ltr'><strong>bardus</strong></span> <span class='ocrx_word' id='word_1_45' title='bbox 304 368 427 396; x_wconf 89' lang='lat' dir='ltr'><strong>Vossius</strong></span> <span class='ocrx_word' id='word_1_46' title='bbox 464 368 500 395; x_wconf 91' lang='lat' dir='ltr'><strong>de</strong></span> <span class='ocrx_word' id='word_1_47' title='bbox 536 368 679 394; x_wconf 75' lang='lat' dir='ltr'><strong>Historicis</strong></span> <span class='ocrx_word' id='word_1_48' title='bbox 715 366 817 395; x_wconf 68' lang='lat' dir='ltr'><strong>Graecis</strong></span> <span class='ocrx_word' id='word_1_49' title='bbox 855 366 905 394; x_wconf 89' lang='lat' dir='ltr'><strong>lib.</strong></span> <span class='ocrx_word' id='word_1_50' title='bbox 949 375 979 399; x_wconf 79' lang='grc' dir='ltr'><strong>ιι,</strong></span> 
     </span>
    </p>
   </div>
   <div class='ocr_carea' id='block_1_10' title="bbox 156 411 979 450">
    <p class='ocr_par' dir='ltr' id='par_1_10' title="bbox 156 411 979 450">
     <span class='ocr_line' id='line_1_10' title="bbox 156 411 979 450; baseline -0.006 -8"><span class='ocrx_word' id='word_1_51' title='bbox 156 423 219 450; x_wconf 92' lang='lat' dir='ltr'><strong>cap.</strong></span> <span class='ocrx_word' id='word_1_52' title='bbox 234 414 281 446; x_wconf 82' lang='lat'><strong>26,</strong></span> <span class='ocrx_word' id='word_1_53' title='bbox 296 412 401 440; x_wconf 59' lang='lat' dir='ltr'><strong>Caesari</strong></span> <span class='ocrx_word' id='word_1_54' title='bbox 417 412 541 439; x_wconf 89' lang='lat' dir='ltr'><strong>Baronio</strong></span> <span class='ocrx_word' id='word_1_55' title='bbox 557 414 586 439; x_wconf 90' lang='lat' dir='ltr'><strong>et</strong></span> <span class='ocrx_word' id='word_1_56' title='bbox 610 411 786 439; x_wconf 84' lang='lat' dir='ltr'><strong>Bellarmino</strong></span> <span class='ocrx_word' id='word_1_57' title='bbox 811 411 979 446; x_wconf 86' lang='lat' dir='ltr'><strong>imponunt,</strong></span> 
     </span>
    </p>
   </div>
   <div class='ocr_carea' id='block_1_11' title="bbox 155 454 980 492">
    <p class='ocr_par' dir='ltr' id='par_1_11' title="bbox 155 454 980 492">
     <span class='ocr_line' id='line_1_11' title="bbox 155 454 980 492; baseline -0.006 -6"><span class='ocrx_word' id='word_1_58' title='bbox 155 458 211 486; x_wconf 83' lang='lat' dir='ltr'><strong>sibi</strong></span> <span class='ocrx_word' id='word_1_59' title='bbox 227 460 254 485; x_wconf 91' lang='lat' dir='ltr'><strong>et</strong></span> <span class='ocrx_word' id='word_1_60' title='bbox 270 457 336 484; x_wconf 85' lang='lat' dir='ltr'><strong>aliis</strong></span> <span class='ocrx_word' id='word_1_61' title='bbox 350 455 536 492; x_wconf 79' lang='lat' dir='ltr'><strong>persuasisse</strong></span> <span class='ocrx_word' id='word_1_62' title='bbox 558 456 664 490; x_wconf 78' lang='lat' dir='ltr'><strong>conati,</strong></span> <span class='ocrx_word' id='word_1_63' title='bbox 689 455 824 482; x_wconf 87' lang='lat' dir='ltr'><strong>ﬂoruisse</strong></span> <span class='ocrx_word' id='word_1_64' title='bbox 850 454 980 482; x_wconf 89' lang='lat' dir='ltr'><strong>Psellum</strong></span> 
     </span>
    </p>
   </div>
   <div class='ocr_carea' id='block_1_12' title="bbox 156 499 981 536">
    <p class='ocr_par' dir='ltr' id='par_1_12' title="bbox 156 499 981 536">
     <span class='ocr_line' id='line_1_12' title="bbox 156 499 981 536; baseline -0.005 -6"><span class='ocrx_word' id='word_1_65' title='bbox 156 502 262 530; x_wconf 78' lang='lat' dir='ltr'><strong>Christi</strong></span> <span class='ocrx_word' id='word_1_66' title='bbox 278 509 355 529; x_wconf 88' lang='lat' dir='ltr'><strong>anno</strong></span> <span class='ocrx_word' id='word_1_67' title='bbox 370 501 432 534; x_wconf 85' lang='lat'><strong>859,</strong></span> <span class='ocrx_word' id='word_1_68' title='bbox 461 509 518 536; x_wconf 89' lang='lat' dir='ltr'><strong>quo</strong></span> <span class='ocrx_word' id='word_1_69' title='bbox 543 499 794 535; x_wconf 87' lang='lat' dir='ltr'><strong>Constantinopoli</strong></span> <span class='ocrx_word' id='word_1_70' title='bbox 821 499 981 535; x_wconf 87' lang='lat' dir='ltr'><strong>imperator</strong></span> 
     </span>
    </p>
   </div>
   <div class='ocr_carea' id='block_1_13' title="bbox 155 543 980 581">
    <p class='ocr_par' dir='ltr' id='par_1_13' title="bbox 155 543 980 581">
     <span class='ocr_line' id='line_1_13' title="bbox 155 543 980 581; baseline -0.005 -7"><span class='ocrx_word' id='word_1_71' title='bbox 155 551 209 575; x_wconf 89' lang='lat' dir='ltr'><strong>Leo</strong></span> <span class='ocrx_word' id='word_1_72' title='bbox 233 545 432 581; x_wconf 74' lang='lat' dir='ltr'><strong>Philosophus</strong></span> <span class='ocrx_word' id='word_1_73' title='bbox 457 545 522 578; x_wconf 79' lang='lat' dir='ltr'><strong>fuit,</strong></span> <span class='ocrx_word' id='word_1_74' title='bbox 538 552 626 580; x_wconf 84' lang='lat' dir='ltr'><strong>quem</strong></span> <span class='ocrx_word' id='word_1_75' title='bbox 643 546 672 571; x_wconf 90' lang='lat' dir='ltr'><strong>et</strong></span> <span class='ocrx_word' id='word_1_76' title='bbox 686 544 800 571; x_wconf 87' lang='lat' dir='ltr'><strong>Psellus</strong></span> <span class='ocrx_word' id='word_1_77' title='bbox 816 543 921 571; x_wconf 72' lang='lat' dir='ltr'><strong>litteris</strong></span> <span class='ocrx_word' id='word_1_78' title='bbox 936 543 980 571; x_wconf 91' lang='lat' dir='ltr'><strong>in-</strong></span> 
     </span>
    </p>
   </div>
   <div class='ocr_carea' id='block_1_14' title="bbox 154 588 980 621">
    <p class='ocr_par' dir='ltr' id='par_1_14' title="bbox 154 588 980 621">
     <span class='ocr_line' id='line_1_14' title="bbox 154 588 980 621; baseline -0.006 -2"><span class='ocrx_word' id='word_1_79' title='bbox 154 591 300 620; x_wconf 80' lang='lat' dir='ltr'><strong>formavit.</strong></span> <span class='ocrx_word' id='word_1_80' title='bbox 318 590 397 617; x_wconf 90' lang='lat' dir='ltr'><strong>Licet</strong></span> <span class='ocrx_word' id='word_1_81' title='bbox 411 590 490 617; x_wconf 89' lang='lat' dir='ltr'><strong>enim</strong></span> <span class='ocrx_word' id='word_1_82' title='bbox 507 589 543 616; x_wconf 87' lang='lat' dir='ltr'><strong>de</strong></span> <span class='ocrx_word' id='word_1_83' title='bbox 559 588 652 616; x_wconf 90' lang='lat' dir='ltr'><strong>Psello</strong></span> <span class='ocrx_word' id='word_1_84' title='bbox 675 596 777 616; x_wconf 88' lang='lat' dir='ltr'><strong>verum</strong></span> <span class='ocrx_word' id='word_1_85' title='bbox 800 589 847 621; x_wconf 90' lang='lat' dir='ltr'><strong>sit,</strong></span> <span class='ocrx_word' id='word_1_86' title='bbox 873 596 926 615; x_wconf 86' lang='lat' dir='ltr'><strong>nec</strong></span> <span class='ocrx_word' id='word_1_87' title='bbox 949 588 980 615; x_wconf 94' lang='lat' dir='ltr'><strong>in</strong></span> 
     </span>
    </p>
   </div>
   <div class='ocr_carea' id='block_1_15' title="bbox 155 633 981 668">
    <p class='ocr_par' dir='ltr' id='par_1_15' title="bbox 155 633 981 668">
     <span class='ocr_line' id='line_1_15' title="bbox 155 633 981 668; baseline -0.006 -4"><span class='ocrx_word' id='word_1_88' title='bbox 155 645 188 664; x_wconf 92' lang='lat' dir='ltr'><strong>eo</strong></span> <span class='ocrx_word' id='word_1_89' title='bbox 204 635 348 663; x_wconf 85' lang='lat' dir='ltr'><strong>Baronius</strong></span> <span class='ocrx_word' id='word_1_90' title='bbox 365 634 494 668; x_wconf 81' lang='lat' dir='ltr'><strong>fallitur;</strong></span> <span class='ocrx_word' id='word_1_91' title='bbox 522 633 576 660; x_wconf 77' lang='lat' dir='ltr'><strong>fuit</strong></span> <span class='ocrx_word' id='word_1_92' title='bbox 599 633 677 660; x_wconf 90' lang='lat' dir='ltr'><strong>enim</strong></span> <span class='ocrx_word' id='word_1_93' title='bbox 703 640 767 660; x_wconf 87' lang='lat' dir='ltr'><strong>vere</strong></span> <span class='ocrx_word' id='word_1_94' title='bbox 792 640 825 660; x_wconf 91' lang='lat' dir='ltr'><strong>eo</strong></span> <span class='ocrx_word' id='word_1_95' title='bbox 851 634 981 668; x_wconf 89' lang='lat' dir='ltr'><strong>tempore</strong></span> 
     </span>
    </p>
   </div>
   <div class='ocr_carea' id='block_1_16' title="bbox 154 677 981 715">
    <p class='ocr_par' dir='ltr' id='par_1_16' title="bbox 154 677 981 715">
     <span class='ocr_line' id='line_1_16' title="bbox 154 677 981 715; baseline -0.007 -6"><span class='ocrx_word' id='word_1_96' title='bbox 154 679 432 715; x_wconf 55' lang='lat' dir='ltr'><strong>Psellusmuidam,</strong></span> <span class='ocrx_word' id='word_1_97' title='bbox 457 678 624 706; x_wconf 86' lang='lat' dir='ltr'><strong>litteratura</strong></span> <span class='ocrx_word' id='word_1_98' title='bbox 652 677 793 712; x_wconf 79' lang='lat' dir='ltr'><strong>insignis;</strong></span> <span class='ocrx_word' id='word_1_99' title='bbox 828 685 981 712; x_wconf 77' lang='lat' dir='ltr'><strong>nunquam</strong></span> 
     </span>
    </p>
   </div>
   <div class='ocr_carea' id='block_1_17' title="bbox 154 721 981 755">
    <p class='ocr_par' dir='ltr' id='par_1_17' title="bbox 154 721 981 755">
     <span class='ocr_line' id='line_1_17' title="bbox 154 721 981 755; baseline -0.007 -3"><span class='ocrx_word' id='word_1_100' title='bbox 154 727 253 753; x_wconf 83' lang='lat' dir='ltr'><strong>tamen</strong></span> <span class='ocrx_word' id='word_1_101' title='bbox 270 723 415 751; x_wconf 76' lang='lat' dir='ltr'><strong>Baronius</strong></span> <span class='ocrx_word' id='word_1_102' title='bbox 430 730 497 749; x_wconf 88' lang='lat' dir='ltr'><strong>eum</strong></span> <span class='ocrx_word' id='word_1_103' title='bbox 522 721 650 748; x_wconf 88' lang='lat' dir='ltr'><strong>Psellum</strong></span> <span class='ocrx_word' id='word_1_104' title='bbox 675 721 797 748; x_wconf 84' lang='lat' dir='ltr'><strong>Leonem</strong></span> <span class='ocrx_word' id='word_1_105' title='bbox 820 721 981 755; x_wconf 86' lang='lat' dir='ltr'><strong>imperato-</strong></span> 
     </span>
    </p>
   </div>
   <div class='ocr_carea' id='block_1_18' title="bbox 154 764 982 799">
    <p class='ocr_par' dir='ltr' id='par_1_18' title="bbox 154 764 982 799">
     <span class='ocr_line' id='line_1_18' title="bbox 154 764 982 799; baseline -0.006 -3"><span class='ocrx_word' id='word_1_106' title='bbox 154 777 213 796; x_wconf 86' lang='lat' dir='ltr'><strong>rem</strong></span> <span class='ocrx_word' id='word_1_107' title='bbox 231 768 337 795; x_wconf 89' lang='lat' dir='ltr'><strong>litteris</strong></span> <span class='ocrx_word' id='word_1_108' title='bbox 353 766 496 794; x_wconf 85' lang='lat' dir='ltr'><strong>imbuisse</strong></span> <span class='ocrx_word' id='word_1_109' title='bbox 512 765 733 799; x_wconf 79' lang='lat' dir='ltr'><strong>afﬁrmavit,sed</strong></span> <span class='ocrx_word' id='word_1_110' title='bbox 750 764 873 792; x_wconf 85' lang='lat' dir='ltr'><strong>Leonem</strong></span> <span class='ocrx_word' id='word_1_111' title='bbox 891 764 982 792; x_wconf 87' lang='lat' dir='ltr'><strong>Philo-</strong></span> 
     </span>
    </p>
   </div>
   <div class='ocr_carea' id='block_1_19' title="bbox 155 809 981 849">
    <p class='ocr_par' dir='ltr' id='par_1_19' title="bbox 155 809 981 849">
     <span class='ocr_line' id='line_1_19' title="bbox 155 809 981 849; baseline -0.007 -8"><span class='ocrx_word' id='word_1_112' title='bbox 155 813 282 849; x_wconf 89' lang='lat' dir='ltr'><strong>sophum</strong></span> <span class='ocrx_word' id='word_1_113' title='bbox 299 811 384 847; x_wconf 88' lang='lat' dir='ltr'><strong>longe</strong></span> <span class='ocrx_word' id='word_1_114' title='bbox 400 811 436 838; x_wconf 87' lang='lat' dir='ltr'><strong>ab</strong></span> <span class='ocrx_word' id='word_1_115' title='bbox 451 810 629 846; x_wconf 85' lang='lat' dir='ltr'><strong>imperatore</strong></span> <span class='ocrx_word' id='word_1_116' title='bbox 645 809 739 836; x_wconf 84' lang='lat' dir='ltr'><strong>Leone</strong></span> <span class='ocrx_word' id='word_1_117' title='bbox 754 809 915 836; x_wconf 84' lang='lat' dir='ltr'><strong>diversum.</strong></span> <span class='ocrx_word' id='word_1_118' title='bbox 925 809 981 835; x_wconf 88' lang='lat' dir='ltr'><strong>Ba-</strong></span> 
     </span>
    </p>
   </div>
   <div class='ocr_carea' id='block_1_20' title="bbox 152 852 981 892">
    <p class='ocr_par' dir='ltr' id='par_1_20' title="bbox 152 852 981 892">
     <span class='ocr_line' id='line_1_20' title="bbox 152 852 981 892; baseline -0.006 -7"><span class='ocrx_word' id='word_1_119' title='bbox 152 858 264 892; x_wconf 72' lang='lat' dir='ltr'><strong>ronius,</strong></span> <span class='ocrx_word' id='word_1_120' title='bbox 294 855 407 889; x_wconf 87' lang='lat' dir='ltr'><strong>dicunt,</strong></span> <span class='ocrx_word' id='word_1_121' title='bbox 432 863 450 882; x_wconf 90' lang='lat' dir='ltr'><strong>a</strong></span> <span class='ocrx_word' id='word_1_122' title='bbox 473 854 575 889; x_wconf 72' lang='lat' dir='ltr'><strong>Psello,</strong></span> <span class='ocrx_word' id='word_1_123' title='bbox 599 861 656 882; x_wconf 82' lang='lat' dir='ltr'><strong>non</strong></span> <span class='ocrx_word' id='word_1_124' title='bbox 679 853 776 881; x_wconf 74' lang='lat' dir='ltr'><strong>Leoni:</strong></span> <span class='ocrx_word' id='word_1_125' title='bbox 800 853 914 888; x_wconf 74' lang='lat' dir='ltr'><strong>aequali,</strong></span> <span class='ocrx_word' id='word_1_126' title='bbox 934 852 981 880; x_wconf 81' lang='lat' dir='ltr'><strong>sed</strong></span> 
     </span>
    </p>
   </div>
   <div class='ocr_carea' id='block_1_21' title="bbox 152 898 981 934">
    <p class='ocr_par' dir='ltr' id='par_1_21' title="bbox 152 898 981 934">
     <span class='ocr_line' id='line_1_21' title="bbox 152 898 981 934; baseline -0.007 -4"><span class='ocrx_word' id='word_1_127' title='bbox 152 902 239 930; x_wconf 87' lang='lat' dir='ltr'><strong>mullo</strong></span> <span class='ocrx_word' id='word_1_128' title='bbox 262 901 426 934; x_wconf 74' lang='lat' dir='ltr'><strong>recentiore,</strong></span> <span class='ocrx_word' id='word_1_129' title='bbox 451 899 607 928; x_wconf 74' lang='lat' dir='ltr'><strong>Simeonem</strong></span> <span class='ocrx_word' id='word_1_130' title='bbox 629 898 843 934; x_wconf 70' lang='lat' dir='ltr'><strong>Melaphraslam</strong></span> <span class='ocrx_word' id='word_1_131' title='bbox 856 898 981 925; x_wconf 79' lang='lat' dir='ltr'><strong>oratione</strong></span> 
     </span>
    </p>
   </div>
   <div class='ocr_carea' id='block_1_22' title="bbox 151 942 979 982">
    <p class='ocr_par' dir='ltr' id='par_1_22' title="bbox 151 942 979 982">
     <span class='ocr_line' id='line_1_22' title="bbox 151 942 979 982; baseline -0.006 -8"><span class='ocrx_word' id='word_1_132' title='bbox 151 947 323 982; x_wconf 81' lang='lat' dir='ltr'><strong>panegyrica</strong></span> <span class='ocrx_word' id='word_1_133' title='bbox 349 944 516 972; x_wconf 81' lang='lat' dir='ltr'><strong>celebratum</strong></span> <span class='ocrx_word' id='word_1_134' title='bbox 542 945 652 971; x_wconf 80' lang='lat' dir='ltr'><strong>narrat.</strong></span> <span class='ocrx_word' id='word_1_135' title='bbox 678 943 721 970; x_wconf 85' lang='lat' dir='ltr'><strong>ita</strong></span> <span class='ocrx_word' id='word_1_136' title='bbox 751 945 805 970; x_wconf 87' lang='lat' dir='ltr'><strong>est.</strong></span> <span class='ocrx_word' id='word_1_137' title='bbox 829 942 884 969; x_wconf 85' lang='lat' dir='ltr'><strong>Scd</strong></span> <span class='ocrx_word' id='word_1_138' title='bbox 920 950 979 969; x_wconf 89' lang='lat' dir='ltr'><strong>non</strong></span> 
     </span>
    </p>
   </div>
   <div class='ocr_carea' id='block_1_23' title="bbox 154 986 978 1017">
    <p class='ocr_par' dir='ltr' id='par_1_23' title="bbox 154 986 978 1017">
     <span class='ocr_line' id='line_1_23' title="bbox 154 986 978 1017; baseline -0.005 0"><span class='ocrx_word' id='word_1_139' title='bbox 154 990 266 1017; x_wconf 90' lang='lat' dir='ltr'><strong>dixerat</strong></span> <span class='ocrx_word' id='word_1_140' title='bbox 291 989 410 1016; x_wconf 89' lang='lat' dir='ltr'><strong>unicum</strong></span> <span class='ocrx_word' id='word_1_141' title='bbox 426 990 542 1016; x_wconf 89' lang='lat' dir='ltr'><strong>tantum</strong></span> <span class='ocrx_word' id='word_1_142' title='bbox 559 987 688 1015; x_wconf 89' lang='lat' dir='ltr'><strong>Psellum</strong></span> <span class='ocrx_word' id='word_1_143' title='bbox 703 986 860 1014; x_wconf 79' lang='lat' dir='ltr'><strong>exstitisse.</strong></span> <span class='ocrx_word' id='word_1_144' title='bbox 877 987 910 1014; x_wconf 84' lang='lat' dir='ltr'><strong>Et</strong></span> <span class='ocrx_word' id='word_1_145' title='bbox 926 994 978 1014; x_wconf 87' lang='lat' dir='ltr'><strong>nos</strong></span> 
     </span>
    </p>
   </div>
   <div class='ocr_carea' id='block_1_24' title="bbox 152 1031 978 1070">
    <p class='ocr_par' dir='ltr' id='par_1_24' title="bbox 152 1031 978 1070">
     <span class='ocr_line' id='line_1_24' title="bbox 152 1031 978 1070; baseline -0.006 -7"><span class='ocrx_word' id='word_1_146' title='bbox 152 1035 188 1063; x_wconf 89' lang='lat' dir='ltr'><strong>ad</strong></span> <span class='ocrx_word' id='word_1_147' title='bbox 205 1034 244 1070; x_wconf 84' lang='lat'><strong>[7]</strong></span> <span class='ocrx_word' id='word_1_148' title='bbox 255 1042 413 1070; x_wconf 76' lang='lat' dir='ltr'><strong>quemnam</strong></span> <span class='ocrx_word' id='word_1_149' title='bbox 422 1032 552 1061; x_wconf 85' lang='lat' dir='ltr'><strong>Psellum</strong></span> <span class='ocrx_word' id='word_1_150' title='bbox 563 1032 656 1060; x_wconf 88' lang='lat' dir='ltr'><strong>oratio</strong></span> <span class='ocrx_word' id='word_1_151' title='bbox 670 1031 769 1059; x_wconf 89' lang='lat' dir='ltr'><strong>referri</strong></span> <span class='ocrx_word' id='word_1_152' title='bbox 783 1031 978 1064; x_wconf 88' lang='lat' dir='ltr'><strong>debeat,certo</strong></span> 
     </span>
    </p>
   </div>
   <div class='ocr_carea' id='block_1_25' title="bbox 152 1077 978 1113">
    <p class='ocr_par' dir='ltr' id='par_1_25' title="bbox 152 1077 978 1113">
     <span class='ocr_line' id='line_1_25' title="bbox 152 1077 978 1113; baseline -0.005 -7"><span class='ocrx_word' id='word_1_153' title='bbox 152 1079 300 1107; x_wconf 81' lang='lat' dir='ltr'><strong>afﬁrmare</strong></span> <span class='ocrx_word' id='word_1_154' title='bbox 316 1086 373 1105; x_wconf 92' lang='lat' dir='ltr'><strong>non</strong></span> <span class='ocrx_word' id='word_1_155' title='bbox 389 1085 558 1113; x_wconf 86' lang='lat' dir='ltr'><strong>possumus.</strong></span> <span class='ocrx_word' id='word_1_156' title='bbox 574 1077 748 1111; x_wconf 83' lang='lat' dir='ltr'><strong>Conjectura</strong></span> <span class='ocrx_word' id='word_1_157' title='bbox 762 1078 870 1109; x_wconf 81' lang='lat' dir='ltr'><strong>tamen,</strong></span> <span class='ocrx_word' id='word_1_158' title='bbox 886 1083 978 1111; x_wconf 88' lang='lat' dir='ltr'><strong>eaque</strong></span> 
     </span>
    </p>
   </div>
   <div class='ocr_carea' id='block_1_26' title="bbox 152 1119 977 1155">
    <p class='ocr_par' dir='ltr' id='par_1_26' title="bbox 152 1119 977 1155">
     <span class='ocr_line' id='line_1_26' title="bbox 152 1119 977 1155; baseline -0.006 -4"><span class='ocrx_word' id='word_1_159' title='bbox 152 1123 302 1151; x_wconf 88' lang='lat' dir='ltr'><strong>levissima</strong></span> <span class='ocrx_word' id='word_1_160' title='bbox 316 1122 465 1155; x_wconf 86' lang='lat' dir='ltr'><strong>ducimur,</strong></span> <span class='ocrx_word' id='word_1_161' title='bbox 487 1121 566 1149; x_wconf 89' lang='lat' dir='ltr'><strong>hunc</strong></span> <span class='ocrx_word' id='word_1_162' title='bbox 591 1120 781 1149; x_wconf 89' lang='lat' dir='ltr'><strong>recentiorem</strong></span> <span class='ocrx_word' id='word_1_163' title='bbox 806 1128 871 1147; x_wconf 86' lang='lat' dir='ltr'><strong>esse</strong></span> <span class='ocrx_word' id='word_1_164' title='bbox 897 1119 977 1147; x_wconf 84' lang='lat' dir='ltr'><strong>illius</strong></span> 
     </span>
    </p>
   </div>
   <div class='ocr_carea' id='block_1_27' title="bbox 153 1164 973 1202">
    <p class='ocr_par' dir='ltr' id='par_1_27' title="bbox 153 1164 973 1202">
     <span class='ocr_line' id='line_1_27' title="bbox 153 1164 973 1202; baseline -0.005 -7"><span class='ocrx_word' id='word_1_165' title='bbox 153 1170 318 1200; x_wconf 86' lang='lat' dir='ltr'><strong>auctorem;</strong></span> <span class='ocrx_word' id='word_1_166' title='bbox 336 1166 410 1202; x_wconf 88' lang='lat' dir='ltr'><strong>quod</strong></span> <span class='ocrx_word' id='word_1_167' title='bbox 427 1168 456 1194; x_wconf 88' lang='lat' dir='ltr'><strong>et</strong></span> <span class='ocrx_word' id='word_1_168' title='bbox 470 1165 556 1202; x_wconf 87' lang='lat' dir='ltr'><strong>plura</strong></span> <span class='ocrx_word' id='word_1_169' title='bbox 572 1164 723 1200; x_wconf 87' lang='lat' dir='ltr'><strong>scripserit</strong></span> <span class='ocrx_word' id='word_1_170' title='bbox 739 1164 768 1191; x_wconf 93' lang='lat' dir='ltr'><strong>in</strong></span> <span class='ocrx_word' id='word_1_171' title='bbox 783 1164 863 1191; x_wconf 89' lang='lat' dir='ltr'><strong>omni</strong></span> <span class='ocrx_word' id='word_1_172' title='bbox 886 1164 973 1192; x_wconf 91' lang='lat' dir='ltr'><strong>disci-</strong></span> 
     </span>
    </p>
   </div>
   <div class='ocr_carea' id='block_1_28' title="bbox 153 1208 973 1248">
    <p class='ocr_par' dir='ltr' id='par_1_28' title="bbox 153 1208 973 1248">
     <span class='ocr_line' id='line_1_28' title="bbox 153 1208 973 1248; baseline -0.006 -8"><span class='ocrx_word' id='word_1_173' title='bbox 153 1212 234 1248; x_wconf 86' lang='lat' dir='ltr'><strong>plina</strong></span> <span class='ocrx_word' id='word_1_174' title='bbox 249 1214 277 1239; x_wconf 88' lang='lat' dir='ltr'><strong>et</strong></span> <span class='ocrx_word' id='word_1_175' title='bbox 292 1212 468 1247; x_wconf 87' lang='lat' dir='ltr'><strong>scriptorum</strong></span> <span class='ocrx_word' id='word_1_176' title='bbox 484 1210 578 1246; x_wconf 87' lang='lat' dir='ltr'><strong>gloria</strong></span> <span class='ocrx_word' id='word_1_177' title='bbox 593 1209 802 1237; x_wconf 81' lang='lat' dir='ltr'><strong>celeberrimus</strong></span> <span class='ocrx_word' id='word_1_178' title='bbox 817 1208 913 1236; x_wconf 77' lang='lat' dir='ltr'><strong>fuerit.</strong></span> <span class='ocrx_word' id='word_1_179' title='bbox 929 1213 973 1236; x_wconf 82' lang='lat' dir='ltr'><strong>An</strong></span> 
     </span>
    </p>
   </div>
   <div class='ocr_carea' id='block_1_29' title="bbox 152 1253 975 1291">
    <p class='ocr_par' dir='ltr' id='par_1_29' title="bbox 152 1253 975 1291">
     <span class='ocr_line' id='line_1_29' title="bbox 152 1253 975 1291; baseline -0.005 -7"><span class='ocrx_word' id='word_1_180' title='bbox 152 1265 219 1284; x_wconf 91' lang='lat' dir='ltr'><strong>vero</strong></span> <span class='ocrx_word' id='word_1_181' title='bbox 243 1256 342 1284; x_wconf 88' lang='lat' dir='ltr'><strong>senior</strong></span> <span class='ocrx_word' id='word_1_182' title='bbox 367 1255 416 1283; x_wconf 86' lang='lat' dir='ltr'><strong>ille</strong></span> <span class='ocrx_word' id='word_1_183' title='bbox 440 1254 551 1291; x_wconf 88' lang='lat' dir='ltr'><strong>aliquid</strong></span> <span class='ocrx_word' id='word_1_184' title='bbox 577 1254 686 1289; x_wconf 87' lang='lat' dir='ltr'><strong>scripto</strong></span> <span class='ocrx_word' id='word_1_185' title='bbox 711 1253 874 1289; x_wconf 82' lang='lat' dir='ltr'><strong>tradiderit,</strong></span> <span class='ocrx_word' id='word_1_186' title='bbox 898 1256 975 1281; x_wconf 85' lang='lat' dir='ltr'><strong>certo</strong></span> 
     </span>
    </p>
   </div>
   <div class='ocr_carea' id='block_1_30' title="bbox 153 1303 351 1329">
    <p class='ocr_par' dir='ltr' id='par_1_30' title="bbox 153 1303 351 1329">
     <span class='ocr_line' id='line_1_30' title="bbox 153 1303 351 1329; baseline 0 -1"><span class='ocrx_word' id='word_1_187' title='bbox 153 1309 209 1329; x_wconf 91' lang='lat' dir='ltr'><strong>non</strong></span> <span class='ocrx_word' id='word_1_188' title='bbox 225 1303 351 1328; x_wconf 81' lang='lat' dir='ltr'><strong>constat.</strong></span> 
     </span>
    </p>
   </div>
   <div class='ocr_carea' id='block_1_31' title="bbox 189 1343 974 1381">
    <p class='ocr_par' dir='ltr' id='par_1_31' title="bbox 189 1343 974 1381">
     <span class='ocr_line' id='line_1_31' title="bbox 189 1343 974 1381; baseline -0.004 -8"><span class='ocrx_word' id='word_1_189' title='bbox 189 1346 237 1373; x_wconf 84' lang='lat' dir='ltr'><strong>IX.</strong></span> <span class='ocrx_word' id='word_1_190' title='bbox 255 1345 313 1381; x_wconf 90' lang='lat' dir='ltr'><strong>Ego</strong></span> <span class='ocrx_word' id='word_1_191' title='bbox 328 1353 396 1372; x_wconf 87' lang='lat' dir='ltr'><strong>vero</strong></span> <span class='ocrx_word' id='word_1_192' title='bbox 413 1344 512 1372; x_wconf 90' lang='lat' dir='ltr'><strong>nullus</strong></span> <span class='ocrx_word' id='word_1_193' title='bbox 525 1343 639 1378; x_wconf 82' lang='lat' dir='ltr'><strong>,dubito,</strong></span> <span class='ocrx_word' id='word_1_194' title='bbox 657 1343 681 1370; x_wconf 89' lang='lat' dir='ltr'><strong>si</strong></span> <span class='ocrx_word' id='word_1_195' title='bbox 696 1351 797 1370; x_wconf 84' lang='lat' dir='ltr'><strong>verum</strong></span> <span class='ocrx_word' id='word_1_196' title='bbox 818 1343 901 1370; x_wconf 80' lang='lat' dir='ltr'><strong>fateri</strong></span> <span class='ocrx_word' id='word_1_197' title='bbox 925 1351 974 1370; x_wconf 89' lang='lat' dir='ltr'><strong>ve-</strong></span> 
     </span>
    </p>
   </div>
   <div class='ocr_carea' id='block_1_32' title="bbox 152 1387 975 1425">
    <p class='ocr_par' dir='ltr' id='par_1_32' title="bbox 152 1387 975 1425">
     <span class='ocr_line' id='line_1_32' title="bbox 152 1387 975 1425; baseline -0.002 -7"><span class='ocrx_word' id='word_1_198' title='bbox 152 1390 252 1425; x_wconf 89' lang='lat' dir='ltr'><strong>limus,</strong></span> <span class='ocrx_word' id='word_1_199' title='bbox 268 1389 395 1418; x_wconf 89' lang='lat' dir='ltr'><strong>Psellum</strong></span> <span class='ocrx_word' id='word_1_200' title='bbox 411 1389 494 1416; x_wconf 92' lang='lat' dir='ltr'><strong>illum</strong></span> <span class='ocrx_word' id='word_1_201' title='bbox 509 1388 563 1417; x_wconf 89' lang='lat' dir='ltr'><strong>sub</strong></span> <span class='ocrx_word' id='word_1_202' title='bbox 578 1388 682 1416; x_wconf 88' lang='lat' dir='ltr'><strong>Basilio</strong></span> <span class='ocrx_word' id='word_1_203' title='bbox 698 1387 866 1423; x_wconf 79' lang='lat' dir='ltr'><strong>Macedone,</strong></span> <span class='ocrx_word' id='word_1_204' title='bbox 883 1388 975 1416; x_wconf 87' lang='lat' dir='ltr'><strong>multa</strong></span> 
     </span>
    </p>
   </div>
   <div class='ocr_carea' id='block_1_33' title="bbox 152 1434 973 1472">
    <p class='ocr_par' dir='ltr' id='par_1_33' title="bbox 152 1434 973 1472">
     <span class='ocr_line' id='line_1_33' title="bbox 152 1434 973 1472; baseline -0.005 -9"><span class='ocrx_word' id='word_1_205' title='bbox 152 1435 354 1472; x_wconf 85' lang='lat' dir='ltr'><strong>philosophica</strong></span> <span class='ocrx_word' id='word_1_206' title='bbox 389 1434 498 1470; x_wconf 84' lang='lat' dir='ltr'><strong>scripto</strong></span> <span class='ocrx_word' id='word_1_207' title='bbox 536 1434 736 1468; x_wconf 87' lang='lat' dir='ltr'><strong>consignasse,</strong></span> <span class='ocrx_word' id='word_1_208' title='bbox 766 1441 858 1468; x_wconf 85' lang='lat' dir='ltr'><strong>eaque</strong></span> <span class='ocrx_word' id='word_1_209' title='bbox 895 1441 973 1460; x_wconf 87' lang='lat' dir='ltr'><strong>nunc</strong></span> 
     </span>
    </p>
   </div>
   <div class='ocr_carea' id='block_1_34' title="bbox 151 1476 973 1508">
    <p class='ocr_par' dir='ltr' id='par_1_34' title="bbox 151 1476 973 1508">
     <span class='ocr_line' id='line_1_34' title="bbox 151 1476 973 1508; baseline -0.005 0"><span class='ocrx_word' id='word_1_210' title='bbox 151 1481 294 1508; x_wconf 79' lang='lat' dir='ltr'><strong>afﬁnitate</strong></span> <span class='ocrx_word' id='word_1_211' title='bbox 309 1479 437 1506; x_wconf 88' lang='lat' dir='ltr'><strong>nominis</strong></span> <span class='ocrx_word' id='word_1_212' title='bbox 453 1478 626 1505; x_wconf 86' lang='lat' dir='ltr'><strong>indistincta</strong></span> <span class='ocrx_word' id='word_1_213' title='bbox 638 1477 694 1505; x_wconf 91' lang='lat' dir='ltr'><strong>sub</strong></span> <span class='ocrx_word' id='word_1_214' title='bbox 704 1477 874 1504; x_wconf 83' lang='lat' dir='ltr'><strong>recentioris</strong></span> <span class='ocrx_word' id='word_1_215' title='bbox 886 1476 973 1504; x_wconf 86' lang='lat' dir='ltr'><strong>Pselli</strong></span> 
     </span>
    </p>
   </div>
   <div class='ocr_carea' id='block_1_35' title="bbox 996 834 1019 866">
    <p class='ocr_par' dir='ltr' id='par_1_35' title="bbox 996 834 1019 866">
     <span class='ocr_line' id='line_1_35' title="bbox 996 834 1019 866; baseline 0 0"><span class='ocrx_word' id='word_1_216' title='bbox 996 834 1019 866; x_wconf 86' lang='grc' dir='ltr'><strong>Β</strong></span> 
     </span>
    </p>
   </div>
   <div class='ocr_carea' id='block_1_36' title="bbox 1036 191 1856 228">
    <p class='ocr_par' dir='ltr' id='par_1_36' title="bbox 1036 191 1856 228">
     <span class='ocr_line' id='line_1_36' title="bbox 1036 191 1856 228; baseline 0.002 -10"><span class='ocrx_word' id='word_1_217' title='bbox 1036 199 1092 218; x_wconf 91' lang='lat' dir='ltr'><strong>non</strong></span> <span class='ocrx_word' id='word_1_218' title='bbox 1109 193 1204 226; x_wconf 83' lang='lat' dir='ltr'><strong>erunt,</strong></span> <span class='ocrx_word' id='word_1_219' title='bbox 1219 191 1255 219; x_wconf 91' lang='lat' dir='ltr'><strong>ad</strong></span> <span class='ocrx_word' id='word_1_220' title='bbox 1282 191 1483 227; x_wconf 83' lang='lat' dir='ltr'><strong>antiquiorum</strong></span> <span class='ocrx_word' id='word_1_221' title='bbox 1509 199 1574 218; x_wconf 91' lang='lat' dir='ltr'><strong><em>esss</em></strong></span> <span class='ocrx_word' id='word_1_222' title='bbox 1597 191 1750 219; x_wconf 78' lang='lat' dir='ltr'><strong>referenda</strong></span> <span class='ocrx_word' id='word_1_223' title='bbox 1774 191 1856 228; x_wconf 72' lang='lat' dir='ltr'><strong>plane</strong></span> 
     </span>
    </p>
   </div>
   <div class='ocr_carea' id='block_1_37' title="bbox 1031 234 1855 271">
    <p class='ocr_par' dir='ltr' id='par_1_37' title="bbox 1031 234 1855 271">
     <span class='ocr_line' id='line_1_37' title="bbox 1031 234 1855 271; baseline 0.002 -9"><span class='ocrx_word' id='word_1_224' title='bbox 1031 234 1141 269; x_wconf 90' lang='lat' dir='ltr'><strong>judico.</strong></span> <span class='ocrx_word' id='word_1_225' title='bbox 1166 235 1315 271; x_wconf 70' lang='lat' dir='ltr'><strong>Pnacipua</strong></span> <span class='ocrx_word' id='word_1_226' title='bbox 1330 235 1381 263; x_wconf 89' lang='lat' dir='ltr'><strong>illa</strong></span> <span class='ocrx_word' id='word_1_227' title='bbox 1396 238 1494 271; x_wconf 85' lang='lat' dir='ltr'><strong>erunt,</strong></span> <span class='ocrx_word' id='word_1_228' title='bbox 1510 243 1574 271; x_wconf 64' lang='lat' dir='ltr'><strong>qua</strong></span> <span class='ocrx_word' id='word_1_229' title='bbox 1589 235 1754 264; x_wconf 86' lang='lat' dir='ltr'><strong>Aristotelis</strong></span> <span class='ocrx_word' id='word_1_230' title='bbox 1767 235 1855 264; x_wconf 80' lang='lat' dir='ltr'><strong>libros</strong></span> 
     </span>
    </p>
   </div>
   <div class='ocr_carea' id='block_1_38' title="bbox 1036 279 1856 316">
    <p class='ocr_par' dir='ltr' id='par_1_38' title="bbox 1036 279 1856 316">
     <span class='ocr_line' id='line_1_38' title="bbox 1036 279 1856 316; baseline 0.002 -10"><span class='ocrx_word' id='word_1_231' title='bbox 1036 279 1192 316; x_wconf 85' lang='lat' dir='ltr'><strong>plerosque</strong></span> <span class='ocrx_word' id='word_1_232' title='bbox 1208 288 1259 315; x_wconf 91' lang='lat' dir='ltr'><strong>per</strong></span> <span class='ocrx_word' id='word_1_233' title='bbox 1274 280 1393 308; x_wconf 91' lang='lat' dir='ltr'><strong>modum</strong></span> <span class='ocrx_word' id='word_1_234' title='bbox 1406 280 1667 316; x_wconf 88' lang='lat' dir='ltr'><strong>paraphrasis,non</strong></span> <span class='ocrx_word' id='word_1_235' title='bbox 1679 279 1856 316; x_wconf 79' lang='lat' dir='ltr'><strong>ineleganter</strong></span> 
     </span>
    </p>
   </div>
   <div class='ocr_carea' id='block_1_39' title="bbox 1035 323 1856 360">
    <p class='ocr_par' dir='ltr' id='par_1_39' title="bbox 1035 323 1856 360">
     <span class='ocr_line' id='line_1_39' title="bbox 1035 323 1856 360; baseline 0 -8"><span class='ocrx_word' id='word_1_236' title='bbox 1035 327 1194 360; x_wconf 86' lang='lat' dir='ltr'><strong>exponunt.</strong></span> <span class='ocrx_word' id='word_1_237' title='bbox 1211 324 1391 360; x_wconf 85' lang='lat' dir='ltr'><strong>Semperque</strong></span> <span class='ocrx_word' id='word_1_238' title='bbox 1406 325 1441 352; x_wconf 91' lang='lat' dir='ltr'><strong>de</strong></span> <span class='ocrx_word' id='word_1_239' title='bbox 1457 324 1578 360; x_wconf 90' lang='lat' dir='ltr'><strong>Dialogo</strong></span> <span class='ocrx_word' id='word_1_240' title='bbox 1592 323 1654 358; x_wconf 91' lang='lat' dir='ltr'><strong>illo,</strong></span> <span class='ocrx_word' id='word_1_241' title='bbox 1671 325 1700 352; x_wconf 91' lang='lat' dir='ltr'><strong>in</strong></span> <span class='ocrx_word' id='word_1_242' title='bbox 1716 333 1775 360; x_wconf 91' lang='lat' dir='ltr'><strong>quo</strong></span> <span class='ocrx_word' id='word_1_243' title='bbox 1790 333 1856 360; x_wconf 87' lang='lat' dir='ltr'><strong>ops-</strong></span> 
     </span>
    </p>
   </div>
   <div class='ocr_carea' id='block_1_40' title="bbox 1036 369 1857 405">
    <p class='ocr_par' dir='ltr' id='par_1_40' title="bbox 1036 369 1857 405">
     <span class='ocr_line' id='line_1_40' title="bbox 1036 369 1857 405; baseline 0 -9"><span class='ocrx_word' id='word_1_244' title='bbox 1036 369 1165 397; x_wconf 84' lang='lat' dir='ltr'><strong>rationes</strong></span> <span class='ocrx_word' id='word_1_245' title='bbox 1180 369 1346 397; x_wconf 75' lang='lat' dir='ltr'><strong>daamonum</strong></span> <span class='ocrx_word' id='word_1_246' title='bbox 1362 371 1545 403; x_wconf 86' lang='lat' dir='ltr'><strong>asseruntur,</strong></span> <span class='ocrx_word' id='word_1_247' title='bbox 1555 370 1649 405; x_wconf 89' lang='lat' dir='ltr'><strong>deque</strong></span> <span class='ocrx_word' id='word_1_248' title='bbox 1663 369 1728 404; x_wconf 83' lang='lat' dir='ltr'><strong>ejus</strong></span> <span class='ocrx_word' id='word_1_249' title='bbox 1743 371 1857 397; x_wconf 62' lang='lat' dir='ltr'><strong>auclore</strong></span> 
     </span>
    </p>
   </div>
   <div class='ocr_carea' id='block_1_41' title="bbox 1036 413 1857 450">
    <p class='ocr_par' dir='ltr' id='par_1_41' title="bbox 1036 413 1857 450">
     <span class='ocr_line' id='line_1_41' title="bbox 1036 413 1857 450; baseline 0 -9"><span class='ocrx_word' id='word_1_250' title='bbox 1036 413 1235 441; x_wconf 84' lang='lat' dir='ltr'><strong>subdubitavi.</strong></span> <span class='ocrx_word' id='word_1_251' title='bbox 1251 413 1349 450; x_wconf 82' lang='lat' dir='ltr'><strong>Stylus</strong></span> <span class='ocrx_word' id='word_1_252' title='bbox 1365 414 1469 441; x_wconf 87' lang='lat' dir='ltr'><strong>ﬂorido</strong></span> <span class='ocrx_word' id='word_1_253' title='bbox 1482 414 1614 447; x_wconf 83' lang='lat' dir='ltr'><strong>solidior,</strong></span> <span class='ocrx_word' id='word_1_254' title='bbox 1631 421 1676 441; x_wconf 87' lang='lat' dir='ltr'><strong>res</strong></span> <span class='ocrx_word' id='word_1_255' title='bbox 1692 416 1773 441; x_wconf 80' lang='lat' dir='ltr'><strong>extra</strong></span> <span class='ocrx_word' id='word_1_256' title='bbox 1789 414 1857 441; x_wconf 84' lang='lat' dir='ltr'><strong>Peri-</strong></span> 
     </span>
    </p>
   </div>
   <div class='ocr_carea' id='block_1_42' title="bbox 1036 458 1856 494">
    <p class='ocr_par' dir='ltr' id='par_1_42' title="bbox 1036 458 1856 494">
     <span class='ocr_line' id='line_1_42' title="bbox 1036 458 1856 494; baseline 0 -8"><span class='ocrx_word' id='word_1_257' title='bbox 1036 458 1228 494; x_wconf 83' lang='lat' dir='ltr'><strong>pateticorum</strong></span> <span class='ocrx_word' id='word_1_258' title='bbox 1245 458 1372 493; x_wconf 83' lang='lat' dir='ltr'><strong>scholas,</strong></span> <span class='ocrx_word' id='word_1_259' title='bbox 1401 467 1468 486; x_wconf 92' lang='lat' dir='ltr'><strong>cum</strong></span> <span class='ocrx_word' id='word_1_260' title='bbox 1494 458 1625 486; x_wconf 85' lang='lat' dir='ltr'><strong>Platonis</strong></span> <span class='ocrx_word' id='word_1_261' title='bbox 1651 460 1680 486; x_wconf 89' lang='lat' dir='ltr'><strong>et</strong></span> <span class='ocrx_word' id='word_1_262' title='bbox 1702 458 1856 486; x_wconf 69' lang='lat' dir='ltr'><strong>Zoroastre:</strong></span> 
     </span>
    </p>
   </div>
   <div class='ocr_carea' id='block_1_43' title="bbox 1036 502 1855 539">
    <p class='ocr_par' dir='ltr' id='par_1_43' title="bbox 1036 502 1855 539">
     <span class='ocr_line' id='line_1_43' title="bbox 1036 502 1855 539; baseline 0 -9"><span class='ocrx_word' id='word_1_263' title='bbox 1036 503 1190 531; x_wconf 88' lang='lat' dir='ltr'><strong>sententiis</strong></span> <span class='ocrx_word' id='word_1_264' title='bbox 1205 503 1312 537; x_wconf 80' lang='lat' dir='ltr'><strong>afﬁnis,</strong></span> <span class='ocrx_word' id='word_1_265' title='bbox 1328 505 1357 530; x_wconf 83' lang='lat' dir='ltr'><strong>et</strong></span> <span class='ocrx_word' id='word_1_266' title='bbox 1373 504 1488 539; x_wconf 86' lang='lat' dir='ltr'><strong>magica</strong></span> <span class='ocrx_word' id='word_1_267' title='bbox 1508 502 1559 530; x_wconf 85' lang='lat' dir='ltr'><strong>illa</strong></span> <span class='ocrx_word' id='word_1_268' title='bbox 1584 504 1762 538; x_wconf 76' lang='lat' dir='ltr'><strong>nugamenta</strong></span> <span class='ocrx_word' id='word_1_269' title='bbox 1785 503 1855 530; x_wconf 84' lang='lat' dir='ltr'><strong>alte-</strong></span> 
     </span>
    </p>
   </div>
   <div class='ocr_carea' id='block_1_44' title="bbox 1035 547 1854 576">
    <p class='ocr_par' dir='ltr' id='par_1_44' title="bbox 1035 547 1854 576">
     <span class='ocr_line' id='line_1_44' title="bbox 1035 547 1854 576; baseline -0.001 -1"><span class='ocrx_word' id='word_1_270' title='bbox 1035 555 1100 575; x_wconf 92' lang='lat' dir='ltr'><strong>rum</strong></span> <span class='ocrx_word' id='word_1_271' title='bbox 1115 556 1131 575; x_wconf 90' lang='lat' dir='ltr'><strong>a</strong></span> <span class='ocrx_word' id='word_1_272' title='bbox 1148 547 1240 575; x_wconf 86' lang='lat' dir='ltr'><strong>Psello</strong></span> <span class='ocrx_word' id='word_1_273' title='bbox 1256 547 1415 576; x_wconf 83' lang='lat' dir='ltr'><strong>recentiore</strong></span> <span class='ocrx_word' id='word_1_274' title='bbox 1431 547 1558 575; x_wconf 87' lang='lat' dir='ltr'><strong>Psellum</strong></span> <span class='ocrx_word' id='word_1_275' title='bbox 1586 547 1728 575; x_wconf 86' lang='lat' dir='ltr'><strong>indicant.</strong></span> <span class='ocrx_word' id='word_1_276' title='bbox 1754 547 1804 575; x_wconf 87' lang='lat' dir='ltr'><strong>Hic</strong></span> <span class='ocrx_word' id='word_1_277' title='bbox 1827 547 1854 575; x_wconf 91' lang='lat' dir='ltr'><strong>in</strong></span> 
     </span>
    </p>
   </div>
   <div class='ocr_carea' id='block_1_45' title="bbox 1035 591 1855 628">
    <p class='ocr_par' dir='ltr' id='par_1_45' title="bbox 1035 591 1855 628">
     <span class='ocr_line' id='line_1_45' title="bbox 1035 591 1855 628; baseline -0.001 -8"><span class='ocrx_word' id='word_1_278' title='bbox 1035 592 1154 628; x_wconf 86' lang='lat' dir='ltr'><strong>Dialogo</strong></span> <span class='ocrx_word' id='word_1_279' title='bbox 1181 592 1296 620; x_wconf 87' lang='lat' dir='ltr'><strong>Marcus</strong></span> <span class='ocrx_word' id='word_1_280' title='bbox 1321 593 1350 620; x_wconf 91' lang='lat' dir='ltr'><strong>in</strong></span> <span class='ocrx_word' id='word_1_281' title='bbox 1377 592 1522 620; x_wconf 86' lang='lat' dir='ltr'><strong>Chersone</strong></span> <span class='ocrx_word' id='word_1_282' title='bbox 1549 591 1647 620; x_wconf 85' lang='lat' dir='ltr'><strong>insula</strong></span> <span class='ocrx_word' id='word_1_283' title='bbox 1673 599 1855 620; x_wconf 88' lang='lat' dir='ltr'><strong>commorans</strong></span> 
     </span>
    </p>
   </div>
   <div class='ocr_carea' id='block_1_46' title="bbox 1036 635 1855 673">
    <p class='ocr_par' dir='ltr' id='par_1_46' title="bbox 1036 635 1855 673">
     <span class='ocr_line' id='line_1_46' title="bbox 1036 635 1855 673; baseline 0 -9"><span class='ocrx_word' id='word_1_284' title='bbox 1036 637 1190 672; x_wconf 89' lang='lat' dir='ltr'><strong>peregrino</strong></span> <span class='ocrx_word' id='word_1_285' title='bbox 1207 637 1309 673; x_wconf 71' lang='lat' dir='ltr'><strong>magica</strong></span> <span class='ocrx_word' id='word_1_286' title='bbox 1325 645 1433 665; x_wconf 88' lang='lat' dir='ltr'><strong>arcana</strong></span> <span class='ocrx_word' id='word_1_287' title='bbox 1446 636 1580 672; x_wconf 84' lang='lat' dir='ltr'><strong>exponit;</strong></span> <span class='ocrx_word' id='word_1_288' title='bbox 1593 636 1649 664; x_wconf 88' lang='lat' dir='ltr'><strong>Leo</strong></span> <span class='ocrx_word' id='word_1_289' title='bbox 1666 635 1855 671; x_wconf 85' lang='lat' dir='ltr'><strong>Philosophus</strong></span> 
     </span>
    </p>
   </div>
   <div class='ocr_carea' id='block_1_47' title="bbox 1037 680 1856 717">
    <p class='ocr_par' dir='ltr' id='par_1_47' title="bbox 1037 680 1856 717">
     <span class='ocr_line' id='line_1_47' title="bbox 1037 680 1856 717; baseline -0.001 -9"><span class='ocrx_word' id='word_1_290' title='bbox 1037 681 1241 717; x_wconf 86' lang='lat' dir='ltr'><strong>philosophica</strong></span> <span class='ocrx_word' id='word_1_291' title='bbox 1256 689 1288 709; x_wconf 85' lang='lat' dir='ltr'><strong>ac</strong></span> <span class='ocrx_word' id='word_1_292' title='bbox 1305 681 1434 716; x_wconf 87' lang='lat' dir='ltr'><strong>reliquas</strong></span> <span class='ocrx_word' id='word_1_293' title='bbox 1450 681 1588 709; x_wconf 86' lang='lat' dir='ltr'><strong>scientias</strong></span> <span class='ocrx_word' id='word_1_294' title='bbox 1603 680 1632 708; x_wconf 90' lang='lat' dir='ltr'><strong>in</strong></span> <span class='ocrx_word' id='word_1_295' title='bbox 1650 681 1739 708; x_wconf 85' lang='lat' dir='ltr'><strong>Antro</strong></span> <span class='ocrx_word' id='word_1_296' title='bbox 1764 680 1856 708; x_wconf 83' lang='lat' dir='ltr'><strong>insula</strong></span> 
     </span>
    </p>
   </div>
   <div class='ocr_carea' id='block_1_48' title="bbox 1035 724 1854 753">
    <p class='ocr_par' dir='ltr' id='par_1_48' title="bbox 1035 724 1854 753">
     <span class='ocr_line' id='line_1_48' title="bbox 1035 724 1854 753; baseline 0 0"><span class='ocrx_word' id='word_1_297' title='bbox 1035 734 1052 753; x_wconf 84' lang='lat' dir='ltr'><strong>a</strong></span> <span class='ocrx_word' id='word_1_298' title='bbox 1069 725 1206 753; x_wconf 88' lang='lat' dir='ltr'><strong>Michaele</strong></span> <span class='ocrx_word' id='word_1_299' title='bbox 1231 725 1323 753; x_wconf 89' lang='lat' dir='ltr'><strong>Psello</strong></span> <span class='ocrx_word' id='word_1_300' title='bbox 1347 726 1495 753; x_wconf 89' lang='lat' dir='ltr'><strong>edocetur.</strong></span> <span class='ocrx_word' id='word_1_301' title='bbox 1521 725 1613 752; x_wconf 80' lang='lat' dir='ltr'><strong>Video</strong></span> <span class='ocrx_word' id='word_1_302' title='bbox 1638 725 1743 752; x_wconf 90' lang='lat' dir='ltr'><strong>Leonis</strong></span> <span class='ocrx_word' id='word_1_303' title='bbox 1767 724 1854 753; x_wconf 90' lang='lat' dir='ltr'><strong>histo-</strong></span> 
     </span>
    </p>
   </div>
   <div class='ocr_carea' id='block_1_49' title="bbox 1036 769 1856 806">
    <p class='ocr_par' dir='ltr' id='par_1_49' title="bbox 1036 769 1856 806">
     <span class='ocr_line' id='line_1_49' title="bbox 1036 769 1856 806; baseline 0 -9"><span class='ocrx_word' id='word_1_304' title='bbox 1036 771 1108 797; x_wconf 88' lang='lat' dir='ltr'><strong>riam</strong></span> <span class='ocrx_word' id='word_1_305' title='bbox 1125 770 1180 797; x_wconf 88' lang='lat' dir='ltr'><strong>sub</strong></span> <span class='ocrx_word' id='word_1_306' title='bbox 1195 770 1299 798; x_wconf 85' lang='lat' dir='ltr'><strong>alienis</strong></span> <span class='ocrx_word' id='word_1_307' title='bbox 1314 770 1483 797; x_wconf 89' lang='lat' dir='ltr'><strong>nominibus</strong></span> <span class='ocrx_word' id='word_1_308' title='bbox 1499 769 1584 805; x_wconf 89' lang='lat' dir='ltr'><strong>quasi</strong></span> <span class='ocrx_word' id='word_1_309' title='bbox 1605 771 1795 805; x_wconf 88' lang='lat' dir='ltr'><strong>personatum</strong></span> <span class='ocrx_word' id='word_1_310' title='bbox 1819 769 1856 806; x_wconf 88' lang='grc'><strong>[8]</strong></span> 
     </span>
    </p>
   </div>
   <div class='ocr_carea' id='block_1_50' title="bbox 1036 814 1854 850">
    <p class='ocr_par' dir='ltr' id='par_1_50' title="bbox 1036 814 1854 850">
     <span class='ocr_line' id='line_1_50' title="bbox 1036 814 1854 850; baseline -0.001 -8"><span class='ocrx_word' id='word_1_311' title='bbox 1036 814 1066 842; x_wconf 92' lang='lat' dir='ltr'><strong>in</strong></span> <span class='ocrx_word' id='word_1_312' title='bbox 1094 814 1242 842; x_wconf 89' lang='lat' dir='ltr'><strong>theatrum</strong></span> <span class='ocrx_word' id='word_1_313' title='bbox 1272 814 1367 842; x_wconf 88' lang='lat' dir='ltr'><strong>educi.</strong></span> <span class='ocrx_word' id='word_1_314' title='bbox 1395 814 1470 842; x_wconf 89' lang='lat' dir='ltr'><strong>Illud</strong></span> <span class='ocrx_word' id='word_1_315' title='bbox 1500 814 1708 850; x_wconf 76' lang='lat' dir='ltr'><strong>etiam,lquod</strong></span> <span class='ocrx_word' id='word_1_316' title='bbox 1733 821 1764 841; x_wconf 89' lang='lat' dir='ltr'><strong>se</strong></span> <span class='ocrx_word' id='word_1_317' title='bbox 1788 814 1854 841; x_wconf 83' lang='lat' dir='ltr'><strong>dicit</strong></span> 
     </span>
    </p>
   </div>
   <div class='ocr_carea' id='block_1_51' title="bbox 1034 857 1853 893">
    <p class='ocr_par' dir='ltr' id='par_1_51' title="bbox 1034 857 1853 893">
     <span class='ocr_line' id='line_1_51' title="bbox 1034 857 1853 893; baseline 0 -7"><span class='ocrx_word' id='word_1_318' title='bbox 1034 859 1207 886; x_wconf 85' lang='lat' dir='ltr'><strong>Timotheus</strong></span> <span class='ocrx_word' id='word_1_319' title='bbox 1222 868 1239 886; x_wconf 92' lang='lat' dir='ltr'><strong>a</strong></span> <span class='ocrx_word' id='word_1_320' title='bbox 1254 861 1374 893; x_wconf 88' lang='lat' dir='ltr'><strong>paterno</strong></span> <span class='ocrx_word' id='word_1_321' title='bbox 1389 867 1442 886; x_wconf 90' lang='lat' dir='ltr'><strong>avo</strong></span> <span class='ocrx_word' id='word_1_322' title='bbox 1459 859 1576 886; x_wconf 82' lang='lat' dir='ltr'><strong>audisse</strong></span> <span class='ocrx_word' id='word_1_323' title='bbox 1591 859 1627 886; x_wconf 90' lang='lat' dir='ltr'><strong>de</strong></span> <span class='ocrx_word' id='word_1_324' title='bbox 1651 857 1853 886; x_wconf 86' lang='lat' dir='ltr'><strong>Euchaitarum</strong></span> 
     </span>
    </p>
   </div>
   <div class='ocr_carea' id='block_1_52' title="bbox 1035 902 1853 939">
    <p class='ocr_par' dir='ltr' id='par_1_52' title="bbox 1035 902 1853 939">
     <span class='ocr_line' id='line_1_52' title="bbox 1035 902 1853 939; baseline -0.002 -8"><span class='ocrx_word' id='word_1_325' title='bbox 1035 903 1171 939; x_wconf 81' lang='lat' dir='ltr'><strong>pessimis</strong></span> <span class='ocrx_word' id='word_1_326' title='bbox 1199 904 1342 938; x_wconf 87' lang='lat' dir='ltr'><strong>moribus,</strong></span> <span class='ocrx_word' id='word_1_327' title='bbox 1369 911 1466 931; x_wconf 89' lang='lat' dir='ltr'><strong>annon</strong></span> <span class='ocrx_word' id='word_1_328' title='bbox 1494 902 1589 939; x_wconf 89' lang='lat' dir='ltr'><strong>magis</strong></span> <span class='ocrx_word' id='word_1_329' title='bbox 1619 902 1744 930; x_wconf 85' lang='lat' dir='ltr'><strong>senioris</strong></span> <span class='ocrx_word' id='word_1_330' title='bbox 1772 902 1853 930; x_wconf 86' lang='lat' dir='ltr'><strong>Pselli</strong></span> 
     </span>
    </p>
   </div>
   <div class='ocr_carea' id='block_1_53' title="bbox 1035 947 1853 982">
    <p class='ocr_par' dir='ltr' id='par_1_53' title="bbox 1035 947 1853 982">
     <span class='ocr_line' id='line_1_53' title="bbox 1035 947 1853 982; baseline -0.001 -7"><span class='ocrx_word' id='word_1_331' title='bbox 1035 949 1122 982; x_wconf 65' lang='lat' dir='ltr'><strong>aetati,</strong></span> <span class='ocrx_word' id='word_1_332' title='bbox 1146 950 1216 975; x_wconf 92' lang='lat' dir='ltr'><strong>tunc</strong></span> <span class='ocrx_word' id='word_1_333' title='bbox 1245 956 1311 975; x_wconf 91' lang='lat' dir='ltr'><strong>cum</strong></span> <span class='ocrx_word' id='word_1_334' title='bbox 1339 947 1583 975; x_wconf 83' lang='lat' dir='ltr'><strong>Massalianorum</strong></span> <span class='ocrx_word' id='word_1_335' title='bbox 1610 947 1743 979; x_wconf 59' lang='lat' dir='ltr'><strong>haeresis,</strong></span> <span class='ocrx_word' id='word_1_336' title='bbox 1766 949 1797 974; x_wconf 91' lang='lat' dir='ltr'><strong>ut</strong></span> <span class='ocrx_word' id='word_1_337' title='bbox 1820 947 1853 975; x_wconf 85' lang='lat' dir='ltr'><strong>de</strong></span> 
     </span>
    </p>
   </div>
   <div class='ocr_carea' id='block_1_54' title="bbox 1034 990 1852 1026">
    <p class='ocr_par' dir='ltr' id='par_1_54' title="bbox 1034 990 1852 1026">
     <span class='ocr_line' id='line_1_54' title="bbox 1034 990 1852 1026; baseline -0.001 -7"><span class='ocrx_word' id='word_1_338' title='bbox 1034 992 1193 1020; x_wconf 69' lang='lat' dir='ltr'><strong>haeresibus</strong></span> <span class='ocrx_word' id='word_1_339' title='bbox 1209 994 1320 1026; x_wconf 88' lang='lat' dir='ltr'><strong>narrat,</strong></span> <span class='ocrx_word' id='word_1_340' title='bbox 1336 991 1463 1019; x_wconf 83' lang='lat' dir='ltr'><strong>Joannes</strong></span> <span class='ocrx_word' id='word_1_341' title='bbox 1479 991 1690 1024; x_wconf 83' lang='lat' dir='ltr'><strong>Damascenus,</strong></span> <span class='ocrx_word' id='word_1_342' title='bbox 1715 990 1852 1019; x_wconf 80' lang='lat' dir='ltr'><strong>crudelis-</strong></span> 
     </span>
    </p>
   </div>
   <div class='ocr_carea' id='block_1_55' title="bbox 1033 1036 1850 1071">
    <p class='ocr_par' dir='ltr' id='par_1_55' title="bbox 1033 1036 1850 1071">
     <span class='ocr_line' id='line_1_55' title="bbox 1033 1036 1850 1071; baseline -0.001 -7"><span class='ocrx_word' id='word_1_343' title='bbox 1033 1036 1108 1064; x_wconf 89' lang='lat' dir='ltr'><strong>sime</strong></span> <span class='ocrx_word' id='word_1_344' title='bbox 1122 1037 1152 1064; x_wconf 91' lang='lat' dir='ltr'><strong>in</strong></span> <span class='ocrx_word' id='word_1_345' title='bbox 1168 1036 1326 1064; x_wconf 85' lang='lat' dir='ltr'><strong>Ecclesiam</strong></span> <span class='ocrx_word' id='word_1_346' title='bbox 1342 1036 1393 1063; x_wconf 91' lang='lat' dir='ltr'><strong>Dei</strong></span> <span class='ocrx_word' id='word_1_347' title='bbox 1409 1036 1610 1071; x_wconf 80' lang='lat' dir='ltr'><strong>grassabatur,</strong></span> <span class='ocrx_word' id='word_1_348' title='bbox 1637 1043 1702 1071; x_wconf 75' lang='lat' dir='ltr'><strong>quas</strong></span> <span class='ocrx_word' id='word_1_349' title='bbox 1726 1037 1850 1071; x_wconf 77' lang='lat' dir='ltr'><strong>tempore</strong></span> 
     </span>
    </p>
   </div>
   <div class='ocr_carea' id='block_1_56' title="bbox 1029 1080 1849 1117">
    <p class='ocr_par' dir='ltr' id='par_1_56' title="bbox 1029 1080 1849 1117">
     <span class='ocr_line' id='line_1_56' title="bbox 1029 1080 1849 1117; baseline -0.001 -9"><span class='ocrx_word' id='word_1_350' title='bbox 1029 1081 1157 1116; x_wconf 88' lang='lat' dir='ltr'><strong>junioris</strong></span> <span class='ocrx_word' id='word_1_351' title='bbox 1174 1089 1261 1117; x_wconf 86' lang='lat' dir='ltr'><strong>prope</strong></span> <span class='ocrx_word' id='word_1_352' title='bbox 1277 1081 1421 1108; x_wconf 84' lang='lat' dir='ltr'><strong>exstincta</strong></span> <span class='ocrx_word' id='word_1_353' title='bbox 1435 1080 1605 1116; x_wconf 85' lang='lat' dir='ltr'><strong>languebat,</strong></span> <span class='ocrx_word' id='word_1_354' title='bbox 1620 1080 1738 1107; x_wconf 87' lang='lat' dir='ltr'><strong>videtur</strong></span> <span class='ocrx_word' id='word_1_355' title='bbox 1752 1088 1849 1107; x_wconf 85' lang='lat' dir='ltr'><strong>conve-</strong></span> 
     </span>
    </p>
   </div>
   <div class='ocr_carea' id='block_1_57' title="bbox 1033 1124 1856 1160">
    <p class='ocr_par' dir='ltr' id='par_1_57' title="bbox 1033 1124 1856 1160">
     <span class='ocr_line' id='line_1_57' title="bbox 1033 1124 1856 1160; baseline 0 -8"><span class='ocrx_word' id='word_1_356' title='bbox 1033 1126 1116 1153; x_wconf 84' lang='lat' dir='ltr'><strong>nire?</strong></span> <span class='ocrx_word' id='word_1_357' title='bbox 1133 1125 1213 1152; x_wconf 81' lang='lat' dir='ltr'><strong>Adde</strong></span> <span class='ocrx_word' id='word_1_358' title='bbox 1229 1125 1346 1160; x_wconf 72' lang='lat' dir='ltr'><strong>Dialogo</strong></span> <span class='ocrx_word' id='word_1_359' title='bbox 1363 1127 1521 1152; x_wconf 85' lang='lat' dir='ltr'><strong>tractatum</strong></span> <span class='ocrx_word' id='word_1_360' title='bbox 1538 1125 1576 1160; x_wconf 87' lang='lat' dir='ltr'><strong>(g)</strong></span> <span class='ocrx_word' id='word_1_361' title='bbox 1602 1125 1637 1152; x_wconf 80' lang='lat' dir='ltr'><strong>de</strong></span> <span class='ocrx_word' id='word_1_362' title='bbox 1663 1124 1856 1159; x_wconf 51' lang='lat' dir='ltr'><strong>Damonibur,</strong></span> 
     </span>
    </p>
   </div>
   <div class='ocr_carea' id='block_1_58' title="bbox 1032 1169 1848 1204">
    <p class='ocr_par' dir='ltr' id='par_1_58' title="bbox 1032 1169 1848 1204">
     <span class='ocr_line' id='line_1_58' title="bbox 1032 1169 1848 1204; baseline -0.001 -7"><span class='ocrx_word' id='word_1_363' title='bbox 1032 1171 1162 1197; x_wconf 88' lang='lat' dir='ltr'><strong>nondum</strong></span> <span class='ocrx_word' id='word_1_364' title='bbox 1178 1170 1289 1197; x_wconf 90' lang='lat' dir='ltr'><strong>editum</strong></span> <span class='ocrx_word' id='word_1_365' title='bbox 1306 1171 1412 1204; x_wconf 77' lang='lat' dir='ltr'><strong>Grzece,</strong></span> <span class='ocrx_word' id='word_1_366' title='bbox 1426 1169 1504 1204; x_wconf 90' lang='lat' dir='ltr'><strong>quod</strong></span> <span class='ocrx_word' id='word_1_367' title='bbox 1520 1169 1623 1202; x_wconf 87' lang='lat' dir='ltr'><strong>sciam,</strong></span> <span class='ocrx_word' id='word_1_368' title='bbox 1641 1177 1675 1196; x_wconf 81' lang='lat' dir='ltr'><strong>ex</strong></span> <span class='ocrx_word' id='word_1_369' title='bbox 1690 1169 1848 1196; x_wconf 66' lang='lat' dir='ltr'><strong>Graecorum</strong></span> 
     </span>
    </p>
   </div>
   <div class='ocr_carea' id='block_1_59' title="bbox 1031 1213 1847 1249">
    <p class='ocr_par' dir='ltr' id='par_1_59' title="bbox 1031 1213 1847 1249">
     <span class='ocr_line' id='line_1_59' title="bbox 1031 1213 1847 1249; baseline -0.002 -7"><span class='ocrx_word' id='word_1_370' title='bbox 1031 1216 1188 1246; x_wconf 83' lang='lat' dir='ltr'><strong>sententia,</strong></span> <span class='ocrx_word' id='word_1_371' title='bbox 1205 1214 1353 1241; x_wconf 85' lang='lat' dir='ltr'><strong>uterinum</strong></span> <span class='ocrx_word' id='word_1_372' title='bbox 1367 1214 1475 1242; x_wconf 88' lang='lat' dir='ltr'><strong>dixeris</strong></span> <span class='ocrx_word' id='word_1_373' title='bbox 1492 1222 1525 1241; x_wconf 86' lang='lat' dir='ltr'><strong>ac</strong></span> <span class='ocrx_word' id='word_1_374' title='bbox 1549 1221 1724 1249; x_wconf 86' lang='lat' dir='ltr'><strong>germanum</strong></span> <span class='ocrx_word' id='word_1_375' title='bbox 1750 1213 1847 1246; x_wconf 81' lang='lat' dir='ltr'><strong>fetum,</strong></span> 
     </span>
    </p>
   </div>
   <div class='ocr_carea' id='block_1_60' title="bbox 1030 1258 1849 1294">
    <p class='ocr_par' dir='ltr' id='par_1_60' title="bbox 1030 1258 1849 1294">
     <span class='ocr_line' id='line_1_60' title="bbox 1030 1258 1849 1294; baseline -0.002 -8"><span class='ocrx_word' id='word_1_376' title='bbox 1030 1261 1059 1286; x_wconf 90' lang='lat' dir='ltr'><strong>et</strong></span> <span class='ocrx_word' id='word_1_377' title='bbox 1083 1259 1208 1286; x_wconf 86' lang='lat' dir='ltr'><strong>Leonem</strong></span> <span class='ocrx_word' id='word_1_378' title='bbox 1234 1258 1445 1294; x_wconf 85' lang='lat' dir='ltr'><strong>Philosophum</strong></span> <span class='ocrx_word' id='word_1_379' title='bbox 1472 1266 1505 1285; x_wconf 89' lang='lat' dir='ltr'><strong>ac</strong></span> <span class='ocrx_word' id='word_1_380' title='bbox 1526 1258 1672 1285; x_wconf 84' lang='lat' dir='ltr'><strong>Joannem</strong></span> <span class='ocrx_word' id='word_1_381' title='bbox 1698 1258 1761 1293; x_wconf 85' lang='lat' dir='ltr'><strong>ejus</strong></span> <span class='ocrx_word' id='word_1_382' title='bbox 1786 1265 1849 1285; x_wconf 90' lang='lat' dir='ltr'><strong>con-</strong></span> 
     </span>
    </p>
   </div>
   <div class='ocr_carea' id='block_1_61' title="bbox 1030 1301 1845 1338">
    <p class='ocr_par' dir='ltr' id='par_1_61' title="bbox 1030 1301 1845 1338">
     <span class='ocr_line' id='line_1_61' title="bbox 1030 1301 1845 1338; baseline -0.001 -8"><span class='ocrx_word' id='word_1_383' title='bbox 1030 1303 1226 1338; x_wconf 86' lang='lat' dir='ltr'><strong>sanguineum</strong></span> <span class='ocrx_word' id='word_1_384' title='bbox 1266 1303 1369 1338; x_wconf 76' lang='lat' dir='ltr'><strong>magiae</strong></span> <span class='ocrx_word' id='word_1_385' title='bbox 1407 1301 1596 1330; x_wconf 80' lang='lat' dir='ltr'><strong>insimulatus</strong></span> <span class='ocrx_word' id='word_1_386' title='bbox 1631 1304 1662 1329; x_wconf 87' lang='lat' dir='ltr'><strong>et</strong></span> <span class='ocrx_word' id='word_1_387' title='bbox 1699 1304 1845 1329; x_wconf 83' lang='lat' dir='ltr'><strong>accusatos</strong></span> 
     </span>
    </p>
   </div>
   <div class='ocr_carea' id='block_1_62' title="bbox 1028 1345 1846 1382">
    <p class='ocr_par' dir='ltr' id='par_1_62' title="bbox 1028 1345 1846 1382">
     <span class='ocr_line' id='line_1_62' title="bbox 1028 1345 1846 1382; baseline -0.001 -7"><span class='ocrx_word' id='word_1_388' title='bbox 1028 1348 1151 1375; x_wconf 87' lang='lat' dir='ltr'><strong>tradunt</strong></span> <span class='ocrx_word' id='word_1_389' title='bbox 1166 1347 1309 1382; x_wconf 88' lang='lat' dir='ltr'><strong>historici,</strong></span> <span class='ocrx_word' id='word_1_390' title='bbox 1326 1355 1413 1382; x_wconf 86' lang='lat' dir='ltr'><strong>quam</strong></span> <span class='ocrx_word' id='word_1_391' title='bbox 1430 1346 1587 1374; x_wconf 89' lang='lat' dir='ltr'><strong>verisimile</strong></span> <span class='ocrx_word' id='word_1_392' title='bbox 1601 1349 1647 1374; x_wconf 87' lang='lat' dir='ltr'><strong>est</strong></span> <span class='ocrx_word' id='word_1_393' title='bbox 1661 1354 1718 1374; x_wconf 91' lang='lat' dir='ltr'><strong>non</strong></span> <span class='ocrx_word' id='word_1_394' title='bbox 1733 1346 1768 1374; x_wconf 86' lang='lat' dir='ltr'><strong>ab</strong></span> <span class='ocrx_word' id='word_1_395' title='bbox 1794 1345 1846 1374; x_wconf 87' lang='lat' dir='ltr'><strong>alio</strong></span> 
     </span>
    </p>
   </div>
   <div class='ocr_carea' id='block_1_63' title="bbox 1029 1390 1644 1428">
    <p class='ocr_par' dir='ltr' id='par_1_63' title="bbox 1029 1390 1644 1428">
     <span class='ocr_line' id='line_1_63' title="bbox 1029 1390 1644 1428; baseline -0.002 -9"><span class='ocrx_word' id='word_1_396' title='bbox 1029 1400 1117 1428; x_wconf 85' lang='lat' dir='ltr'><strong>quam</strong></span> <span class='ocrx_word' id='word_1_397' title='bbox 1134 1401 1150 1419; x_wconf 86' lang='lat' dir='ltr'><strong>a</strong></span> <span class='ocrx_word' id='word_1_398' title='bbox 1163 1391 1303 1419; x_wconf 86' lang='lat' dir='ltr'><strong>Michaele</strong></span> <span class='ocrx_word' id='word_1_399' title='bbox 1317 1391 1368 1419; x_wconf 90' lang='lat' dir='ltr'><strong>illo</strong></span> <span class='ocrx_word' id='word_1_400' title='bbox 1383 1390 1476 1419; x_wconf 87' lang='lat' dir='ltr'><strong>Psello</strong></span> <span class='ocrx_word' id='word_1_401' title='bbox 1493 1391 1644 1419; x_wconf 86' lang='lat' dir='ltr'><strong>didicisse.</strong></span> 
     </span>
    </p>
   </div>
   <div class='ocr_carea' id='block_1_64' title="bbox 1063 1435 1841 1471">
    <p class='ocr_par' dir='ltr' id='par_1_64' title="bbox 1063 1435 1841 1471">
     <span class='ocr_line' id='line_1_64' title="bbox 1063 1435 1841 1471; baseline -0.003 -7"><span class='ocrx_word' id='word_1_402' title='bbox 1063 1438 1098 1464; x_wconf 83' lang='lat' dir='ltr'><strong>X.</strong></span> <span class='ocrx_word' id='word_1_403' title='bbox 1126 1436 1255 1464; x_wconf 90' lang='lat' dir='ltr'><strong>Libellus</strong></span> <span class='ocrx_word' id='word_1_404' title='bbox 1279 1436 1368 1464; x_wconf 87' lang='lat' dir='ltr'><strong>etiam</strong></span> <span class='ocrx_word' id='word_1_405' title='bbox 1394 1435 1481 1463; x_wconf 85' lang='lat' dir='ltr'><strong>Pselli</strong></span> <span class='ocrx_word' id='word_1_406' title='bbox 1506 1436 1541 1463; x_wconf 82' lang='lat' dir='ltr'><strong>De</strong></span> <span class='ocrx_word' id='word_1_407' title='bbox 1565 1435 1704 1471; x_wconf 73' lang='lat' dir='ltr'><strong>lapidibus</strong></span> <span class='ocrx_word' id='word_1_408' title='bbox 1719 1443 1736 1463; x_wconf 88' lang='lat' dir='ltr'><strong>a</strong></span> <span class='ocrx_word' id='word_1_409' title='bbox 1751 1435 1841 1463; x_wconf 88' lang='lat' dir='ltr'><strong>Maus-</strong></span> 
     </span>
    </p>
   </div>
   <div class='ocr_carea' id='block_1_65' title="bbox 1028 1479 1843 1515">
    <p class='ocr_par' dir='ltr' id='par_1_65' title="bbox 1028 1479 1843 1515">
     <span class='ocr_line' id='line_1_65' title="bbox 1028 1479 1843 1515; baseline -0.002 -6"><span class='ocrx_word' id='word_1_410' title='bbox 1028 1489 1095 1509; x_wconf 89' lang='lat' dir='ltr'><strong>saco</strong></span> <span class='ocrx_word' id='word_1_411' title='bbox 1111 1480 1219 1513; x_wconf 88' lang='lat' dir='ltr'><strong>editus,</strong></span> <span class='ocrx_word' id='word_1_412' title='bbox 1236 1480 1278 1507; x_wconf 87' lang='lat' dir='ltr'><strong>vel</strong></span> <span class='ocrx_word' id='word_1_413' title='bbox 1302 1480 1370 1507; x_wconf 89' lang='lat' dir='ltr'><strong>huic</strong></span> <span class='ocrx_word' id='word_1_414' title='bbox 1395 1480 1502 1507; x_wconf 83' lang='lat' dir='ltr'><strong>seniori</strong></span> <span class='ocrx_word' id='word_1_415' title='bbox 1531 1479 1636 1515; x_wconf 86' lang='lat' dir='ltr'><strong>Psello,</strong></span> <span class='ocrx_word' id='word_1_416' title='bbox 1663 1479 1687 1507; x_wconf 91' lang='lat' dir='ltr'><strong>si</strong></span> <span class='ocrx_word' id='word_1_417' title='bbox 1711 1487 1757 1507; x_wconf 90' lang='lat' dir='ltr'><strong>me</strong></span> <span class='ocrx_word' id='word_1_418' title='bbox 1779 1488 1843 1507; x_wconf 90' lang='lat' dir='ltr'><strong>con-</strong></span> 
     </span>
    </p>
   </div>
   <div class='ocr_carea' id='block_1_66' title="bbox 150 1518 1842 1560">
    <p class='ocr_par' dir='ltr' id='par_1_66' title="bbox 150 1518 1842 1560">
     <span class='ocr_line' id='line_1_66' title="bbox 150 1518 1842 1560; baseline 0.002 -12"><span class='ocrx_word' id='word_1_419' title='bbox 150 1525 269 1552; x_wconf 78' lang='lat' dir='ltr'><strong>nomine</strong></span> <span class='ocrx_word' id='word_1_420' title='bbox 284 1523 477 1551; x_wconf 80' lang='lat' dir='ltr'><strong>circumferri.</strong></span> <span class='ocrx_word' id='word_1_421' title='bbox 493 1521 607 1558; x_wconf 84' lang='lat' dir='ltr'><strong>Scripta</strong></span> <span class='ocrx_word' id='word_1_422' title='bbox 623 1529 750 1556; x_wconf 88' lang='lat' dir='ltr'><strong>namque</strong></span> <span class='ocrx_word' id='word_1_423' title='bbox 775 1521 882 1554; x_wconf 88' lang='lat' dir='ltr'><strong>omnia,</strong></span> <span class='ocrx_word' id='word_1_424' title='bbox 910 1529 973 1557; x_wconf 76' lang='lat' dir='ltr'><strong>quas</strong></span> <span class='ocrx_word' id='word_1_425' title='bbox 989 1518 1010 1551; x_wconf 88' lang='lat' dir='ltr'>C</span> <span class='ocrx_word' id='word_1_426' title='bbox 1028 1526 1142 1560; x_wconf 87' lang='lat' dir='ltr'><strong>jectura</strong></span> <span class='ocrx_word' id='word_1_427' title='bbox 1166 1533 1223 1552; x_wconf 91' lang='lat' dir='ltr'><strong>non</strong></span> <span class='ocrx_word' id='word_1_428' title='bbox 1249 1524 1334 1558; x_wconf 85' lang='lat' dir='ltr'><strong>fallit,</strong></span> <span class='ocrx_word' id='word_1_429' title='bbox 1350 1524 1525 1552; x_wconf 88' lang='lat' dir='ltr'><strong>tribuendus</strong></span> <span class='ocrx_word' id='word_1_430' title='bbox 1541 1526 1595 1559; x_wconf 88' lang='lat' dir='ltr'><strong>est,</strong></span> <span class='ocrx_word' id='word_1_431' title='bbox 1610 1524 1658 1552; x_wconf 90' lang='lat' dir='ltr'><strong>vel</strong></span> <span class='ocrx_word' id='word_1_432' title='bbox 1672 1526 1748 1552; x_wconf 87' lang='lat' dir='ltr'><strong>certe</strong></span> <span class='ocrx_word' id='word_1_433' title='bbox 1764 1523 1842 1551; x_wconf 90' lang='lat' dir='ltr'><strong>nulli.</strong></span> 
     </span>
    </p>
   </div>
   <div class='ocr_carea' id='block_1_67' title="bbox 149 1565 972 1604">
    <p class='ocr_par' dir='ltr' id='par_1_67' title="bbox 149 1565 972 1604">
     <span class='ocr_line' id='line_1_67' title="bbox 149 1565 972 1604; baseline -0.005 -7"><span class='ocrx_word' id='word_1_434' title='bbox 149 1569 279 1597; x_wconf 87' lang='lat' dir='ltr'><strong>Psellum</strong></span> <span class='ocrx_word' id='word_1_435' title='bbox 290 1570 402 1604; x_wconf 84' lang='lat' dir='ltr'><strong>patrem</strong></span> <span class='ocrx_word' id='word_1_436' title='bbox 415 1567 651 1603; x_wconf 89' lang='lat' dir='ltr'><strong>indigitant,cum</strong></span> <span class='ocrx_word' id='word_1_437' title='bbox 661 1568 689 1594; x_wconf 84' lang='lat' dir='ltr'><strong>et</strong></span> <span class='ocrx_word' id='word_1_438' title='bbox 697 1565 839 1594; x_wconf 83' lang='lat' dir='ltr'><strong>tractandi</strong></span> <span class='ocrx_word' id='word_1_439' title='bbox 850 1565 972 1599; x_wconf 82' lang='lat' dir='ltr'><strong>ratione,</strong></span> 
     </span>
    </p>
   </div>
   <div class='ocr_carea' id='block_1_68' title="bbox 150 1610 971 1646">
    <p class='ocr_par' dir='ltr' id='par_1_68' title="bbox 150 1610 971 1646">
     <span class='ocr_line' id='line_1_68' title="bbox 150 1610 971 1646; baseline -0.006 -4"><span class='ocrx_word' id='word_1_440' title='bbox 150 1616 179 1642; x_wconf 88' lang='lat' dir='ltr'><strong>et</strong></span> <span class='ocrx_word' id='word_1_441' title='bbox 194 1612 360 1641; x_wconf 87' lang='lat' dir='ltr'><strong>inveniendi</strong></span> <span class='ocrx_word' id='word_1_442' title='bbox 374 1611 520 1646; x_wconf 86' lang='lat' dir='ltr'><strong>acumine,</strong></span> <span class='ocrx_word' id='word_1_443' title='bbox 537 1620 589 1639; x_wconf 88' lang='lat' dir='ltr'><strong>nec</strong></span> <span class='ocrx_word' id='word_1_444' title='bbox 604 1611 706 1639; x_wconf 89' lang='lat' dir='ltr'><strong>eadem</strong></span> <span class='ocrx_word' id='word_1_445' title='bbox 729 1610 844 1638; x_wconf 86' lang='lat' dir='ltr'><strong>dicendi</strong></span> <span class='ocrx_word' id='word_1_446' title='bbox 869 1611 971 1645; x_wconf 83' lang='lat' dir='ltr'><strong>forma,</strong></span> 
     </span>
    </p>
   </div>
   <div class='ocr_carea' id='block_1_69' title="bbox 150 1655 973 1693">
    <p class='ocr_par' dir='ltr' id='par_1_69' title="bbox 150 1655 973 1693">
     <span class='ocr_line' id='line_1_69' title="bbox 150 1655 973 1693; baseline -0.005 -7"><span class='ocrx_word' id='word_1_447' title='bbox 150 1667 203 1686; x_wconf 86' lang='lat' dir='ltr'><strong>nec</strong></span> <span class='ocrx_word' id='word_1_448' title='bbox 218 1658 378 1693; x_wconf 86' lang='lat' dir='ltr'><strong>ﬁgurarum</strong></span> <span class='ocrx_word' id='word_1_449' title='bbox 395 1656 542 1684; x_wconf 89' lang='lat' dir='ltr'><strong>coloribus</strong></span> <span class='ocrx_word' id='word_1_450' title='bbox 557 1656 697 1691; x_wconf 84' lang='lat' dir='ltr'><strong>gestiant,</strong></span> <span class='ocrx_word' id='word_1_451' title='bbox 714 1656 764 1683; x_wconf 87' lang='lat' dir='ltr'><strong>sed</strong></span> <span class='ocrx_word' id='word_1_452' title='bbox 781 1655 838 1683; x_wconf 89' lang='lat' dir='ltr'><strong>alia</strong></span> <span class='ocrx_word' id='word_1_453' title='bbox 861 1655 973 1683; x_wconf 90' lang='lat' dir='ltr'><strong>incom-</strong></span> 
     </span>
    </p>
   </div>
   <div class='ocr_carea' id='block_1_70' title="bbox 150 1700 972 1739">
    <p class='ocr_par' dir='ltr' id='par_1_70' title="bbox 150 1700 972 1739">
     <span class='ocr_line' id='line_1_70' title="bbox 150 1700 972 1739; baseline -0.004 -9"><span class='ocrx_word' id='word_1_454' title='bbox 150 1707 230 1739; x_wconf 84' lang='lat' dir='ltr'><strong>ptam</strong></span> <span class='ocrx_word' id='word_1_455' title='bbox 243 1703 366 1735; x_wconf 87' lang='lat' dir='ltr'><strong>illam,et</strong></span> <span class='ocrx_word' id='word_1_456' title='bbox 377 1701 504 1730; x_wconf 58' lang='lat' dir='ltr'><strong>Graecam</strong></span> <span class='ocrx_word' id='word_1_457' title='bbox 516 1701 807 1736; x_wconf 88' lang='lat' dir='ltr'><strong>pbilosophiam,uon</strong></span> <span class='ocrx_word' id='word_1_458' title='bbox 817 1700 972 1727; x_wconf 84' lang='lat' dir='ltr'><strong>barbaram</strong></span> 
     </span>
    </p>
   </div>
   <div class='ocr_carea' id='block_1_71' title="bbox 150 1745 972 1781">
    <p class='ocr_par' dir='ltr' id='par_1_71' title="bbox 150 1745 972 1781">
     <span class='ocr_line' id='line_1_71' title="bbox 150 1745 972 1781; baseline -0.005 -6"><span class='ocrx_word' id='word_1_459' title='bbox 150 1748 325 1780; x_wconf 88' lang='lat' dir='ltr'><strong>scilicet,sed</strong></span> <span class='ocrx_word' id='word_1_460' title='bbox 342 1746 506 1779; x_wconf 85' lang='lat' dir='ltr'><strong>virilem,et</strong></span> <span class='ocrx_word' id='word_1_461' title='bbox 520 1754 583 1781; x_wconf 67' lang='lat' dir='ltr'><strong>quae</strong></span> <span class='ocrx_word' id='word_1_462' title='bbox 600 1753 653 1772; x_wconf 88' lang='lat' dir='ltr'><strong>suo</strong></span> <span class='ocrx_word' id='word_1_463' title='bbox 668 1745 823 1780; x_wconf 86' lang='lat' dir='ltr'><strong>splendore</strong></span> <span class='ocrx_word' id='word_1_464' title='bbox 839 1745 972 1777; x_wconf 84' lang='lat' dir='ltr'><strong>nitescat,</strong></span> 
     </span>
    </p>
   </div>
   <div class='ocr_carea' id='block_1_72' title="bbox 150 1788 969 1827">
    <p class='ocr_par' dir='ltr' id='par_1_72' title="bbox 150 1788 969 1827">
     <span class='ocr_line' id='line_1_72' title="bbox 150 1788 969 1827; baseline -0.004 -9"><span class='ocrx_word' id='word_1_465' title='bbox 150 1801 208 1827; x_wconf 67' lang='lat' dir='ltr'><strong>prie</strong></span> <span class='ocrx_word' id='word_1_466' title='bbox 224 1800 254 1820; x_wconf 88' lang='lat' dir='ltr'><strong>se</strong></span> <span class='ocrx_word' id='word_1_467' title='bbox 269 1791 380 1824; x_wconf 81' lang='lat' dir='ltr'><strong>ferant;</strong></span> <span class='ocrx_word' id='word_1_468' title='bbox 396 1790 454 1818; x_wconf 86' lang='lat' dir='ltr'><strong>alia</strong></span> <span class='ocrx_word' id='word_1_469' title='bbox 468 1798 535 1817; x_wconf 92' lang='lat' dir='ltr'><strong>cum</strong></span> <span class='ocrx_word' id='word_1_470' title='bbox 552 1790 642 1817; x_wconf 82' lang='lat' dir='ltr'><strong>Musis</strong></span> <span class='ocrx_word' id='word_1_471' title='bbox 658 1789 771 1822; x_wconf 88' lang='lat' dir='ltr'><strong>ludant,</strong></span> <span class='ocrx_word' id='word_1_472' title='bbox 798 1792 826 1816; x_wconf 88' lang='lat' dir='ltr'><strong>et</strong></span> <span class='ocrx_word' id='word_1_473' title='bbox 850 1788 969 1823; x_wconf 66' lang='lat' dir='ltr'><strong>Gratiis,</strong></span> 
     </span>
    </p>
   </div>
   <div class='ocr_carea' id='block_1_73' title="bbox 148 1833 972 1869">
    <p class='ocr_par' dir='ltr' id='par_1_73' title="bbox 148 1833 972 1869">
     <span class='ocr_line' id='line_1_73' title="bbox 148 1833 972 1869; baseline -0.006 -5"><span class='ocrx_word' id='word_1_474' title='bbox 148 1840 177 1864; x_wconf 88' lang='lat' dir='ltr'><strong>et</strong></span> <span class='ocrx_word' id='word_1_475' title='bbox 188 1837 342 1864; x_wconf 88' lang='lat' dir='ltr'><strong>verborum</strong></span> <span class='ocrx_word' id='word_1_476' title='bbox 359 1835 499 1868; x_wconf 85' lang='lat' dir='ltr'><strong>ﬂosculis,</strong></span> <span class='ocrx_word' id='word_1_477' title='bbox 524 1838 553 1862; x_wconf 89' lang='lat' dir='ltr'><strong>et</strong></span> <span class='ocrx_word' id='word_1_478' title='bbox 575 1836 690 1869; x_wconf 88' lang='lat' dir='ltr'><strong>compto</strong></span> <span class='ocrx_word' id='word_1_479' title='bbox 717 1833 904 1869; x_wconf 90' lang='lat' dir='ltr'><strong>periodorum</strong></span> <span class='ocrx_word' id='word_1_480' title='bbox 928 1833 972 1860; x_wconf 90' lang='lat' dir='ltr'><strong>in-</strong></span> 
     </span>
    </p>
   </div>
   <div class='ocr_carea' id='block_1_74' title="bbox 147 1878 973 1914">
    <p class='ocr_par' dir='ltr' id='par_1_74' title="bbox 147 1878 973 1914">
     <span class='ocr_line' id='line_1_74' title="bbox 147 1878 973 1914; baseline -0.002 -6"><span class='ocrx_word' id='word_1_481' title='bbox 147 1883 259 1909; x_wconf 89' lang='lat' dir='ltr'><strong>structu</strong></span> <span class='ocrx_word' id='word_1_482' title='bbox 280 1880 412 1909; x_wconf 88' lang='lat' dir='ltr'><strong>hilariter</strong></span> <span class='ocrx_word' id='word_1_483' title='bbox 427 1879 601 1912; x_wconf 87' lang='lat' dir='ltr'><strong>subsiliant;</strong></span> <span class='ocrx_word' id='word_1_484' title='bbox 619 1879 750 1906; x_wconf 83' lang='lat' dir='ltr'><strong>diversos</strong></span> <span class='ocrx_word' id='word_1_485' title='bbox 763 1878 819 1905; x_wconf 89' lang='lat' dir='ltr'><strong>sibi</strong></span> <span class='ocrx_word' id='word_1_486' title='bbox 837 1880 973 1914; x_wconf 82' lang='lat' dir='ltr'><strong>parentes</strong></span> 
     </span>
    </p>
   </div>
   <div class='ocr_carea' id='block_1_75' title="bbox 144 1922 972 1961">
    <p class='ocr_par' dir='ltr' id='par_1_75' title="bbox 144 1922 972 1961">
     <span class='ocr_line' id='line_1_75' title="bbox 144 1922 972 1961; baseline -0.005 -8"><span class='ocrx_word' id='word_1_487' title='bbox 144 1934 196 1961; x_wconf 89' lang='lat' dir='ltr'><strong>pro</strong></span> <span class='ocrx_word' id='word_1_488' title='bbox 226 1925 304 1961; x_wconf 86' lang='lat' dir='ltr'><strong>genii</strong></span> <span class='ocrx_word' id='word_1_489' title='bbox 334 1924 502 1953; x_wconf 88' lang='lat' dir='ltr'><strong>diversitate</strong></span> <span class='ocrx_word' id='word_1_490' title='bbox 530 1925 696 1959; x_wconf 88' lang='lat' dir='ltr'><strong>reposcunt.</strong></span> <span class='ocrx_word' id='word_1_491' title='bbox 722 1923 756 1950; x_wconf 88' lang='lat' dir='ltr'><strong>Et</strong></span> <span class='ocrx_word' id='word_1_492' title='bbox 780 1923 848 1950; x_wconf 88' lang='lat' dir='ltr'><strong>licet</strong></span> <span class='ocrx_word' id='word_1_493' title='bbox 873 1922 972 1958; x_wconf 83' lang='lat' dir='ltr'><strong>magni</strong></span> 
     </span>
    </p>
   </div>
   <div class='ocr_carea' id='block_1_76' title="bbox 146 1967 972 2005">
    <p class='ocr_par' dir='ltr' id='par_1_76' title="bbox 146 1967 972 2005">
     <span class='ocr_line' id='line_1_76' title="bbox 146 1967 972 2005; baseline -0.005 -8"><span class='ocrx_word' id='word_1_494' title='bbox 146 1970 201 1997; x_wconf 91' lang='lat' dir='ltr'><strong>viri</strong></span> <span class='ocrx_word' id='word_1_495' title='bbox 217 1970 376 2005; x_wconf 86' lang='lat' dir='ltr'><strong>aliquando</strong></span> <span class='ocrx_word' id='word_1_496' title='bbox 393 1977 490 1996; x_wconf 87' lang='lat' dir='ltr'><strong>rerum</strong></span> <span class='ocrx_word' id='word_1_497' title='bbox 505 1967 685 1996; x_wconf 87' lang='lat' dir='ltr'><strong>excelsarum</strong></span> <span class='ocrx_word' id='word_1_498' title='bbox 706 1967 898 2002; x_wconf 86' lang='lat' dir='ltr'><strong>parturitione</strong></span> <span class='ocrx_word' id='word_1_499' title='bbox 923 1967 972 1993; x_wconf 88' lang='lat' dir='ltr'><strong>de-</strong></span> 
     </span>
    </p>
   </div>
   <div class='ocr_carea' id='block_1_77' title="bbox 148 2011 973 2050">
    <p class='ocr_par' dir='ltr' id='par_1_77' title="bbox 148 2011 973 2050">
     <span class='ocr_line' id='line_1_77' title="bbox 148 2011 973 2050; baseline -0.004 -9"><span class='ocrx_word' id='word_1_500' title='bbox 148 2013 261 2050; x_wconf 83' lang='lat' dir='ltr'><strong>fatigati</strong></span> <span class='ocrx_word' id='word_1_501' title='bbox 290 2014 453 2048; x_wconf 57' lang='lat' dir='ltr'><strong>,videantur</strong></span> <span class='ocrx_word' id='word_1_502' title='bbox 489 2012 619 2046; x_wconf 83' lang='lat' dir='ltr'><strong>destitui,</strong></span> <span class='ocrx_word' id='word_1_503' title='bbox 646 2014 675 2039; x_wconf 89' lang='lat' dir='ltr'><strong>et</strong></span> <span class='ocrx_word' id='word_1_504' title='bbox 704 2011 735 2038; x_wconf 91' lang='lat' dir='ltr'><strong>in</strong></span> <span class='ocrx_word' id='word_1_505' title='bbox 773 2011 846 2039; x_wconf 85' lang='lat' dir='ltr'><strong>alias</strong></span> <span class='ocrx_word' id='word_1_506' title='bbox 884 2014 973 2046; x_wconf 90' lang='lat' dir='ltr'><strong>atque</strong></span> 
     </span>
    </p>
   </div>
   <div class='ocr_carea' id='block_1_78' title="bbox 149 2057 974 2091">
    <p class='ocr_par' dir='ltr' id='par_1_78' title="bbox 149 2057 974 2091">
     <span class='ocr_line' id='line_1_78' title="bbox 149 2057 974 2091; baseline -0.005 -5"><span class='ocrx_word' id='word_1_507' title='bbox 149 2059 222 2086; x_wconf 88' lang='lat' dir='ltr'><strong>alias</strong></span> <span class='ocrx_word' id='word_1_508' title='bbox 248 2066 279 2086; x_wconf 91' lang='lat' dir='ltr'><strong>se</strong></span> <span class='ocrx_word' id='word_1_509' title='bbox 295 2057 411 2085; x_wconf 90' lang='lat' dir='ltr'><strong>dicendi</strong></span> <span class='ocrx_word' id='word_1_510' title='bbox 427 2057 536 2085; x_wconf 82' lang='lat' dir='ltr'><strong>formas</strong></span> <span class='ocrx_word' id='word_1_511' title='bbox 552 2058 730 2090; x_wconf 83' lang='lat' dir='ltr'><strong>convertere,</strong></span> <span class='ocrx_word' id='word_1_512' title='bbox 745 2064 861 2091; x_wconf 86' lang='lat' dir='ltr'><strong>semper</strong></span> <span class='ocrx_word' id='word_1_513' title='bbox 875 2058 974 2083; x_wconf 89' lang='lat' dir='ltr'><strong>tamen</strong></span> 
     </span>
    </p>
   </div>
   <div class='ocr_carea' id='block_1_79' title="bbox 149 2101 972 2138">
    <p class='ocr_par' dir='ltr' id='par_1_79' title="bbox 149 2101 972 2138">
     <span class='ocr_line' id='line_1_79' title="bbox 149 2101 972 2138; baseline -0.004 -8"><span class='ocrx_word' id='word_1_514' title='bbox 149 2104 179 2131; x_wconf 89' lang='lat' dir='ltr'><strong>in</strong></span> <span class='ocrx_word' id='word_1_515' title='bbox 195 2103 254 2130; x_wconf 91' lang='lat' dir='ltr'><strong>illis</strong></span> <span class='ocrx_word' id='word_1_516' title='bbox 268 2103 311 2130; x_wconf 90' lang='lat' dir='ltr'><strong>vis</strong></span> <span class='ocrx_word' id='word_1_517' title='bbox 326 2102 459 2138; x_wconf 58' lang='lat' dir='ltr'><strong>quaedam</strong></span> <span class='ocrx_word' id='word_1_518' title='bbox 476 2103 598 2136; x_wconf 67' lang='lat' dir='ltr'><strong>naturae,</strong></span> <span class='ocrx_word' id='word_1_519' title='bbox 615 2109 631 2128; x_wconf 88' lang='lat' dir='ltr'><strong>a</strong></span> <span class='ocrx_word' id='word_1_520' title='bbox 646 2101 804 2136; x_wconf 90' lang='lat' dir='ltr'><strong>semetipsa</strong></span> <span class='ocrx_word' id='word_1_521' title='bbox 818 2108 972 2136; x_wconf 87' lang='lat' dir='ltr'><strong>nunquam</strong></span> 
     </span>
    </p>
   </div>
   <div class='ocr_carea' id='block_1_80' title="bbox 149 2145 973 2184">
    <p class='ocr_par' dir='ltr' id='par_1_80' title="bbox 149 2145 973 2184">
     <span class='ocr_line' id='line_1_80' title="bbox 149 2145 973 2184; baseline -0.004 -9"><span class='ocrx_word' id='word_1_522' title='bbox 149 2148 340 2184; x_wconf 83' lang='lat' dir='ltr'><strong>degenerans,</strong></span> <span class='ocrx_word' id='word_1_523' title='bbox 371 2146 546 2181; x_wconf 85' lang='lat' dir='ltr'><strong>inclarescit,</strong></span> <span class='ocrx_word' id='word_1_524' title='bbox 573 2154 632 2181; x_wconf 87' lang='lat' dir='ltr'><strong>qua</strong></span> <span class='ocrx_word' id='word_1_525' title='bbox 655 2148 762 2172; x_wconf 86' lang='lat' dir='ltr'><strong>nasuta</strong></span> <span class='ocrx_word' id='word_1_526' title='bbox 792 2145 910 2181; x_wconf 89' lang='lat' dir='ltr'><strong>ingenia</strong></span> <span class='ocrx_word' id='word_1_527' title='bbox 945 2146 973 2172; x_wconf 90' lang='lat' dir='ltr'><strong>et</strong></span> 
     </span>
    </p>
   </div>
   <div class='ocr_carea' id='block_1_81' title="bbox 149 2190 971 2227">
    <p class='ocr_par' dir='ltr' id='par_1_81' title="bbox 149 2190 971 2227">
     <span class='ocr_line' id='line_1_81' title="bbox 149 2190 971 2227; baseline -0.002 -8"><span class='ocrx_word' id='word_1_528' title='bbox 149 2199 230 2219; x_wconf 87' lang='lat' dir='ltr'><strong>acres</strong></span> <span class='ocrx_word' id='word_1_529' title='bbox 254 2199 375 2227; x_wconf 89' lang='lat' dir='ltr'><strong>operum</strong></span> <span class='ocrx_word' id='word_1_530' title='bbox 399 2191 515 2226; x_wconf 81' lang='lat' dir='ltr'><strong>judices</strong></span> <span class='ocrx_word' id='word_1_531' title='bbox 539 2199 639 2218; x_wconf 92' lang='lat' dir='ltr'><strong>verum</strong></span> <span class='ocrx_word' id='word_1_532' title='bbox 655 2193 803 2218; x_wconf 82' lang='lat' dir='ltr'><strong>auctorem</strong></span> <span class='ocrx_word' id='word_1_533' title='bbox 818 2190 971 2225; x_wconf 88' lang='lat' dir='ltr'><strong>expiscan-</strong></span> 
     </span>
    </p>
   </div>
   <div class='ocr_carea' id='block_1_82' title="bbox 147 2233 973 2270">
    <p class='ocr_par' dir='ltr' id='par_1_82' title="bbox 147 2233 973 2270">
     <span class='ocr_line' id='line_1_82' title="bbox 147 2233 973 2270; baseline -0.001 -7"><span class='ocrx_word' id='word_1_534' title='bbox 147 2238 206 2263; x_wconf 86' lang='lat' dir='ltr'><strong>tur.</strong></span> <span class='ocrx_word' id='word_1_535' title='bbox 223 2235 362 2267; x_wconf 86' lang='lat' dir='ltr'><strong>Quamvis</strong></span> <span class='ocrx_word' id='word_1_536' title='bbox 377 2235 531 2270; x_wconf 85' lang='lat' dir='ltr'><strong>deturpata</strong></span> <span class='ocrx_word' id='word_1_537' title='bbox 545 2235 618 2262; x_wconf 86' lang='lat' dir='ltr'><strong>facie</strong></span> <span class='ocrx_word' id='word_1_538' title='bbox 641 2237 669 2262; x_wconf 90' lang='lat' dir='ltr'><strong>et</strong></span> <span class='ocrx_word' id='word_1_539' title='bbox 694 2235 818 2270; x_wconf 89' lang='lat' dir='ltr'><strong>pedibus</strong></span> <span class='ocrx_word' id='word_1_540' title='bbox 841 2233 973 2262; x_wconf 89' lang='lat' dir='ltr'><strong>distortis</strong></span> 
     </span>
    </p>
   </div>
   <div class='ocr_carea' id='block_1_83' title="bbox 149 2278 972 2315">
    <p class='ocr_par' dir='ltr' id='par_1_83' title="bbox 149 2278 972 2315">
     <span class='ocr_line' id='line_1_83' title="bbox 149 2278 972 2315; baseline -0.004 -7"><span class='ocrx_word' id='word_1_541' title='bbox 149 2280 331 2315; x_wconf 83' lang='lat' dir='ltr'><strong>Ganymedes</strong></span> <span class='ocrx_word' id='word_1_542' title='bbox 347 2279 502 2313; x_wconf 87' lang='lat' dir='ltr'><strong>claudicet,</strong></span> <span class='ocrx_word' id='word_1_543' title='bbox 517 2288 574 2306; x_wconf 91' lang='lat' dir='ltr'><strong>non</strong></span> <span class='ocrx_word' id='word_1_544' title='bbox 591 2279 632 2306; x_wconf 88' lang='lat' dir='ltr'><strong>ita</strong></span> <span class='ocrx_word' id='word_1_545' title='bbox 646 2279 676 2306; x_wconf 90' lang='lat' dir='ltr'><strong>in</strong></span> <span class='ocrx_word' id='word_1_546' title='bbox 692 2279 782 2306; x_wconf 88' lang='lat' dir='ltr'><strong>alium</strong></span> <span class='ocrx_word' id='word_1_547' title='bbox 799 2279 893 2306; x_wconf 86' lang='lat' dir='ltr'><strong>virum</strong></span> <span class='ocrx_word' id='word_1_548' title='bbox 918 2278 972 2305; x_wconf 87' lang='lat' dir='ltr'><strong>mi-</strong></span> 
     </span>
    </p>
   </div>
   <div class='ocr_carea' id='block_1_84' title="bbox 148 2323 972 2360">
    <p class='ocr_par' dir='ltr' id='par_1_84' title="bbox 148 2323 972 2360">
     <span class='ocr_line' id='line_1_84' title="bbox 148 2323 972 2360; baseline -0.004 -8"><span class='ocrx_word' id='word_1_549' title='bbox 148 2333 232 2360; x_wconf 86' lang='lat' dir='ltr'><strong>grare</strong></span> <span class='ocrx_word' id='word_1_550' title='bbox 247 2324 361 2360; x_wconf 86' lang='lat' dir='ltr'><strong>poterit,</strong></span> <span class='ocrx_word' id='word_1_551' title='bbox 371 2326 402 2352; x_wconf 89' lang='lat' dir='ltr'><strong>ut</strong></span> <span class='ocrx_word' id='word_1_552' title='bbox 415 2323 599 2360; x_wconf 80' lang='lat' dir='ltr'><strong>Ganymedes</strong></span> <span class='ocrx_word' id='word_1_553' title='bbox 614 2331 679 2350; x_wconf 89' lang='lat' dir='ltr'><strong>esse</strong></span> <span class='ocrx_word' id='word_1_554' title='bbox 695 2330 751 2350; x_wconf 92' lang='lat' dir='ltr'><strong>non</strong></span> <span class='ocrx_word' id='word_1_555' title='bbox 768 2325 972 2357; x_wconf 79' lang='lat' dir='ltr'><strong>cognoscatur;</strong></span> 
     </span>
    </p>
   </div>
   <div class='ocr_carea' id='block_1_85' title="bbox 149 2366 973 2402">
    <p class='ocr_par' dir='ltr' id='par_1_85' title="bbox 149 2366 973 2402">
     <span class='ocr_line' id='line_1_85' title="bbox 149 2366 973 2402; baseline -0.004 -6"><span class='ocrx_word' id='word_1_556' title='bbox 149 2369 244 2396; x_wconf 87' lang='lat' dir='ltr'><strong>adhuc</strong></span> <span class='ocrx_word' id='word_1_557' title='bbox 259 2368 437 2396; x_wconf 84' lang='lat' dir='ltr'><strong>lineamenta</strong></span> <span class='ocrx_word' id='word_1_558' title='bbox 451 2367 543 2402; x_wconf 89' lang='lat' dir='ltr'><strong>illa,et</strong></span> <span class='ocrx_word' id='word_1_559' title='bbox 558 2367 686 2402; x_wconf 87' lang='lat' dir='ltr'><strong>pessime</strong></span> <span class='ocrx_word' id='word_1_560' title='bbox 701 2368 835 2402; x_wconf 86' lang='lat' dir='ltr'><strong>exceptas</strong></span> <span class='ocrx_word' id='word_1_561' title='bbox 847 2366 973 2401; x_wconf 88' lang='lat' dir='ltr'><strong>pulchri-</strong></span> 
     </span>
    </p>
   </div>
   <div class='ocr_carea' id='block_1_86' title="bbox 149 2410 971 2445">
    <p class='ocr_par' dir='ltr' id='par_1_86' title="bbox 149 2410 971 2445">
     <span class='ocr_line' id='line_1_86' title="bbox 149 2410 971 2445; baseline -0.002 -6"><span class='ocrx_word' id='word_1_562' title='bbox 149 2411 260 2440; x_wconf 87' lang='lat' dir='ltr'><strong>tudinis</strong></span> <span class='ocrx_word' id='word_1_563' title='bbox 276 2411 432 2443; x_wconf 84' lang='lat' dir='ltr'><strong>scintillas,</strong></span> <span class='ocrx_word' id='word_1_564' title='bbox 448 2414 477 2438; x_wconf 88' lang='lat' dir='ltr'><strong>et</strong></span> <span class='ocrx_word' id='word_1_565' title='bbox 493 2411 616 2438; x_wconf 85' lang='lat' dir='ltr'><strong>latentes</strong></span> <span class='ocrx_word' id='word_1_566' title='bbox 640 2411 670 2437; x_wconf 91' lang='lat' dir='ltr'><strong>in</strong></span> <span class='ocrx_word' id='word_1_567' title='bbox 696 2410 838 2438; x_wconf 84' lang='lat' dir='ltr'><strong>membris</strong></span> <span class='ocrx_word' id='word_1_568' title='bbox 862 2410 971 2445; x_wconf 87' lang='lat' dir='ltr'><strong>radios,</strong></span> 
     </span>
    </p>
   </div>
   <div class='ocr_carea' id='block_1_87' title="bbox 149 2455 974 2491">
    <p class='ocr_par' dir='ltr' id='par_1_87' title="bbox 149 2455 974 2491">
     <span class='ocr_line' id='line_1_87' title="bbox 149 2455 974 2491; baseline 0 -8"><span class='ocrx_word' id='word_1_569' title='bbox 149 2457 173 2484; x_wconf 91' lang='lat' dir='ltr'><strong>si</strong></span> <span class='ocrx_word' id='word_1_570' title='bbox 186 2456 294 2491; x_wconf 79' lang='lat' dir='ltr'><strong>fungus</strong></span> <span class='ocrx_word' id='word_1_571' title='bbox 305 2455 424 2483; x_wconf 88' lang='lat' dir='ltr'><strong>omnino</strong></span> <span class='ocrx_word' id='word_1_572' title='bbox 439 2463 495 2482; x_wconf 91' lang='lat' dir='ltr'><strong>non</strong></span> <span class='ocrx_word' id='word_1_573' title='bbox 507 2463 549 2488; x_wconf 84' lang='lat' dir='ltr'><strong>es,</strong></span> <span class='ocrx_word' id='word_1_574' title='bbox 561 2457 693 2490; x_wconf 84' lang='lat' dir='ltr'><strong>prompte</strong></span> <span class='ocrx_word' id='word_1_575' title='bbox 708 2455 974 2490; x_wconf 67' lang='lat' dir='ltr'><strong>dignoscas.Swpe-</strong></span> 
     </span>
    </p>
   </div>
   <div class='ocr_carea' id='block_1_88' title="bbox 149 2498 971 2536">
    <p class='ocr_par' dir='ltr' id='par_1_88' title="bbox 149 2498 971 2536">
     <span class='ocr_line' id='line_1_88' title="bbox 149 2498 971 2536; baseline 0 -9"><span class='ocrx_word' id='word_1_576' title='bbox 149 2508 206 2536; x_wconf 89' lang='lat' dir='ltr'><strong>que</strong></span> <span class='ocrx_word' id='word_1_577' title='bbox 232 2500 262 2527; x_wconf 89' lang='lat' dir='ltr'><strong>in</strong></span> <span class='ocrx_word' id='word_1_578' title='bbox 291 2499 450 2533; x_wconf 71' lang='lat' dir='ltr'><strong>contracto,</strong></span> <span class='ocrx_word' id='word_1_579' title='bbox 474 2507 560 2526; x_wconf 87' lang='lat' dir='ltr'><strong>exeso</strong></span> <span class='ocrx_word' id='word_1_580' title='bbox 596 2507 629 2526; x_wconf 87' lang='lat' dir='ltr'><strong>ac</strong></span> <span class='ocrx_word' id='word_1_581' title='bbox 666 2498 798 2532; x_wconf 87' lang='lat' dir='ltr'><strong>partibus</strong></span> <span class='ocrx_word' id='word_1_582' title='bbox 836 2499 971 2527; x_wconf 83' lang='lat' dir='ltr'><strong>mutilata</strong></span> 
     </span>
    </p>
   </div>
   <div class='ocr_carea' id='block_1_89' title="bbox 149 2541 971 2578">
    <p class='ocr_par' dir='ltr' id='par_1_89' title="bbox 149 2541 971 2578">
     <span class='ocr_line' id='line_1_89' title="bbox 149 2541 971 2578; baseline 0 -7"><span class='ocrx_word' id='word_1_583' title='bbox 149 2551 295 2571; x_wconf 88' lang='lat' dir='ltr'><strong>marmore</strong></span> <span class='ocrx_word' id='word_1_584' title='bbox 319 2543 423 2570; x_wconf 83' lang='lat' dir='ltr'><strong>coelum</strong></span> <span class='ocrx_word' id='word_1_585' title='bbox 448 2541 600 2570; x_wconf 82' lang='lat' dir='ltr'><strong>Praxitelis</strong></span> <span class='ocrx_word' id='word_1_586' title='bbox 623 2542 811 2578; x_wconf 87' lang='lat' dir='ltr'><strong>deprehendi.</strong></span> <span class='ocrx_word' id='word_1_587' title='bbox 828 2543 898 2570; x_wconf 88' lang='lat' dir='ltr'><strong>Cum</strong></span> <span class='ocrx_word' id='word_1_588' title='bbox 915 2544 971 2571; x_wconf 88' lang='lat' dir='ltr'><strong>ita-</strong></span> 
     </span>
    </p>
   </div>
   <div class='ocr_carea' id='block_1_90' title="bbox 150 2586 970 2624">
    <p class='ocr_par' dir='ltr' id='par_1_90' title="bbox 150 2586 970 2624">
     <span class='ocr_line' id='line_1_90' title="bbox 150 2586 970 2624; baseline 0.001 -9"><span class='ocrx_word' id='word_1_589' title='bbox 150 2596 206 2624; x_wconf 86' lang='lat' dir='ltr'><strong>que</strong></span> <span class='ocrx_word' id='word_1_590' title='bbox 224 2588 254 2615; x_wconf 90' lang='lat' dir='ltr'><strong>in</strong></span> <span class='ocrx_word' id='word_1_591' title='bbox 268 2587 349 2615; x_wconf 87' lang='lat' dir='ltr'><strong>hisce</strong></span> <span class='ocrx_word' id='word_1_592' title='bbox 363 2587 500 2623; x_wconf 87' lang='lat' dir='ltr'><strong>operibus</strong></span> <span class='ocrx_word' id='word_1_593' title='bbox 526 2586 612 2623; x_wconf 85' lang='lat' dir='ltr'><strong>longe</strong></span> <span class='ocrx_word' id='word_1_594' title='bbox 635 2586 750 2615; x_wconf 88' lang='lat' dir='ltr'><strong>diversa</strong></span> <span class='ocrx_word' id='word_1_595' title='bbox 774 2587 834 2615; x_wconf 89' lang='lat' dir='ltr'><strong>sint</strong></span> <span class='ocrx_word' id='word_1_596' title='bbox 859 2588 970 2622; x_wconf 90' lang='lat' dir='ltr'><strong>omnia,</strong></span> 
     </span>
    </p>
   </div>
   <div class='ocr_carea' id='block_1_91' title="bbox 1028 1568 1846 1605">
    <p class='ocr_par' dir='ltr' id='par_1_91' title="bbox 1028 1568 1846 1605">
     <span class='ocr_line' id='line_1_91' title="bbox 1028 1568 1846 1605; baseline -0.002 -8"><span class='ocrx_word' id='word_1_597' title='bbox 1028 1569 1100 1597; x_wconf 83' lang='lat' dir='ltr'><strong>Audi</strong></span> <span class='ocrx_word' id='word_1_598' title='bbox 1116 1569 1186 1605; x_wconf 81' lang='lat' dir='ltr'><strong>quid</strong></span> <span class='ocrx_word' id='word_1_599' title='bbox 1203 1570 1265 1605; x_wconf 86' lang='lat' dir='ltr'><strong>ipse</strong></span> <span class='ocrx_word' id='word_1_600' title='bbox 1277 1569 1366 1603; x_wconf 88' lang='lat' dir='ltr'><strong>dicat,</strong></span> <span class='ocrx_word' id='word_1_601' title='bbox 1382 1569 1453 1596; x_wconf 89' lang='lat' dir='ltr'><strong>dum</strong></span> <span class='ocrx_word' id='word_1_602' title='bbox 1469 1569 1499 1596; x_wconf 89' lang='lat' dir='ltr'><strong>in</strong></span> <span class='ocrx_word' id='word_1_603' title='bbox 1518 1569 1574 1596; x_wconf 80' lang='lat' dir='ltr'><strong>fine</strong></span> <span class='ocrx_word' id='word_1_604' title='bbox 1589 1571 1735 1602; x_wconf 86' lang='lat' dir='ltr'><strong>auctores,</strong></span> <span class='ocrx_word' id='word_1_605' title='bbox 1750 1568 1798 1604; x_wconf 90' lang='lat' dir='ltr'><strong>qui</strong></span> <span class='ocrx_word' id='word_1_606' title='bbox 1813 1569 1846 1596; x_wconf 85' lang='lat' dir='ltr'><strong>de</strong></span> 
     </span>
    </p>
   </div>
   <div class='ocr_carea' id='block_1_92' title="bbox 1028 1613 1846 1649">
    <p class='ocr_par' dir='ltr' id='par_1_92' title="bbox 1028 1613 1846 1649">
     <span class='ocr_line' id='line_1_92' title="bbox 1028 1613 1846 1649; baseline 0 -9"><span class='ocrx_word' id='word_1_607' title='bbox 1028 1614 1159 1649; x_wconf 87' lang='lat' dir='ltr'><strong>lapidum</strong></span> <span class='ocrx_word' id='word_1_608' title='bbox 1183 1614 1341 1641; x_wconf 85' lang='lat' dir='ltr'><strong>virtutibus</strong></span> <span class='ocrx_word' id='word_1_609' title='bbox 1366 1621 1471 1641; x_wconf 86' lang='lat' dir='ltr'><strong>causas</strong></span> <span class='ocrx_word' id='word_1_610' title='bbox 1499 1613 1663 1647; x_wconf 84' lang='lat' dir='ltr'><strong>reddidere,</strong></span> <span class='ocrx_word' id='word_1_611' title='bbox 1689 1615 1846 1645; x_wconf 85' lang='lat' dir='ltr'><strong>enumerat,</strong></span> 
     </span>
    </p>
   </div>
   <div class='ocr_carea' id='block_1_93' title="bbox 1028 1655 1846 1694">
    <p class='ocr_par' dir='ltr' id='par_1_93' title="bbox 1028 1655 1846 1694">
     <span class='ocr_line' id='line_1_93' title="bbox 1028 1655 1846 1694; baseline -0.004 -8"><span class='ocrx_word' id='word_1_612' title='bbox 1028 1661 1092 1694; x_wconf 87' lang='lat' dir='ltr'><strong>post</strong></span> <span class='ocrx_word' id='word_1_613' title='bbox 1116 1666 1218 1685; x_wconf 85' lang='lat' dir='ltr'><strong>omnes</strong></span> <span class='ocrx_word' id='word_1_614' title='bbox 1233 1658 1356 1686; x_wconf 85' lang='lat' dir='ltr'><strong>subdit:</strong></span> <span class='ocrx_word' id='word_1_615' title='bbox 1371 1659 1428 1684; x_wconf 84' lang='grc' dir='ltr'><strong>Τῶν</strong></span> <span class='ocrx_word' id='word_1_616' title='bbox 1447 1656 1475 1684; x_wconf 66' lang='grc' dir='ltr'><strong>δὲ</strong></span> <span class='ocrx_word' id='word_1_617' title='bbox 1491 1656 1521 1684; x_wconf 83' lang='grc' dir='ltr'><strong>οὐ</strong></span> <span class='ocrx_word' id='word_1_618' title='bbox 1537 1656 1610 1684; x_wconf 78' lang='grc' dir='ltr'>πολὺ</span> <span class='ocrx_word' id='word_1_619' title='bbox 1625 1657 1680 1693; x_wconf 83' lang='grc' dir='ltr'><strong>πρὸ</strong></span> <span class='ocrx_word' id='word_1_620' title='bbox 1695 1658 1774 1693; x_wconf 79' lang='grc' dir='ltr'><strong>ἡμῶν</strong></span> <span class='ocrx_word' id='word_1_621' title='bbox 1790 1657 1803 1683; x_wconf 87' lang='grc' dir='ltr'><strong>ὸ</strong></span> <span class='ocrx_word' id='word_1_622' title='bbox 1819 1655 1846 1683; x_wconf 79' lang='grc' dir='ltr'>ἐκ</span> 
     </span>
    </p>
   </div>
   <div class='ocr_carea' id='block_1_94' title="bbox 1026 1700 1845 1740">
    <p class='ocr_par' dir='ltr' id='par_1_94' title="bbox 1026 1700 1845 1740">
     <span class='ocr_line' id='line_1_94' title="bbox 1026 1700 1845 1740; baseline -0.001 -11"><span class='ocrx_word' id='word_1_623' title='bbox 1026 1704 1075 1734; x_wconf 83' lang='grc' dir='ltr'><strong>τῆς</strong></span> <span class='ocrx_word' id='word_1_624' title='bbox 1099 1700 1274 1740; x_wconf 73' lang='grc' dir='ltr'><strong>Ἀφροδισίας</strong></span> <span class='ocrx_word' id='word_1_625' title='bbox 1302 1700 1493 1739; x_wconf 74' lang='grc' dir='ltr'><strong>Ἀλέξανδρος,</strong></span> <span class='ocrx_word' id='word_1_626' title='bbox 1524 1700 1669 1739; x_wconf 77' lang='grc' dir='ltr'><strong>ἅνθρωπος</strong></span> <span class='ocrx_word' id='word_1_627' title='bbox 1697 1701 1757 1738; x_wconf 80' lang='grc' dir='ltr'>περὶ</span> <span class='ocrx_word' id='word_1_628' title='bbox 1783 1702 1845 1728; x_wconf 77' lang='grc' dir='ltr'><strong>πάν-</strong></span> 
     </span>
    </p>
   </div>
   <div class='ocr_carea' id='block_1_95' title="bbox 1026 1744 1845 1784">
    <p class='ocr_par' dir='ltr' id='par_1_95' title="bbox 1026 1744 1845 1784">
     <span class='ocr_line' id='line_1_95' title="bbox 1026 1744 1845 1784; baseline -0.001 -11"><span class='ocrx_word' id='word_1_629' title='bbox 1026 1757 1078 1773; x_wconf 86' lang='grc' dir='ltr'><strong>των</strong></span> <span class='ocrx_word' id='word_1_630' title='bbox 1096 1745 1191 1777; x_wconf 82' lang='grc' dir='ltr'>ἁπλῶς</span> <span class='ocrx_word' id='word_1_631' title='bbox 1220 1746 1314 1780; x_wconf 75' lang='grc' dir='ltr'><strong>εἰπεῖν,</strong></span> <span class='ocrx_word' id='word_1_632' title='bbox 1340 1746 1386 1774; x_wconf 78' lang='grc' dir='ltr'>καὶ</span> <span class='ocrx_word' id='word_1_633' title='bbox 1413 1748 1466 1773; x_wconf 81' lang='grc' dir='ltr'><strong>τῶν</strong></span> <span class='ocrx_word' id='word_1_634' title='bbox 1496 1745 1661 1784; x_wconf 76' lang='grc' dir='ltr'><strong>ἀποῤῥήτων</strong></span> <span class='ocrx_word' id='word_1_635' title='bbox 1677 1750 1727 1780; x_wconf 81' lang='grc' dir='ltr'><strong>τῆς</strong></span> <span class='ocrx_word' id='word_1_636' title='bbox 1748 1744 1845 1784; x_wconf 69' lang='grc' dir='ltr'><strong>φύσεως</strong></span> 
     </span>
    </p>
   </div>
   <div class='ocr_carea' id='block_1_96' title="bbox 1026 1790 1843 1828">
    <p class='ocr_par' dir='ltr' id='par_1_96' title="bbox 1026 1790 1843 1828">
     <span class='ocr_line' id='line_1_96' title="bbox 1026 1790 1843 1828; baseline 0 -10"><span class='ocrx_word' id='word_1_637' title='bbox 1026 1790 1251 1828; x_wconf 78' lang='grc' dir='ltr'><strong>προχειρότατος.</strong></span> <span class='ocrx_word' id='word_1_638' title='bbox 1280 1792 1309 1818; x_wconf 92' lang='lat' dir='ltr'><strong>Id</strong></span> <span class='ocrx_word' id='word_1_639' title='bbox 1337 1794 1380 1818; x_wconf 87' lang='lat' dir='ltr'><strong>est</strong></span> <span class='ocrx_word' id='word_1_640' title='bbox 1405 1799 1411 1818; x_wconf 87' lang='lat'><strong>:</strong></span> <span class='ocrx_word' id='word_1_641' title='bbox 1443 1792 1484 1818; x_wconf 72' lang='lat' dir='ltr'><strong>Ex</strong></span> <span class='ocrx_word' id='word_1_642' title='bbox 1512 1791 1554 1818; x_wconf 86' lang='lat' dir='ltr'><strong>his</strong></span> <span class='ocrx_word' id='word_1_643' title='bbox 1583 1795 1686 1825; x_wconf 82' lang='lat' dir='ltr'><strong>autem,</strong></span> <span class='ocrx_word' id='word_1_644' title='bbox 1700 1791 1746 1826; x_wconf 85' lang='lat' dir='ltr'><strong>qui</strong></span> <span class='ocrx_word' id='word_1_645' title='bbox 1768 1790 1843 1826; x_wconf 83' lang='lat' dir='ltr'><strong>paulo</strong></span> 
     </span>
    </p>
   </div>
   <div class='ocr_carea' id='block_1_97' title="bbox 1026 1834 1841 1871">
    <p class='ocr_par' dir='ltr' id='par_1_97' title="bbox 1026 1834 1841 1871">
     <span class='ocr_line' id='line_1_97' title="bbox 1026 1834 1841 1871; baseline -0.001 -8"><span class='ocrx_word' id='word_1_646' title='bbox 1026 1839 1090 1864; x_wconf 74' lang='lat' dir='ltr'><strong>ante</strong></span> <span class='ocrx_word' id='word_1_647' title='bbox 1126 1844 1175 1863; x_wconf 78' lang='lat' dir='ltr'><strong>nos</strong></span> <span class='ocrx_word' id='word_1_648' title='bbox 1211 1837 1342 1863; x_wconf 75' lang='lat' dir='ltr'><strong>vixerunt</strong></span> <span class='ocrx_word' id='word_1_649' title='bbox 1370 1835 1525 1863; x_wconf 69' lang='lat' dir='ltr'><strong>Alexander</strong></span> <span class='ocrx_word' id='word_1_650' title='bbox 1554 1835 1784 1871; x_wconf 78' lang='lat' dir='ltr'><strong>Aphrodisiensis,</strong></span> <span class='ocrx_word' id='word_1_651' title='bbox 1810 1834 1841 1861; x_wconf 79' lang='lat' dir='ltr'><strong>ad</strong></span> 
     </span>
    </p>
   </div>
   <div class='ocr_carea' id='block_1_98' title="bbox 1027 1879 1843 1911">
    <p class='ocr_par' dir='ltr' id='par_1_98' title="bbox 1027 1879 1843 1911">
     <span class='ocr_line' id='line_1_98' title="bbox 1027 1879 1843 1911; baseline -0.001 -4"><span class='ocrx_word' id='word_1_652' title='bbox 1027 1881 1120 1908; x_wconf 80' lang='lat' dir='ltr'><strong>omnia</strong></span> <span class='ocrx_word' id='word_1_653' title='bbox 1148 1881 1238 1908; x_wconf 80' lang='lat' dir='ltr'><strong>etiam</strong></span> <span class='ocrx_word' id='word_1_654' title='bbox 1270 1881 1382 1908; x_wconf 60' lang='lat' dir='ltr'><strong>natura?</strong></span> <span class='ocrx_word' id='word_1_655' title='bbox 1418 1880 1571 1907; x_wconf 74' lang='lat' dir='ltr'><strong>occultiora</strong></span> <span class='ocrx_word' id='word_1_656' title='bbox 1608 1879 1785 1911; x_wconf 76' lang='lat' dir='ltr'><strong>enucleanda,</strong></span> <span class='ocrx_word' id='word_1_657' title='bbox 1815 1880 1843 1906; x_wconf 81' lang='lat' dir='ltr'><strong>ut</strong></span> 
     </span>
    </p>
   </div>
   <div class='ocr_carea' id='block_1_99' title="bbox 1026 1922 1841 1960">
    <p class='ocr_par' dir='ltr' id='par_1_99' title="bbox 1026 1922 1841 1960">
     <span class='ocr_line' id='line_1_99' title="bbox 1026 1922 1841 1960; baseline -0.002 -8"><span class='ocrx_word' id='word_1_658' title='bbox 1026 1925 1109 1960; x_wconf 82' lang='lat' dir='ltr'><strong>plura</strong></span> <span class='ocrx_word' id='word_1_659' title='bbox 1123 1925 1217 1960; x_wconf 78' lang='lat' dir='ltr'><strong>paucis</strong></span> <span class='ocrx_word' id='word_1_660' title='bbox 1231 1925 1396 1959; x_wconf 82' lang='lat' dir='ltr'><strong>complectar</strong></span> <span class='ocrx_word' id='word_1_661' title='bbox 1409 1924 1643 1959; x_wconf 78' lang='lat' dir='ltr'><strong>promptissimus.</strong></span> <span class='ocrx_word' id='word_1_662' title='bbox 1660 1925 1739 1951; x_wconf 90' lang='lat' dir='ltr'><strong>Anne</strong></span> <span class='ocrx_word' id='word_1_663' title='bbox 1754 1922 1841 1959; x_wconf 83' lang='lat' dir='ltr'><strong>&#39;paulo</strong></span> 
     </span>
    </p>
   </div>
   <div class='ocr_carea' id='block_1_100' title="bbox 1028 1967 1843 2004">
    <p class='ocr_par' dir='ltr' id='par_1_100' title="bbox 1028 1967 1843 2004">
     <span class='ocr_line' id='line_1_100' title="bbox 1028 1967 1843 2004; baseline -0.001 -8"><span class='ocrx_word' id='word_1_664' title='bbox 1028 1972 1094 1997; x_wconf 87' lang='lat' dir='ltr'><strong>ante</strong></span> <span class='ocrx_word' id='word_1_665' title='bbox 1109 1971 1242 2004; x_wconf 81' lang='lat' dir='ltr'><strong>tempore</strong></span> <span class='ocrx_word' id='word_1_666' title='bbox 1258 1968 1353 1999; x_wconf 89' lang='lat' dir='ltr'><strong>Pselli.</strong></span> <span class='ocrx_word' id='word_1_667' title='bbox 1371 1969 1421 2004; x_wconf 91' lang='lat' dir='ltr'><strong>qui</strong></span> <span class='ocrx_word' id='word_1_668' title='bbox 1446 1969 1500 1996; x_wconf 92' lang='lat' dir='ltr'><strong>sub</strong></span> <span class='ocrx_word' id='word_1_669' title='bbox 1528 1969 1719 1996; x_wconf 86' lang='lat' dir='ltr'><strong>Constantino</strong></span> <span class='ocrx_word' id='word_1_670' title='bbox 1742 1970 1769 1996; x_wconf 92' lang='lat' dir='ltr'><strong>et</strong></span> <span class='ocrx_word' id='word_1_671' title='bbox 1792 1967 1843 1994; x_wconf 87' lang='lat' dir='ltr'><strong>Mi-</strong></span> 
     </span>
    </p>
   </div>
   <div class='ocr_carea' id='block_1_101' title="bbox 1028 2010 1843 2048">
    <p class='ocr_par' dir='ltr' id='par_1_101' title="bbox 1028 2010 1843 2048">
     <span class='ocr_line' id='line_1_101' title="bbox 1028 2010 1843 2048; baseline -0.004 -7"><span class='ocrx_word' id='word_1_672' title='bbox 1028 2013 1127 2041; x_wconf 87' lang='lat' dir='ltr'><strong>chacle</strong></span> <span class='ocrx_word' id='word_1_673' title='bbox 1142 2013 1230 2041; x_wconf 90' lang='lat' dir='ltr'><strong>Ducis</strong></span> <span class='ocrx_word' id='word_1_674' title='bbox 1246 2013 1377 2044; x_wconf 87' lang='lat' dir='ltr'><strong>ﬂorebat,</strong></span> <span class='ocrx_word' id='word_1_675' title='bbox 1394 2013 1555 2040; x_wconf 84' lang='lat' dir='ltr'><strong>Alexander</strong></span> <span class='ocrx_word' id='word_1_676' title='bbox 1569 2010 1843 2048; x_wconf 86' lang='lat' dir='ltr'><strong>Aphrodiensis,qui</strong></span> 
     </span>
    </p>
   </div>
   <div class='ocr_carea' id='block_1_102' title="bbox 1027 2056 1842 2091">
    <p class='ocr_par' dir='ltr' id='par_1_102' title="bbox 1027 2056 1842 2091">
     <span class='ocr_line' id='line_1_102' title="bbox 1027 2056 1842 2091; baseline -0.004 -5"><span class='ocrx_word' id='word_1_677' title='bbox 1027 2059 1082 2086; x_wconf 88' lang='lat' dir='ltr'><strong>sub</strong></span> <span class='ocrx_word' id='word_1_678' title='bbox 1098 2058 1245 2086; x_wconf 83' lang='lat' dir='ltr'><strong>Antonino</strong></span> <span class='ocrx_word' id='word_1_679' title='bbox 1260 2060 1288 2085; x_wconf 91' lang='lat' dir='ltr'><strong>et</strong></span> <span class='ocrx_word' id='word_1_680' title='bbox 1303 2058 1408 2085; x_wconf 88' lang='lat' dir='ltr'><strong>Severo</strong></span> <span class='ocrx_word' id='word_1_681' title='bbox 1424 2057 1693 2091; x_wconf 85' lang='lat' dir='ltr'><strong>scribebat,vixisse</strong></span> <span class='ocrx_word' id='word_1_682' title='bbox 1709 2056 1842 2084; x_wconf 87' lang='lat' dir='ltr'><strong>dicendus</strong></span> 
     </span>
    </p>
   </div>
   <div class='ocr_carea' id='block_1_103' title="bbox 1027 2102 1841 2138">
    <p class='ocr_par' dir='ltr' id='par_1_103' title="bbox 1027 2102 1841 2138">
     <span class='ocr_line' id='line_1_103' title="bbox 1027 2102 1841 2138; baseline -0.002 -8"><span class='ocrx_word' id='word_1_683' title='bbox 1027 2102 1091 2131; x_wconf 85' lang='lat' dir='ltr'><strong>est?</strong></span> <span class='ocrx_word' id='word_1_684' title='bbox 1106 2102 1135 2130; x_wconf 89' lang='lat' dir='ltr'><strong>Si</strong></span> <span class='ocrx_word' id='word_1_685' title='bbox 1151 2102 1387 2138; x_wconf 86' lang='lat' dir='ltr'><strong>octingentorum</strong></span> <span class='ocrx_word' id='word_1_686' title='bbox 1412 2105 1440 2130; x_wconf 89' lang='lat' dir='ltr'><strong>et</strong></span> <span class='ocrx_word' id='word_1_687' title='bbox 1464 2102 1681 2138; x_wconf 83' lang='lat' dir='ltr'><strong>quinquaginta</strong></span> <span class='ocrx_word' id='word_1_688' title='bbox 1705 2109 1841 2129; x_wconf 87' lang='lat' dir='ltr'><strong>annorum</strong></span> 
     </span>
    </p>
   </div>
   <div class='ocr_carea' id='block_1_104' title="bbox 1028 2144 1840 2183">
    <p class='ocr_par' dir='ltr' id='par_1_104' title="bbox 1028 2144 1840 2183">
     <span class='ocr_line' id='line_1_104' title="bbox 1028 2144 1840 2183; baseline -0.002 -9"><span class='ocrx_word' id='word_1_689' title='bbox 1028 2147 1157 2183; x_wconf 84' lang='lat' dir='ltr'><strong>spatium</strong></span> <span class='ocrx_word' id='word_1_690' title='bbox 1188 2147 1337 2174; x_wconf 90' lang='lat' dir='ltr'><strong>modicum</strong></span> <span class='ocrx_word' id='word_1_691' title='bbox 1365 2146 1508 2182; x_wconf 90' lang='lat' dir='ltr'><strong>temporis</strong></span> <span class='ocrx_word' id='word_1_692' title='bbox 1539 2146 1724 2174; x_wconf 88' lang='lat' dir='ltr'><strong>intervallum</strong></span> <span class='ocrx_word' id='word_1_693' title='bbox 1753 2144 1840 2173; x_wconf 88' lang='lat' dir='ltr'><strong>Psello</strong></span> 
     </span>
    </p>
   </div>
   <div class='ocr_carea' id='block_1_105' title="bbox 1027 2188 1840 2227">
    <p class='ocr_par' dir='ltr' id='par_1_105' title="bbox 1027 2188 1840 2227">
     <span class='ocr_line' id='line_1_105' title="bbox 1027 2188 1840 2227; baseline -0.004 -8"><span class='ocrx_word' id='word_1_694' title='bbox 1027 2194 1081 2226; x_wconf 84' lang='lat' dir='ltr'><strong>est,</strong></span> <span class='ocrx_word' id='word_1_695' title='bbox 1098 2191 1175 2227; x_wconf 87' lang='lat' dir='ltr'><strong>quod</strong></span> <span class='ocrx_word' id='word_1_696' title='bbox 1192 2191 1247 2219; x_wconf 91' lang='lat' dir='ltr'><strong>erit</strong></span> <span class='ocrx_word' id='word_1_697' title='bbox 1262 2191 1398 2227; x_wconf 83' lang='lat' dir='ltr'><strong>longum?</strong></span> <span class='ocrx_word' id='word_1_698' title='bbox 1409 2191 1482 2227; x_wconf 85' lang='lat' dir='ltr'><strong>Ergo</strong></span> <span class='ocrx_word' id='word_1_699' title='bbox 1497 2191 1540 2219; x_wconf 93' lang='lat' dir='ltr'><strong>vel</strong></span> <span class='ocrx_word' id='word_1_700' title='bbox 1557 2191 1605 2219; x_wconf 88' lang='lat' dir='ltr'><strong>hic</strong></span> <span class='ocrx_word' id='word_1_701' title='bbox 1620 2190 1735 2219; x_wconf 87' lang='lat' dir='ltr'><strong>libellus</strong></span> <span class='ocrx_word' id='word_1_702' title='bbox 1755 2188 1840 2217; x_wconf 89' lang='lat' dir='ltr'><strong>Psello</strong></span> 
     </span>
    </p>
   </div>
   <div class='ocr_carea' id='block_1_106' title="bbox 1029 2234 1839 2269">
    <p class='ocr_par' dir='ltr' id='par_1_106' title="bbox 1029 2234 1839 2269">
     <span class='ocr_line' id='line_1_106' title="bbox 1029 2234 1839 2269; baseline -0.001 -6"><span class='ocrx_word' id='word_1_703' title='bbox 1029 2236 1097 2264; x_wconf 91' lang='lat' dir='ltr'><strong>huic</strong></span> <span class='ocrx_word' id='word_1_704' title='bbox 1111 2235 1220 2264; x_wconf 87' lang='lat' dir='ltr'><strong>seniori</strong></span> <span class='ocrx_word' id='word_1_705' title='bbox 1236 2235 1431 2263; x_wconf 76' lang='lat' dir='ltr'><strong>vindicandas</strong></span> <span class='ocrx_word' id='word_1_706' title='bbox 1446 2238 1501 2269; x_wconf 83' lang='lat' dir='ltr'><strong>est,</strong></span> <span class='ocrx_word' id='word_1_707' title='bbox 1519 2235 1563 2263; x_wconf 92' lang='lat' dir='ltr'><strong>vel</strong></span> <span class='ocrx_word' id='word_1_708' title='bbox 1579 2235 1603 2263; x_wconf 91' lang='lat' dir='ltr'><strong>si</strong></span> <span class='ocrx_word' id='word_1_709' title='bbox 1620 2235 1744 2263; x_wconf 82' lang='lat' dir='ltr'><strong>sexcenti</strong></span> <span class='ocrx_word' id='word_1_710' title='bbox 1759 2234 1839 2262; x_wconf 76' lang='lat' dir='ltr'><strong>etiam</strong></span> 
     </span>
    </p>
   </div>
   <div class='ocr_carea' id='block_1_107' title="bbox 1028 2278 1839 2316">
    <p class='ocr_par' dir='ltr' id='par_1_107' title="bbox 1028 2278 1839 2316">
     <span class='ocr_line' id='line_1_107' title="bbox 1028 2278 1839 2316; baseline -0.004 -9"><span class='ocrx_word' id='word_1_711' title='bbox 1028 2283 1057 2308; x_wconf 90' lang='lat' dir='ltr'><strong>et</strong></span> <span class='ocrx_word' id='word_1_712' title='bbox 1081 2280 1179 2316; x_wconf 88' lang='lat' dir='ltr'><strong>plures</strong></span> <span class='ocrx_word' id='word_1_713' title='bbox 1204 2279 1272 2307; x_wconf 88' lang='lat' dir='ltr'><strong>anni</strong></span> <span class='ocrx_word' id='word_1_714' title='bbox 1297 2280 1483 2307; x_wconf 89' lang='lat' dir='ltr'><strong>diuturniora</strong></span> <span class='ocrx_word' id='word_1_715' title='bbox 1511 2282 1643 2316; x_wconf 85' lang='lat' dir='ltr'><strong>tempora</strong></span> <span class='ocrx_word' id='word_1_716' title='bbox 1665 2281 1743 2312; x_wconf 83' lang='lat' dir='ltr'><strong>sunt,</strong></span> <span class='ocrx_word' id='word_1_717' title='bbox 1767 2278 1839 2305; x_wconf 89' lang='lat' dir='ltr'><strong>ideo-</strong></span> 
     </span>
    </p>
   </div>
   <div class='ocr_carea' id='block_1_108' title="bbox 1028 2321 1838 2360">
    <p class='ocr_par' dir='ltr' id='par_1_108' title="bbox 1028 2321 1838 2360">
     <span class='ocr_line' id='line_1_108' title="bbox 1028 2321 1838 2360; baseline -0.005 -8"><span class='ocrx_word' id='word_1_718' title='bbox 1028 2332 1084 2360; x_wconf 86' lang='lat' dir='ltr'><strong>que</strong></span> <span class='ocrx_word' id='word_1_719' title='bbox 1110 2332 1161 2352; x_wconf 91' lang='lat' dir='ltr'><strong>nec</strong></span> <span class='ocrx_word' id='word_1_720' title='bbox 1184 2323 1292 2351; x_wconf 87' lang='lat' dir='ltr'><strong>seniori</strong></span> <span class='ocrx_word' id='word_1_721' title='bbox 1315 2324 1502 2357; x_wconf 87' lang='lat' dir='ltr'><strong>tribuendus,</strong></span> <span class='ocrx_word' id='word_1_722' title='bbox 1520 2324 1598 2352; x_wconf 90' lang='lat' dir='ltr'><strong>alius</strong></span> <span class='ocrx_word' id='word_1_723' title='bbox 1612 2323 1696 2351; x_wconf 87' lang='lat' dir='ltr'><strong>nobis</strong></span> <span class='ocrx_word' id='word_1_724' title='bbox 1711 2321 1838 2359; x_wconf 88' lang='lat' dir='ltr'><strong>opusculi</strong></span> 
     </span>
    </p>
   </div>
   <div class='ocr_carea' id='block_1_109' title="bbox 1027 2367 1839 2404">
    <p class='ocr_par' dir='ltr' id='par_1_109' title="bbox 1027 2367 1839 2404">
     <span class='ocr_line' id='line_1_109' title="bbox 1027 2367 1839 2404; baseline -0.004 -8"><span class='ocrx_word' id='word_1_725' title='bbox 1027 2371 1128 2396; x_wconf 90' lang='lat' dir='ltr'><strong>auctor</strong></span> <span class='ocrx_word' id='word_1_726' title='bbox 1152 2369 1327 2404; x_wconf 64' lang='lat' dir='ltr'><strong>querendus</strong></span> <span class='ocrx_word' id='word_1_727' title='bbox 1352 2371 1398 2396; x_wconf 87' lang='lat' dir='ltr'><strong>est</strong></span> <span class='ocrx_word' id='word_1_728' title='bbox 1420 2368 1534 2402; x_wconf 89' lang='lat' dir='ltr'><strong>sedulo,</strong></span> <span class='ocrx_word' id='word_1_729' title='bbox 1559 2377 1596 2396; x_wconf 87' lang='lat' dir='ltr'><strong>ne</strong></span> <span class='ocrx_word' id='word_1_730' title='bbox 1622 2367 1759 2401; x_wconf 86' lang='lat' dir='ltr'><strong>Psellum,</strong></span> <span class='ocrx_word' id='word_1_731' title='bbox 1775 2367 1839 2394; x_wconf 90' lang='lat' dir='ltr'><strong>dum</strong></span> 
     </span>
    </p>
   </div>
   <div class='ocr_carea' id='block_1_110' title="bbox 1027 2412 1842 2449">
    <p class='ocr_par' dir='ltr' id='par_1_110' title="bbox 1027 2412 1842 2449">
     <span class='ocr_line' id='line_1_110' title="bbox 1027 2412 1842 2449; baseline -0.002 -9"><span class='ocrx_word' id='word_1_732' title='bbox 1027 2413 1086 2441; x_wconf 72' lang='lat' dir='ltr'><strong>hzec</strong></span> <span class='ocrx_word' id='word_1_733' title='bbox 1102 2413 1253 2447; x_wconf 85' lang='lat' dir='ltr'><strong>scriberet,</strong></span> <span class='ocrx_word' id='word_1_734' title='bbox 1268 2412 1444 2441; x_wconf 88' lang='lat' dir='ltr'><strong>dormitasse</strong></span> <span class='ocrx_word' id='word_1_735' title='bbox 1460 2413 1657 2449; x_wconf 83' lang='lat' dir='ltr'><strong>nugacissime</strong></span> <span class='ocrx_word' id='word_1_736' title='bbox 1671 2412 1749 2440; x_wconf 80' lang='lat' dir='ltr'><strong>fateri</strong></span> <span class='ocrx_word' id='word_1_737' title='bbox 1764 2418 1842 2446; x_wconf 83' lang='lat' dir='ltr'><strong>coga-</strong></span> 
     </span>
    </p>
   </div>
   <div class='ocr_carea' id='block_1_111' title="bbox 1027 2466 1105 2485">
    <p class='ocr_par' dir='ltr' id='par_1_111' title="bbox 1027 2466 1105 2485">
     <span class='ocr_line' id='line_1_111' title="bbox 1027 2466 1105 2485; baseline 0 -1"><span class='ocrx_word' id='word_1_738' title='bbox 1027 2466 1105 2485; x_wconf 87' lang='lat' dir='ltr'><strong>mur.</strong></span> 
     </span>
    </p>
   </div>
   <div class='ocr_carea' id='block_1_112' title="bbox 1061 2498 1837 2538">
    <p class='ocr_par' dir='ltr' id='par_1_112' title="bbox 1061 2498 1837 2538">
     <span class='ocr_line' id='line_1_112' title="bbox 1061 2498 1837 2538; baseline -0.005 -9"><span class='ocrx_word' id='word_1_739' title='bbox 1061 2503 1110 2529; x_wconf 82' lang='lat' dir='ltr'><strong>XI.</strong></span> <span class='ocrx_word' id='word_1_740' title='bbox 1128 2502 1212 2529; x_wconf 89' lang='lat' dir='ltr'><strong>Liber</strong></span> <span class='ocrx_word' id='word_1_741' title='bbox 1226 2501 1314 2529; x_wconf 85' lang='lat' dir='ltr'><strong>etiam</strong></span> <span class='ocrx_word' id='word_1_742' title='bbox 1329 2501 1444 2529; x_wconf 76' lang='lat' dir='ltr'><strong>Medicus</strong></span> <span class='ocrx_word' id='word_1_743' title='bbox 1469 2503 1498 2529; x_wconf 90' lang='lat' dir='ltr'><strong>et</strong></span> <span class='ocrx_word' id='word_1_744' title='bbox 1523 2501 1730 2538; x_wconf 68' lang='lat' dir='ltr'><strong>Theraponticus</strong></span> <span class='ocrx_word' id='word_1_745' title='bbox 1745 2498 1837 2533; x_wconf 83' lang='lat' dir='ltr'><strong>Pselli,</strong></span> 
     </span>
    </p>
   </div>
   <div class='ocr_carea' id='block_1_113' title="bbox 1026 2543 1837 2582">
    <p class='ocr_par' dir='ltr' id='par_1_113' title="bbox 1026 2543 1837 2582">
     <span class='ocr_line' id='line_1_113' title="bbox 1026 2543 1837 2582; baseline -0.002 -10"><span class='ocrx_word' id='word_1_746' title='bbox 1026 2553 1113 2581; x_wconf 92' lang='lat' dir='ltr'><strong>quem</strong></span> <span class='ocrx_word' id='word_1_747' title='bbox 1129 2546 1318 2573; x_wconf 85' lang='lat' dir='ltr'><strong>Constantino</strong></span> <span class='ocrx_word' id='word_1_748' title='bbox 1335 2546 1622 2582; x_wconf 76' lang='lat' dir='ltr'><strong>Porphyrogennetss,</strong></span> <span class='ocrx_word' id='word_1_749' title='bbox 1639 2545 1696 2573; x_wconf 90' lang='lat' dir='ltr'><strong>nisi</strong></span> <span class='ocrx_word' id='word_1_750' title='bbox 1720 2552 1770 2572; x_wconf 87' lang='lat' dir='ltr'><strong>nos</strong></span> <span class='ocrx_word' id='word_1_751' title='bbox 1793 2543 1837 2570; x_wconf 92' lang='lat' dir='ltr'><strong>lu-</strong></span> 
     </span>
    </p>
   </div>
   <div class='ocr_carea' id='block_1_114' title="bbox 1025 2586 1834 2626">
    <p class='ocr_par' dir='ltr' id='par_1_114' title="bbox 1025 2586 1834 2626">
     <span class='ocr_line' id='line_1_114' title="bbox 1025 2586 1834 2626; baseline -0.005 -9"><span class='ocrx_word' id='word_1_752' title='bbox 1025 2589 1067 2617; x_wconf 85' lang='lat' dir='ltr'><strong>dit</strong></span> <span class='ocrx_word' id='word_1_753' title='bbox 1094 2589 1260 2626; x_wconf 88' lang='lat' dir='ltr'><strong>inscriptio,</strong></span> <span class='ocrx_word' id='word_1_754' title='bbox 1289 2590 1479 2626; x_wconf 88' lang='lat' dir='ltr'><strong>nuncupavit,</strong></span> <span class='ocrx_word' id='word_1_755' title='bbox 1509 2590 1581 2618; x_wconf 84' lang='lat' dir='ltr'><strong>forte</strong></span> <span class='ocrx_word' id='word_1_756' title='bbox 1618 2589 1706 2618; x_wconf 89' lang='lat' dir='ltr'><strong>Psello</strong></span> <span class='ocrx_word' id='word_1_757' title='bbox 1734 2586 1834 2616; x_wconf 88' lang='lat' dir='ltr'><strong>seniori</strong></span> 
     </span>
    </p>
   </div>
   <div class='ocr_carea' id='block_1_115' title="bbox 940 2670 1054 2699">
    <p class='ocr_par' dir='ltr' id='par_1_115' title="bbox 940 2670 1054 2699">
     <span class='ocr_line' id='line_1_115' title="bbox 940 2670 1054 2699; baseline -0.009 0"><span class='ocrx_word' id='word_1_758' title='bbox 940 2670 1054 2699; x_wconf 71' lang='lat' dir='ltr'><strong>NOTIE.</strong></span> 
     </span>
    </p>
   </div>
   <div class='ocr_carea' id='block_1_116' title="bbox 189 2737 1397 2779">
    <p class='ocr_par' dir='ltr' id='par_1_116' title="bbox 189 2737 1397 2779">
     <span class='ocr_line' id='line_1_116' title="bbox 189 2737 1397 2779; baseline 0.003 -13"><span class='ocrx_word' id='word_1_759' title='bbox 189 2739 223 2776; x_wconf 80' lang='lat' dir='ltr'><strong>(g)</strong></span> <span class='ocrx_word' id='word_1_760' title='bbox 236 2738 276 2767; x_wconf 88' lang='lat' dir='ltr'><strong>De</strong></span> <span class='ocrx_word' id='word_1_761' title='bbox 295 2737 350 2767; x_wconf 85' lang='lat' dir='ltr'><strong>hoc</strong></span> <span class='ocrx_word' id='word_1_762' title='bbox 360 2738 437 2767; x_wconf 86' lang='lat' dir='ltr'><strong>infra</strong></span> <span class='ocrx_word' id='word_1_763' title='bbox 451 2739 465 2774; x_wconf 87' lang='lat'><strong>§</strong></span> <span class='ocrx_word' id='word_1_764' title='bbox 477 2739 523 2768; x_wconf 85' lang='lat'><strong>39.</strong></span> <span class='ocrx_word' id='word_1_765' title='bbox 540 2739 652 2768; x_wconf 83' lang='lat' dir='ltr'><strong>Laudat</strong></span> <span class='ocrx_word' id='word_1_766' title='bbox 665 2742 694 2768; x_wconf 87' lang='lat' dir='ltr'><strong>et</strong></span> <span class='ocrx_word' id='word_1_767' title='bbox 708 2739 831 2770; x_wconf 72' lang='lat' dir='ltr'><strong>Allatius</strong></span> <span class='ocrx_word' id='word_1_768' title='bbox 846 2740 919 2769; x_wconf 89' lang='lat' dir='ltr'><strong>diss.</strong></span> <span class='ocrx_word' id='word_1_769' title='bbox 936 2741 972 2769; x_wconf 87' lang='lat' dir='ltr'><strong>de</strong></span> <span class='ocrx_word' id='word_1_770' title='bbox 984 2740 1223 2779; x_wconf 77' lang='lat' dir='ltr'><strong>Engastrimytho</strong></span> <span class='ocrx_word' id='word_1_771' title='bbox 1238 2749 1264 2771; x_wconf 81' lang='grc' dir='ltr'><strong>ο.</strong></span> <span class='ocrx_word' id='word_1_772' title='bbox 1279 2742 1297 2769; x_wconf 85' lang='lat'><strong>2</strong></span> <span class='ocrx_word' id='word_1_773' title='bbox 1311 2744 1340 2771; x_wconf 82' lang='lat' dir='ltr'><strong>et</strong></span> <span class='ocrx_word' id='word_1_774' title='bbox 1351 2741 1397 2771; x_wconf 77' lang='grc'><strong>46.</strong></span> 
     </span>
    </p>
   </div>
  </div>
