1937 3050
64 113 116 142 485

682 111 868 142 DlATRIBA
894 112 942 142 DE
968 113 1135 144 PSELLIS.

1700 116 1759 146 486

63 176 230 205 tribuendus
241 178 296 209 est,
313 175 339 204 si
354 176 443 203 vitam
459 184 492 204 eo
509 184 603 212 usque
619 177 778 212 protraxit;
795 179 873 205 certe
887 178 915 211 Α
930 177 1056 214 firmant,
1072 178 1140 206 huic
1157 179 1262 206 Nicetze
1279 178 1377 206 Davidi
1393 179 1538 207 tribuunt.
1553 179 1666 208 Habent
1677 181 1756 209 enim

65 219 210 249 recentiori
223 222 357 256 tempora
377 222 494 256 negant.

94 266 153 294 XII.
182 264 348 292 Verisimile
365 265 464 301 itaque
480 269 534 300 est,
550 265 679 294 Psellum
696 265 774 294 hunc
795 266 880 302 plura

63 311 89 338 in
103 310 300 344 PhilosOphicis
329 309 481 338 Rhetoricis
505 311 723 346 composuisse.
757 311 791 338 At
821 319 878 338 non

62 355 182 390 scripsit,
196 354 324 390 inquies,
351 354 496 390 quidquid
512 355 547 382 de
563 355 629 383 aliis
654 355 703 388 sit,
720 355 748 382 in
765 355 879 383 Simeo-

63 407 123 427 nem
153 399 381 434 Metaphrastem
411 399 640 435 panegyricum,
671 402 703 427 ut
735 400 879 427 Baronius

64 444 190 478 somniat,
203 443 240 479 [9]
257 452 324 471 cum
340 443 424 471 illum
439 444 552 472 Psellus
561 444 706 472 recentior
714 444 877 480 scripserit.

63 490 149 522 Quare
165 488 308 515 Baronius
325 489 418 516 falsus
441 491 496 523 est,
521 491 549 516 et
570 488 600 516 in
620 488 726 522 Psello,
743 497 830 523 quem
848 488 877 515 in

63 533 135 560 aliud
150 535 267 568 tempus
283 533 434 567 amandat,
445 536 472 560 et
482 533 511 560 in
524 533 732 569 Metaphraste,
742 541 829 568 quem
841 532 878 560 ob

62 577 261 613 imaginarium
283 577 411 604 Psellum
433 577 518 605 annis
541 578 615 605 ferre
639 577 784 610 ducentis,
798 579 878 604 ante-

63 630 144 657 quam
160 624 245 655 esset,
256 630 341 649 suam
353 621 486 649 Ecclesiae
505 630 623 657 operam
639 621 821 649 contuluisse
848 621 878 648 in

61 666 224 694 enarraudis
240 669 410 694 sanctorum
425 667 492 693 vitis
504 666 663 694 contendit.
681 666 738 694 Nec
757 665 878 693 feliciori

61 714 156 738 eventu
172 710 370 738 Bellarminus
386 711 421 738 de
439 711 637 747 Scriptoribus
655 710 877 745 Ecclesiasticis,

62 754 161 782 saeculo
173 763 210 790 ix,
226 763 304 782 anno
315 755 367 782 850
383 768 390 788 ;
414 754 542 783 Jacobus
559 755 715 783 Gaulterus
732 755 761 782 in
778 755 878 783 tabula

62 799 259 835 Chronblogica,
273 799 379 827 saeculo
395 808 434 834 IX,
452 808 518 836 pag.
531 800 602 834 598;
616 800 744 828 Jacobus
765 799 879 828 Gretse-

63 853 105 872 rus
120 844 155 872 De
166 844 336 879 imaginibus
351 852 435 872 manu
452 852 506 872 non
520 845 603 879 factis
618 853 643 871 c.
662 845 705 879 10,
718 847 746 872 et
757 844 816 878 alii,
829 844 880 872 Ba-

63 888 171 916 ronium
188 889 284 916 secuti
300 892 378 916 sunt.

93 932 163 960 XIII.
177 933 226 960 llic
238 933 367 961 historia;
383 933 586 961 ecclesiastica:
603 933 714 968 hostes,
731 935 759 961 et
769 933 878 961 Simeo-

64 977 104 1005 nis
119 977 322 1013 Metaphrasta:
338 977 471 1006 acerrimi
481 978 642 1006 defensoris
649 980 878 1014 oppugnatores,

65 1025 205 1049 tantorum
220 1023 349 1050 virorum
363 1023 447 1058 lapsu
464 1023 648 1058 triumphare
659 1022 714 1050 sibi
731 1023 877 1050 videntur.

61 1067 111 1094 Sed
127 1066 205 1094 nulla
233 1067 262 1094 id
290 1067 416 1094 evidenti
445 1067 557 1095 ratione
583 1070 738 1100 conantur,
771 1068 800 1094 ni
829 1075 877 1095 me

63 1119 121 1139 mea
137 1111 210 1139 fallit
241 1111 351 1148 opinio.
379 1111 464 1139 Pselli
495 1114 627 1147 tempora
655 1111 798 1139 Baronius
819 1120 877 1139 non

62 1156 200 1190 distinxit;
219 1158 249 1183 at
266 1165 393 1192 quonam
421 1156 476 1192 ipsi
493 1157 579 1184 modo
595 1156 804 1192 distinguunt?
819 1156 878 1192 Ipsi

62 1200 226 1236 Panegyrim
242 1200 325 1227 illam
343 1201 371 1228 in
397 1200 622 1235 Metaphrastem
639 1200 752 1227 Juniori
776 1199 880 1235 Psello,

62 1245 107 1271 sed
132 1252 260 1280 quonam
274 1248 446 1279 argumento
458 1244 643 1280 adjudicant?
654 1244 775 1272 Prorsus
788 1244 879 1272 nullo.

64 1290 212 1316 Auctorem
238 1288 321 1316 illius
349 1288 488 1316 orationis
519 1289 644 1316 Psellum
662 1289 786 1316 alterum
807 1297 881 1323 esse,

64 1342 117 1361 non
131 1333 234 1361 Leonis
252 1333 422 1370 Philosophi
439 1333 616 1370 magistrum
635 1342 788 1369 nunquam
804 1334 882 1361 evin-

63 1380 131 1405 cent.
148 1378 276 1414 Scripsit
287 1378 335 1405 ille
351 1377 487 1413 plurima,
505 1380 538 1405 ut
549 1377 695 1406 versimile
712 1381 774 1412 est;
791 1386 882 1413 quare

65 1430 115 1450 non
132 1425 158 1449 et
173 1422 249 1450 hanc
261 1422 422 1450 orationem
435 1422 561 1450 scribere
571 1422 717 1458 potuit?Et
727 1423 882 1458 scripsisse

64 1470 233 1502 argumunto
245 1466 302 1494 hoc
317 1467 352 1494 ad
370 1467 554 1503 probandum
572 1467 753 1501 ﬁrmissimo,
780 1467 810 1494 ni
836 1475 882 1494 me

64 1512 170 1540 codices
179 1511 378 1547 manuscripti
390 1511 505 1545 fallunt,
516 1512 545 1539 ni
562 1511 628 1547 ipsi,
641 1511 689 1547 qui
700 1512 880 1539 contrarium

62 1559 202 1591 astruunt,
227 1556 342 1592 lapides
365 1559 447 1591 sunt,
470 1557 688 1584 demonstrabo.
712 1557 880 1584 Concedaut
895 1549 916 1583 Ο

63 1602 87 1627 et
101 1601 258 1628 concedere
287 1601 395 1628 debent
423 1600 563 1628 orationis
594 1603 745 1636 parentem
771 1608 882 1636 cogno~

67 1647 157 1672 mento
183 1644 314 1673 Psellum
341 1645 443 1679 fuisse,
470 1644 632 1680 vixisseque
660 1653 717 1672 non
746 1645 794 1672 diu
817 1647 883 1681 post

65 1689 262 1725 Mstaphrastze
286 1692 429 1726 tempora.
446 1690 486 1717 En
511 1689 591 1717 illius
609 1689 697 1717 verba
712 1687 883 1725 (Ιι);Ἕδειξι

65 1733 111 1770 γὰρ
138 1734 184 1760 κάν
210 1735 252 1769 τῷ
280 1732 352 1760 τέλιι
381 1733 477 1764 ὁποῖος
502 1732 575 1768 αὖτῷ
598 1733 612 1759 ὁ
635 1731 881 1769 διεπουδασμὲνος

66 1777 118 1814 βίος
146 1777 307 1815 ἐτύγχανεν·
324 1775 372 1805 ὥν.
402 1778 441 1806 Οὐ
465 1777 515 1816 γὰρ
540 1776 629 1815 ὥσπερ
654 1780 816 1813 τετιμῆσθαι
837 1777 882 1804 αὑ-

64 1822 104 1848 τὸν
131 1823 156 1849 οἱ
185 1821 387 1860 συνεωρακότες
416 1823 505 1860 φασὶν,
538 1820 600 1849 οὐδὲ
630 1820 789 1860 διῃρῆσθαι,
820 1821 883 1849 ἀλλ’

66 1865 144 1894 ἐδόκει
182 1866 275 1904 ὥσπερ
314 1867 388 1897 τινὸς
428 1865 529 1902 δέσμης
557 1866 808 1904 ἐλευθερούμενος,
838 1867 881 1893 καὶ

65 1911 183 1949 εὐμαρῶς
212 1911 283 1948 πρὸς
302 1910 365 1941 τοὺς
382 1909 495 1948 ἄγοντας
518 1909 651 1948 ἀγγέλους
679 1910 883 1947 ἀνατεινόμενος

63 1955 180 1992 νεύματι.
212 1958 242 1983 Μ
274 1959 319 1983 est
335 1965 342 1984 :
361 1956 428 1984 Nam
443 1957 485 1984 vel
500 1957 530 1984 in
554 1956 609 1991 ﬁne
631 1955 758 1989 ostendit,
777 1956 885 1991 qualem

63 2002 145 2028 vitum
159 2002 264 2037 egerat.
282 2001 340 2029 Non
363 2002 438 2028 enim
466 2008 529 2028 eum
548 2001 633 2028 veluti
657 2000 821 2034 abscissum,
836 2002 884 2028 aut

63 2045 177 2073 diuisum
190 2047 282 2081 fuisse
296 2045 393 2073 dicunt
408 2045 494 2081 ii,qui
510 2045 640 2073 viderunt
656 2054 661 2073 :
674 2046 725 2073 sed
742 2045 885 2074 videbatur

64 2092 146 2119 veluti
159 2099 178 2118 α
193 2093 313 2126 quodam
338 2090 449 2118 vinculo
473 2090 597 2125 liberari,
622 2091 648 2118 et
669 2090 760 2117 hilari
773 2093 844 2117 nutu
857 2098 884 2118 se

61 2137 199 2166 extendere
214 2135 250 2163 ad
267 2135 392 2162 ducentes
417 2135 534 2170 angelos.
552 2134 652 2170 Neque
679 2142 784 2170 negare
801 2137 883 2170 pote-

62 2184 135 2215 runt,
150 2181 284 2209 Nicetam
299 2179 361 2215 qui,
376 2181 403 2206 et
418 2179 506 2207 David
529 2179 692 2212 dicebatur,
719 2178 882 2214 Paphalgo-

894 866 917 898 Β

934 223 1004 250 satis
1029 223 1196 257 evidenter,
1221 223 1326 256 Νικήτα
1353 222 1505 260 φιλοσόφου
1532 225 1580 250 τοῦ
1610 224 1757 261 Παφλαγο-

933 266 991 297 νίας
1020 267 1077 302 [10]
1102 266 1247 304 Ἐρμηνεία
1272 267 1310 297 εἷς
1334 266 1367 293 τὰ
1396 264 1447 302 ἔπη
1473 269 1522 294 τοῦ
1548 267 1694 305 Θεολόγου.
1716 272 1758 304 Et,

934 311 1040 346 Νικήτα
1054 313 1102 338 τοῦ
1115 311 1159 338 καὶ
1177 310 1279 346 Δαυ³ιδ¹,
1296 311 1440 349 Ἐξήγησις
1458 311 1495 343 εἰς
1510 312 1543 339 τὰ
1566 312 1644 341 αὐτὰ.
1660 315 1762 342 Niceno

935 356 1094 392 Philosophi
1111 356 1306 392 Paphlagoniae
1329 357 1470 392 Expositio
1487 358 1518 384 in
1533 357 1667 384 Carmina
1683 358 1763 386 Theo-

935 401 1001 436 logi,
1024 403 1050 428 et
1074 401 1186 435 Nicelaz,
1215 402 1264 436 qui
1284 402 1309 428 et
1336 401 1436 435 David,
1451 402 1590 437 expositio
1606 403 1635 430 in
1651 403 1756 431 eadem.

934 445 1034 480 Neque
1059 445 1095 472 ab
1127 445 1172 472 his
1199 445 1306 472 diversi
1331 448 1402 473 sunt
1423 446 1539 474 codices
1562 455 1633 474 mss.
1659 448 1759 483 Augu-

934 489 1022 522 stani;
1039 490 1254 525 confirmatque
1269 490 1359 517 editio
1376 491 1486 518 Veneta
1511 491 1566 518 sub
1582 498 1658 520 anno
1674 492 1758 520 1563.

935 534 970 561 Ut
986 534 1053 561 hinc
1070 534 1168 561 videas
1186 542 1244 562 una
1259 536 1302 562 tot
1331 535 1598 570 manuscriptorum
1623 536 1758 564 codicum

935 578 1161 614 conspiratione,
1191 587 1249 606 non
1274 578 1362 606 unius
1387 580 1589 615 exscriptorisf
1604 580 1760 608 oscitantia

934 622 1052 650 illarum
1067 623 1284 658 expositionum
1300 623 1502 651 immutatum‘
1520 625 1569 652 sed
1587 625 1759 652 continuata

934 667 1009 694 serie
1040 667 1175 702 pluribus
1197 667 1433 702 comprobatum,
1454 671 1601 696 auctorem
1628 669 1758 696 Nicetam

935 711 1036 745 fuisse,
1054 712 1103 747 qui
1125 713 1152 738 et
1171 711 1260 739 David
1273 713 1302 738 et
1314 711 1460 748 Paphalgo
1476 712 1758 748 Philosophusdice-

934 755 1031 783 batur.
1048 756 1154 783 Serron
1171 755 1270 791 itaque
1292 755 1407 784 Nicetas
1423 758 1451 783 et
1475 757 1563 784 David
1582 757 1756 785 auctoritate

936 800 1038 828 horum
1057 801 1188 828 codicum
1207 808 1284 827 unus
1300 803 1345 828 est
1360 804 1388 828 et
1401 800 1477 828 idem
1504 803 1616 829 auctor.
1635 801 1672 829 Ea
1688 810 1758 838 prae,

935 853 1068 880 sequere,
1084 845 1122 872 mi
1135 844 1297 872 Gaﬂ'arelle.
1310 845 1436 877 Nicetas,
1449 848 1552 881 printer
1563 847 1760 882 expositiones

934 890 963 917 in
980 890 1110 925 Gregorii
1127 889 1283 922 orationes,
1301 892 1328 917 et
1344 890 1401 917 alia
1416 890 1526 926 ingenii
1551 891 1596 918 sui
1622 891 1650 918 in
1678 891 1759 919 omni

933 942 1039 970 genere
1056 934 1270 966 doctrinarum,
1287 934 1402 961 erudita
1418 943 1488 962 sane
1502 937 1530 962 et
1545 935 1631 963 docta
1655 945 1758 964 monu-

935 981 1043 1012 menta,
1061 978 1089 1005 in
1107 977 1162 1005 divi
1181 978 1263 1005 Lucas
1292 978 1492 1013 Evangelium,
1517 981 1647 1014 quatuor
1676 979 1759 1008 libris

934 1023 1115 1053 distinctam,
1143 1022 1216 1049 satis
1240 1022 1358 1049 uberem
1379 1024 1408 1049 et
1423 1022 1602 1050 luculentam
1619 1026 1759 1052 Catenam

933 1076 966 1094 ex
983 1067 1118 1103 pluribus
1134 1066 1269 1094 Patribus
1285 1068 1314 1093 et
1334 1067 1527 1102 scriptoribus
1553 1068 1759 1097 ecclesiasticis

932 1113 1053 1139 venuste
1070 1111 1228 1138 admodum
1244 1111 1444 1146 concinnavit;
1463 1111 1539 1139 inter
1567 1121 1616 1140 eos
1631 1121 1687 1140 non
1713 1114 1758 1141 in-

939 1156 999 1184 ﬁmi
1016 1158 1086 1184 sunt
1108 1155 1225 1183 Simeon
1250 1155 1443 1191 Metaphrates
1466 1159 1494 1184 et
1519 1157 1641 1184 Psellus.
1663 1158 1759 1186 Fateri

938 1209 1095 1237 possumus
1110 1208 1186 1234 ergo,
1210 1200 1337 1228 Psellum
1354 1201 1444 1234 hunc,
1461 1201 1511 1236 qui
1537 1202 1592 1229 sub
1617 1205 1759 1230 Constan-

936 1246 997 1272 tino
1014 1244 1093 1272 Duca
1111 1244 1218 1277 ﬂoruit,
1236 1246 1319 1272 esse?
1337 1247 1447 1280 Apage.
1473 1245 1555 1273 Mersa
1577 1255 1670 1281 nugae.
1688 1249 1760 1274 Ante

936 1289 1042 1317 Nicete
1058 1291 1193 1324 tempora
1209 1288 1318 1316 ohiisse
1348 1297 1414 1316 eum
1444 1294 1520 1317 certo
1545 1293 1669 1320 constat.
1687 1291 1759 1319 Eum

937 1334 971 1361 de
983 1342 1056 1361 novo
1072 1335 1138 1369 post
1149 1332 1280 1361 Nicetam
1296 1333 1434 1361 revixisse
1451 1333 1573 1369 probent
1587 1334 1652 1370 ipsi,
1669 1335 1692 1363 si
1711 1344 1759 1371 po-

936 1381 1047 1406 terunt.

971 1423 1047 1450 XIV.
1065 1424 1277 1458 Argumentum
1294 1422 1347 1449 hoc
1359 1430 1429 1450 sane
1440 1423 1552 1457 efﬁcax,
1565 1424 1637 1451 mihi
1649 1424 1678 1451 in
1689 1433 1759 1461 prae-

937 1467 1040 1500 sentia,
1061 1470 1093 1494 ut
1109 1474 1206 1494 verum
1236 1466 1338 1501 fateor,
1368 1475 1424 1493 non
1450 1467 1602 1495 satisfecit.
1624 1468 1681 1496 Nec
1704 1469 1759 1497 (ide

938 1513 1204 1547 manuscriptorum
1230 1512 1377 1547 codicum,
1404 1520 1477 1548 quos
1501 1521 1591 1549 supra
1615 1514 1759 1548 recensui,

935 1557 1066 1584 Nicetam
1083 1557 1223 1584 Davidem
1240 1557 1375 1584 eumdem
1391 1565 1455 1584 esse
1480 1565 1547 1585 cum
1572 1558 1672 1586 Niceta
1691 1559 1759 1586 Ser-

937 1611 1015 1635 rone,
1032 1601 1146 1629 Catenae
1158 1601 1185 1628 in
1198 1601 1303 1628 Lucam
1318 1601 1507 1637 compilatore
1519 1603 1674 1638 probatum
1686 1604 1758 1631 satis

937 1649 1024 1682 puto:
1042 1645 1163 1682 longum
1194 1645 1271 1672 enim
1302 1646 1442 1682 temporis
1471 1646 1656 1675 intervallum
1682 1648 1759 1675 inter

938 1693 1096 1726 utrumque
1122 1690 1324 1718 intercessisse
1349 1690 1498 1718 existimo.
1537 1691 1609 1719 Nam
1641 1692 1757 1720 Nicetes

937 1734 1202 1768 Serron,diaconus
1219 1734 1345 1770 primum
1363 1734 1474 1770 Magnae
1489 1735 1633 1768 Ecclesiae,
1650 1739 1678 1763 et
1695 1745 1758 1764 ma-

938 1780 1037 1816 gister,
1063 1787 1114 1806 seu
1130 1779 1240 1807 doctor.
1270 1778 1384 1806 Catenae
1402 1779 1430 1805 in
1448 1779 1568 1813 Lucam,
1591 1780 1759 1808 Matthieum

937 1827 966 1851 et
977 1823 1049 1851 alios
1065 1825 1175 1857 auctor,
1190 1825 1218 1850 et
1233 1822 1434 1850 Heracleensis
1454 1825 1553 1859 postea
1564 1824 1761 1860 archiepisco-

939 1877 1005 1904 pus,
1022 1867 1126 1895 iisdem
1143 1875 1210 1894 cum
1231 1866 1431 1903 Thephylacto
1457 1867 1676 1904 archiepiscopo
1697 1869 1762 1896 Bul-

938 1912 1024 1949 garia
1052 1912 1236 1947 temporibus
1264 1911 1372 1944 ﬂoruit,
1389 1913 1424 1939 ad
1442 1919 1527 1948 quem
1541 1921 1647 1940 nonam
1665 1913 1761 1941 Theo-

938 1957 1067 1993 phylacti
1083 1955 1237 1991 epistolam
1255 1956 1331 1982 inter
1342 1955 1502 1992 impressas
1517 1965 1533 1983 a
1544 1957 1681 1993 Meursio,
1693 1957 1761 1994 legi.

938 2001 992 2029 Sed
1008 2002 1044 2028 de
1059 2000 1104 2028 his
1121 1999 1196 2027 alius
1213 1999 1268 2026 erit
1282 1999 1449 2035 inquirendi
1466 2000 1557 2029 locus.

973 2045 1031 2073 XV.
1045 2045 1125 2077 Quod
1143 2044 1167 2072 si
1181 2046 1353 2072 novatorum
1379 2044 1520 2074 doctrinis
1545 2045 1681 2074 insistere
1703 2047 1763 2075 vel-

938 2090 1006 2123 lem,
1027 2089 1241 2125 Metaphrastes
1256 2089 1285 2116 in
1302 2088 1406 2116 ultima
1429 2089 1600 2118 Christianas
1627 2091 1761 2119 Ecclesia:

938 2134 1113 2170 antiquitate
1129 2133 1203 2169 ipsis
1215 2134 1304 2161 etiam
1320 2133 1519 2169 apostolorum
1537 2134 1691 2171 discipulis
1700 2134 1763 2173 σύγ-

937 2188 1036 2216 χρονος
1055 2177 1120 2213 fuit,
1132 2180 1247 2206 tantum
1258 2178 1342 2205 abest
1354 2178 1617 2206 utrecentissimus
1632 2179 1680 2207 sit.
1708 2180 1761 2208 No-

61 2235 123 2255 uem
140 2226 205 2254 divo
233 2223 347 2260 Ignatio
369 2222 702 2259 Constantinopolitano,
728 2222 882 2258 «aqualem,
899 2233 921 2265 υ
937 2224 992 2251 dus
1007 2231 1092 2258 quem
1110 2222 1218 2257 nescio,
1233 2230 1269 2249 an
1287 2230 1415 2257 unquam
1429 2223 1761 2258 expedientadversarii.

61 2272 161 2299 iisdem
177 2277 246 2298 cum
263 2267 388 2296 senioris
404 2267 556 2296 Michaelis
581 2267 667 2295 Pselli
689 2268 882 2303 temporibus,

61 2315 172 2352 scriptis
188 2313 279 2343 editis
295 2313 530 2348 celeberrimum,
553 2313 671 2341 vixisse.
690 2313 754 2348 Ipso
771 2313 823 2340 hoc
847 2313 883 2340 de

62 2369 98 2394 se,
108 2361 135 2387 in
152 2358 300 2396 principio
312 2357 383 2384 Vitae
398 2357 501 2393 Ignatii
514 2365 530 2384 θ.
544 2365 575 2384 se
591 2356 881 2392 conscriptatradit.

61 2405 185 2433 Nicetam
203 2403 284 2430 hunc
294 2401 429 2429 eumdem
446 2409 512 2428 cum
525 2401 759 2429 NicetaSerrone
772 2401 883 2428 iaciunt

61 2449 185 2485 plerique
202 2446 321 2475 codices
336 2445 479 2473 Vaticani.
503 2445 718 2481 Expositionem
735 2445 882 2481 siquidem

61 2493 88 2521 in
103 2493 240 2521 Carmina
255 2490 386 2526 Gregorii
413 2489 598 2523 Nazianzeni,
625 2491 767 2526 ejusdem,
789 2490 839 2525 qui
855 2491 884 2517 et

64 2538 89 2565 in
102 2537 156 2565 alia
168 2535 302 2572 Gregorii
314 2536 531 2562 commentatus
551 2536 596 2562 est
619 2534 737 2569 Nicetes,
749 2534 883 2562 Serronis

63 2581 178 2616 scilicet,
195 2580 276 2617 quod
297 2581 325 2607 et
339 2578 459 2615 plurimi
476 2578 591 2607 codices
608 2578 801 2615 manuscripti
817 2586 884 2606 con-

938 2266 1096 2299 Gesnerus,
1107 2268 1135 2294 et
1150 2266 1213 2301 ejus
1225 2266 1404 2301 Epitomator
1427 2267 1626 2302 suspicantur,
1654 2268 1761 2304 Hippo-

938 2311 1175 2347 lytumThebanu
1182 2319 1208 2338 m
1215 2310 1360 2344 ,Chronici
1367 2310 1563 2338 Ecclesiastici
1576 2311 1762 2347 scriptorem,

938 2355 1022 2390 cujus
1036 2355 1234 2391 fragmentum
1256 2354 1391 2382 Canisius
1416 2355 1445 2381 in
1468 2356 1604 2391 Antiquit.
1621 2357 1693 2383 tom.
1711 2356 1760 2391 III,

941 2399 1025 2428 nobis
1041 2402 1137 2427 Graece
1148 2402 1176 2427 et
1200 2399 1300 2426 Latine
1331 2398 1472 2432 exhibuit,
1490 2399 1574 2427 illum
1590 2408 1665 2435 esse,
1677 2401 1763 2436 cujus

938 2445 1134 2480 Hieronymus
1150 2443 1284 2470 meminit
1301 2443 1330 2470 in
1345 2442 1419 2471 libro
1443 2444 1480 2471 De
1503 2445 1572 2472 viris
1595 2445 1760 2481 illustribus,

938 2489 1127 2516 Portuensem
1146 2488 1300 2520 duntaxat,
1318 2496 1371 2515 nec
1387 2488 1565 2524 incongrue;
1584 2497 1651 2517 cum
1667 2492 1695 2517 et
1710 2490 1761 2518 Ni-

939 2533 1084 2568 cephorus
1110 2531 1245 2560 Callistus
1277 2532 1376 2560 Hister.
1402 2533 1505 2560 Eccles.
1535 2533 1585 2560 lib.
1616 2542 1646 2567 n,
1677 2542 1700 2561 c.
1732 2535 1759 2568 3,

939 2577 1052 2613 Glycas,
1075 2577 1107 2612 (i)
1136 2578 1165 2604 et
1195 2576 1248 2611 [11]
1277 2575 1446 2604 Theodorus
1476 2577 1633 2605 Metochita
1651 2577 1680 2606 in
1705 2579 1760 2606 An-

856 2645 961 2674 NOT/E

78 2699 131 2761 ἐξῆ)
145 2698 231 2740 Apud
247 2696 387 2725 Allatium
407 2697 443 2725 de
465 2696 653 2725 Simeonibus
667 2705 695 2732 p.
711 2697 773 2724 335.
791 2696 882 2729 Quem

78 2743 85 2761 ι
106 2744 121 2761 e
135 2738 223 2761 etiam
241 2742 271 2761 ο.
290 2733 324 2760 48
339 2740 402 2761 sec.

60 2733 127 2763 vide'
135 2733 223 2763 etiam
241 2742 271 2769 p.
282 2733 324 2769 748
339 2740 402 2768 seq.

92 2770 124 2810 (i)
139 2767 338 2808 Glyce‘etiam
354 2767 424 2797 sunt
434 2776 508 2804 quos
518 2767 574 2797 sub
589 2767 753 2797 Metochitaa
764 2767 882 2798 nomine

937 2694 1059 2724 annales
1074 2693 1222 2722 Meursius
1237 2693 1340 2731 edidit.
1360 2693 1533 2731 Hippolytus
1548 2703 1613 2725 vero
1626 2695 1761 2725 Chronici

938 2734 1040 2761 auctor
1055 2730 1154 2759 ﬂoruit
1169 2729 1275 2758 saeculo
1290 2729 1338 2758 XI.
