1937 3050
54 81 110 113 489

671 80 856 111 ΠῘΑἸἫΙΒΑ
879 82 931 112 DE
953 83 1125 115 PSELLIS.

1703 89 1766 120 490

55 147 230 184 κεκτημένος,
257 147 335 184 βαθεῖ
356 157 386 173 τε
410 144 524 182 πλούτῳ
539 148 646 182 κομῶν,
661 146 705 173 καὶ
722 146 762 178 οἷς
785 145 813 173 ἅν
837 157 879 178 τις

970 157 1073 178 meone
1105 153 1281 189 conscriptis
1305 154 1421 191 aliquas
1455 163 1473 183 a
1499 155 1668 190 junioribus
1695 163 1760 183 esse

58 193 122 231 πρὸς
154 191 295 219 παίδευσιν
318 190 508 226 ἀποκνήσειεν.
534 191 568 219 Et
591 191 662 227 quod
683 193 723 219 est
754 192 879 219 admira-

58 239 148 270 bilius,
163 239 189 265 et
205 238 315 272 propter
329 236 399 271 quod
415 236 497 264 illum
521 236 660 271 quispiam
685 237 779 272 magis
793 237 881 271 fuerit

59 283 219 315 admiratus,
239 289 304 308 cum
329 284 396 308 esse!
419 288 518 315 genere
541 280 644 315 clarus,
666 283 693 308 et
717 289 752 308 ex
773 281 882 308 illustri

59 326 169 363 familia
183 330 276 358 natus,
297 327 322 353 et
345 325 499 352 abundaret
524 324 641 359 divitiis,
664 329 688 352 et
713 325 747 352 iis
762 333 824 361 quae
838 333 880 353 se-

59 373 177 408 gniorem
193 370 331 406 eﬂecerinl
346 377 505 405 quempiam
518 370 555 397 ad
569 369 880 404 dtsciptinas,etc.llinc

60 417 131 444 idem
148 414 261 443 Psellus
276 414 409 449 ejusdem
426 413 559 441 Ofﬁcium
574 413 830 449 eomposuit,quod
844 414 879 440 ab

59 459 258 488 ccclesiatticis
273 459 302 486 in
318 459 382 494 ejus
398 457 595 490 solemnitate,
612 457 699 484 sicuti
716 458 777 484 ﬁeri
801 459 881 485 amat

59 507 86 533 in
101 504 165 532 aliis
181 503 309 537 Sanctis,
325 503 541 537 decantaretur,
556 502 585 529 in
606 510 640 529 eo
659 501 720 530 Oda
735 502 752 529 3
767 502 880 536 scribit,

60 548 252 585 Ἐνόιαπρὲςιας
278 546 304 574 ἐν
338 547 438 584 ἀρχαῖς
460 548 521 576 ταῖς
546 549 596 580 τῆς
621 545 694 573 κάτω
723 545 880 583 συγκλήτου

59 595 92 625 ὡς
117 593 184 629 ἀνὴρ
213 591 393 630 βουληφόρος
417 591 448 618 τὸ
469 589 623 627 πολίτευμα
649 591 679 617 τὸ
704 591 748 617 σὸν
774 590 879 625 ἐκτήσω

57 639 80 666 ἐν
108 638 245 674 οὐρανοῖς,
272 636 315 664 καὶ
347 637 398 671 τὴν
430 634 485 663 ἅνω
528 634 680 673 σύγκλητον
713 634 878 671 ἐκόσμησας.

61 685 124 712 Cum
139 683 244 710 terreni
259 684 370 710 senatus
386 681 568 716 dignitatibus
589 680 784 708 condecorata:
806 681 878 716 fuis-

58 737 105 761 ses,
120 728 206 756 veluti
220 728 265 755 vir
280 727 467 758 consiliarius,
493 727 559 754 vitae
581 725 717 754 ducenda:
742 725 880 753 rationem

60 775 85 801 in
97 773 170 801 cwlis
192 772 347 808 acquieras,
363 773 390 799 et
412 779 566 806 supernum
585 773 712 798 senatum
732 770 877 798 decorasli.

58 819 191 853 Szepeque
208 815 396 864 Logothetam
409 815 556 864 nominat.
573 815 631 864 Qde
651 815 746 850 prima
763 823 770 842 :
788 813 877 844 Μέλος
894 832 918 864 Β

61 872 103 898 μοι
118 860 252 898 εὔρυθμον
274 858 362 893 δίδου,
378 859 450 897 Λόγῑ
474 862 552 894 Θεοῦ,
569 859 700 898 εὐφημεῖν
726 860 878 897 ὁρμήσαντι

59 907 100 933 τὸν
125 905 278 943 θεράποντα
304 905 351 932 τὸν
382 905 427 932 σὸν
456 907 588 941 Συμεῶνα
610 905 656 932 τὸν
683 905 880 943 Μεταφραστὴν

58 951 99 978 σιὸν
114 949 213 988 κυρίως
234 948 386 987 λογοοέτην
412 949 580 987 ἆξιάγαστην.
609 950 697 977 Melo:
720 950 790 977 mihi
813 957 878 978 con-

59 998 166 1024 cinnum
184 995 300 1023 Verbum
311 996 368 1028 Dei,
384 1003 445 1022 cum
457 994 596 1022 celebrare
605 994 757 1028 inceperim
769 1003 878 1022 servum

60 1043 133 1068 tuum
157 1040 288 1068 Simeona
319 1039 538 1074 Metaphrastem,
562 1040 673 1075 proprie
703 1040 877 1074 Logolhetam

61 1085 259 1118 admirabilem,
282 1085 317 1112 Et
341 1084 411 1112 alibi
440 1092 447 1111 :
472 1082 683 1121 Εὖφημῆσωμεν
708 1083 805 1115 πάντες
829 1083 875 1110 ἐπ-

178 1128 247 1164 ᾠαῖς
271 1127 316 1154 τὸν
358 1126 439 1166 μέγαν
469 1129 534 1154 Θεοῦ
564 1127 714 1164 θεράποντα
744 1130 876 1163 Συμεῶνα

56 1174 97 1200 τὸν
116 1173 189 1210 ἅγιον
214 1171 379 1210 λογοοὲτην.
415 1173 584 1201 Celebremus
607 1181 702 1201 omnes
735 1173 876 1208 condignis

57 1219 175 1246 caulibus
198 1226 335 1252 magnum
367 1217 414 1245 Dei
444 1225 555 1245 servum
587 1217 716 1245 Simeona
750 1213 880 1245 sanctuni

60 1263 236 1298 Logothetam.
264 1262 330 1289 Fuit
361 1270 430 1297 ergo
456 1262 620 1296 Logotbetze
644 1261 740 1289 ofﬁcio
763 1263 876 1299 conspi-

57 1316 135 1341 cuus,
151 1307 227 1343 quod
245 1307 388 1342 quidnam
402 1306 500 1340 fuerit,
517 1306 651 1342 pluribus
666 1306 716 1334 alii
732 1315 876 1342 exponere

59 1355 146 1380 conati
163 1354 232 1379 sunt
250 1359 257 1378 :
276 1359 335 1384 eos,
352 1351 402 1386 qui
420 1350 505 1386 plura
529 1350 684 1385 desiderat,
708 1351 807 1379 videre
823 1360 875 1387 po-

59 1396 129 1424 terit.
145 1396 223 1424 Salis
239 1395 315 1423 mihi
339 1395 395 1422 erit
415 1403 465 1430 pro
487 1395 542 1422 hac
564 1404 594 1423 re
617 1395 794 1424 stabilienda
816 1396 876 1424 ele-

59 1440 216 1476 gantissimi
231 1441 315 1475 item,
334 1448 367 1468 ac
385 1439 617 1476 prudentissimi,
639 1440 708 1468 licet
731 1441 876 1476 sequioris

60 1485 149 1513 seaculi
178 1484 344 1520 scriptoris,
361 1484 483 1512 Joannis
499 1484 633 1512 Ginuami
650 1485 873 1520 testimonium;

75 1128 94 1143 P.’

59 1139 136 1165 αξιοις

936 194 1065 228 adjectae
1081 195 1273 225 observarunt
1298 199 1452 234 Baronius,
1476 199 1721 234 ctBellarminus,
1737 203 1766 228 et

936 239 995 271 alii,
1012 247 1078 266 cum
1093 240 1144 267 viri
1160 240 1203 268 illi
1221 245 1286 277 post
1301 243 1447 271 Simeonis
1469 246 1604 279 tempora
1628 243 1764 272 vixerint.

935 283 970 310 At
985 291 1033 311 eas
1047 293 1063 312 a
1081 284 1183 318 Psello,
1201 287 1363 315 recentiore
1388 296 1505 324 nempe,
1529 296 1659 316 annexas
1675 288 1704 315 in
1720 288 1764 316 lu-

935 335 997 355 cem
1014 328 1148 365 vulgatae
1172 331 1310 366 opinatur
1333 333 1466 360 Andreas
1489 332 1638 366 Schottus,
1662 333 1764 368 praefa-

935 371 1013 399 tione
1028 373 1063 400 ad
1082 373 1229 408 lectorem,
1247 377 1275 402 in
1292 377 1411 404 Cantica
1431 377 1622 405 canticorum.
1637 377 1718 405 Unde
1735 377 1764 405 id

935 415 1072 445 habuerit
1086 419 1224 447 Schottus
1243 417 1302 448 non
1316 420 1420 457 liquet,
1436 422 1490 450 etsi
1506 430 1608 450 verum
1625 422 1665 449 sit
1679 421 1758 450 Pael-

934 460 1006 495 lum,
1024 461 1083 490 sive
1098 463 1243 492 Simeonis
1258 466 1456 500 aemulatione,
1484 466 1544 494 sive
1569 466 1709 503 religione
1733 467 1763 494 in

935 509 1062 539 sanctos,
1081 508 1232 544 perplures
1247 513 1416 538 sanctorum
1433 511 1516 539 Vitas
1533 519 1590 538 non
1602 511 1762 547 ineleganti

934 549 1010 585 stylo
1026 559 1093 578 accu
1099 552 1248 580 ratissimo
1263 554 1765 591 descripsisse,utinam,puerilibus

935 596 1117 630 argumentis
1133 596 1316 633 neglectis,in
1331 599 1438 634 quibus
1455 607 1667 634 nonnunquam
1683 601 1764 627 totus

934 646 998 667 esse
1013 639 1138 675 videtur,
1167 641 1195 668 in
1218 642 1284 669 istis
1309 643 1395 670 seriis
1420 643 1637 678 pertractandis
1654 643 1763 680 plures.

935 690 1022 718 quam
1036 683 1113 717 fecit,
1132 684 1219 712 horas
1235 685 1464 722 insumpsissetl
1486 686 1567 714 Illius
1589 686 1619 713 in
1645 689 1764 714 sanctos

934 729 1057 754 conatus
1074 728 1102 756 in
1125 730 1263 765 Catalogo
1286 738 1408 766 operum
1438 731 1515 758 infra
1534 731 1762 759 recensebimus.

934 781 988 807 Ill
1006 780 1066 808 VII.
1083 781 1199 820 Mirhact
1211 783 1334 817 Psettus,
1350 783 1493 812 Michaelis
1508 785 1587 812 Duos:
1603 785 1671 820 imp.
1685 792 1763 820 pra:-

1059 822 1158 853 ccptor,
1174 819 1267 847 clarus
1282 820 1356 847 circa
1370 829 1417 847 an.
1441 835 1467 840 —
1485 820 1563 847 1050.
1581 819 1645 848 Atii;

969 860 1041 888 XXI.
1065 861 1181 890 Tertius
1218 863 1273 891 fuit
1304 863 1427 892 Michael
1458 864 1583 898 Psellus,
1610 864 1762 892 Michaelis

933 906 1019 932 Ducas
1036 908 1258 943 prazceptor,qui
1271 909 1397 936 maxime
1413 909 1545 936 omnium
1562 909 1598 936 de
1613 908 1763 944 republica

932 949 1076 978 litteraria
1101 951 1235 984 meritus,
1260 953 1451 980 honoriﬁcam
1467 953 1514 980 sui
1535 953 1612 989 apud
1629 957 1764 989 posteros

934 994 1106 1022 memoriam
1130 997 1320 1029 consecravit,
1339 997 1379 1024 ita
1396 999 1428 1024 ut
1451 996 1580 1032 reliquos
1605 997 1679 1025 alios
1694 998 1758 1032 ejus

932 1039 1121 1074 cognomines
1140 1040 1275 1068 acumine
1308 1041 1429 1076 ingenii,
1468 1041 1642 1069 eruditionis
1667 1041 1762 1077 copia,

931 1083 1013 1118 profu
1020 1083 1129 1111 nditate
1145 1083 1366 1117 scientiarum,a
1373 1088 1595 1121 rgumentorum
1611 1085 1762 1119 varietate,

932 1127 1122 1156 multitudine
1137 1129 1315 1164 scriptorum
1329 1132 1357 1157 et
1375 1129 1532 1165 splendore
1544 1129 1643 1166 glorias
1659 1130 1762 1158 obrue-

930 1171 986 1204 rit;
1004 1181 1103 1208 quare,
1126 1173 1251 1201 aliorum
1284 1174 1439 1207 exstincta,
1463 1177 1502 1207 et,
1528 1176 1560 1201 ut
1582 1174 1624 1201 ita
1650 1174 1761 1210 dicam,

930 1216 1084 1244 obliterata
1110 1218 1263 1252 memoria,
1288 1218 1352 1254 ipse
1376 1218 1456 1246 solus
1482 1226 1588 1246 nomen
1604 1218 1676 1246 illud
1693 1227 1753 1246 me-

930 1261 1026 1288 ruisse
1042 1261 1164 1290 videtur.
1180 1262 1226 1289 Sic
1241 1265 1356 1298 poetam
1381 1265 1409 1290 et
1434 1265 1578 1290 oratorem
1596 1270 1663 1290 cum
1679 1262 1753 1290 dici-

931 1313 1008 1340 mus,
1026 1306 1168 1334 Homerus
1184 1306 1270 1334 nobis
1286 1309 1373 1343 atque
1391 1307 1613 1341 Demosthenes,
1628 1307 1663 1335 de
1678 1308 1754 1334 Gm-

930 1350 972 1377 cis
987 1350 1100 1385 loquor,
1117 1351 1217 1378 statim
1234 1359 1299 1379 sese
1314 1351 1449 1386 offerunt,
1479 1352 1647 1388 mentisque
1660 1351 1754 1380 oculis

931 1398 1152 1430 repraesentant.

966 1440 1050 1468 XXII.
1075 1440 1141 1468 Fuit
1166 1440 1260 1476 patria
1284 1440 1642 1477 Constantinopolitanus,
1658 1449 1673 1468 e
1688 1449 1756 1469 con-

931 1484 1030 1512 sulum
1045 1493 1077 1512 ac
1094 1485 1284 1521 patriciorum
1301 1486 1448 1521 prosapia,
1471 1485 1607 1521 quamvis
1623 1493 1681 1513 non
1697 1487 1758 1512 tam

59 1529 85 1557 in
100 1538 153 1565 quo
168 1517 321 1563 vertendo,
339 1517 575 1564 illustrandoque
599 1529 650 1557 diu
675 1538 722 1557 me
745 1517 874 1563 exerceo,
890 1517 912 1550 (ἶ
931 1528 1007 1556 felici
1025 1517 1221 1565 fortunaJpse
1237 1530 1265 1556 id
1284 1517 1326 1558 ait
1341 1517 1417 1558 dese
1430 1517 1459 1557 in
1474 1517 1628 1566 Epitaphio
1641 1529 1759 1558 matris:

60 1574 103 1609 (m)
116 1582 256 1610 speroque
285 1573 414 1601 laborem
438 1573 516 1601 hunc
541 1581 651 1607 meum,
679 1577 797 1609 propter
811 1575 874 1610 pul-

60 1618 226 1646 cherrimam
243 1617 451 1651 bistoriam,ad
467 1617 545 1645 hunc
558 1617 634 1645 diem
651 1626 718 1645 cum
733 1621 877 1646 vetustate

60 1662 222 1695 luctantem,
251 1662 325 1689 meis
347 1661 468 1697 vigiliis,
493 1664 522 1689 et
543 1661 703 1690 amicorum
727 1671 825 1698 opera,
849 1666 878 1691 et

61 1707 171 1743 scopulo
186 1707 216 1734 in
233 1705 426 1741 tranquillum
443 1705 566 1740 illatam,
587 1706 731 1734 bistoriczn
747 1708 877 1735 veritatis

62 1752 191 1782 studiosis
207 1760 268 1779 non
284 1751 433 1787 ingratum
450 1750 592 1778 futurum.
610 1751 636 1779 Is
653 1751 750 1787 itaque
776 1753 875 1781 Hister.

62 1797 178 1824 Romane
190 1795 241 1824 lib.
261 1804 289 1823 iv
305 1796 339 1823 de
350 1795 436 1823 rebus
453 1795 544 1831 gestis
569 1795 713 1824 Manuslis
727 1797 876 1831 Comneni,

63 1841 94 1869 de
107 1841 249 1869 Richardo
266 1840 348 1868 Antri
363 1839 482 1868 domino
502 1840 589 1868 verba
605 1840 724 1874 faciens,
753 1842 876 1869 scribit:

61 1885 99 1915 Ὠς
126 1883 153 1912 Si:
179 1887 233 1912 τῶν
265 1883 360 1911 πυλῶν
389 1883 618 1921 ἀλογιστήσαντες
647 1881 816 1919 Γιϐενάτζιόν
850 1895 878 1911 τε

62 1929 119 1957 αὐτὸ
133 1928 268 1966 ὁμολογία
285 1927 375 1966 ἔσχεν,
391 1928 436 1956 καὶ
456 1929 517 1965 περὶ
541 1931 594 1955 τῶν
621 1927 726 1956 λοιπῶν
752 1930 878 1967 προσιόν-

61 1984 99 2004 τες
125 1973 295 2001 ἐσκέπτοντο.
323 1972 431 2009 Κὸμησί
458 1983 486 2000 τε
512 1972 621 2009 ἄλλοις,
650 1973 695 2000 καὶ
721 1972 754 2008 δὴ
779 1974 822 2001 καὶ
839 1976 878 2010 τῷ

63 2017 209 2054 Γυλιὲλμου
237 2017 437 2055 Καντζηλαρίῳ
462 2017 657 2055 συγγεγονὼς,
673 2018 702 2045 ὃν
732 2017 880 2056 λογοθὲτην

63 2061 125 2090 eluci
140 2062 168 2089 ἄν
192 2073 234 2093 τις
259 2061 411 2097 ἑλληνίζων
435 2061 514 2099 ἀνὴρ,
537 2061 580 2088 ἐπὶ
603 2062 699 2100 Τράνιν
715 2062 760 2090 σὺν
785 2063 879 2096 αὐτοῖς

61 2106 147 2142 ἦλθεν,
185 2107 222 2139 ὡς
263 2103 389 2134 αὐτοϐοεὶ
428 2107 478 2141 τὴν
520 2106 601 2134 πόλιν
643 2106 877 2145 ἀναρπασόμενος.

62 2152 112 2188 [ili]
129 2153 198 2180 Cum
211 2161 275 2180 vero
285 2154 373 2188 portae
394 2153 473 2180 urbis
488 2161 588 2188 parum
609 2157 685 2180 caute
707 2154 877 2182 custodiren-

929 1575 974 1609 Τῷ
988 1573 1077 1600 τοίνυν
1103 1573 1161 1610 ἐμῷ
1182 1574 1264 1612 πατρὶ
1288 1574 1319 1602 τὸ
1346 1574 1392 1611 μὶν
1417 1575 1518 1606 ἄνωθεν
1543 1574 1620 1612 γένος
1645 1573 1670 1605 ἒς
1690 1574 1758 1601 ὑπά-

929 1628 993 1649 τους
1020 1617 1121 1653 ἀνῆκτο
1149 1618 1193 1646 καὶ
1220 1619 1381 1656 πατρικίους
1400 1627 1406 1634 ·
1435 1619 1469 1646 τὰ
1497 1617 1526 1646 δὲ
1566 1619 1623 1646 κατ’
1657 1618 1758 1645 ἐκεῖνον

930 1664 1079 1700 πράγματι
1095 1664 1150 1701 οὐχ
1163 1663 1236 1691 οὕτω
1260 1662 1353 1699 διξιῶς
1377 1665 1462 1701 εἶχεν.
1490 1665 1582 1692 Patris
1604 1664 1691 1700 igitur
1704 1664 1760 1692 mei

930 1717 1018 1745 genus
1031 1710 1177 1745 antiquum
1192 1709 1227 1736 ad
1242 1709 1365 1736 ronsutes
1381 1713 1407 1736 et
1425 1709 1555 1744 patricios
1573 1709 1758 1744 referebatur,

931 1761 974 1780 res
987 1761 1048 1780 vero
1064 1754 1150 1789 ipsius
1165 1761 1220 1781 non
1235 1754 1320 1781 nimis
1339 1761 1467 1789 prospera
1484 1761 1512 1781 se
1527 1753 1675 1780 habebant.
1690 1753 1759 1780 Post

932 1798 1006 1825 duas
1030 1797 1160 1826 femellas
1186 1798 1270 1826 tertio
1297 1798 1360 1834 ipse
1394 1799 1489 1834 partu,
1518 1797 1621 1825 multis
1655 1797 1759 1824 matris

932 1841 1079 1877 suspiriis,
1096 1844 1124 1869 et
1139 1842 1174 1869 ad
1200 1842 1293 1869 Deum
1318 1842 1454 1878 precibus
1477 1841 1589 1875 eit‘usis,
1616 1841 1645 1868 in
1663 1841 1759 1868 lucem

932 1886 1038 1914 editur.
1064 1886 1167 1913 Mirum
1191 1888 1248 1922 est,
1274 1887 1351 1922 quod
1375 1886 1404 1913 in
1429 1886 1494 1921 ejus
1517 1887 1584 1913 ortu
1610 1887 1759 1919 narratur,

933 1931 1029 1958 nullas
1044 1939 1112 1958 eum
1127 1930 1270 1966 lacrymas
1283 1930 1559 1967 profudisse,neque
1577 1937 1702 1965 usquam
1714 1938 1762 1965 po-

933 1977 996 2003 stea
1012 1975 1041 2002 in
1054 1975 1189 2003 maximis
1205 1975 1293 2003 etiam
1310 1974 1539 2002 necessitatibus
1555 1974 1696 2010 plorasse,
1709 1973 1760 2010 sed

933 2020 990 2056 [15]
1005 2028 1122 2056 semper
1143 2022 1228 2047 astate
1252 2019 1304 2047 illa
1327 2019 1434 2047 tenella
1457 2019 1539 2046 lzetos
1563 2027 1596 2047 ac
1621 2018 1760 2054 puniceas

933 2066 1032 2093 oculos
1047 2064 1187 2092 habuisse
1203 2073 1209 2092 2
1227 2066 1343 2092 tantum
1361 2063 1503 2100 parentis,
1531 2063 1679 2099 nullisque
1695 2063 1760 2090 aliis

933 2118 1021 2146 quam
1039 2109 1189 2143 maternis,
1201 2109 1235 2136 ad
1252 2118 1316 2145 quae
1332 2109 1376 2136 vel
1392 2117 1448 2136 usu
1468 2107 1513 2136 vel
1529 2107 1674 2136 sententia
1690 2108 1761 2135 lere-

932 2154 1028 2187 batur,
1045 2154 1185 2182 uberibus
1201 2153 1342 2181 inhiasse.
1363 2153 1569 2189 Quinquennis
1591 2153 1762 2188 prmoeptori

63 2198 112 2230 tur,
127 2197 301 2225 Iuvenalium
317 2197 406 2232 ipsum
422 2198 450 2224 in
474 2196 596 2233 ejusdem
619 2197 698 2232 ﬁdem
722 2205 749 2226 se
770 2198 877 2226 dedidit
892 2200 916 2231 D
932 2199 1068 2233 traditur,
1085 2199 1217 2234 adeoque
1234 2199 1354 2226 robuste
1369 2197 1538 2225 studiorum
1557 2197 1672 2232 pondus
1684 2204 1764 2224 exce-

64 2242 125 2269 Hinc
139 2250 186 2278 pro
201 2242 367 2277 occupandis
382 2242 488 2269 caeteris
501 2249 563 2269 cum
581 2242 728 2270 comitibus
743 2243 818 2277 aliis,
835 2251 883 2271 nec

64 2295 113 2315 non
126 2287 274 2316 Guitielmi
289 2287 471 2320 Cancellaria,
494 2296 575 2323 quem
599 2288 772 2323 Logothctam
789 2289 884 2317 Graeca

65 2334 120 2367 quis
134 2332 229 2368 lingua
241 2333 416 2368 expresserit,
440 2332 590 2360 consilium
609 2332 709 2366 inibat,
731 2335 757 2360 et
773 2334 884 2361 Tranim

65 2384 142 2412 usque
155 2379 214 2404 tum
230 2377 289 2404 illis
303 2377 442 2412 processit,
458 2377 539 2411 quasi
552 2377 643 2412 primo
665 2378 771 2413 impetu
788 2378 884 2406 Urbem

67 2419 215 2456 direpturus
230 2421 342 2455 fuisset.
359 2419 455 2447 Alium
472 2420 562 2455 hujus
576 2420 655 2448 vocis
670 2420 883 2456 signiﬁcatum,

68 2466 214 2500 antequam
229 2465 370 2500 majestas
380 2464 430 2492 illa
445 2464 560 2500 imperii
572 2464 658 2492 statis
673 2467 801 2492 veterum
819 2465 882 2493 ofﬁ-

67 2507 168 2537 ciorum
185 2509 288 2537 formis
303 2508 459 2544 abrogatis,
484 2508 590 2536 exteris
612 2509 806 2537 Barbarorum
821 2518 884 2538 mo-

67 2553 151 2586 ribus,
167 2562 241 2582 nova
256 2553 355 2581 omnia
367 2553 719 2589 approbando,cessisset,
731 2553 793 2590 lege
806 2555 883 2590 apud

66 2596 231 2634 Procopium
248 2598 278 2626 in
293 2599 417 2626 Historia
432 2598 553 2626 Arcana.

97 2641 152 2670 XX.
175 2643 262 2678 Vitis,
297 2645 330 2671 ut
353 2642 409 2671 hoc
434 2642 524 2670 etiam
549 2642 597 2670 hic
621 2642 717 2671 obiter
738 2645 847 2679 notem,
869 2653 886 2673 ι

939 2244 991 2279 pit,
1009 2245 1041 2271 ut
1057 2242 1169 2270 ludicra
1185 2242 1295 2276 omnia,
1311 2245 1416 2279 praeter
1439 2241 1603 2269 litterarum
1620 2241 1762 2275 studium,

939 2296 996 2324 quo
1028 2295 1215 2323 summopere
1248 2287 1460 2319 delectabatur,
1484 2286 1696 2313 sordescerent.
1723 2285 1762 2312 Et:

938 2332 1019 2360 illius
1036 2332 1172 2360 allectum
1183 2332 1376 2367 ejusdemmet
1387 2330 1481 2358 verbis
1493 2337 1664 2366 expressum
1681 2338 1688 2357 :
1705 2329 1764 2356 ’Ev-

937 2377 1027 2403 τεῦοεν
1055 2374 1100 2402 οὖν
1125 2376 1143 2410 ὴ
1172 2376 1261 2412 μήτηρ
1286 2375 1354 2412 πρὸς
1384 2375 1417 2401 τὰ
1441 2373 1555 2411 κρείττω
1580 2383 1765 2411 χειραγωγου-

961 2419 1134 2448 ire
1386 2418 1415 2446 λε
1531 2417 1764 2446 η’λι-

941 2431 1008 2456 μνη
1037 2430 1074 2451 ε.ς
1106 2430 1229 2456 ι.ιμπτον
1258 2430 1316 2450 ετο,
1354 2429 1383 2446 τε
1406 2429 1500 2446 ,σαντα
1530 2425 1642 2445 οιοασκα
1664 2429 1686 2454 ῳ
1730 2428 1747 2456 φ

940 2465 1039 2500 ίστησι,
1055 2464 1106 2493 Καὶ
1130 2465 1163 2499 ἦν
1183 2475 1229 2501 μοι
1253 2464 1284 2491 τὸ
1305 2464 1422 2500 μάθημα
1440 2464 1472 2490 οὐ
1499 2462 1582 2499 μόνον
1597 2463 1628 2490 τὸ
1644 2462 1764 2500 εὐχερὲς,

938 2509 1011 2537 ἀλλά
1035 2510 1080 2536 καὶ
1109 2508 1162 2544 ἡδὺ
1185 2509 1238 2536 ἀντ’
1262 2508 1352 2544 ἄλλης
1377 2508 1451 2539 τινὸς
1475 2506 1596 2539 παιδιὰς.
1624 2507 1764 2543 ἸΙνιώμην

939 2556 1016 2592 γοῦν,
1032 2553 1053 2581 εἱ
1070 2555 1102 2590 μὲ
1119 2565 1166 2590 μοι
1181 2553 1225 2581 διὰ
1244 2554 1333 2588 πάσης
1358 2552 1463 2591 ἡμέρας
1479 2551 1569 2588 διδοίη
1586 2552 1620 2579 τὰ
1641 2550 1765 2579 παιῖικά.

940 2598 992 2629 Καὶ
1030 2599 1064 2633 ἦν
1104 2608 1150 2635 μοι
1188 2597 1284 2626 παιδιὰ
1315 2598 1362 2634 μὶν
1401 2598 1418 2632 ἡ
1449 2595 1554 2632 σπουδή
1594 2594 1623 2623 δὲ
1661 2594 1768 2630 παιδιὰ,

941 2643 995 2682 οὐχ
1011 2643 1048 2674 ὡς
1063 2644 1147 2670 ταῦτα
1172 2643 1309 2679 παίζοντι,
1334 2641 1423 2669 ἐκεῖνα
1448 2639 1477 2668 δὲ
1501 2639 1690 2676 σπουδάζοντι,
1714 2642 1767 2668 etc.

845 2703 963 2732 ΝΟΤᾸΞ.

102 2750 148 2786 (m)
162 2751 322 2781 Cinnamus
337 2751 434 2780 Aliatii
451 2759 604 2788 nunquam
619 2751 738 2788 prodiit.
755 2752 879 2782 Exstant
893 2753 1038 2782 editiones
1053 2752 1139 2781 Corn.
1156 2751 1243 2780 Tollii
1257 2753 1286 2780 et
1298 2751 1411 2787 Cangii.

220 2816 350 2847 ΡΑτιιοι..
375 2816 430 2847 Gn.
456 2815 575 2847 CXXII.

1570 2813 1608 2842 16
