1937 3050
185 122 246 152 «I95

880 120 1018 151 LEONIS
1044 121 1199 152 ALLA’I‘II

1831 123 1885 153 496

186 186 449 224 fraudulenterque
477 187 611 224 irrepens
634 187 732 215 nescio
757 187 826 222 quis
854 186 1013 214 criminose
1028 187 1055 220 Α
1069 194 1101 214 co
1118 195 1125 214 :
1142 188 1170 214 et
1183 186 1312 214 Zonoras
1326 186 1399 214 locis
1414 194 1505 222 supra
1523 185 1669 220 adductis,
1687 188 1716 214 et
1729 187 1759 215 in
1782 187 1884 217 lsaacio

185 231 338 260 dilacerat.
355 232 388 259 Et
403 232 555 260 hominum
572 232 660 260 turba
685 240 759 260 caeca
783 231 873 259 veluti
891 231 1009 259 oraculo

187 276 313 312 plaudit,
330 276 438 304 misera
454 285 535 311 sane,
553 277 686 312 duraque
710 276 1010 312 prudentissimorum

187 319 340 348 hominum
357 321 532 349 conditione.
549 321 608 349 Sub
621 321 686 348 aliis
702 321 772 349 item
784 320 1011 356 imperatoribus

189 365 354 393 Graecorum
375 365 498 401 imperio
510 366 573 401 jam
591 368 771 399 senescente,
791 364 885 392 doctri
906 365 1012 399 nisque

189 409 328 437 omnibus
343 410 373 437 in
389 410 552 437 barbariem
569 410 767 441 commutatis,
784 418 862 443 cum,
880 408 1012 444 prohdo-

191 453 248 481 lor!
263 453 367 481 inertia
383 462 434 489 pro
450 453 596 490 sapientia
611 456 673 481 erat
682 453 771 481 vitam
787 454 850 489 ipse
865 453 940 480 fama
952 451 1013 480 cla-

191 498 328 525 rissimus
356 498 510 532 transegit,
537 498 689 533 jucundus
720 497 833 531 amicis,
859 497 1015 534 egentibus

193 542 284 576 utilis,
301 543 440 570 omnibus
455 543 581 578 denique
593 543 711 570 charus.

227 586 353 614 XXVIII.
364 586 446 614 Illius
455 589 564 614 tamam
577 586 644 614 fidei
656 594 787 619 causam,
799 585 1015 614 defensionem-

191 639 248 667 que
264 639 321 658 non
335 631 572 666 susceperim,si,
590 639 652 667 quas
665 631 699 658 de
711 639 744 658 eo
752 630 898 666 Josephus
910 630 1017 657 Metho-

191 675 291 703 nensis
304 675 460 711 episcopus
472 675 607 711 apologia
615 675 850 703 contraMarcum
860 675 1016 710 Ephesium

190 720 289 755 tradit,
304 728 371 748 vera
387 722 467 748 sunt.
485 720 570 747 Illum
586 720 663 747 enim
680 722 856 747 annumeret
871 719 1012 746 schisma-

191 765 257 792 tlcis
269 764 382 799 Photio,
393 764 544 797 Cabasile,
557 764 692 797 Palamae,
705 766 866 797 Camatero,
880 763 1016 797 Phurnio,

192 809 415 842 Moschambari,
426 808 706 844 Bulgariaaﬁicolao
718 808 912 842 Methonensi,
925 810 953 835 et
964 810 1016 834 Pa-

192 856 303 887 nareto,
321 853 371 889 qui
382 852 457 880 dicto
474 854 502 880 et
513 853 620 888 scripto
632 853 751 880 Lainam
764 852 923 880 Ecclesiam
938 852 1016 879 inse-
1032 869 1055 901 Β

192 898 261 926 ctati
277 901 356 925 sunt.
375 896 422 924 Καὶ
439 896 469 923 σὺ
488 897 534 932 μὲν
550 897 699 935 συνήφθης,
715 896 753 927 ὡς
769 897 834 933 φὴς,
850 898 908 926 τοῖς
931 895 1017 932 ἁγίοις

193 951 241 968 σου
269 941 415 978 Πατράσιν,
444 941 489 968 καὶ
523 939 697 971 διδασκάλοις
727 940 828 976 Φωτίῳ
853 942 892 976 τῷ
916 940 1017 977 πρώτῳ

194 987 378 1023 σχισματικῷ,
398 984 504 1022 μᾶλλον
517 983 546 1012 δὲ
560 985 712 1022 αὐτουργῷ,
726 986 782 1021 [20]
797 985 841 1011 καὶ
858 983 1018 1022 δημιουργῷ

191 1032 240 1057 τοῦ
256 1029 420 1067 σχίσματος,
437 1029 483 1056 καὶ
507 1032 557 1064 τῆς
572 1027 738 1065 διαιρέσεως,
756 1026 908 1064 Καϐασίλᾳ,
925 1028 1018 1056 Παλα-

195 1076 242 1110 μᾷ,
284 1076 463 1111 Καματηρῷ,
494 1076 628 1111 Φουρνῇ,
659 1072 774 1109 Ψελλῷ,
804 1073 992 1111 Μοσχάμπαρι
1011 1095 1018 1108 ,

194 1118 355 1156 Βουλγαρίᾳ,
380 1116 513 1154 Νικολάῳ
541 1119 682 1153 Μεθώνης,
710 1118 864 1156 Παναρέτῳ,
891 1118 934 1145 καὶ
961 1120 1019 1148 τοῖς

194 1161 303 1194 λοιποῖς
327 1165 385 1193 τοῖς
413 1162 480 1199 μετὰ
504 1163 535 1190 τὸ
561 1163 677 1200 σχίσμα,
702 1162 746 1190 καί
765 1163 815 1197 τήν
841 1161 950 1197 πολλὴν
965 1159 1019 1199 ἔριν

193 1207 261 1235 κατὰ
298 1210 349 1242 τῆς
372 1207 531 1243 Ῥωμαῖκῆς
570 1206 736 1242 Ἐκκλησῖας
785 1206 901 1234 εἰποῦσι.
931 1208 962 1235 Et
991 1211 1022 1234 tu

193 1253 313 1288 quidem,
334 1254 363 1279 ut
388 1253 442 1286 ais,
458 1253 561 1280 sanctis
585 1253 642 1280 tuis
666 1252 797 1280 Patribus
815 1260 847 1279 ac
861 1252 1019 1280 doctoribus

195 1300 221 1325 te
234 1297 399 1333 adjunxisti,
426 1296 520 1324 Photio
539 1297 780 1325 schismaticorum
805 1298 940 1333 principi,
966 1298 1020 1324 imo

194 1350 258 1369 vero
273 1342 389 1374 auctori,
405 1345 432 1369 et
448 1342 542 1377 opiﬁci
552 1341 722 1377 schismatis,
738 1346 764 1370 et
779 1341 891 1369 dissidii
907 1349 914 1368 :
934 1341 1020 1368 Caba-

195 1387 267 1422 silm,
284 1386 440 1421 Camatero,
456 1386 593 1419 Phurnio,
608 1385 705 1419 Psello,
726 1385 935 1418 Moschambari,
954 1385 1020 1412 Bul-

194 1433 290 1467 gariw,
306 1431 417 1459 Nicotao
433 1431 615 1465 Melhonensi,
632 1431 776 1464 Panareto,
793 1432 819 1458 et
843 1431 951 1458 cwteris
973 1431 1022 1465 qui

196 1481 257 1512 post
270 1477 400 1510 sehisma,
416 1480 441 1503 et
456 1476 573 1503 multam
598 1476 801 1503 contentionem
816 1475 845 1502 in
871 1476 1021 1502 Romanam

195 1521 297 1549 invecti
307 1525 372 1548 sunt
383 1520 540 1548 Ecclesium.
557 1520 633 1547 Sane
645 1519 749 1551 Photii,
766 1519 918 1552 Cabasilaz,
935 1519 1019 1546 Pala-

195 1575 261 1598 mzc,
273 1565 383 1593 Nicolai
397 1564 604 1597 Methonensis,
616 1565 800 1600 aliorumque
810 1564 839 1591 in
861 1563 1020 1591 Ecclesiam

195 1611 328 1638 Latinam
345 1609 607 1638 commentationes
628 1609 844 1644 nugacissimas
868 1616 926 1635 non
957 1608 1020 1635 sine

196 1655 282 1682 taedio
298 1662 332 1682 ac
347 1653 500 1682 stomacho
516 1653 583 1689 legi.
600 1652 686 1680 Pselli
699 1652 828 1680 similem
846 1652 1021 1687 disputatio-

196 1707 264 1727 nem
281 1699 316 1726 ad
333 1699 413 1726 hunc
429 1698 506 1725 diem
523 1705 581 1725 non
597 1697 715 1730 oﬂ'endi,
727 1699 757 1724 et
772 1697 894 1724 fortasse
910 1705 963 1724 nec
974 1696 1022 1724 ille

197 1742 384 1778 conscripsit.
400 1741 609 1769 Verumtamen
637 1744 682 1769 est
704 1741 733 1768 in
762 1741 939 1776 Expositione
957 1741 1024 1776 ﬁdei

200 1787 234 1814 ad
248 1786 420 1814 Michaelem
432 1786 553 1820 Ducam,
565 1786 635 1812 dum
647 1785 682 1812 de
698 1785 884 1821 processione
895 1784 1023 1820 Spiritus

201 1831 293 1860 sancti
309 1831 398 1858 verba
415 1830 493 1864 facit,
523 1838 588 1858 eum
618 1829 767 1857 afﬁrmare
789 1837 824 1856 ex
848 1829 909 1857 solo
941 1830 1023 1857 Patre

200 1876 367 1912 procedere,
381 1883 439 1911 quo
454 1874 497 1902 vel
514 1874 575 1902 solo
591 1874 710 1902 nomine
726 1873 806 1901 illius
826 1874 856 1901 in
879 1874 1023 1902 recentio-

199 1928 264 1948 rum
280 1920 446 1948 Grascorum
462 1919 577 1955 placitis
594 1919 807 1955 propugnantis
823 1918 1024 1954 pertinacia,et

197 1967 231 1994 ad
249 1966 445 2001 pervicacicra
473 1973 597 2000 quisque
625 1965 805 1998 audendum,
823 1964 847 1992 si
863 1965 978 1992 occasio
992 1972 1023 1992 se

195 2010 324 2042 tulisset,
340 2009 458 2037 animus
474 2009 641 2036 innotescit.

234 2053 335 2082 XXIX.
351 2054 482 2081 Tandem
495 2053 556 2088 jam
569 2061 656 2080 senex
680 2054 864 2081 exauctorato
887 2053 1024 2081 Michaele

200 2101 288 2131 Duca,
305 2098 367 2134 ipse
381 2106 498 2134 quoque
513 2106 530 2125 a
546 2097 699 2125 Botaniata
714 2097 878 2132 Nicephoro
894 2098 1024 2133 dignita-

196 2143 278 2171 tibus
294 2142 447 2178 spoliatus,
460 2141 638 2169 monachum
654 2141 790 2176 induens,
804 2140 899 2168 solum
915 2144 1024 2170 vertere

198 2190 318 2215 coactus
333 2189 396 2220 est;
414 2194 466 2214 nec
482 2186 575 2214 multo
586 2187 660 2222 post,
677 2186 737 2213 sive
752 2186 846 2220 senio,
860 2185 920 2214 sive
935 2187 1023 2214 etiam

1064 230 1224 264 Comneno,
1252 229 1343 261 Πολὺς
1359 230 1408 264 τὴν
1438 230 1562 268 γλῶτταν
1591 230 1606 256 ὁ
1633 230 1790 268 σοφώτατος
1815 231 1883 259 Ψελ-

1065 274 1125 305 λός.
1142 275 1206 302 Vim
1224 275 1362 303 dictionis
1378 283 1445 302 cum
1456 284 1512 302 non
1528 274 1721 303 intellexisset
1738 277 1885 312 interpres,

1065 317 1152 346 πολὺν
1177 319 1226 353 τὴν
1246 318 1382 357 γλῶτταν,
1411 320 1552 347 uerbosum
1577 319 1714 347 reddidit.
1731 321 1826 356 Apage
1846 330 1886 349 sa-

1066 363 1283 400 pientissimum
1298 364 1402 396 istum,
1418 364 1443 391 si
1473 364 1622 392 verbosus
1638 366 1694 395 est.
1723 365 1812 392 Graeci
1825 373 1885 394 cum

1067 408 1276 436 admirandum
1291 408 1430 444 aliquem,
1443 416 1496 436 nec
1511 416 1579 436 cum
1592 408 1765 444 vulgaribus
1775 417 1884 445 compa-

1067 453 1192 480 randum
1208 453 1347 488 innuunt,
1363 453 1489 481 dictione
1503 452 1552 480 illa
1563 451 1650 482 πολὺς
1671 455 1805 481 utuntur.
1823 455 1885 482 Hinc

1070 497 1223 533 aptissime
1233 498 1355 532 diceres,
1365 500 1393 525 et
1402 498 1437 525 ad
1451 498 1550 525 Atticae
1561 497 1735 533 eloquentiae
1749 506 1885 533 normam,

1070 541 1161 572 Πολὺς
1176 541 1210 568 τὰ
1225 544 1282 573 θεῖα
1292 542 1452 579 Γρηγόριος,
1462 543 1565 570 eximie
1578 547 1689 570 sanctus
1700 542 1736 577 (ο)
1753 541 1885 577 Gregorius

1073 585 1161 616 Πολὺς
1176 586 1226 620 τήν
1243 585 1314 613 θείαν
1332 587 1440 624 Γραφῆν
1467 586 1590 614 Michael
1611 585 1785 619 Ghislerius,
1807 587 1883 615 Disci-

1068 632 1149 667 plina
1162 639 1257 658 rerum
1272 632 1433 659 divinarum
1443 631 1694 665 eruditissimus,“
1705 632 1885 666 ingenio,pru-

1070 676 1216 711 dentiaque
1231 677 1262 703 in
1274 676 1365 704 sacris
1380 676 1491 704 Litteris
1501 675 1670 711 exponendis
1693 677 1882 705 «cautissimus.

1071 718 1160 750 Πολὺς
1174 720 1224 753 τήν
1247 718 1409 758 φιλοσοφίαν
1433 720 1591 747 Fortunius
1617 719 1744 748 Licetus.
1763 721 1830 753 Illis,
1844 723 1886 757 qui

1070 764 1106 792 ad
1133 764 1337 800 philosophiam
1364 766 1502 800 spectant.
1529 772 1614 800 quam
1636 765 1760 792 maxime
1773 767 1885 798 potens:

1069 810 1151 844 pauci
1163 812 1194 836 ut
1204 810 1260 837 sint
1271 809 1320 845 qui
1338 810 1420 837 tantis
1436 809 1493 845 [21]
1505 809 1691 845 philosophia:
1703 809 1807 837 dotibus
1820 818 1884 845 prse—

1070 853 1125 881 diti
1135 854 1200 880 sint.
1219 851 1308 883 Πολὺς
1324 853 1357 879 τὰ
1371 852 1550 889 μαθηματικᾶ
1559 853 1662 881 Petrus
1675 853 1849 888 Gassendus,
1860 855 1886 882 in

1074 898 1155 926 rebus
1169 897 1373 926 mathematicis
1393 898 1547 926 tractandis
1561 898 1734 934 ingeniosus,
1750 906 1885 935 eorumque

1073 942 1286 977 difﬁcultatibus
1314 942 1465 970 enodandis
1491 943 1719 970 consultissimus.
1750 941 1836 974 Πολὺς
1860 942 1888 969 τὰ

1074 986 1182 1024 ἰατρικὰ
1205 986 1320 1014 Gabriel
1347 987 1504 1020 Naudeeus,
1536 987 1615 1015 rebus
1643 987 1758 1014 medicis
1780 987 1887 1014 nimium

1073 1032 1189 1068 pollens,
1203 1030 1324 1058 multum
1340 1033 1474 1064 versatus,
1486 1039 1570 1066 supra
1584 1031 1805 1067 plerosquealios
1819 1040 1888 1059 escer-

1073 1078 1183 1108 citatus,
1200 1077 1288 1103 nimio
1304 1076 1359 1109 iam
1371 1076 1490 1103 imbutus
1501 1084 1553 1103 usu
1573 1076 1728 1103 liberaliter
1742 1076 1882 1104 institutus.

1075 1119 1165 1150 Πολὺς
1192 1120 1242 1154 τήν
1267 1118 1390 1147 παιδείαν
1423 1120 1560 1148 Nicolaus
1594 1120 1735 1148 Villanus.
1763 1121 1890 1148 Praeclara

1074 1165 1232 1192 eruditione
1246 1166 1327 1199 atque
1338 1163 1465 1192 doctrina
1475 1166 1590 1191 ornatus
1607 1172 1614 1191 :
1631 1164 1787 1192 eruditione
1799 1166 1823 1191 et
1844 1165 1888 1199 ﬂo-

1074 1209 1199 1237 rentibus
1208 1208 1310 1236 studzis
1320 1216 1463 1244 nunquam
1470 1216 1524 1236 non
1530 1209 1598 1236 satis
1607 1209 1769 1241 instructus,
1776 1216 1888 1243 magnus.

1076 1252 1166 1283 Ηολὺς
1177 1253 1225 1287 τὴν
1247 1251 1414 1288 ἐπιστήμην.
1427 1253 1555 1281 Renatus
1566 1253 1696 1287 Moreau,
1712 1254 1741 1280 in
1755 1253 1887 1288 perfectis-

1075 1299 1148 1326 sima
1163 1298 1312 1334 disciplina
1319 1298 1543 1333 probatissimus,
1562 1299 1587 1325 et
1607 1297 1768 1325 incredibili
1781 1298 1886 1333 quadam

1076 1344 1184 1378 ingenii
1210 1342 1401 1378 magnitudine
1423 1342 1457 1370 ad
1473 1350 1651 1378 quascunque
1681 1342 1835 1378 disciplinas
1857 1343 1889 1370 in-

1076 1389 1274 1415 sruclissimus.
1289 1385 1381 1417 ΙΙολύς
1401 1386 1449 1420 τήν
1476 1385 1596 1423 ἱστορίαν
1612 1387 1740 1414 Jacobus
1752 1386 1887 1422 Philippus

1076 1431 1284 1465 Thomasinus,
1300 1431 1338 1458 ad
1352 1431 1512 1459 scribendas
1539 1431 1677 1459 historias
1698 1432 1816 1459 maxime
1837 1431 1888 1458 illu-

1076 1477 1142 1504 stris
1158 1484 1165 1504 ι
1179 1477 1211 1503 in
1226 1475 1398 1504 illustranda
1413 1477 1585 1511 antiquitate
1604 1476 1696 1504 sedqu
1706 1476 1795 1504 studio
1804 1476 1888 1511 appri-

1076 1530 1119 1548 me
1134 1521 1238 1552 clarus,
1254 1521 1416 1555 singularis.
1433 1519 1523 1550 Πολὺς
1533 1519 1579 1547 τὸν
1591 1522 1656 1546 νοῦν
1669 1521 1794 1548 Joannes
1809 1520 1889 1548 Bour-

1078 1566 1215 1593 delotius.
1234 1565 1317 1593 Plena
1330 1567 1442 1600 pectore
1454 1566 1566 1601 sapiens
1581 1574 1590 1592 :
1606 1566 1746 1602 sapientia
1760 1566 1887 1592 munitam

1076 1612 1194 1638 mentem
1204 1610 1313 1644 egregie
1323 1617 1436 1644 gerens;
1453 1610 1625 1638 considerate
1640 1611 1736 1638 omnia
1749 1609 1887 1646 perﬁcient.

1076 1653 1169 1684 Πολὺς
1192 1654 1241 1688 τὴν
1267 1653 1377 1688 ποίησιν
1401 1654 1530 1682 Joannes
1564 1653 1710 1689 Rhodius,
1734 1655 1762 1682 in
1789 1655 1888 1690 poeticis

1076 1699 1179 1726 studiis
1191 1699 1309 1734 miriﬁce
1329 1701 1463 1730 versatus;
1478 1699 1644 1727 admirabili
1660 1699 1775 1736 quodam
1789 1698 1822 1726 ad
1833 1706 1888 1734 poc-

1076 1744 1129 1771 sim
1143 1743 1233 1771 studio
1256 1743 1421 1778 concitatus,
1439 1744 1670 1779 prmstantissime
1693 1752 1754 1771 cum
1776 1742 1888 1772 omnibus

1077 1788 1157 1815 Musis
1172 1787 1311 1815 rationem
1336 1787 1441 1815 habuit.
1459 1785 1549 1819 Πολὺς
1576 1787 1628 1822 τὴν
1653 1787 1761 1825 ἀρετὴν,
1782 1786 1823 1814 καὶ
1844 1786 1886 1819 τήν

1078 1832 1220 1869 φρόνησιν.
1240 1832 1407 1860 Dominicus
1423 1832 1562 1866 Molinus,
1577 1833 1681 1861 virtute
1696 1834 1753 1869 ipsa
1767 1831 1888 1860 excellen-

1078 1877 1199 1904 tissimus
1223 1877 1264 1904 An
1291 1885 1348 1904 non
1362 1876 1585 1904 Ciceronianum
1601 1877 1676 1904 illud
1703 1876 1805 1904 infert?
1828 1876 1888 1903 Talis

1078 1926 1116 1948 est
1133 1922 1184 1954 vir,
1201 1925 1231 1948 ut
1245 1921 1324 1948 nulla
1340 1929 1384 1948 res
1399 1923 1475 1949 tanta
1489 1922 1537 1956 sit,
1550 1929 1586 1949 ac
1600 1924 1658 1949 tam
1672 1922 1802 1957 difﬁcilis,
1817 1927 1887 1956 quam

1078 1966 1126 1993 ille
1142 1974 1197 1993 non
1225 1970 1250 1993 et
1274 1966 1390 1993 consitio
1413 1973 1515 2001 regere,
1540 1969 1567 1994 et
1593 1967 1754 2002 integritate
1776 1965 1887 1998 tuerth

1079 2011 1178 2038 virtute
1192 2010 1324 2045 conﬁcere
1343 2014 1428 2046 possit
1441 2019 1451 2037 :
1467 2013 1496 2038 et
1520 2010 1629 2038 similia
1641 2030 1647 2036 .
1658 2011 1703 2038 Sic
1728 2009 1833 2038 Psellus
1846 2008 1884 2035 di-

1078 2058 1144 2083 ctus
1157 2057 1211 2090 est,
1227 2053 1315 2085 πολὺς
1330 2055 1381 2089 τὴν
1395 2053 1530 2092 γλῶτταν,
1548 2055 1633 2091 quasi
1650 2055 1762 2083 diceres
1778 2060 1886 2089 magnus,

1078 2100 1195 2133 multus,
1221 2099 1406 2127 admirandus
1434 2099 1551 2136 eloquia,
1567 2100 1724 2135 eloquentia
1750 2097 1881 2133 singulari.

1080 2144 1243 2181 Σοφώτατος
1260 2144 1348 2172 etiam
1365 2144 1476 2180 passim
1493 2145 1585 2178 audit,
1601 2144 1824 2180 sapientissimus,
1836 2143 1861 2169 et
1872 2148 1886 2167 θ,

1080 2189 1168 2225 Glyca
1184 2190 1212 2216 in
1229 2189 1404 2223 Annalibus,
1421 2191 1450 2216 et
1461 2197 1477 2216 a
1493 2188 1650 2216 Metochita
1665 2189 1694 2216 in
1715 2186 1842 2215 Historia.
1857 2184 1885 2212 Et

199 2240 321 2260 maerore
336 2231 424 2258 vitam
441 2231 539 2266 posuit
551 2239 558 2258 :
570 2230 659 2266 idque
670 2230 792 2266 conjicio
808 2239 841 2257 ex
857 2231 1021 2258 vcrbisAn-
1036 2231 1060 2264 D
1077 2233 1156 2260 illius
1185 2232 1351 2267 sententiis,
1377 2232 1427 2268 qui
1451 2240 1518 2260 eum
1535 2233 1626 2260 secuti
1650 2234 1729 2265 sunt,
1744 2231 1884 2266 scriptores

197 2285 240 2304 me
256 2277 410 2304 Comnense
422 2277 490 2303 Hist.
507 2275 555 2302 lib.
577 2283 603 2302 v.
620 2275 676 2302 Sed
700 2274 737 2302 iis
752 2275 899 2311 praecipue
915 2283 922 2302 ε
938 2275 1021 2302 ’Ένθα

197 2320 242 2347 καὶ
275 2322 324 2347 τοῦ
353 2318 468 2347 Ψελλοῦ
493 2319 741 2356 μεταχωρήσαντος
766 2318 928 2352 Βυζαντόοεν
956 2319 1023 2355 μετᾶ

197 2365 247 2399 τὴν
270 2363 431 2401 ἀπόχρασιν,
453 2364 528 2400 (lego
559 2362 731 2400 ἀπόκκρσιν,)
757 2363 837 2393 αὐτὸς
862 2362 1023 2402 φιλοσοφίας

199 2409 306 2443 ἁπάσης
320 2409 429 2446 πρόεστι
448 2406 621 2438 διδάσκαλος.
639 2408 690 2436 Ubi
703 2412 729 2435 et
740 2408 828 2435 Psetlo
839 2411 898 2443 post
915 2416 1024 2437 comam

198 2454 339 2482 detonsam
355 2454 491 2489 Byzantio
506 2452 716 2488 secedentejpse
726 2451 1024 2489 Italusuniverschhi-

197 2499 329 2535 Iosophiaz
343 2499 479 2534 magister
493 2500 600 2526 creatus
616 2500 666 2525 est.

232 2545 325 2572 XXX.
343 2542 488 2578 Quidquid
512 2545 610 2570 tamen
626 2542 675 2574 sit,
690 2541 827 2569 maximis
843 2550 910 2570 eum
927 2542 1023 2570 laudi-

199 2589 254 2617 bus
268 2589 565 2622 exornarunt,praeter
573 2589 688 2614 Annam
701 2587 1023 2620 Comnenam,Joaunes

195 2633 330 2670 Scylitza,
342 2634 371 2660 et
386 2632 534 2660 Cedrenus
551 2631 579 2658 in
596 2631 736 2667 prooemio
752 2630 896 2665 Historiae,
913 2631 1022 2667 ὑπέρτι-

198 2688 215 2714 μ
223 2687 251 2708 ος
268 2676 390 2711 Ψελλός,
408 2676 640 2704 honoratissimus
657 2676 773 2710 Psellus,
789 2677 819 2703 et
833 2675 862 2703 in
878 2677 1021 2705 stratioti-

1079 2286 1131 2305 sua
1147 2277 1214 2306 Com
1221 2277 1362 2305 mentaria
1374 2285 1431 2304 non
1443 2277 1542 2304 minus
1553 2285 1641 2312 quam
1654 2276 1773 2304 aliorum
1781 2276 1883 2301 Patrum

1079 2321 1460 2350 testimoniisillustrarunt.
1488 2322 1566 2349 Inter
1581 2321 1654 2349 alios
1678 2319 1810 2357 praecipui
1825 2318 1884 2345 sunt

1077 2367 1176 2394 Niceta
1191 2369 1306 2399 Serron,
1320 2367 1427 2394 Catena
1440 2366 1661 2394 absolutissima
1676 2366 1702 2392 in
1712 2362 1884 2397 Evangelium

1080 2411 1160 2439 Lucae
1174 2420 1180 2445 ;
1198 2411 1341 2438 Macarius
1356 2410 1607 2446 Chrysocephalus
1630 2412 1660 2437 in
1677 2410 1778 2445 Magno
1792 2406 1885 2442 Alpha-

1079 2456 1156 2490 beto,
1169 2455 1219 2483 ubi
1235 2463 1269 2483 ex
1285 2455 1466 2482 diversorum
1483 2457 1603 2482 Patrum
1633 2454 1719 2482 dictis
1746 2449 1886 2486 Evangelia

1079 2500 1292 2536 perfectissime
1318 2500 1544 2535 interpretatur;
1561 2501 1590 2526 et
1603 2499 1730 2526 Joannes
1754 2497 1886 2524 Diaconos

1078 2546 1187 2580 Magnae
1213 2543 1347 2571 Ecclesiae
1377 2544 1473 2572 Tract.
1490 2541 1540 2574 Τίς
1567 2543 1582 2570 ὁ
1611 2542 1706 2580 maga;
1719 2542 1757 2576 τῷ
1772 2537 1825 2574 Θεῷ
1844 2538 1886 2570 τῆς

1078 2588 1191 2626 πρώτης
1216 2590 1264 2615 τοῦ
1289 2587 1433 2625 ἀνθρώπου
1457 2586 1595 2622 πλάσεως,
1625 2586 1670 2614 καὶ
1699 2587 1747 2618 τῆς
1775 2582 1885 2619 δευτέρας

1078 2633 1254 2664 ἀνιπλάσεως
1271 2631 1316 2660 διὰ
1330 2634 1379 2660 τοῦ
1394 2634 1473 2660 Θεοῦ.

1112 2678 1210 2706 XXXI.
1237 2677 1312 2706 Illud
1341 2677 1459 2706 interim
1489 2677 1718 2706 animadvertere
1744 2674 1882 2703 debemus,

989 2741 1106 2770 NOTAE.

232 2785 269 2823 (ο)
284 2784 384 2814 Malim
399 2792 494 2814 rerum
507 2784 669 2813 divinarum
682 2783 805 2820 apprime
818 2784 935 2820 peritus.
