1937 3050
70 76 138 105 497

709 76 895 107 DIATRIBA
917 76 969 106 DE
992 76 1163 106 PSELLIS.

1731 77 1792 107 498

68 141 244 169 Gesnerum
259 141 289 168 in
305 140 487 169 Bibliotheca
513 142 636 170 ridicule
660 143 733 170 satis
762 142 901 178 argutari,

991 142 1128 184 ῇῚγαξέετῇ
1144 142 1192 184 eoi)
1208 139 1322 177 Μιχαὴλ
1334 140 1479 184 ξεύγγυταξ
1487 141 1573 184 χνόμῳ
1587 140 1688 184 Ieiuno,

68 185 215 212 eumdem
231 193 296 213 esse
312 185 482 213 Michaelem
505 186 676 222 Ephesium,
693 190 720 214 et
737 187 906 214 Michaelem

69 228 217 257 Psellum.
237 229 301 257 Mihi
316 229 424 265 quidem
439 231 589 265 aliquando
616 231 775 266 conjectura
789 231 908 259 occurrit

68 273 203 301 eumdem
224 274 405 302 existimandi
436 274 599 303 Michaelem
635 276 791 311 Ephesium,
820 279 847 303 et
861 275 907 302 illi—

68 318 202 346 chaelem
219 319 353 346 Psallam.
370 319 440 346 Nam
454 322 558 355 praeter
578 328 722 348 commune
735 328 906 356 praenomen,

69 366 226 397 utrumque
243 364 347 390 constat
370 364 552 391 recentiorem
576 365 671 399 fuisse,
697 365 906 398 Christianum,

70 409 305 444 Peripateticum,
329 409 484 437 Aristotelis
505 410 724 445 paraphrastem.
750 410 835 438 Multi
857 410 906 438 alii

68 453 210 487 ejusdem
235 453 427 488 praenominis
463 455 653 488 recentiores,
685 455 855 487 Christiani,
879 456 908 481 et

68 497 274 533 Peripatetici,
290 498 456 526 Aristotelis
481 499 692 535 paraphrastm,
719 508 792 527 nova
818 499 906 526 hacce

68 542 306 577 argumentandi
323 543 435 570 ratione
458 543 544 571 Pselli
559 546 656 578 erunt,
673 544 781 580 inepte.
798 543 904 571 Verum

69 589 120 613 est
138 589 300 622 utrumque
324 587 515 615 recentiorem
540 597 615 621 esse,
639 588 851 620 Christianum,
868 596 904 615 an

67 639 157 666 aeque
181 631 378 667 Peripatetici,
404 632 550 666 dubium;
571 633 627 669 [22]
650 636 761 661 certum
785 633 905 660 omnino

66 676 285 711 paruphrastes
302 685 358 704 non
373 686 438 705 esse
455 686 461 705 :
478 678 508 705 ni
524 678 645 712 scholia,
662 681 689 706 et
709 678 905 713 expositiones

66 722 172 748 textus
188 720 389 755 brevissimus,
412 730 471 749 una
496 731 563 750 cum
588 723 765 758 Paraphrasi
782 723 904 750 confun-

67 765 143 792 dere
160 765 293 793 velimus.
320 766 513 794 Cont'eraatur
528 767 683 803 utriusque
708 767 737 795 in
764 768 905 795 Aristotc-

67 809 131 836 lem
149 810 426 844 commentationes,
443 812 580 847 quamvis
595 812 786 840 sententiain
803 811 906 839 multis
922 831 944 862 Β

68 855 263 888 conveniant,
278 855 307 882 in
322 856 420 890 modo,
442 864 475 883 ac
497 857 636 884 methodo
661 856 823 892 exponendi
840 857 906 883 Ari-

67 899 210 926 stotelem
227 898 311 935 longe
326 899 434 928 diversi
450 901 648 928 sunt.Psellus
658 901 798 928 continua
809 903 904 928 textus

68 943 252 979 paraphrasi
269 945 446 972 sententiam
471 946 576 981 aperit,
601 945 746 981 Ephesius
773 954 828 973 non
847 945 903 973 nisi

67 987 294 1015 difﬁcilioribus
320 997 440 1024 operam
462 989 531 1023 dat,
555 989 644 1025 clara,
669 993 835 1025 apertaque,
860 982 902 1018 υιί

65 1032 180 1068 cuique
196 1032 292 1067 obvia,
310 1033 441 1069 negligil.

101 1076 222 1104 XXXII.
240 1079 277 1104 At
301 1077 438 1113 quisnam
461 1077 498 1105 sit
520 1078 576 1106 iste
603 1078 750 1114 Ephesius
765 1079 899 1112 Michael,

65 1120 119 1155 qui
134 1121 165 1148 in
181 1121 335 1149 enodando
350 1121 506 1149 Aristotele
529 1125 681 1159 tantopere
696 1123 785 1151 etiam
800 1123 899 1151 elucu-

62 1165 256 1193 brationibus
271 1166 369 1199 editis,
387 1166 547 1200 insudavit,
564 1167 708 1202 quaesiere
731 1167 826 1195 multi.
843 1168 897 1195 Sed

61 1208 177 1237 frustra
192 1218 310 1245 operam
327 1211 536 1238 contriverunt.
554 1211 607 1239 Ubi
620 1212 735 1239 nullum
753 1212 794 1239 rei
809 1213 898 1240 vesti-

61 1253 149 1289 gium
165 1257 296 1290 apparet.
313 1255 337 1282 si
355 1256 486 1283 venatori
502 1264 548 1283 res
563 1265 620 1283 non
637 1256 897 1289 succedit,laudem

62 1298 115 1326 ille
129 1307 182 1334 pro
198 1301 316 1332 conatu,
345 1308 413 1332 non,
443 1301 520 1335 quod
546 1308 605 1328 non
625 1300 778 1335 invenerit,
800 1309 896 1337 repre-

62 1342 241 1371 hensionem
259 1346 565 1379 promeretur.Verum
581 1345 651 1372 dum
668 1353 721 1382 ego
737 1346 823 1373 etiam
836 1354 897 1373 om-

64 1387 115 1415 nia
133 1388 308 1423 pervcstigo,
325 1389 350 1416 si
375 1389 445 1424 quid
470 1389 668 1418 subodoratus
691 1399 769 1424 sum,
786 1390 814 1418 in
831 1399 895 1418 me-

65 1433 150 1460 dium
166 1433 298 1467 afferam,
315 1433 407 1461 donec
423 1433 543 1462 meliora
554 1435 589 1462 ab
601 1434 667 1462 aliis
683 1435 893 1471 producantur.

61 1479 223 1512 Sensuum,
249 1485 282 1505 ac
312 1478 532 1506 enarrationem
554 1478 717 1507 similitudo
742 1479 796 1507 hos
819 1480 893 1508 duos

61 1524 199 1549 auctores
214 1530 307 1550 unum
319 1523 356 1550 ab
369 1522 425 1550 alio
441 1523 575 1558 adjutum
589 1524 679 1552 fuisse
691 1524 893 1560 satisindicat,
909 1515 931 1549 (ἶ

61 1565 110 1593 vel
128 1568 288 1602 utrumque
311 1567 347 1594 ab
371 1567 440 1602 alio,
457 1571 485 1595 et
508 1576 543 1595 ex
568 1577 626 1596 uno
652 1569 729 1596 fonte
745 1569 899 1606 utriusque

65 1612 261 1637 monumenta
273 1610 422 1639 corrivari.
439 1611 571 1647 Cumque
594 1620 611 1639 a
635 1620 692 1647 quo
717 1612 829 1640 Psellus
845 1622 900 1641 sua

65 1654 203 1682 hauserit
218 1663 276 1682 non
293 1655 429 1689 habeam,
450 1656 551 1692 utique
576 1656 736 1692 Ephesium
752 1665 786 1684 ex
801 1657 898 1690 Pselli,

65 1699 126 1726 sive
143 1706 203 1733 ore,
222 1699 282 1726 sive
306 1701 518 1735 monumentis,
543 1701 680 1736 quamuis
705 1702 900 1730 verosimilius

67 1751 102 1770 ex
128 1751 190 1777 ore,
216 1752 271 1771 sua
294 1744 446 1778 habuisse,
482 1753 606 1780 esseque
639 1745 809 1774 Michaelem
840 1747 898 1774 Du-

67 1795 133 1815 cam
151 1787 379 1823 Parapinaceum
406 1789 528 1822 dictum,
555 1789 641 1817 Pselli
668 1790 857 1826 discipulum,
874 1791 898 1819 si

68 1832 240 1867 conjectura
255 1832 366 1868 aliquid
383 1833 475 1866 valeo,
491 1834 637 1862 existimo.
655 1834 706 1862 Hic
723 1835 812 1870 enim,
829 1836 898 1863 dum

69 1883 220 1903 summam
249 1876 365 1912 imperii
389 1881 510 1911 teneret,
534 1887 551 1906 a
585 1879 680 1906 Psello
702 1879 833 1914 edoctus,
849 1880 899 1908 illo

69 1920 194 1953 amisso,
210 1920 240 1947 in
256 1921 401 1956 Ephesum
426 1922 549 1958 delatus,
575 1922 656 1951 illius
679 1923 813 1952 Ecclesiae
829 1925 902 1952 anti-

67 1967 128 1992 stes
142 1968 341 1993 cousecratur.
362 1969 490 1995 Zonaras
505 1968 535 1995 in
559 1967 720 1996 Botaniata.
746 1968 776 1996 Ὀ
794 1968 841 2004 μὲν
857 1979 899 1996 τοι

69 2005 299 2046 προϐασιλευκὼς
324 2010 452 2047 Μιχαὴλ,
477 2011 515 2042 ὡς
540 2010 656 2047 {ton-cat,
672 2012 722 2046 τὴν
745 2012 829 2050 τρίχα
849 2024 900 2040 κα-

75 2052 141 2091 ρεῖς,
177 2053 222 2080 καὶ
252 2055 336 2093 ψήφῳ
376 2054 505 2092 συνοδικῇ
543 2056 759 2093 Μητροπολίτης
787 2058 900 2094 Ἐφέσου

72 2097 298 2134 κεχειροτόνητο,
327 2098 371 2126 καὶ
405 2100 474 2135 ἅπαξ
501 2101 634 2138 φοιτήσας
661 2100 716 2128 ἐκεῖ
743 2101 899 2137 ἐπανῆλθε,

68 2141 114 2168 καὶ
142 2141 168 2168 ὲν
187 2144 221 2178 τῇ
243 2144 292 2169 τοῦ
317 2144 450 2179 Μανουὴλ
479 2146 549 2181 μονῇ
572 2144 690 2173 ἐποιεῖτο
712 2149 762 2180 τῆν
784 2145 899 2175 δίαιταν.

966 175 1213 215 Κᾲῖξταξιςτίγὲρωγ
1228 175 1358 215 τῇυφερᾷ,
1375 175 1536 215 τξέμπελλοξ
1550 175 1691 212 vsa-£66671.

962 213 1047 240 Αὐτὸν
1065 211 1093 239 δὲ
1111 211 1304 250 βάρύνόμενοῦ,
1316 211 1364 240 ’καὶ
1380 211 1634 250 δυνσανασχετοῦντα

962 250 1018 283 Τῆς
1038 249 1168 286 Ἐφεσίων
1180 248 1288 279 πόλεως
1303 248 1421 285 ποιμένα
1436 248 1600 275 καθιάῖεάνει.

961 303 1144 331 Antecessoris
1175 303 1313 330 Michaelis
1352 303 1494 338 conjugem
1525 303 1579 330 sibi
1610 303 1788 331 matrimonio

961 348 1084 383 copulat,
1099 355 1182 375 senex
1196 348 1344 375 mulierem
1358 352 1482 375 teneram
1492 349 1517 374 et
1532 346 1788 382 dedicatam,capu-

963 392 1041 425 laris,
1057 394 1082 420 et
1104 394 1200 427 funeri
1222 392 1379 420 destinatus
1403 395 1535 426 vegetam,
1559 393 1640 426 atque
1660 392 1787 425 iuvenem

963 437 1101 472 Quemque
1123 440 1223 465 sortem
1243 445 1322 464 suam
1346 444 1431 472 «ΡΨ-ε,
1458 437 1620 472 molesteque
1643 437 1787 471 ferentem,

961 489 992 508 ac
1006 481 1206 516 deplorantem,
1222 481 1366 517 Ephesium
1379 481 1457 509 urbis
1477 483 1612 516 pastorem
1637 482 1789 517 imperator

960 527 1110 553 constituit.
1127 526 1161 552 Et
1176 526 1309 562 Ephrrem
1327 526 1355 552 in
1372 525 1514 553 Chronico
1531 534 1537 552 :

1068 583 1098 611 '0
1114 583 1230 626 Μιχαὴλ
1247 581 1275 610 δὲ
1285 582 1388 625 χίνεται
1407 581 1596 634 μελαμῗόρος,

997 619 1043 634 ΠΥ.
1069 619 1221 634 ι-ειμίὶιηυ..-
1249 629 1290 634 un.
1308 617 1441 634 _-/.-§AA.
1455 619 1504 634 ’0.-
1523 629 1568 634 -.κη

997 617 1052 646 EH
1069 617 1232 656 ἀρχιθῦτης,
1249 617 1441 655 καῖπρόεδρος
1455 617 1580 655 Ἐφέσὸυ.

960 677 1081 706 Michael
1101 685 1166 705 vero
1190 678 1284 714 nigris
1306 678 1474 705 vestimentis
1497 677 1613 704 indutus
1633 677 1787 711 sacriﬁcio-

960 730 1023 750 rum
1048 723 1186 758 princeps,
1219 722 1376 757 prwsulque
1398 721 1503 757 Ephesi
1536 721 1576 756 ﬁt.
1600 721 1631 748 In
1658 729 1691 748 eo
1715 721 1784 755 otio,

960 767 984 794 si
999 775 1116 803 gregem
1132 767 1238 794 Christi
1255 775 1374 802 pascere
1389 766 1482 794 otium
1503 769 1557 799 est,
1583 765 1676 794 multa
1691 765 1720 792 in
1734 773 1784 793 va-

960 812 1020 839 rias
1034 811 1218 848 disciplinas,
1235 819 1287 838 nec
1303 811 1417 846 dubito,
1441 810 1628 846 conscripsit,
1652 819 1716 846 quae
1731 818 1783 838 no-

961 856 1040 884 mine
1064 856 1213 884 Michaelis
1245 855 1372 891 Ephesii,
1408 855 1515 891 quietis
1542 855 1637 890 potius
1669 863 1782 888 amans,

959 909 1072 929 memor
1086 901 1252 933 turbarum,
1266 909 1323 928 non
1340 900 1537 935 imperatoris,
1548 899 1783 935 exemploetiam

958 945 1083 973 aliorum
1100 946 1323 980 imperatorum,
1343 944 1445 979 voluit,
1461 947 1493 972 ut
1514 944 1684 972 hominibus
1700 944 1784 972 inno-

957 991 1112 1018 tescerent.
1143 990 1205 1017 Non
1237 989 1357 1025 placet?
1380 988 1493 1017 dictum
1529 989 1674 1016 indictum
1708 991 1783 1016 esto.

957 1034 1091 1062 Ἐπανίτω
1106 1034 1175 1072 πρός
1196 1045 1229 1070 με
1252 1034 1297 1061 τὸν
1323 1033 1435 1061 τεκόντα
1448 1034 1479 1061 τὸ
1500 1033 1659 1069 ἀποκύημα.
1685 1033 1785 1062 Redeat

954 1081 993 1107 ad
1007 1088 1050 1108 me
1064 1082 1202 1108 auctorem
1217 1082 1299 1115 [wtus
1309 1079 1354 1106 hic
1368 1087 1452 1106 meus.

990 1125 1110 1152 XXXIII.
1129 1125 1179 1152 llic
1195 1132 1264 1160 ergo
1285 1123 1409 1158 Psellus,
1426 1125 1459 1150 ut
1481 1123 1617 1151 doctrina
1641 1125 1783 1158 praestan-

953 1169 1101 1201 tissimus,
1115 1169 1155 1197 ita
1171 1168 1302 1196 omnium
1319 1166 1573 1205 πολυγραφώτατος
1595 1167 1660 1194 fuit.
1679 1166 1781 1194 Ausim

953 1214 1049 1241 dicere
1066 1214 1226 1242 neminem.
1243 1221 1286 1247 ea,
1303 1213 1346 1242 vel
1364 1213 1563 1248 subsequente
1576 1214 1668 1244 astate,
1684 1211 1781 1239 Graece

951 1258 995 1286 vel
1012 1258 1157 1286 invenisse
1178 1257 1286 1289 acrius,
1308 1257 1352 1284 vel
1377 1257 1530 1285 ordinasse
1555 1256 1664 1292 aptius,
1679 1255 1723 1283 vel
1739 1256 1781 1283 lo-

952 1306 1053 1330 cutum
1070 1301 1315 1338 eloquentius,vel
1326 1301 1501 1337 profundius
1516 1309 1563 1329 res
1575 1302 1778 1337 pertractasse.

950 1347 1037 1375 Nulla
1054 1347 1109 1375 fuit
1123 1346 1256 1381 scientia,
1283 1354 1372 1381 quam
1397 1346 1460 1381 ipse
1475 1346 1519 1372 vel
1541 1345 1618 1372 notis
1640 1353 1698 1372 non
1713 1344 1778 1372 illu-

949 1393 1095 1427 straverit,
1111 1391 1154 1419 vel
1171 1391 1343 1427 compendio
1359 1399 1416 1418 non
1427 1389 1594 1424 tentaverit,
1605 1389 1649 1417 vel
1664 1389 1777 1425 optima

949 1437 1088 1464 methodo
1105 1445 1162 1464 non
1179 1435 1348 1471 expedierit.
1364 1435 1482 1467 Eorum,
1497 1443 1561 1470 quae
1576 1433 1777 1469 scripsitque-

949 1489 1006 1517 que
1019 1480 1055 1508 ad
1071 1481 1205 1508 notitiam
1229 1488 1323 1507 meam
1348 1487 1513 1514 pervenere,
1536 1478 1670 1513 quaedam
1698 1477 1778 1505 edita

950 1528 1030 1558 sunt,
1045 1525 1178 1560 quaedam
1201 1524 1298 1551 adhuc
1324 1523 1459 1551 inedita:
1476 1523 1512 1550 de
1537 1522 1624 1550 editis
1648 1522 1777 1558 primum

953 1577 1118 1598 sermonem
1134 1569 1300 1596 instituam.
1316 1568 1401 1596 Edita
1416 1569 1485 1595 sunt
1502 1576 1510 1595 τ

989 1613 1108 1641 XXXlV.
1126 1613 1210 1641 Pselli
1226 1614 1263 1640 De
1284 1614 1372 1640 victus
1396 1613 1513 1646 ratione,
1538 1612 1626 1647 deque
1639 1611 1782 1647 facultati-

954 1659 1012 1692 bus,
1028 1662 1053 1686 et
1075 1659 1149 1686 succi
1173 1658 1318 1694 qualitate,
1344 1656 1555 1688 elementorum,
1580 1656 1648 1684 libri
1670 1655 1723 1683 duo
1745 1655 1782 1682 ad

953 1704 1180 1732 Constantinum
1204 1703 1243 1739 (p)
1270 1702 1489 1738 imperatorem,
1524 1701 1636 1735 Latine,
1661 1701 1784 1736 Georgio

954 1747 1036 1776 Valla
1057 1748 1227 1783 interprete,
1250 1755 1308 1774 una
1333 1755 1400 1774 cum
1431 1746 1534 1774 Rhazae
1558 1746 1594 1772 de
1618 1744 1784 1780 pestilentia

953 1792 1037 1827 libro,
1055 1794 1084 1819 et
1104 1791 1227 1819 Joannis
1253 1791 1385 1818 Manardi
1412 1789 1607 1818 Ferrariensis
1631 1789 1660 1816 in
1684 1790 1781 1816 Artem

954 1836 1055 1865 Galeni
1072 1836 1264 1872 expositione.
1291 1835 1421 1869 Basileze,
1447 1834 1525 1870 apud
1551 1833 1695 1860 Andream
1711 1833 1782 1860 Cra-

953 1881 1104 1915 tandrum,
1117 1888 1194 1907 anno
1210 1879 1290 1911 1529,
1307 1879 1336 1906 in
1352 1880 1379 1906 8.

988 1926 1108 1953 XXXV.
1125 1924 1263 1959 Ejusdem
1279 1923 1384 1951 iambos
1400 1924 1429 1950 in
1443 1923 1512 1950 vitia
1523 1925 1551 1949 et
1564 1920 1780 1954 virtutes.ltem,

954 1971 1095 2006 Anagogas
1111 1970 1140 1996 in
1154 1967 1319 2003 Tantalum,
1335 1967 1509 2003 Allegoriam
1519 1968 1551 1994 dc
1561 1966 1691 2002 Sphinga,
1709 1966 1783 1992 Ana-

954 2023 1051 2051 gogam
1067 2015 1096 2041 in
1113 2014 1297 2049 Circem,quae
1313 2012 1420 2040 volebat
1436 2012 1558 2047 Ulyssem
1570 2012 1783 2046 transformare.

955 2059 1096 2087 Arsenius
1112 2058 1318 2086 Monembasiaa
1331 2056 1488 2092 episcopus
1503 2055 1601 2082 Romae
1617 2055 1655 2090 (q)
1671 2054 1784 2090 primus

954 2103 1097 2139 vulgarat.
1123 2102 1232 2130 Deinde
1269 2100 1405 2137 pluribus
1427 2099 1499 2128 locis
1529 2099 1675 2132 restituta,
1699 2100 1787 2133 atque

954 2147 1160 2182 interpolata.a
1176 2147 1307 2174 Conrado
1323 2143 1585 2178 Gesnero,Basileze
1601 2142 1787 2170 ediditJoan-

70 2187 187 2214 Michael
203 2195 277 2220 vero,
288 2188 401 2223 pridem
424 2190 582 2225 imperator,
600 2194 678 2218 tonsa
699 2199 794 2224 coma,
809 2193 839 2219 ut
853 2193 897 2220 di-
915 2199 937 2231 ι)
952 2200 1005 2220 nes
1020 2191 1165 2227 Oporinos
1181 2190 1217 2226 (r)
1233 2199 1311 2218 anno
1328 2189 1441 2221 1544,ia
1457 2189 1484 2223 8,
1498 2196 1556 2215 una
1571 2195 1638 2215 cum
1655 2186 1783 2231 Heracli—

69 2233 144 2258 ctum
178 2233 226 2264 est,
260 2233 373 2260 concilii
413 2234 556 2269 suffragiis
594 2235 694 2270 Ephesi
730 2236 899 2272 lltctropolita

71 2278 192 2306 creatur.
209 2277 240 2303 Et
254 2284 318 2304 cum
333 2279 415 2305 semel
430 2286 461 2306 eo
486 2279 613 2313 venisset,
635 2288 768 2313 reversus,
791 2281 821 2308 in
838 2283 900 2309 ιῖιιι-

72 2320 163 2348 nuetis
178 2322 350 2349 monasterio
364 2323 450 2350 vitam
463 2324 528 2359 egit.
551 2323 763 2353 Constantinus
785 2325 898 2354 Manas-

74 2372 122 2392 888
138 2373 145 2392 Ζ

955 2237 1001 2264 dis
1012 2235 1124 2263 Pontici
1137 2234 1291 2270 Allegoriis
1302 2235 1331 2261 in
1344 2233 1461 2261 Homeri
1478 2232 1593 2260 fabulas
1605 2232 1640 2258 de
1652 2231 1709 2266 [24]
1719 2230 1777 2257 diis

956 2281 990 2308 de
1006 2281 1114 2316 quibus
1129 2279 1195 2307 vide
1211 2279 1288 2306 intra
1304 2279 1333 2305 in
1349 2278 1461 2306 Joanne
1478 2276 1572 2304 Psello
1587 2275 1602 2312 §
1617 2276 1661 2309 49,
1677 2276 1723 2309 56,
1738 2275 1783 2302 80.

955 2325 1054 2353 Obiter
1068 2326 1097 2352 et
1112 2324 1158 2351 hic
1175 2323 1470 2350 animadvertendum
1496 2323 1552 2354 est,
1577 2320 1708 2348 carmina
1722 2319 1786 2351 illa,

956 2378 1019 2405 quae
1036 2368 1191 2397 Federicus
1213 2366 1354 2396 Morellus
1377 2365 1498 2394 Lutetiae
1522 2373 1599 2393 anno
1616 2364 1694 2397 1608,
1710 2363 1740 2391 in
1756 2363 1785 2396 8,

873 2419 989 2449 NOT/E.

107 2458 145 2494 (p)
163 2460 272 2487 Ducam
291 2460 334 2488 vel
351 2460 589 2494 Monomachum,
607 2463 637 2489 ut
653 2462 777 2491 Allatius
793 2464 904 2492 notavit

73 2502 162 2534 supra
184 2495 251 2534 §“§,
279 2504 343 2534 >no_n
384 2497 700 2534 Porphyrogennetam,
734 2502 767 2526 ut
801 2499 902 2534 Gyral-

73 2531 127 2571 dus
141 2538 176 2571 ρ..
190 2531 253 2571 28_2.
271 2532 306 2558 de
321 2532 427 2560 Poetis.
440 2531 630 2571 'Prodieriint
651 2534 738 2571 etiam
765 2535 794 2562 bi
811 2531 902 2562 libelli

73 2566 106 2606 de
123 2566 202 2606 victu
221 2566 423 2606 humandum
443 2569 591 2606 cumialiis
612 2570 758 2597 variorum
784 2571 904 2606 scriptis

74 2602 109 2639 ab
125 2601 231 2639 eodem
246 2603 279 2630 G.
296 2603 379 2632 Valla
393 2605 485 2632 versis
502 2605 600 2632 Venet.
623 2606 702 2639 1/198,
717 2607 778 2639 fol.,
795 2609 825 2633 ut
841 2601 903 2634 edi-

72 2638 166 2674 tiones
182 2637 285 2674 Qolou.
304 2639 383 2668 1526,
399 2641 427 2674 8,
438 2643 467 2668 et
492 2640 579 2668 Basil.
595 2641 664 2668 4457
682 2637 712 2668 in
736 2643 752 2668 8
768 2637 903 2670 omittam

73 2673 103 2701 In
118 2673 232 2712 libellis
247 2675 313 2712 istis
332 2676 516 2712 imperatoris
534 2677 622 2711 jussu
644 2677 773 2704 collectis
789 2677 903 2706 nullum

74 2710 247 2754 scriptorem
270 2710 501 2754 laudatlllsellus
518 2710 675 2754 praeter}.
699 2713 727 2745 8,
750 2713 902 2754 Galenum.

76 2746 111 2774 De
125 2745 232 2774 eodem
249 2749 427 2782 argumento
444 2748 494 2776 sed
511 2745 597 2784 plane
626 2745 760 2777 diversus
776 2748 849 2778 liber
864 2750 905 2778 Si-

959 2463 1074 2499 meonis
1097 2461 1296 2499 Sethi‘exstat
1320 2461 1356 2489 ad
1382 2459 1560 2499 Michaelern
1580 2460 1688 2499 Ducam
1713 2457 1785 2499 imp.

959 2499 1006 2526 cui
1022 2498 1105 2525 valde
1121 2497 1218 2525 simile
1233 2497 1376 2532 scriptum
1391 2495 1472 2524 aliud
1487 2494 1581 2523 Psello
1596 2494 1740 2522 tributum
1751 2493 1788 2520 de

959 2543 1015 2570 quo
1031 2534 1155 2561 Allatius
1168 2534 1244 2570 infra
1257 2534 1271 2567 §
1285 2533 1330 2570 51.

995 2570 1031 2605 (q)
1054 2570 1150 2597 Graece
1174 2569 1203 2596 ln
1227 2566 1267 2602 8,7
1282 2569 1317 2595 ad
1352 2567 1461 2596 calcem
1486 2566 1787 2602 Apophthegmatum,

958 2605 1046 2633 Leoni
1063 2606 1090 2632 X
1105 2605 1324 2639 inscriptorum.

996 2642 1031 2676 (r)
1047 2642 1142 2668 Greece
1157 2635 1286 2671 tantum.
1303 2647 1359 2676 non
1376 2638 1473 2676 Graece
1487 2640 1516 2665 et
1531 2637 1642 2676 Latine.
1653 2638 1684 2664 ut
1699 2644 1716 2663 a
1727 2635 1785 2676 cla-

959 2671 1076 2704 rissimo
1092 2679 1180 2704 Caveo
1197 2676 1225 2703 in
1251 2677 1317 2702 Hist.
1343 2675 1485 2702 litterario
1506 2671 1781 2708 scriptorumrecclcs.

961 2713 1120 2748 proditum,
1136 2712 1205 2740 licet
1220 2710 1358 2748 Heracliti
1371 2709 1525 2745 Allegoriis
1548 2707 1651 2736 Latina
1664 2707 1781 2735 illarum

961 2747 1082 2777 Gesaeri
1099 2748 1193 2776 versio
1208 2747 1374 2783 subjuucta.
