1937 3050
34 96 106 126 501

688 97 874 128 DIATRIBA
897 95 948 126 DE
969 95 1142 126 PSELLIS.

1707 94 1766 126 502

36 160 151 196 ἔπειδή
182 163 242 193 νέος
271 162 318 198 μὲν
350 161 387 189 ὥν
411 162 450 194 εἷς
473 162 519 190 τὸν
546 161 634 199 δῆμον
661 163 728 199 μετὰ
750 162 851 199 Τιμοθέ

964 163 1105 197 peratione
1135 162 1293 191 daemonum
1325 162 1400 190 liber
1432 162 1447 189 ὁ
1481 162 1579 189 Graeco
1618 161 1650 188 in
1687 159 1768 188 Lati-

35 207 111 238 xae’
148 207 226 243 ὑμῶν
262 205 408 238 ἐπιστολὰς
447 206 564 244 αἰσχρὰς
602 205 727 245 ἔγραφεν,
766 207 824 234 νυνὶ
859 205 887 233 δὲ

37 248 212 286 πρεσϐύτης
241 249 288 284 ὥν,
319 251 410 289 ὥσπερ
442 251 522 286 ἑκὼν,
544 253 562 286 ἢ
591 255 696 290 φθονῶν
719 252 752 279 τὰ
772 251 887 279 πλεῖστα

35 296 103 322 τῶν
163 296 226 332 ὑμῖν
281 295 460 333 ὑπαρχόντων
503 296 611 333 ἀγαθῶν
657 295 858 334 παραλέλοιπεν
878 316 884 322 .

35 338 215 367 Απέσταλκε
231 338 259 367 δέ
281 350 324 367 σοι
349 339 447 377 Λόγον,
464 340 494 367 ὃν
515 341 545 367 τὸ
572 341 618 376 μὶν
635 343 742 376 πρῶτον
769 338 884 378 ἔγραψεν

33 381 223 421 ’Δγησιλάῳ,
256 384 340 422 μικρὰ
368 383 541 415 διασκευάσας
570 384 679 420 ὕστερον
707 384 808 412 ἐπώλει
846 386 885 420 τῷ

35 428 182 460 Σικελίας
211 428 335 466 τυράννῳ
365 429 505 465 Διονυσίῳ.
536 430 572 457 Τὸ
602 428 631 456 δὲ
657 429 746 466 τρίτον
770 430 804 456 τὰ
834 429 882 465 μὶν

32 471 173 511 ἀφελὼν,
188 473 221 500 τὰ
242 472 270 500 δὲ
293 474 421 510 προσθεὶς
443 473 620 510 ἐμνήστευσεν
650 472 820 511 Ἀλεξάνδρῳ
844 475 884 509 τῷ

33 517 193 554 Θετταλῷ,
207 517 238 545 τὸ
255 516 283 545 δέ
297 516 454 545 τελευταῖον
469 520 515 545 νῦν
536 518 605 555 πρὸς
631 518 658 544 σὶ
678 517 820 556 γλίσχρως
836 517 883 544 αὐ-

32 561 88 588 τὸν
129 562 322 598 ἀπηκόντισεν.
356 564 387 591 Id
419 565 465 591 est
490 572 497 591 :
526 563 665 591 Similiter
696 566 722 591 et
754 564 884 591 Isocrates

26 607 163 641 juvenis
179 608 278 641 adhuc,
294 616 350 635 una
374 616 436 635 cum
465 608 612 642 Timotheo,
638 613 734 636 contra
754 616 798 636 vos
824 609 882 643 epi-

33 651 140 680 stolas
154 653 269 688 probris
282 653 378 689 plenas
394 653 428 680 ad
439 653 574 688 populum
592 653 785 686 scriptitabat;
810 661 884 679 nunc

32 705 146 732 senex,
164 699 223 726 sive
237 698 340 731 volens,
356 698 416 725 siue
431 698 583 726 invidentia
604 698 735 732 percitus,
761 705 804 724 res
827 705 883 724 ves-

33 743 106 769 tras
126 751 212 777 quam
226 743 372 778 plurimas,
398 750 496 778 easque
519 743 602 770 [Ionas
626 743 739 770 silentio
762 744 883 776 praetcr-

32 787 85 814 iit.
108 787 241 823 Misitque
255 787 290 814 ad
304 789 331 814 te
346 791 511 822 orationem,
537 795 619 822 quam
639 787 765 822 primum
788 786 882 821 Agesi-

35 830 89 859 lao
129 832 326 867 inscripserat,
359 833 386 859 et
416 833 513 867 paucis
554 832 707 859 immutatis
749 831 882 866 Dionysio

32 875 157 903 Siciliae
175 878 295 911 tyranno
310 876 437 904 venalem
463 876 604 908 exhibuit,
632 878 756 911 tertium,
785 876 882 903 mullis

32 919 156 948 additis
189 921 339 956 multisque
376 920 518 954 detractis,
561 921 720 948 Alexandro
759 921 882 948 Thessali?

32 964 206 1000 despondit,
231 973 304 992 nunc
326 965 437 993 tandem
461 965 496 993 ad
521 967 546 994 te
571 965 759 1000 illiberaliter,
784 969 814 992 ut
841 966 882 992 ita

32 1009 140 1037 dicam
155 1009 314 1045 ejaculavit.
332 1009 588 1045 Elegantissimam
602 1009 686 1045 hanc,
701 1012 728 1037 et
753 1009 881 1045 reliquas

32 1053 180 1082 Socratis
195 1057 224 1081 et
238 1053 362 1082 aliorum
378 1053 590 1081 Socraticorum
607 1053 746 1090 epistolas
762 1053 881 1081 Latinas

29 1099 105 1134 jam
126 1102 216 1127 antea
231 1109 248 1128 a
263 1108 309 1127 me
324 1100 425 1133 factas,
448 1099 630 1135 antiquitatis
655 1099 881 1135 vestigatoribus

34 1153 140 1180 quam
160 1144 291 1180 primum
308 1144 545 1172 communicabo.
562 1144 615 1171 Sed
634 1144 669 1172 ad
694 1152 765 1172 rem.
793 1143 881 1171 Lilius

33 1189 199 1225 Gyraldus
213 1189 391 1225 Dialogismo
405 1189 422 1216 8
438 1188 683 1222 narrat,libellum
700 1189 878 1224 hunc,quem

31 1236 134 1261 vocat
151 1233 316 1265 aureolum,
334 1233 409 1261 inter
423 1235 604 1270 pervetuslos
629 1233 743 1261 codices
767 1234 881 1261 Graecos

33 1279 379 1313 repertum,manuque
395 1285 449 1304 sua
474 1277 652 1313 exscriptum
678 1277 744 1304 Pico
772 1277 880 1304 Miran-

33 1322 126 1349 dulae
153 1330 186 1349 se
210 1321 378 1355 tradidisse,
408 1329 625 1357 exornasseque
653 1321 708 1349 hoc
736 1321 881 1358 epigram-

36 1368 131 1393 mate
150 1374 158 1394 :

37 1455 74 1482 Si
94 1454 176 1481 velut
191 1453 335 1481 Aisonides
348 1453 497 1488 Nepheleia
514 1452 620 1481 vellera
635 1455 747 1489 quaeris,

81 1492 148 1518 Non
164 1497 216 1525 per
231 1489 357 1525 Cyaneas
373 1490 427 1517 illa
439 1490 556 1524 petenda
570 1492 672 1525 petras.

36 1527 77 1554 Si
93 1524 316 1560 quze'tantaleis
333 1524 475 1552 latuerunt
490 1524 593 1553 sedibus
608 1526 692 1560 Atrei,

79 1562 146 1589 Non
163 1569 196 1588 ea
213 1561 340 1588 Tantalea
354 1561 454 1596 fraude
466 1561 597 1596 paranda
612 1561 674 1588 tibi.

38 1597 234 1631 Hesperidum
245 1597 272 1624 si
288 1597 364 1624 mala
378 1597 456 1631 cupis
469 1599 577 1624 servata
593 1597 724 1631 Dracone,

81 1634 148 1661 Non
164 1640 230 1668 opus
244 1633 386 1665 Herculeo,
403 1633 466 1668 Pico
482 1633 572 1660 labore
587 1633 647 1660 tibi.

37 1669 75 1697 Si
90 1668 237 1704 quidquid
251 1669 340 1704 nigris
356 1669 422 1695 auri
437 1667 564 1703 defertur
576 1668 608 1695 ab
625 1667 712 1702 Indis,

83 1707 149 1732 Non
166 1707 205 1731 est
220 1712 282 1731 cum
297 1705 421 1731 trucibus
436 1712 527 1739 pugna
541 1706 636 1736 futura
649 1705 727 1738 feris.

40 1740 107 1776 [27]
129 1740 160 1767 Si
173 1740 306 1775 quidquid
322 1741 409 1775 Lydis
423 1739 467 1766 vel
481 1741 566 1768 Iberis
580 1740 702 1767 volvitur
716 1740 809 1773 undis,

81 1777 147 1804 Non
163 1777 215 1803 tibi
229 1784 277 1810 per
290 1780 386 1810 gentes
401 1777 480 1810 longa
495 1776 607 1803 terenda
622 1777 670 1803 viu
686 1780 734 1802 est.

39 1813 154 1841 Omnes
171 1819 228 1839 ecce
243 1811 296 1839 tibi
309 1813 414 1846 ignotos
425 1819 589 1846 quacunque
601 1811 750 1846 parandos,

86 1848 251 1882 Thesauros,
266 1855 351 1882 parvo
366 1847 457 1874 codice
472 1847 584 1874 Pscltus
600 1847 691 1874 habet.

82 1947 165 1974 Hinc
181 1946 317 1982 frequens
335 1945 414 1973 illius
430 1945 549 1979 mentio,
559 1948 587 1973 et
602 1946 747 1973 dictorum
761 1953 882 1973 examen

40 1992 130 2028 apud
166 1991 308 2018 Joannem
340 1990 527 2018 Franciscum
557 1990 656 2018 Picum
684 1990 713 2017 in
741 1990 824 2017 libris
848 1990 884 2018 de

37 2039 141 2071 Auro,
171 2036 221 2063 sed
252 2034 397 2071 praecipue
426 2043 489 2070 cap.
514 2035 532 2061 2
558 2035 610 2062 lib.
640 2043 671 2068 ιι,
696 2035 884 2063 Πειηοιινίιίειτε

38 2084 128 2109 secta
163 2082 188 2107 et
222 2079 387 2107 Abderiticae
420 2080 493 2106 inter
530 2079 690 2106 Aristotelis
724 2081 885 2115 interpretes

39 2125 174 2153 Michael
189 2124 297 2151 Psellus
313 2132 367 2152 non
383 2124 472 2151 solum
489 2124 623 2157 meminit,
643 2124 693 2151 sed
716 2133 732 2151 a
757 2132 785 2151 se
809 2131 883 2151 reve-

39 2171 114 2198 lata
140 2169 237 2196 scribit
260 2169 320 2204 ejus
345 2176 462 2196 arcana.
491 2169 544 2195 llic
566 2169 642 2196 enim
656 2170 714 2203 post
730 2168 882 2201 Rhetorica,

942 215 1013 234 num
1030 207 1069 242 (y)
1086 215 1244 234 conversus
1261 208 1306 234 est
1332 215 1348 234 θ.
1370 206 1454 234 Petro
1478 205 1596 233 Morello
1620 205 1656 240 (πμ)
1679 205 1767 232 Turo-

942 251 1037 284 nensi,
1054 252 1211 287 editosque
1229 252 1331 279 Latine
1347 259 1412 278 cum
1431 251 1599 278 Praefatione
1622 249 1766 277 Francisci

942 297 1126 325 lieuardeutii
1150 297 1271 325 Parisiis
1297 297 1374 332 apud
1402 296 1581 324 Gulielmum
1604 295 1765 324 Chaudiere

940 342 1021 375 1577,
1037 343 1063 377 8,
1080 345 1107 369 et
1123 350 1200 370 anno
1218 342 1296 369 1615.
1315 342 1434 370 Lutetiae
1450 341 1630 369 Parisiorum
1647 339 1724 367 notis
1749 347 1766 366 e

939 395 971 414 se
987 386 1167 414 illustratum
1192 387 1306 422 primus
1331 386 1428 414 Grece
1453 387 1498 421 (ex
1521 386 1636 413 duobus
1661 392 1768 412 manu-

939 431 1057 466 scriptis
1074 440 1127 459 suo
1143 434 1171 459 et
1187 430 1570 466 Morelli)ediditGi1bertus
1581 429 1766 463 Gnulminus,

940 484 1006 502 cum
1023 476 1264 511 interpretatione
1282 475 1384 503 Latina
1400 476 1534 511 ejusdem
1552 473 1768 502 Morelli.Plura

938 519 1008 547 item
1038 529 1073 548 ex
1102 521 1202 548 eodem
1233 520 1353 556 Dialogo
1383 523 1526 555 excerpta,
1558 519 1659 547 Latina
1692 519 1767 546 facta

938 564 1043 591 Joanni
1061 565 1245 598 Medici,una
1261 573 1326 592 cum
1343 564 1408 592 aliis
1424 573 1458 592 ex
1473 563 1765 598 Jamblicho,Proclo,

938 608 1109 645 Porphyrio,
1127 609 1276 636 Marsilius
1306 609 1423 636 Ficinus
1448 611 1678 644 nuncupaverat.
1695 608 1765 635 Ges-

938 661 1026 680 nerus
1043 654 1188 688 scriptum
1204 653 1334 688 reliquit,
1352 653 1478 681 Psellum
1496 654 1570 680 duos
1594 653 1628 680 de
1653 655 1765 680 Damo-

938 698 1026 725 nibus
1057 697 1148 726 libros
1183 698 1348 733 scripsisse,
1379 706 1453 732 quos
1484 697 1591 733 Diegus
1616 696 1765 724 Iiurtadus

938 742 1063 770 Venetiis
1094 743 1275 778 possidebat,
1301 743 1461 778 excusique
1493 745 1576 769 erant
1610 742 1710 768 Latine
1735 741 1765 768 in

937 787 1053 814 ofﬁcina
1068 787 1143 814 Aldi.
1164 787 1200 814 De
1226 787 1357 814 Hurtado
1383 786 1457 814 nihil
1483 786 1558 814 dico.
1583 786 1623 813 De
1649 784 1766 813 ofﬁcina

937 831 1002 858 Aldi
1018 831 1124 859 falsum
1138 834 1183 859 est
1198 831 1238 859 ibi
1255 831 1308 859 hos
1323 832 1397 859 duos
1412 831 1502 858 libros
1518 831 1553 858 de
1578 830 1761 858 diemonibus

937 884 1001 904 esse
1025 876 1196 912 impressos,
1214 885 1278 904 cum
1300 877 1330 903 in
1357 876 1406 904 illa
1429 876 1555 903 editione
1579 874 1653 902 nihil
1680 874 1760 902 aliud

937 921 1132 956 contineatur,
1180 929 1268 956 quam
1318 923 1454 956 excerpta
1500 919 1551 948 illa
1597 919 1759 952 Ficiniana,

936 965 1045 1000 saepius
1069 965 1107 1000 (ιι)
1124 965 1227 992 multis
1242 965 1272 992 in
1287 964 1362 992 locis
1375 965 1464 998 edita,
1477 965 1579 992 eodem
1596 963 1708 996 ordine,
1725 972 1758 991 uc

936 1009 1137 1037 distinctione.
1154 1009 1330 1037 Gnulminus
1345 1009 1489 1044 conjectat
1504 1017 1538 1036 ex
1553 1008 1649 1036 verbis
1664 1007 1759 1043 ipsius

936 1054 1023 1081 Pselli
1039 1054 1068 1081 in
1083 1054 1141 1081 ﬁne
1156 1053 1265 1089 dialogi
1290 1054 1325 1081 de
1350 1053 1544 1088 diemonibus,
1569 1053 1660 1080 libros
1684 1052 1759 1079 duos

935 1099 1100 1133 scripsisse.
1130 1099 1207 1134 quod
1240 1098 1363 1126 latuisse
1393 1098 1566 1134 interpretes
1594 1096 1759 1131 Morellum,

936 1146 964 1170 ct
975 1143 1116 1176 Ficinum,
1133 1143 1197 1170 idco
1209 1143 1335 1170 maxime
1345 1144 1422 1178 quod
1434 1143 1463 1170 in
1476 1142 1620 1178 excerptis
1635 1149 1650 1169 e
1666 1141 1760 1169 Psello

936 1197 999 1224 quas
1017 1196 1092 1216 lcum
1124 1187 1267 1223 excerptis
1298 1187 1407 1223 pariter
1434 1187 1490 1222 [28]
1519 1195 1553 1214 ex
1583 1185 1759 1219 Jamblicho,

935 1231 1046 1266 Proclo,
1074 1235 1104 1259 et
1129 1231 1286 1268 Porphyrio
1318 1232 1398 1259 edita
1426 1235 1506 1264 sunt,
1533 1231 1631 1266 aliqua
1657 1230 1760 1258 ultimo

937 1278 1031 1313 capite
1046 1277 1158 1311 afferat,
1176 1285 1240 1313 quae
1255 1277 1413 1312 desumpta
1437 1285 1470 1304 ex
1496 1276 1624 1304 secundo
1649 1275 1710 1308 illo,
1736 1275 1761 1302 si

936 1322 1004 1358 quis
1019 1324 1073 1357 est,
1090 1321 1164 1349 libro
1180 1321 1272 1349 videri
1287 1323 1422 1357 possunt.
1443 1321 1560 1357 Optima
1581 1320 1760 1355 conjectura,

935 1369 964 1394 et
987 1366 1103 1394 veritati
1129 1366 1332 1399 consentiens;
1359 1374 1422 1402 qua:
1447 1366 1525 1393 enim
1553 1366 1583 1393 in
1608 1373 1641 1392 eo
1668 1363 1761 1400 capite

936 1411 1135 1442 continentur.
1163 1419 1241 1443 cum,
1272 1413 1304 1438 ut
1334 1411 1525 1438 manifestum
1561 1409 1668 1446 legenti
1696 1417 1761 1437 esse

936 1458 1042 1491 potest,
1054 1455 1084 1483 in
1101 1455 1155 1482 huc
1169 1455 1288 1491 Dialogo
1305 1464 1362 1483 non
1379 1455 1553 1488 habeantur,
1564 1462 1597 1482 ex
1614 1453 1670 1481 alio
1687 1453 1761 1481 libro

936 1501 1093 1535 desumpta
1110 1507 1174 1527 esse
1189 1508 1305 1527 necesse
1321 1502 1374 1527 est.
1391 1500 1464 1527 Sunt
1479 1501 1586 1534 autem,
1600 1507 1635 1526 ne
1649 1498 1762 1526 diutius

936 1547 964 1572 te
980 1545 1136 1578 detineam,
1155 1544 1255 1577 lector,
1271 1553 1305 1572 ex
1321 1546 1447 1572 tractatu
1463 1544 1595 1579 ejusdem
1621 1542 1708 1570 Pselli
1731 1542 1762 1569 in

935 1589 1011 1617 hanc
1044 1590 1178 1617 eamdem
1212 1597 1273 1617 rem
1308 1590 1361 1616 sub
1393 1589 1448 1616 hoc
1479 1587 1574 1623 titulo,
1603 1587 1672 1616 Τίνα
1701 1586 1762 1624 περὶ

936 1631 1071 1669 δαιμόνων
1088 1632 1242 1668 δοξάζουσιν
1258 1632 1404 1668 ’Έλληνες
1423 1634 1556 1667 Quaenam
1570 1633 1626 1660 sint
1647 1632 1680 1660 de
1704 1632 1762 1660 daa-

935 1680 1061 1706 monibus
1077 1679 1217 1714 opiniones
1235 1678 1496 1713 Graecorummujus
1512 1677 1692 1714 principium
1706 1676 1764 1704 tale

937 1728 990 1758 est,
1019 1723 1049 1751 Ὀ
1083 1722 1129 1758 μὶν
1161 1722 1294 1760 ἡμέτερος
1322 1722 1404 1760 λόγος
1435 1721 1604 1758 προαιρέσεις
1633 1720 1678 1748 καὶ
1707 1723 1764 1751 τοῖς

937 1766 1066 1804 ἀγγέλοις
1089 1765 1193 1797 διδούς.
1219 1768 1273 1800 Qui
1304 1776 1339 1795 an
1370 1775 1446 1794 unus
1474 1767 1512 1794 sit
1538 1775 1604 1794 cum
1633 1766 1763 1794 secundo

937 1812 1117 1839 Hurtadiano
1133 1821 1190 1839 non
1207 1813 1303 1839 ausim
1320 1812 1467 1839 affirmare
1484 1820 1490 1839 ε
1507 1813 1535 1838 et
1551 1811 1712 1846 praesertim
1733 1810 1762 1837 in

937 1857 992 1884 hoc
1006 1857 1156 1892 scriptore,
1175 1856 1223 1884 cui
1248 1864 1306 1883 non
1333 1856 1450 1883 defuere
1474 1856 1551 1883 vires
1576 1854 1761 1891 eloquentiae,

938 1909 990 1928 nec
1007 1903 1246 1937 argumentorum
1263 1901 1468 1936 copia,quibus
1483 1901 1614 1928 eamdem
1631 1907 1690 1927 rem
1705 1907 1762 1927 non

938 1945 1039 1979 semel,
1057 1946 1107 1974 sed
1124 1945 1234 1982 pluries
1259 1947 1467 1981 pertractaret;
1492 1946 1523 1972 ut
1544 1944 1641 1972 videre
1664 1946 1709 1972 est
1732 1944 1762 1971 in

939 1990 1005 2018 aliis
1021 1990 1056 2017 ab
1073 1998 1105 2017 eo
1121 1989 1305 2025 conscriptis.
1323 1990 1409 2017 Porro
1425 1989 1479 2016 hos
1495 1989 1569 2017 duos
1592 1989 1628 2016 de
1652 1991 1762 2016 Daemo-

940 2035 1026 2062 uibus
1052 2034 1142 2062 libros
1166 2034 1216 2061 alii
1242 2034 1377 2061 tribuunt
1409 2033 1541 2061 Michaeli
1571 2033 1706 2069 Ephesio,
1732 2035 1764 2060 ut

939 2078 1041 2106 scribit
1058 2078 1232 2106 Possevinus
1248 2078 1278 2105 in
1294 2079 1563 2114 Apparatu.Eorum
1579 2077 1608 2104 in
1627 2077 1762 2104 Latinum

938 2123 1032 2150 versio
1047 2123 1150 2150 incerti
1173 2123 1280 2159 legitur
1305 2124 1334 2150 in
1362 2123 1431 2150 Cod.
1457 2123 1536 2157 3122,
1563 2121 1764 2157 manuscripto

941 2168 1100 2196 Vaticano:
1127 2169 1155 2195 et
1178 2168 1214 2195 de
1240 2167 1426 2195 Demonibus
1450 2168 1587 2202 excerpta
1611 2175 1646 2194 ex
1672 2166 1763 2194 Psello

41 2214 203 2248 Historica,
219 2214 339 2248 Poetica,
356 2212 562 2247 Mathematica,
577 2214 687 2249 scripsit
700 2215 726 2240 et
741 2213 881 2248 Chymica,
899 2213 920 2245 ι)
937 2220 988 2247 per
1012 2212 1156 2239 Joannem
1181 2211 1324 2240 Jacobum
1348 2211 1549 2239 Bartholotum
1574 2213 1762 2238 Parmensem

38 2267 98 2287 nec
130 2266 188 2286 non
216 2262 242 2286 et
270 2257 383 2292 Medica,
411 2265 473 2293 quae
506 2258 687 2286 Constantino
720 2258 884 2293 imperatOri

39 2303 171 2331 dicavit.

77 2347 211 2376 XXXIX.
242 2347 380 2383 Ejusdem
417 2345 482 2384 Περί
524 2345 656 2384 ἐνεργείας
686 2344 823 2382 δαιμόνων
855 2347 888 2375 de

940 2257 1104 2293 physicum,
1137 2256 1235 2284 codice
1270 2257 1351 2283 5376.
1387 2255 1459 2284 Vide
1491 2265 1555 2292 quae
1590 2263 1642 2283 nos
1673 2255 1761 2283 etiam

940 2310 1029 2337 supra
1041 2301 1078 2337 (lt)
1093 2301 1232 2328 diximus.

977 2346 1030 2373 XL.
1046 2346 1186 2381 Ejusdem
1202 2346 1234 2373 In
1248 2345 1373 2374 Oracula
1396 2344 1544 2373 Chaldaica
1567 2344 1702 2380 expositio
1726 2344 1761 2380 (c)

856 2395 963 2423 NOT/E

83 2441 128 2477 (y)
147 2440 179 2468 In
193 2439 277 2477 Bibl._
294 2439 405 2477 Gallice.
428 2439 606 2477 Crucimanii
631 2440 748 2477 p.405.
773 2440 884 2468 Gallica

42 2475 145 2506 etiam
163 2476 255 2504 versio
271 2475 360 2511 hujus
374 2475 441 2511 libri
458 2483 474 2502 a
491 2475 609 2503 Morello
632 2475 714 2503 edita
738 2484 884 2503 memora-

41 2517 113 2545 tur,
131 2512 236 2544 Paris,
263 2512 339 2546 apud
367 2510 443 2538 Guil.
470 2511 642 2544 Chaudiere,
669 2512 749 2543 1575,
776 2512 884 2539 additis

42 2548 203 2583 capitibus
218 2548 263 2580 33,
279 2549 308 2575 et
322 2546 450 2583 36.jlibri
467 2547 562 2581 quarti
578 2547 683 2574 Nicetes
699 2547 735 2574 de
757 2547 885 2575 Colossis

41 2585 138 2612 Asize.
158 2584 274 2611 Librum
290 2582 378 2610 Pselli
393 2583 506 2618 accepit
522 2583 659 2610 Morellus
674 2591 689 2610 e
704 2583 884 2611 Bibliotheca

40 2619 155 2649 Jacobi
173 2620 202 2647 S.
218 2618 377 2651 Andreaui,
392 2618 525 2645 canonici
543 2619 571 2646 S.
590 2619 689 2645 Mari-ce
705 2619 797 2646 Paris.

82 2655 255 2689 (z)More1li
282 2655 376 2682 versio
401 2654 494 2681 latina
518 2657 614 2681 exstat
639 2654 726 2681 etiam
751 2654 780 2681 in
809 2653 883 2680 Bibl.

45 2694 178 2719 Patrum
195 2691 263 2718 edit.
281 2690 371 2723 Lugd.
389 2690 422 2716 T.
447 2698 527 2717 xvm.
553 2699 581 2725 p.
605 2690 667 2717 569.
691 2690 763 2716 Hinc
789 2690 885 2717 Graece

45 2732 77 2756 et
98 2727 204 2755 Latine
221 2734 286 2754 cum
302 2725 450 2753 Gaulmini
468 2725 545 2752 notis
562 2726 640 2753 hunc
654 2725 762 2752 librum
787 2725 885 2752 minus

46 2763 212 2791 emendate
227 2762 325 2790 recudi
342 2761 454 2789 curavit
482 2761 511 2788 B.
539 2762 609 2789 Dan.
632 2760 884 2795 Hasenmullerus,

47 2799 152 2827 Kilon.
170 2799 250 2832 1688,
266 2798 309 2825 12.
327 2797 397 2825 Vide
412 2795 480 2824 etsi
496 2795 592 2832 placet
605 2797 769 2825 Cardanum
787 2805 812 2825 c.
838 2796 881 2824 93.

937 2441 978 2467 De
994 2446 1091 2466 rerum
1116 2438 1266 2470 varietate,
1293 2438 1324 2465 Τ.
1351 2437 1491 2474 ΙΙΙ,νορρ.
1519 2446 1547 2473 p.
1571 2437 1693 2474 319st].
1716 2439 1760 2466 .Ιο.

938 2474 1080 2502 Clericum
1107 2474 1180 2502 Bibl.
1206 2473 1366 2502 Universal.
1392 2473 1426 2502 T.
1456 2474 1518 2506 XV,
1545 2473 1654 2509 p.118,
1671 2481 1716 2509 sq.
1733 2476 1762 2502 et

937 2510 1106 2546 Vignolium
1133 2510 1295 2537 Marvillum
1325 2518 1347 2536 Β.
1373 2518 1405 2546 ιι,
1433 2508 1556 2546 misce”.
1581 2508 1705 2546 litterati
1727 2519 1762 2546 7p.

938 2542 1146 2581 30limDialogl
1182 2546 1287 2574 titulus
1319 2542 1449 2581 Τιμόθεος
1484 2544 1501 2578 ἢ
1533 2544 1595 2581 περὶ
1628 2542 1763 2581 ἐνεργείας

940 2580 1088 2616 δαιμόνων.
1124 2581 1195 2608 Vide
1234 2581 1364 2608 Fulvium
1400 2580 1537 2608 Ursinum
1569 2580 1601 2608 in
1634 2580 1761 2617 Ly'rioor.

940 2617 1112 2652 fragmentis
1130 2626 1156 2653 p.
1175 2618 1234 2644 179.
1253 2620 1280 2643 et
1294 2617 1428 2644 Lambec.
1444 2616 1495 2644 lib.
1512 2625 1606 2653 vntp.
1628 2618 1686 2646 138.

975 2653 1012 2687 (at
1028 2652 1196 2680 Conier’lib.
1214 2654 1239 2681 1.
1256 2653 1329 2680 Bibl.
1347 2654 1461 2683 Grecae.
1478 2661 1503 2680 ο.
1519 2654 1545 2686 7,
1563 2652 1577 2689 §
1592 2653 1618 2680 At.

975 2689 1012 2722 (ὁ)
1028 2689 1122 2724 Supra
1137 2689 1151 2723 ξ
1164 2689 1191 2715 9.

975 2725 1013 2759 (c)
1029 2725 1203 2752 lnscribitur
1217 2724 1305 2759 etiam
1322 2723 1352 2751 in
1368 2724 1467 2750 codice
1483 2732 1569 2758 quem
1586 2723 1677 2751 habeo
1694 2733 1761 2758 ms.,

938 2758 1187 2797 Τοῡνσοφωτάτου
1223 2758 1336 2787 Ψελλοῦ
1375 2758 1501 2795 ἐξήγησις
1537 2759 1575 2789 εἷς
1615 2759 1647 2786 τὰ
1682 2759 1761 2796 λόγια

939 2796 1128 2834 Ζωροάστρου.
