1937 3050
182 107 243 136 503

876 100 1018 132 LEONIS
1041 99 1198 129 ALLATII

1828 103 1883 133 504

184 174 270 209 cujus
295 172 481 209 potissimam
505 172 616 207 partem
642 169 825 206 Nicephorus
852 170 1006 204 Grcgoras,
1022 166 1049 200 Α
1064 165 1136 201 tadi,
1150 165 1254 193 Cesari
1270 165 1305 192 ad
1322 165 1447 192 Venetos
1462 164 1604 201 Oratoris,
1630 167 1718 194 refert
1741 169 1879 198 Gesnerus

183 218 247 246 suis
261 217 291 244 in
307 217 422 254 Synesii
439 216 570 244 libellum
587 215 623 242 de
639 214 798 242 Insomniis
822 213 1006 240 Commenta-

185 263 248 295 riis,
264 263 439 290 verbotenus
455 261 544 288 tacito
561 259 646 287 Pselli
662 259 791 292 nomine,
808 257 1004 292 transcripsit.

185 309 243 334 Nec
259 314 316 334 non
332 306 477 342 ejusdem,
496 305 589 332 Brevis
612 304 770 338 dogmatum
795 302 1006 331 Chaldaicorum

183 351 345 383 declaratio,
362 351 401 386 (ά)
416 350 513 378 Grmce
532 352 561 376 et
584 348 684 376 Latine
709 347 837 383 primum
862 347 941 373 («dita
963 347 1008 372 est

186 404 203 423 a
236 395 388 423 Francisco
420 394 544 422 I‘atricio
578 393 606 420 in
640 392 720 420 Nova
753 390 940 426 Philosophia
972 390 1007 416 dc

184 439 333 467 Universis
357 439 393 474 (e)
417 439 445 466 in
476 440 620 471 Zorastre,
647 436 815 472 imperfecte
844 437 953 467 tamen,
980 436 1009 460 ct

183 485 315 516 confuse,
346 492 412 511 cum
444 485 603 517 utrumque
633 479 877 508 commentarium
906 478 1007 506 eadem

184 528 330 556 sententia
344 526 511 560 concludat,
528 527 570 554 sic
584 526 662 553 enim
680 525 792 552 claudit
816 532 822 551 :
848 522 954 549 Τούτων
980 520 1009 548 6‘s

181 574 235 599 τῶν
271 570 414 609 δογμάτων
447 570 481 598 τὰ
518 569 618 604 πλείω,
647 569 693 596 καὶ
731 567 934 605 Ἀριστοτέλης,
964 565 1008 593 καὶ

184 616 298 644 Πλάτων
324 615 461 650 ἐδέξαντο,
485 615 511 642 οἱ
541 613 570 641 δὲ
599 613 660 651 περῖ
677 613 828 648 Πλωτῖνον,
844 611 887 639 καὶ
904 611 1010 649 Πορφύ-

185 671 253 698 ριον,
289 661 334 688 καὶ
376 657 550 697 Ἰάμϐλιχον,
588 659 633 686 καὶ
673 657 796 694 Πρόκλον
839 659 904 683 πᾶσι
944 666 1009 683 κατ-

184 705 378 741 ηκολούθησπν
396 727 404 739 ,
430 704 475 731 καὶ
511 703 548 734 ὡς
588 703 660 734 θείας
688 703 778 741 φωνὰς
807 699 1009 738 ἀσυλλογίστοις

182 751 268 777 τιῦτι
283 748 414 784 ἐδέξαντο.
431 749 534 776 Horum
549 753 642 775 autem
657 748 817 782 dogmatum
837 746 961 781 plurima
984 749 1010 772 et

186 795 343 823 Aristoteles
367 798 393 821 et
415 794 497 821 Plato
521 795 706 828 susceperunt.
735 791 859 818 Plotinus
886 798 960 822 vero,
984 791 1010 817 et

1060 210 1089 237 in
1120 209 1260 237 Michaele
1285 208 1389 243 Psello,
1416 212 1444 236 et
1469 209 1642 238 Possevinus
1669 211 1698 238 in
1725 214 1878 248 Apparatu.

1060 255 1091 282 In
1110 254 1182 282 alios
1197 254 1283 281 etiam
1310 253 1471 281 Aristotelis
1497 254 1587 282 libros
1613 255 1766 291 scripsisse
1791 260 1879 285 mani-

1061 299 1166 326 festum
1183 301 1227 326 est
1241 306 1276 326 ex
1291 298 1408 331 iisdem,
1426 298 1476 334 qui
1492 298 1611 326 Vienna
1636 300 1771 328 scribunt
1794 302 1880 330 fuisse

1061 343 1193 377 ejusdem
1210 343 1351 378 Epitomen
1365 343 1546 378 philosopha?
1558 344 1740 373 Aristoteliam
1754 345 1787 373 de
1805 355 1879 381 gene-

1062 388 1177 420 ratione,
1193 389 1219 414 et
1233 388 1418 422 corruptione,
1433 392 1458 415 et
1471 387 1504 415 de
1518 390 1654 416 mleoris.
1680 390 1748 417 Item
1773 391 1881 426 Expuri-

1062 431 1164 458 tionem
1186 433 1216 458 in
1239 432 1428 467 metaphysica
1451 432 1614 460 Aristotelis.
1641 433 1792 470 Latentque
1814 436 1880 469 eius-

1062 475 1132 510 dem,
1157 475 1258 503 scribit
1281 476 1412 504 Andreas
1440 476 1575 504 Schottus
1604 477 1719 505 Praefat.
1746 478 1775 506 in
1802 479 1879 508 Cant.

1063 520 1180 552 cantic.,
1195 520 1285 547 Pulli
1296 521 1419 555 plurima
1434 520 1463 547 in
1480 521 1603 554 eiusdem
1617 523 1776 550 Aristotelis
1792 524 1882 560 Physi~

1063 572 1133 597 nam.
1150 566 1323 600 primamque
1337 565 1549 601 philosophiam,
1574 567 1604 593 in
1629 567 1750 595 εκδανίι
1776 569 1883 604 Augusti

1068 609 1174 636 Viennae
1190 609 1363 637 bibliotheca.

1099 653 1181 680 XLII.
1213 654 1348 688 Ejusdem
1381 653 1455 681 liber
1486 654 1552 690 Περὶ
1586 653 1728 692 δυνάμεων
1760 659 1809 690 τῆς
1839 659 1881 693 ψυ.

1064 699 1131 734 χῇς,
1144 699 1182 726 'de
1197 699 1384 726 Facultatibus
1398 700 1513 734 anima,
1529 700 1616 735 cujus
1631 700 1704 727 illud
1722 705 1766 729 est
1781 702 1881 737 princi-

1065 742 1145 777 pium
1174 750 1180 769 ε
1206 743 1268 770 ’Ότι
1293 744 1347 769 τῶν
1373 743 1500 780 ψυχικῶν
1525 742 1668 780 δυνάμεων
1694 745 1721 771 αἱ
1752 746 1798 781 μὲν
1822 746 1882 773 εἰσιν

1065 784 1174 822 ἄλογοι,
1208 787 1264 814 sub
1297 789 1435 823 anonymi
1469 789 1598 821 nomine,
1628 792 1657 816 et
1692 790 1776 818 titulo
1810 791 1880 825 Δόξαι

186 839 370 874 ΡονρΙιῃν-ἱυης,
387 839 412 866 et
435 837 619 870 Jamblichus,
645 843 670 863 ct
697 836 812 862 Proclus
835 834 929 862 omnia
952 842 1002 861 sun

1095 830 1131 867 ερὶ
1147 831 1249 867 ψυχῆς.
1264 831 1301 859 De
1325 833 1420 859 anima
1443 833 1562 860 celebres
1585 834 1742 869 opiniones,
1765 836 1845 870 quasi
1868 845 1882 863 a

183 884 279 918 seculi,
307 885 333 910 et
360 885 492 917 tanquam
515 881 628 908 diuinas
653 888 728 908 vacas
758 887 790 907 ea
822 882 1007 914 susceperunt.

184 927 333 955 Patricius
349 927 378 954 in
395 926 571 954 Psellumita
589 924 797 953 animadvertit
812 933 818 951 :
835 923 947 951 Similia
968 923 1011 949 his

185 972 292 999 Pullus
308 973 403 1006 postea
417 970 545 1002 tradidit,
570 970 678 997 utinam
701 969 785 996 sicuti
802 968 950 1003 prolixius,
972 968 1011 994 ita

185 1020 212 1044 et
227 1016 405 1051 diligentius,
431 1014 477 1042 sed
501 1014 704 1050 qualiacunque
726 1013 793 1044 sint.
818 1021 871 1040 non
895 1012 1012 1039 inutilia

187 1061 300 1096 cognitu
313 1060 431 1094 fuerint.
445 1059 544 1094 Neque
560 1059 607 1086 hic
622 1057 737 1086 silentio
754 1058 809 1093 [29]
835 1060 1011 1092 praetereun-

188 1105 258 1132 dum
275 1107 330 1136 est,
346 1103 472 1140 primam
488 1102 708 1139 Expositionem
725 1102 754 1128 in
770 1101 926 1128 Chaldaica
940 1101 1012 1128 Ora-

188 1149 255 1177 cula
270 1150 306 1176 ab
331 1148 397 1176 aliis
422 1149 521 1175 Proclo
547 1146 634 1183 Lydio
658 1147 692 1181 (Γ)
723 1145 842 1178 ascribi,
867 1146 908 1173 sic
933 1145 1012 1172 enim

188 1194 348 1221 adnotatur
380 1193 417 1220 ab
452 1192 532 1219 illius
566 1191 744 1226 exscriptore
772 1190 801 1217 in
831 1189 928 1217 codice
961 1190 1014 1217 572

188 1238 339 1269 Vaticano,
357 1234 500 1272 Ἀλλαχοῦ
516 1234 605 1271 εὗρον,
621 1233 748 1271 Πρόκλου
773 1232 873 1260 Λυδίου
899 1233 1013 1260 Ὑποτύ-

188 1292 287 1312 πωσις.
301 1281 381 1309 Λιιὺί
395 1280 498 1314 inveni,
520 1280 613 1307 Procli
637 1280 719 1315 Lydii
744 1280 930 1315 Hypotyposit.
955 1278 1013 1306 Nec

187 1327 291 1355 dubito
306 1326 451 1360 Proclum,
468 1325 556 1353 rebus
572 1325 652 1352 hisce
668 1324 913 1359 addictissimum,
930 1323 1013 1351 libel-

186 1372 249 1399 lum
279 1372 314 1399 de
344 1371 398 1398 hac
427 1371 529 1398 eadem
555 1378 585 1397 re
611 1369 833 1405 conscripsisse.
862 1369 918 1396 Sed
954 1368 1014 1396 sive

188 1415 281 1444 Procli
299 1416 359 1443 sive
375 1414 461 1442 Pselli
478 1413 574 1450 opella
597 1413 742 1449 ejusmodi
767 1414 815 1448 sit,
841 1412 914 1440 nulli
937 1413 1013 1440 bono

189 1460 278 1488 fuerit
293 1460 321 1487 id
338 1467 434 1487 nosse.
452 1459 590 1486 Eamdem
607 1466 671 1486 esse
694 1457 829 1485 existimo
854 1458 883 1485 in
908 1457 1013 1485 biblio-

187 1505 272 1532 theca
290 1504 406 1540 πεδίοιο
434 1501 545 1536 Gallias,
577 1511 641 1538 quas
666 1502 747 1537 prius
773 1502 867 1529 fuerat
889 1502 1013 1530 Joannis

191 1548 335 1583 Lascaris,
371 1550 472 1584 postea
507 1547 579 1574 Petri
616 1547 753 1581 Slrozzas;
788 1547 882 1582 primo
915 1549 1012 1574 autem

191 1593 350 1621 cardinalis
367 1591 525 1627 Rudolphi,
541 1594 572 1618 ut
589 1591 691 1619 scribit
707 1591 853 1618 Draudius
868 1591 896 1618 in
913 1591 1017 1619 Biblio-

191 1638 276 1665 theca
290 1637 424 1665 classica.
442 1636 499 1664 Nec
512 1636 569 1663 alia
583 1636 698 1664 videtur
713 1644 776 1671 quia
792 1635 820 1663 in
837 1635 1017 1664 Bibliotheca

190 1680 307 1709 Antonii
322 1679 479 1716 Augustini
495 1679 659 1707 habebatur
673 1679 736 1707 cod.
751 1680 815 1711 219,
829 1680 915 1707 Pulli
925 1680 1015 1712 cmpli-

191 1726 266 1754 catio
281 1724 446 1759 dogmatum
460 1724 534 1760 apud
558 1725 694 1759 Assyrios.
720 1723 892 1752 Absolutius
916 1726 1017 1759 postea

194 1778 260 1797 cum
274 1768 425 1805 Sibyllinis
450 1768 594 1801 Oraculis,
619 1767 743 1803 aliisque
767 1768 886 1796 Parisiis
909 1769 1017 1804 prodiit

191 1812 289 1840 studio
304 1812 428 1840 Joannis
445 1811 576 1847 Obsopaai
591 1811 630 1846 (g)
647 1812 725 1839 1599.
743 1811 772 1838 in
785 1812 811 1838 8.
840 1812 1015 1840 Eorumdem

191 1856 414 1893 opusculorum,
429 1856 544 1884 diversa
558 1856 594 1883 ab
610 1856 699 1888 edita,
717 1856 745 1883 in
761 1856 895 1883 Latinum
921 1857 1014 1884 versio

189 1901 316 1929 habetur
331 1900 532 1935 manuscripts
548 1900 611 1928 cod.
628 1900 708 1927 3122.
725 1899 871 1933 Vaticano,
898 1901 1014 1928 Incerti.

226 1945 295 1973 XLI.
324 1945 462 1980 Ejusdem
489 1945 708 1972 Commentarios
732 1944 770 1979 (ἡ)
794 1946 825 1972 in
848 1949 908 1972 octo
932 1945 1016 1973 libros

189 1989 345 2018 Aristotelis
358 1989 393 2016 de
408 1988 525 2024 Physica
547 1989 758 2023 auscultatione,
775 1991 818 2022 fex
833 1989 1015 2025 ‘interpreta-

189 2034 268 2062 tione
282 2034 396 2062 Joannis
424 2034 557 2069 Baptistae
582 2033 709 2065 Camotii,
733 2033 874 2061 cardinali
900 2034 1015 2061 Herculi

189 2080 330 2114 Gonzagw
361 2080 558 2111 consecratos,
582 2077 674 2104 edidit
701 2076 832 2105 Venetiis
861 2078 1016 2106 Federicus

188 2123 370 2151 Turrisanus
386 2122 488 2150 Latine
509 2120 589 2153 1554,
614 2120 643 2148 in
671 2120 748 2148 folio.
775 2123 829 2148 Eos
853 2124 1015 2151 manuscri-

189 2169 256 2203 ptos
280 2167 377 2195 Graece
405 2165 537 2194 extitisse
561 2165 590 2192 in
618 2164 797 2193 bibliotheca
820 2165 921 2194 Didaci
945 2167 1015 2195 Har-

1069 876 1143 902 libm
1168 876 1297 911 longiore
1321 879 1349 904 et
1374 877 1501 912 perfecto
1527 876 1670 914 Ἐκλογαὶ,
1693 878 1737 904 καὶ
1762 881 1879 915 Χρηστο-

1067 920 1174 955 paleam
1191 920 1247 955 [30]
1264 921 1361 948 editus
1376 924 1421 948 est
1434 923 1530 949 Graece
1547 924 1575 949 et
1600 923 1715 956 Latine,
1739 932 1755 951 a
1777 924 1880 952 Joanne

1065 964 1171 992 'I‘arino
1188 965 1344 1001 Andegavo
1359 974 1472 1000 versus,
1489 975 1555 993 cum
1572 967 1707 1002 Origenis
1725 967 1880 1001 Philocalia;

1065 1009 1208 1036 Zachariaa
1236 1009 1418 1044 Scholastici,
1455 1010 1584 1046 episcopi
1622 1011 1821 1047 Mitylenensis
1851 1014 1881 1040 de

1067 1054 1169 1081 mundi
1185 1053 1322 1088 Opiﬁcio;
1340 1056 1368 1081 et
1383 1055 1531 1082 Anastasii
1547 1055 1677 1088 Sinnius,
1702 1057 1738 1084 de
1763 1057 1882 1084 hominis

1067 1098 1102 1125 ad
1120 1098 1277 1133 imaginem
1293 1098 1343 1126 Dei
1360 1101 1388 1126 et
1411 1099 1632 1128 similitudinem
1660 1101 1814 1134 creatione,
1839 1102 1884 1129 Lu-

1066 1146 1117 1170 tet.
1143 1143 1248 1175 Paria,
1275 1151 1321 1178 ap.
1347 1143 1553 1172 Sebastianum
1581 1144 1735 1182 Cramoisy
1761 1146 1834 1180 1621:,
1856 1146 1880 1174 Δ.

1068 1188 1155 1215 Illum
1170 1188 1277 1216 vetusti
1293 1189 1408 1216 codices
1429 1189 1510 1217 MSS.
1536 1189 1630 1218 Psello
1655 1191 1814 1224 vindicant,
1838 1199 1884 1218 nec

1068 1241 1084 1260 a
1107 1232 1192 1260 Pselli
1221 1233 1363 1260 orationis
1386 1235 1535 1261 structura
1560 1234 1647 1270 longe
1674 1235 1767 1263 abest.
1792 1236 1833 1270 Et,
1856 1236 1882 1263 ni

1067 1277 1162 1311 fallor,
1178 1277 1267 1312 {idem
1292 1277 1355 1313 ipse
1379 1280 1433 1311 est,
1459 1286 1545 1314 quem
1571 1279 1668 1307 Psello
1693 1280 1833 1314 tribuunt,
1855 1280 1882 1307 de

1067 1323 1159 1349 animo
1173 1322 1321 1349 secundum
1344 1323 1453 1349 variam
1474 1323 1704 1359 philosophorum
1727 1325 1881 1360 opinionem.

1068 1366 1098 1393 in
1115 1367 1282 1401 Augustana
1297 1365 1485 1400 bibliotheca,
1501 1367 1529 1394 in
1545 1368 1673 1396 armario
1689 1368 1724 1396 II.
1738 1369 1822 1396 Index
1836 1369 1881 1395 Au~

1068 1412 1213 1446 gustanus
1231 1419 1237 1437 :
1252 1413 1281 1437 et
1301 1410 1330 1438 in
1357 1410 1534 1439 bibliotheca
1557 1412 1744 1447 imperatoris
1767 1413 1879 1445 Vienna,

1067 1455 1219 1490 Spacbius.
1247 1454 1304 1482 Nec
1333 1454 1409 1482 alius
1439 1456 1537 1483 forsan
1565 1458 1621 1488 est,
1653 1457 1703 1492 qui
1733 1457 1762 1484 in
1791 1456 1880 1484 biblio-

1068 1499 1154 1526 theca
1186 1499 1263 1535 regis
1301 1499 1460 1533 Gallorum,
1493 1500 1579 1528 Pselli
1611 1501 1651 1529 de
1682 1504 1785 1537 animo,
1816 1501 1880 1537 legi«

1071 1546 1128 1571 tur.

1107 1588 1201 1616 XLIII.
1215 1588 1353 1623 Ejusdem
1371 1589 1578 1617 Annotationes
1592 1590 1621 1617 in
1639 1590 1752 1627 aliquot
1763 1589 1881 1626 Gregorii

1071 1634 1242 1661 Nazianzeni
1258 1634 1331 1666 loca,
1348 1642 1414 1661 cum
1440 1634 1507 1662 Elite
1531 1635 1679 1664 Cretensis
1701 1635 1835 1672 episcopi,
1858 1637 1882 1662 et

1071 1678 1306 1710 aliorum,studio
1321 1681 1348 1706 et
1362 1687 1450 1715 opera
1464 1679 1566 1706 Jacobi
1580 1679 1661 1707 Billii
1679 1680 1787 1708 Latium
1809 1681 1880 1708 factae

1071 1725 1180 1759 saeptus
1195 1723 1279 1750 edita;
1296 1725 1377 1758 sunt,
1392 1731 1461 1751 cum
1478 1723 1609 1760 Gregorii
1624 1724 1796 1753 Nazianzeni
1819 1732 1880 1760 ope-

1071 1767 1164 1794 ribus.

1105 1811 1199 1839 XLIV.
1214 1812 1350 1847 Ejusdem
1366 1813 1459 1840 oratio
1476 1809 1658 1849 Panegyrica
1674 1813 1702 1841 in
1727 1813 1879 1842 Simeonem

1071 1856 1297 1892 Metaphrastem
1313 1857 1392 1884 edita
1405 1857 1436 1893 (ἰ)
1453 1857 1553 1885 Latine
1569 1866 1585 1885 a
1599 1859 1686 1886 Surio
1710 1858 1755 1886 die
1776 1859 1809 1885 27
1822 1858 1880 1893 ,Νο-

1069 1901 1205 1928 vembris.
1224 1902 1322 1928 Exstat
1342 1904 1438 1929 Graece
1464 1902 1670 1938 manuscripts
1694 1903 1722 1930 in
1748 1903 1808 1930 cod.
1833 1902 1879 1931 Va-

1069 1945 1166 1972 ticano
1190 1945 1252 1977 568,
1279 1953 1342 1980 qum
1376 1945 1490 1981 incipit,
1514 1945 1566 1973 Τὸν
1603 1945 1686 1984 μέγαν
1713 1945 1738 1974 ἐν
1762 1946 1810 1984 βίῳ
1841 1945 1880 1972 καὶ

1071 1987 1148 2025 λόλῳ
1166 1988 1287 2025 Συμεὼν,
1305 1988 1422 2016 ἐπαινεῖν
1437 1989 1632 2026 προελόμενοι,
1652 2000 1718 2019 cum
1734 1991 1796 2019 aliis
1810 1992 1880 2026 ejus-

1071 2034 1136 2062 dem
1154 2033 1240 2061 Pselli
1256 2034 1286 2061 in
1302 2034 1438 2061 eumdem
1456 2042 1519 2070 quas
1535 2043 1594 2062 non
1622 2035 1715 2064 multo
1740 2036 1812 2063 intra
1833 2035 1881 2063 ad-

1071 2078 1250 2106 notabimus.

1105 2123 1184 2150 XLV.
1201 2123 1338 2158 Ejusdem
1363 2123 1495 2151 carmina
1519 2124 1551 2160 (ἰ)
1577 2124 1607 2152 in
1630 2125 1749 2153 Cantica
1771 2124 1880 2152 cantico-

1070 2176 1133 2195 rum
1150 2167 1358 2203 interpretatus
1373 2170 1419 2195 est
1442 2169 1614 2197 Franciscus
1637 2170 1724 2197 Zinus
1746 2169 1879 2197 Veronen-

990 2218 1005 2245 l‘

224 2258 400 2301 (d)_"|§}x05gtc
429 2255 621 2301 δξεφαλαιώδης
652 2257 697 2284 iui
722 2256 857 2294 σύντομος
875 2261 928 2286 τῶν
945 2270 1005 2298 παρέ

1095 2261 1240 2301 lmoneum
1265 2262 1395 2301 scriptis,
1421 2271 1449 2298 p.
1474 2263 1583 2291 221-23.
1608 2265 1758 2301 Ἐγχώμιον
1785 2263 1820 2294 εἷς
1841 2263 1880 2290 τὸν

195 2292 341 2324 Χάλδαίοις
358 2292 510 2330 δογμάτων.

226 2332 264 2400 ξε)
281 2328 417 2358 Ferrariis
434 2330 513 2357 1591.
530 2328 631 2356 Venet.
647 2330 727 2364 1593,
744 2330 792 2357 l'ol.

237 2368 261 2400 f)
279 2366 393 2400 Lycium
411 2373 467 2392 non
486 2365 606 2400 Lydium
624 2365 714 2393 fuisse
739 2366 789 2393 Pro

237 2365 261 2402 f)
279 2366 472 2402 Lyciuminon
486 2365 610 2402 Lydium
624 2365 714 2393 fuisse
739 2366 869 2394 Proclum
895 2369 1020 2395 testatur

194 2402 224 2430 in
237 2400 307 2437 ejus
320 2401 386 2428 Vita
402 2400 545 2437 Marinus,
562 2401 611 2435 qui
628 2401 855 2429 commentarios
871 2403 964 2430 Procli
990 2404 1018 2431 in

196 2436 278 2474 λόγία
294 2439 475 2474 memorato.
501 2436 545 2463 2ὀ.
572 2437 824 2474 Quemadmodum
849 2440 876 2465 et
901 2439 1018 2467 Simeon

199 2474 333 2509 Magister
347 2474 382 2500 de
397 2474 600 2499 alimentorum
617 2474 805 2500 facultatibus
822 2481 848 2508 p.
867 2474 926 2501 Ml.
944 2474 1018 2502 Edit.

199 2509 316 2544 Martini
333 2507 474 2544 Bogdani,
491 2511 551 2535 tum
568 2507 687 2536 Proclus
702 2509 765 2544 ipse
781 2517 808 2544 p.
824 2509 886 2536 359.
903 2510 933 2537 In
951 2510 1020 2538 Poli-

199 2545 268 2573 tiam
284 2543 422 2571 Platonis.

232 2580 271 2616 (ρ)
285 2580 378 2607 Etiam
395 2579 464 2616 4589
479 2580 507 2606 et
525 2578 601 2616 1691,
619 2578 708 2616 Paris.
722 2579 750 2606 in
767 2580 793 2616 8.
809 2579 843 2606 Et
858 2581 892 2608 ad
910 2581 1018 2609 calcem

193 2614 332 2643 editionis
348 2615 533 2643 oraculorum
550 2614 758 2650 Sibyllinorum
778 2615 931 2644 luculentis
951 2626 1018 2645 cum

193 2652 274 2679 notis
290 2651 411 2678 Servatii
428 2650 538 2683 Gallici,
552 2651 700 2678 Amsterd.
718 2651 797 2684 1689,
813 2652 841 2679 Δ.

227 2687 268 2722 (Ιι)
283 2687 404 2714 Videtur
423 2686 486 2722 hos
501 2685 656 2722 scripsisse
681 2686 710 2714 in
726 2687 850 2721 gratiam
868 2687 1018 2716 Michaelis

194 2725 292 2755 Ducas.
312 2730 398 2758 quem
415 2721 627 2758 discipulorum
643 2723 786 2758 optimum
802 2723 941 2758 appellat.

223 2759 256 2795 (ί)
278 2757 376 2787 Graece
398 2760 427 2787 et
451 2757 552 2786 Latine
574 2757 706 2793 vulgavit
728 2757 855 2786 Allatius
880 2759 956 2787 libro
982 2759 1019 2787 de

196 2472 382 2509 Magister_de
397 2472 600 2509 alimentorum
617 2472 805 2509 facultatibus

1074 2296 1268 2337 hletaopotctnv
1295 2296 1390 2334 κύριον
1415 2296 1556 2337 Συμεῶνα,
1578 2303 1607 2328 et
1683 2296 1809 2328 236-244.
1833 2300 1879 2337 Ol-

1076 2333 1174 2370 ticium
1199 2333 1228 2359 in
1245 2333 1553 2370 commemorationem
1571 2333 1702 2370 ejusdem
1719 2335 1853 2364 Simeonis
1866 2343 1880 2362 a

1075 2367 1170 2404 Psello
1186 2370 1394 2404 compositum.
1410 2369 1573 2402 Ἀκολουθία
1584 2367 1746 2403 *συντεθεῖσα
1769 2371 1817 2398 ὑπὸ
1838 2371 1880 2396 τοῦ

1075 2401 1444 2440 ΨελλοᾶΙ-ῐυῇοᾸυοὶογεῐη
1461 2406 1590 2434 Psellum
1606 2401 1750 2436 auctorem
1766 2415 1826 2435 esse
1836 2407 1880 2434 Pa-

1075 2439 1203 2475 negyrici
1219 2440 1247 2466 in
1265 2440 1431 2469 Simeonem
1447 2443 1675 2478 Metaphrasten,
1701 2444 1801 2478 probat
1825 2442 1881 2470 Bol-

1074 2474 1181 2502 landus
1207 2476 1284 2509 praef.
1309 2477 1344 2504 ad
1369 2480 1440 2504 tom.
1463 2479 1483 2506 Ι.
1499 2480 1629 2506 Sanctor.
1646 2479 1785 2509 Januarii.
1801 2487 1827 2509 β.
1843 2477 1880 2504 17.

1277 2495 1284 2504 .
1309 2489 1344 2504 au
1369 2489 1440 2504 toni.
1463 2489 1483 2506 ι.
1499 2489 1629 2506 δωωιοιι.
1646 2489 1785 2511 Januarii,
1802 2489 1827 2511 p.
1843 2489 1880 2504 υ.

1075 2487 1181 2502 iauuus
1208 2487 1284 2509 priet.
1309 2487 1344 2504 au
1369 2487 1440 2504 tom.
1463 2487 1483 2506 ι.
1499 2487 1629 2506 sanctor.
1646 2487 1785 2511 Januarii,
1801 2487 1827 2514 p.
1843 2487 1880 2504 ll.

1075 2511 1132 2549 Nec
1148 2511 1292 2549 dilfltetur
1306 2512 1431 2541 Allatius
1446 2513 1509 2549 ipse
1525 2514 1578 2542 hoc
1591 2515 1653 2543 loco
1668 2519 1696 2543 et
1709 2515 1829 2543 diatriba
1851 2513 1881 2539 de

1075 2547 1274 2581 Simeonibus,
1292 2556 1317 2583 p.
1335 2549 1380 2576 68.

1109 2583 1148 2618 (j)
1163 2582 1312 2619 Ἐρμηνεία
1327 2584 1377 2612 illa
1394 2584 1421 2611 in
1438 2584 1592 2612 Canticum
1608 2585 1781 2613 canticorum
1800 2582 1881 2611 versi-

1075 2617 1133 2658 bus
1154 2617 1264 2658 scripta
1289 2622 1333 2658 est
1348 2620 1491 2658 politicis.»
1507 2621 1614 2658 _l.atina
1633 2622 1724 2658 versio
1740 2619 1881 2658 Somniat

1074 2654 1135 2681 Zini
1150 2655 1277 2682 occurrit
1291 2654 1378 2682 etiam
1396 2657 1424 2683 in
1446 2655 1522 2683 Bibl.
1547 2658 1671 2690 Patrum,
1695 2657 1783 2684 Paris.
1807 2655 1879 2685 4654,

1073 2693 1143 2717 tom.
1161 2699 1210 2718 xm
1223 2693 1251 2718 et
1266 2691 1336 2718 edit.
1353 2692 1443 2726 Lugd.
1462 2695 1531 2719 tom.
1544 2701 1623 2720 xvm.
1640 2693 1733 2720 Graece
1748 2695 1775 2719 et
1791 2690 1878 2718 Latine

1073 2728 1165 2753 exstat
1181 2727 1209 2753 in
1225 2727 1357 2754 auctario
1375 2728 1524 2761 Ductaano,
1542 2729 1632 2756 Paris.
1651 2729 1729 2755 162i.
1744 2728 1828 2755 Tomo
1851 2733 1876 2757 Ili

1073 2769 1132 2789 una
1147 2770 1212 2790 cum
1228 2762 1320 2790 altero
1335 2764 1547 2791 commentario
1571 2765 1600 2792 in
1615 2764 1691 2793 idem
1711 2763 1849 2792 canticum
1863 2767 1876 2788 ο
