1937 3050
145 85 206 115 507

840 85 983 116 LEONIS
1005 85 1160 116 ALLATII

1808 80 1872 110 508

139 150 262 178 Colonia
277 151 443 187 Agrippina
460 151 540 185 1606,
555 151 703 180 industria
721 152 849 180 Severini
873 151 947 179 Binii
961 160 968 185 ς
983 153 1014 185 Α
1027 151 1084 179 bus
1100 151 1285 187 signiﬁcavit.
1310 151 1347 178 De
1370 150 1478 182 eadem,
1495 148 1607 182 scribit,
1621 150 1721 184 ferme
1737 154 1770 175 re
1785 152 1813 175 et
1827 148 1876 182 fa-

142 197 171 222 et
186 195 284 224 Graece
296 195 352 223 sub
365 195 489 224 Joannis
506 196 591 224 Pselli
607 196 737 230 nomine,
749 205 815 224 cum
829 195 969 224 Theodori

142 240 296 267 Prodromi
319 242 348 268 et
371 240 525 276 Nicephori
542 241 652 269 Callisti
679 241 824 276 versibus,
850 241 970 268 Basileae

140 285 219 320 apud
247 284 389 313 Joannem
418 285 569 314 Bebclium
598 286 681 321 1536,
705 285 761 321 [33]
785 286 813 313 in
836 286 862 312 8.
880 286 970 318 Quem

139 328 247 357 Joanni
263 329 300 365 (ᾳ)
316 330 404 357 etiam
432 330 537 358 tribuit
560 331 689 359 Joannes
713 331 809 358 Tilius
834 329 968 366 Engolis-

143 374 265 409 mensis,
282 373 312 401 in
329 374 528 410 apostolorum
543 377 571 402 et
586 378 756 403 sanctorum
778 374 968 402 conciliorum

142 417 283 450 Decretis,
299 418 453 454 impressis
471 419 589 447 Parisiis
608 429 660 456 per
674 419 968 455 ConradumLNeoba-

142 462 219 489 rium
250 463 331 490 1540.
358 464 388 490 lu
420 464 498 491 hunc
527 465 625 500 ipsum
653 465 821 492 Tractatum
850 463 969 499 scripsit

143 507 316 534 Franciscus
345 508 572 543 Feuardentius;
598 511 626 537 et
649 509 845 538 Bellarminus
869 509 968 543 tradit,

144 550 273 578 Psellum
289 551 319 579 in
336 552 437 580 eodem
466 553 690 589 hallucinatum,
707 554 735 581 in
752 556 894 590 tempore,
910 561 968 588 quo

145 595 291 624 celebrata
313 599 358 624 est
377 597 471 633 prima
486 598 811 634 Constantinopolitana
826 598 967 634 synodus,

145 648 209 675 quas
226 640 280 668 fuit
296 642 425 669 secunda
441 650 476 670 ex
491 645 616 678 quatuor
631 643 749 679 primis;
766 643 796 670 in
813 643 968 678 Ephesina,

146 693 210 720 qua:
226 685 281 713 fuit
302 686 396 721 tertia,
411 689 484 715 tom.
501 689 523 722 Ι,
541 689 724 716 Controvers.
740 688 767 723 4,
784 688 819 715 de
833 687 970 715 Conciliis

147 738 211 766 cap.
229 730 257 758 5.

183 774 213 802 L.
231 775 368 810 Ejusdem
384 775 417 804 de
440 777 629 805 Nomocanone
652 777 781 806 carmina
796 777 892 805 Graece
906 775 970 804 edi-

146 819 190 846 dit
205 827 272 847 cum
289 821 492 855 superioribus
507 821 682 857 Bosquetus,
699 831 763 858 quas
778 830 845 849 cum
861 821 970 848 laxiora

147 864 217 897 sint,
235 863 357 892 alterius
381 873 446 893 esse
471 866 598 893 multum
622 866 753 894 dubitavi
771 875 777 894 :
795 875 847 894 nec
871 865 973 893 fefellit

149 916 197 935 me
212 908 340 943 animus,
357 917 425 936 nam
446 910 475 936 in
492 909 549 938 alio
565 911 768 947 manuscripto
784 910 881 938 codice
896 912 972 938 Gon—

148 952 278 980 stantiuo
292 953 388 981 Psello
412 954 593 982 tribuuntur.
610 954 811 982 Κωνσταντῐνου
827 953 971 992 προέδρου,

147 996 192 1023 καὶ
208 996 310 1024 ὑπάτου
336 999 390 1024 τῶν
415 995 573 1037 φιλοσόφων
600 1001 647 1026 τοῦ
663 998 776 1027 Ψελλοῦ
801 999 838 1030 εἷς
852 999 901 1033 τὴν
918 1002 972 1026 Νο-

149 1041 301 1077 μοκανόνο·5
330 1042 465 1070 ὑπόθεσιν.
484 1045 514 1071 In
540 1044 718 1072 bibliotheca
742 1045 831 1072 etiam
855 1043 973 1072 Antonii

147 1087 304 1123 Augustini
334 1087 399 1115 cod.
430 1088 480 1115 154
509 1091 537 1115 et
567 1089 629 1123 175,
659 1089 753 1117 eidem
782 1089 973 1117 Constantino

147 1131 244 1159 Psello
260 1132 441 1160 tribuuntur.
457 1132 513 1160 Sed
534 1133 691 1168 cujusnam
715 1142 789 1170 opus
805 1134 843 1161 sit
859 1142 916 1161 non
933 1133 974 1160 vi-

148 1176 235 1203 detur
251 1177 336 1211 tanti,
353 1178 385 1204 ut
400 1177 429 1204 in
445 1177 509 1212 ejus
530 1180 650 1206 auctore
672 1178 847 1214 inquirendo
862 1178 974 1206 diutius

148 1228 351 1248 Immoremur.

186 1265 231 1292 LI.
257 1265 317 1293 Sub
350 1265 483 1300 ejusdem
520 1267 640 1295 nomine
671 1267 877 1295 circumfertur
903 1269 975 1303 Syn-

148 1310 249 1345 tagma
282 1308 478 1346 ἐκλελεγμένον
513 1310 565 1338 ἆπὸ
592 1313 647 1338 τῶν
676 1311 815 1348 Ἰαιτρικῶν
847 1308 975 1349 βιϐλίων,

149 1354 212 1391 περὶ
239 1352 380 1390 δυνάμεως
405 1358 524 1394 τροφῶν,
554 1356 600 1384 καὶ
627 1356 769 1394 ὠφελείας,
794 1356 839 1384 καὶ
858 1354 976 1394 βλάϐης,

151 1398 187 1426 de
210 1399 384 1428 Cibariorum
403 1401 549 1436 facultate,
565 1403 696 1434 utilitate,
713 1406 740 1430 el
763 1410 847 1435 noxa,
863 1410 900 1429 ex
923 1401 976 1429 Me-

150 1442 220 1471 dicis
246 1443 325 1471 libris
348 1444 501 1480 collectum,
519 1446 553 1473 ad
577 1446 802 1474 Constantinum
829 1446 977 1474 Monoma-

152 1487 241 1514 chum
257 1496 309 1524 per
323 1487 487 1517 litterarum
499 1489 738 1525 ordinem,cujus
752 1490 826 1518 illud
840 1493 885 1518 est
901 1490 978 1525 prin-

153 1531 275 1567 cipium,
288 1530 391 1559 Πολλῶ
405 1532 450 1559 καὶ
467 1531 580 1571 λογίων,
592 1534 614 1560 ὦ
626 1533 743 1570 μέγιστε.
758 1534 835 1562 Illud
848 1534 978 1562 Simeoni
993 1525 1014 1558 α

151 1576 238 1603 Setho
255 1576 291 1612 (r)
307 1577 448 1613 magistro
471 1578 651 1607 Antiocheno
674 1579 828 1612 tributum,
846 1581 875 1607 et
890 1588 906 1606 a
921 1579 976 1615 Gy-

152 1619 235 1648 raldo
251 1620 352 1649 Latine
368 1622 513 1650 redditum
529 1623 623 1651 Graece
637 1625 666 1651 et
686 1623 786 1651 Latine
801 1623 976 1659 Isingrinius

153 1664 272 1692 Basileze
288 1666 406 1693 excudit
428 1666 457 1694 in
474 1668 502 1700 8,
520 1667 599 1695 1538.
615 1670 689 1696 Cum
704 1677 770 1696 vero
787 1677 843 1696 non
859 1670 975 1696 tantum

153 1709 316 1745 sententia,
332 1711 381 1738 sed
398 1711 486 1739 verba
508 1712 596 1740 etiam
613 1713 677 1749 ipsa
699 1713 728 1740 in
753 1715 877 1749 utroque
891 1721 976 1749 repe-

152 1753 278 1789 riantur,
295 1754 440 1788 existimo,
458 1755 648 1785 Collectaneis
671 1757 755 1785 l‘selli
776 1757 916 1785 nonnulla
931 1758 976 1784 Si-

153 1805 287 1826 meonem
305 1807 321 1826 α
337 1807 377 1833 se,
394 1799 471 1828 inter
492 1800 647 1836 legendum
663 1802 876 1836 animadversa,
892 1802 977 1830 addi-

152 1842 242 1876 disse,
254 1843 298 1870 vel
311 1845 478 1880 quempiam
490 1846 609 1874 tertium
621 1847 657 1874 ab
670 1849 794 1883 utroque
805 1847 975 1881 confecisse,

151 1887 227 1922 quod
253 1895 288 1915 ex
311 1888 407 1917 indice
434 1890 633 1926 manuscripto
658 1891 692 1927 (s)
717 1891 813 1927 colligi
839 1891 944 1927 poterit
968 1900 974 1919 :

153 1930 301 1968 Σύνταγμα
325 1933 386 1969 περί
416 1936 523 1972 τροφῶν
549 1933 688 1971 δυνάμεων
710 1937 758 1962 τοῦ
783 1934 906 1971 Ψελλοῦ,
931 1935 976 1962 καὶ

153 1975 331 2010 Συμεὼντοῦ
355 1977 524 2014 Μαγίστρου.
548 1979 699 2015 Synlagma
723 1980 755 2008 de
778 1980 977 2008 alimentorum

153 2020 261 2048 viribus
288 2021 383 2056 Pselli,
404 2026 430 2050 et
453 2023 588 2051 Simeonis
614 2025 747 2059 Magistri.
771 2025 871 2060 Neque
899 2025 976 2053 enim

153 2063 259 2091 adduci
289 2073 423 2101 possum,
449 2069 482 2094 ut
505 2068 632 2102 credam,
650 2068 777 2096 Psellum
803 2069 860 2105 [34]
884 2077 937 2097 sua
961 2078 978 2096 a

154 2107 253 2142 Setho,
264 2109 453 2138 eruditiorem
465 2111 754 2148 eloquentioremque
769 2122 786 2141 a
800 2113 899 2141 minus
914 2122 978 2141 cru-

155 2152 217 2179 dito
233 2155 261 2180 et
276 2153 429 2189 eloquente
444 2158 623 2184 mutuatum.
636 2157 765 2185 Aliorum
777 2158 923 2194 siquidem
939 2158 979 2186 la-

153 2197 277 2225 boribus
292 2198 438 2234 meliores,
452 2209 508 2228 non
521 2201 679 2230 deteriores
695 2203 814 2230 evadere
826 2211 976 2231 conamur.
993 2209 1017 2242 Ι)

153 2242 187 2268 Et
215 2242 331 2271 Psellus
359 2243 507 2272 Sethianis
536 2245 606 2280 illis,
634 2246 724 2274 veluti
752 2247 850 2275 aliena
877 2247 978 2284 pluma

152 2286 292 2320 amictus,
307 2288 519 2317 candidissima.
533 2298 588 2318 sua
602 2291 799 2327 deturpasset.
814 2291 933 2320 Viderat
947 2293 977 2320 id

152 2337 271 2366 quoque
286 2332 441 2368 Gyraldus,
457 2333 641 2370 epistolaque
657 2336 873 2372 nuncupatoria
887 2337 979 2365 omni-

1026 196 1130 224 cullate
1152 198 1189 224 ad
1215 195 1432 228 Constantinum,
1458 194 1549 230 hujus,
1567 195 1597 220 ut
1619 195 1704 229 pulo,
1722 192 1876 220 Michaelis

1027 242 1109 270 Ducw
1123 242 1277 276 parentem,
1294 240 1409 268 Michael
1432 239 1537 267 Psellus
1552 238 1695 266 Libellum
1711 239 1784 264 ante
1800 237 1872 264 scri-

1023 287 1128 322 pseral,
1143 286 1221 321 cujus
1248 287 1288 313 est
1315 284 1471 320 exemplum
1498 283 1572 319 apud
1598 283 1762 315 Melelium,
1789 281 1867 309 Grae-

1025 339 1089 359 cum
1113 331 1199 358 totius
1226 329 1373 358 medicmw
1392 329 1564 364 scriptorem,
1579 335 1632 355 non
1659 327 1764 355 eodem
1790 326 1873 354 modo

1025 379 1196 411 argumento,
1213 374 1259 402 sed
1281 375 1376 402 iisdem
1397 373 1536 402 interdum
1559 381 1628 408 pene
1654 372 1765 400 verbis.
1784 373 1871 400 (tunc

1025 430 1073 457 ego
1088 421 1261 457 Symeoncm,
1279 419 1380 447 multis
1403 420 1466 447 licet
1491 420 1521 446 in
1544 419 1612 446 locis
1635 418 1834 453 depravatum
1848 412 1873 444 οι

1024 475 1166 499 mancum,
1177 474 1241 493 cum
1254 465 1351 492 Latine
1364 472 1469 500 quoque
1480 463 1563 491 modo
1574 464 1721 491 vertissem
1729 470 1741 493 :
1757 462 1871 496 adiutus

1024 511 1164 547 imprimis
1188 510 1275 546 ipsius
1291 510 1378 537 Pselli
1392 509 1496 541 libello,
1512 513 1569 536 tum
1593 507 1725 543 ejusdem
1742 506 1838 534 altero
1853 515 1870 534 a

1026 556 1138 591 Georgio
1159 555 1236 582 Valla
1261 555 1290 581 in
1315 554 1445 581 Latinum
1470 554 1586 589 pessime
1607 559 1793 584 conversum,
1819 551 1870 579 tibi

1025 601 1056 628 in
1069 600 1147 628 omni
1161 599 1271 627 medice
1284 598 1437 633 facultatis,
1451 601 1506 625 etc.
1519 597 1605 624 Recte
1616 596 1739 630 omnia,
1751 596 1776 623 si
1795 595 1868 623 illud

1024 645 1168 681 excipias,
1195 643 1416 671 Constantinum
1445 641 1679 670 Monomacbum
1711 643 1867 677 parentem

1024 689 1173 717 Michaelis
1184 689 1271 716 Ducas
1284 687 1387 723 fuisse,
1398 687 1507 723 quippe
1522 685 1573 722 qui
1584 686 1728 713 diversus
1745 686 1866 713 omnino

1025 735 1064 763 sit
1078 743 1094 762 α
1108 733 1299 762 Constantino
1312 733 1394 760 Duco.
1408 731 1559 759 Michaelis
1575 733 1714 767 parente.

1061 779 1120 808 LII.
1151 778 1251 806 Eidem
1277 776 1373 805 Psello
1402 777 1511 804 librum
1541 774 1605 812 Περὶ
1636 772 1797 811 ποδάγρας,
1827 776 1865 803 De

1024 825 1155 861 podagra,
1172 832 1189 851 a
1204 821 1354 850 nonnullis
1378 821 1528 849 codicibus
1544 820 1635 848 tribui
1658 819 1762 853 video,
1779 819 1865 855 cujus

1026 870 1097 897 illud
1116 871 1161 896 est
1176 868 1294 895 initium
1314 876 1320 895 ε
1337 866 1413 894 Ἑπεὶ
1434 865 1515 902 ὥρισε
1534 865 1601 901 πρός
1624 874 1660 900 με
1676 864 1691 891 ὁ
1709 863 1863 901 κράτιστος,

1026 913 1069 941 κατ
1087 913 1175 950 ἅγιος,
1188 912 1335 948 capitibus
1351 911 1549 947 quadraginta
1561 918 1612 937 sex
1627 910 1863 942 concinnatum;

1027 959 1089 995 qui,
1105 966 1172 986 cum
1189 957 1224 984 ad
1241 956 1430 992 Palaeologos,
1441 963 1564 991 quorum
1579 955 1669 990 jussu
1683 954 1784 981 fuerat
1799 961 1864 981 con-

1027 1003 1165 1039 scriptus,
1183 1002 1311 1029 directus
1327 1000 1375 1033 sit,
1392 999 1449 1027 nisi
1473 998 1601 1027 Psellum
1628 998 1726 1026 alium
1743 998 1864 1033 ﬁngere,

1028 1047 1075 1076 cui
1099 1046 1190 1074 tribui
1215 1045 1320 1082 possit,
1340 1044 1475 1079 velimus,
1503 1046 1580 1071 certe
1604 1042 1695 1071 Pselli
1723 1050 1783 1070 non
1809 1044 1860 1070 est.

1029 1093 1134 1120 Auctor
1149 1093 1282 1126 tempore
1296 1088 1447 1117 Michaelis
1469 1087 1621 1124 Palzeologi
1638 1087 1771 1121 vivebat,
1787 1087 1833 1114 cui
1849 1095 1865 1114 a

1028 1135 1205 1164 valetudinis
1230 1143 1301 1162 cura
1325 1136 1398 1168 erat,
1416 1135 1448 1161 ut
1473 1133 1535 1168 ipse
1560 1133 1696 1160 fatetur:
1716 1130 1792 1159 Έπεί
1808 1130 1862 1158 τοί-

1029 1191 1074 1207 νυν
1088 1179 1212 1207 ἐκέλευσὶ
1236 1188 1268 1215 με
1290 1178 1304 1205 ὁ
1329 1177 1465 1209 θειότατος
1494 1175 1634 1214 βασιλεὺς,
1652 1175 1713 1212 εἲμί
1740 1174 1764 1202 δ’
1784 1174 1860 1206 αὐτὸς

1030 1225 1082 1252 ἀπὸ
1109 1223 1162 1251 τῶν
1193 1223 1292 1260 ἰατρῶν
1322 1221 1414 1258 αὐτοῦ,
1443 1221 1487 1249 καὶ
1516 1221 1566 1255 τήν
1595 1220 1682 1248 αὐτοῦ
1705 1220 1796 1259 φύσιν,
1817 1219 1859 1246 καί

1030 1269 1078 1303 τὴν
1094 1267 1200 1306 κράσιν,
1225 1266 1269 1294 καὶ
1294 1265 1418 1301 ἰδιότητα
1440 1265 1509 1293 κατὰ
1523 1265 1554 1292 τὸ
1575 1263 1690 1292 δυνατὸν
1709 1262 1802 1296 εἷδὼς,
1819 1262 1861 1290 διὰ

1030 1314 1060 1340 τὸ
1090 1313 1127 1350 μὴ
1153 1312 1221 1349 πρὸς
1248 1310 1343 1348 ὀλίγον
1368 1310 1461 1348 καιρὸν
1488 1312 1601 1337 συνεῖναι
1628 1309 1718 1344 αὐτῷ,
1741 1307 1775 1335 τὰ
1794 1307 1860 1345 πρὸς

1031 1357 1100 1394 ἐμὴν
1127 1357 1263 1392 ἀνήκοντα
1288 1355 1400 1392 δύναμιν
1423 1354 1492 1382 κατὰ
1512 1356 1593 1381 τοῦτο
1609 1355 1651 1389 τῷ
1673 1354 1784 1391 ὁρισμῷ
1797 1351 1859 1379 τού-

1029 1412 1079 1430 του
1107 1397 1269 1437 πειθόμενος
1295 1398 1350 1434 ἤδη
1382 1399 1487 1438 γράφω.
1516 1398 1748 1435 Quandoquidem
1781 1398 1864 1432 igitur

1033 1447 1082 1476 hoc
1096 1447 1169 1475 mihi
1182 1446 1330 1482 imperavit
1345 1445 1535 1472 sanctissimus
1548 1452 1609 1477 rex,
1625 1452 1640 1471 e
1654 1444 1736 1478 cujus
1751 1441 1862 1470 medici:

1032 1501 1092 1520 sum
1117 1500 1198 1526 unus,
1215 1491 1329 1526 ideoque
1352 1491 1480 1517 naturam
1505 1490 1578 1525 ejus,
1599 1489 1861 1522 temperamentum-

1032 1545 1082 1573 que
1094 1537 1168 1571 novi,
1182 1536 1339 1571 praesertim
1357 1542 1419 1561 cum
1443 1534 1492 1561 diu
1517 1541 1579 1561 cum
1603 1540 1636 1560 eo
1662 1533 1787 1560 versatus
1800 1531 1860 1566 fue-

1030 1582 1098 1615 rim,
1114 1589 1163 1617 pro
1190 1589 1233 1614 ea,
1248 1587 1311 1616 quae
1337 1579 1409 1606 mihi
1423 1582 1462 1606 est
1481 1578 1609 1612 scientia,
1630 1577 1664 1605 de
1688 1577 1738 1604 hoc
1760 1575 1858 1609 morbo,

1030 1630 1062 1654 ut
1084 1627 1143 1661 ejus
1169 1625 1294 1653 obcdiam
1319 1623 1457 1658 mandato,
1488 1624 1608 1650 tractare
1638 1622 1754 1657 incipio.
1771 1622 1812 1652 Et,
1835 1619 1856 1646 si

1031 1679 1077 1698 res
1093 1670 1121 1697 in
1139 1678 1171 1698 eo
1196 1671 1398 1705 pertractatas,
1416 1667 1525 1695 nodum
1542 1669 1571 1694 et
1594 1667 1720 1694 formum
1745 1663 1856 1692 dicendi

1031 1715 1211 1747 consideras,
1228 1713 1342 1749 aliaque
1359 1721 1366 1740 ;
1383 1721 1399 1740 a
1414 1711 1530 1739 dicendi
1546 1710 1757 1745 tractandique
1772 1708 1856 1736 ratio-

1031 1768 1066 1788 ne
1081 1759 1228 1787 Psclliana
1245 1758 1330 1794 longe
1346 1758 1463 1785 absunt.
1476 1756 1538 1784 Vidi
1556 1758 1660 1791 postea
1675 1755 1786 1782 editum
1803 1753 1856 1780 La-

1029 1804 1090 1832 tine
1114 1804 1169 1831 sub
1194 1803 1313 1830 nomine
1331 1801 1434 1829 Incerti
1450 1801 1486 1828 ob
1501 1801 1628 1828 Henrico
1652 1798 1800 1834 Stephano
1814 1798 1854 1832 (ι),

1030 1849 1108 1876 inter
1123 1850 1255 1875 auctores
1277 1846 1416 1879 medicos,
1432 1848 1503 1873 tom.
1518 1845 1555 1880 II,
1572 1853 1607 1873 ex
1622 1843 1757 1872 versione
1773 1840 1855 1869 Marci

1031 1892 1143 1920 Musuri
1160 1893 1195 1920 ad
1211 1894 1329 1919 Scaram
1343 1890 1532 1923 Trivultium,
1543 1890 1628 1924 cujus
1644 1889 1680 1916 de
1696 1896 1729 1915 eo
1745 1887 1798 1914 hoc
1812 1886 1854 1913 est

1026 1937 1172 1972 judicium
1189 1946 1195 1964 ε
1213 1936 1288 1970 Quod
1309 1937 1380 1963 sicut
1394 1937 1498 1967 auclor,
1511 1934 1635 1970 quisquis
1660 1933 1716 1960 haec
1730 1930 1850 1961 ediderit,

1031 1983 1124 2016 infans
1139 1986 1164 2009 et
1183 1981 1302 2016 elinguis
1326 1984 1395 2014 erat,
1409 1984 1438 2007 ut
1463 1979 1512 2014 qui
1534 1979 1662 2011 nesciret,
1679 1977 1705 2004 si
1729 1974 1792 2011 quid
1814 1972 1852 2000 vel

1030 2029 1092 2054 arte
1105 2026 1254 2059 didicisset,
1271 2025 1313 2052 vel
1334 2033 1386 2052 usu
1409 2028 1577 2059 compertum
1599 2022 1749 2054 habuisset,
1765 2017 1850 2054 expri-

1030 2079 1114 2105 mere,
1131 2073 1186 2099 etc.
1208 2071 1242 2097 Et
1267 2071 1334 2097 ante
1360 2069 1472 2104 aliquot
1496 2076 1600 2100 anuos,
1626 2066 1725 2094 Graece
1748 2063 1850 2091 editum

1032 2115 1151 2143 Parisiis
1174 2115 1203 2142 in
1219 2114 1341 2148 8,1558.
1367 2113 1451 2149 Apud
1476 2111 1668 2140 Guilielmum
1694 2106 1848 2137 Moralium,

1032 2161 1166 2188 Demetrio
1191 2162 1382 2195 Pepagomeno
1403 2157 1602 2189 vindicatum;
1620 2157 1648 2183 et
1662 2153 1720 2190 [35]
1735 2150 1848 2195 seorsitp

1033 2205 1134 2232 Latine
1145 2211 1180 2231 ex
1195 2192 1436 2239 interpretatione
1447 2200 1611 2229 doctissimi
1624 2197 1774 2234 cujusdam
1789 2192 1847 2239 viri,

1032 2257 1119 2285 quem
1136 2249 1199 2283 ipse
1213 2237 1431 2275 non-nominat.
1441 2246 1513 2274 Cum
1525 2253 1592 2272 vero
1606 2244 1637 2271 in
1654 2241 1754 2270 multis
1765 2237 1848 2267 Psello

1033 2293 1191 2327 tribuatur,
1208 2291 1276 2319 licet
1292 2290 1373 2318 illius
1389 2298 1447 2318 non
1463 2290 1512 2324 sit,
1528 2289 1605 2317 inter
1620 2287 1677 2316 alia
1693 2284 1777 2313 Pselli
1791 2289 1846 2310 m0-

1033 2338 1176 2364 numenta
1190 2336 1270 2364 edita
1284 2335 1381 2364 locum
1397 2334 1514 2362 habeat.

948 2409 1066 2437 ΝΟΤιἘ.

188 2467 227 2507 (q)
243 2466 491 2507 ln_m_s.VCa;s_arreo
514 2469 664 2507 Michaelis
682 2470 766 2507 Pselli
792 2479 856 2499 esse
880 2472 979 2507 perhi-

154 2502 264 2544 betur‘:
280 2504 334 2529 Τοῦ
355 2503 468 2544 Ψελλῷ
490 2504 587 2544 xoplbu
609 2505 729 2544 Μιχαὴλ
742 2502 977 2544 ’περὶντῶίὰγζων

154 2536 200 2581 τιςὶ
220 2536 390 2581 ιξῖκουμρνικ
404 2542 440 2567 ὧν
457 2536 529 2567 ἔπτᾶ
553 2536 674 2568 συνόδων
696 2536 764 2578 apd:
781 2536 835 2570 Ισιτὸν
868 2536 980 2580 βασῖλὲα

156 2573 204 2616 τὸγ
217 2573 401 2616 Μιξνομάχον.

154 2644 170 2672 J
189 2609 224 2645 (ν)
239 2609 366 2654 Simeon'i
393 2611 464 2653 huic
490 2611 631 2654 vindicat,
653 2615 684 2655 et
706 2623 740 2643 ex
765 2615 880 2643 duobus
906 2624 978 2643 mss.

173 2652 216 2672 ac.
235 2646 362 2684 Menteln
391 2650 579 2684 integriorem
608 2649 698 2684 hujus
727 2650 794 2678 libri
820 2651 979 2679 editionem

154 2688 221 2723 qua!
236 2683 386 2723 versiope_
395 2683 620 2723 etun‘otisrdedit
639 2685 789 2723 Martinus
812 2688 978 2723 Bogdanus,

155 2716 248 2757 Paris,
275 2719 488 2757 l_658,_A8_.UVide
511 2722 540 2748 et
562 2719 698 2749 Allatium
724 2723 759 2750 de
782 2716 978 2757 SimeJonibus;

152 2760 182 2788 p.
201 2753 263 2781 181.
280 2755 369 2784 Pselli
383 2755 493 2784 librum
515 2763 575 2784 una
589 2763 659 2785 cum
674 2757 821 2787 Simeonis
845 2759 920 2787 libro
942 2753 978 2787 ad

1034 2479 1106 2499 mss.
1123 2471 1236 2499 codices
1262 2469 1406 2499 recensito
1421 2469 1505 2496 edere
1526 2467 1617 2496 voluit
1630 2464 1765 2501 Georgius
1787 2461 1846 2488 Hie-

1034 2516 1096 2535 ron.
1114 2506 1292 2535 Welschius.
1309 2506 1381 2533 Vide
1396 2506 1462 2539 ejus
1476 2503 1628 2540 epistolam
1647 2501 1692 2530 lX.

1069 2532 1104 2579 (5')
1305 2532 1583 2579 codexi"Caasalreusn
1595 2540 1709 2579 de__quo
1720 2532 1846 2579 Ἰιξφξξς

1035 2568 1164 2614 ciiis'Vl,
1177 2568 1285 2614 pilis-tv.
1302 2568 1382 2605 [diem
1408 2568 1550 2614 memorat
1566 2574 1649 2614 ΒερΗὶ
1663 2568 1727 2614 ’τείρξ
1750 2568 1846 2614 ξιιξίξξξ

1035 2616 1069 2642 ad
1088 2604 1160 2650 imp:
1176 2604 1401 2642 Constantinum
1417 2611 1654 2640 Monomachum.
1671 2604 1771 2668 Incipit
1782 2612 1788 2630 :
1800 2604 1844 2642 Egi

1035 2651 1114 2668 "re...
1152 2653 1201 2668 τερ-
1240 2651 1289 2668 μυξη
1330 2646 1407 2668 gnum:
1437 2647 1567 2668 qrnnunlru-
1595 2645 1638 2668 vrri
1669 2652 1734 2668 πλε-να
1755 2644 1844 2667 οωυουξ

1034 2651 1114 2677 τοῦτο
1132 2644 1201 2684 ’τῆς
1240 2651 1289 2682 σῆς
1330 2646 1407 2685 ἔργον
1425 2645 1639 2685 ,προνοίᾳςκαὶ
1668 2644 1844 2685 μεγῆλοφυῖῗί

1036 2685 1161 2724 ἐπινοίας,
1179 2678 1225 2713 icui
1254 2678 1515 2724 ιέέλαγόέωπόῖήτος
1536 2678 1676 2724 ⁵ἑπὶτεαγμά
1688 2702 1706 2724 ,_‘
1716 2678 1842 2706 KWV‘W‘V'

1035 2724 1093 2750 τῖνε
1107 2721 1227 2754 θειότατε
1238 2714 1283 2749 xui.
1300 2714 1409 2758 péyio‘rc
1423 2714 1603 2757 αὐτοκράτορ,
1618 2714 1679 2745 uti.
1696 2714 1723 2742 λ.

1072 2761 1106 2795 (ἱ)
1120 2758 1211 2794 Paris,
1228 2760 1260 2786 Δ.
1277 2756 1358 2793 1567,
1374 2756 1423 2785 tol.
