1937 3050
41 94 107 125 509

680 94 868 125 DIATRIBA
890 95 940 125 DE
965 95 1133 126 PSELLIS.

1701 99 1763 130 510

81 161 159 189 LIII.
187 163 221 188 Et
241 161 301 189 haec
326 161 411 190 Pselli
437 170 525 198 opera
546 161 586 198 (u)
609 161 689 190 edita
716 163 787 190 sunt
814 169 879 197 quae
893 163 918 195 Α
973 162 1027 190 LV.
1046 162 1214 196 Quaestiones
1229 163 1391 197 theologica
1401 171 1464 191 cum
1479 165 1712 199 responsionibus,
1725 165 1762 193 ad

41 206 124 233 mihi
140 207 238 234 videro
263 207 396 243 contigit.
415 209 458 235 An
484 206 541 234 alia
567 206 636 234 item
666 207 726 234 sint
750 207 881 234 nondum
938 206 1109 234 Michaelem
1139 207 1262 241 Ducam,
1287 208 1396 242 quibus
1425 210 1454 235 et
1483 209 1519 236 ad
1550 209 1760 245 physiologiam

43 251 129 278 novi.
148 250 224 278 Illud
241 252 329 284 scias,
347 252 448 287 lector,
464 251 537 279 alias
560 251 628 279 item
646 259 710 279 esse
726 251 883 278 nonnullo-

41 303 115 323 rum
130 304 165 324 ex
187 295 269 324 hisce
293 296 434 332 operibus
449 296 604 329 editiones,
621 304 695 331 quas
720 296 816 323 libens
832 304 880 323 vo-

42 339 176 376 lensque
191 341 288 368 omisi.
306 341 383 369 Satis
407 341 446 369 sit
469 341 682 377 prmeipuarum
709 341 880 368 commemi-

43 385 141 413 nisse.
158 385 278 413 Utinam
304 388 332 413 et
357 386 425 420 alia,
449 393 513 421 quas
534 386 597 420 jam
622 385 724 417 latent,
748 386 880 413 eamdem

43 437 118 457 cum
133 429 201 457 istis
218 430 365 457 fortunam
382 429 597 466 experirentur!
611 430 665 457 Sed
682 430 799 465 quando
816 437 880 465 pes-

43 474 194 501 simorum
223 474 378 502 hominum
408 474 540 509 nequitia
568 474 596 501 id
628 474 688 501 fieri
717 474 829 510 nequit,
845 482 879 500 en

40 518 217 554 aliquorum
248 519 344 547 adhuc
368 519 546 546 ineditorum
573 518 738 554 catalogum
764 518 811 545 hic
835 521 877 545 at-

40 566 156 598 texam,
184 572 310 598 quorum
340 563 412 590 mihi
439 563 581 590 memoria
605 563 747 599 suppetit,
770 564 799 590 et
822 570 879 597 quo

42 607 193 635 dicuntur
217 615 281 635 esse
306 608 334 635 in
362 607 426 635 loco
451 607 592 643 aperiam,
608 610 651 640 ut,
669 608 694 635 si
718 607 802 634 detur
825 606 879 634 ali-

42 653 169 687 quando
187 652 321 687 facultas,
333 652 387 680 tibi
403 653 500 688 possis
516 654 613 680 tantos
629 652 782 680 thesauros
797 660 875 679 com-

42 705 163 732 parare.
181 697 379 732 Laudaboque
394 699 539 731 auctores,
556 699 588 724 ut.
602 697 680 724 unde
696 696 724 723 id
740 696 876 728 habeam,

44 741 101 768 tibi
118 743 304 777 compertum
321 741 369 774 sit,
381 743 408 769 et
424 741 448 769 si
461 750 526 777 qua:
537 742 619 769 l‘raus
631 741 876 777 deprehendetur,

43 785 159 813 habeas
176 790 206 813 tu
217 786 317 818 etiam,
328 785 358 812 in
374 794 448 822 quas
460 785 570 813 crimen
588 786 706 813 referas.
719 785 758 813 De
770 785 877 821 quibus

938 251 1115 286 pertinentia
1130 252 1327 285 continentur,
1345 251 1407 287 t‘ol.,
1423 253 1452 280 in
1470 253 1648 281 bibliotheca
1661 254 1762 289 Augu-

938 298 1034 329 stana,
1050 297 1078 323 in
1095 296 1222 324 armario
1237 296 1284 324 Vl.
1303 297 1391 324 index
1406 298 1598 332 Augustanus
1615 307 1670 326 ωε·
1686 298 1764 326 intra

938 341 1025 368 etiam
1042 341 1119 369 idem
1136 341 1221 369 index
1237 341 1298 369 haec
1318 341 1407 369 habet
1423 350 1430 370 :
1447 343 1534 370 Pselli
1547 342 1583 370 ad
1598 343 1763 371 Michaelem

938 386 1113 414 Commenum
1129 387 1205 414 varia
1229 388 1319 422 capita
1335 387 1486 423 theologica
1501 397 1510 415 :
1527 387 1592 424 Περὶ
1616 386 1762 414 hia-nonat-

935 438 996 466 του,
1011 434 1046 459 de
1059 432 1164 465 anima,
1181 435 1214 459 de
1228 432 1391 466 virtutibus,
1404 437 1429 459 et
1441 433 1557 468 physica
1572 433 1607 460 de
1620 433 1764 466 sensibus;

937 475 969 503 de
991 476 1185 504 similitudine.
1211 481 1236 504 et
1258 477 1492 504 dissimilitudine
1523 477 1676 505 liberorum
1698 485 1761 505 cum

933 521 1113 555 parentibus;
1135 521 1168 548 de
1193 522 1356 556 embryone;
1379 521 1412 549 de
1438 523 1567 552 somniis;
1592 521 1624 549 tle
1649 522 1761 549 circulis

935 564 1106 596 cwleslibus;
1119 566 1153 592 de
1167 567 1311 596 meleon’s;
1326 565 1358 593 de
1373 566 1449 595 [unm
1464 567 1577 600 eclipsi:
1592 566 1625 594 de
1637 566 1702 594 solis
1712 575 1762 594 ca-

935 609 1010 640 lore;
1025 609 1058 637 de
1078 609 1179 643 stellis;
1195 609 1228 637 de
1243 610 1396 641 Dioscuris;
1420 610 1453 638 de
1478 612 1584 646 pluvia,
1609 611 1759 646 grandine,

933 655 1005 687 nive,
1029 655 1143 689 pruina,
1168 661 1245 687 rore;
1261 655 1296 681 de
1318 655 1448 690 typhone,
1465 657 1491 682 et
1515 656 1647 690 ecnephia
1661 655 1760 690 ventis,

932 698 965 725 de
978 698 1117 733 fulmine;
1131 698 1163 726 de
1176 698 1301 733 partibus
1323 699 1436 729 mundi;
1461 699 1493 726 de
1516 701 1599 727 terrae
1622 699 1759 730 motibus;

932 743 965 770 de
979 743 1198 778 tempestatibus;
1215 744 1249 770 de
1273 743 1412 771 salsedine
1432 744 1537 774 maris;
1551 743 1584 771 de
1606 744 1760 777 imbribus;

933 787 966 815 de
988 788 1166 823 ﬂuminibus;
1183 787 1216 815 de
1241 788 1386 816 stellarum
1410 788 1484 822 luce;
1509 788 1579 824 quid
1602 789 1760 822 necessitas,

42 833 184 858 exactum
216 830 271 858 tibi
296 830 456 865 judicium,
481 832 651 866 certamque
681 830 877 858 narrationem
894 833 1104 874 Bconlingens,
1134 837 1250 867 tempus,
1281 834 1418 866 materia,
1445 834 1549 868 forma,
1574 832 1762 860 elementum?

43 883 105 901 non
123 874 278 910 promitto,
294 883 360 902 cum
381 883 414 902 ea
436 883 493 910 pris
510 874 649 902 manibus
677 883 733 902 non
760 874 877 902 fuerint.

42 918 120 945 Illud
139 920 254 945 certum
271 920 324 951 est,
341 926 375 945 ex
395 917 442 945 his
469 918 611 945 nonnulla
637 926 701 946 esse
728 918 784 953 bis,
799 920 880 946 terve

41 962 183 997 repetita,
201 962 334 997 quaedam
352 962 441 990 etiam
464 962 540 999 typis
558 971 675 990 excusa.
692 963 765 995 Quia
780 965 878 990 tamen

39 1014 75 1033 ex
92 1007 159 1034 sola
177 1007 255 1034 tituli
274 1007 391 1041 notitia,
407 1015 499 1042 eaque
519 1007 610 1040 varia,
627 1009 663 1035 de
678 1009 738 1034 toto
754 1009 879 1035 tractatu

42 1059 104 1078 non
128 1059 290 1087 possumus
316 1052 490 1079 sententiam
510 1052 593 1085 l'erre,
610 1054 639 1079 et
661 1060 753 1079 unum
770 1052 806 1079 ab
823 1051 880 1079 alio

42 1095 244 1131 distinguere,
255 1096 505 1131 quemadmodum
522 1095 552 1123 in
569 1095 636 1123 aliis
649 1095 827 1130 invenimus,
839 1095 881 1123 ita

43 1140 99 1168 tibi
117 1141 237 1175 damus,
254 1148 317 1176 qua!
341 1143 418 1168 certo
435 1140 513 1168 edita
532 1143 602 1168 sunt
616 1140 736 1168 omnino
762 1142 880 1176 printer-

47 1188 170 1217 euntes,
186 1185 225 1212 sit
240 1193 309 1220 ergo
326 1193 333 1212 :

87 1229 159 1257 LIV.
182 1229 271 1257 Pselli
302 1229 375 1257 liber
398 1231 499 1257 Contra
526 1230 704 1262 Eunomium,
729 1231 826 1257 Romae
851 1229 880 1256 in

48 1273 197 1302 Vaticana
213 1276 347 1301 servatur
364 1283 370 1301 :
388 1274 536 1302 Gesnerns
561 1274 590 1301 in
616 1274 805 1307 Bibliotheca,
822 1273 881 1301 Gil-

48 1319 156 1345 bortus
173 1318 352 1345 Gaulminus
371 1318 449 1345 notis
471 1318 500 1345 in
516 1319 653 1346 eumdem
669 1317 734 1355 Περὶ
750 1317 884 1355 ἐνεργείας

49 1362 211 1397 Δαιμόνων,
228 1366 257 1390 et
281 1363 453 1390 Franciscus
478 1363 690 1391 Feuardentius
715 1363 884 1399 prmfatione

51 1407 84 1434 iu
103 1407 180 1435 Petri
202 1407 312 1434 Morelli
340 1408 611 1443 interpretationem
636 1408 770 1443 ejusdem
793 1407 884 1435 libelli

55 1456 97 1480 De
114 1452 297 1480 daemonibus.

88 1497 198 1524 Scholia
212 1497 333 1531 eiusdem
345 1498 374 1524 in
386 1497 486 1525 dictum
498 1497 634 1532 quoddam
646 1497 756 1531 Basilii,
769 1497 882 1532 Roma};

56 1543 209 1569 Gesnerus
224 1541 345 1569 ibidem.

89 1586 216 1622 Epitome
240 1586 377 1613 librorum
401 1586 499 1622 Illoysis
515 1587 544 1613 in
560 1586 576 1613 4
590 1587 643 1614 Ms.
660 1585 689 1613 in
706 1585 886 1614 bibliotheca

55 1630 247 1666 imperatoris
264 1630 377 1658 Viennae
395 1638 401 1659 :
418 1631 575 1658 Gesnerus.

91 1676 219 1711 Dioptra,
241 1675 268 1702 id
295 1677 340 1702 est
365 1676 559 1710 Perspectiva,
583 1674 737 1704 continens
761 1678 887 1712 quatuor

55 1727 212 1747 sermones
229 1720 259 1746 in
271 1719 379 1755 quibus
395 1720 512 1748 animus
523 1722 551 1747 et
565 1728 670 1756 corpus
682 1719 844 1755 disputant,
855 1720 885 1747 in

54 1764 240 1792 bibliotheca.
268 1765 440 1798 Augustana
468 1772 474 1791 :
501 1765 647 1792 Gesnerus
669 1765 724 1800 [36]
748 1767 775 1792 et
799 1765 886 1792 index

55 1812 255 1845 Augustanus
273 1817 280 1836 :
297 1809 371 1836 Plut.
386 1809 413 1841 6.
426 1817 508 1836 num.
526 1810 569 1836 12.
588 1809 650 1836 Ilaec
670 1817 706 1837 an
728 1809 830 1837 eadem
847 1809 886 1836 sit

57 1861 127 1881 eum
146 1852 273 1888 Philippi
293 1853 416 1880 solitarii
442 1854 569 1889 Dioptra,
583 1854 645 1888 jam
670 1853 749 1881 edita
773 1853 885 1887 Latine,

56 1906 117 1925 non
137 1906 258 1933 possum
270 1897 411 1930 divinare,
424 1900 452 1925 et
466 1898 538 1925 forte
553 1897 662 1925 Indicis
678 1899 788 1932 auctor,
801 1897 887 1925 Pselli

55 1943 210 1978 praetentis
235 1943 269 1976 (υ)
299 1941 417 1970 nomine
450 1942 608 1977 deceptus,
637 1944 731 1969 totum
760 1942 887 1977 Dioplrze

55 1995 144 2022 opus,
167 1995 184 2014 a
204 1995 269 2014 vero
295 1986 438 2022 scriptore
463 1986 594 2022 Philippo
621 1986 767 2020 avulsum,
791 1986 886 2014 Psello

55 2031 265 2066 imprudenter
281 2030 369 2058 nimis
384 2031 548 2067 supposuit.
568 2031 692 2067 Philippi
711 2035 806 2059 tamen
823 2039 887 2059 esse

55 2078 193 2112 apparet,
212 2084 277 2103 cum
305 2083 381 2109 eam,
397 2084 431 2103 ex
451 2075 628 2103 bibliotheca
654 2078 823 2111 Augustana
837 2076 887 2103 de-

55 2122 239 2156 promptum,
263 2129 330 2148 cum
353 2119 499 2155 Cabasila,
516 2119 678 2154 Philotheo,
694 2120 806 2148 Joanne
820 2121 887 2148 Car-

54 2165 171 2201 pathio,
188 2167 216 2192 et
231 2164 318 2200 Glyca
339 2164 473 2193 Latinam
489 2164 653 2200 vulgaverit
671 2165 796 2192 Iacobus
812 2165 888 2193 Pon-

935 876 1005 910 Quid
1027 877 1242 912 encyclopedia?
1265 877 1298 904 de
1324 877 1480 904 litterarum
1503 877 1703 910 inventoribus;
1728 876 1761 904 de

933 921 1131 954 Amazonibus;
1145 922 1179 948 de
1188 922 1349 949 nominibus
1363 929 1560 949 mensurarum
1574 934 1581 955 ;
1596 922 1628 949 de
1642 922 1761 950 circulo-

933 973 997 992 rum
1013 965 1118 999 initiis;
1133 973 1196 1001 qua:
1214 966 1332 993 habeant
1351 966 1458 999 cretum,
1477 975 1565 999 mare,
1580 967 1635 997 sol;
1648 966 1681 994 de
1695 971 1761 994 ortu

934 1010 1000 1037 solis
1015 1010 1130 1045 triplici,
1147 1010 1233 1045 deque
1248 1011 1310 1045 igne
1323 1011 1430 1038 caelitus
1445 1010 1480 1037 ad
1493 1010 1656 1046 philosophi
1667 1018 1762 1046 preces

935 1054 1062 1089 delapso;
1077 1054 1111 1081 de
1134 1055 1260 1087 Potidea,
1280 1054 1414 1085 Arcadia;
1440 1063 1473 1082 ac
1494 1055 1646 1090 Aristotele,
1664 1054 1761 1082 Clean-

935 1101 989 1133 the,
1012 1099 1194 1133 Anaxagora;
1209 1099 1240 1126 de
1261 1099 1374 1131 Eubma,
1391 1098 1499 1126 Sicilia.
1516 1098 1664 1127 Gesnerus
1681 1099 1760 1134 item,

935 1143 1057 1178 ejusdem
1070 1143 1103 1170 de
1117 1143 1174 1178 ﬁde
1195 1143 1231 1171 ad
1253 1143 1411 1171 Illichaelem
1435 1144 1552 1176 Ducam,
1563 1144 1664 1180 juncta
1688 1144 1761 1180 ejus-

937 1189 1001 1216 dem
1017 1189 1138 1223 Epitome
1161 1187 1346 1224 philosophiae
1366 1189 1561 1221 Aristoteliam,
1578 1188 1606 1216 id
1629 1190 1668 1216 est
1689 1188 1761 1224 phy-

936 1234 1011 1266 sicm,
1036 1233 1069 1260 de
1099 1233 1277 1268 generatione
1304 1235 1330 1260 et
1357 1234 1542 1269 corruptione,
1567 1234 1601 1261 de
1623 1234 1762 1268 meteoris,

936 1285 1001 1305 cum
1022 1278 1209 1313 supplemento
1224 1278 1352 1312 Gregorii
1375 1277 1484 1305 Nicwnz'
1507 1278 1540 1305 ad
1564 1278 1677 1305 Petrum
1701 1279 1762 1312 fra-

937 1324 1007 1349 trem
1024 1323 1053 1348 in
1070 1322 1096 1356 4,
1111 1329 1162 1348 ms.
1179 1321 1340 1350 bibliotheca
1357 1323 1423 1358 imp.
1443 1323 1562 1350 Vienna.
1579 1322 1660 1349 Idem
1676 1321 1764 1349 habet

939 1366 1027 1394 Israel
1043 1366 1185 1402 Spachius
1204 1367 1234 1394 in
1250 1367 1472 1395 Nomenclatore
1496 1367 1671 1403 scriptorum
1697 1367 1762 1402 phi-

939 1411 1158 1447 losophicorum
1187 1414 1215 1439 et
1243 1411 1497 1447 philologicorum.
1515 1411 1585 1439 Item
1611 1411 1707 1439 Romae
1733 1412 1761 1439 in

939 1455 1117 1483 bibliotheca
1136 1455 1427 1484 Sancto-Silvestrina
1451 1456 1479 1483 in
1507 1458 1604 1483 monte
1620 1455 1762 1488 Quirinali

940 1502 984 1527 est
998 1500 1130 1535 ejusdem
1151 1500 1198 1527 hic
1221 1500 1295 1528 liber
1319 1508 1374 1528 ms.
1391 1500 1499 1533 Grece,
1516 1508 1604 1536 quem
1620 1508 1673 1536 ego
1688 1499 1762 1534 vidi;

941 1544 1045 1572 titulus
1071 1546 1133 1572 erat
1151 1552 1157 1571 :
1179 1542 1292 1570 Ψελλοῦ
1307 1544 1374 1581 πρὸς
1397 1544 1443 1571 τὸν
1471 1543 1584 1581 βασιλέα
1602 1543 1695 1581 κύριον
1712 1546 1764 1570 Μι-

941 1587 1017 1626 χαήλ
1036 1587 1082 1615 τὸν
1107 1590 1210 1615 Λοῦκαν
1227 1589 1277 1625 (ac).
1294 1590 1380 1617 Psclli
1400 1589 1435 1617 ad
1459 1590 1650 1625 imperatorem
1673 1589 1764 1616 domi-

941 1642 1007 1661 num
1026 1633 1186 1661 Michaelem
1208 1634 1326 1665 Ducam;
1341 1634 1435 1670 capita
1456 1636 1549 1662 erant.
1567 1633 1599 1661 α’.
1614 1632 1765 1670 Ὁμολογία

940 1680 990 1712 τῆς
1019 1676 1145 1708 πίστεως.
1178 1678 1210 1715 β’.
1238 1677 1303 1715 Περὶ
1334 1677 1475 1714 ὀνομάτων
1504 1679 1585 1704 τινῶν
1608 1675 1764 1715 λεγομένων

941 1718 966 1746 ἐν
995 1721 1035 1755 τῷ
1059 1721 1113 1746 τῶν
1144 1719 1311 1756 Χριστιανῶν
1336 1718 1462 1756 δόγματι.
1478 1722 1510 1756 γ’.
1528 1717 1592 1756 Περὶ
1618 1718 1763 1745 ἐνυποστά-

940 1774 1004 1791 των.
1034 1762 1068 1791 δ.
1091 1762 1155 1800 Περὶ
1184 1763 1362 1799 Ὀμοουσὶου.
1391 1764 1421 1792 ε’.
1447 1763 1513 1801 Περὶ
1535 1757 1762 1799 Ὅμοϋποστάτου

941 1808 970 1839 ς’.
996 1807 1061 1844 Περὶ
1083 1807 1232 1839 οὐσιώόους
1257 1808 1388 1841 ἒνώσεως,
1415 1807 1460 1834 καὶ
1485 1806 1626 1846 διαφορᾶς.
1644 1807 1675 1841 ζ’.
1699 1806 1765 1843 Περὶ

942 1852 1123 1886 bacarum-7,:
1148 1852 1279 1886 ἓνώσεως,
1308 1852 1351 1880 καὶ
1378 1851 1520 1891 διαφορᾶς.
1546 1852 1581 1886 η’.
1605 1851 1671 1889 Περὶ
1699 1861 1766 1888 σχε-

939 1899 1018 1931 τικῆς
1035 1896 1167 1927 ἑνώσεως.
1184 1898 1216 1928 θ’.
1234 1897 1298 1934 Περὶ
1325 1899 1374 1931 τῆς
1399 1896 1476 1934 ἁγίας
1500 1894 1626 1932 Τριάδος.
1653 1896 1668 1922 ι’
1700 1895 1767 1932 Περὶ

942 1942 998 1978 [37]
1022 1941 1126 1978 τρόπου
1153 1942 1202 1975 τῆς
1232 1940 1404 1972 ἀντιδόσεως.
1436 1944 1478 1969 ια’.
1510 1941 1574 1978 Περὶ
1601 1940 1672 1972 θείας
1699 1940 1768 1967 lvd:-

941 1996 1009 2016 σεως
1027 1986 1072 2019 ιβ’.
1094 1985 1159 2022 Περὶ
1184 1985 1297 2024 φύσεως.
1317 1988 1328 2014 1
1357 1987 1496 2021 Pro/assio
1520 1986 1594 2021 ﬁdei.
1611 1986 1639 2014 2.
1657 1986 1693 2013 De
1708 1986 1770 2021 qui-

942 2030 1055 2058 busdam
1070 2031 1233 2059 nominibus
1248 2031 1278 2058 in
1291 2031 1517 2059 Christianorum
1542 2031 1671 2066 dogmate
1684 2037 1769 2057 usur-

940 2075 1022 2111 patis.
1052 2075 1078 2102 3.
1109 2076 1145 2102 De
1172 2077 1208 2110 (ῃ)
1237 2076 1455 2112 enypostasibus.
1485 2076 1511 2103 4.
1541 2075 1579 2102 De
1611 2074 1766 2102 Homousio.

941 2120 968 2147 5.
985 2120 1021 2147 De
1049 2120 1288 2156 Homohypostato.
1314 2121 1341 2148 6.
1369 2122 1407 2148 De
1434 2120 1576 2148 essentiali
1604 2120 1715 2152 unione,
1741 2120 1769 2145 et

942 2164 1110 2200 (li/ferentia.
1127 2165 1153 2192 7.
1170 2165 1208 2192 De
1231 2165 1405 2201 hypostatiea
1428 2166 1541 2198 unione,
1557 2169 1584 2192 et
1599 2163 1767 2200 diﬂerentia.

56 2212 148 2236 tanus
174 2208 359 2245 Ingolstadii,
375 2217 409 2236 ex
424 2209 615 2245 typographis
631 2209 733 2236 Adami
757 2209 888 2245 Sertorii,
905 2207 928 2240 D
944 2210 970 2246 8,.
989 2211 1031 2236 De
1049 2210 1167 2237 relativo
1190 2210 1302 2237 unione.
1318 2210 1344 2236 9.
1361 2210 1399 2237 De
1422 2213 1519 2237 sancta
1545 2208 1653 2236 Triade.
1672 2208 1712 2235 10.
1730 2207 1770 2234 De

56 2254 139 2288 1604,
157 2253 186 2280 in
201 2254 226 2280 4.

939 2254 1016 2282 modo
1033 2254 1070 2290 la)
1086 2253 1291 2282 retributionis.
1311 2254 1354 2281 11.
1370 2254 1406 2282 De
1429 2254 1523 2282 divina
1545 2253 1660 2288 unione,
1676 2252 1717 2279 12.
1733 2252 1772 2279 De

856 2317 973 2346 ΝΟΤιἘ.

94 2365 131 2398 (a)
146 2365 227 2392 Adde
253 2364 299 2392 his
319 2365 355 2392 ab
378 2365 484 2392 Allatio
500 2365 653 2393 recensitis
670 2366 695 2393 i.
712 2363 829 2398 Σύνοψιν
850 2365 888 2397 εἲς

53 2401 106 2435 τήν
125 2400 333 2438 Ἀριςηςοτὲλρυς
359 2401 481 2438 Λογικήν
498 2409 587 2436 quam
613 2401 709 2429 Graece
728 2404 761 2438 ret
787 2400 888 2430 Latine

55 2437 151 2478 edidit
180 2437 256 2478 Filias
276 2437 605 2478 _Ehip_gerus'Augustas
630 2437 746 2465 Vindel.
764 2438 844 2473 1597,
860 2439 887 2478 ξς,

56 2475 218 2500 observans
235 2473 310 2500 Petri
335 2472 457 2508 Hispani
475 2472 667 2508 summulam,
685 2481 791 2509 magna
807 2476 888 2509 parte

57 2518 92 2536 ex
107 2509 163 2536 hoc
181 2508 266 2536 Pselli
286 2507 427 2544 opusculo
451 2509 571 2545 petitam
598 2517 671 2536 esse.
688 2507 886 2545 2.>ᾙονίρδίαν

55 2545 85 2572 in
104 2545 250 2580 templum
274 2545 387 2579 Sophia:
403 2544 482 2580 Cpol.
500 2548 582 2572 terra:
609 2547 690 2572 motu
704 2544 886 2580 quassatam,

55 2589 146 2616 quam
163 2580 256 2617 edidit
274 2581 400 2608 Allatius
421 2580 498 2607 notis
513 2581 549 2607 ad
565 2580 722 2616 Georgium
739 2581 887 2617 Acropoli-

56 2621 129 2649 tam,
147 2625 175 2651 p.
203 2616 253 2643 28t
281 2625 342 2652 seq.
359 2618 398 2649 3.)
415 2617 502 2643 Breve
527 2624 643 2652 carmen
669 2616 826 2644 iambicum
856 2617 886 2644 in

57 2652 273 2687 depositionem
289 2651 334 2679 ,Ἰοῖ
346 2651 558 2687 Cbrysostomi,
570 2652 721 2687 vulgatum
738 2652 835 2680 Grmce
851 2653 887 2680 ab

59 2660 93 2680 ne
116 2660 273 2680 osmonem
289 2660 334 2679 eo.
346 2660 403 2679 unr
424 2660 558 2683 sosiomi,
570 2660 721 2687 volgatum
738 2660 835 2680 urmce
851 2660 887 2680 ao

59 2661 164 2716 Mattio
186 2688 216 2714 in
241 2688 384 2723 excerptis
398 2660 522 2715 ὅτεων.
539 2688 740 2724 sophistarum
765 2696 798 2715 ac
822 2689 887 2716 rhe-

58 2727 170 2757 torum,
197 2732 225 2758 p.
251 2723 313 2751 400.
341 2724 425 2752 Rom.
443 2723 522 2757 1648,
538 2724 564 2751 8.
587 2724 666 2751 Idem
692 2732 726 2752 ex
751 2724 887 2753 Oratione

57 2760 171 2788 inedita
194 2759 230 2787 ad
251 2759 478 2788 Constantinum
500 2759 726 2788 Monomschum
750 2760 887 2796 producit

944 2365 1096 2400 nonnulla,
1114 2375 1142 2402 p.
1161 2366 1222 2400 102,
1241 2366 1278 2394 De
1301 2366 1486 2394 recentiorum
1513 2367 1674 2393 Grecorum
1701 2366 1769 2392 tem-

963 2403 1008 2430 lis.

941 2411 1016 2473 pugn.)
1032 2437 1127 2465 Etiam
1151 2437 1207 2465 hoc
1231 2437 1329 2472 ipsum
1349 2445 1383 2465 ex
1406 2438 1572 2473 temporum
1601 2435 1766 2473 rationein

944 2471 1066 2501 dubium
1083 2480 1175 2506 vocat,
1193 2471 1287 2509 neque
1302 2471 1477 2509 persuadere
1489 2472 1548 2509 sibi
1562 2473 1667 2509 potest
1690 2471 1767 2509 Alia;

943 2510 1013 2545 tius,
1040 2508 1128 2536 Mich.
1155 2507 1281 2537 Psellum
1302 2507 1340 2536 'in
1368 2508 1493 2544 Philippi
1520 2507 1768 2545 ηιιὶλᾼποηΗοῦ

943 2543 1061 2580 scripsit
1092 2544 1240 2579 Dioptram
1270 2545 1424 2581 praefatum
1447 2543 1555 2572 luisse.
1582 2543 1654 2571 Vide
1679 2543 1766 2576 intra,

943 2589 1006 2616 cap.
1024 2581 1205 2615 antepenuit.

978 2614 1018 2652 (π)
1034 2614 1101 2643 Hoc,
1109 2616 1251 2651 scriptum
1268 2615 1359 2644 habes
1374 2615 1451 2643 infra
1465 2615 1500 2644 ad
1517 2614 1625 2642 calcem
1643 2622 1755 2650 praisen

942 2652 981 2679 tis
997 2651 1138 2679 diatribae.

977 2688 1017 2723 (y)
1034 2688 1109 2722 Lege
1125 2695 1132 2715 :
1148 2687 1326 2723 enypostatts.

977 2721 1016 2758 (ὲ)
1031 2721 1209 2751 Vertenduin
1239 2725 1324 2751 erat:
1347 2722 1380 2751 de
1407 2722 1487 2751 modo
1512 2721 1766 2750 communicationis

952 2759 1114 2787 diomatum.

941 2760 1114 2787 idiomatum.
