1937 3050
179 93 236 123 487

886 79 1025 110 LEONIS
1047 77 1202 109 ALLATII

1823 73 1879 104 488

178 158 301 189 natibus,
313 164 358 188 ea,
370 161 436 191 quae
451 153 521 182 sunt
535 148 681 186 Hippolyti
705 146 845 177 Thebani,
871 145 1004 173 tribuant
1018 157 1045 189 Α
1060 144 1189 172 locutum
1207 142 1447 176 familiarissime,
1472 149 1593 177 suisque
1615 140 1771 176 legationis
1791 140 1875 167 ﬁnem

180 201 346 239 Hippolyto,
363 197 516 227 Portuensi
532 196 680 231 episcopo,
696 192 936 226 substituantque
951 197 1003 225 pro

180 233 318 276 Thebano
331 247 532 272 Portuensem.
549 240 652 268 Verum
676 235 846 265 Portuensis
862 234 916 262 sub
941 233 1005 260 Ale-

180 292 293 320 xandro
308 289 495 324 imperatore,
512 292 587 312 anno
601 283 712 311 scilicet
726 280 834 308 Christi
848 279 910 314 229,
928 286 1004 305 mar-

181 337 291 372 tyrium
301 323 407 370 passus
422 333 476 359 est.
487 329 612 364 Estergo
621 326 835 362 Metaphrastes
844 323 1004 359 antiquior,

184 366 250 409 c'um
261 366 374 413 Me-tapb
380 379 465 404 rastae
479 371 660 401 Simeonisin
669 369 811 397 Chronico
822 367 931 395 mentio
943 366 1004 401 ﬁat,

183 428 211 453 et
222 410 391 460 suspicione
401 420 533 456 ipsorum
542 425 600 445 una
612 423 678 443 cum
689 413 843 449 discipulis
860 410 1005 447 apostolo-

183 476 250 496 rum
266 456 373 495 floruit.
395 465 497 491 Plures
510 463 572 498 jam
598 460 643 488 hic
663 458 877 493 Metaphrastas
904 456 1005 491 partu-

183 513 268 545 rient,
286 510 416 539 omnium
433 511 530 535 tamen
547 503 782 533 recentissimum
795 500 878 528 Vitas
890 504 1004 528 sancto-

181 565 247 584 rum
263 554 418 590 scripsisse
433 553 541 579 dicent.
558 552 647 585 Nugas
663 549 692 575 et
706 545 833 574 somnia.

215 601 286 628 XVI.
302 588 514 634 Metaphrastes
527 594 643 622 Simeon
667 592 773 619 unicus
795 591 868 623 esto,
897 588 1004 616 Theba-

179 653 235 673 nus
251 653 267 672 a
282 632 449 672 Portuensi,
466 640 508 668 uti
533 641 578 667 est
595 636 768 673 Hippolytus
793 635 927 662 diversus
943 632 1004 660 exi-

180 690 325 723 stimetur;
347 690 375 715 et
393 694 445 714 nos
469 691 612 720 perquam
627 682 753 709 obscura
777 679 858 706 illius
874 680 1006 713 tempora

181 737 209 762 et
223 733 289 761 vitae
304 720 473 759 institutum
490 727 609 756 aliunde
624 734 713 761 quam
730 733 746 751 a
761 726 890 758 tempore
907 720 1005 754 Pselli,

181 780 220 812 et,
232 778 257 805 si
274 776 334 804 ﬁeri
352 777 458 812 potest,
475 774 511 800 ab
526 772 627 800 eodem
646 769 734 797 etiam
749 767 944 802 Metaphraste
961 765 1004 792 in-

181 809 458 858 quiramus.Auctor
467 817 540 844 Vitas
561 818 669 843 sanctae
687 812 860 841 Theoctistas
887 809 1003 844 Lesbius,

1058 189 1251 221 fortunatum,
1268 187 1304 215 ob
1320 195 1444 222 eamque
1459 194 1582 214 munera
1598 186 1634 213 ab
1649 185 1826 221 imperatore
1841 193 1878 211 rc-

1058 233 1211 269 portanda,
1227 231 1418 268 praesagiente
1434 231 1532 259 divino
1556 230 1606 258 illo
1630 238 1711 263 sene,
1736 229 1853 257 audisse
1869 238 1875 256 :

1059 280 1126 313 post
1150 277 1314 304 absolutam
1345 276 1572 312 navigationem,
1588 274 1743 303 scribendo
1761 281 1804 309 ea,
1820 282 1879 309 quas

1059 321 1171 349 viderat
1186 324 1214 349 et
1242 321 1386 353 audierat,
1416 323 1559 356 praecepta
1587 319 1668 347 senis
1694 318 1878 354 adimplesse.

1061 365 1115 393 Illa
1129 374 1194 400 ergo
1225 368 1397 401 tempestate
1426 365 1550 399 vivebat,
1578 372 1644 392 cum
1668 363 1779 391 Arabes
1806 363 1880 398 {Egel

1060 410 1186 444 insulas,
1203 412 1231 437 et
1254 418 1320 437 oras
1345 409 1461 437 Graeciae
1490 409 1653 437 maritimas
1691 416 1749 436 non
1777 407 1880 435 infelici

1061 457 1175 488 eventu,
1194 454 1301 481 misera
1315 456 1414 482 tamen
1429 454 1544 482 Gracia
1560 453 1727 481 calamitate
1749 460 1782 479 ac
1804 451 1880 479 clade

1061 498 1239 526 afﬂixerunt.
1256 499 1311 526 Sed
1329 502 1400 526 tunc
1426 497 1627 534 potissimum,
1643 505 1711 525 cum
1731 497 1762 524 in
1779 497 1880 524 Arabas

1061 542 1156 571 classe
1172 551 1206 571 ac
1224 544 1298 571 l‘erro
1322 542 1481 576 Himerius,
1498 542 1562 578 ipse
1586 542 1673 570 verbo
1697 549 1731 568 ac
1755 541 1878 568 muneri-

1062 587 1117 615 bus
1130 588 1340 623 expugnandos
1356 587 1492 620 mittitur,
1508 589 1579 615 tunc
1599 594 1665 614 cum
1691 585 1822 613 nondum
1846 585 1878 612 ad

1061 632 1251 668 scriptionem
1276 633 1408 660 animum
1435 631 1602 667 adjecisset.
1620 631 1675 658 Sed
1693 631 1750 658 ista
1765 637 1878 657 evenere

1060 677 1244 713 temporibus
1269 677 1376 704 Leonis
1405 676 1564 712 Sapientis,
1588 675 1690 703 Basilii
1721 674 1879 702 Macedonis

1060 721 1123 754 lilii,
1154 721 1177 748 si
1207 721 1347 755 Cedreno,
1385 720 1579 757 Curopalataa,
1612 719 1732 747 Zonaras
1762 717 1878 754 aliisque

1059 766 1208 794 historicis
1236 766 1344 794 Graecis
1371 766 1443 793 ﬁdes
1472 765 1609 793 habenda
1634 767 1689 792 est.
1717 763 1791 799 Ergo
1815 764 1879 790 tunc

1061 811 1179 838 Simeon
1190 811 1245 838 iste
1260 810 1621 846 Metaphrastes,Vitarum
1636 807 1878 844 scriptor,ﬁoruit.

179 843 360 902 Eippomano
371 866 399 892 et
415 862 511 893 Surio.
538 861 571 896 (j)
588 859 711 894 aliisque
730 857 794 885 sine
809 855 868 884 ulla
887 854 1006 882 hmsita-
1023 843 1045 875 Β
1061 855 1234 882 muneribus
1248 863 1281 882 ao
1297 843 1491 891 dignitatibus
1504 857 1618 881 auctus.
1636 853 1670 881 Et
1691 843 1714 880 si
1730 852 1799 888 quid
1818 860 1878 880 eon-

180 901 269 943 tione,
285 909 421 945 quamvis
437 906 534 934 nescio
550 904 621 940 quid
637 903 672 931 ad
684 903 828 929 incertum
855 901 1002 927 auctorem

180 943 374 987 transmittat,
390 950 604 987 Metaphrastes
628 947 675 975 hic
700 948 756 974 est.
777 943 1003 980 Comprobatur-

184 1008 242 1036 que
256 997 421 1028 certissimo
445 995 540 1032 ipsius
567 992 654 1021 Pselli
682 990 861 1019 testimonio.
890 987 1004 1015 Psellus

187 1052 325 1079 namque,
338 1043 408 1070 dum
425 1041 454 1068 in
466 1039 695 1075 Metaphrastem
716 1043 836 1068 canone,
857 1041 1003 1061 commen-

181 1089 307 1116 tationes
317 1087 514 1122 Metaphraste
534 1083 676 1115 insinuat,
694 1079 796 1108 scribit
810 1078 894 1106 illum
911 1076 1004 1104 consi-

181 1133 221 1161 lio
237 1136 325 1169 atque
341 1131 454 1159 monitu
467 1128 544 1156 Parii
565 1127 744 1155 anachoreta:
761 1131 869 1151 munus
885 1129 1002 1158 aggres-

182 1186 249 1206 sum
265 1165 423 1208 scribendi,
441 1174 567 1210 primum
589 1171 720 1199 omnium
737 1167 915 1203 colloquium
932 1165 1004 1192 illud

180 1221 425 1257 composuisse,et
435 1209 609 1246 Theoctiste
622 1214 744 1249 virginis
759 1213 848 1240 vitam
865 1209 1005 1257 graphice

180 1252 340 1294 admodum
366 1252 535 1293 celebrasse,
553 1261 611 1288 Ode
626 1260 653 1286 6.
676 1258 714 1285 Τὸ
739 1255 847 1294 πρῶτόν
872 1265 919 1281 σου
940 1252 1004 1290 σύγ-

181 1319 298 1348 γραμμα
324 1308 353 1334 ἐκ
381 1306 514 1344 Ηρονοίας
543 1304 635 1338 θέικῆς
654 1325 661 1338 ,
688 1302 733 1329 καὶ
768 1299 879 1336 ὁμιλίας
911 1299 1006 1336 γέγονα

180 1356 229 1381 τοΰ
252 1354 326 1390 ἱεροὖ
350 1350 502 1389 “paciﬁcos
517 1349 562 1376 καὶ
580 1349 724 1385 novae-:05,
741 1344 854 1381 Συμεὼν
872 1343 1004 1377 θεσπέσιε,

183 1399 212 1426 ’ὸν
230 1398 255 1425 ἐν
271 1387 354 1435 Πάρῳ
373 1387 413 1433 ’τῇ
435 1396 511 1431 νήσῳ
524 1393 704 1430 τεοεώρηκας.
721 1392 764 1424 Et,
782 1389 874 1425 Ἀξίως
889 1387 1005 1424 ἐξύμνη-

181 1454 229 1474 σας
247 1446 297 1477 τῆς
323 1438 439 1470 Λεσϐίοις
469 1439 501 1466 τὰ
531 1437 646 1474 Λαμπρὰ
672 1435 717 1463 καὶ
747 1437 804 1466 θεῖα
830 1432 1006 1470 ἀγωνίσματα

181 1487 343 1521 Θιογτίστης
359 1489 409 1520 τῆς
424 1483 509 1515 ὅντως
519 1482 674 1520 ἀγγελιχδν,
690 1481 787 1517 μιν,ροῦ
799 1480 844 1505 καὶ
860 1477 1004 1513 ἀσώματον

1055 900 1171 936 jectura
1199 899 1337 934 augurari
1352 899 1430 933 licet,
1448 899 1566 926 Simeon
1582 898 1631 925 ille
1646 906 1664 925 a
1680 896 1800 925 secretis
1822 897 1872 924 sub

1060 944 1114 972 hoc
1131 942 1636 979 Leone,quiaurumaRhodophyllo
1644 941 1778 970 relictum
1794 941 1874 968 Leoni

1057 988 1204 1024 Tripolitze
1219 988 1321 1016 infami
1336 991 1468 1024 apostate
1483 987 1639 1020 obtulerat,
1657 989 1690 1014 ut
1704 994 1771 1014 eum
1786 986 1820 1013 ab
1831 993 1874 1013 ex-

1058 1034 1133 1061 cidio
1146 1033 1401 1061 Thessalonicensi
1413 1035 1565 1066 averteret,
1574 1032 1700 1067 ideoque
1711 1031 1746 1057 ab
1761 1030 1876 1066 impera-

1058 1081 1119 1106 tore
1135 1078 1286 1114 patriciiet
1296 1077 1443 1105 secretarii
1458 1077 1588 1112 primarii
1606 1075 1802 1112 dignitatibus
1812 1082 1873 1102 con-

1058 1123 1220 1155 decoratas,
1236 1122 1335 1150 nullus
1343 1122 1418 1150 alius
1428 1124 1574 1157 est,quam
1588 1120 1769 1149 Simeonisle
1785 1122 1875 1147 noster

1059 1167 1278 1202 Metaphrastes,
1306 1167 1357 1202 qui
1382 1166 1547 1202 Logothctaa
1563 1166 1683 1193 nomine
1698 1174 1716 1193 a
1730 1163 1831 1198 Psello,
1847 1166 1875 1191 ut

1060 1212 1192 1239 dicemus
1208 1211 1342 1246 inferius,
1359 1214 1387 1239 et
1401 1211 1437 1239 ab
1453 1211 1520 1238 aliis
1533 1210 1702 1245 insignitur.

1096 1256 1184 1283 XVII.
1215 1256 1429 1291 Metaphrastes
1444 1263 1512 1291 ergo
1545 1255 1662 1283 Simeon
1695 1253 1873 1290 scriptionem

1060 1309 1181 1330 exorsus
1196 1303 1241 1328 est
1256 1301 1310 1328 sub
1323 1301 1425 1335 Leone,
1437 1303 1465 1328 et
1476 1300 1531 1328 sub
1545 1299 1739 1328 Constantino
1756 1298 1874 1333 Porphy-

1061 1347 1228 1381 rogenneta,
1243 1345 1345 1373 Leonis
1361 1344 1430 1379 filio,
1454 1347 1482 1371 et
1507 1346 1612 1380 nepote
1632 1344 1772 1377 Romano,
1796 1345 1874 1370 aetate

1060 1390 1148 1418 etiam
1163 1389 1226 1424 ipse
1242 1389 1421 1425 provectiore
1437 1388 1565 1417 assiduis
1582 1388 1732 1416 laboribus
1749 1386 1872 1415 absolve-

1060 1435 1125 1468 hat;
1143 1437 1174 1462 ut
1188 1442 1222 1461 ex
1243 1433 1323 1461 illius
1339 1433 1469 1461 oratione
1489 1433 1525 1460 de
1549 1432 1749 1468 exportatione
1775 1439 1872 1459 manus

1061 1479 1167 1506 dextrae
1196 1478 1317 1506 Joannis
1333 1477 1466 1513 Baptista:
1491 1477 1568 1513 apud
1603 1477 1815 1513 Lippomanum
1848 1477 1872 1502 et

179 1519 329 1566 τελεσάσηξ
350 1529 494 1566 πανσόφως
520 1519 740 1561 τδνπθλίτευμα.
770 1525 797 1551 Id
824 1526 888 1551 est:
907 1523 1003 1550 Prima

1104 1523 1178 1550 rium
1193 1522 1232 1558 (ιἐ)
1249 1522 1344 1558 colligi
1367 1522 1481 1557 poterit.
1508 1522 1552 1549 Ait
1576 1521 1657 1549 enim
1682 1529 1716 1549 ea
1729 1522 1811 1548 aetate
1825 1519 1874 1547 sub

179 1582 228 1605 tua
242 1576 437 1604 commentatio
447 1583 484 1601 ca:
502 1573 599 1601 diuina
623 1570 802 1599 Providentia
826 1570 850 1595 et
871 1567 1003 1602 colloquio

179 1623 255 1657 facta
277 1623 313 1648 est
330 1620 406 1647 sacri
429 1619 504 1646 senis
532 1619 558 1645 ct
585 1614 771 1646 anacllorelae,
788 1613 900 1640 Simeon
913 1610 1003 1638 admi-

181 1666 290 1697 rabilis,
307 1673 387 1700 quem
405 1665 434 1690 in
463 1663 535 1690 Paro
557 1661 651 1688 insula
674 1657 855 1693 conspexisti.
881 1656 926 1689 Et,
953 1658 1004 1682 Pro

182 1710 322 1744 dignitate
347 1708 454 1736 laudati
482 1706 585 1734 Lesbix
601 1704 723 1732 illustria
745 1704 771 1730 el
795 1701 890 1729 divina
911 1703 1003 1727 certa-

183 1756 270 1787 mina,
289 1762 349 1781 uere
365 1752 536 1783 Thcoclislw,
552 1759 568 1777 a
586 1750 639 1777 Dan
658 1748 814 1783 fabricatae,
838 1752 902 1780 quae
920 1751 1004 1779 ange-

183 1799 266 1826 licam
280 1802 305 1826 cl
320 1799 427 1826 tantum
441 1805 496 1824 non
519 1796 710 1828 incorporeum
734 1791 851 1819 absolvit
867 1789 1006 1824 sapienter

181 1845 249 1872 vita
263 1843 411 1870 rationem.
429 1841 459 1868 In
476 1840 531 1867 hac
547 1841 645 1866 autem
671 1835 840 1872 scriptione,
864 1837 892 1862 et
917 1832 1004 1861 collo-

180 1889 284 1924 quium
312 1886 391 1914 senis
417 1886 445 1912 in
472 1885 554 1918 Paro,
579 1885 606 1910 et
637 1881 872 1910 adhortamenta,
894 1880 923 1906 et
946 1878 1006 1904 vita

179 1932 361 1960 Theoctistes
378 1938 428 1966 pro
440 1928 560 1956 humani
575 1926 683 1962 ingenii
697 1925 839 1952 tenuitate
855 1929 1005 1959 exponun-

179 1980 237 2004 tur.
257 1977 280 2003 A
295 1965 408 2002 ratione
424 1981 492 2009 ergo
506 1973 620 2000 alienus
636 1973 724 2003 esset,
743 1969 912 2005 quicunque
933 1965 1005 1994 scri-

181 2023 265 2057 ptum
281 2020 335 2047 hoc
352 2018 557 2053 Metaphrastaa
573 2023 636 2043 esse
649 2014 810 2049 genuinum
839 2012 1006 2047 denegaret.

183 2055 220 2092 At
232 2064 261 2092 in
277 2064 332 2091 hoc
346 2063 409 2090 vitae
425 2061 594 2089 institutum
611 2059 755 2095 ejusdem,
771 2059 800 2084 et
825 2055 918 2083 aetatis
937 2057 1009 2083 tem-

183 2118 255 2146 pora
266 2109 352 2145 plane
369 2110 397 2135 et
411 2107 474 2134 sine
500 2104 570 2133 ullis
598 2102 772 2138 ambagibus
795 2102 1007 2136 proponuntur.

183 2144 301 2181 Frustra
317 2152 417 2187 itaque
432 2159 466 2178 ex
491 2150 557 2182 alio,
575 2156 628 2176 nec
654 2147 691 2175 ab
721 2147 782 2182 ipso
813 2145 959 2178 Simeone,
975 2144 1010 2172 de

189 2199 335 2232 Simeone,
346 2194 550 2224 testimonium
561 2191 739 2228 quwrimius.
753 2191 905 2218 Discumus
916 2197 982 2217 vero
993 2197 1009 2215 a
1027 2211 1047 2243 Ο

184 2244 331 2277 Simeone,
347 2249 414 2270 eum
429 2248 487 2268 non
512 2248 529 2266 a
552 2237 686 2265 ducenda
701 2243 789 2263 uxore
805 2233 1006 2267 abhorruisse,

186 2288 235 2316 sed
253 2296 287 2315 ex
303 2287 355 2314 illa
376 2286 483 2313 liberos
498 2283 586 2311 etiam
610 2288 788 2318 procreasse,
814 2278 1009 2314 civilibusque

188 2332 361 2360 muneribus
378 2331 522 2361 functum,
545 2329 615 2355 tunc
635 2326 755 2353 demum
778 2332 844 2351 cum
870 2323 1007 2355 Ilimerio,

189 2376 389 2404 ducendarum
407 2373 557 2410 copiarum
571 2368 891 2407 peritissimo,legatum
904 2367 960 2402 [12]
972 2367 1007 2394 ad

188 2420 311 2455 Arabas,
328 2419 378 2455 qui
407 2419 520 2446 Cretam
552 2415 730 2446 invaserant,
748 2412 871 2440 missum
894 2412 1007 2439 fuisse:

187 2468 225 2497 et,
240 2473 308 2492 cum
331 2471 388 2491 non
415 2462 517 2490 liceret
543 2468 595 2495 per
624 2460 725 2486 ventos
751 2456 886 2490 ulterius,
902 2456 1009 2483 Parum

187 2509 389 2544 adnavigasse,
405 2509 434 2534 et
455 2513 523 2533 cum
547 2512 617 2531 sene
635 2502 684 2530 illo
706 2501 882 2529 anachoreta
902 2508 1009 2536 cogno-

188 2554 276 2588 mine,
292 2561 309 2581 a
332 2560 389 2588 quo
417 2553 446 2578 et
475 2557 521 2577 res
548 2550 646 2585 gestas
673 2546 839 2574 Theoctites
865 2553 899 2573 ea
910 2544 1009 2572 condi-

188 2598 278 2632 tione,
294 2599 326 2625 ut
336 2595 435 2624 omnia
450 2593 569 2630 scriptis
585 2592 749 2626 mandaret,
764 2591 942 2627 perceperat,
953 2589 1010 2618 col-

1058 1567 1246 1596 Constantino
1263 1569 1291 1594 et
1307 1567 1437 1594 Romano
1454 1565 1686 1602 imperatoribus
1701 1574 1718 1593 a
1731 1565 1802 1592 Jobo
1816 1564 1874 1591 dia-

1057 1621 1129 1640 cono
1147 1620 1266 1639 manum
1282 1610 1436 1638 Antiochia
1448 1610 1618 1646 Byzantium
1636 1610 1764 1637 delatam
1780 1608 1872 1636 fuisse.

1058 1657 1089 1684 Id
1107 1659 1201 1684 autem
1220 1656 1275 1683 sub
1292 1655 1377 1683 dictis
1393 1655 1619 1690 imperatoribus
1635 1654 1767 1682 evenisse
1777 1652 1872 1680 confir-

1059 1703 1142 1729 mant
1162 1701 1310 1728 Cedrenus
1339 1702 1367 1728 et
1393 1701 1519 1728 Zonaras
1547 1699 1577 1727 in
1605 1698 1797 1726 Constantino
1820 1697 1875 1724 Por-

1063 1745 1293 1781 phyrogenneta.
1635 1771 1638 1774 I

1095 1789 1194 1817 XVIII.
1211 1791 1294 1816 Errat
1313 1796 1380 1824 ergo
1397 1789 1544 1816 Gerardus
1560 1788 1693 1822 Vossius,
1709 1789 1737 1815 et
1752 1786 1808 1819 alii,
1825 1784 1871 1821 qui

1060 1836 1165 1872 putant
1187 1834 1351 1862 Simeonem
1371 1833 1598 1869 Metaphrastem
1615 1833 1671 1860 sub
1692 1830 1870 1860 Constantino

1060 1881 1149 1914 Duca,
1158 1878 1201 1906 vel
1212 1878 1315 1906 saltem
1325 1879 1402 1906 circa
1412 1886 1447 1905 ea
1454 1880 1584 1913 tempora
1591 1877 1743 1905 ﬂoruisse:
1755 1882 1874 1903 errasse-

1061 1931 1117 1959 que
1134 1923 1290 1950 Baronium
1307 1925 1335 1950 et
1350 1922 1574 1954 Bellarminum,
1600 1930 1668 1949 cum
1698 1920 1823 1950 Simeon.
1848 1920 1875 1945 ut

1061 1969 1185 1995 Vossius
1202 1967 1262 2003 ipse
1277 1969 1370 2003 putat,
1386 1967 1521 1994 ducentis
1537 1966 1623 1994 annis
1640 1964 1781 2001 posterior
1804 1962 1872 1990 vixe-

1063 2012 1111 2044 rit,
1125 2020 1213 2047 quam
1230 2011 1271 2038 illi
1285 2011 1501 2040 existimarunt.

1098 2056 1169 2084 XIX.
1186 2056 1334 2088 Quantum
1350 2059 1489 2091 praeterea
1504 2054 1674 2082 immaniter
1688 2052 1873 2081 hallucinatus

1065 2101 1102 2129 sit
1119 2100 1328 2136 Hospinianus,
1345 2100 1414 2127 dum
1432 2100 1647 2135 Metaphrastas
1663 2102 1690 2126 et
1713 2096 1819 2125 Psellos
1829 2102 1873 2131 pro

1065 2145 1217 2178 arbitratu,
1238 2148 1270 2172 ut
1285 2144 1325 2171 ita
1339 2144 1434 2172 dicam
1445 2144 1612 2180 discerpsit,
1622 2142 1802 2179 [13]abunde
1810 2139 1874 2168 satis

1067 2189 1195 2217 ostendit
1210 2189 1337 2217 Jacobus
1354 2189 1508 2217 Gretserus
1536 2189 1574 2216 De
1603 2187 1771 2223 imaginibus
1798 2190 1874 2212 manu

1062 2242 1117 2262 non
1131 2234 1221 2270 factis,
1237 2242 1261 2261 ο.
1288 2234 1330 2260 19.
1361 2234 1513 2262 Conferam
1538 2236 1567 2261 et
1595 2242 1630 2261 ex
1655 2241 1719 2260 meo
1735 2227 1873 2261 nonnulla,

1063 2281 1167 2315 praeter
1178 2279 1240 2314 jam
1257 2278 1346 2314 dicta,
1359 2279 1394 2306 ad
1413 2286 1540 2306 messem
1558 2280 1618 2304 tam
1635 2277 1797 2310 uberem,ut
1809 2271 1874 2300 veri-

1062 2325 1108 2351 tas
1134 2323 1243 2351 clarius
1269 2323 1428 2351 elucescat.
1452 2323 1517 2350 Fuit
1550 2321 1759 2356 Metaphrastes
1779 2326 1832 2345 non
1847 2315 1872 2350 (ll

1063 2368 1188 2395 trivialis
1203 2366 1454 2403 Constantinopoli
1473 2366 1686 2402 ludimagister,
1711 2363 1760 2392 sed
1779 2367 1874 2398 genere

1065 2411 1162 2440 clarus
1178 2411 1285 2439 illustri
1302 2411 1414 2439 familia
1431 2414 1528 2444 natus,
1545 2410 1654 2438 divitiis
1671 2407 1828 2445 abundans,
1845 2404 1870 2430 in

1065 2456 1336 2492 aulaimperatoris
1352 2456 1486 2491 celebris,
1512 2464 1529 2483 a
1553 2454 1672 2483 secretis
1701 2456 1729 2481 et
1754 2448 1874 2480 consiliis

1065 2501 1190 2535 intimis,
1207 2503 1235 2528 et
1251 2503 1317 2536 post
1332 2503 1456 2529 mortem
1472 2500 1560 2528 etiam
1577 2498 1726 2527 miraculis
1751 2492 1874 2523 illustris.

1065 2544 1177 2573 Psellus
1202 2545 1231 2572 in
1251 2535 1394 2573 eumdem
1412 2554 1419 2573 ζ
1434 2544 1484 2573 Καὶ
1508 2543 1573 2581 τόγι
1597 2541 1819 2579 θαυμασιώτερον,
1838 2535 1875 2562 ὅτι

1065 2588 1218 2626 καῖγένους
1247 2588 1276 2616 εὖ
1305 2587 1391 2626 ἔχων,
1419 2589 1465 2616 καὶ
1492 2588 1526 2616 τὰ
1553 2589 1602 2622 τῆς
1630 2585 1750 2616 εὐκλείας
1777 2581 1875 2612 οἷόιοθεν

985 2648 1007 2677 Ν
1012 2648 1091 2676 OTIE

242 2705 256 2739 ἱ)
271 2704 313 2732 Ad
330 2703 363 2731 10
378 2701 532 2739 Novembr.

242 2705 256 2739 ⁸)
271 2705 313 2732 Ad
330 2705 363 2731 10
378 2705 520 2730 Novembr

227 2705 266 2779 δι)
282 2740 324 2770 Ad
336 2739 371 2769 29
384 2737 520 2777 Augusti.

1103 2697 1135 2734 (ι)
1151 2696 1256 2726 Confer
1274 2696 1414 2726 Allatium
1442 2696 1478 2725 de
1504 2695 1577 2724 Nilis
1592 2703 1620 2733 p.
1636 2695 1670 2722 29
1684 2692 1752 2723 edit.
1768 2692 1873 2719 noslrae.
