1937 3050
46 91 104 122 489

668 90 854 120 DIATRIBA
877 91 928 121 DE
951 92 1122 124 PSELLIS.

1700 97 1763 127 490

47 157 228 194 κεκτημένος,
255 157 332 194 βαθεῖ
354 166 383 183 τε
407 154 521 192 πλούτῳ
537 157 643 192 κομῶν,
658 155 703 183 καὶ
720 155 760 187 οἷς
782 154 811 182 ἄν
834 167 876 187 τις

967 167 1070 187 meone
1103 162 1278 197 conscriptis
1303 162 1418 199 aliquas
1453 172 1470 191 θ,
1496 163 1665 198 junioribus
1692 171 1758 191 esse

49 203 116 240 πρὸς
150 200 292 229 παίδευσιν
316 200 506 235 ἀποκνήσειεν.
532 201 565 228 Et
589 201 660 236 quod
681 202 721 229 est
752 201 877 228 admira-

49 249 143 280 bilius,
159 249 187 275 et
204 248 312 282 propter
327 245 397 281 quod
412 246 495 273 illum
519 246 658 280 quispiam
683 246 777 281 magis
791 246 879 281 fuerit

50 292 217 325 admiratus,
237 299 301 318 cum
327 294 393 317 esset
417 297 516 325 genere
539 289 642 324 clarus,
664 292 691 317 et
715 298 750 317 ex
771 291 879 318 illustri

51 336 165 372 familia
181 340 274 368 natus,
294 337 320 362 et
343 334 497 362 abundaret
522 334 639 368 divitiis,
661 338 686 361 et
711 335 745 361 iis
760 342 822 370 qua:
836 343 878 362 se-

51 382 175 418 gniorem
191 380 329 416 eﬂeuerint
344 387 503 414 quempiam
516 380 552 406 ad
567 378 878 414 dtsciplinas,etc.Hinc

52 426 127 453 idem
143 423 259 452 Psellus
274 424 407 459 ejusdcm
423 422 558 450 Ofﬁcium
572 422 828 458 composuit,quod
842 422 877 449 ab

51 468 255 498 ccclesintticis
271 468 301 495 in
316 468 380 503 ejus
397 466 593 499 solemnitate,
611 466 697 494 sicuti
714 467 775 494 ﬁeri
800 468 879 494 amat

52 517 79 542 in
95 514 162 542 aliis
179 513 307 547 Sanctis,
324 513 539 547 decantaretur,
555 512 583 539 in
604 519 637 538 eo
657 511 718 539 Oda
733 511 749 538 3
765 511 878 545 scribit,

52 557 250 595 Ἐνδιαπρέψας
276 556 302 583 ἐν
336 556 437 594 ἀρχαῖς
459 557 520 586 ταῖς
545 558 594 590 τῆς
619 555 692 582 κάτω
721 554 878 592 συγκλήτου

52 604 86 634 ὡς
113 602 182 639 ἀνὴρ
212 600 390 640 βουληφόρος
415 601 446 627 τὸ
467 599 621 636 πολίτὶυμα
647 600 677 626 τὸ
703 600 746 626 σὸν
772 599 877 634 ἐκτήσω

50 648 74 675 ἐν
103 647 244 683 οὐρανοῖς,
270 646 314 674 καὶ
346 646 396 680 τὴν
428 644 483 672 ἅνω
526 643 678 682 σύγκλητον
712 643 877 680 ἐκόσμησας.

54 694 119 722 Cum
135 693 243 720 terreni
257 693 368 719 senatus
384 690 566 725 dignitatibus
588 690 782 718 condecoratus
805 690 877 725 [uis-

51 746 100 771 ses,
116 737 205 765 voluti
220 738 263 765 vir
278 736 465 768 consiliarius,
492 736 558 763 vitm
580 735 716 763 ducenda:
740 734 879 762 rationem

53 784 79 810 in
92 782 168 810 cwlis
190 782 346 818 acquierus,
362 783 388 808 et
410 788 564 816 supernum
583 782 710 807 senatum
731 779 875 807 decorasli.

52 828 190 873 Saepeque
207 825 395 873 Logntbetam
408 824 554 873 nominat.
571 824 629 873 (ille
649 824 745 873 prima
762 833 768 851 :
787 821 876 873 ltléloq
893 841 916 873 B

55 882 98 908 μοι
114 869 251 908 εὔρυθμον
272 868 360 903 δίδου,
377 869 449 907 Λόγε
473 871 551 903 Θεοῦ,
567 868 699 908 εὐφημεῖν
725 869 876 906 ὁρμήσαντι

53 917 95 943 τὸν
122 915 277 953 θεράποντι
303 915 350 942 τὸν
380 915 426 941 σὸν
454 916 587 950 Συμεῶνα
609 914 655 941 τὸν
681 913 878 952 Μεταφραστήν

52 961 94 988 τὸν
109 959 213 997 κυρίως
235 958 385 997 λογοθέτην
411 958 578 996 ἀξιάγαστον.
607 959 695 987 Mctos
719 959 789 986 mihi
812 966 876 986 con-

53 1007 164 1033 cinnum
183 1005 298 1033 Verbum
310 1005 367 1038 Dci,
383 1012 445 1031 cum
456 1004 595 1032 celebrare
604 1004 756 1038 inceperim
768 1011 877 1031 servum

54 1052 130 1078 tuum
155 1050 287 1078 Simeona
318 1049 537 1084 Metaphrastcm,
561 1049 672 1084 proprie
701 1048 876 1082 Logolhetam

55 1095 259 1128 admirabilem,
281 1094 316 1122 Et
340 1093 410 1121 alibi
440 1101 446 1120 ζ
471 1092 682 1130 Εὐφημήσωμεν
707 1092 804 1123 πάντες
828 1091 874 1119 ἐπ-

53 1138 133 1174 αξίοις
178 1138 247 1174 ipsi:
270 1137 315 1164 τὸν
357 1136 438 1175 μέγαν
469 1138 534 1164 Θεοῦ
563 1137 713 1174 θεράποντα
742 1138 875 1172 Συμεῶνα

51 1184 92 1210 τὸν
113 1183 188 1220 ἅγιον
215 1181 378 1219 λογοοὲτην.
415 1182 584 1210 Celebremus
606 1190 700 1210 omnes
733 1182 875 1217 condignis

52 1229 174 1256 cantibus
198 1235 334 1262 magnum
365 1227 413 1254 Dei
444 1235 554 1254 seruum
586 1226 715 1254 Simeona
749 1222 879 1254 sanctum

55 1273 237 1308 Logothetam.
263 1271 329 1299 Fuit
361 1279 429 1307 ergo
455 1271 620 1305 Logotbetaa
643 1271 739 1298 officio
761 1271 875 1307 conspi-

53 1326 133 1350 cuus,
149 1317 229 1353 quod
246 1316 387 1352 quidnam
402 1315 499 1350 fuerit,
516 1315 650 1351 pluribus
666 1315 715 1342 alii
731 1324 875 1351 exponere

53 1365 144 1390 conati
162 1363 234 1389 sunt
251 1369 257 1388 :
274 1369 334 1394 eos,
352 1360 402 1396 qui
420 1359 504 1396 plura
528 1359 684 1394 desiderat,
708 1360 806 1388 videre
822 1369 874 1396 po-

54 1406 127 1434 terit.
144 1406 225 1434 Satis
240 1405 314 1432 mihi
338 1405 394 1432 erit
415 1413 465 1440 pro
487 1404 541 1431 hac
563 1413 593 1432 re
617 1404 792 1432 stabilienda
816 1405 875 1433 ele-

54 1450 217 1487 gantissimi
233 1450 315 1484 item,
333 1458 367 1477 ac
384 1449 616 1485 prudentissimi,
639 1449 707 1477 licet
730 1450 875 1485 sequioris

55 1495 147 1524 seaculi
177 1494 344 1530 scriptoris,
360 1494 482 1521 Joannis
498 1493 633 1521 Cinnami
649 1494 872 1529 testimonium;

54 1540 81 1567 in
96 1548 152 1575 quo
167 1539 320 1573 vertendo,
341 1538 574 1574 illustrandoque
598 1538 649 1566 diu
675 1547 721 1566 mo
745 1547 874 1572 exerceo,

55 1584 257 1620 (m)speroqus
284 1583 414 1610 laborem
438 1583 516 1610 hunc
540 1590 651 1616 meum,
679 1585 796 1618 propter
811 1583 873 1619 pul-

55 1628 228 1656 cherrimam
245 1627 450 1660 bistoriam,ad
466 1626 545 1654 buno
558 1627 634 1654 diem
651 1635 718 1654 cum
732 1630 876 1655 vetustate

55 1672 224 1704 luctantem,
252 1671 325 1699 meis
347 1671 468 1707 vigiliis,
493 1673 521 1698 et
543 1670 703 1699 amicorum
726 1680 825 1707 opera,
850 1674 877 1700 ct

56 1717 170 1753 scopulo
186 1717 218 1744 in
235 1715 425 1751 tranquillum
443 1715 565 1749 illatam,
586 1715 731 1743 historicos
747 1716 877 1744 veritatis

57 1761 191 1791 studiosis
208 1769 268 1788 non
284 1761 433 1796 ingratum
450 1760 592 1787 futurum.
610 1760 636 1787 Is
652 1760 750 1796 itaque
776 1762 875 1790 Histor.

57 1807 178 1834 Romanae
190 1806 243 1833 lib.
261 1813 289 1833 ιν
305 1805 339 1832 de
349 1804 436 1832 rebus
453 1804 544 1840 gestis
568 1804 713 1833 Manuelis
726 1806 876 1840 Comneni,

58 1851 90 1879 de
105 1850 250 1878 Richardo
266 1850 348 1877 Antri
363 1849 483 1877 domino
502 1850 589 1877 verba
605 1849 724 1883 faciens,
753 1850 876 1878 scribit:

56 1895 96 1925 Ὠς
123 1893 152 1922 ὃὶ
178 1897 235 1922 τῶν
265 1892 360 1920 πυλῶν
389 1892 619 1930 ἀλογιστήσιιντες
647 1891 816 1928 Γιϐενάτζιόν
850 1904 878 1920 τε

58 1939 116 1967 αὐτὸ
131 1938 267 1976 ὁμολογία
285 1937 375 1975 ἔσχεν,
391 1937 436 1965 καὶ
456 1938 517 1975 περὶ
541 1939 595 1964 τῶν
621 1936 726 1965 λοιπῶν
752 1939 877 1976 προσιόν-

57 1994 96 2014 τες
123 1983 295 2011 ἐσκέπτοντο.
323 1982 430 2018 Κόμησί
458 1992 487 2009 τε
512 1981 622 2018 ἄλλοις,
651 1982 695 2009 καὶ
722 1981 755 2018 δὴ
780 1983 823 2010 καὶ
839 1985 878 2018 τῷ

59 2027 210 2064 Γυλιέλμου
238 2026 437 2064 Καντζηλαρίῳ
462 2027 658 2064 συγγεγονὼς,
674 2027 702 2054 ὃν
732 2026 880 2065 λογοθὲτην

59 2071 123 2099 sinon
139 2071 168 2099 ἄν
192 2082 235 2102 τις
260 2070 410 2106 ἑλληνίζων
435 2070 514 2108 ἀνὴρ,
537 2070 580 2097 ἐπὶ
603 2070 700 2109 Τράνιν
715 2071 761 2098 σὺν
785 2071 880 2104 αὐτοῖς

57 2116 146 2152 ἦλθεν,
185 2117 224 2148 ὡς
263 2113 389 2143 αὖτοϐοεὶ
429 2116 478 2150 τὴν
521 2114 601 2142 πόλιν
644 2115 877 2154 ἀναρπασόμενος.

58 2162 110 2198 [14]
128 2163 198 2189 Cum
214 2170 275 2190 vero
285 2164 373 2197 parte
394 2162 474 2189 urbis
488 2169 588 2196 parum
609 2165 686 2189 caule
708 2163 877 2190 custodiren-

933 203 1062 238 adjectus
1079 204 1271 233 observarunt
1295 207 1449 242 Baronius,
1473 209 1501 235 et
1512 207 1719 241 Bellarminus,
1734 211 1763 235 et

933 247 994 281 alii,
1010 256 1076 275 cum
1091 249 1143 276 viri
1158 249 1200 277 illi
1218 253 1284 286 post.
1298 252 1444 279 Simeonis
1466 253 1601 287 tempora
1625 251 1761 280 vixerint.

933 293 968 319 At
982 300 1031 320 eas
1045 302 1061 320 a
1079 293 1181 327 Psello,
1198 296 1360 323 recentiore
1385 304 1502 331 nempe,
1527 303 1657 324 annexus
1673 295 1701 322 in
1717 296 1761 324 lu-

933 345 995 364 cem
1012 337 1146 374 vulgatus
1170 339 1308 375 opinatur
1331 341 1463 368 Andreas
1486 340 1636 374 Schottus,
1660 341 1761 376 praefa-

932 380 1011 408 tione
1027 382 1061 408 ad
1079 382 1226 417 lectorem,
1244 385 1273 411 in
1289 385 1408 412 Cantica
1429 385 1620 413 canticorum.
1635 384 1716 413 Unde
1732 385 1761 412 id

932 424 1069 454 habuerit
1084 427 1222 456 Scbottus
1240 426 1300 456 non
1313 429 1417 466 liquet,
1434 430 1488 457 etsi
1503 438 1606 457 verum
1623 430 1662 457 sit
1677 429 1756 458 Psal-

931 469 1004 504 lum,
1022 470 1081 499 sive
1096 472 1240 500 Simeonis
1256 474 1454 508 aemulatione,
1482 474 1541 502 sive
1566 474 1707 511 religione
1731 475 1761 502 in

933 517 1060 547 sanctos.
1079 517 1230 552 perplures
1245 522 1414 547 sanctorum
1431 519 1514 547 Vitas
1530 527 1587 546 non
1599 519 1760 555 ineleganti

933 558 1007 594 stylo
1024 561 1245 589 accuratissime
1261 563 1612 598 descripsisse,utinam,p
1618 563 1762 591 uerilibus

933 605 1115 639 argumentis
1131 605 1314 641 neglectis,in
1329 607 1436 642 quibus
1452 616 1665 643 nonnunquam
1681 609 1762 635 totus

932 655 996 675 esse
1011 648 1136 683 videtur,
1164 650 1193 677 in
1216 650 1282 677 istis
1308 651 1393 678 seriis
1418 652 1635 687 pcrtructaudis
1652 651 1761 687 plures.

933 699 1020 726 quam
1034 692 1111 726 fecit,
1129 692 1217 721 horas
1232 693 1462 730 insumpsissct!
1483 694 1565 722 Illius
1588 694 1617 721 in
1643 696 1761 722 sanctos

933 738 1055 763 conatus
1072 736 1101 764 in
1124 738 1261 774 Cutelogo
1284 747 1406 774 operum
1436 738 1513 766 infra
1532 738 1760 766 recensebimus.

933 790 986 816 IEI
1005 789 1064 817 νη.
1081 789 1196 828 Michael
1209 791 1332 825 Psellus,
1348 791 1491 819 Michaelis
1506 792 1585 819 Ducas
1600 792 1668 828 imp.
1683 799 1761 828 prav—

1057 830 1156 861 ccptor,
1173 827 1265 855 clarus
1280 828 1354 855 circa
1368 837 1415 855 an.
1438 843 1466 847 -—
1483 828 1561 855 1050.
1579 827 1643 855 Alii;

968 869 1040 897 XXI.
1064 870 1179 898 Tertius
1216 871 1271 899 fuit
1302 871 1425 900 Michael
1456 871 1581 905 Psellus,
1608 871 1760 900 Michaelis

932 915 1017 941 Ducas
1034 917 1256 951 prccceptor,qui
1269 917 1395 944 maxime
1411 917 1544 944 omnium
1560 917 1596 944 de
1611 916 1761 952 republica

931 957 1075 986 litteraria
1099 960 1233 992 meritus.
1259 961 1450 989 honorificam
1466 961 1512 988 sui
1533 962 1610 997 apud
1628 964 1762 996 posteros

933 1003 1105 1031 memoriam
1128 1006 1319 1038 consecravit,
1337 1006 1377 1032 ita
1394 1007 1426 1032 ut
1450 1004 1578 1040 reliquos
1604 1004 1677 1032 alios
1692 1006 1757 1040 ejus

931 1047 1120 1082 cognomines
1139 1048 1273 1076 acumine
1306 1049 1427 1085 ingenii,
1466 1049 1641 1077 eruditionis
1666 1049 1760 1084 copia,

930 1091 1127 1126 prol'unditate
1144 1092 1300 1122 scicntiuru
1307 1101 1364 1125 m,u
1372 1101 1493 1129 rgumen
1500 1096 1593 1121 torum
1609 1093 1760 1127 varietate,

931 1135 1120 1164 multitudine
1136 1137 1314 1173 scriptorum
1327 1140 1356 1166 ct
1373 1138 1530 1174 splendore
1543 1137 1642 1174 gloria
1657 1138 1760 1166 obrue-

929 1180 985 1213 rit;
1003 1189 1102 1216 quare,
1125 1181 1250 1210 aliorum
1283 1182 1437 1215 exstincta,
1462 1185 1500 1216 et,
1526 1184 1558 1210 ut
1581 1182 1623 1210 ita
1648 1182 1760 1217 dicam,

930 1225 1083 1253 obliterata
1109 1227 1261 1260 memoria,
1286 1226 1350 1262 ipse
1374 1227 1455 1254 solus
1480 1235 1587 1254 nomen
1603 1226 1675 1254 illud
1691 1234 1752 1254 me-

929 1269 1025 1297 ruisse
1041 1269 1164 1299 videtur.
1179 1270 1225 1297 Sic
1240 1273 1354 1306 poetam
1380 1274 1407 1298 et
1432 1273 1576 1298 oratorem
1594 1278 1662 1298 cum
1678 1270 1752 1298 dici-

930 1322 1007 1348 mus,
1025 1314 1168 1342 Homerus
1183 1315 1269 1342 nobis
1285 1317 1372 1351 atque
1390 1315 1611 1349 Demosthenes,
1627 1315 1661 1342 de
1676 1316 1753 1342 Gre-

930 1358 971 1386 cis
986 1358 1099 1394 loquor,
1116 1359 1216 1387 statim
1233 1368 1297 1387 sese
1312 1360 1448 1394 utl'erunt,
1478 1359 1646 1395 mentisque
1659 1359 1753 1387 oculis

930 1406 1152 1439 repraesentant.

965 1448 1049 1476 XXII.
1074 1448 1141 1476 Fuit
1165 1449 1258 1484 patria
1283 1448 1641 1485 Constantinopolitanus,
1657 1457 1671 1477 e
1687 1457 1755 1477 con-

931 1493 1029 1520 sulum
1045 1501 1077 1520 ac
1094 1493 1283 1529 patriciorum
1300 1494 1446 1529 prosapia,
1470 1494 1606 1529 quamvis
1622 1502 1680 1521 non
1697 1495 1757 1520 tam

931 1537 1006 1565 felici
1024 1538 1220 1573 fortuna.lpse
1236 1538 1265 1564 id
1283 1538 1326 1565 ait
1340 1538 1375 1565 de
1386 1547 1416 1566 se
1429 1538 1458 1565 in
1472 1537 1627 1573 Epitaphio
1640 1537 1758 1566 matris:

929 1584 973 1618 Τῷ
987 1581 1076 1609 τοίνυν
1102 1582 1161 1618 ἐμῷ
1182 1582 1264 1619 πατρὶ
1288 1582 1318 1610 τὸ
1345 1582 1391 1619 μὶν
1416 1583 1517 1614 ἄνωθεν
1542 1581 1619 1619 γένος
1644 1581 1669 1612 ἂς
1690 1581 1757 1608 ὑπάη

929 1637 993 1658 τους
1020 1626 1120 1661 ἀνῆκτο
1149 1626 1193 1654 καὶ
1219 1627 1380 1664 πατρικίους
1399 1636 1405 1642 “
1434 1627 1468 1654 τὰ
1496 1625 1525 1653 δὲ
1565 1627 1622 1654 κατ’
1657 1626 1757 1653 ἐκεῖνον

929 1673 1078 1709 πράγματα
1094 1672 1150 1709 οὐχ
1163 1671 1235 1698 οὕτω
1259 1670 1352 1707 δεξιῶς
1376 1673 1461 1709 εἶχεν.
1489 1672 1580 1700 Patris
1603 1672 1690 1707 igitur
1703 1671 1759 1699 mei

930 1725 1017 1754 genus
1031 1718 1177 1753 antiquum
1192 1717 1226 1744 ad
1242 1717 1365 1744 consules
1381 1721 1406 1744 et
1424 1717 1554 1752 patricios
1573 1716 1757 1752 referebatur,

931 1770 973 1789 res
986 1770 1047 1789 vero
1064 1763 1150 1797 ipsius
1164 1770 1220 1789 non
1235 1762 1320 1789 nimis
1339 1769 1467 1797 prospcre
1484 1769 1512 1789 se
1527 1761 1674 1788 habebant.
1690 1761 1758 1788 Post

932 1807 1005 1834 duas
1030 1806 1160 1834 femellas
1186 1806 1270 1834 tertio
1296 1806 1359 1842 ipse
1393 1808 1489 1841 partu,
1518 1805 1620 1833 multis
1654 1804 1758 1832 matris

932 1850 1079 1886 suspiriis,
1096 1853 1124 1878 et
1139 1851 1174 1878 ad
1201 1851 1293 1878 Deum
1318 1850 1453 1885 precibus
1477 1849 1588 1883 effusis,
1615 1849 1645 1876 in
1662 1848 1759 1876 lucem

932 1895 1038 1923 editur.
1064 1894 1168 1922 Mirum
1191 1897 1248 1930 est,
1274 1895 1351 1930 quod
1375 1894 1404 1921 in
1429 1894 1494 1929 ejus
1518 1895 1583 1922 ortu
1610 1895 1758 1926 narratur,

933 1939 1029 1967 nullas
1044 1948 1112 1967 eum
1128 1939 1270 1975 lacrymas
1283 1939 1559 1975 profudisse,neque
1577 1945 1701 1973 usquam
1713 1945 1762 1973 po-

933 1986 997 2011 stea
1012 1984 1041 2011 in
1054 1983 1189 2011 maximis
1205 1983 1293 2011 etiam
1310 1982 1538 2011 necessitatibus
1555 1982 1695 2018 plorasse,
1709 1982 1760 2018 sed

933 2028 990 2064 [15]
1006 2037 1123 2064 semper
1143 2031 1228 2056 astate
1252 2027 1304 2055 illa
1327 2027 1434 2055 tenella
1457 2027 1540 2055 lzetos
1564 2035 1596 2055 ac
1621 2026 1760 2062 puniceos

933 2074 1032 2101 oculos
1048 2073 1187 2101 habuisse
1203 2081 1209 2100 :
1228 2075 1343 2100 tantum
1361 2071 1503 2108 parentis,
1531 2071 1679 2106 nullisque
1695 2070 1760 2097 aliis

933 2126 1022 2154 quam
1039 2117 1189 2151 maternis,
1201 2117 1235 2144 ad
1253 2126 1316 2153 quae
1333 2117 1376 2144 vel
1392 2125 1448 2144 usu
1469 2116 1513 2144 vel
1530 2115 1673 2144 sententis
1689 2116 1761 2142 lere-

933 2163 1029 2196 bntur,
1045 2163 1186 2190 uberibus
1202 2161 1343 2190 inhiasse.
1363 2161 1570 2197 Quinquennis
1591 2160 1761 2196 praeceptori

59 2209 110 2240 tur,
125 2206 302 2234 Iuvenalium
317 2207 406 2241 ipsum
422 2207 451 2233 in
475 2205 596 2242 ejusdem
620 2206 699 2241 ﬁdem
722 2214 750 2234 se
770 2207 878 2235 dedidit
893 2209 917 2240 Ι)
932 2207 1069 2241 traditur,
1086 2207 1218 2242 adeoque
1234 2207 1354 2234 robusto
1370 2205 1538 2233 studiorum
1557 2205 1672 2240 pondus
1684 2211 1763 2231 exce-

61 2252 124 2278 Hinc
138 2260 186 2287 pro
201 2251 368 2286 occupandis
382 2251 489 2278 exteris
501 2258 563 2278 cum
582 2251 728 2279 comitibus
744 2252 818 2285 aliis,
835 2260 884 2279 nec

61 2305 112 2325 non
126 2297 274 2325 Guilielmi
289 2297 472 2329 Cancellario,
495 2305 575 2332 quem
600 2297 773 2332 Logothctam
789 2297 884 2326 Graeca

63 2343 119 2376 quis
134 2342 230 2377 lingua
242 2342 416 2377 expresserit,
441 2341 590 2368 consilium
610 2341 710 2374 inibat,
733 2344 758 2369 et
774 2342 884 2369 Tranim

63 2393 142 2421 usque
156 2389 215 2414 tum
231 2386 290 2413 illis
304 2386 442 2421 processit,
459 2386 540 2421 quasi
553 2386 643 2420 prima
666 2386 772 2421 impetu
789 2386 884 2414 Urbem

64 2429 216 2465 direpturus
231 2430 342 2465 fuisset.
359 2428 456 2456 Alium
473 2429 562 2464 hujus
577 2428 656 2456 vocis
671 2429 884 2464 signiﬁcatum,

66 2477 215 2510 antequam
230 2474 370 2510 majestas
381 2473 431 2501 illa
446 2473 561 2509 imperii
573 2472 659 2500 statis
674 2476 802 2501 veterum
820 2474 883 2501 ofﬁ-

65 2517 170 2546 ciorum
186 2518 288 2547 formis
304 2517 460 2553 abrogntis,
485 2517 591 2545 exteris
613 2518 807 2545 Barbarorum
822 2527 884 2546 mo.

65 2563 152 2596 ribus,
168 2572 242 2592 nova
257 2562 356 2591 omnia
368 2562 720 2598 approbando,cessisset,
732 2562 794 2599 lege
807 2563 884 2599 apud

64 2606 232 2644 Procopium
248 2607 279 2635 in
294 2608 418 2636 Historia
433 2607 554 2635 Arcana.

97 2651 152 2680 ΧΧ.
176 2652 262 2687 Vitis,
297 2654 331 2680 ut
354 2651 410 2680 hoc
435 2651 525 2679 etiam
550 2650 598 2679 hic
623 2650 718 2680 obiter
739 2654 848 2688 notem,
870 2662 887 2682 ι

939 2252 991 2288 pit,
1009 2253 1042 2278 ut
1058 2251 1170 2278 ludicra
1185 2250 1295 2284 omnia,
1312 2253 1416 2286 praeter
1439 2249 1603 2276 litterarum
1620 2248 1762 2282 studium,

939 2304 997 2332 quo
1028 2303 1216 2331 summopere
1249 2295 1461 2327 delectabatur,
1485 2294 1697 2321 sordescerent.
1723 2292 1762 2319 E3:

939 2340 1020 2368 illius
1036 2340 1172 2367 affectum
1183 2340 1377 2375 ejusdemmet
1387 2338 1482 2366 verbis
1494 2345 1664 2373 expressum
1682 2346 1688 2364 ;
1705 2336 1764 2363 ’Ev-

938 2385 1027 2411 τεῦθεν
1055 2383 1101 2410 οὖν
1126 2384 1143 2418 ἡ
1173 2384 1262 2420 μήτηρ
1287 2383 1355 2420 πρὸς
1385 2383 1418 2409 τὰ
1442 2381 1555 2419 κρείττω
1580 2390 1765 2418 χειραγωγου-

941 2429 1008 2465 μένη
1038 2427 1075 2459 εἵς
1104 2429 1230 2464 πέμπτον
1259 2426 1318 2458 ἔτος
1355 2426 1501 2454 τελέσαντα
1531 2424 1686 2461 διδασκάλῳ
1717 2424 1764 2463 ἑφ-

941 2473 1039 2508 ίστησι.
1056 2473 1107 2501 Καὶ
1131 2473 1164 2507 ἦν
1184 2483 1230 2509 μοι
1254 2472 1284 2499 τὸ
1306 2472 1422 2508 μάθημα
1441 2471 1473 2498 οὐ
1500 2470 1583 2506 μόνον
1597 2470 1629 2497 τὸ
1645 2469 1765 2508 εὐχερὲς,

939 2517 1012 2545 ἀλλὰ
1035 2518 1080 2545 καὶ
1110 2516 1163 2552 ἡδὺ
1186 2517 1239 2544 ἀντ’
1263 2516 1353 2551 ἄλλης
1378 2515 1452 2546 τινὸς
1476 2513 1597 2546 παιδιὰς.
1625 2515 1765 2550 ἸῙνιώμην

940 2564 1017 2600 γοῦν,
1032 2562 1055 2589 εἰ
1071 2563 1103 2598 μέ
1120 2573 1167 2598 μοι
1182 2561 1226 2589 διὰ
1246 2562 1334 2596 πάσης
1359 2560 1464 2599 ἡμέρας
1479 2559 1570 2595 διδοίη
1587 2560 1621 2587 τὰ
1642 2558 1766 2587 antistiti.

941 2607 993 2637 Καὶ
1031 2607 1064 2641 ἦν
1104 2617 1151 2643 μοι
1189 2605 1286 2634 παιδιὰ
1316 2606 1363 2642 μὶν
1401 2606 1419 2640 ἡ
1450 2603 1555 2639 σπουδὴ
1595 2602 1625 2631 δὲ
1662 2602 1768 2638 παιδιὰ,

942 2651 996 2690 οὐχ
1012 2651 1049 2683 ὡς
1064 2653 1148 2679 ταῦτα
1173 2651 1310 2687 παίζοντι,
1335 2649 1424 2677 ἐκεῖνα
1449 2647 1478 2676 δὲ
1502 2646 1691 2683 σπουδάζοντι,
1715 2650 1768 2676 etc.

846 2712 964 2740 NOTJE.

102 2759 149 2796 (m)
163 2760 323 2791 Cinnamus
337 2760 435 2789 Allatii
452 2767 606 2796 nunquam
620 2760 740 2796 prodiit.
756 2760 880 2790 Exstant
894 2761 1038 2790 editiones
1054 2760 1140 2789 Corn.
1157 2759 1244 2788 Tollii
1258 2761 1287 2788 et
1300 2759 1412 2796 Cangii.

222 2825 351 2856 PATROL.
376 2825 432 2856 Gs.
457 2825 576 2855 CXXII.

1571 2821 1609 2848 16
