1937 3050
153 106 209 135 491

851 94 991 125 LEONlS
1014 94 1172 124 ALLATll

1808 88 1871 118 492

154 171 186 199 Id
202 171 268 198 est:
287 169 355 196 Hinc
377 166 469 203 igitur
491 168 579 192 mater
588 163 622 192 ad
647 162 769 191 meliora
794 161 980 189 manuducens
996 162 1022 195 Α
1037 161 1160 188 animum
1177 162 1250 188 Deus
1265 159 1387 195 sospitet,
1407 158 1455 186 sed
1471 164 1568 186 amore
1591 155 1719 184 discendi
1730 155 1874 191 pleraque

155 216 252 252 quinto
270 213 362 242 celatis
386 219 458 239 anno
486 211 618 244 magistro
651 207 835 236 commendat.
862 208 899 234 Et
923 207 981 233 erat

154 261 226 288 mihi
240 258 389 293 disciplina
413 264 466 283 non
491 257 600 282 tantum
623 254 725 290 facilis,
751 252 796 280 sed
821 252 909 279 dulcis
921 258 982 286 prie

155 304 278 340 quolibet
293 303 351 330 alio
368 301 441 329 ludo.
460 301 540 335 /Egre
557 300 649 334 itaque
663 298 795 333 ferebam,
810 297 835 324 si
849 296 920 323 mihi
933 303 983 330 per

157 339 243 377 totum
269 347 341 375 diem
365 345 481 373 delicias
506 352 562 371 non
587 345 755 378 suggereret.
781 342 898 376 Eratque
914 339 984 367 mihi

155 397 242 425 ludus
255 395 389 428 studium,
415 392 537 421 studium
560 391 649 425 ludus,
674 399 731 417 non
753 389 823 425 quod
845 389 894 416 hoc
910 388 984 416 ludi-

157 442 217 469 brio
238 440 375 472 haberem,
402 438 449 465 illi
471 445 535 464 vero
560 435 757 464 incumberem.
783 433 875 460 Etnte
895 440 983 468 gran-

154 486 246 518 diore,
263 485 335 512 dum
355 482 432 510 inter
454 482 589 516 parentes
616 488 673 507 non
697 477 841 512 convenit,
865 476 982 503 cuinam

155 529 323 557 studiorum
339 526 438 563 generi
454 527 532 553 esset
547 523 741 557 addicendus,
754 521 883 549 Joannes
898 519 985 555 Chry-

153 576 302 602 sostomus
318 574 346 599 et
360 569 495 607 apostoli,
514 569 599 596 matri
616 568 645 595 in
661 566 786 595 somniis
802 565 868 599 visi,
884 564 983 592 decer-

155 622 242 647 nunt.
260 619 333 645 llinc
345 615 570 652 disciplinarum
588 621 674 650 quam
699 611 882 647 voluptatum
899 609 984 645 cupi-

155 665 229 699 dior,
246 663 410 699 mqualibus
427 661 455 688 in
473 660 570 688 studio
587 658 743 695 superatis,
762 665 820 684 non
836 656 923 691 longo
940 655 984 682 in-

154 708 278 737 tervallo
293 708 329 735 ad
346 714 483 742 suprema
499 712 621 740 quaeque
638 702 837 730 doctrinarum
855 699 985 727 culmina

155 753 280 789 gradum
298 752 376 784 fecit,
400 750 567 784 onibusque
592 747 729 774 innotuit.
757 745 822 772 Haec
838 745 900 780 ipse
916 752 983 779 pro-

156 798 212 825 lixe
229 797 328 830 nimis,
346 794 477 822 oratione
494 794 527 820 In
544 794 679 824 matrem,
697 789 894 826 prosequitur,
911 791 939 815 et
950 795 984 814 ex

157 852 190 871 co
217 846 301 871 Anna
324 842 473 869 Comnena
498 837 648 866 Alereiados
680 836 731 863 lib.
758 843 786 869 v,
810 833 982 861 brevissime

155 885 354 920 concinnavit,
374 885 445 912 dum
468 883 503 910 de
522 881 594 909 Italo
616 881 704 908 verba
720 880 826 907 faceret
843 887 849 906 :
865 876 914 904 Καὶ
933 877 980 905 Μι-
998 876 1010 908 ἶ

155 930 233 969 χαὴλ
261 929 353 957 ἐκείνω
381 930 420 963 τῷ
446 926 550 962 Ψελλῷ
576 925 602 952 ἰν
628 923 731 962 ὑστέρῳ
755 921 980 969 προσωμίλησεν,

156 976 185 1006 ὃς
207 975 250 1003 καὶ
273 974 342 1001 πάνυ
367 983 410 1000 τοι
430 972 503 1009 παρὰ
528 968 701 999 διδασκάλοις
724 969 819 1005 σοφοῖς
843 965 979 1003 ἐφοίτησε.

156 1024 206 1051 Διὰ
230 1023 335 1062 φύσεως
363 1020 391 1048 ὃὶ
416 1019 567 1056 δεξιότητα,
583 1018 628 1045 καὶ
651 1018 715 1048 νοὸς
731 1015 872 1051 εὐθύτητα¹
888 1015 980 1051 τυχὼν

160 1058 250 1105 μέντοι
272 1066 317 1094 καὶ
337 1068 404 1093 Θεοῦ
432 1065 551 1102 ἀρωγοῦ.
568 1063 639 1100 Πρὸς
662 1060 770 1091 τούτοις
795 1058 840 1086 διὰ
858 1059 907 1092 τὴν
921 1064 980 1095 θερ-

159 1112 278 1149 μοτάτην
306 1110 408 1138 ἱκεσίαν
433 1113 482 1144 τῆς
513 1107 616 1145 μητρὸς
643 1106 724 1133 αὐτοῦ
755 1102 982 1141 ἔπαγρυπνούσης

159 1159 268 1194 συχνῶς
293 1157 333 1191 τῷ
357 1155 383 1182 ἐν
417 1155 456 1190 τῷ
485 1154 540 1188 ναῷ
567 1150 615 1178 τοῦ
642 1150 741 1188 Κυρίου
768 1152 818 1183 τῆς
848 1147 980 1175 Θεοτόκου

156 1203 246 1237 σεπτῷ
270 1200 453 1235 εἷκονίσματι,
475 1197 520 1224 καὶ
545 1197 657 1234 Θερμοῖς
681 1197 740 1226 τοῖς
762 1192 888 1230 δάκρυσιν
915 1191 980 1227 ὑπὲρ

153 1248 202 1273 τοῦ
216 1243 311 1275 παιδὸς
341 1241 425 1270 ἒκκπιλ
443 1239 624 1278 ουμὲνης,εἷς
650 1239 730 1276 ἄκρον
759 1237 853 1274 σοφίας
875 1236 979 1268 ἁπάσης

154 1289 311 1325 ἐληλακὼς,
332 1288 377 1315 καὶ
401 1287 434 1314 τὰ
459 1285 601 1320 Ἐλλήνων
623 1283 667 1310 καὶ
690 1281 833 1310 Χαλδαίων
860 1278 980 1318 ἀκριϐω-

155 1334 278 1371 σάμενος,
308 1333 403 1371 γὲγονε
430 1333 490 1361 τοῖς
517 1329 580 1357 τότε
618 1328 731 1366 χρόνοις
758 1323 924 1363 περιϐόητος
953 1323 978 1351 ἐν

154 1379 243 1418 ςοφίᾳ.
261 1379 290 1406 Id
306 1381 350 1406 est
375 1386 382 1405 :
408 1376 577 1410 Tandemque
603 1374 632 1400 in
658 1373 797 1400 Michaelis
822 1371 980 1398 Psellicon-

153 1414 325 1452 suetudinem
337 1422 422 1456 venit,
437 1420 486 1456 qui
499 1423 693 1455 praeceptores,
718 1416 857 1451 sapientes
873 1414 979 1450 oppido,

155 1471 263 1502 nactus,
284 1470 392 1495 natura:
425 1465 592 1492 dexteritate
616 1465 642 1489 et
666 1460 821 1488 intellectus
843 1459 981 1491 acumine,

155 1515 208 1542 Deo
223 1520 328 1549 quoque
342 1512 389 1539 illi
402 1510 593 1544 eoadjuvante.
618 1506 707 1533 adhuc
729 1508 756 1532 et
780 1505 878 1531 matris
894 1504 982 1530 inten-

154 1548 272 1586 sissimis
299 1555 436 1592 precibus,
466 1553 566 1588 sapius
596 1552 626 1578 in
648 1548 749 1584 templo
780 1549 890 1575 Domini
914 1550 982 1575 ante

155 1603 285 1638 Deiparsc
301 1598 487 1628 venerandam
503 1597 655 1630 imaginem
671 1593 854 1629 invigilantis,
869 1593 981 1626 spissis-

154 1655 206 1682 que
217 1653 267 1682 pro
281 1645 340 1680 ﬁlio
355 1643 484 1678 lacrymis
499 1640 650 1672 exorantis,
667 1638 702 1666 ad
716 1638 853 1665 universae
871 1638 982 1672 sapien-

155 1681 203 1720 tiz
218 1681 330 1719 culmen
345 1687 480 1724 pervenit,
505 1690 531 1713 et
558 1687 714 1712 Graecorum
737 1690 770 1710 ac
792 1681 983 1709 Chaldaeorum

155 1736 271 1763 decretis
309 1732 516 1761 accuratissime
555 1728 728 1764 conquisitis,
759 1734 791 1754 ea
825 1727 984 1761 tempestate

155 1780 262 1808 celebre
287 1777 436 1813 sapientia
460 1782 558 1802 nomen
592 1776 753 1800 consecutus
788 1775 838 1798 est.
876 1770 984 1798 Subdit

157 1824 263 1852 deinde
287 1823 362 1850 inter
386 1821 492 1848 Italum
518 1820 545 1845 et
570 1817 698 1845 Psellum
723 1815 848 1843 dissidia
872 1817 980 1842 exorta.

156 1873 308 1901 Medicinae
322 1878 438 1907 quoque
453 1875 570 1904 operam
583 1866 675 1899 dedit,
692 1867 724 1892 ut
737 1865 799 1900 ipse
815 1864 850 1891 de
865 1872 895 1891 se
911 1866 983 1891 Ora-

157 1918 236 1946 tione
251 1917 280 1945 in
296 1917 430 1949 Matrem,
447 1913 554 1949 saepius
570 1911 700 1942 laudata,
717 1909 854 1944 afﬁrmat,
868 1909 938 1935 dum
948 1909 984 1936 de

157 1965 240 1999 patre
254 1960 429 1989 moribundo
447 1958 589 1994 loquitur.
605 1955 649 1985 Ὣς
674 1952 704 1980 δὲ
720 1953 764 1980 καὶ
779 1955 847 1999 ’τοῖς
870 1953 926 1999 [to]
941 1950 984 1979 δα.

158 2005 269 2036 κτύλοις
307 2004 354 2035 τὰς
384 2006 434 2037 τῆς
471 2000 602 2038 ἀρτηρίας
629 1999 748 2032 κινήσεις
776 1996 982 2034 ἐτεκμηράμην,

158 2048 356 2083 Ἐσπουδείζετο
394 2048 445 2084 γάρ
486 2055 532 2081 μοι
575 2042 706 2080 μακρόθεν
743 2042 760 2076 ἡ
791 2041 852 2078 περὶ
886 2041 983 2069 τούτου

157 2096 255 2132 τέχνη.
269 2095 300 2123 Ut
315 2101 379 2121 vero
401 2094 428 2119 ct
451 2090 550 2126 digitis
575 2089 689 2116 arteria:
712 2087 800 2114 motus
820 2086 983 2114 observavi:

155 2146 216 2180 jam
250 2143 324 2170 enim
366 2141 415 2168 diu
457 2137 568 2174 aliquid
607 2137 637 2164 in
668 2144 732 2164 eam
764 2139 854 2162 artem
887 2135 984 2169 studii,

158 2194 183 2217 et
216 2195 308 2222 operae
349 2185 534 2213 contuleram.
576 2181 713 2209 Studium
755 2180 784 2206 in
828 2188 982 2215 capessen-

1035 214 1070 233 επ
1093 205 1251 239 disciplinis
1273 204 1380 240 collegi.
1411 203 1532 238 Namque
1554 205 1658 229 natura
1680 202 1874 236 cujuscunque

1037 250 1127 278 studii
1149 250 1241 282 avida,
1276 257 1420 284 nunquam
1455 247 1580 275 scientiis
1611 247 1701 282 potuit
1723 246 1870 273 suturarz'.

1036 295 1200 330 Nullamque
1214 293 1313 322 uellem
1328 301 1394 326 esse,
1412 291 1482 328 quod
1505 291 1562 318 mei
1583 291 1714 318 notitiam
1739 291 1871 325 fugeret;

1037 347 1088 366 nec
1111 340 1256 366 molestum
1281 338 1351 365 mihi
1382 339 1465 373 foret,
1493 336 1579 364 etiam
1598 336 1624 362 si
1647 335 1696 362 sub
1722 339 1871 365 terranca,

1037 391 1185 411 noscerem.
1198 383 1288 418 Neque
1302 384 1332 410 ut
1344 382 1475 418 plurimi,
1491 381 1521 408 in
1532 380 1584 408 hoc
1597 381 1707 407 tantum
1723 379 1870 413 incumbo,

1038 428 1110 456 illud
1124 436 1190 456 vero
1214 429 1333 463 neglige,
1358 426 1403 454 sed
1427 428 1451 453 et
1471 433 1620 462 pravorum
1641 425 1736 458 etiam,
1761 428 1787 452 et
1802 423 1872 451 abo-

1039 472 1234 500 minandorum
1257 473 1328 499 mihi
1350 471 1488 499 notitiam
1510 477 1649 505 comparo,
1674 471 1704 496 ut
1727 468 1791 496 inde
1815 468 1871 495 hu-

1039 517 1125 552 beam,
1143 517 1212 552 quod
1228 525 1260 544 ea
1275 516 1475 552 usurpantibus
1490 522 1634 550 opponam.
1648 513 1735 541 Plura
1748 513 1783 540 de
1800 512 1870 543 hoc.

1040 562 1115 590 Orat.
1132 562 1166 589 de
1180 567 1278 597 matre,
1296 561 1325 588 in
1349 569 1407 596 qua
1431 559 1550 595 singula
1573 566 1697 594 quasque
1719 558 1754 585 ad
1781 557 1870 584 fasti-

1039 607 1119 634 dium
1135 614 1227 642 usque
1244 607 1406 634 enumerat.
1420 604 1460 632 Ea.
1475 603 1574 639 lector,
1600 611 1636 631 ne
1660 603 1722 638 ipse
1746 601 1870 629 fastidio

1040 651 1105 686 siin,
1119 651 1227 679 videat.

1073 713 1174 741 XXIII.
1191 714 1306 740 Interea
1321 711 1393 739 satis
1410 710 1504 738 inlatis
1520 718 1554 737 ac
1575 707 1736 744 prudentiae
1752 707 1871 735 habens

1038 758 1067 785 in
1092 757 1160 785 aula
1184 756 1413 793 imperatoribus
1435 754 1572 789 innotuit,
1597 753 1647 789 qui
1672 752 1702 780 in
1727 752 1871 780 maximis

1038 802 1163 838 negotiis
1179 803 1337 837 prolicuam
1354 800 1434 828 illius
1450 807 1569 835 operam
1584 797 1694 834 experti
1706 796 1869 824 sunt.Nam

1037 846 1160 874 Michael
1175 846 1359 873 Stratioticus
1374 844 1450 872 inter
1465 843 1589 872 selectos
1599 850 1632 870 ex
1647 842 1782 878 patribus
1798 849 1870 868 con-

1037 891 1155 927 scriptis
1171 891 1259 923 viros,
1275 898 1346 925 quos
1361 891 1507 917 Comneno
1522 887 1632 916 lsaacio
1647 887 1683 914 ad
1699 885 1825 914 rebelles
1836 885 1870 912 in

1036 935 1221 964 concordiam
1238 934 1410 969 redigendos
1425 933 1516 965 misit,
1534 931 1661 959 Psellum
1678 938 1797 966 quoque
1811 937 1866 957 no-

1036 983 1130 1008 strum
1146 979 1263 1015 legavit,
1280 987 1336 1006 non
1349 977 1561 1005 contemnendo
1573 975 1666 1010 elogio
1682 974 1868 1002 celebratum

1037 1033 1053 1051 s
1077 1027 1188 1052 Zonara
1212 1026 1291 1051 tomo
1316 1023 1352 1050 ΠΙ
1379 1031 1385 1049 :
1410 1020 1577 1048 Στὲλλονται
1610 1018 1697 1046 τοίνυν
1721 1018 1791 1055 πρὸς
1815 1017 1866 1045 τὸν

1037 1067 1180 1104 Κομνηνὸν
1209 1064 1419 1104 πρεσϐεύσοντες
1448 1064 1542 1102 ἄνδρες
1569 1065 1622 1090 τῶν
1653 1063 1782 1100 ἐκκρίτων
1813 1065 1869 1097 τῆς

1037 1111 1194 1149 συγκλήτου
1220 1110 1334 1149 βουλῆς·
1366 1111 1391 1137 οἱ
1419 1108 1442 1136 δ’
1470 1109 1538 1144 ἦσαν
1569 1109 1582 1135 ὁ
1611 1106 1745 1146 πρόεδρος
1774 1108 1839 1135 Κων
1858 1123 1870 1128 -

1036 1159 1174 1187 σταντῖνος
1203 1157 1217 1183 ὁ
1247 1154 1413 1193 Λειχούδης,
1445 1155 1458 1181 ὁ
1488 1152 1621 1191 πρόεδρος
1646 1152 1719 1180 Λέων
1746 1150 1870 1179 ὁἈλω-

1035 1202 1097 1235 τὶὸς,
1127 1201 1171 1228 καὶ
1203 1199 1321 1237 Μιχαὴλ
1351 1200 1364 1226 ὁ
1381 1199 1537 1238 σοφώτατος
1565 1197 1674 1228 Ψελλὸς
1699 1199 1753 1224 τῶν
1779 1195 1865 1234 φιλο-

1035 1246 1125 1284 σόφων
1151 1245 1187 1272 ὢν
1211 1244 1322 1274 ὕπατος.
1349 1245 1494 1280 Legantur
1528 1244 1615 1279 igitur
1635 1243 1670 1270 ad
1696 1242 1871 1270 Comnenum

1035 1292 1131 1319 selecti
1162 1291 1219 1318 viri
1241 1298 1277 1318 ea:
1304 1289 1429 1325 patribus
1462 1288 1636 1322 conscriptis,
1666 1287 1870 1315 Constantinus

1035 1335 1167 1364 Lichudes
1193 1343 1303 1370 praeses,
1339 1335 1389 1361 Leo
1423 1333 1525 1369 Alopus
1554 1339 1654 1368 praeses
1688 1333 1714 1359 et
1749 1331 1869 1358 Michael

1036 1380 1153 1414 Psellus,
1169 1379 1391 1414 sapientissimus
1404 1378 1535 1413 princeps
1551 1381 1615 1404 tunc
1628 1375 1867 1412 philosophorum.

1036 1426 1071 1453 Et
1091 1425 1238 1453 Cedrenus
1260 1425 1289 1451 in
1314 1425 1439 1459 Synopsi
1457 1431 1463 1451 :
1481 1422 1553 1448 Ἐκεῖ
1569 1420 1598 1448 δὲ
1625 1421 1699 1456 αὐτῷ
1722 1419 1868 1458 γενομένῳ

1037 1469 1165 1508 φθάνουσι
1188 1469 1232 1496 καὶ
1258 1465 1418 1506 πρεσϐευταὶ
1447 1465 1581 1504 βασιλέως
1597 1463 1760 1502 ὁπρόιδρος
1787 1467 1867 1491 Κων-

1038 1516 1175 1544 σταντῖνος
1191 1514 1205 1540 ὁ
1232 1510 1396 1549 Λειχούδης,
1422 1509 1563 1548 Θεόδωρος
1586 1510 1599 1537 ὁ
1625 1508 1764 1544 Ἀλωπὸς,
1787 1512 1867 1536 Κων-

1039 1560 1177 1589 σταντῖνος
1203 1557 1217 1583 ὁ
1233 1556 1353 1590 Ψελλὸς,
1371 1556 1385 1583 ὁ
1400 1557 1453 1582 τῶν
1475 1554 1633 1594 φιλοσόφων
1650 1553 1760 1585 ὕπατος.
1782 1553 1868 1580 Οὗτοι

1036 1603 1086 1640 γὰρ
1112 1603 1136 1629 οἱ
1159 1604 1233 1638 τρεῖς
1258 1599 1352 1638 ἄνδρες
1376 1599 1420 1627 ἐπὶ
1445 1598 1548 1638 σοφίᾳ,
1573 1598 1619 1626 καὶ
1642 1597 1725 1636 λόγου
1751 1595 1868 1634 δυνάμει

1035 1649 1089 1674 τῶν
1106 1646 1173 1673 κατὰ
1187 1646 1236 1679 τὴν
1257 1645 1362 1682 ἡμέραν
1379 1644 1526 1681 ἀνθρώπων
1551 1642 1686 1682 διαφέρειν
1708 1641 1868 1675 δοκοῦντες,

1037 1691 1082 1718 καὶ
1107 1690 1275 1728 ἀσυγκρίτως
1302 1689 1316 1716 ὁ
1342 1688 1454 1719 Ψελλὸς
1481 1687 1641 1725 εξελέγησαν
1665 1687 1703 1714 εἷς
1736 1687 1767 1714 τὸ
1797 1696 1867 1724 πρε-

1037 1731 1158 1768 σϐεῦσαι,
1184 1733 1228 1760 καὶ
1251 1731 1451 1770 προσεδόκησεν
1469 1732 1482 1759 ὁ
1505 1730 1632 1770 βασιλεὺς
1657 1729 1765 1768 μεγάλα
1779 1741 1866 1758 κατα-

1037 1779 1187 1816 πράξασθαι
1226 1776 1272 1805 διὰ
1307 1781 1357 1812 τῆς
1397 1776 1505 1804 ὶκείνων
1538 1777 1595 1813 [17]
1633 1775 1790 1812 εὐστομίας,
1823 1775 1871 1802 χαὶ

1037 1824 1160 1861 χάριτος.
1182 1825 1193 1852 l
1199 1823 1224 1851 bi
1237 1824 1266 1851 ei
1279 1825 1456 1851 occurrerunt
1472 1822 1556 1858 legati
1577 1822 1751 1857 imperatoris
1762 1828 1871 1856 praeses

1039 1869 1235 1896 Constantinus
1270 1867 1412 1899 Liclzudes,
1437 1873 1540 1902 praeses
1577 1865 1726 1894 Theodorus
1749 1865 1870 1901 Alopus,

1038 1913 1237 1940 Constantinus
1252 1912 1369 1945 Psellus,
1376 1911 1604 1947 philosophorum
1617 1910 1870 1946 princeps.Etenim

1038 1958 1067 1985 lii
1081 1961 1134 1985 tres
1148 1958 1206 1984 viri
1219 1957 1370 1992 supienlia,
1387 1959 1412 1983 et
1426 1955 1569 1991 facundia,
1599 1955 1720 1982 omnium
1736 1955 1786 1990 qui
1799 1959 1872 1982 tunc

1037 2002 1174 2034 vivebant,
1189 2002 1277 2037 primi
1290 2001 1417 2035 habiti,“
1433 1999 1544 2036 quidem
1557 2005 1636 2028 extra
1650 2000 1869 2035 comparationis

1037 2049 1139 2075 sortem
1153 2046 1269 2078 Pscllus,
1285 2046 1323 2073 ad
1344 2053 1409 2073 eam
1436 2044 1601 2080 legationem
1623 2046 1734 2080 fuerant
1747 2044 1870 2078 delecti;

1039 2091 1111 2127 quod
1126 2092 1277 2126 imperator
1292 2097 1386 2117 eorum
1401 2089 1560 2124 eloquentia
1575 2091 1601 2116 et
1625 2089 1718 2123 gratia
1731 2097 1759 2116 se
1773 2089 1869 2116 maxi-

1039 2144 1085 2164 ma
1097 2139 1308 2163 consecuturum
1324 2132 1518 2169 sperabat.Ubi
1533 2133 1722 2168 exscriptoris
1738 2132 1867 2166 incuria,

1040 2187 1092 2215 pro
1108 2177 1258 2212 Michaele,
1275 2177 1484 2205 Constantinus
1500 2177 1628 2212 irrepsit.
1644 2178 1678 2203 Et
1694 2176 1724 2204 in
1740 2184 1773 2204 eo
1787 2176 1868 2204 falsae

158 2234 202 2262 dis
217 2218 392 2268 disciplinis,
408 2231 436 2257 et
460 2227 600 2256 omnibus
622 2224 812 2252 addiscendis
828 2225 933 2252 ardens
949 2233 983 2252 ac
998 2218 1020 2251 D
1038 2223 1192 2259 legationis
1209 2225 1365 2250 accusatur
1380 2222 1415 2249 ab
1432 2222 1531 2249 eodem
1545 2221 1668 2249 inferius
1687 2229 1693 2248 :
1709 2221 1823 2258 Λέγεται
1839 2219 1868 2247 δὲ

159 2278 302 2315 pertinax,
317 2276 379 2312 ipse
401 2273 496 2302 libello
519 2275 565 2315 De,
581 2269 798 2315 admirabilibus
822 2269 985 2315 lectionibus

160 2310 188 2350 in
214 2323 271 2350 ﬁne
294 2310 432 2356 explicat.
462 2316 535 2353 Ἐγὼ
556 2313 585 2341 δὲ
600 2313 630 2341 οὐ
657 2313 719 2350 περὶ
745 2311 872 2349 ἐργασίας
897 2310 982 2348 ἕνεκα,

159 2368 192 2400 νὴ
208 2367 258 2400 τήν
274 2365 347 2402 ἱεράν
369 2374 416 2390 σου
438 2361 542 2399 ψυχὴν,
564 2358 636 2386 ἀλλὰ
655 2356 835 2396 φιλομαθείας
848 2357 881 2384 τὰ
895 2356 982 2384 πλείω

159 2413 212 2438 τῶν
244 2408 411 2447 μάθημάτων
439 2404 633 2440 συνελεξάμην.
664 2402 788 2439 Ἐγένετο
816 2401 866 2439 γάρ
893 2412 938 2438 μοι
964 2403 981 2437 ἡ

161 2453 240 2491 φύσις
263 2454 407 2490 ἀκόρεστος
430 2450 498 2488 πρὸς
525 2449 614 2475 ὁτιοῦν
639 2445 810 2482 σπούδασμα,
835 2446 879 2473 καὶ
905 2445 981 2473 οὐδὲν

160 2490 190 2526 ἄν
222 2509 255 2534 με
279 2496 434 2535 βουλοίμην
459 2492 608 2521 διαλαθεῖν.
630 2490 709 2519 ’Λλλ’
736 2491 867 2528 ἀγαπῴην
892 2490 932 2527 ἃν,
959 2491 982 2518 εἰ

158 2542 203 2570 καὶ
229 2543 262 2569 τὰ
283 2543 371 2579 νὲρθιν
396 2538 494 2574 εἰδείην
525 2540 575 2572 τῆς
599 2539 659 2574 γῆς.
685 2536 733 2563 Καὶ
761 2535 814 2573 οὐχ
840 2535 930 2572 ὥσπερ
956 2536 982 2563 οἱ

157 2586 261 2614 πολλοὶ
286 2585 347 2623 περὶ
371 2587 451 2612 τοῦτο
478 2583 524 2619 μὲν
550 2579 713 2615 ἐσπούδακα,
737 2580 823 2607 ἐκεῖνο
850 2579 878 2607 δὲ
905 2580 980 2608 ἀπω-

159 2633 258 2668 σάμην,
285 2630 357 2658 ἀλλὰ
384 2629 429 2656 καὶ
455 2630 508 2656 τῶν
540 2625 662 2665 φαύλων,
746 2624 837 2656 ἄλλως
867 2625 983 2662 ἀποτρο-

157 2676 244 2704 παίων
273 2675 417 2712 ἐπιγνῶναι
442 2673 488 2703 τὰς
515 2669 646 2708 μεθόδους
677 2668 840 2703 ἐσπούδακα,
861 2669 897 2696 ἵν’
923 2669 980 2707 ἔχω

156 2721 273 2748 ἐντεῦθεν
292 2718 441 2756 ἀντιλέγειν
465 2719 523 2748 τοῖς
547 2713 704 2753 χρωμένοις
729 2713 830 2745 αὐτοῖς,
854 2716 884 2743 Id
907 2718 951 2743 est,
971 2724 978 2744 :

157 2768 220 2804 Ego
245 2774 320 2800 vero,
345 2773 399 2792 non
421 2761 588 2792 curiositatis
609 2768 686 2795 ergo,
703 2761 744 2788 ita
767 2768 876 2788 sacrum
902 2765 980 2788 tuum

1039 2268 1081 2295 ὅτι
1108 2267 1154 2294 καὶ
1184 2267 1209 2293 οἱ
1236 2263 1398 2303 πρεσϐευταὶ
1427 2262 1714 2302 παραπρεσϐεύσπντες
1739 2263 1809 2292 ἄλλο
1836 2274 1867 2292 τε

1039 2310 1132 2342 ἄλλως
1159 2309 1246 2348 λάθρα
1272 2312 1311 2346 τῷ
1338 2309 1502 2346 Κεκαυμένῳ
1519 2308 1677 2346 προσιόντες
1693 2308 1865 2346 παρεκάλουν

1038 2354 1148 2393 ἔχεσθαι
1164 2359 1213 2390 τῆς
1229 2354 1389 2391 ἐνστάσεως,
1404 2354 1448 2381 καὶ
1471 2352 1603 2390 μηδόλως
1629 2352 1761 2381 ἒνδοῦναι.
1777 2355 1867 2380 Τοῦτο

1038 2399 1067 2428 δὲ
1082 2399 1179 2430 αὐτοὺς
1204 2402 1328 2434 ποιῆσαι,
1353 2398 1397 2426 καὶ
1423 2399 1448 2425 ol
1472 2397 1565 2429 καλῶς
1592 2396 1694 2429 εἴδότες
1710 2396 1868 2436 ἐπληροφό-

1038 2455 1100 2482 ρουν
1118 2443 1211 2482 ἄνδρες
1230 2443 1284 2481 οὐχ
1308 2443 1393 2471 οἷοίτε
1415 2441 1569 2480 ψεύδεσθαι,
1584 2442 1629 2469 καὶ
1656 2441 1694 2473 εἷς
1719 2442 1799 2469 αὐτὸν
1817 2442 1863 2469 τὸν

1037 2489 1179 2526 Κομνηνὸν
1213 2489 1453 2527 πληροφοροῦντες
1481 2487 1636 2523 ἐνωμότως,
1667 2486 1704 2517 ὡς
1732 2486 1801 2514 ἅπαν
1832 2486 1862 2513 τὸ

1037 2534 1150 2562 ἀστυκὸν
1167 2532 1274 2568 πλῆθος
1287 2534 1441 2571 περικακῶς
1457 2531 1495 2562 εἷς
1521 2531 1599 2558 αὐτὸν
1615 2530 1683 2568 ἔχει.
1708 2530 1756 2558 Καὶ
1779 2530 1816 2561 ὡς
1840 2529 1865 2557 si

1039 2579 1121 2616 μόνον
1153 2578 1251 2616 ἐγγίσει
1280 2579 1314 2614 τῇ
1343 2576 1435 2612 πόλει,
1464 2576 1509 2603 τὸν
1536 2575 1649 2613 γέροντα
1673 2575 1863 2611 ἔξωοῆσαντες,

1038 2624 1095 2660 μετ’
1110 2622 1260 2658 ἐπινικίων,
1275 2622 1318 2649 καὶ
1336 2621 1428 2658 ὕμνων
1445 2621 1524 2648 αὐτὸν
1541 2619 1742 2658 προσδὲξονται.
1753 2621 1790 2648 Ac
1799 2627 1863 2657 pro-

1035 2669 1124 2696 ditum
1138 2671 1177 2696 est
1193 2669 1343 2701 memoriic,
1361 2668 1434 2703 ipsos
1449 2667 1533 2694 etiam
1550 2667 1654 2701 legatos
1666 2666 1863 2701 prxivaricatos

1034 2715 1132 2750 fuisse,
1146 2717 1172 2741 et
1186 2713 1268 2740 modo
1284 2712 1367 2745 hunc,
1382 2711 1460 2739 modo
1471 2711 1552 2738 illum
1563 2710 1680 2738 diversis
1695 2710 1861 2747 temporibus

1035 2759 1203 2787 Cecaumeno
1228 2759 1355 2793 suasisse,
1379 2761 1410 2786 ut
1435 2757 1603 2793 oppugnaret
1626 2756 1731 2784 acriter
1757 2755 1862 2784 oblatas
