1937 3050
170 114 231 143 493

865 113 1003 144 LEONIS
1029 113 1185 144 ALLATII

1811 120 1865 151 496

171 178 434 215 fraudulenterque
462 179 596 216 irrepens
619 179 717 208 nescio
742 179 810 215 quis
839 178 998 206 criminose
1013 180 1040 212 Α
1054 186 1086 206 co
1103 186 1110 206 :
1127 181 1156 206 et
1169 179 1297 206 Zonoras
1311 178 1384 207 locis
1399 187 1490 214 supra
1508 177 1655 212 adductis,
1672 181 1699 207 et
1713 180 1741 208 in
1763 182 1864 214 lsaacio

171 223 323 252 dilacerat.
340 224 373 251 Et
389 224 540 252 hominum
557 224 645 252 turba
670 233 745 252 caeca
768 224 859 252 veluti
876 223 994 251 oraculo

171 268 298 304 plaudit,
315 269 423 297 misera
439 278 520 304 sane,
538 270 671 304 duraque
696 268 995 304 prudentissimorum

172 313 325 340 hominum
342 313 518 341 conditione.
534 314 594 341 Sub
606 313 671 340 aliis
688 314 757 341 item
770 313 997 348 imperatoribus

174 357 339 385 Graecorum
360 358 483 393 imperio
495 358 558 393 jam
576 361 756 392 senescente,
777 357 870 384 doctri
891 357 997 391 nisque

174 401 313 429 omnibus
328 402 358 429 in
374 402 538 429 barbariem
554 402 752 433 commutatis,
770 410 847 436 cum,
865 400 997 436 prohtlo-

176 445 233 473 lor!
248 446 353 473 inertia
368 454 419 482 pro
435 446 581 482 sapientia
596 449 658 473 erat
668 446 757 473 vitam
773 446 836 481 ipse
850 445 926 472 fama
937 443 998 472 cla-

176 490 314 518 rissimus
341 491 495 525 transegit,
522 490 674 526 jucundus
705 489 819 524 amicis,
844 489 1000 526 egentibus

178 534 269 568 utilis,
286 535 426 562 omnibus
441 534 566 570 denique
579 535 697 562 charus.

212 579 339 607 XXVIII.
350 579 432 606 Illius
441 581 549 606 tamem
562 578 629 606 ﬁdei
642 586 772 611 causam,
785 578 1000 606 defensionem-

177 632 234 659 que
250 631 307 651 non
320 623 512 658 susceperim,
522 623 557 657 si,
575 631 638 659 quin
650 623 685 650 de
696 631 729 650 eo
737 622 883 658 Josephus
895 622 1002 649 Metho-

176 667 276 696 nensis
289 667 445 703 episcopus
457 666 592 703 cpologia
600 667 835 695 contraMarcum
845 667 1001 702 Ephesium

175 712 274 747 tradit,
289 720 357 740 vera
372 714 452 740 sunt.
469 712 556 740 Illum
571 712 648 740 enim
665 713 841 739 annumerot
856 711 998 738 schisma-

176 757 243 784 ticis
254 756 367 791 Photio,
379 756 530 790 Cabasile,
542 755 678 789 Palamze,
691 757 852 789 Camatero,
865 754 1000 789 Phurnio,

177 800 400 834 Moschambari,
411 800 691 836 Bulgarim,Nicolao
703 800 898 834 Methonensi,
910 802 938 827 et
950 801 1001 826 Pa-

177 848 288 879 nareto,
306 846 356 881 qui
367 844 443 872 dicto
459 847 487 872 et
498 845 606 880 scripto
617 844 736 872 Lainam
749 844 908 872 Ecclesiam
924 843 1001 871 inse-
1017 861 1040 892 Β

177 889 247 918 ctati
263 893 342 917 sunt.
361 888 408 916 Καὶ
424 888 454 915 σὺ
473 889 519 924 μὲν
535 888 684 926 συνήφθης,
701 888 738 918 ὡς
754 888 820 925 φὴς,
835 890 894 918 τοῖς
916 887 1002 924 ἁγίοις

178 943 226 960 σου
254 933 400 970 Ila-cpiam,
430 932 474 960 καὶ
508 931 683 963 διδασκάλοις
713 931 813 968 Φωτίῳ
838 934 878 968 τῷ
901 931 1002 969 πρώτῳ

179 979 364 1015 σχισματικῷ,
383 976 489 1014 μᾶλλον
503 975 531 1004 δὲ
545 977 698 1014 αὐτουργῷ,
711 978 767 1013 [20]
782 976 826 1003 καὶ
843 975 1004 1014 δημιουργῷ

176 1024 225 1049 τοῦ
241 1021 406 1059 σχίσματος,
422 1021 468 1048 καὶ
492 1024 542 1056 τῆς
558 1020 724 1057 διαιρέσεως,
741 1018 893 1056 Καϐασίλᾳ,
910 1020 1003 1048 Παλαι-

180 1069 227 1102 μᾷ,
270 1068 448 1104 Καματηρῷ,
480 1067 589 1103 Φουρνῇ
607 1089 614 1101 ,
644 1065 759 1101 Ψελλῷ,
789 1065 977 1103 Μοσχοὶμπαρι
996 1087 1004 1100 ,

178 1110 340 1148 Βουλγαρίᾳ,
366 1109 498 1146 Νικολάῳ
526 1111 668 1146 Μεθώνης,
695 1110 850 1148 Παναρέτῳ,
875 1110 919 1137 καὶ
947 1111 1004 1140 τοῖς

179 1154 288 1185 λοιποῖς
312 1157 370 1185 τοῖς
398 1154 465 1191 μετᾶ
490 1155 520 1181 τὸ
546 1155 662 1192 σχίσμα,
687 1154 731 1181 χαὶ
750 1155 800 1188 τήν
826 1153 936 1189 πολλὴν
950 1151 1004 1191 ἔριν

177 1200 246 1227 κατᾶ
283 1202 334 1234 τῆς
357 1199 516 1235 Ῥωμαῖκῆς
555 1198 721 1234 Ἑκκλησίας
769 1198 886 1226 εἰποῦσι.
916 1200 947 1227 Ει
976 1203 1006 1226 tu

178 1245 298 1280 quidem,
319 1246 348 1271 ut
373 1246 427 1279 ais,
443 1245 546 1272 sanctis
571 1245 626 1272 tuis
650 1244 782 1271 Patribus
800 1252 832 1271 ac
846 1244 1005 1272 doctoribus

180 1292 206 1317 te
219 1289 384 1326 adjunxtsti,
411 1288 505 1316 Photio
525 1289 765 1317 schismaticorum
790 1289 925 1324 principi,
951 1289 1005 1316 imo

179 1342 243 1361 vero
258 1334 374 1366 auctori,
390 1337 417 1361 et
433 1334 527 1369 opiﬁci
537 1333 707 1368 schismatis,
723 1337 749 1361 et
764 1333 875 1360 dissidii
893 1341 899 1360 :
919 1332 1005 1360 Caba-

180 1379 252 1414 silw,
269 1379 424 1414 Camatero,
441 1378 578 1411 Phurnio,
593 1377 690 1411 Pselto,
711 1377 921 1409 Moschambari,
939 1377 1006 1404 But-

180 1425 275 1459 garia’,
291 1423 402 1451 Nicolao
418 1423 600 1457 Methonensi,
617 1423 762 1455 Panareto,
779 1424 804 1449 et
828 1423 936 1450 exteris
958 1423 1006 1457 qui

181 1473 242 1504 post
255 1469 385 1502 schisma,
401 1472 426 1495 et
441 1468 558 1495 multam
583 1468 786 1495 contentionem
802 1467 830 1494 in
856 1467 1006 1494 Romanam

180 1514 282 1541 invecti
292 1517 356 1540 sunt
367 1512 525 1540 Ecclesium.
543 1512 618 1539 Sane
630 1511 734 1543 Photii,
751 1510 903 1544 Cabasilze,
920 1511 1004 1538 Pala-

180 1567 245 1590 mic,
258 1557 368 1585 Nicolai
381 1556 589 1589 Methonensis,
601 1557 785 1592 aliorumque
795 1556 824 1583 in
846 1555 1005 1583 Ecclesiam

180 1603 313 1629 Latinam
329 1601 592 1629 commentationes
613 1600 829 1636 nugacissimas
853 1608 911 1627 non
942 1600 1005 1627 sine

181 1646 267 1673 taedio
284 1654 316 1673 ac
332 1645 485 1673 stomacho
501 1645 568 1681 legi.
585 1644 672 1672 Pselli
684 1644 812 1672 similem
831 1644 1006 1679 disputatio-

181 1699 249 1718 nem
266 1691 301 1718 ad
318 1690 398 1717 hunc
414 1689 491 1717 diem
508 1697 566 1716 non
582 1689 700 1722 offendi,
713 1691 741 1717 et
757 1689 879 1716 fortasse
895 1697 947 1716 nec
958 1688 1007 1715 ille

182 1734 368 1770 conscripsit.
385 1733 594 1761 Verumtamen
622 1735 667 1761 est
689 1733 718 1760 in
747 1733 924 1768 Expositione
942 1732 1009 1768 ﬁdei

185 1779 220 1806 ad
233 1778 404 1806 Michaelem
417 1778 538 1812 Ducam,
550 1778 620 1804 dum
632 1777 667 1804 de
683 1777 869 1813 processione
880 1776 1007 1812 Spiritus

186 1823 279 1851 sancti
294 1823 383 1850 verba
400 1821 478 1856 facit,
507 1830 574 1850 eum
603 1821 752 1849 afﬁrmare
775 1829 808 1848 ex
833 1821 895 1849 solo
926 1821 1008 1849 Patre

185 1868 351 1904 procedere,
365 1875 423 1903 quo
439 1865 482 1894 vel
499 1866 560 1894 solo
576 1866 695 1894 nomine
711 1865 791 1893 illius
810 1866 841 1893 in
865 1866 1007 1893 recentio-

183 1921 249 1940 rum
265 1912 431 1939 Grzecorum
447 1911 562 1947 placitis
579 1911 792 1947 propugnantis
808 1909 1009 1945 pertinacia,et

182 1959 216 1986 ad
235 1957 430 1993 pervicaciora
458 1965 582 1992 quaeque
611 1957 790 1990 audendum,
808 1956 832 1984 si
848 1957 962 1984 occasio
977 1964 1008 1984 se

180 2002 308 2035 tulisset,
325 2002 443 2029 animus
459 2001 626 2029 innotescit.

218 2046 320 2074 XXIX.
336 2046 467 2074 Tandem
480 2046 540 2080 jam
554 2053 642 2073 senex
665 2046 849 2072 exauctorato
872 2045 1009 2073 Michaele

185 2093 273 2123 Daca,
289 2091 352 2127 ipse
366 2098 482 2127 quoque
499 2098 515 2117 a
531 2089 685 2117 Botaniata
700 2089 863 2124 Nicephoro
879 2090 1009 2126 dignita-

180 2135 263 2163 tibus
278 2135 431 2170 spoliatus,
445 2134 623 2162 monachum
640 2133 775 2168 induens,
789 2133 884 2161 solum
899 2136 1010 2162 vertere

184 2182 302 2208 coactus
317 2182 380 2213 est;
399 2187 451 2206 nec
467 2178 560 2206 multo
572 2180 646 2214 post,
663 2177 722 2205 sive
738 2178 831 2212 senio,
845 2178 905 2206 sive
920 2179 1008 2206 etiam

1049 222 1209 257 Comneno,
1237 221 1328 253 Πολὺς
1344 222 1393 256 τήν
1423 222 1547 260 γλῶτταν
1576 222 1590 248 ὁ
1619 223 1771 260 σοφώτατος
1796 229 1863 256 Ψελ-

1050 266 1109 297 λός.
1127 267 1191 295 Vim
1209 267 1347 295 dictionis
1363 276 1429 295 cum
1440 276 1497 295 non
1513 267 1704 295 intellexisset
1720 270 1865 308 interpres,

1050 309 1137 338 πολὺι
1162 312 1212 345 τήν
1231 310 1367 349 γλῶτταν,
1396 312 1538 339 uerbosum
1562 312 1698 340 reddidit.
1714 315 1807 351 Apage
1827 326 1867 345 sa-

1051 355 1268 392 pientissimum
1284 356 1387 388 istum,
1403 356 1428 384 si
1458 356 1608 384 verbosus
1623 358 1677 388 est.
1707 359 1792 387 Grmci
1805 369 1866 390 cum

1052 400 1260 428 admirandum
1276 400 1416 436 aliquem,
1428 409 1481 428 nec
1497 409 1563 428 cum
1577 400 1746 436 vulgaribus
1757 411 1866 440 compa-

1053 445 1178 472 randum
1193 445 1333 480 innuunt,
1348 445 1474 473 dictione
1488 445 1537 472 illa
1548 443 1635 475 πολὺς
1656 448 1786 476 utuntur.
1803 450 1866 478 [lino

1055 490 1208 525 aptissime
1218 490 1340 525 diceres,
1350 492 1378 518 et
1387 490 1422 517 ad
1436 490 1535 517 Atticae
1546 489 1718 525 eloquentiae
1731 500 1866 529 normam,

1055 533 1146 564 Πολὺς
1161 534 1195 560 τὰ
1210 536 1267 565 θεῖα
1277 534 1437 571 Γρηγόριος,
1447 535 1550 562 eximie
1564 539 1672 562 sanctus
1683 535 1718 570 (ο)
1734 535 1867 572 Gregorius

1058 577 1146 608 Ηολὺς
1162 578 1211 612 τήν
1228 578 1299 605 θείαν
1317 579 1425 616 Γραφῆν
1452 578 1575 606 Michael
1596 578 1766 613 Ghislerius,
1788 582 1866 611 Disci-

1053 624 1134 659 plina
1147 631 1242 651 rerum
1256 624 1418 651 divinarum
1428 623 1677 657 cruditissimus,et
1688 624 1868 661 ingenio,pru-

1055 668 1201 703 dentiaque
1216 669 1247 695 in
1259 669 1350 695 sacris
1365 669 1476 696 Litteris
1486 667 1654 703 exponendis
1677 670 1865 700 «acutissimus.

1056 710 1145 742 Πολὺς
1159 712 1209 745 τὴν
1232 710 1394 750 φιλοσοφίαν
1418 712 1576 740 Fortunius
1602 711 1726 740 Licetus.
1744 714 1811 748 Illis,
1826 718 1869 751 qui

1056 756 1091 783 ad
1118 756 1322 792 philosophiam
1349 758 1487 792 spectant,
1514 765 1598 792 quam
1621 757 1741 785 maxime
1755 761 1868 792 potens:

1054 802 1137 836 pauci
1148 803 1179 827 ut
1189 802 1245 829 sint
1256 801 1305 836 qui
1323 802 1405 829 tantis
1421 801 1477 837 [21]
1490 801 1674 837 philosophia
1687 801 1789 830 dotibus
1802 812 1867 839 prae-

1056 845 1110 873 diti
1121 846 1185 872 sint.
1204 843 1294 875 Πολὺς
1309 845 1342 872 τὰ
1356 845 1534 881 μαθηματικᾶ
1544 845 1647 873 Petrus
1659 845 1831 882 Gassendus,
1842 850 1869 876 in

1059 890 1140 917 rebus
1154 889 1358 918 mathematicis
1378 891 1531 918 tractandis
1546 891 1717 926 ingeniosus,
1732 899 1869 929 eorumque

1058 934 1271 969 difﬁcultatibus
1299 934 1449 962 enodandis
1476 935 1702 963 consultissimus.
1732 934 1818 967 Πολὺς
1842 936 1871 963 τὰ

1059 978 1167 1015 ἰατρικὰ
1191 978 1306 1006 Gabriel
1333 979 1489 1012 Naudteus,
1521 979 1600 1007 rebus
1627 979 1740 1007 medicis
1763 981 1871 1008 nimium

1059 1024 1174 1059 pollens,
1187 1022 1309 1050 multum
1325 1025 1458 1056 versatus,
1470 1031 1555 1058 supra
1569 1024 1713 1059 plerosque
1720 1024 1787 1052 alios
1801 1033 1871 1053 exer-

1059 1069 1168 1100 citatus,
1185 1068 1273 1095 nimio
1289 1067 1344 1100 iam
1356 1068 1475 1095 imbutus
1486 1076 1538 1095 usu
1558 1068 1711 1096 liberaliter
1725 1069 1867 1097 institutus.

1059 1111 1150 1142 Πολὺς
1177 1112 1226 1145 τὴν
1251 1110 1374 1138 παιδείαν
1408 1112 1546 1140 Nicolaus
1578 1112 1718 1140 Villanus.
1745 1114 1874 1141 Prteclara

1059 1157 1217 1184 eruditione
1231 1158 1313 1191 atque
1323 1155 1450 1184 doctrina
1460 1157 1575 1183 ornatus
1592 1164 1599 1183 :
1616 1156 1770 1184 eruditione
1782 1159 1807 1184 et
1828 1157 1873 1191 ﬂo-

1059 1201 1183 1229 rentibus
1193 1200 1295 1228 studtis
1305 1208 1448 1236 nunquam
1455 1208 1509 1228 non
1515 1201 1582 1227 satis
1591 1201 1752 1233 instructus,
1759 1209 1873 1236 magnus.

1061 1244 1151 1275 Ηολὺς
1162 1245 1210 1278 τὴν
1231 1244 1399 1280 ἐπιστήμην,
1411 1245 1540 1273 Henetus
1551 1245 1680 1278 Moreau,
1695 1246 1724 1272 in
1739 1246 1872 1280 perfectis-

1061 1291 1133 1318 sima
1148 1290 1297 1326 disciplina
1304 1290 1528 1325 probatissimus,
1547 1291 1572 1317 et
1592 1290 1751 1318 incredibili
1765 1290 1872 1326 quadam

1061 1335 1169 1370 ingenii
1195 1334 1386 1370 magnitudine
1408 1334 1443 1362 ad
1458 1342 1636 1370 quascunque
1665 1334 1819 1370 disciplinas
1840 1335 1876 1362 in-

1061 1380 1259 1407 sructissimus.
1275 1377 1366 1408 Πολύς
1386 1378 1434 1413 τήν
1461 1377 1580 1415 ἱστορίαν
1596 1378 1724 1406 Jacobus
1735 1378 1873 1414 Philippus

1061 1423 1269 1457 Thomasinus,
1285 1423 1324 1450 ad
1338 1423 1497 1451 scribendas
1524 1423 1660 1451 historias
1681 1424 1800 1451 maxime
1821 1424 1874 1450 illu-

1061 1469 1127 1496 stris
1143 1476 1150 1495 :
1164 1469 1196 1495 in
1211 1467 1384 1495 illustranda
1398 1468 1570 1503 antiquitate
1588 1468 1680 1495 sedulo
1690 1468 1779 1495 studio
1789 1468 1874 1503 appri-

1061 1522 1104 1540 me
1119 1513 1223 1544 clarus,
1240 1512 1402 1547 singularis.
1418 1511 1508 1542 Πολὺς
1518 1511 1563 1538 τὸν
1575 1513 1639 1538 νοῦν
1653 1512 1779 1540 Joannes
1793 1512 1875 1539 Bour-

1063 1557 1200 1585 delotius.
1219 1557 1302 1585 Plcno
1315 1559 1428 1592 pectore
1439 1557 1551 1592 sapiens
1566 1566 1575 1584 :
1591 1558 1731 1593 sapientia
1745 1558 1874 1584 munitam

1061 1604 1179 1630 mentem
1189 1601 1298 1636 egregie
1308 1609 1421 1635 gerens;
1438 1602 1609 1629 considerate
1625 1602 1719 1629 omnia
1732 1601 1873 1637 perﬁcienti.

1061 1645 1154 1676 Πολὺς
1176 1646 1226 1679 τὴν
1251 1645 1362 1680 ποίησιν
1387 1646 1515 1674 Joannes
1549 1646 1692 1681 Rhodius,
1718 1646 1747 1673 in
1772 1646 1876 1682 poetici:

1061 1691 1164 1718 studiis
1176 1691 1294 1725 miriﬁce
1315 1693 1448 1721 versatus;
1463 1690 1627 1718 admirabili
1644 1691 1759 1726 quodam
1774 1689 1807 1717 ad
1819 1697 1875 1725 poc—

1061 1736 1114 1763 sim
1128 1735 1218 1763 studio
1241 1736 1406 1770 concitatus,
1424 1736 1654 1770 prxstantissime
1677 1743 1739 1763 cum
1761 1734 1876 1763 omnibus

1062 1781 1142 1807 Musis
1157 1779 1296 1808 rationem
1321 1779 1426 1807 habuit.
1443 1777 1534 1810 Πολὺς
1561 1779 1612 1813 τὴν
1637 1778 1746 1816 ἀρετὴν,
1767 1777 1809 1805 καὶ
1831 1777 1874 1811 τὴν

1063 1824 1206 1860 φρόνησιν.
1225 1824 1391 1852 Dominicus
1408 1823 1546 1858 Molinus,
1562 1825 1665 1852 virtute
1681 1825 1739 1860 ipsa
1753 1823 1876 1852 excellen-

1062 1869 1184 1896 tissimus
1208 1869 1249 1896 ΑΒ
1276 1877 1332 1896 non
1347 1868 1569 1896 Ciceronianum
1585 1868 1660 1896 illud
1686 1867 1791 1896 infert?
1814 1867 1877 1894 Talis

1063 1918 1102 1941 est
1118 1914 1169 1946 vir,
1186 1918 1216 1941 ut
1230 1913 1309 1941 nulla
1324 1921 1369 1940 res
1383 1915 1460 1940 tanta
1474 1914 1521 1948 sit,
1535 1921 1570 1941 ac
1584 1915 1643 1941 tam
1657 1913 1788 1949 difﬁcilis,
1804 1919 1876 1947 quam

1063 1958 1111 1985 ille
1127 1966 1182 1985 non
1210 1962 1235 1986 et
1259 1957 1374 1985 consilio
1398 1965 1499 1993 regere,
1524 1960 1552 1985 et
1578 1958 1740 1993 integritate
1762 1957 1840 1988 tueri,
1853 1956 1876 1982 et

1064 2004 1163 2030 virtute
1177 2003 1309 2037 conficere
1328 2005 1413 2037 possit
1427 2011 1436 2029 :
1452 2005 1480 2030 et
1504 2002 1613 2030 similia
1626 2022 1632 2028 .
1642 2002 1688 2029 Sic
1713 2000 1820 2029 Psellus
1834 1999 1872 2026 di-

1064 2050 1129 2075 ctus
1142 2049 1196 2082 est,
1212 2045 1299 2077 πολὺς
1315 2047 1366 2080 τήν
1379 2045 1514 2083 γλῶτταν,
1533 2047 1618 2083 quasi
1635 2046 1748 2074 diceres
1764 2052 1875 2080 magnus,

1063 2092 1179 2125 multus,
1206 2091 1390 2119 admirandus
1418 2091 1536 2127 eloquio,
1552 2091 1709 2127 eloquentia
1736 2088 1870 2125 singulari.

1065 2135 1228 2173 Σοφώτατος
1244 2136 1332 2164 etiam
1349 2135 1460 2171 passim
1478 2136 1570 2170 audit,
1586 2136 1812 2171 sapientissimus,
1824 2135 1849 2160 et
1861 2140 1876 2159 ο

1065 2180 1152 2217 Glyco
1169 2182 1196 2208 in
1214 2180 1389 2214 Annalibus,
1406 2183 1434 2207 et
1446 2189 1462 2208 a
1477 2180 1635 2208 Metochita
1650 2180 1679 2207 in
1701 2178 1830 2207 Historia.
1846 2176 1875 2203 Et

183 2232 306 2252 maerore
321 2223 409 2251 vitam
426 2224 524 2259 posuit
537 2231 543 2250 :
556 2222 644 2258 idque
655 2222 777 2258 conjicio
793 2230 826 2249 ex
842 2223 1006 2250 verbisAn-
1021 2223 1045 2256 D
1061 2225 1141 2252 illius
1170 2224 1335 2258 sententiis,
1362 2224 1411 2260 qui
1436 2232 1502 2252 eum
1519 2225 1610 2252 secuti
1635 2225 1715 2256 sunt,
1730 2222 1875 2257 scriptores

182 2278 226 2297 na;
241 2269 394 2296 Comncnze
407 2269 475 2295 Hist.
493 2267 540 2294 lib.
561 2275 588 2294 ν.
606 2267 661 2294 Sed
685 2266 722 2294 iis
738 2267 883 2302 praecipue
900 2276 906 2294 ε
923 2267 1006 2294 Ἔνθα

183 2312 228 2339 καὶ
260 2314 309 2339 τοῦ
339 2310 453 2339 Ψελλοῦ
478 2310 726 2348 μεταχωρήσειν-ξος
751 2310 912 2344 Βυζαντόοεν
941 2311 1008 2347 μετᾶ

183 2358 232 2391 τὴν
256 2354 416 2393 ἀπόκρασιν,
439 2356 514 2392 (lego
545 2354 717 2391 ἀπόκιρσιν,)
742 2355 822 2385 αὐτὸς
847 2354 1008 2394 φιλοσοφίας

184 2401 291 2435 ἀπάσης
305 2400 415 2437 πρόεστι
434 2398 606 2429 διδάσκαλος.
625 2400 675 2428 Ubi
688 2404 713 2427 et
725 2400 813 2427 Psetlo
824 2403 882 2435 post
899 2408 1008 2429 comam

184 2447 325 2474 detonsam
340 2445 477 2480 Byzantio
491 2444 701 2480 secctlentcjpse
710 2445 748 2472 Ita
754 2443 797 2471 lus
805 2446 943 2474 universw
949 2447 1009 2480 phi-

183 2491 315 2526 losophiae
329 2491 465 2525 magister
478 2492 586 2517 creatus
601 2492 651 2517 est.

218 2537 311 2564 XXX.
328 2534 473 2570 Quidquid
497 2536 595 2562 tamen
612 2533 659 2567 sit,
675 2533 812 2561 maximis
828 2542 894 2562 eum
911 2534 1007 2562 laudi-

184 2581 240 2608 bus
254 2581 550 2614 exornarunt,przeter
558 2581 672 2606 Annam
686 2579 1008 2611 Comnenam,Joannes

182 2625 316 2661 Scylitza,
329 2626 357 2651 et
372 2623 520 2651 Cedrenus
536 2623 564 2650 in
581 2623 721 2659 procemio
737 2622 881 2657 Historiae,
898 2622 1006 2659 ὑπερτι-

184 2680 201 2705 μ
209 2679 237 2699 ος
254 2667 376 2702 Ψελλός,
395 2667 625 2695 honoratissimus
641 2667 757 2702 Psellus,
774 2669 803 2695 et
818 2667 847 2694 in
863 2668 1006 2696 stratioti-

1063 2278 1116 2297 sua
1131 2268 1347 2297 Commentaria
1359 2277 1415 2296 non
1427 2269 1526 2296 minus
1538 2277 1625 2304 quam
1638 2267 1759 2296 aliorum
1768 2267 1874 2293 Patrum

1064 2314 1444 2341 testimoniisillustrarunt.
1472 2313 1551 2340 Inter
1566 2313 1639 2341 alios
1664 2311 1798 2348 prazcipui
1813 2310 1875 2337 sunt

1062 2358 1161 2386 Niceta
1175 2361 1290 2390 Serron,
1305 2359 1412 2386 Catena
1425 2357 1646 2385 absolutissima
1661 2357 1688 2384 in
1698 2354 1875 2389 Evangelium

1064 2403 1165 2438 Lucae;
1183 2403 1325 2430 Macarius
1341 2402 1592 2438 Chrysocephalus
1615 2404 1646 2429 in
1663 2402 1766 2437 Magno
1781 2397 1876 2434 Alpha-

1064 2448 1140 2482 beto,
1154 2447 1203 2475 ubi
1219 2455 1253 2474 ex
1269 2447 1451 2474 diversorum
1468 2449 1587 2474 Patrum
1618 2446 1705 2473 dictis
1733 2441 1877 2478 Evangelia

1064 2492 1277 2528 perfectissime
1302 2492 1528 2527 interpretatur;
1546 2493 1574 2518 et
1587 2491 1716 2518 Joannes
1741 2488 1877 2516 Diaconus

1063 2538 1172 2572 Magna:
1198 2535 1331 2563 Ecclesiae
1361 2536 1457 2563 Tract.
1475 2533 1524 2566 Τίς
1552 2535 1566 2561 ὁ
1596 2534 1693 2571 σκορὸς
1706 2534 1745 2568 τῷ
1759 2529 1815 2566 Θεῷ
1834 2530 1878 2562 τῆς

1062 2580 1176 2618 πρώτης
1201 2581 1248 2606 τοῦ
1273 2579 1418 2617 ἀνθρώπου
1442 2578 1579 2614 πλάσεως,
1610 2578 1656 2606 καὶ
1684 2579 1734 2610 τῆς
1763 2574 1877 2612 δευτέρας

1063 2625 1238 2655 ἀνιπλάσεως
1255 2623 1301 2651 διὰ
1314 2626 1363 2651 τοῦ
1379 2626 1457 2652 Θεοῦ.

1097 2670 1195 2698 ΧΧΧΙ.
1221 2669 1296 2698 Illud
1325 2669 1444 2698 interim
1474 2669 1705 2698 animadvertere
1732 2666 1873 2696 debemus,

973 2732 1090 2761 NOTAE.

218 2775 256 2813 (ο)
270 2775 369 2805 Malim
385 2783 479 2804 rerum
492 2775 654 2804 divinarum
667 2774 790 2811 apprime
803 2775 919 2811 peritus.
