  <div class='ocr_page' id='page_1' title='image "/cluster/home/n/w/nwhite01/storage/ocr_20150623/122/njp.32101077773016/272.png"; bbox 0 0 1937 3050; ppageno 0'>
   <div class='ocr_carea' id='block_1_1' title="bbox 72 93 130 122">
    <p class='ocr_par' dir='ltr' id='par_1_1' title="bbox 72 93 130 122">
     <span class='ocr_line' id='line_1_1' title="bbox 72 93 130 122; baseline 0 -1"><span class='ocrx_word' id='word_1_1' title='bbox 72 93 130 122; x_wconf 70' lang='grc' dir='ltr'><strong>49Ἱ</strong></span> 
     </span>
    </p>
   </div>
   <div class='ocr_carea' id='block_1_2' title="bbox 702 91 1156 123">
    <p class='ocr_par' dir='ltr' id='par_1_2' title="bbox 702 91 1156 123">
     <span class='ocr_line' id='line_1_2' title="bbox 702 91 1156 123; baseline -0.004 -1"><span class='ocrx_word' id='word_1_2' title='bbox 702 92 887 123; x_wconf 76' lang='lat' dir='ltr'><strong>DIATRIBA</strong></span> <span class='ocrx_word' id='word_1_3' title='bbox 910 92 962 121; x_wconf 90' lang='lat' dir='ltr'><strong>DE</strong></span> <span class='ocrx_word' id='word_1_4' title='bbox 985 91 1156 122; x_wconf 86' lang='lat' dir='ltr'><strong>PSELLIS.</strong></span> 
     </span>
    </p>
   </div>
   <div class='ocr_carea' id='block_1_3' title="bbox 1724 90 1785 120">
    <p class='ocr_par' dir='ltr' id='par_1_3' title="bbox 1724 90 1785 120">
     <span class='ocr_line' id='line_1_3' title="bbox 1724 90 1785 120; baseline 0.016 -1"><span class='ocrx_word' id='word_1_5' title='bbox 1724 90 1785 120; x_wconf 75' lang='lat'><strong>498</strong></span> 
     </span>
    </p>
   </div>
   <div class='ocr_carea' id='block_1_4' title="bbox 69 153 900 199">
    <p class='ocr_par' dir='ltr' id='par_1_4' title="bbox 69 158 899 194">
     <span class='ocr_line' id='line_1_4' title="bbox 69 158 899 194; baseline -0.001 -8"><span class='ocrx_word' id='word_1_6' title='bbox 69 158 236 186; x_wconf 88' lang='lat' dir='ltr'><strong>Gesnerum</strong></span> <span class='ocrx_word' id='word_1_7' title='bbox 252 158 282 185; x_wconf 89' lang='lat' dir='ltr'><strong>in</strong></span> <span class='ocrx_word' id='word_1_8' title='bbox 299 158 481 186; x_wconf 79' lang='lat' dir='ltr'><strong>Bibliotheca</strong></span> <span class='ocrx_word' id='word_1_9' title='bbox 506 158 629 187; x_wconf 79' lang='lat' dir='ltr'><strong>ridicule</strong></span> <span class='ocrx_word' id='word_1_10' title='bbox 653 159 726 187; x_wconf 81' lang='lat' dir='ltr'><strong>satis</strong></span> <span class='ocrx_word' id='word_1_11' title='bbox 755 158 899 194; x_wconf 77' lang='lat' dir='ltr'><strong>argutari,</strong></span> 
     </span>
    </p>
   </div>
   <div class='ocr_carea' id='block_1_5' title="bbox 990 153 1682 199">
    <p class='ocr_par' dir='ltr' id='par_1_5' title="bbox 990 153 1682 199">
     <span class='ocr_line' id='line_1_5' title="bbox 990 153 1682 199; baseline -0.003 -16"><span class='ocrx_word' id='word_1_12' title='bbox 990 158 1121 199; x_wconf 46' lang='lat' dir='ltr'><strong>i‘yaustﬁ</strong></span> <span class='ocrx_word' id='word_1_13' title='bbox 1136 157 1185 199; x_wconf 68' lang='grc' dir='ltr'><strong>τοῦ</strong></span> <span class='ocrx_word' id='word_1_14' title='bbox 1201 154 1315 192; x_wconf 72' lang='grc' dir='ltr'>Μιχαὴλ</span> <span class='ocrx_word' id='word_1_15' title='bbox 1327 155 1472 199; x_wconf 38' lang='lat' dir='ltr'><strong>satiricus</strong></span> <span class='ocrx_word' id='word_1_16' title='bbox 1480 154 1566 199; x_wconf 43' lang='grc' dir='ltr'><strong>Χνόμῳ</strong></span> <span class='ocrx_word' id='word_1_17' title='bbox 1581 153 1682 199; x_wconf 43' lang='grc' dir='ltr'><strong>γέμω,</strong></span> 
     </span>
    </p>
   </div>
   <div class='ocr_carea' id='block_1_6' title="bbox 68 202 899 239">
    <p class='ocr_par' dir='ltr' id='par_1_6' title="bbox 68 202 899 239">
     <span class='ocr_line' id='line_1_6' title="bbox 68 202 899 239; baseline -0.001 -9"><span class='ocrx_word' id='word_1_18' title='bbox 68 203 208 230; x_wconf 88' lang='lat' dir='ltr'><strong>eumdem</strong></span> <span class='ocrx_word' id='word_1_19' title='bbox 223 211 289 230; x_wconf 88' lang='lat' dir='ltr'><strong>esse</strong></span> <span class='ocrx_word' id='word_1_20' title='bbox 305 202 475 231; x_wconf 84' lang='lat' dir='ltr'><strong>Michaelem</strong></span> <span class='ocrx_word' id='word_1_21' title='bbox 498 203 669 239; x_wconf 86' lang='lat' dir='ltr'><strong>Ephesium,</strong></span> <span class='ocrx_word' id='word_1_22' title='bbox 685 206 713 231; x_wconf 79' lang='lat' dir='ltr'><strong>et</strong></span> <span class='ocrx_word' id='word_1_23' title='bbox 729 202 899 231; x_wconf 71' lang='lat' dir='ltr'><strong>Michaelem</strong></span> 
     </span>
    </p>
   </div>
   <div class='ocr_carea' id='block_1_7' title="bbox 69 246 901 283">
    <p class='ocr_par' dir='ltr' id='par_1_7' title="bbox 69 246 901 283">
     <span class='ocr_line' id='line_1_7' title="bbox 69 246 901 283; baseline -0.001 -9"><span class='ocrx_word' id='word_1_24' title='bbox 69 246 210 274; x_wconf 87' lang='lat' dir='ltr'><strong>Psellum.</strong></span> <span class='ocrx_word' id='word_1_25' title='bbox 230 247 294 274; x_wconf 75' lang='lat' dir='ltr'><strong>lllihi</strong></span> <span class='ocrx_word' id='word_1_26' title='bbox 309 247 418 282; x_wconf 82' lang='lat' dir='ltr'><strong>quidem</strong></span> <span class='ocrx_word' id='word_1_27' title='bbox 433 247 583 283; x_wconf 71' lang='lat' dir='ltr'><strong>aliquando</strong></span> <span class='ocrx_word' id='word_1_28' title='bbox 609 248 768 283; x_wconf 71' lang='lat' dir='ltr'><strong>conjectura</strong></span> <span class='ocrx_word' id='word_1_29' title='bbox 782 247 901 275; x_wconf 87' lang='lat' dir='ltr'><strong>accurrit</strong></span> 
     </span>
    </p>
   </div>
   <div class='ocr_carea' id='block_1_8' title="bbox 67 291 900 328">
    <p class='ocr_par' dir='ltr' id='par_1_8' title="bbox 67 291 900 328">
     <span class='ocr_line' id='line_1_8' title="bbox 67 291 900 328; baseline -0.001 -9"><span class='ocrx_word' id='word_1_30' title='bbox 67 291 196 319; x_wconf 79' lang='lat' dir='ltr'><strong>eumdem</strong></span> <span class='ocrx_word' id='word_1_31' title='bbox 217 291 398 319; x_wconf 68' lang='lat' dir='ltr'><strong>existimandi</strong></span> <span class='ocrx_word' id='word_1_32' title='bbox 430 291 593 320; x_wconf 74' lang='lat' dir='ltr'><strong>Michaelem</strong></span> <span class='ocrx_word' id='word_1_33' title='bbox 629 293 784 328; x_wconf 77' lang='lat' dir='ltr'><strong>Ephesium,</strong></span> <span class='ocrx_word' id='word_1_34' title='bbox 814 291 900 319; x_wconf 69' lang='lat' dir='ltr'><strong>etilli-</strong></span> 
     </span>
    </p>
   </div>
   <div class='ocr_carea' id='block_1_9' title="bbox 67 336 899 373">
    <p class='ocr_par' dir='ltr' id='par_1_9' title="bbox 67 336 899 373">
     <span class='ocr_line' id='line_1_9' title="bbox 67 336 899 373; baseline 0 -10"><span class='ocrx_word' id='word_1_35' title='bbox 67 336 195 364; x_wconf 80' lang='lat' dir='ltr'><strong>chaelem</strong></span> <span class='ocrx_word' id='word_1_36' title='bbox 212 337 346 364; x_wconf 69' lang='lat' dir='ltr'><strong>Psallam.</strong></span> <span class='ocrx_word' id='word_1_37' title='bbox 364 337 433 364; x_wconf 85' lang='lat' dir='ltr'><strong>Nam</strong></span> <span class='ocrx_word' id='word_1_38' title='bbox 447 339 552 372; x_wconf 62' lang='lat' dir='ltr'><strong>prmter</strong></span> <span class='ocrx_word' id='word_1_39' title='bbox 572 345 715 365; x_wconf 76' lang='lat' dir='ltr'><strong>commune</strong></span> <span class='ocrx_word' id='word_1_40' title='bbox 728 344 899 373; x_wconf 69' lang='lat' dir='ltr'><strong>praenomen,</strong></span> 
     </span>
    </p>
   </div>
   <div class='ocr_carea' id='block_1_10' title="bbox 68 381 900 416">
    <p class='ocr_par' dir='ltr' id='par_1_10' title="bbox 68 381 900 416">
     <span class='ocr_line' id='line_1_10' title="bbox 68 381 900 416; baseline -0.001 -8"><span class='ocrx_word' id='word_1_41' title='bbox 68 384 220 416; x_wconf 81' lang='lat' dir='ltr'><strong>utrumque</strong></span> <span class='ocrx_word' id='word_1_42' title='bbox 238 382 341 408; x_wconf 77' lang='lat' dir='ltr'><strong>constat</strong></span> <span class='ocrx_word' id='word_1_43' title='bbox 364 381 546 408; x_wconf 76' lang='lat' dir='ltr'><strong>recentiorem</strong></span> <span class='ocrx_word' id='word_1_44' title='bbox 570 382 666 416; x_wconf 79' lang='lat' dir='ltr'><strong>fuisse,</strong></span> <span class='ocrx_word' id='word_1_45' title='bbox 691 381 900 414; x_wconf 82' lang='lat' dir='ltr'><strong>Christianum,</strong></span> 
     </span>
    </p>
   </div>
   <div class='ocr_carea' id='block_1_11' title="bbox 68 425 900 462">
    <p class='ocr_par' dir='ltr' id='par_1_11' title="bbox 68 425 900 462">
     <span class='ocr_line' id='line_1_11' title="bbox 68 425 900 462; baseline -0.001 -9"><span class='ocrx_word' id='word_1_46' title='bbox 68 427 299 462; x_wconf 71' lang='lat' dir='ltr'><strong>Peripateticum,</strong></span> <span class='ocrx_word' id='word_1_47' title='bbox 322 427 478 454; x_wconf 76' lang='lat' dir='ltr'><strong>Aristotelis</strong></span> <span class='ocrx_word' id='word_1_48' title='bbox 499 426 718 462; x_wconf 81' lang='lat' dir='ltr'><strong>paraphrastem.</strong></span> <span class='ocrx_word' id='word_1_49' title='bbox 744 426 828 454; x_wconf 93' lang='lat' dir='ltr'><strong>Multi</strong></span> <span class='ocrx_word' id='word_1_50' title='bbox 851 425 900 454; x_wconf 84' lang='lat' dir='ltr'><strong>alii</strong></span> 
     </span>
    </p>
   </div>
   <div class='ocr_carea' id='block_1_12' title="bbox 68 471 901 506">
    <p class='ocr_par' dir='ltr' id='par_1_12' title="bbox 68 471 901 506">
     <span class='ocr_line' id='line_1_12' title="bbox 68 471 901 506; baseline -0.001 -8"><span class='ocrx_word' id='word_1_51' title='bbox 68 471 204 505; x_wconf 83' lang='lat' dir='ltr'><strong>ejusdem</strong></span> <span class='ocrx_word' id='word_1_52' title='bbox 230 471 421 506; x_wconf 58' lang='lat' dir='ltr'><strong>praenominis</strong></span> <span class='ocrx_word' id='word_1_53' title='bbox 457 471 647 505; x_wconf 80' lang='lat' dir='ltr'><strong>recentiores,</strong></span> <span class='ocrx_word' id='word_1_54' title='bbox 680 471 849 503; x_wconf 78' lang='lat' dir='ltr'><strong>Christiani,</strong></span> <span class='ocrx_word' id='word_1_55' title='bbox 873 472 901 497; x_wconf 88' lang='lat' dir='ltr'><strong>et</strong></span> 
     </span>
    </p>
   </div>
   <div class='ocr_carea' id='block_1_13' title="bbox 68 515 900 552">
    <p class='ocr_par' dir='ltr' id='par_1_13' title="bbox 68 515 900 552">
     <span class='ocr_line' id='line_1_13' title="bbox 68 515 900 552; baseline 0 -10"><span class='ocrx_word' id='word_1_56' title='bbox 68 515 268 551; x_wconf 77' lang='lat' dir='ltr'><strong>Peripatetici,</strong></span> <span class='ocrx_word' id='word_1_57' title='bbox 284 515 450 543; x_wconf 83' lang='lat' dir='ltr'><strong>Aristotelis</strong></span> <span class='ocrx_word' id='word_1_58' title='bbox 475 516 686 552; x_wconf 60' lang='lat' dir='ltr'><strong>paraphrasim,</strong></span> <span class='ocrx_word' id='word_1_59' title='bbox 713 524 786 543; x_wconf 83' lang='lat' dir='ltr'><strong>nova</strong></span> <span class='ocrx_word' id='word_1_60' title='bbox 812 515 900 542; x_wconf 84' lang='lat' dir='ltr'><strong>haece</strong></span> 
     </span>
    </p>
   </div>
   <div class='ocr_carea' id='block_1_14' title="bbox 68 560 899 596">
    <p class='ocr_par' dir='ltr' id='par_1_14' title="bbox 68 560 899 596">
     <span class='ocr_line' id='line_1_14' title="bbox 68 560 899 596; baseline 0 -10"><span class='ocrx_word' id='word_1_61' title='bbox 68 560 299 595; x_wconf 81' lang='lat' dir='ltr'><strong>argumentandi</strong></span> <span class='ocrx_word' id='word_1_62' title='bbox 318 560 429 588; x_wconf 78' lang='lat' dir='ltr'><strong>ratione</strong></span> <span class='ocrx_word' id='word_1_63' title='bbox 452 560 538 588; x_wconf 89' lang='lat' dir='ltr'><strong>Pselli</strong></span> <span class='ocrx_word' id='word_1_64' title='bbox 554 562 651 595; x_wconf 87' lang='lat' dir='ltr'><strong>erunt,</strong></span> <span class='ocrx_word' id='word_1_65' title='bbox 668 561 775 596; x_wconf 87' lang='lat' dir='ltr'><strong>inepte.</strong></span> <span class='ocrx_word' id='word_1_66' title='bbox 791 560 899 587; x_wconf 87' lang='lat' dir='ltr'><strong>Verum</strong></span> 
     </span>
    </p>
   </div>
   <div class='ocr_carea' id='block_1_15' title="bbox 68 604 898 640">
    <p class='ocr_par' dir='ltr' id='par_1_15' title="bbox 68 604 898 640">
     <span class='ocr_line' id='line_1_15' title="bbox 68 604 898 640; baseline 0 -9"><span class='ocrx_word' id='word_1_67' title='bbox 68 606 116 631; x_wconf 87' lang='lat' dir='ltr'><strong>est</strong></span> <span class='ocrx_word' id='word_1_68' title='bbox 132 607 294 640; x_wconf 85' lang='lat' dir='ltr'><strong>utrumque</strong></span> <span class='ocrx_word' id='word_1_69' title='bbox 318 604 510 632; x_wconf 78' lang='lat' dir='ltr'><strong>recentiorem</strong></span> <span class='ocrx_word' id='word_1_70' title='bbox 534 613 609 638; x_wconf 87' lang='lat' dir='ltr'><strong>esse,</strong></span> <span class='ocrx_word' id='word_1_71' title='bbox 633 604 846 636; x_wconf 87' lang='lat' dir='ltr'><strong>Christianum,</strong></span> <span class='ocrx_word' id='word_1_72' title='bbox 863 612 898 631; x_wconf 89' lang='lat' dir='ltr'><strong>an</strong></span> 
     </span>
    </p>
   </div>
   <div class='ocr_carea' id='block_1_16' title="bbox 66 649 900 686">
    <p class='ocr_par' dir='ltr' id='par_1_16' title="bbox 66 649 900 686">
     <span class='ocr_line' id='line_1_16' title="bbox 66 649 900 686; baseline 0 -10"><span class='ocrx_word' id='word_1_73' title='bbox 66 657 152 684; x_wconf 72' lang='lat' dir='ltr'><strong>teque</strong></span> <span class='ocrx_word' id='word_1_74' title='bbox 175 649 372 685; x_wconf 80' lang='lat' dir='ltr'><strong>Peripatetici,</strong></span> <span class='ocrx_word' id='word_1_75' title='bbox 399 649 544 683; x_wconf 84' lang='lat' dir='ltr'><strong>dubium;</strong></span> <span class='ocrx_word' id='word_1_76' title='bbox 565 650 622 686; x_wconf 80' lang='lat'><strong>[22]</strong></span> <span class='ocrx_word' id='word_1_77' title='bbox 645 652 756 677; x_wconf 88' lang='lat' dir='ltr'><strong>certum</strong></span> <span class='ocrx_word' id='word_1_78' title='bbox 779 649 900 676; x_wconf 88' lang='lat' dir='ltr'><strong>omnino</strong></span> 
     </span>
    </p>
   </div>
   <div class='ocr_carea' id='block_1_17' title="bbox 66 694 900 730">
    <p class='ocr_par' dir='ltr' id='par_1_17' title="bbox 66 694 900 730">
     <span class='ocr_line' id='line_1_17' title="bbox 66 694 900 730; baseline 0 -9"><span class='ocrx_word' id='word_1_79' title='bbox 66 694 280 729; x_wconf 81' lang='lat' dir='ltr'><strong>paraphrastes</strong></span> <span class='ocrx_word' id='word_1_80' title='bbox 296 702 353 722; x_wconf 88' lang='lat' dir='ltr'><strong>non</strong></span> <span class='ocrx_word' id='word_1_81' title='bbox 368 703 433 722; x_wconf 82' lang='lat' dir='ltr'><strong>esse</strong></span> <span class='ocrx_word' id='word_1_82' title='bbox 450 703 456 722; x_wconf 90' lang='lat'>:</span> <span class='ocrx_word' id='word_1_83' title='bbox 473 695 502 722; x_wconf 92' lang='lat' dir='ltr'><strong>ni</strong></span> <span class='ocrx_word' id='word_1_84' title='bbox 519 695 640 729; x_wconf 82' lang='lat' dir='ltr'><strong>scholia,</strong></span> <span class='ocrx_word' id='word_1_85' title='bbox 657 697 684 722; x_wconf 84' lang='lat' dir='ltr'><strong>et</strong></span> <span class='ocrx_word' id='word_1_86' title='bbox 704 694 900 730; x_wconf 81' lang='lat' dir='ltr'><strong>expositiones</strong></span> 
     </span>
    </p>
   </div>
   <div class='ocr_carea' id='block_1_18' title="bbox 65 739 900 775">
    <p class='ocr_par' dir='ltr' id='par_1_18' title="bbox 65 739 900 775">
     <span class='ocr_line' id='line_1_18' title="bbox 65 739 900 775; baseline 0 -10"><span class='ocrx_word' id='word_1_87' title='bbox 65 740 166 766; x_wconf 84' lang='lat' dir='ltr'><strong>textus</strong></span> <span class='ocrx_word' id='word_1_88' title='bbox 183 739 384 773; x_wconf 77' lang='lat' dir='ltr'><strong>brevissimus,</strong></span> <span class='ocrx_word' id='word_1_89' title='bbox 407 747 466 767; x_wconf 90' lang='lat' dir='ltr'><strong>una</strong></span> <span class='ocrx_word' id='word_1_90' title='bbox 491 748 558 767; x_wconf 86' lang='lat' dir='ltr'><strong>curn</strong></span> <span class='ocrx_word' id='word_1_91' title='bbox 583 739 760 775; x_wconf 84' lang='lat' dir='ltr'><strong>Paraphrasi</strong></span> <span class='ocrx_word' id='word_1_92' title='bbox 777 739 900 766; x_wconf 86' lang='lat' dir='ltr'><strong>confun-</strong></span> 
     </span>
    </p>
   </div>
   <div class='ocr_carea' id='block_1_19' title="bbox 65 782 900 819">
    <p class='ocr_par' dir='ltr' id='par_1_19' title="bbox 65 782 900 819">
     <span class='ocr_line' id='line_1_19' title="bbox 65 782 900 819; baseline 0.001 -10"><span class='ocrx_word' id='word_1_93' title='bbox 65 783 138 810; x_wconf 88' lang='lat' dir='ltr'><strong>dere</strong></span> <span class='ocrx_word' id='word_1_94' title='bbox 155 782 288 810; x_wconf 85' lang='lat' dir='ltr'><strong>velimus.</strong></span> <span class='ocrx_word' id='word_1_95' title='bbox 315 783 508 811; x_wconf 82' lang='lat' dir='ltr'><strong>Cont‘erantur</strong></span> <span class='ocrx_word' id='word_1_96' title='bbox 523 783 678 819; x_wconf 85' lang='lat' dir='ltr'><strong>utriusque</strong></span> <span class='ocrx_word' id='word_1_97' title='bbox 703 784 733 811; x_wconf 92' lang='lat' dir='ltr'><strong>in</strong></span> <span class='ocrx_word' id='word_1_98' title='bbox 758 783 900 811; x_wconf 85' lang='lat' dir='ltr'><strong>Aristote-</strong></span> 
     </span>
    </p>
   </div>
   <div class='ocr_carea' id='block_1_20' title="bbox 66 827 901 864">
    <p class='ocr_par' dir='ltr' id='par_1_20' title="bbox 66 827 901 864">
     <span class='ocr_line' id='line_1_20' title="bbox 66 827 901 864; baseline 0 -10"><span class='ocrx_word' id='word_1_99' title='bbox 66 827 127 855; x_wconf 86' lang='lat' dir='ltr'><strong>lem</strong></span> <span class='ocrx_word' id='word_1_100' title='bbox 144 828 421 862; x_wconf 80' lang='lat' dir='ltr'><strong>commentationes,</strong></span> <span class='ocrx_word' id='word_1_101' title='bbox 438 829 575 864; x_wconf 85' lang='lat' dir='ltr'><strong>quamvis</strong></span> <span class='ocrx_word' id='word_1_102' title='bbox 591 828 738 856; x_wconf 83' lang='lat' dir='ltr'><strong>sententia</strong></span> <span class='ocrx_word' id='word_1_103' title='bbox 753 828 782 854; x_wconf 90' lang='lat' dir='ltr'><strong>in</strong></span> <span class='ocrx_word' id='word_1_104' title='bbox 799 827 901 854; x_wconf 87' lang='lat' dir='ltr'><strong>multis</strong></span> 
     </span>
    </p>
   </div>
   <div class='ocr_carea' id='block_1_21' title="bbox 66 873 901 909">
    <p class='ocr_par' dir='ltr' id='par_1_21' title="bbox 66 873 901 909">
     <span class='ocr_line' id='line_1_21' title="bbox 66 873 901 909; baseline 0 -10"><span class='ocrx_word' id='word_1_105' title='bbox 66 873 258 906; x_wconf 85' lang='lat' dir='ltr'><strong>conveniant,</strong></span> <span class='ocrx_word' id='word_1_106' title='bbox 273 873 302 900; x_wconf 92' lang='lat' dir='ltr'><strong>in</strong></span> <span class='ocrx_word' id='word_1_107' title='bbox 317 873 415 907; x_wconf 91' lang='lat' dir='ltr'><strong>modo,</strong></span> <span class='ocrx_word' id='word_1_108' title='bbox 437 881 471 900; x_wconf 81' lang='lat' dir='ltr'><strong>ac</strong></span> <span class='ocrx_word' id='word_1_109' title='bbox 493 873 631 901; x_wconf 89' lang='lat' dir='ltr'><strong>methodo</strong></span> <span class='ocrx_word' id='word_1_110' title='bbox 657 873 819 909; x_wconf 82' lang='lat' dir='ltr'><strong>exponendi</strong></span> <span class='ocrx_word' id='word_1_111' title='bbox 836 873 901 899; x_wconf 83' lang='lat' dir='ltr'><strong>Ari-</strong></span> 
     </span>
    </p>
   </div>
   <div class='ocr_carea' id='block_1_22' title="bbox 65 916 900 952">
    <p class='ocr_par' dir='ltr' id='par_1_22' title="bbox 65 916 900 952">
     <span class='ocr_line' id='line_1_22' title="bbox 65 916 900 952; baseline 0 -8"><span class='ocrx_word' id='word_1_112' title='bbox 65 917 205 944; x_wconf 85' lang='lat' dir='ltr'><strong>stotelem</strong></span> <span class='ocrx_word' id='word_1_113' title='bbox 222 916 306 952; x_wconf 85' lang='lat' dir='ltr'><strong>longe</strong></span> <span class='ocrx_word' id='word_1_114' title='bbox 321 917 429 945; x_wconf 85' lang='lat' dir='ltr'><strong>diversi</strong></span> <span class='ocrx_word' id='word_1_115' title='bbox 445 917 644 946; x_wconf 86' lang='lat' dir='ltr'><strong>sunt.Psellus</strong></span> <span class='ocrx_word' id='word_1_116' title='bbox 654 918 793 945; x_wconf 86' lang='lat' dir='ltr'><strong>continua</strong></span> <span class='ocrx_word' id='word_1_117' title='bbox 804 919 900 944; x_wconf 85' lang='lat' dir='ltr'><strong>textus</strong></span> 
     </span>
    </p>
   </div>
   <div class='ocr_carea' id='block_1_23' title="bbox 66 961 900 998">
    <p class='ocr_par' dir='ltr' id='par_1_23' title="bbox 66 961 900 998">
     <span class='ocr_line' id='line_1_23' title="bbox 66 961 900 998; baseline 0 -10"><span class='ocrx_word' id='word_1_118' title='bbox 66 961 248 997; x_wconf 80' lang='lat' dir='ltr'><strong>paraphrasi</strong></span> <span class='ocrx_word' id='word_1_119' title='bbox 264 962 441 989; x_wconf 88' lang='lat' dir='ltr'><strong>sententiam</strong></span> <span class='ocrx_word' id='word_1_120' title='bbox 466 962 571 998; x_wconf 83' lang='lat' dir='ltr'><strong>aperit,</strong></span> <span class='ocrx_word' id='word_1_121' title='bbox 597 962 741 998; x_wconf 84' lang='lat' dir='ltr'><strong>Ephesius</strong></span> <span class='ocrx_word' id='word_1_122' title='bbox 769 970 824 989; x_wconf 90' lang='lat' dir='ltr'><strong>non</strong></span> <span class='ocrx_word' id='word_1_123' title='bbox 842 961 900 998; x_wconf 82' lang='lat' dir='ltr'><strong>nisi</strong></span> 
     </span>
    </p>
   </div>
   <div class='ocr_carea' id='block_1_24' title="bbox 65 997 898 1042">
    <p class='ocr_par' dir='ltr' id='par_1_24' title="bbox 65 997 898 1042">
     <span class='ocr_line' id='line_1_24' title="bbox 65 997 898 1042; baseline 0.001 -10"><span class='ocrx_word' id='word_1_124' title='bbox 65 1005 290 1033; x_wconf 81' lang='lat' dir='ltr'><strong>difﬁcilioribus</strong></span> <span class='ocrx_word' id='word_1_125' title='bbox 316 1014 436 1042; x_wconf 87' lang='lat' dir='ltr'><strong>operam</strong></span> <span class='ocrx_word' id='word_1_126' title='bbox 458 997 527 1040; x_wconf 80' lang='lat' dir='ltr'><strong>dat,</strong></span> <span class='ocrx_word' id='word_1_127' title='bbox 551 997 640 1042; x_wconf 73' lang='lat' dir='ltr'><strong>clara,</strong></span> <span class='ocrx_word' id='word_1_128' title='bbox 665 1009 831 1041; x_wconf 77' lang='lat' dir='ltr'><strong>apertaque,</strong></span> <span class='ocrx_word' id='word_1_129' title='bbox 857 997 898 1033; x_wconf 86' lang='lat' dir='ltr'><strong>uti</strong></span> 
     </span>
    </p>
   </div>
   <div class='ocr_carea' id='block_1_25' title="bbox 64 1050 437 1086">
    <p class='ocr_par' dir='ltr' id='par_1_25' title="bbox 64 1050 437 1086">
     <span class='ocr_line' id='line_1_25' title="bbox 64 1050 437 1086; baseline -0.003 -8"><span class='ocrx_word' id='word_1_130' title='bbox 64 1050 175 1086; x_wconf 89' lang='lat' dir='ltr'><strong>cuique</strong></span> <span class='ocrx_word' id='word_1_131' title='bbox 191 1050 288 1084; x_wconf 86' lang='lat' dir='ltr'><strong>obvia,</strong></span> <span class='ocrx_word' id='word_1_132' title='bbox 305 1050 437 1086; x_wconf 85' lang='lat' dir='ltr'><strong>negligil.</strong></span> 
     </span>
    </p>
   </div>
   <div class='ocr_carea' id='block_1_26' title="bbox 98 1094 895 1131">
    <p class='ocr_par' dir='ltr' id='par_1_26' title="bbox 98 1094 895 1131">
     <span class='ocr_line' id='line_1_26' title="bbox 98 1094 895 1131; baseline 0 -9"><span class='ocrx_word' id='word_1_133' title='bbox 98 1094 218 1122; x_wconf 82' lang='lat' dir='ltr'><strong>XXXII.</strong></span> <span class='ocrx_word' id='word_1_134' title='bbox 236 1097 273 1121; x_wconf 87' lang='lat' dir='ltr'><strong>At</strong></span> <span class='ocrx_word' id='word_1_135' title='bbox 297 1094 434 1130; x_wconf 86' lang='lat' dir='ltr'><strong>quisnam</strong></span> <span class='ocrx_word' id='word_1_136' title='bbox 457 1094 495 1122; x_wconf 89' lang='lat' dir='ltr'><strong>sit</strong></span> <span class='ocrx_word' id='word_1_137' title='bbox 516 1094 572 1123; x_wconf 88' lang='lat' dir='ltr'><strong>iste</strong></span> <span class='ocrx_word' id='word_1_138' title='bbox 600 1095 746 1131; x_wconf 83' lang='lat' dir='ltr'><strong>Ephesius</strong></span> <span class='ocrx_word' id='word_1_139' title='bbox 761 1094 895 1128; x_wconf 86' lang='lat' dir='ltr'><strong>Michael,</strong></span> 
     </span>
    </p>
   </div>
   <div class='ocr_carea' id='block_1_27' title="bbox 62 1138 895 1175">
    <p class='ocr_par' dir='ltr' id='par_1_27' title="bbox 62 1138 895 1175">
     <span class='ocr_line' id='line_1_27' title="bbox 62 1138 895 1175; baseline 0 -9"><span class='ocrx_word' id='word_1_140' title='bbox 62 1138 114 1174; x_wconf 88' lang='lat' dir='ltr'><strong>qui</strong></span> <span class='ocrx_word' id='word_1_141' title='bbox 129 1138 160 1166; x_wconf 86' lang='lat' dir='ltr'><strong>in</strong></span> <span class='ocrx_word' id='word_1_142' title='bbox 177 1139 331 1166; x_wconf 87' lang='lat' dir='ltr'><strong>enodando</strong></span> <span class='ocrx_word' id='word_1_143' title='bbox 346 1139 502 1166; x_wconf 82' lang='lat' dir='ltr'><strong>Aristotele</strong></span> <span class='ocrx_word' id='word_1_144' title='bbox 525 1142 677 1175; x_wconf 85' lang='lat' dir='ltr'><strong>tantopere</strong></span> <span class='ocrx_word' id='word_1_145' title='bbox 692 1139 781 1167; x_wconf 87' lang='lat' dir='ltr'><strong>etiam</strong></span> <span class='ocrx_word' id='word_1_146' title='bbox 796 1138 895 1167; x_wconf 89' lang='lat' dir='ltr'><strong>elucu-</strong></span> 
     </span>
    </p>
   </div>
   <div class='ocr_carea' id='block_1_28' title="bbox 60 1183 893 1219">
    <p class='ocr_par' dir='ltr' id='par_1_28' title="bbox 60 1183 893 1219">
     <span class='ocr_line' id='line_1_28' title="bbox 60 1183 893 1219; baseline 0.001 -9"><span class='ocrx_word' id='word_1_147' title='bbox 60 1183 253 1211; x_wconf 84' lang='lat' dir='ltr'><strong>bratiouibus</strong></span> <span class='ocrx_word' id='word_1_148' title='bbox 267 1184 365 1216; x_wconf 86' lang='lat' dir='ltr'><strong>editis,</strong></span> <span class='ocrx_word' id='word_1_149' title='bbox 383 1183 543 1217; x_wconf 87' lang='lat' dir='ltr'><strong>insudavit,</strong></span> <span class='ocrx_word' id='word_1_150' title='bbox 560 1184 704 1219; x_wconf 65' lang='lat' dir='ltr'><strong>quaesiere</strong></span> <span class='ocrx_word' id='word_1_151' title='bbox 727 1183 822 1211; x_wconf 88' lang='lat' dir='ltr'><strong>multi.</strong></span> <span class='ocrx_word' id='word_1_152' title='bbox 839 1184 893 1211; x_wconf 86' lang='lat' dir='ltr'><strong>Sed</strong></span> 
     </span>
    </p>
   </div>
   <div class='ocr_carea' id='block_1_29' title="bbox 58 1227 895 1263">
    <p class='ocr_par' dir='ltr' id='par_1_29' title="bbox 58 1227 895 1263">
     <span class='ocr_line' id='line_1_29' title="bbox 58 1227 895 1263; baseline 0.001 -9"><span class='ocrx_word' id='word_1_153' title='bbox 58 1227 173 1255; x_wconf 81' lang='lat' dir='ltr'><strong>frustra</strong></span> <span class='ocrx_word' id='word_1_154' title='bbox 188 1236 307 1263; x_wconf 83' lang='lat' dir='ltr'><strong>operam</strong></span> <span class='ocrx_word' id='word_1_155' title='bbox 324 1228 533 1256; x_wconf 87' lang='lat' dir='ltr'><strong>contriverunt.</strong></span> <span class='ocrx_word' id='word_1_156' title='bbox 551 1227 603 1255; x_wconf 90' lang='lat' dir='ltr'><strong>Ubi</strong></span> <span class='ocrx_word' id='word_1_157' title='bbox 617 1228 732 1256; x_wconf 89' lang='lat' dir='ltr'><strong>nullum</strong></span> <span class='ocrx_word' id='word_1_158' title='bbox 749 1228 790 1255; x_wconf 86' lang='lat' dir='ltr'><strong>rei</strong></span> <span class='ocrx_word' id='word_1_159' title='bbox 806 1228 895 1256; x_wconf 82' lang='lat' dir='ltr'><strong>vesti-</strong></span> 
     </span>
    </p>
   </div>
   <div class='ocr_carea' id='block_1_30' title="bbox 58 1272 893 1308">
    <p class='ocr_par' dir='ltr' id='par_1_30' title="bbox 58 1272 893 1308">
     <span class='ocr_line' id='line_1_30' title="bbox 58 1272 893 1308; baseline 0.001 -9"><span class='ocrx_word' id='word_1_160' title='bbox 58 1272 144 1308; x_wconf 82' lang='lat' dir='ltr'><strong>gium</strong></span> <span class='ocrx_word' id='word_1_161' title='bbox 161 1275 292 1308; x_wconf 83' lang='lat' dir='ltr'><strong>apparet,</strong></span> <span class='ocrx_word' id='word_1_162' title='bbox 310 1273 334 1300; x_wconf 91' lang='lat' dir='ltr'><strong>si</strong></span> <span class='ocrx_word' id='word_1_163' title='bbox 351 1273 483 1300; x_wconf 79' lang='lat' dir='ltr'><strong>venatori</strong></span> <span class='ocrx_word' id='word_1_164' title='bbox 498 1281 545 1300; x_wconf 87' lang='lat' dir='ltr'><strong>res</strong></span> <span class='ocrx_word' id='word_1_165' title='bbox 560 1281 617 1300; x_wconf 91' lang='lat' dir='ltr'><strong>non</strong></span> <span class='ocrx_word' id='word_1_166' title='bbox 634 1272 893 1305; x_wconf 83' lang='lat' dir='ltr'><strong>succedit,laudem</strong></span> 
     </span>
    </p>
   </div>
   <div class='ocr_carea' id='block_1_31' title="bbox 58 1316 893 1353">
    <p class='ocr_par' dir='ltr' id='par_1_31' title="bbox 58 1316 893 1353">
     <span class='ocr_line' id='line_1_31' title="bbox 58 1316 893 1353; baseline 0 -9"><span class='ocrx_word' id='word_1_167' title='bbox 58 1316 110 1344; x_wconf 87' lang='lat' dir='ltr'><strong>ille</strong></span> <span class='ocrx_word' id='word_1_168' title='bbox 124 1325 177 1352; x_wconf 92' lang='lat' dir='ltr'><strong>pro</strong></span> <span class='ocrx_word' id='word_1_169' title='bbox 194 1319 313 1350; x_wconf 88' lang='lat' dir='ltr'><strong>conatu,</strong></span> <span class='ocrx_word' id='word_1_170' title='bbox 341 1326 410 1350; x_wconf 88' lang='lat' dir='ltr'><strong>non,</strong></span> <span class='ocrx_word' id='word_1_171' title='bbox 439 1318 517 1352; x_wconf 90' lang='lat' dir='ltr'><strong>quod</strong></span> <span class='ocrx_word' id='word_1_172' title='bbox 543 1325 601 1344; x_wconf 87' lang='lat' dir='ltr'><strong>non</strong></span> <span class='ocrx_word' id='word_1_173' title='bbox 621 1317 775 1351; x_wconf 90' lang='lat' dir='ltr'><strong>invenerit,</strong></span> <span class='ocrx_word' id='word_1_174' title='bbox 796 1325 893 1353; x_wconf 89' lang='lat' dir='ltr'><strong>repre-</strong></span> 
     </span>
    </p>
   </div>
   <div class='ocr_carea' id='block_1_32' title="bbox 59 1361 893 1398">
    <p class='ocr_par' dir='ltr' id='par_1_32' title="bbox 59 1361 893 1398">
     <span class='ocr_line' id='line_1_32' title="bbox 59 1361 893 1398; baseline 0.001 -10"><span class='ocrx_word' id='word_1_175' title='bbox 59 1361 238 1389; x_wconf 88' lang='lat' dir='ltr'><strong>hensionem</strong></span> <span class='ocrx_word' id='word_1_176' title='bbox 255 1363 562 1397; x_wconf 85' lang='lat' dir='ltr'><strong>promeretur.Verum</strong></span> <span class='ocrx_word' id='word_1_177' title='bbox 578 1362 648 1389; x_wconf 90' lang='lat' dir='ltr'><strong>dum</strong></span> <span class='ocrx_word' id='word_1_178' title='bbox 665 1370 718 1398; x_wconf 84' lang='lat' dir='ltr'><strong>ego</strong></span> <span class='ocrx_word' id='word_1_179' title='bbox 733 1362 820 1389; x_wconf 87' lang='lat' dir='ltr'><strong>etiam</strong></span> <span class='ocrx_word' id='word_1_180' title='bbox 833 1369 893 1389; x_wconf 87' lang='lat' dir='ltr'><strong>om-</strong></span> 
     </span>
    </p>
   </div>
   <div class='ocr_carea' id='block_1_33' title="bbox 61 1406 892 1442">
    <p class='ocr_par' dir='ltr' id='par_1_33' title="bbox 61 1406 892 1442">
     <span class='ocr_line' id='line_1_33' title="bbox 61 1406 892 1442; baseline 0.001 -9"><span class='ocrx_word' id='word_1_181' title='bbox 61 1406 111 1434; x_wconf 89' lang='lat' dir='ltr'><strong>nia</strong></span> <span class='ocrx_word' id='word_1_182' title='bbox 129 1406 305 1442; x_wconf 81' lang='lat' dir='ltr'><strong>pervcstigo,</strong></span> <span class='ocrx_word' id='word_1_183' title='bbox 322 1406 347 1434; x_wconf 89' lang='lat' dir='ltr'><strong>si</strong></span> <span class='ocrx_word' id='word_1_184' title='bbox 372 1406 441 1442; x_wconf 87' lang='lat' dir='ltr'><strong>quid</strong></span> <span class='ocrx_word' id='word_1_185' title='bbox 467 1407 665 1434; x_wconf 88' lang='lat' dir='ltr'><strong>subodoratus</strong></span> <span class='ocrx_word' id='word_1_186' title='bbox 688 1415 766 1440; x_wconf 88' lang='lat' dir='ltr'><strong>sum,</strong></span> <span class='ocrx_word' id='word_1_187' title='bbox 783 1407 811 1434; x_wconf 91' lang='lat' dir='ltr'><strong>in</strong></span> <span class='ocrx_word' id='word_1_188' title='bbox 829 1415 892 1434; x_wconf 87' lang='lat' dir='ltr'><strong>me-</strong></span> 
     </span>
    </p>
   </div>
   <div class='ocr_carea' id='block_1_34' title="bbox 61 1450 890 1487">
    <p class='ocr_par' dir='ltr' id='par_1_34' title="bbox 61 1450 890 1487">
     <span class='ocr_line' id='line_1_34' title="bbox 61 1450 890 1487; baseline 0 -9"><span class='ocrx_word' id='word_1_189' title='bbox 61 1451 147 1478; x_wconf 92' lang='lat' dir='ltr'><strong>dium</strong></span> <span class='ocrx_word' id='word_1_190' title='bbox 163 1451 294 1485; x_wconf 69' lang='lat' dir='ltr'><strong>atteram,</strong></span> <span class='ocrx_word' id='word_1_191' title='bbox 312 1451 404 1478; x_wconf 89' lang='lat' dir='ltr'><strong>donec</strong></span> <span class='ocrx_word' id='word_1_192' title='bbox 420 1451 540 1479; x_wconf 85' lang='lat' dir='ltr'><strong>meliora</strong></span> <span class='ocrx_word' id='word_1_193' title='bbox 551 1452 586 1478; x_wconf 84' lang='lat' dir='ltr'><strong>ab</strong></span> <span class='ocrx_word' id='word_1_194' title='bbox 598 1450 664 1479; x_wconf 87' lang='lat' dir='ltr'><strong>aliis</strong></span> <span class='ocrx_word' id='word_1_195' title='bbox 680 1452 890 1487; x_wconf 86' lang='lat' dir='ltr'><strong>producantur.</strong></span> 
     </span>
    </p>
   </div>
   <div class='ocr_carea' id='block_1_35' title="bbox 59 1495 890 1530">
    <p class='ocr_par' dir='ltr' id='par_1_35' title="bbox 59 1495 890 1530">
     <span class='ocr_line' id='line_1_35' title="bbox 59 1495 890 1530; baseline 0.001 -8"><span class='ocrx_word' id='word_1_196' title='bbox 59 1497 220 1530; x_wconf 88' lang='lat' dir='ltr'><strong>Sensuum,</strong></span> <span class='ocrx_word' id='word_1_197' title='bbox 246 1503 279 1522; x_wconf 87' lang='lat' dir='ltr'><strong>ac</strong></span> <span class='ocrx_word' id='word_1_198' title='bbox 309 1495 530 1523; x_wconf 88' lang='lat' dir='ltr'><strong>enarrationum</strong></span> <span class='ocrx_word' id='word_1_199' title='bbox 551 1495 714 1523; x_wconf 86' lang='lat' dir='ltr'><strong>similitudo</strong></span> <span class='ocrx_word' id='word_1_200' title='bbox 738 1495 793 1523; x_wconf 90' lang='lat' dir='ltr'><strong>bos</strong></span> <span class='ocrx_word' id='word_1_201' title='bbox 816 1496 890 1524; x_wconf 92' lang='lat' dir='ltr'><strong>duos</strong></span> 
     </span>
    </p>
   </div>
   <div class='ocr_carea' id='block_1_36' title="bbox 959 189 1684 229">
    <p class='ocr_par' dir='ltr' id='par_1_36' title="bbox 959 189 1684 229">
     <span class='ocr_line' id='line_1_36' title="bbox 959 189 1684 229; baseline 0.001 -12"><span class='ocrx_word' id='word_1_202' title='bbox 959 189 1007 229; x_wconf 71' lang='grc' dir='ltr'><strong>Κᾴἱ</strong></span> <span class='ocrx_word' id='word_1_203' title='bbox 1021 189 1206 229; x_wconf 49' lang='grc' dir='ltr'><strong>τῶξτᾱγὲρωγ</strong></span> <span class='ocrx_word' id='word_1_204' title='bbox 1222 189 1355 229; x_wconf 48' lang='lat'><strong>1.509595,</strong></span> <span class='ocrx_word' id='word_1_205' title='bbox 1368 189 1529 229; x_wconf 65' lang='grc' dir='ltr'><strong>τέὲμπελλοξ</strong></span> <span class='ocrx_word' id='word_1_206' title='bbox 1543 189 1684 225; x_wconf 15' lang='grc' dir='ltr'><strong>κέεαήζούση.</strong></span> 
     </span>
    </p>
   </div>
   <div class='ocr_carea' id='block_1_37' title="bbox 955 226 1627 263">
    <p class='ocr_par' dir='ltr' id='par_1_37' title="bbox 955 226 1627 263">
     <span class='ocr_line' id='line_1_37' title="bbox 955 226 1627 263; baseline -0.004 -8"><span class='ocrx_word' id='word_1_207' title='bbox 955 228 1040 256; x_wconf 79' lang='grc' dir='ltr'><strong>Αὐτὸν</strong></span> <span class='ocrx_word' id='word_1_208' title='bbox 1058 227 1087 255; x_wconf 72' lang='grc' dir='ltr'><strong>δὲ</strong></span> <span class='ocrx_word' id='word_1_209' title='bbox 1104 226 1297 263; x_wconf 61' lang='grc' dir='ltr'><strong>βάρύνόμενοὺ,</strong></span> <span class='ocrx_word' id='word_1_210' title='bbox 1309 226 1358 254; x_wconf 59' lang='grc' dir='ltr'><strong>’καὶ</strong></span> <span class='ocrx_word' id='word_1_211' title='bbox 1375 226 1627 263; x_wconf 71' lang='grc' dir='ltr'><strong>δυσανασχετοῦντα</strong></span> 
     </span>
    </p>
   </div>
   <div class='ocr_carea' id='block_1_38' title="bbox 955 262 1593 301">
    <p class='ocr_par' dir='ltr' id='par_1_38' title="bbox 955 262 1593 301">
     <span class='ocr_line' id='line_1_38' title="bbox 955 262 1593 301; baseline -0.005 -10"><span class='ocrx_word' id='word_1_212' title='bbox 955 265 1011 298; x_wconf 77' lang='grc' dir='ltr'><strong>Τῆς</strong></span> <span class='ocrx_word' id='word_1_213' title='bbox 1031 264 1161 301; x_wconf 76' lang='grc' dir='ltr'><strong>Ἐφεσίων</strong></span> <span class='ocrx_word' id='word_1_214' title='bbox 1174 263 1282 294; x_wconf 79' lang='grc' dir='ltr'><strong>πόλεως</strong></span> <span class='ocrx_word' id='word_1_215' title='bbox 1296 262 1414 299; x_wconf 69' lang='grc' dir='ltr'>ποιμένα</span> <span class='ocrx_word' id='word_1_216' title='bbox 1429 262 1593 289; x_wconf 55' lang='grc' dir='ltr'><strong>καϐιὰῖτάνει.</strong></span> 
     </span>
    </p>
   </div>
   <div class='ocr_carea' id='block_1_39' title="bbox 955 316 1781 353">
    <p class='ocr_par' dir='ltr' id='par_1_39' title="bbox 955 316 1781 353">
     <span class='ocr_line' id='line_1_39' title="bbox 955 316 1781 353; baseline -0.001 -8"><span class='ocrx_word' id='word_1_217' title='bbox 955 319 1137 346; x_wconf 77' lang='lat' dir='ltr'><strong>Antecessoris</strong></span> <span class='ocrx_word' id='word_1_218' title='bbox 1168 318 1306 345; x_wconf 79' lang='lat' dir='ltr'><strong>Michaelis</strong></span> <span class='ocrx_word' id='word_1_219' title='bbox 1345 317 1487 353; x_wconf 82' lang='lat' dir='ltr'><strong>conjugem</strong></span> <span class='ocrx_word' id='word_1_220' title='bbox 1518 317 1573 343; x_wconf 90' lang='lat' dir='ltr'><strong>sibi</strong></span> <span class='ocrx_word' id='word_1_221' title='bbox 1603 316 1781 344; x_wconf 81' lang='lat' dir='ltr'><strong>matrimonio</strong></span> 
     </span>
    </p>
   </div>
   <div class='ocr_carea' id='block_1_40' title="bbox 955 360 1781 398">
    <p class='ocr_par' dir='ltr' id='par_1_40' title="bbox 955 360 1781 398">
     <span class='ocr_line' id='line_1_40' title="bbox 955 360 1781 398; baseline -0.005 -8"><span class='ocrx_word' id='word_1_222' title='bbox 955 364 1077 398; x_wconf 80' lang='lat' dir='ltr'><strong>copulat,</strong></span> <span class='ocrx_word' id='word_1_223' title='bbox 1092 371 1176 390; x_wconf 70' lang='lat' dir='ltr'><strong>senex</strong></span> <span class='ocrx_word' id='word_1_224' title='bbox 1190 363 1337 390; x_wconf 83' lang='lat' dir='ltr'><strong>mulierem</strong></span> <span class='ocrx_word' id='word_1_225' title='bbox 1352 366 1475 390; x_wconf 85' lang='lat' dir='ltr'><strong>teneram</strong></span> <span class='ocrx_word' id='word_1_226' title='bbox 1486 363 1511 388; x_wconf 86' lang='lat' dir='ltr'><strong>et</strong></span> <span class='ocrx_word' id='word_1_227' title='bbox 1526 360 1781 396; x_wconf 83' lang='lat' dir='ltr'><strong>dedicatam,capu-</strong></span> 
     </span>
    </p>
   </div>
   <div class='ocr_carea' id='block_1_41' title="bbox 957 405 1780 442">
    <p class='ocr_par' dir='ltr' id='par_1_41' title="bbox 957 405 1780 442">
     <span class='ocr_line' id='line_1_41' title="bbox 957 405 1780 442; baseline -0.002 -8"><span class='ocrx_word' id='word_1_228' title='bbox 957 408 1034 440; x_wconf 83' lang='lat' dir='ltr'><strong>laris,</strong></span> <span class='ocrx_word' id='word_1_229' title='bbox 1051 409 1076 435; x_wconf 80' lang='lat' dir='ltr'><strong>et</strong></span> <span class='ocrx_word' id='word_1_230' title='bbox 1097 408 1194 442; x_wconf 74' lang='lat' dir='ltr'><strong>funeri</strong></span> <span class='ocrx_word' id='word_1_231' title='bbox 1216 407 1373 434; x_wconf 81' lang='lat' dir='ltr'><strong>destinatus</strong></span> <span class='ocrx_word' id='word_1_232' title='bbox 1397 409 1529 441; x_wconf 75' lang='lat' dir='ltr'><strong>vegetam,</strong></span> <span class='ocrx_word' id='word_1_233' title='bbox 1553 407 1634 440; x_wconf 76' lang='lat' dir='ltr'><strong>atque</strong></span> <span class='ocrx_word' id='word_1_234' title='bbox 1654 405 1780 438; x_wconf 76' lang='lat' dir='ltr'><strong>iuvenem</strong></span> 
     </span>
    </p>
   </div>
   <div class='ocr_carea' id='block_1_42' title="bbox 957 450 1780 488">
    <p class='ocr_par' dir='ltr' id='par_1_42' title="bbox 957 450 1780 488">
     <span class='ocr_line' id='line_1_42' title="bbox 957 450 1780 488; baseline -0.004 -9"><span class='ocrx_word' id='word_1_235' title='bbox 957 452 1095 488; x_wconf 77' lang='lat' dir='ltr'><strong>Quemque</strong></span> <span class='ocrx_word' id='word_1_236' title='bbox 1117 455 1217 480; x_wconf 77' lang='lat' dir='ltr'><strong>sortem</strong></span> <span class='ocrx_word' id='word_1_237' title='bbox 1237 460 1316 479; x_wconf 80' lang='lat' dir='ltr'><strong>suam</strong></span> <span class='ocrx_word' id='word_1_238' title='bbox 1341 459 1425 486; x_wconf 52' lang='lat' dir='ltr'><strong>agre,</strong></span> <span class='ocrx_word' id='word_1_239' title='bbox 1452 450 1614 485; x_wconf 81' lang='lat' dir='ltr'><strong>molesteque</strong></span> <span class='ocrx_word' id='word_1_240' title='bbox 1637 451 1780 484; x_wconf 80' lang='lat' dir='ltr'><strong>ferentem,</strong></span> 
     </span>
    </p>
   </div>
   <div class='ocr_carea' id='block_1_43' title="bbox 955 495 1783 532">
    <p class='ocr_par' dir='ltr' id='par_1_43' title="bbox 955 495 1783 532">
     <span class='ocr_line' id='line_1_43' title="bbox 955 495 1783 532; baseline -0.002 -9"><span class='ocrx_word' id='word_1_241' title='bbox 955 505 986 524; x_wconf 88' lang='lat' dir='ltr'><strong>ac</strong></span> <span class='ocrx_word' id='word_1_242' title='bbox 1000 496 1200 531; x_wconf 81' lang='lat' dir='ltr'><strong>deplorantem,</strong></span> <span class='ocrx_word' id='word_1_243' title='bbox 1216 496 1359 532; x_wconf 53' lang='lat' dir='ltr'><strong>Ephesium</strong></span> <span class='ocrx_word' id='word_1_244' title='bbox 1374 495 1451 523; x_wconf 81' lang='lat' dir='ltr'><strong>urbis</strong></span> <span class='ocrx_word' id='word_1_245' title='bbox 1471 496 1607 530; x_wconf 80' lang='lat' dir='ltr'><strong>pastorem</strong></span> <span class='ocrx_word' id='word_1_246' title='bbox 1631 495 1783 530; x_wconf 84' lang='lat' dir='ltr'><strong>imperator</strong></span> 
     </span>
    </p>
   </div>
   <div class='ocr_carea' id='block_1_44' title="bbox 954 539 1531 576">
    <p class='ocr_par' dir='ltr' id='par_1_44' title="bbox 954 539 1531 576">
     <span class='ocr_line' id='line_1_44' title="bbox 954 539 1531 576; baseline -0.002 -9"><span class='ocrx_word' id='word_1_247' title='bbox 954 542 1104 568; x_wconf 76' lang='lat' dir='ltr'><strong>constituit.</strong></span> <span class='ocrx_word' id='word_1_248' title='bbox 1122 541 1155 568; x_wconf 84' lang='lat' dir='ltr'><strong>Et</strong></span> <span class='ocrx_word' id='word_1_249' title='bbox 1170 541 1304 576; x_wconf 70' lang='lat' dir='ltr'><strong>Ephraem</strong></span> <span class='ocrx_word' id='word_1_250' title='bbox 1322 540 1350 567; x_wconf 90' lang='lat' dir='ltr'><strong>in</strong></span> <span class='ocrx_word' id='word_1_251' title='bbox 1367 539 1508 567; x_wconf 88' lang='lat' dir='ltr'><strong>Chronico</strong></span> <span class='ocrx_word' id='word_1_252' title='bbox 1525 547 1531 566; x_wconf 91' lang='lat'>:</span> 
     </span>
    </p>
   </div>
   <div class='ocr_carea' id='block_1_45' title="bbox 991 595 1590 634">
    <p class='ocr_par' dir='ltr' id='par_1_45' title="bbox 991 595 1590 634">
     <span class='ocr_line' id='line_1_45' title="bbox 991 595 1590 634; baseline -0.005 -8"><span class='ocrx_word' id='word_1_253' title='bbox 991 599 1046 634; x_wconf 70' lang='lat'><strong>[‘23]</strong></span> <span class='ocrx_word' id='word_1_254' title='bbox 1062 598 1092 626; x_wconf 84' lang='grc' dir='ltr'><em>Ὀ</em></span> <span class='ocrx_word' id='word_1_255' title='bbox 1109 597 1225 634; x_wconf 71' lang='grc' dir='ltr'><strong>Μιχαὴλ</strong></span> <span class='ocrx_word' id='word_1_256' title='bbox 1242 595 1270 624; x_wconf 70' lang='grc' dir='ltr'><strong>δὲ</strong></span> <span class='ocrx_word' id='word_1_257' title='bbox 1282 596 1383 634; x_wconf 51' lang='grc' dir='ltr'>γίνεταξ</span> <span class='ocrx_word' id='word_1_258' title='bbox 1401 596 1590 634; x_wconf 59' lang='grc' dir='ltr'><strong>μελαμφόρος,</strong></span> 
     </span>
    </p>
   </div>
   <div class='ocr_carea' id='block_1_46' title="bbox 991 631 1575 671">
    <p class='ocr_par' dir='ltr' id='par_1_46' title="bbox 991 631 1575 671">
     <span class='ocr_line' id='line_1_46' title="bbox 991 631 1575 671; baseline -0.002 -10"><span class='ocrx_word' id='word_1_259' title='bbox 991 631 1046 662; x_wconf 61' lang='grc' dir='ltr'><strong>Εἶτἴ</strong></span> <span class='ocrx_word' id='word_1_260' title='bbox 1063 631 1226 671; x_wconf 65' lang='grc' dir='ltr'><strong>ἀρχιοὶῗτης,</strong></span> <span class='ocrx_word' id='word_1_261' title='bbox 1243 631 1435 669; x_wconf 66' lang='grc' dir='ltr'><strong>καῖ’πρόεδρος</strong></span> <span class='ocrx_word' id='word_1_262' title='bbox 1449 631 1575 669; x_wconf 69' lang='grc' dir='ltr'><strong>Ἐφέσου.</strong></span> 
     </span>
    </p>
   </div>
   <div class='ocr_carea' id='block_1_47' title="bbox 955 690 1781 728">
    <p class='ocr_par' dir='ltr' id='par_1_47' title="bbox 955 690 1781 728">
     <span class='ocr_line' id='line_1_47' title="bbox 955 690 1781 728; baseline -0.006 -7"><span class='ocrx_word' id='word_1_263' title='bbox 955 693 1076 721; x_wconf 78' lang='lat' dir='ltr'><strong>Michael</strong></span> <span class='ocrx_word' id='word_1_264' title='bbox 1096 701 1161 720; x_wconf 80' lang='lat' dir='ltr'><strong>vero</strong></span> <span class='ocrx_word' id='word_1_265' title='bbox 1185 693 1279 728; x_wconf 80' lang='lat' dir='ltr'><strong>nigris</strong></span> <span class='ocrx_word' id='word_1_266' title='bbox 1301 692 1469 719; x_wconf 82' lang='lat' dir='ltr'><strong>vestimentis</strong></span> <span class='ocrx_word' id='word_1_267' title='bbox 1491 690 1608 718; x_wconf 84' lang='lat' dir='ltr'><strong>indutus</strong></span> <span class='ocrx_word' id='word_1_268' title='bbox 1628 690 1781 724; x_wconf 81' lang='lat' dir='ltr'><strong>sacriﬁcio-</strong></span> 
     </span>
    </p>
   </div>
   <div class='ocr_carea' id='block_1_48' title="bbox 955 734 1779 773">
    <p class='ocr_par' dir='ltr' id='par_1_48' title="bbox 955 734 1779 773">
     <span class='ocr_line' id='line_1_48' title="bbox 955 734 1779 773; baseline -0.005 -8"><span class='ocrx_word' id='word_1_269' title='bbox 955 746 1018 765; x_wconf 87' lang='lat' dir='ltr'><strong>rum</strong></span> <span class='ocrx_word' id='word_1_270' title='bbox 1043 738 1180 773; x_wconf 80' lang='lat' dir='ltr'><strong>princeps,</strong></span> <span class='ocrx_word' id='word_1_271' title='bbox 1213 737 1371 772; x_wconf 58' lang='lat' dir='ltr'><strong>pra’sulque</strong></span> <span class='ocrx_word' id='word_1_272' title='bbox 1394 735 1498 771; x_wconf 80' lang='lat' dir='ltr'><strong>Ephesi</strong></span> <span class='ocrx_word' id='word_1_273' title='bbox 1531 735 1570 770; x_wconf 81' lang='lat' dir='ltr'><strong>ﬁt.</strong></span> <span class='ocrx_word' id='word_1_274' title='bbox 1595 734 1626 762; x_wconf 93' lang='lat' dir='ltr'><strong>In</strong></span> <span class='ocrx_word' id='word_1_275' title='bbox 1652 742 1686 762; x_wconf 89' lang='lat' dir='ltr'><strong>eo</strong></span> <span class='ocrx_word' id='word_1_276' title='bbox 1710 734 1779 767; x_wconf 89' lang='lat' dir='ltr'><strong>otio,</strong></span> 
     </span>
    </p>
   </div>
   <div class='ocr_carea' id='block_1_49' title="bbox 955 778 1779 818">
    <p class='ocr_par' dir='ltr' id='par_1_49' title="bbox 955 778 1779 818">
     <span class='ocr_line' id='line_1_49' title="bbox 955 778 1779 818; baseline -0.006 -8"><span class='ocrx_word' id='word_1_277' title='bbox 955 782 979 810; x_wconf 92' lang='lat' dir='ltr'><strong>si</strong></span> <span class='ocrx_word' id='word_1_278' title='bbox 995 790 1111 818; x_wconf 83' lang='lat' dir='ltr'><strong>gregem</strong></span> <span class='ocrx_word' id='word_1_279' title='bbox 1127 781 1233 809; x_wconf 87' lang='lat' dir='ltr'><strong>Christi</strong></span> <span class='ocrx_word' id='word_1_280' title='bbox 1251 789 1369 817; x_wconf 87' lang='lat' dir='ltr'><strong>pascere</strong></span> <span class='ocrx_word' id='word_1_281' title='bbox 1384 780 1477 808; x_wconf 86' lang='lat' dir='ltr'><strong>otium</strong></span> <span class='ocrx_word' id='word_1_282' title='bbox 1498 782 1552 813; x_wconf 88' lang='lat' dir='ltr'><strong>est,</strong></span> <span class='ocrx_word' id='word_1_283' title='bbox 1578 778 1671 806; x_wconf 79' lang='lat' dir='ltr'><strong>multa</strong></span> <span class='ocrx_word' id='word_1_284' title='bbox 1686 778 1715 806; x_wconf 91' lang='lat' dir='ltr'><strong>in</strong></span> <span class='ocrx_word' id='word_1_285' title='bbox 1729 786 1779 806; x_wconf 82' lang='lat' dir='ltr'><strong>va-</strong></span> 
     </span>
    </p>
   </div>
   <div class='ocr_carea' id='block_1_50' title="bbox 955 823 1778 863">
    <p class='ocr_par' dir='ltr' id='par_1_50' title="bbox 955 823 1778 863">
     <span class='ocr_line' id='line_1_50' title="bbox 955 823 1778 863; baseline -0.006 -9"><span class='ocrx_word' id='word_1_286' title='bbox 955 827 1015 854; x_wconf 90' lang='lat' dir='ltr'><strong>rias</strong></span> <span class='ocrx_word' id='word_1_287' title='bbox 1030 826 1214 863; x_wconf 86' lang='lat' dir='ltr'><strong>disciplinas,</strong></span> <span class='ocrx_word' id='word_1_288' title='bbox 1230 834 1282 853; x_wconf 90' lang='lat' dir='ltr'><strong>nec</strong></span> <span class='ocrx_word' id='word_1_289' title='bbox 1298 825 1412 859; x_wconf 86' lang='lat' dir='ltr'><strong>dubito,</strong></span> <span class='ocrx_word' id='word_1_290' title='bbox 1437 823 1622 860; x_wconf 89' lang='lat' dir='ltr'><strong>conscripsit,</strong></span> <span class='ocrx_word' id='word_1_291' title='bbox 1647 832 1711 859; x_wconf 74' lang='lat' dir='ltr'><strong>quae</strong></span> <span class='ocrx_word' id='word_1_292' title='bbox 1726 831 1778 850; x_wconf 87' lang='lat' dir='ltr'><strong>no-</strong></span> 
     </span>
    </p>
   </div>
   <div class='ocr_carea' id='block_1_51' title="bbox 956 868 1778 906">
    <p class='ocr_par' dir='ltr' id='par_1_51' title="bbox 956 868 1778 906">
     <span class='ocr_line' id='line_1_51' title="bbox 956 868 1778 906; baseline -0.005 -7"><span class='ocrx_word' id='word_1_293' title='bbox 956 871 1035 899; x_wconf 90' lang='lat' dir='ltr'><strong>mine</strong></span> <span class='ocrx_word' id='word_1_294' title='bbox 1059 870 1208 899; x_wconf 80' lang='lat' dir='ltr'><strong>Michaelis</strong></span> <span class='ocrx_word' id='word_1_295' title='bbox 1240 869 1367 906; x_wconf 87' lang='lat' dir='ltr'><strong>Ephesii,</strong></span> <span class='ocrx_word' id='word_1_296' title='bbox 1403 868 1511 905; x_wconf 85' lang='lat' dir='ltr'><strong>quietis</strong></span> <span class='ocrx_word' id='word_1_297' title='bbox 1537 868 1633 904; x_wconf 85' lang='lat' dir='ltr'><strong>potius</strong></span> <span class='ocrx_word' id='word_1_298' title='bbox 1664 876 1778 901; x_wconf 82' lang='lat' dir='ltr'><strong>amans,</strong></span> 
     </span>
    </p>
   </div>
   <div class='ocr_carea' id='block_1_52' title="bbox 955 912 1778 949">
    <p class='ocr_par' dir='ltr' id='par_1_52' title="bbox 955 912 1778 949">
     <span class='ocr_line' id='line_1_52' title="bbox 955 912 1778 949; baseline -0.004 -6"><span class='ocrx_word' id='word_1_299' title='bbox 955 923 1067 944; x_wconf 88' lang='lat' dir='ltr'><strong>memor</strong></span> <span class='ocrx_word' id='word_1_300' title='bbox 1081 915 1247 947; x_wconf 85' lang='lat' dir='ltr'><strong>turbarum,</strong></span> <span class='ocrx_word' id='word_1_301' title='bbox 1261 923 1319 942; x_wconf 84' lang='lat' dir='ltr'><strong>non</strong></span> <span class='ocrx_word' id='word_1_302' title='bbox 1335 913 1532 949; x_wconf 86' lang='lat' dir='ltr'><strong>imperatoris,</strong></span> <span class='ocrx_word' id='word_1_303' title='bbox 1544 912 1778 948; x_wconf 77' lang='lat' dir='ltr'><strong>exemploetiam</strong></span> 
     </span>
    </p>
   </div>
   <div class='ocr_carea' id='block_1_53' title="bbox 954 957 1780 995">
    <p class='ocr_par' dir='ltr' id='par_1_53' title="bbox 954 957 1780 995">
     <span class='ocr_line' id='line_1_53' title="bbox 954 957 1780 995; baseline -0.005 -7"><span class='ocrx_word' id='word_1_304' title='bbox 954 960 1078 988; x_wconf 85' lang='lat' dir='ltr'><strong>aliorum</strong></span> <span class='ocrx_word' id='word_1_305' title='bbox 1095 961 1319 995; x_wconf 82' lang='lat' dir='ltr'><strong>imperatorum,</strong></span> <span class='ocrx_word' id='word_1_306' title='bbox 1339 958 1440 993; x_wconf 89' lang='lat' dir='ltr'><strong>voluit,</strong></span> <span class='ocrx_word' id='word_1_307' title='bbox 1457 960 1489 986; x_wconf 89' lang='lat' dir='ltr'><strong>ut</strong></span> <span class='ocrx_word' id='word_1_308' title='bbox 1510 957 1680 986; x_wconf 88' lang='lat' dir='ltr'><strong>hominibus</strong></span> <span class='ocrx_word' id='word_1_309' title='bbox 1696 957 1780 985; x_wconf 87' lang='lat' dir='ltr'><strong>inno-</strong></span> 
     </span>
    </p>
   </div>
   <div class='ocr_carea' id='block_1_54' title="bbox 953 1002 1778 1040">
    <p class='ocr_par' dir='ltr' id='par_1_54' title="bbox 953 1002 1778 1040">
     <span class='ocr_line' id='line_1_54' title="bbox 953 1002 1778 1040; baseline -0.006 -7"><span class='ocrx_word' id='word_1_310' title='bbox 953 1006 1107 1033; x_wconf 87' lang='lat' dir='ltr'><strong>tescerent.</strong></span> <span class='ocrx_word' id='word_1_311' title='bbox 1139 1005 1201 1032; x_wconf 90' lang='lat' dir='ltr'><strong>Non</strong></span> <span class='ocrx_word' id='word_1_312' title='bbox 1233 1003 1353 1040; x_wconf 79' lang='lat' dir='ltr'><strong>placet?</strong></span> <span class='ocrx_word' id='word_1_313' title='bbox 1376 1002 1488 1030; x_wconf 83' lang='lat' dir='ltr'><strong>dictum</strong></span> <span class='ocrx_word' id='word_1_314' title='bbox 1524 1002 1670 1030; x_wconf 90' lang='lat' dir='ltr'><strong>indictum</strong></span> <span class='ocrx_word' id='word_1_315' title='bbox 1704 1004 1778 1029; x_wconf 88' lang='lat' dir='ltr'><strong>esto.</strong></span> 
     </span>
    </p>
   </div>
   <div class='ocr_carea' id='block_1_55' title="bbox 952 1046 1780 1087">
    <p class='ocr_par' dir='ltr' id='par_1_55' title="bbox 952 1046 1780 1087">
     <span class='ocr_line' id='line_1_55' title="bbox 952 1046 1780 1087; baseline -0.004 -10"><span class='ocrx_word' id='word_1_316' title='bbox 952 1049 1087 1078; x_wconf 75' lang='grc' dir='ltr'><strong>Ἐπανίτω</strong></span> <span class='ocrx_word' id='word_1_317' title='bbox 1102 1049 1171 1087; x_wconf 86' lang='grc' dir='ltr'><strong>πρός</strong></span> <span class='ocrx_word' id='word_1_318' title='bbox 1192 1059 1225 1085; x_wconf 85' lang='grc' dir='ltr'>με</span> <span class='ocrx_word' id='word_1_319' title='bbox 1248 1049 1293 1075; x_wconf 83' lang='grc' dir='ltr'>τὸν</span> <span class='ocrx_word' id='word_1_320' title='bbox 1319 1047 1430 1075; x_wconf 84' lang='grc' dir='ltr'><strong>τεκόντα</strong></span> <span class='ocrx_word' id='word_1_321' title='bbox 1444 1048 1475 1075; x_wconf 87' lang='grc' dir='ltr'><strong>τὸ</strong></span> <span class='ocrx_word' id='word_1_322' title='bbox 1496 1046 1655 1083; x_wconf 74' lang='grc' dir='ltr'><strong>ἀποκύημα.</strong></span> <span class='ocrx_word' id='word_1_323' title='bbox 1681 1047 1780 1075; x_wconf 82' lang='lat' dir='ltr'><strong>Redeat</strong></span> 
     </span>
    </p>
   </div>
   <div class='ocr_carea' id='block_1_56' title="bbox 950 1093 1448 1130">
    <p class='ocr_par' dir='ltr' id='par_1_56' title="bbox 950 1093 1448 1130">
     <span class='ocr_line' id='line_1_56' title="bbox 950 1093 1448 1130; baseline -0.006 -7"><span class='ocrx_word' id='word_1_324' title='bbox 950 1095 989 1123; x_wconf 80' lang='lat' dir='ltr'><strong>ad</strong></span> <span class='ocrx_word' id='word_1_325' title='bbox 1004 1103 1045 1122; x_wconf 83' lang='lat' dir='ltr'><strong>me</strong></span> <span class='ocrx_word' id='word_1_326' title='bbox 1060 1098 1198 1123; x_wconf 83' lang='lat' dir='ltr'><strong>auctorem</strong></span> <span class='ocrx_word' id='word_1_327' title='bbox 1213 1096 1295 1130; x_wconf 75' lang='lat' dir='ltr'><strong>[wtus</strong></span> <span class='ocrx_word' id='word_1_328' title='bbox 1305 1093 1350 1121; x_wconf 84' lang='lat' dir='ltr'><strong>hic</strong></span> <span class='ocrx_word' id='word_1_329' title='bbox 1363 1101 1448 1121; x_wconf 87' lang='lat' dir='ltr'><strong>meus.</strong></span> 
     </span>
    </p>
   </div>
   <div class='ocr_carea' id='block_1_57' title="bbox 986 1136 1779 1174">
    <p class='ocr_par' dir='ltr' id='par_1_57' title="bbox 986 1136 1779 1174">
     <span class='ocr_line' id='line_1_57' title="bbox 986 1136 1779 1174; baseline -0.005 -7"><span class='ocrx_word' id='word_1_330' title='bbox 986 1140 1106 1168; x_wconf 80' lang='lat' dir='ltr'><strong>XXXIII.</strong></span> <span class='ocrx_word' id='word_1_331' title='bbox 1125 1139 1175 1167; x_wconf 84' lang='lat' dir='ltr'><strong>Hic</strong></span> <span class='ocrx_word' id='word_1_332' title='bbox 1191 1147 1260 1174; x_wconf 86' lang='lat' dir='ltr'><strong>ergo</strong></span> <span class='ocrx_word' id='word_1_333' title='bbox 1282 1137 1405 1171; x_wconf 87' lang='lat' dir='ltr'><strong>Psellus,</strong></span> <span class='ocrx_word' id='word_1_334' title='bbox 1422 1139 1455 1164; x_wconf 90' lang='lat' dir='ltr'><strong>ut</strong></span> <span class='ocrx_word' id='word_1_335' title='bbox 1477 1136 1613 1164; x_wconf 87' lang='lat' dir='ltr'><strong>doctrina</strong></span> <span class='ocrx_word' id='word_1_336' title='bbox 1637 1137 1779 1172; x_wconf 60' lang='lat' dir='ltr'><strong>praestan-</strong></span> 
     </span>
    </p>
   </div>
   <div class='ocr_carea' id='block_1_58' title="bbox 950 1180 1777 1220">
    <p class='ocr_par' dir='ltr' id='par_1_58' title="bbox 950 1180 1777 1220">
     <span class='ocr_line' id='line_1_58' title="bbox 950 1180 1777 1220; baseline -0.006 -8"><span class='ocrx_word' id='word_1_337' title='bbox 950 1184 1097 1216; x_wconf 86' lang='lat' dir='ltr'><strong>tissimus.</strong></span> <span class='ocrx_word' id='word_1_338' title='bbox 1112 1184 1151 1212; x_wconf 86' lang='lat' dir='ltr'><strong>ita</strong></span> <span class='ocrx_word' id='word_1_339' title='bbox 1168 1183 1299 1212; x_wconf 87' lang='lat' dir='ltr'><strong>omnium</strong></span> <span class='ocrx_word' id='word_1_340' title='bbox 1315 1180 1569 1220; x_wconf 75' lang='grc' dir='ltr'><strong>πολυγραφώτατος</strong></span> <span class='ocrx_word' id='word_1_341' title='bbox 1591 1180 1656 1208; x_wconf 82' lang='lat' dir='ltr'><strong>fuit.</strong></span> <span class='ocrx_word' id='word_1_342' title='bbox 1675 1180 1777 1208; x_wconf 84' lang='lat' dir='ltr'><strong>Ausim</strong></span> 
     </span>
    </p>
   </div>
   <div class='ocr_carea' id='block_1_59' title="bbox 949 1225 1777 1262">
    <p class='ocr_par' dir='ltr' id='par_1_59' title="bbox 949 1225 1777 1262">
     <span class='ocr_line' id='line_1_59' title="bbox 949 1225 1777 1262; baseline -0.007 -5"><span class='ocrx_word' id='word_1_343' title='bbox 949 1230 1045 1257; x_wconf 82' lang='lat' dir='ltr'><strong>dicere</strong></span> <span class='ocrx_word' id='word_1_344' title='bbox 1062 1229 1222 1256; x_wconf 84' lang='lat' dir='ltr'><strong>neminem.</strong></span> <span class='ocrx_word' id='word_1_345' title='bbox 1239 1236 1282 1262; x_wconf 87' lang='lat' dir='ltr'><strong>ea,</strong></span> <span class='ocrx_word' id='word_1_346' title='bbox 1299 1227 1343 1256; x_wconf 82' lang='lat' dir='ltr'><strong>vel</strong></span> <span class='ocrx_word' id='word_1_347' title='bbox 1361 1227 1559 1262; x_wconf 86' lang='lat' dir='ltr'><strong>subsequente</strong></span> <span class='ocrx_word' id='word_1_348' title='bbox 1573 1227 1664 1258; x_wconf 70' lang='lat' dir='ltr'><strong>salute,</strong></span> <span class='ocrx_word' id='word_1_349' title='bbox 1681 1225 1777 1252; x_wconf 69' lang='lat' dir='ltr'><strong>Graece</strong></span> 
     </span>
    </p>
   </div>
   <div class='ocr_carea' id='block_1_60' title="bbox 948 1269 1777 1305">
    <p class='ocr_par' dir='ltr' id='par_1_60' title="bbox 948 1269 1777 1305">
     <span class='ocr_line' id='line_1_60' title="bbox 948 1269 1777 1305; baseline -0.006 -4"><span class='ocrx_word' id='word_1_350' title='bbox 948 1273 992 1301; x_wconf 86' lang='lat' dir='ltr'><strong>vel</strong></span> <span class='ocrx_word' id='word_1_351' title='bbox 1009 1273 1153 1301; x_wconf 83' lang='lat' dir='ltr'><strong>invenisse</strong></span> <span class='ocrx_word' id='word_1_352' title='bbox 1175 1272 1283 1303; x_wconf 84' lang='lat' dir='ltr'><strong>acrius,</strong></span> <span class='ocrx_word' id='word_1_353' title='bbox 1305 1271 1348 1299; x_wconf 88' lang='lat' dir='ltr'><strong>vel</strong></span> <span class='ocrx_word' id='word_1_354' title='bbox 1374 1271 1526 1299; x_wconf 78' lang='lat' dir='ltr'><strong>ordinasse</strong></span> <span class='ocrx_word' id='word_1_355' title='bbox 1551 1270 1659 1305; x_wconf 84' lang='lat' dir='ltr'><strong>aptius,</strong></span> <span class='ocrx_word' id='word_1_356' title='bbox 1676 1269 1719 1297; x_wconf 84' lang='lat' dir='ltr'><strong>vel</strong></span> <span class='ocrx_word' id='word_1_357' title='bbox 1735 1269 1777 1296; x_wconf 92' lang='lat' dir='ltr'><strong>lo-</strong></span> 
     </span>
    </p>
   </div>
   <div class='ocr_carea' id='block_1_61' title="bbox 948 1315 1774 1353">
    <p class='ocr_par' dir='ltr' id='par_1_61' title="bbox 948 1315 1774 1353">
     <span class='ocr_line' id='line_1_61' title="bbox 948 1315 1774 1353; baseline -0.007 -7"><span class='ocrx_word' id='word_1_358' title='bbox 948 1321 1050 1346; x_wconf 87' lang='lat' dir='ltr'><strong>cutum</strong></span> <span class='ocrx_word' id='word_1_359' title='bbox 1067 1315 1311 1353; x_wconf 87' lang='lat' dir='ltr'><strong>eloquentius,vel</strong></span> <span class='ocrx_word' id='word_1_360' title='bbox 1323 1315 1498 1351; x_wconf 78' lang='lat' dir='ltr'><strong>profundius</strong></span> <span class='ocrx_word' id='word_1_361' title='bbox 1513 1323 1560 1342; x_wconf 90' lang='lat' dir='ltr'><strong>res</strong></span> <span class='ocrx_word' id='word_1_362' title='bbox 1571 1315 1774 1350; x_wconf 83' lang='lat' dir='ltr'><strong>pertractasse.</strong></span> 
     </span>
    </p>
   </div>
   <div class='ocr_carea' id='block_1_62' title="bbox 947 1357 1774 1395">
    <p class='ocr_par' dir='ltr' id='par_1_62' title="bbox 947 1357 1774 1395">
     <span class='ocr_line' id='line_1_62' title="bbox 947 1357 1774 1395; baseline -0.007 -5"><span class='ocrx_word' id='word_1_363' title='bbox 947 1362 1034 1390; x_wconf 88' lang='lat' dir='ltr'><strong>Nulla</strong></span> <span class='ocrx_word' id='word_1_364' title='bbox 1050 1362 1106 1390; x_wconf 87' lang='lat' dir='ltr'><strong>l‘uit</strong></span> <span class='ocrx_word' id='word_1_365' title='bbox 1120 1361 1253 1395; x_wconf 88' lang='lat' dir='ltr'><strong>scientia,</strong></span> <span class='ocrx_word' id='word_1_366' title='bbox 1280 1368 1368 1395; x_wconf 83' lang='lat' dir='ltr'><strong>quam</strong></span> <span class='ocrx_word' id='word_1_367' title='bbox 1395 1360 1457 1395; x_wconf 87' lang='lat' dir='ltr'><strong>ipse</strong></span> <span class='ocrx_word' id='word_1_368' title='bbox 1471 1359 1516 1386; x_wconf 89' lang='lat' dir='ltr'><strong>vel</strong></span> <span class='ocrx_word' id='word_1_369' title='bbox 1537 1358 1615 1386; x_wconf 90' lang='lat' dir='ltr'><strong>notis</strong></span> <span class='ocrx_word' id='word_1_370' title='bbox 1636 1366 1694 1386; x_wconf 90' lang='lat' dir='ltr'><strong>non</strong></span> <span class='ocrx_word' id='word_1_371' title='bbox 1710 1357 1774 1384; x_wconf 92' lang='lat' dir='ltr'><strong>illu-</strong></span> 
     </span>
    </p>
   </div>
   <div class='ocr_carea' id='block_1_63' title="bbox 947 1401 1774 1442">
    <p class='ocr_par' dir='ltr' id='par_1_63' title="bbox 947 1401 1774 1442">
     <span class='ocr_line' id='line_1_63' title="bbox 947 1401 1774 1442; baseline -0.007 -7"><span class='ocrx_word' id='word_1_372' title='bbox 947 1408 1092 1442; x_wconf 82' lang='lat' dir='ltr'><strong>streverit,</strong></span> <span class='ocrx_word' id='word_1_373' title='bbox 1108 1406 1151 1434; x_wconf 89' lang='lat' dir='ltr'><strong>vel</strong></span> <span class='ocrx_word' id='word_1_374' title='bbox 1168 1405 1340 1441; x_wconf 85' lang='lat' dir='ltr'><strong>compendio</strong></span> <span class='ocrx_word' id='word_1_375' title='bbox 1355 1413 1413 1432; x_wconf 89' lang='lat' dir='ltr'><strong>non</strong></span> <span class='ocrx_word' id='word_1_376' title='bbox 1424 1403 1591 1438; x_wconf 86' lang='lat' dir='ltr'><strong>tentaverit,</strong></span> <span class='ocrx_word' id='word_1_377' title='bbox 1601 1401 1645 1430; x_wconf 87' lang='lat' dir='ltr'><strong>vel</strong></span> <span class='ocrx_word' id='word_1_378' title='bbox 1660 1402 1774 1438; x_wconf 88' lang='lat' dir='ltr'><strong>optima</strong></span> 
     </span>
    </p>
   </div>
   <div class='ocr_carea' id='block_1_64' title="bbox 947 1446 1774 1486">
    <p class='ocr_par' dir='ltr' id='par_1_64' title="bbox 947 1446 1774 1486">
     <span class='ocr_line' id='line_1_64' title="bbox 947 1446 1774 1486; baseline -0.008 -6"><span class='ocrx_word' id='word_1_379' title='bbox 947 1452 1085 1480; x_wconf 88' lang='lat' dir='ltr'><strong>methodo</strong></span> <span class='ocrx_word' id='word_1_380' title='bbox 1102 1459 1159 1478; x_wconf 91' lang='lat' dir='ltr'><strong>non</strong></span> <span class='ocrx_word' id='word_1_381' title='bbox 1176 1449 1344 1486; x_wconf 82' lang='lat' dir='ltr'><strong>expedierit.</strong></span> <span class='ocrx_word' id='word_1_382' title='bbox 1361 1449 1479 1481; x_wconf 89' lang='lat' dir='ltr'><strong>Eorum,</strong></span> <span class='ocrx_word' id='word_1_383' title='bbox 1493 1456 1558 1483; x_wconf 73' lang='lat' dir='ltr'><strong>qua:</strong></span> <span class='ocrx_word' id='word_1_384' title='bbox 1573 1446 1774 1482; x_wconf 63' lang='lat' dir='ltr'><strong>scripsitque-</strong></span> 
     </span>
    </p>
   </div>
   <div class='ocr_carea' id='block_1_65' title="bbox 946 1490 1775 1532">
    <p class='ocr_par' dir='ltr' id='par_1_65' title="bbox 946 1490 1775 1532">
     <span class='ocr_line' id='line_1_65' title="bbox 946 1490 1775 1532; baseline -0.008 -8"><span class='ocrx_word' id='word_1_385' title='bbox 946 1505 1003 1532; x_wconf 89' lang='lat' dir='ltr'><strong>que</strong></span> <span class='ocrx_word' id='word_1_386' title='bbox 1016 1495 1052 1523; x_wconf 86' lang='lat' dir='ltr'><strong>ad</strong></span> <span class='ocrx_word' id='word_1_387' title='bbox 1069 1495 1202 1523; x_wconf 88' lang='lat' dir='ltr'><strong>notitiam</strong></span> <span class='ocrx_word' id='word_1_388' title='bbox 1227 1502 1321 1521; x_wconf 86' lang='lat' dir='ltr'><strong>meam</strong></span> <span class='ocrx_word' id='word_1_389' title='bbox 1345 1500 1510 1528; x_wconf 84' lang='lat' dir='ltr'><strong>pervenere,</strong></span> <span class='ocrx_word' id='word_1_390' title='bbox 1533 1491 1667 1527; x_wconf 65' lang='lat' dir='ltr'><strong>quaedam</strong></span> <span class='ocrx_word' id='word_1_391' title='bbox 1695 1490 1775 1518; x_wconf 87' lang='lat' dir='ltr'><strong>edita</strong></span> 
     </span>
    </p>
   </div>
   <div class='ocr_carea' id='block_1_66' title="bbox 58 1531 1775 1575">
    <p class='ocr_par' dir='ltr' id='par_1_66' title="bbox 58 1531 1775 1575">
     <span class='ocr_line' id='line_1_66' title="bbox 58 1531 1775 1575; baseline -0.003 -8"><span class='ocrx_word' id='word_1_392' title='bbox 58 1542 197 1567; x_wconf 85' lang='lat' dir='ltr'><strong>auctores</strong></span> <span class='ocrx_word' id='word_1_393' title='bbox 212 1548 305 1567; x_wconf 87' lang='lat' dir='ltr'><strong>unum</strong></span> <span class='ocrx_word' id='word_1_394' title='bbox 317 1540 353 1568; x_wconf 88' lang='lat' dir='ltr'><strong>ab</strong></span> <span class='ocrx_word' id='word_1_395' title='bbox 367 1539 423 1568; x_wconf 85' lang='lat' dir='ltr'><strong>alio</strong></span> <span class='ocrx_word' id='word_1_396' title='bbox 439 1540 572 1575; x_wconf 85' lang='lat' dir='ltr'><strong>adjutum</strong></span> <span class='ocrx_word' id='word_1_397' title='bbox 586 1540 676 1568; x_wconf 87' lang='lat' dir='ltr'><strong>fuisse</strong></span> <span class='ocrx_word' id='word_1_398' title='bbox 688 1540 890 1575; x_wconf 87' lang='lat' dir='ltr'><strong>satisindicat,</strong></span> <span class='ocrx_word' id='word_1_399' title='bbox 907 1531 928 1564; x_wconf 66' lang='grc' dir='ltr'><strong>(ἶ</strong></span> <span class='ocrx_word' id='word_1_400' title='bbox 948 1531 1027 1573; x_wconf 76' lang='lat' dir='ltr'><strong>sunt,</strong></span> <span class='ocrx_word' id='word_1_401' title='bbox 1042 1539 1176 1575; x_wconf 78' lang='lat' dir='ltr'><strong>quaedam</strong></span> <span class='ocrx_word' id='word_1_402' title='bbox 1198 1539 1295 1566; x_wconf 89' lang='lat' dir='ltr'><strong>adhuc</strong></span> <span class='ocrx_word' id='word_1_403' title='bbox 1322 1537 1434 1565; x_wconf 89' lang='lat' dir='ltr'><strong>inedita</strong></span> <span class='ocrx_word' id='word_1_404' title='bbox 1450 1545 1456 1564; x_wconf 93' lang='lat'><strong>:</strong></span> <span class='ocrx_word' id='word_1_405' title='bbox 1474 1536 1509 1564; x_wconf 86' lang='lat' dir='ltr'><strong>de</strong></span> <span class='ocrx_word' id='word_1_406' title='bbox 1534 1535 1621 1564; x_wconf 90' lang='lat' dir='ltr'><strong>editis</strong></span> <span class='ocrx_word' id='word_1_407' title='bbox 1645 1535 1775 1570; x_wconf 90' lang='lat' dir='ltr'><strong>primum</strong></span> 
     </span>
    </p>
   </div>
   <div class='ocr_carea' id='block_1_67' title="bbox 59 1583 896 1621">
    <p class='ocr_par' dir='ltr' id='par_1_67' title="bbox 59 1583 896 1621">
     <span class='ocr_line' id='line_1_67' title="bbox 59 1583 896 1621; baseline 0.001 -10"><span class='ocrx_word' id='word_1_408' title='bbox 59 1583 105 1612; x_wconf 90' lang='lat' dir='ltr'><strong>vel</strong></span> <span class='ocrx_word' id='word_1_409' title='bbox 124 1587 285 1620; x_wconf 89' lang='lat' dir='ltr'><strong>utrumque</strong></span> <span class='ocrx_word' id='word_1_410' title='bbox 309 1585 344 1612; x_wconf 87' lang='lat' dir='ltr'><strong>ab</strong></span> <span class='ocrx_word' id='word_1_411' title='bbox 369 1584 437 1619; x_wconf 84' lang='lat' dir='ltr'><strong>alio,</strong></span> <span class='ocrx_word' id='word_1_412' title='bbox 454 1588 482 1612; x_wconf 87' lang='lat' dir='ltr'><strong>et</strong></span> <span class='ocrx_word' id='word_1_413' title='bbox 506 1593 540 1612; x_wconf 82' lang='lat' dir='ltr'><strong>ex</strong></span> <span class='ocrx_word' id='word_1_414' title='bbox 565 1593 623 1612; x_wconf 87' lang='lat' dir='ltr'><strong>uno</strong></span> <span class='ocrx_word' id='word_1_415' title='bbox 649 1586 727 1612; x_wconf 82' lang='lat' dir='ltr'><strong>fonte</strong></span> <span class='ocrx_word' id='word_1_416' title='bbox 743 1585 896 1621; x_wconf 83' lang='lat' dir='ltr'><strong>utriusque</strong></span> 
     </span>
    </p>
   </div>
   <div class='ocr_carea' id='block_1_68' title="bbox 62 1628 898 1664">
    <p class='ocr_par' dir='ltr' id='par_1_68' title="bbox 62 1628 898 1664">
     <span class='ocr_line' id='line_1_68' title="bbox 62 1628 898 1664; baseline 0.001 -9"><span class='ocrx_word' id='word_1_417' title='bbox 62 1630 258 1655; x_wconf 87' lang='lat' dir='ltr'><strong>monumenta</strong></span> <span class='ocrx_word' id='word_1_418' title='bbox 271 1628 419 1656; x_wconf 87' lang='lat' dir='ltr'><strong>corrivari.</strong></span> <span class='ocrx_word' id='word_1_419' title='bbox 436 1629 568 1664; x_wconf 88' lang='lat' dir='ltr'><strong>Cumque</strong></span> <span class='ocrx_word' id='word_1_420' title='bbox 592 1637 608 1656; x_wconf 85' lang='lat' dir='ltr'><strong>a</strong></span> <span class='ocrx_word' id='word_1_421' title='bbox 632 1637 690 1664; x_wconf 91' lang='lat' dir='ltr'><strong>quo</strong></span> <span class='ocrx_word' id='word_1_422' title='bbox 714 1628 827 1656; x_wconf 88' lang='lat' dir='ltr'><strong>Psellus</strong></span> <span class='ocrx_word' id='word_1_423' title='bbox 843 1638 898 1656; x_wconf 82' lang='lat' dir='ltr'><strong>sua</strong></span> 
     </span>
    </p>
   </div>
   <div class='ocr_carea' id='block_1_69' title="bbox 62 1672 897 1709">
    <p class='ocr_par' dir='ltr' id='par_1_69' title="bbox 62 1672 897 1709">
     <span class='ocr_line' id='line_1_69' title="bbox 62 1672 897 1709; baseline 0.001 -9"><span class='ocrx_word' id='word_1_424' title='bbox 62 1672 200 1700; x_wconf 80' lang='lat' dir='ltr'><strong>hauserit</strong></span> <span class='ocrx_word' id='word_1_425' title='bbox 216 1681 273 1700; x_wconf 89' lang='lat' dir='ltr'><strong>non</strong></span> <span class='ocrx_word' id='word_1_426' title='bbox 290 1672 427 1706; x_wconf 81' lang='lat' dir='ltr'><strong>habeam,</strong></span> <span class='ocrx_word' id='word_1_427' title='bbox 448 1673 548 1709; x_wconf 88' lang='lat' dir='ltr'><strong>utique</strong></span> <span class='ocrx_word' id='word_1_428' title='bbox 574 1673 734 1708; x_wconf 88' lang='lat' dir='ltr'><strong>Ephesium</strong></span> <span class='ocrx_word' id='word_1_429' title='bbox 750 1681 784 1700; x_wconf 83' lang='lat' dir='ltr'><strong>ex</strong></span> <span class='ocrx_word' id='word_1_430' title='bbox 799 1673 897 1706; x_wconf 86' lang='lat' dir='ltr'><strong>Pselli,</strong></span> 
     </span>
    </p>
   </div>
   <div class='ocr_carea' id='block_1_70' title="bbox 62 1717 898 1753">
    <p class='ocr_par' dir='ltr' id='par_1_70' title="bbox 62 1717 898 1753">
     <span class='ocr_line' id='line_1_70' title="bbox 62 1717 898 1753; baseline 0.001 -9"><span class='ocrx_word' id='word_1_431' title='bbox 62 1717 123 1745; x_wconf 89' lang='lat' dir='ltr'><strong>sive</strong></span> <span class='ocrx_word' id='word_1_432' title='bbox 140 1725 201 1751; x_wconf 90' lang='lat' dir='ltr'><strong>ore,</strong></span> <span class='ocrx_word' id='word_1_433' title='bbox 220 1717 279 1744; x_wconf 87' lang='lat' dir='ltr'><strong>sive</strong></span> <span class='ocrx_word' id='word_1_434' title='bbox 304 1718 516 1752; x_wconf 78' lang='lat' dir='ltr'><strong>monumentis,</strong></span> <span class='ocrx_word' id='word_1_435' title='bbox 541 1717 678 1753; x_wconf 88' lang='lat' dir='ltr'><strong>quamuis</strong></span> <span class='ocrx_word' id='word_1_436' title='bbox 703 1718 898 1746; x_wconf 88' lang='lat' dir='ltr'><strong>verosimilius</strong></span> 
     </span>
    </p>
   </div>
   <div class='ocr_carea' id='block_1_71' title="bbox 64 1761 896 1797">
    <p class='ocr_par' dir='ltr' id='par_1_71' title="bbox 64 1761 896 1797">
     <span class='ocr_line' id='line_1_71' title="bbox 64 1761 896 1797; baseline 0.002 -9"><span class='ocrx_word' id='word_1_437' title='bbox 64 1769 100 1789; x_wconf 82' lang='lat' dir='ltr'><strong>ex</strong></span> <span class='ocrx_word' id='word_1_438' title='bbox 125 1769 188 1795; x_wconf 85' lang='lat' dir='ltr'><strong>ore,</strong></span> <span class='ocrx_word' id='word_1_439' title='bbox 214 1769 268 1789; x_wconf 81' lang='lat' dir='ltr'><strong>sua</strong></span> <span class='ocrx_word' id='word_1_440' title='bbox 292 1761 444 1795; x_wconf 86' lang='lat' dir='ltr'><strong>habuisse,</strong></span> <span class='ocrx_word' id='word_1_441' title='bbox 480 1770 604 1797; x_wconf 87' lang='lat' dir='ltr'><strong>esseque</strong></span> <span class='ocrx_word' id='word_1_442' title='bbox 637 1762 807 1790; x_wconf 86' lang='lat' dir='ltr'><strong>Michaelem</strong></span> <span class='ocrx_word' id='word_1_443' title='bbox 839 1763 896 1790; x_wconf 91' lang='lat' dir='ltr'><strong>Du-</strong></span> 
     </span>
    </p>
   </div>
   <div class='ocr_carea' id='block_1_72' title="bbox 65 1805 897 1843">
    <p class='ocr_par' dir='ltr' id='par_1_72' title="bbox 65 1805 897 1843">
     <span class='ocr_line' id='line_1_72' title="bbox 65 1805 897 1843; baseline 0.002 -10"><span class='ocrx_word' id='word_1_444' title='bbox 65 1814 131 1833; x_wconf 84' lang='lat' dir='ltr'><strong>cam</strong></span> <span class='ocrx_word' id='word_1_445' title='bbox 150 1805 378 1841; x_wconf 80' lang='lat' dir='ltr'><strong>Parapinaceum</strong></span> <span class='ocrx_word' id='word_1_446' title='bbox 404 1807 526 1838; x_wconf 90' lang='lat' dir='ltr'><strong>dictum,</strong></span> <span class='ocrx_word' id='word_1_447' title='bbox 553 1806 639 1834; x_wconf 83' lang='lat' dir='ltr'><strong>Pselli</strong></span> <span class='ocrx_word' id='word_1_448' title='bbox 667 1807 856 1843; x_wconf 88' lang='lat' dir='ltr'><strong>discipulum,</strong></span> <span class='ocrx_word' id='word_1_449' title='bbox 872 1807 897 1835; x_wconf 90' lang='lat' dir='ltr'><strong>si</strong></span> 
     </span>
    </p>
   </div>
   <div class='ocr_carea' id='block_1_73' title="bbox 66 1850 896 1886">
    <p class='ocr_par' dir='ltr' id='par_1_73' title="bbox 66 1850 896 1886">
     <span class='ocr_line' id='line_1_73' title="bbox 66 1850 896 1886; baseline 0.002 -9"><span class='ocrx_word' id='word_1_450' title='bbox 66 1851 238 1886; x_wconf 83' lang='lat' dir='ltr'><strong>conjectura</strong></span> <span class='ocrx_word' id='word_1_451' title='bbox 253 1850 365 1886; x_wconf 84' lang='lat' dir='ltr'><strong>aliquid</strong></span> <span class='ocrx_word' id='word_1_452' title='bbox 381 1851 473 1883; x_wconf 84' lang='lat' dir='ltr'><strong>valeo,</strong></span> <span class='ocrx_word' id='word_1_453' title='bbox 490 1851 636 1878; x_wconf 84' lang='lat' dir='ltr'><strong>existimo.</strong></span> <span class='ocrx_word' id='word_1_454' title='bbox 653 1851 705 1878; x_wconf 87' lang='lat' dir='ltr'><strong>Hic</strong></span> <span class='ocrx_word' id='word_1_455' title='bbox 721 1851 811 1885; x_wconf 88' lang='lat' dir='ltr'><strong>enim,</strong></span> <span class='ocrx_word' id='word_1_456' title='bbox 827 1852 896 1879; x_wconf 90' lang='lat' dir='ltr'><strong>dum</strong></span> 
     </span>
    </p>
   </div>
   <div class='ocr_carea' id='block_1_74' title="bbox 67 1893 898 1930">
    <p class='ocr_par' dir='ltr' id='par_1_74' title="bbox 67 1893 898 1930">
     <span class='ocr_line' id='line_1_74' title="bbox 67 1893 898 1930; baseline 0.002 -9"><span class='ocrx_word' id='word_1_457' title='bbox 67 1902 218 1921; x_wconf 87' lang='lat' dir='ltr'><strong>summam</strong></span> <span class='ocrx_word' id='word_1_458' title='bbox 249 1893 364 1930; x_wconf 89' lang='lat' dir='ltr'><strong>imperii</strong></span> <span class='ocrx_word' id='word_1_459' title='bbox 388 1897 508 1929; x_wconf 83' lang='lat' dir='ltr'><strong>teneret,</strong></span> <span class='ocrx_word' id='word_1_460' title='bbox 533 1903 550 1922; x_wconf 91' lang='lat' dir='ltr'><strong>a</strong></span> <span class='ocrx_word' id='word_1_461' title='bbox 584 1895 679 1923; x_wconf 87' lang='lat' dir='ltr'><strong>Psello</strong></span> <span class='ocrx_word' id='word_1_462' title='bbox 701 1896 831 1930; x_wconf 87' lang='lat' dir='ltr'><strong>edoctus,</strong></span> <span class='ocrx_word' id='word_1_463' title='bbox 848 1895 898 1924; x_wconf 92' lang='lat' dir='ltr'><strong>illo</strong></span> 
     </span>
    </p>
   </div>
   <div class='ocr_carea' id='block_1_75' title="bbox 68 1937 900 1975">
    <p class='ocr_par' dir='ltr' id='par_1_75' title="bbox 68 1937 900 1975">
     <span class='ocr_line' id='line_1_75' title="bbox 68 1937 900 1975; baseline 0.002 -9"><span class='ocrx_word' id='word_1_464' title='bbox 68 1937 193 1971; x_wconf 85' lang='lat' dir='ltr'><strong>amisso,</strong></span> <span class='ocrx_word' id='word_1_465' title='bbox 209 1938 238 1965; x_wconf 94' lang='lat' dir='ltr'><strong>in</strong></span> <span class='ocrx_word' id='word_1_466' title='bbox 255 1938 399 1974; x_wconf 88' lang='lat' dir='ltr'><strong>Ephesum</strong></span> <span class='ocrx_word' id='word_1_467' title='bbox 424 1939 549 1975; x_wconf 81' lang='lat' dir='ltr'><strong>delatus,</strong></span> <span class='ocrx_word' id='word_1_468' title='bbox 575 1939 655 1968; x_wconf 87' lang='lat' dir='ltr'><strong>illius</strong></span> <span class='ocrx_word' id='word_1_469' title='bbox 679 1939 812 1968; x_wconf 71' lang='lat' dir='ltr'><strong>Ecclesiss</strong></span> <span class='ocrx_word' id='word_1_470' title='bbox 828 1941 900 1968; x_wconf 84' lang='lat' dir='ltr'><strong>anti-</strong></span> 
     </span>
    </p>
   </div>
   <div class='ocr_carea' id='block_1_76' title="bbox 65 1984 898 2020">
    <p class='ocr_par' dir='ltr' id='par_1_76' title="bbox 65 1984 898 2020">
     <span class='ocr_line' id='line_1_76' title="bbox 65 1984 898 2020; baseline 0.001 -10"><span class='ocrx_word' id='word_1_471' title='bbox 65 1985 128 2010; x_wconf 86' lang='lat' dir='ltr'><strong>stes</strong></span> <span class='ocrx_word' id='word_1_472' title='bbox 142 1985 340 2010; x_wconf 83' lang='lat' dir='ltr'><strong>consecratur.</strong></span> <span class='ocrx_word' id='word_1_473' title='bbox 361 1986 489 2012; x_wconf 80' lang='lat' dir='ltr'><strong>Zonaras</strong></span> <span class='ocrx_word' id='word_1_474' title='bbox 504 1984 534 2012; x_wconf 92' lang='lat' dir='ltr'><strong>in</strong></span> <span class='ocrx_word' id='word_1_475' title='bbox 558 1984 719 2012; x_wconf 83' lang='lat' dir='ltr'><strong>Botanista.</strong></span> <span class='ocrx_word' id='word_1_476' title='bbox 745 1984 775 2012; x_wconf 91' lang='grc' dir='ltr'>Ὁ</span> <span class='ocrx_word' id='word_1_477' title='bbox 793 1984 840 2020; x_wconf 82' lang='grc' dir='ltr'><strong>μὲν</strong></span> <span class='ocrx_word' id='word_1_478' title='bbox 856 1995 898 2011; x_wconf 92' lang='grc' dir='ltr'><strong>τοι</strong></span> 
     </span>
    </p>
   </div>
   <div class='ocr_carea' id='block_1_77' title="bbox 67 2023 899 2066">
    <p class='ocr_par' dir='ltr' id='par_1_77' title="bbox 67 2023 899 2066">
     <span class='ocr_line' id='line_1_77' title="bbox 67 2023 899 2066; baseline 0.004 -13"><span class='ocrx_word' id='word_1_479' title='bbox 67 2023 297 2064; x_wconf 76' lang='grc' dir='ltr'><strong>προϐασιλευκὼς</strong></span> <span class='ocrx_word' id='word_1_480' title='bbox 323 2027 452 2065; x_wconf 68' lang='grc' dir='ltr'><strong>Μιχαὴλ,</strong></span> <span class='ocrx_word' id='word_1_481' title='bbox 476 2028 514 2059; x_wconf 81' lang='grc' dir='ltr'>ὡς</span> <span class='ocrx_word' id='word_1_482' title='bbox 539 2027 655 2063; x_wconf 54' lang='lat' dir='ltr'><strong>sign-rat,</strong></span> <span class='ocrx_word' id='word_1_483' title='bbox 672 2029 721 2062; x_wconf 85' lang='grc' dir='ltr'><strong>τὴν</strong></span> <span class='ocrx_word' id='word_1_484' title='bbox 745 2028 828 2066; x_wconf 77' lang='grc' dir='ltr'>τρίχα</span> <span class='ocrx_word' id='word_1_485' title='bbox 849 2039 899 2056; x_wconf 85' lang='grc' dir='ltr'><strong>κα-</strong></span> 
     </span>
    </p>
   </div>
   <div class='ocr_carea' id='block_1_78' title="bbox 73 2071 899 2110">
    <p class='ocr_par' dir='ltr' id='par_1_78' title="bbox 73 2071 899 2110">
     <span class='ocr_line' id='line_1_78' title="bbox 73 2071 899 2110; baseline 0.004 -13"><span class='ocrx_word' id='word_1_486' title='bbox 73 2071 141 2108; x_wconf 79' lang='grc' dir='ltr'>ρεὶς,</span> <span class='ocrx_word' id='word_1_487' title='bbox 177 2071 221 2098; x_wconf 72' lang='grc' dir='ltr'><strong>καὶ</strong></span> <span class='ocrx_word' id='word_1_488' title='bbox 250 2073 335 2110; x_wconf 74' lang='grc' dir='ltr'>ψήφῳ</span> <span class='ocrx_word' id='word_1_489' title='bbox 376 2071 504 2109; x_wconf 79' lang='grc' dir='ltr'><strong>συνοδικῇ</strong></span> <span class='ocrx_word' id='word_1_490' title='bbox 542 2073 758 2110; x_wconf 79' lang='grc' dir='ltr'>Μητροπολίτης</span> <span class='ocrx_word' id='word_1_491' title='bbox 786 2073 899 2110; x_wconf 74' lang='grc' dir='ltr'><strong>Ἐφέσου</strong></span> 
     </span>
    </p>
   </div>
   <div class='ocr_carea' id='block_1_79' title="bbox 70 2114 898 2155">
    <p class='ocr_par' dir='ltr' id='par_1_79' title="bbox 70 2114 898 2155">
     <span class='ocr_line' id='line_1_79' title="bbox 70 2114 898 2155; baseline 0.004 -13"><span class='ocrx_word' id='word_1_492' title='bbox 70 2114 297 2152; x_wconf 77' lang='grc' dir='ltr'>κεχειροτόνητο,</span> <span class='ocrx_word' id='word_1_493' title='bbox 326 2116 370 2143; x_wconf 86' lang='grc' dir='ltr'>καὶ</span> <span class='ocrx_word' id='word_1_494' title='bbox 405 2117 473 2152; x_wconf 79' lang='grc' dir='ltr'>ἅπαξ</span> <span class='ocrx_word' id='word_1_495' title='bbox 500 2118 633 2155; x_wconf 78' lang='grc' dir='ltr'>φοιτήσας</span> <span class='ocrx_word' id='word_1_496' title='bbox 660 2117 716 2145; x_wconf 80' lang='grc' dir='ltr'>ἐκεῖ</span> <span class='ocrx_word' id='word_1_497' title='bbox 742 2117 898 2153; x_wconf 78' lang='grc' dir='ltr'><strong>ἐπανῆλθε,</strong></span> 
     </span>
    </p>
   </div>
   <div class='ocr_carea' id='block_1_80' title="bbox 66 2159 898 2197">
    <p class='ocr_par' dir='ltr' id='par_1_80' title="bbox 66 2159 898 2197">
     <span class='ocr_line' id='line_1_80' title="bbox 66 2159 898 2197; baseline 0.005 -11"><span class='ocrx_word' id='word_1_498' title='bbox 66 2159 114 2186; x_wconf 64' lang='grc' dir='ltr'><strong>καὶ</strong></span> <span class='ocrx_word' id='word_1_499' title='bbox 142 2159 168 2186; x_wconf 79' lang='grc' dir='ltr'><strong>ἰν</strong></span> <span class='ocrx_word' id='word_1_500' title='bbox 187 2161 221 2196; x_wconf 78' lang='grc' dir='ltr'><strong>τῇ</strong></span> <span class='ocrx_word' id='word_1_501' title='bbox 242 2162 291 2187; x_wconf 78' lang='grc' dir='ltr'>τοῦ</span> <span class='ocrx_word' id='word_1_502' title='bbox 316 2161 450 2196; x_wconf 65' lang='grc' dir='ltr'>Μινουήλ</span> <span class='ocrx_word' id='word_1_503' title='bbox 478 2163 549 2197; x_wconf 79' lang='grc' dir='ltr'>μονῇ</span> <span class='ocrx_word' id='word_1_504' title='bbox 571 2160 690 2189; x_wconf 75' lang='grc' dir='ltr'>ἐποιεῖτο</span> <span class='ocrx_word' id='word_1_505' title='bbox 712 2165 761 2196; x_wconf 78' lang='grc' dir='ltr'>τῆν</span> <span class='ocrx_word' id='word_1_506' title='bbox 784 2161 898 2191; x_wconf 81' lang='grc' dir='ltr'>δίαιταν.</span> 
     </span>
    </p>
   </div>
   <div class='ocr_carea' id='block_1_81' title="bbox 951 1582 1507 1613">
    <p class='ocr_par' dir='ltr' id='par_1_81' title="bbox 951 1582 1507 1613">
     <span class='ocr_line' id='line_1_81' title="bbox 951 1582 1507 1613; baseline -0.009 0"><span class='ocrx_word' id='word_1_507' title='bbox 951 1592 1115 1613; x_wconf 87' lang='lat' dir='ltr'><strong>sermonem</strong></span> <span class='ocrx_word' id='word_1_508' title='bbox 1131 1584 1298 1611; x_wconf 85' lang='lat' dir='ltr'><strong>instituam.</strong></span> <span class='ocrx_word' id='word_1_509' title='bbox 1314 1582 1399 1610; x_wconf 86' lang='lat' dir='ltr'><strong>Edita</strong></span> <span class='ocrx_word' id='word_1_510' title='bbox 1413 1582 1483 1609; x_wconf 86' lang='lat' dir='ltr'><strong>sunt</strong></span> <span class='ocrx_word' id='word_1_511' title='bbox 1500 1589 1507 1608; x_wconf 91' lang='lat'><strong>:</strong></span> 
     </span>
    </p>
   </div>
   <div class='ocr_carea' id='block_1_82' title="bbox 986 1624 1780 1660">
    <p class='ocr_par' dir='ltr' id='par_1_82' title="bbox 986 1624 1780 1660">
     <span class='ocr_line' id='line_1_82' title="bbox 986 1624 1780 1660; baseline -0.008 -4"><span class='ocrx_word' id='word_1_512' title='bbox 986 1628 1105 1656; x_wconf 83' lang='lat' dir='ltr'><strong>XXXIV.</strong></span> <span class='ocrx_word' id='word_1_513' title='bbox 1124 1627 1208 1655; x_wconf 87' lang='lat' dir='ltr'><strong>Pselli</strong></span> <span class='ocrx_word' id='word_1_514' title='bbox 1224 1628 1261 1655; x_wconf 86' lang='lat' dir='ltr'><strong>De</strong></span> <span class='ocrx_word' id='word_1_515' title='bbox 1282 1627 1369 1655; x_wconf 86' lang='lat' dir='ltr'><strong>victus</strong></span> <span class='ocrx_word' id='word_1_516' title='bbox 1393 1626 1510 1659; x_wconf 81' lang='lat' dir='ltr'><strong>ratione,</strong></span> <span class='ocrx_word' id='word_1_517' title='bbox 1535 1625 1624 1660; x_wconf 82' lang='lat' dir='ltr'><strong>deque</strong></span> <span class='ocrx_word' id='word_1_518' title='bbox 1637 1624 1780 1660; x_wconf 82' lang='lat' dir='ltr'><strong>facultati-</strong></span> 
     </span>
    </p>
   </div>
   <div class='ocr_carea' id='block_1_83' title="bbox 952 1667 1779 1708">
    <p class='ocr_par' dir='ltr' id='par_1_83' title="bbox 952 1667 1779 1708">
     <span class='ocr_line' id='line_1_83' title="bbox 952 1667 1779 1708; baseline -0.007 -7"><span class='ocrx_word' id='word_1_519' title='bbox 952 1674 1010 1707; x_wconf 84' lang='lat' dir='ltr'><strong>bus,</strong></span> <span class='ocrx_word' id='word_1_520' title='bbox 1026 1677 1051 1701; x_wconf 81' lang='lat' dir='ltr'><strong>et</strong></span> <span class='ocrx_word' id='word_1_521' title='bbox 1073 1673 1147 1700; x_wconf 84' lang='lat' dir='ltr'><strong>succi</strong></span> <span class='ocrx_word' id='word_1_522' title='bbox 1171 1672 1315 1708; x_wconf 83' lang='lat' dir='ltr'><strong>qualitate,</strong></span> <span class='ocrx_word' id='word_1_523' title='bbox 1342 1670 1553 1701; x_wconf 76' lang='lat' dir='ltr'><strong>elementorum,</strong></span> <span class='ocrx_word' id='word_1_524' title='bbox 1579 1669 1646 1696; x_wconf 83' lang='lat' dir='ltr'><strong>libri</strong></span> <span class='ocrx_word' id='word_1_525' title='bbox 1668 1668 1721 1696; x_wconf 87' lang='lat' dir='ltr'><strong>duo</strong></span> <span class='ocrx_word' id='word_1_526' title='bbox 1743 1667 1779 1695; x_wconf 90' lang='lat' dir='ltr'><strong>ad</strong></span> 
     </span>
    </p>
   </div>
   <div class='ocr_carea' id='block_1_84' title="bbox 951 1713 1782 1753">
    <p class='ocr_par' dir='ltr' id='par_1_84' title="bbox 951 1713 1782 1753">
     <span class='ocr_line' id='line_1_84' title="bbox 951 1713 1782 1753; baseline -0.008 -6"><span class='ocrx_word' id='word_1_527' title='bbox 951 1719 1178 1747; x_wconf 87' lang='lat' dir='ltr'><strong>Constantinum</strong></span> <span class='ocrx_word' id='word_1_528' title='bbox 1202 1717 1241 1753; x_wconf 89' lang='lat' dir='ltr'><strong>(p)</strong></span> <span class='ocrx_word' id='word_1_529' title='bbox 1268 1717 1487 1752; x_wconf 84' lang='lat' dir='ltr'><strong>imperatorem,</strong></span> <span class='ocrx_word' id='word_1_530' title='bbox 1522 1714 1634 1748; x_wconf 85' lang='lat' dir='ltr'><strong>Latine,</strong></span> <span class='ocrx_word' id='word_1_531' title='bbox 1659 1713 1782 1749; x_wconf 79' lang='lat' dir='ltr'><strong>Georgio</strong></span> 
     </span>
    </p>
   </div>
   <div class='ocr_carea' id='block_1_85' title="bbox 951 1757 1782 1798">
    <p class='ocr_par' dir='ltr' id='par_1_85' title="bbox 951 1757 1782 1798">
     <span class='ocr_line' id='line_1_85' title="bbox 951 1757 1782 1798; baseline -0.01 -7"><span class='ocrx_word' id='word_1_532' title='bbox 951 1763 1034 1791; x_wconf 81' lang='lat' dir='ltr'><strong>Valla</strong></span> <span class='ocrx_word' id='word_1_533' title='bbox 1055 1763 1225 1798; x_wconf 86' lang='lat' dir='ltr'><strong>interprete,</strong></span> <span class='ocrx_word' id='word_1_534' title='bbox 1248 1770 1306 1789; x_wconf 86' lang='lat' dir='ltr'><strong>una</strong></span> <span class='ocrx_word' id='word_1_535' title='bbox 1331 1769 1398 1788; x_wconf 88' lang='lat' dir='ltr'><strong>cum</strong></span> <span class='ocrx_word' id='word_1_536' title='bbox 1429 1760 1533 1787; x_wconf 69' lang='lat' dir='ltr'><strong>Rhazre</strong></span> <span class='ocrx_word' id='word_1_537' title='bbox 1556 1759 1593 1785; x_wconf 87' lang='lat' dir='ltr'><strong>de</strong></span> <span class='ocrx_word' id='word_1_538' title='bbox 1616 1757 1782 1794; x_wconf 78' lang='lat' dir='ltr'><strong>pestilentia</strong></span> 
     </span>
    </p>
   </div>
   <div class='ocr_carea' id='block_1_86' title="bbox 951 1802 1780 1842">
    <p class='ocr_par' dir='ltr' id='par_1_86' title="bbox 951 1802 1780 1842">
     <span class='ocr_line' id='line_1_86' title="bbox 951 1802 1780 1842; baseline -0.008 -7"><span class='ocrx_word' id='word_1_539' title='bbox 951 1808 1036 1842; x_wconf 84' lang='lat' dir='ltr'><strong>libro,</strong></span> <span class='ocrx_word' id='word_1_540' title='bbox 1054 1810 1082 1834; x_wconf 90' lang='lat' dir='ltr'><strong>et</strong></span> <span class='ocrx_word' id='word_1_541' title='bbox 1103 1806 1225 1834; x_wconf 81' lang='lat' dir='ltr'><strong>Joannis</strong></span> <span class='ocrx_word' id='word_1_542' title='bbox 1251 1805 1383 1832; x_wconf 88' lang='lat' dir='ltr'><strong>Manardi</strong></span> <span class='ocrx_word' id='word_1_543' title='bbox 1410 1802 1605 1832; x_wconf 85' lang='lat' dir='ltr'><strong>Ferrariensis</strong></span> <span class='ocrx_word' id='word_1_544' title='bbox 1630 1802 1659 1829; x_wconf 91' lang='lat' dir='ltr'><strong>in</strong></span> <span class='ocrx_word' id='word_1_545' title='bbox 1683 1803 1780 1829; x_wconf 78' lang='lat' dir='ltr'><strong>Artem</strong></span> 
     </span>
    </p>
   </div>
   <div class='ocr_carea' id='block_1_87' title="bbox 952 1846 1780 1886">
    <p class='ocr_par' dir='ltr' id='par_1_87' title="bbox 952 1846 1780 1886">
     <span class='ocr_line' id='line_1_87' title="bbox 952 1846 1780 1886; baseline -0.01 -6"><span class='ocrx_word' id='word_1_546' title='bbox 952 1851 1054 1880; x_wconf 84' lang='lat' dir='ltr'><strong>Galeni</strong></span> <span class='ocrx_word' id='word_1_547' title='bbox 1071 1851 1262 1886; x_wconf 83' lang='lat' dir='ltr'><strong>expositione.</strong></span> <span class='ocrx_word' id='word_1_548' title='bbox 1290 1848 1419 1883; x_wconf 74' lang='lat' dir='ltr'><strong>Basileis,</strong></span> <span class='ocrx_word' id='word_1_549' title='bbox 1445 1847 1524 1884; x_wconf 83' lang='lat' dir='ltr'><strong>apud</strong></span> <span class='ocrx_word' id='word_1_550' title='bbox 1549 1847 1694 1874; x_wconf 85' lang='lat' dir='ltr'><strong>Andream</strong></span> <span class='ocrx_word' id='word_1_551' title='bbox 1710 1846 1780 1873; x_wconf 85' lang='lat' dir='ltr'><strong>Cra-</strong></span> 
     </span>
    </p>
   </div>
   <div class='ocr_carea' id='block_1_88' title="bbox 951 1893 1378 1929">
    <p class='ocr_par' dir='ltr' id='par_1_88' title="bbox 951 1893 1378 1929">
     <span class='ocr_line' id='line_1_88' title="bbox 951 1893 1378 1929; baseline -0.009 -5"><span class='ocrx_word' id='word_1_552' title='bbox 951 1896 1102 1929; x_wconf 90' lang='lat' dir='ltr'><strong>tandrum,</strong></span> <span class='ocrx_word' id='word_1_553' title='bbox 1115 1902 1192 1922; x_wconf 87' lang='lat' dir='ltr'><strong>anno</strong></span> <span class='ocrx_word' id='word_1_554' title='bbox 1209 1894 1288 1926; x_wconf 83' lang='grc'><strong>1529,</strong></span> <span class='ocrx_word' id='word_1_555' title='bbox 1305 1893 1334 1920; x_wconf 83' lang='grc' dir='ltr'><strong>ἱη</strong></span> <span class='ocrx_word' id='word_1_556' title='bbox 1351 1894 1378 1921; x_wconf 87' lang='grc'><strong>8.</strong></span> 
     </span>
    </p>
   </div>
   <div class='ocr_carea' id='block_1_89' title="bbox 987 1933 1779 1974">
    <p class='ocr_par' dir='ltr' id='par_1_89' title="bbox 987 1933 1779 1974">
     <span class='ocr_line' id='line_1_89' title="bbox 987 1933 1779 1974; baseline -0.01 -6"><span class='ocrx_word' id='word_1_557' title='bbox 987 1941 1106 1968; x_wconf 79' lang='lat' dir='ltr'><strong>XXXV.</strong></span> <span class='ocrx_word' id='word_1_558' title='bbox 1124 1939 1262 1974; x_wconf 89' lang='lat' dir='ltr'><strong>Ejusdem</strong></span> <span class='ocrx_word' id='word_1_559' title='bbox 1278 1938 1383 1965; x_wconf 83' lang='lat' dir='ltr'><strong>iambos</strong></span> <span class='ocrx_word' id='word_1_560' title='bbox 1399 1937 1428 1964; x_wconf 86' lang='lat' dir='ltr'><strong>in</strong></span> <span class='ocrx_word' id='word_1_561' title='bbox 1442 1937 1511 1964; x_wconf 89' lang='lat' dir='ltr'><strong>vitia</strong></span> <span class='ocrx_word' id='word_1_562' title='bbox 1522 1939 1549 1963; x_wconf 86' lang='lat' dir='ltr'><strong>et</strong></span> <span class='ocrx_word' id='word_1_563' title='bbox 1563 1933 1779 1967; x_wconf 79' lang='lat' dir='ltr'><strong>virtutes.ltem,</strong></span> 
     </span>
    </p>
   </div>
   <div class='ocr_carea' id='block_1_90' title="bbox 953 1979 1782 2020">
    <p class='ocr_par' dir='ltr' id='par_1_90' title="bbox 953 1979 1782 2020">
     <span class='ocr_line' id='line_1_90' title="bbox 953 1979 1782 2020; baseline -0.01 -7"><span class='ocrx_word' id='word_1_564' title='bbox 953 1986 1093 2020; x_wconf 83' lang='lat' dir='ltr'><strong>Anagogas</strong></span> <span class='ocrx_word' id='word_1_565' title='bbox 1109 1986 1139 2011; x_wconf 85' lang='lat' dir='ltr'><strong>in</strong></span> <span class='ocrx_word' id='word_1_566' title='bbox 1153 1982 1318 2017; x_wconf 85' lang='lat' dir='ltr'><strong>Tantalum,</strong></span> <span class='ocrx_word' id='word_1_567' title='bbox 1333 1981 1508 2017; x_wconf 86' lang='lat' dir='ltr'><strong>Allegoriam</strong></span> <span class='ocrx_word' id='word_1_568' title='bbox 1518 1981 1550 2008; x_wconf 75' lang='lat' dir='ltr'><strong>de</strong></span> <span class='ocrx_word' id='word_1_569' title='bbox 1560 1979 1690 2016; x_wconf 71' lang='lat' dir='ltr'><strong>Sphinga,</strong></span> <span class='ocrx_word' id='word_1_570' title='bbox 1707 1979 1782 2006; x_wconf 85' lang='lat' dir='ltr'><strong>Ana-</strong></span> 
     </span>
    </p>
   </div>
   <div class='ocr_carea' id='block_1_91' title="bbox 953 2025 1782 2065">
    <p class='ocr_par' dir='ltr' id='par_1_91' title="bbox 953 2025 1782 2065">
     <span class='ocr_line' id='line_1_91' title="bbox 953 2025 1782 2065; baseline -0.01 -8"><span class='ocrx_word' id='word_1_571' title='bbox 953 2038 1050 2065; x_wconf 84' lang='lat' dir='ltr'><strong>gogam</strong></span> <span class='ocrx_word' id='word_1_572' title='bbox 1066 2029 1095 2056; x_wconf 88' lang='lat' dir='ltr'><strong>in</strong></span> <span class='ocrx_word' id='word_1_573' title='bbox 1112 2029 1295 2063; x_wconf 66' lang='lat' dir='ltr'><strong>Circem,quz</strong></span> <span class='ocrx_word' id='word_1_574' title='bbox 1312 2026 1419 2054; x_wconf 85' lang='lat' dir='ltr'><strong>volebat</strong></span> <span class='ocrx_word' id='word_1_575' title='bbox 1435 2026 1557 2061; x_wconf 81' lang='lat' dir='ltr'><strong>Ulyssem</strong></span> <span class='ocrx_word' id='word_1_576' title='bbox 1569 2025 1782 2059; x_wconf 66' lang='lat' dir='ltr'><strong>transfer-mare.</strong></span> 
     </span>
    </p>
   </div>
   <div class='ocr_carea' id='block_1_92' title="bbox 954 2067 1783 2106">
    <p class='ocr_par' dir='ltr' id='par_1_92' title="bbox 954 2067 1783 2106">
     <span class='ocr_line' id='line_1_92' title="bbox 954 2067 1783 2106; baseline -0.011 -4"><span class='ocrx_word' id='word_1_577' title='bbox 954 2074 1095 2102; x_wconf 84' lang='lat' dir='ltr'><strong>Arsenius</strong></span> <span class='ocrx_word' id='word_1_578' title='bbox 1111 2072 1317 2100; x_wconf 68' lang='lat' dir='ltr'><strong>Monembasiaa</strong></span> <span class='ocrx_word' id='word_1_579' title='bbox 1330 2070 1486 2106; x_wconf 89' lang='lat' dir='ltr'><strong>episcopus</strong></span> <span class='ocrx_word' id='word_1_580' title='bbox 1502 2069 1599 2096; x_wconf 70' lang='lat' dir='ltr'><strong>Romae</strong></span> <span class='ocrx_word' id='word_1_581' title='bbox 1616 2068 1654 2103; x_wconf 87' lang='lat' dir='ltr'><strong>(q)</strong></span> <span class='ocrx_word' id='word_1_582' title='bbox 1670 2067 1783 2103; x_wconf 88' lang='lat' dir='ltr'><strong>primus</strong></span> 
     </span>
    </p>
   </div>
   <div class='ocr_carea' id='block_1_93' title="bbox 953 2112 1786 2154">
    <p class='ocr_par' dir='ltr' id='par_1_93' title="bbox 953 2112 1786 2154">
     <span class='ocr_line' id='line_1_93' title="bbox 953 2112 1786 2154; baseline -0.011 -8"><span class='ocrx_word' id='word_1_583' title='bbox 953 2118 1096 2154; x_wconf 79' lang='lat' dir='ltr'><strong>vulgarat.</strong></span> <span class='ocrx_word' id='word_1_584' title='bbox 1122 2116 1231 2144; x_wconf 88' lang='lat' dir='ltr'><strong>Deinde</strong></span> <span class='ocrx_word' id='word_1_585' title='bbox 1268 2115 1405 2151; x_wconf 90' lang='lat' dir='ltr'><strong>pluribus</strong></span> <span class='ocrx_word' id='word_1_586' title='bbox 1427 2114 1498 2141; x_wconf 91' lang='lat' dir='ltr'><strong>locis</strong></span> <span class='ocrx_word' id='word_1_587' title='bbox 1529 2112 1674 2145; x_wconf 81' lang='lat' dir='ltr'><strong>restituta,</strong></span> <span class='ocrx_word' id='word_1_588' title='bbox 1698 2113 1786 2146; x_wconf 86' lang='lat' dir='ltr'><strong>atque</strong></span> 
     </span>
    </p>
   </div>
   <div class='ocr_carea' id='block_1_94' title="bbox 954 2155 1786 2198">
    <p class='ocr_par' dir='ltr' id='par_1_94' title="bbox 954 2155 1786 2198">
     <span class='ocr_line' id='line_1_94' title="bbox 954 2155 1786 2198; baseline -0.011 -8"><span class='ocrx_word' id='word_1_589' title='bbox 954 2162 1159 2198; x_wconf 80' lang='lat' dir='ltr'><strong>interpolata.a</strong></span> <span class='ocrx_word' id='word_1_590' title='bbox 1175 2161 1306 2189; x_wconf 83' lang='lat' dir='ltr'><strong>Conrado</strong></span> <span class='ocrx_word' id='word_1_591' title='bbox 1323 2157 1584 2191; x_wconf 70' lang='lat' dir='ltr'><strong>Gesnero,Bssileze</strong></span> <span class='ocrx_word' id='word_1_592' title='bbox 1600 2155 1786 2184; x_wconf 72' lang='lat' dir='ltr'><strong>edidilJoun-</strong></span> 
     </span>
    </p>
   </div>
   <div class='ocr_carea' id='block_1_95' title="bbox 67 2199 1783 2246">
    <p class='ocr_par' dir='ltr' id='par_1_95' title="bbox 67 2199 1783 2246">
     <span class='ocr_line' id='line_1_95' title="bbox 67 2199 1783 2246; baseline 0.005 -15"><span class='ocrx_word' id='word_1_593' title='bbox 67 2204 187 2232; x_wconf 80' lang='lat' dir='ltr'><strong>Michael</strong></span> <span class='ocrx_word' id='word_1_594' title='bbox 203 2213 276 2237; x_wconf 78' lang='lat' dir='ltr'><strong>vero,</strong></span> <span class='ocrx_word' id='word_1_595' title='bbox 288 2205 401 2240; x_wconf 80' lang='lat' dir='ltr'><strong>pridem</strong></span> <span class='ocrx_word' id='word_1_596' title='bbox 424 2207 582 2241; x_wconf 80' lang='lat' dir='ltr'><strong>imperator,</strong></span> <span class='ocrx_word' id='word_1_597' title='bbox 599 2210 677 2234; x_wconf 84' lang='lat' dir='ltr'><strong>tonsa</strong></span> <span class='ocrx_word' id='word_1_598' title='bbox 699 2215 793 2240; x_wconf 85' lang='lat' dir='ltr'><strong>coma,</strong></span> <span class='ocrx_word' id='word_1_599' title='bbox 808 2209 838 2235; x_wconf 84' lang='lat' dir='ltr'><strong>ut</strong></span> <span class='ocrx_word' id='word_1_600' title='bbox 853 2208 896 2236; x_wconf 42' lang='lat' dir='ltr'><strong>di‘</strong></span> <span class='ocrx_word' id='word_1_601' title='bbox 914 2214 936 2246; x_wconf 83' lang='lat' dir='ltr'>D</span> <span class='ocrx_word' id='word_1_602' title='bbox 951 2215 1004 2235; x_wconf 84' lang='lat' dir='ltr'><strong>nes</strong></span> <span class='ocrx_word' id='word_1_603' title='bbox 1020 2206 1165 2242; x_wconf 90' lang='lat' dir='ltr'><strong>Oporinus</strong></span> <span class='ocrx_word' id='word_1_604' title='bbox 1180 2205 1217 2240; x_wconf 87' lang='lat' dir='ltr'><strong>(r)</strong></span> <span class='ocrx_word' id='word_1_605' title='bbox 1233 2212 1310 2232; x_wconf 86' lang='lat' dir='ltr'><strong>anno</strong></span> <span class='ocrx_word' id='word_1_606' title='bbox 1328 2203 1441 2235; x_wconf 47' lang='lat'><strong>154430</strong></span> <span class='ocrx_word' id='word_1_607' title='bbox 1457 2203 1484 2236; x_wconf 70' lang='lat'><strong>8.</strong></span> <span class='ocrx_word' id='word_1_608' title='bbox 1498 2210 1556 2246; x_wconf 68' lang='grc' dir='ltr'><strong>υηθς</strong></span> <span class='ocrx_word' id='word_1_609' title='bbox 1571 2209 1638 2228; x_wconf 75' lang='lat' dir='ltr'><strong>cum</strong></span> <span class='ocrx_word' id='word_1_610' title='bbox 1654 2199 1783 2246; x_wconf 38' lang='lat' dir='ltr'><strong>H§?a_c,l,i‘</strong></span> 
     </span>
    </p>
   </div>
   <div class='ocr_carea' id='block_1_96' title="bbox 66 2250 899 2288">
    <p class='ocr_par' dir='ltr' id='par_1_96' title="bbox 66 2250 899 2288">
     <span class='ocr_line' id='line_1_96' title="bbox 66 2250 899 2288; baseline 0.005 -12"><span class='ocrx_word' id='word_1_611' title='bbox 66 2251 144 2276; x_wconf 80' lang='lat' dir='ltr'><strong>ctum</strong></span> <span class='ocrx_word' id='word_1_612' title='bbox 179 2251 226 2281; x_wconf 83' lang='lat' dir='ltr'><strong>est,</strong></span> <span class='ocrx_word' id='word_1_613' title='bbox 260 2250 372 2277; x_wconf 80' lang='lat' dir='ltr'><strong>concilii</strong></span> <span class='ocrx_word' id='word_1_614' title='bbox 413 2251 556 2286; x_wconf 78' lang='lat' dir='ltr'><strong>su/I&#39;ragiis</strong></span> <span class='ocrx_word' id='word_1_615' title='bbox 593 2251 693 2287; x_wconf 85' lang='lat' dir='ltr'><strong>Ephesi</strong></span> <span class='ocrx_word' id='word_1_616' title='bbox 730 2252 899 2288; x_wconf 78' lang='lat' dir='ltr'><strong>Metropolim</strong></span> 
     </span>
    </p>
   </div>
   <div class='ocr_carea' id='block_1_97' title="bbox 69 2294 900 2330">
    <p class='ocr_par' dir='ltr' id='par_1_97' title="bbox 69 2294 900 2330">
     <span class='ocr_line' id='line_1_97' title="bbox 69 2294 900 2330; baseline 0.006 -10"><span class='ocrx_word' id='word_1_617' title='bbox 69 2295 191 2324; x_wconf 75' lang='lat' dir='ltr'><strong>creatur.</strong></span> <span class='ocrx_word' id='word_1_618' title='bbox 208 2294 240 2321; x_wconf 84' lang='lat' dir='ltr'><strong>Et</strong></span> <span class='ocrx_word' id='word_1_619' title='bbox 254 2302 318 2322; x_wconf 86' lang='lat' dir='ltr'><strong>cum</strong></span> <span class='ocrx_word' id='word_1_620' title='bbox 332 2295 415 2322; x_wconf 81' lang='lat' dir='ltr'><strong>semel</strong></span> <span class='ocrx_word' id='word_1_621' title='bbox 430 2303 461 2323; x_wconf 80' lang='lat' dir='ltr'><strong>eo</strong></span> <span class='ocrx_word' id='word_1_622' title='bbox 484 2296 613 2330; x_wconf 80' lang='lat' dir='ltr'><strong>venisset,</strong></span> <span class='ocrx_word' id='word_1_623' title='bbox 635 2304 768 2329; x_wconf 69' lang='lat' dir='ltr'><strong>reversus,</strong></span> <span class='ocrx_word' id='word_1_624' title='bbox 791 2297 821 2324; x_wconf 77' lang='lat' dir='ltr'><strong>in</strong></span> <span class='ocrx_word' id='word_1_625' title='bbox 838 2299 900 2325; x_wconf 67' lang='lat' dir='ltr'><strong>fila-</strong></span> 
     </span>
    </p>
   </div>
   <div class='ocr_carea' id='block_1_98' title="bbox 69 2338 898 2375">
    <p class='ocr_par' dir='ltr' id='par_1_98' title="bbox 69 2338 898 2375">
     <span class='ocr_line' id='line_1_98' title="bbox 69 2338 898 2375; baseline 0.005 -10"><span class='ocrx_word' id='word_1_626' title='bbox 69 2338 164 2366; x_wconf 84' lang='lat' dir='ltr'><strong>nuetis</strong></span> <span class='ocrx_word' id='word_1_627' title='bbox 179 2339 350 2366; x_wconf 76' lang='lat' dir='ltr'><strong>monasterio</strong></span> <span class='ocrx_word' id='word_1_628' title='bbox 365 2340 450 2367; x_wconf 82' lang='lat' dir='ltr'><strong>vitam</strong></span> <span class='ocrx_word' id='word_1_629' title='bbox 463 2340 528 2375; x_wconf 87' lang='lat' dir='ltr'><strong>egit.</strong></span> <span class='ocrx_word' id='word_1_630' title='bbox 551 2339 763 2368; x_wconf 86' lang='lat' dir='ltr'><strong>Constantinus</strong></span> <span class='ocrx_word' id='word_1_631' title='bbox 785 2341 898 2370; x_wconf 88' lang='lat' dir='ltr'><strong>Manas-</strong></span> 
     </span>
    </p>
   </div>
   <div class='ocr_carea' id='block_1_99' title="bbox 71 2390 145 2410">
    <p class='ocr_par' dir='ltr' id='par_1_99' title="bbox 71 2390 145 2410">
     <span class='ocr_line' id='line_1_99' title="bbox 71 2390 145 2410; baseline 0.014 -1"><span class='ocrx_word' id='word_1_632' title='bbox 71 2390 121 2410; x_wconf 74' lang='lat'><strong>888</strong></span> <span class='ocrx_word' id='word_1_633' title='bbox 139 2390 145 2410; x_wconf 71' lang='grc' dir='ltr'><strong>Ζ</strong></span> 
     </span>
    </p>
   </div>
   <div class='ocr_carea' id='block_1_100' title="bbox 955 2242 1777 2284">
    <p class='ocr_par' dir='ltr' id='par_1_100' title="bbox 955 2242 1777 2284">
     <span class='ocr_line' id='line_1_100' title="bbox 955 2242 1777 2284; baseline -0.012 -5"><span class='ocrx_word' id='word_1_634' title='bbox 955 2252 1000 2279; x_wconf 89' lang='lat' dir='ltr'><strong>dis</strong></span> <span class='ocrx_word' id='word_1_635' title='bbox 1012 2250 1124 2278; x_wconf 85' lang='lat' dir='ltr'><strong>Pontici</strong></span> <span class='ocrx_word' id='word_1_636' title='bbox 1137 2248 1291 2284; x_wconf 82' lang='lat' dir='ltr'><strong>Allegoriis</strong></span> <span class='ocrx_word' id='word_1_637' title='bbox 1301 2248 1331 2275; x_wconf 91' lang='lat' dir='ltr'><strong>in</strong></span> <span class='ocrx_word' id='word_1_638' title='bbox 1344 2246 1461 2275; x_wconf 87' lang='lat' dir='ltr'><strong>Homeri</strong></span> <span class='ocrx_word' id='word_1_639' title='bbox 1479 2245 1593 2274; x_wconf 80' lang='lat' dir='ltr'><strong>fabulas</strong></span> <span class='ocrx_word' id='word_1_640' title='bbox 1605 2245 1640 2272; x_wconf 87' lang='lat' dir='ltr'><strong>de</strong></span> <span class='ocrx_word' id='word_1_641' title='bbox 1652 2242 1777 2280; x_wconf 78' lang='lat' dir='ltr'><strong>[24Jdiis</strong></span> 
     </span>
    </p>
   </div>
   <div class='ocr_carea' id='block_1_101' title="bbox 955 2288 1783 2331">
    <p class='ocr_par' dir='ltr' id='par_1_101' title="bbox 955 2288 1783 2331">
     <span class='ocr_line' id='line_1_101' title="bbox 955 2288 1783 2331; baseline -0.012 -8"><span class='ocrx_word' id='word_1_642' title='bbox 955 2297 990 2324; x_wconf 88' lang='lat' dir='ltr'><strong>de</strong></span> <span class='ocrx_word' id='word_1_643' title='bbox 1005 2295 1114 2331; x_wconf 90' lang='lat' dir='ltr'><strong>quibus</strong></span> <span class='ocrx_word' id='word_1_644' title='bbox 1129 2294 1194 2321; x_wconf 89' lang='lat' dir='ltr'><strong>vide</strong></span> <span class='ocrx_word' id='word_1_645' title='bbox 1211 2293 1287 2320; x_wconf 83' lang='lat' dir='ltr'><strong>intra</strong></span> <span class='ocrx_word' id='word_1_646' title='bbox 1304 2292 1333 2320; x_wconf 94' lang='lat' dir='ltr'><strong>in</strong></span> <span class='ocrx_word' id='word_1_647' title='bbox 1348 2292 1461 2320; x_wconf 86' lang='lat' dir='ltr'><strong>Joanne</strong></span> <span class='ocrx_word' id='word_1_648' title='bbox 1478 2290 1572 2318; x_wconf 85' lang='lat' dir='ltr'><strong>Psello</strong></span> <span class='ocrx_word' id='word_1_649' title='bbox 1587 2289 1601 2325; x_wconf 85' lang='lat'>§</span> <span class='ocrx_word' id='word_1_650' title='bbox 1617 2289 1661 2322; x_wconf 86' lang='lat'><strong>49,</strong></span> <span class='ocrx_word' id='word_1_651' title='bbox 1676 2289 1723 2321; x_wconf 83' lang='lat'><strong>56,</strong></span> <span class='ocrx_word' id='word_1_652' title='bbox 1738 2288 1783 2314; x_wconf 80' lang='lat'><strong>80.</strong></span> 
     </span>
    </p>
   </div>
   <div class='ocr_carea' id='block_1_102' title="bbox 955 2331 1786 2368">
    <p class='ocr_par' dir='ltr' id='par_1_102' title="bbox 955 2331 1786 2368">
     <span class='ocr_line' id='line_1_102' title="bbox 955 2331 1786 2368; baseline -0.011 -1"><span class='ocrx_word' id='word_1_653' title='bbox 955 2340 1054 2368; x_wconf 87' lang='lat' dir='ltr'><strong>Obiter</strong></span> <span class='ocrx_word' id='word_1_654' title='bbox 1068 2341 1096 2367; x_wconf 91' lang='lat' dir='ltr'><strong>et</strong></span> <span class='ocrx_word' id='word_1_655' title='bbox 1112 2339 1158 2366; x_wconf 90' lang='lat' dir='ltr'><strong>hic</strong></span> <span class='ocrx_word' id='word_1_656' title='bbox 1174 2336 1470 2365; x_wconf 84' lang='lat' dir='ltr'><strong>animadvertendum</strong></span> <span class='ocrx_word' id='word_1_657' title='bbox 1496 2336 1552 2367; x_wconf 82' lang='lat' dir='ltr'><strong>est,</strong></span> <span class='ocrx_word' id='word_1_658' title='bbox 1577 2333 1708 2361; x_wconf 88' lang='lat' dir='ltr'><strong>carmina</strong></span> <span class='ocrx_word' id='word_1_659' title='bbox 1723 2331 1786 2364; x_wconf 88' lang='lat' dir='ltr'><strong>illa,</strong></span> 
     </span>
    </p>
   </div>
   <div class='ocr_carea' id='block_1_103' title="bbox 956 2376 1785 2421">
    <p class='ocr_par' dir='ltr' id='par_1_103' title="bbox 956 2376 1785 2421">
     <span class='ocr_line' id='line_1_103' title="bbox 956 2376 1785 2421; baseline -0.013 -8"><span class='ocrx_word' id='word_1_660' title='bbox 956 2393 1020 2421; x_wconf 76' lang='lat' dir='ltr'><strong>quas</strong></span> <span class='ocrx_word' id='word_1_661' title='bbox 1036 2383 1191 2412; x_wconf 87' lang='lat' dir='ltr'><strong>Federicus</strong></span> <span class='ocrx_word' id='word_1_662' title='bbox 1213 2381 1354 2410; x_wconf 89' lang='lat' dir='ltr'><strong>Morellus</strong></span> <span class='ocrx_word' id='word_1_663' title='bbox 1377 2379 1498 2408; x_wconf 70' lang='lat' dir='ltr'><strong>Lutetiae</strong></span> <span class='ocrx_word' id='word_1_664' title='bbox 1523 2386 1599 2406; x_wconf 89' lang='lat' dir='ltr'><strong>anno</strong></span> <span class='ocrx_word' id='word_1_665' title='bbox 1616 2377 1695 2409; x_wconf 90' lang='lat'><strong>1608,</strong></span> <span class='ocrx_word' id='word_1_666' title='bbox 1710 2376 1740 2403; x_wconf 91' lang='lat' dir='ltr'><strong>in</strong></span> <span class='ocrx_word' id='word_1_667' title='bbox 1756 2376 1785 2409; x_wconf 87' lang='lat'><strong>8,</strong></span> 
     </span>
    </p>
   </div>
   <div class='ocr_carea' id='block_1_104' title="bbox 873 2434 990 2464">
    <p class='ocr_par' dir='ltr' id='par_1_104' title="bbox 873 2434 990 2464">
     <span class='ocr_line' id='line_1_104' title="bbox 873 2434 990 2464; baseline -0.026 0"><span class='ocrx_word' id='word_1_668' title='bbox 873 2434 990 2464; x_wconf 58' lang='lat' dir='ltr'><strong>NOTAE.</strong></span> 
     </span>
    </p>
   </div>
   <div class='ocr_carea' id='block_1_105' title="bbox 107 2475 905 2511">
    <p class='ocr_par' dir='ltr' id='par_1_105' title="bbox 107 2475 905 2511">
     <span class='ocr_line' id='line_1_105' title="bbox 107 2475 905 2511; baseline 0.006 -9"><span class='ocrx_word' id='word_1_669' title='bbox 107 2475 147 2511; x_wconf 87' lang='lat' dir='ltr'><strong>(p)</strong></span> <span class='ocrx_word' id='word_1_670' title='bbox 165 2477 272 2504; x_wconf 85' lang='lat' dir='ltr'><strong>Ducam</strong></span> <span class='ocrx_word' id='word_1_671' title='bbox 291 2477 335 2505; x_wconf 90' lang='lat' dir='ltr'><strong>vel</strong></span> <span class='ocrx_word' id='word_1_672' title='bbox 351 2477 590 2510; x_wconf 88' lang='lat' dir='ltr'><strong>Monomachum,</strong></span> <span class='ocrx_word' id='word_1_673' title='bbox 607 2480 638 2505; x_wconf 87' lang='lat' dir='ltr'><strong>ut</strong></span> <span class='ocrx_word' id='word_1_674' title='bbox 653 2478 777 2507; x_wconf 86' lang='lat' dir='ltr'><strong>Allatius</strong></span> <span class='ocrx_word' id='word_1_675' title='bbox 793 2480 905 2507; x_wconf 83' lang='lat' dir='ltr'><strong>notavit</strong></span> 
     </span>
    </p>
   </div>
   <div class='ocr_carea' id='block_1_106' title="bbox 69 2512 902 2550">
    <p class='ocr_par' dir='ltr' id='par_1_106' title="bbox 69 2512 902 2550">
     <span class='ocr_line' id='line_1_106' title="bbox 69 2512 902 2550; baseline 0.005 -11"><span class='ocrx_word' id='word_1_676' title='bbox 69 2520 165 2550; x_wconf 76' lang='lat' dir='ltr'><strong>supra</strong></span> <span class='ocrx_word' id='word_1_677' title='bbox 186 2512 252 2550; x_wconf 50' lang='grc' dir='ltr'><strong>ἐξ,</strong></span> <span class='ocrx_word' id='word_1_678' title='bbox 280 2521 344 2550; x_wconf 72' lang='lat' dir='ltr'><strong>non</strong></span> <span class='ocrx_word' id='word_1_679' title='bbox 384 2513 701 2549; x_wconf 79' lang='lat' dir='ltr'><strong>Porphyrogennetam,</strong></span> <span class='ocrx_word' id='word_1_680' title='bbox 735 2519 767 2542; x_wconf 90' lang='lat' dir='ltr'><strong>ut</strong></span> <span class='ocrx_word' id='word_1_681' title='bbox 801 2515 902 2550; x_wconf 87' lang='lat' dir='ltr'><strong>Gyral-</strong></span> 
     </span>
    </p>
   </div>
   <div class='ocr_carea' id='block_1_107' title="bbox 70 2548 902 2588">
    <p class='ocr_par' dir='ltr' id='par_1_107' title="bbox 70 2548 902 2588">
     <span class='ocr_line' id='line_1_107' title="bbox 70 2548 902 2588; baseline 0.005 -14"><span class='ocrx_word' id='word_1_682' title='bbox 70 2548 129 2588; x_wconf 80' lang='lat' dir='ltr'><strong>dus</strong></span> <span class='ocrx_word' id='word_1_683' title='bbox 143 2555 179 2588; x_wconf 81' lang='lat' dir='ltr'><strong>p._</strong></span> <span class='ocrx_word' id='word_1_684' title='bbox 272 2549 306 2576; x_wconf 92' lang='lat' dir='ltr'><strong>de</strong></span> <span class='ocrx_word' id='word_1_685' title='bbox 323 2549 428 2577; x_wconf 83' lang='lat' dir='ltr'><strong>Poetis.</strong></span> <span class='ocrx_word' id='word_1_686' title='bbox 441 2548 631 2588; x_wconf 33' lang='lat' dir='ltr'><strong>’Prodierunt</strong></span> <span class='ocrx_word' id='word_1_687' title='bbox 652 2551 739 2588; x_wconf 85' lang='lat' dir='ltr'><strong>etiam</strong></span> <span class='ocrx_word' id='word_1_688' title='bbox 766 2550 795 2578; x_wconf 93' lang='lat' dir='ltr'><strong>hi</strong></span> <span class='ocrx_word' id='word_1_689' title='bbox 811 2548 902 2588; x_wconf 81' lang='lat' dir='ltr'><strong>libelli</strong></span> 
     </span>
    </p>
   </div>
   <div class='ocr_carea' id='block_1_108' title="bbox 70 2583 904 2622">
    <p class='ocr_par' dir='ltr' id='par_1_108' title="bbox 70 2583 904 2622">
     <span class='ocr_line' id='line_1_108' title="bbox 70 2583 904 2622; baseline 0.004 -11"><span class='ocrx_word' id='word_1_690' title='bbox 70 2584 107 2622; x_wconf 80' lang='lat' dir='ltr'><strong>de</strong></span> <span class='ocrx_word' id='word_1_691' title='bbox 124 2583 204 2622; x_wconf 77' lang='lat' dir='ltr'><strong>victu</strong></span> <span class='ocrx_word' id='word_1_692' title='bbox 222 2583 424 2622; x_wconf 51' lang='lat' dir='ltr'><strong>humandum!</strong></span> <span class='ocrx_word' id='word_1_693' title='bbox 443 2585 592 2622; x_wconf 21' lang='lat' dir='ltr'><strong>cumraliis</strong></span> <span class='ocrx_word' id='word_1_694' title='bbox 613 2586 759 2613; x_wconf 85' lang='lat' dir='ltr'><strong>variorum</strong></span> <span class='ocrx_word' id='word_1_695' title='bbox 785 2587 904 2622; x_wconf 89' lang='lat' dir='ltr'><strong>scriptis</strong></span> 
     </span>
    </p>
   </div>
   <div class='ocr_carea' id='block_1_109' title="bbox 71 2618 903 2655">
    <p class='ocr_par' dir='ltr' id='par_1_109' title="bbox 71 2618 903 2655">
     <span class='ocr_line' id='line_1_109' title="bbox 71 2618 903 2655; baseline 0.002 -9"><span class='ocrx_word' id='word_1_696' title='bbox 71 2619 110 2646; x_wconf 90' lang='lat' dir='ltr'><strong>ab</strong></span> <span class='ocrx_word' id='word_1_697' title='bbox 127 2618 231 2655; x_wconf 88' lang='lat' dir='ltr'><strong>eodem</strong></span> <span class='ocrx_word' id='word_1_698' title='bbox 248 2620 280 2647; x_wconf 91' lang='lat' dir='ltr'><strong>G.</strong></span> <span class='ocrx_word' id='word_1_699' title='bbox 297 2620 380 2648; x_wconf 81' lang='lat' dir='ltr'><strong>Valla</strong></span> <span class='ocrx_word' id='word_1_700' title='bbox 395 2621 486 2649; x_wconf 89' lang='lat' dir='ltr'><strong>versis</strong></span> <span class='ocrx_word' id='word_1_701' title='bbox 503 2621 601 2648; x_wconf 87' lang='lat' dir='ltr'><strong>Venet.</strong></span> <span class='ocrx_word' id='word_1_702' title='bbox 624 2622 704 2655; x_wconf 83' lang='lat'><strong>1498,</strong></span> <span class='ocrx_word' id='word_1_703' title='bbox 718 2623 778 2655; x_wconf 87' lang='lat' dir='ltr'><strong>fol.,</strong></span> <span class='ocrx_word' id='word_1_704' title='bbox 796 2625 826 2649; x_wconf 85' lang='lat' dir='ltr'><strong>ut</strong></span> <span class='ocrx_word' id='word_1_705' title='bbox 843 2618 903 2650; x_wconf 83' lang='lat' dir='ltr'><strong>edi-</strong></span> 
     </span>
    </p>
   </div>
   <div class='ocr_carea' id='block_1_110' title="bbox 69 2654 904 2690">
    <p class='ocr_par' dir='ltr' id='par_1_110' title="bbox 69 2654 904 2690">
     <span class='ocr_line' id='line_1_110' title="bbox 69 2654 904 2690; baseline 0.004 -8"><span class='ocrx_word' id='word_1_706' title='bbox 69 2655 171 2682; x_wconf 87' lang='lat' dir='ltr'><strong>tiones</strong></span> <span class='ocrx_word' id='word_1_707' title='bbox 187 2654 287 2683; x_wconf 88' lang='lat' dir='ltr'><strong>Colon.</strong></span> <span class='ocrx_word' id='word_1_708' title='bbox 306 2656 384 2684; x_wconf 80' lang='lat'><strong>1526.</strong></span> <span class='ocrx_word' id='word_1_709' title='bbox 401 2658 428 2690; x_wconf 91' lang='lat'><strong>8,</strong></span> <span class='ocrx_word' id='word_1_710' title='bbox 440 2659 468 2684; x_wconf 88' lang='lat' dir='ltr'><strong>et</strong></span> <span class='ocrx_word' id='word_1_711' title='bbox 493 2656 580 2684; x_wconf 88' lang='lat' dir='ltr'><strong>Basil.</strong></span> <span class='ocrx_word' id='word_1_712' title='bbox 597 2657 665 2684; x_wconf 77' lang='grc'><strong>4457</strong></span> <span class='ocrx_word' id='word_1_713' title='bbox 684 2654 713 2684; x_wconf 85' lang='lat' dir='ltr'><strong>in</strong></span> <span class='ocrx_word' id='word_1_714' title='bbox 736 2659 754 2684; x_wconf 87' lang='lat'><strong>8</strong></span> <span class='ocrx_word' id='word_1_715' title='bbox 769 2659 904 2686; x_wconf 88' lang='lat' dir='ltr'><strong>omittam</strong></span> 
     </span>
    </p>
   </div>
   <div class='ocr_carea' id='block_1_111' title="bbox 71 2690 904 2728">
    <p class='ocr_par' dir='ltr' id='par_1_111' title="bbox 71 2690 904 2728">
     <span class='ocr_line' id='line_1_111' title="bbox 71 2690 904 2728; baseline 0.004 -10"><span class='ocrx_word' id='word_1_716' title='bbox 71 2690 105 2718; x_wconf 84' lang='lat' dir='ltr'><strong>In</strong></span> <span class='ocrx_word' id='word_1_717' title='bbox 122 2690 234 2728; x_wconf 84' lang='lat' dir='ltr'><strong>libellis</strong></span> <span class='ocrx_word' id='word_1_718' title='bbox 249 2692 314 2728; x_wconf 80' lang='lat' dir='ltr'><strong>istis</strong></span> <span class='ocrx_word' id='word_1_719' title='bbox 333 2692 517 2728; x_wconf 80' lang='lat' dir='ltr'><strong>imperatoris</strong></span> <span class='ocrx_word' id='word_1_720' title='bbox 536 2693 624 2727; x_wconf 84' lang='lat' dir='ltr'><strong>jussu</strong></span> <span class='ocrx_word' id='word_1_721' title='bbox 645 2693 774 2720; x_wconf 87' lang='lat' dir='ltr'><strong>collectis</strong></span> <span class='ocrx_word' id='word_1_722' title='bbox 791 2693 904 2722; x_wconf 87' lang='lat' dir='ltr'><strong>nullum</strong></span> 
     </span>
    </p>
   </div>
   <div class='ocr_carea' id='block_1_112' title="bbox 73 2726 903 2769">
    <p class='ocr_par' dir='ltr' id='par_1_112' title="bbox 73 2726 903 2769">
     <span class='ocr_line' id='line_1_112' title="bbox 73 2726 903 2769; baseline 0.005 -16"><span class='ocrx_word' id='word_1_723' title='bbox 73 2726 250 2769; x_wconf 63' lang='lat' dir='ltr'><strong>scriptorem</strong></span> <span class='ocrx_word' id='word_1_724' title='bbox 272 2726 502 2769; x_wconf 49' lang='lat' dir='ltr'><strong>laudat-Psallus</strong></span> <span class='ocrx_word' id='word_1_725' title='bbox 519 2726 676 2769; x_wconf 47' lang='grc' dir='ltr'><strong>Ψίθιον-ρ.</strong></span> <span class='ocrx_word' id='word_1_726' title='bbox 700 2729 728 2761; x_wconf 89' lang='grc'><strong>8,</strong></span> <span class='ocrx_word' id='word_1_727' title='bbox 751 2729 903 2769; x_wconf 69' lang='lat' dir='ltr'><strong>Ga_l_enum_.</strong></span> 
     </span>
    </p>
   </div>
   <div class='ocr_carea' id='block_1_113' title="bbox 75 2761 906 2800">
    <p class='ocr_par' dir='ltr' id='par_1_113' title="bbox 75 2761 906 2800">
     <span class='ocr_line' id='line_1_113' title="bbox 75 2761 906 2800; baseline 0.002 -10"><span class='ocrx_word' id='word_1_728' title='bbox 75 2763 115 2790; x_wconf 90' lang='lat' dir='ltr'><strong>De</strong></span> <span class='ocrx_word' id='word_1_729' title='bbox 131 2761 236 2790; x_wconf 85' lang='lat' dir='ltr'><strong>eodem</strong></span> <span class='ocrx_word' id='word_1_730' title='bbox 251 2765 428 2800; x_wconf 79' lang='lat' dir='ltr'><strong>argumento</strong></span> <span class='ocrx_word' id='word_1_731' title='bbox 446 2764 496 2792; x_wconf 84' lang='lat' dir='ltr'><strong>sed</strong></span> <span class='ocrx_word' id='word_1_732' title='bbox 513 2761 599 2799; x_wconf 79' lang='lat' dir='ltr'><strong>plane</strong></span> <span class='ocrx_word' id='word_1_733' title='bbox 628 2761 762 2793; x_wconf 85' lang='lat' dir='ltr'><strong>diversus</strong></span> <span class='ocrx_word' id='word_1_734' title='bbox 777 2764 851 2794; x_wconf 86' lang='lat' dir='ltr'><strong>liber</strong></span> <span class='ocrx_word' id='word_1_735' title='bbox 866 2765 906 2793; x_wconf 79' lang='lat' dir='ltr'><strong>si-</strong></span> 
     </span>
    </p>
   </div>
   <div class='ocr_carea' id='block_1_114' title="bbox 959 2470 1786 2506">
    <p class='ocr_par' dir='ltr' id='par_1_114' title="bbox 959 2470 1786 2506">
     <span class='ocr_line' id='line_1_114' title="bbox 959 2470 1786 2506; baseline -0.012 0"><span class='ocrx_word' id='word_1_736' title='bbox 959 2477 1074 2506; x_wconf 86' lang='lat' dir='ltr'><strong>meonis</strong></span> <span class='ocrx_word' id='word_1_737' title='bbox 1097 2476 1177 2505; x_wconf 87' lang='lat' dir='ltr'><strong>Sethi</strong></span> <span class='ocrx_word' id='word_1_738' title='bbox 1200 2477 1296 2504; x_wconf 85' lang='lat' dir='ltr'><strong>exstat</strong></span> <span class='ocrx_word' id='word_1_739' title='bbox 1320 2474 1356 2502; x_wconf 87' lang='lat' dir='ltr'><strong>ad</strong></span> <span class='ocrx_word' id='word_1_740' title='bbox 1382 2472 1554 2502; x_wconf 87' lang='lat' dir='ltr'><strong>Michaelem</strong></span> <span class='ocrx_word' id='word_1_741' title='bbox 1581 2474 1689 2499; x_wconf 81' lang='lat' dir='ltr'><strong>Ducam</strong></span> <span class='ocrx_word' id='word_1_742' title='bbox 1713 2470 1786 2505; x_wconf 90' lang='lat' dir='ltr'><strong>imp.</strong></span> 
     </span>
    </p>
   </div>
   <div class='ocr_carea' id='block_1_115' title="bbox 959 2506 1788 2546">
    <p class='ocr_par' dir='ltr' id='par_1_115' title="bbox 959 2506 1788 2546">
     <span class='ocr_line' id='line_1_115' title="bbox 959 2506 1788 2546; baseline -0.011 -5"><span class='ocrx_word' id='word_1_743' title='bbox 959 2514 1006 2542; x_wconf 91' lang='lat' dir='ltr'><strong>cui</strong></span> <span class='ocrx_word' id='word_1_744' title='bbox 1023 2513 1106 2540; x_wconf 88' lang='lat' dir='ltr'><strong>valde</strong></span> <span class='ocrx_word' id='word_1_745' title='bbox 1122 2512 1218 2540; x_wconf 91' lang='lat' dir='ltr'><strong>simile</strong></span> <span class='ocrx_word' id='word_1_746' title='bbox 1233 2511 1377 2546; x_wconf 86' lang='lat' dir='ltr'><strong>scriptum</strong></span> <span class='ocrx_word' id='word_1_747' title='bbox 1391 2509 1472 2537; x_wconf 86' lang='lat' dir='ltr'><strong>aliud</strong></span> <span class='ocrx_word' id='word_1_748' title='bbox 1488 2507 1582 2537; x_wconf 87' lang='lat' dir='ltr'><strong>Psello</strong></span> <span class='ocrx_word' id='word_1_749' title='bbox 1597 2508 1740 2535; x_wconf 90' lang='lat' dir='ltr'><strong>tributum</strong></span> <span class='ocrx_word' id='word_1_750' title='bbox 1752 2506 1788 2533; x_wconf 90' lang='lat' dir='ltr'><strong>de</strong></span> 
     </span>
    </p>
   </div>
   <div class='ocr_carea' id='block_1_116' title="bbox 959 2547 1331 2585">
    <p class='ocr_par' dir='ltr' id='par_1_116' title="bbox 959 2547 1331 2585">
     <span class='ocr_line' id='line_1_116' title="bbox 959 2547 1331 2585; baseline -0.011 -8"><span class='ocrx_word' id='word_1_751' title='bbox 959 2558 1016 2585; x_wconf 91' lang='lat' dir='ltr'><strong>quo</strong></span> <span class='ocrx_word' id='word_1_752' title='bbox 1032 2549 1156 2576; x_wconf 85' lang='lat' dir='ltr'><strong>Allatius</strong></span> <span class='ocrx_word' id='word_1_753' title='bbox 1168 2548 1244 2585; x_wconf 73' lang='lat' dir='ltr'><strong>infra</strong></span> <span class='ocrx_word' id='word_1_754' title='bbox 1258 2548 1271 2581; x_wconf 86' lang='lat'><strong>§</strong></span> <span class='ocrx_word' id='word_1_755' title='bbox 1286 2547 1331 2585; x_wconf 79' lang='lat'><strong>51.</strong></span> 
     </span>
    </p>
   </div>
   <div class='ocr_carea' id='block_1_117' title="bbox 997 2579 1788 2620">
    <p class='ocr_par' dir='ltr' id='par_1_117' title="bbox 997 2579 1788 2620">
     <span class='ocr_line' id='line_1_117' title="bbox 997 2579 1788 2620; baseline -0.011 -7"><span class='ocrx_word' id='word_1_756' title='bbox 997 2585 1032 2620; x_wconf 91' lang='lat' dir='ltr'><strong>(q)</strong></span> <span class='ocrx_word' id='word_1_757' title='bbox 1055 2585 1151 2612; x_wconf 60' lang='lat' dir='ltr'><strong>Graece</strong></span> <span class='ocrx_word' id='word_1_758' title='bbox 1175 2583 1204 2611; x_wconf 94' lang='lat' dir='ltr'><strong>ln</strong></span> <span class='ocrx_word' id='word_1_759' title='bbox 1228 2579 1269 2616; x_wconf 57' lang='grc' dir='ltr'><strong>εξ</strong></span> <span class='ocrx_word' id='word_1_760' title='bbox 1282 2583 1318 2610; x_wconf 88' lang='lat' dir='ltr'><strong>ad</strong></span> <span class='ocrx_word' id='word_1_761' title='bbox 1353 2580 1462 2609; x_wconf 87' lang='lat' dir='ltr'><strong>calcem</strong></span> <span class='ocrx_word' id='word_1_762' title='bbox 1487 2579 1788 2615; x_wconf 84' lang='lat' dir='ltr'><strong>Apophthegmatum,</strong></span> 
     </span>
    </p>
   </div>
   <div class='ocr_carea' id='block_1_118' title="bbox 960 2620 1325 2654">
    <p class='ocr_par' dir='ltr' id='par_1_118' title="bbox 960 2620 1325 2654">
     <span class='ocr_line' id='line_1_118' title="bbox 960 2620 1325 2654; baseline -0.011 -6"><span class='ocrx_word' id='word_1_763' title='bbox 960 2620 1047 2648; x_wconf 88' lang='lat' dir='ltr'><strong>Leoni</strong></span> <span class='ocrx_word' id='word_1_764' title='bbox 1064 2621 1091 2647; x_wconf 84' lang='lat' dir='ltr'>X</span> <span class='ocrx_word' id='word_1_765' title='bbox 1106 2620 1325 2654; x_wconf 84' lang='lat' dir='ltr'><strong>inscriptorum.</strong></span> 
     </span>
    </p>
   </div>
   <div class='ocr_carea' id='block_1_119' title="bbox 997 2647 1786 2691">
    <p class='ocr_par' dir='ltr' id='par_1_119' title="bbox 997 2647 1786 2691">
     <span class='ocr_line' id='line_1_119' title="bbox 997 2647 1786 2691; baseline -0.01 -8"><span class='ocrx_word' id='word_1_766' title='bbox 997 2647 1032 2691; x_wconf 84' lang='lat' dir='ltr'><strong>(r)</strong></span> <span class='ocrx_word' id='word_1_767' title='bbox 1048 2657 1143 2683; x_wconf 68' lang='lat' dir='ltr'><strong>Graece</strong></span> <span class='ocrx_word' id='word_1_768' title='bbox 1157 2647 1287 2684; x_wconf 77' lang='lat' dir='ltr'><strong>tantum,</strong></span> <span class='ocrx_word' id='word_1_769' title='bbox 1303 2661 1365 2691; x_wconf 78' lang='lat' dir='ltr'><strong>non</strong></span> <span class='ocrx_word' id='word_1_770' title='bbox 1377 2652 1474 2691; x_wconf 67' lang='lat' dir='ltr'><strong>Graece</strong></span> <span class='ocrx_word' id='word_1_771' title='bbox 1488 2653 1517 2678; x_wconf 87' lang='lat' dir='ltr'><strong>et</strong></span> <span class='ocrx_word' id='word_1_772' title='bbox 1532 2650 1643 2691; x_wconf 76' lang='lat' dir='ltr'><strong>Latine,</strong></span> <span class='ocrx_word' id='word_1_773' title='bbox 1654 2651 1686 2676; x_wconf 90' lang='lat' dir='ltr'><strong>ut</strong></span> <span class='ocrx_word' id='word_1_774' title='bbox 1700 2657 1716 2676; x_wconf 71' lang='grc' dir='ltr'><strong>δ</strong></span> <span class='ocrx_word' id='word_1_775' title='bbox 1728 2647 1786 2691; x_wconf 71' lang='lat' dir='ltr'><strong>cla-</strong></span> 
     </span>
    </p>
   </div>
   <div class='ocr_carea' id='block_1_120' title="bbox 960 2684 1782 2721">
    <p class='ocr_par' dir='ltr' id='par_1_120' title="bbox 960 2684 1782 2721">
     <span class='ocr_line' id='line_1_120' title="bbox 960 2684 1782 2721; baseline -0.011 -2"><span class='ocrx_word' id='word_1_776' title='bbox 960 2684 1077 2719; x_wconf 76' lang='lat' dir='ltr'><strong>rissimo</strong></span> <span class='ocrx_word' id='word_1_777' title='bbox 1092 2694 1181 2718; x_wconf 85' lang='lat' dir='ltr'><strong>Caveo</strong></span> <span class='ocrx_word' id='word_1_778' title='bbox 1197 2691 1226 2717; x_wconf 87' lang='lat' dir='ltr'><strong>in</strong></span> <span class='ocrx_word' id='word_1_779' title='bbox 1252 2690 1318 2716; x_wconf 82' lang='lat' dir='ltr'><strong>Hist.</strong></span> <span class='ocrx_word' id='word_1_780' title='bbox 1344 2688 1486 2715; x_wconf 75' lang='lat' dir='ltr'><strong>litterario</strong></span> <span class='ocrx_word' id='word_1_781' title='bbox 1507 2687 1682 2721; x_wconf 74' lang='lat' dir='ltr'><strong>scriptorum</strong></span> <span class='ocrx_word' id='word_1_782' title='bbox 1689 2684 1782 2721; x_wconf 73' lang='lat' dir='ltr'><strong>certes.</strong></span> 
     </span>
    </p>
   </div>
   <div class='ocr_carea' id='block_1_121' title="bbox 962 2720 1782 2763">
    <p class='ocr_par' dir='ltr' id='par_1_121' title="bbox 962 2720 1782 2763">
     <span class='ocr_line' id='line_1_121' title="bbox 962 2720 1782 2763; baseline -0.011 -8"><span class='ocrx_word' id='word_1_783' title='bbox 962 2727 1121 2763; x_wconf 82' lang='lat' dir='ltr'><strong>proditum,</strong></span> <span class='ocrx_word' id='word_1_784' title='bbox 1138 2726 1206 2763; x_wconf 86' lang='lat' dir='ltr'><strong>licet</strong></span> <span class='ocrx_word' id='word_1_785' title='bbox 1221 2724 1358 2763; x_wconf 74' lang='lat' dir='ltr'><strong>Heracliti</strong></span> <span class='ocrx_word' id='word_1_786' title='bbox 1372 2722 1527 2759; x_wconf 81' lang='lat' dir='ltr'><strong>Allegoriis</strong></span> <span class='ocrx_word' id='word_1_787' title='bbox 1549 2720 1652 2750; x_wconf 79' lang='lat' dir='ltr'><strong>Latina</strong></span> <span class='ocrx_word' id='word_1_788' title='bbox 1665 2720 1782 2748; x_wconf 87' lang='lat' dir='ltr'><strong>illarum</strong></span> 
     </span>
    </p>
   </div>
   <div class='ocr_carea' id='block_1_122' title="bbox 962 2761 1376 2797">
    <p class='ocr_par' dir='ltr' id='par_1_122' title="bbox 962 2761 1376 2797">
     <span class='ocr_line' id='line_1_122' title="bbox 962 2761 1376 2797; baseline -0.01 -6"><span class='ocrx_word' id='word_1_789' title='bbox 962 2761 1083 2791; x_wconf 81' lang='lat' dir='ltr'><strong>Gesneri</strong></span> <span class='ocrx_word' id='word_1_790' title='bbox 1100 2762 1194 2791; x_wconf 88' lang='lat' dir='ltr'><strong>versio</strong></span> <span class='ocrx_word' id='word_1_791' title='bbox 1209 2761 1376 2797; x_wconf 81' lang='lat' dir='ltr'><strong>subjuncta.</strong></span> 
     </span>
    </p>
   </div>
  </div>
