1937 3050
158 99 219 128 499

854 97 995 128 LEONIS
1019 98 1177 129 ALLATII

1806 102 1864 133 500

161 174 220 193 una
235 174 302 194 cum
317 166 461 194 Theodori
483 167 633 194 Prodromi
658 167 864 195 dissertatione
888 167 923 193 de
938 167 987 194 Sa-
1002 167 1028 200 Α
1044 175 1120 194 anno
1136 168 1214 202 1557,
1231 167 1376 196 edendum
1392 167 1513 202 curavit,
1530 169 1679 204 postrema
1693 168 1757 204 ejus
1772 171 1862 205 parte,

159 211 270 247 pientia
285 211 382 239 Graece
398 211 490 239 edidit
517 220 580 239 esse
597 215 742 248 excerpta,
760 211 910 239 nonnullis
922 213 985 238 tan-

160 258 224 283 tum
248 255 344 283 verbis
370 256 547 291 immutatis,
573 265 607 284 ex
630 257 676 284 his
703 257 787 284 Pet-lli
816 256 932 283 lambis.
950 259 988 282 Ea

161 300 217 329 sub
241 299 402 334 Ἀνωνύμου
426 301 543 328 nomine
570 297 696 336 ’.ἰάμϐους
721 298 902 335 ἡθοποιϊκοὺς
928 300 987 327 Mo-

161 344 252 372 rellus
271 345 450 381 vulgaverat.
476 345 554 373 Nihil
582 346 690 373 minus.
716 345 858 373 Pbronesi
874 347 987 372 tantum

162 392 294 426 excepta,
320 390 433 426 reliqua
457 393 528 417 sunt
552 390 588 417 de
611 390 807 426 philosophia,
833 389 988 423 rhetorica,

161 436 189 461 et
203 434 405 470 grammatica,
423 443 497 470 quae,
514 437 657 470 quantum
680 437 813 470 spectent
830 435 864 461 ad
881 442 988 469 mores,

158 479 293 513 judicent
308 478 368 506 alii.

195 523 322 551 XXXVI.
340 523 478 559 Ejusdem
506 523 706 557 Puraphran'n
731 525 761 551 in
786 523 938 551 Aristotelis
954 523 988 550 li-

163 569 244 595 brum
277 567 342 604 Περὶ
376 565 532 604 ἑρμηνείας,
568 569 604 595 De
636 569 870 603 z'nterprelrlione,
898 567 990 595 edidit

163 612 259 640 Graece
275 612 375 645 Aldus,
393 611 534 645 Venetiis,
551 621 618 640 cum
643 613 807 647 Ammonio,
823 616 851 641 et
867 613 984 648 Magen-

161 656 224 684 tino
240 657 320 690 1503,
336 656 366 684 in
383 656 443 690 fol.;
461 657 594 684 eamdem
621 657 764 685 latinitate
789 658 926 685 donatam
945 657 988 692 (ις),

163 709 230 729 cum
255 702 387 737 ejusdem
412 701 499 729 Pselli
524 702 696 738 compendio
721 703 751 729 in
773 703 893 737 quinque
914 709 989 729 voces

163 746 324 782 Porphyrii,
350 750 375 774 et
400 746 554 774 Aristotelis
573 747 789 782 prmdz'camenla
806 747 926 774 Basilca:
942 754 990 773 ειη

163 790 245 818 cudit
261 791 402 818 Robertus
418 790 535 817 \Vinter
557 791 635 824 15-12,
651 791 677 818 8.
695 791 762 823 Quae
789 791 893 818 ultima
909 790 990 826 prius

164 844 240 862 anno
257 835 327 862 1510
342 835 438 862 Grmce
465 835 584 862 Parisiis
601 836 680 863 edita
705 836 833 869 fuerunt,
850 844 908 863 una
923 843 988 862 cum

163 880 293 914 ejusdem
319 879 525 907 Introductione
549 880 579 906 in
603 888 653 907 sm:
678 879 866 915 Philosophiae
886 880 989 908 modos;

162 927 190 952 et
205 932 280 952 anno
298 924 434 958 1511,12.
451 924 559 951 Ibidem
579 932 629 960 per
638 923 779 952 Jacobum
797 924 990 952 Foscarcnum

161 968 314 996 Michaelis
330 968 421 995 [ilium
437 968 582 996 latinitate
606 969 724 996 donata.
751 971 780 995 in
808 968 865 996 alio
892 969 991 996 codice

165 1012 366 1048 manuscripto
384 1012 575 1048 Paraphrasis
590 1012 694 1040 titulus
719 1013 759 1040 ita
783 1012 919 1046 habetur,
937 1015 991 1039 Πα-

164 1057 294 1095 ράφρασις
314 1058 363 1083 τοῦ
384 1057 450 1094 Περί
473 1055 627 1094 ἑρμηνείας,
647 1056 699 1083 ἀπὸ
725 1059 818 1095 φωνῆς
834 1058 881 1083 τοῦ
897 1056 991 1093 κυρίου

164 1101 322 1139 Βεστάρχου
342 1100 386 1127 καὶ
415 1100 516 1128 ὑπάτου
540 1103 593 1128 τῶν
620 1100 778 1139 φιλοσόφων
801 1103 848 1128 τοῦ
865 1099 990 1129 Ψελλοί

165 1146 350 1182 Paraphrasz's
379 1147 408 1174 in
434 1146 536 1174 librum
560 1147 597 1174 De
622 1147 864 1182 interpretatione,
895 1155 930 1174 ex
944 1155 992 1174 ore

164 1191 274 1218 domini
284 1190 436 1218 Bestarchm
452 1195 479 1218 el
495 1191 632 1225 principis
655 1190 879 1226 philosophorum
896 1191 990 1218 Pselli.

168 1235 240 1262 llinc
262 1234 360 1262 virum
386 1233 599 1262 Vestarchatus
626 1235 712 1261 etiam
735 1234 888 1270 dignitate,
914 1235 991 1262 unde

165 1282 267 1316 postea
279 1278 451 1306 Vestarches
480 1278 670 1306 nobilissima:
696 1279 812 1306 familia
833 1288 938 1307 nomen
950 1280 990 1306 ἱνα

164 1323 266 1360 repsit,
283 1323 459 1359 insignitum
476 1323 567 1350 fuisse
583 1323 760 1358 colligimus.

198 1371 336 1400 XXXVII.
355 1372 492 1406 Ejusdem
522 1371 604 1405 liber,
622 1372 651 1407 (ι)
673 1372 709 1400 de
728 1375 855 1408 quatuor
879 1373 992 1401 mathe-

166 1417 282 1445 maticis
297 1416 438 1450 scientiis,
460 1415 654 1449 arithmetica,
682 1417 806 1452 musica,
822 1418 992 1453 geometria,

165 1461 263 1490 Graece
279 1463 307 1488 et
323 1460 425 1488 Latine
440 1460 536 1488 editus
553 1469 620 1488 cum
637 1461 702 1488 aliis
719 1462 899 1497 auctoribus,
915 1462 991 1490 Wit-

167 1506 321 1541 tembergae
349 1505 429 1539 1560,
455 1513 507 1532 nec
543 1513 600 1532 non
624 1505 745 1533 Basilem
771 1514 823 1542 per
846 1507 990 1535 Joannem

165 1550 327 1586 Oporinum
345 1550 424 1584 1556,
440 1550 466 1583 8,
483 1549 638 1577 Guilielmo
655 1550 805 1586 Xylandro
822 1552 990 1588 Augustano

166 1595 336 1630 interprete,
359 1602 425 1621 cum
452 1594 601 1621 nonnullis
630 1595 761 1629 ejusdem
786 1595 926 1631 Xylandri
943 1605 992 1623 an-

169 1639 368 1667 notationibus
384 1639 413 1665 in
428 1638 572 1666 eumdem.
586 1638 698 1669 Quibus
714 1639 834 1667 accessit
850 1640 991 1676 Xylandri

171 1684 206 1711 de
224 1682 420 1719 philosophia,
439 1684 466 1710 et
490 1683 553 1717 ejus
580 1682 713 1718 partibus
730 1691 858 1716 carmen,
874 1687 901 1711 et
917 1693 990 1712 non-

169 1727 251 1756 nulla
273 1727 330 1756 alia
353 1727 484 1755 carmina
511 1727 616 1754 diversi
642 1729 817 1763 argumenti.
843 1729 923 1765 Opus
938 1730 991 1757 hoc

169 1773 283 1809 primus
298 1772 395 1799 Romae
411 1771 508 1799 Graece
524 1772 754 1807 imprimendum
780 1774 891 1800 curavit
906 1775 991 1802 Arse-

169 1817 236 1845 nius
248 1816 455 1845 Monembasiae
469 1816 636 1852 episcopus,
648 1817 677 1843 in
695 1825 752 1852 qua
776 1818 905 1846 editione
919 1819 991 1846 scri-

167 1864 274 1898 pserat,
308 1862 453 1889 incertum
484 1869 558 1896 esse,
594 1860 679 1888 Pseili
711 1870 747 1889 ne
780 1871 817 1890 an
843 1863 990 1899 Euthymii

166 1906 321 1942 cujusdam
338 1906 393 1941 [25]
409 1914 483 1941 opus
508 1908 595 1941 esset,
621 1906 767 1942 plerisque
792 1909 888 1935 tamen
906 1908 992 1936 Pselli

165 1951 268 1978 videri.
292 1949 341 1976 Καὶ
373 1951 459 1976 ταῦτα
490 1951 529 1985 τῷ
559 1949 659 1983 ταύτης
685 1950 777 1988 πατρὶ,
801 1950 854 1978 tif-rt
881 1951 990 1983 Ψελλὸς

165 1995 210 2028 ἦν,
225 1994 263 2025 ὡς
279 1996 337 2025 τοῖς
350 1993 461 2021 πλείοσι
478 1992 562 2029 δοκεῖ,
575 1993 613 2021 sit
630 1994 785 2031 Ἐὑθύμιος,
797 1996 990 2033 χειριζόμενος.

165 2039 332 2075 Impressus
374 2047 491 2074 quoque
544 2041 588 2066 est
639 2039 679 2075 (ιι)
735 2041 855 2068 Parisnis
896 2042 992 2070 Greece

165 2092 242 2111 anno
268 2084 349 2117 1545,
390 2084 434 2116 12,
467 2091 519 2119 per
550 2083 689 2111 Iacobum
725 2084 903 2121 Bogardum.
928 2087 991 2114 Non

165 2127 258 2157 multo
290 2131 357 2164 post
390 2127 468 2155 Elias
501 2127 633 2161 Vinetus,
668 2129 744 2164 quod
791 2129 891 2158 nullus
924 2134 992 2159 ante

165 2181 245 2209 eum,
260 2181 336 2201 anno
354 2173 432 2206 1553,
449 2172 563 2208 primus
581 2172 716 2201 Latinum
733 2174 991 2211 fecit,Parisiisque

1042 219 1105 246 quae
1122 214 1166 239 est
1181 212 1216 239 de
1231 212 1400 248 astrologia,
1421 213 1542 246 omissa,
1564 215 1627 239 tum
1646 213 1722 248 quod
1739 213 1864 249 antiquis

1042 256 1100 283 illis
1116 259 1212 291 egeret
1226 256 1392 284 Grrccorum
1405 257 1653 291 tabulis,quarum
1666 257 1793 285 rationes
1805 258 1864 286 suis

1043 301 1225 336 temporibus
1241 309 1297 328 non
1315 301 1386 328 satis
1400 301 1611 337 congruebant,
1623 303 1687 329 tum
1703 302 1778 337 quod
1792 305 1866 330 esset

1043 346 1184 373 mendosa
1200 349 1302 381 praeter
1325 346 1410 379 alias,
1439 348 1468 373 et
1483 354 1516 373 ex
1531 354 1565 374 ea
1590 354 1620 374 se
1644 346 1722 374 haud
1739 347 1820 380 dum,
1835 350 1866 375 ut

1045 390 1106 425 ipse
1131 391 1277 426 praefatur,
1312 399 1346 418 ex
1374 391 1519 419 sententia
1553 391 1698 425 explicare
1730 392 1864 427 potuerit,

1043 435 1129 470 cujus
1151 434 1213 463 loco
1245 435 1337 463 Procli
1370 435 1514 471 sphaeram
1550 435 1716 463 substituit.
1753 436 1864 464 Editum

1043 479 1098 506 hoc
1123 479 1198 507 idem
1233 479 1312 516 Opus
1337 487 1372 507 ex
1404 479 1500 507 Vineti
1528 479 1769 516 interpretatione
1794 481 1865 508 Tur-

1044 524 1113 551 noni
1148 525 1225 560 apud
1261 524 1417 552 Claudium
1452 524 1636 558 Michaelem,
1673 533 1750 552 anno
1789 526 1863 553 1592.

1045 569 1112 596 Post
1125 569 1263 596 Vinctum
1274 569 1424 605 Xylander
1435 577 1520 596 suam
1534 569 1806 605 interpretationem
1823 579 1868 607 ag-

1044 621 1163 649 gressus
1179 616 1233 641 est.

1080 662 1237 690 XXXVIII.
1294 663 1432 698 Ejusdem
1485 665 1615 690 tractans
1659 661 1724 699 Περί
1766 672 1866 700 χρυσο-

1045 705 1149 741 πθιίας,
1166 707 1202 734 De
1216 708 1284 734 auri
1306 707 1473 742 conﬁciendi
1495 708 1614 741 ratione,
1639 707 1676 734 ad
1704 707 1866 736 Michaelem

1045 751 1226 778 Cerularium
1259 751 1456 787 patriarchain
1499 751 1866 788 Constantinopolitanum,

1045 795 1194 823 Dominico
1211 795 1380 823 Pizimentio
1396 796 1552 824 Viboncnsi
1568 796 1795 831 interprete,una
1803 806 1864 825 cum

1007 846 1030 879 B
1046 840 1210 867 Democrito
1223 840 1369 873 Abderita,
1386 840 1517 876 Synesio.
1535 840 1653 876 Pelagio
1680 843 1708 868 et
1724 841 1866 877 Stephano

1045 884 1250 918 Alexandrino,
1274 885 1308 913 de
1333 894 1439 921 magna
1463 888 1491 912 et
1516 893 1598 912 sacra
1624 888 1697 918 arte,
1720 886 1813 913 editus
1828 890 1869 914 est

1047 928 1155 956 Patavii
1186 930 1262 965 apud
1284 929 1433 957 Simonem
1462 929 1659 965 Galignanum
1685 930 1765 965 1572,
1792 931 1819 958 in
1843 933 1866 959 8.

1046 973 1120 1000 Dicti
1138 977 1269 1001 auctores
1281 982 1346 1001 cum
1365 973 1512 1009 plerisque
1528 974 1595 1001 aliis
1620 975 1655 1001 de
1681 975 1781 1002 eadem
1797 978 1862 1010 arte,

1046 1018 1122 1045 inter
1137 1026 1208 1053 quos
1226 1019 1364 1054 praecipui
1380 1023 1466 1046 erunt
1483 1019 1628 1052 Zosimus,
1646 1018 1865 1055 Olympiodorus

1046 1062 1250 1090 Christianus:
1274 1065 1302 1090 et
1326 1063 1456 1090 carmine
1482 1063 1666 1098 Hellodorus,
1692 1063 1868 1096 Hicrotheus,

1045 1107 1275 1143 Theophrastus,
1290 1107 1461 1139 Archelaus,
1478 1111 1506 1135 et
1521 1107 1569 1135 alii
1586 1116 1643 1135 non
1662 1109 1865 1136 contemnendi

1047 1153 1148 1187 lingua
1174 1151 1286 1186 Latina,
1322 1152 1418 1180 Grace
1444 1154 1472 1180 ct
1502 1152 1602 1180 Latine
1627 1161 1719 1180 unum
1742 1156 1866 1181 nostrum

1048 1196 1193 1224 variorum
1219 1197 1409 1232 antiquorum
1444 1196 1590 1230 volumen,
1620 1206 1688 1224 cum
1714 1198 1819 1225 nostris
1834 1199 1866 1226 dc

1046 1241 1147 1268 eadem
1165 1250 1194 1269 rs
1210 1241 1386 1275 tractatulis,
1398 1241 1428 1268 ni
1444 1242 1516 1269 meis
1533 1242 1642 1269 studiis
1659 1250 1774 1277 semper
1785 1242 1866 1270 Musae

1047 1286 1173 1313 adversa:
1190 1286 1307 1318 fuerint,
1331 1286 1470 1322 cbymicze
1495 1285 1567 1314 artis
1592 1286 1700 1314 deditis
1721 1295 1777 1314 non
1793 1286 1865 1322 inju-

1048 1331 1190 1365 cundum,
1213 1330 1393 1358 conﬂabunt.
1419 1331 1719 1358 Animadvertendum
1741 1331 1836 1365 etiam,
1852 1339 1866 1359 α

1048 1374 1217 1402 Pizimentio
1232 1375 1309 1402 male
1334 1374 1488 1411 epistolam
1515 1374 1600 1402 Psclli
1626 1375 1664 1402 ad
1688 1375 1863 1411 Xiphilinum

1047 1419 1198 1452 directam,
1214 1419 1251 1455 (υ)
1267 1419 1316 1455 qui
1332 1419 1460 1447 Joannes
1475 1419 1638 1453 dicebatur,
1665 1428 1721 1447 non
1739 1419 1862 1453 Michael,

1048 1463 1103 1491 nisi
1125 1463 1248 1491 velimus
1273 1464 1369 1491 dicere
1400 1463 1527 1491 Psellum
1553 1464 1692 1491 eumdem
1717 1466 1863 1492 tractatum

1048 1511 1160 1536 mutato
1177 1508 1237 1536 solo
1256 1508 1374 1536 nomine
1390 1508 1494 1536 amicis
1511 1508 1647 1544 pluribus
1665 1509 1864 1542 divenditasse,

1047 1553 1123 1588 quod
1141 1553 1206 1580 aliis
1221 1553 1310 1580 etiam
1328 1552 1456 1580 solemne
1470 1553 1525 1580 fuit
1561 1555 1594 1580 Et
1619 1561 1657 1580 ne
1681 1553 1753 1581 alios
1771 1561 1864 1581 recen-

1046 1597 1148 1632 sendo,
1173 1599 1290 1632 tempus
1314 1600 1475 1631 conteram,
1505 1597 1577 1625 satis
1605 1597 1679 1625 mihi
1703 1599 1757 1625 erit
1780 1606 1862 1625 unum

1046 1642 1102 1678 [26]
1119 1643 1233 1669 tantum
1245 1642 1274 1668 in
1291 1641 1420 1669 medium
1437 1642 1631 1677 att‘erre,quod
1647 1643 1682 1670 ob
1699 1643 1862 1678 dignitatem

1047 1686 1186 1720 auctoris,
1212 1686 1320 1713 mirum
1352 1686 1499 1714 nonnullis
1523 1686 1680 1715 videbitur.
1708 1687 1776 1719 Quis
1790 1687 1861 1714 enim

1046 1732 1144 1759 credet
1168 1731 1335 1766 Isocratem,
1361 1734 1510 1758 oratorum
1551 1731 1623 1758 illud
1656 1740 1689 1759 ac
1720 1731 1862 1760 rhetorum

1046 1784 1166 1809 numen,
1185 1775 1268 1811 quasi
1285 1783 1382 1803 rerum
1399 1776 1580 1811 argumentis
1604 1776 1789 1808 destitutum,
1805 1776 1861 1803 ino-

1047 1821 1154 1856 piaque
1193 1820 1264 1847 artis
1297 1820 1368 1847 adeo
1407 1820 1521 1854 rudem,
1559 1829 1647 1847 unam
1680 1821 1862 1856 eamdemque

1047 1865 1219 1899 orationem,
1237 1865 1300 1899 ejus
1317 1865 1435 1891 nomine
1450 1863 1544 1891 solum
1560 1864 1769 1899 immulato,ad
1781 1873 1861 1900 quem

1046 1909 1201 1943 direxerat,
1217 1908 1379 1944 paucisque
1394 1908 1471 1940 aliis,
1484 1907 1629 1943 pluribus,
1647 1917 1712 1937 raro
1727 1909 1862 1944 exemplo.

1047 1953 1244 1989 inscripsisse,
1262 1953 1339 1988 quod
1363 1953 1431 1980 licet
1455 1952 1561 1980 sileant
1586 1953 1652 1980 libri
1677 1953 1819 1982 rhetorum
1835 1954 1861 1980 in

1047 1998 1125 2025 hunc
1142 1998 1220 2025 diem
1240 1997 1321 2030 editi,
1347 1997 1420 2024 forte
1445 1997 1519 2024 tanti
1544 1998 1679 2033 magistri
1701 1998 1861 2031 reverentia,

1047 2051 1104 2070 non
1121 2042 1212 2069 tacuit
1227 2043 1325 2069 tamen
1339 2043 1441 2068 auctor
1465 2040 1507 2068 illi
1531 2039 1684 2078 σύγχρονος
1704 2041 1861 2078 epistolaad

1047 2086 1215 2122 Philippum
1226 2094 1333 2121 regem.
1352 2086 1458 2113 Locum
1476 2093 1508 2113 eo
1533 2085 1674 2114 libentius
1697 2087 1744 2114 hic
1758 2086 1861 2114 ascribo

1048 2131 1117 2167 quia
1141 2130 1359 2167 pulcherrimus
1383 2132 1437 2162 est,
1461 2131 1489 2157 et
1508 2138 1603 2166 rarus,
1630 2131 1670 2165 (ac)
1692 2134 1720 2159 et
1742 2140 1757 2159 a
1778 2130 1860 2164 nullo,

1047 2176 1124 2211 quod
1141 2176 1243 2210 sciam,
1260 2176 1441 2202 observatas.
1457 2173 1578 2210 Ὁμοίως
1604 2172 1633 2201 δὲ
1656 2174 1700 2202 καὶ
1715 2175 1862 2213 Ἰσοκράτης

962 2225 1081 2254 NOTAE.

201 2267 367 2302 (3)7Latina
391 2266 485 2294 versio
509 2266 723 2302 paraphraseos
750 2268 837 2296 Psclli
875 2268 904 2296 in
938 2269 990 2298 lib.

165 2303 229 2339 Περὶ
247 2301 408 2339 lpum/alam,
426 2301 729 2339 studipqudrumdam
747 2305 911 2332 amicorum
928 2305 989 2333 Nic.

167 2338 362 2375 Miirtimbosii
378 2338 485 2375 prodiit
502 2338 591 2366 Paris.
610 2339 688 2371 1339,
709 2340 733 2366 4.
752 2340 901 2368 Editiones
918 2349 991 2375 quo-

165 2383 223 2410 que
237 2374 377 2402 Venetam
403 2374 557 2410 1511.10].
583 2376 612 2401 et
636 2375 833 2403 Basileensem
857 2385 883 2403 a.
911 2374 989 2405 1542.

166 2408 309 2438 memorat
324 2410 468 2437 Labbeus.
496 2408 595 2437 Exstat
609 2413 638 2437 et
663 2410 746 2438 Pselli
769 2412 945 2440 introductio
961 2414 989 2440 in

166 2454 216 2474 sex
243 2445 561 2484 philosophigmodos
586 2447 615 2484 et
638 2447 842 2482 compendium
860 2449 991 2484 quinque

165 2479 268 2520 vocum
295 2479 445 2520 Porphyrii
471 2482 503 2520 et
524 2482 566 2520 de
582 2481 683 2520 decem
705 2479 877 2520 categoriis,
892 2479 989 2520 Venet,

166 2518 246 2549 1532,
258 2525 324 2544 cum
341 2516 473 2543 versione
488 2516 587 2543 Jacobi
605 2518 766 2546 Foscareni.

201 2554 232 2588 (ι)
249 2553 332 2580 Hunc
357 2552 465 2578 librum
497 2552 537 2586 (in
564 2560 620 2586 quo
647 2554 739 2581 multa
753 2563 769 2581 θ
783 2554 899 2582 ’l‘heone
916 2555 988 2582 deli-

166 2589 245 2622 bata)
263 2588 372 2624 Psellus
389 2589 515 2624 testatur
533 2595 572 2624 se
597 2588 751 2624 scripsisse
775 2599 851 2618 anno
874 2594 989 2618 erco—

165 2632 230 2652 rum
245 2623 325 2656 6516,
343 2623 372 2649 h.
389 2630 414 2650 e.
431 2622 539 2650 Christi
554 2623 633 2651 1008.

202 2661 242 2693 (ιι)
263 2658 395 2696 Venetiis
419 2666 546 2696 quoque»
562 2660 745 2696 ann071532,
769 2662 795 2695 8,
820 2669 883 2696 qua:
900 2662 987 2690 editio

167 2695 266 2723 Graeca
281 2694 406 2722 occurrit
422 2694 518 2722 Romaa
539 2694 568 2721 in
595 2695 665 2722 bibl.
689 2694 857 2725 Barberina.
885 2697 987 2725 Latina

166 2738 234 2767 vero
259 2729 399 2767 Xylandri
421 2730 629 2767 interpretatio
655 2739 769 2767 irecusa
805 2733 892 2767 Lugd.
924 2736 986 2761 Bat.

164 2766 247 2801 1617,
262 2766 293 2794 in
308 2766 335 2794 8.
351 2765 492 2794 Libellum
507 2765 591 2794 Pselli
606 2766 641 2794 de
654 2766 814 2803 Musica,ex
825 2765 877 2797 hoc
887 2769 986 2797 Tetra-

1047 2268 1128 2311 biblo
1145 2271 1316 2311 Lampertus
1332 2268 1461 2311 alardus
1473 2270 1647 2311 cum-latina
1662 2279 1715 2298 sua
1729 2270 1860 2311 interpre-

1047 2305 1158 2333 tatione
1186 2305 1311 2340 subjecit
1345 2304 1419 2332 libro
1449 2313 1503 2333 suo
1535 2305 1569 2333 de
1593 2309 1721 2334 veterum
1744 2304 1858 2340 Musica,

1047 2340 1245 2376 Schleusingee
1263 2341 1323 2373 136,
1337 2341 1380 2368 12.

1082 2378 1119 2412 (υ)
1137 2377 1230 2404 Etiam
1257 2377 1284 2404 in
1309 2377 1405 2403 Graeco
1430 2376 1529 2412 codice
1551 2377 1630 2412 regio
1667 2376 1758 2404 Paris.
1781 2376 1859 2410 cujus

1047 2413 1249 2448 apographum
1266 2412 1406 2448 beneﬁcio
1421 2411 1544 2440 illustris
1557 2411 1609 2440 viri
1626 2413 1706 2440 Pauli
1717 2411 1858 2448 Vindingii

1046 2447 1192 2491 pessulae,
1219 2447 1624 2491 ΠοξῐᾶερκΧμξρῂὶΙὶηἱκθιχδίδρε
1640 2450 1691 2491 Τρῦ
1717 2447 1857 2491 μακριρίτου

1045 2481 1089 2510 ’λαὶ
1103 2483 1239 2521 πᾳνσόφου
1264 2481 1387 2521 Ψελλοῖ
1401 2482 1531 2521 ἐπιστρλή
1558 2483 1624 2521 πρὸς
1649 2483 1693 2521 τᾷν
1715 2481 1855 2521 ἆγιώέατξὶν

1044 2517 1216 2556 πατριάρχὴν
1253 2517 1403 2557 Ξιφιλῖνῃν
1428 2518 1490 2557 napi
1532 2517 1720 2556 χρύσοποιίας.
1828 2519 1855 2545 in

1045 2556 1143 2583 codice
1159 2555 1380 2582 Vindobonensi
1406 2556 1440 2582 ad
1465 2555 1634 2583 Michaelem
1666 2555 1855 2589 (Cerularium)

1044 2592 1192 2626 dirigitur,
1217 2593 1264 2629 τιξῦ
1289 2590 1446 2629 λογωτᾲςου
1479 2591 1522 2629 uati
1552 2591 1691 2629 navadtpou
1714 2590 1854 2629 bnsptipou

1044 2625 1126 2664 χυρόῦ
1137 2625 1258 2665 λΜιχαήλ
1273 2628 1321 2665 ⁵ιςοῖῖι
1331 2625 1525 2665 ’Ψελλοῠλιτερὶ
1545 2625 1722 2665 χρυσοτέοιίας
1735 2626 1798 2663 πρὸς
1812 2625 1853 2652 τὸν

1043 2661 1217 2700 πάτριάρχῆν
1230 2661 1488 2700 νκυύριονγΜιχαήλ.

1079 2696 1117 2731 (ἀι)
1135 2696 1322 2735 ln"epistolis
1346 2696 1560 2726 Socraticorum
1587 2699 1621 2726 ab
1645 2698 1749 2726 Allatio
1773 2696 1852 2725 editis

1040 2742 1070 2770 p.
1085 2735 1130 2763 66.
