1937 3050
52 97 113 126 501

690 97 877 128 DIATRlBA
899 96 950 127 DE
972 96 1144 127 PSELLIS.

1709 96 1769 127 502

53 160 154 195 ἐπειδή
184 162 245 193 νέος
274 162 321 198 μὶν
353 160 389 189 ὥν
413 161 453 193 εἷς
475 162 522 190 τὸν
548 161 636 199 δῆμον
663 163 731 199 μετὰ
753 163 851 199 Τιμοθέ

964 163 1108 198 peratione
1138 163 1295 191 daemonum
1328 163 1403 191 liber
1434 164 1450 190 ὁ
1484 163 1581 190 ϐπωοο
1621 163 1652 190 in
1690 161 1770 190 Lati-

52 207 116 237 καθ’
151 206 228 242 ὑμῶν
265 205 410 237 ἐπιστολὶς
450 206 566 245 αἰσχρὰς
605 205 730 246 ἔγραφεν,
769 207 826 235 νυνὶ
861 205 890 234 δὲ

52 247 214 286 πρεσϐύτης
243 249 291 284 ὧν,
321 250 413 288 ὥσπερ
444 251 524 286 ἑκὼν,
547 253 564 286 ἢ
593 255 698 290 φθονῶν
722 252 755 279 τὰ
774 252 889 279 πλεῖστα

51 297 110 322 τῶν
165 296 228 331 ὑμῖν
284 295 462 333 ὑπαρχόντων
506 296 614 333 ἀγαθῶν
659 295 861 334 παραλέλοιπεν
880 317 886 323 .

52 338 218 367 Απέσταλκε
233 338 262 367 δὲ
283 349 326 366 σοι
352 339 449 377 Λόγον,
467 340 496 367 ὃν
518 341 548 368 τὸ
574 341 621 377 μὶν
637 343 745 377 πρῶτον
771 338 886 378 ἔγραψεν

50 382 225 421 Ἀγησιλάῳ,
258 384 342 422 μικρὰ
370 382 544 415 διασκευάσας
572 384 681 420 ὕστερον
709 384 810 412 ἐπώλει
848 387 887 420 τῷ

52 427 184 460 Σικελίας
213 428 337 466 τυράννῳ
366 429 507 465 Διονυσίῳ.
538 430 575 457 Τὸ
605 428 634 456 δὲ
659 429 749 466 τρίτον
772 430 806 457 τὰ
836 430 884 466 μὲν

49 472 174 512 ἀφελὼν,
190 473 223 500 τὰ
244 472 272 500 δὲ
296 473 423 510 προσθεὶς
446 473 623 510 ἐμνήστευσεν
652 472 822 511 Ἀλεξάνδρῳ
846 476 886 509 τῷ

50 517 194 553 Θετταλῷ,
210 518 240 544 τὸ
257 516 285 544 δὲ
299 517 456 545 τελευταῖον
472 520 517 545 νῦν
538 518 607 555 πρὸς
633 518 661 545 σὶ
681 517 822 556 γλίσχρως
838 518 886 545 αὐ-

49 561 98 589 τὸν
133 562 323 597 ἀπηκόντισεν.
358 564 389 591 Id
422 566 499 591 est:
528 563 667 591 Similiter
698 566 724 591 et
756 565 886 592 Isocrates

44 607 165 642 juvenis
181 608 280 641 adhuc,
295 616 351 635 una
376 616 438 635 cum
467 608 614 642 Timotheo,
640 612 736 636 contra
756 616 801 636 vos
825 609 885 643 cpi-

50 651 144 680 slolas
157 653 271 688 probris
283 653 380 688 plenas
396 652 431 680 ad
442 653 576 689 populum
594 653 788 686 scriptitabat;
813 661 886 680 nunc

49 705 148 732 senex,
165 698 224 725 sive
239 698 342 731 volens,
358 698 417 725 sive
433 698 585 726 invidentia
605 699 737 732 percitus,
764 706 806 725 res
828 705 885 724 ves-

51 744 112 770 tras
129 750 214 777 quam
228 743 374 778 plurimas,
399 750 498 778 easque
521 743 604 770 (Ionas
628 743 741 770 silentio
764 744 885 776 praetcr-

50 787 95 814 iil.
114 786 242 822 Misitque
257 786 292 814 ad
306 788 333 814 te
348 791 513 822 orationem,
539 795 621 822 quam
641 787 766 823 primum
790 786 884 821 Agesi-

53 831 98 858 lao
132 832 327 867 inscripserat,
361 833 387 859 et
417 832 515 867 paucis
555 832 709 859 immutatis
751 831 922 877 DionysioB

50 875 160 903 Siciliae
175 877 297 911 tyranno
313 876 438 904 venalem
465 876 605 908 exhibuit,
633 877 758 911 tertium,
787 876 884 903 multis

50 919 158 947 additis
190 920 340 956 multisque
378 920 519 954 detractis,
563 921 722 948 Alexandro
760 921 883 948 Thessalo

49 964 207 1000 despondit,
231 973 306 992 nunc
328 965 439 992 tandem
463 965 498 993 nrt
522 968 547 994 te
572 965 761 1000 illiberaliter,
786 970 816 993 ut
843 967 883 993 ita

50 1008 143 1036 dicam
157 1009 315 1044 ejaculauit.
334 1009 589 1044 Elegantissimam
604 1010 688 1045 hanc,
702 1013 730 1037 et
754 1009 882 1045 reliquas

50 1053 181 1081 Socratis
196 1056 225 1080 et
240 1053 363 1081 aliorum
379 1053 591 1081 Socraticorum
609 1053 747 1089 epistolas
763 1053 882 1081 Latinas

47 1099 111 1134 jam
129 1101 217 1126 antea
232 1108 249 1127 α
264 1108 310 1127 me
326 1099 426 1133 factas,
449 1099 632 1135 antiquitatis
656 1099 882 1135 vestigatoribus

52 1152 143 1179 quam
162 1143 293 1180 primum
310 1144 546 1172 communicabo.
563 1145 616 1171 Sed
635 1144 670 1172 ad
695 1153 766 1172 rem.
794 1144 882 1172 Lilius

51 1188 200 1224 Gyraldus
214 1188 392 1225 Dialogismo
407 1189 424 1215 8
440 1188 685 1222 narrat,libellum
701 1189 880 1224 hunc,quem

50 1235 137 1260 vocat
154 1232 318 1265 aureolum,
335 1233 410 1260 inter
424 1235 605 1269 pervetuslos
630 1233 744 1261 codices
768 1234 882 1261 Graecos

52 1279 216 1311 repertum,
233 1284 380 1312 manuque
396 1285 450 1304 sua
475 1277 654 1313 exscriptum
679 1277 746 1305 Pico
773 1277 882 1304 Miran-

51 1321 128 1348 dulaa
155 1329 186 1349 se
211 1320 379 1355 tradidisse,
409 1329 626 1357 exornasseque
654 1321 709 1349 hoc
737 1321 882 1357 epigram-

53 1367 133 1392 mata
153 1373 159 1392 :

53 1454 84 1482 Si
100 1453 176 1481 velut
191 1452 336 1480 .Esonides
349 1453 498 1488 Nepheleia
515 1453 622 1481 vellera
636 1454 748 1489 quaeris,

88 1491 150 1518 Non
165 1497 216 1524 per
232 1489 358 1525 Cyaneos
373 1490 428 1516 illa
441 1489 557 1524 petenda
570 1492 673 1525 petras.

53 1526 85 1553 Si
98 1533 161 1560 qua:
177 1525 317 1552 Tantaleis
333 1524 476 1552 latuerunt
491 1525 594 1552 adibus
609 1525 693 1560 Atrei,

86 1561 147 1588 Non
163 1568 196 1588 ea
213 1561 341 1588 Tantalea
355 1561 455 1596 fraude
467 1561 598 1596 paranda
613 1561 675 1588 tibi.

53 1597 235 1631 Hesperidum
246 1597 273 1623 si
288 1596 364 1624 mala
379 1597 457 1630 cupis
470 1599 578 1624 servata
594 1597 725 1631 Dracone,

87 1633 149 1660 Non
164 1640 230 1667 opus
246 1632 386 1665 Herculeo,
404 1633 466 1659 Pico
482 1633 573 1660 labore
588 1633 648 1660 tibi.

53 1668 83 1695 Si
95 1668 237 1703 quidquid
252 1668 341 1703 nigris
357 1669 423 1695 auri
437 1667 565 1702 defertur
577 1668 609 1695 ab
626 1667 714 1702 Indis,

89 1706 149 1732 Non
166 1707 205 1731 est
221 1711 283 1730 cum
298 1704 422 1730 trucibus
437 1711 528 1738 pugna
542 1706 637 1736 latura
650 1705 728 1738 fetis.

56 1739 109 1775 [27]
129 1740 159 1766 Si
172 1739 307 1774 quidquid
323 1740 410 1774 Lydis
424 1739 467 1766 uel
482 1740 567 1767 Iberis
581 1740 702 1767 volvitur
717 1740 810 1773 undis,

88 1776 147 1803 Non
163 1776 215 1802 tibi
229 1783 277 1810 per
291 1780 386 1809 gentes
401 1777 481 1810 longa
496 1776 608 1803 terenda
623 1777 670 1802 via
686 1780 734 1803 est.

55 1812 154 1840 Omnes
169 1819 228 1839 ecce
243 1811 296 1838 libi
310 1812 414 1845 ignotos
425 1819 590 1846 quacunque
602 1811 750 1846 parandos,

91 1848 252 1882 Thesauros,
266 1855 352 1882 parvo
367 1846 458 1874 codice
473 1847 585 1874 Psellus
601 1847 691 1874 habet.

89 1946 164 1973 Hinc
181 1945 317 1981 frequens
335 1945 414 1973 illius
431 1945 550 1978 mentio,
560 1947 587 1973 et
603 1945 747 1973 dictorum
762 1953 882 1973 examen

54 1991 130 2026 apud
165 1990 309 2018 Joannem
340 1990 527 2018 Franciscum
557 1990 657 2018 Picum
685 1990 714 2017 in
741 1990 824 2018 libris
848 1991 884 2018 de

52 2037 141 2070 Auro,
170 2036 221 2062 sed
252 2034 397 2070 praecipue
426 2043 489 2070 cap.
515 2035 532 2061 2
559 2034 610 2062 lib.
640 2043 671 2068 ιι,
696 2035 885 2063 Βεηιοενίιίεέε

53 2083 128 2107 sectr
161 2081 188 2107 et
222 2079 387 2107 Abderilicae
420 2079 494 2106 inter
530 2079 691 2107 Aristotelis
724 2080 885 2115 interpretes

54 2124 172 2152 Michael
188 2124 298 2151 Psellus
314 2131 367 2151 non
383 2123 473 2150 solum
489 2124 623 2156 meminit,
644 2124 694 2151 sed
716 2132 733 2150 a
757 2132 785 2151 sc
809 2132 883 2151 reuc-

54 2169 113 2196 lala
139 2168 237 2196 scribit
260 2168 320 2204 ejus
346 2175 462 2195 arcana.
491 2168 544 2195 Hic
567 2169 643 2195 enim
656 2170 715 2204 post
730 2168 883 2201 Rhetorica,

944 215 1016 234 nam
1033 208 1072 243 (y)
1089 216 1247 235 conversus
1263 209 1308 236 est
1334 216 1350 235 a
1372 208 1456 235 Petro
1480 207 1598 235 Morello
1623 207 1658 242 (κ)
1681 207 1770 234 Turo-

944 252 1039 285 nensi,
1057 252 1214 288 editasque
1231 253 1333 280 Latine
1349 260 1415 279 cum
1433 252 1602 280 Prefatione
1624 251 1768 279 Francisci

944 298 1128 326 lieuardentii
1152 299 1273 326 Parisiis
1299 298 1376 334 apud
1404 297 1583 326 Gulielmum
1606 297 1768 324 Chaudiere

942 342 1023 376 4577,
1039 343 1066 378 8,
1082 345 1109 370 et
1126 351 1202 370 anno
1220 343 1298 370 1615.
1316 342 1437 370 Lutetia:
1452 342 1632 370 Parisiorum
1649 340 1726 369 notis
1752 349 1768 368 a

942 396 973 415 se
990 387 1170 415 illustratum
1194 388 1308 423 primus
1333 387 1430 415 Graece
1455 388 1500 422 (ex
1523 387 1638 414 duobus
1663 393 1770 413 manu-

941 431 1059 467 scriptis
1076 441 1129 459 suo
1145 435 1173 460 et
1189 432 1311 467 Morelli)
1326 431 1572 459 ediditGilbertus
1583 430 1769 464 Gaulminus,

941 485 1008 503 cum
1025 476 1266 511 interpretatione
1283 477 1386 504 Latina
1402 477 1535 512 ejusdem
1554 475 1770 503 Morelli.Plura

940 520 1010 548 item
1040 529 1075 548 ex
1103 522 1205 549 eodem
1235 521 1355 557 Dialogo
1385 524 1528 556 excerpta,
1560 521 1661 548 Latina
1694 520 1769 547 facta

940 564 1046 592 Joanni
1063 566 1178 599 Medici,
1189 574 1247 593 una
1262 574 1329 593 cum
1345 565 1411 593 aliis
1426 574 1460 593 ex
1475 564 1767 599 Jamblicho,Proclo,

939 609 1111 645 Porphyrio,
1129 610 1278 637 Marsilius
1308 610 1425 637 Ficinus
1450 613 1680 645 nuncupaverat.
1697 610 1767 637 Ges-

940 662 1028 681 nerus
1045 655 1189 689 scriptum
1206 654 1336 689 reliquit,
1354 654 1480 682 Psellum
1498 655 1571 681 duos
1595 654 1630 680 de
1655 656 1767 681 Daemo-

940 698 1028 725 nibus
1059 698 1149 726 libros
1184 699 1350 734 scripsisse,
1382 707 1455 734 quos
1486 698 1592 734 Diegus
1618 697 1767 725 Hurladus

939 743 1065 770 Venetiis
1096 743 1276 778 possidebat,
1303 744 1463 779 excusiqne
1495 745 1576 770 erant
1612 744 1711 770 Latine
1737 741 1767 769 in

939 787 1055 815 ofﬁcina
1070 788 1144 814 Aldi.
1165 788 1202 815 De
1228 787 1359 815 Hurtado
1385 787 1459 815 nihil
1484 787 1559 814 dico.
1584 787 1624 815 De
1650 786 1768 814 officina

939 831 1005 859 Aldi
1020 831 1125 860 falsum
1140 834 1185 859 est
1200 832 1240 860 ibi
1256 832 1310 860 hos
1325 833 1399 860 duos
1414 832 1503 859 libros
1519 832 1554 859 de
1579 831 1763 858 daemonibus

939 885 1003 904 esse
1026 876 1198 912 impressos,
1216 885 1280 904 cum
1302 878 1331 904 in
1359 877 1408 904 illa
1431 876 1556 904 editione
1580 875 1655 904 nihil
1682 876 1761 904 aliud

939 921 1134 955 contineatur,
1182 929 1270 956 quam
1320 924 1455 956 excerpta
1501 920 1552 948 illa
1599 921 1761 953 Ficiniana,

938 965 1046 1001 saepius
1070 966 1109 1001 (α)
1125 965 1228 993 multis
1244 966 1273 992 in
1289 965 1364 993 locis
1377 966 1466 998 edita,
1478 966 1581 993 eodem
1597 965 1709 997 ordine,
1727 974 1760 992 uc

937 1010 1138 1037 distinctione.
1156 1010 1331 1038 Gaulminus
1347 1010 1491 1045 conjectat
1506 1018 1540 1038 ex
1554 1009 1651 1037 verbis
1666 1009 1760 1045 ipsius

937 1054 1024 1082 Pselli
1039 1055 1069 1081 in
1084 1055 1142 1082 fine
1157 1054 1266 1090 dialogi
1291 1055 1326 1082 de
1351 1054 1545 1089 dwmonibus,
1570 1054 1661 1082 libros
1685 1054 1760 1081 duos

937 1099 1101 1134 scripsisse.
1132 1099 1209 1134 quod
1241 1099 1364 1127 latuisse
1394 1099 1567 1135 interpretes
1595 1098 1760 1133 Morellum,

937 1146 965 1171 et
977 1143 1117 1176 Ficinum,
1134 1144 1198 1171 ideo
1210 1144 1336 1172 maxime
1347 1145 1423 1179 quod
1435 1144 1465 1171 in
1477 1143 1621 1180 cxcerptis
1636 1151 1651 1170 e
1667 1143 1761 1171 Psello

937 1197 1000 1224 quas
1019 1197 1093 1216 tcum
1124 1188 1268 1224 excerptis
1299 1189 1408 1224 pariter
1435 1189 1491 1224 [28]
1519 1197 1553 1216 ex
1584 1187 1760 1221 Jamblicho,

936 1232 1048 1266 Proclo,
1076 1235 1105 1260 et
1129 1233 1287 1269 Porphyrio
1320 1233 1399 1260 edita
1427 1235 1506 1266 sunt,
1534 1232 1632 1268 aliqua
1658 1231 1761 1260 ultimo

937 1278 1032 1313 capite
1046 1277 1159 1311 afferat,
1177 1286 1242 1313 quae
1257 1278 1414 1314 desumpta
1438 1286 1472 1305 ex
1496 1277 1625 1305 secundo
1650 1276 1710 1310 illo,
1737 1277 1761 1303 si

937 1323 1005 1358 quis
1020 1324 1074 1357 est,
1090 1322 1165 1349 libro
1181 1322 1273 1350 videri
1288 1324 1422 1358 possunt.
1443 1322 1561 1357 Optima
1582 1321 1760 1356 conjectura,

936 1369 965 1394 et
988 1366 1104 1394 veritati
1129 1367 1333 1400 consentiens;
1360 1375 1423 1403 quae
1448 1366 1526 1394 enim
1554 1367 1584 1394 in
1609 1373 1642 1393 eo
1668 1365 1762 1401 capite

937 1411 1135 1443 continentur.
1164 1419 1242 1443 cum,
1272 1414 1304 1439 ut
1334 1412 1525 1439 manifestum
1562 1410 1669 1446 legenti
1697 1418 1761 1438 esse

937 1458 1043 1492 potest,
1056 1456 1085 1483 in
1102 1455 1156 1484 hoc
1170 1455 1289 1492 Dialogo
1306 1464 1363 1483 non
1380 1455 1553 1489 habeantur,
1564 1463 1598 1483 ex
1615 1454 1671 1482 alio
1687 1454 1762 1482 libro

937 1501 1094 1536 desumpta
1111 1508 1174 1528 esse
1190 1508 1306 1528 necesse
1321 1503 1375 1528 est.
1392 1500 1465 1528 Sunt
1480 1502 1587 1534 autem,
1600 1508 1636 1527 ne
1650 1498 1762 1526 diutius

937 1547 964 1572 te
980 1545 1137 1578 detineam,
1155 1545 1256 1577 lector,
1272 1553 1306 1573 ex
1321 1547 1447 1572 tractatu
1464 1545 1596 1580 ejusdem
1622 1543 1708 1572 Pselli
1732 1543 1762 1570 in

935 1590 1012 1618 hanc
1045 1591 1179 1617 eamdem
1213 1598 1274 1617 rem
1308 1590 1361 1617 sub
1394 1590 1449 1617 hoc
1479 1589 1574 1624 titulo,
1604 1588 1673 1617 Τίνα
1701 1587 1763 1625 περὶ

936 1632 1072 1670 δαιμόνων
1088 1632 1243 1668 δοξάζουσιν
1259 1633 1405 1669 Ἕλληνες·
1423 1635 1557 1668 Quaenam
1571 1634 1626 1661 sint
1648 1633 1681 1661 de
1704 1633 1762 1661 ιιξε-

936 1680 1062 1706 monibus
1077 1680 1218 1714 opiniones
1236 1679 1496 1714 ercorummujus
1513 1678 1692 1714 principium
1707 1678 1764 1705 tale

937 1729 991 1758 est,
1019 1723 1050 1751 Ὀ
1084 1723 1130 1759 μὶν
1161 1722 1295 1761 ἡμέτερος
1323 1722 1405 1760 λόγος
1435 1723 1605 1759 προαιρέσεις
1633 1721 1678 1749 καὶ
1707 1724 1764 1752 τοῖς

937 1766 1067 1804 ἀγγέλοις
1090 1766 1194 1798 διδούς.
1220 1768 1273 1800 Qui
1304 1777 1339 1795 an
1371 1777 1447 1795 unus
1475 1769 1513 1796 sit
1538 1777 1604 1796 cum
1634 1768 1764 1795 secundo

938 1813 1117 1840 Hurtadiano
1134 1821 1190 1840 non
1208 1813 1303 1840 ausim
1321 1813 1468 1840 afﬁrmare
1484 1821 1490 1840 :
1508 1815 1535 1840 et
1551 1812 1712 1848 praesertim
1733 1811 1762 1838 in

938 1857 992 1885 hoc
1007 1857 1156 1893 scriptore,
1176 1857 1224 1884 cui
1249 1865 1307 1884 non
1333 1857 1451 1884 defuere
1475 1857 1552 1884 vires
1576 1855 1761 1892 eloquentia),

939 1910 991 1929 nec
1007 1904 1247 1937 argumentorum
1264 1902 1469 1937 copia,quibus
1484 1902 1614 1929 eamdem
1631 1908 1691 1928 rem
1705 1909 1763 1928 non

939 1946 1040 1979 semel,
1058 1947 1107 1974 sed
1125 1946 1235 1982 pluries
1260 1948 1467 1982 pertractaret;
1492 1948 1524 1973 ut
1544 1945 1641 1972 videre
1664 1947 1709 1972 est
1732 1945 1762 1972 in

940 1991 1006 2018 aliis
1021 1991 1056 2018 ab
1073 1999 1105 2018 eo
1122 1990 1305 2026 conscriptis.
1324 1990 1409 2018 Porro
1425 1989 1479 2017 hos
1495 1990 1569 2017 duos
1592 1989 1628 2017 de
1652 1991 1762 2017 Daemo-

939 2035 1027 2062 nibus
1052 2034 1143 2062 libros
1166 2034 1216 2062 alii
1242 2034 1377 2062 tribuunt
1409 2034 1541 2062 Michaeli
1570 2033 1706 2070 Ephesio,
1732 2036 1765 2061 ut

939 2079 1041 2107 scribit
1058 2079 1233 2106 Possevinus
1249 2079 1278 2106 in
1294 2080 1562 2115 Apparatu.Eorum
1580 2078 1608 2105 in
1626 2078 1763 2106 Latinum

939 2124 1032 2151 versio
1047 2123 1150 2151 incerti
1173 2123 1281 2159 legitur
1306 2124 1334 2151 in
1362 2123 1431 2151 Cod.
1457 2123 1536 2158 3122,
1563 2122 1764 2157 manuscripto

942 2168 1100 2196 Vaticano:
1126 2170 1155 2195 et
1178 2168 1214 2195 de
1240 2168 1426 2195 Doemonibus
1450 2169 1586 2203 excerpta
1611 2175 1646 2195 ex
1671 2167 1763 2194 Psello

56 2213 202 2247 Historica,
219 2213 339 2248 Poetica,
356 2212 561 2246 llialhemalica,
577 2213 687 2248 scripsit
700 2215 726 2240 et
741 2213 881 2248 Chymica,
899 2214 920 2246 D
937 2220 989 2247 per
1013 2212 1155 2240 Joannem
1181 2212 1323 2240 Jacobum
1348 2212 1549 2240 Bartbolotum
1574 2214 1762 2239 Par-mensem

53 2266 101 2285 nec
129 2265 187 2285 non
215 2261 242 2285 et
270 2257 383 2292 Medica,
411 2264 473 2293 que
506 2258 688 2285 Constantino
720 2258 884 2294 imperatori

91 2311 169 2329 :avtt.

53 2301 211 2375 dlgéiilx.
242 2346 380 2382 Ejusdem
416 2344 482 2383 Περί
524 2344 656 2383 ἐνεργείας
686 2344 823 2382 δαιμόνων
854 2347 888 2375 de

940 2257 1104 2293 physicum,
1137 2256 1236 2284 codice
1271 2257 1351 2284 5376.
1387 2256 1459 2285 Vide
1492 2265 1555 2293 quae
1589 2265 1643 2284 nos
1673 2255 1761 2284 etiam

940 2310 1028 2338 supra
1041 2301 1078 2337 (ὁ)
1093 2301 1232 2329 diximus.

978 2346 1029 2373 XL.
1046 2346 1186 2381 Ejusdem
1202 2347 1234 2373 In
1248 2346 1373 2375 Oracula
1396 2345 1544 2374 Chaldaica
1566 2346 1702 2381 expositio
1726 2346 1761 2382 (c)

856 2395 963 2423 NOT/E

88 2440 127 2476 (y)
145 2439 177 2467 In
192 2438 277 2476 Bibl._
293 2438 404 2476 Gallica
428 2438 606 2476 Crucimanii
630 2448 666 2476 ρ,
686 2440 747 2467 405.
774 2439 884 2468 Gallica

54 2474 143 2503 etiam
160 2475 255 2502 versio
271 2474 359 2510 hujus
374 2474 441 2510 libri
458 2483 474 2502 a
491 2475 609 2502 Morello
631 2474 713 2502 edita
738 2483 884 2503 memora-

54 2514 112 2544 tur,
130 2511 236 2543 Paris,
263 2509 339 2546 apud
366 2509 443 2537 Guil.
470 2510 642 2544 Chaudiere,
669 2511 748 2543 1575,
775 2512 884 2539 additis

54 2547 202 2581 capitibus
218 2547 263 2578 33,
279 2548 308 2574 et
321 2546 366 2579 36,
383 2546 449 2573 libri
467 2547 562 2580 quarti
578 2547 683 2574 Niccta:
700 2547 734 2574 de
757 2547 884 2575 Colossis

52 2583 136 2611 Asize.
156 2583 274 2610 Librum
290 2581 377 2610 Pselli
393 2581 505 2617 accepit
522 2582 659 2610 Morellus
674 2591 688 2610 e
704 2582 885 2610 Bibliotheca

51 2619 153 2646 Jacobi
170 2619 200 2646 S.
217 2617 376 2650 Andreani,
391 2617 525 2644 canonici
542 2618 572 2646 S.
590 2618 688 2645 Marias
704 2619 797 2646 Paris.

85 2655 123 2690 (κ)
141 2654 254 2682 Morelli
281 2653 376 2690 versio
390 2653 494 2690 latina
517 2656 614 2682 exstat
638 2654 726 2690 etiam
751 2654 780 2681 in
809 2653 882 2680 Bibl.

55 2692 175 2718 Patrum
192 2690 262 2717 edit.
282 2689 371 2723 Lugd.
389 2689 422 2716 T.
448 2697 527 2717 XVIII.
553 2698 580 2725 p.
605 2689 666 2717 569.
690 2690 763 2716 Hinc
789 2690 885 2717 Graece

54 2730 81 2754 et
98 2726 202 2754 Latine
220 2734 285 2753 cum
302 2725 449 2752 Gaulmini
468 2725 544 2752 notis
562 2725 639 2752 hunc
654 2725 761 2752 librum
787 2726 884 2752 minus

54 2763 210 2790 emendate
226 2761 325 2789 recudi
341 2760 454 2788 curavit
481 2761 510 2788 Β.
539 2762 608 2788 Dan.
632 2760 883 2795 Hasenmullerus,

55 2798 148 2826 Kilon.
167 2798 248 2831 1688,
266 2797 310 2824 12.
328 2796 397 2825 Vide
412 2795 479 2824 etsi
496 2795 591 2832 placet
604 2797 769 2825 Cardanum
786 2805 811 2825 ο.
837 2796 880 2824 93.

937 2441 978 2467 De
994 2447 1091 2466 rerum
1116 2439 1266 2471 varietate,
1293 2439 1324 2466 T.
1351 2439 1399 2471 III,
1425 2447 1491 2474 opp.
1518 2447 1546 2474 p.
1571 2438 1624 2466 319
1648 2447 1693 2474 sq.
1716 2441 1760 2467 J0.

938 2474 1080 2511 Clericpm
1106 2475 1180 2502 Bibl.
1205 2474 1366 2503 Universal.
1392 2474 1426 2503 T.
1455 2475 1518 2507 XV,
1538 2474 1654 2511 p._118,
1671 2482 1715 2511 sq.
1733 2478 1763 2503 et

938 2510 1106 2546 Vignolium
1133 2511 1295 2538 Marvillum
1324 2519 1347 2537 s.
1373 2519 1405 2546 ιι,
1432 2509 1555 2546 miscell.
1581 2509 1704 2538 litterari
1733 2520 1762 2546 p.

938 2544 1000 2583 306.
1016 2580 1021 2583 _
1035 2546 1147 2583 Dialogi
1170 2547 1287 2583 titulus
1306 2544 1463 2583 ,Τιμόθεος-
1483 2545 1500 2579 ἢ
1533 2545 1594 2582 περὶ
1628 2544 1763 2583 ἐνεργείας

940 2579 1088 2616 δαιμόνων.
1124 2582 1195 2608 Vide
1234 2579 1365 2609 Fulvium
1400 2581 1536 2618 Ursinum
1568 2579 1600 2609 in
1633 2579 1761 2618 Ly'ri'oor.

940 2617 1112 2652 fragmentis
1129 2627 1155 2653 p.
1175 2618 1234 2645 179.
1253 2621 1280 2644 et
1293 2618 1428 2645 Lambec.
1443 2617 1495 2645 lib.
1512 2627 1561 2652 vn,
1578 2627 1606 2653 p.
1627 2617 1685 2646 138.

975 2653 1012 2688 (a)
1027 2653 1196 2689 Conferrlib.
1214 2654 1238 2681 1.
1256 2653 1329 2681 Bibl.
1347 2655 1461 2683 Graecas.
1477 2662 1502 2681 c.
1518 2655 1544 2687 7,
1562 2653 1576 2689 §
1591 2654 1617 2681 Δ.

975 2689 1012 2722 (b)
1028 2689 1122 2724 Supra
1137 2688 1151 2723 ᾗ
1164 2689 1190 2715 9.

975 2725 1012 2759 (c)
1029 2725 1203 2752 Inscribitur
1217 2725 1304 2752 etiam
1321 2724 1351 2751 in
1368 2724 1467 2751 codice
1482 2732 1568 2759 quem
1585 2724 1677 2752 habeo
1693 2734 1761 2759 ms.,

938 2758 1007 2786 Τοῦν
1028 2760 1187 2797 σοφωτάτου
1224 2758 1336 2787 Ψελλοῦ
1374 2758 1500 2796 ἐξήγησιξ
1537 2759 1574 2790 εἷς
1614 2760 1646 2786 τὰ
1681 2759 1761 2797 λόγια

939 2795 1128 2834 Ζωροάστρου.
