1937 3050
165 117 225 146 503

859 107 1001 139 LEONIS
1024 105 1181 136 ALLATII

1813 103 1879 133 504

167 183 253 219 cujus
277 181 464 219 potissimam
488 181 599 216 partem
624 177 808 214 Nicephorus
835 177 989 211 Gregoras,
1005 172 1031 206 Α
1044 170 1237 219 tadi,__Czssari
1253 170 1288 219 ad
1304 170 1430 219 Venetos
1445 169 1586 219 gratoris,
1612 170 1701 219 refert
1717 171 1879 219 ‘Gesnerus

167 228 230 255 suis
244 227 274 254 in
291 226 406 263 Synesii
422 225 553 253 libellum
570 224 606 251 de
622 222 780 251 Insomniis
805 221 990 248 Commenta-

168 273 231 305 riis,
247 272 423 300 verbotenus
439 270 527 298 tacito
544 268 629 296 Pselli
646 267 774 300 nomine,
791 263 988 299 transcripsit.

168 319 226 344 Nec
243 324 300 344 non
316 315 461 351 ejusdem,
480 314 573 341 Breuis
595 313 754 347 dogmalum
778 309 989 338 Chaldaicorum

167 361 328 393 declaratio,
345 360 384 396 (ἀ)
400 360 496 387 Graece
516 360 544 386 et
567 357 668 385 Latine
692 356 821 392 primum
846 354 924 381 («dita
947 354 991 379 est

170 415 187 433 ε.
219 405 371 433 Francisco
404 402 527 431 Patricio
561 402 590 428 in
624 401 703 428 Nova
737 398 924 433 Philosophia
956 397 991 423 de

167 449 316 477 Universis
341 449 377 484 (e)
400 448 429 474 in
460 449 604 479 Zorastre,
630 444 799 480 imperfecte
829 445 937 474 tamen,
963 443 993 468 ct

167 495 299 526 confuse,
330 501 396 520 cum
428 494 587 526 utrumque
617 487 861 517 commentarium
890 486 991 513 eadem

168 538 314 566 sententia
329 535 495 569 concludat,
513 535 555 562 sic
569 534 647 562 enim
665 532 776 560 claudit
800 540 806 559 :
831 529 938 557 Τούτων
964 527 993 555 δὶ

166 583 220 609 τῶν
256 579 398 618 δογμάτων
432 579 466 606 τὰ
503 577 602 612 πλείω,
632 577 677 604 καὶ
715 574 918 613 Ἀριστοτέλης,
948 572 993 600 καὶ

168 625 282 653 Πλάτων
296 617 445 659 γέὂὲξιιντο,
469 624 495 650 οἱ
526 621 555 650 δὲ
584 621 645 660 περὶ
662 620 812 655 Πλωτῖνον,
827 618 872 646 καὶ
889 617 995 656 Πορφύ-

169 681 237 708 ριον,
274 670 319 697 καὶ
360 666 535 705 Ἰάμϐλιχον,
573 667 617 694 καὶ
657 665 781 702 Πρόκλον
824 667 888 708 nisi
920 673 993 708 νκατ-

168 707 363 750 ἠκολούθησαν
381 736 388 748 ,
415 712 460 740 καὶ
496 713 533 742 ὡς
573 711 645 743 θείας
673 710 763 749 φωνὰς
792 707 995 745 ἀσυλλογίστως

167 761 252 786 ταῦτα
267 757 399 793 ἐδέξαντο.
416 758 519 785 Horum
535 761 627 784 autem
642 756 802 790 dogmntum
823 753 946 788 plurima
969 755 995 779 et

171 804 328 832 Aristoteles
352 807 378 831 et
400 803 482 830 Plato
506 803 691 836 susceperunt.
721 799 844 826 Plotinus
871 805 944 830 vero,
969 798 996 823 et

1043 217 1072 244 in
1103 215 1243 244 Michaele
1268 214 1372 249 Psello,
1399 216 1428 242 et
1452 214 1625 242 Possevinus
1653 214 1681 242 in
1707 217 1877 251 Apparatu.

1043 262 1074 288 In
1093 261 1165 288 alios
1180 261 1266 287 etiam
1293 258 1454 286 Aristotelis
1480 259 1569 286 libros
1596 259 1750 295 scripsisse
1776 260 1878 286 mani-

1044 306 1150 332 festum
1166 307 1210 332 est
1225 313 1259 331 ex
1274 304 1392 337 iisdem,
1410 303 1459 339 qui
1474 303 1594 331 Vienna:
1620 303 1754 331 scribunt
1779 304 1880 331 fuisse

1044 349 1177 383 ejusdem
1193 349 1335 384 Epilomen
1349 348 1529 383 phiIosophize
1542 349 1723 377 Aristotelicze
1738 349 1771 376 de
1791 356 1877 384 gene-

1045 395 1161 427 ratione,
1177 395 1203 420 el
1217 393 1401 428 corruptione,
1416 397 1441 420 et
1454 392 1488 420 de
1502 395 1637 421 meteoris.
1663 394 1732 421 Item
1756 394 1878 429 Exposi-

1046 437 1147 464 tionem
1170 439 1200 464 in
1223 437 1411 472 metaphysica
1435 437 1598 464 Aristotelis.
1624 438 1776 474 Latentque
1799 438 1877 472 eius-

1046 482 1116 516 dem,
1141 481 1242 509 scribit
1264 482 1396 509 Andreas
1424 481 1558 509 Schottus
1588 481 1702 509 Prcefat.
1729 482 1758 509 in
1787 482 1875 510 Cant.

1047 526 1164 559 cantic,,
1179 526 1269 554 Pselli
1280 526 1404 561 plurima
1418 526 1447 552 in
1464 526 1586 559 eiusdem
1601 526 1759 554 Aristotelis
1776 527 1878 562 Physi-

1047 579 1117 604 cnm,
1134 572 1307 606 primamque
1321 571 1534 606 philosophiam,
1558 571 1588 598 in
1614 571 1733 599 Caesaris
1759 572 1879 607 Augusti

1052 616 1159 642 Viennae
1175 615 1347 643 bibliotheca.

1084 659 1166 687 XLII.
1198 660 1333 695 Ejusdem
1365 659 1439 687 liber
1471 658 1537 695 Περὶ
1571 657 1711 696 δυνάμεων
1743 663 1793 694 τῆς
1827 661 1877 696 ψυ-

1049 705 1115 740 χῆς,
1129 705 1167 732 ’ίΙε
1182 705 1368 732 Facultalibus
1383 705 1498 739 animze,
1514 705 1600 740 cujus
1616 705 1687 732 illud
1705 708 1749 733 est
1765 705 1877 741 princi-

1050 748 1130 784 pium
1159 757 1165 776 2
1191 749 1253 776 "01:1.
1278 750 1331 775 τῶν
1358 749 1485 785 ψυχικῶν
1510 747 1651 785 δυνάμεων
1677 749 1704 776 αἱ
1735 749 1782 784 μὲν
1808 748 1878 776 εἰσιν

1050 790 1159 829 ἄλογοι,
1194 793 1249 820 sub
1283 794 1420 829 auonymi
1454 793 1583 826 nomine,
1613 796 1641 821 et
1675 794 1760 821 titulo
1795 793 1876 828 Δόξαι

171 848 356 884 Porphyrius,
372 849 398 875 et
420 845 604 879 Jamblichus,
631 851 656 872 ct
682 843 797 871 Proetus
820 842 914 869 omnia
937 849 1000 876 sunt
1016 850 1039 882 B
1055 836 1117 874 περὶ
1132 838 1235 874 ψυχῆς·
1250 837 1286 864 De
1311 838 1405 864 anima
1429 837 1547 865 celebres
1570 839 1725 873 opiniones,
1749 839 1834 874 quasi
1860 847 1878 865 a

168 894 264 928 seculi,
293 895 319 920 et
346 894 478 927 tanquam
500 890 613 917 divinas
639 896 714 916 voces
744 895 776 914 ea
808 889 992 921 susceperunt.

170 937 319 965 Patricius
334 937 364 963 in
380 935 507 964 Psellum
519 934 557 962 ita
575 932 783 961 animadvertit
798 940 804 959 :
822 931 932 958 Similia
953 930 997 957 his

170 982 279 1009 Psellus
294 983 390 1015 postea
403 979 531 1011 tradidit,
556 979 664 1006 utinam
687 977 771 1004 siculi
788 975 936 1011 prolixius,
958 975 997 1002 ita

172 1029 198 1054 et
214 1025 391 1061 diligentius,
417 1024 463 1051 sed
487 1023 689 1059 qualiacunque
712 1021 779 1052 sint,
804 1028 857 1047 non
881 1019 998 1047 inutilia

174 1071 286 1106 cognitu
299 1070 417 1104 fuerint.
431 1068 531 1103 Neque
547 1067 593 1094 hic
609 1065 723 1094 silentio
740 1065 795 1100 [29]
821 1067 997 1100 przetereun-

174 1115 245 1142 dum
261 1117 316 1146 est,
333 1113 459 1149 primam
475 1111 695 1148 Expositionem
711 1110 740 1136 in
757 1108 912 1136 Chaldaica
926 1108 999 1135 Ora-

175 1159 242 1187 cula
257 1160 292 1186 ab
318 1158 384 1185 aliis
409 1158 508 1184 Proclo
533 1155 620 1191 Lydio
645 1155 678 1190 (Γ)
710 1153 828 1185 ascribi,
854 1153 895 1180 sic
919 1152 998 1180 enim

175 1204 334 1231 adnotatur
367 1202 404 1230 ab
439 1201 519 1228 illius
553 1199 730 1234 exscriptorc
759 1198 789 1225 in
818 1196 915 1225 codice
947 1197 1000 1224 572

175 1247 326 1279 Vaticano,
343 1243 487 1282 Ἀλλαχοῦ
503 1243 592 1280 εὗρον,
608 1241 735 1279 Πρόκλου
760 1240 860 1268 Λυδίου
886 1240 1000 1267 Ύποτύο

175 1301 274 1322 πωσις.
288 1291 369 1318 Alibi
381 1289 486 1323 inveni,
507 1289 600 1316 Procli
625 1288 706 1324 Lydii
731 1287 917 1322 Hypotyposis.
942 1285 1000 1312 Nec

175 1337 278 1365 dubito
294 1335 438 1368 Proclum,
455 1334 543 1362 rebus
559 1333 639 1360 hisce
655 1332 900 1366 addictissimum,
917 1329 1000 1358 libel-

174 1382 237 1409 lum
267 1381 302 1408 de
331 1381 385 1407 hac
415 1380 517 1407 eadem
542 1386 573 1405 re
598 1376 820 1413 conscripsisse.
850 1375 906 1403 Sed
941 1375 1001 1403 sive

175 1425 269 1454 Procli
287 1425 346 1453 sive
363 1423 449 1452 Pselli
466 1422 561 1459 opella
585 1421 730 1457 ejusmodi
755 1421 803 1455 sit,
829 1420 901 1448 nulli
925 1420 1000 1447 bono

177 1470 266 1498 fuerit
281 1470 309 1496 id
327 1477 422 1496 nosse.
440 1468 578 1495 Eamdem
594 1475 658 1494 esse
682 1465 817 1493 existimo
842 1465 871 1492 in
896 1464 1001 1492 biblio-

175 1515 260 1542 theca
278 1513 394 1549 ireginaa
422 1510 533 1545 Galliae,
565 1519 629 1546 quae
653 1510 735 1544 prius
760 1510 854 1537 fuerat
877 1509 1000 1537 Joannis

179 1558 324 1592 Lascaris,
359 1559 460 1593 postea
495 1555 568 1583 Petri
604 1555 741 1589 Strozzae;
776 1554 870 1589 primo
903 1556 1001 1581 autem

179 1602 339 1630 cardinalis
356 1600 513 1636 Rudolphi,
529 1602 561 1627 ut
577 1600 679 1627 scribit
694 1599 841 1626 Draudius
856 1599 885 1626 in
901 1598 1006 1627 Biblio-

179 1648 264 1675 theca
278 1646 412 1674 classica.
430 1645 488 1673 Nec
501 1645 558 1672 alia
571 1644 686 1672 videtur
701 1652 764 1679 qua
780 1643 809 1670 in
825 1643 1006 1671 Bibliotheca

178 1689 296 1718 Antonii
310 1688 468 1725 Augustini
484 1688 648 1716 habebatur
661 1688 725 1715 cod.
740 1687 804 1719 219,
818 1687 903 1714 Ρεειιί
913 1687 1004 1719 expli-

180 1736 254 1763 catio
270 1734 435 1768 dogmatum
449 1732 523 1768 apud
546 1733 682 1768 Assyrios.
709 1731 881 1759 Absolutius
905 1733 1006 1766 postea

182 1788 248 1807 cum
263 1778 413 1814 Sibyllinis
439 1776 583 1810 Oraculis,
608 1776 732 1811 aliisque
756 1775 876 1803 Parisiis
898 1776 1006 1811 prodiit

180 1822 278 1851 studio
292 1821 417 1849 Joannis
433 1820 565 1856 Obsopiei
580 1819 619 1855 (g)
637 1820 714 1847 1599.
732 1819 761 1846 in
774 1820 800 1846 8.
829 1820 1003 1846 Eorumdem

180 1865 403 1903 opusculorum,
418 1865 534 1892 diversa
548 1865 584 1892 ab
600 1864 688 1896 edita,
705 1864 734 1891 in
750 1863 884 1891 Latinum
911 1864 1004 1891 versio

178 1911 305 1939 habetur
321 1909 522 1945 manuscripts
537 1909 601 1936 cod.
618 1908 697 1935 3122.
714 1907 861 1941 Vaticano,
887 1909 1003 1936 Incerti.

215 1955 284 1983 XLI.
312 1954 452 1989 Ejusdem
479 1953 698 1980 Commentarios
721 1952 759 1987 (h)
783 1953 814 1980 in
838 1957 897 1980 octo
921 1953 1005 1980 libros

178 1999 335 2028 Aristotelis
348 1999 382 2026 de
397 1998 515 2033 Physica
537 1998 748 2032 auscultatione,
765 1999 808 2030 (ex
823 1997 1004 2032 ,interpreta-

178 2044 258 2072 tione
271 2044 385 2072 Joannis
414 2042 547 2077 Baptistae
573 2041 700 2073 Camotii,
723 2041 864 2068 cardinali
890 2041 1005 2069 Herculi

179 2089 320 2123 Gouzagze
351 2088 548 2120 consecratos,
572 2085 664 2112 edidit
691 2084 822 2112 Venetiis
851 2085 1005 2113 Federicus

179 2133 360 2160 Turrisanus
376 2130 479 2159 Latine
499 2129 580 2161 1554,
605 2129 634 2156 in
661 2128 738 2156 folio.
765 2130 819 2156 Eos
843 2131 1005 2158 manuscri-

179 2179 246 2213 ptos
270 2176 368 2204 Graece
395 2174 528 2203 extitisse
552 2174 581 2200 in
609 2172 787 2201 bibliotheca
811 2173 911 2201 Didaci
935 2174 1005 2202 Hur-

1016 1528 1038 1561 C

1054 882 1129 909 libro
1153 882 1283 917 longiore
1307 885 1334 909 et
1359 882 1487 917 perfecto
1512 881 1654 919 Ἐκλογαὶ,
1677 883 1720 909 καὶ
1746 885 1875 919 Χρηστο-

1053 926 1160 962 μαθεῖαι
1177 926 1233 961 [30]
1250 926 1347 953 editus
1362 929 1406 954 est
1420 928 1516 954 Griece
1532 929 1560 954 et
1586 927 1698 961 Latine,
1723 936 1739 955 a
1761 928 1876 955 Joanne

1051 971 1157 999 Tarino
1173 971 1330 1006 Andegavo
1345 979 1458 1005 versus,
1475 979 1541 998 cum
1557 971 1691 1007 Origenis
1709 971 1877 1004 Philocalia;

1052 1015 1194 1043 Zachariaa
1222 1014 1404 1049 Scholastici,
1441 1015 1571 1051 episcopi
1608 1015 1808 1052 Mitylenensis
1843 1017 1879 1043 de

1054 1060 1156 1087 mundi
1171 1059 1309 1095 Opificio;
1326 1061 1354 1087 et
1369 1059 1517 1087 Anastasii
1533 1060 1661 1093 Sinnius,
1686 1061 1721 1088 de
1748 1061 1880 1088 hominis

1053 1105 1088 1132 ad
1106 1104 1264 1139 imaginem
1279 1103 1329 1131 Dei
1346 1106 1374 1131 et
1398 1104 1619 1132 similitudinem
1645 1105 1801 1138 creatione,
1829 1105 1883 1133 Lu-

1053 1152 1104 1176 tet.
1130 1149 1234 1181 Paris.,
1261 1157 1308 1184 ap.
1333 1148 1540 1176 Sebastianum
1567 1149 1720 1186 Cramoisy
1746 1150 1823 1183 1624,
1848 1149 1878 1178 Α.

1055 1194 1141 1222 Illum
1156 1194 1263 1222 vetusti
1280 1194 1394 1221 codices
1416 1194 1496 1222 MSS.
1522 1194 1616 1222 Psello
1640 1195 1801 1227 vindicant,
1828 1203 1885 1221 nec

1055 1248 1071 1266 a
1094 1238 1179 1266 Pselli
1208 1238 1350 1266 orationis
1373 1241 1522 1266 structura
1547 1239 1632 1275 longe
1659 1239 1752 1267 abest.
1778 1239 1823 1274 Et,
1849 1239 1882 1266 ni

1055 1283 1149 1318 fallor,
1166 1283 1254 1318 {idem
1279 1283 1342 1318 ipse
1366 1285 1420 1316 est,
1446 1291 1532 1318 quem
1557 1283 1652 1311 Psello
1679 1284 1823 1318 tribuunt,
1848 1284 1884 1311 de

1054 1329 1146 1355 animo
1161 1327 1308 1355 secundum
1331 1327 1440 1355 variam
1461 1327 1689 1363 philosophorum
1713 1329 1883 1364 opinionem.

1055 1373 1085 1399 in
1102 1373 1270 1407 Augustaua
1285 1371 1472 1405 bibliotheca,
1488 1372 1516 1399 in
1533 1372 1658 1400 armario
1674 1372 1709 1400 ll.
1724 1373 1811 1400 Index
1828 1373 1884 1400 Au-

1056 1418 1201 1452 gustanus
1219 1425 1225 1443 :
1240 1418 1268 1443 et
1289 1416 1318 1443 in
1345 1415 1521 1443 bibliotheca
1545 1416 1730 1452 imperatoris
1754 1417 1881 1450 Viennze,

1055 1461 1207 1497 Spachius.
1235 1460 1293 1487 Nec
1321 1459 1397 1487 alius
1426 1461 1525 1488 forsan
1553 1463 1608 1492 est,
1638 1461 1688 1496 qui
1719 1461 1749 1488 in
1779 1460 1884 1488 biblio-

1056 1505 1141 1533 theca
1174 1505 1251 1541 regis
1289 1504 1448 1538 Gallorum,
1481 1505 1567 1533 Pselli
1598 1506 1636 1533 de
1668 1508 1773 1541 anima,
1807 1505 1884 1541 legi-

1059 1552 1117 1578 tur.

1096 1594 1190 1622 XLIII.
1203 1594 1342 1629 Ejusdem
1359 1594 1566 1622 Aunotationes
1580 1594 1609 1621 in
1627 1594 1740 1631 aliquot
1751 1594 1887 1630 Gregorii

1059 1639 1230 1668 Nazianzeni
1247 1639 1320 1672 lnca,
1337 1647 1403 1666 cum
1429 1639 1495 1667 Elius
1520 1639 1665 1667 Cretensis
1687 1640 1829 1676 episcopi,
1855 1643 1888 1667 et

1059 1685 1294 1717 aliorum,studio
1310 1687 1337 1712 et
1351 1692 1439 1720 opera
1453 1684 1554 1712 Jacobi
1569 1684 1647 1711 Billii
1664 1685 1776 1712 Latina:
1800 1686 1887 1712 facta;

1060 1732 1169 1765 saeptus
1184 1729 1268 1757 editis
1285 1731 1367 1763 sunt,
1381 1736 1449 1756 cum
1466 1728 1597 1764 Gregorii
1613 1728 1785 1757 Nazianzeni
1811 1737 1886 1766 ope-

1060 1774 1153 1801 ribus.

1094 1817 1188 1846 XLIV.
1203 1817 1339 1852 Ejusdem
1356 1817 1448 1845 oratio
1465 1817 1644 1854 Panegyrico
1660 1817 1689 1845 in
1714 1818 1885 1847 Simeonem

1060 1862 1287 1898 Metaphrastem
1302 1863 1381 1889 edita
1395 1862 1425 1898 (ἰ)
1442 1862 1542 1889 Latine
1557 1871 1574 1890 a
1589 1862 1673 1890 Surio
1697 1862 1743 1890 die
1766 1863 1802 1889 27
1816 1863 1886 1898 ,No-

1058 1907 1195 1935 vembris.
1213 1909 1312 1934 Exstat
1331 1909 1428 1934 Griecc
1454 1907 1657 1942 manuscripta
1681 1907 1710 1934 in
1737 1908 1801 1935 cod.
1829 1908 1887 1936 Va-

1059 1951 1156 1979 ticano
1180 1951 1242 1983 568,
1269 1959 1332 1986 qua
1366 1950 1480 1986 incipit,
1504 1950 1556 1978 Τὸν
1593 1949 1674 1988 μέγαν
1701 1949 1726 1978 ἐν
1753 1950 1804 1988 βίῳ
1840 1951 1887 1978 καὶ

1060 1994 1137 2031 λόλῳ
1156 1994 1277 2031 Συμεὼν,
1295 1994 1412 2021 ἐπαινεῖν
1428 1994 1621 2031 προελόμενοι,
1640 2004 1706 2023 cum
1723 1995 1789 2023 aliis
1804 1997 1888 2032 ejus-

1061 2041 1126 2068 dem
1144 2039 1230 2068 Pselli
1246 2039 1277 2066 in
1292 2039 1428 2067 eumdem
1445 2047 1508 2075 quas
1525 2048 1583 2067 non
1611 2039 1704 2068 multo
1730 2041 1807 2068 infra
1832 2042 1889 2069 ad-

1060 2084 1240 2112 notabimus.

1095 2129 1174 2157 XLV.
1191 2129 1329 2164 Ejusdem
1354 2128 1485 2156 carmina
1509 2129 1541 2165 (i)
1567 2128 1597 2156 in
1619 2129 1740 2157 Cantica
1764 2131 1889 2159 cantico-

1060 2182 1124 2202 rum
1140 2174 1348 2209 interpretatus
1364 2175 1409 2201 est
1432 2174 1604 2202 Franciscus
1626 2174 1715 2202 Zinus
1737 2174 1887 2203 Veronen-

981 2224 1087 2253 NOT/E

215 2267 392 2306 (ᾀὶοιεκθεῖις
421 2263 612 2306 ηεφαλαιώόης
642 2265 688 2291 καὶ
713 2264 847 2302 σύντομος
866 2268 919 2293 τῶν
935 2278 996 2305 παρέ

1093 2274 1230 2306 moneum
1255 2267 1385 2306 scriptis,
1412 2277 1440 2303 p.
1464 2268 1572 2306 22l-23.
1599 2268 1751 2306 Ἐγκώμιον
1780 2269 1819 2300 εἰς
1843 2270 1889 2297 τὸν

185 2301 333 2333 Χάλδαίοις
350 2301 502 2338 δογμάτων.

229 2340 255 2375 e)
272 2336 409 2367 Ferrariis
426 2338 505 2375 1591.
522 2336 627 2375 δζιεῑιειῖιἒ
638 2337 718 2375 11593,
731 2337 783 2375 fol.

229 2341 255 2375 e)
272 2341 409 2367 Ferrarius
426 2341 505 2364 1591.
526 2341 623 2364 Venet.
638 2341 718 2372 1593,
735 2341 783 2364 fol.

218 2341 253 2411 if)
271 2374 465 2411 Lyciumnon
479 2372 602 2411 Lydium
616 2372 706 2400 fuisse
730 2373 860 2411 Proclum
886 2376 1011 2402 testatur

185 2411 216 2438 in
229 2408 299 2445 ejus
312 2410 378 2436 Vita
394 2408 537 2445 Marinus,
554 2408 604 2442 qui
620 2409 846 2437 commentarios
862 2411 956 2437 Procli
981 2411 1010 2438 in

187 2443 270 2482 λόγια
286 2447 468 2482 memorato.
494 2443 538 2470 2ὀ.
564 2444 815 2482 Quemadmodum
840 2447 867 2473 et
883 2446 1009 2482 rSimeon

188 2479 374 2517 Magister‘de
389 2479 592 2517 alimentorum
609 2479 797 2517 facultatibus
814 2489 839 2515 p.
858 2481 918 2517 Ml.
935 2482 1010 2509 Edit.

191 2515 309 2553 Martini
327 2515 467 2553 Bogdani,
484 2519 544 2542 tum
561 2515 679 2544 Proclus
694 2516 757 2552 ipse
773 2525 800 2553 p.
816 2516 878 2544 359.
894 2518 924 2544 In
942 2518 1012 2545 Poli-

191 2553 262 2581 tiam
278 2551 416 2578 Platonis.

225 2588 264 2623 (g)
279 2587 372 2614 Etiam
388 2586 458 2623 4589
472 2587 501 2613 et
519 2585 594 2623 1691,
611 2586 701 2623 Paris.
714 2587 742 2614 in
760 2588 784 2614 8.
801 2587 834 2614 Et
850 2589 884 2615 ad
902 2588 1010 2616 calcem

186 2621 326 2650 editionis
341 2621 527 2650 oraculorum
544 2622 751 2657 Sibyllinorum
769 2623 923 2651 luculentas
943 2633 1010 2651 cum

187 2659 268 2686 notis
285 2658 405 2685 Servatii
422 2657 531 2690 Gallosi,
545 2658 693 2685 Amsterd.
711 2659 789 2692 1689,
805 2659 834 2686 ιε.

222 2694 262 2729 (Ιι)
278 2693 398 2721 Videtur
417 2693 480 2729 hosp
495 2693 649 2729 scripsisse
673 2694 702 2721 in
719 2695 842 2729 gratiam
860 2694 1010 2722 Michaelis

188 2727 287 2766 Ducas,
307 2737 393 2764 quem
410 2727 620 2766 discipulorum
635 2727 778 2766 optimum
795 2730 934 2766 appellat.

219 2765 251 2801 (ί)
273 2765 371 2793 Graece
393 2767 421 2793 et
446 2764 545 2793 Latine
567 2765 699 2800 vulgavit
721 2764 848 2794 Allatius
872 2766 948 2794 libro
975 2766 1011 2793 de

1064 2302 1259 2341 Meroppoictnv
1286 2302 1380 2340 χύνριον
1407 2302 1547 2339 Συμεῶνα,
1568 2306 1597 2332 et
1674 2302 1808 2333 236-2114.
1836 2307 1889 2334 0f-

1067 2339 1164 2366 ticiuin
1190 2339 1219 2365 in
1237 2341 1544 2375 commemorationem
1561 2339 1693 2375 ejusdem
1710 2341 1858 2370 Simeonis
1874 2351 1890 2369 a

1065 2374 1161 2410 Psello
1177 2376 1385 2410 compositum.
1401 2374 1563 2406 ’Δκολουθία
1576 2374 1739 2408 ίσυντεοεῖσα
1764 2377 1817 2404 ὑπὸ
1841 2379 1889 2404 τοῦ

1066 2408 1435 2445 Ψελλοῦ.Ηυῇο]υηὶοι·θω
1452 2411 1580 2439 Psellum
1597 2415 1744 2440 auctorem
1761 2421 1827 2441 esse
1838 2414 1891 2441 Pa-

1066 2446 1195 2483 negyrici
1211 2446 1238 2473 in
1256 2446 1422 2474 Simeonem
1438 2447 1666 2483 Metaphrasten,
1694 2449 1800 2483 probat
1828 2450 1891 2477 Bol-

1065 2481 1276 2520 landus__prazl'.
1301 2483 1341 2520 ad
1360 2484 1475 2520 tumul.
1491 2481 1620 2520 sanctor.
1638 2481 1782 2517 Januarii,
1800 2494 1830 2520 p.
1847 2486 1891 2512 17.

1066 2517 1124 2554 Nec
1139 2518 1283 2554 difﬁtetur
1298 2518 1423 2546 Allatius
1438 2518 1500 2554 ipse
1516 2519 1568 2546 hoc
1583 2519 1644 2547 loco
1660 2523 1688 2547 et
1703 2517 1832 2548 diatriba
1857 2521 1892 2548 de

1067 2553 1266 2586 Simeonibus,
1284 2561 1309 2588 p.
1327 2554 1372 2581 68.

1100 2589 1139 2624 (j)
1155 2588 1304 2626 Ἐρμηνεία
1319 2589 1369 2616 illa
1380 2589 1413 2626 in
1430 2589 1583 2626 Canticum
1599 2590 1779 2618 canticorum
1800 2591 1892 2618 versi-

1066 2625 1121 2651 bus
1146 2625 1255 2660 scripta
1280 2627 1324 2652 est
1340 2625 1476 2660 politicis.
1506 2626 1605 2653 Latina
1624 2627 1718 2654 versio
1735 2627 1847 2654 Schotti
1864 2631 1892 2654 et

1065 2660 1126 2687 Zini
1142 2661 1269 2688 occurrit
1283 2660 1370 2687 etiam
1388 2661 1416 2688 in
1438 2660 1513 2688 Bibl.
1539 2663 1664 2695 Patrum,
1690 2662 1782 2690 Paris.
1808 2664 1890 2694 1654,

1065 2699 1135 2723 tom.
1152 2705 1202 2723 xm
1216 2699 1243 2723 et
1259 2696 1328 2723 edit.
1345 2697 1435 2731 Lugd.
1454 2699 1523 2724 tom.
1536 2705 1615 2725 xvm.
1633 2698 1728 2725 Graece
1744 2701 1774 2725 et
1791 2699 1890 2726 Latine

1065 2734 1157 2758 exstat
1173 2732 1201 2759 in
1218 2732 1349 2759 unciario
1367 2733 1517 2766 llucaaano,
1534 2733 1625 2760 Puris.
1644 2734 1725 2760 162i.
1739 2734 1832 2762 Tomo
1859 2742 1886 2766 ιι,

1065 2776 1124 2795 una
1139 2775 1205 2795 cum
1221 2767 1312 2795 altero
1327 2769 1539 2796 commentario
1563 2769 1592 2796 in
1607 2769 1686 2797 idem
1706 2770 1857 2798 canticum
1873 2777 1887 2797 e
