1937 3050
97 113 160 144 505

732 113 917 144 DlATltIBA
939 114 988 144 DE
1010 114 1180 145 PSELLIS.

1751 108 1811 139 506

98 181 142 208 sis
161 187 167 207 :
185 187 294 208 excusa
319 185 389 208 sunt
415 188 482 207 cum
508 179 697 214 Theodoreti,
720 180 847 214 Maximi,
874 179 931 208 Nili
948 185 972 215 Α
989 180 1072 214 mihi,
1099 180 1253 216 utriusque
1277 179 1488 213 amicissimus,
1504 177 1632 205 Jacobus
1654 175 1810 211 Philippus

98 233 132 252 ex
139 225 351 260 plicationibus
363 227 447 253 Rom.
461 225 540 258 1563,
553 225 782 261 fol.,separatim
792 225 932 258 Venetiis,

99 270 180 305 apud
209 269 421 306 Hieronymum
449 269 560 297 Polum.
584 270 664 303 1573,
682 270 710 297 in
727 271 756 300 [ις
772 273 802 297 et
825 269 932 305 saepius

100 322 170 341 cum
183 314 367 342 Theodoreti
383 314 531 350 operibus.
544 315 671 342 Tandem
689 314 857 349 Antuerpiae
865 322 932 340 cum

101 360 212 386 Catena
230 358 360 391 Patrum,
376 362 406 386 et
421 358 642 394 Thaumaturgo
664 358 694 385 in
715 357 931 391 Ecclesiastem,

100 412 117 430 a
136 402 257 430 Peltano
281 404 359 438 apud
376 403 536 438 Gasparem
557 403 701 430 Bellerum
719 403 796 436 1615,
812 402 841 430 in
856 403 883 430 8.
899 403 931 429 In

100 448 157 475 hac
172 447 302 475 editione
329 447 457 484 primum
475 450 563 483 caput
579 447 682 475 Latine
705 447 847 475 convertit
869 448 930 474 An-

98 492 187 520 dreas
212 492 362 527 Schottus,
381 501 398 520 a
413 492 542 520 secundo
558 491 619 519 Zini
636 493 731 519 utitur
754 491 930 527 interpreta-

98 537 191 565 tione.
205 536 388 572 Opusculum
403 536 573 564 inscribitur
583 536 746 572 Nicephoro
758 535 928 570 Botaniataa,

98 580 426 616 Constantinopolitano
442 580 622 615 imperatori,
639 587 726 615 quem
746 578 928 617 στιφηφήρον,

96 625 125 652 id
152 628 198 653 est
224 633 355 653 coronam
383 626 548 660 gestantem,
569 625 776 659 imperatorem
805 623 927 655 scilicet,

95 669 237 705 appellat,
250 672 283 697 ut
295 672 324 697 et
334 669 408 697 alios
424 669 616 705 imperatores
627 668 685 704 [31]
699 668 764 695 aliis
776 667 927 703 opusculis

94 714 275 749 compellare
292 714 453 747 consuevit,
470 713 614 749 quidquid
640 713 688 740 alii
713 713 871 740 somnient.
887 712 927 739 Ea

94 759 213 794 primus
229 767 244 786 e
259 759 390 786 tenebris
405 761 488 786 eruta
507 758 605 785 Grzsce
626 756 783 793 publicavit
798 757 926 784 Joannes

93 803 253 837 Meursius,
271 811 337 830 cum
356 802 549 839 Polychronii,
565 802 694 836 Eusebii,
711 804 740 829 et
754 802 879 829 aliorum
896 801 925 828 in

94 848 200 875 eadem
217 847 337 875 Cantica
353 847 595 883 expositionibus,
612 846 703 882 Lugd.
721 848 783 873 But.
802 847 879 880 1617,
895 846 921 873 4.
941 867 964 899 Β

96 892 244 919 Martinus
270 892 383 919 Deltius
408 892 520 927 lsagoge
543 893 571 919 in
600 891 678 918 Cant.
700 891 799 918 cantio.
817 899 880 926 cap.
897 891 924 924 5,

95 937 186 964 refert
202 936 330 964 Psellum
355 936 478 964 deiicere
504 936 534 964 iu
560 935 610 963 illa
633 935 823 971 expositione,
839 935 925 970 cujus

92 984 151 1015 est,
176 984 210 1008 ut
235 981 298 1017 ipse
323 981 375 1014 ait,
401 980 490 1008 nimis
514 980 650 1008 concisus
674 979 859 1007 abbreviator
874 988 880 1006 :
897 982 926 1006 et

93 1026 256 1053 oscitanter
271 1025 360 1053 nimis
381 1025 537 1061 decipitur,
555 1025 624 1052 dum
641 1025 682 1052 ait
696 1024 823 1052 Psellum
840 1024 923 1051 citari

92 1078 110 1097 ιι
126 1070 321 1104 Theodoreto,
338 1070 373 1097 ab
398 1069 607 1106 antiquissimo
634 1069 880 1101 recentissimum,
897 1072 925 1096 et

94 1115 148 1150 qui
165 1114 282 1142 nonnisi
303 1117 369 1150 post
395 1114 579 1150 octingentos
597 1113 655 1141 fere
679 1121 771 1141 annos
797 1113 924 1149 scripse-

94 1162 152 1186 rat.
169 1159 406 1187 Commentarius
430 1159 499 1186 item
516 1159 545 1185 in
559 1158 678 1186 Cantisa
703 1166 737 1185 ex
760 1158 855 1185 tribus
871 1157 922 1186 Pa-

93 1204 202 1238 tribus,
219 1204 255 1231 ab
280 1203 382 1231 eodem
407 1202 511 1238 Psello,
527 1202 552 1230 si
574 1202 660 1230 index
684 1202 840 1230 Bavaricus
857 1203 921 1230 cod.

92 1249 140 1281 99,
158 1248 255 1276 fraudi
272 1256 329 1276 non
350 1250 406 1283 est,
423 1247 530 1283 saepius
547 1255 613 1275 cum
629 1247 809 1274 Theodoreto
826 1247 923 1275 Latine

95 1292 207 1326 editus,
223 1292 363 1320 collectus
379 1295 433 1319 est.
446 1292 485 1319 En
501 1292 589 1318 Vut‘ba
606 1291 728 1319 indicis:
746 1292 822 1325 item,
837 1291 921 1318 Com-

91 1337 257 1364 mentarius
276 1345 311 1364 ea:
325 1337 414 1364 tribus
425 1337 553 1364 Palribus
566 1335 695 1371 Gregorio
713 1336 844 1372 Nysseno,
857 1335 919 1363 Nilo

94 1387 122 1409 et
137 1381 268 1413 Maximo,
284 1382 424 1409 coltectore
439 1381 538 1409 Psello.

129 1424 240 1452 XLVII.
256 1425 396 1460 Ejusdem
416 1425 450 1452 ad
472 1423 644 1452 Michaelem
662 1423 699 1459 (k)
715 1423 919 1460 imperatorem

91 1469 191 1505 capita
206 1469 340 1504 quedam
357 1468 530 1504 theologica,
545 1469 580 1496 de
599 1469 744 1501 Trinitate,
760 1470 787 1496 et
799 1476 920 1503 persona

92 1514 213 1547 Christi,
225 1514 323 1541 Graece
337 1517 366 1541 et
382 1513 491 1546 Latine,
507 1521 574 1540 cum
591 1513 668 1541 notis
683 1513 801 1541 Joannis
818 1513 919 1549 Wege-

987 225 1166 254 ’l‘homasius
1192 224 1379 260 signiﬁcavit.
1392 223 1493 251 Libelli
1514 222 1583 250 item
1605 220 1740 248 meminit
1754 221 1809 247 Ca-

987 271 1138 298 saubonus
1160 270 1189 297 in
1204 268 1268 296 {Elii
1286 268 1434 304 Spartiani
1453 266 1612 294 Antonium
1627 263 1808 292 Caracallam

987 314 1074 342 notis.
1092 315 1125 341 Et
1148 314 1254 341 Justus
1279 313 1419 348 Bicquius
1439 311 1490 347 (ιη)
1517 311 1545 338 in
1570 309 1657 346 epist.
1673 308 1810 336 Ceoturia

987 367 1068 386 nova.
1091 359 1233 394 cpist.29.
1246 360 1277 386 In
1294 357 1428 393 Saregica
1450 355 1628 383 bibliotheca
1651 353 1727 381 inter
1750 353 1808 380 alia

985 404 1126 439 opuscula
1142 403 1344 439 manuscripts
1357 401 1441 429 illum
1457 409 1488 429 se
1504 400 1610 428 vidisse
1624 399 1721 426 refert.

1019 447 1141 476 XLVllI.
1159 448 1297 484 Ejusdem
1321 447 1449 483 Synopsis
1465 447 1557 480 legum
1580 443 1714 471 versibus
1730 442 1805 470 iam-

984 492 1068 528 bicis,
1085 494 1113 520 et
1128 492 1255 528 politicis
1270 492 1348 519 edita
1363 493 1407 519 est
1421 493 1528 524 Graece,
1547 489 1648 517 Latina
1662 488 1805 523 interpre-

983 537 1103 570 tatione,
1119 540 1148 564 et
1167 537 1243 564 notis
1266 537 1423 571 illustrata,
1439 544 1527 572 opera
1550 536 1578 562 et
1601 533 1700 561 studio
1715 534 1804 559 Fran-

982 581 1050 608 cisci
1069 581 1204 617 Bosqueti
1219 581 1429 613 Narbonensis,
1446 589 1479 608 ex
1500 577 1677 607 bibliotheca
1691 576 1804 604 archie-

982 625 1093 661 piscopi
1109 626 1258 659 Tolosani,
1269 625 1390 653 Parisiis
1406 625 1482 661 apud
1498 624 1639 651 Joannem
1655 622 1803 650 Camusat.

983 670 1062 703 1622,
1078 671 1104 698 8.
1122 670 1149 697 in
1176 670 1326 697 nonnullis
1348 670 1407 705 [32]
1432 668 1582 696 codicibus
1606 666 1748 702 inscripta
1763 665 1803 701 (η)

982 714 1150 751 imperatori
1168 714 1300 742 Michaeli
1320 717 1412 741 Ducas.
1430 713 1512 740 Alius
1527 713 1617 740 codex
1631 710 1803 743 Vaticanus,

983 761 1014 786 ut
1041 761 1123 786 notat
1150 759 1228 786 idem
1258 757 1553 795 Bosquetus,habet,
1582 755 1725 787 Alexium,
1755 755 1803 780 τηῦ

980 803 1139 841 σοφωτάτου
1152 802 1263 830 Ψελλοῦ
1279 802 1318 834 εἷς
1331 802 1395 833 τοὺς
1409 802 1511 838 νόμους
1527 800 1594 838 πρὸς
1616 799 1661 826 τὸν
1684 797 1803 827 Βασιλέα

981 848 1064 884 Κύριν
1081 847 1212 882 Ἀλέξων.
1244 848 1277 875 Et
1306 850 1390 875 vetus
1410 845 1570 879 Sirmondi,
1595 843 1803 880 Nicephorum,

980 892 1070 930 Ἀρχή
1099 891 1144 919 σὺν
1170 894 1228 927 Θεῷ
1251 893 1305 918 τῶν
1328 890 1480 918 πολιτικῶν
1511 889 1613 926 στίχων
1641 889 1690 915 τοῦ
1716 886 1803 923 νόμου

980 937 1139 964 ἐκτεθέντων
1167 936 1240 973 παρᾶ
1267 938 1316 963 τοῦ
1345 935 1444 972 Κυρίου
1471 932 1588 972 Μιχαὴλ
1610 935 1659 960 τοῦ
1680 930 1802 966 ιΓελλοῦ,

979 981 1047 1017 πρὸς
1078 981 1124 1008 τὸν
1156 980 1414 1019 ΙΙορφυρογέννητον
1440 979 1537 1017 Κύριον
1565 976 1730 1016 Νικηφόρον.
1754 976 1801 1009 Μὴ

981 1025 1149 1064 βδυλόμενον
1175 1026 1319 1064 προσέχειν
1341 1027 1399 1055 τοῖς
1425 1024 1513 1060 νόμου
1539 1023 1678 1059 μαθήμασι
1703 1020 1748 1048 διὰ
1770 1021 1801 1047 τὸ

978 1071 1096 1108 κεχηνὸς
1110 1070 1207 1098 τούτου
1226 1069 1354 1107 πέλαγος.
1375 1069 1501 1101 Titulus,
1517 1068 1562 1095 vel
1583 1067 1802 1103 Porphyrogen-

979 1119 1052 1143 notas
1080 1115 1271 1151 cognomine,
1298 1113 1461 1150 Nicephoro
1489 1113 1650 1140 Botaniataa
1678 1111 1800 1145 adnexo,

978 1163 1134 1196 suspectus
1149 1163 1203 1188 est.
1219 1160 1280 1188 Non
1296 1159 1398 1187 dubito
1420 1161 1517 1186 tamen
1543 1156 1687 1189 libellum,
1701 1163 1801 1183 rerum

977 1213 1123 1233 summam
1136 1204 1307 1240 gerentibus
1321 1204 1392 1231 adeo
1408 1201 1620 1236 necessarium,
1632 1208 1684 1236 pro
1699 1207 1803 1235 oppor-

977 1249 1102 1277 tunitate
1130 1249 1253 1276 diversis
1282 1247 1508 1284 imperatoribus
1536 1244 1737 1280 inscripsisse,
1769 1246 1800 1271 ut

977 1294 1139 1330 praecipuas
1153 1293 1235 1321 Juris
1255 1292 1382 1328 regulas,
1394 1300 1429 1320 ex
1448 1291 1522 1327 ipsis
1535 1290 1614 1318 Juris
1629 1289 1720 1317 totius
1735 1288 1798 1316 fon-

975 1339 1055 1366 tibus
1070 1338 1243 1374 compendio
1259 1339 1461 1373 pertractatas,
1471 1338 1500 1363 et
1510 1334 1639 1362 carmine
1654 1333 1738 1369 quasi
1755 1332 1798 1360 le-

976 1383 1091 1410 nocinio
1105 1381 1261 1414 cmollitas,
1272 1381 1383 1417 absque
1397 1379 1539 1416 longioris
1552 1378 1686 1407 lectionis
1699 1377 1798 1411 taedio,

975 1428 999 1455 si
1025 1427 1142 1461 liberet;
1158 1428 1375 1462 percurrerent;
1399 1428 1431 1452 ut
1455 1425 1490 1452 de
1513 1423 1646 1459 eiusdem
1670 1422 1796 1456 Chryso-

975 1472 1049 1508 pocia
1064 1479 1153 1506 supra
1169 1471 1307 1498 diximus.
1324 1471 1363 1498 Ex
1382 1469 1429 1497 his
1445 1468 1586 1496 nonnulla
1600 1467 1656 1495 sub
1671 1466 1795 1494 scholio-

975 1525 1040 1544 rum
1057 1516 1174 1543 nomine
1189 1515 1309 1550 vulgata
1319 1514 1388 1542 olim
1404 1514 1485 1541 fuere
1500 1521 1516 1540 a
1532 1511 1702 1540 Leunclavio
1717 1510 1796 1538 Juris

88 1557 154 1585 lini.
185 1558 328 1594 Augustis
350 1557 464 1586 Vindel.
490 1558 568 1594 apud
597 1558 754 1594 Georgium
770 1546 919 1593 Viller,‘et
933 1546 954 1580 (ἶ
975 1546 1385 1588 Gracc-Romanitomoan
1400 1557 1524 1594 Synopsi
1537 1557 1635 1593 legum
1647 1555 1796 1584 Michaelis

90 1603 302 1630 Sebastianum
318 1602 437 1638 Mylium
456 1603 533 1635 1608,
552 1603 581 1630 in
595 1602 623 1630 8.

125 1647 240 1675 XLVII.
258 1647 396 1682 Ejusdem
408 1646 554 1681 libellum,
565 1646 597 1674 de
612 1646 747 1682 Lapidum
757 1647 917 1681 virtutibus,

89 1691 247 1727 Philippus
262 1691 390 1719 Jacobus
416 1691 585 1719 Maussacus
602 1691 631 1727 (ι)
652 1691 765 1727 primus
779 1691 918 1728 vulgavit,

89 1736 194 1764 Latine
224 1736 322 1771 vertit,
347 1738 376 1764 et
404 1736 584 1770 emendavit;
612 1736 709 1764 editus
739 1739 784 1764 est
806 1736 919 1764 Tolosae

87 1781 187 1808 Graece
214 1783 242 1808 et
269 1780 371 1808 Latine
398 1789 474 1808 anno
500 1781 578 1814 1015,
601 1781 626 1808 8.
650 1780 755 1808 Verum
784 1780 917 1809 libellum

88 1825 168 1852 hunc
184 1827 253 1852 ante
278 1825 466 1852 Maussacum
488 1825 590 1852 Latine
605 1827 633 1852 et
647 1824 746 1852 Italica
769 1826 917 1853 redditum

86 1869 124 1896 ab
137 1868 267 1896 Adriano
277 1868 404 1905 Spigelio
419 1868 594 1904 philosopho
611 1871 639 1896 et
655 1869 778 1904 medico,
791 1872 818 1897 et
832 1870 917 1906 Gym-

86 1913 163 1941 nasii
176 1913 306 1941 Patavini
323 1913 499 1948 anatomico,
510 1913 588 1949 apud
603 1913 763 1942 Liberalem
774 1916 916 1948 Cremam,

87 1957 301 1994 philosophum
317 1966 351 1985 ac
371 1957 516 1986 medicum
533 1958 718 1986 Tarvisinum
734 1959 917 1993 praestantis-

86 2002 200 2030 simum
229 2002 397 2030 conservari
427 2002 462 2030 ad
488 2002 567 2030 hunc
591 2002 681 2037 diem,
710 2002 836 2038 epistola
861 2012 917 2032 sua

974 1605 1126 1638 Attaliotae,
1148 1605 1193 1632 tit.
1211 1604 1373 1640 pnesertim
1391 1603 1434 1635 16,
1449 1603 1494 1636 25,
1510 1603 1555 1635 28,
1570 1602 1615 1635 32,
1631 1601 1676 1635 37,
1688 1601 1733 1634 40,
1751 1601 1795 1635 42,

974 1650 1017 1685 118,
1031 1650 1076 1678 83.
1101 1649 1165 1684 Qui,
1189 1657 1256 1677 cum
1282 1657 1340 1676 non
1360 1647 1616 1675 animadvertisset
1639 1653 1796 1673 numerum

973 1694 1149 1728 carminum,
1174 1697 1316 1728 tanquam
1339 1692 1467 1720 solutam
1494 1691 1655 1719 orationem
1680 1688 1798 1717 excudit

973 1737 1153 1766 indistincte.

1009 1782 1110 1810 XLIX.
1126 1782 1264 1817 Ejusdem
1288 1781 1323 1809 ad
1345 1781 1481 1809 eumdem
1498 1780 1535 1815 (ο)
1551 1778 1723 1808 Michaelem
1739 1778 1797 1806 Du-

973 1835 1038 1854 cam
1059 1826 1190 1854 carmina
1218 1825 1345 1861 politica,
1372 1826 1408 1853 De
1433 1826 1568 1860 dogmate,
1592 1825 1688 1851 Graece
1718 1823 1796 1850 idem

973 1872 1134 1906 Bosquetus
1149 1878 1215 1898 cum
1236 1870 1358 1906 Synopsi
1382 1869 1480 1905 legum
1507 1868 1553 1896 edi
1579 1867 1701 1899 curavit,
1718 1876 1735 1894 a
1748 1867 1796 1894 Ja-

973 1916 1044 1942 cobo
1073 1915 1229 1943 Sirmondo
1258 1917 1386 1950 accepta,
1403 1914 1482 1941 unde
1505 1913 1624 1949 legitur,
1639 1911 1671 1939 de
1693 1915 1797 1946 septem

972 1959 1059 1987 sacri:
1086 1959 1202 1995 Synodz's
1228 1959 1403 1986 wcu-nenicis
1429 1958 1594 1992 Tractatus,
1623 1957 1672 1992 (ρ)
1698 1955 1796 1984 editus

973 2004 1074 2032 Latine
1098 2006 1169 2031 tom.
1185 2011 1216 2030 ιιι
1232 2003 1440 2036 Conciliorum,
1457 2004 1538 2038 parte
1563 2001 1669 2037 prima,
1687 2009 1715 2036 p.
1732 2000 1795 2034 400,

885 2057 1004 2086 ΝΟΤλΕ.

84 2103 227 2139 Gregorio
243 2103 385 2166 Ngsseno,
398 2104 427 2131 S.
438 2103 503 2131 Nilo
518 2107 546 2131 et
558 2104 695 2138 Maximo,
707 2113 759 2140 per
769 2106 916 2141 eumdem,

84 2143 119 2166 ut
135 2139 250 2166 volunt.
290 2140 395 2166 sellum
412 2139 543 2166 collecto.

84 2143 119 2167 ut
135 2139 250 2173 volunt,
267 2139 395 2167 Psellum
412 2139 543 2167 collecto.

123 2175 163 2211 (k)
180 2175 212 2202 In
229 2175 367 2213 Cataloigio
383 2175 458 2213 l}ibl.
475 2175 640 2213 Bai-horiola
657 2180 725 2204 tom.
736 2186 768 2209 ιι,
781 2185 846 2213 pag.
862 2178 916 2205 $3

83 2219 252 2248 perperam,
268 2211 303 2248 ad
327 2212 365 2248 Μ.
382 2211 576 2248 Comnenom.
594 2211 658 2248 Haec
682 2211 911 2248 capita’Theolo-

83 2247 327 2287 gicaiotegriora
341 2247 433 2275 lector
448 2247 483 2275 ad
500 2247 608 2275 calcem
624 2247 821 2283 bujusilibelli
838 2248 914 2277 Alla-

83 2283 125 2310 tia
132 2283 160 2309 ni
178 2283 312 2317 reperiet.

120 2319 155 2353 (ι)
172 2318 326 2346 Plutarcho
342 2319 378 2345 de
394 2317 578 2352 ﬂuminibus,
591 2318 675 2346 Pselli
692 2318 826 2347 libellum
842 2321 912 2348 sub-

77 2353 352 2392 jecit‘Maussaous,
365 2354 588 2392 testatusillum
603 2363 634 2392 se
644 2355 729 2392 edere
744 2363 778 2383 ex
794 2364 913 2392 apogra-

82 2389 141 2430 pho
156 2389 256 2417 Jacobi
278 2390 436 2423 Sirmondi,
453 2390 538 2426 epist.
557 2390 737 2418 dedicatoria
760 2391 796 2419 ad
813 2389 912 2419 'Gaul-

80 2433 208 2452 minum.

117 2461 168 2496 (γη)
182 2461 287 2488 Justus
312 2461 462 2496 Rycquius
485 2461 611 2496 epistola
637 2462 672 2489 ad
699 2462 736 2489 M.
758 2461 911 2490 Velserum

79 2497 150 2524 data
165 2499 261 2524 Romen
278 2497 356 2524 4610.
373 2497 440 2533 Mihi
463 2497 663 2525 Bibliothecom
687 2506 776 2532 nuper
799 2498 911 2533 δίη-εθι-

79 2541 142 2560 cam
156 2534 308 2560 excuneati
321 2532 458 2570 opuscula
472 2533 704 2570 qugudoerr-aeca
718 2534 827 2561 calamo
842 2532 909 2562 eaEa-

78 2570 143 2595 rata
164 2570 192 2595 in
208 2577 307 2596 manus
332 2568 473 2596 uenerunt.
491 2568 608 2596 Maximi
637 2569 772 2596 Planuda:
796 2572 824 2597 et
850 2569 910 2597 cla-

80 2612 183 2631 rorum
204 2603 316 2639 aliquot
341 2605 469 2632 virorum
494 2604 625 2638 epistolae
650 2608 778 2632 centum.
798 2604 910 2633 t‘sellus

79 2640 117 2667 de
139 2647 324 2675 gemmarum
351 2640 520 2673 virtutibus,
538 2641 643 2667 lacerti
667 2641 819 2675 cujusdam
833 2641 910 2675 (Em-

78 2676 188 2711 periodi
201 2677 281 2710 vulgo
297 2676 473 2709 tribuuntur)
486 2683 588 2703 versus
603 2676 720 2703 iambici
734 2677 770 2704 de
786 2677 909 2704 lixarum

81 2711 237 2747 stellarum
260 2711 384 2747 sphaera,
402 2720 418 2739 a
433 2711 578 2739 Demetrio
594 2712 733 2739 Triclinio
749 2712 907 2740 emendati.

82 2746 246 2774 Parocbolo:
262 2746 395 2782 quaedam
411 2755 511 2782 eorum
525 2755 589 2782 quea
605 2747 632 2774 in
649 2747 764 2775 excusis
776 2748 908 2776 Athenaei

82 2755 246 2774 rarccoom
284 2755 395 2775 uincam
411 2755 511 2774 eorum
525 2755 589 2782 quia
605 2755 632 2774 In
649 2755 764 2775 excusis
776 2755 908 2776 Atnenaai

81 2782 236 2812 codicibus
261 2755 477 2812 desiderantur.
493 2781 600 2811 lacerti
619 2784 650 2811 in
664 2783 773 2812 librum
796 2783 908 2812 Aristo-

972 2106 1038 2134 telis
1067 2107 1102 2134 de
1131 2105 1276 2134 coloribus
1305 2105 1546 2133 commentarius.
1567 2103 1694 2132 Caniclei
1721 2103 1796 2131 liber

971 2145 1072 2182 contra
1098 2141 1264 2182 Plotinum,
1282 2142 1346 2176 ejus
1364 2141 1449 2182 ‘t‘ort‘e
1475 2141 1560 2182 cuius
1589 2140 1731 2182 scriptum
1761 2140 1797 2182 de

971 2178 1192 2206 immortalitate
1218 2175 1334 2210 animis,
1359 2175 1669 2204 dvéxSorov'Cardanis
1693 2176 1744 2203 lib.
1761 2176 1796 2202 de

971 2222 1081 2252 rerum_
1098 2213 1238 2252 varietate
1267 2213 1376 2252 laudat.
1401 2212 1532 2252 Sallustii
1559 2211 1796 2252 philos'ophii_in

930 2242 954 2274 D
973 2249 1105 2277 Heracliti
1133 2249 1314 2285 problemata
1339 2248 1492 2285 Homerica
1517 2242 1724 2285 summarium.
1742 2246 1795 2273 Ex-

969 2288 1067 2321 oerpta
1083 2293 1116 2312 ex
1132 2282 1254 2313 Gemisti
1280 2284 1428 2321 Pletbonis
1453 2284 1600 2321 Monodia,
1616 2282 1795 2321 deﬂimmor-

971 2318 1082 2349 talitate
1093 2321 1197 2348 animos
1218 2320 1356 2355 Ejusdem
1373 2319 1503 2347 defensio
1519 2318 1682 2355 Aristotelis
1693 2320 1796 2355 contra

970 2357 1159 2384 scholarium.
1176 2353 1327 2384 Michaelis
1349 2355 1495 2391 Apostolus
1521 2363 1572 2390 pro
1596 2353 1736 2381 Pletbone
1760 2353 1796 2380 li-

969 2393 1029 2426 ber,
1047 2401 1136 2428 super
1160 2391 1327 2428 substantia
1350 2391 1546 2428 Aristotelica‘,
1563 2392 1664 2428 contra
1674 2392 1793 2428 gazam,

969 2425 1106 2456 Demetrii
1121 2427 1253 2454 Triclinii
1275 2428 1311 2454 de
1336 2427 1438 2454 metris
1462 2426 1587 2462 pouticis
1611 2425 1713 2462 libelli.
1732 2426 1794 2453 Dis-

966 2465 1034 2498 pice,
1051 2471 1150 2499 quaso,
1167 2472 1202 2491 an
1218 2463 1322 2498 aliquid
1342 2464 1380 2490 sit
1399 2461 1479 2490 cedro
1494 2467 1520 2490 et
1541 2462 1650 2497 pumice
1664 2461 1791 2489 dihnum.

967 2499 1106 2570 “milia
1133 2534 1223 2562 etiam
1252 2533 1281 2562 in
1312 2534 1417 2561 Codice
1444 2532 1678 2570 Vindobonensi,
1706 2532 1792 2570 cujus

967 2568 1127 2598 meminere
1155 2570 1327 2598 Lambecius
1341 2573 1371 2598 et
1385 2568 1536 2597 Nesselius
1562 2573 1636 2604 part.
1653 2577 1684 2602 ιι,
1701 2576 1729 2603 p.
1746 2569 1791 2601 28,

966 2610 994 2633 et
1018 2607 1047 2633 in
1069 2606 1124 2634 alio
1149 2606 1248 2633 codice
1263 2614 1278 2633 e
1295 2614 1352 2641 quo
1377 2608 1444 2632 ante
1469 2605 1616 2641 Bosquetir
1633 2604 1792 2641 editionem

966 2650 1066 2670 versus
1092 2641 1250 2669 nonnullos
1275 2639 1411 2677 produxit
1433 2639 1558 2668 Allatius
1584 2640 1620 2668 ad
1646 2639 1792 2668 Eustathii

964 2678 1163 2706 Hexaemeron
1180 2686 1207 2712 p.
1224 2678 1287 2704 280.

1001 2714 1036 2747 (ο)
1054 2716 1083 2740 ln
1103 2721 1156 2741 ms.
1173 2711 1315 2744 Caesareo,
1340 2713 1375 2740 ad
1391 2712 1618 2741 Constantinum
1643 2711 1792 2739 Monoma—

964 2749 1063 2777 chum.
1081 2749 1154 2777 Vide
1171 2748 1378 2782 Lambecb.vx,
1395 2756 1423 2783 p.
1441 2749 1501 2775 163.

1000 2787 1043 2822 (p)
1058 2785 1150 2814 Totus
1164 2784 1328 2814 absolvitur
1339 2782 1474 2813 variibus
1493 2783 1622 2820 politicis
1636 2782 1681 2810 71.
