1937 3050
167 101 228 131 507

863 110 1005 140 LEONIS
1015 144 1017 146 η
1027 111 1182 142 ALLATII

1811 117 1867 147 508

161 166 284 218 Cplgnie
298 168 464 218 Agrippina
481 171 561 218 i606,
576 171 725 201 industria
743 174 871 202 Severini
894 175 968 203 Binii
983 185 990 210 ;
1005 177 1035 210 Α
1050 177 1105 205 bus
1122 177 1306 213 signiﬁcavit.
1331 180 1368 207 De
1391 179 1499 213 eadem,
1516 179 1628 213 scribit,
1642 181 1732 216 ferme
1746 190 1776 210 re
1789 187 1814 210 et
1828 184 1870 218 fa-

163 212 192 238 et
207 211 306 240 Graios
317 213 373 240 sub
386 213 510 243 Joannis
527 216 612 244 Pselli
629 218 758 252 nomine,
771 227 836 247 cum
850 220 990 248 Theodori

163 256 316 284 Prodromi
340 259 368 286 et
392 258 546 295 Nicephori
563 260 673 289 Callisti
700 263 844 299 versibus,
871 264 991 292 Basileas

160 301 240 336 apud
267 301 409 331 Joannem
438 304 590 334 Bebelium
618 307 701 342 1536,
725 307 781 343 [33]
805 309 833 336 in
856 309 883 336 8.
900 309 991 341 Quem

159 344 267 373 Joaani
282 346 319 382 (ο)
336 348 424 375 etiam
451 350 557 378 tribuit
580 352 709 380 Joannes
733 353 828 380 Tilius
854 353 988 389 Engolis-

162 391 284 425 mensis,
302 391 331 418 iu
348 393 547 428 apostolorum
563 397 591 423 et
605 399 776 424 sanctorum
797 397 987 425 conciliorum

160 433 302 467 Decretis,
318 435 472 472 impressis
489 439 607 468 Parisiis
627 449 679 477 per
693 441 987 478 ConradumLNeoba-

160 478 238 505 rium
269 479 350 507 1540.
377 482 407 508 In
438 482 516 510 hunc
546 484 643 520 ipsum
671 486 839 514 Tractatum
869 487 988 523 scripsit

161 523 334 568 franciscus
362 525 589 563 Feunrdentius;
616 532 644 557 et
667 531 863 560 Bellarminus
887 532 985 568 tradit,

161 566 290 612 Psellum
306 568 336 596 in
353 570 454 598 eodem
483 572 707 610 hallucinatum,
724 575 753 603 in
770 578 911 612 tempore,
928 566 985 612 quo

162 611 308 657 celebrata
330 617 375 642 est
393 615 488 650 prima
503 611 984 657 Constantinopolitanasynodus,

162 663 225 690 qua:
242 656 296 684 fuit
313 660 442 687 secunda
458 669 492 688 ex
507 665 632 697 quatuor
647 665 765 700 primis;
783 665 812 692 in
830 656 984 701 Ephesius,

162 708 225 736 qua:
243 701 297 729 fuit
318 704 412 739 tertia,
427 707 499 734 tom.
516 708 538 742 Ι,
556 708 739 737 Controvers.
756 710 783 745 4,
799 710 834 738 de
849 710 985 738 Conciliis

162 753 226 781 cap.
244 747 271 774 5.

197 790 227 818 L.
246 791 382 827 Ejusdem
399 793 432 822 de
454 795 644 826 Nomoeanone
666 799 796 828 carmina
811 800 907 828 Graece
921 799 984 828 edi-

160 834 204 862 dit
219 844 285 864 cum
303 839 506 873 superioribus
521 841 696 878 Bosquetus,
713 852 778 880 quae
793 853 860 872 cum
876 844 985 872 laxiora

160 879 231 914 sint,
249 881 370 910 alterius
395 891 459 911 esse
485 886 611 914 multum
636 879 767 916 dubitavi
785 897 791 916 :
808 897 861 917 nec
884 889 986 917 fefellit

163 932 210 951 me
226 925 353 961 animus,
370 936 438 955 nam
460 929 489 956 in
506 929 562 957 alio
579 933 781 969 manuscripto
797 933 895 961 codice
909 935 985 961 Con-

161 969 290 1015 stantino
306 970 401 999 Psello
425 973 606 1002 tribuuntur.
623 976 824 1005 Κωνσταντίνου
840 976 984 1015 προέδρου,

160 1012 205 1039 καὶ
221 1013 322 1042 ὑπάτου
349 1017 402 1043 τῶν
427 1015 586 1057 φιλοσόφων
613 1022 660 1047 τοῦ
676 1020 789 1049 Ψελλοῦ
814 1022 850 1053 εἰς
865 1023 913 1056 τὴν
931 1026 984 1049 Νο-

161 1058 313 1092 μοκανόνονίι
342 1060 477 1089 ὑπόθεσιν.
496 1063 525 1091 In
553 1064 730 1094 bibliotheca
754 1068 843 1095 etiam
867 1068 985 1095 Antonii

158 1103 315 1139 Augustini
346 1106 411 1132 cod.
441 1107 492 1134 154
520 1110 549 1135 et
579 1109 641 1144 175,
671 1111 764 1138 eidem
794 1112 984 1140 Constantino

159 1147 256 1175 Psello
271 1148 452 1179 tribuuntur.
469 1152 524 1179 Sed
546 1154 701 1188 cujusnam
726 1164 801 1191 opus
816 1157 854 1184 sit
871 1165 927 1184 non
944 1157 985 1184 vi-

159 1191 245 1219 detur
260 1194 346 1228 tanti,
363 1196 395 1222 ut
410 1195 439 1222 in
456 1196 520 1231 ejus
541 1200 660 1226 auctore
682 1199 858 1235 inquirendo
873 1202 985 1230 diutius

158 1243 311 1265 immorem
317 1246 360 1265 ur.

195 1280 241 1308 Ll.
266 1281 329 1327 sub
356 1283 492 1327 ejusdem
530 1287 650 1315 nomine
681 1288 887 1317 circumfertur
913 1293 985 1327 Syn-

158 1326 259 1372 tagma
291 1324 487 1372 ἐκλελεγμένον
522 1329 574 1358 ἀπὸ
602 1333 656 1358 τῶν
685 1332 824 1370 Ἰατρικῶν
857 1324 984 1372 βιϐλίὶυν,

157 1368 388 1417 τξερὶᾃξυνάμεως
413 1377 533 1412 τροφῶν,
563 1377 608 1404 καὶ
635 1368 778 1415 ὠφελείοις,
803 1368 985 1417 καίβλάϐηςξ

159 1414 194 1442 de
218 1415 392 1445 Cibariorum
411 1419 557 1454 facultate,
573 1423 705 1455 utilitate,
721 1428 748 1451 et
771 1414 908 1458 τροπαίαν
930 1425 984 1453 Με-

157 1458 227 1486 dicis
253 1459 333 1488 libris
356 1462 509 1499 collectum,
526 1465 561 1492 ad
584 1466 810 1495 Constantinum
837 1469 985 1497 Monoma-

159 1502 247 1548 chum
264 1513 316 1540 per
331 1505 494 1535 litterarum
506 1509 745 1547 ordinem,cujus
760 1512 833 1540 illud
847 1516 892 1540 est
908 1514 985 1548 prin-

159 1547 282 1583 cipium,
294 1548 398 1577 Πολλῶ
412 1550 457 1578 καὶ
473 1550 587 1590 λογίων,
598 1554 621 1580 ὦ
632 1554 750 1592 μέγιστε.
765 1557 841 1584 Illud
855 1547 984 1586 Sinieoui
1000 1549 1020 1583 Ο

158 1592 244 1639 Setino
257 1593 297 1639 ρ’)
313 1595 454 1631 magistro
477 1598 657 1628 Antiocheno
681 1601 834 1635 tributum,
853 1604 881 1630 et
896 1611 912 1630 a
927 1603 982 1639 Gy-

158 1635 241 1682 raldro
257 1637 357 1666 Latine
373 1640 519 1670 redditum
535 1642 628 1671 Graece
643 1647 671 1672 et
691 1645 792 1674 Latine
807 1635 982 1682 lsingrinius

158 1680 277 1709 Basileie
293 1685 411 1712 excudit
433 1685 462 1713 in
479 1687 507 1720 8,
525 1687 604 1715 1538.
620 1691 693 1717 Cum
709 1699 775 1718 vero
792 1700 848 1719 non
865 1680 980 1720 tantum

157 1726 320 1773 sententia,
337 1729 385 1756 sed
403 1730 490 1758 verba
513 1732 601 1760 etiam
618 1733 682 1769 ipsa
703 1735 732 1762 in
758 1738 882 1772 utroque
896 1745 982 1773 repe-

157 1769 282 1806 riantur,
299 1772 445 1806 existimo,
462 1775 652 1806 Collectaueis
675 1779 759 1807 Pselli
780 1769 980 1809 nonnulla-Si-

157 1821 290 1842 meouem
309 1825 325 1844 a
340 1825 381 1851 se,
398 1818 474 1846 inter
495 1819 650 1856 legendum
667 1824 879 1860 animadversa,
896 1826 981 1854 addi-

155 1858 246 1893 disse,
257 1860 301 1887 vel
314 1863 480 1898 quempiam
493 1865 612 1894 tertium
625 1868 660 1895 ab
673 1870 798 1905 utroque
809 1858 978 1906 confecisse,

154 1904 230 1950 quod
256 1912 290 1931 ex
314 1905 410 1935 indice
436 1910 636 1946 manuscripto
660 1913 695 1948 (δ)
720 1904 815 1949 colligi
842 1915 947 1950 poterit

155 1946 303 1994 ξύντοξγμα
327 1950 389 1987 περῖ
419 1955 525 1991 τροφῶν
551 1946 691 1991 δυνάμεῴν
713 1960 760 1984 τοῦ
785 1946 908 1994 ιῗῐνελιλοῦ,
933 1959 978 1986 καὶ

155 1992 268 2026 Συμεὼν
285 1995 333 2020 τοῦ
357 1995 526 2033 Μαγίστρου.
549 1999 701 2035 Syntagma
725 2002 758 2030 de
780 1992 979 2032 alimentorum

155 2036 262 2083 viribus
289 2039 384 2074 Psclli,
405 2045 431 2068 et
454 2042 590 2071 Simeonis
616 2045 748 2080 Magistri.
773 2047 872 2083 Neque
900 2048 977 2077 enim

155 2079 260 2128 adduci
290 2091 423 2128 possum,
450 2088 483 2113 ut
506 2089 633 2122 credam,
650 2079 778 2118 Psellum
804 2079 860 2128 [34]
885 2101 938 2120 sua
962 2102 979 2121 a

155 2124 253 2169 Setho,
264 2127 453 2157 eruditiorem
465 2130 755 2169 eloquentioremque
770 2144 786 2163 a
801 2124 899 2164 minus
915 2145 978 2165 cru-

155 2168 261 2216 ditoret
276 2171 429 2207 eloquente
444 2177 623 2204 mutuatum.
637 2168 766 2206 Aliorum
777 2181 922 2216 siquidem
939 2182 979 2211 1a-

1047 222 1151 250 cullate
1173 225 1210 250 ad
1235 223 1453 258 Constantinum,
1479 224 1570 260 hujus,
1588 227 1618 252 ut
1640 228 1717 260 puto,
1734 227 1871 256 Michaelis

1047 267 1129 295 Ducae
1143 270 1297 302 parentem,
1314 269 1429 296 Michael
1452 269 1558 297 Psellus
1572 269 1709 298 Libellum
1723 274 1788 299 ante
1801 274 1867 300 scri-

1043 313 1148 347 pseral,
1163 313 1241 348 cujus
1268 315 1307 340 est
1334 314 1491 349 exemplum
1518 314 1591 349 apud
1618 315 1768 349 Illeletium,
1792 316 1863 345 (ἐνκ-

1045 365 1109 384 cum
1132 357 1219 384 totius
1245 357 1393 386 medicinae
1411 359 1583 394 scriptorem,
1599 367 1651 387 non
1676 360 1768 388 eodem
1792 362 1866 390 modo

1045 405 1215 436 argumento,
1232 402 1278 430 sed
1300 403 1395 430 iisdem
1416 403 1555 431 interdum
1578 412 1646 439 pene
1670 405 1770 433 verbis.
1787 408 1867 435 [tunc

1044 455 1092 482 ego
1106 447 1279 483 Symeonem,
1297 447 1398 476 multis
1422 450 1484 477 licet
1510 450 1540 477 in.
1562 450 1630 477 locis
1653 450 1831 486 depravatum
1845 448 1868 479 ατ

1043 500 1184 525 mancum,
1195 501 1259 520 cum
1272 493 1369 521 Latine
1382 501 1487 529 quoque
1498 494 1582 522 modo
1592 496 1747 526 vertisscm;
1762 496 1866 531 adjutus

1042 537 1181 572 imprimis
1206 538 1293 572 ipsius
1308 539 1395 565 Pselli
1410 538 1513 571 libello,
1529 543 1586 567 tum
1610 539 1733 575 ejusdem
1748 540 1835 569 altera
1850 551 1865 569 a

1043 581 1155 617 Georgio
1176 581 1253 609 Valla
1279 583 1308 609 in
1332 583 1462 610 Latinum
1487 584 1603 619 pessime
1624 592 1795 617 conversum,
1819 586 1866 613 tibi

1041 626 1072 653 in
1086 627 1164 654 omni
1178 626 1288 654 medice
1300 627 1454 661 facultatis,
1468 631 1523 655 etc.
1536 628 1621 656 Recte
1633 629 1744 663 omnia,
1756 629 1779 657 si
1796 629 1863 658 illud

1040 670 1184 707 excipias,
1211 671 1432 699 Constantinum
1462 672 1690 700 Monomachum
1719 677 1864 710 parentem

1039 715 1189 743 Michaelis
1200 715 1287 744 Ducas
1300 716 1403 751 fuisse,
1414 717 1523 753 quippe
1538 717 1588 752 qui
1599 718 1734 746 diversus
1750 720 1862 748 omnino

1040 760 1079 788 sit
1093 769 1110 788 a
1123 760 1315 788 Constantino
1328 760 1409 788 Duca
1424 761 1574 789 Michaelis
1590 765 1721 798 parente.

1076 805 1135 833 LII.
1166 805 1265 833 Eidem
1292 805 1388 833 Psello
1417 806 1526 834 librum
1556 806 1620 843 Περῖ
1649 804 1798 844 ποδάγρας,
1825 810 1861 837 De

1038 850 1169 886 podagra,
1187 859 1203 878 a
1219 850 1368 877 nonnullis
1392 850 1542 879 codicibus
1559 851 1648 879 tribui
1669 851 1764 886 video,
1780 854 1861 889 cujus

1039 895 1111 922 illud
1129 897 1174 922 est
1190 895 1308 922 initium
1328 904 1334 923 :
1352 895 1426 922 Ἑπεὶ
1448 895 1529 932 ὥρισε
1547 896 1615 932 πρός
1637 906 1670 932 με
1685 896 1699 923 ὁ
1716 896 1860 934 κράτιστος,

1039 938 1083 966 κα)
1101 939 1189 976 ἅγιος,
1201 939 1349 975 capitibus
1364 940 1561 976 quadraginta
1574 949 1624 968 scx
1639 942 1860 976 concinnatum;

1040 984 1102 1020 qui,
1118 992 1185 1012 cum
1201 984 1237 1011 ad
1254 984 1443 1020 Palaeologos,
1454 993 1576 1021 quorum
1591 986 1679 1020 jussu
1692 986 1786 1014 fuerat
1800 995 1861 1015 con-

1040 1029 1178 1064 scriptus,
1195 1028 1324 1056 directus
1340 1029 1388 1062 sit,
1405 1029 1461 1057 nisi
1485 1029 1612 1057 Psellum
1639 1030 1731 1058 alium
1748 1031 1860 1066 ﬁngere,

1039 1073 1087 1101 cui
1112 1072 1202 1100 tribui
1227 1073 1333 1108 possit,
1352 1073 1486 1108 velimus,
1514 1077 1591 1101 certe
1614 1074 1703 1103 Pselli
1729 1083 1785 1103 non
1809 1078 1858 1103 est.

1040 1118 1146 1145 Auctor
1161 1119 1293 1153 tempore
1308 1117 1458 1145 Michaelis
1480 1118 1631 1155 Palasologi
1647 1119 1773 1154 vivebat,
1788 1120 1831 1147 cui
1847 1128 1861 1148 a

1039 1161 1216 1190 valetudinis
1242 1170 1312 1189 cura
1336 1164 1410 1197 erat,
1427 1165 1459 1190 ut
1483 1162 1545 1198 ipse
1571 1164 1680 1191 fatetur
1697 1172 1703 1191 :
1721 1163 1793 1192 Ἐπεὶ
1808 1163 1860 1191 τοί-

1039 1216 1084 1232 νυν
1099 1205 1222 1233 ἐκέλευσά
1246 1216 1279 1242 με
1300 1205 1314 1232 ὁ
1340 1205 1475 1238 θειότατος
1504 1206 1642 1245 βασιλεὺς,
1661 1207 1718 1244 εἷ’μὶ
1744 1207 1766 1235 δ’
1785 1208 1859 1239 αὐτὸς

1040 1250 1092 1277 ἀπὸ
1119 1249 1172 1277 τῶν
1203 1249 1302 1287 Ῑατρῶν
1332 1249 1424 1287 αὐτοῦ,
1453 1252 1497 1278 καὶ
1525 1252 1574 1286 τήν
1604 1251 1689 1280 αὐτοῦ
1710 1253 1797 1292 φύσιν,
1816 1253 1857 1280 καὶ

1039 1294 1088 1328 τὴν
1104 1294 1210 1331 κράσιν,
1235 1294 1279 1321 καὶ
1304 1293 1428 1329 ἰδιότητα
1450 1295 1517 1322 κατὰ
1532 1296 1563 1322 τὸ
1583 1294 1696 1323 δυνατὸν
1713 1295 1802 1330 εέδὼς,
1818 1295 1859 1323 διὰ

1039 1338 1070 1366 τὸ
1099 1339 1136 1375 μή
1162 1339 1230 1376 πρὸς
1257 1338 1352 1376 ὀλίγον
1377 1339 1470 1377 καιρὸν
1496 1343 1609 1367 συνεῖναι
1635 1340 1722 1376 αὐτῷ,
1744 1340 1776 1368 τὰ
1795 1341 1857 1378 πρὸς

1039 1382 1108 1420 ἐμὴν
1136 1383 1272 1418 ἀνήκοντα.
1297 1382 1408 1420 δύναμιν
1432 1384 1500 1412 κατὰ
1520 1386 1600 1412 τοῦτο
1617 1387 1658 1421 τῷ
1679 1385 1785 1423 ὁρισμῷ
1798 1385 1857 1412 τού-

1038 1438 1087 1454 του
1115 1424 1277 1464 πειθόμενος
1303 1426 1357 1463 ἤδη
1390 1428 1495 1467 γράφω.
1523 1430 1750 1466 Quandoquidem
1781 1431 1861 1465 igitur

1041 1472 1090 1501 hoc
1104 1473 1176 1501 mihi
1190 1474 1337 1509 imperavit
1352 1475 1542 1502 sanctissimus
1555 1483 1616 1508 rex,
1630 1483 1647 1502 e
1661 1476 1739 1511 cujus
1753 1475 1860 1503 medicis

1039 1526 1099 1545 sum
1124 1526 1205 1553 unus,
1222 1518 1336 1554 ideoque
1359 1520 1487 1546 naturam
1511 1521 1585 1555 ejus,
1606 1522 1859 1554 temperamentum-

1038 1570 1089 1598 qae
1101 1563 1175 1597 novi,
1189 1563 1345 1598 praesertim
1364 1571 1425 1590 cum
1449 1563 1498 1591 diu
1523 1572 1584 1591 cum
1609 1572 1641 1591 eo
1667 1566 1788 1592 venatus
1800 1565 1859 1599 fue-

1037 1608 1104 1640 rim,
1120 1615 1169 1643 pro
1196 1616 1239 1641 ea,
1254 1615 1317 1643 quae
1343 1607 1415 1635 mihi
1429 1612 1468 1635 est
1487 1609 1614 1644 scientia,
1634 1609 1668 1637 de
1691 1609 1740 1636 hoc
1760 1609 1856 1643 morbo,

1036 1656 1067 1679 ut
1090 1653 1149 1687 ejus
1175 1652 1300 1680 obediam
1324 1652 1462 1688 mandato,
1493 1655 1613 1681 tractare
1642 1654 1755 1689 incipio.
1771 1655 1811 1687 Et,
1833 1653 1855 1680 si

1036 1705 1082 1724 res
1098 1696 1126 1723 in
1144 1704 1177 1724 co
1202 1699 1402 1732 pertractatas,
1421 1697 1530 1724 nodum
1547 1700 1575 1725 et
1598 1698 1721 1725 formam
1746 1697 1853 1725 dicendi

1035 1741 1216 1774 consideras,
1233 1740 1347 1777 aliaque
1363 1749 1370 1768 :
1387 1750 1403 1769 δ.
1418 1741 1534 1769 dicendi
1550 1742 1756 1778 tractandique
1772 1741 1854 1770 ratio-

1035 1794 1071 1813 ne
1085 1785 1232 1813 Pselliana
1249 1785 1334 1822 longe
1350 1786 1467 1814 absunt.
1480 1787 1542 1813 Vidi
1559 1789 1662 1822 postea
1676 1787 1785 1814 editum
1802 1787 1854 1813 La-

1033 1829 1094 1857 tine
1118 1830 1173 1858 sub
1198 1830 1317 1858 nomine
1334 1830 1437 1858 Incerti
1453 1831 1489 1858 ab
1504 1831 1630 1860 Henrico
1654 1831 1798 1866 Stephano
1813 1832 1853 1866 (t),

1034 1874 1112 1902 inter
1126 1877 1258 1902 auctores
1280 1874 1419 1908 medicos,
1435 1878 1505 1903 tom.
1521 1875 1557 1910 Π,
1573 1883 1609 1903 ex
1624 1875 1756 1903 versione
1773 1874 1854 1902 Marci

1034 1918 1146 1946 Musuri
1163 1919 1198 1946 ad
1214 1921 1332 1947 Scaram
1346 1919 1533 1953 Trivultium,
1544 1920 1629 1955 cujus
1645 1920 1680 1948 de
1696 1927 1729 1948 eo
1745 1919 1797 1947 hcc
1811 1921 1853 1947 est

1029 1963 1175 1998 judicium
1192 1973 1197 1991 :
1216 1963 1290 1998 Quod
1311 1965 1382 1992 sicut
1396 1966 1499 1997 auctor,
1513 1964 1636 2000 quisquis
1660 1964 1716 1992 haec
1729 1963 1849 1995 ediderit,

1033 2009 1126 2042 infans
1141 2013 1166 2036 et
1185 2009 1304 2043 elinguis
1327 2012 1396 2043 erat,
1410 2013 1440 2036 ut
1464 2009 1513 2044 qui
1534 2010 1662 2043 nesciret,
1679 2009 1705 2035 si
1728 2007 1790 2044 quid
1813 2006 1851 2035 vel

1032 2054 1093 2080 arte
1107 2052 1255 2086 didicisset,
1273 2053 1314 2080 vel
1335 2061 1387 2080 usu
1410 2058 1577 2089 compertum
1599 2053 1748 2087 habuisset,
1764 2051 1850 2088 expri-

1031 2105 1115 2132 mere,
1132 2099 1186 2126 etc.
1209 2097 1241 2124 Et
1268 2099 1335 2125 ante
1360 2097 1472 2133 aliquot
1496 2106 1600 2131 annos,
1626 2097 1724 2125 Graece
1747 2097 1849 2124 editum

1032 2141 1151 2169 Parisiis
1174 2142 1203 2169 in
1219 2142 1341 2176 8,1558.
1367 2142 1450 2177 Apud
1476 2141 1667 2169 Guilielmum
1693 2140 1849 2172 Moralium,

1032 2186 1166 2214 Demetrio
1191 2188 1381 2222 Pepagomena
1402 2186 1600 2220 vindicatum;
1618 2188 1647 2214 et
1661 2186 1719 2222 [35]
1734 2185 1847 2213 seorsim

153 2213 437 2266 E?“E“E_meii0reﬁ,
452 2227 508 2246 ηοη
521 2220 679 2249 deteriores
694 2224 814 2253 evadere
825 2234 976 2255 conamur.
992 2234 1016 2266 ι)
1032 2231 1134 2258 Latine
1145 2238 1179 2258 ex
1194 2213 1434 2266 interpretatione
1445 2230 1609 2258 doctissimi
1622 2230 1773 2265 cujusdam
1789 2228 1848 2262 viri,

152 2258 187 2284 Et
204 2258 330 2310 _Plsellus
359 2261 506 2310 Siethianis
535 2263 605 2299 illis,
633 2266 723 2294 veluti
751 2269 848 2298 aliena
876 2271 976 2307 pluma
992 2258 1015 2266 υ
1031 2282 1118 2310 quem
1134 2275 1197 2310 ipse
1212 2258 1511 2303 non-nominat.Cum
1523 2283 1590 2302 vero
1605 2275 1635 2302 in
1652 2258 1753 2302 multis
1764 2258 1848 2301 Psello

151 2302 290 2336 amictus,
305 2306 518 2335 candidissima
533 2317 587 2336 sua
601 2310 798 2347 deturpasset.
813 2302 932 2344 Viderat
946 2317 975 2345 id

150 2353 269 2382 quoque
285 2348 440 2385 Gyraldus,
456 2351 640 2389 epistolaque
656 2359 871 2394 nuncupatoria
885 2362 977 2389 omni-

1031 2319 1190 2353 tribuatur,
1206 2318 1274 2346 licet
1290 2318 1370 2346 illius
1387 2327 1445 2346 non
1460 2319 1509 2354 sit,
1525 2319 1603 2348 inter
1617 2319 1675 2347 alia
1691 2317 1776 2346 Pselli
1791 2324 1847 2345 mo-

1031 2364 1174 2391 numenta
1188 2363 1267 2391 edita
1281 2363 1378 2391 locum
1394 2363 1510 2391 habeat.

946 2434 1062 2462 NOTAE.

186 2481 271 2531 (39-131
278 2490 343 2531 "uis.
353 2484 489 2531 ‘gaiaireo
512 2486 661 2531 Michaelis
679 2491 762 2531 Psalli
788 2502 851 2531 esse
877 2496 975 2531 perhi-

152 2516 261 2568 b’efur‘:
278 2519 331 2544 Τοῦ
353 2518 465 2568 Waller:
487 2522 583 2566 χορίου

152 2556 197 2595 xui
217 2556 387 2604 ῧίκουμξνικ
401 2558 437 2582 ὧν
454 2556 526 2585 ἱπτᾶ
549 2556 670 2588 συνόδωῖ
691 2556 759 2599 ’ἱερὰς
776 2556 976 2604 ’τὸοηβάδιῇά

153 2596 200 2604 μη,
248 2598 386 2604 ....-......__.

153 2586 200 2629 τὸν
213 2586 398 2629 ὶΜονομάχοντ

185 2623 363 2667 (ᾐὲἰιῃοοῄξὶ
389 2626 461 2667 huic
486 2629 625 2667 vindicat,
649 2636 678 2661 et
700 2643 734 2663 ex
759 2637 875 2666 duobus
900 2647 973 2667 mss.

151 2657 215 2703 dati.
231 2659 358 2703 Mentelii
388 2657 692 2703 integrioremwh'uj'us
701 2657 796 2700 "iin
801 2657 973 2702 "$130?ng

150 2700 383 2746 gguinvefgippeo
391 2700 783 2746 et'notis‘de‘ditlllartinus
797 2700 972 2746 aliialii];

151 2728 244 2781 ξοςίἓὶ
271 2733 397 2781 135.83.:8';
403 2735 482 2781 ινφ
505 2728 695 2781 animus
703 2728 971 2781 ’ὶὶξέίὲξεῗὶιῖἱέδέξ

148 2772 178 2799 p.
198 2765 259 2794 181.
275 2768 364 2797 Pselii
379 2770 487 2800 librum
509 2765 972 2810 ιιηᾶἐὶιὶᾶιᾝιιῖἔοιῖίῒῖὥὲὶᾜ

1031 2497 1237 2534 ιηεεκςοάῑοθεν
1258 2497 1401 2526 recensito
1416 2498 1500 2526 edere
1522 2498 1613 2526 voluit
1626 2497 1764 2534 Georgius
1785 2496 1846 2524 Hie-

1030 2541 1092 2560 ron.
1110 2533 1288 2561 Welschius.
1304 2534 1377 2561 Vide
1392 2535 1456 2568 ejus
1472 2534 1623 2569 epistolam
1643 2534 1688 2561 1X.

1065 2569 1100 2604 (δ)
1114 2569 1161 2596 Sic
1188 2570 1276 2598 etiam
1303 2570 1392 2597 codex
1407 2567 1565 2597 Cresa—reus
1589 2571 1625 2597 de
1648 2567 1846 2605 quodamm-

1030 2602 1096 2645 cius'
1109 2605 1154 2640 Vl,
1218 2606 1279 2632 161.
1296 2606 1376 2633 Idem
1402 2609 1544 2633 memorat
1560 2605 1644 2633 Pselli
1658 2602 1723 2645 ’περξ
1748 2602 1846 2644 διαίτης

1030 2641 1064 2666 ad
1083 2649 1154 2668 lmn.
1193 2641 1395 2668 onstantinum
1412 2641 1649 2668 Monomachum.
1666 2642 1768 2668 Incipit
1780 2647 1786 2666 :
1799 2640 1844 2663 Καί

1030 2641 1154 2679 ad_imp.
1171 2640 1395 2679 Constantipum
1412 2641 1649 2679 Monomachum.
1666 2640 1786 2679 Incipit:
1799 2640 1844 2679 Κειὶ

1029 2673 1134 2713 τοῦτοξ
1146 2679 1195 2710 τῆς
1211 2711 1215 2713 ἢ
1234 2678 1284 2713 σῆς
1323 2673 1401 2713 ἔργον
1419 2677 1560 2713 ’προνοίας
1588 2676 1632 2704 καὶ
1663 2673 1844 2713 μεγᾳλοφυοῦς

1030 2710 1155 2750 inmotae
1173 2711 1218 2739 καὶ
1248 2710 1508 2750 φξλαγὸρωπόῄτος
1530 2710 1843 2750 νέπίταγμὰίΚωνσταν-

1029 2749 1086 2774 τῖνε
1101 2747 1220 2786 θειότ-ατε
1231 2747 1276 2775 xui
1293 2747 1401 2786 μὲγίσςτς
1416 2747 1595 2786 οιύτονιροὶτιψ⁸
1610 2747 1636 2776 τί.
1648 2758 1673 2777 τ.
1690 2747 1718 2775 λ.

1065 2785 1099 2819 (ι)
1113 2784 1204 2820 Paris,
1220 2787 1252 2812 Α.
1270 2783 1350 2820 1567,
1365 2783 1415 2813 tot.
