1937 3050
43 104 96 134 509

666 100 854 131 DIATﬂlBA
875 101 926 131 DE
950 100 1119 132 PSELLlS.

1688 103 1749 133 510

74 169 146 198 LIII.
173 171 209 196 Et
228 169 287 197 haec
313 169 398 197 Pselli
423 177 511 205 opera
533 168 572 205 (τι)
596 168 675 196 edita
703 170 773 196 sunt
800 175 864 203 quae
879 169 905 201 Α
959 167 1013 196 LV.
1032 168 1200 202 Quaestione:
1215 167 1377 202 theologica
1387 176 1450 196 cum
1465 169 1748 204 responsionibus,ad

43 214 110 243 mihi
126 215 225 242 videro
250 215 382 250 contigit.
401 217 443 242 An
470 213 527 241 alia
553 213 622 241 item
653 213 712 240 sint
736 213 867 240 nondum

45 259 116 287 novi.
135 258 212 286 Illud
228 259 315 292 scias,
333 259 434 294 lector,
451 258 523 285 alias
546 257 614 285 item
632 265 696 285 esse
711 256 869 284 nonnullo-

43 312 103 333 rum
118 312 152 331 ex
174 303 256 331 hisce
280 303 420 339 operibus
436 303 590 335 editiones,
607 311 681 338 quas
707 302 802 329 libens
819 310 867 329 vo-

44 349 162 384 lensque
177 348 275 376 omisi.
293 348 370 376 Satis
394 349 431 375 sit
456 348 669 384 praecipuarum
695 347 867 374 commemi-

45 395 128 421 nisse.
145 392 265 420 Utinam
291 395 319 420 et
343 393 412 427 alia,
435 400 499 428 quas
521 393 584 428 jam
609 391 710 424 latent,
735 392 867 419 eamdem

45 446 106 466 cum
121 437 188 465 istis
205 437 352 465 fortunam
369 436 584 473 experirentur!
598 437 652 464 Sed
668 436 786 472 quando
802 443 867 471 pes-

45 483 180 510 simorum
211 481 365 509 hominum
395 481 526 516 nequitia
555 480 583 508 id
614 480 675 508 fieri
703 480 816 516 nequit,
831 487 866 506 en

43 527 203 562 aliquorum
235 526 331 554 adhuc
355 526 532 553 ineditorum
559 524 724 561 catalogum
751 524 798 552 hic
822 526 865 551 at-

43 575 143 605 texam,
169 579 298 606 quorum
328 570 399 597 mihi
426 570 568 598 memoria
592 569 734 605 suppetit,
757 570 786 596 et
809 576 866 603 quo

45 616 179 643 dicuntur
203 623 269 643 esse
293 615 321 642 in
350 614 413 642 loco
438 614 579 650 aperiam,
595 617 638 647 ut,
656 614 680 641 si
704 614 789 641 detur
811 612 865 640 ali-

45 661 155 696 quando
172 659 309 694 facultas,
321 659 374 687 tibi
391 659 487 695 possis
504 661 600 686 tantos
615 658 768 686 thesauros
784 666 862 685 com~

46 713 150 741 parare.
166 705 367 740 Laudaboque
381 706 526 738 auctores,
543 705 575 730 ut
589 704 667 730 unde
683 703 711 730 id
727 703 863 734 habeam,

46 750 93 777 tibi
108 751 291 785 compertum
308 748 356 781 sit,
368 751 396 776 et
411 748 435 775 si
448 756 513 783 qua:
524 749 606 775 fraus
618 747 863 783 deprehendetur,

46 795 146 821 habeas
162 797 192 821 tu
203 793 305 826 etiam,
316 792 345 820 in
362 801 436 828 quas
447 792 557 820 crimen
575 792 694 819 referas.
706 791 745 819 De
757 791 864 827 quibus

924 212 1095 240 Michaelem
1125 212 1247 245 Ducam,
1274 213 1382 247 quibus
1412 215 1441 240 et
1470 213 1505 240 ad
1537 213 1747 249 physiologiam

924 257 1101 292 pertinentia
1116 257 1313 289 continentur,
1331 256 1393 291 (01.,
1410 257 1438 284 in
1456 257 1634 285 bibliotheca
1648 258 1749 293 Augu-

924 304 1020 334 stana,
1036 302 1064 329 in
1081 301 1208 329 armario
1224 302 1271 329 Vl.
1289 302 1377 329 Index
1392 302 1584 336 Augustanus
1601 311 1657 330 ms'
1673 302 1751 330 infra.

924 347 1011 374 etiam
1028 346 1105 374 idem
1122 346 1207 374 index
1224 346 1284 374 hmo
1305 346 1393 374 habet
1409 355 1416 374 :
1433 347 1520 374 Psclli
1534 347 1569 375 ad
1585 348 1750 375 Michaelem

924 391 1100 420 Commean
1115 393 1192 420 varia
1216 393 1306 427 capita
1322 391 1472 428 theologica
1487 401 1497 420 :
1514 391 1578 428 Περὶ
1603 390 1749 418 {avia-noctui-

922 444 982 471 του,
998 439 1032 464 de
1046 438 1151 470 anima,
1167 440 1200 464 de
1215 437 1378 470 virtutibus,
1390 441 1415 464 et
1428 437 1544 472 physica
1559 437 1594 464 de
1607 437 1750 470 sensibus;

923 481 955 509 de
977 481 1172 509 similitudine.
1197 486 1223 509 et
1245 481 1479 509 dissimilitudine
1509 481 1662 509 liberorum
1685 490 1748 509 cum

919 526 1100 561 parentibus;
1122 526 1155 553 de
1180 527 1342 562 embryone;
1365 526 1398 553 de
1425 527 1554 557 somniis;
1579 526 1611 554 tle
1636 526 1748 554 circulis

921 569 1093 601 coelestibus;
1106 571 1140 598 de
1154 572 1298 602 meteoris;
1313 570 1345 598 de
1360 571 1436 599 [unm
1451 571 1564 605 eclipsi:
1579 571 1612 598 de
1624 571 1689 598 solis
1700 579 1749 598 ca-

922 615 997 646 lore;
1012 615 1044 642 de
1064 615 1165 648 stellis;
1182 615 1215 642 de
1229 615 1383 645 Dioscuris;
1407 615 1439 643 de
1465 617 1571 650 pluvia,
1596 616 1746 651 grandine,

920 660 992 692 nive,
1016 660 1130 695 pruina,
1155 667 1232 692 rore;
1248 660 1282 686 de
1305 659 1434 695 typhone,
1451 662 1478 687 et
1502 660 1634 694 ecnephia
1648 659 1747 694 ventis,

918 704 952 731 de
965 703 1104 739 fulmine;
1118 704 1150 731 de
1163 703 1287 738 partibus
1310 703 1423 734 mundi;
1448 703 1480 731 de
1503 706 1586 732 terra?
1609 704 1746 734 motibus;

919 748 952 776 de
966 748 1185 784 tempestatibus;
1202 749 1236 776 de
1260 748 1398 776 salsedine
1419 749 1524 779 maris;
1538 748 1571 776 de
1593 748 1748 781 imbribus;

920 793 954 820 de
975 793 1153 828 ﬂuminibus;
1171 793 1203 820 de
1228 793 1373 820 stellarum
1397 793 1472 827 luce;
1496 793 1566 829 quid
1589 793 1748 827 necessitas,

45 841 169 866 exactum
202 837 258 866 tibi
284 837 444 872 judicium,
469 839 638 872 certamque
669 837 864 864 narrationem
881 838 1091 879 Beontingens,
1122 842 1237 872 tempus,
1269 839 1406 871 materia,
1433 839 1536 873 forma,
1562 837 1749 865 elementum?

47 891 98 910 non
113 882 265 918 promitto,
281 890 347 909 cum
368 890 402 909 ea
424 889 481 917 prae
498 881 636 909 manibus
664 889 721 908 non
747 880 864 908 l'ucrint.

46 926 111 953 lllud
126 928 240 953 certum
258 928 311 958 est,
329 933 363 952 ex
383 925 429 952 his
457 924 599 953 nonnulla
624 933 689 952 esse
715 924 771 959 bis,
786 927 867 952 terve

46 970 169 1005 repetita,
186 970 322 1005 quaedam
340 969 429 997 etiam
452 969 528 1006 typis
546 977 662 997 excusa.
680 969 752 1002 Quia
768 972 866 996 tamen

45 1023 73 1042 ex
87 1014 146 1042 sola
162 1014 243 1042 tituli
262 1014 378 1048 notitia,
394 1022 487 1049 eaque
507 1014 598 1047 varia,
615 1015 651 1041 de
666 1016 725 1041 toto
741 1016 867 1041 tractatu

46 1067 98 1087 non
118 1067 279 1095 possumus
304 1059 479 1086 sententiam
498 1059 580 1092 l'crre,
598 1061 626 1086 et
649 1066 741 1085 unum
758 1058 794 1085 ab
811 1058 867 1085 alio

47 1103 230 1139 distinguere,
242 1103 493 1139 quemadmodum
510 1102 540 1130 in
557 1102 624 1130 aliis
636 1102 868 1137 invenimus,ita

49 1147 95 1176 tibi
109 1148 224 1183 damus,
242 1156 305 1184 quin
329 1149 406 1176 certo
423 1147 501 1175 edita
521 1150 590 1175 sunt
604 1146 724 1175 omnino
749 1149 868 1182 practer-

52 1196 157 1225 euntes,
173 1192 212 1220 sit
227 1200 297 1228 ergo
314 1201 321 1219 :

83 1237 147 1265 LIV.
170 1236 259 1265 Pselli
290 1236 363 1265 liber
387 1238 488 1264 Contra
515 1237 692 1269 Eunomium,
717 1238 814 1263 Romae
838 1235 868 1262 in

53 1282 184 1309 Vaticana
199 1283 336 1309 servatur
353 1290 359 1308 :
377 1281 525 1309 Gesnerus
549 1281 578 1308 in
603 1280 793 1314 Bibliotheca,
810 1279 869 1308 Gil-

54 1326 145 1353 bertus
161 1326 340 1353 Gaulminus
360 1325 438 1352 notis
460 1325 489 1352 in
505 1326 641 1353 eumdem
657 1324 723 1361 Περὶ
738 1323 871 1361 ἐνεργείας

55 1370 197 1405 Δαιμόνων,
214 1373 245 1397 et
270 1370 442 1397 Franciscus
467 1370 678 1397 Feuardentius
703 1369 872 1405 praefatione

56 1415 81 1442 iu
98 1415 167 1442 Petri
188 1414 300 1442 Morelli
328 1415 599 1451 interpretationem
625 1415 757 1450 ejusdem
781 1413 872 1441 libelli

59 1463 93 1487 De
108 1459 285 1488 daemonibus.

85 1505 185 1532 Scholia
198 1504 321 1539 eiusdem
333 1505 363 1532 in
374 1503 475 1531 dictum
487 1503 623 1539 quoddam
634 1503 745 1538 Basilii,
757 1503 870 1537 Romae;

60 1550 195 1576 Gesnerus
211 1548 334 1576 ibidem.

86 1593 202 1629 Epitome
227 1593 365 1620 librorum
390 1593 488 1628 Moysis
504 1593 533 1620 in
549 1593 565 1619 4
579 1594 631 1620 Ms.
648 1592 677 1620 in
694 1592 874 1620 bibliotheca

59 1638 235 1673 imperatoris
253 1638 366 1665 Vienna:
384 1646 390 1666 :
407 1638 563 1665 Gesnerus.

89 1683 205 1718 Dioptra,
227 1682 257 1710 id
283 1684 328 1710 est
354 1682 548 1718 Perspectiva,
573 1681 726 1710 continens
750 1684 876 1718 quatuor

60 1735 199 1755 sermones
216 1727 248 1754 in
260 1726 368 1762 quibus
384 1727 501 1754 animus
512 1729 540 1754 et
554 1735 660 1762 corpus
671 1727 832 1762 disputant,
844 1726 873 1754 in

59 1771 226 1799 bibliotheca
258 1773 429 1805 Augustana
457 1779 463 1798 :
490 1771 636 1799 Gesnerus
658 1771 713 1807 [36]
736 1774 764 1799 et
788 1771 875 1798 index

60 1818 244 1851 Augustanus
263 1825 269 1843 :
286 1817 360 1843 Plut.
376 1817 403 1848 6,
415 1824 497 1843 num.
514 1816 558 1843 12.
577 1817 639 1843 llaec
659 1824 695 1843 an
717 1816 819 1843 eadem
836 1815 876 1842 sit

61 1868 120 1887 cum
136 1860 262 1896 Philippi
282 1860 405 1888 solitarii
431 1861 559 1896 Dioptra,
572 1861 634 1895 jam
660 1860 738 1888 edita
762 1859 874 1894 Latine,

61 1912 111 1931 non
128 1913 246 1940 possum
260 1904 400 1937 divinare,
413 1907 441 1932 et
455 1905 527 1932 forte
544 1904 651 1931 Indicis
667 1905 778 1939 auctor,
790 1903 876 1932 Pselli

60 1949 197 1983 prmiantis
222 1950 259 1984 (υ)
289 1949 407 1977 nomine
439 1949 598 1984 deceptus,
627 1951 720 1976 totum
749 1949 876 1984 Dioptrm

60 2001 135 2028 opus,
157 2003 172 2020 ιι
191 2002 259 2022 vero
285 1993 428 2029 scriptore
452 1993 584 2029 Philippo
611 1993 756 2026 avulsum,
780 1993 875 2021 Psello

60 2037 254 2072 imprudenter
270 2038 359 2065 nimis
374 2038 538 2074 supposuit.
557 2037 682 2074 Philippi
700 2041 796 2065 tamen
813 2046 876 2066 esse

60 2085 182 2117 apparet,
200 2091 266 2110 cum
295 2090 370 2116 eam,
387 2091 421 2110 ex
441 2082 618 2110 bibliotheca
644 2085 813 2118 Augustana
827 2083 877 2110 de-

61 2129 228 2162 promptam,
252 2135 319 2155 cum
343 2127 489 2162 Cabasilu,
505 2126 668 2160 Philotheo,
684 2127 795 2154 Joanne
810 2128 877 2155 Car-

61 2171 161 2206 pathio,
177 2175 205 2200 et
219 2172 307 2208 Glyca
329 2171 462 2199 Latinam
480 2171 643 2207 vulgaverit
661 2171 786 2199 Jacobus
802 2171 878 2199 Pon-

922 882 992 915 Quid
1015 882 1229 917 encyclopedia?
1253 881 1285 909 de
1312 882 1467 909 litterarum
1490 882 1691 915 inventoribus;
1715 881 1748 908 de

920 926 1118 960 Amazonibus;
1133 927 1166 954 de
1176 926 1337 954 nominibus
1351 934 1548 954 mensurarum
1562 939 1568 960 ;
1584 926 1615 954 de
1629 926 1749 954 circula-

921 979 985 998 rum
1001 971 1106 1005 initiis;
1120 978 1184 1006 qua:
1201 971 1320 998 habeant
1339 971 1446 1004 cretum,
1465 979 1552 1004 mare.
1567 972 1623 1002 sol;
1636 971 1669 999 de
1683 975 1748 998 ortu

921 1015 988 1043 solis
1002 1016 1118 1051 triplici,
1134 1015 1221 1051 deque
1235 1017 1298 1050 igne
1311 1016 1418 1043 caelitus
1433 1015 1467 1043 ad
1480 1015 1643 1051 philosophi
1656 1023 1749 1051 preces

922 1060 1049 1096 delapso;
1065 1059 1098 1087 de
1121 1061 1247 1093 Potidca,
1269 1059 1402 1090 Arcadia;
1427 1068 1460 1087 ac
1481 1060 1634 1095 Aristotele,
1651 1059 1749 1087 Clean-

922 1107 977 1139 the,
1000 1105 1182 1138 Anaxagora;
1196 1105 1228 1132 de
1249 1104 1361 1136 Eubsea,
1379 1104 1486 1132 Sicilia.
1504 1103 1652 1132 Gesnerus
1668 1104 1748 1139 item,

923 1149 1044 1184 ejusdem
1058 1149 1091 1176 de
1104 1148 1161 1184 ﬁde
1183 1149 1219 1176 ad
1241 1148 1399 1177 Illicliaelem
1422 1149 1540 1181 Ducam.
1551 1149 1652 1185 juncta
1675 1149 1749 1184 ejus-

924 1195 988 1222 dem
1004 1194 1126 1229 Epitome
1148 1193 1334 1230 philosophiae
1354 1194 1549 1226 Aristotelicas,
1565 1193 1594 1221 id
1617 1195 1656 1221 est
1678 1193 1749 1229 phy-

923 1240 999 1272 sicae,
1023 1238 1056 1266 de
1087 1239 1265 1274 generatione
1292 1240 1318 1266 et
1345 1239 1530 1274 corruptione,
1555 1239 1589 1266 de
1611 1238 1750 1272 meteoris,

924 1291 988 1311 eum
1010 1283 1197 1318 supplemento
1212 1283 1341 1317 Gregorii
1363 1283 1472 1310 Nicieni
1495 1283 1529 1309 ad
1552 1283 1665 1310 Pen-um
1689 1283 1750 1316 fra-

925 1330 995 1355 trem
1012 1328 1041 1354 in
1057 1327 1084 1362 lt,
1099 1335 1150 1354 ms.
1167 1327 1328 1355 bibliotheca
1345 1328 1411 1363 imp.
1431 1328 1550 1355 Viennae.
1567 1327 1648 1354 Idem
1664 1326 1753 1354 habet

926 1372 1015 1400 Israel
1031 1372 1173 1408 Spachius
1192 1372 1221 1400 in
1238 1372 1461 1400 Nomenclatore
1485 1371 1660 1407 scriptorum
1685 1371 1750 1407 phi-

927 1416 1146 1453 losophicorum
1175 1419 1203 1444 et
1232 1416 1485 1453 philologicorum.
1503 1416 1573 1444 Item
1599 1416 1696 1444 Romae
1721 1416 1750 1444 in

928 1461 1104 1489 bibliotheca
1124 1461 1415 1489 Sanoto-Silvestrina
1439 1461 1468 1488 in
1495 1462 1592 1488 monte
1608 1460 1751 1493 Quirinali

928 1508 973 1533 est
987 1506 1118 1541 ejusdem
1140 1505 1186 1533 hic
1209 1505 1283 1533 liber
1308 1514 1362 1533 ms.
1379 1505 1488 1539 Graece,
1505 1513 1592 1541 quem
1609 1513 1662 1540 ego
1677 1503 1751 1538 vidi;

930 1549 1034 1578 titulus
1059 1552 1121 1577 erat
1139 1558 1145 1577 :
1167 1547 1280 1576 Ψελλοῦ
1295 1550 1362 1586 πρὸς
1386 1549 1431 1576 τὸν
1459 1548 1573 1587 βασιλέα
1591 1547 1684 1586 κύριον
1701 1551 1752 1574 Μι-

929 1593 1006 1632 χαήλ
1025 1593 1070 1621 τὸν
1096 1596 1198 1621 Δοῦκαν
1215 1594 1266 1630 (π).
1282 1595 1369 1622 Psclli
1389 1594 1424 1622 ad
1447 1596 1639 1630 imperatorem
1662 1593 1753 1621 domi-

930 1648 996 1667 num
1015 1639 1174 1667 Michaelem
1197 1639 1315 1670 Ducam;
1329 1639 1424 1675 capita
1446 1641 1538 1667 erant.
1555 1638 1587 1666 α’.
1603 1636 1754 1674 Ὁμολογία

928 1686 979 1717 τῆς
1008 1682 1133 1714 πίστεως.
1166 1683 1199 1720 β’.
1227 1682 1292 1720 Περὶ
1323 1682 1464 1718 ὀνομάτων
1493 1684 1574 1710 τινῶν
1597 1681 1752 1719 λεγομὲνων

929 1724 955 1751 ἐν
983 1726 1024 1760 τῷ
1048 1727 1102 1752 τῶν
1132 1725 1300 1762 Χριστιανῶν
1325 1723 1451 1761 δόγματι.
1467 1727 1500 1762 γ’.
1517 1723 1580 1761 Περί
1607 1723 1752 1750 Evomeret-

928 1780 993 1797 των.
1023 1767 1056 1797 δ.
1080 1768 1144 1807 Περὶ
1173 1769 1351 1805 Ὀμοουσίου.
1380 1769 1411 1797 ε’,
1436 1769 1502 1805 Περὶ
1524 1763 1750 1803 Ὅμοϋποστάτου

930 1814 959 1845 ς’.
985 1813 1050 1851 Περὶ
1073 1812 1221 1844 οὐσιώδους
1246 1813 1377 1846 ἕνώσεως,
1404 1812 1449 1840 καὶ
1475 1811 1615 1851 διαφορᾶς.
1633 1812 1664 1845 ζ’.
1687 1810 1755 1848 Περῖ

931 1858 1112 1892 {inccta-riui:
1137 1858 1268 1892 ἒνώσεως,
1297 1857 1341 1884 καὶ
1368 1856 1509 1895 διαφορᾶς.
1535 1857 1570 1891 η’.
1594 1855 1660 1893 Περὶ
1689 1865 1756 1893 σχε-

928 1906 1007 1937 τικῆς
1024 1902 1156 1934 ὲνώσεως.
1174 1903 1205 1934 θ’.
1224 1902 1287 1939 Περὶ
1314 1905 1363 1936 τῆς
1388 1901 1466 1939 ἁγίας
1490 1899 1615 1937 Τριάδος.
1643 1900 1657 1926 ι’
1689 1899 1757 1936 Περὶ

931 1948 987 1984 [37]
1011 1947 1115 1984 τρόπου
1143 1948 1192 1981 τῆς
1221 1945 1393 1977 ἀντιδόσεως.
1425 1950 1467 1974 ια’.
1499 1946 1563 1983 Περὶ
1591 1944 1662 1977 θείας
1688 1944 1757 1971 ἰνώ-

930 2002 998 2023 σεως
1017 1992 1062 2025 ιβ’.
1084 1991 1149 2028 Περὶ
1173 1991 1287 2030 φύσεως,
1307 1993 1317 2019 1
1347 1992 1486 2026 Pro/cssio
1510 1991 1583 2026 ﬁdei.
1600 1991 1629 2018 2.
1646 1990 1682 2018 De
1697 1989 1759 2025 qui-

931 2037 1045 2064 busdam
1059 2037 1222 2065 nominibus
1237 2037 1268 2064 in
1281 2036 1506 2065 Christianorum
1532 2036 1660 2070 dogmate
1674 2042 1758 2061 usur-

929 2082 1011 2117 patis.
1041 2081 1068 2108 3.
1098 2081 1134 2109 De
1161 2083 1198 2116 (y)
1227 2081 1444 2117 enyposiasibus.
1475 2081 1500 2107 4.
1531 2080 1569 2107 De
1601 2079 1755 2107 Homousio.

930 2127 958 2153 5.
975 2127 1011 2154 De
1039 2126 1278 2162 Homohypostato.
1303 2126 1331 2154 6.
1359 2128 1396 2153 De
1423 2125 1566 2153 essentialt
1593 2125 1704 2156 unione,
1730 2124 1758 2150 et

932 2170 1099 2206 differentia.
1116 2171 1143 2198 7.
1160 2171 1197 2198 De
1221 2170 1395 2206 hypastatica
1418 2171 1531 2202 unione,
1547 2173 1574 2198 et
1588 2168 1756 2204 diﬂerentia.

61 2217 140 2243 tanus
164 2215 349 2252 Ingolstadii,
365 2224 399 2244 ex
414 2215 605 2252 typograpbis
621 2215 723 2243 Adami
747 2215 878 2252 Sertorii,
895 2213 918 2246 D
933 2216 960 2252 8,.
979 2217 1020 2243 De
1039 2215 1157 2243 relativo
1180 2216 1292 2243 unione.
1307 2215 1334 2242 9.
1352 2215 1389 2242 De
1412 2218 1509 2242 sancta
1535 2213 1642 2241 Triade.
1661 2213 1702 2239 10.
1719 2212 1759 2238 De

61 2260 132 2294 1604,
148 2260 176 2288 in
190 2261 215 2288 4.

929 2260 1006 2288 modo
1023 2260 1060 2296 (κ)
1076 2259 1281 2288 retributionis.
1301 2260 1344 2287 11.
1360 2259 1397 2287 De
1419 2259 1513 2286 divina
1535 2258 1649 2292 unione,
1666 2257 1707 2283 12.
1723 2256 1761 2284 De

846 2323 963 2352 NOTIE.

93 2371 125 2403 (at
139 2372 217 2399 Adde
242 2371 289 2400 his
310 2372 346 2399 ab
369 2371 474 2399 Allatio
491 2372 643 2400 recensitis
660 2373 685 2400 1.
702 2370 819 2403 Σύνοῴιν
839 2371 878 2403 είς

60 2406 323 2445 inritatam-sortitos:
349 2408 471 2445 Λογικήν
488 2416 578 2443 quam
603 2408 751 2445 Graecast
777 2406 879 2436 Latine

61 2442 156 2486 edidit
170 2444 246 2486 Elius
266 2442 446 2486 ‘Ehingerus
458 2442 596 2486 Augustae
620 2444 736 2471 Vindel.
754 2444 834 2479 1597,
850 2446 877 2486 β,

62 2479 209 2516 observans
226 2479 300 2507 Petri
325 2479 447 2515 Hispani
466 2479 658 2514 summulam,
675 2487 781 2516 magna
798 2482 878 2516 parte

63 2521 93 2553 ex
106 2514 156 2542 hoc
173 2516 256 2553 Pselli
276 2514 417 2553 opusculo
442 2516 562 2553 petitam
588 2523 662 2543 esse.
678 2514 877 2551 2.)]10vip8lav

62 2551 88 2575 in
103 2552 241 2586 templum
265 2552 378 2587 Sophiaa
394 2551 473 2586 Cpol.
491 2555 573 2578 term
600 2554 680 2578 motu
695 2557 876 2587 quassatam,

62 2593 141 2619 quam
157 2587 247 2614 edidit
266 2588 390 2615 Allatius
411 2587 489 2614 notis
504 2587 539 2614 ad
556 2586 713 2622 Georgium
729 2587 878 2623 Acropoli-

62 2623 127 2658 tam,
144 2630 169 2656 p.
195 2623 244 2650 281
272 2631 333 2658 seq.
350 2624 389 2657 3.)
406 2623 493 2650 Breve
518 2631 634 2650 carmen
660 2623 817 2650 iambicum
847 2624 877 2650 in

65 2655 265 2694 depos’itionem
280 2655 325 2686 ,Ιοῖ
337 2657 549 2694 Chrysostomi,
561 2658 712 2694 vulgatum
729 2659 826 2686 Grmce
842 2659 878 2686 ab

67 2665 265 2718 neposuionem
280 2665 325 2686 J0.
337 2665 394 2686 unr
415 2665 549 2690 sostomi,
561 2665 712 2694 vulgatum
729 2665 826 2686 Urmce
842 2665 878 2686 ab

67 2691 93 2730 Al
106 2693 159 2720 atio
179 2693 208 2721 in
232 2695 375 2730 excerptis
389 2667 514 2722 (ἕτερον.
531 2694 730 2730 sophistarum
755 2702 789 2721 ac
813 2695 878 2722 rhe-

65 2729 165 2767 torum,
190 2738 220 2767 p.
243 2729 656 2767 400.’Rom.1648,8.rldem
683 2739 717 2758 ex
742 2729 878 2767 Oratione

65 2764 167 2792 inedita
188 2765 222 2793 ad
242 2765 470 2795 Constantinum
492 2765 716 2794 Monomachum
741 2766 878 2802 producit

935 2371 1087 2406 nonnulla,
1104 2380 1132 2408 p.
1152 2372 1212 2406 102,
1231 2372 1268 2400 De
1291 2371 1476 2399 recentiorum
1503 2372 1664 2398 Graecarum
1691 2370 1759 2396 tem-

953 2409 998 2436 lis.

1023 2443 1117 2470 Etiam
1141 2443 1197 2471 hoc
1221 2443 1320 2478 ipsum
1339 2451 1373 2470 ex
1396 2443 1562 2485 temporum
1591 2439 1756 2485 rati‘on‘enin

934 2475 1056 2506 dubium
1073 2485 1166 2512 vocat,
1183 2475 1277 2514 neque
1292 2475 1468 2514 persuadere
1479 2477 1538 2514 sibi
1552 2477 1657 2514 potest
1680 2475 1757 2514 Alta:

934 2516 1003 2551 tius,
1031 2514 1119 2551 Mich.
1146 2511 1272 2542 Pscllum
1293 2511 1330 2542 'in
1358 2513 1484 2551 Philippi
1510 2511 1759 2551 qui‘_1_t._C._t105

934 2548 1051 2586 scripsit
1082 2550 1230 2585 Dioptram
1261 2551 1415 2586 prafatum
1438 2548 1546 2576 tuisse.
1572 2548 1645 2575 Vide
1669 2548 1757 2580 intra,

934 2595 997 2621 cap.
1015 2586 1196 2621 antepenuit.

993 2608 997 2612 .
1015 2596 1081 2613 ante
1105 2596 1138 2613 ΕΠ
1182 2596 1196 2613 ⁷.

969 2596 1009 2657 δε)
1025 2596 1242 2657 Ηοορεοῐῗὲἷυῐη
1259 2621 1350 2649 habes
1364 2620 1442 2648 intra
1456 2619 1491 2648 ad
1508 2619 1616 2647 calcem
1633 2626 1745 2654 presen

933 2658 972 2685 tis
988 2657 1129 2685 diatribaa.

968 2694 1008 2731 (ῃ)
1022 2693 1100 2731 Lege
1116 2701 1123 2720 :
1138 2692 1317 2731 enypostatis.
1349 2728 1355 2731 _
1455 2727 1462 2731 _
1638 2725 1643 2731 .
1681 2725 1697 2731 Α,
1738 2725 1744 2731 1

968 2725 1007 2763 (Ξ)
1022 2725 1200 2756 Vertenduiri
1230 2730 1315 2756 erat:
1338 2728 1371 2756 de
1398 2727 1478 2756 modo
1503 2725 1757 2754 communicationis

932 2765 1105 2793 idiamatum.
