1937 3050
157 87 214 117 5H

849 87 989 119 LEONIS
1012 88 1034 118 Α
1042 87 1169 118 LLATII

1805 83 1868 112 512

158 158 270 182 natura.
287 155 354 187 Quae
369 153 469 182 omnia
487 162 524 182 an
541 163 634 183 unum
651 163 724 190 opus
739 155 809 190 sint,
825 155 870 183 vel
888 155 984 182 diver-
999 155 1027 188 Α
1078 154 1217 190 Expositio
1247 154 1276 181 in
1306 152 1490 189 Melaphysica
1518 150 1684 183 Aristotelis,
1709 149 1739 178 in
1770 149 1869 181 Italia,

159 207 203 234 sa,
224 198 414 235 judicabant,
438 199 488 234 qui
515 199 620 235 legent.
647 200 706 236 Ego
731 200 865 228 existimo
890 207 983 227 unum

159 252 234 278 esse,
249 246 376 272 attamen
394 243 423 271 in
435 252 493 272 uno
504 244 602 272 codice
613 245 814 273 abundantius
824 243 982 278 contineri;

160 296 194 316 ex
209 288 347 316 omnibus
362 290 460 316 tamen
479 298 571 317 unum
595 298 680 325 posse
700 290 803 318 conﬁci
822 290 983 324 perlectum

160 335 189 361 et
199 333 336 361 omnibus
350 334 484 368 partibus
496 333 676 361 absolutum.
689 334 757 366 Qua:
770 334 916 370 provincia
927 341 984 360 non

161 380 239 406 esset
253 377 372 406 omnino
388 378 511 406 eruditis
527 378 598 406 viris
619 379 844 406 contemnenda.
860 377 985 406 Consule

161 422 261 456 etiam,
273 431 338 458 qua
360 431 414 450 nos
428 423 462 450 de
479 422 533 450 hoc
555 423 758 459 eodcmiopere
774 423 895 450 inferius
907 422 984 449 dice-

162 475 247 494 mus:
260 466 353 494 obiter
369 469 466 495 tamen
488 467 535 495 hic
551 467 782 495 animadvertam
802 466 922 495 titulum
938 474 985 494 se—

161 511 250 539 cundi
265 511 428 547 Augustani
445 520 501 539 non
518 520 617 539 carere
632 514 701 540 nota
715 511 919 547 falsitatis,qui
932 519 985 538 no-

161 556 207 584 bis
234 564 285 591 pro
314 556 453 584 Michaele
482 556 572 590 Duce,
596 556 766 585 Michaelem
794 558 985 584 Commenum

161 600 303 633 obtrudit,
315 601 400 636 cujus
416 602 588 629 auctoritate
603 602 743 638 deceptus
758 601 941 637 chgelinus
957 601 985 628 in

161 653 215 673 sua
230 645 356 673 editione
371 645 502 679 retinuit,
515 648 544 673 et
559 646 588 673 in
605 646 692 680 notis,
705 646 888 674 Constantini
903 645 987 672 Ducas

164 689 258 717 lilium
275 689 444 718 Michaelem
459 690 534 718 inter
544 693 720 724 Comnenos,
730 691 804 719 mira
813 688 989 726 ἀνιστορησίᾳ

162 734 250 762 refert
264 743 330 762 cum
346 735 466 762 omnino
481 737 560 763 esset
575 736 788 770 immutandus,
803 734 990 763 reclamanti-

161 779 218 806 bus
237 779 349 806 caeteris
365 779 526 812 codicibus,
545 779 595 815 qui
609 788 713 807 omnes
729 788 788 807 uno
803 787 852 807 ore
866 779 991 806 Michae.

161 822 218 850 lem
235 823 346 851 Ducam
368 826 546 859 proponunt,
564 824 611 851 cui
626 824 722 859 capita
735 823 786 851 illa
798 824 988 860 nuncupavit.

160 867 355 903 Marquardus
370 867 512 895 Freherus
524 868 551 894 in
565 868 747 902 Chronologia
758 869 871 897 imverii
881 869 987 895 utrius-

161 919 213 947 que
228 921 237 939 :
255 912 302 940 Ad
321 912 480 940 Michaelem
498 915 602 940 Ducam
616 913 727 949 scripsit
741 912 858 940 Michael
880 913 989 940 Pseltus

160 964 192 984 ea
207 958 289 984 cstate
301 957 330 984 in
345 957 412 992 jure
437 961 463 984 ct
488 958 661 994 philosophia
684 958 880 985 scientissimus
896 962 922 984 et
937 967 987 983 πο-

162 998 386 1038 λυγρπφώτατος,
412 1003 560 1038 Synopsim
586 1003 676 1038 legum
699 1003 825 1030 versibus
847 1002 988 1038 puliticis;

160 1047 252 1073 exstat
274 1053 327 1073 ms.
348 1046 377 1073 in
404 1046 570 1074 bibliotheca
593 1047 723 1075 Palatina
748 1049 774 1075 el
798 1047 988 1074 Constantino-

160 1091 297 1125 politana.
314 1091 452 1126 Ejusdem
476 1091 562 1119 Pselli
575 1091 609 1119 ad
625 1092 697 1120 hunc
713 1092 814 1119 Ducam
837 1099 989 1127 responsio-

161 1141 209 1162 nes
233 1134 269 1162 (ut
292 1134 415 1162 diversas
441 1137 604 1171 quaestiones
630 1136 794 1172 theologicas
816 1140 842 1164 et
866 1136 990 1164 doctrina

161 1179 329 1214 omnifaria,
357 1179 408 1206 194
434 1180 572 1215 capitibus
595 1181 799 1216 comprehensae
828 1182 857 1208 in
888 1180 989 1208 biblio-

162 1223 238 1251 theca
263 1224 407 1252 Palatina.
424 1225 543 1252 Codices
567 1225 608 1260 bi,
626 1225 704 1253 sicut
727 1227 755 1252 et
778 1225 883 1260 reliqui
899 1224 989 1252 Graeci

163 1270 192 1295 et
208 1268 300 1295 Latini
317 1269 512 1305 manuscripti
529 1269 776 1298 decantatissimze
792 1269 872 1297 illius
887 1269 991 1297 biblio-

165 1311 267 1346 thecm,
285 1313 359 1340 meis
380 1312 531 1341 laboribus
547 1314 595 1350 (α),
611 1313 720 1350 vigiliis
743 1314 860 1350 integri,
877 1313 989 1341 incolu-

164 1364 286 1392 mesque
302 1358 329 1384 in
347 1357 488 1386 Vaticana
505 1361 703 1386 asservantur.
720 1358 800 1391 Quod
816 1360 893 1386 certe
908 1357 989 1386 omni

169 1401 365 1429 admiratione
391 1402 513 1439 dignum
535 1405 591 1437 est,
615 1403 723 1439 Deique
748 1403 858 1431 summi
884 1411 990 1430 muner

164 1445 383 1478 ascribendum,
398 1446 425 1473 in
443 1449 502 1474 tam
516 1449 597 1474 vasto
614 1447 726 1480 itinere,
739 1446 900 1475 saevissimo
916 1449 988 1474 tem-

163 1498 243 1525 pore,
260 1492 435 1525 tempestate
459 1491 592 1524 hiberna,
617 1499 651 1518 ac
677 1490 786 1527 pluvia,
804 1499 900 1519 rerum
924 1499 988 1519 om-

163 1534 245 1562 nium
268 1535 400 1570 penuria,
418 1543 469 1571 per
496 1535 604 1571 oppida.
632 1543 664 1563 ao
688 1535 816 1563 ditiones
847 1535 992 1572 hostium,
1008 1529 1030 1564 Ο

163 1580 279 1605 tantum
296 1578 438 1606 librorum
451 1587 606 1607 numerum
620 1576 732 1608 sartum
745 1582 852 1608 tectum
867 1580 993 1607 Romam

163 1622 366 1658 importatum,
383 1624 424 1651 ita
449 1626 533 1652 utne
554 1624 694 1652 schedula
719 1624 837 1660 quidem
864 1624 992 1660 perierit.

163 1666 219 1694 Sed
236 1667 271 1694 ad
289 1667 430 1695 Psellum.

201 1711 270 1739 LVI.
287 1713 436 1748 ()puscula
452 1713 584 1748 quaedam
608 1715 638 1742 In
657 1715 817 1742 Passionem
830 1717 857 1742 et
871 1715 995 1751 sepultu-

165 1765 229 1784 rum
244 1754 364 1789 Christi;
381 1759 501 1786 Libellus
519 1759 609 1787 dictus
624 1760 826 1790 Antichristus;
841 1761 879 1788 De
903 1764 995 1788 Para-

164 1801 240 1834 diso;
251 1802 287 1841 jn
302 1801 430 1830 Natalem
445 1803 561 1838 Christi,
573 1804 647 1831 in-li.
661 1804 797 1832 biblioth.
810 1804 996 1840 imperatoris

166 1846 296 1879 Viennae.
312 1848 469 1883 Gesnerus,
487 1849 674 1878 Possevinus.

202 1892 259 1927 [38}
277 1891 323 1922 El;
337 1893 388 1927 τὴν
404 1892 554 1930 σταύρωσιν
577 1895 625 1920 τοῦ
649 1894 759 1932 Κυρίου.
775 1897 809 1923 1η
830 1895 996 1930 cruci/ixio-

166 1944 231 1982 nem
255 1937 374 1971 Domini,
391 1937 421 1965 in
448 1938 628 1966 bibliotheca
656 1939 816 1967 cardinalis
837 1940 995 1982 Columnae,

166 1981 322 2010 Gretserus
344 1983 421 2010 notis
450 1982 480 2010 in
505 1984 668 2011 orationem
693 1984 812 2012 Macarii
838 1981 998 2020 Cbrysoceé

168 2025 248 2060 pbali
276 2026 313 2054 de
340 2026 516 2055 exaltatione
545 2030 652 2055 sanctae
677 2028 779 2056 Crucis
808 2031 879 2056 tom.
902 2029 937 2061 ΙΙ,
961 2029 996 2056 de

168 2071 267 2098 Cruce.
284 2070 348 2098 Non
373 2073 497 2105 constat,
520 2080 556 2099 an
583 2072 619 2100 de
642 2072 697 2100 hac
720 2073 866 2108 intelligat
891 2072 996 2108 ampli-

168 2114 271 2142 ﬁcator
299 2114 483 2144 Gesneriana:
512 2115 705 2151 bibliothecae,
735 2117 845 2152 Georgii
871 2118 994 2145 Nicome-

168 2158 225 2188 dia
253 2160 452 2195 archiepiscopi
476 2161 514 2188 De
544 2160 646 2194 Cruce,
676 2169 759 2197 quam
785 2162 856 2196 [also
884 2162 995 2198 quidam

169 2204 262 2251 {sella
286 2205 437 2240 ascripscre
461 2204 553 2234 Graece
573 2213 624 2233 ms.
643 2207 672 2233 in
697 2206 723 2240 4,
739 2206 868 2235 Biblioth.
895 2208 991 2243 imper.
1008 2219 1032 2251 Β

174 2249 292 2277 Viennae.

206 2293 419 2330 Compendiosa
434 2293 576 2329 expositio
599 2294 627 2322 in
653 2295 818 2324 Aristotelis
841 2296 933 2324 libros
956 2297 993 2325 De

170 2339 295 2366 naturali
309 2339 521 2372 auscultatione,
537 2341 631 2366 exstat
650 2339 678 2366 in
700 2339 877 2369 bibliotheca
891 2341 993 2369 Didaci

171 2382 303 2410 llurtadi.
323 2384 481 2411 Gesnerus.
507 2382 538 2410 In
565 2382 743 2412 bibliotheca
767 2385 906 2414 Bavarica
929 2386 993 2414 cod.

173 2426 233 2453 145.
255 2426 344 2454 Index
369 2427 536 2460 Bavaricus,
552 2429 582 2455 et
604 2427 634 2455 in
660 2428 836 2458 bibliotheca
857 2430 994 2466 imperat.

171 2470 301 2504 Viennze,
317 2471 407 2499 Israel
422 2471 576 2507 Spachius.

207 2515 339 2551 Synopsis
362 2516 470 2551 Logicae
493 2517 657 2552 Aristotelis,
677 2516 748 2551 in-li,
763 2518 793 2546 in
818 2518 997 2547 bibliotheca

172 2561 355 2596 Augustana,
370 2559 401 2587 in
417 2560 543 2589 armario
559 2569 640 2589 num.
651 2562 678 2589 5.
691 2561 780 2590 Index
794 2564 996 2599 Augustanus.

1038 198 1197 226 Gesnerus.

1075 243 1299 272 Commentarius
1315 243 1344 270 in
1366 241 1524 270 Aristotelis
1538 241 1631 276 verba,
1648 243 1703 268 Ars
1714 241 1824 268 artium
1840 242 1872 268 et

1037 288 1161 316 scientia
1176 288 1378 320 scientiarum,
1395 289 1433 320 et,
1451 286 1585 321 Quomodo
1605 286 1702 313 omnia
1716 294 1732 313 a
1745 285 1872 322 philoso-

1036 333 1104 369 phia
1116 332 1296 367 dependeant,
1314 332 1343 359 in
1360 331 1456 365 Italia,
1473 331 1628 359 Gesnerus.

1074 378 1105 405 In
1126 378 1347 413 Psychogoniam
1370 377 1508 411 Platonis,
1528 375 1558 402 in
1581 375 1674 409 Italia,
1691 374 1844 403 Gesnerus
1862 383 1869 402 :

1039 421 1068 449 in
1084 421 1261 449 bibliolheca
1279 422 1449 454 Augustana
1471 419 1521 448 fol.
1536 420 1566 447 in
1591 419 1718 447 armario
1734 427 1762 452 ν,
1779 419 1871 446 index

1038 468 1231 502 Augustanus
1246 474 1301 494 ms.
1314 466 1343 493 in
1355 465 1533 493 bibliotheca
1546 464 1651 500 imper.
1663 464 1780 493 Viennae
1796 463 1869 498 iuni,

1039 511 1130 539 Israel
1145 511 1299 547 b‘pachius.

1074 556 1260 591 Expositione
1274 556 1363 584 variae
1383 555 1413 582 in
1429 555 1518 582 varios
1538 554 1661 582 Platonis
1677 553 1758 588 locos,
1776 552 1806 580 in
1825 551 1870 579 bi-

1040 600 1188 628 bliotheca
1202 600 1340 628 Bavarica
1358 600 1422 628 cod.
1441 600 1502 627 165.
1521 599 1609 627 Index
1624 598 1792 626 Bavaricus.

1078 644 1244 672 Συνοπτικὸν
1257 644 1396 682 σύνταγμα
1406 647 1456 678 τῆς
1466 642 1639 682 φιλοσοφίας,
1649 643 1678 670 in
1691 642 1872 670 bibliotheca

1040 690 1163 718 Joannis
1177 690 1326 725 Sambuci,
1343 690 1496 717 Gesnerus.

1080 736 1169 762 Varia
1181 735 1379 770 philosophica,
1395 734 1493 762 Romae
1505 733 1534 761 in
1545 733 1693 761 Vaticana.
1706 732 1869 760 Gesnerus.

1045 780 1172 815 Physica,
1194 780 1389 813 astronomica,
1413 779 1529 814 musica,
1550 778 1735 810 arithmetica,
1757 784 1870 812 geome-

1046 825 1124 857 trica,
1140 824 1241 859 iunctis
1264 824 1440 860 opinionibus
1462 823 1495 851 de
1518 823 1623 855 anima,
1640 822 1711 856 ith,
1728 820 1868 848 biblioth.

1043 869 1178 905 imperat.
1195 869 1321 896 Viennae.
1340 868 1498 896 Gesnerus.

1079 915 1316 949 lnterpretaliones
1330 913 1477 941 dubiorum
1487 912 1670 944 naturalium,
1683 910 1869 939 bibliotheca:

1043 958 1177 993 imperat.
1204 958 1331 991 Viennm,
1355 957 1430 991 in-é,
1455 957 1611 989 Gesnerus,
1628 958 1656 983 et
1681 954 1769 982 Israel
1793 955 1870 990 Spa-

1043 1002 1128 1030 cbius
1145 1011 1152 1030 :
1168 1002 1274 1030 Solutio
1291 1002 1374 1029 unius
1397 1004 1480 1037 atque
1504 1001 1623 1028 alterius
1646 1000 1807 1036 quzstiom's
1823 1007 1871 1026 as-

1044 1048 1193 1082 trologiam,
1218 1046 1354 1074 biblioth.
1379 1047 1560 1082 Augustana,
1584 1045 1659 1080 ἰπὶ-4,
1676 1044 1706 1071 in
1731 1043 1873 1077 armario,

1045 1092 1132 1120 index
1147 1093 1339 1127 Augustanus
1355 1099 1408 1118 ms.

1080 1137 1164 1164 LVII.
1191 1138 1269 1164 Inter
1297 1135 1388 1163 libros
1417 1144 1492 1172 quos
1521 1134 1705 1163 bibliotheca:
1730 1133 1878 1169 Lugdune

1045 1181 1157 1208 Batava:
1171 1181 1318 1216 Josephus
1332 1180 1461 1216 Scaliger
1476 1179 1593 1215 legavit,
1605 1179 1634 1206 in
1651 1178 1747 1206 indice
1762 1179 1879 1205 Graeco-

1045 1234 1111 1253 rum
1128 1225 1399 1261 manuscriptorum
1423 1224 1520 1252 in-l'ol.
1538 1223 1644 1260 legitur
1665 1231 1732 1251 cum
1751 1221 1879 1250 Heronis

1044 1269 1232 1306 geometrica,
1248 1269 1335 1297 Pselli
1353 1269 1486 1305 quendam
1503 1268 1689 1304 astrologica.
1702 1269 1742 1295 An
1758 1267 1875 1301 eadem,

1044 1315 1088 1342 vel
1104 1314 1222 1342 diversa
1247 1322 1313 1342 cum
1339 1313 1553 1350 superioribus,
1570 1321 1627 1341 non
1651 1320 1813 1348 possumus
1829 1311 1877 1338 di-

1043 1360 1154 1387 vinare.
1171 1360 1212 1386 An
1231 1359 1319 1386 etiam
1336 1358 1387 1386 illa
1406 1360 1487 1393 sunt,
1501 1367 1563 1393 quae
1587 1357 1642 1385 sub
1659 1357 1708 1384 illo
1724 1356 1823 1384 libello
1840 1356 1877 1383 de

1044 1406 1170 1440 quatuor
1185 1403 1317 1432 scientiis
1341 1402 1558 1430 mathematicis
1582 1400 1792 1430 continentur?
1819 1400 1876 1428 Sed

1044 1448 1194 1484 suspendo
1212 1447 1374 1483 judicium.

1080 1492 1223 1528 Expositio
1257 1492 1461 1520 mathematicos
1489 1492 1518 1520 in
1548 1492 1647 1520 Timwo
1678 1491 1815 1520 Platonis.
1844 1489 1878 1518 de

1049 1540 1153 1567 anima:
1167 1539 1354 1573 generatione,
1370 1539 1428 1565 sive
1443 1538 1573 1572 essentia,
1589 1536 1618 1565 in
1634 1536 1683 1564 fol.
1699 1536 1879 1564 bibliotheca

1050 1585 1231 1619 Augustana,
1260 1583 1349 1610 Index
1377 1584 1499 1618 August.
1526 1591 1582 1610 ms.
1606 1583 1649 1609 An
1678 1581 1779 1609 eadem
1809 1588 1878 1608 cum

1048 1627 1250 1664 Psychogonia
1263 1627 1276 1654 ?

1085 1672 1143 1708 [39]
1161 1673 1232 1708 Opus
1248 1664 1369 1700 Graecum
1388 1680 1422 1699 ex
1437 1671 1516 1699 libris
1541 1670 1765 1702 medicinalibus,
1782 1669 1881 1697 ordine

1049 1717 1203 1753 alphabeti,
1221 1717 1320 1744 Romae
1341 1716 1370 1743 in
1388 1715 1538 1743 Vaticana.
1555 1715 1711 1748 Gesnerus,
1729 1714 1880 1741 Paschalis

1050 1761 1162 1794 Gallus,
1177 1764 1206 1789 et
1218 1761 1349 1789 Joannes
1364 1760 1506 1796 Georgius
1521 1759 1702 1787 Schenckius
1723 1758 1754 1786 in
1772 1758 1880 1786 biblio-

1050 1806 1135 1834 theca
1150 1806 1273 1834 Medica.

1087 1851 1186 1885 Ecloga
1202 1850 1278 1878 utilis
1300 1858 1335 1878 ea:
1359 1850 1429 1878 libro
1442 1849 1655 1877 Parallelorum.
1673 1848 1794 1876 Ibidem.
1810 1850 1880 1876 Ges-

1051 1904 1139 1924 nerus
1155 1897 1183 1922 et
1197 1894 1350 1931 Spachius.

1087 1941 1218 1968 Encomia
1232 1939 1350 1968 diversa.
1365 1939 1489 1973 Ibidem,
1505 1938 1661 1966 Gesnerus.

1087 1984 1223 2017 Monodia,
1237 1986 1343 2017 Romae,
1357 1983 1387 2011 in
1401 1983 1542 2011 Vaticana
1557 1983 1715 2011 Gesnerus.

1088 2030 1243 2065 Etplicatio
1264 2029 1294 2056 in
1320 2028 1423 2056 librum
1448 2027 1628 2061 Dioscoridis,
1646 2027 1676 2054 in
1702 2026 1882 2054 bibliotheca

1051 2073 1194 2102 Manuelis
1223 2072 1378 2108 Eugenici,
1408 2074 1437 2100 et
1465 2072 1588 2100 Joannis
1616 2071 1704 2099 Suzii.
1734 2071 1881 2099 Antonius

1050 2118 1208 2146 Verderius
1228 2118 1257 2145 in
1282 2117 1503 2153 Supplementa,
1520 2119 1549 2145 et
1573 2116 1755 2144 Schenckius
1779 2116 1810 2144 iu
1836 2116 1880 2144 bi-

1050 2163 1198 2191 bliotheca
1213 2162 1334 2190 Medica.

1083 2208 1258 2242 xEnigmata,
1275 2206 1303 2233 in
1326 2205 1462 2234 biblioth.
1478 2205 1628 2237 Bavarica,
1645 2205 1707 2233 cod.
1723 2205 1770 2233 38.

1085 2252 1176 2280 LVllI.
1194 2251 1341 2279 Meursius
1367 2251 1553 2278 Historiarum
1577 2258 1645 2286 opus
1660 2249 1788 2277 Psellum
1806 2249 1878 2277 scri-

1049 2297 1141 2333 psisse
1166 2297 1311 2330 autumat,
1326 2294 1459 2331 illudque
1484 2294 1597 2322 laudari
1623 2302 1640 2322 a
1664 2293 1776 2322 Zonaru
1789 2296 1812 2321 t.
1830 2293 1877 2321 III.

1050 2341 1080 2369 In
1098 2341 1207 2369 Isaacio
1223 2340 1383 2372 Comneno,
1399 2342 1427 2367 et
1442 2339 1472 2366 in
1494 2339 1627 2366 Romano
1653 2338 1789 2374 Diogene,
1808 2338 1879 2366 item

1049 2395 1066 2414 a
1081 2385 1233 2414 Theodoro
1249 2384 1410 2413 Metochita
1428 2385 1536 2412 Histor.
1551 2391 1639 2411 sacrae
1653 2382 1673 2410 ι.
1692 2392 1722 2410 ιι.
1738 2383 1879 2417 Cedreno,

1049 2430 1163 2458 Joanne
1173 2429 1352 2465 Curopalata
1363 2429 1393 2456 in
1407 2428 1542 2457 Historia
1553 2437 1612 2456 suae
1628 2427 1723 2462 initio,
1739 2427 1882 2455 Michaele

1050 2474 1138 2511 Glyca
1152 2474 1181 2501 in
1198 2473 1362 2501 Annalibus
1379 2472 1467 2501 semel
1481 2474 1568 2508 atque
1584 2473 1700 2501 iterum.
1713 2473 1781 2499 Erat
1792 2471 1882 2499 etiam

1052 2519 1081 2547 in
1099 2518 1230 2554 catalogo
1252 2517 1381 2546 exhibito
1406 2526 1422 2544 a
1447 2517 1651 2553 grammatico,
1667 2516 1745 2552 apud
1764 2516 1884 2544 Antoni-

1053 2571 1123 2591 num
1141 2563 1310 2591 Verderium
1327 2562 1356 2589 in
1376 2561 1593 2598 supplemento.

963 2634 1082 2663 ΝΟΤίΕ.

210 2681 248 2719 (ᾳ)
264 2681 469 2719 D_e_»Palatinis
494 2682 644 2710 codicibus
670 2691 743 2719 quos
768 2684 899 2719 pontiﬁci
926 2684 997 2712 Gre-

210 2691 248 2715 tu)
264 2691 303 2708 ue
330 2691 469 2710 rataums
494 2691 644 2710 GOOICIDUB
691 2691 743 2710 uos
768 2691 899 2719 pontum
926 2691 997 2712 ure-

174 2717 256 2758 gprio
281 2717 328 2744 XV
352 2718 471 2758 donavit
492 2719 652 2758 imperator
668 2691 883 2758 fli‘erdiaandus
908 2720 997 2758 II_,__in

174 2753 346 2781 Vaticanam
361 2753 432 2782 bibl.
447 2755 479 2782 A.
497 2753 567 2783 1623
584 2753 746 2789 translatis,
762 2754 906 2791 gloriatur
918 2754 998 2783 Alla-

1053 2683 1114 2710 tius
1130 2683 1251 2719 passim,
1268 2683 1310 2710 uti
1336 2683 1371 2711 ad
1396 2681 1584 2711 Eustathium
1608 2680 1826 2719 Antiochenum
1852 2681 1880 2719 in

1076 2717 1138 2746 uel".
1151 2721 1179 2755 et
1194 2719 1224 2746 in
1237 2719 1316 2755 notis
1331 2728 1360 2755 p.
1377 2719 1438 2755 ibi,
1464 2720 1553 2753 atque
1567 2717 1881 2755 in_animadversioni-

1075 2762 1109 2784 us
1124 2754 1161 2783 ad
1176 2752 1374 2790 Antiquitates
1389 2752 1537 2788 Etruscas,
1554 2761 1582 2789 p.
1597 2752 1644 2782 58.
