1937 3050
61 117 122 147 513

689 115 877 148 ΒῘΑἸἮῙΒΑ
897 117 950 148 DE
971 117 1143 148 PSELLIS.

1710 120 1769 149 514

99 183 276 212 Gaulminus
294 184 330 212 de
353 183 440 213 Pselli
465 184 584 221 scriptis
608 185 669 213 hac
694 184 805 213 habet:
823 184 890 212 Atia
904 185 932 218 Α
947 184 1153 220 unusquisque
1182 184 1268 212 debet
1284 193 1291 212 :
1306 185 1384 221 quod
1415 184 1440 212 si
1471 185 1626 221 nescirem,
1649 186 1678 214 in
1708 185 1771 214 sola

62 229 146 256 illius
160 229 191 256 in
211 230 288 265 regia
313 230 419 265 pariter
444 233 469 258 et
495 230 629 258 Vaticana
651 232 762 257 exstare
788 234 893 258 certum

64 276 122 305 est;
152 275 183 301 ut
208 273 376 311 ψυχογονίαν
400 275 534 308 Platonis,
567 273 701 310 ἰπιτομήν
726 277 775 308 τῆς
806 273 893 310 ’ἰατρι-

64 318 128 352 κῆς.
143 320 295 347 Comment.
312 320 343 346 in
358 319 518 346 Aristotelis
534 319 709 355 Categorias,
734 319 890 355 Melaphys.

67 363 116 390 lib.
141 362 203 400 περὶ
231 363 386 399 ἑρμηνείας,
414 364 565 399 Porphyrii
588 365 709 400 quinque
723 371 808 398 voces,
828 371 892 391 con-

65 413 110 436 tra
127 409 293 436 Eunomium
321 408 425 436 librum
451 416 550 443 unum,
566 408 598 436 de
613 408 718 444 legibus
737 408 813 440 duos,
832 418 896 444 μον-

67 451 163 488 ῳδίιν,
194 452 316 489 ἐγκώμια
343 453 460 481 diversa.
491 454 630 488 Epistolas
665 454 731 480 item
759 454 895 488 elegantes

66 498 166 526 laudat
182 499 212 526 in
226 498 327 534 adagio
343 496 448 525 ἄκαπνα
472 497 545 525 θύειν
567 498 746 526 Casaubonus
761 498 791 526 in
812 498 895 526 Athe—

67 551 173 570 meum.

104 587 172 615 LIX.
191 587 276 615 Plura
291 587 380 615 etiam
396 590 549 616 enumerat
569 587 713 615 Antonius
737 586 895 615 Verderius

67 632 98 659 in
115 632 327 668 Supplemento
344 632 525 660 bibliothecas
535 632 731 667 Gesneriauae,
741 640 775 660 ex
791 631 895 659 biblio-

68 677 165 705 thecis
193 677 541 713 Constantinopolitanis.
557 677 630 704 Nam
656 677 732 704 inter
746 675 804 704 alia
818 676 893 712 apud

68 722 195 749 Joanem
211 722 331 749 Suzium
347 724 441 755 erant,
457 721 606 749 Michaelis
627 721 713 749 Pselli
738 720 897 755 Erpltcalio

67 767 99 793 in
114 767 283 800 psalterium
298 766 419 794 Davidis.
445 768 478 794 In
495 766 654 801 Gregorium
678 766 896 793 Nazianzenum.

69 813 100 838 In
117 810 249 846 cutalago
265 819 281 838 a
296 811 489 847 grammatico
514 810 654 844 exhibito,
670 810 831 838 Illodioinale
846 810 898 837 Mi-

68 856 172 883 chaelis
186 855 283 882 Pselli.
301 855 383 883 Liber
408 855 621 890 philosophicas.
646 855 677 882 In
703 855 897 891 philosophica

66 900 235 928 Aristotelis.
260 900 492 928 Astronomicum.
513 900 666 935 Explicalio
691 900 720 927 in
750 900 898 935 mysticam

65 944 284 980 philosophiam.
301 945 331 972 In
346 945 465 981 quinque
489 952 566 972 voces
589 945 751 980 Porphyrii.
776 945 806 971 In
822 945 897 980 topo-

67 989 206 1024 graphica
220 989 377 1022 Strabonis,
393 994 418 1017 et
433 989 585 1017 Ptolemaei.
606 990 638 1016 In
654 989 842 1016 arithmetica.
866 989 897 1016 In

70 1033 171 1061 Galeni
184 1034 399 1069 explicationem
428 1034 455 1060 in
472 1036 589 1068 quatuor
616 1033 702 1060 libros
723 1033 898 1061 resolutionis

70 1079 255 1114 Hippocratis.
279 1078 432 1106 Menandri
447 1077 583 1106 Comedus
611 1078 698 1110 XXIII,
729 1086 744 1105 ο
767 1077 896 1105 Thesau-

71 1123 139 1150 ros!
171 1122 316 1157 explicata
343 1131 362 1150 a
382 1122 513 1150 Michaele
541 1123 639 1149 Psello.
666 1123 696 1149 ln
722 1122 899 1150 bibliotheca

71 1167 162 1202 Regis
203 1167 443 1194 Chritianissimi.
474 1169 507 1194 In
541 1166 672 1194 Elenchos
700 1167 896 1202 sophistarum.

71 1211 184 1239 Scholia
198 1212 227 1238 in
243 1212 426 1247 deﬁnitiones.
444 1212 480 1239 De
494 1213 569 1238 motu
583 1212 723 1246 temporis.
739 1212 778 1238 De
796 1212 898 1239 circulo

70 1257 140 1284 solis
155 1261 182 1283 et
197 1256 282 1284 lunae.
305 1256 340 1283 De
360 1257 517 1283 inventione
541 1255 598 1283 diei
622 1256 769 1283 Paschalis.
787 1258 826 1284 De
846 1264 898 1283 an-

68 1301 143 1335 gelis
157 1301 182 1328 et
198 1300 379 1328 daemonibus.
402 1301 438 1327 De
452 1301 531 1328 nouis
547 1300 702 1327 morborum
728 1300 898 1335 appellatio—

68 1345 165 1373 nibus.
185 1347 223 1372 De
236 1346 308 1372 notis
323 1345 483 1380 spirituum.
502 1345 537 1372 De
558 1344 692 1372 divisione
716 1345 897 1372 animalium.

69 1390 103 1417 In
119 1389 320 1416 Salutationem
347 1388 516 1423 angelicam.
535 1389 566 1416 In
583 1388 701 1424 Physica
723 1389 874 1416 Aristotelis
889 1398 899 1416 :

70 1436 181 1469 praeter
196 1433 252 1460 alia
263 1432 493 1468 multa,quorum
510 1441 601 1468 supra
616 1432 900 1461 meminimus.Inl'ra

72 1485 193 1513 quoque
209 1477 351 1505 nonnulla
368 1477 425 1504 alia
450 1477 679 1504 recensebimus.
696 1477 730 1504 Et
743 1477 772 1504 in
797 1477 898 1505 biblio-

74 1522 162 1549 theca
192 1521 313 1548 Ausonii
341 1521 520 1557 Augustini,
551 1520 637 1548 Pselli
674 1521 897 1557 Apopthcgmata,

75 1566 142 1594 cod.
177 1566 242 1593 227.
279 1566 433 1601 Είεριίεαιίο
476 1566 669 1593 mathematica
707 1567 899 1600 speculationis

70 1612 103 1638 in
119 1611 249 1638 Platonis
260 1610 316 1646 [40]
328 1611 467 1637 Timaeum.
480 1610 612 1638 Absoluta
623 1611 763 1638 enarratio
778 1610 810 1638 de
824 1611 901 1638 Lem-

72 1657 156 1683 mate.
168 1655 323 1690 Explicatio
333 1654 366 1682 de
380 1655 530 1683 Platonica
540 1655 716 1689 aurigatione
731 1656 899 1688 animorum,

71 1703 98 1728 et
114 1700 147 1728 de
161 1700 266 1727 militia
280 1699 404 1732 deorum,
427 1701 456 1727 in
472 1700 630 1728 Phaedrum.
656 1700 812 1736 Explicatio
836 1700 902 1728 nodi

71 1744 211 1779 difﬁcilis,
224 1751 275 1780 quo
285 1748 363 1780 pacto
378 1752 414 1772 ea:
429 1745 551 1780 quinque
565 1744 707 1780 secuplum
719 1748 770 1777 est,
785 1746 812 1772 et
831 1744 902 1780 quod

73 1790 149 1817 circa
164 1790 286 1825 quinque
298 1789 404 1824 ﬁguras
419 1789 476 1816 alia
492 1789 583 1823 ﬁgura
598 1796 652 1816 non
675 1790 814 1816 statuatur
836 1797 902 1817 con-

72 1838 152 1861 tenta
167 1833 219 1861 snb
233 1833 442 1869 xqutlateribus
457 1835 481 1860 et
496 1833 667 1868 rectangulis
682 1835 755 1861 inter
768 1841 797 1861 se
809 1841 902 1870 mqua-

74 1879 161 1912 libus,
177 1879 240 1906 cod.
257 1879 319 1905 191.

113 1923 173 1950 LX.
205 1923 270 1950 llaec
297 1925 377 1956 sunt,
398 1922 498 1956 lector,
517 1922 601 1950 Pselli
619 1925 821 1957 monumenta,
838 1931 901 1958 quae

75 1967 233 1999 hactenus,
264 1969 295 1994 ut
320 1967 392 1994 mihi
414 1967 539 2001 videtur,
566 1967 595 1994 in
624 1967 690 1994 istis
716 1966 902 1994 bibliothecis

77 2012 208 2047 reposita
223 2011 325 2045 latent,
341 2019 404 2046 qua
419 2020 475 2038 non
493 2011 590 2039 solum
614 2011 723 2044 videre,
739 2011 789 2039 sed
815 2011 902 2039 etiam

76 2064 172 2091 queas
188 2058 221 2083 ut
245 2056 287 2084 ita
311 2056 407 2083 dicam
437 2064 581 2091 usurpare
598 2064 605 2083 :
622 2055 783 2091 usurpabis
811 2055 901 2089 enim,

76 2102 149 2128 dum
179 2101 359 2135 conferendi,
388 2100 611 2136 interpretandi,
639 2100 804 2136 edendique
818 2100 904 2136 copia

76 2145 159 2180 data,
178 2145 240 2180 ipse
254 2147 367 2172 tantum
395 2145 568 2180 scriptorem
585 2145 716 2172 studium
734 2148 763 2172 et
787 2147 903 2181 tempus

76 2189 223 2217 iusumes.
241 2189 398 2225 Scriptioni
417 2197 485 2216 meas
503 2189 588 2216 ﬁdem
610 2189 655 2216 hic
671 2189 820 2224 imponere
838 2198 901 2226 per-

947 229 1125 264 optimorum
1141 228 1302 265 sriptorum
1318 229 1472 257 lectionem
1489 229 1689 258 coliocandam
1706 239 1772 258 esse

947 273 1147 301 existimarem
1165 281 1171 300 :
1188 275 1217 301 et
1232 274 1261 301 in
1279 273 1337 301 illis
1354 274 1565 302 conservandis
1595 277 1771 310 occupatum

948 326 1097 346 summam
1113 318 1249 346 ducerem
1274 318 1455 346 felicitatem.
1474 319 1504 346 In
1522 319 1631 354 quibus
1654 327 1772 347 omnem

949 364 1079 389 nostram
1109 361 1293 396 diligentiam
1328 362 1600 398 indulgentiamque
1638 363 1773 391 consumi

947 406 1200 442 jucundissimum
1225 415 1258 434 ac
1294 407 1504 442 dignissimum
1527 410 1572 435 est
1600 407 1673 435 Mihi
1702 416 1773 436 sane

948 450 1048 479 lumen
1073 451 1155 486 solis,
1185 452 1258 486 dies,
1288 452 1406 487 vitaque
1433 453 1498 488 ipsa
1513 453 1599 480 erunt
1616 452 1732 488 ingrata
1746 455 1775 481 et

950 503 1058 529 amara,
1077 495 1112 528 si,
1124 504 1187 531 qum
1197 495 1300 531 legam,
1314 504 1371 524 non
1391 496 1532 524 habeam:
1546 497 1570 524 si
1583 501 1775 525 monumenta

950 539 1181 567 clarissimorum
1211 540 1343 568 vivorum
1369 541 1548 576 defecerint;
1573 550 1632 578 prae
1655 541 1774 569 illorum

950 592 1079 620 namque
1092 584 1244 620 dignitate,
1256 587 1284 613 et
1295 585 1448 619 suavitate,
1464 585 1583 620 divitiae,
1599 585 1774 622 voluptates,

951 632 978 656 et
1003 629 1146 665 quidquid
1176 629 1253 664 apud
1283 629 1417 657 homines
1445 631 1474 658 in
1505 630 1598 666 pretio
1627 633 1682 665 est,
1712 639 1774 658 sor-

952 674 1002 701 des
1019 675 1088 701 sunt
1111 676 1140 701 et
1163 681 1257 709 nugae.
1285 673 1343 701 Hac
1372 674 1470 709 itaque
1497 674 1573 709 sitis,
1609 675 1670 702 sive
1695 675 1776 702 furor

952 717 1047 753 (liceat
1062 718 1198 753 propensi
1215 718 1250 745 ad
1267 717 1379 745 litteras
1389 718 1481 745 animi
1492 718 1694 754 cupiditatem,
1711 727 1775 754 quas

951 762 1065 790 nesciat
1080 763 1210 796 modum,
1228 763 1268 789 ita
1285 762 1442 798 appellare)
1467 763 1538 790 dum
1563 763 1636 790 mihi
1657 764 1774 791 assidue

952 815 1042 834 novos
1058 809 1192 834 auctores
1210 807 1406 842 investigandi
1419 807 1550 835 studium
1562 807 1680 843 ingerit,
1696 816 1774 835 sem-

953 859 1004 887 per
1020 859 1128 878 novum
1144 851 1214 886 quid
1240 852 1357 887 ingenio
1381 852 1482 887 objicit
1498 860 1504 879 :
1522 853 1599 888 quod
1617 855 1773 888 postquam

953 895 1052 929 didici,
1078 904 1169 931 angor
1180 898 1208 923 et
1222 895 1315 928 doleo,
1329 904 1374 923 me
1389 896 1450 930 illo,
1468 898 1549 924 tanto
1566 899 1694 933 tempore
1711 897 1772 924 fru-

952 941 1078 967 stratum
1091 940 1189 967 fuisse.
1206 940 1276 967 llinc
1292 940 1384 976 magis
1399 949 1432 968 ac
1452 940 1546 976 magis
1557 941 1692 977 impellor
1704 949 1774 969 cou-

952 984 1136 1012 citntioribus
1155 983 1294 1011 stimulis.
1311 983 1388 1011 Dabo
1408 984 1498 1020 igitur
1514 984 1578 1018 tibi,
1595 985 1694 1019 lector,
1712 985 1775 1013 sine

952 1029 1013 1056 futo
1038 1031 1066 1056 et
1089 1027 1211 1056 fallaciis
1224 1037 1379 1056 numerum
1401 1028 1545 1056 librorum
1558 1029 1773 1065 manuscriplo—

953 1080 1018 1099 rum
1034 1071 1132 1105 Pselli,
1151 1072 1200 1107 qui
1213 1072 1276 1106 jam
1292 1071 1383 1099 latent
1398 1073 1428 1100 in
1445 1072 1640 1108 bibliothecis,
1666 1082 1719 1101 nec
1731 1073 1776 1101 lu-

952 1124 1015 1144 cem
1031 1116 1175 1151 viderunt,
1192 1119 1220 1143 et
1232 1124 1334 1144 eorum
1346 1117 1434 1144 simul
1451 1117 1605 1153 principia,
1623 1120 1655 1145 ut
1677 1127 1775 1146 rerum

953 1161 1056 1188 harum
1072 1161 1124 1188 tibi
1141 1160 1277 1188 notitiam
1294 1161 1400 1189 habeas
1414 1161 1627 1190 dilucidiorem.
1639 1163 1681 1190 Ad
1698 1163 1775 1191 Rho-

953 1206 1024 1233 dum
1041 1205 1135 1241 ipsum
1151 1208 1179 1233 et
1194 1205 1314 1233 saltum.

989 1254 1053 1282 LXI.
1071 1254 1132 1282 Visi
1149 1254 1250 1290 igitur,
1267 1258 1318 1282 aut
1332 1254 1399 1283 lecti
1414 1255 1500 1283 Pselli
1516 1265 1531 1284 a
1544 1264 1589 1284 me
1604 1256 1672 1284 libri
1687 1259 1775 1285 sunt:

954 1298 1051 1336 Στίχοι
1091 1297 1240 1332 πολιτικόὶ,
1269 1299 1330 1336 περὶ
1367 1302 1560 1337 γραμματικῆς
1597 1301 1664 1338 πρὸς
1699 1300 1776 1337 κύριν

954 1345 1150 1370 Κωνσταντῖνον
1181 1343 1226 1370 τὸν
1255 1344 1433 1381 Μονομάχον.
1465 1347 1502 1372 De
1532 1347 1717 1380 grammatica
1744 1345 1780 1373 ad

953 1389 1161 1417 Constantinum
1190 1388 1411 1422 Monomachum,
1441 1390 1568 1417 carmina
1599 1390 1721 1426 politica.
1747 1391 1778 1418 P.

955 1432 1070 1461 Μελέτω
1087 1443 1128 1459 σοι
1144 1436 1349 1469 γραμματικῆς,
1366 1433 1410 1460 καὶ
1426 1436 1475 1468 τῆς
1492 1433 1684 1473 ὀρθογραφίας.

987 1478 1046 1513 [lsi]
1062 1477 1134 1514 Πρὸς
1156 1477 1202 1504 τὸν
1228 1476 1318 1514 αὐτὸν,
1332 1478 1393 1514 περῖ
1418 1478 1623 1516 Ἀντιστοίχων.
1643 1480 1682 1507 Ad
1701 1487 1778 1507 eum-

955 1522 1027 1556 dem,
1056 1522 1088 1550 de
1116 1522 1305 1551 Altiistxcht's.
1333 1522 1362 1550 Ρ.
1388 1522 1503 1560 ἅγγαρος
1530 1523 1581 1561 γὰρ
1611 1524 1625 1550 ὁ
1653 1522 1778 1561 ἅγγελος,

955 1566 1056 1604 ἀγῆλαι
1071 1566 1103 1594 τὸ
1117 1566 1256 1603 σεμνύναι.
1273 1567 1338 1595 Hac
1354 1568 1411 1596 duo
1427 1577 1444 1596 ο.
1465 1568 1611 1604 plerisque
1634 1568 1664 1596 in
1687 1577 1779 1596 unum

956 1612 1044 1639 veluti
1060 1620 1166 1648 corpus
1192 1612 1295 1647 digeri,
1312 1615 1340 1640 et
1355 1613 1409 1640 sub
1430 1614 1638 1648 grammatices
1663 1614 1781 1641 nomine

956 1656 1080 1690 laudari,
1099 1657 1180 1689 novi;
1207 1657 1297 1684 codex
1323 1659 1420 1685 tamen
1438 1657 1643 1685 Vallicellanus
1669 1658 1699 1686 in
1724 1658 1782 1685 duo

956 1700 1070 1734 dividit,
1083 1700 1211 1728 secundo
1223 1701 1363 1736 primum,
1376 1700 1443 1729 aliis
1454 1702 1542 1729 etiam
1555 1701 1678 1730 aliorum
1695 1703 1783 1730 inter-

955 1745 1050 1780 jectis,
1068 1745 1161 1780 primo
1178 1745 1340 1772 secundum
1362 1746 1495 1773 tribuens
1519 1746 1631 1780 locum;
1649 1749 1676 1774 et
1692 1755 1782 1782 argu-

957 1792 1088 1817 mentum
1114 1789 1267 1825 utriusque
1284 1790 1429 1818 diversam
1445 1790 1533 1818 etiam
1558 1791 1652 1826 poscit
1673 1793 1779 1819 tracta-

956 1833 1079 1861 tionem.
1096 1835 1151 1861 Nec
1167 1834 1196 1861 in
1223 1842 1313 1861 unum
1332 1834 1529 1870 grammaticas
1545 1835 1661 1871 regula),
1676 1838 1704 1862 et
1720 1835 1780 1863 dic-

956 1878 1070 1905 tionum
1087 1878 1295 1913 expositiones,
1312 1878 1369 1906 nisi
1385 1879 1547 1906 confundas
1562 1879 1671 1913 omnia,
1685 1879 1781 1907 coale-

958 1924 1054 1950 scunt.
1073 1922 1204 1950 Meminit
1225 1923 1418 1951 Casaubonus
1441 1923 1471 1951 in
1487 1923 1657 1952 Athenaaum
1683 1924 1734 1952 lib.
1751 1933 1783 1958 ιι,

956 1975 982 1994 c.
997 1967 1042 1994 26.
1060 1966 1169 1994 Psellus
1192 1969 1221 1994 in
1246 1967 1368 1995 versibus
1382 1968 1513 2004 politicis,
1528 1968 1625 2004 quibus
1645 1969 1784 1997 obscurio-

956 2019 999 2038 res
1015 2019 1090 2039 voces
1109 2012 1247 2047 exposuit.
1262 2014 1418 2039 Auctorem
1435 2012 1540 2040 horum
1565 2021 1630 2040 esse
1653 2013 1783 2041 Psellum

957 2055 1130 2084 Michaelem
1165 2055 1266 2084 nullus
1299 2056 1412 2084 dubito.
1444 2057 1587 2084 Meursius
1615 2058 1653 2094 (ὁ)
1684 2060 1783 2086 tamen

957 2101 1111 2134 Joannem,
1128 2100 1175 2128 cui
1190 2101 1226 2128 de
1248 2100 1409 2129 virtutibus
1433 2110 1467 2129 ac
1490 2101 1568 2129 vitiis
1594 2102 1708 2130 iambos
1731 2104 1784 2130 tri-

957 2145 1031 2180 buit,
1058 2145 1161 2173 horum
1191 2147 1340 2173 auctorem
1370 2145 1516 2181 insinuat;
1541 2155 1608 2174 cum
1637 2147 1786 2176 existimet

957 2189 1099 2217 Joannem
1124 2198 1187 2217 esse
1207 2198 1295 2225 quem
1321 2189 1351 2217 in
1376 2190 1514 2227 ἡγήτορες
1543 2191 1645 2219 laudat
1668 2192 1784 2225 Suidas,

78 2236 281 2270 opportunum
310 2233 482 2266 videbatur;
513 2233 603 2261 habes
633 2233 721 2267 enim,
752 2234 781 2261 ui
811 2233 897 2262 fallor

977 2233 1038 2271 λέγει
1055 2232 1082 2260 δὲ
1098 2232 1142 2260 καὶ
1160 2233 1173 2261 ὁ
1189 2233 1311 2267 Ψελλὸς,
1337 2234 1471 2271 ἡγγλτοοῖα
1497 2234 1600 2272 πέφυκε
1624 2237 1676 2262 τῶν
1697 2235 1785 2264 σύκων

78 2280 214 2306 exactam
226 2278 309 2306 Pselli
327 2278 503 2313 scriptorum
519 2278 784 2311 enumerationem;
797 2281 905 2314 tamen,

80 2331 117 2350 ne
143 2321 357 2357 rempublicam
380 2321 552 2349 litterariam
581 2322 715 2350 fraudare
744 2322 854 2357 videar,
871 2323 906 2351 de

80 2375 141 2402 qua
157 2367 230 2394 bene
247 2367 349 2394 mereri
366 2375 483 2402 semper
497 2366 642 2394 sollicitus
658 2375 774 2400 sum,en
787 2368 906 2395 tertium

79 2411 129 2439 hic
142 2411 287 2438 ascribam
300 2411 463 2447 catalogqu
473 2410 615 2439 librorum
630 2411 725 2445 Pselli,
736 2419 821 2447 quos,
835 2412 906 2439 dum

80 2464 201 2491 semper
212 2455 322 2491 aliquid
338 2455 402 2483 novi
418 2455 522 2482 avidus
533 2457 628 2491 capto,
642 2455 712 2482 mihi
726 2455 831 2491 legisse
840 2465 907 2484 con-

81 2500 161 2536 tigit.
196 2500 300 2528 Mirum
323 2500 401 2527 enim
418 2501 471 2534 est,
503 2502 535 2527 ut
549 2499 666 2527 animus
695 2500 730 2527 ad
749 2508 793 2527 res
819 2509 907 2529 novas

81 2552 202 2580 semper
217 2543 333 2580 gestiat,
364 2543 454 2571 nullis
480 2543 642 2576 laboribus,
660 2543 749 2572 nullis
770 2553 907 2572 succum-

80 2590 157 2617 bens
191 2587 312 2625 vigiliis.
329 2588 393 2615 Scio
423 2587 511 2615 aliam
539 2587 711 2616 hominibus
740 2589 908 2617 beatitatem

79 2635 228 2670 paratam,
259 2633 294 2660 ad
324 2640 414 2668 quam
442 2632 513 2660 totis
540 2632 694 2661 conatibus
733 2633 909 2662 contendere

961 2279 978 2312 ἡ
994 2276 1116 2312 πκλάθη.
1133 2279 1275 2306 Eumdem
1301 2278 1432 2307 Psellum
1457 2279 1565 2315 sapius
1581 2288 1597 2307 a
1611 2280 1701 2308 Suida
1720 2280 1784 2308 lau-

961 2323 1063 2350 datum
1093 2323 1201 2356 inveni,
1231 2323 1260 2350 in
1290 2322 1415 2360 Δέρτρον.
1447 2322 1572 2360 Δὲρτρον,
1602 2325 1649 2350 τοῦ
1678 2323 1786 2361 ἐντὲρου

959 2367 991 2393 τὸ
1007 2365 1105 2393 λεπτὸν
1130 2365 1202 2404 λέγει
1228 2367 1241 2394 ὁ
1261 2366 1454 2405 Ἱπποκράτης.
1480 2367 1551 2403 Φησῖ
1568 2368 1612 2395 καὶ
1633 2369 1646 2395 ὸ
1663 2367 1788 2404 Ψελλὸς,

960 2413 1008 2438 τοῦ
1033 2409 1062 2438 δὲ
1087 2410 1193 2449 ἐντέρου
1216 2412 1247 2438 τὸ
1275 2410 1372 2439 λεπτὸν
1397 2413 1577 2449 χατονομάζει
1608 2411 1728 2451 δέρτρον.
1754 2415 1789 2442 Et

961 2455 1085 2491 Γηώρας,
1102 2455 1214 2493 Γηώρας
1239 2456 1253 2482 ὁ
1281 2455 1438 2494 ἀλλότριος,
1464 2459 1512 2484 τοῦ
1526 2456 1651 2491 Ψιλλοῦ,
1674 2458 1787 2494 Γηώρας

962 2500 976 2526 ὁ
995 2499 1153 2536 ἀλλότριος,
1171 2500 1216 2527 καὶ
1232 2498 1332 2537 γέρδης
1349 2501 1362 2528 ὁ
1380 2500 1508 2539 ὑφάντης.
1523 2503 1589 2535 Qum
1612 2511 1677 2530 cum
1695 2503 1723 2530 in
1741 2503 1788 2531 his

963 2545 998 2572 de
1014 2545 1217 2580 grammatica,
1231 2547 1259 2573 et
1269 2545 1452 2574 antlstmchis
1467 2546 1612 2582 legantur,
1625 2554 1682 2575 nou
1697 2547 1787 2575 alium

963 2589 1077 2622 horum,
1093 2597 1181 2624 quam
1205 2590 1348 2618 Joannem
1375 2593 1525 2619 auctorem
1543 2591 1687 2620 Meursius
1703 2592 1788 2621 nobis

965 2633 1100 2662 intrudit.

882 2710 997 2740 NOTAE.

118 2777 158 2814 (b)
174 2776 323 2806 Meursius
337 2777 374 2806 ad
390 2777 517 2807 Psallam
532 2777 562 2806 in
578 2777 730 2806 Canticum
746 2777 897 2815 canticor.,
913 2787 943 2815 p.
959 2778 1021 2807 177.
