1937 3050
164 105 225 136 515

857 103 998 135 LEONIS
1020 103 1177 135 ALLATlI

1807 100 1869 130 516

201 170 235 200 Τί
259 170 314 199 ἐστὶ
342 168 584 209 Βαϐουτζικάριος.
605 171 676 206 Quid
703 171 740 199 sit
767 171 966 199 Babuizicariu,

1109 169 1216 197 ndeudi
1240 168 1351 205 ingenii
1379 176 1478 201 causa,
1502 169 1530 195 et
1545 167 1718 203 eloquentiae
1735 166 1871 202 divitias,

165 215 195 244 Ρ.
212 216 242 244 Ὁ
259 216 350 252 μέντοι
365 213 594 253 Βαϐουτζιχάριος
610 215 647 251 ἰξ.

201 260 264 298 Περὶ
281 263 331 295 τῆς
348 259 474 295 Γιλλοῦς,
490 261 526 289 de
547 261 622 289 Gillo
640 261 669 288 Ρ.
686 263 715 287 Ἡ
741 258 769 287 δὶ
794 258 886 287 Γιλλὼ
908 261 988 287 τοῦτο

166 303 199 340 δὴ
214 305 245 333 τὸ
261 305 388 343 ἀρχαῖον.
407 305 468 334 Καί.

201 350 285 378 Πόθεν
300 350 332 377 τὸ
353 350 400 377 τοῦ
422 352 524 386 Κερατᾶ
549 347 646 386 ὄνομα.
665 350 739 379 Unde
761 357 859 377 nomen
876 349 991 377 Cornuti

166 396 302 431 originem
336 395 476 423 habuerit.
506 395 537 422 P.
566 394 708 431 Τὲτριπται
738 392 763 421 ἐν
790 393 916 428 συνηθείᾳ
941 395 990 420 τοῦ

168 440 229 477 βίον
243 439 275 466 τὸ
290 441 337 466 τοῦ
351 441 454 476 Κερατᾶ
469 436 566 474 ὄνομα.

202 482 235 512 Τί
261 483 388 519 σημαίνει
412 483 443 510 τὸ
468 482 604 520 Καίςαρος
628 480 724 518 ὄνομα.
742 483 815 515 Quid
842 482 898 510 sibi
923 482 991 509 velit

167 528 289 556 Caesaris
304 536 422 556 nomen.
440 528 471 556 P.
486 527 522 554 Τὸ
536 529 584 554 τοῦ
601 527 732 563 Καίσαρος
749 525 847 562 ὄνομα.

203 572 251 603 Εἰς
274 572 316 606 τὸ,
333 570 358 599 εἴ
381 582 406 599 τι
433 570 555 609 ἔφθασεν.
577 573 607 600 In
632 573 712 607 illud,
728 573 752 600 si
777 572 843 608 quid
870 571 989 599 aduenit.

166 619 198 646 P.
215 615 330 656 Ἔφοασὲ
345 627 386 647 τις
404 616 499 653 εἰπὼν,
516 616 557 643 ὅτι
574 615 697 655 ἔφθασεν.

203 661 347 700 Ἐξήγησις
377 660 416 692 εἷς
443 661 485 697 τὸ,
517 661 598 699 Λίγξε
629 661 700 699 βιὸς,
730 661 811 698 νευρὴ
839 659 867 688 Si
894 659 990 698 μεγάλ’

163 704 254 742 *ίαχεν.
279 707 311 734 ιη
335 707 418 739 illud.
439 706 538 734 Stridtt
562 715 653 738 arcus.
675 715 774 734 neruus
797 709 891 734 autem
913 705 992 733 valde

165 752 269 778 sonuit.
295 751 413 779 Homeri
440 750 522 778 Iliad.
547 749 580 784 δ’,
602 760 627 778 ν.
646 751 706 778 125.
724 751 753 778 Ρ.
769 750 846 778 Ἐστι
865 749 911 786 μὲν
934 748 991 776 οὐδ’

166 794 231 832 ὅπερ
248 794 364 832 εἰρήκειν
382 794 459 827 εὐθὺς
475 794 631 832 ἐρωτηθείς.

202 839 249 870 Εἰς
264 839 313 873 τὴν
330 839 356 866 ἐν
374 839 543 875 Νικομηδεῖς,
567 839 720 876 λεγομένην
745 839 842 874 ἀκοήν.
860 842 892 867 In
909 839 990 867 intcl-
1008 856 1029 888 Β

166 885 310 913 lectionem
325 885 365 912 sic
379 885 492 918 dictam,
507 892 570 921 quae
586 885 754 913 Nicomedia:
767 888 817 912 est.
836 887 863 912 Ι).
880 884 989 919 Θαυμά-

168 930 256 962 ζουσιν
274 928 300 955 οἱ
315 926 417 955 πολλοὶ
434 927 458 954 ἐν
476 926 648 964 Νιιομηδείᾳ
663 929 770 965 ὴχεῖον.

200 972 249 1004 Τίς
274 973 291 1006 ἡ
318 970 451 1010 διάκρισις
477 974 530 999 τῶν
555 972 787 1010 συγγραμμάτων,
813 971 850 998 ὧν
877 973 916 1006 τῷ
943 971 989 1007 μὲν

166 1017 184 1052 ἡ
200 1015 363 1052 Χαρίκλεια,
388 1018 428 1052 τῷ
451 1015 480 1043 δὲ
499 1017 516 1051 ἡ
542 1016 684 1051 Λευκίππη
714 1015 840 1047 ὑπόθεσις
863 1015 991 1050 καθεστή-

166 1071 256 1089 κατον.
274 1063 403 1096 Quanam
423 1063 460 1089 sit
483 1062 664 1097 scriptionum
686 1062 856 1097 differentia,
873 1069 991 1097 quarum

166 1107 252 1134 alteri
273 1107 426 1140 Charietto,
453 1107 537 1134 alteri
561 1107 697 1142 Leucippo
721 1107 888 1142 argumento
915 1110 990 1133 sunt.

167 1153 196 1179 P.
214 1149 343 1180 Πολλοὺς
357 1149 416 1177 οἶδα
430 1149 474 1177 καὶ
489 1153 543 1177 τῶν
561 1149 636 1188 ἄγαν·

204 1195 284 1223 LXII.
303 1194 367 1232 Περί
383 1193 540 1232 παραδόξων
557 1194 747 1231 ἀκουσμάτων.
765 1196 802 1222 De
816 1195 991 1223 mirabilibus

167 1241 366 1268 auditionibus.
397 1240 462 1275 [42]
492 1242 520 1267 Ρ.
546 1237 622 1274 Μηδὲ
647 1241 746 1266 καινῶν
773 1239 990 1276 ἀναγνωσμάτων

168 1282 236 1318 εῗης.
257 1283 400 1312 Libellum
417 1284 638 1311 Schediasmate
653 1284 688 1320 (c)
705 1283 928 1312 illustravimus.

204 1329 357 1366 Ἑγχώμιον
383 1327 420 1359 εἷς
444 1327 509 1359 τοὺς
532 1327 651 1366 κόῤῥεις.
667 1329 739 1356 Laus
761 1329 890 1356 ct'mz'cum
913 1329 941 1357 Ρ.
959 1328 992 1356 Οἱ

169 1372 197 1400 δὲ
212 1371 314 1400 πολλοὶ
329 1372 392 1403 τοὺς
410 1372 524 1410 Κόῤῥεις
540 1372 707 1406 χακίζουσιν.

202 1419 354 1454 Ἐγκώμιον
371 1416 408 1448 εἷς
426 1417 476 1451 τὴν
500 1419 606 1455 φθεῖραι.
623 1417 696 1445 Laus
719 1417 847 1453 pediculi.
866 1417 896 1445 P.
915 1415 992 1444 Ἀλλ’

169 1462 183 1489 ὁ
199 1462 275 1501 φθεὶρ
290 1460 355 1493 ἴσως
369 1463 402 1498 τῇ
419 1461 522 1498 ψύλλῃ.

1043 218 1072 242 et.
1086 215 1156 249 vim,
1171 223 1235 250 quas
1253 222 1298 242 res
1317 216 1406 249 auget
1431 213 1588 243 laudando.
1615 212 1871 248 vituperandoque

1044 268 1148 287 rursus
1165 259 1270 295 afﬂigit
1282 267 1288 286 τ
1300 261 1328 286 et
1352 258 1429 294 quod
1442 256 1633 293 spectabilius
1641 259 1696 290 est,
1712 265 1800 292 parva
1817 264 1872 291 pro

1044 304 1161 340 magnis
1176 303 1328 339 approbat,
1350 303 1480 338 itemque
1497 310 1604 337 magna
1619 303 1764 334 attenuat,
1781 304 1810 328 et
1833 301 1870 328 ad

1045 348 1168 376 minima
1183 348 1312 375 deducit.
1340 347 1432 375 Licuit
1460 355 1587 382 semper,
1621 348 1649 373 et
1676 345 1819 381 antiquis,
1843 348 1874 372 et

1044 393 1211 420 subsecutis
1239 392 1377 427 deinceps
1412 392 1594 427 temporibus
1624 390 1872 426 eloquentissimo

1045 437 1161 473 cuique,
1175 440 1204 465 et
1220 445 1297 465 nunc
1313 436 1391 464 licet.
1403 437 1582 472 Argumenta
1597 435 1717 468 similia,
1743 435 1872 462 infames

1046 485 1196 520 materias,
1214 484 1255 512 vel
1270 483 1466 520 inopinabiles
1482 481 1871 518 nuncupabant.Flagitiosa

1045 529 1191 565 siquidem
1220 529 1243 556 si
1268 528 1523 560 commendarent,
1553 526 1618 561 ἆοξα
1641 525 1686 552 καὶ
1703 524 1813 552 ἄτοπα·
1841 525 1867 552 si

1046 576 1148 610 printer
1163 574 1317 601 hominum
1333 571 1513 607 opinionem,
1529 569 1667 608 παράδοξα
1682 570 1802 606 aggredi
1820 570 1867 597 di-

1046 619 1197 646 cebantur.
1213 618 1361 645 Ranarum
1380 624 1506 652 pugnam
1525 616 1686 649 Homerus;
1706 623 1808 642 unuse
1825 623 1871 642 sa-

1047 663 1194 698 pientibus
1219 662 1334 690 Graecia:
1360 661 1488 689 Pittacus
1512 660 1620 688 molam
1646 659 1802 687 laudavit:
1821 659 1872 686 Dio

1046 711 1199 735 Prussreus
1214 707 1363 735 exornavit
1383 706 1555 741 psittacum,
1578 705 1744 740 Polycrates
1757 712 1873 736 mures,

1046 752 1206 780 teredinem
1221 751 1396 783 Clitarchus,
1413 758 1547 778 muscam
1564 749 1721 780 Lucianus.
1750 748 1872 776 Themi-

1045 805 1099 824 son
1129 795 1340 832 plantaginem,
1365 795 1474 822 Marcio
1506 794 1680 828 raphanum,
1708 793 1873 820 Erasistra-

1046 844 1094 868 tus
1111 840 1327 876 lysimachiam,
1343 839 1544 875 Phytbagoras
1560 837 1675 870 bulbos,
1693 837 1808 865 Diocles
1824 845 1871 864 ra-

1046 894 1124 921 pam,
1155 885 1280 912 Phanias
1308 884 1443 917 urticam,
1459 886 1528 910 Cato
1553 882 1727 917 brassicam,
1744 884 1872 909 mortem

1043 929 1228 962 Alcidamasq
1256 929 1467 963 Aristophanes
1497 929 1720 963 paupertatem,
1757 927 1871 954 febrem

1044 977 1220 1010 quartanam
1250 973 1442 1004 Phavorinus,
1473 972 1615 1008 Synesins
1644 971 1794 1005 cavitium,
1812 971 1871 1007 [43]

1045 1019 1094 1046 alii
1111 1018 1213 1052 salem,
1229 1018 1306 1054 quod
1328 1017 1402 1045 ridet
1414 1017 1494 1045 Plato
1512 1017 1540 1044 in
1556 1016 1703 1049 Convivio,
1715 1015 1764 1043 alii
1782 1015 1876 1043 vomi-

1046 1067 1120 1096 tum,
1136 1063 1221 1095 ollas,
1251 1063 1372 1096 insecta,
1388 1064 1416 1089 et
1444 1070 1508 1097 quae
1534 1063 1604 1088 sunt
1628 1061 1717 1095 hujus
1742 1060 1875 1096 generis,

1046 1117 1109 1144 quis
1126 1107 1300 1135 Plutarchus
1315 1109 1343 1134 et
1360 1107 1513 1140 Isocrates,
1536 1109 1565 1133 et
1580 1108 1680 1133 nostra
1697 1107 1874 1140 tempestate

1046 1152 1094 1180 alii
1107 1152 1262 1188 magnifica
1276 1159 1310 1179 ac
1324 1151 1433 1179 diserta
1448 1151 1579 1178 oratione
1603 1150 1741 1177 laudibus
1768 1157 1874 1185 prose-

1046 1197 1104 1224 cuti
1121 1199 1209 1230 sunt;
1240 1196 1287 1224 hic
1313 1196 1434 1231 quidam
1460 1203 1558 1229 ovum,
1574 1194 1622 1222 ille
1648 1194 1777 1227 asinum,
1795 1194 1876 1221 alius

1046 1242 1230 1274 ebrietatem,
1246 1241 1322 1268 alius
1336 1239 1505 1272 stultitiam,
1532 1239 1608 1267 alius
1625 1239 1826 1272 mendacium,
1844 1241 1874 1266 et

1047 1286 1116 1321 quid
1141 1285 1220 1313 non?
1240 1294 1303 1320 qua:
1332 1285 1361 1312 in
1393 1292 1483 1312 unum
1513 1283 1649 1311 volumen
1679 1283 1734 1310 sub
1765 1283 1875 1310 theatri

1045 1329 1207 1358 Joco-Serii
1220 1329 1337 1356 nomine
1349 1327 1496 1364 congessit
1511 1328 1624 1363 Gaspar
1639 1328 1803 1360 Dornanus,
1832 1328 1873 1362 (ἀ)

1047 1377 1075 1402 et
1090 1374 1249 1410 publicavit
1274 1382 1331 1401 non
1352 1373 1415 1401 sine
1431 1373 1606 1409 Appendice.
1624 1375 1656 1399 Et
1680 1372 1757 1407 quod
1775 1373 1873 1406 magis

1048 1420 1164 1451 mirere,
1181 1418 1400 1454 Wittembergaa
1415 1418 1509 1445 Bruno
1525 1417 1644 1452 quidam
1661 1417 1792 1444 Nolanus
1814 1417 1875 1443 im-

1049 1464 1094 1499 pie
1119 1463 1296 1498 przsconium
1322 1462 1430 1489 diaboli
1455 1461 1593 1489 recitasse
1615 1461 1735 1496 dicitur;
1761 1463 1790 1488 et
1805 1461 1876 1496 qui-

204 1506 357 1544 Ἑγκώμιον
383 1505 421 1537 εἷς
443 1506 492 1540 τήν
517 1504 623 1542 ψύλλαν
649 1507 719 1534 Laus
741 1506 855 1542 pulicis.
878 1507 908 1534 P.
938 1506 969 1534 Τί

1110 1507 1220 1542 istius,
1246 1515 1331 1542 quem
1357 1506 1509 1534 nominare
1534 1506 1733 1541 prmtermitto,
1759 1505 1875 1533 lictoris

169 1550 293 1578 Κώνωπά
334 1560 412 1588 φασιν
454 1550 490 1580 ὡς
524 1549 682 1588 Ἐλὲφαντα,
715 1550 759 1577 καὶ
791 1548 839 1577 ’ἱνα
870 1560 900 1588 γε
931 1561 934 1576 1

1110 1552 1155 1579 lici
1172 1561 1179 1579 :
1198 1559 1296 1579 verum
1313 1559 1364 1587 pro
1380 1553 1463 1578 tanto
1479 1551 1508 1577 in
1531 1550 1704 1578 Acherontis
1719 1550 1875 1578 ministros

168 1594 242 1623 ὀδόν.
260 1595 354 1631 Hujus
377 1594 512 1622 meminit
533 1595 662 1622 Joannes
684 1595 802 1623 Tzetzes
825 1595 940 1623 chtlfad.
956 1595 991 1630 ll,

169 1641 269 1668 Histor.
287 1640 348 1668 185.

214 1691 330 1730 Μιχαὴλ
348 1691 425 1730 μὶν-ὁ
442 1691 551 1730 Ψξλλὸς
566 1690 673 1730 ψῷλλᾳς
688 1691 861 1730 ἐγκῳμιάζξι..

169 1727 333 1766 Ἠμῶκῗπρὸ
349 1727 457 1766 χρόνων
474 1727 714 1764 ὶκατὸφάκμάζων
731 1727 812 1764 ἐνήτῷ
829 1728 890 1766 βίῳ.

239 1773 355 1801 Michael
367 1773 478 1808 quidem
494 1773 602 1801 Psettu:
616 1774 723 1807 pelices
738 1773 842 1805 laudat,

239 1809 325 1837 Annis
338 1812 403 1836 ante
416 1817 465 1837 nos
478 1811 588 1836 centum
601 1809 701 1844 ﬂorens
716 1818 747 1836 ιη
761 1810 824 1837 vita.

202 1861 276 1899 Ηρὸς
289 1861 335 1889 τὸν
353 1862 477 1897 μαθητὴν
501 1861 583 1888 αὐτοῦ
606 1860 732 1899 Σέργιον,
749 1861 860 1889 εἷπόντα
885 1863 992 1898 μήποτε

169 1905 305 1944 δηχθῆναι
331 1906 382 1933 ὑπὸ
401 1905 521 1942 ψύλλης.
547 1907 576 1934 In
598 1906 767 1942 discipulum
789 1909 929 1943 Sergium,
944 1908 993 1943 put

165 1951 285 1984 dixerat,
305 1959 452 1986 nunquam
477 1959 506 1978 se
529 1959 650 1978 morsum
677 1959 694 1978 α
714 1952 817 1987 pulice.
836 1952 865 1979 P.
884 1950 932 1978 Καὶ
955 1951 991 1982 ὡς

168 1994 280 2030 ἀληθῶς
295 1993 408 2032 ἄπορον,
423 1994 444 2022 εἰ
461 1994 581 2022 πάντων.

204 2039 275 2075 Πρὸς
297 2039 341 2066 τὸν
367 2039 451 2066 αὐτοῦ
473 2041 577 2068 Παπᾶν.
594 2039 633 2067 Ad
656 2048 738 2067 suum
762 2041 876 2076 Papam.
893 2043 923 2068 P.
941 2040 991 2068 Καὶ

169 2084 292 2114 ποταπὸς
309 2086 401 2114 Παπῐις
415 2084 429 2111 ὁ
446 2086 552 2114 Παπᾶς.

203 2127 358 2165 Ἐγκώμιον
384 2127 422 2158 ιῖς
444 2128 491 2155 τὸν
515 2127 597 2155 οἶνον.
620 2130 692 2156 Laus
716 2129 788 2157 vini.
809 2129 840 2156 Ρ.
858 2128 907 2155 οὐκ
931 2127 992 2156 οἶδα

168 2171 283 2210 πότερον
301 2172 338 2203 ὡς
355 2170 515 2208 ἀνθοσμίαν.

1046 1596 1199 1628 beneﬁcio,
1225 1595 1330 1631 reliqui
1357 1595 1445 1623 Italia
1474 1595 1600 1628 lictores,
1619 1602 1654 1622 ne
1680 1594 1785 1630 ingrati
1808 1603 1877 1622 esse

1046 1641 1224 1673 viderentur,
1240 1640 1318 1667 datis
1342 1640 1378 1667 ad
1405 1639 1585 1667 laudatorem
1614 1639 1731 1672 litteris,
1747 1639 1877 1673 gratiam

1046 1686 1153 1714 referre
1168 1685 1264 1713 conati
1285 1687 1367 1718 sunt,
1387 1684 1483 1712 ofﬁcia
1498 1692 1552 1711 sua
1567 1683 1700 1720 polliciti,
1714 1692 1781 1711 cum
1798 1686 1877 1711 tem-

1047 1739 1102 1766 pus
1127 1730 1263 1763 adtuerit,
1284 1729 1368 1764 bene,
1380 1731 1408 1756 et
1418 1728 1545 1764 benigne
1555 1736 1621 1756 sese
1631 1728 1673 1755 illi
1691 1728 1875 1764 praztituros.

1046 1775 1108 1802 Non
1126 1774 1234 1802 mirum
1264 1774 1360 1809 itaque
1381 1773 1405 1801 si
1431 1773 1544 1801 Psellus
1571 1773 1658 1800 etiam
1690 1776 1800 1806 noster,
1826 1773 1878 1800 sui

1045 1819 1212 1855 experiendi
1228 1820 1332 1854 gratia,
1350 1818 1379 1845 in
1396 1817 1662 1853 contemptissimis
1677 1816 1743 1844 istis
1761 1817 1876 1852 stylum

1046 1864 1184 1892 exercuit.
1199 1863 1319 1890 Memini
1336 1871 1382 1890 me
1401 1863 1464 1890 fuse
1480 1862 1638 1890 admodum
1662 1862 1689 1889 in
1709 1861 1876 1890 Rhetoricis

1047 1908 1210 1941 dubitasse,
1239 1906 1428 1934 difﬁciliusne
1457 1906 1496 1934 sit
1524 1906 1647 1942 ideoque
1672 1906 1876 1942 prastantius,

1047 1955 1076 1980 et
1101 1952 1307 1980 admirabilius
1338 1959 1384 1979 res
1415 1951 1496 1981 viles.
1528 1951 1678 1985 minimas,
1705 1950 1750 1978 vel
1782 1951 1876 1979 etiam

1047 1997 1141 2025 malas
1156 1996 1279 2024 dicendo
1295 2003 1445 2029 exornare,
1463 2004 1498 2023 an
1516 2004 1579 2031 quia
1593 1995 1639 2022 his
1655 1994 1812 2028 contraria,
1842 1998 1878 2023 ut

1048 2042 1196 2076 virtutem,
1221 2041 1407 2076 sapientiam,
1434 2043 1463 2068 et
1492 2040 1567 2068 viros
1584 2040 1631 2067 his
1655 2039 1728 2075 ipsis
1743 2039 1876 2068 celebres

1047 2090 1075 2114 et
1090 2086 1230 2114 illustres.
1247 2085 1341 2120 Nunc,
1371 2087 1403 2112 ut
1429 2085 1578 2119 lectorem,
1597 2085 1721 2112 lectione
1749 2092 1873 2120 operum

1047 2131 1133 2159 Pselli
1149 2131 1309 2163 defessum,
1322 2129 1519 2162 sublevemus,
1537 2137 1631 2165 pauca
1645 2137 1679 2156 ex
1695 2128 1798 2156 multis
1814 2128 1874 2156 illis

1047 2176 1228 2203 adducemus
1242 2183 1293 2210 pro
1311 2177 1435 2210 utraque
1451 2176 1532 2210 parte
1541 2182 1574 2201 ex
1584 2173 1701 2209 ingenio
1713 2173 1874 2202 allerenda.

204 2217 275 2254 Πρὸς
295 2227 354 2244 τινα
369 2216 501 2252 Κάπηλον
521 2215 709 2254 μεγάλαυχον,
730 2216 775 2243 καὶ
791 2216 969 2256 φιλοσοφοῦντ

1106 2223 1188 2247 rates
1199 2219 1310 2247 similes
1321 2221 1443 2246 conatus
1454 2219 1549 2246 verbis
1557 2219 1645 2245 etiam
1658 2217 1871 2252 acerbissimis,

169 2259 286 2290 διάκενα.
298 2263 329 2290 1η
345 2261 499 2292 Cauponem
512 2261 660 2296 quemdam
674 2262 833 2296 superbum,
846 2267 874 2290 et
886 2264 994 2297 [rustra

167 2306 412 2343 philosophantem.
429 2305 460 2334 P.
488 2303 577 2332 Ἀλλὰ
605 2303 685 2336 ποίας
710 2306 793 2332 ταῦτα
819 2305 991 2346 φιλοσοφίας,

171 2350 323 2387 λογιώτατα
338 2347 447 2380 ἀδελφέ.

206 2393 253 2424 Ε’ίς
275 2404 336 2420 τινα
360 2392 504 2428 Κάπηλον,
521 2391 666 2430 γινόμενον
681 2393 804 2430 νομικόν.
831 2396 860 2423 In
886 2396 995 2432 Caupo-

169 2447 233 2467 nem
256 2439 329 2474 tege:
350 2440 576 2473 pertractantem.
594 2438 623 2466 P.
644 2437 708 2465 Εἶτα
724 2438 746 2465 si
763 2438 791 2466 σέ
810 2450 853 2470 τις
878 2438 995 2475 δικάζειν

172 2481 413 2519 ἐπιτετραμμένον.

207 2526 304 2554 LXIII.
323 2525 483 2554 Levissima
507 2525 565 2554 ista
588 2529 668 2562 sunt,
685 2529 714 2556 et
737 2529 837 2557 minus
858 2529 952 2565 seria;
968 2533 997 2559 at

1049 2265 1183 2300 pluribus
1198 2263 1228 2291 in
1246 2263 1317 2291 locis
1332 2263 1511 2297 insectatur;
1533 2262 1614 2290 Plato
1630 2262 1743 2289 deridet
1754 2262 1782 2290 in
1799 2262 1875 2290 Con-

1050 2309 1145 2343 vivio;
1173 2307 1313 2345 Synesius
1342 2307 1370 2335 in
1402 2307 1541 2343 Epistolis
1575 2307 1740 2343 improbat;
1779 2315 1876 2342 eoque

1050 2353 1205 2390 praecipue,
1223 2352 1247 2380 si
1268 2361 1332 2388 qua:
1356 2352 1426 2380 totis
1450 2352 1561 2379 viribus
1586 2353 1804 2385 consectamur,
1821 2351 1877 2379 im-

1051 2398 1142 2434 proba
1170 2397 1329 2425 decacitate
1359 2396 1582 2431 vituperentur;
1600 2398 1633 2423 ut
1662 2396 1698 2422 de
1723 2395 1876 2423 Carneade

1050 2442 1234 2478 vituperante
1244 2441 1392 2477 justitiam
1409 2440 1546 2468 traditur.
1561 2440 1643 2468 Adde
1658 2448 1664 2467 :
1687 2439 1765 2467 sicut
1788 2439 1878 2476 longe

1052 2486 1247 2523 prestabilius
1276 2488 1355 2514 esset
1382 2485 1418 2513 de
1446 2485 1535 2513 rebus
1564 2485 1688 2512 utilibus
1711 2484 1878 2512 mediocres

1051 2532 1206 2568 opiniones
1221 2530 1339 2565 habere,
1357 2538 1445 2566 quam
1474 2536 1758 2566 supervacanearum
1774 2528 1878 2564 exqui-

959 2603 1076 2632 NOT/E.

208 2655 485 2697 (c)_Neque_l_ib_ellus
508 2657 604 2692 Pselli,
622 2667 716 2695 neque
738 2659 834 2687 Allatii
857 2661 988 2690 schedia-

173 2701 238 2720 sma
252 2692 306 2719 hoc
320 2692 393 2719 vidit
407 2692 511 2720 lucem.

208 2728 246 2768 (tt)
262 2727 396 2768 Hanoviae
419 2729 503 2768 _l_619,
528 2729 578 2768 fol.
591 2729 782 2768 _l)ornaviano
796 2733 876 2766 operi
895 2733 994 2763 licebit

173 2764 280 2792 addere
290 2763 530 2794 dissertationum
551 2765 729 2794 ludicrarum
745 2769 774 2794 et
798 2763 993 2800 amoeniorem

1044 2661 1202 2698 scriptores
1217 2660 1403 2698 variosLug.
1421 2660 1483 2687 Bat.
1502 2660 1581 2698 164$
1598 2659 1642 2698 12,
1659 2660 1687 2686 et
1697 2657 1875 2698 admiranda

1048 2694 1538 2761 qgggmiqdmirabilium'cncomia.
1555 2694 1725 2730 Noviomagi
1742 2696 1872 2722 Batavor.

1121 2754 1128 2769 ,
1148 2752 1189 2761 ..η
