1937 3050
66 88 128 118 517
176 123 180 126 ,

65 158 155 186 sitam
175 157 388 194 cognitionem;
405 158 434 185 at
457 157 610 193 paululum
626 158 754 187 eminere
779 158 809 186 in
834 167 898 188 ma-

65 203 144 237 gnis,
162 211 252 239 quam
277 202 307 230 in
331 202 438 238 parvis,
457 203 619 238 prissertim
643 202 777 239 iiis,quse
801 204 891 232 vitam

65 247 140 274 nihil
162 249 277 282 juvant,
293 246 449 281 excellere;
470 247 511 275 ita
526 250 555 275 et
570 248 598 275 in
624 248 747 276 dicendo
763 248 892 284 philoso-

64 291 219 327 phandum
236 295 289 319 est.
306 292 341 319 Et
361 291 428 327 quis
445 293 537 320 nescit
559 293 733 328 gravitatem
760 293 892 321 scurrili-

65 336 129 369 tati,
146 345 193 364 res
213 336 306 364 serias
331 335 409 363 ludis
433 339 462 364 et
483 337 558 372 jocis
582 345 644 365 esse
667 337 894 366 laboriosiores?

62 384 154 420 idque
179 393 213 412 ex
237 392 270 412 eo
296 384 481 420 intelligitur,
503 389 535 413 ut
558 385 673 414 dicebat
698 388 840 414 Isocrates
863 387 892 414 in

64 428 180 456 llelenze
204 428 385 463 laudatione,
402 430 479 465 quod
495 430 644 458 neminem
670 439 800 466 unquam
827 431 891 460 illo-

64 481 130 500 rum
156 473 246 501 verba
271 473 519 506 defecerint,cum
535 474 565 501 hi
588 474 715 502 universi
738 476 824 511 longe
848 478 893 503 to-

63 517 154 545 nuius
171 518 306 552 dixerint,
321 526 408 553 quam
420 518 587 554 argumenti
605 520 775 555 magnitudo
791 522 892 556 postu-

60 561 116 596 lat,
132 563 204 590 adeo
227 563 262 590 de
288 563 376 591 rebus
391 562 548 590 luculentis
569 563 688 592 difﬁcile
712 567 756 592 est
780 564 891 600 aliquid

60 607 167 634 afferre
183 607 212 634 in
230 607 373 640 medium,
387 608 466 643 quod
491 616 577 636 nemo
592 611 659 637 ante
675 609 839 645 usurparit;
857 610 892 637 de

59 651 149 678 rebus
165 654 265 679 autem
279 653 455 688 contemptis
470 655 499 680 et
515 652 844 689 humillibus,quidqnid
862 654 890 682 in

59 699 186 728 buccam
203 701 326 734 venerit,
343 709 429 729 omne
444 702 501 738 [44]
517 703 668 738 proprium
688 703 786 737 fuerit,
803 704 890 732 Vide-

57 747 108 772 tur
125 748 224 773 tamen
242 746 337 781 magis
361 746 511 782 egregium
538 747 666 782 primum
684 756 691 775 :
709 748 795 783 primi
810 748 889 776 enim

58 789 237 825 eloquentiae
258 790 402 825 magistri,
419 791 468 826 qui
494 791 549 818 sibi
573 791 690 820 laudem
707 801 888 828 comparare,

59 836 88 861 et
103 842 208 861 omnes
226 834 254 861 in
271 834 317 862 sui
331 835 559 864 admirationem
573 836 688 864 trahere
704 838 894 882 studuerunt,
911 849 934 882 Β

58 882 174 910 similia
187 885 363 919 argumenta
384 887 576 920 usurparunt,
590 886 743 919 Homerus,
760 886 892 922 Gorgias,

58 927 250 964 Protagoras,
267 928 376 964 aliique
401 937 457 956 non
483 930 578 965 pauci,
597 933 626 957 et
642 932 708 966 post
723 930 776 958 hos
801 931 892 960 multo

60 971 174 1006 plures.
191 974 287 1007 Atque
312 973 366 1000 has
391 973 530 1001 materias
554 976 666 1002 veteres
691 975 783 1002 adorti
809 977 890 1010 sunt,

57 1028 118 1048 non
146 1021 287 1057 sophista
312 1021 419 1055 solum,
445 1023 494 1050 sed
523 1023 688 1059 philosophi
715 1032 840 1060 quoque,
858 1026 891 1052 ut

55 1065 162 1099 probat
179 1069 213 1092 A.
232 1065 342 1093 Gellius
360 1065 410 1093 lib.
427 1075 496 1100 xvu,
509 1068 591 1102 0.12,
603 1070 632 1094 et
649 1067 844 1096 Philostratus
860 1069 888 1096 in

58 1109 128 1136 Vitis
147 1110 411 1144 sophistarum.Nec
436 1111 594 1139 dicendum
621 1114 675 1146 est,
692 1115 734 1139 tot
757 1113 889 1141 eruditos

56 1153 194 1181 homines
213 1154 241 1181 in
260 1154 314 1182 hac
334 1163 364 1183 re
388 1155 481 1183 fuisse
506 1156 643 1191 deceptos
661 1165 667 1184 :
684 1164 785 1184 eorum
809 1158 887 1193 apud

55 1206 160 1225 omnes
176 1199 330 1226 zeslimatio
346 1199 506 1235 singularis
524 1200 551 1227 id
569 1203 665 1236 negat.
681 1200 725 1233 Et,
738 1201 808 1228 dum
826 1210 886 1229 ma-

52 1242 135 1270 teriis
152 1243 326 1271 difﬁcultate
344 1244 438 1280 magis
458 1248 629 1273 exercentur
645 1246 774 1282 ingenia,
791 1246 887 1282 magis

53 1287 145 1315 etiam
163 1286 261 1315 lucent
277 1295 283 1315 :
302 1288 410 1316 etenim
437 1289 485 1316 ubi
512 1289 609 1317 deﬁcit
624 1290 746 1318 materia
770 1293 887 1327 propter

53 1332 291 1367 improbitatem,
307 1335 358 1360 aut
382 1333 568 1369 tenuitatem,
584 1333 623 1361 ibi
648 1333 821 1370 eloquentis:
841 1335 885 1363 lu-

55 1376 140 1403 mina
155 1379 183 1404 et
197 1376 274 1404 vires
290 1377 385 1414 magis
405 1377 526 1406 infensas
542 1378 759 1407 vehementiora
774 1379 886 1416 spicula

54 1424 85 1452 in
102 1425 288 1453 audientium
312 1427 426 1454 animos
450 1429 653 1463 contorquent,
671 1428 777 1464 suique
801 1429 884 1465 copia

54 1470 85 1497 in
102 1470 231 1497 maxima
255 1470 355 1506 inopia
378 1471 514 1506 ingerunt
538 1472 774 1500 admirationem.
791 1473 884 1510 Magis

53 1514 135 1541 enim
162 1514 303 1542 facundia
327 1523 398 1551 opes
426 1516 455 1543 in
481 1516 568 1544 rebus
598 1517 685 1544 laude
715 1518 883 1546 carentibus

53 1558 253 1590 ostentantur.
281 1563 352 1591 Hinc
377 1564 514 1592 omnibus
540 1565 656 1601 sibique
680 1566 728 1593 isti
759 1567 882 1603 scripto-

52 1615 101 1634 res
136 1608 330 1642 persuadent,
369 1607 413 1638 Ὠς
447 1607 472 1635 εἴ
502 1608 564 1646 περί
595 1612 723 1647 πονηρῶν
757 1610 882 1648 πραγμά-

50 1661 107 1677 των
148 1649 244 1688 ἔχουσί
281 1662 308 1678 τι
351 1651 461 1689 λέγειν,
507 1653 569 1691 περὶ
609 1656 664 1681 τῶν
707 1654 799 1682 καλῶν
837 1656 882 1682 καὶ

52 1696 163 1733 ἀγαθῶν
198 1695 297 1734 ῥᾳδίως
331 1695 524 1732 εὖπορήσουσι.
559 1699 608 1734 Se,
641 1708 704 1727 cum
736 1701 769 1728 de
801 1701 883 1729 rebus

51 1741 120 1769 adeo
154 1742 317 1778 improbatis
353 1743 434 1770 verba
467 1746 629 1778 suppetant,
668 1745 703 1772 ad
734 1754 776 1773 res
808 1754 882 1781 prae-

52 1786 146 1814 claras
169 1787 348 1822 exponendas
373 1786 518 1815 luculenta
537 1790 662 1816 oratione
687 1790 769 1824 facile
793 1791 882 1818 abun—

52 1835 178 1863 daturos.
209 1835 266 1863 Nec
296 1836 373 1863 male
401 1835 539 1864 Sidonius
569 1837 748 1874 Apollinaris
776 1848 782 1867 :
812 1842 883 1867 Nam

50 1880 139 1907 moris
172 1884 211 1907 est
242 1880 432 1915 eloquentibus
466 1882 536 1909 viris
576 1883 753 1917 ingeniorum
790 1884 882 1919 facul-

50 1926 138 1951 tatem
163 1925 336 1959 negotiorum
365 1926 482 1958 probare
509 1925 744 1961 difﬁcultatibus,-
773 1929 797 1955 et
824 1928 883 1955 illic

49 1969 156 2004 stytum
184 1970 316 2004 peritum,
344 1970 426 2004 quasi
455 1971 600 2005 quemdam
627 1972 741 2006 fecundi
764 1974 884 2008 pectoris

49 2020 192 2040 vomerem
211 2013 304 2048 ﬁgere,
323 2014 371 2041 ubi
394 2015 521 2042 materiae
544 2015 650 2042 sterilis
676 2019 881 2052 argumentum,

49 2061 128 2088 velut
142 2061 230 2088 arida
240 2063 350 2097 cespitis
364 2063 457 2090 macri
466 2063 546 2098 gleba
556 2063 678 2099 jejunat.
692 2064 749 2092 Nec
761 2065 882 2093 minutae

49 2105 181 2133 bestiola:
200 2106 296 2133 minus
325 2107 497 2135 necessarias
518 2107 736 2136 existimantur.
753 2109 826 2137 Nam
843 2118 881 2138 eae

48 2158 171 2186 quoque
201 2150 229 2177 in
256 2159 309 2178 suo
333 2159 440 2186 genere
464 2152 592 2187 pulchras
619 2155 701 2186 sunt,
717 2156 746 2181 et
770 2155 881 2190 aliquid

48 2194 166 2222 decoris
187 2195 370 2223 universitati
395 2204 506 2229 rerum,
525 2199 666 2232 tanquam
694 2198 722 2225 in
747 2206 879 2227 commu-

49 2246 119 2266 nem
136 2239 360 2274 rempublicam,
372 2248 424 2276 pro
437 2249 492 2268 sua
507 2241 650 2276 portione,
664 2243 831 2278 conferunt;
849 2247 881 2272 ut

49 2287 157 2319 praeter
171 2284 245 2311 alios
268 2284 476 2312 adimadvertit
489 2286 658 2314 Aristoteles
675 2295 683 2314 ι
699 2287 735 2315 De
749 2289 878 2323 partibus

47 2328 174 2358 animal;
191 2336 253 2363 cap.
269 2329 296 2355 5.
313 2328 434 2356 Divinns
449 2329 557 2365 quippe
573 2330 682 2358 Artifex
697 2331 738 2358 ita
755 2340 881 2368 magnus

48 2375 94 2400 est
109 2372 138 2399 in
158 2373 274 2408 magnis
297 2373 394 2406 rebus,
413 2376 444 2401 ut
461 2374 557 2401 minor
572 2383 629 2402 non
655 2375 693 2403 sit
717 2376 746 2403 in
773 2378 879 2412 parvis.

46 2424 196 2457 Recteque
225 2431 242 2450 a
269 2422 364 2450 Plinio
394 2423 444 2451 lib.
471 2431 491 2450 ιι
514 2424 609 2452 Natur.
638 2425 738 2452 Histor.
764 2433 827 2462 cap.
849 2427 877 2453 2.

46 2467 192 2501 scriptum
210 2469 255 2494 est
270 2475 277 2494 :
293 2469 326 2495 In
344 2468 455 2502 magnis
477 2469 646 2504 corporibus,
662 2474 710 2497 aut
733 2474 805 2498 certe
819 2479 878 2498 ma-

41 2511 165 2547 joribus,
179 2511 292 2546 facilem
315 2511 460 2546 ofﬁcinam
482 2514 594 2549 sequaci
616 2515 734 2542 materia
753 2522 810 2542 esse
824 2524 833 2542 :
848 2516 879 2542 in

43 2556 151 2592 parvis,
168 2557 250 2591 atque
268 2564 320 2584 sua
334 2557 458 2584 emililate
472 2558 569 2593 nullis,
585 2557 705 2586 multam
730 2560 877 2595 rationem,

45 2605 214 2632 immensam
233 2605 299 2638 vim,
317 2606 540 2634 inextricabilem
562 2607 776 2642 perfectionem;
791 2610 817 2635 ct
832 2617 876 2636 re-

45 2658 109 2676 rum
124 2653 257 2676 naturam
270 2658 414 2685 nunquam
433 2652 534 2685 magis,
551 2659 634 2686 quam
648 2652 678 2679 in
693 2653 819 2680 minimis
835 2655 876 2681 to-

46 2695 104 2721 tam
118 2701 185 2721 esse.
199 2693 297 2729 quue
313 2697 425 2730 spectat
439 2695 511 2723 illud
528 2695 561 2723 D.
575 2696 734 2732 Augustini
750 2696 801 2724 lib.
818 2705 877 2725 xxn

46 2738 81 2765 de
97 2737 180 2765 Civil.
200 2739 264 2771 Dei,
276 2746 338 2774 cap.
354 2739 408 2766 2’1:
423 2741 463 2768 Ea
475 2740 538 2776 plus
554 2740 654 2769 habent
670 2741 876 2776 admirationis,

46 2790 106 2818 quae
123 2782 211 2810 molis
239 2783 399 2812 minimum.
423 2784 491 2812 Plus
511 2785 587 2813 enim
609 2786 828 2822 formicularum
852 2788 878 2815 et

698 89 883 122 DIATRIBA
904 91 955 123 DE
977 92 1149 126 PSELLIS.

1717 104 1777 136 518

913 161 940 194 Α
954 161 1133 209 apicularum
1148 171 1230 200 opera
1248 169 1395 203 stupemus,
1412 176 1494 205 quam
1513 170 1650 200 immensa
1663 179 1780 209 corpora

952 205 1137 235 balaenarum.

985 251 1085 298 LXIV:
1101 252 1155 298 sed
1181 253 1215 281 de
1244 255 1342 290 parvis
1371 264 1465 292 pauca
1486 256 1555 298 hmo
1572 259 1662 287 etiam
1691 261 1777 298 satis.

947 295 1056 323 Caetera
1070 296 1156 324 Pselli
1173 306 1396 335 persequamur.
1549 297 1555 302 ’

984 337 1030 370 Ei’:
1053 341 1098 367 τὸν
1118 340 1200 368 αὐτοῦ
1224 339 1334 380 ἔγγονον
1361 342 1400 371 ἔτι
1423 346 1519 380 νήπιον
1545 344 1616 376 ὄντα.
1634 349 1664 377 In
1693 358 1774 378 suum

945 385 1066 430 nepotem
1093 386 1186 414 adhuc
1213 387 1359 424 infantem.
1378 390 1407 418 P.
1433 390 1489 418 Οὐχ
1513 390 1616 428 ὅψομαί
1641 403 1670 420 σε
1695 391 1772 430 ἴσως,

947 427 1076 465 φίλτατόν
1094 440 1141 465 μοι
1156 430 1333 470 βρεφύλλιον.

983 473 1040 509 [45]
1069 474 1224 520 Ἑγκῴμιον
1253 476 1292 507 εἰς
1320 477 1380 505 τινὰ
1410 479 1546 508 Νικόλαον
1574 482 1706 520 μοναχὸν,
1729 493 1775 520 γε·

947 516 1061 552 νόμενον
1105 519 1312 556 καθηγούμενον
1349 525 1400 557 τῆς
1438 523 1464 550 ἐν
1501 516 1773 563 Ὀλύμπῳημονῆς.

949 561 1024 589 Laus
1051 563 1194 598 cuiusdam
1223 566 1354 594 monac/ti
1381 568 1498 603 Nicolai,
1524 571 1574 606 qui
1603 561 1632 599 in
1662 561 1776 608 Olympi

948 609 1113 651 monasterio
1140 616 1240 644 praeses
1267 611 1371 645 fuerat.
1388 613 1419 640 P.
1440 612 1620 651 ’Υψηλότεροι
1650 615 1698 651 μὶν
1724 619 1774 651 τῆς

947 661 1000 678 απο
1015 661 1080 680 των.

982 696 1136 732 Ἐγκώμιον
1167 696 1205 729 εἷς
1233 697 1278 725 τόν
1306 700 1424 737 μοναχὸν
1454 701 1582 737 Ἰωάννην
1611 703 1656 731 τὸν
1686 707 1772 742 Κρου-

945 739 1061 767 στουλᾶν
1085 741 1130 768 τὸν
1160 741 1308 779 ἀναγνόντα
1334 743 1361 771 ἐν
1387 746 1421 781 τῇ
1448 744 1529 783 Ἀγίᾳ
1549 749 1637 784 Σορῷ.
1653 739 1774 779 Joannis

946 784 1083 814 Crustula:
1109 788 1236 815 monachi
1265 789 1336 821 laus,
1366 791 1417 825 qui
1445 791 1475 817 in
1503 790 1530 818 S.
1556 792 1629 820 Urna
1658 793 1771 830 legerat.

949 832 978 857 P.
993 829 1026 857 Tl
1038 832 1130 865 τοῦτο,
1144 830 1222 862 εὐθὺς
1238 832 1289 869 γὰρ
1305 832 1343 863 εἰς
1360 831 1490 861 ὂεδυκότα
1507 845 1541 871 με
1554 836 1599 863 τὸν
1615 829 1690 866 ναόνζ

984 874 1189 920 Ἐπαινοςντοῦ
1214 876 1331 912 Ἰταλοῦ,
1358 879 1432 907 Laus
1457 880 1523 908 Itali
1549 883 1581 910 P.
1604 881 1648 913 Ὡς
1678 882 1706 911 εὗ
1732 885 1772 920 τῷ

947 918 1054 954 Ἰταλῷ.
1072 919 1103 946 Εἰ
1119 918 1148 947 δὲ
1164 919 1305 957 βούλοιτο.

982 963 1051 1000 Πρὸς
1079 964 1142 994 τοὺς
1169 965 1300 1001 μαθητὰς,
1324 967 1384 1004 περὶ
1413 969 1462 1000 τῆς
1493 968 1576 1004 αὐτῆς
1606 971 1771 1003 ὑποθέσεως.

944 1007 985 1035 Ad
997 1008 1157 1055 discipulos,
1173 1010 1206 1037 de
1228 1010 1323 1055 eodem
1346 1015 1518 1047 argumento.
1535 1014 1566 1042 P.
1584 1013 1680 1046 Οὐδεὶς
1705 1018 1771 1055 παρ’

943 1051 1010 1087 ἡμῖν
1028 1050 1084 1079 οὔτ’
1097 1052 1251 1090 αἰχμητὴς,
1269 1052 1324 1081 οὔτ’
1341 1055 1514 1092 ἀκοντιστής.

979 1095 1050 1132 Πρὸς
1064 1096 1128 1128 τοὺς
1147 1097 1337 1134 βασκαίνοντας
1359 1099 1442 1136 αὐτῷ,
1459 1101 1560 1131 Contra
1573 1104 1619 1132 sui
1631 1104 1770 1134 obtrecta-

941 1143 1014 1169 tores
1030 1142 1058 1169 P.
1076 1142 1168 1177 Ὑμεῖς
1189 1142 1236 1179 μὲν
1254 1142 1352 1178 οὕτως,
1369 1143 1440 1183 λέγω
1457 1144 1485 1173 δὲ
1499 1146 1572 1178 τούς.

979 1185 1049 1222 Πρὸς
1069 1185 1138 1231 τοὺς
1157 1186 1264 1231 αὐτούς.
1290 1188 1322 1216 In
1343 1189 1465 1220 eosdem.
1493 1191 1523 1219 P.
1541 1189 1603 1219 050'
1631 1192 1693 1228 ὑμῖν
1720 1194 1768 1231 βα-

941 1239 1006 1256 σκαν
1012 1229 1052 1260 ίας
1067 1240 1117 1267 περ
1123 1229 1288 1268 ιλελείψεται
1305 1231 1415 1271 ἀφορμή
1424 1254 1430 1260 .

977 1273 1051 1302 Kurd.
1073 1285 1145 1306 τινος
1175 1273 1389 1313 λοιδορήσαντος
1414 1277 1494 1306 αὐτὸν
1520 1279 1638 1318 ἀφανῶς.
1665 1283 1767 1311 Contra

941 1319 1094 1364 quemdam,
1106 1321 1160 1364 qui
1186 1321 1230 1348 illi
1253 1321 1414 1350 clanculum
1436 1323 1629 1354 maledixerat.
1646 1329 1677 1356 P.
1694 1327 1765 1364 Πρὸς

939 1363 988 1396 τὴν
1003 1361 1142 1400 λοιδορίαν
1159 1364 1173 1391 ὁ
1189 1363 1284 1402 λόγος.

976 1407 1046 1445 Πρὸς
1060 1407 1123 1439 τοὺς
1146 1409 1267 1445 μαθητὰς
1295 1409 1508 1450 ἀπολειφθέντας
1532 1417 1583 1448 τῆς
1607 1413 1764 1451 ἑρμηνείας.

937 1453 986 1479 τοῦ
1002 1452 1066 1490 Περὶ
1082 1452 1236 1490 ἑρμηνείας.
1252 1455 1292 1483 Ad
1306 1456 1465 1492 discipulos,
1480 1459 1529 1494 qui
1543 1459 1767 1496 interpretationi

939 1497 1005 1525 libri
1017 1498 1173 1526 Aristotelis
1194 1499 1228 1527 de
1249 1500 1479 1536 lnterpretatione
1493 1511 1548 1531 non
1563 1504 1763 1541 interfuerunt.

898 1531 920 1565 (ἶ
941 1544 969 1569 P.
987 1541 1058 1577 Πρὸς
1068 1541 1131 1573 τοὺς
1147 1531 1362 1581 ἀπολειφθέντας
1376 1545 1390 1572 ὁ
1403 1544 1497 1584 λόγος.

974 1587 1039 1614 "Ore
1067 1583 1212 1624 ἐϐράδυναν
1243 1589 1268 1615 οἱ
1292 1589 1409 1625 μαθηταὶ
1436 1583 1517 1618 αὐτοῦ
1541 1593 1574 1629 τῇ
1590 1595 1641 1628 τῆς
1656 1593 1764 1632 σχολῆς

939 1630 1099 1667 ξυνελεύσει.
1118 1634 1188 1661 Cum
1208 1634 1339 1670 discipuli
1362 1635 1443 1664 tarde
1458 1636 1493 1664 ad
1508 1630 1766 1668 conventumscho-

940 1676 1069 1704 lasticum
1086 1679 1290 1713 processissent.
1308 1679 1338 1706 P.
1356 1677 1439 1707 Οὐδὲν
1466 1681 1556 1708 καινὸν
1582 1686 1687 1710 ποιεῖτε
1710 1684 1766 1712 οἰτε

939 1718 1079 1751 δοκοῦντες
1096 1721 1159 1756 ὑμῖν
1177 1721 1335 1761 φιλόσοφοι.

975 1765 1053 1793 LXV.
1084 1764 1213 1802 Μονῳδία
1242 1766 1285 1794 ἐπὶ
1315 1768 1447 1805 Ῥωμανῷ
1470 1769 1707 1808 Ῥαιφερενδαρίῳ,
1735 1774 1764 1800 in

939 1810 1094 1837 Romanum
1121 1811 1377 1848 _Rc/erendarium,
1411 1813 1545 1843 Monodia.
1581 1816 1610 1844 P.
1638 1815 1764 1848 Πολλοὺς

938 1852 991 1891 ἐγὼ
1005 1855 1059 1880 τῶν
1076 1853 1163 1892 φίΛων
1181 1855 1354 1890 τεθνηκότας.

973 1896 1103 1934 Μονῳδία
1119 1897 1156 1930 εἱς
1180 1899 1226 1926 τὸν
1250 1899 1382 1939 πρόεδρον
1402 1901 1478 1939 κύριν
1503 1903 1618 1941 Μιχαὴλ
1633 1904 1678 1932 τὸν
1702 1905 1763 1932 Ῥα-

939 1940 1031 1977 δηνόν,
1048 1944 1078 1971 in
1091 1945 1249 1972 aniistitem
1270 1946 1412 1974 dominum
1433 1940 1597 1977 Michaelem
1612 1949 1762 1986 Radenum,

937 1987 1071 2022 Monodia,
1088 1989 1119 2014 P.
1137 1990 1202 2020 Τοῖς
1216 1989 1262 2025 μὶν
1278 1988 1376 2021 ἄλλοις
1392 1993 1442 2027 τῷ.

973 2029 1100 2067 Μονῳδία
1125 2031 1162 2063 εἴς
1191 2033 1240 2067 τήν
1269 2036 1317 2061 τοῦ
1344 2035 1508 2073 ἀκτουαρίου
1531 2036 1657 2065 Ἰωάννου
1683 2037 1764 2066 ἀδελ-

938 2076 1002 2114 φήν,
1024 2077 1054 2104 in
1077 2078 1197 2106 actuarii
1220 2079 1334 2107 Joannis
1356 2088 1488 2116 sororem,
1512 2082 1647 2111 Monodia.
1673 2085 1705 2111 P.
1731 2086 1764 2110 Ὢ

937 2119 1017 2152 ποίας
1032 2121 1046 2148 ὁ
1062 2121 1171 2158 Δαίμων
1188 2122 1313 2160 ἀφορμὰς
1329 2122 1429 2162 λόγων.

974 2163 1101 2201 Μονῳδία
1126 2165 1163 2198 εἰς
1199 2167 1328 2203 Ἰωάννην
1363 2169 1410 2196 τὸν
1449 2169 1592 2206 Πατρίκιον
1623 2170 1762 2208 ὁμιλητὴν

898 2220 923 2252 D
938 2209 1020 2236 αὐτοῦ
1037 2207 1110 2244 ὅντα,
1127 2212 1157 2238 in
1177 2213 1311 2240 Joannem
1332 2213 1490 2242 Patricium
1505 2216 1685 2252 discipulum,
1704 2219 1763 2245 Μο-

937 2254 1030 2283 nodia.
1050 2255 1080 2282 P.
1098 2256 1192 2294 Κωφὸν
1209 2257 1277 2292 ἡμῖν
1292 2257 1324 2284 τὸ
1339 2257 1529 2296 ἀκροατήριον.

972 2298 1082 2335 Ἰωάννῃ
1113 2299 1235 2337 Βούρτζῃ
1275 2302 1431 2340 Βεσυτάρχῃ,
1467 2302 1680 2339 τελευτήσαντος
1712 2307 1762 2333 τοῦ

936 2340 1054 2381 ἀδελφοῦ
1083 2342 1176 2378 αὐτοῦ,
1201 2345 1236 2372 ad
1257 2347 1397 2374 Joannem
1423 2349 1550 2376 Burtnem
1575 2350 1762 2386 Bestarcham,

935 2388 967 2415 ob
982 2388 1084 2415 obitum
1101 2389 1179 2416 illius
1192 2391 1302 2425 fratris.
1320 2390 1348 2418 P.
1363 2390 1418 2419 Οὐκ
1433 2390 1493 2419 οἶδα
1507 2391 1567 2420 τίνα
1582 2403 1636 2422 σοι.

971 2431 1129 2471 Ἐπιτάφιος
1160 2433 1198 2465 εἴς
1220 2444 1281 2462 τινα
1307 2434 1388 2474 φίλον
1416 2436 1510 2472 αὐτοῦ,
1539 2437 1584 2465 καὶ
1613 2445 1761 2475 συμμαθηο

933 2476 995 2510 τήν,
1012 2478 1043 2504 in
1059 2478 1206 2513 quemdam
1225 2480 1345 2508 amicum
1369 2483 1395 2508 et
1419 2481 1649 2519 condiscipulum,
1667 2483 1762 2513 Oratio

933 2522 1069 2557 funebris.
1084 2522 1115 2550 P.
1134 2522 1202 2560 Ἐγὼ
1220 2523 1267 2559 μὲν
1282 2523 1362 2560 ᾤμην
1380 2525 1536 2563 ἀνακωχήν.

970 2564 1129 2604 Ἐπιτάφιος
1146 2566 1184 2611 οἷς
1206 2568 1256 2602 τὴν
1282 2569 1413 2606 θυγατέρα
1438 2570 1591 2606 Στυλιανὴν
1611 2572 1664 2610 πρὸ
1689 2572 1762 2611 ὥρας

933 2611 982 2636 τοῦ
1007 2610 1097 2647 γάμου
1119 2609 1328 2647 τελευτήσασαν,
1349 2615 1377 2642 in
1401 2615 1490 2650 ﬁliam
1511 2617 1683 2654 Slylitmam,
1699 2609 1763 2655 quae

933 2657 998 2700 ante
1020 2655 1182 2691 nuptiarum
1208 2661 1314 2692 tempus
1338 2661 1455 2687 mortem
1477 2660 1556 2689 obiit.
1579 2662 1609 2690 P.
1626 2661 1763 2700 Θυγατέρα

931 2700 972 2735 τῷ
987 2697 1061 2736 λόγῳ
1071 2702 1170 2736 τιμῶν.

969 2744 1033 2780 [46]
1050 2743 1207 2783 Ἐπιτάςθιος
1236 2745 1274 2776 εἴς
1296 2746 1345 2780 τὴν
1373 2747 1469 2775 Hoeni}
1498 2750 1612 2787 μητέρα,
1641 2753 1671 2780 in
1698 2760 1757 2780 ma-

930 2790 1010 2824 trem,
1025 2789 1121 2818 Oratio
1139 2791 1274 2826 funebris.
1292 2792 1322 2820 P.
1341 2791 1380 2821 Τὸ
1395 2791 1543 2830 ιγκώμιον,
1558 2793 1623 2823 ἀλλ’
1640 2795 1691 2832 οὐχ
1708 2796 1757 2826 ὡς.
