1937 3055
174 73 234 103 527

868 74 1009 103 LEONIS
1031 74 1187 105 ALLATII

1823 84 1880 114 528

172 140 300 168 tibilium
319 139 435 177 dicitur.
459 140 505 167 54.
531 140 682 174 Quemnam
704 141 831 168 animum
855 141 934 168 Plato
953 149 997 176 ge-
1013 142 1039 174 Α
1055 141 1121 169 loco.
1152 141 1211 169 155.
1241 142 1278 170 De
1312 145 1397 171 terra.
1420 143 1482 171 156.
1509 145 1550 172 An
1582 146 1701 174 mundus
1730 149 1877 178 animatus.

171 188 252 212 nerat
267 185 296 212 in
313 185 474 212 Timaee.55.
485 184 549 218 Qum
563 185 600 212 sit
617 185 722 213 animae
732 185 920 220 facultas.56.
930 186 1001 219 Qua-

169 228 208 256 les
223 229 279 256 sint
293 229 383 256 animi
397 228 556 264 facultates,
572 233 597 256 et
613 236 684 264 quae.
700 229 745 256 57.
764 229 830 263 Quae
844 231 880 257 sit
900 229 1000 257 divisio

168 274 359 300 communium
394 274 585 308 operationum
620 273 712 300 animi
744 275 783 300 ad
815 282 928 309 corpus.
952 274 997 300 59.

170 322 287 355 Quando
302 323 414 350 animus
428 321 590 359 generando
609 323 707 349 unilur
727 323 850 357 corpori.
865 323 910 350 60.
927 323 998 356 Quo-

169 367 252 394 modo
265 367 376 402 corpori
390 368 502 394 animus
524 367 654 394 uniatur.
670 367 716 393 61.
733 367 768 394 De
792 367 889 394 anima
910 367 997 394 ratio-

170 411 214 438 nis
229 412 351 446 experte.
367 411 411 438 62.
429 411 497 445 Quae
517 411 554 438 sit
577 411 714 442 voluntas,
728 411 753 437 et
773 418 834 446 qum
857 411 997 445 operativa

170 455 311 490 cogitatio.
326 455 371 482 63.
388 455 425 482 De
447 455 580 482 electione
603 458 629 482 et
649 455 808 482 attentione.
834 455 880 482 64.
903 456 997 483 Utrum

169 500 281 527 animus
308 508 326 526 a
348 507 470 535 corpore,
499 507 536 526 an
559 507 657 534 corpus
678 499 713 526 ab
742 500 837 527 animo
863 499 996 528 dissolva-

171 549 227 571 tur.
252 545 297 572 65.
323 543 458 578 Quomodo
482 544 656 571 contineatur
680 546 790 571 animus
814 545 842 571 in
871 552 993 579 corpore.

168 588 215 621 66,
238 588 284 621 67,
305 589 350 622 68,
375 588 421 621 69,
438 589 485 623 70,
504 588 550 622 71,
569 588 618 621 72,
638 588 684 620 73,
704 588 749 621 74,
766 589 810 621 75,
827 589 872 621 76,
889 589 934 623 77,
949 589 993 624 78,

167 633 214 667 79,
229 633 274 666 80,
290 633 335 660 81.
353 633 389 660 De
413 633 573 667 virtutibus,
589 632 634 659 82.
658 634 691 659 In
711 640 763 668 quo
786 633 898 668 differat
919 635 994 665 prin-

166 678 270 712 cipium
295 678 330 705 ab
353 678 506 705 elementis.
523 677 567 704 83.
587 678 626 704 De
648 677 810 712 principiis,
835 677 901 712 quid
925 679 992 712 sint,

165 722 210 748 84.
229 724 267 750 De
282 722 363 749 ideis.
378 722 423 749 85.
441 722 476 749 De
495 721 668 750 daemonibus
691 723 715 748 et
741 721 876 749 heroibus.
894 723 938 750 86.
955 723 993 751 De

164 768 292 794 materia.
308 766 354 793 87.
370 766 407 793 De
425 773 526 793 causis.
551 766 595 793 88.
617 766 653 792 De
675 765 781 799 ﬁguris.
797 766 842 792 89.
859 767 896 793 De
919 767 991 795 colo-

165 810 254 856 ribus.
267 810 312 837 90.
330 813 371 838 De
396 811 523 838 mistione
544 814 568 837 et
582 811 867 856 temperamento.91.
884 811 922 856 pe
943 819 990 846 ge-
1005 823 1028 856 Β

164 855 305 882 neratione
329 856 356 882 et
380 859 563 890 corruptione.
578 854 624 881 92.
640 854 677 881 De
697 854 867 888 corporibus.
886 854 930 881 93.
954 856 991 884 De

164 899 298 926 minimis.
316 899 361 926 94.
380 902 419 927 De
441 898 606 934 differentiis
627 899 825 933 cognitionum.
848 899 892 926 95.
914 901 990 934 Quo-

166 943 244 970 modo
276 952 334 970 non
366 951 474 979 semper
497 944 581 970 Deum
611 943 821 978 particz’pamus,
849 951 910 970 cum
934 943 990 971 ille

163 994 271 1020 semper
294 990 431 1023 operetur.
446 988 492 1014 96.
507 989 600 1022 Quare
623 987 735 1014 omnino
759 987 865 1014 malum
880 988 925 1015 sit.
941 988 986 1016 97.

162 1036 320 1064 Absolutius
345 1036 377 1064 de
396 1036 484 1064 malo.
500 1036 546 1063 98.
571 1035 602 1064 Si
625 1037 666 1063 est
690 1036 721 1062 in
742 1036 851 1070 angelis
874 1036 987 1072 aliquod

161 1081 275 1108 malum.
302 1081 346 1108 99.
379 1081 410 1109 Si
440 1082 471 1108 in
504 1081 561 1108 loco
594 1081 783 1115 incorporeum
807 1081 852 1107 sit.
878 1081 938 1108 100.
956 1081 987 1109 Si

157 1125 264 1152 malum
283 1126 414 1153 materia.
441 1125 502 1153 101.
527 1125 565 1152 De
588 1132 683 1152 rerum
704 1124 742 1151 ad
764 1124 850 1151 Deum
873 1133 984 1153 conver-

155 1170 244 1197 sione.
271 1170 331 1197 102.
357 1171 394 1198 De
417 1173 544 1205 tempore.
572 1169 633 1196 103.
649 1169 686 1196 De
713 1173 795 1196 motu.
810 1169 870 1196 104.
888 1170 925 1197 De
939 1178 984 1198 ne-

154 1215 291 1242 cessitate.
318 1214 379 1242 105.
406 1215 443 1242 De
464 1215 532 1250 fato.
557 1214 617 1241 105.
645 1215 684 1240 De
718 1215 830 1247 fortuna
858 1216 884 1241 et
905 1222 982 1242 casu.

158 1259 220 1286 107.
237 1261 278 1286 De
295 1259 399 1287 sweulo
422 1261 447 1286 et
471 1263 603 1294 tempore.
632 1258 692 1285 108.
714 1258 752 1284 De
775 1259 897 1294 quinque
920 1267 981 1287 sen-

154 1303 238 1331 sibus.
271 1304 331 1331 109.
358 1304 399 1331 An
428 1310 523 1330 verum
557 1303 592 1330 sil
625 1303 774 1330 nonnullos
801 1303 941 1338 fascinari
962 1312 979 1332 a

153 1347 318 1375 videntibus.
345 1348 405 1375 110.
431 1346 568 1381 Quomodo
592 1347 708 1382 eclipses
730 1347 807 1381 ﬁant.
828 1347 888 1375 111.
907 1348 977 1381 Quo-

153 1392 232 1420 modo
247 1400 339 1420 mares
351 1396 376 1420 et
389 1393 500 1427 feminae
523 1393 702 1427 generentur.
727 1392 787 1418 112.
806 1392 895 1425 Quare
918 1400 980 1420 mu-

154 1436 207 1464 tier
220 1437 321 1473 saepius
335 1437 426 1464 uirum
441 1438 556 1471 experta
571 1443 625 1463 non
649 1436 776 1470 concipit.
798 1436 859 1463 113.
882 1439 979 1472 Quare

151 1481 257 1514 gemini
271 1483 297 1508 et
312 1481 457 1515 tergemini
479 1484 639 1508 nascuntur.
658 1479 717 1506 114.
737 1480 812 1507 Unde
830 1485 976 1515 parentum

1059 185 1117 212 157.
1133 186 1174 213 An
1188 186 1308 214 mundus
1320 187 1412 223 factus
1427 189 1470 222 sit,
1487 191 1512 215 et
1528 190 1758 226 incorruptibilis.
1772 194 1878 222 158.An

1053 229 1172 257 mundus
1187 231 1337 258 nutriatur.
1354 232 1415 258 159.
1433 232 1470 259 De
1493 233 1591 262 ordine
1615 236 1723 264 mundi.
1746 237 1807 265 160.
1825 239 1880 273 Qua

1052 281 1132 301 causa
1157 276 1277 302 mundus
1299 276 1443 303 universus
1468 277 1619 305 inclinatus
1642 282 1687 307 sit.
1716 281 1778 309 161.
1795 283 1883 311 Unde-

1053 325 1119 345 nam
1141 320 1289 354 gentilium
1309 319 1589 350 demonstrationibus
1612 325 1711 352 mundi
1741 325 1805 360 ﬁnis
1829 327 1878 355 ha-

1054 361 1162 390 beatur.
1189 363 1251 391 162.
1277 365 1341 398 Quae
1363 365 1464 393 dextra
1487 367 1597 400 mundi,
1622 373 1648 396 et
1671 377 1731 404 quae
1755 372 1880 400 sinistra.

1052 407 1114 434 163.
1132 407 1169 434 De
1183 409 1415 437 transmutatione
1428 413 1513 439 terrae
1525 413 1663 446 partium.
1682 414 1743 441 164.
1760 416 1796 443 De
1823 419 1875 444 ter-

1051 459 1089 478 rae
1105 453 1232 480 motibus.
1247 453 1306 480 165.
1327 455 1363 481 De
1376 463 1479 488 magna
1498 456 1603 491 hyeme.
1623 458 1683 485 166.
1701 459 1790 493 Quare
1804 469 1875 497 aqua

1051 497 1165 523 marina
1179 501 1218 524 est
1231 497 1313 524 salsa.
1323 498 1383 526 167.
1395 498 1454 532 Qua
1467 507 1550 527 causa
1567 501 1598 528 in
1612 504 1690 529 mari
1703 511 1776 538 aqua
1790 504 1877 533 dulcis

1051 540 1223 568 inveniatur.
1247 542 1308 569 168.
1341 543 1431 576 Quare
1452 552 1524 580 aqua
1549 547 1660 574 marina
1685 548 1800 576 arbores
1826 557 1880 577 non

1049 585 1166 612 nutriat.
1183 585 1246 612 169.
1264 586 1355 620 Quare
1372 588 1399 614 in
1416 596 1492 616 mare
1516 590 1573 617 oleo
1592 591 1688 626 effuso,
1704 600 1781 620 mare
1804 593 1879 621 dilu-

1049 629 1144 655 cidum
1172 630 1224 664 ﬁat
1247 632 1275 657 et
1303 631 1436 666 quietum.
1463 632 1525 660 170.
1552 633 1609 667 Qua
1643 643 1736 670 causa,
1759 645 1821 665 cum
1849 639 1878 665 in

1048 681 1125 701 mare
1142 674 1247 708 fulmen
1269 675 1410 710 ceciderit,
1435 678 1476 704 sal
1501 681 1632 713 emergat.
1657 680 1719 708 171.
1740 682 1776 710 De
1799 683 1877 717 ﬂuxu

1046 719 1073 744 et
1098 718 1209 752 reﬂuacu
1236 719 1364 747 Euboico.
1391 721 1451 748 172.
1478 724 1571 758 Quare
1593 725 1674 759 aquis
1707 725 1879 761 pluvialibus

1046 763 1138 796 magis
1153 771 1236 798 quam
1249 766 1426 792 currentibus
1440 767 1551 795 arbores
1571 773 1595 795 et
1620 771 1726 797 semina
1749 773 1877 799 nutrian-

1047 810 1105 833 tur.
1124 807 1183 834 173.
1201 807 1290 841 Quare
1304 817 1342 836 ea:
1356 811 1437 844 aquis
1450 810 1632 847 pluvialibus,
1649 821 1713 848 quae
1725 823 1788 842 cum
1803 817 1876 843 toni-

1046 853 1091 877 tru
1116 853 1142 878 et
1170 851 1278 887 fulgore
1310 853 1449 887 decidunt,
1484 864 1572 890 magis
1604 859 1713 885 semina
1740 860 1873 888 irrorant.

1043 894 1106 922 174.
1140 896 1177 924 De
1210 898 1351 924 nonnullis
1385 899 1508 927 iacubus.
1542 901 1603 928 175.
1634 903 1670 930 De
1696 904 1868 938 ﬂuminibus.

1043 938 1104 966 176.
1126 940 1164 967 De
1188 940 1247 968 Nili
1270 942 1449 971 incremento.
1468 944 1528 971 177.
1546 945 1637 978 Quare
1661 948 1738 974 inter
1754 948 1871 982 ﬂumina

1042 983 1120 1011 Nilus
1135 985 1209 1012 solus
1225 988 1317 1014 ventos
1342 995 1396 1014 non
1419 989 1508 1023 efflat.
1526 989 1588 1017 178.
1611 991 1647 1018 De
1670 992 1802 1020 maximis
1824 1000 1867 1020 re-

1040 1028 1114 1061 gnis.
1127 1029 1187 1056 179.
1205 1030 1241 1057 De
1260 1030 1430 1060 humoribus.
1449 1033 1500 1060 180
1527 1034 1617 1067 Quare
1629 1039 1751 1070 pastores
1775 1045 1872 1074 recens

1039 1074 1112 1099 natis
1127 1075 1317 1102 animantibus
1338 1076 1380 1103 sat
1404 1077 1575 1112 inspergunt.
1590 1078 1652 1107 181.
1675 1080 1766 1114 Quare
1785 1082 1870 1117 poly-

1037 1125 1090 1151 pus
1114 1118 1232 1146 colorem
1253 1127 1395 1154 saxorum,
1418 1122 1517 1156 quibus
1536 1130 1592 1150 sese
1613 1124 1808 1159 applicaverzt,
1824 1127 1868 1153 in-

1038 1160 1115 1188 duat.
1152 1162 1211 1189 182.
1251 1164 1342 1197 Quare
1375 1166 1470 1200 palma
1496 1174 1570 1195 ursae
1603 1169 1637 1194 ad
1668 1170 1867 1197 comedendum

1037 1206 1202 1234 suavissima
1230 1210 1280 1234 est.
1313 1209 1374 1236 183.
1409 1212 1506 1244 ()uare
1536 1212 1678 1240 Dorienses
1715 1219 1866 1248 precantur

1035 1251 1140 1277 malum
1155 1250 1303 1279 herbarum
1317 1256 1492 1288 proventum.
1509 1255 1569 1282 184.
1588 1257 1677 1290 Quare
1692 1266 1760 1285 ursa
1771 1263 1865 1294 capta,

1037 1299 1094 1321 rete
1116 1302 1171 1322 non
1199 1297 1325 1324 comedit.
1354 1299 1414 1325 185.
1440 1299 1531 1332 Quare
1552 1300 1636 1334 lotigo
1670 1303 1729 1330 visa
1761 1307 1864 1339 tempe-

1035 1339 1131 1366 statem
1159 1342 1306 1376 praesagit.
1334 1342 1394 1369 186.
1425 1343 1515 1374 Quare
1547 1345 1670 1372 triticum
1700 1347 1730 1373 in
1760 1347 1862 1383 lutosa,

1034 1383 1166 1411 hordeum
1197 1386 1228 1412 in
1255 1385 1337 1413 arida
1366 1389 1441 1414 terra
1474 1389 1653 1417 seminamus.
1684 1391 1742 1418 187.
1771 1392 1862 1426 Quare

1034 1428 1097 1454 vitis
1111 1429 1185 1461 vino,
1201 1433 1226 1456 et
1238 1431 1377 1465 pra‘cipue
1388 1431 1413 1458 si
1426 1439 1485 1465 suo,
1504 1439 1675 1468 aspergatur,
1692 1437 1859 1464 exsiccatum

1034 1471 1094 1498 188.
1104 1472 1194 1506 Quare
1203 1481 1273 1501 rosm
1281 1475 1368 1508 magis
1376 1476 1558 1510 efﬂorescunt,
1566 1478 1592 1504 si
1600 1480 1674 1506 male
1685 1480 1794 1508 olentia
1807 1489 1860 1508 una

149 1505 686 1553 suimilitudtnes’ietmdissimititudines
718 1524 797 1558 ﬁant.
830 1505 897 1552 ’us.

1106 1517 1172 1552 ipsis
1188 1518 1398 1546 inseminenlur.
1417 1520 1477 1547 189.
1494 1521 1584 1554 Quare
1607 1530 1755 1558 porcorum
1778 1534 1859 1561 agre-

148 1569 293 1605 embryum
307 1569 413 1596 animal
426 1570 474 1601 sit,
488 1570 514 1596 et
529 1577 582 1603 qua
604 1569 712 1596 ratione
734 1569 889 1596 nutriatur.
912 1570 973 1598 116.

148 1613 284 1647 Quomodo
307 1615 415 1641 somnia
433 1614 513 1649 ﬁunt.
532 1613 591 1641 117.
607 1614 644 1641 De
664 1613 792 1646 sanitate,
819 1615 844 1640 et
866 1616 971 1649 morbo,

145 1660 172 1685 et
199 1660 345 1686 senectute.
371 1659 431 1686 118.
458 1658 549 1692 Quare
573 1657 620 1693 qui
635 1658 778 1693 jejunant,
803 1658 905 1686 sitiunt
927 1667 973 1694 po-

145 1703 202 1730 tius
216 1710 304 1739 quam
322 1703 459 1730 esuriunt.
473 1703 534 1730 119.
551 1703 641 1737 Quare
657 1703 706 1738 qui
729 1703 865 1736 esuriant,
881 1703 908 1730 si
931 1703 972 1730 bi-

147 1747 225 1782 bant,
242 1749 274 1774 at
288 1748 335 1783 qui
348 1747 458 1782 sitiunt,
473 1748 498 1774 si
516 1748 673 1780 comedunt,
688 1746 891 1774 distenduntur.
909 1748 970 1775 120.

147 1796 187 1824 An
203 1797 240 1824 sit
253 1796 360 1832 aliquid
375 1800 454 1824 extra
477 1796 584 1824 ctelum.
600 1796 661 1823 121.
679 1797 715 1824 De
733 1796 853 1824 hominis
879 1804 970 1824 essen-

145 1841 199 1869 tia.
217 1841 277 1869 122.
294 1842 325 1869 ιη
339 1843 403 1878 quot
419 1842 537 1869 circulos
551 1841 649 1869 caelum
669 1840 820 1868 dividatur.
848 1841 908 1868 123.
932 1841 970 1869 De

145 1890 296 1922 apparente
311 1887 341 1914 in
353 1886 423 1914 calo
447 1886 514 1914 lacti
536 1886 624 1913 simili
646 1886 762 1918 circulo,
784 1885 900 1913 Galatia
924 1886 969 1912 dt-

146 1933 200 1958 cto.
225 1931 287 1958 124.
312 1931 350 1958 De
372 1930 567 1966 apparentibus
588 1931 618 1957 in
639 1930 703 1957 calo
735 1929 852 1957 diversis
880 1930 970 1965 igneis

143 1975 265 2010 spectris.
292 1975 353 2002 125.
380 1977 422 2002 De
446 1974 643 2010 apparentibus
670 1977 701 2001 in
730 1974 797 2001 caelo
833 1974 968 2002 coloribus

140 2018 313 2053 sanguineis,
329 2021 354 2046 et
370 2018 556 2054 voraginibus.
575 2018 636 2045 126.
659 2018 697 2045 De
714 2018 831 2045 essentia
849 2019 927 2051 solis,
943 2023 969 2046 et

140 2062 197 2099 [55]
222 2071 256 2090 an
277 2063 369 2098 plures
392 2063 472 2091 soles.
490 2064 550 2090 127.
566 2063 603 2090 De
626 2062 820 2096 magnitudine
839 2062 916 2094 solis,
940 2067 966 2090 et

137 2107 224 2140 lunae,
243 2109 269 2135 et
284 2111 376 2135 terra.
392 2108 442 2135 128
469 2109 508 2135 De
521 2107 620 2143 eclipsi
632 2107 728 2134 solari.
747 2107 807 2134 129.
818 2109 857 2134 De
870 2107 967 2142 eclipsi

135 2151 241 2179 lunari.
259 2152 320 2179 130.
338 2152 378 2179 An
393 2152 432 2180 sol
447 2151 555 2180 calidus
579 2153 625 2180 sit.
652 2151 713 2178 131.
731 2152 794 2185 Quae
817 2152 853 2179 sit
871 2159 962 2179 essen.

1027 1561 1113 1587 stium
1124 1561 1253 1597 tacrymaz
1260 1562 1362 1597 dulces,
1369 1571 1511 1592 cervorum
1521 1566 1605 1594 salsa
1614 1569 1686 1594 sunt.
1698 1568 1758 1595 190.
1767 1569 1861 1603 Quare

1028 1604 1122 1638 lapilli
1136 1606 1295 1642 plumbique
1311 1607 1422 1635 lamina:
1437 1609 1544 1644 injecta:
1558 1610 1732 1646 [rigidiorem
1753 1622 1860 1649 aquam

1027 1649 1162 1683 efﬁciunt.
1179 1650 1240 1678 191.
1258 1651 1347 1684 Quare
1368 1653 1460 1687 paleis
1481 1655 1507 1681 et
1531 1654 1702 1683 indumentis
1716 1657 1770 1685 nix
1791 1667 1860 1686 con-

1025 1701 1160 1721 servatur.
1187 1694 1247 1722 192.
1267 1695 1336 1728 Quid
1356 1696 1391 1722 sit
1414 1697 1541 1725 bulimos.
1566 1699 1624 1726 193.
1649 1700 1738 1734 Quare
1755 1709 1859 1731 carnes

1027 1738 1057 1764 in
1082 1738 1136 1773 ﬁcu
1155 1746 1283 1774 appensa:
1308 1741 1459 1768 teneriores
1485 1742 1564 1776 ﬁant.
1585 1745 1623 1770 Ex
1647 1744 1738 1778 hisce,
1756 1745 1856 1774 CLXII

1025 1782 1121 1817 capita
1136 1782 1163 1809 in
1179 1782 1309 1819 linguam
1321 1792 1404 1812 versa
1415 1785 1541 1813 Latinam
1553 1796 1569 1814 a
1580 1789 1678 1815 nescio
1688 1797 1746 1824 quo
1757 1793 1856 1820 osten-

1026 1826 1067 1853 dit
1076 1827 1147 1854 mihi
1160 1828 1293 1855 acerrimi
1304 1829 1414 1864 ingenti
1426 1829 1469 1857 vir
1478 1831 1520 1858 Jo.
1532 1831 1660 1860 Jacobus
1669 1833 1852 1863 Buccardus.

1060 1889 1115 1924 [56]
1134 1889 1253 1917 LXXIII.
1270 1888 1425 1920 Ἐπιλύσεις
1441 1891 1570 1928 σύντομοι
1587 1896 1706 1931 φυσικῶν
1720 1896 1848 1933 ζητημά-

1023 1941 1075 1958 των
1092 1933 1160 1969 πρὸς
1177 1933 1293 1970 Μιχαὴλ
1308 1934 1353 1961 τὸν
1368 1936 1468 1962 Λοῦκαν
1489 1935 1515 1962 ἐν
1534 1934 1655 1973 βιϐλίοις
1679 1937 1750 1968 δυσί.
1767 1942 1850 1969 Solu-

1024 1978 1112 2004 tiones
1126 1979 1326 2013 compendiosa:
1348 1981 1520 2008 naturalium
1544 1984 1729 2017 qumslionum
1748 1986 1786 2012 ari
1800 1987 1850 2013 111i-

1021 2020 1141 2067 ehaelem
1159 2025 1262 2067 Ducam
1279 2023 1357 2050 libris
1372 2024 1486 2052 duobus.
1500 2027 1527 2051 P.
1544 2025 1574 2053 '0
1592 2026 1638 2062 μὲν
1654 2026 1848 2067 Πλούταρχος,

1024 2065 1133 2102 μέγιστε
1151 2066 1195 2092 καὶ
1212 2067 1342 2111 Δθειότατε
1373 2067 1494 2104 βασιλεῦ.
1522 2071 1625 2106 Capita
1652 2072 1702 2100 lib.
1729 2065 1848 2111 1.11291

1019 2111 1068 2136 τοῦ
1084 2108 1242 2148 σφςιιρυειδή
1260 2111 1325 2138 εἶναι
1341 2112 1389 2146 τήν
1415 2116 1477 2149 γῆν.
1495 2113 1559 2151 Περὶ
1571 2130 1574 2131 ν
1587 2117 1636 2141 τοῦ
1661 2118 1765 2148 κεῖσθαι
1798 2108 1846 2145 αὖ-

1019 2153 1073 2199 τῆνν
1099 2153 1124 2180 ἐν
1154 2155 1227 2190 μέσῳ
1254 2157 1302 2182 τοῦ
1333 2157 1442 2187 παντός.
1462 2159 1525 2195 Περὶ
1554 2159 1685 2196 μεγέθους
1699 2164 1750 2195 τῆς
1779 2166 1844 2199 γῆς.

132 2196 173 2223 tia
196 2197 350 2224 stellarum.
378 2197 437 2224 132.
459 2197 496 2224 De
519 2196 663 2224 stellarum
695 2196 797 2223 latione
825 2198 851 2223 et
875 2204 897 2222 m

1078 2201 1169 2233 ζον-τος
1192 2201 1363 2239 καταγραφή.
1389 2202 1490 2237 Capita
1528 2205 1661 2232 secundi.
1691 2206 1757 2243 Περὶ
1786 2190 1843 2233 ’τῶν

131 2241 192 2268 133.
210 2242 308 2276 Quales
328 2243 384 2269 sint
411 2242 564 2269 stellarum
585 2241 823 2276 conﬁgurationes.
841 2240 902 2267 134.
919 2241 956 2268 De

128 2286 226 2313 ordine
238 2286 398 2315 stellarum.
417 2286 477 2314 135.
496 2286 570 2315 Unde
599 2285 692 2313 lumen
716 2285 832 2312 habeant
855 2285 951 2312 stellze.

128 2334 189 2362 136.
213 2335 249 2364 De
271 2336 473 2372 signiﬁcatione
501 2336 656 2368 stellarum,
681 2335 707 2361 et
740 2333 870 2370 quomodo
903 2334 953 2368 ﬁat

126 2378 213 2406 hiems
244 2382 269 2407 et
302 2385 394 2408 aestas.
431 2381 492 2407 137.
521 2380 660 2414 Quantum
692 2379 729 2406 sit
765 2379 953 2414 cujuscunque

121 2424 244 2458 planetu:
268 2425 403 2453 circuitus
423 2427 538 2460 tempus.
565 2424 625 2451 138.
644 2424 682 2451 De
705 2423 792 2451 stellis
815 2424 952 2451 Dioscuris

121 2469 299 2503 nuncupatis.
317 2469 377 2496 139.
395 2469 431 2496 De
445 2469 555 2496 comete.
573 2468 634 2495 140.
653 2469 692 2495 De
708 2467 804 2499 imbre.
820 2469 847 2495 et
865 2475 949 2503 gran-

120 2511 194 2545 dine,
210 2513 284 2548 nive,
298 2514 401 2549 pruinu
417 2517 442 2541 et
461 2521 530 2540 rore.
550 2513 611 2540 141.
631 2514 672 2540 De
695 2520 761 2540 rore
784 2520 907 2547 rursum,
922 2514 949 2540 et

116 2557 233 2592 pruina.
260 2558 320 2586 142.
348 2558 386 2586 De
410 2558 491 2585 iride.
509 2557 569 2585 113.
595 2557 630 2585 De
654 2565 730 2584 area.
754 2557 815 2584 144.
841 2557 877 2584 De
901 2557 947 2584 ba-

115 2601 196 2628 culis.
221 2602 281 2630 145.
308 2603 345 2630 De
367 2602 525 2639 parallelis.
554 2602 616 2629 146.
642 2602 678 2629 De
703 2602 802 2629 ventis.
830 2601 889 2629 147.
910 2601 947 2629 De

115 2646 242 2681 typhone.
277 2647 339 2674 148.
372 2648 410 2675 De
439 2647 584 2681 rencphia.
612 2647 672 2673 149.
699 2647 735 2673 De
767 2646 944 2681 fulminibus.

115 2690 176 2717 150.
202 2691 238 2719 De
261 2696 390 2727 prestere.
417 2692 480 2718 151.
509 2691 647 2724 Quomodo
680 2691 799 2718 mundus
831 2690 943 2722 coaluit,

111 2733 173 2762 152.
188 2735 230 2764 An
252 2744 341 2764 unum
362 2737 535 2764 universum.
561 2735 622 2763 153.
640 2735 677 2763 De
699 2743 793 2763 vacuo.
823 2735 881 2762 154.
908 2735 945 2762 De

1012 2243 1109 2278 μεταξὺ
1137 2247 1187 2277 τῆς
1212 2247 1263 2281 γῆς
1291 2245 1336 2271 καὶ
1365 2248 1413 2272 τοῦ
1453 2245 1568 2283 οὐρανοῦ
1608 2249 1766 2286 στοιχείων,
1798 2252 1845 2278 καὶ

1007 2289 1061 2314 τῶν
1091 2288 1153 2324 περὶ
1191 2291 1274 2315 ταῦτχ
1313 2292 1416 2321 παθῶν.
1447 2291 1512 2327 Περὶ
1551 2291 1642 2329 ἀέρος,
1669 2294 1712 2320 καὶ
1740 2295 1841 2335 πυρὸς,

1007 2331 1051 2358 καὶ
1073 2335 1170 2371 Vicit-1N,
1195 2333 1238 2360 γαῖ
1265 2333 1360 2366 ὑετῶν,
1381 2335 1424 2361 καὶ
1452 2335 1608 2372 ἀστραπῶν,
1632 2338 1676 2364 καὶ
1704 2331 1838 2376 βρονέῶνξ

1007 2377 1071 2413 Περὶ
1101 2380 1231 2413 σεισμῶν.
1258 2378 1322 2414 Περὶ
1362 2379 1492 2414 κομήτων
1521 2379 1652 2417 ἀστέρων.
1682 2383 1748 2420 Περὶ
1778 2383 1841 2411 ἀνέ-

1007 2431 1076 2457 μων.
1103 2422 1166 2459 Περὶ
1193 2420 1290 2460 ἴριδος.
1310 2422 1374 2460 Περὶ
1400 2420 1469 2451 ἅλω.
1487 2425 1551 2461 Περὶ
1580 2427 1723 2463 σχήματος
1753 2427 1838 2465 οὖρα-

1004 2467 1061 2493 νοῦ.
1080 2466 1144 2502 Περὶ
1159 2466 1276 2502 κόσμου,
1292 2467 1314 2494 εἰ
1329 2465 1454 2504 ἔμψυχος
1482 2468 1495 2495 ὁ
1520 2468 1635 2506 κόσμος,
1651 2471 1695 2498 καὶ
1719 2473 1838 2508 προνοίᾳ

1004 2508 1200 2546 δι’)ικούμενος.
1231 2511 1296 2549 Περὶ
1320 2512 1420 2546 τάξεως
1455 2512 1572 2548 κόσμου.
1603 2515 1667 2552 Περί
1704 2519 1754 2550 τῆς
1784 2519 1836 2544 τοῦ

1002 2554 1107 2590 κόσμου
1131 2554 1290 2592 ἐγκλίσεως.
1307 2556 1373 2594 Περὶ
1398 2558 1456 2590 τοῦ,
1474 2556 1497 2584 εἰ
1522 2555 1577 2585 ἔστι
1593 2561 1669 2587 κενὸν
1685 2559 1761 2592 ἐκτὸς
1785 2564 1837 2589 τοῦ

1000 2598 1118 2635 κόσμου.
1138 2599 1168 2628 Εἰ
1194 2599 1369 2639 ἅφθαρτος,ὁ
1391 2600 1505 2638 κόσμος,
1529 2603 1591 2630 Τίνα
1616 2603 1690 2640 δεξιὰ
1713 2606 1836 2642 κόσμου,

999 2644 1045 2670 καὶ
1072 2644 1131 2671 τίνα
1155 2644 1189 2672 τὲι
1214 2645 1353 2683 ἀριστερά.
1385 2645 1430 2676 Τίς
1457 2647 1475 2679 ἡ
1503 2649 1553 2674 τοῦ
1582 2647 1697 2684 οὖροινοῦ
1737 2649 1832 2680 οὐσία.

999 2689 1065 2724 Περὶ
1091 2691 1145 2716 τῶν
1171 2689 1196 2716 ὲν
1219 2693 1325 2727 ουρανῷ
1341 2689 1497 2726 νοουμένων
1514 2690 1634 2722 κύκλων.
1655 2695 1719 2731 Περὶ
1737 2694 1835 2727 citata;

999 2732 1128 2771 ἀστέρων.
1147 2735 1211 2773 Περὶ
1228 2737 1372 2773 σχήματος
1389 2734 1520 2774 ἀστέρων.
1538 2737 1604 2776 Περί
1623 2742 1674 2773 τῆς
1689 2740 1743 2767 τῶν
1754 2739 1834 2766 ἀστὲ.
