1937 3050
64 126 124 155 529

693 125 880 157 DIATRIBA
903 126 955 156 DE
977 126 1150 157 PSELLIS.

1714 125 1774 156 530

65 201 120 228 ρων
152 194 255 230 φορᾶς.
292 192 377 223 Πόθεν
417 191 579 230 φωτίζονται
613 192 640 219 οἱ
680 191 797 228 ἀστέρες.
831 192 892 222 ΙΙῶς
907 193 982 228 At“
997 190 1026 219 δὲ
1053 194 1101 219 τοῦ
1126 190 1300 229 Προδρόμου,
1324 192 1369 219 καὶ
1392 191 1515 227 καθεξῆς,
1535 189 1587 222 ἕως
1609 192 1663 218 τῶν
1693 190 1770 219 ἑπτά.

64 235 190 272 γίνονται
227 236 252 262 οἱ
281 236 408 274 τέσσαρες
433 236 535 273 καιροί.
565 236 629 274 Περὶ
657 237 784 274 μῑγέθους
811 234 896 270 ἡλίου

64 279 109 307 καὶ
142 279 270 316 σελήνης.
301 280 366 318 Περὶ
393 284 443 315 τῆς
473 283 521 308 τοῦ
544 281 626 316 ἡλίου
651 280 808 318 ἐκλείψεως.
830 280 893 317 Περὶ

66 324 171 359 οὐσίας,
198 325 244 352 καὶ
272 327 420 362 φωτισμῶν
449 324 636 361 σελήνης,καὶ
663 326 814 363 σχήττατος.
831 324 895 361 Περὶ

64 367 218 405 ἐκλείψεως
233 368 362 404 σελήνης.
377 371 436 397 Ἔτι
451 369 512 406 περὶ
528 369 676 406 ἐκλείψεως
703 369 832 404 σελήνης·
849 369 896 400 Εἷς

63 413 170 444 πόσους
207 413 325 445 κύκλους
365 412 509 451 διαιρεῖται
540 415 553 441 ὁ
585 413 716 451 οὐρανός.
756 413 822 449 Περὶ
846 416 895 448 τῆς

63 460 118 485 τῶν
151 458 270 496 ἀστέρων
310 461 394 497 φορᾶς
421 459 466 486 καὶ
499 459 650 494 κινήσεως.
682 458 765 487 Πόθεν
795 457 825 485 ἂν
853 468 896 490 τις

62 502 143 538 γνοίη
178 502 355 538 Ἑλληνικαῖς
380 502 529 540 ἀποδείξεσι
557 504 606 538 τὴν
633 505 681 530 τοῦ
709 503 814 539 κόσμηυ
830 513 893 529 συνσ

61 545 184 575 τέλειαν.
212 549 326 576 Terram
342 557 400 576 esse
414 549 591 584 sphwricam,
608 550 638 575 in
653 549 746 576 medio
769 548 895 576 universi

61 592 160 619 sitam.
179 593 216 620 De
231 597 311 621 terrze
335 594 533 628 magnitudine.
560 594 715 621 llorizontis
737 590 891 627 descriptio.

62 637 98 664 De
111 637 257 664 elementis
282 639 355 665 inter
377 641 479 666 terram
505 640 530 665 et
549 637 658 670 caelum,
674 640 700 665 et
715 645 810 665 eorum
823 637 892 673 a/fe-

61 680 160 708 ctibus.
177 681 214 709 De
229 690 301 716 acre,
317 687 343 710 et
359 684 432 717 igne,
447 687 472 709 et
487 681 602 717 pluviis,
616 684 642 709 et
664 682 841 717 fulminibus,
866 685 892 708 et

62 726 206 753 lonitruis.
227 727 263 753 De
277 729 358 754 terra
373 728 501 754 molibus.
526 727 564 754 De
586 727 705 754 cometis.
731 726 766 753 De
793 726 889 752 ventis.

61 769 95 796 De
112 770 199 804 iride,
224 771 261 798 De
284 779 363 798 arcu.
387 772 423 799 De
451 771 536 806 ﬁgura
559 771 631 798 cteli.
658 771 694 798 De
713 769 826 798 mundo.
849 771 891 797 An

61 814 183 842 mundus
197 816 350 849 animetur,
365 818 391 843 et
405 816 579 851 providentia
591 815 774 851 gubcrnetur.
791 815 827 842 De
839 822 889 842 or-

951 237 1041 271 Quare
1063 237 1156 272 angeli
1178 237 1267 272 atati,
1292 238 1434 270 coronati,
1468 237 1558 272 ﬁgura
1581 236 1714 268 humana,
1743 238 1770 263 et

949 282 1086 317 sphaeram
1102 283 1130 310 in
1146 282 1276 309 manibus
1289 281 1673 316 gestantes,dcpingantur,et
1687 287 1772 315 quare

949 334 1045 354 eorum
1060 327 1279 354 commemoratio
1293 327 1324 362 ﬁt
1346 326 1422 361 feria
1443 325 1563 353 secunda
1587 324 1771 356 hebdomadae,

947 371 1021 407 feria
1048 379 1110 399 vero
1135 372 1219 399 tertia
1243 371 1440 404 Praecursoris,
1464 372 1491 398 et
1516 370 1556 398 sic
1579 369 1706 405 deinceps
1723 377 1773 404 per

948 417 1049 451 septem
1063 415 1132 444 dies.
1149 418 1178 444 P.
1197 415 1261 452 Περὶ
1286 414 1332 451 μὲν
1357 416 1406 442 τοῦ
1428 413 1680 452 ἀνθρωπομόρφους
1705 413 1771 440 εἶναι

947 459 1023 490 τούς.

984 503 1032 534 Εἷς
1045 504 1076 531 τὸ
1092 503 1251 541 θεολογικὸν
1268 504 1362 542 ῥητὸν,
1382 502 1453 531 διατί
1470 503 1553 540 μονὰς
1565 502 1611 530 ἀπ’
1624 502 1715 540 ἀρχῆς
1731 501 1770 533 εἷς

948 546 1032 575 δυάδα
1046 550 1185 582 κινηθεῖσα
1202 549 1285 586 μέχρι
1300 547 1411 586 τριάδος
1427 547 1502 583 ἔστη.
1526 550 1560 577 In
1583 548 1768 583 theologicam

946 593 1060 628 dictum,
1084 602 1169 629 quare
1191 595 1285 621 unitas
1309 602 1325 621 a
1338 594 1476 629 principio
1493 594 1521 620 in
1538 593 1680 620 binarium
1694 594 1768 620 mola

947 638 975 664 in
992 639 1114 666 ternario
1128 637 1256 666 consedit.
1273 638 1303 665 P-
1320 636 1378 665 Οὐκ
1392 636 1586 674 ἀποκρύψομαι
1602 636 1670 673 πρὸς
1685 635 1765 672 ὑμᾶς,

946 681 968 707 ὦ
983 680 1121 716 φίλτατοι.
1136 682 1166 710 In
1183 682 1260 710 idem
1273 682 1384 709 dictum
1399 681 1457 717 legi
1469 683 1498 709 et
1511 681 1626 717 Georgii
1639 682 1766 716 Acrop0<

945 726 1003 754 litin
1018 726 1299 763 interpretationem.

981 770 1063 802 Λύσις
1081 774 1132 804 τῆς
1158 772 1252 803 κοινῆς
1273 770 1388 808 ἀπορίας
1412 769 1537 797 ἁπάντων
1562 771 1615 797 τῶν
1638 768 1689 804 ἔξω
1716 770 1766 796 τοῦ

943 816 1079 852 ἡμετέρου
1095 813 1232 853 δόγματος
1255 817 1308 842 τῶν
1332 817 1517 853 Χριστιανῶν,
1541 813 1574 849 ἥν
1596 812 1668 842 οὕτω
1683 823 1765 851 προσ-

59 859 127 886 dine
141 860 251 887 mundi.
270 860 307 888 De
331 861 513 888 inclinatione
528 860 635 888 mundi.
650 860 690 887 An
707 862 786 888 extra
807 868 884 887 mun-

972 870 1054 896 ιρουσι
1068 859 1204 897 λέγοντες,
1219 859 1265 890 Τίς
1280 861 1312 894 ἦν
1339 859 1470 897 ἀναγκαία
1492 859 1574 897 χρεία
1597 860 1615 893 ἡ
1639 857 1765 886 κατεπεί-

59 903 128 931 dum
143 912 263 932 vacuum
287 906 332 932 sit.
357 905 399 932 An
423 905 543 932 mundus
565 905 794 940 incorruptibilis.
823 905 889 938 Quae

59 948 158 976 dextra
174 950 286 983 mundi,
303 958 362 986 qua
375 951 400 978 et
414 951 543 978 sinistra.
557 951 625 984 Quae
641 950 702 977 caeli
716 950 889 977 essentia.De

58 993 190 1028 circulis,
215 1002 281 1029 quos
307 995 337 1022 in
366 995 434 1022 cwlo
458 995 659 1031 imaginamur.
686 994 722 1022 De
745 994 889 1022 stellarum

57 1039 193 1067 essentia.
209 1039 246 1066 De
260 1039 405 1066 stellarum
420 1040 519 1074 ﬁgura.
546 1040 582 1066 De
606 1039 751 1066 stellarum
776 1039 886 1066 latione.

59 1083 138 1111 Unde
153 1083 244 1111 stellae
260 1084 352 1111 lumen
367 1084 495 1112 habeant.
521 1083 659 1118 Quomodo
682 1084 752 1118 ﬁant
772 1085 888 1119 quatuor

57 1130 243 1164 tempestates.
259 1129 294 1156 De
309 1129 502 1164 magnitudine
516 1129 580 1156 solis
594 1133 619 1156 et
637 1129 725 1157 Iunge.
755 1127 791 1157 De
811 1129 887 1164 defc-

57 1177 105 1200 ctu
130 1173 208 1200 solis.
233 1173 270 1200 De
293 1174 413 1201 essentia
437 1177 463 1201 et
492 1173 743 1201 illuminationibus
765 1174 841 1202 lunw
860 1178 887 1201 et

59 1217 165 1253 ﬁgura.
192 1218 227 1245 De
249 1219 358 1253 defectu
382 1218 467 1246 11421.22.
499 1218 596 1245 .4dhuc
614 1218 647 1245 de
671 1218 780 1253 delectu
803 1219 885 1246 luna.

58 1262 88 1289 In
106 1265 175 1298 quo!
190 1262 308 1290 circulos
323 1263 421 1290 caelum
440 1262 589 1290 dividatur.
617 1265 657 1290 De
671 1261 821 1290 stellarum
844 1263 885 1290 la-

60 1307 139 1334 tione
151 1308 177 1334 et
191 1312 279 1335 motu.
300 1306 438 1341 Quomodo
453 1308 515 1343 quis
530 1315 565 1334 ea:
578 1307 702 1341 gentium
715 1307 885 1335 demonstra.

58 1351 186 1380 tionibus
200 1353 303 1379 mundi
315 1352 398 1387 ﬁnem
413 1352 702 1387 cognoscet.Ejusdem
718 1353 885 1387 argumenti

57 1398 115 1429 est,
132 1398 162 1424 et
186 1396 262 1424 alius
286 1396 420 1432 ejusdem
440 1398 592 1424 tractatus.
622 1395 750 1433 Ἀπορίαι
776 1395 885 1434 φυσικαί

55 1439 104 1466 καὶ
128 1438 250 1476 λογικαί.
277 1440 363 1467 Dubia
387 1441 537 1468 naturalia
567 1445 592 1468 et
617 1440 716 1476 logica,
733 1440 783 1476 qui
811 1440 884 1468 inci-

57 1485 120 1520 pit:
138 1483 245 1511 Πολλοὶ
263 1483 311 1520 μὲν
327 1482 479 1522 πολλαχῶς
493 1485 546 1511 τῶν
565 1483 699 1522 ἀρχαίων,
715 1487 744 1512 et
767 1484 816 1513 alii
829 1486 884 1513 sub

56 1529 184 1557 diversis
210 1528 305 1556 titulis
329 1531 358 1556 et
374 1529 536 1565 principiis,
554 1530 604 1565 qui
620 1530 721 1557 eadem
735 1531 766 1557 ut
791 1530 881 1565 pluri-

57 1582 142 1601 mum
161 1573 322 1601 continent.
356 1573 455 1609 Neque
470 1574 506 1601 ab
540 1574 585 1601 bis
606 1574 720 1602 diversa
735 1575 883 1610 videntur,
899 1557 920 1590 Ο

56 1627 125 1654 quae
141 1618 197 1646 sub
207 1618 294 1646 variis
305 1617 402 1646 titulis
418 1618 446 1645 in
459 1618 634 1646 bibliotheca
645 1619 722 1655 regis
733 1619 882 1647 Gallorum

55 1663 207 1699 leguntur.
239 1663 390 1690 Solutiones
404 1663 587 1698 quaestionum
598 1663 633 1691 ad
649 1664 811 1691 Michaclem
827 1665 882 1692 Du-

56 1715 129 1734 cam.
147 1708 272 1743 Epitome
293 1708 475 1743 quaestionum
495 1707 680 1743 physicorum.
699 1708 884 1742 Quaestionum

57 1753 152 1787 capita
167 1760 239 1779 CXCI.
264 1752 433 1786 Quaestiones
456 1751 618 1788 theologicae
636 1754 662 1780 et
689 1753 820 1789 physicw.
846 1755 883 1782 De

56 1797 111 1824 Deo
126 1795 162 1823 ad
177 1796 336 1824 Michaelem
349 1796 405 1831 [57]
421 1796 536 1824 Ducam.
566 1795 679 1823 Ψελλοῦ
699 1795 882 1834 (bibacem),

57 1848 92 1868 ex
109 1839 221 1876 quibus
236 1840 386 1874 omnibus,
403 1842 436 1868 ut
446 1841 535 1868 etiam
552 1843 619 1868 ante
634 1841 773 1875 diximus,
790 1850 882 1870 unum

57 1885 229 1912 absolutum
247 1884 349 1912 conﬁci
366 1884 473 1921 poterit
488 1893 572 1921 opus.

93 1951 212 1979 LXXIV.
228 1951 395 1989 ’Δντιγραφή
416 1951 676 1988 προσερωτήσαντός
700 1962 774 1984 τινος
799 1963 881 1988 μονα-

57 1997 112 2032 χοῦ
127 1995 191 2032 περὶ
207 1995 323 2033 ὁρισμοῦ
338 1997 386 2022 τοῦ
402 1995 528 2024 θανάτου.
556 1997 704 2032 Responsio
723 1996 759 2024 ad
782 2005 882 2024 mona-

55 2039 140 2067 chum
155 2039 299 2075 quemdam
313 2040 346 2068 de
358 2041 558 2068 terminatione
580 2041 684 2068 mortis.
710 2043 737 2068 P.
760 2040 821 2078 Οὐχ
844 2041 882 2072 ὡς

55 2083 186 2121 ἠπόρητο
197 2084 228 2110 τὸ
245 2081 401 2120 προϐληθὲν
417 2084 490 2121 παρὰ
505 2086 554 2111 σοῦ
571 2084 691 2120 ζήτημα.
705 2085 811 2113 Eadem
829 2086 883 2114 for-

56 2131 86 2157 te
103 2130 185 2161 sunt,
201 2137 263 2164 quae
279 2129 431 2164 ejusdem:
447 2129 485 2157 De
499 2129 616 2157 termino
645 2130 719 2162 vitaz,
745 2129 884 2166 leguntur

56 2173 86 2200 in
103 2173 283 2201 bibliotheca
298 2173 376 2209 regis
386 2172 548 2200 Gallorum.

944 914 1029 940 γουσα
1054 904 1103 938 τήν
1127 903 1283 931 πανταιτίαν
1308 903 1451 941 οὐρανόθεν
1476 902 1628 937 κατελθεῖν,
1652 903 1697 930 καὶ
1725 904 1765 938 τῷ

945 947 1105 986 ἀνθρωπείῳ
1128 948 1197 986 γένει
1224 946 1423 986 συγκαταϐῆναι
1438 971 1445 984 ,
1476 947 1521 975 καὶ
1542 950 1692 985 τεχθῆναι,
1719 946 1764 974 καὶ

943 992 1028 1020 πάντα
1050 993 1083 1020 τὲ
1107 993 1263 1030 ἀνθρώπινα
1286 993 1359 1027 πάθη
1382 993 1542 1028 ὑποστῆναι,
1567 991 1613 1019 καὶ
1644 1001 1765 1028 σταυρω-

944 1038 1036 1072 θῆναι,
1065 1037 1110 1065 καὶ
1138 1041 1272 1076 ταφῆναι,
1304 1037 1350 1064 καὶ
1386 1037 1548 1070 ἀναστῆναις
1582 1036 1612 1063 Τί
1642 1035 1694 1074 γὰρ
1717 1035 1767 1062 οὐκ

941 1081 1059 1117 ἠδύνατο
1088 1081 1198 1118 νεύματι
1236 1081 1309 1118 μόνῳ
1341 1083 1425 1108 σῶσαι
1451 1081 1497 1108 τὸν
1522 1081 1626 1108 ἅπαντα
1649 1079 1764 1116 κόσμον,

941 1128 985 1154 καὶ
1005 1127 1042 1163 μὴ
1053 1129 1193 1158 κενοῦσθαι
1207 1128 1256 1159 τῆς
1272 1125 1341 1157 ἰδίας
1357 1124 1447 1162 δόξης,
1465 1123 1536 1162 μηδὲ
1549 1125 1581 1153 τὸ
1596 1123 1762 1162 ἑλάχιστονς

941 1173 1031 1200 Τοῦτο
1054 1171 1104 1209 γὰρ
1120 1172 1154 1206 ἦν
1168 1171 1276 1199 καὶτοῦ
1300 1171 1385 1208 ὕψους
1399 1173 1448 1205 τῆς
1464 1169 1592 1205 θεότητος
1608 1167 1693 1205 ἄξιον,
1715 1168 1762 1196 καὶ

941 1217 1009 1252 ἡμῖν
1025 1218 1084 1246 τοῖς
1100 1216 1252 1252 ἀνθρώποις
1275 1214 1504 1252 λυσιτελέστερον.
1533 1215 1666 1243 Enodatio
1689 1222 1762 1242 com-

941 1262 1034 1289 munis
1048 1261 1126 1289 dubii
1139 1262 1262 1288 omnium
1277 1264 1359 1288 extra
1374 1260 1598 1288 Christianorum
1616 1259 1698 1294 ﬁdem
1721 1259 1761 1287 vi-

940 1306 1074 1340 ventium,
1098 1305 1174 1341 quod
1197 1305 1238 1333 sic
1257 1306 1432 1340 proponunt:
1453 1306 1520 1340 Qum
1539 1309 1602 1332 erat
1616 1304 1761 1332 necessitas

940 1351 1065 1379 omnium
1081 1358 1195 1378 causam
1204 1349 1378 1386 compellens,
1403 1351 1433 1377 ut
1447 1349 1480 1377 de
1495 1349 1561 1377 calo
1576 1348 1760 1381 descenderet,

939 1397 1050 1432 propter
1075 1394 1226 1423 humanum
1252 1402 1338 1429 genus
1361 1402 1389 1422 se
1404 1394 1567 1428 demitteret,
1589 1395 1762 1427 nasceretur,

939 1440 1101 1468 mortalium
1122 1440 1263 1476 passiones
1285 1439 1401 1473 subiret,
1425 1439 1641 1474 cruciﬁgeretur,
1660 1437 1763 1474 sepeli-

939 1489 1028 1518 retur,
1046 1485 1224 1520 rtsurgeret?
1246 1484 1344 1512 Annon
1365 1488 1437 1511 nutu
1451 1483 1511 1512 solo
1528 1485 1634 1519 poterat
1648 1483 1762 1510 univer-

939 1538 1000 1558 sum
1022 1529 1142 1563 salvere,
1167 1528 1268 1565 absque
1290 1536 1320 1557 eo
1334 1528 1406 1564 quod
1422 1529 1539 1564 propria
1561 1527 1699 1563 dignitate
1721 1529 1763 1556 vel

939 1575 1086 1602 minimum
1102 1578 1251 1602 exueretur
1260 1576 1273 1601 γ
1286 1575 1340 1602 lloc
1354 1575 1453 1610 quippe
1468 1576 1537 1608 erat,
1557 1579 1585 1602 et
1599 1574 1676 1610 apice
1688 1573 1760 1602 divi-

937 1620 1036 1647 nitatis
1051 1619 1175 1655 dignum,
1191 1619 1324 1655 nobisque
1339 1619 1501 1647 mortalibus
1526 1619 1582 1654 [58]
1603 1618 1692 1654 magis
1712 1626 1760 1645 e1:-

936 1664 1056 1700 pedicas.
1074 1666 1103 1690 P.
1131 1662 1239 1698 Ταύτην
1254 1663 1305 1697 τὴν
1330 1662 1442 1699 ἀπορίαν
1461 1662 1510 1690 οὐκ
1534 1662 1679 1700 Ἀγαρηνοὶ
1706 1661 1759 1698 μό-

937 1718 994 1743 νον,
1011 1707 1083 1735 ἀλλὰ
1095 1706 1139 1734 καὶ
1154 1705 1301 1742 Ἕλληνες.

974 1753 1082 1781 LXXV.
1104 1752 1151 1783 Εἰς
1165 1752 1208 1788 τὸ,
1224 1752 1256 1780 Ἠ
1268 1751 1340 1786 καλῆ
1356 1752 1403 1779 τὸν
1418 1752 1529 1789 ὡραῖον,
1546 1752 1576 1779 In
1592 1751 1676 1787 illud,
1691 1751 1759 1780 Pul-

936 1800 1002 1825 chra
1015 1797 1180 1834 formosum.
1197 1799 1226 1824 P.
1244 1796 1308 1824 Κατ’
1324 1795 1446 1832 ἔλλειψιν
1461 1797 1521 1829 τοῦ,
1537 1794 1682 1832 Ἀπέτιμε.

975 1841 1020 1872 Εἷς
1033 1841 1064 1868 τὸ
1090 1840 1234 1878 λεγόμενον
1251 1840 1277 1867 ἐν
1293 1841 1327 1877 τῇ
1344 1841 1425 1878 ἑορτῇ
1441 1843 1492 1874 τῆς
1516 1838 1697 1876 Ἀναλήψεως
1710 1841 1759 1866 τοῦ

937 1886 1065 1924 Χριστοῦ,
1089 1885 1217 1923 Σήμερον
1232 1884 1266 1911 τὰ
1280 1885 1342 1921 ἅγια
1366 1882 1532 1922 Κοόνδουρα,
1558 1883 1603 1911 nni
1622 1883 1716 1922 αὕριον
1740 1884 1758 1918 ἡ

937 1928 1098 1966 Ἀνάληψις.
1125 1931 1156 1958 In
1181 1929 1261 1963 illud,
1292 1929 1363 1965 quod
1390 1930 1420 1956 in
1448 1930 1565 1958 solemni
1590 1929 1761 1957 Ascensionis

939 1975 1041 2003 Christi
1069 1974 1115 2002 die
1138 1974 1252 2007 dicitur,
1278 1974 1357 2002 hodie
1378 1974 1478 2002 Sancta
1505 1974 1646 2008 Cundura,
1660 1977 1685 2002 et
1700 1981 1760 2002 cras

936 2020 1076 2047 Ascensio.
1094 2021 1123 2046 Ρ.
1141 2018 1199 2046 Οὐκ
1211 2017 1264 2046 ἀπὸ
1279 2020 1332 2045 τῶν
1349 2017 1522 2055 ὑψηκοτέρων
1540 2019 1634 2056 μόνον.

972 2064 1004 2091 Τί
1018 2063 1060 2098 τὸ,
1076 2063 1138 2090 Κατ⁶
1153 2062 1253 2092 εἰκόνα.
1269 2063 1314 2090 καὶ
1328 2063 1355 2091 τί
1373 2063 1404 2091 τὸ
1429 2063 1493 2092 Καθ’
1515 2062 1659 2100 ὁμοίωσιν.
1689 2063 1761 2099 Quid

936 2110 972 2136 sit
1001 2108 1152 2136 secundum
1178 2109 1336 2144 imaginem,
1365 2113 1391 2137 et
1414 2109 1481 2145 quid
1494 2109 1643 2138 secundum
1656 2109 1760 2137 simili-

937 2153 1071 2182 tudinem.
1088 2153 1119 2180 P.
1136 2152 1277 2180 Ἀπάντων
1292 2155 1346 2180 τῶν
1363 2153 1515 2190 γινομένων
1535 2154 1629 2189 μόνος.

972 2199 998 2224 '0
1023 2198 1127 2235 Πατὴρ.
1153 2197 1246 2228 οὐσίας
1267 2197 1285 2232 ἤ
1310 2197 1442 2235 ἐνεργείας
1458 2196 1555 2234 ὄνομα,
1572 2199 1655 2226 Pater
1668 2206 1758 2226 essen~

93 2229 171 2257 Διατί
201 2233 252 2264 τῆς
276 2229 480 2265 κοσμοκτησίας
504 2231 573 2257 κατὰ
596 2231 641 2257 τὸν
664 2231 782 2268 Μάρτιον
809 2235 882 2267 μῆνα

972 2250 1031 2277 ene,
1047 2251 1083 2270 an
1093 2229 1216 2270 iactionis
1230 2229 1330 2270 nomen
1345 2229 1406 2270 sil?
1422 2245 1450 2270 P.
1481 2229 1555 2279 Πρὸς
1575 2240 1666 2280 ἕτερον
1682 2241 1757 2273 αὖθις

55 2276 106 2309 τὴν
130 2274 221 2311 ἀρχὴν
247 2273 387 2311 εἰληφὼς,
412 2274 426 2301 ὁ
450 2274 551 2312 χρόνος
581 2274 626 2302 ἀπ“
646 2275 735 2313 ἀρχῆς
763 2278 811 2303 τοῦ
836 2279 883 2304 Σε-

57 2316 212 2356 πτεμϐρίου
240 2319 326 2355 μηνὸς
351 2318 518 2356 ἀπάρχεσθαι
544 2318 662 2357 λέγεται.
687 2321 810 2354 Quarum
835 2330 884 2349 ra-

59 2366 136 2392 tione
151 2365 227 2392 orbis
241 2364 374 2398 condilus,
397 2372 457 2392 cum
480 2372 569 2392 mense
592 2365 690 2392 Martio
713 2366 885 2401 principium

59 2409 198 2442 habuerit,
214 2409 248 2436 ab
264 2409 346 2436 initio
362 2410 464 2436 mensis
479 2409 648 2444 Septembris
672 2411 778 2445 tempus
801 2418 884 2438 exor-

60 2453 118 2481 diri
142 2453 262 2481 dicatur.
294 2454 323 2480 P.
349 2452 398 2479 Διὰ
425 2452 457 2479 τὸ
478 2451 620 2484 καλεῖσθαι
650 2453 750 2490 χρόνος
779 2454 793 2480 ὁ
820 2453 886 2492 χρό-

61 2507 118 2529 νος.

98 2554 164 2592 Περὶ
179 2556 228 2582 τοῦ
243 2554 441 2591 ἀποπομπαίου
455 2557 544 2592 κριοῦ.
570 2557 607 2584 De
630 2556 705 2584 hirco
729 2558 885 2585 emissario.

62 2603 94 2628 Α.
113 2600 271 2637 Ἐρώτησας
296 2599 398 2634 πηνίκα
411 2601 459 2627 τοῦ
475 2598 551 2631 ἔτους
567 2600 581 2626 ὁ
597 2600 751 2638 ἀρχιερεύς.

97 2657 163 2695 Περὶ
180 2658 240 2690 τοῦ,
262 2655 334 2684 διατί
359 2657 386 2684 οἳ
424 2655 535 2694 ἄγγελοι
561 2658 707 2695 πτερωτοὶ,
731 2658 776 2686 καὶ
792 2657 887 2695 ἐστεμ-

65 2701 155 2739 μένοι,
179 2701 225 2728 καὶ
253 2700 485 2739 ἀνθρωπόμορφοι
503 2723 510 2733 ,
549 2702 594 2729 καὶ
633 2705 746 2741 σφαῖραν
774 2703 799 2729 ἐν
829 2707 887 2734 ταῖς

65 2746 144 2785 χερσί
177 2746 316 2784 φέροντες.
341 2745 393 2774 Καὶ
422 2744 457 2773 δι’
485 2746 518 2780 ἣν
548 2745 636 2774 αἰτίαν
663 2747 775 2783 μνήμην
799 2747 886 2775 αὐτῶν

65 2789 220 2827 ποιούμεθα
234 2791 268 2827 τῇ
285 2789 395 2827 δευτέρᾳ
407 2792 458 2825 τῆς
473 2787 626 2827 ὶϐδομάδος
651 2791 750 2828 ἡμέρα,
778 2793 812 2828 τῇ
832 2792 889 2830 τρί-

937 2283 1099 2324 πρόϐλημα.

973 2330 1121 2368 Ἑρμηνεία
1136 2329 1173 2361 εἷς
1186 2330 1218 2357 τὸ
1229 2330 1310 2367 Κύριε
1324 2331 1414 2366 Ἰησοῦ
1430 2331 1538 2369 Χριστὲ,
1554 2332 1567 2358 ὁ
1587 2332 1650 2363 Θεὸς
1666 2332 1757 2368 ἡμῶν,

939 2374 1052 2409 ἐλέησον
1076 2375 1159 2410 ἡμᾶς.
1186 2375 1284 2411 Ἀμήν.
1309 2377 1449 2412 Expositio
1475 2377 1504 2404 in
1529 2376 1612 2405 illud.
1638 2378 1759 2405 Domine

939 2420 1008 2448 Jesu
1024 2419 1147 2453 Christe.
1166 2421 1240 2448 Deus
1257 2423 1365 2456 noster,
1378 2421 1516 2450 miserere
1531 2422 1634 2450 nostri.
1649 2423 1755 2450 Amen.

941 2467 969 2492 Ρ.
986 2463 1090 2494 Παντὸς
1105 2462 1282 2502 δογματικοῦ.

976 2507 1041 2545 Περὶ
1054 2511 1105 2542 τῆς
1121 2507 1274 2540 συντελείας
1288 2511 1336 2537 τοῦ
1349 2509 1459 2541 αἰῶνος.
1482 2513 1523 2538 De
1538 2511 1592 2546 ﬁne
1605 2511 1713 2539 saeculi.
1730 2513 1760 2539 Ρ.

940 2551 1026 2588 Εὗρον
1040 2551 1066 2578 ἐν
1081 2553 1116 2589 τῇ
1131 2553 1279 2589 Ἑρμηνείᾳ
1293 2557 1343 2588 τῆς
1358 2553 1584 2592 ’Λποκαλύψεως.

1012 2610 1045 2649 in
1055 2610 1115 2649 loca
1128 2611 1294 2649 dilﬁciliora
1309 2613 1422 2646 Basilii,
1438 2614 1585 2649 expositio.

1012 2647 1043 2674 In
1059 2646 1118 2674 loca
1132 2647 1293 2683 difﬁciliora
1305 2646 1478 2677 Nazianzeni
1491 2651 1639 2685 expedito.

979 2702 1026 2734 Εἰς
1039 2703 1088 2733 τὰς
1106 2702 1256 2742 ἐπιγραφὰς
1275 2706 1329 2740 τῷν
1348 2704 1485 2742 Ψαλμῶν,
1511 2707 1543 2734 1η
1570 2708 1763 2743 inscriptiones

944 2749 1122 2776 Psalmorum.
1141 2749 1172 2776 P.
1187 2749 1248 2776 Τῶν
1265 2748 1291 2776 ἐν
1307 2752 1367 2781 τοῖς
1383 2749 1522 2787 Ψαλμοῖς.

978 2792 1027 2823 Εἰς
1054 2793 1101 2823 τὰς
1130 2792 1278 2832 ἐπιγραφὰς
1305 2796 1359 2822 τῶν
1387 2794 1534 2831 Ψαλμῶν,
1567 2794 1611 2822 καὶ
1639 2795 1670 2822 τὸ
1699 2795 1761 2822 Διά-
