1937 3055
144 120 203 150 539

806 130 1018 162 MICHAELIS
1041 131 1177 162 PSELLI

1798 134 1858 163 540

515 274 863 341 ΕΤΕΡΑ
950 280 1471 344 ΕΞΗΓΗΣΙΣ

543 404 640 450 ΕΙΣ
672 404 752 452 ΤΟ
779 406 951 454 ΑΣΜΑ
980 407 1108 456 ΤΩΝ
1137 408 1441 457 ΑΣΜΑΤΩΝ

457 502 640 529 ΕΞΗΓΗΘΕΝ
675 505 766 532 ΠΑΡΑ
801 507 863 531 ΤΟΥ
897 507 1039 535 ΨΕᾹΛΟΥ
1072 510 1128 535 AIA
1163 508 1291 536 ΣΤΙΧΩΝ
1325 509 1528 537 ΙΙΟᾹΙἸἸΚΩΝ.

525 671 781 734 ALIA
865 657 1453 739 EXPOSITIO

601 789 657 830 IN
686 789 982 835 CANTICUM
1011 792 1389 843 CANTICORUM

497 875 523 905 Α
563 876 709 908 PSELLO
751 879 941 911 VERSIBUS
984 881 1175 913 CIVlLlBUS
1217 882 1478 914 EXPLICATUM.

176 1018 249 1045 Cum
272 1019 389 1047 animus
418 1022 486 1048 tuus
516 1022 649 1050 discendi
679 1024 813 1060 cupidus,
830 1034 846 1053 ο
861 1026 1003 1060 diade-A

141 1064 218 1089 mate
247 1063 399 1098 redimite,
429 1073 462 1093 eo
492 1066 636 1095 desiderio
664 1070 807 1103 teneatur,
832 1070 962 1098 cantico—

141 1114 208 1133 rum
236 1108 387 1136 Canticum
403 1117 476 1137 nova
491 1112 520 1138 et
535 1112 615 1139 varia
639 1113 852 1149 explanationis
873 1117 961 1150 atque

140 1150 338 1186 intelligentiae
366 1153 478 1182 ratione
506 1156 679 1191 declaretur,
709 1166 744 1185 eu
773 1157 913 1187 voluntati
929 1168 961 1187 ac

139 1196 237 1224 studio
267 1199 317 1224 tuo
344 1198 546 1234 obsequimur,
576 1201 752 1237 imperator;
782 1205 870 1239 atque
903 1204 961 1232 Do-

141 1239 212 1267 mini
237 1241 442 1271 universorum
468 1244 576 1272 auxilio
602 1246 677 1279 t'reti,
703 1249 794 1275 totam
829 1248 961 1276 Cantico-

138 1292 203 1312 rum
233 1286 443 1321 expositionem
471 1289 600 1325 simplici
629 1295 655 1318 el
689 1291 801 1327 vulgari
831 1292 961 1320 oratione

138 1329 340 1358 concinnatam
371 1332 531 1361 nilei-imus.
558 1334 800 1370 Sapientissimus
825 1337 873 1364 ille
892 1346 959 1373 pro-

137 1372 224 1407 pheta
252 1374 401 1410 Salomon,
432 1377 552 1406 Davidis
581 1378 658 1407 ﬁlius
692 1388 725 1407 ex
749 1389 782 1408 ea
812 1389 875 1417 qua:
906 1381 961 1409 fuit

137 1416 228 1451 Uriaa,
258 1419 315 1446 tria
343 1421 476 1455 quedam
503 1422 533 1449 in
561 1422 620 1450 vita
649 1424 799 1452 volumina
822 1416 959 1453 conscri-

138 1460 207 1495 psit.
231 1461 326 1489 Unum
353 1464 512 1498 prudenter
537 1466 572 1493 ab
594 1467 732 1495 omnibus
747 1470 960 1497 Proverbiorum

141 1505 260 1533 nomine
291 1510 488 1542 nuncupatur,
520 1510 595 1545 quod
626 1519 740 1540 morum
763 1513 893 1541 continet
916 1514 959 1542 di-

137 1548 304 1585 sciplinam,
321 1552 573 1585 perturbationum
601 1555 691 1582 animi
712 1558 957 1593 emendationem,

138 1595 274 1628 recteque
302 1594 417 1622 vivendi
442 1597 584 1625 rationem
616 1607 649 1626 ac
673 1600 772 1628 divina
790 1605 957 1638 praecepta:

136 1636 258 1665 alterum
293 1639 468 1668 Ecclesiastes
497 1642 532 1670 ab
573 1643 741 1672 hominibus
777 1636 957 1683 appellatur,

137 1681 215 1715 quod
253 1683 317 1710 vita:
356 1685 509 1719 praesentis
546 1687 640 1723 aperit
676 1689 832 1718 vanitatem
861 1699 867 1719 :
898 1681 957 1719 ter;

137 1726 234 1758 tium,
272 1727 408 1763 domine,
456 1732 533 1765 quod
580 1733 764 1762 continenter
805 1736 957 1772 sequitur,

136 1773 181 1797 est
210 1771 307 1806 ipsum
345 1774 489 1802 Canticum
525 1778 706 1813 canticorum,
734 1780 811 1814 quod
840 1781 958 1816 quidem

136 1814 189 1842 tibi
205 1816 354 1852 eleganter
367 1819 538 1855 admodum,
554 1824 582 1849 et
607 1823 663 1849 sub
687 1824 784 1859 specie
807 1814 960 1862 tle-ﬁgura

136 1860 265 1894 quadam
291 1863 462 1897 nuptiarum
487 1865 578 1892 tradit
601 1865 737 1895 humana:
761 1868 866 1897 animae
888 1860 958 1904 per-

136 1903 307 1932 rectionem.
339 1906 492 1943 Sapienter
528 1909 606 1937 enim
636 1912 771 1946 proponit
810 1903 956 1942 Christum

136 1956 299 1984 sponsum,
337 1959 506 1987 sponsaque
539 1953 662 1987 itidem,
699 1956 828 1984 animam
858 1959 959 1992 sponsi

136 1999 235 2020 amore
251 1993 439 2029 languentem
455 1999 543 2032 atque
558 1997 780 2035 inflammatam,
796 2003 825 2028 et
837 2002 872 2028 ad
889 2002 957 2030 ilius

136 2036 246 2070 gratias
268 2040 297 2065 et
313 2046 431 2067 munera
446 2040 585 2069 velociter
599 2043 809 2078 pervolantem.
825 2046 959 2075 Continet

137 2080 225 2108 etiam
255 2082 332 2110 dicta
355 2085 488 2118 quaedam
518 2085 653 2113 Ecclesiae
680 2089 880 2124 congruentia.
903 2091 957 2118 Sed

132 2124 208 2159 jam,
237 2126 395 2160 adjuvante
422 2128 480 2156 Deo
503 2130 589 2157 verba
613 2130 790 2167 incipiamus
815 2134 957 2170 interpre-

136 2168 202 2197 tari.

339 2271 381 2298 Ex
395 2271 483 2300 tribus
497 2273 601 2301 sanctis
616 2274 754 2302 Putribus.

171 2323 189 2350 Δ
202 2322 356 2352 Salomone
366 2324 542 2361 inscriptum
554 2329 599 2354 est
609 2326 788 2355 canticorum
809 2329 958 2359 Canticum

134 2365 164 2393 in
177 2374 234 2402 quo
243 2375 357 2403 sponsae
366 2369 500 2398 Ecclesia
509 2371 537 2398 in
549 2371 695 2399 Christum
708 2371 802 2407 ipsius
813 2382 956 2409 sponsum
970 2391 991 2424 Ο

136 2419 218 2424 ,ιν-ιιι..
234 2413 396 2424 ..-1--ΔξΔΑκμ
423 2414 491 2424 ινκνκκ
526 2423 529 2424 ν
573 2418 579 2424 ι
606 2417 627 2424 ἢ
714 2416 720 2424 ι
736 2416 741 2422 ι
872 2418 879 2424 ι
916 2420 922 2424 ι

135 2419 218 2438 amor
232 2413 406 2441 ostenditur.
423 2414 495 2442 Nam
517 2418 583 2450 post
606 2416 828 2446 Proverbiorum
845 2418 881 2446 ad
896 2420 954 2448 vir-

134 2457 212 2482 tutes
235 2456 478 2492 cohortationem,
495 2462 524 2486 et
541 2459 772 2489 dehortationem
789 2471 805 2490 a
820 2463 909 2498 vitiis,
926 2466 954 2492 et

133 2502 199 2534 post
210 2507 307 2528 rerum
324 2501 522 2530 humanarum
535 2506 622 2539 atque
643 2505 809 2534 mortalium
822 2510 952 2536 contem-

132 2546 216 2579 ptum
244 2552 330 2580 quem
359 2546 396 2573 ab
424 2546 596 2575 Ecclesiaste
621 2548 771 2584 didicerat,
795 2552 874 2579 canit
898 2552 952 2588 ipsi

131 2589 243 2622 Sponso
258 2588 373 2618 Christo
390 2591 520 2627 paciﬁca,
538 2593 613 2627 quod
630 2595 658 2620 et
672 2594 843 2624 nobisaDeo
859 2596 952 2625 factus

133 2635 177 2660 est
187 2640 253 2668 pax,
265 2635 294 2660 et
305 2642 355 2669 per
365 2635 496 2670 seipsum
509 2644 563 2664 nos
576 2637 653 2664 Patri
675 2646 729 2666 suo
745 2640 951 2669 reconciliavit.

132 2677 193 2708 Qua
209 2677 329 2712 quidem
345 2678 486 2707 charitate
503 2680 632 2708 ﬁdelium
655 2681 809 2711 Ecclesium
825 2685 950 2722 despon-

132 2721 176 2748 dit
187 2720 244 2748 sibi
259 2722 360 2751 divina
376 2724 489 2752 ratione
504 2733 537 2753 ac
556 2725 619 2760 lege
643 2726 780 2762 spiritali,
797 2732 826 2756 et
840 2720 950 2758 revela-

133 2765 211 2793 tione
226 2767 434 2803 mysteriorum
455 2777 519 2804 quae
544 2770 579 2797 de
595 2770 660 2805 ipso
678 2772 785 2800 tradita
801 2776 870 2801 sunt
884 2783 950 2802 eru-

1055 1025 1218 1064 Ἐπειδήπερ
1233 1027 1264 1054 τὸ
1279 1027 1431 1066 φιλομαθὲς
1443 1029 1473 1056 τὸ
1490 1028 1546 1064 σὸν,
1564 1029 1586 1056 ὦ
1602 1028 1773 1067 στεφηφόρε,

1016 1071 1231 1107 Ἐρμηνευθῆναι
1246 1072 1371 1110 γλίχεται
1386 1074 1435 1107 τήν
1452 1073 1528 1108 ξένην
1544 1073 1589 1100 καὶ
1604 1072 1738 1108 ποικίλην

1017 1117 1072 1143 Τοῦ
1086 1118 1140 1142 τῶν
1157 1115 1284 1153 ᾀσμάτων
1301 1118 1440 1153 ⁷ᾼσματος
1453 1117 1585 1154 ἐξήγησιν
1600 1118 1645 1145 καὶ
1661 1120 1775 1156 γνῶσιν,

1017 1158 1087 1187 Ἰδού
1102 1170 1150 1186 σου
1164 1162 1203 1196 τῷ
1220 1161 1381 1198 θεσπίσματι
1397 1161 1560 1196 πεισθέντες,
1574 1162 1766 1200 αὐτοκράτωρ,

1016 1204 1067 1231 Καὶ
1093 1204 1141 1235 τὰς
1169 1203 1281 1236 ἐλπίδας
1311 1205 1417 1242 θέμενοι
1444 1208 1513 1243 πρὸς
1541 1207 1586 1234 τὸν
1614 1207 1757 1239 Δεσπότην
1774 1206 1840 1234 niv-

1728 1252 1805 1287 [των,

1016 1291 1157 1328 Δηλοῦμες
1173 1294 1221 1328 τὴν
1238 1293 1364 1332 ἐξήγησιν
1380 1295 1465 1321 πᾶσαν
1483 1305 1524 1321 σοι
1539 1297 1593 1322 τῶν
1609 1294 1769 1331 ’ᾼσμάτων,

1015 1336 1058 1364 Ἐν
1075 1336 1272 1375 ἁπλουστέραις
1286 1337 1386 1373 λέξεσιν
1403 1339 1446 1366 καὶ
1464 1340 1726 1376 κατημαξευμέναις.

1014 1380 1044 1408 Ὀ
1057 1380 1106 1418 γὰρ
1122 1383 1266 1420 προφήτης
1285 1382 1430 1419 Σολομῶν,
1448 1384 1461 1410 ὁ
1477 1394 1612 1422 πανσοφος
1628 1383 1748 1420 ἐκεῖνος,

1014 1425 1042 1457 ὀ
1058 1428 1121 1457 παῖς
1133 1436 1277 1463 τυγχανων
1293 1429 1341 1454 τοῦ
1366 1425 1459 1462 Δαϐἲὸ,
1475 1427 1539 1455 ἀλλ’
1567 1428 1598 1455 ἐκ
1625 1431 1677 1462 τῆς
1711 1431 1761 1455 τοῦ
1785 1429 1838 1457 Οὐ-

1618 1498 1621 1501 -
1722 1472 1805 1509 [Ρίουι

1013 1517 1090 1551 Τρεῖς
1105 1514 1290 1552 συνεγράψατό
1304 1525 1377 1546 τινας
1393 1515 1419 1543 ἐν
1437 1515 1489 1553 βίῳ
1503 1517 1704 1554 πραγματείας·

1013 1559 1044 1586 Ἣ
1063 1558 1110 1594 μὲν
1125 1557 1247 1586 καλεῖται
1263 1561 1400 1597 νουνεχῶς
1416 1563 1474 1591 τοῖς
1494 1563 1558 1587 πᾶσι
1571 1561 1734 1598 Παροιμίαι,

1013 1604 1135 1640 ’Έχουσα
1150 1602 1286 1630 παίδευσιν
1312 1605 1397 1638 ἠθῶν,
1414 1605 1505 1631 παθῶν
1523 1603 1736 1642 ἐπανορθώσεις,

1015 1648 1065 1675 Καὶ
1080 1649 1134 1674 τῶν
1151 1647 1290 1684 πρακτέων
1308 1651 1429 1685 συνεχῶς
1443 1649 1487 1676 καὶ
1503 1649 1576 1680 θείας
1592 1649 1748 1685 ὑποθήκας.

1013 1691 1044 1719 Ἠ
1062 1690 1089 1718 δέ
1103 1701 1162 1722 πως
1179 1691 1396 1727 Ἐκκλησιαστής
1411 1692 1542 1728 κέκληται
1558 1696 1615 1724 τοῖς
1632 1694 1802 1732 ἀνθρώποις,

1014 1736 1052 1763 Τὸ
1070 1736 1182 1772 μάταιον
1198 1735 1360 1764 διδάσκουσα
1374 1737 1404 1764 τὸ
1419 1739 1467 1764 1:03
1481 1738 1615 1775 παρόντος
1635 1739 1697 1776 βίου

1013 1781 1044 1808 Ἠ
1061 1778 1089 1807 δέ
1103 1791 1133 1818 γε
1146 1781 1223 1818 τρίτη
1240 1783 1361 1818 συνεχῶς
1377 1781 1480 1809 ἐκείνου
1495 1783 1670 1820 πραγματεία

1015 1825 1098 1860 (Αὕτη
1115 1825 1257 1863 τυγχάνει,
1274 1824 1402 1861 δέσποτα,
1417 1827 1447 1853 τὸ
1460 1829 1553 1863 ’ᾼσμα
1567 1829 1620 1853 τῶν
1640 1827 1792 1864 ᾀσμάτων),

1013 1869 1066 1897 Τὸν
1081 1869 1181 1905 τρόπον
1195 1869 1354 1908 καταγγελεῖ
1368 1881 1410 1898 σοι
1425 1870 1651 1908 ποικιλοτρόπως
1664 1871 1731 1910 ἄγαν

1014 1914 1071 1947 Τῆς
1085 1914 1252 1944 τελειώσεως
1267 1914 1350 1949 αὐτῆς
1370 1916 1465 1952 ψυχῶν
1479 1917 1533 1942 τῶν
1549 1915 1740 1953 ἀνθρωπίνων,

1012 1956 1092 1984 Ἀλλ’
1107 1957 1144 1988 ὡς
1158 1957 1184 1985 ἐν
1201 1958 1324 1995 σχήματί
1337 1969 1390 1986 τινι
1406 1959 1705 1997 σεμνονυμφοστολίας.

1014 2003 1111 2040 Σοφῶς
1122 2002 1172 2039 γὰρ
1187 2001 1331 2037 ὖποτίθησι
1347 2003 1391 2030 τὸν
1411 2004 1457 2039 μὲν
1474 2004 1590 2041 Χριστὸν
1605 2004 1736 2042 νυμφίον,

1012 2045 1130 2084 Νύμφην
1147 2045 1175 2073 δὲ
1191 2046 1272 2073 πάλιν
1287 2048 1336 2081 τήν
1351 2048 1444 2085 ψυχὴν
1460 2048 1561 2085 ἐρῶσαν
1577 2051 1626 2075 ἰοὖ
1639 2048 1770 2087 νυμφίου,

1013 2089 1063 2118 Καὶ
1079 2089 1275 2126 πεπυρωμένην
1292 2088 1371 2129 ἔρωτι
1388 2090 1467 2126 δῆθεν
1482 2094 1521 2128 τῷ
1533 2094 1580 2119 τοῦ
1596 2093 1727 2130 νυμφίον,

1012 2134 1063 2162 Καὶ
1079 2135 1146 2172 πρὸς
1156 2134 1257 2162 ἐκείνου
1273 2136 1387 2173 χάριτας
1405 2137 1588 2173 ἀνιπταμένην
1604 2138 1687 2175 τάχα.

1012 2180 1091 2216 Ἔχει
1108 2177 1137 2206 δὲ
1152 2180 1261 2218 φράσεις
1270 2180 1314 2207 καί
1328 2191 1401 2212 τινας
1415 2181 1475 2218 περῖ
1491 2184 1541 2215 τῆς
1557 2181 1730 2216 Ἐκκλησίας.

1012 2222 1089 2251 Ἀλλ’
1103 2224 1285 2262 ἀπαρξώμεθα
1300 2224 1399 2252 λοιπὸν
1416 2224 1462 2252 σύν
1478 2236 1508 2263 γε
1523 2228 1580 2261 Θεῷ
1592 2228 1632 2261 τῷ
1649 2227 1741 2264 Λόγῳ.

1190 2277 1235 2305 Ἐκ
1249 2280 1302 2306 τῶν
1318 2280 1400 2315 τριῶν
1416 2278 1499 2316 ἁγίων
1515 2279 1651 2315 Πατὲρων.

1046 2331 1139 2367 ’ᾼσμα
1163 2330 1289 2367 ᾀσμάτων
1322 2334 1361 2368 τῷ
1395 2330 1542 2368 Σολομῶνι
1568 2332 1776 2370 ἀναγέγραπται,
1799 2331 1829 2357 τὸ

1012 2373 1114 2409 δηλοῦν
1137 2375 1187 2410 τήν
1209 2375 1277 2411 πρὸς
1300 2376 1345 2403 τὸν
1370 2375 1486 2414 νυμφίον
1508 2377 1624 2413 Χριστὸν
1651 2376 1756 2414 ἀγάπην
1780 2379 1828 2410 τῆς

1010 2419 1119 2457 νύμφης
1143 2418 1224 2446 αὖτοῦ
1245 2418 1419 2454 Ἐχκλησίας·
1445 2420 1482 2451 ὡς
1507 2420 1537 2447 ἐκ
1559 2424 1608 2455 τῆς
1630 2420 1675 2448 διὰ
1695 2423 1749 2448 τῶν
1774 2423 1828 2446 Πα-

1009 2466 1124 2500 ροιμιῶν
1149 2468 1308 2501 προτροπῆς
1331 2465 1376 2491 καί
1401 2465 1570 2502 ἀποτροπῆς,
1586 2465 1632 2493 καὶ
1647 2469 1697 2500 τῆς
1713 2464 1757 2492 διὰ
1781 2465 1827 2490 τοῦ

1008 2507 1223 2542 Ἐκκλησιαστοῦ
1254 2510 1308 2536 τῶν
1338 2508 1510 2544 προσχαίρων
1541 2509 1734 2547 καταγνώσεως
1763 2507 1825 2543 ᾀδο-

1010 2552 1092 2588 μένης
1111 2551 1184 2588 αὐτῷ
1206 2552 1245 2589 τῷ
1269 2553 1378 2592 νυμφίῳ
1401 2554 1510 2590 Χριστῷ
1531 2556 1571 2590 τῷ
1596 2554 1736 2591 ιῖρηνικῷ.
1765 2552 1825 2580 ’Ότι

1006 2607 1035 2623 τε
1056 2597 1123 2632 ἡμῖν
1154 2597 1248 2634 εἰρήνη
1270 2597 1322 2624 ἀπὸ
1351 2600 1418 2625 Θεοῦ
1443 2598 1551 2636 γέγονεν
1570 2619 1577 2632 ,
1612 2598 1656 2625 καὶ
1687 2598 1761 2634 ἡμᾶς
1790 2594 1824 2622 δι’

1007 2641 1102 2668 ἑαυτοῦ
1128 2640 1282 2677 κατήλλαξε
1307 2644 1347 2677 τῷ
1372 2641 1433 2678 ἰδίῳ
1447 2642 1544 2679 ιιατρί.
1568 2643 1633 2671 Καθ’
1661 2642 1694 2676 ἢν
1723 2640 1825 2678 ἀγάπην

1005 2684 1135 2721 νυμφεύει
1165 2686 1251 2722 ἑαυτῷ
1265 2687 1314 2721 τήν
1330 2689 1383 2714 τῶν
1411 2689 1513 2713 πιστῶν
1543 2685 1715 2721 Ἐκκλησίαν,
1742 2693 1824 2721 μυστ-

1005 2731 1117 2767 αγωγῶν
1147 2730 1232 2765 αὐτὴν
1271 2730 1435 2768 θεολογικῶς
1472 2730 1550 2767 νόμῳ
1588 2731 1762 2766 πνευματικῷ
1796 2726 1820 2753 ἐν

1005 2775 1038 2810 τῇ
1061 2773 1230 2811 ἇποχαλξιψει
1247 2777 1300 2802 τῶν
1321 2774 1383 2812 περὶ
1398 2774 1482 2802 αὐτοῦ
1503 2774 1668 2812 μυστηρίων,
1697 2773 1730 2808 ἣν
1756 2770 1823 2809 πρό-
