1937 3055
135 124 195 155 543

802 126 1016 157 MICHAELIS
1037 127 1174 158 PSELLI

1781 128 1846 157 θη

135 192 180 218 tes
195 190 307 225 optimo
329 191 417 220 odore
441 192 581 228 efﬁciant,
609 201 660 228 per
684 201 758 229 quas
781 193 957 221 exstiterunt

1061 203 1080 230 ,ρ
1103 195 1152 220 τοῦ
1177 194 1236 225 καθ’
1262 194 1356 224 ἑαυτὰς
1383 190 1586 230 λαμϐάνεσθαι,
1611 193 1658 220 καὶ
1686 191 1764 228 δίκην
1792 192 1846 228 μὲν

139 235 284 263 universa.
299 235 327 262 Si
354 244 431 264 enim
453 237 616 265 secundum
637 246 668 265 se
684 237 746 265 ista:
769 238 959 273 accipiantur,

136 280 230 312 instar
245 281 364 316 quidem
380 281 438 308 vini
455 285 582 310 mentem
608 285 743 310 amovent
768 292 784 309 ει
814 283 869 310 lide
889 282 918 309 in
933 285 962 309 ie

139 325 223 360 quasi
238 333 305 353 vero
320 329 453 354 aromata
465 328 610 362 quaedam,
628 335 691 362 quae
707 327 842 354 videntur
855 327 962 354 habere

139 372 245 397 natura
259 378 313 398 sua
329 379 447 398 suavem
473 372 603 405 odorem,
621 372 655 399 ad
681 380 712 399 se
733 372 812 407 ipsas
828 371 961 404 trahunt,

139 422 197 450 quo
212 414 266 442 frui
284 414 374 442 libeat
388 415 476 443 rebus
491 416 659 443 carnalibus
674 418 702 443 et
728 415 897 443 mundanis.
915 415 962 443 Sic

139 461 253 492 natura,
270 459 404 495 inquam,
420 461 449 487 et
462 459 618 495 scriptura,
633 460 724 488 veluti
741 462 960 496 unguentorum

139 503 220 538 odor,
236 505 303 531 tuas
314 504 465 532 declarant
484 504 660 532 voluntates.
679 506 750 531 Nam
768 504 884 532 bonitas
899 506 960 536 tua,

139 547 232 575 instar
261 548 403 584 unguenti
432 549 527 582 elfusi,
544 549 575 576 in
604 557 706 576 omnes
731 550 892 583 creaturas,
909 556 963 584 per

140 591 393 628 participationem
407 601 441 621 ex
457 593 483 620 vi
500 601 603 629 sparsa
619 594 802 622 demonstrat
820 595 848 621 te
865 601 962 621 rerum

137 637 270 664 omnium
286 639 447 672 auctorem,
464 646 498 666 ex
515 638 686 666 nominibus
702 638 837 666 indicans
848 646 882 666 ea
898 645 962 673 qua;

136 682 339 710 communicas
355 683 512 717 universis,
527 683 695 717 cujusmodi
712 685 793 717 sunt,
809 690 872 718 ens,
889 682 963 717 vita,

137 725 290 762 sapientia,
300 728 329 754 et
340 726 536 755 similia.Cum
547 726 638 762 igitur
649 729 755 755 natura
765 729 793 754 et
805 727 962 763 scriptura,

138 769 163 797 si
181 770 235 798 hoc
260 771 346 798 modo
367 771 558 808 accipiantur,
584 771 666 799 bona:
689 771 759 806 sint,
775 772 839 799 ideo
860 771 962 799 animm

138 814 239 842 dolum
249 817 277 843 et
291 815 435 848 fraudem,
447 824 511 851 qua:
522 824 557 843 ex
568 824 665 843 rerum
677 815 840 843 visibilium
854 815 961 851 specie,

141 860 170 886 et
184 867 218 886 ex
233 858 334 887 littera:
360 867 431 887 sono
458 860 600 895 provenit,
627 860 779 893 evitantes,
803 859 919 888 diabolo
934 861 964 888 et

142 903 414 938 perturbationibus
423 904 583 940 superatis,
595 913 630 932 ex
645 913 703 941 quo
715 907 744 932 et
758 904 962 932 adolescentu-

139 947 174 975 las
189 950 259 975 sunt
273 948 695 984 appellatm,dilexeruntte.Te
718 951 816 976 autem
842 948 964 984 diligen-

142 994 199 1026 tes,
214 1000 302 1028 quem
329 1001 363 1020 ex
379 993 443 1029 lege
468 995 531 1021 tum
554 993 666 1029 scripta
678 995 748 1021 tunc
761 993 888 1021 naturali
900 1001 965 1021 esse

145 1045 290 1073 sponsum
307 1038 457 1066 Christum
489 1038 702 1071 intellexerant,
717 1046 733 1066 e
747 1041 869 1074 paterno
898 1037 965 1066 sinu

145 1082 297 1109 traxerunt
313 1083 350 1116 te,
376 1081 425 1117 qui
451 1083 570 1117 propter
589 1081 656 1110 illos
681 1081 731 1118 qui
757 1082 882 1110 salutem
897 1084 967 1109 sunt

146 1125 292 1161 adepturi,
304 1125 333 1153 in
348 1133 434 1154 carne
445 1126 561 1154 venisti.
574 1126 715 1163 Deinceps
726 1127 823 1162 inquit
838 1135 844 1154 :
861 1127 893 1154 In
903 1126 966 1154 odo-

145 1178 204 1197 rem
229 1172 432 1205 unguentorum
454 1172 565 1199 tuorum
589 1179 742 1205 narremus,
758 1171 787 1199 id
803 1174 848 1199 est
863 1179 966 1206 seque-

147 1223 215 1241 mur
230 1217 267 1250 te,
288 1223 400 1243 morem
425 1217 512 1252 atque
536 1215 705 1243 institutum
730 1215 891 1248 imitantes,
908 1223 965 1251 quo

146 1267 200 1287 nos
215 1259 250 1286 ad
267 1267 386 1287 sensum
402 1259 519 1296 optimae
535 1260 695 1288 voluntatis
714 1262 770 1288 tua:
791 1260 964 1296 perduxisti,

146 1303 175 1331 id
191 1305 245 1337 est,
263 1305 295 1331 ut
309 1303 441 1332 animam
457 1313 601 1340 ponamus
618 1313 670 1340 pro
681 1303 777 1334 salute
793 1303 967 1332 multorum.

147 1348 224 1383 quod
240 1348 373 1383 perfecta:
389 1348 541 1377 charitatis
565 1349 718 1383 indicium,
746 1348 846 1376 omnia
870 1348 969 1376 divina

148 1392 286 1420 mandata
300 1393 482 1429 complectis.

184 1437 218 1464 Et
231 1436 307 1470 odor,
324 1437 430 1473 inquit,
447 1440 510 1465 tuus
522 1445 605 1474 super
618 1438 713 1466 omnia
726 1439 861 1466 aromata.

442 1505 535 1532 Trium
550 1506 679 1532 Patrum.

182 1557 287 1584 Anima
301 1565 333 1585 ex
351 1556 459 1585 Christi
474 1557 604 1584 Ecclesia
627 1565 679 1593 per
696 1557 785 1584 vitam
812 1557 967 1593 perfectam
985 1558 1007 1592 α

147 1601 204 1637 ipsi
221 1602 409 1637 desponsata,
421 1603 450 1629 et
460 1602 581 1629 docendi
597 1610 706 1629 munus
720 1604 866 1634 assecuta,
880 1604 965 1637 atque

147 1645 278 1681 ideojam
291 1646 394 1673 idonea
405 1654 468 1682 qua:
480 1646 592 1674 animas
603 1646 832 1681 imperfectiores
843 1647 878 1673 ad
901 1654 966 1682 per-

148 1689 304 1718 rectionem
321 1690 457 1724 adducat,
472 1690 515 1718 sic
535 1699 584 1719 eas
608 1691 770 1727 alloquitur
786 1704 792 1719 ς
811 1691 968 1719 Introduxit

148 1742 190 1762 me
205 1742 255 1762 rex
265 1735 296 1762 in
309 1735 466 1763 cubiculum
480 1743 571 1763 suum.
589 1735 647 1763 Sua
663 1735 802 1763 nimirum
815 1735 913 1763 divina
924 1738 968 1763 at-

147 1787 203 1815 que
219 1787 325 1807 arcana
341 1779 478 1816 mysteria
494 1780 596 1807 retexit
611 1780 683 1808 mihi
701 1789 708 1808 :
724 1780 753 1808 id
770 1781 847 1816 quod
862 1783 891 1808 et
907 1788 968 1807 ma-

147 1831 205 1860 gno
222 1823 366 1860 contingit
383 1824 479 1858 Paulo,
497 1825 545 1860 qui
562 1832 656 1861 usque
672 1825 707 1852 ad
725 1825 844 1852 tertium
860 1824 965 1852 coelum

149 1868 295 1902 sublatus,
312 1869 341 1896 id
368 1870 422 1903 est,
440 1869 581 1897 moralem
598 1871 627 1898 et
649 1869 813 1897 naturalem
839 1869 968 1906 philoso-

149 1913 250 1949 phiam
267 1916 503 1950 praetergressus,
513 1915 548 1941 ad
569 1913 746 1949 theologiam
761 1922 853 1950 usque
869 1921 969 1950 perve—

155 1957 211 1993 nit,
227 1959 255 1985 et
278 1958 388 1986 audiuit
402 1966 507 1986 arcana
523 1958 613 1992 verba,
630 1966 689 1994 quz
704 1966 758 1986 non
775 1958 848 1992 licet,
865 1958 972 1986 homini

150 2002 225 2038 loqur
232 2002 253 2030 ².

445 2070 539 2097 Trium
553 2070 678 2098 Patrum.

188 2122 518 2158 Respondentesigitur,
530 2125 562 2151 ut
581 2123 693 2151 dictum
717 2126 762 2151 est
785 2123 890 2151 animae
908 2131 972 2159 quae

152 2167 345 2202 ducebantur,
358 2175 472 2203 sponsae
489 2167 618 2202 ducenti,
639 2167 793 2200 Quoniam,
821 2167 972 2203 inquiunt,

153 2213 186 2240 ut
201 2212 266 2248 ipsa
281 2211 337 2246 ais,
352 2211 503 2239 inroduxit
518 2214 546 2240 te
565 2221 614 2240 rex
629 2211 657 2239 in
674 2211 842 2240 cubiculum
859 2220 945 2240 suum
964 2220 971 2240 :

151 2257 183 2284 In
199 2265 251 2292 quo
263 2257 385 2284 thesauri
406 2257 548 2292 s‘apienliae
568 2260 633 2284 sunt
655 2257 814 2290 abscondi“,
840 2259 869 2284 et
882 2256 972 2292 hujus

150 2301 267 2329 divitias
281 2301 412 2329 ostendit
433 2301 498 2334 tibi,
514 2301 713 2329 exsultabimus
726 2303 754 2328 et
770 2301 930 2330 tuebimur
943 2302 973 2329 in

152 2345 207 2374 te’.
224 2347 285 2378 Quo
300 2346 387 2374 modo
418 2345 574 2380 diligemus
603 2346 693 2373 ubera
722 2345 790 2373 tua?
818 2346 912 2381 Super
931 2345 972 2373 vi-

152 2399 236 2424 num,
253 2390 281 2418 id
297 2392 351 2424 est,
369 2389 436 2426 plus
451 2398 540 2425 quam
565 2392 702 2417 naturam
726 2389 785 2417 vini
814 2398 830 2418 a
853 2390 975 2418 veritate

152 2437 280 2463 mentem
295 2434 464 2468 avertentis,
481 2434 546 2470 plus
575 2442 664 2470 quam
690 2442 787 2462 rerum
814 2434 974 2462 visibilium

153 2478 362 2516 speciem,plus
373 2487 463 2514 quam
473 2479 546 2515 legis
562 2478 858 2515 litteramjdiligemus
869 2487 902 2506 ea
910 2487 974 2514 qua;

155 2531 172 2552 a
186 2526 214 2552 te
235 2523 264 2551 in
280 2523 411 2551 Ecclesia
433 2524 592 2551 traduntur
615 2523 791 2558 rudimenta,
808 2523 928 2559 quibus,
944 2525 975 2551 ut

151 2567 226 2596 lacte
241 2567 413 2604 disciplina,
427 2569 510 2603 potas
526 2567 654 2595 infantes
674 2567 703 2594 in
724 2567 850 2602 Christo,
868 2569 895 2595 et
919 2576 973 2596 nu-

151 2611 206 2640 tris
221 2612 257 2640 ad
274 2611 422 2648 pietatem.
434 2611 508 2645 Quid
525 2611 587 2639 ita?
602 2611 674 2644 Quia
689 2612 844 2646 rectitude,
858 2612 908 2648 qui
930 2615 975 2641 est

152 2656 300 2691 Christus,
316 2655 418 2684 dilexit
433 2658 470 2684 te.
488 2656 553 2692 Ipse
574 2657 664 2691 enim,
681 2658 714 2684 ut
736 2659 781 2685 est
795 2657 914 2692 veritas,
932 2657 974 2686 sic

153 2700 241 2729 etiam
270 2703 315 2730 est
342 2701 498 2730 rectitudo.
529 2701 658 2736 Diligens
686 2703 784 2730 autem
804 2704 843 2736 te,
859 2703 975 2738 aperuit

188 2793 200 2810 ¹
215 2791 240 2820 Il
255 2794 320 2828 Cor,
335 2800 386 2828 xu,
402 2791 429 2821 4.
468 2792 479 2810 ³
493 2790 605 2820 Coloss.
622 2799 653 2826 ri,
668 2791 696 2819 3.

1017 235 1093 265 οἷ’νου
1121 237 1222 273 ἰξιστᾷν
1249 241 1300 272 τῆς
1329 237 1367 269 εἷς
1383 238 1412 265 σὲ
1442 238 1567 269 πίστιως.
1593 239 1695 275 Ὥσπερ
1724 236 1753 264 δὲ
1780 247 1846 264 τινα

1017 283 1148 320 ἀρώματα
1186 282 1317 310 δοκοῦντα
1347 283 1424 322 φύσει
1459 284 1489 311 τὸ
1527 282 1627 314 εὐῶδες
1663 282 1753 320 ἔχειν,
1777 283 1844 320 παρ’

1017 327 1121 357 ἑαυτοῖς
1141 329 1209 364 πρὸς
1239 327 1388 355 ἀπόλαυσιν
1418 330 1472 355 τῶν
1503 327 1530 355 ἒν
1561 327 1638 364 σαρκῖ
1667 327 1712 355 καὶ
1741 327 1844 363 κόσμῳ

1017 371 1180 411 ὲφὲλκεταιυ
1211 372 1296 402 οὕτως
1331 373 1349 407 ἡ
1389 373 1477 404 κτίσις
1512 372 1557 400 καὶ
1586 373 1604 407 ἡ
1633 373 1725 411 Γραφὴ
1755 372 1843 399 οἱονεὶ

1018 416 1110 454 μύρων
1141 417 1213 453 ὀσμὴ
1241 417 1275 444 τὰ
1303 417 1336 444 σὰ
1365 417 1498 454 μηνύουσι
1527 417 1682 453 Θελήματα.
1714 419 1769 451 Τῆς
1790 417 1843 454 γὰρ

1017 460 1186 499 ἀγαθότητός
1209 472 1268 494 σου,
1298 462 1342 489 οἷα
1373 461 1460 498 μύρου
1490 461 1685 492 ἐκκενωθὲντος
1713 461 1844 498 χεθείσης

1018 505 1055 536 εἰς
1085 506 1171 532 πάντα
1195 505 1228 532 τὰ
1248 503 1311 532 ὄντα
1334 505 1402 532 κατὰ
1425 504 1580 541 μετάδοσιν,
1597 504 1626 532 ἐκ
1639 504 1689 538 τῆς
1708 504 1844 542 ἐνεργείας

1017 549 1055 580 ὡς
1081 551 1135 577 τῶν
1164 549 1236 576 ὅλων
1263 547 1352 580 αἴτιος
1377 548 1540 588 καταφάσκει
1568 551 1627 581 τοῖς
1651 549 1767 585 ὀνόμασι
1789 550 1846 576 τῶν

1020 596 1156 632 μετοχῶν·
1187 594 1253 629 ἅπερ
1280 593 1332 621 εἶσὶ
1344 594 1375 621 τὸ
1391 593 1433 628 δν,
1458 595 1475 628 ἡ
1504 594 1572 629 ζωή,
1599 595 1616 628 ἡ
1638 593 1730 632 σοφία,
1746 593 1792 621 καὶ
1808 594 1845 620 τὰ

1017 638 1111 675 ὅμοια.
1139 640 1201 667 ’Ὁτι
1228 637 1251 665 δ’
1279 638 1351 666 οὕτω
1380 636 1586 675 λαμϐανόμεναι
1602 639 1619 673 ἡ
1645 638 1730 669 κτίσις
1752 638 1799 665 καὶ
1824 639 1843 672 ἡ

1018 683 1110 721 Γραφή
1140 682 1235 719 ἀγαθαί
1264 681 1400 716 εἰσιν,διὰ
1414 685 1494 710 τοῦτο
1515 683 1542 710 αἱ
1570 684 1620 718 τήν
1649 682 1679 710 ἐκ
1706 686 1756 717 τῆς
1786 682 1846 710 ἑπι-

1018 727 1126 766 φανείας
1150 729 1202 755 τῶν
1241 728 1345 765 ὁρατῶν
1380 728 1425 754 καὶ
1465 729 1512 754 τοῦ
1545 726 1708 765 γράμματος
1736 726 1844 761 ἀπάτην

1018 773 1149 810 φυγοῦσαι
1173 772 1284 809 ψυχαὶ,
1309 772 1450 804 κάντεῦθεν
1475 771 1521 799 τὸν
1545 772 1665 809 πονηρὸν
1696 773 1845 806 νικήσασαι

1018 816 1064 844 σὺν
1092 819 1151 848 τοῖς
1178 817 1299 844 πάθεσιν
1330 815 1372 844 διὸ
1401 816 1446 843 καὶ
1472 815 1590 848 νεάνιδες
1626 816 1772 852 κέκληνται
1797 815 1846 843 καὶ

979 862 1159 910 Βὴγάπησάν
1187 871 1225 895 σε,
1255 860 1429 898 ἀγαπήσασαι
1458 859 1487 888 δὲ
1503 872 1531 888 σε
1559 861 1588 888 ὃν
1615 859 1645 888 ἔκ
1669 871 1699 888 τε
1712 863 1760 888 τοῦ
1773 870 1845 898 γρα-

1017 908 1086 933 πτοῦ
1114 906 1159 933 καὶ
1196 906 1244 933 τοῦ
1273 907 1387 944 φυσικοῦ
1420 905 1509 942 νόμου
1539 905 1696 942 ἑμυήθησαν
1723 905 1846 944 νυμφίον

1018 951 1131 988 Χριστὸν
1150 973 1157 984 ,
1192 949 1306 977 ἔλκυσάν
1335 960 1365 977 σε
1391 950 1421 977 ἐκ
1451 952 1505 978 τῶν
1535 952 1673 988 πατρικῶν
1704 949 1818 978 κόλπων
1839 970 1847 983 ,

1020 994 1064 1022 διὰ
1090 994 1154 1025 τοὺς
1184 993 1335 1030 μέλλοντας
1361 997 1456 1032 τυχεῖν
1473 994 1610 1031 σωτηρίας
1630 994 1656 1021 ἐν
1681 994 1758 1031 σαρκῖ
1778 993 1849 1028 ἐλη-

1021 1039 1145 1067 λυθότα.
1187 1038 1288 1066 Λοιπόν
1317 1048 1422 1077 φησιν’
1459 1039 1563 1068 Ὀπίσω
1601 1049 1648 1066 σου
1679 1038 1718 1069 εἷς
1753 1038 1847 1075 ὀσμὴν

1023 1084 1114 1120 μύρων
1131 1093 1179 1110 σου
1195 1082 1381 1120 δραμούμεθα.
1398 1084 1511 1120 Ἦγοτν.
1528 1081 1767 1119 Ἀκολουθήσομὲν
1796 1092 1849 1109 σου

1020 1129 1065 1156 τὸν
1079 1128 1180 1165 τρόπον
1205 1127 1404 1164 μιμησάμεναι,
1425 1128 1483 1155 καθ’
1508 1128 1536 1154 ὃν
1563 1128 1637 1164 ἡμᾶς
1665 1127 1704 1158 εἰς
1719 1125 1848 1162 α’ίσθησιν

1020 1175 1073 1200 τῶν
1091 1172 1252 1208 παναγάοων
1267 1182 1315 1200 σου
1330 1171 1493 1208 θελημάτων
1509 1170 1617 1209 ἤγαγες·
1640 1171 1670 1202 ὃς
1695 1171 1750 1199 ἐστι
1775 1171 1848 1198 πάν-

1021 1227 1075 1248 τως
1090 1217 1121 1244 τὸ
1136 1217 1185 1251 τήν
1201 1217 1294 1254 ψυχήν
1310 1215 1410 1244 τιθέναι
1425 1216 1490 1251 ὑπὲρ
1506 1219 1556 1251 τῆς
1576 1218 1630 1243 τῶν
1651 1214 1766 1243 πολλῶν
1789 1225 1849 1242 σω-

1021 1261 1128 1298 τηρίας,
1145 1261 1181 1291 ὡς
1197 1260 1354 1299 ἐκφαντικὸς
1369 1264 1420 1295 τῆς
1441 1260 1644 1298 περιληπτικῆς
1668 1262 1760 1287 πασῶν
1788 1262 1848 1286 τῶν

1022 1305 1100 1333 Θείων
1117 1304 1235 1333 ἐντολῶν
1251 1304 1356 1336 τελείας
1371 1305 1489 1343 ἀγάπης.

1023 1439 1074 1468 Καὶ
1090 1439 1161 1476 ὀσμή
1179 1449 1227 1466 σου
1244 1439 1309 1477 ὑπὲρ
1326 1438 1410 1466 πάντα
1423 1439 1457 1466 τὰ
1470 1437 1613 1476 ἀρώματα.

1307 1506 1369 1534 Τῶν
1386 1508 1408 1542 γ’
1423 1506 1560 1543 Πατὲρων.

1062 1559 1162 1587 Λοιπὸν
1177 1560 1194 1593 ἡ
1209 1558 1238 1586 ἐκ
1251 1561 1301 1593 τῆς
1324 1560 1372 1585 τοῦ
1396 1560 1512 1596 Χριστοῦ
1533 1556 1697 1592 Ἐκκλησίας
1717 1555 1762 1584 διὰ
1785 1557 1852 1594 βίου

1019 1603 1125 1632 τελείου
1141 1603 1227 1630 αὐτοῦ
1239 1605 1422 1640 νυμφευθεῖσα
1445 1602 1533 1640 ψυχὴ,
1549 1602 1593 1630 καὶ
1612 1603 1660 1629 τοῦ
1685 1599 1851 1629 διδασκαλι-

1021 1650 1071 1676 κοῦ
1086 1649 1207 1685 τυχοῦσα
1223 1647 1388 1683 ἀξιώματος,
1410 1646 1551 1678 κάντεῦθεν
1579 1645 1681 1683 ἐνάγειν
1708 1644 1849 1682 δυναμένη

1021 1693 1089 1730 πρὸς
1109 1691 1270 1726 τελειότητα
1292 1691 1339 1721 τὰς
1362 1690 1536 1728 ἆτελεστέρας
1559 1690 1660 1728 ψυχὰς,
1685 1690 1754 1728 πρὸς
1778 1690 1852 1717 ταύ-

1021 1747 1068 1768 τας
1085 1736 1177 1775 φησίν⁸
1204 1734 1345 1773 Εἴσήγαγέ
1371 1745 1405 1771 με
1427 1736 1440 1762 ὁ
1461 1735 1588 1773 βασιλεὺς
1611 1735 1648 1766 εἷς
1671 1735 1702 1762 τὸ
1731 1737 1849 1770 ταμεῖον

1023 1781 1114 1809 αὐτοῦ·
1131 1779 1193 1815 ἤτοι
1220 1778 1392 1816 Ἀπεκάλυψὲ
1419 1790 1465 1816 μοι
1491 1780 1525 1807 τὰ
1545 1781 1607 1816 περὶ
1626 1780 1722 1806 ἑαυτοῦ
1738 1778 1796 1811 θεῖά
1820 1789 1852 1806 τε

1023 1825 1067 1853 καὶ
1084 1825 1226 1862 ἀπόκρυφα
1244 1824 1461 1862 μυττήρια,ὅπερ
1476 1824 1520 1851 καὶ
1538 1823 1563 1851 ἰν
1574 1826 1613 1859 τῷ
1626 1823 1737 1861 μεγάλῳ
1753 1822 1854 1861 γέγονε

1024 1869 1126 1906 Παύλῳ
1147 1869 1212 1907 ἄχρι
1237 1868 1330 1906 τρίτου
1355 1868 1472 1906 ούρανοῦ
1497 1868 1613 1906 ἀρθὲντι,
1638 1867 1724 1905 ἤγουν
1747 1868 1797 1902 τήν
1819 1878 1854 1895 τι

1023 1915 1122 1950 ἠθικὴν
1146 1915 1191 1941 καὶ
1207 1914 1322 1953 φυσικὴν
1347 1912 1509 1952 φιλοσοφίαν
1534 1913 1690 1950 περάσαντι,
1714 1911 1760 1939 καὶ
1783 1910 1854 1949 ἄχρι

1024 1963 1074 1994 τῆς
1090 1958 1252 1996 θεολογικῆς
1267 1957 1407 1996 φθάσαντι,
1427 1957 1473 1985 καὶ
1502 1957 1646 1984 ἀκούσαντι
1670 1955 1774 1995 ἅρῥητα
1800 1955 1853 1994 ρη-

1029 2014 1108 2040 ματα,
1124 2002 1139 2030 ἂ
1155 2002 1205 2030 οὐκ
1218 2001 1275 2038 ξξὸν
1292 2002 1426 2040 ἀνθρώπῳ
1442 2000 1573 2036 λαλῆσαι.

1308 2071 1367 2097 Τῶν
1383 2069 1407 2106 γ’
1424 2069 1561 2107 Πατέρων.

1061 2123 1291 2161 Ἀποκρινόμεναι
1314 2121 1343 2150 δὲ
1370 2122 1464 2157 πάλιν,
1494 2122 1531 2153 ὡς
1561 2121 1678 2159 εἷ’ρηται,
1699 2121 1726 2148 αἱ
1753 2120 1851 2158 ἀναγό-

1029 2179 1105 2205 μεναι
1129 2168 1215 2205 ψυχαὶ
1243 2167 1310 2204 πρὸς
1324 2167 1374 2201 τὴν
1390 2165 1533 2203 ἐναγουσαν
1559 2175 1648 2204 φασιν·
1673 2164 1800 2200 Ἐπειδὴ,
1817 2166 1854 2196 ὡς

1028 2213 1096 2247 αὐτή
1126 2210 1204 2250 ἔφης,
1230 2210 1358 2249 εἰσήγαγέ
1387 2221 1416 2238 σε
1440 2211 1454 2238 ό
1482 2210 1609 2248 βασιλεὺς
1624 2210 1661 2241 εἷς
1683 2210 1714 2237 τὸ
1739 2212 1854 2246 ταμεῖον

1029 2257 1121 2291 αὐτοῦ,
1146 2257 1188 2284 Ἐν
1214 2256 1236 2292 ᾧ
1262 2256 1288 2282 οἱ
1317 2255 1469 2294 ἀπόκρυφοι
1510 2254 1643 2292 θησαυροὶ
1675 2257 1726 2288 τῆς
1760 2254 1856 2293 σοφίας

1029 2301 1091 2336 eici,
1113 2301 1158 2328 καὶ
1183 2301 1229 2328 τὸν
1252 2299 1352 2334 ταύτης
1378 2310 1420 2326 σοι
1445 2298 1566 2326 πλοῦτον
1592 2297 1725 2333 ὑπέδειξεν
1740 2319 1747 2332 ,
1771 2297 1857 2336 ἀγαλ-

1030 2346 1190 2382 λιασὼμεϐα
1219 2345 1263 2372 καὶ
1294 2344 1484 2383 εὐφρανθῶμεν
1514 2342 1539 2370 ἐν
1569 2343 1632 2372 σοί.
1666 2342 1722 2369 Τίνι
1759 2342 1857 2380 τρόπῳ

1029 2391 1204 2428 ἀγαπήσομεν
1229 2388 1347 2426 μαστούς
1370 2398 1437 2423 σου;
1462 2387 1540 2425 ’Υπὶρ
1566 2387 1650 2421 οἶνον,
1675 2386 1762 2424 ἤγουν
1788 2386 1856 2423 ὑπὲρ

1028 2435 1080 2468 τήν
1095 2432 1172 2468 δίκην
1194 2432 1280 2468 οἴνου,
1309 2436 1358 2467 τῆς
1385 2431 1516 2467 ἀληθείας
1543 2431 1589 2458 τὸν
1614 2433 1675 2458 νοῦν
1699 2430 1857 2466 ἐξιστῶσαν,

1031 2478 1185 2518 ἐπιφάνειάν
1220 2488 1249 2505 τε
1274 2477 1379 2514 ὁρατῶν
1403 2476 1449 2504 καὶ
1475 2476 1507 2504 τὸ
1532 2478 1581 2503 τοῦ
1610 2475 1696 2512 νόμου
1716 2475 1831 2513 γράμμα
1848 2497 1856 2510 ,

1031 2523 1209 2560 ἀγαπήσομεν
1225 2523 1258 2549 τὰ
1272 2521 1345 2560 παρὰ
1359 2523 1406 2548 σοῦ
1421 2521 1448 2548 ἐν
1470 2522 1505 2557 τῇ
1530 2519 1681 2555 Ἐκκλησία
1703 2519 1857 2556 τελούμενα

1031 2565 1177 2604 σύμϐολα.
1204 2567 1242 2594 Δι’
1271 2567 1309 2593 ὧν
1338 2567 1387 2601 τήν
1411 2565 1592 2603 εἰσαγωγικὴν
1618 2563 1791 2592 διδασκαλίαν
1819 2564 1856 2594 ὡς

1027 2611 1098 2650 γάλα
1120 2611 1240 2646 ποτίζιις
1262 2610 1325 2642 τοὺς
1349 2609 1374 2638 ἐν
1395 2611 1503 2646 Χριστῷ
1525 2609 1652 2645 νηπίους,
1676 2609 1723 2636 καὶ
1749 2608 1856 2647 τρέφεις

1028 2658 1097 2694 πρὸς
1119 2653 1279 2689 θεοσάϐειαν.
1296 2656 1336 2683 Δι’
1350 2656 1380 2690 ἣν
1398 2655 1484 2682 αἰτίαν
1497 2665 1504 2690 ;
1519 2655 1581 2683 ’Ὀτι
1598 2653 1715 2689 εὐθύτης
1729 2652 1858 2691 ἠγάπησε

1029 2712 1068 2737 σε,
1091 2701 1152 2736 ἥτις
1176 2700 1230 2728 ἐστὶ
1256 2699 1383 2738 Χριστός·
1409 2699 1490 2730 αὐτὸς
1513 2699 1566 2737 γὰρ
1591 2697 1706 2734 εὐθύτης
1733 2697 1804 2726 ἐστὶν
1820 2697 1856 2724 ὡ-
