1951 3051
55 89 115 118 545

52 153 182 189 ἀλήθεια.
198 152 374 190 Ἀγαπήσασα
391 151 419 179 δέ
434 162 463 179 σε

55 198 205 235 μυστήρια.
222 196 370 228 Κάντεῢθεν
387 195 515 227 ἀπλανῶς
531 195 634 234 ἐνάγεις
650 197 725 233 ἡμᾶς
746 197 813 234 πρὸς
837 197 885 231 τήν

53 242 197 277 ἀλήθειαν,
215 240 260 269 διὰ
274 243 326 268 τῶν
339 241 412 278 παρὰ
427 243 475 268 σοῦ
486 239 660 276 τελουμένων
676 241 701 268 ἐν
717 243 751 277 τῇ
768 240 887 276 Ἐκκλη-

53 288 99 322 σία
126 284 286 323 συμϐόλων.
303 285 348 312 Διὸ
369 284 402 320 δή
432 287 516 312 ταῦτα
541 285 606 323 ὑπὲρ
621 286 654 312 τὰ
668 284 812 321 ἐξιστῶντα
837 289 886 320 τῆς

53 331 201 366 ἀληθείας,
216 331 247 358 τὸ
273 331 388 368 γράμμα
412 340 442 357 τε
464 330 509 357 καὶ
532 330 581 364 τήν
597 332 651 357 τῶν
668 330 774 367 ὁρατῶν
790 329 887 368 ἐπιφά-

51 387 139 410 νειαν,
156 376 295 413 ἀγαπῆσαι
313 374 533 412 ὑπισχνούμεθα.

341 440 399 465 Τῶν
413 438 437 476 γ’
457 437 595 476 Ματέρων.

86 499 122 527 Ἡ
146 497 240 536 νύμφη
266 496 312 524 οὖν
336 498 384 523 τοῦ
421 497 536 534 Χριστοῦ
560 494 710 530 Ἐκκλησία
735 494 828 530 ἐπειδή
859 494 885 530 ἐξ

48 542 137 570 ἐθνῶν
154 542 198 570 καὶ
226 541 251 578 ἐξ
268 539 407 570 Ἰουδαίων
431 540 571 574 συνετέθη,
587 539 632 567 καί
661 541 687 567 οἱ
713 540 759 576 μὲν
789 540 814 575 ἐξ
844 539 885 566 ἑθ-

47 589 102 614 νῶν
133 585 276 618 παντελῶς
305 585 401 622 πρώην
435 585 561 621 ὑπῆρχον
593 583 751 622 ἀφώτιστοι,
777 585 815 615 ὡς
845 584 884 620 μὴ

47 634 109 662 ταῖς
139 634 191 665 τῆς
219 629 351 665 ἀληθείας
381 628 474 666 αὐγαῖς
501 627 545 655 διὰ
569 628 655 664 νόμου
676 629 721 655 καὶ
736 630 886 667 προφητῶν

50 675 284 711 ἐλλαμπόμενοι·
304 674 330 700 οἱ
356 671 385 700 δὲ
413 672 439 708 ἐξ
464 672 587 710 Ἰσραὴλ,
608 673 645 703 ὡς
670 672 752 706 οὕτω,
776 672 886 704 ταύταις

49 719 275 756 ἐναυγαζόμενοι,
292 717 323 745 (ιύ
339 719 426 752 πάντη
454 719 501 744 τοῦ
524 717 610 744 καλοῦ
635 717 760 754 ὑπῆρχον
786 717 885 753 ἀμέτο-

50 772 112 802 χοι·
129 762 291 802 ἀμφοτέρων
319 761 417 789 λοιπὸν
443 761 559 788 τουτωνὶ
580 763 633 788 τῶν
662 759 734 788 λαῶν
757 763 810 788 τῶν
840 761 886 788 καὶ

47 808 154 843 ταύτης
185 809 274 845 μερῶν
300 807 334 834 τά
363 816 430 833 ποτε
460 805 489 832 ἐκ
515 806 699 843 προαιρέσεως
730 804 786 833 ξ’δια
814 816 885 844 παρ-

49 838 153 888 ίστησιξ
248 861 329 890 φησιν
348 860 354 867 ·
377 849 501 879 Μέλαινα
526 838 583 886 εἰμι
601 838 658 877 ’καὶ
677 849 762 884 καλὴ,
781 838 887 887 θυγαέέ-
903 838 926 870 Β

48 908 93 936 ρες
119 896 324 934 Ἰερουσαλήμ·
342 894 387 922 καὶ
410 894 525 930 μέλαινα
558 894 604 930 μὶν
630 892 674 921 διὰ
697 894 760 925 τοὺς
791 894 816 929 ἐξ
843 894 886 921 έο-

48 945 118 978 νῶν¹
136 942 174 972 ὡς
189 939 330 971 παντελῶς
347 939 527 978 ἆφωτίστους,
544 938 588 966 καὶ
613 938 644 966 τὸ
669 942 720 973 τῆς
750 937 886 970 εὐσεϐείας

46 986 148 1017 σκότος
164 984 370 1022 περικειμένους
387 993 392 999 ·
410 982 482 1017 καλή
508 981 536 1009 δὲ
561 982 606 1010 διὰ
629 983 693 1015 τοὺς
718 982 743 1018 ἐξ
760 983 884 1020 Ἰσραὴλ,

47 1032 87 1062 ὡς
106 1029 154 1058 διὰ
167 1030 254 1066 νόμου
279 1028 326 1056 καὶ
351 1030 502 1066 προψητῶν
525 1030 566 1064 τῷ
584 1031 633 1062 τῆς
649 1025 800 1058 θεοσεϐείας
816 1027 886 1055 καλ-

56 1077 100 1103 λει
131 1074 380 1112 προωραϊσθέντας.
409 1071 490 1104 Αὖθις
522 1070 550 1099 δὲ
578 1073 614 1103 ὡς
644 1072 670 1099 ἐν
686 1071 886 1109 παραδείγματι

52 1121 104 1154 τήν
133 1119 307 1155 μελανότητα
333 1116 566 1155 παραδεικνύουσα
589 1117 634 1144 καὶ
659 1117 708 1151 τὴν
736 1116 884 1151 καλλονήν,

53 1164 162 1202 τράσκει,
180 1164 223 1194 Ὠς
249 1162 415 1198 σκηνώματα
439 1160 542 1199 Κηὸἓιρ,
559 1161 596 1193 ὡς
619 1159 704 1198 δέρεις
735 1160 884 1197 Σολομών.

51 1210 171 1245 ἾΙγουν,
190 1206 305 1244 μέλαινα
331 1207 378 1243 μέν
405 1206 462 1242 εἶμι
488 1204 532 1233 διὰ
555 1205 618 1236 τοὺς
641 1205 666 1241 ἐξ
684 1207 777 1241 εονῶν,
796 1206 885 1243 ὥσπερ

53 1253 207 1290 οἲκητήρια
222 1251 334 1283 σκότους
351 1261 357 1269 ·
374 1250 528 1286 σκοτασμὸς
542 1249 594 1287 γὰρ
619 1250 650 1277 τὸ
681 1248 774 1287 Κηδὰρ
799 1249 886 1287 ἑρμη-

53 1297 159 1324 νεύεται
177 1306 184 1313 ·
200 1295 272 1330 καλή
289 1295 317 1323 δὲ
333 1294 377 1333 ’διὰ
391 1295 454 1326 τοὺς
471 1294 495 1331 ἐξ
513 1294 636 1332 Ἰσραὴλ,
651 1295 772 1332 καθάπερ
798 1295 884 1329 σκηνὴ

56 1341 199 1379 ε’ρηνικοῦ
222 1339 367 1379 βασιλέως.
393 1337 556 1376 Ἐπειδήπερ
586 1339 635 1373 τήν
667 1340 767 1374 σκηνὴν
795 1339 841 1375 μὲν
867 1340 884 1374 ἡ

58 1385 164 1424 δέῥρις,
179 1385 224 1413 τὸν
250 1383 280 1412 δὲ
304 1384 439 1422 εἰρηνικὸν
466 1384 480 1411 ὁ
506 1382 641 1420 Σολομὼν
657 1385 782 1420 παριστᾷ.
800 1383 885 1420 Εἴρη-

56 1431 136 1461 νικὸς
162 1429 191 1457 δὲ
213 1430 320 1460 πάντως
346 1428 417 1455 ἐστὶν
432 1429 445 1455 ὁ
463 1427 615 1464 βασιλεύων
637 1430 691 1455 τῶν
709 1427 886 1465 Ἰσραηλιτῶν

52 1475 170 1511 νομικὸς
196 1474 239 1501 καὶ
269 1472 439 1511 προφητικὸς
466 1471 560 1509 λόγος,
585 1472 602 1507 ἢ
633 1471 677 1499 διὰ
705 1472 736 1499 τὸ
764 1472 886 1499 ἀπαιτεῖν

581 86 783 117 COMMENT.
808 87 846 117 IN
869 87 1068 118 CANTICUM
1091 88 1248 118 CANTIC.

487 152 520 179 τὰ
539 152 637 186 ἑαυτῆς
663 163 704 179 σοι
730 151 885 188 ἁπεκάλυψε

979 153 997 180 ›ἰ
1015 153 1153 189 mysteria
1172 162 1236 186 sua,
1254 154 1332 181 unde
1355 152 1419 180 sine
1433 161 1531 181 errore
1554 161 1608 181 nos
1629 154 1714 182 ducis
1728 154 1765 181 ad

1705 88 1766 118 548

941 198 1095 225 veritatem
1119 197 1271 233 praceptis
1296 197 1354 224 illis
1369 206 1433 232 quas
1457 197 1549 224 tradis
1574 198 1602 224 in
1628 197 1764 225 Ecclesia.

942 242 1137 274 Quamobrem
1154 251 1188 269 ea
1203 250 1257 270 nos
1274 241 1368 277 magis
1383 249 1471 276 quam
1496 241 1636 274 litteram,
1653 250 1766 269 rerum-

942 294 999 322 que
1012 286 1174 314 visibilium
1191 286 1318 322 speciem
1334 294 1398 321 quae
1413 287 1536 313 avocant
1550 295 1567 313 υ,
1581 286 1712 321 veritate,
1724 286 1768 313 di-

943 330 1030 366 ligere
1048 331 1229 366 proﬁtemur.

1236 440 1329 467 Trium
1348 439 1474 466 Patrum.

977 497 1120 530 Quoniam
1136 497 1227 534 igitur
1245 506 1355 534 sponsa
1370 497 1479 526 Christi
1501 497 1631 525 Ecclesia
1646 505 1680 525 ex
1695 505 1768 533 gen-

940 541 1020 568 tibus
1044 544 1072 570 et
1095 542 1206 570 Judaais
1232 542 1358 571 conﬂata
1383 545 1438 576 est,
1464 551 1497 570 ac
1521 544 1624 578 gentes
1649 542 1768 578 quidem

940 586 1022 622 prius
1037 586 1156 614 omnino
1172 589 1255 614 erant
1277 587 1421 621 obscurae,
1437 587 1546 623 quippe
1561 595 1625 622 quae
1640 587 1768 615 veritatis

941 630 1096 667 splendore
1110 639 1160 666 per
1175 631 1268 667 legem
1289 633 1318 659 et
1338 631 1496 667 prophetas
1512 640 1569 659 non
1585 633 1669 659 erant
1683 631 1768 659 illus-

940 677 1021 702 tratus
1039 683 1045 703 :
1060 675 1155 703 Judaei
1170 683 1237 704 vero
1260 677 1360 711 utpote
1376 675 1422 703 his
1444 675 1617 709 itluminati,
1633 675 1710 702 haud
1727 675 1768 703 ita

940 727 1062 755 prorsus
1091 722 1175 748 erant
1203 719 1434 756 pulchritudinis
1462 721 1596 756 expertes
1623 727 1630 747 :
1660 719 1768 748 idcirco

941 764 1074 799 proprias
1103 764 1258 800 utriusque
1287 764 1386 800 populi
1414 767 1512 800 partes
1543 764 1670 792 innuens
1696 764 1737 791 ait
1762 772 1769 791 :

941 809 1028 843 Nigra
1050 817 1110 836 sum
1133 811 1159 836 et
1183 810 1315 845 formosa,
1339 809 1408 844 ﬁliae
1430 808 1611 837 Jerusalem:
1628 817 1661 836 ac
1686 808 1770 844 nigra

942 853 1060 888 quidem
1085 858 1201 889 propter
1217 853 1341 890 populos
1355 862 1389 881 ex
1405 853 1543 889 gentibus
1566 855 1767 888 congregatos,

940 897 991 932 qui
1009 897 1093 933 plane
1108 901 1192 925 erant
1210 898 1338 932 obscuri,
1356 900 1444 934 atque
1467 898 1626 933 impietatis
1642 897 1767 925 tenebris

941 942 1113 970 circumfusi
1132 951 1138 969 :
1155 942 1277 977 pulchra
1303 945 1400 970 autem
1416 943 1451 970 ob
1468 950 1517 970 eos
1543 942 1592 977 qui
1618 949 1652 969 ex
1678 942 1764 970 lsrael

941 987 1114 1014 advenerant
1132 995 1182 1022 per
1196 986 1290 1022 legem
1306 988 1334 1014 et
1355 987 1511 1022 prophetas
1527 986 1631 1013 divina:
1649 986 1766 1021 pietatis

940 1030 1161 1066 pulchritudine
1191 1030 1329 1058 decorati.
1355 1034 1395 1058 Ac
1419 1038 1539 1058 rursum
1569 1029 1764 1057 similitudine

940 1075 1067 1109 quadam
1084 1074 1266 1110 nigredinem
1283 1074 1436 1102 declarans
1455 1077 1484 1101 et
1504 1073 1764 1110 pulchritudinem,

939 1118 1033 1146 dicit:
1055 1118 1130 1146 Sicut
1155 1119 1335 1147 tabernacula
1361 1118 1458 1151 Cedar,
1482 1119 1553 1146 sicut
1577 1119 1661 1155 pelles
1686 1119 1763 1147 Salo-

939 1164 1036 1191 monis.
1064 1163 1153 1199 Nigra
1182 1171 1258 1198 sum,
1283 1163 1414 1199 inquam,
1445 1166 1565 1200 propter
1592 1163 1700 1191 electos
1730 1171 1764 1191 ex

940 1208 1089 1243 gentibus,
1106 1210 1137 1235 ut
1155 1207 1322 1235 habitacula
1346 1208 1536 1235 tenebrarum
1555 1216 1560 1235 :
1582 1207 1757 1243 (obscurita-

940 1255 998 1280 tem
1024 1252 1102 1279 enim
1128 1252 1220 1280 Cedar
1244 1252 1474 1287 interpretamur
1491 1253 1515 1287 :)
1542 1251 1664 1288 pulchra
1685 1260 1765 1287 vero,

941 1298 1060 1332 propter
1073 1305 1122 1324 eos
1143 1296 1194 1332 qui
1210 1299 1280 1324 sunt
1305 1305 1340 1324 ex
1365 1295 1465 1330 Israel,
1483 1296 1568 1332 quale
1591 1296 1765 1324 tabernacu-

940 1341 1001 1368 lum
1019 1343 1063 1368 est
1085 1341 1197 1376 paciﬁci
1213 1341 1300 1376 regis.
1317 1341 1391 1368 Nam
1406 1340 1639 1372 tabernaculum.
1657 1340 1741 1376 pellis
1759 1349 1765 1368 :

941 1385 1095 1421 paciﬁcum
1121 1393 1189 1413 vero
1213 1385 1360 1420 signiﬁcat
1379 1385 1526 1413 Salomon.
1544 1385 1686 1413 Paciﬁcus
1711 1393 1765 1412 au—

939 1432 999 1457 tem
1025 1430 1110 1466 plane
1133 1432 1179 1457 est
1204 1430 1278 1466 legis
1303 1432 1331 1457 et
1355 1429 1566 1466 prophetarum
1590 1437 1698 1464 sermo,
1715 1428 1767 1464 qui

940 1474 1015 1510 regit
1036 1473 1197 1508 lsraelitas,
1214 1474 1282 1510 quia
1308 1473 1428 1509 requirit
1451 1474 1487 1501 ab
1510 1474 1553 1501 eis
1576 1473 1606 1501 in
1632 1475 1722 1501 Deum
1740 1475 1769 1501 et

50 1518 169 1550 τούτους
185 1519 234 1552 τήν
252 1517 291 1548 εἷς
305 1517 350 1544 τὸν
376 1517 440 1544 Θεὸν
470 1516 514 1544 καὶ
542 1516 587 1543 τὸν
616 1515 735 1551 πλησίον
765 1517 882 1554 ἀγάπην.

979 1519 1107 1546 oximum
1123 1518 1322 1546 dilectionem.
1340 1520 1428 1546 Porro
1445 1517 1516 1545 illud
1535 1527 1541 1546 :
1557 1518 1641 1547 Filiae
1654 1519 1768 1546 Jerusa-

53 1564 94 1592 Τὸ
120 1562 160 1598 δὲ,
177 1561 325 1600 Θυγατέρες
351 1561 544 1597 Ἰερουσαλὴμ,
567 1561 590 1588 εἰ
610 1561 655 1588 καὶ
681 1561 734 1599 πρὸ
757 1564 812 1588 τῶν
834 1572 885 1588 πα-

58 1606 249 1645 ραδειγμάτων
265 1609 314 1641 τῆς
333 1605 519 1642 μελανότητος
541 1605 587 1633 καὶ
610 1609 660 1640 τῆς
684 1605 823 1640 καλλονῆς
850 1605 888 1642 ἐξ-

59 1650 227 1687 εδόθη,ἀλλ’
243 1650 288 1678 οὖν
303 1648 453 1687 ὑπέρϐατόν
470 1650 541 1678 ἐστιν
552 1650 589 1682 ὡς
604 1650 807 1687 συνηρτημένον
821 1651 889 1678 κατὰ

57 1697 110 1731 τήν
127 1694 245 1731 ἔννοιαν,
260 1697 309 1730 τῷ,
325 1695 370 1729 Μὴ
390 1694 510 1733 βλέψητέ
528 1705 572 1731 με,
588 1694 629 1722 ὅτι
651 1694 703 1732 ἐγώ
728 1694 785 1731 εἰμι
809 1705 889 1731 μεμε-

61 1740 222 1776 λανωμίνη.
238 1739 309 1775 Φησὶ
325 1739 376 1777 γὰρ
391 1741 474 1766 ταῦτα
489 1738 521 1766 τὸ
547 1738 574 1766 ’ὲν
600 1738 681 1776 μέρος
705 1742 755 1773 τῆς
772 1738 889 1775 Ἐκκλη-

61 1785 120 1816 σίας
144 1785 212 1822 πρὸς
236 1785 267 1812 τὸ
291 1782 391 1821 ἕτερον,
408 1784 434 1811 οἱ
458 1782 484 1818 ἐξ
508 1781 589 1815 ἕονῶν
607 1781 713 1818 δηλαδή
731 1783 798 1821 πρὸς
825 1784 889 1816 τοὺς

61 1829 88 1865 ἐξ
118 1828 243 1865 Ἰσραήλ.
270 1829 419 1866 Θυγατέρες
443 1828 494 1866 γάρ
520 1827 585 1855 εἰσιν
610 1827 793 1864 Ἱερουσαλήμ
813 1828 838 1855 οἳ
863 1828 888 1863 ἐξ

58 1873 172 1911 Ἰσραὴλ
193 1873 394 1906 πιστεύσαντες,
412 1873 438 1900 οἳ
451 1871 515 1902 τοὺς
531 1871 556 1906 ἐξ
572 1871 654 1899 ἐθνῶν
675 1871 724 1899 οὐκ
748 1870 887 1909 ἐδέχοντο,

58 1918 127 1955 δπερ
154 1918 212 1945 κατ’
240 1917 328 1955 ἀρχὰς
357 1916 400 1944 ἐπὶ
430 1918 488 1947 τοῖς
528 1915 692 1947 ἀποστόλοις
733 1913 890 1952 συμϐέϐηκε

58 1961 321 1998 σκανδαλιζομένοις
337 1961 374 1992 εἰς
400 1961 501 1999 Πέτρον
529 1960 575 1988 τὸν
599 1963 756 1998 κορυφαῖον,
774 1960 816 1988 ὅτι
843 1961 889 1988 τὸν

58 2006 216 2045 Κορνήλιον
235 2005 341 2041 ἐδέξατο
355 2015 362 2022 ·
386 2006 485 2043 μέχρις
506 2004 536 2032 ἃν
555 2006 628 2032 οὗτοι
644 2006 707 2042 παρ’
728 2005 810 2033 αὐτοῦ
838 2007 887 2041 τὴν

57 2051 234 2088 ἀποκάλυψιν
268 2054 318 2086 τῆς
357 2051 454 2085 ὀθόνης
492 2049 631 2086 μαθόντες,
660 2052 709 2077 τοῦ
739 2049 889 2078 σκανδάλου

57 2095 273 2134 ἀπηλλάγησαν.
298 2098 470 2133 Παρορᾶσθαι
500 2094 550 2132 γὰρ
574 2094 647 2132 παρὰ
671 2096 725 2122 τῶν
753 2094 888 2131 Ἰσραηλι-

55 2144 111 2169 τῶν
128 2142 146 2175 ἡ
172 2140 198 2175 ἐξ
223 2139 305 2168 ἐθνῶν
334 2138 483 2174 Ἐκκλησία
511 2139 560 2174 τήν
589 2139 686 2173 ἑαυτῆς
717 2139 890 2176 μελανότητα

58 2184 231 2223 βουλομένη,
248 2184 292 2230 καί
321 2184 358 2221 μὴ
385 2183 429 2211 διὰ
456 2182 557 2230 ¹ταύτην
582 2183 627 2230 ἀπ’
642 2183 729 2230 αὐτῶν
752 2182 887 2230 βιακρίνε-
904 2198 927 2230 D

56 2230 126 2263 σθαι,
144 2229 179 2255 τὰ
195 2227 324 2265 εἰρημένα
338 2228 405 2263 πρὸς
420 2227 533 2258 τούτους
549 2227 642 2266 φησὶν,
662 2227 727 2263 μετὰ
749 2226 777 2255 δὲ
805 2230 889 2255 ταῦτα

54 2274 99 2300 καὶ
119 2274 171 2308 τὴν
197 2271 285 2299 αἰτίαν
312 2271 405 2303 αὐτοῖς
429 2271 580 2309 ἀπαγγελεῖ
604 2270 684 2306 δι’ἢν
709 2271 888 2308 μεμελάνωτο

56 2318 188 2356 λέγουσα,
203 2318 262 2344 Ὅτι
289 2313 448 2353 Παρέϐλεψέ
474 2327 508 2352 με
531 2317 544 2344 ὁ
567 2315 648 2350 ἥλιος
666 2325 672 2332 ·
689 2316 784 2354 ἤγουν,
806 2327 889 2353 μεμε-

55 2361 206 2398 λανωμένη
228 2360 283 2398 ἐγώ
310 2360 378 2397 εἶμι,
395 2359 436 2388 ὅτι
462 2358 654 2398 παρεϐλέψατό
679 2371 712 2397 με
737 2361 751 2388 ὁ
774 2365 824 2395 τῆς
847 2361 889 2389 δι-

54 2406 206 2440 καιοσύνης
220 2404 331 2439 ’Ἡλιος,
347 2405 445 2442 νέφους
475 2403 707 2442 περικαλύψαντός
735 2415 768 2441 με
787 2405 886 2442 ἀθεΐας,

54 2451 98 2478 καὶ
115 2452 176 2481 ταῖς
193 2453 243 2484 τῆς
259 2449 422 2486 θεογνωσίας
439 2448 541 2476 ἀκτῖσιν
559 2449 610 2476 οὐκ
630 2448 757 2480 ἐάσαντός
783 2460 817 2485 με
840 2460 888 2477 κα-

54 2494 257 2531 ταλάμπεσθαι,
268 2494 389 2531 καθάπερ
403 2493 481 2520 αὐτοὶ
497 2492 575 2530 νόμῳ
590 2493 635 2520 καὶ
651 2494 806 2533 προφήταις
822 2495 889 2531 πρὸς

54 2538 218 2578 θεογνωσίαν
235 2537 504 2575 παιδαγωγούμενοι.

291 2601 345 2628 Τοῦ
361 2599 512 2638 ὑπερτίμου
529 2598 652 2629 Ψελλοῦ.

92 2659 186 2694 Φησίν
201 2660 218 2693 ἡ
236 2658 328 2697 νύμφη
345 2657 478 2695 παρευθὺς
499 2658 568 2695 πρὸς
581 2657 644 2688 τοὺς
662 2657 797 2695 ἀγγέλους
811 2659 886 2697 τάδε,

57 2705 111 2736 Οὓς
128 2705 279 2742 θυγατέρας
295 2706 344 2738 τῆς
363 2703 433 2731 Σιὼν
450 2702 576 2731 ἐκάλεσεν
589 2703 602 2729 ὁ
619 2701 714 2740 λόγος.

57 2750 180 2779 Μέικαινὲι
216 2749 274 2786 εἷ’μι
314 2748 359 2776 καὶ
397 2747 481 2784 καλὴ,
520 2747 664 2786 θυγατέρες
693 2749 887 2788 Ἰερουσαλὴμ,

943 1563 1014 1594 lem;
1029 1562 1096 1590 licet
1110 1565 1178 1590 ante
1198 1562 1361 1598 nigredinis
1375 1565 1404 1590 et
1424 1561 1654 1598 pulchritudinis
1669 1569 1766 1590 exem-

943 1607 991 1643 pla
1015 1607 1127 1634 dictum
1152 1607 1200 1640 sit,
1225 1610 1324 1634 tamen
1352 1606 1513 1642 superlatio
1537 1610 1589 1640 est,
1617 1609 1646 1634 et
1669 1605 1765 1634 solum

943 1652 978 1679 ad
994 1651 1044 1679 illa
1058 1651 1147 1679 verba
1161 1659 1168 1679 :
1193 1652 1232 1679 Ne
1249 1652 1392 1687 aspiciam
1417 1660 1471 1685 me,
1487 1651 1560 1687 quod
1583 1652 1666 1685 nigra
1689 1651 1741 1678 sim
1757 1659 1766 1678 :

943 1696 1104 1724 secundum
1132 1695 1357 1732 intelligentiam
1385 1696 1580 1724 referendum.
1598 1697 1663 1723 Haec
1688 1695 1766 1723 enim

942 1741 1028 1768 verba
1057 1749 1117 1767 una
1144 1739 1277 1768 Ecclesiae
1302 1749 1370 1776 pars
1395 1740 1467 1767 dicit
1492 1741 1527 1767 ad
1555 1739 1675 1767 alteram
1702 1747 1708 1767 :
1734 1747 1768 1767 ea

943 1785 1083 1812 nimirum
1100 1793 1163 1820 quae
1186 1793 1221 1812 ex
1242 1784 1380 1819 gentibus
1400 1786 1525 1818 constat,
1542 1784 1577 1811 ad
1604 1783 1686 1811 illam
1703 1792 1767 1820 quas

943 1837 977 1857 ex
1006 1829 1105 1857 Israel.
1129 1828 1202 1856 Nam
1228 1829 1293 1856 ﬁliae
1318 1828 1480 1856 Jerusalem
1507 1827 1692 1863 accipiuntur
1716 1836 1768 1864 pro

943 1873 980 1901 iis
996 1874 1045 1910 qui
1067 1882 1101 1901 ex
1127 1873 1213 1901 Israel
1230 1873 1428 1906 crediderunt,
1444 1873 1493 1908 qui
1518 1874 1620 1909 gentes
1635 1881 1693 1900 non
1714 1873 1767 1900 ad-
1803 1905 1807 1912 Ι

944 1918 1100 1946 mittebant
1131 1926 1136 1945 :
1166 1918 1242 1953 quod
1274 1917 1391 1952 quidem
1428 1917 1512 1944 initio
1542 1916 1664 1951 contigit
1691 1917 1768 1944 inter

944 1962 1102 1998 apostolos,
1119 1962 1168 1997 qui
1195 1962 1335 1989 adversus
1349 1962 1468 1989 Petrum
1493 1960 1656 1997 principem
1683 1969 1767 1988 scan-

944 2007 1058 2034 dalizati
1083 2009 1163 2042 sunt,
1180 2007 1256 2042 quod
1273 2006 1439 2034 Cornelium
1464 2006 1655 2041 suscepisset,
1678 2005 1768 2033 donec

944 2052 980 2079 ab
1003 2051 1068 2087 ipso
1092 2052 1176 2079 Petro
1202 2051 1282 2079 lintei
1307 2050 1531 2079 declarationem
1558 2049 1769 2086 intelligentes,

944 2104 959 2124 ιι
976 2095 1115 2124 seandalo
1141 2095 1326 2124 destiterunt.
1343 2095 1458 2132 Despici
1484 2095 1562 2122 enim
1580 2102 1610 2122 se
1626 2095 1663 2122 ab
1678 2095 1769 2122 Israe-

944 2140 1004 2168 lilis
1027 2140 1149 2168 collecta
1164 2149 1197 2168 ex
1213 2140 1351 2177 gentibus
1375 2139 1504 2167 Ecclesia
1531 2142 1650 2175 propter
1672 2139 1770 2175 nigre—

944 2186 1042 2213 dinem
1063 2184 1174 2218 volens,
1191 2187 1219 2213 et
1234 2193 1291 2213 non
1318 2185 1354 2212 ob
1378 2184 1470 2217 illam,
1488 2185 1524 2212 ab
1541 2184 1613 2220 ipsis
1629 2183 1769 2219 separari,

944 2231 979 2258 ad
1009 2230 1091 2264 illos,
1119 2238 1153 2258 ea
1181 2238 1243 2265 quze
1268 2229 1346 2257 dicta
1374 2233 1460 2264 sunt,
1489 2228 1630 2264 loquitur.
1662 2227 1771 2255 Deinde

944 2283 1064 2303 causam
1094 2274 1211 2310 exponit
1242 2274 1430 2309 quamobrem
1457 2273 1582 2301 evaserit
1606 2273 1691 2309 nigra
1708 2280 1715 2299 :
1732 2272 1772 2299 Ille

943 2320 994 2353 sol,
1024 2319 1172 2355 inquiens,
1201 2318 1331 2354 despexit.
1365 2318 1532 2354 Nigret‘acta
1561 2325 1626 2344 sum
1656 2315 1770 2352 utique,

944 2364 1083 2399 quoniam
1100 2363 1231 2399 despexit
1251 2371 1296 2390 me
1320 2362 1369 2390 Sol
1391 2362 1526 2398 justitiis,
1551 2361 1711 2396 impietatis
1727 2363 1772 2388 te-

944 2408 1044 2435 nebris
1069 2415 1116 2435 me
1138 2407 1373 2443 contegentibus,
1398 2409 1430 2434 ut
1457 2406 1563 2434 divinas
1593 2405 1771 2441 cognitionis

943 2451 1035 2480 radiis
1051 2451 1225 2485 illustrarer,
1240 2451 1490 2487 quemadmodum
1506 2449 1646 2478 Israelita;
1662 2458 1713 2486 per
1730 2449 1772 2478 le-

943 2504 1008 2532 gem
1026 2498 1054 2524 et
1069 2496 1236 2533 prophetas,
1253 2496 1287 2524 ad
1313 2496 1363 2524 Dei
1383 2495 1590 2532 cogitationem
1615 2496 1685 2522 sunt
1711 2495 1771 2523 ins-

943 2541 1032 2570 tituti.

1229 2603 1366 2632 Praeclari
1389 2603 1486 2631 Pselli.

981 2663 1045 2690 Hazc
1061 2662 1159 2690 statim
1177 2662 1212 2690 ad
1235 2661 1354 2698 angelos
1370 2669 1481 2698 sponsa
1496 2661 1641 2697 loquitur,
1657 2661 1706 2696 qui
1723 2669 1774 2696 per

944 2707 1020 2735 ﬁlias
1045 2707 1114 2735 Sion
1140 2706 1346 2741 intelliguntur
1368 2714 1374 2734 :
1399 2707 1486 2742 Nigra
1509 2714 1570 2733 sum
1595 2709 1620 2733 et
1643 2705 1772 2741 pulchra,

942 2753 1008 2789 ﬁliae
1021 2751 1185 2787 Jerusalem,
1201 2752 1273 2779 sicut
1288 2751 1468 2779 tabernacula
1486 2751 1583 2782 Cedar,
1597 2750 1669 2778 sicut
1684 2748 1772 2785 pelle:
