1951 3051
70 76 137 107 549

601 71 805 101 COMMENT.
828 69 868 99 IN
891 69 1091 100 CANTIGUM
1113 71 1266 102 CANTlC.

1724 76 1785 109 550

69 141 125 178 γὶρ
140 139 257 175 εἶοηκενι
278 137 354 168 υἱοὺς
379 137 483 175 μητρὸς
507 135 591 171 αὐτῆς
611 137 766 174 τυγχάνειν,
797 135 833 165 ὡς
864 132 897 168 δὴ

994 133 1034 161 im
1050 135 1157 163 matris
1172 144 1232 163 suis
1249 136 1325 164 filios
1340 137 1422 172 dicit,
1437 138 1547 174 quippe
1565 140 1613 174 qui
1631 149 1697 169 eum
1715 142 1770 170 reli

133 184 247 214 τούτους
265 183 295 210 ἐκ
309 183 375 210 Θεοῦ
396 181 550 213 κτισθέντας
577 181 644 217 μετὰ
668 181 787 208 πάντων.
814 177 903 206 Ἐπεί-

70 240 123 266 uel:
141 228 190 256 ὅσα
204 227 340 263 κτίσματα
361 226 531 264 τυγχάνομεν
558 225 583 252 ἐν
609 225 672 263 βίῳ⁷
697 223 744 252 κᾶν
774 221 900 261 ἄγγελοι,

70 273 121 302 κᾶν
148 273 299 310 ἅνθρωποι,
321 270 371 298 κᾶν
396 269 532 306 δαίμονες,
558 270 606 297 κᾶν
621 270 705 303 λίθοι,
735 269 772 296 ὡς
786 266 899 306 ἀδελφοὶ

71 318 247 356 τυγχάνομεν
287 316 325 347 εἰς
363 315 463 352 λόγους
495 313 717 352 πλαστουργίας·
750 313 901 349 σύμπαντες

72 364 128 401 γὰρ
155 361 330 397 ἐτελέσθημεν
360 359 390 387 ἐκ
418 361 484 387 Θεοῦ
511 359 719 396 παντεργάτουυ
762 358 827 386 Εἶτα
855 356 900 383 καὶ

72 407 150 442 λέγει
175 407 242 442 πρὸς
255 405 337 436 αὐτὰς
352 404 397 432 τὸν
423 403 524 442 τρόπον
549 406 598 431 τοῦ
624 402 763 439 πολέμου.
791 401 901 434 Ἔθεντό

75 436 121 489 μεΙ
155 436 320 490 φυλάκισσαν
364 447 389 475 ἐν
432 446 600 483 ἀμπελῶνι’
643 446 794 482 ἀμπελῶνα
836 444 901 480 ἐμὸν

73 495 126 523 οὐκ
151 489 279 533 ἐφύλαξα.
310 493 353 521 Ἐν
379 490 533 530 παραδείσῳ
548 491 611 528 γὰρ,
635 491 714 528 φησὶ,
740 489 901 524 πλασθεῖσα,

72 541 121 568 καὶ
137 541 254 572 τεθεῖσα,
271 538 340 565 ὥστε
355 535 500 576 φυλάσσειν
527 535 639 569 ἐντολὴν
669 537 718 562 τοῦ
741 535 778 570 μή
809 536 901 572 φαγεῖν

72 583 268 619 ἀχαίρως,τὸν
284 582 368 618 νόμον
390 581 440 608 οὖν.
464 580 593 619 ἐφύλαξα,
618 579 667 614 τήν
693 578 806 612 ἐντολὴν
832 588 901 616 παρ-

73 614 153 664 έϐην..
183 628 232 656 Καὶ
255 627 338 654 ταυτα
365 626 412 663 μέν
440 623 561 663 ὠδύρετο
586 624 655 663 πρὸς
679 623 743 654 τοὺς
770 622 904 661 ἀγγέλους

74 673 172 709 δῆθεν.

365 731 421 756 Τῶν
437 729 459 766 γ’
479 728 617 766 Πατέρων.

113 793 216 822 Λοιπὸν
243 793 257 820 ὁ
291 792 371 823 αὐτὸς
399 791 464 828 ἐμὸς
489 789 621 827 ἀμπελὼν
653 791 683 817 οὗ
718 800 751 826 με
773 788 904 826 πρότερον

77 838 218 873 διέστηκεν
236 839 253 873 ἡ
269 837 403 868 πολύθεος
418 836 522 871 πλάνη,
538 836 582 862 καὶ
600 834 637 865 εἷς
653 835 682 862 ὃν
698 836 741 861 νῦν
757 833 903 872 ἔφυτεύθην

77 886 113 920 τῇ
139 883 239 911 πίστει.
265 879 442 920 Ἀπάγγειλον
467 891 534 916 μοι,
561 880 589 906 ’ὸν
620 878 760 916 ἠγάπησεν
785 880 802 913 ἡ
827 878 904 915 ψυχὴ

81 939 147 965 μου,
177 927 204 954 ἐν
231 929 270 962 τῷ
296 926 346 960 τήν
376 924 531 964 ἐπιφάνειαν
559 926 613 951 τῶν
629 923 764 958 uisentqu
789 922 905 960 ὑπερκύ-

76 972 198 1009 ψκι,καῖ
214 971 251 1002 εἰς
275 970 338 1002 τοὺς
365 969 464 1007 λόγους
484 971 538 996 τῶν
562 970 667 1003 νοητῶν
687 966 853 1004 πιρακύψει,
879 966 906 994 οἵ

75 1016 170 1048 καλῶς
200 1014 384 1052 θεωρούμενοι
419 1013 487 1051 πρὸς
523 1013 572 1048 τὴν
611 1011 741 1047 ἀλήθεια]
783 1011 903 1048 φέρουσι.

75 1063 130 1088 ποῦ
160 1059 316 1096 ποιμαίνεις
339 1058 474 1097 ἐκτρέφων
505 1057 563 1084 κατ’
588 1057 686 1094 ἀρετὴν
709 1055 754 1083 καὶ
783 1054 903 1089 ποτίζων

73 1105 144 1133 χατὶ
157 1107 257 1143 γνῶσιν
275 1103 347 1141 ὕδωρ
367 1105 418 1137 ζῶν
436 1102 465 1130 ἐκ
478 1106 530 1137 τῆς
546 1100 657 1129 ἀεννάου
680 1102 768 1138 πηγῆς
797 1100 829 1127 ti
859 1101 904 1126 λο-

72 1150 138 1187 γικὰ
163 1147 304 1187 πρόϐατα·
329 1147 372 1175 καὶ
397 1147 447 1185 γὰρ
473 1147 507 1174 οὐ
535 1146 616 1182 μόνον
633 1147 650 1180 ἡ
667 1144 801 1182 ἄμπελος,
829 1143 902 1172 ἀλλὰ

72 1194 120 1221 καὶ
137 1195 152 1221 ὁ
181 1192 264 1223 καλὸς
280 1192 398 1229 ποιμὴν,
424 1191 537 1223 ὁτιθεὶς
558 1191 608 1225 τήν
635 1190 727 1227 ψυχήν
753 1189 818 1225 ὑπὲρ
847 1191 901 1215 τῶν

73 1236 234 1276 προϐάτων,
263 1237 343 1268 αὐτὸς
371 1237 417 1271 εἴ,
444 1235 534 1267 καθὼς
566 1235 591 1262 ἐν
616 1233 794 1271 Εὐαγγελίοις
824 1233 900 1272 ἔφης·

73 1283 120 1310 καὶ
137 1285 190 1310 ποῦ
205 1283 343 1316 ποιτάζεις
358 1280 382 1308 ἐν
409 1291 476 1317 μεση
484 1278 578 1317 μϐρίᾳ,
594 1281 641 1307 τοῦ
654 1279 763 1306 πολ).οὖ
779 1279 902 1315 καμάτου

74 1327 221 1355 ἀναπαύων
250 1326 275 1353 ἐν
311 1327 349 1361 τῷ
377 1324 462 1361 ἀσκίῳ
491 1324 580 1359 πάσης
606 1323 719 1360 ψευδοῦς
736 1323 902 1360 ὑπολήψεως

73 1372 146 1410 φωτὶ
175 1374 225 1405 τῆς
253 1369 425 1406 ἐπιγνώσεώς
454 1379 501 1395 σου
518 1390 525 1402 ,
561 1370 610 1395 τοῦ
647 1371 698 1403 τῆς
726 1366 900 1403 δικαιοσύνης

72 1415 182 1450 Ἡλίου,
197 1414 260 1446 τοὺς
278 1413 518 1448 ἀποπλανηθέντας
541 1415 590 1446 τῆς
604 1410 668 1439 ὁδοῦ
686 1416 737 1445 τῆς
759 1411 899 1447 ἀληθείας,

71 1460 119 1487 καὶ
150 1460 187 1492 sic
216 1457 357 1497 κρημνοὺς
382 1458 426 1485 καὶ
459 1458 590 1495 βάραθρα,
618 1456 811 1488 τᾶςςέναντίας
827 1456 899 1495 φημὶ

957 178 1024 213 quis
1054 179 1142 206 rebus
1167 188 1183 207 a
1210 180 1267 208 Deo
1290 181 1350 209 sint
1370 183 1525 217 procreati.
1542 183 1784 221 Quandoquidem

958 230 1060 250 omnes
1081 232 1144 258 quae
1160 232 1265 252 sumus
1287 225 1316 252 in
1342 226 1465 261 mundo,
1481 230 1632 262 creaturae,
1649 230 1710 258 sive
1733 239 1786 258 an-

956 267 1028 302 geli,
1053 267 1114 295 sive
1144 268 1291 302 homines,
1315 270 1375 298 sive
1399 271 1557 306 daemones,
1575 273 1635 300 sive
1660 273 1786 310 lapides,

958 311 1069 340 ratione
1085 313 1242 341 creationis
1267 317 1407 350 tanquam
1424 316 1528 344 fratres
1543 325 1665 352 sumus;
1683 327 1786 348 omnes

957 356 1034 384 enim
1050 365 1146 385 rerum
1162 358 1295 386 omnium
1312 359 1408 395 opifex
1423 362 1499 387 Deus
1513 361 1580 389 fecit
1599 364 1627 389 et
1642 363 1784 391 condidit.

957 400 1068 428 Deinde
1084 401 1151 429 belli
1169 402 1313 430 rationem
1335 404 1464 432 declarat
1489 405 1532 432 his
1550 406 1645 434 verbis
1663 415 1668 434 :
1685 408 1787 435 Posue-

957 448 1025 472 runt
1053 454 1097 473 me
1124 447 1262 474 custodem
1289 448 1320 475 in
1345 450 1457 476 vineis:
1477 450 1586 477 vineam
1614 459 1705 479 meum
1732 461 1786 480 non

957 490 1108 518 cuslodz'ui.
1125 491 1157 518 In
1180 492 1316 526 paradiso
1331 492 1438 528 inquit,
1455 494 1580 522 formata
1592 497 1621 522 et
1635 496 1785 532 collocata,

958 536 991 561 ut
1016 535 1199 563 observarem
1229 538 1402 565 mandatum
1433 538 1517 573 illud,
1543 548 1578 567 ne
1602 541 1784 569 comederem

958 578 1174 615 intempestive,
1191 580 1284 616 legem
1309 590 1367 609 non
1390 583 1545 618 custodivi,
1562 586 1703 613 mandato
1728 595 1784 614 non

958 622 1167 659 obtemperavi.
1182 625 1216 652 Et
1231 625 1293 653 hare
1308 626 1428 662 quidem
1445 635 1512 655 cum
1528 629 1642 665 angelis
1658 630 1698 658 ita
1713 638 1785 658 cou-

959 668 1149 702 querebatur.

1252 727 1345 755 Trium
1366 728 1491 757 Patrum.

994 788 1060 816 Jam
1084 788 1166 816 vinea
1192 797 1265 824 mea,
1283 799 1299 817 a
1323 799 1382 826 qua
1406 800 1452 819 me
1476 792 1607 828 divulsit,
1635 794 1788 831 multiplex

959 832 1079 860 deorum
1104 833 1212 867 cultus,
1229 836 1258 861 et
1281 833 1311 861 in
1327 843 1386 870 qua
1402 844 1504 865 rursus
1531 837 1620 866 insita
1644 847 1710 866 sum
1738 847 1789 875 per

961 877 1060 911 ﬁdem,
1072 879 1181 905 Nuntia
1193 879 1352 915 mihiquem
1365 888 1458 909 amore
1471 882 1613 918 complexa
1626 887 1665 911 est
1680 885 1787 918 anima,

959 929 1020 949 mea
1035 922 1105 949 dum
1122 931 1155 950 ex
1171 931 1269 950 rerum
1285 932 1348 959 quae
1364 933 1453 953 sensu
1471 927 1683 963 percipiuntur,
1700 937 1787 964 aspe-

960 969 1018 1002 ctu,
1029 967 1064 994 ad
1082 975 1250 1003 earumque:
1268 971 1365 997 mente
1379 972 1407 997 et
1422 971 1600 1006 cogitatione
1614 975 1690 1000 recte
1706 981 1788 1000 com-

961 1011 1111 1047 prehensa:
1133 1012 1167 1039 ad
1184 1013 1334 1040 veritatem
1351 1014 1474 1048 ducunt,
1490 1014 1716 1051 intelligentiam
1733 1017 1788 1044 tol-

960 1056 1044 1090 litur;
1068 1056 1118 1083 ubi
1143 1065 1247 1092 pascas
1272 1058 1388 1086 virtutis
1416 1059 1514 1086 cibum
1544 1060 1648 1088 ovibus
1675 1061 1787 1089 ratione

959 1100 1088 1136 praeditis
1114 1109 1285 1137 suggerens,
1302 1105 1331 1130 et
1357 1111 1438 1138 aqua
1458 1103 1529 1131 vivae
1553 1107 1653 1140 potum
1678 1113 1712 1133 ex
1738 1114 1787 1142 pe-

959 1145 1041 1172 renni
1064 1145 1144 1173 fonte
1161 1146 1304 1182 praebens.
1321 1149 1359 1174 Tu
1381 1147 1458 1174 enim
1476 1148 1736 1184 (quemadmodum
1752 1150 1782 1178 in

957 1189 1121 1225 Evangeliis
1151 1190 1308 1227 proﬁteris)
1338 1200 1395 1219 non
1424 1192 1520 1220 solum
1549 1193 1617 1221 vitis
1645 1201 1692 1228 es,
1730 1195 1781 1222 sed

956 1235 1045 1261 etiam
1063 1235 1157 1263 bonus
1173 1235 1221 1263 ille
1236 1238 1335 1271 pastor
1344 1236 1364 1271 ⁵,
1381 1236 1430 1272 qui
1454 1237 1539 1272 ponis
1555 1238 1684 1266 animam
1699 1241 1784 1266 tuam

957 1286 1009 1313 pro
1035 1278 1138 1306 ovibus
1158 1279 1225 1307 tuis.
1243 1279 1366 1307 Ubinam
1384 1281 1480 1316 pascis
1509 1281 1538 1309 in
1564 1282 1696 1317 meridie,
1713 1283 1784 1310 dum

957 1322 1038 1350 omni
1056 1323 1194 1351 falsitatis
1217 1324 1322 1352 umbra
1342 1325 1487 1359 discussa,
1505 1328 1536 1353 tu
1553 1326 1603 1362 qui
1619 1335 1649 1354 es
1661 1327 1785 1362 justitia:

957 1366 1016 1402 Sol,
1029 1375 1096 1395 oves
1107 1368 1141 1394 de
1154 1368 1285 1396 veritatis
1300 1368 1346 1397 via
1357 1369 1547 1403 declinantes,
1561 1371 1784 1407 precipitesque

956 1410 986 1438 in
1002 1411 1174 1447 opinionum
1200 1413 1431 1448 perniciosarum
1457 1415 1630 1443 barathrum
1654 1418 1783 1452 ruentes,

954 1456 1131 1492 cognitionis
1156 1459 1212 1484 tute
1227 1457 1291 1485 luce
1312 1458 1475 1493 perfundis,
1491 1461 1519 1486 et
1534 1468 1551 1486 a
1566 1459 1665 1487 labore
1689 1460 1780 1488 nimio

71 1503 163 1539 δόξας,
191 1503 397 1541 κατασυρέντας.
419 1503 485 1530 Εἶτα
505 1501 621 1534 θέλουσα
643 1502 692 1535 τὴν
719 1500 805 1528 αἰτίαν
832 1502 897 1528 ἀνα-

991 1500 1095 1528 creas?
1122 1503 1206 1534 Tum,
1236 1503 1267 1529 ut
1295 1510 1413 1530 causam
1442 1503 1559 1537 doceat,
1587 1505 1779 1539 quamobrem

71 1547 192 1584 διδάξαι,
205 1547 240 1575 δι’
256 1548 286 1582 ἣν
305 1549 380 1582 ζητεῖ
397 1549 491 1583 μαθεῖν
506 1546 552 1574 τὸν
566 1546 650 1574 τόπον
665 1545 690 1573 ἐν
715 1546 737 1582 ᾧ
759 1546 899 1582 ποιμαίνει

68 1603 100 1620 τε
115 1593 160 1620 καὶ
176 1592 306 1626 κοιτάζει,
323 1592 360 1622 ὡς
376 1589 493 1628 εἴρηται,
510 1591 523 1617 ὁ
539 1589 622 1621 καλὸς
639 1591 755 1626 ποιμὴν,
773 1590 897 1628 φησί-Μή

72 1647 141 1664 ποτε
156 1636 276 1673 γένωμαι
293 1636 330 1667 ὡς
346 1633 572 1673 περιϐαλλομένη
591 1634 632 1662 ἐπ’
651 1634 760 1672 ἀγέλαις
785 1634 896 1672 ἑταίρων

71 1692 133 1716 σου,
154 1680 247 1718 ἤγουν,
264 1681 378 1716 Μήποτε
394 1679 420 1707 ἐν
436 1681 474 1716 τῷ
493 1683 543 1714 τῆς
557 1682 608 1714 σῆς
623 1678 797 1709 διδασκαλίας
815 1679 897 1715 ἀμοι-

72 1730 166 1765 ρῆσαι,
182 1725 304 1764 γένωμαι
320 1725 358 1756 ὼς
373 1723 470 1762 ψεῦδος
487 1722 647 1760 ἒνδεδυμένη
674 1723 714 1750 ἐπ’
740 1722 897 1761 ἀλλοτρίαις

70 1773 120 1798 τοῦ
136 1773 184 1797 σοῦ
199 1769 328 1806 ποιμνίου
354 1768 475 1807 ἀγέλαις,
499 1771 549 1803 τῆς
576 1768 683 1806 ἀγνοίας
704 1771 753 1803 τῆς
769 1767 898 1803 ἀληθείας

72 1826 117 1843 συν
122 1814 294 1854 αγελασάσης
311 1825 355 1850 με.

393 1876 448 1904 Τοῦ
464 1874 586 1903 Ψελλοῖη

105 1936 138 1964 Ἠ
168 1935 262 1974 νύμφη
297 1937 372 1972 γοῦν,
398 1933 559 1971 προχόψασα
585 1933 681 1970 μικρὸν
707 1932 732 1960 έν
758 1943 896 1969 μετανοιᾳ,

70 1983 156 2019 φωνεῖ
189 1979 305 2017 μεγάλα,
330 1979 374 2006 καὶ
401 1981 476 2014 ζητεῖ
506 1978 552 2005 τὸν
581 1978 669 2015 Λόγον
694 1977 739 2005 καὶ
767 1978 895 2017 νυμφίον.

70 2025 143 2061 Φησί
167 2024 218 2062 γὰρ
248 2023 319 2051 οὕτω
350 2023 418 2060 πρὸς
447 2022 539 2056 αὐτὸν,
570 2021 660 2059 ὥσπερ
674 2022 762 2059 ἐρῶσα
788 2025 895 2050 τοῦτον·

68 2067 251 2107 Ἀπάγγειλόν
285 2078 331 2104 μοι
359 2067 387 2095 ὃν
415 2067 557 2104 ἠγάπησεν
587 2067 604 2101 ἡ
631 2067 707 2104 ψυχή
743 2077 814 2103 μου,
843 2069 896 2094 ποῦ

68 2113 239 2151 ποιμαίνεις,
282 2114 334 2140 ποῦ
369 2112 504 2146 κοιτάζεις
532 2111 558 2138 ἐν
590 2109 768 2149 μεσημϐρίαμ
796 2112 894 2147 Φησίν·

67 2161 110 2187 Ἐν
127 2159 208 2196 τάχει
236 2158 298 2195 Λέγε
329 2167 387 2194 μοι,
403 2158 456 2183 ποῦ
471 2155 636 2192 ποιμαίνεις,
652 2156 704 2183 ποῦ
719 2157 864 2192 κοιτάζεις,
881 2157 895 2184 ὁ

68 2203 156 2240 Λόγος
182 2203 213 2230 ὃν
236 2202 368 2240 ἠγάπησα
393 2202 486 2238 ψυχῆς
508 2200 592 2235 αὐτῆς
609 2199 638 2228 ἐκ
656 2201 750 2237 μέσης.
777 2202 821 2229 Ἐν
847 2212 895 2238 με-

68 2246 194 2286 σημϐρίᾷ
225 2248 262 2284 μή
293 2257 360 2274 ποτε
386 2246 533 2280 κοιτάζεις,
559 2245 717 2284 ὧνυμφίες
745 2245 893 2282 Πέπεισμαι

67 2294 118 2331 γὰρ
139 2294 265 2329 καθαρῶς
292 2290 318 2319 ἐν
344 2287 503 2328 μεσημϐρίᾳ
535 2289 634 2326 μένειν,
665 2289 749 2327 ἤγουν
777 2290 813 2321 εἰς
837 2293 894 2329 φῶς

68 2337 216 2375 ἀπρόσιτον
236 2335 300 2372 μηδ’
326 2335 399 2366 ὅλως
416 2335 492 2362 σκιάν
519 2333 596 2372 ἔχον.
619 2335 702 2366 Ἔνθα
725 2335 758 2362 τὰ
773 2333 896 2372 πρόϐατα

66 2382 100 2409 τὶ
115 2382 148 2409 σὰ
163 2381 331 2417 ποιμαίνεις,
357 2382 425 2407 Θεοῦ
449 2379 529 2417 Λόγε,
554 2379 598 2406 καὶ
623 2380 798 2411 χατατάττεις
826 2379 896 2414 ἀλη-

68 2429 122 2458 θῶς
136 2425 207 2465 φωτὶ
224 2426 272 2452 τοῦ
296 2426 344 2452 σοῦ
360 2424 510 2461 προσώπου
530 2423 560 2451 ἂν
586 2424 611 2450 ἐν
639 2423 732 2460 ἐκείνῳ
758 2425 895 2463 φθάσωσιν

66 2472 152 2498 ταῦτά
178 2480 221 2497 σοι
248 2471 439 2501 καθυπνοῦντι.
463 2469 531 2497 Ειὶτα
551 2469 601 2504 τήν
629 2468 735 2504 πλάνην
759 2469 897 2507 τρέμουσα

66 2517 116 2547 τῆς
145 2515 214 2552 πρὸς
245 2513 345 2541 ἐκεῖνον
370 2510 478 2550 τρίϐου,
509 2513 575 2552 φησὶ
601 2514 681 2541 τοῦτο
710 2513 779 2551 πρὸς
803 2513 895 2550 αὐτὸν,

67 2559 189 2586 τουτέστι
223 2558 269 2585 τὸν
293 2557 421 2596 νυμφίον’
448 2559 494 2593 Μή
521 2568 588 2585 ποτε
611 2558 733 2595 γένωμαι
761 2558 799 2589 ὡς
819 2569 896 2596 περι-

69 2602 237 2638 πλανωμένη
273 2601 315 2629 ἐπ’
352 2600 463 2640 ἀγέλαις
500 2602 612 2639 ἑταίρων
653 2613 711 2630 σου.
748 2603 806 2637 Τήν
842 2605 896 2630 τῶν

68 2644 216 2686 προϐάτων
231 2656 279 2673 σου
294 2646 392 2682 νομὴν,
410 2646 504 2684 φησὶν,
518 2646 684 2685 ἀπάγγειλον
701 2657 758 2684 μοι.
784 2646 898 2676 Δέδοικα

104 2737 115 2754 ⁸
129 2737 217 2765 Joan.
234 2744 276 2771 x1,
291 2735 334 2763 14.

955 1546 1152 1580 percontetur,
1169 1554 1226 1582 quo
1245 1545 1276 1574 in
1301 1546 1364 1574 loco
1389 1550 1500 1583 pascat,
1517 1550 1546 1576 et
1561 1549 1657 1583 cubet,
1674 1551 1706 1576 ut
1720 1549 1780 1577 dic-

955 1593 1017 1617 tum
1032 1592 1087 1624 est,
1104 1590 1199 1618 bonus
1222 1593 1323 1626 pastor
1339 1601 1345 1620 :
1362 1593 1401 1620 Ne
1423 1593 1543 1628 quando,
1561 1593 1667 1630 inquit,
1691 1595 1780 1623 veluti

953 1635 1139 1662 circumventa
1161 1635 1347 1670 deprehendar
1361 1637 1434 1664 inter
1448 1645 1542 1673 greges
1556 1638 1694 1666 sodalium
1713 1642 1779 1666 tuo-

953 1687 1026 1714 rum,
1042 1679 1097 1707 hoc
1120 1682 1174 1707 est.
1192 1680 1232 1707 Ne
1257 1682 1374 1716 quando
1403 1682 1503 1717 procul
1529 1691 1545 1709 a
1571 1682 1704 1711 doctrina
1729 1687 1779 1711 tua

954 1725 1075 1757 remota,
1092 1724 1254 1753 mendaciis
1279 1725 1504 1754 circumscribar
1525 1726 1601 1754 inter
1623 1735 1726 1763 greges
1743 1729 1778 1756 ab

954 1767 1022 1795 ovili
1041 1769 1190 1803 sejunctos
1215 1771 1276 1804 tuo,
1293 1770 1424 1798 veritatis
1449 1770 1567 1798 inscitia
1582 1779 1628 1799 me
1653 1772 1688 1799 ad
1713 1771 1779 1800 illos

954 1815 1142 1849 aggregante.

1314 1875 1413 1904 Pselli.

989 1933 1102 1968 Sponsa
1121 1933 1221 1969 igitur,
1238 1941 1303 1961 cum
1331 1933 1451 1969 paulum
1468 1934 1497 1961 in
1514 1934 1687 1970 pcenitentia
1711 1943 1778 1971 pro-

952 1985 1053 2014 gressa
1069 1978 1118 2012 sit,
1131 1986 1238 2013 magna
1253 1977 1392 2014 loquitur,
1405 1980 1432 2006 et
1442 1979 1572 2006 Verbum
1584 1988 1618 2007 ac
1630 1980 1778 2015 Sponsum

952 2023 1065 2058 quarit.
1082 2022 1129 2051 Sic
1154 2023 1234 2050 enim
1250 2023 1358 2059 ipsum,
1376 2024 1516 2058 tanquam
1533 2032 1631 2052 amore
1655 2023 1683 2052 in
1709 2032 1777 2052 eum

951 2067 1081 2102 incitata,
1097 2067 1255 2103 compellat
1271 2075 1276 2094 :
1295 2067 1390 2095 Indica
1405 2068 1486 2100 mihi,
1502 2076 1583 2103 quem
1599 2068 1701 2097 dilexit
1715 2070 1777 2097 ani-

951 2121 996 2140 ma
1013 2120 1084 2146 mea,
1099 2112 1151 2140 ubi
1163 2120 1269 2147 pascas,
1285 2112 1333 2139 ubi
1353 2112 1433 2140 cubes
1447 2114 1478 2139 in
1497 2113 1622 2141 meridie.
1640 2114 1778 2141 Actutum

952 2157 1008 2192 die,
1029 2157 1137 2192 inquit.
1154 2156 1237 2192 mihi,
1255 2156 1304 2184 ubi
1329 2157 1436 2192 pascis,
1453 2157 1503 2184 ubi
1520 2159 1621 2191 cubas,
1637 2157 1778 2192 Verbum,

952 2201 1028 2237 quod
1057 2209 1091 2228 ex
1117 2201 1221 2228 intima
1245 2201 1344 2228 anima
1369 2201 1456 2228 dilexi
1479 2210 1554 2228 mea.
1571 2202 1722 2238 Numquid
1748 2202 1778 2229 in

950 2245 1071 2273 meridie
1086 2245 1224 2281 quiescis,
1241 2254 1348 2281 sponse
1364 2246 1426 2273 mi?
1443 2246 1618 2274 Persuasum
1635 2247 1713 2274 enim
1728 2247 1779 2274 ha-

950 2291 1015 2325 beo,
1030 2292 1058 2317 te
1074 2290 1186 2326 puriter
1205 2289 1368 2322 meridiari,
1384 2290 1412 2317 in
1437 2289 1502 2318 luce
1529 2290 1669 2318 nimirum
1693 2291 1775 2319 inac-

950 2343 1043 2370 cessa,
1060 2335 1096 2362 ab
1116 2335 1194 2362 omni
1219 2343 1340 2370 prorsus
1365 2335 1469 2362 umbra
1492 2337 1615 2362 remota.
1633 2335 1686 2363 Ubi
1710 2344 1777 2364 oves

949 2381 1017 2407 tuas
1032 2378 1138 2415 pascis,
1155 2379 1205 2406 Dei
1221 2379 1358 2413 Verbum,
1376 2387 1409 2407 ac
1429 2387 1495 2407 vere
1510 2379 1642 2407 illustres
1666 2380 1777 2408 lumine

951 2432 1082 2460 personae
1097 2425 1163 2457 ture,
1181 2423 1204 2451 si
1221 2423 1251 2450 in
1264 2423 1314 2451 illo
1330 2424 1366 2451 ad
1381 2425 1410 2451 te
1425 2423 1627 2459 quiescentem
1644 2433 1776 2453 accesse-

951 2468 1020 2496 rint.
1037 2470 1141 2496 Postea
1155 2468 1378 2504 pertimescens,
1388 2476 1424 2496 ne
1436 2469 1550 2497 aberret
1567 2478 1583 2497 Β,
1593 2470 1699 2497 semita
1714 2478 1778 2506 quas

952 2513 987 2540 ad
1003 2520 1144 2548 sponsum
1162 2512 1252 2544 ducit,
1271 2513 1330 2540 haec
1352 2513 1420 2540 item
1438 2514 1473 2541 ad
1499 2513 1582 2541 illum
1598 2514 1687 2542 verba
1711 2523 1777 2550 pro-

952 2557 1092 2585 nuntiat:
1113 2558 1151 2585 Ne
1166 2557 1274 2593 quando
1298 2558 1429 2586 oberrans
1453 2559 1483 2585 ιή
1506 2558 1642 2586 sodalium
1667 2563 1778 2587 tuorum

951 2610 1044 2638 greges
1065 2603 1217 2637 incurram,
1235 2602 1332 2630 ovium
1349 2604 1468 2629 tuarum
1484 2611 1626 2638 pascuum
1643 2604 1777 2632 demons-

952 2649 998 2675 tra
1019 2646 1102 2675 mihi.
1118 2648 1227 2674 Vereor
1243 2646 1331 2682 enim,
1343 2654 1379 2674 ne
1396 2654 1500 2675 cursus
1527 2655 1624 2675 errore
1644 2650 1780 2685 provecta
