1951 3051
175 75 230 105 551

843 70 1057 103 MICHAELIS
1078 70 1215 101 PSELLI

1817 71 1870 103 552

176 143 278 177 praeter
293 148 375 177 spem
390 139 420 168 in
432 147 534 176 greges
545 141 575 167 et
589 147 698 175 pascua
709 138 831 166 forsitan
846 138 993 165 haedorum

1088 146 1102 173 ρ
1134 136 1171 172 μὴ
1200 135 1334 171 πλανηθῷ
1361 134 1501 172 δραμοῦσα
1530 138 1593 173 παρ’
1620 133 1719 163 ἐλπίδα
1745 137 1814 174 πρὸς
1828 138 1870 169 τὰς

174 187 265 219 lerar;
281 189 371 221 atque
386 184 426 212 ita
441 184 557 220 lengius
571 183 694 211 divellar
713 183 748 210 ab
765 183 868 210 ovibus
883 182 954 216 tuis,
970 184 1000 209 et

175 230 312 258 sinistras
326 229 475 257 haedorum
492 230 590 264 partes
605 228 766 260 obtineam,
776 235 843 254 cum
859 229 997 261 tanquam

173 274 296 302 humani
312 273 429 310 generis
447 273 540 308 judex
559 271 680 300 sederis.
698 271 763 299 Haec
778 271 878 299 anima
893 270 1000 306 pudica

173 321 201 346 et
215 318 329 346 Christo
344 318 522 353 desponsata
537 316 573 344 ad
587 316 733 352 Sponsum
750 315 848 343 locuta
858 317 913 348 est,
926 322 1000 342 com-

174 365 248 392 mori
264 362 396 390 celeriter
416 369 483 389 cum
504 361 568 397 ipso
584 361 716 396 cupiens.
733 360 774 387 Tu
801 361 899 387 autem
925 358 997 386 mihi

173 415 311 444 sponsam
329 407 435 442 cogita,
448 408 480 433 ut
495 406 523 432 in
539 407 725 441 argumento,
739 406 850 432 castam
867 403 998 431 animam

172 452 349 485 illam,cum
376 458 480 485 magno
501 449 589 476 Paulo
613 449 648 476 ad
675 448 793 476 tertium
818 447 935 480 coelum,
951 455 998 474 ar-

172 505 244 524 cana
260 495 371 523 ratione
387 494 547 527 sublatam,
564 501 699 529 superna:
715 492 890 526 Jerusalem,
907 491 936 519 id
953 494 999 519 est

172 539 300 576 angelos.
319 539 375 567 Sed
399 538 564 572 videamus,
580 537 651 573 quid
674 536 774 564 dicunt
797 535 885 564 etiam
911 535 998 563 amici

173 583 286 620 sponsi,
298 591 372 619 quos
386 582 470 610 initio
481 581 610 609 diximus
623 588 687 608 esse
704 579 778 607 ﬁlias
790 588 797 607 :
809 582 838 607 et
852 579 998 614 quomodo

173 628 275 664 sponsi
289 627 385 656 cubile
396 627 610 654 demonstrent.
626 624 677 652 His
692 624 770 652 enim
785 623 880 652 verbis
894 631 998 659 puram

173 673 315 709 virginem
332 671 525 707 alloquuntur
540 679 547 698 :

1054 179 1153 217 ἀγὲλας
1178 180 1222 206 καὶ
1247 179 1334 215 νομὰς
1354 178 1419 210 ἴσως
1439 179 1486 210 τὰς
1506 182 1561 207 τῶν
1588 179 1687 218 ἰρίφων
1700 189 1707 196 ο
1737 180 1870 213 κάντεῦθεν

1054 223 1232 260 ἐλαθήσωμαι
1265 224 1369 262 μακρὰν
1396 226 1450 251 τῶν
1481 226 1534 251 σῶν
1564 221 1720 261 προϐάτων,
1747 225 1794 252 καὶ
1821 228 1870 253 τῶν

1054 267 1154 306 ἐρίφων
1169 267 1291 305 κερδανῶ
1305 269 1353 299 τὰς
1368 267 1526 304 εὐωνύμους
1545 268 1654 305 μοίρας,
1677 268 1738 296 ὅταν
1765 269 1871 308 καθίσῃς

1053 313 1090 342 ὡς
1115 313 1211 350 κριτὴς
1238 315 1287 340 τοῦ
1316 312 1412 350 γένους
1439 315 1492 340 τῶν
1523 313 1685 350 ἀνθρώπων.
1712 315 1803 342 Ταῦτα
1828 316 1871 351 μὲν

1053 356 1098 383 οὖν
1126 357 1268 394 ἐφθέγξατο
1297 357 1406 388 πάντως
1439 357 1508 395 πρὸς
1532 358 1576 385 τὸν
1593 357 1707 396 νυμφίον
1733 359 1751 393 ἡ
1777 360 1870 397 παρθε-

1052 400 1165 428 vado-nu
1187 401 1264 439 ψυχὴ
1288 401 1335 428 καὶ
1364 401 1640 441 νυμφοστολισθεῖσα,
1654 402 1699 430 καὶ
1717 402 1868 441 βουλομένη

1052 447 1092 480 τῷ
1108 448 1215 484 Χριστῷ
1237 446 1311 484 τάχα
1335 447 1563 483 συννικρωθῆναι.
1589 446 1627 474 Συ
1652 445 1681 474 δε
1698 457 1743 484 μοι
1767 447 1868 487 νύμφην

1053 490 1152 525 νόησον
1165 490 1255 527 ὥσπερ
1272 490 1298 518 ἐν
1321 491 1446 522 ὑποθέσει
1464 492 1515 525 τὴν
1531 491 1748 529 παρθινεύουσαν
1770 494 1867 531 ψυχήν,

1051 535 1101 569 τήν
1117 537 1165 562 τοῦ
1182 534 1302 572 μεγάλου
1329 535 1440 564 Παύλου
1455 538 1503 563 τοῦ
1522 536 1589 573 πρὸς
1613 536 1677 567 τοὺς
1701 536 1810 573 τρίτους
1831 538 1868 566 οὐ·

1054 579 1148 616 ρανοὺς
1169 579 1296 617 ἀρθέντος
1320 579 1484 618 ἀποῤῥήτως
1511 584 1562 615 τῆς
1591 579 1646 608 ἄνω
1673 580 1867 619 Ἰερουσαλὴμ,

1051 625 1174 652 τουτέστι
1199 624 1262 655 τοὺς
1291 623 1437 662 ἀγγέλους.
1458 623 1535 653 Ἀλλ’
1558 623 1660 661 ἴδωμεν
1675 626 1720 652 καὶ
1742 625 1769 653 τί
1797 637 1868 665 φασιν

1053 669 1079 694 οἳ
1110 667 1188 706 φίλοι
1213 668 1261 695 τοῦ
1290 668 1420 707 νυμφίου,
1442 669 1487 696 καὶ
1509 669 1568 701 πῶς
1591 667 1761 697 διδάσκουσιν
1790 671 1866 706 αὐτὴν

171 719 221 753 τὴν
237 718 332 752 κοίτην
348 718 396 743 τοῦ
411 714 541 754 νυμφίου,
558 713 604 746 οἱίς
619 714 676 741 κατ’
690 713 779 751 ἀρχὰς
794 712 941 749 ε’ρῆκαμεν
956 714 1004 739 τοῦ
1020 712 1110 751 Λόγου
1125 713 1283 750 θυγατέρας.
1301 713 1371 741 Φασὶ
1385 713 1436 752 γὰρ
1452 713 1524 741 οὕτω
1539 714 1608 752 πρὸς
1622 714 1706 749 αὐτὴν
1722 716 1772 750 τήν
1794 723 1868 749 καθα-

172 762 220 800 ρὰν
236 761 378 799 παρθένον.

207 816 236 844 ει
261 817 372 850 ignora:
396 817 420 842 te
441 814 542 849 ipsam,
567 821 584 839 ο
607 811 727 848 pulchra
755 812 828 838 inter
857 810 996 846 mulieres,
1013 819 1035 852 Β

171 860 301 896 egredere
314 864 344 887 tu
360 860 390 886 in
406 858 528 892 vestigiis
541 865 656 892 gregum
671 859 792 890 tuorum,
804 859 831 883 el
843 863 924 891 pasce
937 855 995 884 hae-

170 905 220 932 do:
235 909 294 932 tuo:
310 904 340 931 in
355 902 548 931 tabernaculis
560 906 714 938 pastorum.

206 995 229 1022 Ο
250 995 344 1028 casta,
369 991 519 1028 inquiunt,
544 990 645 1018 anima
668 998 701 1017 ac
724 989 902 1023 veneranda,
918 988 941 1016 si
959 988 995 1016 ad

171 1038 270 1066 ovium
296 1045 398 1073 greges
427 1035 510 1072 cupis
538 1034 699 1072 pervenire,
724 1041 812 1061 nosce
837 1035 864 1060 te
888 1033 994 1068 ipsam,

171 1082 268 1118 qualis
284 1082 359 1109 facta
383 1081 513 1115 sis,cum
539 1081 627 1108 antea
650 1078 723 1106 nihil
749 1078 868 1106 omnino
894 1077 994 1111 fueris,

170 1127 319 1163 quomodo
342 1125 456 1153 Domini
486 1124 616 1160 imagine
643 1124 686 1151 sis
709 1123 854 1151 decorata.
871 1121 994 1150 Omnem

172 1171 275 1198 mundi
305 1170 436 1198 fraudem
461 1169 586 1201 declina,
604 1171 633 1196 et
657 1167 779 1203 vestigia
805 1175 927 1203 gregum
953 1166 994 1194 sic

170 1215 299 1251 explora,
318 1217 348 1242 ut
373 1222 437 1250 quas
461 1213 497 1241 ad
514 1213 589 1240 vium
615 1211 741 1248 amplam
767 1212 917 1247 latamque
939 1211 995 1238 du-

169 1262 250 1293 cunt,
274 1259 420 1294 despicias
449 1260 537 1294 atque
559 1257 680 1284 oderis:
703 1258 772 1284 sunt
795 1255 873 1283 enim
897 1255 994 1283 haedo-

170 1312 246 1331 rum.
264 1303 331 1336 Quae
347 1311 413 1331 vero
436 1302 471 1330 ad
497 1301 601 1329 callem
617 1302 778 1337 angustum
801 1302 889 1336 atque
909 1308 993 1336 aspe-

171 1356 236 1376 rum
263 1348 400 1381 tendunt,
432 1346 539 1382 diligas
568 1347 597 1373 et
625 1344 829 1381 complecteris
861 1353 867 1372 :
895 1344 993 1373 ovium

170 1393 249 1421 enim
275 1393 354 1420 sunt.
380 1391 503 1420 Proinde
527 1398 605 1425 cave,
626 1397 661 1417 ne
685 1389 836 1418 haedorum
862 1389 994 1426 vestigiis

171 1436 327 1473 decipiare.

432 1489 474 1517 Ex
488 1488 576 1516 tribus
590 1487 731 1516 Patribus.

206 1534 397 1570 Respondens
412 1533 502 1569 igitur
512 1532 548 1561 ad
560 1532 636 1560 hanc
646 1540 680 1560 ex
692 1531 830 1569 gentibus
840 1530 992 1559 collectam

169 1578 328 1606 Ecclesiam
346 1578 448 1605 Pastor
467 1577 573 1611 bonus,
589 1581 616 1604 et
638 1579 770 1612 Sponsus
785 1575 881 1612 ipsius
898 1582 905 1605 :
921 1575 952 1603 Si
965 1578 993 1603 le

169 1624 272 1659 ipsum,
289 1622 396 1658 inquit,
412 1629 466 1649 non
489 1622 582 1649 nosti:
597 1621 622 1648 si
648 1621 765 1657 ignoras
789 1622 817 1648 te
843 1620 947 1655 ipsam,
962 1619 991 1647 in

168 1676 228 1704 qua
242 1675 293 1703 ego
310 1666 360 1703 qui
375 1665 578 1694 circumscribi
594 1673 717 1702 nequeo,
732 1665 897 1700 descriptus
912 1672 991 1699 sum,

169 1715 198 1740 et
212 1711 289 1740 sicut
310 1711 340 1739 in
356 1710 486 1747 imagine
507 1710 710 1746 archetypum,
727 1717 829 1737 cernor
846 1717 852 1736 :
868 1710 896 1736 et
912 1717 929 1736 a
944 1717 991 1736 ra-

168 1757 247 1785 tione
260 1755 370 1784 alicnos
383 1763 488 1783 sensus
500 1757 566 1783 tuos
581 1754 695 1791 corrigo
707 1762 714 1782 :
726 1757 754 1783 et
765 1753 992 1782 comminatione

168 1801 252 1838 quasi
267 1800 357 1838 virga,
371 1799 585 1837 promissisque
596 1802 735 1835 tanquam
752 1798 852 1826 ﬁstula
865 1799 900 1826 ad
911 1800 992 1826 aeter-

166 1854 220 1874 nas
233 1847 261 1873 te
272 1845 371 1874 caulus
384 1845 469 1880 duco,
482 1844 510 1872 in
524 1843 632 1880 quibus
645 1843 774 1872 secundo
787 1843 912 1871 adventu
927 1851 991 1871 meo

166 1892 193 1919 te
210 1890 315 1919 faciam
335 1889 552 1926 conquiescere,
568 1897 634 1916 cum
652 1890 771 1925 propter
793 1887 991 1924 incorruptio-

167 1943 232 1963 nem
251 1937 337 1970 atque
353 1933 604 1962 immortalitatem
621 1932 703 1961 nulla
718 1935 745 1960 te
759 1932 864 1960 umbra
879 1934 992 1968 pertur-

165 1979 318 2008 bationum
344 1979 508 2015 occupabit.
526 1977 546 2006 0
560 1977 680 2014 pulchra
703 1978 777 2005 inter
800 1977 941 2011 mulieres,
959 1985 992 2004 ac

165 2024 299 2060 speciosa
322 2025 440 2060 propter
454 2023 541 2050 ﬁdem
558 2025 586 2050 et
601 2021 775 2050 cbaritatem
802 2029 872 2057 erga
887 2029 944 2056 me,
960 2021 991 2048 in

164 2068 245 2096 omni
260 2070 346 2104 gente
361 2066 542 2095 inﬁdelitatis
557 2066 658 2094 morbo
678 2065 840 2099 laborante,
852 2067 880 2093 et
895 2065 992 2093 carnis

164 2112 364 2149 voluptatibus
383 2111 525 2146 involuta,
542 2111 674 2146 egredere
690 2113 732 2138 tu.
749 2111 803 2144 Tu,
820 2109 951 2145 inquam,
967 2119 993 2147 si

165 2157 218 2185 tibi
231 2165 261 2186 es
277 2157 436 2193 incognita,
449 2156 473 2184 si
487 2155 662 2192 mysterium
676 2157 760 2182 tuum
771 2154 921 2182 intellectu
936 2163 993 2183 non

1086 811 1147 839 Ἐὰν
1178 812 1216 847 μή
1252 813 1324 848 γνῶς
1356 813 1490 847 σεαυτὴν,
1526 813 1544 848 ἡ
1574 811 1646 847 κτιλή
1679 813 1704 841 ἐν
1741 814 1866 852 γυναιξῖν,

1051 854 1140 892 ἔξελθε
1175 854 1207 883 τὺ
1245 855 1270 883 ἐν
1304 857 1431 894 πτέρναις
1467 859 1522 884 τῶν
1555 858 1692 894 ποιμνίων
1730 869 1789 894 σου,
1826 861 1864 887 καί

1049 899 1182 936 ποίμαινε
1216 899 1280 932 τους
1315 900 1425 940 ἐρίφους
1463 911 1511 929 σου
1545 901 1588 929 ἐπὶ
1629 903 1792 940 σκηνώμασῖ
1817 907 1864 932 τῶν

1050 954 1085 971 πο
1090 955 1096 971 ι
1102 945 1189 980 μενων
1195 966 1201 972 .

1084 990 1118 1016 Ὦ
1143 989 1343 1027 παρθινεῦουσα
1365 991 1454 1028 ψυχὴ,
1471 991 1545 1029 φασὶ,
1570 990 1614 1018 καὶ
1636 988 1782 1028 σεϐασμία,
1797 993 1865 1031 εἴπερ

1049 1034 1142 1065 ποθεῖς
1176 1031 1338 1062 καταλαϐεῖν
1372 1033 1473 1072 ἀγέλας
1509 1037 1562 1062 τῶν
1599 1033 1758 1073 προϐάτων,
1787 1040 1865 1075 γνῶθι

1050 1078 1151 1112 σαυτήν
1178 1078 1220 1109 τίς
1249 1079 1379 1115 πέφυκας,
1403 1079 1434 1106 τὸ
1463 1079 1526 1117 πρὶν
1557 1078 1614 1107 οὔδ’
1643 1080 1716 1112 ὅλως
1734 1080 1865 1116 οὖσα,Μί

1049 1123 1106 1153 πῶς
1135 1122 1213 1150 εἰκὼν
1240 1123 1383 1159 τετίμησαι
1411 1125 1556 1162 τυγχάνειν
1580 1126 1628 1152 τοῦ
1650 1125 1798 1160 Δεσπότου,
1825 1127 1865 1154 καὶ

1048 1165 1138 1200 πάσης
1167 1167 1378 1202 μετανάστευσον
1413 1169 1462 1202 τῆς
1499 1172 1636 1205 κοσμικῆς
1669 1169 1787 1206 ἀπάτης.
1823 1173 1864 1199 καὶ

1050 1209 1128 1248 δεῦρο
1142 1210 1360 1239 κατασκόπευσον
1377 1211 1440 1250 ἴχνη
1464 1212 1498 1240 τὰ
1512 1215 1565 1240 τῶν
1590 1214 1740 1250 ποιμένων,
1765 1215 1809 1243 καὶ
1835 1216 1865 1244 τὰ

1050 1255 1098 1291 μὲν
1113 1253 1176 1282 ὄντα
1190 1256 1259 1293 πρὸς
1274 1255 1336 1284 ὁδὸν
1355 1256 1477 1294 μεγάλην
1493 1257 1538 1284 καὶ
1554 1257 1863 1297 πλατεῖαν,βδελσ5χθητι

1047 1300 1092 1327 καὶ
1114 1300 1241 1336 μίσησον”
1258 1301 1309 1328 εἶσὶ
1324 1301 1374 1339 γὰρ
1387 1304 1441 1329 τῶν
1458 1301 1569 1341 ἐρίφωνι
1592 1303 1625 1329 τὰ
1641 1301 1669 1330 ’ὀὶ
1685 1304 1754 1341 πρὸς
1778 1303 1864 1341 τρίϐον

1048 1354 1158 1380 κειμενα
1174 1345 1267 1379 στενὴν
1282 1346 1326 1372 καὶ
1340 1345 1524 1382 τεθλιμμένη-ι
1540 1347 1679 1384 ἀγάπησον
1699 1349 1744 1375 καὶ
1769 1349 1863 1386 κράτη-

1048 1397 1105 1416 σον·
1122 1389 1173 1416 εἷ’σὶ
1189 1390 1241 1427 γὰρ
1254 1392 1307 1417 τῶν
1324 1389 1479 1426 προϐάτων.
1497 1391 1616 1429 χρόσεχε
1632 1392 1677 1419 οῦν
1701 1393 1741 1429 μὴ
1766 1400 1864 1429 πλανη-

1049 1433 1096 1468 θῇς
1112 1432 1138 1460 ἐν
1155 1434 1346 1474 πτέρναις-τῶν
1362 1434 1469 1474 ἐρίφων.

1331 1488 1391 1516 Τῶν
1407 1489 1431 1526 γ’
1444 1488 1581 1526 Πατέρων.

1085 1531 1310 1569 ’Δποκρινόμινος
1339 1532 1384 1559 οὗν
1409 1532 1478 1570 πρὸς
1505 1533 1618 1569 ταύτην,
1647 1534 1697 1568 τὴν
1729 1534 1756 1570 ίξ
1784 1534 1862 1563 ἐθνῶν

1047 1573 1154 1610 δηλαδὴ
1185 1575 1361 1612 Ἐκκλησίαν,
1390 1577 1404 1604 ὁ
1433 1575 1516 1608 καλὸς
1542 1578 1648 1614 ποιμὴν
1678 1578 1724 1606 καὶ
1754 1579 1864 1618 νυμφίος

1047 1619 1151 1655 αὐτῆς,
1177 1620 1277 1658 φησίν·
1309 1620 1341 1648 Ei’
1372 1621 1409 1657 μή
1438 1619 1520 1659 ἔγνως
1550 1623 1684 1657 σεαυτήν·
1713 1633 1775 1658 τοι,
1804 1625 1862 1652 Ἐὰν

1046 1663 1145 1702 ἀγνοῇς
1167 1665 1279 1700 σεαυτὴν
1313 1665 1338 1692 ἐν
1373 1665 1392 1702 ᾖ
1417 1665 1616 1704 ἀπερίγραπτος
1638 1669 1838 1708 πιριγράφομαι
1854 1690 1861 1703 ,

1045 1709 1090 1736 καὶ
1121 1710 1227 1746 ὁρῶμαι
1239 1709 1277 1740 ὡς
1292 1709 1318 1737 ἐν
1336 1709 1417 1737 εἰκόνι
1442 1711 1607 1748 ἀρχέτυπον,
1631 1711 1674 1739 καὶ
1689 1711 1738 1743 τὰς
1753 1712 1866 1750 ἀλόγους

1065 1753 1072 1764 ῗ
1219 1752 1231 1761 *ί
1271 1753 1278 1763 ι
1342 1754 1348 1764 Ι
1461 1754 1468 1763 \
1495 1754 1507 1764 Ν
1529 1755 1534 1764 Ι
1632 1758 1644 1764 -σ
1777 1759 1790 1765 -ο

1046 1754 1185 1788 αισοήσεις
1200 1764 1248 1781 suo
1265 1759 1400 1792 ρυομιςω,
1422 1765 1468 1782 και
1493 1763 1538 1783 cur
1560 1765 1589 1783 τε
1611 1766 1665 1783 των
1690 1756 1810 1785 ἀπειλων
1834 1758 1867 1788 ὡς

1045 1797 1091 1825 διὰ
1105 1795 1223 1836 ῥάϐδων,
1248 1798 1291 1826 καὶ
1315 1801 1367 1826 τῶν
1393 1798 1562 1837 ἐπαγγελιῶν
1587 1801 1623 1832 ὡς
1648 1800 1775 1839 σύριγγος
1799 1802 1861 1839 πρὸς

1044 1842 1093 1874 τὰς
1115 1842 1240 1874 αἰωνίους
1267 1853 1295 1870 σε
1319 1843 1377 1881 ἄγω
1403 1843 1532 1881 μάνδραις·
1551 1844 1576 1872 ἐν
1603 1846 1646 1876 αἷς
1669 1856 1697 1873 σε
1722 1846 1863 1873 ἀναπαύσω

1046 1887 1071 1914 ἐν
1098 1889 1132 1924 τῇ
1160 1886 1270 1926 δευτέρᾳ
1296 1898 1347 1924 μου
1370 1889 1513 1926 παρουσίᾳ·
1539 1888 1601 1916 ὅταν
1627 1888 1685 1917 οὐδ’
1714 1890 1768 1918 ὑπό
1793 1901 1862 1922 τινος

1046 1932 1174 1967 συσκιάζη
1205 1931 1305 1964 πάθους
1335 1931 1379 1960 διά
1406 1934 1437 1960 τὸ
1463 1932 1598 1972 ἅφθαρτόν
1624 1945 1654 1961 τε
1678 1935 1724 1961 καὶ
1748 1935 1861 1972 ἀναμάρ-

1045 1986 1136 2011 τητον.
1161 1977 1192 2005 Ἡ
1215 1975 1288 2011 καλή
1316 1977 1341 2004 ἐν
1363 1977 1492 2016 γυναιξίν·
1520 1978 1552 2006 Ἥ
1576 1978 1663 2016 ὡραία
1687 1977 1733 2006 διὰ
1753 1981 1802 2015 τὴν
1827 1979 1860 2008 si»:

1047 2021 1081 2058 μὶ
1104 2020 1193 2048 πίστιν
1221 2032 1250 2049 τε
1273 2022 1318 2049 καὶ
1343 2022 1468 2060 ἀγάπην,
1494 2021 1519 2049 ἐν
1541 2023 1619 2050 παντὶ
1643 2021 1711 2055 ἔθνει
1743 2023 1860 2052 ἀπιστίαν

1045 2068 1169 2093 νοσοῦντι
1200 2066 1244 2093 καὶ
1277 2068 1335 2097 ταῖς
1369 2070 1418 2101 τῆς
1448 2066 1546 2105 σαρκὸς
1576 2066 1688 2102 ἡδοναῖς
1718 2067 1862 2104 ἐκθηλυνο-

1049 2110 1131 2147 μένῳ*
1159 2109 1251 2145 ἔξελθε
1274 2110 1324 2138 c-S'
1347 2109 1450 2149 ἤγουν,
1481 2110 1574 2146 ἐπειδῆ
1606 2111 1637 2139 σὺ
1664 2113 1701 2149 μὴ
1726 2111 1811 2150 ἔγνως
1834 2112 1861 2140 τὸ

1046 2154 1109 2192 περὶ
1138 2155 1167 2182 σὶ
1197 2156 1347 2192 μυστήριον
1376 2158 1495 2194 νοερῶς,
1531 2155 1619 2192 ἔξελθε
1645 2157 1699 2184 ἀπὸ
1722 2159 1773 2192 τῆς
1800 2157 1862 2185 κατὰ

163 2202 378 2238 complecteris,
395 2210 429 2229 ex
444 2203 525 2237 parte
542 2200 648 2228 mentis
665 2199 802 2227 interiore
818 2199 853 2227 ad
869 2207 988 2228 sensum

1085 2201 1106 2226 iv
1124 2197 1267 2235 ἐνδότητος
1283 2200 1350 2238 πρὸς
1365 2201 1413 2235 τήν
1436 2199 1570 2236 αἴσθησιν,
1594 2200 1625 2228 σὺ
1649 2202 1667 2236 ἡ
1684 2200 1782 2239 λογικὴ
1798 2202 1860 2229 πίν-

163 2247 348 2284 progredere,
359 2249 403 2281 tu,
415 2254 478 2282 qua:
489 2245 602 2273 ratione
613 2253 733 2280 prorsus
745 2252 775 2272 es
788 2247 900 2273 ornata.
913 2247 986 2273 Nam

163 2292 186 2319 si
205 2291 254 2319 ubi
271 2299 324 2328 ego
347 2299 476 2328 pascam,
493 2289 613 2318 omnino
629 2289 672 2316 vis
696 2289 819 2324 discere,
836 2297 871 2316 ne
888 2289 916 2316 in
933 2289 987 2318 bac

163 2336 281 2372 quidem
304 2335 470 2372 egressione
485 2335 600 2370 oportet
615 2335 642 2361 te
657 2341 674 2361 a
689 2332 801 2362 ratione
823 2334 941 2370 penitus
957 2334 986 2362 in

162 2379 341 2408 contrarium
367 2379 506 2408 converti.
532 2378 665 2414 Egredere
689 2379 787 2406 autem
810 2378 839 2405 in
867 2379 987 2414 vestigiis

160 2433 289 2461 gregum,
306 2432 411 2461 nempe
431 2424 460 2452 in
483 2423 665 2451 diversarum
689 2424 859 2451 naturarum
878 2432 907 2451 re
922 2423 987 2460 ipsa

162 2468 309 2504 expressis
325 2468 465 2504 vestigiis,
483 2475 533 2503 per
554 2475 618 2503 quas
643 2466 792 2503 sigillatim
819 2467 985 2504 indaganda

162 2513 353 2549 progrediens
369 2513 443 2540 ratio
454 2511 605 2540 deﬁnitur.
615 2511 723 2549 Greges
734 2512 875 2540 dicuntur
887 2521 983 2541 rerum

161 2559 272 2585 natura:
289 2557 429 2593 quoniam
446 2565 546 2585 earum
563 2555 685 2592 singulis
702 2557 783 2584 factae
795 2559 865 2585 sunt
880 2557 984 2594 dignas,

159 2610 235 2638 quas
248 2601 431 2637 providentia
455 2610 507 2629 sua
522 2602 623 2628 auctor
637 2601 770 2629 omnium
794 2601 872 2630 Deus
899 2607 985 2638 quasi

158 2647 259 2682 pastor
275 2645 428 2682 gubernet,
445 2645 613 2674 moderetur
627 2653 658 2672 ac
677 2648 767 2681 regat.
787 2646 819 2673 Et
832 2654 914 2681 pasce
929 2647 983 2675 hee—

158 2690 204 2719 dos
219 2695 279 2718 tuo:
289 2700 299 2719 :
311 2691 444 2719 turbidos
459 2689 572 2718 scilicet
582 2689 674 2717 animi
690 2692 799 2726 motus,
809 2692 841 2718 ut
856 2691 983 2720 sinistris

157 2735 247 2772 partis
264 2735 422 2764 retinentes
441 2735 548 2764 locum.
565 2735 595 2763 In
610 2734 798 2763 tabernaculis
817 2739 959 2771 pastorum
973 2744 984 2766 :

1041 2254 1107 2275 τως.
1125 2243 1156 2272 Εἰ
1170 2243 1220 2283 γὰρ
1249 2246 1302 2272 ποῦ
1331 2245 1471 2282 ποιμαίνω
1501 2244 1595 2283 βούλει
1610 2244 1684 2277 ὅλως
1699 2247 1804 2283 μαθεῖν,
1816 2246 1860 2273 οὗ·

1043 2287 1086 2316 δὲν
1101 2290 1135 2325 τῇ
1158 2287 1250 2324 τοιᾷδε
1265 2288 1395 2326 ἐξελεύσει
1412 2288 1482 2317 δεῖσε
1497 2289 1565 2328 πρὸς
1580 2289 1692 2327 ἀλογίαν
1717 2294 1858 2328 τραπῆναι.

1042 2331 1154 2368 Ἔξελθε
1178 2332 1206 2361 δὲ
1231 2332 1256 2361 ἐν
1279 2335 1407 2372 πτέρναις
1426 2336 1479 2362 τῶν
1497 2334 1645 2371 ποιμνίων,
1671 2334 1734 2370 ἤτοι
1754 2335 1780 2363 ἐν
1804 2337 1859 2365 ταῖς

1041 2378 1100 2405 κατ’
1129 2377 1260 2416 ἐνέργειαν
1290 2379 1382 2416 βάσεσι
1406 2381 1459 2406 τῶν
1488 2377 1625 2418 διαφόρων
1663 2379 1768 2418 φύσεων
1785 2389 1791 2396 ·
1827 2378 1859 2406 δι’

1042 2422 1079 2449 ὧν
1117 2421 1230 2458 ἑκάστην
1267 2422 1370 2450 τούτων
1408 2423 1557 2460 ἀνιχνεύων
1582 2424 1596 2451 ὁ
1626 2423 1709 2461 λόγος
1735 2424 1856 2462 ὁρίζεται.

1042 2467 1161 2504 Ποίμνια
1189 2466 1212 2495 δ’
1240 2468 1267 2495 αἱ
1295 2468 1348 2496 τῶν
1378 2466 1464 2495 ὅντων
1490 2467 1596 2506 εἴρηται
1624 2467 1732 2508 φύσεις,
1763 2467 1805 2496 διὰ
1828 2468 1857 2496 τὸ

1041 2511 1177 2547 ἀξιοῦσθαι
1202 2512 1247 2540 καὶ
1270 2513 1304 2540 τὰ
1329 2513 1371 2551 ὑφ’
1396 2512 1512 2548 ἑκάστην
1541 2512 1644 2540 τούτων
1672 2513 1769 2552 μερικὰ
1795 2523 1857 2550 προ-

1040 2556 1127 2592 νοίας,
1151 2557 1189 2588 ὡς
1213 2558 1285 2594 παρά
1299 2557 1431 2594 ποιμένος
1450 2559 1499 2584 τοῦ
1523 2558 1577 2584 τῶν
1607 2556 1679 2584 ὅλων
1707 2558 1856 2596 προνοητοῦ

1039 2601 1083 2628 καὶ
1123 2603 1199 2629 Θεοῦ.
1237 2601 1286 2629 Καὶ
1319 2601 1448 2638 ποίμαινι
1485 2600 1549 2632 τοὺς
1586 2600 1695 2640 ἐρίφους
1729 2611 1790 2629 σου·
1824 2600 1855 2628 τὰ

1039 2646 1111 2680 πάθη
1137 2645 1254 2681 πάντως,
1279 2647 1317 2678 ὡς
1339 2650 1390 2681 τῆς
1405 2646 1546 2684 ἀριστερᾶς
1572 2646 1670 2683 μοίρας
1692 2647 1854 2684 ὑπάρχοντα.

1040 2689 1100 2718 Ἐπὶ
1137 2690 1310 2727 σκηνώμασιν
1346 2693 1399 2718 τῶν
1437 2691 1588 2727 ποιμνίωνθ
1625 2689 1668 2718 ἐπὶ
1704 2692 1762 2722 ταῖς
1791 2687 1853 2725 ἕξεσι

1039 2733 1146 2771 δηλαδὴ
1162 2737 1216 2763 τῶν
1233 2735 1348 2776 φύσεων·
1365 2736 1402 2764 ὡς
1418 2732 1627 2773 μεταϐάλλουσα
1649 2735 1851 2775 προαιρετικῶς,
