1937 3055
78 96 132 126 553

601 94 805 126 COMMENT.
829 95 868 125 IN
891 95 1093 127 CANTICUM
1116 96 1269 127 CANTIC.

1720 99 1779 129 554

78 161 124 195 τὴν
147 161 193 197 μὶν
222 159 309 188 αἰτίαν
335 158 441 186 πάντων
471 161 525 187 τῶν
550 161 639 186 κακῶν
667 158 847 196 ῥᾳθυμίαν,π

1004 160 1092 197 mplis
1104 161 1206 197 utique
1218 169 1315 189 rerum
1327 162 1623 199 naturalium,sponte
1634 163 1777 192 desidiam

77 205 125 240 τὴν
140 205 198 238 καθ’
213 204 266 241 ἕξιν
295 204 413 242 φυσικὴν
434 202 637 242 ἆνυπᾶρχουσαν
659 205 693 240 τῇ
710 203 835 241 μύρμηκι
852 205 898 231 καὶ

78 251 112 287 τῇ
134 249 249 287 μιλίσσῃ
272 247 441 285 ἐπιμιλιιαν,
464 248 646 285 ἓτοιμάζουσα
668 247 712 275 καὶ
740 248 809 282 αὖτή
831 248 899 276 κατὰ

79 294 108 322 τὸ
133 294 218 332 παρὸν
240 295 291 328 τὴν
328 295 384 321 τῶν
424 292 584 330 μελλόντων
615 291 777 327 ἀπόλαυσιν,
807 292 898 331 ὥσπερ

78 339 195 366 κάκιῖναι
225 336 303 376 ἔαρος
329 337 387 375 ὥρᾳ
415 337 459 366 καὶ
489 336 584 375 θίρους
607 338 656 372 τήν
683 339 731 364 τοῦ
759 339 899 375 χειμῶνος

78 383 178 422 τροφὴν
205 381 260 420 (διὰ
285 381 335 421 γὰρ
364 386 414 417 τῆς
451 381 610 419 ἄπιμελείας
637 384 768 420 τρυγᾶται
795 381 824 409 ὲκ
851 384 899 409 τοῦ

77 431 126 463 τῆς
151 430 242 466 ψυχῆς
272 429 418 465 τριμεροῦς
445 428 463 462 ἡ
493 426 660 462 δικαιοσύνη,
680 426 742 462 ἥτις
757 426 900 463 ἐτοιμαοία

78 476 125 508 τῆς
151 475 204 500 τῶν
221 471 378 508 μελλόντων
401 471 470 499 ἐστὶν
493 471 692 507 ἀπολαύσεως),
706 471 755 505 τὴν
772 470 801 498 δὶ
816 471 899 510 ἀφρο-

80 517 171 553 σύνην,
199 515 261 551 ἥτις
289 516 320 544 ἐκ
346 519 396 544 τοῦ
423 516 491 544 κατὰ
515 516 593 555 φύσιν
618 516 686 553 πρὸς
706 516 738 543 τὸ
762 516 834 552 παρὰ
849 515 899 554 φύ-

82 573 131 596 σιν,
146 561 236 600 τροπὴ
251 564 302 596 τῆς
326 561 442 599 λογικῆς
469 561 585 598 ὑπάρχιι
601 559 751 597 ὃυνάμεῳς,
767 560 835 598 πρὸς
849 560 899 594 τὴν

79 606 180 643 ὁμοίως
194 605 302 633 ἐνοῦσαν
318 607 359 642 τῷ
381 603 441 644 ὄφει
466 602 594 644 φρόνησιν
622 605 691 640 ὅλην
713 605 811 639 ἑαυτὴν
830 614 900 642 προ-

81 649 201 685 διδοῦσα,
228 650 294 688 ὗπὶρ
314 652 364 678 τοῦ
397 648 513 689 φυλάξαι
534 649 580 676 τὸν
596 648 678 686 λόγον
698 653 748 684 τῆς
772 648 899 684 πίστεως,

81 695 169 732 ὥσπερ
191 694 317 726 κάκεῖνος
345 694 410 722 ὅλον
437 692 604 732 προδίδωσιν
634 693 740 728 ἑαυτὸν,
765 693 830 731 ὑπὲρ
851 695 900 721 τοῦ

82 740 195 778 φυλάξαι
209 740 259 774 τὴν
276 740 371 767 ἑαυτοῦ
386 739 507 778 κεφαλήν
525 747 531 754 ·
561 739 610 773 τήν
628 737 657 766 δὲ
674 742 766 775 μῆνιν,
782 737 901 773 ἤτιςτῆς

80 786 196 822 ουμικῆς
226 782 366 821 δυνάμεώς
391 783 459 811 ἐστιν
486 783 616 820 ἔκτροπὴ,
645 783 713 821 πρὸς
736 783 786 818 τήν
812 782 898 810 ὡσαύ-

78 839 132 860 τως
158 828 364 867 ἐνυπάρχουσαν
399 828 580 865 ἀκιραιότητα
614 829 649 864 τῇ
677 829 829 865 mpm-seei,
862 827 900 863 μὴ

80 873 248 912 ἇφιπταμένη
273 873 341 901 κατὰ
365 871 484 904 διάθεσιν
504 875 558 900 τῶν
583 871 789 908 πολεμούντων,
813 871 902 907 ὥσπερ

81 916 114 953 δὴ
130 917 251 953 κάκείνη,
276 917 324 945 κᾶν
352 917 434 955 μυρία
458 914 680 951 ἰπιὸουλιύηται.
698 915 746 943 κ’ὰν
763 916 797 943 τὰ
811 915 905 943 νοσσία

81 963 165 998 αὐτῆς
195 961 358 996 ἀπόλλυσιν,
393 962 424 989 οὐ
455 962 559 999 μακρὰν
583 963 637 988 τῶν
671 958 903 988 ἐπιϐουλευόντων

81 1007 243 1046 ἀφίσταταιι
273 1007 317 1034 καὶ
344 1007 394 1041 τὴν
419 1006 576 1041 ἀκολασίαν,
603 1004 664 1040 -ἤτις
697 1009 746 1040 τῆς
773 1005 905 1041 ἐπιτυμη-

80 1055 158 1087 τικῆς
187 1050 328 1088 δυνάμεώς
366 1051 436 1079 ἐστιν
472 1051 604 1088 ὲκτροπή,
630 1050 698 1087 πρὸς
725 1050 774 1084 τὴν
799 1048 904 1086 ὁμοίως

81 1096 283 1134 ἐνυπάρχουσαν
311 1097 346 1132 τῇ
377 1095 487 1133 τρυγόνι
521 1094 698 1134 σωφροσύνην
716 1103 722 1110 ⁶
757 1093 904 1132 ἐγκρατῶς,

81 1139 144 1173 ἔνθα
158 1141 292 1178 ἂναγκαία
315 1140 396 1178 χρεία
419 1139 581 1177 κατεπείγει,
595 1138 727 1177 χρωμένη
743 1140 777 1175 τῇ
792 1137 880 1175 ἠδονῇ
897 1148 903 1155 ·

82 1186 171 1223 ὥσπερ
201 1184 235 1220 δὴ
280 1185 390 1220 κάκείνη
435 1183 479 1211 διὰ.
519 1183 678 1222 γονοτοκίαν
708 1185 905 1220 μονοζυγοῦσα.

81 1228 159 1257 Ἀλλ’
185 1229 363 1266 ἀκουσώμετα
393 1228 490 1256 λοιπὸν
520 1228 565 1256 καὶ
588 1231 637 1256 τοῦ
664 1228 750 1256 καλοῦ
775 1227 905 1266 νυμφίου.

80 1273 149 1310 Ἤδη
165 1274 217 1312 γὰρ
233 1274 349 1313 πρώτως
363 1273 458 1310 ὁμιλεῖ
472 1275 506 1311 τῇ
521 1273 614 1312 νύμφῃ
629 1272 717 1311 λέγων
737 1272 802 1300 τάδε
819 1282 825 1289 ·

116 1409 155 1441 Τῆ
176 1407 256 1444 ἵππῳ
286 1418 339 1445 μου
366 1417 392 1435 ιν
419 1406 521 1445 ἅρμασι
551 1406 653 1444 Φαραὼ
678 1405 811 1444 ὡμοίωσά
837 1406 905 1443 σι,ἠ

82 1452 201 1489 πλησίον
220 1463 282 1488 μου.

434 1505 555 1533 Ψελλοῦ.

117 1560 232 1589 Βλίπων
247 1559 329 1594 αὐτὴν
345 1557 531 1598 σφαδάζουσαν
547 1558 573 1594 EE
588 1557 790 1596 ἱρωτοληψίας,

86 1605 137 1634 Καὶ
154 1604 221 1642 πρὸς
250 1603 351 1631 ἐκεῖνον
379 1602 544 1631 σπιύδουσαν
572 1601 685 1641 δραμιῖν
715 1603 760 1630 καὶ
787 1612 906 1630 καταπι-

769 1649 870 1685 [paci-zz,

79 1694 172 1730 Ἵππῳ
182 1692 342 1731 παριίκασεν
358 1692 442 1727 αὐτὴν
456 1690 745 1730 αἰθιροπτηνοδρόμῳ.

79 1736 174 1769 οὕτως
195 1738 247 1776 γὰρ
276 1736 398 1776 θραύσεις
420 1736 485 1768 τοὺς
513 1736 646 1775 ἐχθροὺς,
676 1736 742 1775 φησί
767 1736 836 1773 πρὸς
858 1737 908 1770 τὴν

717 1779 827 1818 [παρθᾶν
832 1791 859 1808 ον
866 1801 873 1814 ,

81 1830 185 1864 ’Ὠσπερ
201 1825 364 1863 κατεθραυσᾶ
378 1835 445 1853 ποτε
459 1825 504 1852 καὶ
517 1824 692 1863 Φαραωνίτας

79 1873 111 1900 Ἦ
129 1870 246 1908 δύναμις
262 1873 312 1905 τῆς
323 1869 412 1897 ’ίππου
430 1880 481 1906 μου
495 1870 544 1904 τῆς
559 1869 786 1906 ἀνατεταγμένης,

81 1916 216 1946 Tauris-rt
228 1919 280 1950 τῆς
293 1913 440 1953 ἀηελικῆς
455 1913 774 1952 ταγματοστραταρχίας.

82 1961 161 1992 Τίνος
177 1959 206 1988 δὶ
220 1959 313 1998 χάριν·
331 1959 444 1997 ἐρωτᾷς,
455 1959 504 1993 τὴν
520 1960 574 1986 τῶν
591 1957 713 1996 ἀγγέλων
730 1958 802 1994 τάξιν

83 2009 177 2042 Ἵππῳ
188 2004 348 2043 παρείκασιν
365 2003 462 2034 ἁπλῶς
477 2003 491 2030 ὁ
507 2003 594 2040 Λόγος
609 2002 654 2030 καὶ
665 2003 782 2040 νυμφίος
799 2013 805 2037 ;

84 2053 144 2082 Πᾶς
159 2060 200 2080 τις
213 2049 328 2084 τοξότης
344 2047 468 2084 πόλεμον
486 2047 626 2075 συνάπτων
643 2047 792 2084 ἀντιπάλῳ,

83 2096 170 2130 Τόξον
187 2091 322 2130 λαμϐάνει
344 2093 389 2120 καὶ
413 2093 506 2130 νευρὰν
529 2091 574 2119 καὶ
599 2091 698 2130 κράνος
723 2102 751 2119 τι
765 2091 809 2119 καὶ
823 2090 889 2129 δόρυ
906 2100 912 2107 ’

85 2139 172 2173 Πιζὸς
189 2139 264 2174 πεζῷ
286 2138 337 2175 γὰρ
359 2135 488 2173 πολεμεῖ,
516 2133 671 2174 ῥαϐδοῦχος
698 2146 727 2163 τε
754 2133 913 2174 ῥαϐδούχῳ.

83 2183 163 2211 Ἐπεὶ
179 2184 243 2221 γοῦν
259 2183 277 2216 ὴ
293 2181 440 2218 παράταξις
453 2180 516 2208 τότε
525 2180 579 2207 τῶν
597 2180 765 2217 Αἰγυπτίων,

83 2229 124 2258 Τὸ
140 2228 286 2265 κράτιστον
303 2225 432 2260 ἐκέκτητο
447 2228 501 2260 τῆσ
517 2224 610 2263 μάχης
624 2224 656 2252 ἐκ
673 2227 727 2252 τῶν
740 2224 844 2260 ἵππων,

83 2272 194 2302 Τούτου
211 2270 245 2306 δὴ
263 2270 344 2308 χάριν
361 2269 468 2307 εἴρηκεν
487 2268 572 2297 ἵππου
587 2268 613 2304 ἐξ
625 2268 687 2296 ἵσου
700 2269 794 2307 λόγος,

85 2317 146 2351 Τήν
162 2315 322 2344 ἆντιο-τᾶσαν
336 2313 452 2351 δύναμιν
467 2313 627 2352 ἀγγελικὴν,
642 2313 766 2345 ἆκείνοις.

85 2362 144 2391 Ἰνα
160 2361 199 2398 μή
217 2358 296 2396 δοξῃς
310 2357 339 2386 δὲ
349 2358 446 2386 λοιπὸν
463 2355 618 2395 ὑϐρίζισθαι
633 2358 682 2393 τὴν
699 2358 820 2398 νύμφην,

86 2403 285 2442 Ἐεισουμᾶνην
300 2403 427 2442 ἆμφανῶς
441 2401 522 2439 ἵππῷ
536 2402 609 2440 παρᾶ
623 2405 671 2430 τοῦ
687 2402 786 2441 λόγου,

86 2451 230 2478 ’Λκουσον
243 2448 270 2475 τί
282 2458 363 2487 φησιν
381 2447 442 2483 ἑξῆς
457 2447 526 2485 πρὸς
536 2447 637 2483 ταύτην
653 2448 668 2476 ὁ
682 2448 797 2487 νυμφίος
814 2458 820 2465 ·

123 2494 157 2522 Τί
201 2492 379 2532 ὡραιώθησαν
433 2489 555 2530 σιαγόνες
608 2502 656 2519 σου
694 2493 732 2524 ὠς
769 2491 919 2533 τρυγόνος;

85 2537 230 2578 τράχηλοί
246 2549 295 2565 σου
308 2537 346 2568 ὡς
363 2537 493 2575 όρμίσκοι
508 2546 515 2571 ;

125 2583 179 2612 Καὶ
190 2581 270 2619 ’ίππῳ
286 2592 315 2609 σε
329 2581 490 2619 παρείκασα,
504 2581 581 2620 φησὶ,
604 2579 812 2619 δρομικωτάτῳ.

86 2627 170 2657 Ἀλλ’
186 2627 286 2654 οὔκουν
303 2626 418 2664 χρῄζιις
431 2624 563 2663 χαλινοὺς
580 2624 606 2652 ἰν
623 2626 727 2664 σιαγόνι
743 2626 841 2665 φέριίν.

87 2673 127 2702 Δὶ
143 2672 188 2701 σαὶ
204 2672 256 2710 γὰρ
273 2672 452 2709 ὡραιώθησαν
469 2671 571 2709 ἰξόχως
587 2672 717 2710 σιαγόνις,

89 2718 149 2752 Τἠν
167 2716 286 2756 ἔμφυτον
301 2716 338 2748 ὡς
355 2716 471 2754 χαλινὸν
487 2715 600 2754 ἔχουσαι
615 2716 805 2754 σωφροσύνην,

90 2762 178 2799 Δίκην
195 2761 327 2801 τρυγόνος
342 2761 495 2801 σώφρονος,
511 2760 640 2799 τρυγόνος
657 2761 824 2800 φιλιρήμου.

259 2828 393 2860 Peraea.
417 2827 474 2858 Ga.
496 2826 617 2858 CXXII.

955 205 1099 233 malorum
1116 206 1250 234 omnium
1265 214 1398 240 causam,
1414 207 1444 235 in
1460 207 1655 244 diligentiam,
1672 216 1735 244 quae
1751 209 1778 236 vi

954 249 1081 278 naturali
1096 249 1223 278 formica;
1248 253 1337 286 atque
1361 251 1408 286 api
1433 251 1529 280 inesse
1552 252 1692 286 cernitur,
1709 260 1778 280 cons

953 297 1117 328 vertens,ac
1128 303 1236 330 parans
1247 294 1310 330 ipsa
1321 303 1438 332 quoque
1447 296 1477 323 in
1489 298 1624 332 praesenti
1635 299 1775 332 tempore,

953 347 1011 374 quo
1024 339 1054 366 in
1071 339 1169 367 futuro
1198 339 1359 375 perfruaris
1376 348 1383 367 :
1399 341 1649 376 quemadmodum
1665 344 1694 369 et
1708 340 1775 374 illas,

953 391 1019 411 vere
1029 386 1078 419 atq
1084 392 1118 412 ue
1129 386 1228 412 aestate
1238 384 1336 412 cibum
1345 387 1561 420 comparantes,
1577 385 1666 413 hiemi
1674 393 1777 413 consu-

953 426 1029 458 lunt.
1047 428 1112 464 (Per
1126 428 1309 464 diligentiam
1334 429 1412 456 enim
1428 437 1463 456 ex
1477 430 1572 457 tribus
1587 430 1691 457 anima:
1711 437 1777 465 par-

954 472 1034 500 tibus
1043 473 1166 508 justitiae
1181 473 1340 507 vindemia,
1352 482 1414 509 quae
1426 477 1469 501 est
1481 482 1577 501 rerum
1593 474 1663 502 olim
1680 475 1778 502 fruen-

954 517 1059 544 darum
1079 518 1269 553 comparatio,
1285 518 1453 554 colligitur.)
1469 519 1701 554 lmprudentiam
1727 527 1778 546 au-

954 563 1025 595 tem,
1039 569 1103 597 qua
1114 564 1158 589 est
1169 562 1291 590 rationis
1307 565 1383 590 recte
1399 571 1433 590 ex
1448 566 1554 591 natura
1568 563 1733 590 constitutae
1749 562 1779 591 in

955 607 1064 633 statum
1077 608 1187 633 naturae
1196 609 1408 642 repugnantem
1419 607 1581 640 aversio,ad
1593 607 1779 643 prudentiam

954 649 1085 685 exemplo
1099 650 1244 685 serpentis
1256 651 1297 678 ita
1312 651 1507 687 redigens,ut,
1516 651 1590 679 sicut
1602 651 1719 687 ille,pro
1731 660 1780 680 ca-

955 693 1024 730 pitis
1040 694 1220 729 defensione,
1234 697 1329 723 totum
1345 703 1452 731 corpus
1466 696 1570 724 otl‘erre
1584 704 1641 724 non
1655 695 1779 730 dubitat,

955 738 998 766 sic
1010 740 1041 766 tu
1057 747 1110 775 pro
1126 739 1191 766 ﬁdei
1207 740 1427 768 conservatione
1441 743 1469 768 te
1484 740 1579 776 ipsam
1595 742 1687 769 totam
1703 741 1780 776 peri-

956 782 1031 811 culis
1047 783 1185 811 omnibus
1199 784 1329 818 obiicias.
1349 784 1548 818 iracundiam,
1564 785 1651 817 iram.
1662 793 1725 821 quea
1736 787 1782 813 est

957 827 1048 855 animi
1063 828 1221 856 commotio
1237 828 1342 856 rationi
1360 829 1480 857 minime
1495 830 1712 866 obtemperans,
1733 837 1781 857 co-

958 871 1064 899 lumbae
1084 872 1214 909 exemplo
1238 881 1377 901 revocans
1390 874 1425 901 ad
1441 873 1671 909 simplicitatem,
1686 876 1719 901 ut
1733 882 1783 902 eos

959 917 1009 952 qui
1024 919 1053 945 te
1068 917 1186 953 injuriis
1214 917 1347 946 afﬁciunt
1361 920 1449 954 atque
1464 921 1646 954 oppugnant,
1662 918 1784 946 minime

959 961 1156 997 persequaris,
1173 963 1290 997 quando
1306 970 1342 990 ne
1357 962 1492 990 columba
1517 963 1637 998 quidem
1666 965 1784 999 propter

959 1005 1083 1034 insidias
1099 1009 1149 1034 aut.
1159 1007 1307 1042 pullorum
1323 1015 1443 1035 suorum
1459 1007 1704 1043 direptionem,ab
1716 1007 1785 1035 insi-

959 1049 1109 1079 diantibus
1125 1059 1158 1079 ac
1173 1051 1379 1087 diripientibus
1394 1052 1512 1080 recedit.
1524 1052 1784 1089 Intemperantiam

959 1096 1097 1132 denique,
1114 1105 1177 1132 qua
1192 1100 1238 1124 est
1252 1097 1343 1124 animi
1367 1097 1516 1132 appetitus
1540 1097 1645 1125 rationi
1669 1100 1785 1125 contra-

959 1141 1031 1174 rius,
1045 1140 1080 1167 ad
1092 1140 1316 1176 temperantiam
1328 1141 1368 1168 ita
1379 1141 1537 1169 traducens
1552 1141 1676 1169 turturis
1688 1141 1785 1169 imita-

959 1185 1048 1218 tione,
1065 1186 1107 1218 ut,
1124 1192 1190 1211 cum
1215 1193 1289 1220 opus
1311 1188 1366 1218 est,
1380 1193 1398 1212 a
1411 1185 1498 1213 rebus
1522 1186 1621 1213 sensui
1644 1185 1786 1221 jucundis

960 1229 1118 1263 abstineas,
1136 1229 1385 1264 quemadmodum
1402 1232 1431 1256 et
1446 1229 1506 1263 illa,
1525 1230 1633 1257 amisso
1649 1230 1785 1265 conjuge,

960 1273 1048 1300 vidua
1063 1273 1152 1301 vitam
1168 1274 1314 1309 transigit.
1330 1276 1438 1301 Verum
1452 1276 1481 1302 et
1497 1282 1642 1310 sponsum
1655 1275 1718 1310 jam
1736 1282 1788 1302 au-

961 1317 1089 1353 diamus,
1104 1326 1245 1354 sponsam
1268 1326 1346 1346 nunc
1371 1318 1500 1354 primum
1525 1318 1723 1355 alloquentem
1739 1318 1787 1346 his

960 1363 1057 1391 verbis
1073 1371 1080 1390 :

996 1407 1079 1443 Equae
1110 1415 1182 1436 mem
1205 1416 1235 1435 ιη
1258 1407 1386 1436 curribus
1405 1408 1559 1437 Pharaoni:
1582 1408 1736 1437 asstmilavi
1751 1410 1788 1443 te,

960 1453 1117 1489 propinqua
1130 1461 1203 1481 mea.

1326 1508 1422 1536 Pulli.

998 1561 1070 1589 Cum
1086 1568 1225 1596 sponsam
1242 1561 1351 1589 amoris
1366 1561 1487 1589 stimulo
1500 1561 1654 1596 percitam,
1665 1562 1694 1589 et
1710 1562 1746 1589 ad
1758 1569 1789 1590 se

962 1612 1078 1633 currere
1093 1604 1280 1632 festinantem
1305 1607 1446 1638 cerneret,
1460 1613 1541 1640 equae
1557 1604 1686 1641 aeripedi
1703 1604 1787 1632 simi-

962 1649 1020 1676 lem
1045 1648 1118 1676 dixit
1141 1657 1215 1677 esse.
1237 1649 1285 1677 Sic
1308 1649 1387 1676 enim
1403 1652 1446 1682 tu,
1463 1650 1554 1686 virgo,
1567 1649 1674 1685 inquit,
1687 1649 1788 1677 hostes

963 1693 1143 1729 profligabis,
1160 1696 1192 1721 ut
1215 1693 1285 1721 olim
1310 1694 1459 1730 equitatus
1483 1694 1539 1722 mei
1565 1693 1711 1728 instructi,
1733 1693 1787 1722 hoc

964 1740 1018 1772 est,
1031 1737 1154 1774 angelici
1167 1738 1293 1774 agminis
1301 1738 1406 1771 virtus,
1418 1738 1578 1766 Pharaonis
1588 1739 1687 1774 copias
1702 1738 1788 1766 dissi-

965 1781 1053 1818 pavit.
1070 1782 1150 1814 Quod
1167 1782 1192 1809 si
1207 1791 1322 1818 quaaras
1338 1791 1389 1810 cur
1405 1783 1548 1818 equitatui
1563 1791 1690 1818 sponsus
1701 1791 1788 1818 ange-

965 1825 1060 1854 lorum
1073 1826 1205 1854 ordinem
1222 1829 1382 1862 comparet,
1394 1827 1488 1854 facilis
1499 1826 1553 1854 erit
1562 1826 1725 1862 responsio.
1737 1826 1794 1858 Qui

967 1870 1076 1898 bellum
1092 1871 1178 1906 gerit,
1190 1871 1215 1898 si
1231 1879 1298 1898 cum
1314 1871 1463 1906 sagittario
1476 1871 1669 1907 pugnandum
1681 1873 1736 1904 est,
1747 1879 1792 1898 ar.

968 1923 1035 1942 cum
1047 1917 1075 1943 et
1086 1915 1210 1950 sagittas
1225 1918 1308 1950 parat
1320 1924 1327 1942 :
1340 1915 1364 1942 si
1377 1915 1465 1951 pedes
1481 1924 1548 1943 eum
1562 1915 1669 1951 pedite,
1682 1915 1796 1950 galeam

968 1963 1057 1995 atque
1073 1960 1188 1988 hastam
1205 1960 1315 1988 sumit:
1328 1969 1417 1995 eques
1433 1969 1499 1988 cum
1514 1960 1621 1996 equile,
1636 1960 1799 1995 imperator

969 2011 1036 2031 cum
1053 2003 1228 2039 imperatore
1251 2004 1447 2040 congreditur.
1466 2005 1588 2038 Quando
1605 2004 1695 2040 igitur
1710 2004 1800 2031 robur

969 2047 1114 2076 exercitus
1130 2047 1292 2076 Pharaonis
1306 2049 1336 2076 in
1352 2048 1484 2084 equitatu
1511 2048 1701 2085 potissimum
1729 2057 1801 2076 con—

970 2092 1102 2125 sistebat,
1119 2093 1228 2121 idcirco
1249 2094 1393 2129 equitatui
1414 2093 1478 2129 ejus
1494 2102 1528 2121 ex
1543 2093 1663 2121 adverso
1688 2093 1800 2121 instru-

970 2140 1047 2164 ctam
1064 2138 1185 2172 opponit
1201 2138 1292 2166 aciem
1308 2138 1488 2174 angelorum.
1507 2139 1548 2165 Ac
1565 2146 1600 2166 ne
1617 2139 1689 2165 forte
1711 2147 1800 2174 spon-

971 2189 1033 2208 sam
1049 2182 1125 2209 affici
1141 2185 1225 2217 putes
1237 2182 1424 2213 contumelia.
1436 2183 1514 2218 quod
1528 2182 1682 2218 perspicue
1694 2181 1801 2210 similis

932 2221 955 2254 D
970 2233 1051 2261 equae
1066 2225 1192 2262 dicatur,
1205 2227 1274 2255 audi
1289 2226 1359 2263 quid
1373 2227 1409 2254 ad
1425 2235 1489 2255 eam
1510 2227 1650 2263 deinceps
1671 2235 1799 2263 sponsus

972 2270 1051 2298 dicat
1067 2279 1074 2298 :

1012 2493 1082 2528 Quid
1102 2493 1227 2529 pulcth
1249 2494 1328 2528 facta
1350 2494 1415 2520 sunt
1437 2499 1515 2528 genae
1534 2495 1600 2528 tuas,
1615 2493 1643 2520 ut
1658 2491 1777 2521 turturis
1790 2494 1803 2520 7

974 2539 1078 2567 collum
1093 2543 1171 2565 tuum
1185 2540 1256 2566 sicut
1271 2537 1414 2565 monilia?

975 2584 1047 2610 Cum
1077 2590 1151 2617 equo
1176 2585 1205 2610 te
1229 2581 1357 2609 similem
1381 2582 1504 2610 dixerim
1532 2582 1717 2610 velocissimo
1739 2594 1746 2616 ;
1775 2581 1806 2609 in

977 2626 1096 2655 maxilla
1110 2631 1161 2653 tua
1173 2635 1229 2654 non
1241 2626 1357 2662 indiges
1369 2626 1450 2654 freno
1464 2635 1470 2654 :
1482 2635 1562 2662 gena
1576 2628 1654 2654 enim
1668 2629 1724 2654 tuae
1737 2629 1808 2654 sunt

978 2670 1184 2704 ornatissimas,
1200 2673 1228 2698 et
1253 2671 1325 2698 freni
1352 2671 1424 2704 loco,
1451 2671 1576 2698 naturali
1603 2672 1713 2706 pudore
1739 2674 1809 2698 sunt

979 2715 1116 2752 praeditas,
1129 2716 1223 2743 instar
1233 2716 1344 2751 pudicas
1361 2716 1486 2743 turturis
1499 2728 1505 2750 ;
1518 2716 1652 2750 turturis,
1674 2717 1806 2751 inquam,

980 2760 1102 2790 amantis
1115 2759 1315 2788 solitudinem.
1327 2760 1440 2789 Collum
1457 2763 1542 2788 tuum
1559 2760 1740 2791 admirabile.
1753 2769 1804 2788 au-

1606 2825 1643 2855 18
