  <div class='ocr_page' id='page_1' title='image "/cluster/home/n/w/nwhite01/storage/ocr_20150623/122/njp.32101077773016/302.png"; bbox 0 0 1949 3055; ppageno 0'>
   <div class='ocr_carea' id='block_1_1' title="bbox 74 129 126 157">
    <p class='ocr_par' dir='ltr' id='par_1_1' title="bbox 74 129 126 157">
     <span class='ocr_line' id='line_1_1' title="bbox 74 129 126 157; baseline 0 0"><span class='ocrx_word' id='word_1_1' title='bbox 74 129 126 157; x_wconf 76' lang='grc'><strong>557</strong></span> 
     </span>
    </p>
   </div>
   <div class='ocr_carea' id='block_1_2' title="bbox 580 121 1243 155">
    <p class='ocr_par' dir='ltr' id='par_1_2' title="bbox 580 121 1243 155">
     <span class='ocr_line' id='line_1_2' title="bbox 580 121 1243 155; baseline -0.008 0"><span class='ocrx_word' id='word_1_2' title='bbox 580 124 784 155; x_wconf 79' lang='lat' dir='ltr'><strong>COMMENT.</strong></span> <span class='ocrx_word' id='word_1_3' title='bbox 810 123 846 153; x_wconf 76' lang='grc' dir='ltr'><strong>ΙΝ</strong></span> <span class='ocrx_word' id='word_1_4' title='bbox 869 122 1070 153; x_wconf 80' lang='lat' dir='ltr'><strong>CANTICUM</strong></span> <span class='ocrx_word' id='word_1_5' title='bbox 1095 121 1243 152; x_wconf 81' lang='lat' dir='ltr'><strong>CANTIC.</strong></span> 
     </span>
    </p>
   </div>
   <div class='ocr_carea' id='block_1_3' title="bbox 1706 121 1766 151">
    <p class='ocr_par' dir='ltr' id='par_1_3' title="bbox 1706 121 1766 151">
     <span class='ocr_line' id='line_1_3' title="bbox 1706 121 1766 151; baseline -0.017 0"><span class='ocrx_word' id='word_1_6' title='bbox 1706 121 1766 151; x_wconf 79' lang='grc'><strong>558</strong></span> 
     </span>
    </p>
   </div>
   <div class='ocr_carea' id='block_1_4' title="bbox 74 187 861 229">
    <p class='ocr_par' dir='ltr' id='par_1_4' title="bbox 74 190 861 229">
     <span class='ocr_line' id='line_1_4' title="bbox 74 190 861 229; baseline -0.006 -8"><span class='ocrx_word' id='word_1_7' title='bbox 74 194 118 221; x_wconf 78' lang='grc' dir='ltr'><strong>Καὶ</strong></span> <span class='ocrx_word' id='word_1_8' title='bbox 132 192 199 221; x_wconf 80' lang='grc' dir='ltr'>οὕτω</span> <span class='ocrx_word' id='word_1_9' title='bbox 216 193 262 229; x_wconf 69' lang='grc' dir='ltr'>μὲν</span> <span class='ocrx_word' id='word_1_10' title='bbox 293 191 450 228; x_wconf 71' lang='grc' dir='ltr'>θαυμασίως</span> <span class='ocrx_word' id='word_1_11' title='bbox 479 190 658 228; x_wconf 80' lang='grc' dir='ltr'>ὡραιώθησαν</span> <span class='ocrx_word' id='word_1_12' title='bbox 685 190 807 228; x_wconf 77' lang='grc' dir='ltr'>σιαγόνες</span> <span class='ocrx_word' id='word_1_13' title='bbox 836 199 861 217; x_wconf 80' lang='grc' dir='ltr'><strong>σι</strong></span> 
     </span>
    </p>
   </div>
   <div class='ocr_carea' id='block_1_5' title="bbox 983 187 1766 229">
    <p class='ocr_par' dir='ltr' id='par_1_5' title="bbox 983 187 1766 224">
     <span class='ocr_line' id='line_1_5' title="bbox 983 187 1766 224; baseline 0.001 -8"><span class='ocrx_word' id='word_1_14' title='bbox 983 197 1014 216; x_wconf 69' lang='lat' dir='ltr'><strong>re:</strong></span> <span class='ocrx_word' id='word_1_15' title='bbox 1030 189 1112 217; x_wconf 82' lang='lat' dir='ltr'><strong>factae</strong></span> <span class='ocrx_word' id='word_1_16' title='bbox 1127 190 1196 216; x_wconf 89' lang='lat' dir='ltr'><strong>sunt</strong></span> <span class='ocrx_word' id='word_1_17' title='bbox 1211 195 1291 224; x_wconf 75' lang='lat' dir='ltr'><strong>gente</strong></span> <span class='ocrx_word' id='word_1_18' title='bbox 1315 190 1371 215; x_wconf 70' lang='lat' dir='ltr'><strong>tua:</strong></span> <span class='ocrx_word' id='word_1_19' title='bbox 1396 188 1482 223; x_wconf 85' lang='lat' dir='ltr'><strong>quasi</strong></span> <span class='ocrx_word' id='word_1_20' title='bbox 1507 187 1640 222; x_wconf 88' lang='lat' dir='ltr'><strong>turturis,</strong></span> <span class='ocrx_word' id='word_1_21' title='bbox 1652 189 1720 216; x_wconf 88' lang='lat' dir='ltr'><strong>dum</strong></span> <span class='ocrx_word' id='word_1_22' title='bbox 1738 191 1766 217; x_wconf 88' lang='lat' dir='ltr'><strong>te</strong></span> 
     </span>
    </p>
   </div>
   <div class='ocr_carea' id='block_1_6' title="bbox 73 233 883 276">
    <p class='ocr_par' dir='ltr' id='par_1_6' title="bbox 73 233 883 276">
     <span class='ocr_line' id='line_1_6' title="bbox 73 233 883 276; baseline -0.006 -10"><span class='ocrx_word' id='word_1_23' title='bbox 73 239 106 270; x_wconf 87' lang='grc' dir='ltr'><strong>ὡς</strong></span> <span class='ocrx_word' id='word_1_24' title='bbox 138 238 281 276; x_wconf 77' lang='grc' dir='ltr'><strong>τρυγόνος,</strong></span> <span class='ocrx_word' id='word_1_25' title='bbox 317 237 366 271; x_wconf 78' lang='grc' dir='ltr'><strong>τὴν</strong></span> <span class='ocrx_word' id='word_1_26' title='bbox 397 235 573 276; x_wconf 76' lang='grc' dir='ltr'><strong>σωφροσύνην</strong></span> <span class='ocrx_word' id='word_1_27' title='bbox 598 235 656 263; x_wconf 84' lang='grc' dir='ltr'>κατ’</span> <span class='ocrx_word' id='word_1_28' title='bbox 685 234 827 271; x_wconf 74' lang='grc' dir='ltr'><strong>ἐπιθυμίαν</strong></span> <span class='ocrx_word' id='word_1_29' title='bbox 857 233 883 261; x_wconf 79' lang='grc' dir='ltr'>ὲν</span> 
     </span>
    </p>
   </div>
   <div class='ocr_carea' id='block_1_7' title="bbox 72 278 884 320">
    <p class='ocr_par' dir='ltr' id='par_1_7' title="bbox 72 278 884 320">
     <span class='ocr_line' id='line_1_7' title="bbox 72 278 884 320; baseline -0.007 -9"><span class='ocrx_word' id='word_1_30' title='bbox 72 282 211 320; x_wconf 75' lang='grc' dir='ltr'>ἰγκρατείᾳ,</span> <span class='ocrx_word' id='word_1_31' title='bbox 248 282 292 310; x_wconf 82' lang='grc' dir='ltr'><strong>καὶ</strong></span> <span class='ocrx_word' id='word_1_32' title='bbox 327 281 377 316; x_wconf 82' lang='grc' dir='ltr'><strong>τήν</strong></span> <span class='ocrx_word' id='word_1_33' title='bbox 403 279 527 319; x_wconf 77' lang='grc' dir='ltr'><strong>ἀνδρείαν</strong></span> <span class='ocrx_word' id='word_1_34' title='bbox 553 280 621 308; x_wconf 82' lang='grc' dir='ltr'>κατὰ</span> <span class='ocrx_word' id='word_1_35' title='bbox 649 279 734 316; x_wconf 80' lang='grc' dir='ltr'>θυμὸν</span> <span class='ocrx_word' id='word_1_36' title='bbox 760 278 786 306; x_wconf 74' lang='grc' dir='ltr'>ἐν</span> <span class='ocrx_word' id='word_1_37' title='bbox 816 279 884 306; x_wconf 82' lang='grc' dir='ltr'>ὑπο-</span> 
     </span>
    </p>
   </div>
   <div class='ocr_carea' id='block_1_8' title="bbox 74 322 884 365">
    <p class='ocr_par' dir='ltr' id='par_1_8' title="bbox 74 322 884 365">
     <span class='ocr_line' id='line_1_8' title="bbox 74 322 884 365; baseline -0.006 -10"><span class='ocrx_word' id='word_1_38' title='bbox 74 329 137 365; x_wconf 82' lang='grc' dir='ltr'>μονῇ</span> <span class='ocrx_word' id='word_1_39' title='bbox 163 325 386 363; x_wconf 62' lang='grc' dir='ltr'><strong>ἐπιδεικνυμένης</strong></span> <span class='ocrx_word' id='word_1_40' title='bbox 417 336 476 354; x_wconf 89' lang='grc' dir='ltr'>σου.</span> <span class='ocrx_word' id='word_1_41' title='bbox 505 324 626 362; x_wconf 83' lang='grc' dir='ltr'><strong>Ὁμοίως</strong></span> <span class='ocrx_word' id='word_1_42' title='bbox 655 322 684 352; x_wconf 80' lang='grc' dir='ltr'><strong>δὶ</strong></span> <span class='ocrx_word' id='word_1_43' title='bbox 699 323 807 354; x_wconf 79' lang='grc' dir='ltr'>τούτοις</span> <span class='ocrx_word' id='word_1_44' title='bbox 823 333 884 350; x_wconf 89' lang='grc' dir='ltr'>συν-</span> 
     </span>
    </p>
   </div>
   <div class='ocr_carea' id='block_1_9' title="bbox 72 368 884 409">
    <p class='ocr_par' dir='ltr' id='par_1_9' title="bbox 72 368 884 409">
     <span class='ocr_line' id='line_1_9' title="bbox 72 368 884 409; baseline -0.006 -10"><span class='ocrx_word' id='word_1_45' title='bbox 72 372 190 408; x_wconf 77' lang='grc' dir='ltr'>ωραιώθη</span> <span class='ocrx_word' id='word_1_46' title='bbox 229 369 371 409; x_wconf 80' lang='grc' dir='ltr'>τράχηλός</span> <span class='ocrx_word' id='word_1_47' title='bbox 413 380 461 397; x_wconf 88' lang='grc' dir='ltr'><strong>σου</strong></span> <span class='ocrx_word' id='word_1_48' title='bbox 504 369 541 401; x_wconf 83' lang='grc' dir='ltr'><strong>ὡς</strong></span> <span class='ocrx_word' id='word_1_49' title='bbox 578 368 729 407; x_wconf 70' lang='grc' dir='ltr'>ὀρμίσκοιι</span> <span class='ocrx_word' id='word_1_50' title='bbox 772 368 804 396; x_wconf 80' lang='grc' dir='ltr'>οὐ</span> <span class='ocrx_word' id='word_1_51' title='bbox 832 370 884 405; x_wconf 66' lang='grc' dir='ltr'><strong>γὰρ</strong></span> 
     </span>
    </p>
   </div>
   <div class='ocr_carea' id='block_1_10' title="bbox 72 411 883 453">
    <p class='ocr_par' dir='ltr' id='par_1_10' title="bbox 72 411 883 453">
     <span class='ocr_line' id='line_1_10' title="bbox 72 411 883 453; baseline -0.005 -10"><span class='ocrx_word' id='word_1_52' title='bbox 72 415 190 453; x_wconf 80' lang='grc' dir='ltr'><strong>σιδηροῦς</strong></span> <span class='ocrx_word' id='word_1_53' title='bbox 220 426 267 443; x_wconf 78' lang='grc' dir='ltr'><strong>σου</strong></span> <span class='ocrx_word' id='word_1_54' title='bbox 297 415 480 453; x_wconf 80' lang='grc' dir='ltr'>ὁτράχηΛος,</span> <span class='ocrx_word' id='word_1_55' title='bbox 497 414 535 445; x_wconf 85' lang='grc' dir='ltr'>ὡς</span> <span class='ocrx_word' id='word_1_56' title='bbox 562 411 608 440; x_wconf 80' lang='grc' dir='ltr'>διὰ</span> <span class='ocrx_word' id='word_1_57' title='bbox 621 414 670 448; x_wconf 77' lang='grc' dir='ltr'>τὴν</span> <span class='ocrx_word' id='word_1_58' title='bbox 701 411 883 450; x_wconf 70' lang='grc' dir='ltr'><strong>ὑπερηφανίαν</strong></span> 
     </span>
    </p>
   </div>
   <div class='ocr_carea' id='block_1_11' title="bbox 72 456 884 497">
    <p class='ocr_par' dir='ltr' id='par_1_11' title="bbox 72 456 884 497">
     <span class='ocr_line' id='line_1_11' title="bbox 72 456 884 497; baseline -0.007 -9"><span class='ocrx_word' id='word_1_59' title='bbox 72 459 249 497; x_wconf 80' lang='grc' dir='ltr'>δύσκαμπτος·</span> <span class='ocrx_word' id='word_1_60' title='bbox 280 458 354 487; x_wconf 71' lang='grc' dir='ltr'>ἀλλὰ</span> <span class='ocrx_word' id='word_1_61' title='bbox 380 459 533 495; x_wconf 70' lang='grc' dir='ltr'><strong>κέκαμπται</strong></span> <span class='ocrx_word' id='word_1_62' title='bbox 564 457 609 485; x_wconf 77' lang='grc' dir='ltr'><strong>διὰ</strong></span> <span class='ocrx_word' id='word_1_63' title='bbox 637 456 884 496; x_wconf 77' lang='grc' dir='ltr'>μετριοφροσύνην,</span> 
     </span>
    </p>
   </div>
   <div class='ocr_carea' id='block_1_12' title="bbox 71 501 884 543">
    <p class='ocr_par' dir='ltr' id='par_1_12' title="bbox 71 501 884 543">
     <span class='ocr_line' id='line_1_12' title="bbox 71 501 884 543; baseline -0.007 -10"><span class='ocrx_word' id='word_1_64' title='bbox 71 505 105 538; x_wconf 81' lang='grc' dir='ltr'><strong>ὡς</strong></span> <span class='ocrx_word' id='word_1_65' title='bbox 130 505 252 543; x_wconf 82' lang='grc' dir='ltr'>ὸρμίσκοι</span> <span class='ocrx_word' id='word_1_66' title='bbox 281 503 308 531; x_wconf 61' lang='grc' dir='ltr'>οἵ</span> <span class='ocrx_word' id='word_1_67' title='bbox 336 502 578 538; x_wconf 64' lang='grc' dir='ltr'><strong>κατεσκευασμένοι</strong></span> <span class='ocrx_word' id='word_1_68' title='bbox 609 502 675 530; x_wconf 68' lang='grc' dir='ltr'>εΐσὶν</span> <span class='ocrx_word' id='word_1_69' title='bbox 703 501 733 529; x_wconf 80' lang='grc' dir='ltr'>ἐκ</span> <span class='ocrx_word' id='word_1_70' title='bbox 760 502 884 539; x_wconf 68' lang='grc' dir='ltr'>χρυσοῖν</span> 
     </span>
    </p>
   </div>
   <div class='ocr_carea' id='block_1_13' title="bbox 71 546 887 586">
    <p class='ocr_par' dir='ltr' id='par_1_13' title="bbox 71 546 887 586">
     <span class='ocr_line' id='line_1_13' title="bbox 71 546 887 586; baseline -0.007 -9"><span class='ocrx_word' id='word_1_71' title='bbox 71 549 99 578; x_wconf 78' lang='grc' dir='ltr'>οὗ</span> <span class='ocrx_word' id='word_1_72' title='bbox 123 550 153 577; x_wconf 83' lang='grc' dir='ltr'><strong>τὸ</strong></span> <span class='ocrx_word' id='word_1_73' title='bbox 180 547 293 586; x_wconf 75' lang='grc' dir='ltr'>δόκιμον</span> <span class='ocrx_word' id='word_1_74' title='bbox 322 548 367 576; x_wconf 80' lang='grc' dir='ltr'><strong>καὶ</strong></span> <span class='ocrx_word' id='word_1_75' title='bbox 395 548 512 586; x_wconf 82' lang='grc' dir='ltr'>καθαρὸν</span> <span class='ocrx_word' id='word_1_76' title='bbox 529 546 574 575; x_wconf 81' lang='grc' dir='ltr'>διὰ</span> <span class='ocrx_word' id='word_1_77' title='bbox 588 547 619 574; x_wconf 85' lang='grc' dir='ltr'><strong>τὸ</strong></span> <span class='ocrx_word' id='word_1_78' title='bbox 648 546 825 583; x_wconf 76' lang='grc' dir='ltr'>ἀνυπόκριτον</span> <span class='ocrx_word' id='word_1_79' title='bbox 844 555 887 581; x_wconf 88' lang='grc' dir='ltr'>μι-</span> 
     </span>
    </p>
   </div>
   <div class='ocr_carea' id='block_1_14' title="bbox 71 589 885 632">
    <p class='ocr_par' dir='ltr' id='par_1_14' title="bbox 71 589 885 632">
     <span class='ocr_line' id='line_1_14' title="bbox 71 589 885 632; baseline -0.007 -10"><span class='ocrx_word' id='word_1_80' title='bbox 71 594 154 632; x_wconf 76' lang='grc' dir='ltr'>μεῖταί</span> <span class='ocrx_word' id='word_1_81' title='bbox 167 605 215 622; x_wconf 82' lang='grc' dir='ltr'><strong>σου</strong></span> <span class='ocrx_word' id='word_1_82' title='bbox 228 594 260 621; x_wconf 83' lang='grc' dir='ltr'>τὸ</span> <span class='ocrx_word' id='word_1_83' title='bbox 274 593 399 621; x_wconf 77' lang='grc' dir='ltr'>ταπεινὸν</span> <span class='ocrx_word' id='word_1_84' title='bbox 430 592 569 632; x_wconf 81' lang='grc' dir='ltr'>φρόνημα.</span> <span class='ocrx_word' id='word_1_85' title='bbox 592 591 623 620; x_wconf 80' lang='lat' dir='ltr'><strong>El</strong></span> <span class='ocrx_word' id='word_1_86' title='bbox 651 589 680 618; x_wconf 68' lang='grc' dir='ltr'><strong>δὲ</strong></span> <span class='ocrx_word' id='word_1_87' title='bbox 705 589 885 628; x_wconf 79' lang='grc' dir='ltr'>ἀνυπόκριτον</span> 
     </span>
    </p>
   </div>
   <div class='ocr_carea' id='block_1_15' title="bbox 68 633 885 678">
    <p class='ocr_par' dir='ltr' id='par_1_15' title="bbox 68 633 885 678">
     <span class='ocr_line' id='line_1_15' title="bbox 68 633 885 678; baseline -0.007 -11"><span class='ocrx_word' id='word_1_88' title='bbox 68 638 308 678; x_wconf 75' lang='grc' dir='ltr'>ταπεινοφροσύνην</span> <span class='ocrx_word' id='word_1_89' title='bbox 337 639 352 666; x_wconf 85' lang='grc' dir='ltr'><strong>ὁ</strong></span> <span class='ocrx_word' id='word_1_90' title='bbox 381 637 513 675; x_wconf 77' lang='grc' dir='ltr'>ὁρμίσκος</span> <span class='ocrx_word' id='word_1_91' title='bbox 530 635 667 672; x_wconf 77' lang='grc' dir='ltr'>σημαίνει,</span> <span class='ocrx_word' id='word_1_92' title='bbox 685 635 722 666; x_wconf 88' lang='grc' dir='ltr'>ὡς</span> <span class='ocrx_word' id='word_1_93' title='bbox 739 633 854 671; x_wconf 74' lang='grc' dir='ltr'>ι’ίρηται,</span> <span class='ocrx_word' id='word_1_94' title='bbox 871 634 885 661; x_wconf 83' lang='grc' dir='ltr'><strong>ὁ</strong></span> 
     </span>
    </p>
   </div>
   <div class='ocr_carea' id='block_1_16' title="bbox 67 677 885 722">
    <p class='ocr_par' dir='ltr' id='par_1_16' title="bbox 67 677 885 722">
     <span class='ocr_line' id='line_1_16' title="bbox 67 677 885 722; baseline -0.007 -11"><span class='ocrx_word' id='word_1_95' title='bbox 67 686 112 719; x_wconf 82' lang='grc' dir='ltr'><strong>τῆς</strong></span> <span class='ocrx_word' id='word_1_96' title='bbox 138 683 246 722; x_wconf 76' lang='grc' dir='ltr'>νύμφης</span> <span class='ocrx_word' id='word_1_97' title='bbox 263 681 380 721; x_wconf 80' lang='grc' dir='ltr'>Χριστοῦ</span> <span class='ocrx_word' id='word_1_98' title='bbox 408 680 549 719; x_wconf 79' lang='grc' dir='ltr'>τράχηλος</span> <span class='ocrx_word' id='word_1_99' title='bbox 562 681 600 712; x_wconf 82' lang='grc' dir='ltr'>ὡς</span> <span class='ocrx_word' id='word_1_100' title='bbox 613 680 739 718; x_wconf 82' lang='grc' dir='ltr'>ὁρμίσκοι</span> <span class='ocrx_word' id='word_1_101' title='bbox 756 677 885 707; x_wconf 67' lang='grc' dir='ltr'>ἐπαινού-</span> 
     </span>
    </p>
   </div>
   <div class='ocr_carea' id='block_1_17' title="bbox 69 722 884 766">
    <p class='ocr_par' dir='ltr' id='par_1_17' title="bbox 69 722 884 766">
     <span class='ocr_line' id='line_1_17' title="bbox 69 722 884 766; baseline -0.009 -9"><span class='ocrx_word' id='word_1_102' title='bbox 69 739 163 766; x_wconf 69' lang='grc' dir='ltr'>μενος,</span> <span class='ocrx_word' id='word_1_103' title='bbox 186 728 232 756; x_wconf 78' lang='grc' dir='ltr'><strong>καὶ</strong></span> <span class='ocrx_word' id='word_1_104' title='bbox 260 726 368 762; x_wconf 82' lang='grc' dir='ltr'>πλῆθος</span> <span class='ocrx_word' id='word_1_105' title='bbox 397 725 521 765; x_wconf 69' lang='grc' dir='ltr'>ἆμφαίνει</span> <span class='ocrx_word' id='word_1_106' title='bbox 550 726 670 762; x_wconf 80' lang='grc' dir='ltr'>ἀρετῶν,</span> <span class='ocrx_word' id='word_1_107' title='bbox 694 724 739 752; x_wconf 89' lang='grc' dir='ltr'><strong>καὶ</strong></span> <span class='ocrx_word' id='word_1_108' title='bbox 766 724 817 758; x_wconf 87' lang='grc' dir='ltr'><strong>τήν</strong></span> <span class='ocrx_word' id='word_1_109' title='bbox 844 722 884 762; x_wconf 80' lang='grc' dir='ltr'><strong>ἐφ’</strong></span> 
     </span>
    </p>
   </div>
   <div class='ocr_carea' id='block_1_18' title="bbox 68 768 883 810">
    <p class='ocr_par' dir='ltr' id='par_1_18' title="bbox 68 768 883 810">
     <span class='ocr_line' id='line_1_18' title="bbox 68 768 883 810; baseline -0.009 -8"><span class='ocrx_word' id='word_1_110' title='bbox 68 774 160 810; x_wconf 69' lang='grc' dir='ltr'>ἑκάστῃ</span> <span class='ocrx_word' id='word_1_111' title='bbox 184 771 432 810; x_wconf 74' lang='grc' dir='ltr'>ταπεινοφροσύνην</span> <span class='ocrx_word' id='word_1_112' title='bbox 451 791 457 799; x_wconf 89' lang='grc'>.</span> <span class='ocrx_word' id='word_1_113' title='bbox 491 773 534 801; x_wconf 83' lang='grc' dir='ltr'>Ὠς</span> <span class='ocrx_word' id='word_1_114' title='bbox 571 770 624 807; x_wconf 82' lang='grc' dir='ltr'>γὰρ</span> <span class='ocrx_word' id='word_1_115' title='bbox 643 770 668 797; x_wconf 80' lang='grc'>’6</span> <span class='ocrx_word' id='word_1_116' title='bbox 698 769 831 807; x_wconf 81' lang='grc' dir='ltr'>ὁρμίσκος</span> <span class='ocrx_word' id='word_1_117' title='bbox 856 768 883 796; x_wconf 72' lang='grc' dir='ltr'>ἐν</span> 
     </span>
    </p>
   </div>
   <div class='ocr_carea' id='block_1_19' title="bbox 69 813 883 855">
    <p class='ocr_par' dir='ltr' id='par_1_19' title="bbox 69 813 883 855">
     <span class='ocr_line' id='line_1_19' title="bbox 69 813 883 855; baseline -0.006 -10"><span class='ocrx_word' id='word_1_118' title='bbox 69 818 138 855; x_wconf 74' lang='grc' dir='ltr'>ὀρθῷ</span> <span class='ocrx_word' id='word_1_119' title='bbox 150 819 191 854; x_wconf 66' lang='grc' dir='ltr'>τῷ</span> <span class='ocrx_word' id='word_1_120' title='bbox 204 817 327 855; x_wconf 75' lang='grc' dir='ltr'>σχήματι</span> <span class='ocrx_word' id='word_1_121' title='bbox 343 814 518 853; x_wconf 78' lang='grc' dir='ltr'>χαλκωθεὶς,</span> <span class='ocrx_word' id='word_1_122' title='bbox 543 813 654 851; x_wconf 71' lang='grc' dir='ltr'>ὕστερον</span> <span class='ocrx_word' id='word_1_123' title='bbox 682 814 835 850; x_wconf 75' lang='grc' dir='ltr'>κάμπτεται</span> <span class='ocrx_word' id='word_1_124' title='bbox 849 814 883 850; x_wconf 81' lang='grc' dir='ltr'><strong>τῇ</strong></span> 
     </span>
    </p>
   </div>
   <div class='ocr_carea' id='block_1_20' title="bbox 938 232 1765 269">
    <p class='ocr_par' dir='ltr' id='par_1_20' title="bbox 938 232 1765 269">
     <span class='ocr_line' id='line_1_20' title="bbox 938 232 1765 269; baseline 0 -7"><span class='ocrx_word' id='word_1_125' title='bbox 938 236 967 261; x_wconf 87' lang='lat' dir='ltr'><strong>et</strong></span> <span class='ocrx_word' id='word_1_126' title='bbox 990 234 1019 261; x_wconf 91' lang='lat' dir='ltr'><strong>in</strong></span> <span class='ocrx_word' id='word_1_127' title='bbox 1044 233 1215 262; x_wconf 84' lang='lat' dir='ltr'><strong>cohibendis</strong></span> <span class='ocrx_word' id='word_1_128' title='bbox 1240 241 1291 268; x_wconf 84' lang='lat' dir='ltr'><strong>per</strong></span> <span class='ocrx_word' id='word_1_129' title='bbox 1315 232 1526 260; x_wconf 89' lang='lat' dir='ltr'><strong>abstinentiam</strong></span> <span class='ocrx_word' id='word_1_130' title='bbox 1551 233 1765 269; x_wconf 77' lang='lat' dir='ltr'><strong>cupiditatibus</strong></span> 
     </span>
    </p>
   </div>
   <div class='ocr_carea' id='block_1_21' title="bbox 938 277 1767 316">
    <p class='ocr_par' dir='ltr' id='par_1_21' title="bbox 938 277 1767 316">
     <span class='ocr_line' id='line_1_21' title="bbox 938 277 1767 316; baseline 0.001 -9"><span class='ocrx_word' id='word_1_131' title='bbox 938 281 1163 316; x_wconf 81' lang='lat' dir='ltr'><strong>temperantem,</strong></span> <span class='ocrx_word' id='word_1_132' title='bbox 1176 280 1204 307; x_wconf 89' lang='lat' dir='ltr'><strong>et</strong></span> <span class='ocrx_word' id='word_1_133' title='bbox 1220 277 1249 306; x_wconf 92' lang='lat' dir='ltr'><strong>in</strong></span> <span class='ocrx_word' id='word_1_134' title='bbox 1262 278 1413 306; x_wconf 75' lang='lat' dir='ltr'><strong>iracundia</strong></span> <span class='ocrx_word' id='word_1_135' title='bbox 1423 287 1475 314; x_wconf 87' lang='lat' dir='ltr'><strong>per</strong></span> <span class='ocrx_word' id='word_1_136' title='bbox 1485 279 1656 314; x_wconf 87' lang='lat' dir='ltr'><strong>patientiam</strong></span> <span class='ocrx_word' id='word_1_137' title='bbox 1668 281 1767 308; x_wconf 86' lang='lat' dir='ltr'><strong>mode-</strong></span> 
     </span>
    </p>
   </div>
   <div class='ocr_carea' id='block_1_22' title="bbox 939 323 1765 359">
    <p class='ocr_par' dir='ltr' id='par_1_22' title="bbox 939 323 1765 359">
     <span class='ocr_line' id='line_1_22' title="bbox 939 323 1765 359; baseline 0 -7"><span class='ocrx_word' id='word_1_138' title='bbox 939 324 1032 352; x_wconf 88' lang='lat' dir='ltr'><strong>randa</strong></span> <span class='ocrx_word' id='word_1_139' title='bbox 1047 324 1152 352; x_wconf 80' lang='lat' dir='ltr'><strong>fortem</strong></span> <span class='ocrx_word' id='word_1_140' title='bbox 1169 332 1202 352; x_wconf 84' lang='lat' dir='ltr'><strong>ac</strong></span> <span class='ocrx_word' id='word_1_141' title='bbox 1220 325 1371 351; x_wconf 89' lang='lat' dir='ltr'><strong>strenuam</strong></span> <span class='ocrx_word' id='word_1_142' title='bbox 1394 323 1516 359; x_wconf 74' lang='lat' dir='ltr'><strong>praebes.</strong></span> <span class='ocrx_word' id='word_1_143' title='bbox 1533 324 1641 352; x_wconf 84' lang='lat' dir='ltr'><strong>Collum</strong></span> <span class='ocrx_word' id='word_1_144' title='bbox 1664 324 1765 353; x_wconf 82' lang='lat' dir='ltr'>itidem</span> 
     </span>
    </p>
   </div>
   <div class='ocr_carea' id='block_1_23' title="bbox 938 369 1766 405">
    <p class='ocr_par' dir='ltr' id='par_1_23' title="bbox 938 369 1766 405">
     <span class='ocr_line' id='line_1_23' title="bbox 938 369 1766 405; baseline 0.001 -9"><span class='ocrx_word' id='word_1_145' title='bbox 938 369 1086 404; x_wconf 84' lang='lat' dir='ltr'><strong>pulchrum</strong></span> <span class='ocrx_word' id='word_1_146' title='bbox 1100 369 1235 396; x_wconf 72' lang='lat' dir='ltr'><strong>effectum</strong></span> <span class='ocrx_word' id='word_1_147' title='bbox 1256 370 1311 401; x_wconf 74' lang='lat' dir='ltr'><strong>est,</strong></span> <span class='ocrx_word' id='word_1_148' title='bbox 1326 369 1397 396; x_wconf 67' lang='lat' dir='ltr'><strong>sicut</strong></span> <span class='ocrx_word' id='word_1_149' title='bbox 1420 369 1547 397; x_wconf 78' lang='lat' dir='ltr'><strong>monilia.</strong></span> <span class='ocrx_word' id='word_1_150' title='bbox 1564 369 1664 405; x_wconf 86' lang='lat' dir='ltr'><strong>Neque</strong></span> <span class='ocrx_word' id='word_1_151' title='bbox 1687 369 1766 397; x_wconf 89' lang='lat' dir='ltr'><strong>enim</strong></span> 
     </span>
    </p>
   </div>
   <div class='ocr_carea' id='block_1_24' title="bbox 940 412 1767 449">
    <p class='ocr_par' dir='ltr' id='par_1_24' title="bbox 940 412 1767 449">
     <span class='ocr_line' id='line_1_24' title="bbox 940 412 1767 449; baseline 0.001 -8"><span class='ocrx_word' id='word_1_152' title='bbox 940 414 992 441; x_wconf 86' lang='lat' dir='ltr'><strong>tibi</strong></span> <span class='ocrx_word' id='word_1_153' title='bbox 1010 414 1135 442; x_wconf 83' lang='lat' dir='ltr'><strong>ferreum</strong></span> <span class='ocrx_word' id='word_1_154' title='bbox 1146 416 1192 441; x_wconf 90' lang='lat' dir='ltr'><strong>est</strong></span> <span class='ocrx_word' id='word_1_155' title='bbox 1202 412 1320 448; x_wconf 87' lang='lat' dir='ltr'><strong>collum,</strong></span> <span class='ocrx_word' id='word_1_156' title='bbox 1332 416 1365 440; x_wconf 89' lang='lat' dir='ltr'><strong>ut</strong></span> <span class='ocrx_word' id='word_1_157' title='bbox 1375 415 1494 449; x_wconf 81' lang='lat' dir='ltr'><strong>propter</strong></span> <span class='ocrx_word' id='word_1_158' title='bbox 1508 414 1676 449; x_wconf 80' lang='lat' dir='ltr'><strong>superbiam</strong></span> <span class='ocrx_word' id='word_1_159' title='bbox 1690 414 1767 442; x_wconf 88' lang='lat' dir='ltr'><strong>ﬂecti</strong></span> 
     </span>
    </p>
   </div>
   <div class='ocr_carea' id='block_1_25' title="bbox 941 457 1767 495">
    <p class='ocr_par' dir='ltr' id='par_1_25' title="bbox 941 457 1767 495">
     <span class='ocr_line' id='line_1_25' title="bbox 941 457 1767 495; baseline 0.001 -9"><span class='ocrx_word' id='word_1_160' title='bbox 941 460 1083 493; x_wconf 75' lang='lat' dir='ltr'><strong>nequeat:</strong></span> <span class='ocrx_word' id='word_1_161' title='bbox 1099 459 1149 486; x_wconf 90' lang='lat' dir='ltr'><strong>sed</strong></span> <span class='ocrx_word' id='word_1_162' title='bbox 1166 461 1284 494; x_wconf 83' lang='lat' dir='ltr'><strong>propter</strong></span> <span class='ocrx_word' id='word_1_163' title='bbox 1298 458 1468 486; x_wconf 82' lang='lat' dir='ltr'><strong>modestiam</strong></span> <span class='ocrx_word' id='word_1_164' title='bbox 1481 457 1564 486; x_wconf 81' lang='lat' dir='ltr'><strong>facile</strong></span> <span class='ocrx_word' id='word_1_165' title='bbox 1574 459 1646 486; x_wconf 87' lang='lat' dir='ltr'><strong>verti</strong></span> <span class='ocrx_word' id='word_1_166' title='bbox 1663 459 1767 495; x_wconf 86' lang='lat' dir='ltr'><strong>possit,</strong></span> 
     </span>
    </p>
   </div>
   <div class='ocr_carea' id='block_1_26' title="bbox 941 503 1768 540">
    <p class='ocr_par' dir='ltr' id='par_1_26' title="bbox 941 503 1768 540">
     <span class='ocr_line' id='line_1_26' title="bbox 941 503 1768 540; baseline 0.002 -10"><span class='ocrx_word' id='word_1_167' title='bbox 941 505 973 530; x_wconf 93' lang='lat' dir='ltr'><strong>ut</strong></span> <span class='ocrx_word' id='word_1_168' title='bbox 988 503 1110 531; x_wconf 88' lang='lat' dir='ltr'><strong>monilia</strong></span> <span class='ocrx_word' id='word_1_169' title='bbox 1125 512 1159 531; x_wconf 79' lang='lat' dir='ltr'><strong>ex</strong></span> <span class='ocrx_word' id='word_1_170' title='bbox 1175 512 1246 531; x_wconf 88' lang='lat' dir='ltr'><strong>auro</strong></span> <span class='ocrx_word' id='word_1_171' title='bbox 1270 503 1418 531; x_wconf 83' lang='lat' dir='ltr'><strong>elaborata</strong></span> <span class='ocrx_word' id='word_1_172' title='bbox 1436 512 1442 531; x_wconf 90' lang='lat'><strong>:</strong></span> <span class='ocrx_word' id='word_1_173' title='bbox 1459 505 1544 539; x_wconf 85' lang='lat' dir='ltr'><strong>cujus</strong></span> <span class='ocrx_word' id='word_1_174' title='bbox 1566 504 1687 540; x_wconf 87' lang='lat' dir='ltr'><strong>quidem</strong></span> <span class='ocrx_word' id='word_1_175' title='bbox 1703 504 1768 532; x_wconf 85' lang='lat' dir='ltr'><strong>auri</strong></span> 
     </span>
    </p>
   </div>
   <div class='ocr_carea' id='block_1_27' title="bbox 941 547 1768 585">
    <p class='ocr_par' dir='ltr' id='par_1_27' title="bbox 941 547 1768 585">
     <span class='ocr_line' id='line_1_27' title="bbox 941 547 1768 585; baseline 0.004 -10"><span class='ocrx_word' id='word_1_176' title='bbox 941 547 1117 583; x_wconf 77' lang='lat' dir='ltr'><strong>probitatem</strong></span> <span class='ocrx_word' id='word_1_177' title='bbox 1129 557 1162 576; x_wconf 86' lang='lat' dir='ltr'><strong>ac</strong></span> <span class='ocrx_word' id='word_1_178' title='bbox 1177 549 1335 584; x_wconf 79' lang='lat' dir='ltr'><strong>puritatem</strong></span> <span class='ocrx_word' id='word_1_179' title='bbox 1352 548 1505 576; x_wconf 84' lang='lat' dir='ltr'><strong>humilitas</strong></span> <span class='ocrx_word' id='word_1_180' title='bbox 1516 551 1567 577; x_wconf 86' lang='lat' dir='ltr'><strong>tua</strong></span> <span class='ocrx_word' id='word_1_181' title='bbox 1577 549 1768 585; x_wconf 82' lang='lat' dir='ltr'><strong>simplicitate</strong></span> 
     </span>
    </p>
   </div>
   <div class='ocr_carea' id='block_1_28' title="bbox 940 591 1769 625">
    <p class='ocr_par' dir='ltr' id='par_1_28' title="bbox 940 591 1769 625">
     <span class='ocr_line' id='line_1_28' title="bbox 940 591 1769 625; baseline 0.004 -6"><span class='ocrx_word' id='word_1_182' title='bbox 940 600 999 620; x_wconf 89' lang='lat' dir='ltr'><strong>non</strong></span> <span class='ocrx_word' id='word_1_183' title='bbox 1015 591 1085 620; x_wconf 84' lang='lat' dir='ltr'><strong>ﬁcta</strong></span> <span class='ocrx_word' id='word_1_184' title='bbox 1101 593 1243 621; x_wconf 73' lang='lat' dir='ltr'><strong>imitatur.</strong></span> <span class='ocrx_word' id='word_1_185' title='bbox 1255 593 1336 625; x_wconf 83' lang='lat' dir='ltr'><strong>Quod</strong></span> <span class='ocrx_word' id='word_1_186' title='bbox 1353 592 1376 620; x_wconf 89' lang='lat' dir='ltr'><strong>si</strong></span> <span class='ocrx_word' id='word_1_187' title='bbox 1395 593 1516 620; x_wconf 88' lang='lat' dir='ltr'><strong>minime</strong></span> <span class='ocrx_word' id='word_1_188' title='bbox 1530 593 1700 622; x_wconf 86' lang='lat' dir='ltr'><strong>simulatam</strong></span> <span class='ocrx_word' id='word_1_189' title='bbox 1716 595 1769 622; x_wconf 91' lang='lat' dir='ltr'><strong>hu-</strong></span> 
     </span>
    </p>
   </div>
   <div class='ocr_carea' id='block_1_29' title="bbox 941 636 1767 675">
    <p class='ocr_par' dir='ltr' id='par_1_29' title="bbox 941 636 1767 675">
     <span class='ocr_line' id='line_1_29' title="bbox 941 636 1767 675; baseline 0.004 -11"><span class='ocrx_word' id='word_1_190' title='bbox 941 636 1095 664; x_wconf 88' lang='lat' dir='ltr'><strong>militatem</strong></span> <span class='ocrx_word' id='word_1_191' title='bbox 1113 637 1221 665; x_wconf 81' lang='lat' dir='ltr'><strong>monile</strong></span> <span class='ocrx_word' id='word_1_192' title='bbox 1236 637 1393 673; x_wconf 83' lang='lat' dir='ltr'><strong>signiﬁcat,</strong></span> <span class='ocrx_word' id='word_1_193' title='bbox 1411 639 1443 664; x_wconf 87' lang='lat' dir='ltr'><strong>ut</strong></span> <span class='ocrx_word' id='word_1_194' title='bbox 1458 637 1569 666; x_wconf 90' lang='lat' dir='ltr'><strong>dictum</strong></span> <span class='ocrx_word' id='word_1_195' title='bbox 1586 641 1640 673; x_wconf 88' lang='lat' dir='ltr'><strong>est,</strong></span> <span class='ocrx_word' id='word_1_196' title='bbox 1652 647 1767 675; x_wconf 66' lang='lat' dir='ltr'><strong>sponsae</strong></span> 
     </span>
    </p>
   </div>
   <div class='ocr_carea' id='block_1_30' title="bbox 940 680 1768 717">
    <p class='ocr_par' dir='ltr' id='par_1_30' title="bbox 940 680 1768 717">
     <span class='ocr_line' id='line_1_30' title="bbox 940 680 1768 717; baseline 0.004 -9"><span class='ocrx_word' id='word_1_197' title='bbox 940 680 1048 709; x_wconf 79' lang='lat' dir='ltr'><strong>Christi</strong></span> <span class='ocrx_word' id='word_1_198' title='bbox 1065 681 1171 709; x_wconf 90' lang='lat' dir='ltr'><strong>collum</strong></span> <span class='ocrx_word' id='word_1_199' title='bbox 1184 683 1326 717; x_wconf 83' lang='lat' dir='ltr'><strong>tanquam</strong></span> <span class='ocrx_word' id='word_1_200' title='bbox 1342 681 1463 709; x_wconf 84' lang='lat' dir='ltr'><strong>monilia</strong></span> <span class='ocrx_word' id='word_1_201' title='bbox 1476 683 1726 717; x_wconf 86' lang='lat' dir='ltr'><strong>commendatum,</strong></span> <span class='ocrx_word' id='word_1_202' title='bbox 1739 686 1768 712; x_wconf 87' lang='lat' dir='ltr'><strong>et</strong></span> 
     </span>
    </p>
   </div>
   <div class='ocr_carea' id='block_1_31' title="bbox 939 725 1768 763">
    <p class='ocr_par' dir='ltr' id='par_1_31' title="bbox 939 725 1768 763">
     <span class='ocr_line' id='line_1_31' title="bbox 939 725 1768 763; baseline 0.004 -10"><span class='ocrx_word' id='word_1_203' title='bbox 939 725 1081 754; x_wconf 89' lang='lat' dir='ltr'><strong>virtutum</strong></span> <span class='ocrx_word' id='word_1_204' title='bbox 1105 726 1218 754; x_wconf 87' lang='lat' dir='ltr'><strong>indicat</strong></span> <span class='ocrx_word' id='word_1_205' title='bbox 1241 726 1474 762; x_wconf 85' lang='lat' dir='ltr'><strong>multitudinem,</strong></span> <span class='ocrx_word' id='word_1_206' title='bbox 1495 729 1524 755; x_wconf 87' lang='lat' dir='ltr'><strong>et</strong></span> <span class='ocrx_word' id='word_1_207' title='bbox 1547 727 1722 763; x_wconf 89' lang='lat' dir='ltr'><strong>implieitam</strong></span> <span class='ocrx_word' id='word_1_208' title='bbox 1738 728 1768 756; x_wconf 90' lang='lat' dir='ltr'><strong>in</strong></span> 
     </span>
    </p>
   </div>
   <div class='ocr_carea' id='block_1_32' title="bbox 940 770 1767 807">
    <p class='ocr_par' dir='ltr' id='par_1_32' title="bbox 940 770 1767 807">
     <span class='ocr_line' id='line_1_32' title="bbox 940 770 1767 807; baseline 0.004 -9"><span class='ocrx_word' id='word_1_209' title='bbox 940 770 1065 807; x_wconf 77' lang='lat' dir='ltr'><strong>singulis</strong></span> <span class='ocrx_word' id='word_1_210' title='bbox 1086 771 1246 800; x_wconf 85' lang='lat' dir='ltr'><strong>virtutibus</strong></span> <span class='ocrx_word' id='word_1_211' title='bbox 1277 771 1486 799; x_wconf 90' lang='lat' dir='ltr'><strong>humilitatem.</strong></span> <span class='ocrx_word' id='word_1_212' title='bbox 1513 773 1767 805; x_wconf 82' lang='lat' dir='ltr'><strong>Quemadmodum</strong></span> 
     </span>
    </p>
   </div>
   <div class='ocr_carea' id='block_1_33' title="bbox 939 815 1767 852">
    <p class='ocr_par' dir='ltr' id='par_1_33' title="bbox 939 815 1767 852">
     <span class='ocr_line' id='line_1_33' title="bbox 939 815 1767 852; baseline 0.002 -8"><span class='ocrx_word' id='word_1_213' title='bbox 939 815 1018 844; x_wconf 88' lang='lat' dir='ltr'><strong>enim</strong></span> <span class='ocrx_word' id='word_1_214' title='bbox 1032 815 1139 843; x_wconf 86' lang='lat' dir='ltr'><strong>monile</strong></span> <span class='ocrx_word' id='word_1_215' title='bbox 1153 817 1231 843; x_wconf 87' lang='lat' dir='ltr'><strong>recta</strong></span> <span class='ocrx_word' id='word_1_216' title='bbox 1242 815 1336 852; x_wconf 82' lang='lat' dir='ltr'><strong>ﬁgura</strong></span> <span class='ocrx_word' id='word_1_217' title='bbox 1347 816 1429 852; x_wconf 85' lang='lat' dir='ltr'><strong>prius</strong></span> <span class='ocrx_word' id='word_1_218' title='bbox 1441 817 1477 844; x_wconf 83' lang='lat' dir='ltr'><strong>ab</strong></span> <span class='ocrx_word' id='word_1_219' title='bbox 1491 816 1603 844; x_wconf 86' lang='lat' dir='ltr'><strong>artiﬁce</strong></span> <span class='ocrx_word' id='word_1_220' title='bbox 1614 818 1767 851; x_wconf 88' lang='lat' dir='ltr'><strong>conﬂatur,</strong></span> 
     </span>
    </p>
   </div>
   <div class='ocr_carea' id='block_1_34' title="bbox 67 857 861 910">
    <p class='ocr_par' dir='ltr' id='par_1_34' title="bbox 67 857 861 910">
     <span class='ocr_line' id='line_1_34' title="bbox 67 857 861 910; baseline -0.006 -20"><span class='ocrx_word' id='word_1_221' title='bbox 67 861 143 901; x_wconf 74' lang='grc' dir='ltr'>χρείᾳ</span> <span class='ocrx_word' id='word_1_222' title='bbox 169 859 555 910; x_wconf 34' lang='grc' dir='ltr'>συσχηματιζόμενοςιοῶως</span> <span class='ocrx_word' id='word_1_223' title='bbox 571 859 585 886; x_wconf 84' lang='grc' dir='ltr'>ὁ</span> <span class='ocrx_word' id='word_1_224' title='bbox 600 859 650 893; x_wconf 77' lang='grc' dir='ltr'>τήν</span> <span class='ocrx_word' id='word_1_225' title='bbox 667 858 763 910; x_wconf 63' lang='grc' dir='ltr'>ἀρετὴν</span> <span class='ocrx_word' id='word_1_226' title='bbox 779 857 861 910; x_wconf 44' lang='lat' dir='ltr'><strong>fuit:</strong></span> 
     </span>
    </p>
   </div>
   <div class='ocr_carea' id='block_1_35' title="bbox 983 857 1769 910">
    <p class='ocr_par' dir='ltr' id='par_1_35' title="bbox 983 861 1769 891">
     <span class='ocr_line' id='line_1_35' title="bbox 983 861 1769 891; baseline 0.004 -3"><span class='ocrx_word' id='word_1_227' title='bbox 983 861 1044 889; x_wconf 12' lang='lat' dir='ltr'><strong>inde</strong></span> <span class='ocrx_word' id='word_1_228' title='bbox 1059 861 1089 889; x_wconf 91' lang='lat' dir='ltr'><strong>in</strong></span> <span class='ocrx_word' id='word_1_229' title='bbox 1104 861 1248 889; x_wconf 85' lang='lat' dir='ltr'><strong>circulum</strong></span> <span class='ocrx_word' id='word_1_230' title='bbox 1263 862 1488 890; x_wconf 82' lang='lat' dir='ltr'><strong>accommodate</strong></span> <span class='ocrx_word' id='word_1_231' title='bbox 1498 862 1534 890; x_wconf 87' lang='lat' dir='ltr'><strong>ad</strong></span> <span class='ocrx_word' id='word_1_232' title='bbox 1548 871 1635 890; x_wconf 86' lang='lat' dir='ltr'><strong>usum</strong></span> <span class='ocrx_word' id='word_1_233' title='bbox 1646 863 1769 891; x_wconf 83' lang='lat' dir='ltr'><strong>circum-</strong></span> 
     </span>
    </p>
   </div>
   <div class='ocr_carea' id='block_1_36' title="bbox 64 901 886 943">
    <p class='ocr_par' dir='ltr' id='par_1_36' title="bbox 64 901 886 943">
     <span class='ocr_line' id='line_1_36' title="bbox 64 901 886 943; baseline -0.006 -9"><span class='ocrx_word' id='word_1_234' title='bbox 64 907 231 934; x_wconf 67' lang='grc' dir='ltr'>ταπεινοῦται</span> <span class='ocrx_word' id='word_1_235' title='bbox 261 903 307 934; x_wconf 70' lang='grc' dir='ltr'><strong>διὸ</strong></span> <span class='ocrx_word' id='word_1_236' title='bbox 333 901 548 943; x_wconf 67' lang='grc' dir='ltr'>συγκαταϐασιν,</span> <span class='ocrx_word' id='word_1_237' title='bbox 579 903 667 941; x_wconf 81' lang='grc' dir='ltr'>ὀρθῶς</span> <span class='ocrx_word' id='word_1_238' title='bbox 695 901 732 930; x_wconf 81' lang='grc' dir='ltr'>ὣν</span> <span class='ocrx_word' id='word_1_239' title='bbox 760 902 801 938; x_wconf 80' lang='grc' dir='ltr'>τῷ</span> <span class='ocrx_word' id='word_1_240' title='bbox 834 901 886 940; x_wconf 86' lang='grc' dir='ltr'><strong>βίῳ</strong></span> 
     </span>
    </p>
   </div>
   <div class='ocr_carea' id='block_1_37' title="bbox 65 945 890 989">
    <p class='ocr_par' dir='ltr' id='par_1_37' title="bbox 65 945 890 989">
     <span class='ocr_line' id='line_1_37' title="bbox 65 945 890 989; baseline -0.005 -11"><span class='ocrx_word' id='word_1_241' title='bbox 65 951 106 978; x_wconf 84' lang='grc' dir='ltr'><strong>καὶ</strong></span> <span class='ocrx_word' id='word_1_242' title='bbox 134 950 168 984; x_wconf 75' lang='grc' dir='ltr'><strong><em>τῆ</em></strong></span> <span class='ocrx_word' id='word_1_243' title='bbox 197 949 414 989; x_wconf 78' lang='grc' dir='ltr'>μετριοφροσόνῃ</span> <span class='ocrx_word' id='word_1_244' title='bbox 440 948 651 985; x_wconf 82' lang='grc' dir='ltr'>καμπτόμενος.</span> <span class='ocrx_word' id='word_1_245' title='bbox 681 947 832 985; x_wconf 80' lang='grc' dir='ltr'>Τράχηλος</span> <span class='ocrx_word' id='word_1_246' title='bbox 860 945 890 974; x_wconf 77' lang='grc' dir='ltr'><strong>δὶ</strong></span> 
     </span>
    </p>
   </div>
   <div class='ocr_carea' id='block_1_38' title="bbox 63 991 888 1033">
    <p class='ocr_par' dir='ltr' id='par_1_38' title="bbox 63 991 888 1033">
     <span class='ocr_line' id='line_1_38' title="bbox 63 991 888 1033; baseline -0.004 -11"><span class='ocrx_word' id='word_1_247' title='bbox 63 992 296 1033; x_wconf 67' lang='grc' dir='ltr'>περιϐεϐλημένος</span> <span class='ocrx_word' id='word_1_248' title='bbox 320 995 369 1028; x_wconf 83' lang='grc' dir='ltr'><strong>τήν</strong></span> <span class='ocrx_word' id='word_1_249' title='bbox 407 992 678 1032; x_wconf 68' lang='grc' dir='ltr'>ταπεινοφροσύνηνξ,</span> <span class='ocrx_word' id='word_1_250' title='bbox 716 993 747 1019; x_wconf 88' lang='grc' dir='ltr'>τὸ</span> <span class='ocrx_word' id='word_1_251' title='bbox 776 991 888 1030; x_wconf 73' lang='grc' dir='ltr'>λογικόν</span> 
     </span>
    </p>
   </div>
   <div class='ocr_carea' id='block_1_39' title="bbox 63 1036 887 1077">
    <p class='ocr_par' dir='ltr' id='par_1_39' title="bbox 63 1036 887 1077">
     <span class='ocr_line' id='line_1_39' title="bbox 63 1036 887 1077; baseline -0.006 -9"><span class='ocrx_word' id='word_1_252' title='bbox 63 1040 116 1068; x_wconf 66' lang='grc' dir='ltr'>ἐστι</span> <span class='ocrx_word' id='word_1_253' title='bbox 130 1043 179 1075; x_wconf 84' lang='grc' dir='ltr'>τῆς</span> <span class='ocrx_word' id='word_1_254' title='bbox 193 1041 295 1077; x_wconf 75' lang='grc' dir='ltr'>ψυχῆς·</span> <span class='ocrx_word' id='word_1_255' title='bbox 313 1038 328 1066; x_wconf 83' lang='grc' dir='ltr'>ὅ</span> <span class='ocrx_word' id='word_1_256' title='bbox 351 1037 428 1074; x_wconf 83' lang='grc' dir='ltr'>δίκην</span> <span class='ocrx_word' id='word_1_257' title='bbox 452 1036 599 1076; x_wconf 77' lang='grc' dir='ltr'>τραχήλου</span> <span class='ocrx_word' id='word_1_258' title='bbox 627 1037 807 1067; x_wconf 76' lang='grc' dir='ltr'>συνάπτοντος</span> <span class='ocrx_word' id='word_1_259' title='bbox 837 1036 887 1070; x_wconf 84' lang='grc' dir='ltr'><strong>τήν</strong></span> 
     </span>
    </p>
   </div>
   <div class='ocr_carea' id='block_1_40' title="bbox 62 1081 889 1123">
    <p class='ocr_par' dir='ltr' id='par_1_40' title="bbox 62 1081 889 1123">
     <span class='ocr_line' id='line_1_40' title="bbox 62 1081 889 1123; baseline -0.005 -11"><span class='ocrx_word' id='word_1_260' title='bbox 62 1083 180 1123; x_wconf 73' lang='grc' dir='ltr'>κεφαλὴν</span> <span class='ocrx_word' id='word_1_261' title='bbox 210 1086 250 1120; x_wconf 85' lang='grc' dir='ltr'>τῷ</span> <span class='ocrx_word' id='word_1_262' title='bbox 280 1083 370 1119; x_wconf 80' lang='grc' dir='ltr'>λοιπῷ</span> <span class='ocrx_word' id='word_1_263' title='bbox 394 1083 512 1119; x_wconf 86' lang='grc' dir='ltr'>σώματι,</span> <span class='ocrx_word' id='word_1_264' title='bbox 544 1082 670 1110; x_wconf 68' lang='grc' dir='ltr'>συνάπτει</span> <span class='ocrx_word' id='word_1_265' title='bbox 698 1081 744 1109; x_wconf 84' lang='grc' dir='ltr'>τὸν</span> <span class='ocrx_word' id='word_1_266' title='bbox 767 1082 830 1108; x_wconf 81' lang='grc' dir='ltr'>νοῦν</span> <span class='ocrx_word' id='word_1_267' title='bbox 854 1082 889 1117; x_wconf 75' lang='grc' dir='ltr'><strong>τῇ</strong></span> 
     </span>
    </p>
   </div>
   <div class='ocr_carea' id='block_1_41' title="bbox 66 1126 889 1167">
    <p class='ocr_par' dir='ltr' id='par_1_41' title="bbox 66 1126 889 1167">
     <span class='ocr_line' id='line_1_41' title="bbox 66 1126 889 1167; baseline -0.005 -10"><span class='ocrx_word' id='word_1_268' title='bbox 66 1130 196 1165; x_wconf 70' lang='grc' dir='ltr'>αἰσθήσει,</span> <span class='ocrx_word' id='word_1_269' title='bbox 220 1128 285 1160; x_wconf 79' lang='grc' dir='ltr'>τοὺς</span> <span class='ocrx_word' id='word_1_270' title='bbox 319 1128 366 1165; x_wconf 74' lang='grc' dir='ltr'>μὲν</span> <span class='ocrx_word' id='word_1_271' title='bbox 389 1128 457 1155; x_wconf 82' lang='grc' dir='ltr'><strong>κατὸ</strong></span> <span class='ocrx_word' id='word_1_272' title='bbox 480 1129 541 1154; x_wconf 85' lang='grc' dir='ltr'>νοῦν</span> <span class='ocrx_word' id='word_1_273' title='bbox 571 1126 669 1165; x_wconf 83' lang='grc' dir='ltr'>λόγους</span> <span class='ocrx_word' id='word_1_274' title='bbox 693 1128 748 1154; x_wconf 76' lang='grc' dir='ltr'><strong>τῶν</strong></span> <span class='ocrx_word' id='word_1_275' title='bbox 775 1126 889 1167; x_wconf 61' lang='grc' dir='ltr'><strong>ιὲιρετίίινι</strong></span> 
     </span>
    </p>
   </div>
   <div class='ocr_carea' id='block_1_42' title="bbox 68 1169 889 1211">
    <p class='ocr_par' dir='ltr' id='par_1_42' title="bbox 68 1169 889 1211">
     <span class='ocr_line' id='line_1_42' title="bbox 68 1169 889 1211; baseline -0.006 -9"><span class='ocrx_word' id='word_1_276' title='bbox 68 1175 133 1202; x_wconf 77' lang='grc' dir='ltr'>κατὰ</span> <span class='ocrx_word' id='word_1_277' title='bbox 145 1173 210 1205; x_wconf 72' lang='grc' dir='ltr'>τοὺς</span> <span class='ocrx_word' id='word_1_278' title='bbox 235 1173 340 1201; x_wconf 84' lang='grc' dir='ltr'>τούτῶν</span> <span class='ocrx_word' id='word_1_279' title='bbox 360 1172 479 1211; x_wconf 85' lang='grc' dir='ltr'>τρόπους</span> <span class='ocrx_word' id='word_1_280' title='bbox 495 1171 609 1209; x_wconf 77' lang='grc' dir='ltr'>κατάγον</span> <span class='ocrx_word' id='word_1_281' title='bbox 637 1171 706 1209; x_wconf 85' lang='grc' dir='ltr'>πρὸς</span> <span class='ocrx_word' id='word_1_282' title='bbox 720 1172 771 1206; x_wconf 86' lang='grc' dir='ltr'><strong>τήν</strong></span> <span class='ocrx_word' id='word_1_283' title='bbox 794 1169 889 1205; x_wconf 68' lang='grc' dir='ltr'>αἴσθη-</span> 
     </span>
    </p>
   </div>
   <div class='ocr_carea' id='block_1_43' title="bbox 65 1214 890 1255">
    <p class='ocr_par' dir='ltr' id='par_1_43' title="bbox 65 1214 890 1255">
     <span class='ocr_line' id='line_1_43' title="bbox 65 1214 890 1255; baseline -0.007 -8"><span class='ocrx_word' id='word_1_284' title='bbox 65 1230 115 1253; x_wconf 88' lang='grc' dir='ltr'>σιν,</span> <span class='ocrx_word' id='word_1_285' title='bbox 142 1218 208 1250; x_wconf 82' lang='grc' dir='ltr'>τοὺς</span> <span class='ocrx_word' id='word_1_286' title='bbox 236 1216 265 1246; x_wconf 77' lang='grc' dir='ltr'><strong>δὶ</strong></span> <span class='ocrx_word' id='word_1_287' title='bbox 290 1216 411 1255; x_wconf 79' lang='grc' dir='ltr'>τρόπους</span> <span class='ocrx_word' id='word_1_288' title='bbox 426 1216 508 1245; x_wconf 85' lang='grc' dir='ltr'>πάλιν</span> <span class='ocrx_word' id='word_1_289' title='bbox 533 1216 622 1244; x_wconf 78' lang='grc' dir='ltr'>αὐτῶν</span> <span class='ocrx_word' id='word_1_290' title='bbox 638 1215 706 1243; x_wconf 83' lang='grc' dir='ltr'>κατᾶ</span> <span class='ocrx_word' id='word_1_291' title='bbox 734 1215 811 1250; x_wconf 51' lang='grc' dir='ltr'>τοὺςῖ</span> <span class='ocrx_word' id='word_1_292' title='bbox 823 1214 890 1242; x_wconf 88' lang='grc' dir='ltr'>τού-</span> 
     </span>
    </p>
   </div>
   <div class='ocr_carea' id='block_1_44' title="bbox 63 1259 889 1300">
    <p class='ocr_par' dir='ltr' id='par_1_44' title="bbox 63 1259 889 1300">
     <span class='ocr_line' id='line_1_44' title="bbox 63 1259 889 1300; baseline -0.007 -9"><span class='ocrx_word' id='word_1_293' title='bbox 63 1274 114 1291; x_wconf 86' lang='grc' dir='ltr'><strong>των</strong></span> <span class='ocrx_word' id='word_1_294' title='bbox 143 1262 242 1300; x_wconf 88' lang='grc' dir='ltr'>λόγους</span> <span class='ocrx_word' id='word_1_295' title='bbox 270 1261 369 1300; x_wconf 72' lang='grc' dir='ltr'>ἀνάγον</span> <span class='ocrx_word' id='word_1_296' title='bbox 399 1260 467 1297; x_wconf 72' lang='grc' dir='ltr'>πρὸς</span> <span class='ocrx_word' id='word_1_297' title='bbox 495 1262 568 1288; x_wconf 83' lang='grc' dir='ltr'><strong>νοῦν.</strong></span> <span class='ocrx_word' id='word_1_298' title='bbox 596 1261 631 1288; x_wconf 83' lang='grc' dir='ltr'><strong>’Ὀ</strong></span> <span class='ocrx_word' id='word_1_299' title='bbox 659 1260 705 1286; x_wconf 87' lang='grc' dir='ltr'>καὶ</span> <span class='ocrx_word' id='word_1_300' title='bbox 737 1259 889 1295; x_wconf 72' lang='grc' dir='ltr'>κάμπτεται</span> 
     </span>
    </p>
   </div>
   <div class='ocr_carea' id='block_1_45' title="bbox 63 1303 890 1345">
    <p class='ocr_par' dir='ltr' id='par_1_45' title="bbox 63 1303 890 1345">
     <span class='ocr_line' id='line_1_45' title="bbox 63 1303 890 1345; baseline -0.008 -9"><span class='ocrx_word' id='word_1_301' title='bbox 63 1307 107 1336; x_wconf 80' lang='grc' dir='ltr'>διὰ</span> <span class='ocrx_word' id='word_1_302' title='bbox 120 1306 378 1345; x_wconf 70' lang='grc' dir='ltr'>ταπεινοφροσύνην,</span> <span class='ocrx_word' id='word_1_303' title='bbox 394 1306 433 1342; x_wconf 78' lang='grc' dir='ltr'><strong>μὴ</strong></span> <span class='ocrx_word' id='word_1_304' title='bbox 458 1304 503 1332; x_wconf 81' lang='grc' dir='ltr'><strong>διὰ</strong></span> <span class='ocrx_word' id='word_1_305' title='bbox 527 1305 575 1340; x_wconf 73' lang='grc' dir='ltr'>τὴν</span> <span class='ocrx_word' id='word_1_306' title='bbox 601 1303 675 1339; x_wconf 79' lang='grc' dir='ltr'>ἀξίαν</span> <span class='ocrx_word' id='word_1_307' title='bbox 699 1303 890 1340; x_wconf 77' lang='grc' dir='ltr'>ἐπαιρόμενον,</span> 
     </span>
    </p>
   </div>
   <div class='ocr_carea' id='block_1_46' title="bbox 61 1347 890 1388">
    <p class='ocr_par' dir='ltr' id='par_1_46' title="bbox 61 1347 890 1388">
     <span class='ocr_line' id='line_1_46' title="bbox 61 1347 890 1388; baseline -0.007 -8"><span class='ocrx_word' id='word_1_308' title='bbox 61 1351 134 1380; x_wconf 73' lang='grc' dir='ltr'>ἀλλὰ</span> <span class='ocrx_word' id='word_1_309' title='bbox 149 1350 195 1379; x_wconf 75' lang='grc' dir='ltr'><strong>διὰ</strong></span> <span class='ocrx_word' id='word_1_310' title='bbox 218 1351 264 1378; x_wconf 86' lang='grc' dir='ltr'><strong>τὸν</strong></span> <span class='ocrx_word' id='word_1_311' title='bbox 294 1353 362 1388; x_wconf 78' lang='grc' dir='ltr'>χοῦν</span> <span class='ocrx_word' id='word_1_312' title='bbox 378 1347 608 1386; x_wconf 80' lang='grc' dir='ltr'>συστελλόμενον.</span> <span class='ocrx_word' id='word_1_313' title='bbox 638 1347 691 1376; x_wconf 86' lang='grc' dir='ltr'>Καὶ</span> <span class='ocrx_word' id='word_1_314' title='bbox 713 1347 785 1375; x_wconf 71' lang='grc' dir='ltr'>οὕτω</span> <span class='ocrx_word' id='word_1_315' title='bbox 799 1348 850 1381; x_wconf 81' lang='grc' dir='ltr'>τὴν</span> <span class='ocrx_word' id='word_1_316' title='bbox 863 1347 890 1382; x_wconf 77' lang='grc' dir='ltr'><strong>ἐξ</strong></span> 
     </span>
    </p>
   </div>
   <div class='ocr_carea' id='block_1_47' title="bbox 62 1391 890 1432">
    <p class='ocr_par' dir='ltr' id='par_1_47' title="bbox 62 1391 890 1432">
     <span class='ocr_line' id='line_1_47' title="bbox 62 1391 890 1432; baseline -0.007 -8"><span class='ocrx_word' id='word_1_317' title='bbox 62 1397 144 1424; x_wconf 73' lang='grc' dir='ltr'>ἐθνῶν</span> <span class='ocrx_word' id='word_1_318' title='bbox 177 1395 351 1431; x_wconf 79' lang='grc' dir='ltr'>Ἐκκλησίαν,</span> <span class='ocrx_word' id='word_1_319' title='bbox 385 1396 420 1432; x_wconf 78' lang='grc' dir='ltr'><strong>τῇ</strong></span> <span class='ocrx_word' id='word_1_320' title='bbox 457 1393 483 1429; x_wconf 70' lang='grc' dir='ltr'><strong>ἐξ</strong></span> <span class='ocrx_word' id='word_1_321' title='bbox 528 1392 639 1431; x_wconf 79' lang='grc' dir='ltr'>Ἰσραὴλ</span> <span class='ocrx_word' id='word_1_322' title='bbox 667 1391 812 1430; x_wconf 47' lang='grc' dir='ltr'>λὸμηγύρει</span> <span class='ocrx_word' id='word_1_323' title='bbox 835 1394 890 1419; x_wconf 83' lang='grc' dir='ltr'>τῶν</span> 
     </span>
    </p>
   </div>
   <div class='ocr_carea' id='block_1_48' title="bbox 64 1436 888 1477">
    <p class='ocr_par' dir='ltr' id='par_1_48' title="bbox 64 1436 888 1477">
     <span class='ocr_line' id='line_1_48' title="bbox 64 1436 888 1477; baseline -0.008 -8"><span class='ocrx_word' id='word_1_324' title='bbox 64 1440 225 1470; x_wconf 82' lang='grc' dir='ltr'>ἀποστόλων</span> <span class='ocrx_word' id='word_1_325' title='bbox 254 1439 383 1477; x_wconf 84' lang='grc' dir='ltr'>ὡμοίωσε</span> <span class='ocrx_word' id='word_1_326' title='bbox 414 1438 458 1466; x_wconf 81' lang='grc' dir='ltr'><strong>διὰ</strong></span> <span class='ocrx_word' id='word_1_327' title='bbox 485 1441 536 1473; x_wconf 82' lang='grc' dir='ltr'><strong>τῆς</strong></span> <span class='ocrx_word' id='word_1_328' title='bbox 565 1438 603 1469; x_wconf 75' lang='grc' dir='ltr'>εἱς</span> <span class='ocrx_word' id='word_1_329' title='bbox 635 1437 716 1465; x_wconf 79' lang='grc' dir='ltr'>αὐτὸν</span> <span class='ocrx_word' id='word_1_330' title='bbox 743 1436 888 1467; x_wconf 82' lang='grc' dir='ltr'>πίστεωςὸ</span> 
     </span>
    </p>
   </div>
   <div class='ocr_carea' id='block_1_49' title="bbox 63 1482 888 1525">
    <p class='ocr_par' dir='ltr' id='par_1_49' title="bbox 63 1482 888 1525">
     <span class='ocr_line' id='line_1_49' title="bbox 63 1482 888 1525; baseline -0.007 -12"><span class='ocrx_word' id='word_1_331' title='bbox 63 1486 180 1525; x_wconf 82' lang='grc' dir='ltr'>νυμφίος</span> <span class='ocrx_word' id='word_1_332' title='bbox 205 1485 305 1520; x_wconf 83' lang='grc' dir='ltr'>ταύτης</span> <span class='ocrx_word' id='word_1_333' title='bbox 334 1484 470 1521; x_wconf 86' lang='grc' dir='ltr'>Χριστός·</span> <span class='ocrx_word' id='word_1_334' title='bbox 500 1483 531 1511; x_wconf 82' lang='grc' dir='ltr'>τὸ</span> <span class='ocrx_word' id='word_1_335' title='bbox 568 1482 696 1520; x_wconf 76' lang='grc' dir='ltr'>τριμερὶς</span> <span class='ocrx_word' id='word_1_336' title='bbox 721 1484 772 1516; x_wconf 85' lang='grc' dir='ltr'><strong>τῆς</strong></span> <span class='ocrx_word' id='word_1_337' title='bbox 795 1482 888 1518; x_wconf 79' lang='grc' dir='ltr'>ψυχῆς</span> 
     </span>
    </p>
   </div>
   <div class='ocr_carea' id='block_1_50' title="bbox 61 1525 887 1568">
    <p class='ocr_par' dir='ltr' id='par_1_50' title="bbox 61 1525 887 1568">
     <span class='ocr_line' id='line_1_50' title="bbox 61 1525 887 1568; baseline -0.007 -10"><span class='ocrx_word' id='word_1_338' title='bbox 61 1530 96 1558; x_wconf 84' lang='grc' dir='ltr'>δι’</span> <span class='ocrx_word' id='word_1_339' title='bbox 125 1529 281 1568; x_wconf 61' lang='grc' dir='ltr'>ἐγκρατείας</span> <span class='ocrx_word' id='word_1_340' title='bbox 308 1529 353 1557; x_wconf 81' lang='grc' dir='ltr'><strong>καὶ</strong></span> <span class='ocrx_word' id='word_1_341' title='bbox 389 1529 531 1565; x_wconf 77' lang='grc' dir='ltr'>ὑπομονῆς</span> <span class='ocrx_word' id='word_1_342' title='bbox 564 1527 610 1555; x_wconf 83' lang='grc' dir='ltr'><strong>καὶ</strong></span> <span class='ocrx_word' id='word_1_343' title='bbox 638 1525 887 1564; x_wconf 77' lang='grc' dir='ltr'>ταπεινοφροσύνης</span> 
     </span>
    </p>
   </div>
   <div class='ocr_carea' id='block_1_51' title="bbox 945 904 1772 942">
    <p class='ocr_par' dir='ltr' id='par_1_51' title="bbox 945 904 1772 942">
     <span class='ocr_line' id='line_1_51' title="bbox 945 904 1772 942; baseline 0.005 -10"><span class='ocrx_word' id='word_1_344' title='bbox 945 904 1093 933; x_wconf 89' lang='lat' dir='ltr'><strong>ﬂectitur:</strong></span> <span class='ocrx_word' id='word_1_345' title='bbox 1112 905 1154 934; x_wconf 84' lang='lat' dir='ltr'><strong>sic</strong></span> <span class='ocrx_word' id='word_1_346' title='bbox 1170 905 1257 933; x_wconf 90' lang='lat' dir='ltr'><strong>homo</strong></span> <span class='ocrx_word' id='word_1_347' title='bbox 1272 905 1379 934; x_wconf 87' lang='lat' dir='ltr'><strong>virtute</strong></span> <span class='ocrx_word' id='word_1_348' title='bbox 1395 906 1624 942; x_wconf 84' lang='lat' dir='ltr'><strong>perfectus,cum</strong></span> <span class='ocrx_word' id='word_1_349' title='bbox 1636 907 1772 936; x_wconf 84' lang='lat' dir='ltr'><strong>absoluta</strong></span> 
     </span>
    </p>
   </div>
   <div class='ocr_carea' id='block_1_52' title="bbox 943 949 1770 988">
    <p class='ocr_par' dir='ltr' id='par_1_52' title="bbox 943 949 1770 988">
     <span class='ocr_line' id='line_1_52' title="bbox 943 949 1770 988; baseline 0.005 -11"><span class='ocrx_word' id='word_1_350' title='bbox 943 949 1008 977; x_wconf 72' lang='lat' dir='ltr'><strong>vita:</strong></span> <span class='ocrx_word' id='word_1_351' title='bbox 1028 950 1229 978; x_wconf 81' lang='lat' dir='ltr'><strong>moderatione</strong></span> <span class='ocrx_word' id='word_1_352' title='bbox 1249 952 1347 978; x_wconf 88' lang='lat' dir='ltr'><strong>rectus</strong></span> <span class='ocrx_word' id='word_1_353' title='bbox 1362 950 1411 983; x_wconf 87' lang='lat' dir='ltr'><strong>sit,</strong></span> <span class='ocrx_word' id='word_1_354' title='bbox 1428 950 1540 979; x_wconf 68' lang='lat' dir='ltr'><strong>ceteris</strong></span> <span class='ocrx_word' id='word_1_355' title='bbox 1563 952 1770 988; x_wconf 85' lang='lat' dir='ltr'><strong>compatiendo</strong></span> 
     </span>
    </p>
   </div>
   <div class='ocr_carea' id='block_1_53' title="bbox 944 994 1770 1032">
    <p class='ocr_par' dir='ltr' id='par_1_53' title="bbox 944 994 1770 1032">
     <span class='ocr_line' id='line_1_53' title="bbox 944 994 1770 1032; baseline 0.005 -11"><span class='ocrx_word' id='word_1_356' title='bbox 944 1002 996 1030; x_wconf 89' lang='lat' dir='ltr'><strong>per</strong></span> <span class='ocrx_word' id='word_1_357' title='bbox 1010 994 1206 1023; x_wconf 83' lang='lat' dir='ltr'><strong>humilitatem</strong></span> <span class='ocrx_word' id='word_1_358' title='bbox 1224 995 1350 1023; x_wconf 87' lang='lat' dir='ltr'><strong>ﬂectitur</strong></span> <span class='ocrx_word' id='word_1_359' title='bbox 1369 997 1457 1032; x_wconf 87' lang='lat' dir='ltr'><strong>atque</strong></span> <span class='ocrx_word' id='word_1_360' title='bbox 1472 996 1646 1024; x_wconf 85' lang='lat' dir='ltr'><strong>demittitur.</strong></span> <span class='ocrx_word' id='word_1_361' title='bbox 1657 998 1694 1024; x_wconf 80' lang='lat' dir='ltr'><strong>At</strong></span> <span class='ocrx_word' id='word_1_362' title='bbox 1709 997 1770 1025; x_wconf 84' lang='lat' dir='ltr'><strong>col-</strong></span> 
     </span>
    </p>
   </div>
   <div class='ocr_carea' id='block_1_54' title="bbox 944 1038 1770 1077">
    <p class='ocr_par' dir='ltr' id='par_1_54' title="bbox 944 1038 1770 1077">
     <span class='ocr_line' id='line_1_54' title="bbox 944 1038 1770 1077; baseline 0.004 -11"><span class='ocrx_word' id='word_1_363' title='bbox 944 1038 1005 1066; x_wconf 91' lang='lat' dir='ltr'><strong>lum</strong></span> <span class='ocrx_word' id='word_1_364' title='bbox 1022 1039 1189 1068; x_wconf 80' lang='lat' dir='ltr'><strong>humilitate</strong></span> <span class='ocrx_word' id='word_1_365' title='bbox 1199 1039 1427 1074; x_wconf 83' lang='lat' dir='ltr'><strong>circumdatum,</strong></span> <span class='ocrx_word' id='word_1_366' title='bbox 1438 1042 1482 1068; x_wconf 89' lang='lat' dir='ltr'><strong>est</strong></span> <span class='ocrx_word' id='word_1_367' title='bbox 1499 1040 1588 1068; x_wconf 87' lang='lat' dir='ltr'><strong>animi</strong></span> <span class='ocrx_word' id='word_1_368' title='bbox 1604 1041 1678 1069; x_wconf 86' lang='lat' dir='ltr'><strong>ratio</strong></span> <span class='ocrx_word' id='word_1_369' title='bbox 1694 1050 1770 1077; x_wconf 73' lang='lat' dir='ltr'><strong>quae,</strong></span> 
     </span>
    </p>
   </div>
   <div class='ocr_carea' id='block_1_55' title="bbox 944 1083 1774 1122">
    <p class='ocr_par' dir='ltr' id='par_1_55' title="bbox 944 1083 1774 1122">
     <span class='ocr_line' id='line_1_55' title="bbox 944 1083 1774 1122; baseline 0.004 -11"><span class='ocrx_word' id='word_1_370' title='bbox 944 1085 976 1111; x_wconf 88' lang='lat' dir='ltr'><strong>ut</strong></span> <span class='ocrx_word' id='word_1_371' title='bbox 991 1083 1098 1112; x_wconf 85' lang='lat' dir='ltr'><strong>collum</strong></span> <span class='ocrx_word' id='word_1_372' title='bbox 1115 1083 1227 1119; x_wconf 89' lang='lat' dir='ltr'><strong>reliquo</strong></span> <span class='ocrx_word' id='word_1_373' title='bbox 1240 1085 1354 1119; x_wconf 87' lang='lat' dir='ltr'><strong>corpori</strong></span> <span class='ocrx_word' id='word_1_374' title='bbox 1371 1089 1460 1120; x_wconf 79' lang='lat' dir='ltr'><strong>caput</strong></span> <span class='ocrx_word' id='word_1_375' title='bbox 1473 1086 1635 1121; x_wconf 86' lang='lat' dir='ltr'><strong>conjungit,</strong></span> <span class='ocrx_word' id='word_1_376' title='bbox 1652 1086 1694 1114; x_wconf 87' lang='lat' dir='ltr'><strong>sic</strong></span> <span class='ocrx_word' id='word_1_377' title='bbox 1709 1087 1774 1122; x_wconf 86' lang='lat' dir='ltr'><strong>ipsa</strong></span> 
     </span>
    </p>
   </div>
   <div class='ocr_carea' id='block_1_56' title="bbox 945 1129 1769 1158">
    <p class='ocr_par' dir='ltr' id='par_1_56' title="bbox 945 1129 1769 1158">
     <span class='ocr_line' id='line_1_56' title="bbox 945 1129 1769 1158; baseline 0.002 -2"><span class='ocrx_word' id='word_1_378' title='bbox 945 1130 1075 1156; x_wconf 91' lang='lat' dir='ltr'><strong>mentem</strong></span> <span class='ocrx_word' id='word_1_379' title='bbox 1087 1137 1153 1156; x_wconf 92' lang='lat' dir='ltr'><strong>cum</strong></span> <span class='ocrx_word' id='word_1_380' title='bbox 1167 1129 1304 1157; x_wconf 82' lang='lat' dir='ltr'><strong>sensibus</strong></span> <span class='ocrx_word' id='word_1_381' title='bbox 1317 1129 1464 1157; x_wconf 88' lang='lat' dir='ltr'><strong>connectit</strong></span> <span class='ocrx_word' id='word_1_382' title='bbox 1478 1137 1484 1156; x_wconf 91' lang='lat'><strong>:</strong></span> <span class='ocrx_word' id='word_1_383' title='bbox 1496 1130 1567 1157; x_wconf 93' lang='lat' dir='ltr'><strong>dum</strong></span> <span class='ocrx_word' id='word_1_384' title='bbox 1579 1138 1613 1157; x_wconf 77' lang='lat' dir='ltr'><strong>ex</strong></span> <span class='ocrx_word' id='word_1_385' title='bbox 1629 1131 1769 1158; x_wconf 90' lang='lat' dir='ltr'><strong>virtutum</strong></span> 
     </span>
    </p>
   </div>
   <div class='ocr_carea' id='block_1_57' title="bbox 945 1173 1773 1211">
    <p class='ocr_par' dir='ltr' id='par_1_57' title="bbox 945 1173 1773 1211">
     <span class='ocr_line' id='line_1_57' title="bbox 945 1173 1773 1211; baseline 0.004 -11"><span class='ocrx_word' id='word_1_386' title='bbox 945 1173 1048 1200; x_wconf 88' lang='lat' dir='ltr'><strong>habitu</strong></span> <span class='ocrx_word' id='word_1_387' title='bbox 1075 1175 1202 1201; x_wconf 87' lang='lat' dir='ltr'><strong>mentem</strong></span> <span class='ocrx_word' id='word_1_388' title='bbox 1233 1181 1284 1209; x_wconf 89' lang='lat' dir='ltr'><strong>per</strong></span> <span class='ocrx_word' id='word_1_389' title='bbox 1307 1173 1437 1201; x_wconf 83' lang='lat' dir='ltr'><strong>actiones</strong></span> <span class='ocrx_word' id='word_1_390' title='bbox 1460 1174 1597 1202; x_wconf 89' lang='lat' dir='ltr'><strong>sensibus</strong></span> <span class='ocrx_word' id='word_1_391' title='bbox 1622 1174 1773 1211; x_wconf 85' lang='lat' dir='ltr'><strong>applicat:</strong></span> 
     </span>
    </p>
   </div>
   <div class='ocr_carea' id='block_1_58' title="bbox 945 1218 1774 1255">
    <p class='ocr_par' dir='ltr' id='par_1_58' title="bbox 945 1218 1774 1255">
     <span class='ocr_line' id='line_1_58' title="bbox 945 1218 1774 1255; baseline 0.004 -10"><span class='ocrx_word' id='word_1_392' title='bbox 945 1225 1112 1253; x_wconf 87' lang='lat' dir='ltr'><strong>sensusque</strong></span> <span class='ocrx_word' id='word_1_393' title='bbox 1127 1226 1244 1245; x_wconf 82' lang='lat' dir='ltr'><strong>rursum</strong></span> <span class='ocrx_word' id='word_1_394' title='bbox 1255 1226 1290 1246; x_wconf 88' lang='lat' dir='ltr'><strong>ex</strong></span> <span class='ocrx_word' id='word_1_395' title='bbox 1304 1218 1448 1246; x_wconf 86' lang='lat' dir='ltr'><strong>virtutum</strong></span> <span class='ocrx_word' id='word_1_396' title='bbox 1460 1219 1629 1255; x_wconf 67' lang='lat' dir='ltr'><strong>prescripto</strong></span> <span class='ocrx_word' id='word_1_397' title='bbox 1640 1220 1676 1247; x_wconf 89' lang='lat' dir='ltr'><strong>ad</strong></span> <span class='ocrx_word' id='word_1_398' title='bbox 1693 1228 1774 1248; x_wconf 88' lang='lat' dir='ltr'><strong>men-</strong></span> 
     </span>
    </p>
   </div>
   <div class='ocr_carea' id='block_1_59' title="bbox 944 1262 1774 1298">
    <p class='ocr_par' dir='ltr' id='par_1_59' title="bbox 944 1262 1774 1298">
     <span class='ocr_line' id='line_1_59' title="bbox 944 1262 1774 1298; baseline 0.004 -9"><span class='ocrx_word' id='word_1_399' title='bbox 944 1265 1004 1290; x_wconf 85' lang='lat' dir='ltr'><strong>tem</strong></span> <span class='ocrx_word' id='word_1_400' title='bbox 1020 1263 1144 1290; x_wconf 88' lang='lat' dir='ltr'><strong>reducit.</strong></span> <span class='ocrx_word' id='word_1_401' title='bbox 1162 1262 1301 1290; x_wconf 81' lang='lat' dir='ltr'><strong>Flectitur</strong></span> <span class='ocrx_word' id='word_1_402' title='bbox 1324 1262 1393 1290; x_wconf 86' lang='lat' dir='ltr'><strong>item</strong></span> <span class='ocrx_word' id='word_1_403' title='bbox 1409 1270 1462 1298; x_wconf 87' lang='lat' dir='ltr'><strong>per</strong></span> <span class='ocrx_word' id='word_1_404' title='bbox 1476 1262 1686 1297; x_wconf 85' lang='lat' dir='ltr'><strong>humilitatem,</strong></span> <span class='ocrx_word' id='word_1_405' title='bbox 1703 1264 1774 1292; x_wconf 91' lang='lat' dir='ltr'><strong>dum</strong></span> 
     </span>
    </p>
   </div>
   <div class='ocr_carea' id='block_1_60' title="bbox 945 1306 1774 1344">
    <p class='ocr_par' dir='ltr' id='par_1_60' title="bbox 945 1306 1774 1344">
     <span class='ocr_line' id='line_1_60' title="bbox 945 1306 1774 1344; baseline 0.002 -10"><span class='ocrx_word' id='word_1_406' title='bbox 945 1314 1004 1334; x_wconf 89' lang='lat' dir='ltr'><strong>non</strong></span> <span class='ocrx_word' id='word_1_407' title='bbox 1020 1315 1054 1334; x_wconf 80' lang='lat' dir='ltr'><strong>ex</strong></span> <span class='ocrx_word' id='word_1_408' title='bbox 1070 1307 1187 1342; x_wconf 90' lang='lat' dir='ltr'><strong>propria</strong></span> <span class='ocrx_word' id='word_1_409' title='bbox 1197 1306 1347 1335; x_wconf 88' lang='lat' dir='ltr'><strong>extollitur</strong></span> <span class='ocrx_word' id='word_1_410' title='bbox 1357 1307 1501 1342; x_wconf 79' lang='lat' dir='ltr'><strong>dignitate</strong></span> <span class='ocrx_word' id='word_1_411' title='bbox 1514 1315 1520 1334; x_wconf 91' lang='lat'>:</span> <span class='ocrx_word' id='word_1_412' title='bbox 1533 1308 1583 1335; x_wconf 89' lang='lat' dir='ltr'><strong>sed</strong></span> <span class='ocrx_word' id='word_1_413' title='bbox 1595 1316 1630 1335; x_wconf 83' lang='lat' dir='ltr'><strong>ex</strong></span> <span class='ocrx_word' id='word_1_414' title='bbox 1645 1308 1774 1344; x_wconf 86' lang='lat' dir='ltr'><strong>pulveris</strong></span> 
     </span>
    </p>
   </div>
   <div class='ocr_carea' id='block_1_61' title="bbox 945 1350 1776 1387">
    <p class='ocr_par' dir='ltr' id='par_1_61' title="bbox 945 1350 1776 1387">
     <span class='ocr_line' id='line_1_61' title="bbox 945 1350 1776 1387; baseline 0.002 -9"><span class='ocrx_word' id='word_1_415' title='bbox 945 1359 977 1378; x_wconf 85' lang='lat' dir='ltr'><strong>ac</strong></span> <span class='ocrx_word' id='word_1_416' title='bbox 1002 1351 1130 1379; x_wconf 66' lang='lat' dir='ltr'><strong>materiis</strong></span> <span class='ocrx_word' id='word_1_417' title='bbox 1155 1351 1318 1387; x_wconf 74' lang='lat' dir='ltr'><strong>objections</strong></span> <span class='ocrx_word' id='word_1_418' title='bbox 1342 1350 1517 1379; x_wconf 77' lang='lat' dir='ltr'><strong>demittitur.</strong></span> <span class='ocrx_word' id='word_1_419' title='bbox 1534 1352 1586 1379; x_wconf 88' lang='lat' dir='ltr'><strong>His</strong></span> <span class='ocrx_word' id='word_1_420' title='bbox 1611 1352 1776 1380; x_wconf 86' lang='lat' dir='ltr'><strong>rationibus</strong></span> 
     </span>
    </p>
   </div>
   <div class='ocr_carea' id='block_1_62' title="bbox 945 1395 1776 1432">
    <p class='ocr_par' dir='ltr' id='par_1_62' title="bbox 945 1395 1776 1432">
     <span class='ocr_line' id='line_1_62' title="bbox 945 1395 1776 1432; baseline 0.004 -9"><span class='ocrx_word' id='word_1_421' title='bbox 945 1395 1104 1423; x_wconf 77' lang='lat' dir='ltr'><strong>Ecclesium</strong></span> <span class='ocrx_word' id='word_1_422' title='bbox 1125 1403 1160 1423; x_wconf 87' lang='lat' dir='ltr'><strong>ex</strong></span> <span class='ocrx_word' id='word_1_423' title='bbox 1185 1395 1324 1431; x_wconf 78' lang='lat' dir='ltr'><strong>gentibus</strong></span> <span class='ocrx_word' id='word_1_424' title='bbox 1347 1400 1476 1424; x_wconf 86' lang='lat' dir='ltr'><strong>coactam</strong></span> <span class='ocrx_word' id='word_1_425' title='bbox 1502 1404 1553 1432; x_wconf 91' lang='lat' dir='ltr'><strong>per</strong></span> <span class='ocrx_word' id='word_1_426' title='bbox 1576 1396 1664 1425; x_wconf 82' lang='lat' dir='ltr'><strong>ﬁdem</strong></span> <span class='ocrx_word' id='word_1_427' title='bbox 1689 1397 1719 1425; x_wconf 90' lang='lat' dir='ltr'><strong>in</strong></span> <span class='ocrx_word' id='word_1_428' title='bbox 1745 1406 1776 1426; x_wconf 84' lang='lat' dir='ltr'><strong>se</strong></span> 
     </span>
    </p>
   </div>
   <div class='ocr_carea' id='block_1_63' title="bbox 944 1439 1771 1476">
    <p class='ocr_par' dir='ltr' id='par_1_63' title="bbox 944 1439 1771 1476">
     <span class='ocr_line' id='line_1_63' title="bbox 944 1439 1771 1476; baseline 0.002 -9"><span class='ocrx_word' id='word_1_429' title='bbox 944 1448 1073 1476; x_wconf 87' lang='lat' dir='ltr'><strong>sponsus</strong></span> <span class='ocrx_word' id='word_1_430' title='bbox 1102 1440 1197 1475; x_wconf 86' lang='lat' dir='ltr'><strong>ipsius</strong></span> <span class='ocrx_word' id='word_1_431' title='bbox 1221 1439 1371 1474; x_wconf 81' lang='lat' dir='ltr'><strong>Christus,</strong></span> <span class='ocrx_word' id='word_1_432' title='bbox 1396 1440 1596 1475; x_wconf 87' lang='lat' dir='ltr'><strong>apostolorum</strong></span> <span class='ocrx_word' id='word_1_433' title='bbox 1620 1441 1705 1469; x_wconf 69' lang='lat' dir='ltr'><strong>cmtui</strong></span> <span class='ocrx_word' id='word_1_434' title='bbox 1736 1451 1771 1470; x_wconf 82' lang='lat' dir='ltr'><strong>ex</strong></span> 
     </span>
    </p>
   </div>
   <div class='ocr_carea' id='block_1_64' title="bbox 944 1483 1773 1522">
    <p class='ocr_par' dir='ltr' id='par_1_64' title="bbox 944 1483 1773 1522">
     <span class='ocr_line' id='line_1_64' title="bbox 944 1483 1773 1522; baseline 0.002 -10"><span class='ocrx_word' id='word_1_435' title='bbox 944 1484 1034 1512; x_wconf 85' lang='lat' dir='ltr'><strong>lsrael</strong></span> <span class='ocrx_word' id='word_1_436' title='bbox 1059 1483 1233 1512; x_wconf 85' lang='lat' dir='ltr'><strong>assimilavit</strong></span> <span class='ocrx_word' id='word_1_437' title='bbox 1256 1493 1263 1512; x_wconf 90' lang='lat'>:</span> <span class='ocrx_word' id='word_1_438' title='bbox 1288 1484 1435 1520; x_wconf 89' lang='lat' dir='ltr'><strong>triplicem</strong></span> <span class='ocrx_word' id='word_1_439' title='bbox 1464 1485 1554 1513; x_wconf 90' lang='lat' dir='ltr'><strong>animi</strong></span> <span class='ocrx_word' id='word_1_440' title='bbox 1581 1488 1696 1522; x_wconf 88' lang='lat' dir='ltr'><strong>partem</strong></span> <span class='ocrx_word' id='word_1_441' title='bbox 1721 1494 1773 1522; x_wconf 87' lang='lat' dir='ltr'><strong>per</strong></span> 
     </span>
    </p>
   </div>
   <div class='ocr_carea' id='block_1_65' title="bbox 942 1529 1773 1565">
    <p class='ocr_par' dir='ltr' id='par_1_65' title="bbox 942 1529 1773 1565">
     <span class='ocr_line' id='line_1_65' title="bbox 942 1529 1773 1565; baseline 0.004 -9"><span class='ocrx_word' id='word_1_442' title='bbox 942 1529 1152 1557; x_wconf 90' lang='lat' dir='ltr'><strong>continentiam</strong></span> <span class='ocrx_word' id='word_1_443' title='bbox 1161 1532 1190 1556; x_wconf 89' lang='lat' dir='ltr'><strong>et</strong></span> <span class='ocrx_word' id='word_1_444' title='bbox 1205 1529 1376 1565; x_wconf 84' lang='lat' dir='ltr'><strong>patientiam</strong></span> <span class='ocrx_word' id='word_1_445' title='bbox 1386 1531 1414 1557; x_wconf 88' lang='lat' dir='ltr'><strong>et</strong></span> <span class='ocrx_word' id='word_1_446' title='bbox 1426 1529 1633 1564; x_wconf 84' lang='lat' dir='ltr'><strong>humilitatem,</strong></span> <span class='ocrx_word' id='word_1_447' title='bbox 1646 1539 1680 1559; x_wconf 80' lang='lat' dir='ltr'><strong>ex</strong></span> <span class='ocrx_word' id='word_1_448' title='bbox 1692 1533 1773 1559; x_wconf 86' lang='lat' dir='ltr'><strong>statu</strong></span> 
     </span>
    </p>
   </div>
   <div class='ocr_carea' id='block_1_66' title="bbox 60 1566 861 1612">
    <p class='ocr_par' dir='ltr' id='par_1_66' title="bbox 60 1566 861 1612">
     <span class='ocr_line' id='line_1_66' title="bbox 60 1566 861 1612; baseline -0.009 -8"><span class='ocrx_word' id='word_1_449' title='bbox 60 1576 91 1604; x_wconf 72' lang='grc' dir='ltr'>ὶκ</span> <span class='ocrx_word' id='word_1_450' title='bbox 125 1566 180 1604; x_wconf 15' lang='grc' dir='ltr'><strong>τοῦή</strong></span> <span class='ocrx_word' id='word_1_451' title='bbox 212 1574 285 1612; x_wconf 71' lang='grc' dir='ltr'>παρὰ</span> <span class='ocrx_word' id='word_1_452' title='bbox 323 1573 402 1612; x_wconf 85' lang='grc' dir='ltr'>φύσιν</span> <span class='ocrx_word' id='word_1_453' title='bbox 438 1573 507 1610; x_wconf 87' lang='grc' dir='ltr'>πρὸς</span> <span class='ocrx_word' id='word_1_454' title='bbox 543 1572 574 1600; x_wconf 83' lang='grc' dir='ltr'><strong>τδ</strong></span> <span class='ocrx_word' id='word_1_455' title='bbox 603 1571 672 1599; x_wconf 73' lang='grc' dir='ltr'>κατὰ</span> <span class='ocrx_word' id='word_1_456' title='bbox 699 1571 777 1610; x_wconf 81' lang='grc' dir='ltr'>φύσιν</span> <span class='ocrx_word' id='word_1_457' title='bbox 807 1569 861 1598; x_wconf 72' lang='grc' dir='ltr'>ἰπα·</span> 
     </span>
    </p>
   </div>
   <div class='ocr_carea' id='block_1_67' title="bbox 983 1566 1773 1612">
    <p class='ocr_par' dir='ltr' id='par_1_67' title="bbox 985 1573 1773 1611">
     <span class='ocr_line' id='line_1_67' title="bbox 985 1573 1773 1611; baseline 0.004 -10"><span class='ocrx_word' id='word_1_458' title='bbox 985 1576 1056 1601; x_wconf 78' lang='lat' dir='ltr'><strong>turea</strong></span> <span class='ocrx_word' id='word_1_459' title='bbox 1071 1573 1217 1601; x_wconf 86' lang='lat' dir='ltr'><strong>contrario</strong></span> <span class='ocrx_word' id='word_1_460' title='bbox 1230 1574 1266 1601; x_wconf 88' lang='lat' dir='ltr'><strong>ad</strong></span> <span class='ocrx_word' id='word_1_461' title='bbox 1282 1573 1417 1602; x_wconf 87' lang='lat' dir='ltr'><strong>habitum</strong></span> <span class='ocrx_word' id='word_1_462' title='bbox 1435 1576 1545 1602; x_wconf 60' lang='lat' dir='ltr'><strong>natura;</strong></span> <span class='ocrx_word' id='word_1_463' title='bbox 1562 1578 1773 1611; x_wconf 77' lang='lat' dir='ltr'><strong>congruentem</strong></span> 
     </span>
    </p>
   </div>
   <div class='ocr_carea' id='block_1_68' title="bbox 57 1614 891 1658">
    <p class='ocr_par' dir='ltr' id='par_1_68' title="bbox 57 1614 891 1658">
     <span class='ocr_line' id='line_1_68' title="bbox 57 1614 891 1658; baseline -0.008 -10"><span class='ocrx_word' id='word_1_464' title='bbox 57 1620 182 1658; x_wconf 81' lang='grc' dir='ltr'>αγαγὼν,</span> <span class='ocrx_word' id='word_1_465' title='bbox 205 1619 251 1647; x_wconf 74' lang='grc' dir='ltr'>καὶ</span> <span class='ocrx_word' id='word_1_466' title='bbox 279 1617 439 1654; x_wconf 79' lang='grc' dir='ltr'>ἀπαλλάξας</span> <span class='ocrx_word' id='word_1_467' title='bbox 469 1620 519 1652; x_wconf 88' lang='grc' dir='ltr'><strong>τῆς</strong></span> <span class='ocrx_word' id='word_1_468' title='bbox 551 1615 596 1644; x_wconf 70' lang='grc' dir='ltr'>διὰ</span> <span class='ocrx_word' id='word_1_469' title='bbox 624 1616 674 1650; x_wconf 85' lang='grc' dir='ltr'><strong>τήν</strong></span> <span class='ocrx_word' id='word_1_470' title='bbox 704 1614 830 1643; x_wconf 79' lang='grc' dir='ltr'>ἀπιστίαν</span> <span class='ocrx_word' id='word_1_471' title='bbox 846 1625 891 1652; x_wconf 71' lang='grc' dir='ltr'>μεε</span> 
     </span>
    </p>
   </div>
   <div class='ocr_carea' id='block_1_69' title="bbox 58 1665 223 1699">
    <p class='ocr_par' dir='ltr' id='par_1_69' title="bbox 58 1665 223 1699">
     <span class='ocr_line' id='line_1_69' title="bbox 58 1665 223 1699; baseline 0 -7"><span class='ocrx_word' id='word_1_472' title='bbox 58 1665 223 1699; x_wconf 83' lang='grc' dir='ltr'>λανότητος.</span> 
     </span>
    </p>
   </div>
   <div class='ocr_carea' id='block_1_70' title="bbox 347 1715 603 1754">
    <p class='ocr_par' dir='ltr' id='par_1_70' title="bbox 347 1715 603 1754">
     <span class='ocr_line' id='line_1_70' title="bbox 347 1715 603 1754; baseline -0.008 -10"><span class='ocrx_word' id='word_1_473' title='bbox 347 1718 403 1744; x_wconf 78' lang='grc' dir='ltr'><strong>Τῶν</strong></span> <span class='ocrx_word' id='word_1_474' title='bbox 425 1719 447 1754; x_wconf 70' lang='grc' dir='ltr'><strong>γ</strong></span> <span class='ocrx_word' id='word_1_475' title='bbox 467 1715 603 1753; x_wconf 73' lang='grc' dir='ltr'>Πατάρων.</span> 
     </span>
    </p>
   </div>
   <div class='ocr_carea' id='block_1_71' title="bbox 95 1758 890 1800">
    <p class='ocr_par' dir='ltr' id='par_1_71' title="bbox 95 1758 890 1800">
     <span class='ocr_line' id='line_1_71' title="bbox 95 1758 890 1800; baseline -0.006 -9"><span class='ocrx_word' id='word_1_476' title='bbox 95 1763 132 1791; x_wconf 77' lang='lat' dir='ltr'><strong>Oi.</strong></span> <span class='ocrx_word' id='word_1_477' title='bbox 162 1761 190 1790; x_wconf 73' lang='grc' dir='ltr'><strong>δὶ</strong></span> <span class='ocrx_word' id='word_1_478' title='bbox 218 1762 267 1790; x_wconf 79' lang='grc' dir='ltr'><strong>τοῦ</strong></span> <span class='ocrx_word' id='word_1_479' title='bbox 294 1761 413 1800; x_wconf 78' lang='grc' dir='ltr'>νυμφίου</span> <span class='ocrx_word' id='word_1_480' title='bbox 438 1759 514 1800; x_wconf 80' lang='grc' dir='ltr'>φίλοι</span> <span class='ocrx_word' id='word_1_481' title='bbox 543 1760 605 1797; x_wconf 69' lang='grc' dir='ltr'>(εἷεν</span> <span class='ocrx_word' id='word_1_482' title='bbox 636 1758 665 1787; x_wconf 65' lang='grc' dir='ltr'><strong>δὲ</strong></span> <span class='ocrx_word' id='word_1_483' title='bbox 691 1758 798 1790; x_wconf 86' lang='grc' dir='ltr'>πάντως</span> <span class='ocrx_word' id='word_1_484' title='bbox 814 1759 890 1786; x_wconf 82' lang='grc' dir='ltr'>οὗτοι</span> 
     </span>
    </p>
   </div>
   <div class='ocr_carea' id='block_1_72' title="bbox 61 1804 893 1846">
    <p class='ocr_par' dir='ltr' id='par_1_72' title="bbox 61 1804 893 1846">
     <span class='ocr_line' id='line_1_72' title="bbox 61 1804 893 1846; baseline -0.006 -11"><span class='ocrx_word' id='word_1_485' title='bbox 61 1808 89 1835; x_wconf 75' lang='grc' dir='ltr'>οἱ</span> <span class='ocrx_word' id='word_1_486' title='bbox 121 1808 195 1846; x_wconf 75' lang='grc' dir='ltr'>ἅγιοι</span> <span class='ocrx_word' id='word_1_487' title='bbox 222 1805 343 1844; x_wconf 78' lang='grc' dir='ltr'>ἄγγελοι,</span> <span class='ocrx_word' id='word_1_488' title='bbox 373 1806 410 1836; x_wconf 89' lang='grc' dir='ltr'>ὼς</span> <span class='ocrx_word' id='word_1_489' title='bbox 436 1805 468 1832; x_wconf 82' lang='grc' dir='ltr'><strong>τὸ</strong></span> <span class='ocrx_word' id='word_1_490' title='bbox 496 1805 577 1832; x_wconf 79' lang='grc' dir='ltr'>αὐτοῦ</span> <span class='ocrx_word' id='word_1_491' title='bbox 602 1806 743 1836; x_wconf 77' lang='grc' dir='ltr'>ποιοῦντες</span> <span class='ocrx_word' id='word_1_492' title='bbox 763 1804 893 1840; x_wconf 83' lang='grc' dir='ltr'>πανάγιον</span> 
     </span>
    </p>
   </div>
   <div class='ocr_carea' id='block_1_73' title="bbox 61 1846 890 1888">
    <p class='ocr_par' dir='ltr' id='par_1_73' title="bbox 61 1846 890 1888">
     <span class='ocr_line' id='line_1_73' title="bbox 61 1846 890 1888; baseline -0.007 -8"><span class='ocrx_word' id='word_1_493' title='bbox 61 1851 185 1888; x_wconf 66' lang='grc' dir='ltr'>θέλημα)</span> <span class='ocrx_word' id='word_1_494' title='bbox 212 1852 246 1878; x_wconf 72' lang='grc' dir='ltr'><strong>τὰ</strong></span> <span class='ocrx_word' id='word_1_495' title='bbox 273 1850 334 1885; x_wconf 70' lang='grc' dir='ltr'>ἑξῆς</span> <span class='ocrx_word' id='word_1_496' title='bbox 362 1849 554 1887; x_wconf 78' lang='grc' dir='ltr'>ὑπισχνοῦνται</span> <span class='ocrx_word' id='word_1_497' title='bbox 570 1850 605 1884; x_wconf 82' lang='grc' dir='ltr'><strong>τῇ</strong></span> <span class='ocrx_word' id='word_1_498' title='bbox 619 1847 725 1886; x_wconf 74' lang='grc' dir='ltr'>νύμφῃ,</span> <span class='ocrx_word' id='word_1_499' title='bbox 752 1846 890 1885; x_wconf 77' lang='grc' dir='ltr'>λέγοντες·</span> 
     </span>
    </p>
   </div>
   <div class='ocr_carea' id='block_1_74' title="bbox 58 1891 893 1933">
    <p class='ocr_par' dir='ltr' id='par_1_74' title="bbox 58 1891 893 1933">
     <span class='ocr_line' id='line_1_74' title="bbox 58 1891 893 1933; baseline -0.007 -9"><span class='ocrx_word' id='word_1_500' title='bbox 58 1896 248 1933; x_wconf 84' lang='grc' dir='ltr'>Ὁμοιώματα</span> <span class='ocrx_word' id='word_1_501' title='bbox 277 1893 392 1931; x_wconf 85' lang='grc' dir='ltr'>χρυσίου</span> <span class='ocrx_word' id='word_1_502' title='bbox 420 1893 581 1929; x_wconf 66' lang='grc' dir='ltr'>ποιήσωμέν</span> <span class='ocrx_word' id='word_1_503' title='bbox 611 1903 653 1919; x_wconf 88' lang='grc' dir='ltr'><strong>σοι</strong></span> <span class='ocrx_word' id='word_1_504' title='bbox 685 1891 752 1928; x_wconf 76' lang='grc' dir='ltr'>μετὰ</span> <span class='ocrx_word' id='word_1_505' title='bbox 778 1892 893 1930; x_wconf 78' lang='grc' dir='ltr'>στιγμάο</span> 
     </span>
    </p>
   </div>
   <div class='ocr_carea' id='block_1_75' title="bbox 58 1935 894 1977">
    <p class='ocr_par' dir='ltr' id='par_1_75' title="bbox 58 1935 894 1977">
     <span class='ocr_line' id='line_1_75' title="bbox 58 1935 894 1977; baseline -0.007 -9"><span class='ocrx_word' id='word_1_506' title='bbox 58 1952 114 1969; x_wconf 88' lang='grc' dir='ltr'><strong>των</strong></span> <span class='ocrx_word' id='word_1_507' title='bbox 146 1942 197 1967; x_wconf 79' lang='grc' dir='ltr'><strong>τοῦ</strong></span> <span class='ocrx_word' id='word_1_508' title='bbox 226 1939 370 1977; x_wconf 79' lang='grc' dir='ltr'>ἀργυρίου,</span> <span class='ocrx_word' id='word_1_509' title='bbox 397 1936 448 1968; x_wconf 81' lang='grc' dir='ltr'>ἓως</span> <span class='ocrx_word' id='word_1_510' title='bbox 477 1937 508 1964; x_wconf 82' lang='grc' dir='ltr'><strong>οὗ</strong></span> <span class='ocrx_word' id='word_1_511' title='bbox 538 1938 552 1964; x_wconf 82' lang='grc' dir='ltr'>ὁ</span> <span class='ocrx_word' id='word_1_512' title='bbox 582 1935 711 1974; x_wconf 77' lang='grc' dir='ltr'>βασιλεὺς</span> <span class='ocrx_word' id='word_1_513' title='bbox 739 1935 764 1963; x_wconf 82' lang='grc' dir='ltr'>ἐν</span> <span class='ocrx_word' id='word_1_514' title='bbox 786 1935 894 1964; x_wconf 82' lang='grc' dir='ltr'>ἀνακλί-</span> 
     </span>
    </p>
   </div>
   <div class='ocr_carea' id='block_1_76' title="bbox 59 1979 893 2021">
    <p class='ocr_par' dir='ltr' id='par_1_76' title="bbox 59 1979 893 2021">
     <span class='ocr_line' id='line_1_76' title="bbox 59 1979 893 2021; baseline -0.007 -8"><span class='ocrx_word' id='word_1_515' title='bbox 59 1995 100 2013; x_wconf 84' lang='grc' dir='ltr'><strong>σει</strong></span> <span class='ocrx_word' id='word_1_516' title='bbox 131 1984 226 2012; x_wconf 69' lang='grc' dir='ltr'>αὐτοῦ.</span> <span class='ocrx_word' id='word_1_517' title='bbox 259 1984 374 2021; x_wconf 74' lang='grc' dir='ltr'>Ἡγοῦν,</span> <span class='ocrx_word' id='word_1_518' title='bbox 398 1980 509 2016; x_wconf 76' lang='grc' dir='ltr'>Ἐπειδὴ</span> <span class='ocrx_word' id='word_1_519' title='bbox 538 1985 588 2016; x_wconf 87' lang='grc' dir='ltr'><strong>τῆς</strong></span> <span class='ocrx_word' id='word_1_520' title='bbox 616 1980 661 2008; x_wconf 74' lang='grc' dir='ltr'><strong>διὰ</strong></span> <span class='ocrx_word' id='word_1_521' title='bbox 674 1981 723 2015; x_wconf 81' lang='grc' dir='ltr'>τὴν</span> <span class='ocrx_word' id='word_1_522' title='bbox 741 1979 893 2008; x_wconf 81' lang='grc' dir='ltr'>εἰδωλολα-</span> 
     </span>
    </p>
   </div>
   <div class='ocr_carea' id='block_1_77' title="bbox 56 2023 892 2068">
    <p class='ocr_par' dir='ltr' id='par_1_77' title="bbox 56 2023 892 2068">
     <span class='ocr_line' id='line_1_77' title="bbox 56 2023 892 2068; baseline -0.006 -11"><span class='ocrx_word' id='word_1_523' title='bbox 56 2029 150 2068; x_wconf 75' lang='grc' dir='ltr'>τρείαν</span> <span class='ocrx_word' id='word_1_524' title='bbox 171 2028 357 2065; x_wconf 75' lang='grc' dir='ltr'>μελανότητος</span> <span class='ocrx_word' id='word_1_525' title='bbox 374 2026 552 2064; x_wconf 78' lang='grc' dir='ltr'>ἀπηλλάγης,</span> <span class='ocrx_word' id='word_1_526' title='bbox 574 2026 619 2053; x_wconf 76' lang='grc' dir='ltr'><strong>καὶ</strong></span> <span class='ocrx_word' id='word_1_527' title='bbox 644 2028 703 2057; x_wconf 86' lang='grc' dir='ltr'>τοῖς</span> <span class='ocrx_word' id='word_1_528' title='bbox 727 2023 892 2057; x_wconf 76' lang='grc' dir='ltr'>ἀποστόλοις</span> 
     </span>
    </p>
   </div>
   <div class='ocr_carea' id='block_1_78' title="bbox 57 2070 892 2111">
    <p class='ocr_par' dir='ltr' id='par_1_78' title="bbox 57 2070 892 2111">
     <span class='ocr_line' id='line_1_78' title="bbox 57 2070 892 2111; baseline -0.007 -9"><span class='ocrx_word' id='word_1_529' title='bbox 57 2076 118 2102; x_wconf 85' lang='grc' dir='ltr'>κατ’</span> <span class='ocrx_word' id='word_1_530' title='bbox 146 2073 244 2111; x_wconf 75' lang='grc' dir='ltr'>ἀρετὴν</span> <span class='ocrx_word' id='word_1_531' title='bbox 262 2072 423 2109; x_wconf 79' lang='grc' dir='ltr'>ὡμοιώθης,</span> <span class='ocrx_word' id='word_1_532' title='bbox 447 2071 492 2098; x_wconf 85' lang='grc' dir='ltr'><strong>καὶ</strong></span> <span class='ocrx_word' id='word_1_533' title='bbox 507 2073 557 2106; x_wconf 84' lang='grc' dir='ltr'><strong>τῆς</strong></span> <span class='ocrx_word' id='word_1_534' title='bbox 581 2070 710 2105; x_wconf 82' lang='grc' dir='ltr'>ἀληθείας</span> <span class='ocrx_word' id='word_1_535' title='bbox 733 2070 799 2097; x_wconf 74' lang='grc' dir='ltr'>κατὰ</span> <span class='ocrx_word' id='word_1_536' title='bbox 821 2072 892 2108; x_wconf 84' lang='grc' dir='ltr'><strong>γνῶ-</strong></span> 
     </span>
    </p>
   </div>
   <div class='ocr_carea' id='block_1_79' title="bbox 59 2114 894 2155">
    <p class='ocr_par' dir='ltr' id='par_1_79' title="bbox 59 2114 894 2155">
     <span class='ocr_line' id='line_1_79' title="bbox 59 2114 894 2155; baseline -0.006 -9"><span class='ocrx_word' id='word_1_537' title='bbox 59 2129 103 2146; x_wconf 80' lang='grc' dir='ltr'><strong>σιν</strong></span> <span class='ocrx_word' id='word_1_538' title='bbox 121 2118 196 2155; x_wconf 69' lang='grc' dir='ltr'>ἐρᾷς,</span> <span class='ocrx_word' id='word_1_539' title='bbox 211 2117 261 2152; x_wconf 78' lang='grc' dir='ltr'><strong>τήν</strong></span> <span class='ocrx_word' id='word_1_540' title='bbox 288 2117 335 2153; x_wconf 79' lang='grc' dir='ltr'>μὶν</span> <span class='ocrx_word' id='word_1_541' title='bbox 357 2116 429 2143; x_wconf 83' lang='grc' dir='ltr'>θείαν</span> <span class='ocrx_word' id='word_1_542' title='bbox 454 2115 532 2155; x_wconf 81' lang='grc' dir='ltr'>φύσιν</span> <span class='ocrx_word' id='word_1_543' title='bbox 551 2114 634 2149; x_wconf 80' lang='grc' dir='ltr'>αὐτὴν</span> <span class='ocrx_word' id='word_1_544' title='bbox 651 2115 700 2148; x_wconf 87' lang='grc' dir='ltr'><strong>τήν</strong></span> <span class='ocrx_word' id='word_1_545' title='bbox 726 2114 894 2152; x_wconf 82' lang='grc' dir='ltr'>ἀσυγκρίτως</span> 
     </span>
    </p>
   </div>
   <div class='ocr_carea' id='block_1_80' title="bbox 58 2158 892 2201">
    <p class='ocr_par' dir='ltr' id='par_1_80' title="bbox 58 2158 892 2201">
     <span class='ocr_line' id='line_1_80' title="bbox 58 2158 892 2201; baseline -0.004 -11"><span class='ocrx_word' id='word_1_546' title='bbox 58 2163 156 2197; x_wconf 78' lang='grc' dir='ltr'>πάσης</span> <span class='ocrx_word' id='word_1_547' title='bbox 189 2161 293 2201; x_wconf 76' lang='grc' dir='ltr'>φύσεως</span> <span class='ocrx_word' id='word_1_548' title='bbox 330 2161 531 2198; x_wconf 75' lang='grc' dir='ltr'>ὑπερεχουσαν,</span> <span class='ocrx_word' id='word_1_549' title='bbox 561 2159 680 2197; x_wconf 79' lang='grc' dir='ltr'>καθάπερ</span> <span class='ocrx_word' id='word_1_550' title='bbox 707 2161 761 2186; x_wconf 78' lang='grc' dir='ltr'><strong>τῶν</strong></span> <span class='ocrx_word' id='word_1_551' title='bbox 787 2158 892 2187; x_wconf 83' lang='grc' dir='ltr'>λοιπῶν</span> 
     </span>
    </p>
   </div>
   <div class='ocr_carea' id='block_1_81' title="bbox 61 2202 892 2244">
    <p class='ocr_par' dir='ltr' id='par_1_81' title="bbox 61 2202 892 2244">
     <span class='ocr_line' id='line_1_81' title="bbox 61 2202 892 2244; baseline -0.005 -10"><span class='ocrx_word' id='word_1_552' title='bbox 61 2207 140 2235; x_wconf 79' lang='grc' dir='ltr'>ὗλων</span> <span class='ocrx_word' id='word_1_553' title='bbox 179 2207 194 2234; x_wconf 77' lang='grc' dir='ltr'><strong>ὁ</strong></span> <span class='ocrx_word' id='word_1_554' title='bbox 235 2205 357 2244; x_wconf 84' lang='grc' dir='ltr'>χρυσὸς,</span> <span class='ocrx_word' id='word_1_555' title='bbox 395 2204 567 2244; x_wconf 80' lang='grc' dir='ltr'>παραστῆσαί</span> <span class='ocrx_word' id='word_1_556' title='bbox 602 2215 646 2232; x_wconf 87' lang='grc' dir='ltr'><strong>σοι</strong></span> <span class='ocrx_word' id='word_1_557' title='bbox 680 2203 711 2231; x_wconf 87' lang='grc' dir='ltr'><strong>ού</strong></span> <span class='ocrx_word' id='word_1_558' title='bbox 746 2202 892 2240; x_wconf 82' lang='grc' dir='ltr'>δυνάμεθα·</span> 
     </span>
    </p>
   </div>
   <div class='ocr_carea' id='block_1_82' title="bbox 945 1618 1774 1654">
    <p class='ocr_par' dir='ltr' id='par_1_82' title="bbox 945 1618 1774 1654">
     <span class='ocr_line' id='line_1_82' title="bbox 945 1618 1774 1654; baseline 0.005 -9"><span class='ocrx_word' id='word_1_559' title='bbox 945 1618 1092 1654; x_wconf 73' lang='lat' dir='ltr'><strong>ndigens,</strong></span> <span class='ocrx_word' id='word_1_560' title='bbox 1103 1620 1132 1646; x_wconf 90' lang='lat' dir='ltr'><strong>et</strong></span> <span class='ocrx_word' id='word_1_561' title='bbox 1147 1618 1329 1654; x_wconf 79' lang='lat' dir='ltr'><strong>nigredinem</strong></span> <span class='ocrx_word' id='word_1_562' title='bbox 1345 1619 1441 1654; x_wconf 88' lang='lat' dir='ltr'><strong>ipsius</strong></span> <span class='ocrx_word' id='word_1_563' title='bbox 1453 1618 1577 1648; x_wconf 86' lang='lat' dir='ltr'><strong>abluens</strong></span> <span class='ocrx_word' id='word_1_564' title='bbox 1593 1622 1774 1649; x_wconf 85' lang='lat' dir='ltr'><strong>contractam</strong></span> 
     </span>
    </p>
   </div>
   <div class='ocr_carea' id='block_1_83' title="bbox 945 1662 1176 1691">
    <p class='ocr_par' dir='ltr' id='par_1_83' title="bbox 945 1662 1176 1691">
     <span class='ocr_line' id='line_1_83' title="bbox 945 1662 1176 1691; baseline 0 -1"><span class='ocrx_word' id='word_1_565' title='bbox 945 1671 979 1691; x_wconf 84' lang='lat' dir='ltr'><strong>ex</strong></span> <span class='ocrx_word' id='word_1_566' title='bbox 992 1662 1176 1691; x_wconf 81' lang='lat' dir='ltr'><strong>inﬁdelitate.</strong></span> 
     </span>
    </p>
   </div>
   <div class='ocr_carea' id='block_1_84' title="bbox 1238 1716 1481 1744">
    <p class='ocr_par' dir='ltr' id='par_1_84' title="bbox 1238 1716 1481 1744">
     <span class='ocr_line' id='line_1_84' title="bbox 1238 1716 1481 1744; baseline 0 0"><span class='ocrx_word' id='word_1_567' title='bbox 1238 1716 1334 1744; x_wconf 81' lang='lat' dir='ltr'><strong>Trium</strong></span> <span class='ocrx_word' id='word_1_568' title='bbox 1354 1719 1469 1744; x_wconf 80' lang='lat' dir='ltr'><strong>Patrum</strong></span> <span class='ocrx_word' id='word_1_569' title='bbox 1475 1737 1481 1744; x_wconf 93' lang='lat'><strong>.</strong></span> 
     </span>
    </p>
   </div>
   <div class='ocr_carea' id='block_1_85' title="bbox 982 1760 1777 1796">
    <p class='ocr_par' dir='ltr' id='par_1_85' title="bbox 982 1760 1777 1796">
     <span class='ocr_line' id='line_1_85' title="bbox 982 1760 1777 1796; baseline 0.001 -8"><span class='ocrx_word' id='word_1_570' title='bbox 982 1760 1073 1788; x_wconf 82' lang='lat' dir='ltr'><strong>Amici</strong></span> <span class='ocrx_word' id='word_1_571' title='bbox 1090 1763 1188 1788; x_wconf 86' lang='lat' dir='ltr'><strong>autem</strong></span> <span class='ocrx_word' id='word_1_572' title='bbox 1200 1761 1301 1796; x_wconf 84' lang='lat' dir='ltr'><strong>sponsi</strong></span> <span class='ocrx_word' id='word_1_573' title='bbox 1314 1760 1384 1795; x_wconf 91' lang='lat' dir='ltr'><strong>(sint</strong></span> <span class='ocrx_word' id='word_1_574' title='bbox 1395 1763 1493 1788; x_wconf 86' lang='lat' dir='ltr'><strong>autem</strong></span> <span class='ocrx_word' id='word_1_575' title='bbox 1508 1761 1537 1788; x_wconf 91' lang='lat' dir='ltr'><strong>hi</strong></span> <span class='ocrx_word' id='word_1_576' title='bbox 1550 1761 1670 1789; x_wconf 87' lang='lat' dir='ltr'><strong>omnino</strong></span> <span class='ocrx_word' id='word_1_577' title='bbox 1682 1761 1777 1789; x_wconf 87' lang='lat' dir='ltr'><strong>sancti</strong></span> 
     </span>
    </p>
   </div>
   <div class='ocr_carea' id='block_1_86' title="bbox 947 1804 1779 1841">
    <p class='ocr_par' dir='ltr' id='par_1_86' title="bbox 947 1804 1779 1841">
     <span class='ocr_line' id='line_1_86' title="bbox 947 1804 1779 1841; baseline 0.001 -9"><span class='ocrx_word' id='word_1_578' title='bbox 947 1805 1055 1841; x_wconf 81' lang='lat' dir='ltr'><strong>angeli,</strong></span> <span class='ocrx_word' id='word_1_579' title='bbox 1072 1805 1180 1840; x_wconf 86' lang='lat' dir='ltr'><strong>quippe</strong></span> <span class='ocrx_word' id='word_1_580' title='bbox 1196 1805 1247 1840; x_wconf 91' lang='lat' dir='ltr'><strong>qui</strong></span> <span class='ocrx_word' id='word_1_581' title='bbox 1263 1804 1460 1833; x_wconf 68' lang='lat' dir='ltr'><strong>sanctissimae</strong></span> <span class='ocrx_word' id='word_1_582' title='bbox 1476 1804 1557 1833; x_wconf 90' lang='lat' dir='ltr'><strong>illius</strong></span> <span class='ocrx_word' id='word_1_583' title='bbox 1573 1805 1779 1841; x_wconf 87' lang='lat' dir='ltr'><strong>obtemperant</strong></span> 
     </span>
    </p>
   </div>
   <div class='ocr_carea' id='block_1_87' title="bbox 947 1849 1779 1885">
    <p class='ocr_par' dir='ltr' id='par_1_87' title="bbox 947 1849 1779 1885">
     <span class='ocr_line' id='line_1_87' title="bbox 947 1849 1779 1885; baseline 0.002 -9"><span class='ocrx_word' id='word_1_584' title='bbox 947 1849 1102 1884; x_wconf 88' lang='lat' dir='ltr'><strong>voluntati)</strong></span> <span class='ocrx_word' id='word_1_585' title='bbox 1117 1857 1150 1876; x_wconf 86' lang='lat' dir='ltr'><strong>ea</strong></span> <span class='ocrx_word' id='word_1_586' title='bbox 1166 1857 1229 1884; x_wconf 69' lang='lat' dir='ltr'><strong>quas</strong></span> <span class='ocrx_word' id='word_1_587' title='bbox 1250 1851 1422 1884; x_wconf 88' lang='lat' dir='ltr'><strong>sequuntur,</strong></span> <span class='ocrx_word' id='word_1_588' title='bbox 1439 1857 1554 1884; x_wconf 70' lang='lat' dir='ltr'><strong>sponsas</strong></span> <span class='ocrx_word' id='word_1_589' title='bbox 1575 1849 1754 1885; x_wconf 89' lang='lat' dir='ltr'><strong>pollicentur</strong></span> <span class='ocrx_word' id='word_1_590' title='bbox 1772 1859 1779 1878; x_wconf 92' lang='lat'><strong>:</strong></span> 
     </span>
    </p>
   </div>
   <div class='ocr_carea' id='block_1_88' title="bbox 947 1893 1780 1930">
    <p class='ocr_par' dir='ltr' id='par_1_88' title="bbox 947 1893 1780 1930">
     <span class='ocr_line' id='line_1_88' title="bbox 947 1893 1780 1930; baseline 0.001 -9"><span class='ocrx_word' id='word_1_591' title='bbox 947 1893 1155 1922; x_wconf 78' lang='lat' dir='ltr'><strong>Similitudines</strong></span> <span class='ocrx_word' id='word_1_592' title='bbox 1183 1895 1251 1921; x_wconf 82' lang='lat' dir='ltr'><strong>auri</strong></span> <span class='ocrx_word' id='word_1_593' title='bbox 1277 1893 1413 1930; x_wconf 69' lang='lat' dir='ltr'><strong>faciemus</strong></span> <span class='ocrx_word' id='word_1_594' title='bbox 1447 1893 1499 1921; x_wconf 86' lang='lat' dir='ltr'><strong>tibi</strong></span> <span class='ocrx_word' id='word_1_595' title='bbox 1533 1902 1596 1922; x_wconf 81' lang='lat' dir='ltr'><strong>cum</strong></span> <span class='ocrx_word' id='word_1_596' title='bbox 1622 1894 1780 1922; x_wconf 81' lang='lat' dir='ltr'><strong>distinctio-</strong></span> 
     </span>
    </p>
   </div>
   <div class='ocr_carea' id='block_1_89' title="bbox 947 1938 1778 1975">
    <p class='ocr_par' dir='ltr' id='par_1_89' title="bbox 947 1938 1778 1975">
     <span class='ocr_line' id='line_1_89' title="bbox 947 1938 1778 1975; baseline 0.001 -9"><span class='ocrx_word' id='word_1_597' title='bbox 947 1939 1028 1966; x_wconf 71' lang='lat' dir='ltr'><strong>nibus</strong></span> <span class='ocrx_word' id='word_1_598' title='bbox 1052 1939 1170 1974; x_wconf 80' lang='lat' dir='ltr'><strong>argenti,</strong></span> <span class='ocrx_word' id='word_1_599' title='bbox 1186 1945 1322 1974; x_wconf 72' lang='lat' dir='ltr'><strong>quousque</strong></span> <span class='ocrx_word' id='word_1_600' title='bbox 1345 1946 1395 1965; x_wconf 71' lang='lat' dir='ltr'><strong>rex</strong></span> <span class='ocrx_word' id='word_1_601' title='bbox 1409 1939 1439 1965; x_wconf 79' lang='lat' dir='ltr'><strong>in</strong></span> <span class='ocrx_word' id='word_1_602' title='bbox 1455 1938 1582 1966; x_wconf 78' lang='lat' dir='ltr'><strong>accubitu</strong></span> <span class='ocrx_word' id='word_1_603' title='bbox 1604 1940 1691 1974; x_wconf 67' lang='lat' dir='ltr'><strong>fuerit</strong></span> <span class='ocrx_word' id='word_1_604' title='bbox 1718 1947 1778 1975; x_wconf 45' lang='lat' dir='ltr'><strong>suo.</strong></span> 
     </span>
    </p>
   </div>
   <div class='ocr_carea' id='block_1_90' title="bbox 948 1982 1777 2018">
    <p class='ocr_par' dir='ltr' id='par_1_90' title="bbox 948 1982 1777 2018">
     <span class='ocr_line' id='line_1_90' title="bbox 948 1982 1777 2018; baseline 0.001 -8"><span class='ocrx_word' id='word_1_605' title='bbox 948 1983 1036 2016; x_wconf 86' lang='lat' dir='ltr'><strong>Quasi</strong></span> <span class='ocrx_word' id='word_1_606' title='bbox 1061 1983 1161 2010; x_wconf 84' lang='lat' dir='ltr'><strong>dicant</strong></span> <span class='ocrx_word' id='word_1_607' title='bbox 1177 1991 1184 2010; x_wconf 87' lang='lat'><strong>:</strong></span> <span class='ocrx_word' id='word_1_608' title='bbox 1201 1982 1340 2018; x_wconf 87' lang='lat' dir='ltr'><strong>quoniam</strong></span> <span class='ocrx_word' id='word_1_609' title='bbox 1357 1991 1373 2010; x_wconf 91' lang='lat' dir='ltr'><strong>a</strong></span> <span class='ocrx_word' id='word_1_610' title='bbox 1392 1982 1545 2018; x_wconf 81' lang='lat' dir='ltr'><strong>nigredine</strong></span> <span class='ocrx_word' id='word_1_611' title='bbox 1570 1991 1604 2010; x_wconf 83' lang='lat' dir='ltr'><strong>ex</strong></span> <span class='ocrx_word' id='word_1_612' title='bbox 1631 1983 1777 2012; x_wconf 90' lang='lat' dir='ltr'><strong>idolorum</strong></span> 
     </span>
    </p>
   </div>
   <div class='ocr_carea' id='block_1_91' title="bbox 947 2027 1779 2064">
    <p class='ocr_par' dir='ltr' id='par_1_91' title="bbox 947 2027 1779 2064">
     <span class='ocr_line' id='line_1_91' title="bbox 947 2027 1779 2064; baseline 0.002 -10"><span class='ocrx_word' id='word_1_613' title='bbox 947 2027 1028 2055; x_wconf 85' lang='lat' dir='ltr'><strong>cultu</strong></span> <span class='ocrx_word' id='word_1_614' title='bbox 1043 2029 1194 2055; x_wconf 87' lang='lat' dir='ltr'><strong>contracta</strong></span> <span class='ocrx_word' id='word_1_615' title='bbox 1213 2027 1337 2055; x_wconf 88' lang='lat' dir='ltr'><strong>liberata</strong></span> <span class='ocrx_word' id='word_1_616' title='bbox 1358 2034 1401 2061; x_wconf 87' lang='lat' dir='ltr'><strong>es,</strong></span> <span class='ocrx_word' id='word_1_617' title='bbox 1417 2029 1446 2055; x_wconf 88' lang='lat' dir='ltr'><strong>et</strong></span> <span class='ocrx_word' id='word_1_618' title='bbox 1461 2027 1603 2064; x_wconf 87' lang='lat' dir='ltr'><strong>apostolis</strong></span> <span class='ocrx_word' id='word_1_619' title='bbox 1619 2036 1670 2064; x_wconf 91' lang='lat' dir='ltr'><strong>per</strong></span> <span class='ocrx_word' id='word_1_620' title='bbox 1684 2029 1779 2057; x_wconf 90' lang='lat' dir='ltr'><strong>virtu-</strong></span> 
     </span>
    </p>
   </div>
   <div class='ocr_carea' id='block_1_92' title="bbox 947 2071 1777 2108">
    <p class='ocr_par' dir='ltr' id='par_1_92' title="bbox 947 2071 1777 2108">
     <span class='ocr_line' id='line_1_92' title="bbox 947 2071 1777 2108; baseline 0.001 -8"><span class='ocrx_word' id='word_1_621' title='bbox 947 2074 1005 2100; x_wconf 89' lang='lat' dir='ltr'><strong>tem</strong></span> <span class='ocrx_word' id='word_1_622' title='bbox 1022 2071 1129 2100; x_wconf 90' lang='lat' dir='ltr'><strong>similis</strong></span> <span class='ocrx_word' id='word_1_623' title='bbox 1154 2071 1277 2105; x_wconf 89' lang='lat' dir='ltr'><strong>reddita,</strong></span> <span class='ocrx_word' id='word_1_624' title='bbox 1293 2073 1322 2099; x_wconf 89' lang='lat' dir='ltr'><strong>et</strong></span> <span class='ocrx_word' id='word_1_625' title='bbox 1337 2072 1547 2108; x_wconf 59' lang='lat' dir='ltr'><strong>cognoscendas</strong></span> <span class='ocrx_word' id='word_1_626' title='bbox 1561 2072 1692 2101; x_wconf 85' lang='lat' dir='ltr'><strong>veritatis</strong></span> <span class='ocrx_word' id='word_1_627' title='bbox 1715 2076 1777 2101; x_wconf 91' lang='lat' dir='ltr'><strong>stu-</strong></span> 
     </span>
    </p>
   </div>
   <div class='ocr_carea' id='block_1_93' title="bbox 947 2116 1780 2152">
    <p class='ocr_par' dir='ltr' id='par_1_93' title="bbox 947 2116 1780 2152">
     <span class='ocr_line' id='line_1_93' title="bbox 947 2116 1780 2152; baseline 0 -8"><span class='ocrx_word' id='word_1_628' title='bbox 947 2116 1054 2144; x_wconf 84' lang='lat' dir='ltr'><strong>diosa:</strong></span> <span class='ocrx_word' id='word_1_629' title='bbox 1079 2124 1132 2143; x_wconf 92' lang='lat' dir='ltr'><strong>nos</strong></span> <span class='ocrx_word' id='word_1_630' title='bbox 1157 2118 1295 2143; x_wconf 85' lang='lat' dir='ltr'><strong>naturam</strong></span> <span class='ocrx_word' id='word_1_631' title='bbox 1324 2116 1445 2152; x_wconf 89' lang='lat' dir='ltr'><strong>quidem</strong></span> <span class='ocrx_word' id='word_1_632' title='bbox 1476 2116 1619 2151; x_wconf 86' lang='lat' dir='ltr'><strong>divinam,</strong></span> <span class='ocrx_word' id='word_1_633' title='bbox 1644 2125 1718 2152; x_wconf 67' lang='lat' dir='ltr'><strong>quae,</strong></span> <span class='ocrx_word' id='word_1_634' title='bbox 1746 2120 1780 2144; x_wconf 87' lang='lat' dir='ltr'><strong>ut</strong></span> 
     </span>
    </p>
   </div>
   <div class='ocr_carea' id='block_1_94' title="bbox 948 2159 1776 2196">
    <p class='ocr_par' dir='ltr' id='par_1_94' title="bbox 948 2159 1776 2196">
     <span class='ocr_line' id='line_1_94' title="bbox 948 2159 1776 2196; baseline 0 -7"><span class='ocrx_word' id='word_1_635' title='bbox 948 2169 1053 2189; x_wconf 90' lang='lat' dir='ltr'><strong>aurum</strong></span> <span class='ocrx_word' id='word_1_636' title='bbox 1069 2160 1126 2188; x_wconf 85' lang='lat' dir='ltr'><strong>alia</strong></span> <span class='ocrx_word' id='word_1_637' title='bbox 1139 2168 1206 2188; x_wconf 90' lang='lat' dir='ltr'><strong>cum</strong></span> <span class='ocrx_word' id='word_1_638' title='bbox 1223 2160 1347 2188; x_wconf 88' lang='lat' dir='ltr'><strong>materia</strong></span> <span class='ocrx_word' id='word_1_639' title='bbox 1363 2159 1455 2193; x_wconf 86' lang='lat' dir='ltr'><strong>nulla,</strong></span> <span class='ocrx_word' id='word_1_640' title='bbox 1468 2160 1511 2188; x_wconf 87' lang='lat' dir='ltr'><strong>sic</strong></span> <span class='ocrx_word' id='word_1_641' title='bbox 1528 2160 1593 2196; x_wconf 89' lang='lat' dir='ltr'><strong>ipsa</strong></span> <span class='ocrx_word' id='word_1_642' title='bbox 1608 2161 1699 2189; x_wconf 86' lang='lat' dir='ltr'><strong>nullis</strong></span> <span class='ocrx_word' id='word_1_643' title='bbox 1710 2169 1776 2189; x_wconf 85' lang='lat' dir='ltr'><strong>cum</strong></span> 
     </span>
    </p>
   </div>
   <div class='ocr_carea' id='block_1_95' title="bbox 948 2204 1778 2240">
    <p class='ocr_par' dir='ltr' id='par_1_95' title="bbox 948 2204 1778 2240">
     <span class='ocr_line' id='line_1_95' title="bbox 948 2204 1778 2240; baseline 0.001 -8"><span class='ocrx_word' id='word_1_644' title='bbox 948 2205 1015 2233; x_wconf 87' lang='lat' dir='ltr'><strong>aliis</strong></span> <span class='ocrx_word' id='word_1_645' title='bbox 1030 2205 1145 2232; x_wconf 87' lang='lat' dir='ltr'><strong>naturis</strong></span> <span class='ocrx_word' id='word_1_646' title='bbox 1160 2204 1323 2240; x_wconf 86' lang='lat' dir='ltr'><strong>comparari</strong></span> <span class='ocrx_word' id='word_1_647' title='bbox 1342 2206 1448 2240; x_wconf 81' lang='lat' dir='ltr'><strong>potest,</strong></span> <span class='ocrx_word' id='word_1_648' title='bbox 1464 2205 1579 2232; x_wconf 83' lang='lat' dir='ltr'><strong>tradere</strong></span> <span class='ocrx_word' id='word_1_649' title='bbox 1591 2205 1713 2234; x_wconf 88' lang='lat' dir='ltr'><strong>minime</strong></span> <span class='ocrx_word' id='word_1_650' title='bbox 1728 2214 1778 2233; x_wconf 91' lang='lat' dir='ltr'><strong>va-</strong></span> 
     </span>
    </p>
   </div>
   <div class='ocr_carea' id='block_1_96' title="bbox 60 2248 861 2288">
    <p class='ocr_par' dir='ltr' id='par_1_96' title="bbox 60 2248 861 2288">
     <span class='ocr_line' id='line_1_96' title="bbox 60 2248 861 2288; baseline -0.005 -8"><span class='ocrx_word' id='word_1_651' title='bbox 60 2252 179 2284; x_wconf 69' lang='grc' dir='ltr'>ἆθὲατος</span> <span class='ocrx_word' id='word_1_652' title='bbox 207 2251 257 2288; x_wconf 81' lang='grc' dir='ltr'><strong>γάρ</strong></span> <span class='ocrx_word' id='word_1_653' title='bbox 284 2249 339 2278; x_wconf 75' lang='grc' dir='ltr'>ἐστι</span> <span class='ocrx_word' id='word_1_654' title='bbox 367 2252 432 2278; x_wconf 80' lang='grc' dir='ltr'>πᾶσι</span> <span class='ocrx_word' id='word_1_655' title='bbox 456 2249 501 2277; x_wconf 80' lang='grc' dir='ltr'><strong>καὶ</strong></span> <span class='ocrx_word' id='word_1_656' title='bbox 516 2248 720 2284; x_wconf 70' lang='grc' dir='ltr'>ἀκατάληπτος.</span> <span class='ocrx_word' id='word_1_657' title='bbox 736 2248 861 2285; x_wconf 72' lang='grc' dir='ltr'>Εἷκάσμα</span> 
     </span>
    </p>
   </div>
   <div class='ocr_carea' id='block_1_97' title="bbox 983 2248 1779 2288">
    <p class='ocr_par' dir='ltr' id='par_1_97' title="bbox 983 2248 1779 2283">
     <span class='ocr_line' id='line_1_97' title="bbox 983 2248 1779 2283; baseline 0.001 -6"><span class='ocrx_word' id='word_1_658' title='bbox 983 2257 1043 2277; x_wconf 79' lang='lat' dir='ltr'><strong>nus</strong></span> <span class='ocrx_word' id='word_1_659' title='bbox 1061 2258 1067 2277; x_wconf 94' lang='lat'>:</span> <span class='ocrx_word' id='word_1_660' title='bbox 1084 2257 1150 2277; x_wconf 91' lang='lat' dir='ltr'><strong>cum</strong></span> <span class='ocrx_word' id='word_1_661' title='bbox 1166 2257 1200 2277; x_wconf 89' lang='lat' dir='ltr'><strong>ea</strong></span> <span class='ocrx_word' id='word_1_662' title='bbox 1224 2257 1277 2276; x_wconf 90' lang='lat' dir='ltr'><strong>nec</strong></span> <span class='ocrx_word' id='word_1_663' title='bbox 1294 2248 1390 2276; x_wconf 93' lang='lat' dir='ltr'><strong>oculis</strong></span> <span class='ocrx_word' id='word_1_664' title='bbox 1406 2249 1497 2283; x_wconf 88' lang='lat' dir='ltr'><strong>cerni,</strong></span> <span class='ocrx_word' id='word_1_665' title='bbox 1515 2258 1568 2276; x_wconf 90' lang='lat' dir='ltr'><strong>nec</strong></span> <span class='ocrx_word' id='word_1_666' title='bbox 1584 2252 1682 2277; x_wconf 90' lang='lat' dir='ltr'><strong>mente</strong></span> <span class='ocrx_word' id='word_1_667' title='bbox 1697 2258 1779 2278; x_wconf 89' lang='lat' dir='ltr'><strong>com-</strong></span> 
     </span>
    </p>
   </div>
   <div class='ocr_carea' id='block_1_98' title="bbox 60 2291 892 2331">
    <p class='ocr_par' dir='ltr' id='par_1_98' title="bbox 60 2291 892 2331">
     <span class='ocr_line' id='line_1_98' title="bbox 60 2291 892 2331; baseline -0.004 -8"><span class='ocrx_word' id='word_1_668' title='bbox 60 2295 90 2324; x_wconf 72' lang='grc' dir='ltr'><strong>δέ</strong></span> <span class='ocrx_word' id='word_1_669' title='bbox 107 2306 173 2323; x_wconf 87' lang='grc' dir='ltr'>τινα</span> <span class='ocrx_word' id='word_1_670' title='bbox 199 2295 300 2330; x_wconf 66' lang='grc' dir='ltr'>ταύτης</span> <span class='ocrx_word' id='word_1_671' title='bbox 329 2294 359 2322; x_wconf 72' lang='grc' dir='ltr'>ἇκ</span> <span class='ocrx_word' id='word_1_672' title='bbox 383 2296 433 2331; x_wconf 82' lang='grc' dir='ltr'><strong>τῆς</strong></span> <span class='ocrx_word' id='word_1_673' title='bbox 459 2297 512 2322; x_wconf 80' lang='grc' dir='ltr'><strong>τῶν</strong></span> <span class='ocrx_word' id='word_1_674' title='bbox 541 2292 627 2321; x_wconf 68' lang='grc' dir='ltr'>ὄντων</span> <span class='ocrx_word' id='word_1_675' title='bbox 644 2293 767 2331; x_wconf 79' lang='grc' dir='ltr'>θεωρίας,</span> <span class='ocrx_word' id='word_1_676' title='bbox 783 2291 892 2328; x_wconf 83' lang='grc' dir='ltr'>δηλαδὴ</span> 
     </span>
    </p>
   </div>
   <div class='ocr_carea' id='block_1_99' title="bbox 59 2337 893 2378">
    <p class='ocr_par' dir='ltr' id='par_1_99' title="bbox 59 2337 893 2378">
     <span class='ocr_line' id='line_1_99' title="bbox 59 2337 893 2378; baseline -0.005 -10"><span class='ocrx_word' id='word_1_677' title='bbox 59 2341 128 2371; x_wconf 73' lang='grc' dir='ltr'>τοὺς</span> <span class='ocrx_word' id='word_1_678' title='bbox 146 2339 227 2375; x_wconf 82' lang='grc' dir='ltr'>δίκην</span> <span class='ocrx_word' id='word_1_679' title='bbox 243 2340 399 2378; x_wconf 77' lang='grc' dir='ltr'>στιγμάτων</span> <span class='ocrx_word' id='word_1_680' title='bbox 415 2339 547 2377; x_wconf 81' lang='grc' dir='ltr'>ἀργυρίου</span> <span class='ocrx_word' id='word_1_681' title='bbox 571 2337 717 2376; x_wconf 69' lang='grc' dir='ltr'>τηλιαυγεῖς</span> <span class='ocrx_word' id='word_1_682' title='bbox 741 2338 786 2365; x_wconf 83' lang='grc' dir='ltr'><strong>καὶ</strong></span> <span class='ocrx_word' id='word_1_683' title='bbox 809 2348 893 2374; x_wconf 80' lang='grc' dir='ltr'>μεμε-</span> 
     </span>
    </p>
   </div>
   <div class='ocr_carea' id='block_1_100' title="bbox 59 2380 892 2423">
    <p class='ocr_par' dir='ltr' id='par_1_100' title="bbox 59 2380 892 2423">
     <span class='ocr_line' id='line_1_100' title="bbox 59 2380 892 2423; baseline -0.004 -11"><span class='ocrx_word' id='word_1_684' title='bbox 59 2384 213 2423; x_wconf 68' lang='grc' dir='ltr'>ρισμὲνους</span> <span class='ocrx_word' id='word_1_685' title='bbox 228 2383 254 2411; x_wconf 72' lang='grc' dir='ltr'>ὲν</span> <span class='ocrx_word' id='word_1_686' title='bbox 268 2386 309 2420; x_wconf 83' lang='grc' dir='ltr'>τῷ</span> <span class='ocrx_word' id='word_1_687' title='bbox 324 2385 401 2411; x_wconf 82' lang='grc' dir='ltr'>παντὶ</span> <span class='ocrx_word' id='word_1_688' title='bbox 419 2383 530 2421; x_wconf 82' lang='grc' dir='ltr'>λόγους,</span> <span class='ocrx_word' id='word_1_689' title='bbox 554 2381 732 2418; x_wconf 70' lang='grc' dir='ltr'>ὑποδείξομάν</span> <span class='ocrx_word' id='word_1_690' title='bbox 759 2392 812 2416; x_wconf 77' lang='grc' dir='ltr'>σοι,</span> <span class='ocrx_word' id='word_1_691' title='bbox 841 2380 892 2413; x_wconf 73' lang='grc' dir='ltr'>ἓως</span> 
     </span>
    </p>
   </div>
   <div class='ocr_carea' id='block_1_101' title="bbox 59 2426 895 2463">
    <p class='ocr_par' dir='ltr' id='par_1_101' title="bbox 59 2426 895 2463">
     <span class='ocr_line' id='line_1_101' title="bbox 59 2426 895 2463; baseline -0.004 -7"><span class='ocrx_word' id='word_1_692' title='bbox 59 2429 93 2457; x_wconf 79' lang='grc' dir='ltr'><strong>οὗ</strong></span> <span class='ocrx_word' id='word_1_693' title='bbox 121 2429 136 2456; x_wconf 83' lang='grc' dir='ltr'><strong>ὁ</strong></span> <span class='ocrx_word' id='word_1_694' title='bbox 153 2430 211 2456; x_wconf 83' lang='grc' dir='ltr'><strong>τῶν</strong></span> <span class='ocrx_word' id='word_1_695' title='bbox 225 2428 298 2455; x_wconf 73' lang='grc' dir='ltr'>ὂΑῶν</span> <span class='ocrx_word' id='word_1_696' title='bbox 313 2427 450 2463; x_wconf 67' lang='grc' dir='ltr'>Δεσπότης</span> <span class='ocrx_word' id='word_1_697' title='bbox 465 2427 533 2461; x_wconf 82' lang='grc' dir='ltr'><strong>αύτή</strong></span> <span class='ocrx_word' id='word_1_698' title='bbox 555 2428 573 2461; x_wconf 83' lang='grc' dir='ltr'>ἡ</span> <span class='ocrx_word' id='word_1_699' title='bbox 589 2426 714 2462; x_wconf 79' lang='grc' dir='ltr'>ἀλήθεια,</span> <span class='ocrx_word' id='word_1_700' title='bbox 741 2426 767 2454; x_wconf 69' lang='grc' dir='ltr'>ἂν</span> <span class='ocrx_word' id='word_1_701' title='bbox 796 2426 895 2454; x_wconf 62' lang='grc' dir='ltr'>ἐπανα-</span> 
     </span>
    </p>
   </div>
   <div class='ocr_carea' id='block_1_102' title="bbox 58 2470 894 2510">
    <p class='ocr_par' dir='ltr' id='par_1_102' title="bbox 58 2470 894 2510">
     <span class='ocr_line' id='line_1_102' title="bbox 58 2470 894 2510; baseline -0.004 -9"><span class='ocrx_word' id='word_1_702' title='bbox 58 2473 163 2501; x_wconf 75' lang='grc' dir='ltr'>παύσει</span> <span class='ocrx_word' id='word_1_703' title='bbox 194 2472 277 2500; x_wconf 75' lang='grc' dir='ltr'>αὐτοῦ</span> <span class='ocrx_word' id='word_1_704' title='bbox 298 2473 333 2508; x_wconf 82' lang='grc' dir='ltr'>τῇ</span> <span class='ocrx_word' id='word_1_705' title='bbox 359 2472 386 2500; x_wconf 78' lang='grc' dir='ltr'>ἐν</span> <span class='ocrx_word' id='word_1_706' title='bbox 410 2472 463 2507; x_wconf 86' lang='grc' dir='ltr'>σοὶ,</span> <span class='ocrx_word' id='word_1_707' title='bbox 489 2471 590 2499; x_wconf 73' lang='grc' dir='ltr'>οἶκεῖον</span> <span class='ocrx_word' id='word_1_708' title='bbox 615 2470 802 2510; x_wconf 72' lang='grc' dir='ltr'>ἰκσφράγισμα</span> <span class='ocrx_word' id='word_1_709' title='bbox 818 2481 894 2498; x_wconf 82' lang='grc' dir='ltr'>σεαυ-</span> 
     </span>
    </p>
   </div>
   <div class='ocr_carea' id='block_1_103' title="bbox 57 2514 895 2553">
    <p class='ocr_par' dir='ltr' id='par_1_103' title="bbox 57 2514 895 2553">
     <span class='ocr_line' id='line_1_103' title="bbox 57 2514 895 2553; baseline -0.004 -8"><span class='ocrx_word' id='word_1_710' title='bbox 57 2517 111 2552; x_wconf 79' lang='grc' dir='ltr'><strong>τὴν</strong></span> <span class='ocrx_word' id='word_1_711' title='bbox 139 2515 283 2553; x_wconf 73' lang='grc' dir='ltr'>ἀποδείξῃ,</span> <span class='ocrx_word' id='word_1_712' title='bbox 297 2517 440 2548; x_wconf 77' lang='grc' dir='ltr'>κάντεῦθεν</span> <span class='ocrx_word' id='word_1_713' title='bbox 465 2517 538 2553; x_wconf 86' lang='grc' dir='ltr'>γνῷς</span> <span class='ocrx_word' id='word_1_714' title='bbox 563 2515 660 2549; x_wconf 70' lang='grc' dir='ltr'>ἑαυτὴν</span> <span class='ocrx_word' id='word_1_715' title='bbox 679 2515 725 2551; x_wconf 74' lang='grc' dir='ltr'>μὶν</span> <span class='ocrx_word' id='word_1_716' title='bbox 741 2514 831 2542; x_wconf 74' lang='grc' dir='ltr'>εἰκόνα</span> <span class='ocrx_word' id='word_1_717' title='bbox 846 2514 895 2542; x_wconf 85' lang='grc' dir='ltr'>αύ-</span> 
     </span>
    </p>
   </div>
   <div class='ocr_carea' id='block_1_104' title="bbox 57 2558 895 2598">
    <p class='ocr_par' dir='ltr' id='par_1_104' title="bbox 57 2558 895 2598">
     <span class='ocr_line' id='line_1_104' title="bbox 57 2558 895 2598; baseline -0.004 -9"><span class='ocrx_word' id='word_1_718' title='bbox 57 2564 109 2589; x_wconf 80' lang='grc' dir='ltr'>τοῦ</span> <span class='ocrx_word' id='word_1_719' title='bbox 125 2561 176 2589; x_wconf 82' lang='grc' dir='ltr'><strong>καὶ</strong></span> <span class='ocrx_word' id='word_1_720' title='bbox 204 2561 346 2598; x_wconf 81' lang='grc' dir='ltr'>ὁμοίωμα,</span> <span class='ocrx_word' id='word_1_721' title='bbox 372 2561 453 2588; x_wconf 75' lang='grc' dir='ltr'>αὐτὸν</span> <span class='ocrx_word' id='word_1_722' title='bbox 477 2558 506 2588; x_wconf 71' lang='grc' dir='ltr'><strong>δὶ</strong></span> <span class='ocrx_word' id='word_1_723' title='bbox 528 2559 554 2587; x_wconf 79' lang='grc' dir='ltr'>ἐν</span> <span class='ocrx_word' id='word_1_724' title='bbox 572 2559 614 2587; x_wconf 87' lang='grc' dir='ltr'><strong>σοὶ</strong></span> <span class='ocrx_word' id='word_1_725' title='bbox 629 2560 820 2596; x_wconf 82' lang='grc' dir='ltr'>ποιμαίνοντα,</span> <span class='ocrx_word' id='word_1_726' title='bbox 849 2559 895 2587; x_wconf 87' lang='grc' dir='ltr'><strong>καὶ</strong></span> 
     </span>
    </p>
   </div>
   <div class='ocr_carea' id='block_1_105' title="bbox 58 2603 894 2644">
    <p class='ocr_par' dir='ltr' id='par_1_105' title="bbox 58 2603 894 2644">
     <span class='ocr_line' id='line_1_105' title="bbox 58 2603 894 2644; baseline -0.004 -10"><span class='ocrx_word' id='word_1_727' title='bbox 58 2605 157 2644; x_wconf 79' lang='grc' dir='ltr'>ὥσπερ</span> <span class='ocrx_word' id='word_1_728' title='bbox 173 2616 227 2633; x_wconf 88' lang='grc' dir='ltr'>τινι</span> <span class='ocrx_word' id='word_1_729' title='bbox 240 2604 367 2643; x_wconf 78' lang='grc' dir='ltr'>σφραγῖδι</span> <span class='ocrx_word' id='word_1_730' title='bbox 387 2605 412 2633; x_wconf 68' lang='grc' dir='ltr'>ιν</span> <span class='ocrx_word' id='word_1_731' title='bbox 440 2607 480 2641; x_wconf 84' lang='grc' dir='ltr'>τῷ</span> <span class='ocrx_word' id='word_1_732' title='bbox 509 2603 572 2640; x_wconf 70' lang='grc' dir='ltr'>ῗδίῳ</span> <span class='ocrx_word' id='word_1_733' title='bbox 600 2603 774 2641; x_wconf 77' lang='grc' dir='ltr'>ἐκτυπώματι</span> <span class='ocrx_word' id='word_1_734' title='bbox 803 2614 894 2632; x_wconf 84' lang='grc' dir='ltr'>κοιτα-</span> 
     </span>
    </p>
   </div>
   <div class='ocr_carea' id='block_1_106' title="bbox 59 2651 196 2689">
    <p class='ocr_par' dir='ltr' id='par_1_106' title="bbox 59 2651 196 2689">
     <span class='ocr_line' id='line_1_106' title="bbox 59 2651 196 2689; baseline 0.015 -11"><span class='ocrx_word' id='word_1_735' title='bbox 59 2651 90 2687; x_wconf 81' lang='grc' dir='ltr'><strong>ζό</strong></span> <span class='ocrx_word' id='word_1_736' title='bbox 93 2661 149 2689; x_wconf 82' lang='grc' dir='ltr'><strong>μεν</strong></span> <span class='ocrx_word' id='word_1_737' title='bbox 152 2661 184 2678; x_wconf 83' lang='grc' dir='ltr'><strong>ον</strong></span> <span class='ocrx_word' id='word_1_738' title='bbox 189 2672 196 2680; x_wconf 95' lang='grc'><strong><em>.</em></strong></span> 
     </span>
    </p>
   </div>
   <div class='ocr_carea' id='block_1_107' title="bbox 95 2746 832 2836">
    <p class='ocr_par' dir='ltr' id='par_1_107' title="bbox 95 2746 832 2836">
     <span class='ocr_line' id='line_1_107' title="bbox 95 2746 832 2836; baseline -0.005 -13"><span class='ocrx_word' id='word_1_739' title='bbox 95 2794 132 2823; x_wconf 74' lang='grc' dir='ltr'>Οἱ</span> <span class='ocrx_word' id='word_1_740' title='bbox 160 2793 258 2832; x_wconf 71' lang='grc' dir='ltr'>μιντοι</span> <span class='ocrx_word' id='word_1_741' title='bbox 273 2791 350 2836; x_wconf 68' lang='grc' dir='ltr'>γίλοι</span> <span class='ocrx_word' id='word_1_742' title='bbox 367 2746 635 2833; x_wconf 33' lang='lat' dir='ltr'><strong>pugnatam</strong></span> <span class='ocrx_word' id='word_1_743' title='bbox 649 2789 697 2823; x_wconf 78' lang='grc' dir='ltr'><strong>τὰς</strong></span> <span class='ocrx_word' id='word_1_744' title='bbox 711 2790 832 2830; x_wconf 76' lang='grc' dir='ltr'>ὁμιλίας,</span> 
     </span>
    </p>
   </div>
   <div class='ocr_carea' id='block_1_108' title="bbox 947 2293 1779 2330">
    <p class='ocr_par' dir='ltr' id='par_1_108' title="bbox 947 2293 1779 2330">
     <span class='ocr_line' id='line_1_108' title="bbox 947 2293 1779 2330; baseline 0.001 -9"><span class='ocrx_word' id='word_1_745' title='bbox 947 2294 1088 2330; x_wconf 88' lang='lat' dir='ltr'><strong>prehendi</strong></span> <span class='ocrx_word' id='word_1_746' title='bbox 1104 2295 1193 2329; x_wconf 83' lang='lat' dir='ltr'><strong>queat</strong></span> <span class='ocrx_word' id='word_1_747' title='bbox 1210 2301 1217 2320; x_wconf 90' lang='lat'><strong>:</strong></span> <span class='ocrx_word' id='word_1_748' title='bbox 1235 2293 1394 2321; x_wconf 84' lang='lat' dir='ltr'><strong>simulacra</strong></span> <span class='ocrx_word' id='word_1_749' title='bbox 1419 2295 1518 2321; x_wconf 86' lang='lat' dir='ltr'><strong>tamen</strong></span> <span class='ocrx_word' id='word_1_750' title='bbox 1534 2294 1629 2329; x_wconf 85' lang='lat' dir='ltr'><strong>ipsius</strong></span> <span class='ocrx_word' id='word_1_751' title='bbox 1644 2295 1779 2329; x_wconf 72' lang='lat' dir='ltr'><strong>quaedam</strong></span> 
     </span>
    </p>
   </div>
   <div class='ocr_carea' id='block_1_109' title="bbox 948 2337 1779 2374">
    <p class='ocr_par' dir='ltr' id='par_1_109' title="bbox 948 2337 1779 2374">
     <span class='ocr_line' id='line_1_109' title="bbox 948 2337 1779 2374; baseline 0 -8"><span class='ocrx_word' id='word_1_752' title='bbox 948 2346 981 2366; x_wconf 83' lang='lat' dir='ltr'><strong>ex</strong></span> <span class='ocrx_word' id='word_1_753' title='bbox 996 2346 1094 2366; x_wconf 86' lang='lat' dir='ltr'><strong>rerum</strong></span> <span class='ocrx_word' id='word_1_754' title='bbox 1111 2337 1294 2365; x_wconf 86' lang='lat' dir='ltr'><strong>naturalium</strong></span> <span class='ocrx_word' id='word_1_755' title='bbox 1319 2339 1440 2373; x_wconf 87' lang='lat' dir='ltr'><strong>aspectu</strong></span> <span class='ocrx_word' id='word_1_756' title='bbox 1464 2340 1493 2365; x_wconf 88' lang='lat' dir='ltr'><strong>et</strong></span> <span class='ocrx_word' id='word_1_757' title='bbox 1518 2338 1779 2374; x_wconf 86' lang='lat' dir='ltr'><strong>contemplatione,</strong></span> 
     </span>
    </p>
   </div>
   <div class='ocr_carea' id='block_1_110' title="bbox 948 2381 1778 2419">
    <p class='ocr_par' dir='ltr' id='par_1_110' title="bbox 948 2381 1778 2419">
     <span class='ocr_line' id='line_1_110' title="bbox 948 2381 1778 2419; baseline 0.001 -9"><span class='ocrx_word' id='word_1_758' title='bbox 948 2385 1068 2419; x_wconf 87' lang='lat' dir='ltr'><strong>argento</strong></span> <span class='ocrx_word' id='word_1_759' title='bbox 1089 2382 1174 2418; x_wconf 90' lang='lat' dir='ltr'><strong>quasi</strong></span> <span class='ocrx_word' id='word_1_760' title='bbox 1199 2382 1339 2409; x_wconf 87' lang='lat' dir='ltr'><strong>distincta</strong></span> <span class='ocrx_word' id='word_1_761' title='bbox 1361 2390 1395 2409; x_wconf 89' lang='lat' dir='ltr'><strong>ac</strong></span> <span class='ocrx_word' id='word_1_762' title='bbox 1418 2381 1612 2410; x_wconf 85' lang='lat' dir='ltr'><strong>vermiculata</strong></span> <span class='ocrx_word' id='word_1_763' title='bbox 1636 2383 1778 2411; x_wconf 87' lang='lat' dir='ltr'><strong>faciemus</strong></span> 
     </span>
    </p>
   </div>
   <div class='ocr_carea' id='block_1_111' title="bbox 947 2426 1781 2462">
    <p class='ocr_par' dir='ltr' id='par_1_111' title="bbox 947 2426 1781 2462">
     <span class='ocr_line' id='line_1_111' title="bbox 947 2426 1781 2462; baseline 0 -7"><span class='ocrx_word' id='word_1_764' title='bbox 947 2427 1012 2461; x_wconf 88' lang='lat' dir='ltr'><strong>tibi,</strong></span> <span class='ocrx_word' id='word_1_765' title='bbox 1024 2435 1125 2455; x_wconf 89' lang='lat' dir='ltr'><strong>eorum</strong></span> <span class='ocrx_word' id='word_1_766' title='bbox 1137 2434 1202 2462; x_wconf 73' lang='lat' dir='ltr'><strong>quas</strong></span> <span class='ocrx_word' id='word_1_767' title='bbox 1217 2426 1246 2454; x_wconf 92' lang='lat' dir='ltr'><strong>in</strong></span> <span class='ocrx_word' id='word_1_768' title='bbox 1263 2426 1373 2454; x_wconf 89' lang='lat' dir='ltr'><strong>mundo</strong></span> <span class='ocrx_word' id='word_1_769' title='bbox 1385 2429 1466 2458; x_wconf 82' lang='lat' dir='ltr'><strong>sunt,</strong></span> <span class='ocrx_word' id='word_1_770' title='bbox 1479 2426 1608 2454; x_wconf 88' lang='lat' dir='ltr'><strong>rationes</strong></span> <span class='ocrx_word' id='word_1_771' title='bbox 1626 2428 1781 2455; x_wconf 86' lang='lat' dir='ltr'><strong>ostenden-</strong></span> 
     </span>
    </p>
   </div>
   <div class='ocr_carea' id='block_1_112' title="bbox 948 2470 1778 2508">
    <p class='ocr_par' dir='ltr' id='par_1_112' title="bbox 948 2470 1778 2508">
     <span class='ocr_line' id='line_1_112' title="bbox 948 2470 1778 2508; baseline 0.001 -9"><span class='ocrx_word' id='word_1_772' title='bbox 948 2474 1003 2504; x_wconf 88' lang='lat' dir='ltr'><strong>tes,</strong></span> <span class='ocrx_word' id='word_1_773' title='bbox 1020 2471 1117 2507; x_wconf 84' lang='lat' dir='ltr'><strong>quoad</strong></span> <span class='ocrx_word' id='word_1_774' title='bbox 1143 2479 1242 2498; x_wconf 86' lang='lat' dir='ltr'><strong>rerum</strong></span> <span class='ocrx_word' id='word_1_775' title='bbox 1267 2471 1399 2498; x_wconf 88' lang='lat' dir='ltr'><strong>omnium</strong></span> <span class='ocrx_word' id='word_1_776' title='bbox 1423 2470 1576 2503; x_wconf 84' lang='lat' dir='ltr'><strong>Dominus,</strong></span> <span class='ocrx_word' id='word_1_777' title='bbox 1589 2472 1637 2507; x_wconf 87' lang='lat' dir='ltr'><strong>qui</strong></span> <span class='ocrx_word' id='word_1_778' title='bbox 1654 2474 1699 2500; x_wconf 92' lang='lat' dir='ltr'><strong>est</strong></span> <span class='ocrx_word' id='word_1_779' title='bbox 1713 2472 1778 2508; x_wconf 85' lang='lat' dir='ltr'><strong>ipsa</strong></span> 
     </span>
    </p>
   </div>
   <div class='ocr_carea' id='block_1_113' title="bbox 949 2515 1777 2550">
    <p class='ocr_par' dir='ltr' id='par_1_113' title="bbox 949 2515 1777 2550">
     <span class='ocr_line' id='line_1_113' title="bbox 949 2515 1777 2550; baseline 0 -6"><span class='ocrx_word' id='word_1_780' title='bbox 949 2516 1068 2550; x_wconf 84' lang='lat' dir='ltr'><strong>veritas,</strong></span> <span class='ocrx_word' id='word_1_781' title='bbox 1083 2516 1113 2543; x_wconf 92' lang='lat' dir='ltr'><strong>in</strong></span> <span class='ocrx_word' id='word_1_782' title='bbox 1128 2517 1156 2543; x_wconf 87' lang='lat' dir='ltr'><strong>te</strong></span> <span class='ocrx_word' id='word_1_783' title='bbox 1171 2515 1258 2543; x_wconf 85' lang='lat' dir='ltr'><strong>veluti</strong></span> <span class='ocrx_word' id='word_1_784' title='bbox 1282 2515 1310 2542; x_wconf 91' lang='lat' dir='ltr'><strong>in</strong></span> <span class='ocrx_word' id='word_1_785' title='bbox 1326 2515 1465 2542; x_wconf 86' lang='lat' dir='ltr'><strong>accubitu</strong></span> <span class='ocrx_word' id='word_1_786' title='bbox 1480 2517 1508 2543; x_wconf 92' lang='lat' dir='ltr'><strong>et</strong></span> <span class='ocrx_word' id='word_1_787' title='bbox 1524 2517 1623 2550; x_wconf 87' lang='lat' dir='ltr'><strong>requie</strong></span> <span class='ocrx_word' id='word_1_788' title='bbox 1638 2525 1693 2544; x_wconf 87' lang='lat' dir='ltr'><strong>sua</strong></span> <span class='ocrx_word' id='word_1_789' title='bbox 1708 2525 1777 2544; x_wconf 90' lang='lat' dir='ltr'><strong>con-</strong></span> 
     </span>
    </p>
   </div>
   <div class='ocr_carea' id='block_1_114' title="bbox 949 2559 1778 2598">
    <p class='ocr_par' dir='ltr' id='par_1_114' title="bbox 949 2559 1778 2598">
     <span class='ocr_line' id='line_1_114' title="bbox 949 2559 1778 2598; baseline 0.001 -10"><span class='ocrx_word' id='word_1_790' title='bbox 949 2561 1115 2597; x_wconf 86' lang='lat' dir='ltr'><strong>quiescens,</strong></span> <span class='ocrx_word' id='word_1_791' title='bbox 1130 2560 1276 2596; x_wconf 86' lang='lat' dir='ltr'><strong>propriam</strong></span> <span class='ocrx_word' id='word_1_792' title='bbox 1293 2559 1520 2588; x_wconf 86' lang='lat' dir='ltr'><strong>similitudinem</strong></span> <span class='ocrx_word' id='word_1_793' title='bbox 1537 2568 1623 2589; x_wconf 86' lang='lat' dir='ltr'><strong>suam</strong></span> <span class='ocrx_word' id='word_1_794' title='bbox 1638 2563 1666 2588; x_wconf 89' lang='lat' dir='ltr'><strong>te</strong></span> <span class='ocrx_word' id='word_1_795' title='bbox 1682 2562 1778 2598; x_wconf 88' lang='lat' dir='ltr'><strong>ipsam</strong></span> 
     </span>
    </p>
   </div>
   <div class='ocr_carea' id='block_1_115' title="bbox 950 2603 1779 2642">
    <p class='ocr_par' dir='ltr' id='par_1_115' title="bbox 950 2603 1779 2642">
     <span class='ocr_line' id='line_1_115' title="bbox 950 2603 1779 2642; baseline 0 -8"><span class='ocrx_word' id='word_1_796' title='bbox 950 2606 1096 2640; x_wconf 87' lang='lat' dir='ltr'><strong>ostendat,</strong></span> <span class='ocrx_word' id='word_1_797' title='bbox 1113 2607 1144 2633; x_wconf 89' lang='lat' dir='ltr'><strong>ut</strong></span> <span class='ocrx_word' id='word_1_798' title='bbox 1168 2606 1292 2632; x_wconf 85' lang='lat' dir='ltr'><strong>tutemet</strong></span> <span class='ocrx_word' id='word_1_799' title='bbox 1316 2603 1410 2640; x_wconf 86' lang='lat' dir='ltr'><strong>ipsius</strong></span> <span class='ocrx_word' id='word_1_800' title='bbox 1439 2604 1599 2640; x_wconf 84' lang='lat' dir='ltr'><strong>imaginem</strong></span> <span class='ocrx_word' id='word_1_801' title='bbox 1624 2614 1779 2642; x_wconf 81' lang='lat' dir='ltr'><strong>agnoscas,</strong></span> 
     </span>
    </p>
   </div>
   <div class='ocr_carea' id='block_1_116' title="bbox 949 2649 1780 2686">
    <p class='ocr_par' dir='ltr' id='par_1_116' title="bbox 949 2649 1780 2686">
     <span class='ocr_line' id='line_1_116' title="bbox 949 2649 1780 2686; baseline 0 -7"><span class='ocrx_word' id='word_1_802' title='bbox 949 2658 1078 2686; x_wconf 89' lang='lat' dir='ltr'><strong>eumque</strong></span> <span class='ocrx_word' id='word_1_803' title='bbox 1096 2649 1126 2677; x_wconf 90' lang='lat' dir='ltr'><strong>in</strong></span> <span class='ocrx_word' id='word_1_804' title='bbox 1141 2651 1171 2677; x_wconf 89' lang='lat' dir='ltr'><strong>te</strong></span> <span class='ocrx_word' id='word_1_805' title='bbox 1185 2650 1355 2685; x_wconf 85' lang='lat' dir='ltr'><strong>pascentem</strong></span> <span class='ocrx_word' id='word_1_806' title='bbox 1380 2650 1409 2676; x_wconf 90' lang='lat' dir='ltr'><strong>et</strong></span> <span class='ocrx_word' id='word_1_807' title='bbox 1432 2650 1575 2685; x_wconf 85' lang='lat' dir='ltr'><strong>tanquam</strong></span> <span class='ocrx_word' id='word_1_808' title='bbox 1602 2649 1734 2686; x_wconf 80' lang='lat' dir='ltr'><strong>sigillum</strong></span> <span class='ocrx_word' id='word_1_809' title='bbox 1749 2651 1780 2679; x_wconf 90' lang='lat' dir='ltr'><strong>in</strong></span> 
     </span>
    </p>
   </div>
   <div class='ocr_carea' id='block_1_117' title="bbox 949 2694 1567 2732">
    <p class='ocr_par' dir='ltr' id='par_1_117' title="bbox 949 2694 1567 2732">
     <span class='ocr_line' id='line_1_117' title="bbox 949 2694 1567 2732; baseline 0 -9"><span class='ocrx_word' id='word_1_810' title='bbox 949 2694 1065 2732; x_wconf 87' lang='lat' dir='ltr'><strong>proprio</strong></span> <span class='ocrx_word' id='word_1_811' title='bbox 1081 2694 1167 2731; x_wconf 74' lang='lat' dir='ltr'><strong>signo</strong></span> <span class='ocrx_word' id='word_1_812' title='bbox 1181 2701 1351 2730; x_wconf 85' lang='lat' dir='ltr'><strong>expressum</strong></span> <span class='ocrx_word' id='word_1_813' title='bbox 1366 2694 1567 2723; x_wconf 87' lang='lat' dir='ltr'><strong>recubantem.</strong></span> 
     </span>
    </p>
   </div>
   <div class='ocr_carea' id='block_1_118' title="bbox 985 2748 1782 2830">
    <p class='ocr_par' dir='ltr' id='par_1_118' title="bbox 985 2748 1782 2830">
     <span class='ocr_line' id='line_1_118' title="bbox 985 2748 1782 2830; baseline 0 -8"><span class='ocrx_word' id='word_1_814' title='bbox 985 2792 1078 2822; x_wconf 83' lang='lat' dir='ltr'><strong>Amici</strong></span> <span class='ocrx_word' id='word_1_815' title='bbox 1096 2792 1188 2830; x_wconf 78' lang='lat' dir='ltr'><strong>igitur</strong></span> <span class='ocrx_word' id='word_1_816' title='bbox 1212 2748 1427 2829; x_wconf 47' lang='lat' dir='ltr'><strong>sponsif‘eexuiis</strong></span> <span class='ocrx_word' id='word_1_817' title='bbox 1443 2800 1507 2829; x_wconf 74' lang='lat' dir='ltr'><strong>qua</strong></span> <span class='ocrx_word' id='word_1_818' title='bbox 1521 2792 1600 2821; x_wconf 86' lang='lat' dir='ltr'><strong>dicta</strong></span> <span class='ocrx_word' id='word_1_819' title='bbox 1615 2794 1697 2826; x_wconf 91' lang='lat' dir='ltr'><strong>sunt,</strong></span> <span class='ocrx_word' id='word_1_820' title='bbox 1715 2794 1782 2822; x_wconf 80' lang='lat' dir='ltr'><strong>tam</strong></span> 
     </span>
    </p>
   </div>
  </div>
