1949 3055
47 123 107 154 561

574 120 781 152 COMMENT.
805 122 844 152 lN
867 121 1066 153 CANTICUM
1089 122 1244 154 CANI‘IG.

1704 124 1763 154 562

47 173 167 220 'Allme
181 198 211 216 τι
226 186 312 216 δῖκαὶ
325 186 339 215 ὁ
350 186 535 225 προσκληθεὶς
547 186 662 224 Χριστὸς
673 187 688 214 ὸ
698 186 743 214 καὶ
753 186 854 226 νυμφίο

976 190 1070 222 catus,
1091 189 1145 216 hoc
1172 191 1279 217 unctus
1306 191 1351 218 est
1376 191 1526 226 unguento
1550 197 1567 217 a
1594 189 1765 225 peccatrice.

49 232 98 265 Ei;
115 233 222 260 δεῖπνον
235 233 361 270 Σίμωνος
376 231 480 269 λεπροῦ
495 231 769 268 καταπιπονημᾶνου,

50 279 137 305 Τοῦτο
151 277 183 306 τὸ
199 277 284 316 μύρον
299 276 425 312 ἤλιιπται
441 276 514 314 παρὰ
528 279 578 311 τῆς
595 274 773 314 μοιχαλίδος.

50 323 80 352 Ὀ
97 321 180 360 λόγος
195 322 286 350 τοίνυν
304 322 438 358 μέμνηται
453 323 501 349 τοῦ
516 319 617 359 νάρδου
636 321 845 359 προσηκόντως.

332 378 392 404 Τῶν
411 377 435 414 γ’
455 375 592 413 Πατὲρων.

89 423 226 454 Ἐντεῦθεν
243 420 288 449 οὖν
303 423 320 456 ἠ
337 421 429 460 νύμφη
445 423 504 451 τοῖς
527 423 580 447 τῶν
611 421 711 457 ἀρετῶν
743 419 883 457 διαφόροις

53 467 122 494 κατὰ
147 466 243 504 πρᾶξιν
273 466 321 502 μὶν
348 466 474 502 τρόποις,
488 465 556 492 κατὰ
585 465 700 502 θεωρίαν
731 463 759 492 δὲ
785 465 882 502 λόγοις

53 514 227 549 χαθαρθεῖσα,
258 511 314 538 εἶτα
349 510 386 541 είς
422 509 581 544 τελειότητα
618 509 783 546 ἐναγομὲνη,
813 510 882 546 πρὸς

52 555 116 587 τοὺς
141 556 174 583 τὰ
202 554 390 593 προειρημένα
411 554 480 590 πρὸς
505 553 589 588 αὐτὴν
615 554 751 592 φήσαντας
782 553 883 591 φίλους

52 602 100 628 τοῦ
126 599 254 639 νυμφίου,
273 598 478 636 ἀποκρινομένη
503 598 578 637 φησί·
602 596 710 635 Νάρδος
739 608 791 634 μου
816 595 883 625 ἔδω-

53 655 98 672 κεν
127 644 216 680 ὀσμὴν
241 643 334 671 αὐτοῦ’
347 641 443 680 ἤγουν,
464 643 496 670 Ἡ
525 642 554 669 ἐκ
577 644 631 669 τῶν
655 640 791 680 διαφόρων
817 641 884 669 κατὰ

55 689 152 727 πρᾶξιν
180 686 289 725 τρόπων
313 686 357 714 καὶ
381 686 449 714 κατὰ
471 687 585 723 θεωρίαν
610 685 712 724 λόγων,
733 685 812 720 δίκην
834 690 884 722 τῆς

56 734 86 762 ἐχ
111 732 250 772 διαφόρων
286 731 438 769 ἀρωμάτων
479 731 656 768 συγκειμένης
681 729 793 767 νάρδου,
818 740 884 768 χρα-

55 778 170 814 τηθιῖσά
200 787 247 814 μοι
275 775 430 814 ἔμπρακτος
458 778 568 813 γνῶσις,
599 776 735 813 παρέσχεν
767 775 883 814 ἔμφασιν

58 821 217 857 abet-06,106
245 821 303 849 κατ’
330 820 423 848 οὐσίαν
447 819 596 857 ἀπροσίτου
623 820 750 858 νυμφίου,
782 820 812 847 οὗ
838 820 883 847 τὸν

936 233 1035 261 Merito
1050 233 1141 269 igitur
1155 233 1240 262 nardi
1257 234 1366 262 mentio
1383 234 1460 262 facta
1475 236 1530 262 est.

1231 378 1324 405 Trium
1342 379 1472 406 Patrum.

974 423 1089 458 Sponsa
1099 423 1250 459 deinceps,
1262 423 1350 450 variis
1361 422 1503 450 virtutum
1515 430 1582 450 cum
1599 422 1628 450 in
1641 422 1766 458 agendo,

939 469 1002 495 tum
1018 467 1046 494 in
1063 467 1290 503 contemplando
1310 467 1438 503 expolita
1454 467 1572 494 dotibus
1587 469 1675 502 atque
1699 466 1766 494 illu-

939 514 1043 546 strata,
1055 514 1085 539 et
1095 511 1131 539 ad
1145 511 1352 547 perfectionem
1365 512 1602 547 progredions,et
1613 512 1647 539 ad
1660 519 1693 538 ea
1703 520 1767 546 quas

939 556 995 583 sibi
1019 556 1054 583 ab
1081 556 1184 583 amicis
1210 555 1311 592 sponsi
1338 556 1415 584 dicta
1440 556 1567 588 fuerant,
1584 556 1765 591 respondet:

938 600 1057 634 Nardus,
1071 600 1218 636 inquiens,
1231 609 1290 628 mea
1305 601 1378 628 dedit
1392 601 1556 628 suavitatem
1569 601 1628 634 eius
1642 609 1653 627 .·
1668 600 1698 627 id
1712 603 1767 635 est,

939 645 1041 673 efﬁcax
1055 653 1089 672 ex
1101 645 1225 672 diversis
1240 645 1345 681 agendi
1356 645 1589 680 speculandique
1605 644 1769 672 rationibus

939 690 1065 725 cognitio
1080 689 1257 725 conquisita,
1274 689 1368 717 instar
1394 689 1475 717 nardi
1492 698 1526 716 ex
1540 688 1628 716 variis
1654 696 1769 716 aroma-

939 734 1020 762 tibus
1037 733 1161 762 conditui
1179 734 1305 769 praebuit
1326 734 1475 770 specimen
1499 734 1579 770 ejus;
1596 733 1697 769 sponsi
1722 733 1770 760 ni-

939 778 1060 810 mirum,
1077 786 1129 814 per
1144 780 1281 806 naturam
1300 778 1454 811 inaccessi,
1470 778 1555 814 cujus
1571 785 1623 813 ego
1638 777 1768 813 speciem

940 831 973 851 ac
989 825 1087 851 notam
1100 831 1178 858 gero,
1192 825 1224 850 ut
1234 822 1331 858 imago
1346 822 1442 858 ipsius
1457 831 1490 850 ac
1505 821 1680 850 similitudo.
1694 821 1768 849 Cum

58 869 221 905 χαρακτῆρα
249 865 332 904 φᾶρω,
362 865 400 896 ὡς
432 863 511 892 εἰκὼν
543 864 626 892 αὐτοῦ
661 864 705 891 καὶ
743 864 854 901 ὸμοίωμ

979 868 1018 895 im
1050 867 1150 895 mistio
1176 867 1310 903 quaedam
1327 867 1363 894 sit
1380 874 1481 894 eorum
1505 875 1571 902 qua:
1599 866 1629 894 in
1657 866 1768 894 mundo

58 911 155 950 Μίγμα
168 911 220 949 γὰρ
234 909 301 945 αὕτη
317 911 371 937 τῶν
388 909 414 936 ιν
429 910 469 945 τῷ
492 908 572 936 παντὶ
600 910 725 945 μετοχῶν
752 911 800 936 τοῦ
827 908 884 940 ἑνὸς

57 958 113 985 τῶν
140 955 213 983 ὅλων
234 954 322 982 αἶτίου
346 953 515 991 ὑπάρχουσα·
531 953 568 984 ὡς
590 956 683 990 κρᾶμα
710 953 778 980 κατὰ
807 953 884 991 φύσιν

60 1001 127 1028 οὖσα
140 1003 242 1035 νιιητῆς
258 998 303 1026 καὶ
327 998 460 1033 αἰσθητῆς
481 997 604 1031 κτίσεως,
620 998 663 1024 καὶ
690 997 757 1025 κατᾶ
771 996 883 1035 γνώμην

57 1045 122 1077 τοὺς
136 1044 162 1072 ἓν
182 1046 223 1080 τῷ
245 1043 325 1071 παντὶ
350 1041 451 1079 λόγους
471 1042 517 1069 καὶ
540 1041 658 1079 τρόπους
684 1041 710 1069 ἐν
733 1042 815 1078 ἑαυτῇ
839 1052 884 1069 κε-

60 1090 172 1128 ράσασα.
201 1088 344 1115 Κάντεῦθιν
372 1086 510 1114 ἀποδοῦσα
537 1089 578 1122 τῷ
606 1086 664 1113 κατ’
690 1085 781 1113 ενχὸνα
811 1085 885 1124 λόγῳ

58 1134 104 1161 τὸν
127 1132 330 1169 καθ’ὁμοίωσιν
355 1131 468 1169 τρόπον,
482 1131 508 1158 ἐν
535 1131 617 1167 ἑαυτῇ
641 1132 737 1158 τοῦτον
757 1129 882 1165 δεικτή,

59 1178 96 1209 ὡς
113 1178 139 1205 ἐν
149 1177 233 1205 εἰκόνι
250 1177 412 1214 ἆρχίτυπον.
430 1175 505 1204 Ἐπεὶ
521 1173 553 1210 δ’,
566 1175 604 1207 ὡς
618 1175 772 1213 εἶ’ρηκεν,ἒν
790 1175 883 1210 αἰσθή-

60 1233 99 1250 σει
128 1221 235 1260 γέγονεν
263 1223 311 1248 τοῦ
348 1219 478 1258 νυμφίου,
506 1219 533 1247 τί
562 1219 665 1256 eadm;
696 1219 780 1250 Οῖτὸς
817 1219 884 1255 ἐστι,

59 1267 153 1306 φησὶν,
191 1264 346 1302 ἆπόδεσμος
383 1267 498 1299 στακτῆς
535 1263 680 1302 ἀδιλφιδός
717 1274 768 1300 μου
811 1263 883 1300 ἐμοί.

59 1312 151 1346 Ἤτοι,
170 1311 276 1348 Συνοχή
293 1309 363 1337 ἐστιν
380 1309 442 1346 ἐμοὶ
455 1309 500 1336 καὶ
516 1310 676 1347 συντήρησις
691 1312 741 1343 τῆς
767 1306 883 1344 μεταδο-

58 1359 139 1390 τικῆς
163 1355 290 1392 σταγόνος
315 1358 365 1389 τῆς
391 1353 462 1386 θείας
485 1353 609 1391 χάριτος,
626 1353 640 1380 ὁ
664 1352 731 1380 κατά
759 1352 808 1387 τήν
835 1353 884 1379 τοῦ

61 1399 218 1438 Συμμάχου
238 1399 381 1437 ἑρμηνείαν
407 1397 545 1436 ἀγαπητός
571 1408 634 1434 μου.
651 1397 776 1435 Ἐπιίπιρ
805 1397 885 1429 αὐτὸς

59 1445 254 1481 πιστευόμενος
278 1444 312 1472 τὰ
334 1443 505 1480 πνευματικά
528 1445 655 1478 συντηρεῖ
677 1444 711 1478 τῇ
737 1440 885 1477 Ἐκκλησία

60 1489 229 1528 χαρίσματα,
245 1488 288 1516 καὶ
304 1489 364 1524 ἱστᾷ
387 1488 449 1518 τοὺς
473 1487 585 1517 πιστοὺς
614 1489 662 1514 τοῦ
686 1487 724 1522 μή
753 1486 806 1513 ἀπὸ
834 1489 885 1520 τῆς

61 1533 190 1570 ἀληθείας
214 1533 368 1571 τρέπεσθαι.
384 1532 449 1560 Εἶτα
470 1531 538 1558 ὅπου
566 1530 592 1558 ἐν
623 1530 690 1568 αὐτῇ
719 1529 881 1568 περιπολεύ-

61 1589 106 1610 σας
133 1579 182 1613 τὴν
213 1578 339 1616 ὰτριψίαν
369 1576 468 1612 ταύτην
497 1575 649 1614 χαρίσεται,
679 1577 788 1615 ῳάσκει·
818 1575 883 1603 Ἀνὰ

62 1623 144 1660 μέσον
170 1625 223 1650 τῶν
255 1624 362 1659 μαστῶν
397 1632 449 1658 μου
484 1620 687 1656 αὐλισθήσετνιι.
717 1620 824 1647 Τούτων
857 1619 886 1647 δὶ

61 1668 142 1702 μέσον
171 1667 188 1702 ἡ
217 1665 314 1703 καρδία
335 1665 417 1699 ἐστὶν,
447 1665 473 1700 ἆξ
501 1666 533 1700 ἧς
560 1667 599 1700 τῷ
628 1665 718 1700 λοιπῷ
735 1665 838 1700 σώματι
854 1664 886 1691 τὸ

61 1712 176 1746 ζωτικὸν
209 1710 360 1739 διαδίδοται
389 1711 518 1746 πνεῦμα·
545 1709 606 1744 ἥτις
645 1709 806 1748 ὑπιμφαίνει
838 1709 884 1736 τὸν

60 1756 186 1795 ἡγιμόνα
208 1758 282 1784 νοῦν’
300 1755 326 1783 ἰν
351 1755 374 1792 ᾧ
398 1754 590 1792 περιπολιύσει
614 1754 628 1781 ὁ
652 1753 764 1791 Κύριος,
780 1753 842 1781 ὅταν
867 1755 884 1788 ἡ

60 1801 155 1840 νύμφη
172 1798 255 1828 αὖτοῦ
271 1798 316 1827 διὰ
327 1798 487 1834 τιλιιότητα
501 1798 575 1834 αὐτῷ
590 1796 757 1833 χολληθεῖσα
781 1799 885 1833 πνεῦμα

60 1846 174 1883 γένηται
196 1843 243 1872 ἓν·
262 1843 459 1880 εἴσοιχιζομὲνη
486 1843 536 1877 τὴν
565 1841 619 1877 ἕξιν
649 1845 699 1877 τῆς
720 1842 817 1879 ἀρετῆς
841 1841 887 1869 διὰ

59 1894 106 1925 τῆς
125 1891 177 1916 τοῦ
206 1887 339 1926 παναγίου
362 1887 516 1924 Πνῑύματος
539 1886 680 1925 ἐνιργείας.
703 1887 743 1914 Δι’
758 1888 791 1921 ἧς
816 1887 833 1921 ἡ
859 1885 884 1913 ἐν

60 1935 168 1971 Χριστῷ
196 1931 371 1970 κικρυμμὲνη
403 1932 470 1967 ζωή,
487 1931 524 1962 εἷς
554 1937 640 1961 πασας
667 1930 714 1962 τὰς
728 1934 778 1965 τῆς
794 1932 886 1968 ψυχῆς

59 1977 189 2014 δυνάμεις
204 1977 241 2008 ὡς
255 1976 356 2010 ταύτης
389 1974 458 2012 μέλη
489 1974 658 2009 διοδεύσασα,
680 1975 806 2013 ἀτριψίαν
836 1975 885 2002 αὖ·

60 2026 118 2053 ταῖς
149 2022 307 2059 ἐμποιῆσαι.
326 2020 376 2048 Καὶ
401 2020 472 2047 οὕτω
504 2019 550 2056 μὶν
567 2019 581 2046 ὁ
596 2020 711 2058 νυμφίος
731 2021 764 2056 τῇ
790 2019 884 2056 νύμφῃ

61 2064 146 2095 ἔσεται
171 2068 224 2093 τῶν
248 2064 340 2093 χαλῶν
366 2063 489 2102 ἀτρεψία,
515 2063 576 2091 ὅταν
603 2062 695 2091 τελεία
723 2063 884 2102 ἀναδειχθῇ.

411 2116 534 2146 Ψιλλοῦ.

95 2163 173 2193 Ἀλλ’
185 2163 364 2199 ἀκουσώμεθα
379 2161 476 2190 λοιπὸν
490 2162 536 2188 καὶ
549 2163 604 2188 τῶν
625 2162 685 2197 ἑξῆς
701 2160 811 2199 λογίων.

61 2208 92 2236 Ἢ
106 2208 200 2247 νύμφη
214 2208 264 2246 γὰρ
279 2209 338 2237 ταῖς
354 2209 507 2243 προκοπαῖς
521 2206 558 2236 ὡς
574 2204 666 2236 ἔνθους
681 2208 824 2242 γινομένη,

61 2254 118 2280 Ἔτι
135 2253 263 2291 συνείριιν
278 2252 368 2288 ἀγαπᾷ
382 2251 426 2278 τὸν
441 2250 522 2288 λόγον
535 2251 602 2288 πρὸς
617 2250 681 2281 τοὺς
698 2250 804 2289 φίλους.

63 2297 132 2333 Φησὶ
170 2299 234 2335 γοῦν
269 2295 333 2324 τάδε
369 2296 437 2333 πρὸς
475 2294 572 2326 αὐτοὺς
614 2295 681 2331 μιτὰ
708 2295 754 2322 τὸν
784 2294 884 2333 νάρδου

743 2339 847 2377 [λόγον’

95 2385 266 2422 Ἀπόδισμος
307 2388 424 2420 στακτῆς
461 2385 475 2411 ὁ
513 2383 659 2423 ἀδελφιδός
702 2394 754 2421 μου
801 2384 883 2421 ἐμοὶ,

63 2430 110 2458 ἀνὰ
140 2432 226 2468 μάσον
250 2432 305 2457 τῶν
334 2431 442 2466 μαστῶν
473 2440 525 2465 μου
554 2429 758 2465 αὐλισθήσεται.

95 2476 176 2508 Ἔθος
213 2474 294 2508 ἐστὶν,
325 2473 362 2505 ὡς
401 2473 536 2511 λέγουσιν,
566 2474 659 2511 κόραις
685 2477 744 2505 ταῖς
773 2473 885 2513 φιλοχό-

744 2520 845 2555 l°l1°'-¢,

65 2564 104 2598 Μὴ
122 2565 204 2601 μόνον
218 2561 313 2600 ἔξωθεν
330 2562 414 2594 αὐτὰς
429 2562 534 2600 ἐξόχως
548 2562 744 2598 καλλωπίζειν,

63 2608 104 2640 Ὠς
119 2608 304 2648 ἐφελκύσωσιν
319 2607 407 2635 αὐτῶν
423 2608 469 2635 τὸν
484 2607 598 2644 ἐραστὴν
614 2606 640 2634 ἐν
654 2608 745 2645 τάχει,

64 2651 149 2680 Ἀλλὰ
163 2653 207 2680 καὶ
225 2652 331 2689 μᾶλλον
349 2650 446 2684 ἔσωθεν
460 2653 548 2679 αὐτῶν
562 2654 615 2678 τῶν
631 2652 758 2687 ἱματίων,

66 2697 228 2728 Κατασχιυὰς
240 2697 360 2728 notatam
378 2697 430 2724 ἀπὸ
445 2698 498 2724 τῶν
514 2696 682 2733 μυριπνὸων.

100 2787 110 2804 ³
123 2787 233 2817 Coloss.
251 2795 295 2823 ill,
304 2787 331 2815 3.

941 920 1031 940 unam
1055 911 1136 940 illam
1152 919 1251 939 rerum
1267 911 1399 939 omnium
1425 919 1544 939 causam
1568 910 1766 946 participant:

940 957 1050 993 quippe
1070 965 1134 992 quas
1158 964 1191 983 ex
1219 955 1398 991 intelligibili
1423 958 1452 983 et
1475 955 1607 983 sensibili
1636 958 1770 983 creatura

941 1001 1114 1028 naturaliter
1135 1002 1258 1035 constet,
1276 1000 1458 1036 scientiaque
1480 1000 1608 1027 rationes
1624 1007 1720 1027 rerum
1736 1007 1770 1027 ac

941 1045 1044 1073 modos
1059 1045 1088 1072 id
1104 1054 1135 1073 se
1151 1045 1363 1081 complectatur
1381 1054 1387 1072 :
1404 1047 1558 1080 propterea
1582 1043 1713 1072 moribus
1728 1043 1770 1072 si-

941 1090 1138 1118 militudinem
1156 1090 1296 1124 referens,
1308 1098 1375 1117 eum
1396 1090 1426 1116 in
1447 1097 1478 1117 se
1495 1092 1636 1124 tanquam
1653 1088 1680 1115 in
1699 1088 1770 1115 ima-

939 1135 1007 1171 gine
1021 1133 1169 1170 exemplar
1184 1136 1379 1170 repraesentat.
1399 1133 1519 1166 Verum,
1537 1133 1606 1168 quia
1623 1141 1724 1166 sensu,
1737 1134 1769 1160 ut

940 1179 1023 1213 dixit,
1035 1187 1177 1214 sponsum
1194 1178 1321 1214 agnovit,
1339 1178 1409 1214 quid
1431 1178 1495 1214 ipso
1512 1185 1601 1205 sensu
1617 1178 1666 1211 sit,
1678 1177 1768 1212 expli-

939 1226 997 1258 cat,
1013 1223 1113 1250 dicens
1129 1231 1135 1249 :
1152 1223 1309 1250 Fasciculus
1328 1222 1456 1258 myrrhm
1477 1230 1561 1257 nepos
1587 1230 1662 1249 meus
1686 1221 1769 1249 mihi.

940 1267 1036 1294 Nexus
1058 1269 1103 1294 est
1118 1270 1147 1294 et
1163 1267 1345 1294 conservatio
1367 1266 1454 1294 stillae
1470 1266 1573 1293 divina:
1590 1266 1689 1302 gratiae
1705 1274 1768 1301 quea

941 1311 1013 1338 mihi
1029 1311 1246 1338 communicata
1259 1313 1315 1345 est,
1328 1310 1452 1338 dilectus
1470 1319 1553 1338 meus
1568 1319 1574 1338 ε
1593 1313 1625 1338 ut
1638 1312 1781 1346 Symma-‘

940 1356 1014 1384 chus
1031 1356 1249 1391 interpretatur.
1266 1355 1321 1382 Per
1336 1355 1422 1382 fidem
1445 1355 1523 1383 enim
1548 1357 1696 1390 acceptus,
1708 1354 1769 1390 spi-

940 1400 1036 1427 ritalia
1055 1402 1154 1427 tuetur
1178 1402 1265 1435 atque
1292 1401 1446 1427 conservat
1471 1399 1605 1427 Ecclesia
1634 1407 1767 1433 munera,

941 1444 1100 1480 ﬁdelesque
1122 1444 1278 1471 confirmat
1301 1446 1329 1471 et
1350 1443 1530 1477 corroborat,
1547 1451 1583 1471 ne
1608 1452 1624 1471 a
1650 1444 1771 1471 veritate

939 1489 1116 1517 desciscunt.
1136 1489 1222 1523 Tum,
1246 1489 1295 1516 ubi
1323 1496 1452 1524 sponsus
1482 1489 1510 1515 in
1540 1488 1605 1523 ipsa
1634 1496 1769 1522 manens,

940 1534 1137 1562 constantiam
1154 1533 1226 1561 hanc
1243 1532 1396 1569 largiatur,
1412 1533 1541 1568 exponit,
1558 1533 1589 1560 In
1605 1532 1706 1565 medio.
1723 1533 1769 1560 in~

941 1578 1055 1614 quiens,
1084 1578 1198 1606 uberum
1232 1585 1353 1606 meorum
1388 1577 1610 1605 commorabitur.
1641 1577 1769 1605 Uberum

941 1623 1071 1650 medium
1087 1623 1200 1651 obtinet
1219 1631 1278 1658 cor,
1295 1622 1372 1650 unde
1388 1622 1484 1650 vitalis
1500 1622 1622 1658 spiritus
1644 1622 1674 1649 in
1701 1621 1769 1649 reli-

941 1676 1032 1704 quum
1049 1676 1155 1703 corpus
1169 1667 1356 1694 diffunditur.
1372 1669 1563 1694 Prsestsntem
1581 1675 1647 1694 vero
1663 1666 1768 1694 animus

940 1714 1052 1748 partem
1078 1714 1206 1740 mentem
1231 1711 1381 1745 innuit,in
1398 1720 1456 1747 qua
1481 1711 1620 1739 Dominus
1644 1711 1767 1745 habitat,

941 1765 1008 1784 cum
1024 1757 1089 1792 ejus
1109 1765 1219 1792 sponsa
1241 1755 1417 1792 perfectione
1443 1755 1499 1783 sibi
1525 1755 1674 1791 copulata,
1690 1764 1768 1783 unus

940 1801 1062 1836 spiritus
1077 1801 1214 1834 efficitur,
1227 1800 1344 1828 virtutis
1370 1800 1502 1828 habitum
1525 1800 1692 1836 adipiscens
1717 1808 1768 1835 per

941 1845 1032 1872 sancti
1050 1844 1176 1879 Spiritus
1199 1844 1409 1880 operationem,
1427 1845 1503 1871 unde
1525 1845 1583 1871 vita
1606 1845 1637 1871 in
1659 1844 1767 1872 Christo

940 1889 1124 1916 abscondita'
1146 1888 1175 1916 in
1197 1896 1300 1916 omnes
1326 1888 1429 1915 animae
1454 1889 1610 1924 potentias,
1627 1891 1766 1923 tanquam

940 1933 969 1961 in
986 1933 1075 1968 hujus
1093 1933 1233 1968 membra,
1250 1933 1387 1968 inﬂuens,
1401 1933 1537 1960 stabilem
1553 1932 1626 1969 ipsis
1643 1933 1766 1960 ﬁrmita-

940 1981 997 2006 tem
1014 1986 1047 2005 ac
1062 1977 1152 2005 robur
1167 1977 1299 2005 instillat.
1311 1978 1405 2013 Atque
1420 1978 1460 2005 ita
1473 1986 1601 2013 sponsus
1612 1977 1667 2005 erit
1681 1986 1768 2013 span.

941 2031 988 2056 es,
1006 2031 1073 2050 cum
1089 2023 1123 2049 ad
1142 2022 1348 2058 perfectionem
1364 2022 1486 2058 venerit,
1502 2022 1645 2049 virtutum
1661 2022 1766 2049 immo-

940 2066 996 2095 bile
1011 2067 1243 2094 ﬁrmamentum.

974 2165 1027 2193 Sed
1042 2165 1104 2200 jam
1120 2167 1149 2192 et
1163 2172 1197 2192 ea
1212 2172 1276 2200 qua
1289 2120 1399 2192 dii:le
1411 2166 1586 2200 sequuntur,
1599 2165 1767 2192 audiamus.

938 2212 1051 2245 Sponsa
1071 2209 1149 2237 enim
1174 2217 1331 2244 progressu
1357 2209 1440 2244 quasi
1468 2209 1568 2237 afﬂatu
1595 2209 1766 2237 institutum

899 2245 1006 2281 Dcum
1036 2254 1138 2281 amicis
1167 2261 1332 2281 sermonem
1359 2254 1491 2281 studiose
1520 2254 1719 2289 persequitur,
1741 2255 1769 2281 et

940 2301 1006 2334 post
1022 2298 1104 2325 nardi
1121 2298 1312 2332 mentionem,
1328 2297 1370 2325 sic
1387 2297 1425 2325 ait
1443 2306 1450 2325 :

974 2388 1133 2415 Fasciculus
1147 2389 1248 2415 stantes
1262 2387 1340 2422 ﬁlius
1360 2387 1464 2414 sororis
1479 2394 1545 2414 meae
1569 2386 1649 2421 mihi,
1665 2387 1695 2413 in
1710 2395 1767 2414 ms-

938 2432 984 2460 dio
998 2433 1113 2460 uberum
1127 2439 1252 2460 meorum
1266 2431 1491 2460 commorabitur.

975 2477 1157 2513 Elegantium
1182 2476 1326 2511 virginum
1356 2484 1421 2504 mos
1449 2477 1504 2509 est,
1522 2477 1555 2503 ut
1582 2483 1640 2503 non
1669 2475 1766 2503 solum

939 2521 1072 2548 exteriori
1099 2523 1201 2548 ornatu
1226 2529 1258 2548 se
1281 2521 1428 2554 decorent,
1446 2528 1504 2556 quo
1530 2520 1662 2548 celeriter
1685 2528 1767 2548 ama-

939 2567 1017 2593 tores
1033 2573 1100 2592 suos
1121 2564 1261 2598 alliciant,
1277 2573 1376 2592 verum
1403 2565 1489 2592 etiam
1516 2564 1618 2592 suavia
1632 2564 1661 2592 in
1678 2564 1766 2592 vesti-

939 2609 1047 2638 mentis
1073 2612 1222 2645 unguenta
1246 2612 1358 2645 gerant.
1384 2609 1527 2640 Quoniam
1554 2609 1643 2645 igitur
1667 2609 1765 2636 Canti-

938 2662 1039 2682 corum
1056 2654 1150 2681 verbis
1167 2654 1265 2680 animu
1280 2656 1310 2680 ut
1326 2653 1449 2689 pulchra
1464 2653 1543 2689 virgo
1555 2656 1599 2682 est
1615 2657 1764 2688 exornata,

938 2701 966 2727 et
982 2699 1135 2727 hominum
1157 2706 1236 2726 more
1259 2697 1449 2734 sponsalibus
1462 2698 1566 2726 decora
1583 2697 1766 2726 vestimentis
