1951 3051
169 69 228 98 563

835 65 1050 99 MICHAELIS
1072 65 1209 96 PSELLI

1833 60 1890 92 εει

172 133 207 160 ad
225 132 344 168 nuptias
368 133 496 161 adducta
512 153 519 166 ,
535 136 764 162 consentaneum
785 135 830 162 est
854 135 887 161 ut
911 132 999 161 verba

1071 129 1130 158 Ξπιὶ
1146 131 1209 168 γοῦν
1224 128 1423 167 γεγυναίκισται
1438 130 1478 164 τῷ
1493 126 1569 165 λόγῳ
1582 129 1636 156 τῶν
1651 125 1809 163 ’ᾼσμ-ἅτων

176 177 311 212 quaedam
339 177 476 206 muliebri
492 178 641 213 loquatur,
665 178 731 207 licet
755 179 881 207 interius
917 185 998 205 arca-

175 230 246 250 num
262 229 382 250 sensum
403 222 582 250 contineant.
598 224 702 259 Aperte
723 223 814 259 igitur
827 222 912 258 quasi
927 221 999 249 deii-

174 266 234 294 cias
259 267 380 294 faciens.
396 267 545 302 Quamvis,
571 266 677 303 inquit,
704 267 842 294 mulieres
867 266 999 301 quaedam

174 311 209 339 sd
227 319 357 339 amorem
381 312 567 339 excitandum
585 312 641 339 alia
662 314 778 348 gestent
804 313 956 347 unguenta
970 310 1000 337 in

173 355 376 390 vestimentis;
402 363 454 391 ego
485 358 585 384 tamen
614 355 745 391 cujusvis
772 353 1001 390 fragrantissimi

174 399 272 427 odoris
289 399 350 427 loco
373 400 603 435 pulcherrimum
630 409 785 436 sponsum,
800 399 843 427 uti
860 398 998 427 suawssi-

174 452 256 471 mum
280 447 499 480 unguentorum
517 445 689 472 fasciculum
705 444 778 472 collo
803 443 998 480 suspendens,

175 487 316 516 retinebo.
333 487 382 516 Vel
400 489 497 524 potius
520 489 574 517 hoc
598 489 743 524 signiﬁcat
759 498 765 517 :
783 489 921 522 Quamvis
937 487 999 514 aliis

175 532 281 560 animae
297 533 400 560 mundi
424 533 504 562 curis
527 537 556 562 et
579 534 703 570 negotiis
717 533 922 570 implicentur;
948 540 999 568 ego

176 577 277 614 sponsi
293 578 351 606 mei
366 579 531 614 percipiens
547 580 737 615 voluptatem,
753 587 819 606 eum
835 577 1001 613 insculpam

175 622 206 649 in
220 622 330 650 tabulis
344 624 440 652 cordis
460 624 527 652 mei.
544 624 673 652 Uberum
689 624 768 652 enim
790 623 921 651 medium
937 630 1002 650 cor-

178 667 223 695 dis
238 669 284 695 est
298 668 394 696 sedes.

477 978 570 1006 Trium
589 978 715 1005 Patrum.

217 1020 314 1047 Bolrus
341 1020 426 1056 Cypri
448 1022 551 1049 sorori:
574 1028 647 1049 meae
670 1021 746 1056 ﬁlius
771 1021 842 1048 mihi
865 1021 896 1048 in
919 1022 1010 1049 vineis

185 1064 319 1100 Engaddi.

220 1109 320 1142 Qualis
335 1112 380 1138 est
396 1118 450 1137 uva
474 1110 571 1139 adhuc
591 1111 708 1144 ﬂorens,
725 1119 788 1146 qum
803 1110 904 1138 vinum
930 1110 1008 1138 cordi

184 1153 315 1182 laetitiam
331 1155 455 1182 aﬂ‘erens
471 1155 626 1190 pollicetur
641 1164 647 1183 :
663 1155 728 1183 talis
743 1157 788 1182 est
804 1156 876 1183 mihi
892 1157 1011 1191 propter

184 1199 436 1235 imperfectionem
453 1208 549 1227 meam
564 1200 689 1227 dilectus
702 1208 786 1228 meus
797 1201 826 1228 in
839 1200 943 1236 vineis,
955 1200 1010 1228 hoc

185 1244 273 1272 estin
290 1243 379 1271 variis
404 1252 501 1271 rerum
527 1244 651 1278 naturis,
669 1253 731 1281 qua:
757 1245 917 1281 perspicua:
941 1248 1011 1273 sunt

186 1288 270 1317 oculo
294 1289 465 1316 tentationis
481 1289 521 1324 (id
538 1290 616 1318 enim
635 1293 679 1318 est
694 1290 798 1326 Gaddi)
814 1290 897 1318 oculo
922 1290 1010 1318 nimi-

185 1341 251 1361 rum
267 1333 389 1360 rationis
411 1336 534 1362 naturas
558 1343 655 1362 rerum
678 1343 711 1362 ac
734 1336 886 1363 veritatem
902 1335 930 1362 in
948 1343 1010 1362 om-

185 1377 274 1406 nibus
298 1377 486 1413 explorsntis.
513 1378 578 1406 Haec
603 1379 681 1406 enim
705 1387 754 1406 eas
778 1379 923 1414 indagans
947 1381 1010 1406 tan-

185 1430 274 1458 quam
291 1422 442 1450 ﬂorentem
463 1431 560 1457 uvam,
576 1431 610 1451 ex
629 1423 702 1459 ipsis
717 1423 827 1460 colligit
841 1424 1009 1458 veritatem;

187 1475 250 1503 qua:
265 1466 355 1494 veluti
379 1467 479 1494 vinum
496 1468 644 1503 quoddam
661 1477 678 1495 a
693 1468 795 1505 ﬁguris
821 1471 949 1496 mentem
966 1468 1011 1496 di-

188 1511 327 1545 movebit,
342 1520 410 1539 cum
434 1511 575 1547 diversas,
592 1521 655 1548 quas
680 1513 709 1540 in
736 1513 845 1541 mundo
869 1515 949 1549 sunt,
965 1522 1010 1542 ra-
1026 1506 1048 1540 (Σ

188 1556 282 1584 tiones
296 1555 326 1583 in
343 1564 374 1584 se
388 1556 453 1592 ipsa
467 1559 583 1585 coactas
598 1557 798 1594 amplectetur.

555 1646 650 1674 Pselli.

223 1691 263 1716 Ex
278 1697 393 1726 sponsae
406 1690 503 1718 verbis
527 1691 660 1726 quaedam
685 1693 854 1727 supersunt,
866 1700 930 1728 qua:
946 1691 1011 1727 qui-

184 1733 249 1761 dem
265 1742 344 1761 nunc
358 1742 411 1770 pro
426 1734 538 1762 viribus
560 1738 630 1763 sunt
653 1735 826 1772 explicanda
842 1745 848 1764 :
866 1737 908 1765 sic
931 1737 1010 1765 enim

184 1778 266 1814 ipsos
282 1778 402 1814 angelos
418 1779 578 1815 alloquitur
592 1788 598 1807 :

222 1841 321 1869 Botru:
345 1841 429 1877 Cypri
456 1842 557 1870 sororis
579 1850 651 1872 mea
675 1843 753 1879 ﬁlius
776 1844 847 1872 mihi
871 1844 903 1872 in
925 1843 1013 1872 vinei:

185 1885 320 1921 Engaddi.

222 1931 244 1958 Ο
261 1930 428 1966 praeclaram
446 1932 659 1968 progressionis
672 1941 785 1969 sponse
801 1933 1011 1961 mutationem!

187 1975 254 2007 Quae
270 1975 348 2002 enim
363 1976 517 2012 perspicue
533 1976 618 2012 paulo
634 1980 701 2005 ante
716 1977 822 2005 similis
837 1986 920 2013 equae
935 1978 1013 2006 dicta

187 2020 294 2053 fuerat,
312 2028 389 2047 nunc
404 2020 566 2048 amicorum
581 2021 722 2058 obsequio
742 2021 829 2057 plane
845 2022 1011 2057 proficiens,

187 2071 218 2091 se
238 2063 332 2098 ipsam
362 2066 394 2092 ut
423 2065 510 2093 vitem
542 2066 721 2094 fructifernm
751 2066 892 2102 agnoscit.
909 2066 1012 2094 Omnis

188 2108 268 2135 enim
284 2108 382 2137 anima
397 2117 481 2145 pura,
493 2110 608 2138 Domini
619 2119 762 2138 succensa
776 2110 931 2147 desiderio,
947 2119 1013 2147 ope-

187 2161 255 2180 rum
276 2161 433 2189 progressu
445 2154 477 2181 ﬁt
491 2154 599 2182 omnia.
611 2154 694 2181 Nunc
705 2154 824 2190 quidem
841 2156 925 2183 sedes
937 2155 1010 2183 Che-

1054 176 1086 204 Ἤ
1100 174 1300 213 παρθενεύουσα
1315 174 1391 212 ψυχὴ
1408 173 1453 200 καὶ
1468 173 1582 210 τρόποις
1596 171 1792 211 ἀρρινόφρων,

1055 221 1105 248 Καὶ
1118 222 1260 259 νυμφικῶς
1272 218 1446 247 συνέσταλται
1462 218 1530 256 πρὸς
1544 217 1648 255 γάμους
1661 215 1832 254 ὶπηγμὲνη,

1055 264 1161 302 Λόγους
1177 264 1250 295 τινὰς
1264 263 1388 301 γυναικὸς
1405 263 1478 295 ιῖκός
1493 262 1548 290 ἰστι
1563 262 1608 289 καὶ
1623 261 1732 299 λέγειν,

1056 308 1110 338 Κᾶν
1126 307 1241 347 ἷ¹σχωσιν
1256 308 1410 346 ἀπόρρητον
1424 307 1468 334 τὸν
1483 306 1616 345 λογισμὸν
1632 305 1656 333 ἐν
1675 306 1770 344 βάθει.

1054 356 1139 381 Τοῖ’)το
1153 355 1219 391 γοῦν
1236 352 1308 391 λέγει
1324 354 1470 392 προφανῶς
1485 351 1574 388 ὥσπερ
1595 350 1784 386 ἀκκιζομὲνη,

1052 399 1115 426 ’Ότι
1131 398 1184 425 Κὲὶν
1202 397 1318 437 φὲρωσίν
1334 407 1405 428 τινες
1416 399 1541 434 γυναῖκες
1557 394 1630 423 ἄλλα
1647 394 1726 432 μύρα

1053 443 1125 481 Πρὸς
1140 442 1231 480 ἔρωτα
1242 442 1405 479 Θιρμότερον
1422 438 1496 468 ἔνδον
1507 442 1563 468 τῶν
1580 439 1714 476 ἱματίων,

1053 484 1132 516 Ἀλλ’
1148 484 1234 524 ἔγωδε
1254 485 1425 524 μυρία-ματος
1440 484 1499 512 ἀντὶ
1519 483 1619 514 παντὸς
1634 481 1773 516 εὐώδους,

1055 532 1144 560 Αὑτὸν
1161 531 1264 559 ἐκεῖνον
1279 531 1416 567 κτήσομαι
1430 530 1476 557 τὸν
1492 527 1641 556 κάλλιπον
1657 527 1796 566 νυμφίον,

1055 578 1156 614 ’Ὠσπερ
1170 574 1325 611 ἀπόδεσμόν
1340 585 1398 602 τινα
1415 573 1508 612 μύρων
1525 571 1737 607 εὐωδεστάτων,

1057 621 1155 652 Καλῶς
1169 621 1366 659 ἀπαιωρήσασα
1381 619 1442 658 ππρὶ
1457 617 1502 646 τὸν
1518 617 1662 656 τράχηλόν
1683 627 1752 654 μου,

1057 665 1174 695 Μᾶλλον
1189 665 1218 693 δὲ
1236 667 1317 692 τοῦτο
1332 666 1456 703 καθαρῶς
1472 663 1620 691 αἰνίσσεται
1634 664 1676 698 τῷ
1694 661 1788 699 λόγῳ,

1060 712 1120 738 Ὂτι
1137 709 1191 738 Κᾶν
1205 708 1290 738 ἄλλαι
1301 711 1355 737 τῶν
1371 710 1468 746 ψυχῶν
1483 710 1523 745 τῷ
1540 707 1593 746 βίῳ
1608 706 1800 746 πιφυρμὲναι,

1062 753 1169 786 Ἀλλας
1205 752 1351 794 φροντίδας
1392 751 1494 791 ἔχωσιν
1535 753 1589 780 τῶν
1623 752 1772 789 κοσμικῶν
1811 760 1890 788 πραγ-

1748 794 1861 833 [μάτων.

1067 844 1133 884 Εγὼ
1148 843 1171 872 δ’
1184 843 1273 880 ἄλλην
1288 844 1338 879 τήν
1351 841 1454 878 ἡδονὴν
1469 842 1569 880 γνοῦσά
1585 851 1637 878 μου
1657 842 1711 884 τοῦ
1733 840 1860 880 νυμφίου,

1062 889 1148 918 Αὐτὸν
1165 888 1276 927 χαράξω
1290 890 1350 919 ταῖς
1366 886 1448 924 πλαξὶ
1462 890 1512 922 τῆς
1527 885 1596 923 ἐμῆς
1611 883 1730 923 καρδίας
1743 894 1751 900 '

1062 936 1179 964 Μαστῶν
1196 933 1247 972 γὰρ
1266 933 1346 970 μέσον
1363 932 1478 971 πέφυκεν
1491 932 1505 959 ὁ
1517 930 1601 962 τόπος
1616 933 1667 966 τῆς
1682 929 1808 968 καρδίας.

1346 979 1404 1004 Τῶν
1419 980 1441 1014 γ’
1456 976 1594 1013 Πατὲρων.

1099 1024 1202 1061 Βότρυς
1217 1023 1267 1056 τῆς
1295 1022 1404 1059 Κύπρου
1428 1019 1573 1058 ἀδελφιδός
1603 1030 1657 1057 μου
1688 1019 1755 1055 ἐμοὶ
1785 1017 1811 1046 ἐν
1839 1018 1887 1055 ἆμ-

1063 1067 1183 1096 πελῶσιν
1197 1065 1336 1104 Ἐγγαδδί.

1099 1113 1189 1147 Ἤτοι,
1206 1110 1284 1146 δίκην
1306 1109 1446 1146 σταφυλῆς
1476 1107 1515 1136 ἔτι
1541 1107 1687 1144 ἀνθούσης,
1712 1106 1761 1134 καί
1784 1107 1827 1134 τὸν
1849 1105 1889 1133 εὖ·

1065 1157 1208 1195 φραντικὸν
1225 1159 1274 1190 τῆς
1288 1154 1399 1193 καρδίας
1416 1154 1487 1181 οἶνον
1513 1151 1774 1190 ἐπαγγελλομένης,
1799 1151 1812 1178 ὁ
1827 1150 1887 1187 ἀγα-

1064 1194 1149 1237 πητός
1182 1211 1234 1237 μου
1260 1197 1472 1236 καρποφορεῖταί
1503 1208 1549 1233 μοι
1579 1195 1623 1224 διὰ
1650 1197 1704 1231 τὴν
1736 1195 1806 1231 ἐμὴν
1833 1194 1886 1222 ἆτὲ-

1065 1245 1151 1280 λειαν,
1172 1246 1210 1276 ὡς
1236 1244 1261 1272 ὲν
1291 1242 1434 1280 ἀμπελῶσι
1461 1244 1521 1273 ταῖς
1550 1240 1696 1280 διαφόροις
1725 1242 1779 1267 τῶν
1809 1237 1884 1266 ὅντων

1065 1290 1184 1330 φύσεσιν,
1201 1288 1228 1316 α’ί
1244 1288 1309 1316 εἰσιν
1335 1286 1458 1325 διοραταῖ
1486 1288 1526 1322 τῷ
1557 1284 1696 1330 ὀφθαλμῷ
1707 1286 1773 1330 Ατοῦ
1800 1293 1885 1330 pupa:

1063 1327 1170 1373 τηρίου.
1198 1335 1281 1371 Ὅπερ
1310 1331 1487 1370 ἑρμηνεύεται
1515 1331 1545 1358 τὸ
1570 1329 1672 1358 Γαδδίο
1704 1327 1839 1373 δηλονότι,

1066 1371 1126 1416 ὅψέι
1153 1381 1203 1406 τοῦ
1220 1377 1407 1416 βασανίζοντος
1422 1376 1469 1407 τὰς
1493 1376 1594 1414 φύσῑις,
1609 1374 1655 1402 καὶ
1681 1374 1732 1408 τὴν
1763 1372 1789 1400 ἐν
1818 1371 1884 1416 ὅλοις

1065 1415 1195 1459 ἀλήθειαν
1221 1415 1383 1460 ἔρευνῶντός
1409 1420 1506 1458 λόγου.
1523 1419 1617 1450 Οὕτως
1642 1419 1696 1456 γὰρ
1725 1417 1823 1447 ταύτας
1846 1415 1883 1444 δι-

1066 1469 1247 1507 ερευνώμενος
1263 1467 1299 1498 ὡς
1312 1467 1442 1494 ἀνθοῦντα
1459 1465 1555 1504 βότρυν
1583 1466 1643 1495 τοῖς
1665 1462 1772 1490 τούτων
1799 1460 1882 1498 λόγοις

1066 1504 1236 1551 καρποφορεῖ
1256 1511 1307 1546 τήν
1334 1509 1476 1546 ἀλήθειαν,
1491 1509 1552 1544 ἥτις
1567 1508 1659 1545 ὥσπερ
1682 1517 1726 1538 τις
1749 1508 1820 1537 οἶνος
1844 1504 1883 1532 τὸν

1067 1549 1129 1585 νοῦν
1145 1557 1269 1592 ἐκστήσει
1283 1557 1337 1583 τῶν
1358 1555 1461 1589 τύπων,
1479 1553 1595 1588 ὁπηνίκα
1614 1552 1680 1584 τοὺς
1705 1551 1731 1579 ἰν
1753 1553 1793 1587 τῷ
1813 1549 1882 1577 παντὶ

1068 1601 1213 1642 διαφόρους
1227 1600 1328 1638 λόγους
1343 1599 1405 1638 περῖ
1420 1599 1517 1633 ἑαυτὴν
1531 1597 1642 1634 συνάψει
1658 1594 1794 1626 ἒνοιιδῶς.

1415 1642 1539 1671 Ψελλοῦ.

1101 1691 1221 1729 Ἐχομέν
1237 1691 1268 1727 γί
1281 1700 1307 1717 τι
1322 1687 1450 1726 λείψανον
1461 1690 1514 1715 τῶν
1531 1686 1561 1715 ἐκ
1578 1687 1628 1721 τῆς
1653 1685 1765 1724 νύμφης
1789 1682 1880 1720 λόγων,

1065 1737 1149 1773 Ὅπερ
1163 1736 1200 1766 ὡς
1216 1731 1285 1762 ἔστιν
1301 1733 1407 1773 ἐφικτὸν
1422 1733 1453 1760 τὸ
1467 1734 1512 1759 νῦν
1526 1729 1717 1769 ἐρμηνευτὲον.

1066 1770 1144 1819 Λέγει
1159 1781 1211 1817 γὰρ
1227 1779 1298 1806 οὕτω
1313 1770 1381 1813 πρὸς
1397 1776 1494 1808 αὐτοὺς
1509 1777 1526 1811 ἡ
1543 1776 1635 1814 νύμφη
1653 1774 1717 1806 τοὺς
1738 1770 1878 1810 ἀγγέλους·

1101 1843 1203 1881 Βότρυς
1230 1845 1279 1876 τῆς
1311 1840 1419 1878 Κύπρου
1442 1837 1587 1878 ἀδελφιδός
1616 1848 1670 1874 μου
1698 1835 1761 1873 ἐμοὶ
1785 1834 1809 1862 ἐν
1831 1833 1879 1869 ἆμ-

1066 1883 1338 1930 πελᾶκῖινΊΞῖγγοιδδίἶ
1378 1927 1404 1930 Η
1695 1928 1708 1930 μ
1767 1925 1780 1930 _
1838 1920 1844 1930 Ι

1101 1933 1133 1959 Ὢ
1146 1935 1196 1966 τῆς
1212 1929 1317 1965 καλλῆς
1331 1927 1486 1965 ἐναλλαγῆς
1508 1930 1557 1962 τῆς
1579 1928 1725 1964 προκοπῆς
1748 1925 1796 1992 τῇς
1819 1925 1877 1992 vulp-

1781 1976 1830 1992 Φῆ(

1769 1968 1830 2006 [φης

1065 2021 1095 2049 Ἦ
1112 2020 1164 2058 πρὸ
1180 2021 1278 2057 μικροῦ
1293 2019 1343 2056 γὰρ
1359 2017 1485 2056 ἐμφανῶς
1497 2015 1578 2052 ἵππῳ
1592 2014 1809 2058 παρεικασθείσα,

1066 2054 1145 2103 Ἀρτι
1163 2054 1471 2101 λαμπρῶς-προκύψασα
1483 2063 1542 2092 ταῖς
1558 2059 1653 2097 χάρισι
1669 2060 1722 2086 τῶν
1739 2054 1832 2096 φίλων,

1064 2113 1107 2141 Ὡς
1122 2109 1288 2148 βοτρυφόρον
1304 2106 1426 2144 ἂμπιλον
1443 2105 1525 2140 αὐτὴν
1546 2104 1728 2142 ἐπιγινώσκει.

1066 2155 1150 2192 Ψυχή
1165 2154 1214 2191 γὰρ
1231 2156 1302 2181 πᾶσα
1317 2150 1419 2187 καθαρὰ
1433 2152 1554 2182 ποθοῦσα
1567 2150 1613 2177 τὸν
1631 2147 1779 2192 Λευ-πότην,

189 2197 300 2232 rubim,
313 2206 391 2225 nunc
406 2199 489 2226 sedes
510 2198 607 2234 Regis,
620 2206 698 2225 nunc
713 2201 811 2226 autem
827 2200 895 2228 vitis
910 2201 1010 2228 fructi-

1071 2190 1183 2226 [Ιάντοτὲ.
1197 2190 1284 2225 πάντα
1297 2196 1399 2234 γίνεται
1414 2197 1448 2231 τῇ
1463 2195 1589 2232 προκοπῇ
1604 2195 1659 2221 τῶν
1678 2190 1760 2230 ἔργων

187 2241 249 2269 fera
272 2241 301 2269 in
326 2242 394 2270 aula
414 2242 539 2270 Domini.
554 2243 633 2274 Quod
661 2242 751 2278 igitur
776 2244 889 2279 puriter
902 2253 1012 2282 sponsa

187 2286 269 2320 dicit,
285 2286 339 2313 hoc
355 2288 399 2314 est
415 2294 422 2314 :
439 2286 485 2314 Sic
504 2286 607 2322 agnovi
633 2287 742 2315 sororis
766 2297 835 2316 mea
859 2289 964 2324 ﬁlium,
980 2289 1010 2318 id

185 2333 230 2358 cst
253 2339 408 2366 sponsum,
434 2331 510 2358 sicut
533 2331 662 2364 botrum,
678 2332 728 2367 qui
753 2333 838 2361 nobis
861 2334 1011 2362 distillavit

188 2377 320 2402 inustum
335 2375 516 2402 aeternitatis.
529 2375 610 2403 Haud
627 2376 764 2404 omnibus
776 2378 898 2406 virtutes
913 2387 1009 2414 capes-

188 2418 324 2446 sentibus
340 2419 495 2446 animabus
510 2421 555 2446 est
577 2422 721 2455 maturus,
735 2423 785 2449 sed
802 2431 853 2458 pro
868 2423 1009 2451 virtutum

189 2470 329 2489 mensura
343 2463 560 2497 jucunditatem
578 2472 661 2492 suam
682 2466 806 2495 subinde
821 2469 924 2495 mutat.
941 2468 1011 2496 Aliis

188 2514 316 2541 namque
336 2506 428 2539 ﬂoret,
446 2507 473 2533 in
488 2507 553 2535 aliis
579 2508 724 2544 nigrescit,
740 2511 770 2538 in
786 2512 851 2539 aliis
875 2515 1010 2540 maturus

187 2553 242 2584 est,
259 2550 288 2577 in
303 2549 369 2577 aliis
385 2550 471 2585 plane
485 2554 584 2580 coctus
600 2561 632 2580 ac
647 2554 743 2582 dulcis
758 2558 812 2583 est.
829 2557 942 2592 Sponsa
955 2557 1009 2593 igi-

187 2596 245 2626 tur,
261 2594 331 2621 dum
348 2594 498 2622 ﬂorentem
521 2596 637 2624 botrum
653 2606 684 2625 se
699 2598 771 2626 ferre
786 2600 866 2633 dicit,
883 2601 1010 2628 ostendit

186 2645 217 2665 se
234 2638 365 2665 nondum
379 2639 414 2666 ad
438 2640 642 2675 perfectionem
669 2644 845 2678 pervenisse.
862 2647 920 2673 Aut
943 2648 1009 2673 tan-

188 2690 278 2716 quam
309 2682 438 2711 ﬂorentis
467 2684 715 2720 pulchritudinem
741 2697 930 2725 exaggerans,
957 2690 1008 2723 ita,

187 2725 293 2760 inquit,
310 2727 379 2754 mihi
397 2728 478 2757 ﬂoret
493 2730 625 2759 Christus
641 2735 669 2759 et
679 2741 817 2768 sponsus,
830 2738 861 2762 ut
875 2734 1009 2762 odoriferi

1064 2245 1119 2272 Νῦν
1138 2243 1185 2280 μὶν
1200 2242 1290 2280 θρόνοι
1308 2238 1458 2278 Χερουϐὶμ,
1474 2239 1518 2285 καὶ
1534 2235 1794 2285 θρόνοςλβασιλ-ἑως,

1064 2290 1116 2315 Νῦν
1129 2286 1152 2315 δ’
1168 2285 1291 2324 ἄμπελος
1306 2285 1476 2322 κατάκαρπος
1493 2283 1518 2310 ἐν
1533 2285 1592 2313 ταῖς
1608 2281 1706 2312 αὐλαῖς
1720 2281 1822 2324 Κυρίου.

1064 2334 1150 2370 Ὅπερ
1164 2332 1210 2359 οὖν
1224 2331 1296 2368 λέγει
1311 2331 1436 2366 καθαρῶς
1451 2330 1468 2363 ἡ
1485 2327 1588 2366 νύμφη,
1604 2329 1685 2354 τοῦτο
1701 2323 1771 2370 λέγρι
1781 2331 1788 2338 ⁶

1064 2377 1107 2408 Ὧς
1122 2367 1206 2414 ἔγνων
1221 2367 1268 2403 τὸν
1282 2372 1454 2413 ἀδελφιδοῦν,
1468 2371 1590 2399 τουτέστι
1609 2371 1654 2399 τὸν
1670 2367 1792 2407 νυμφίον,

1063 2423 1155 2453 Ὅστις
1170 2420 1312 2455 ἀπέσταξεν
1324 2420 1391 2455 ἡμῖν
1405 2416 1521 2455 γλεῦκος
1536 2415 1680 2448 ἀθανασίας
1693 2423 1698 2430 ·

1064 2467 1121 2496 Οὐκ
1136 2466 1192 2494 ἔστι
1207 2467 1304 2496 πάσαις
1318 2464 1423 2501 ὥριμος
1438 2464 1540 2500 ψυχαῖς
1555 2464 1615 2493 ταῖς
1633 2459 1774 2506 ἐναρέταιςτ

1065 2511 1144 2539 Ἀλλ’
1160 2510 1317 2547 ἐξαλλάσσει
1333 2500 1362 2535 τὸ
1376 2507 1489 2544 τερπνὸν
1506 2505 1576 2536 εἶδος
1591 2505 1672 2532 αὐτοῦ
1687 2500 1824 2530 πολλάκις,

1064 2556 1139 2584 Κατᾶ
1153 2556 1184 2582 τὸ
1201 2555 1297 2592 μέτρον
1315 2550 1422 2587 δηλαδή
1435 2553 1486 2578 τῶν
1501 2550 1601 2588 ἀρετῶν
1619 2549 1738 2577 ἑκάστου.
1777 2585 1795 2594 h

1064 2601 1151 2628 Ἀνθεῖ
1178 2585 1226 2637 γέις
1250 2585 1349 2628 αλλαιξ
1385 2598 1438 2624 τῶν
1470 2585 1577 2632 ψυχῶν,
1605 2595 1631 2621 ἒν
1658 2585 1866 2670 “kapite?”

1827 2651 1834 2664 ν

1743 2640 1834 2669 «piget,

1064 2690 1107 2718 ’Ev
1125 2688 1223 2720 ἄλλαις
1238 2687 1260 2715 δ’
1277 2685 1381 2725 ὥριμός
1397 2684 1479 2719 ἐστιν,
1496 2683 1522 2711 ἄν
1537 2682 1634 2715 ἄλλαις
1650 2681 1677 2710 δὲ
1689 2677 1817 2725 περκάζειο

1063 2735 1095 2762 Ἡ
1110 2733 1202 2772 νύμφη
1219 2732 1306 2761 τοίνυν
1323 2730 1440 2769 φέρουσα
1456 2728 1618 2767 κυπρίζοντα
1633 2727 1677 2755 τὸν
1700 2724 1800 2762 βότρυν,
