1951 3051
59 109 125 140 565
592 110 798 142 GOMMENT.
821 111 861 142 IN
884 111 1085 143 CANTIGUM
1107 113 1260 144 CANTIG.

62 173 205 202 Δείκνυσιν
221 173 263 202 ὅτι
278 174 422 213 προκοπὴν
439 174 489 202 οὐκ
504 173 602 213 ἔφθασε
616 176 733 205 τελείαν.

62 219 126 247 Εἶθ’
140 218 233 255 ὥσπερ
250 219 438 255 ὑπαυξάνουσα
451 221 500 246 τοῦ
515 223 671 257 κυπρισμοῦ
685 221 716 248 τὸ
731 220 843 255 κάλλος,

1722 113 1782 144 566

916 181 936 211 Α
955 177 1031 205 botri
1046 179 1173 214 jucunde
1189 179 1292 207 ﬂorent
1307 179 1335 207 in
1352 180 1444 208 Gaddi
1458 188 1464 208 :
1482 187 1545 216 quas
1561 179 1680 215 quidem
1702 179 1781 215 regio

953 222 1061 250 vitibus
1086 224 1242 252 abundans
1256 233 1318 252 uvae
1335 225 1480 253 suavitate
1503 225 1615 252 caeteris
1642 224 1781 252 omnibus

60 263 176 300 Οὕτως,
192 264 270 302 φησὶ,
287 263 411 301 κυπρίζει
429 274 478 300 μοι
493 265 608 302 Χριστὸς
624 265 638 292 ὁ
651 265 695 292 καὶ
711 265 837 304 νυμφίος,

60 309 170 345 ’Ὠσπερ
186 308 346 346 κυπρίζουσι
359 311 482 346 τερπνῶς
499 308 526 336 ἐν
541 312 580 346 τῷ
592 308 673 337 Γαδδὶ
687 310 726 346 τῷ
740 311 817 346 τόπῳ

61 353 100 380 0".
115 354 171 380 τῶν
188 352 319 389 ἀμπέλων
336 352 448 391 βότρυες
465 352 574 384 εὐώδεις
589 355 737 393 πεφυκότες
752 364 757 369 ·

62 400 104 432 Γῆ
122 398 188 435 γὰρ,
205 397 242 428 ὥς
255 407 331 436 φασι,
343 400 392 424 τοῦ
408 396 490 426 Γαδδὶ
505 398 716 436 ἀμπιλοτρόφος
732 400 808 433 οὖσα,

60 443 120 474 Γῆν
137 445 225 470 πᾶσαν
242 441 410 480 ὑπερήλασεν
427 443 464 473 εἰς
480 443 529 477 τὴν
545 441 726 482 ἡδυϐοτρύαν,

59 490 121 521 Τῆς
137 489 204 525 γοῦν
220 487 305 525 ἁγνῆς
319 487 364 514 καὶ
380 488 497 524 καθαρᾶς
512 489 605 525 ψυχῆς
622 488 752 524 εἰπούσης
768 487 842 523 τάδε,

61 531 95 560 Ὀ
113 531 200 568 λόγος
217 531 393 568 ἀποκρίνεται
405 530 491 569 λέγων
509 534 593 559 ταῦτα
604 542 610 548 ·

100 574 175 604 Ἰδοὺ
203 576 228 603 εἴ
254 576 338 611 καλή,
370 577 387 610 ἡ
416 576 535 611 πλησίον
567 587 629 613 μου,
658 576 719 604 ἰδοὺ
747 577 840 612 καλή·
871 578 897 604 οἱ

63 619 212 657 ὀφθαλμοί
226 631 284 655 σου,
301 621 465 659 περιστεραί.

100 665 207 701 ’Ὠσπερ
224 666 250 692 οἱ
265 666 504 703 χρυσογνώμονες,
521 665 566 697 οὕς
582 677 644 705 φασι
660 666 844 704 χρυσοχόους,

59 710 109 737 ‘Av
122 710 170 736 τὸν
188 710 290 747 χρυσὸν
312 708 448 744 θελήσωσι
461 710 508 738 τὸν
524 708 777 747 κεκιϐδηλωμένον,

64 754 269 792 Λαμπρότερον
286 754 445 791 ἐργάσασθαι
460 755 504 781 καὶ
519 756 634 793 καθαρὸν
651 755 767 793 ἐξόχως,

63 798 210 829 Πολλάκις
229 797 378 836 βάλλουσιν
392 798 471 826 αὐτὸν
485 799 512 826 ἐν
525 803 584 830 τοῖς
599 801 798 839 χωνευτηρίοις

60 845 165 870 Τοῦτον
181 843 227 871 τὸν
243 843 343 881 τρόπον
361 842 477 871 δείκνυσι
491 845 541 879 τὴν
557 845 666 884 νύμφην
680 847 725 872 νῦν
743 846 756 872 ὁ
773 844 866 884 λόγος,
909 865 932 898 Β

60 888 92 898 ορ.
127 890 141 895 ..
187 889 192 898 .
245 890 256 895 -
297 894 306 898 _
435 889 442 898 κ
497 891 508 896 η
621 889 630 898 ς
723 890 728 898 .

60 888 93 916 Ὀ
105 890 164 915 τῶν
180 889 278 925 ψυχῶν
295 889 462 926 θεραπευτής
477 891 530 916 τῶν
549 889 784 926 μεμελανωμένων
796 900 802 906 ·

60 934 157 968 Ἵππῳ
167 932 218 970 γὰρ
233 932 333 968 ταύτην
351 932 482 971 πρότερον
497 936 537 969 τῷ
554 933 628 971 λόγῳ
642 935 817 971 παρεικάσας,

61 978 113 1004 Καὶ
132 975 222 1012 ’δείξας
238 976 276 1004 ἔτι
291 981 422 1015 χαμερπῆ
437 977 580 1015 τυγχάνειν
593 979 642 1013 τήν
658 979 803 1016 παρθένον,

62 1022 137 1059 Πρὸς
156 1021 253 1059 ἀρετήν
270 1021 379 1060 ἠρέθισε
391 1021 491 1057 ταύτην
508 1021 692 1060 ὑψηλοτέραν.

58 1069 91 1094 Ἠ
108 1065 138 1094 δὲ
156 1066 315 1103 προκύψασα
330 1067 435 1104 τρανῶς
450 1069 510 1098 ταῖς
526 1067 619 1105 χάρισι
634 1070 687 1095 τῶν
704 1068 803 1107 φίλων,

62 1111 173 1138 Γίνεται
190 1110 286 1147 θρόνος
302 1110 414 1147 πύρινος
429 1110 477 1138 τοῖ’)
492 1111 600 1138 πάντων
616 1112 761 1143 Βασιλέως.

62 1153 145 1183 Ἀλλ’
157 1154 197 1182 ἔτι
212 1154 295 1182 πάλιν
312 1155 447 1193 φθάνουσα
462 1159 522 1186 ταῖς
538 1157 645 1194 ἀρεταῖς
657 1157 695 1188 εἷς
711 1156 790 1194 ὕψος,

63 1199 117 1228 Καὶ
134 1199 219 1227 πάλιν
237 1199 437 1237 προσεγγίσασα
451 1203 491 1236 τῷ
505 1202 614 1239 καθαρῷ
630 1202 749 1238 νυμφίῳ,

61 1246 206 1280 Λαμπρῶς
223 1243 420 1280 ἐγκωμιάζεται
436 1245 479 1272 καὶ
497 1246 570 1283 παρὰ
583 1248 632 1273 τοῦ
647 1246 775 1285 νυμφίου.

62 1288 135 1317 Ἰδοὺ
151 1288 201 1325 γὰρ
218 1289 240 1316 εἱ
254 1288 337 1325 καλὴ,
355 1290 447 1328 φησὶν,
464 1291 480 1324 ἡ
497 1289 614 1326 πλησίον
633 1302 695 1327 μου.

61 1333 129 1360 Alta.
159 1332 273 1364 διπλοῦς
299 1333 345 1360 τὸν
371 1333 479 1361 ἔπαινον
508 1337 557 1362 τοῦ
596 1335 716 1367 κάλλους
757 1336 892 1375 ἐπιφέρων

750 1380 854 1417 [πάλιη

61 1421 147 1457 Ἰδοὺ,
165 1422 242 1462 φήσὶ,
258 1421 329 1457 καλῆ
346 1422 502 1461 τυγχάνεις,
519 1424 541 1451 ὦ
557 1425 682 1463 παρθένε.

61 1467 161 1504 Ἔχεις
176 1467 228 1504 γὰρ
243 1463 355 1503 ὄμματα
369 1467 470 1503 τερπνὰ
485 1471 644 1505 περιστερᾶς
658 1469 803 1505 παρθένου,

60 1510 180 1539 Ὀπόταν
199 1521 246 1537 σου
260 1510 323 1542 τοὺς
347 1510 507 1550 ὀφθαλμοὺς
523 1511 688 1550 ἀπέστρεψας
707 1516 756 1548 τῆς
772 1512 888 1549 πλάνης,

61 1555 109 1582 Καὶ
130 1555 201 1592 πρὸς
218 1554 266 1591 ἐμὲ
281 1555 326 1582 τὸν
340 1555 529 1594 πλαστουργὸν
543 1556 589 1584 τὸν
605 1557 650 1584 σὸν
667 1557 835 1594 ἐνατενίζεις,

64 1602 228 1638 Ηεριστερᾶς
241 1598 270 1627 δὲ
286 1600 422 1636 μέμνηται
437 1600 483 1627 νῦν
501 1600 660 1640 ὀφθαλμοὺς
676 1603 689 1629 ὁ
706 1602 801 1640 λόγος,

61 1644 96 1671 Τὸ
111 1644 229 1681 καθαρὸν
243 1646 292 1671 τοῦ
309 1645 469 1682 βλέμματος
486 1647 627 1682 σημαίνων
642 1650 692 1682 τῆς
709 1648 854 1684 παρθένου.

62 1689 114 1716 Καὶ
131 1689 184 1727 γὰρ
199 1690 328 1716 τοσοῦτον
344 1690 460 1727 καθαρὸν
475 1688 554 1728 ἔσχεν
571 1690 659 1726 ἐκείνη
677 1690 800 1729 βλέμμα,

62 1735 144 1761 Ὥστε
158 1731 266 1761 κατεῖδε
276 1734 400 1772 καθαρῶς
414 1735 459 1762 τὸν
477 1735 624 1763 κάλλιστον
639 1736 765 1776 νυμφίον.

344 1790 401 1815 Τῶν
421 1792 444 1826 γ
463 1788 601 1826 Πατέρων.

97 1831 179 1860 Οὕτω
203 1831 292 1859 τοίνυν
318 1833 368 1866 τήν
395 1833 505 1872 νύμφην
535 1835 549 1861 ὁ
578 1833 694 1872 νυμφίος
725 1835 794 1872 ὁρῶν
825 1834 892 1861 κατά

64 1877 160 1914 πρᾶξιν
190 1877 237 1913 μὶν
267 1878 398 1915 καθαρὰν,
423 1879 491 1905 κατὰ
519 1878 631 1917 θεωρίαν
663 1877 691 1906 δὲ
717 1879 891 1916 πεφωτισμέ-

61 1932 122 1956 νην,
140 1921 207 1960 φησὶ
222 1922 290 1959 πρὸς
305 1921 401 1957 αὐτὴν
418 1921 487 1951 Ἰδοὺ
504 1924 528 1950 εἴ
540 1922 622 1957 καλὴ,
640 1925 657 1958 ἡ
683 1923 801 1958 πλησίον
826 1934 890 1960 μου,

64 1964 124 1993 ἰδοὺ
153 1966 176 1994 εἴ
206 1965 289 2002 καλή·
325 1966 464 2005 ὀφθαλμοί
502 1978 560 2001 σου,
591 1967 755 2005 περιστεραί.
780 1969 891 2006 Ἤγουν,

62 2009 135 2038 Ἰδοὺ
154 2011 287 2048 ὖπάργεις
304 2010 390 2048 ὡραία
405 2011 473 2039 κατᾶ
490 2013 611 2049 μετοχὴν
625 2016 675 2047 τῆς
695 2011 764 2049 ἐμῆς
790 2012 890 2050 ὡραιό-

64 2065 158 2089 τητος,
175 2055 212 2085 ὡς
238 2055 268 2082 τὸ
291 2054 335 2082 διὰ
358 2056 408 2090 τήν
432 2056 544 2093 πρώτην
561 2057 685 2084 ἀπιστίαν
699 2058 794 2094 αἶσχος
824 2058 890 2085 ἀπο-

65 2097 218 2136 ϐαλομένη,
248 2100 292 2127 καὶ
330 2099 455 2138 ἐγγίσασά
495 2112 541 2138 μοι
573 2102 630 2129 κατ’
659 2101 756 2139 ἀρετὴν
792 2101 818 2130 ἐν
852 2105 891 2138 τῷ

67 2145 236 2181 μιμήσασθαι
260 2144 325 2176 τοὺς
349 2145 433 2182 ἐμοὺς
469 2146 592 2183 μιμητὰς
616 2146 796 2178 ἀποστόλους.
822 2145 891 2176 Ἰδοὺ

66 2189 198 2227 ὑπάρχεις
228 2188 314 2226 ὡραία
345 2189 383 2220 ὡς
412 2190 484 2227 παρὰ
510 2193 564 2218 τῶν
587 2190 707 2229 ἀγγέλων
726 2202 778 2228 μου
792 2192 840 2222 τὰς
863 2191 888 2219 ὲν

954 267 1111 296 antecellit.
1128 268 1192 296 Haec
1217 269 1316 296 anima
1342 271 1422 297 casta
1438 271 1466 296 et
1478 277 1551 305 pura
1563 277 1631 296 cum
1646 268 1779 302 dixisset,

953 318 1079 345 sponsus
1094 313 1250 348 respondet
1265 312 1305 341 ita
1317 321 1457 349 sponsam
1473 312 1626 349 alloquens
1643 321 1651 340 :

988 577 1055 604 Ecce
1066 576 1183 612 pulchra
1197 584 1234 609 es,
1250 577 1407 612 propinqua
1429 584 1504 609 mea,
1521 584 1583 604 ecce
1593 575 1710 611 pulchra
1724 583 1752 603 es
1767 584 1778 603 :

952 622 1025 650 oculi
1039 621 1091 654 tui,
1107 621 1195 648 colum
1200 620 1251 649 [λε.

987 665 1239 698 Quemadmodum
1256 666 1306 701 qui
1323 673 1428 693 aurum
1440 667 1605 693 tractantet
1614 664 1776 699 elaborant,

951 719 1025 746 quos
1040 710 1175 738 auriﬁces
1195 709 1387 746 appellamus,
1413 709 1436 738 si
1453 718 1558 737 aurum
1574 709 1775 737 adulteratum

949 755 1039 783 velint
1053 764 1224 791 expurgare,
1240 758 1268 783 et
1283 756 1386 791 purius
1402 757 1488 791 atque
1503 754 1688 791 splendidius
1708 755 1775 782 red-

950 801 1028 834 dere,
1046 800 1153 837 saepius
1169 800 1242 828 illud
1259 801 1287 827 in
1304 801 1436 828 fornaces
1451 800 1614 835 conjiciunt
1630 807 1636 827 :
1654 799 1696 827 sio
1711 799 1774 827 ani-

951 853 1013 873 mas
1025 853 1089 881 qua:
1101 845 1282 881 nigredinem
1295 846 1599 878 contraxerunt,curat
1607 843 1774 879 expolitque

951 892 1035 917 Deus.
1048 891 1121 918 Cum
1132 890 1210 917 enim
1224 889 1306 926 prius
1316 898 1457 925 sponsam
1468 897 1549 925 equaa
1560 890 1774 923 comparasset,

948 935 1181 970 ostendissetque
1196 943 1258 962 eam
1275 934 1371 962 adhuc
1392 934 1475 962 humi
1501 942 1611 970 repere,
1627 933 1770 969 virginem

948 979 983 1007 ad
995 979 1071 1007 hanc
1081 979 1282 1007 sublimiorem
1297 979 1432 1006 virtutem
1446 978 1593 1006 incitavit:
1607 977 1659 1005 illa
1673 981 1771 1005 autem

948 1024 1109 1052 amicorum
1132 1024 1237 1058 officiis
1251 1031 1316 1051 vere
1331 1022 1498 1059 proﬁciens,
1524 1022 1556 1050 ﬁt
1577 1022 1663 1058 ignea
1686 1021 1771 1049 sedes

949 1069 1036 1104 Regis
1048 1068 1375 1096 universorum.Deinde
1386 1067 1544 1095 virtutibus
1554 1074 1671 1094 rursum
1684 1065 1772 1093 altius

948 1115 1091 1148 provecta,
1108 1116 1195 1148 atque
1210 1113 1316 1140 iterum
1333 1112 1369 1140 ad
1386 1119 1492 1148 purum
1513 1119 1650 1147 sponsum
1665 1119 1772 1146 appro«

947 1157 1104 1193 pinquans,
1122 1158 1157 1184 ab
1172 1166 1205 1185 eo
1221 1157 1356 1193 przeclare
1372 1157 1594 1184 commendatur
1609 1156 1674 1183 Ecce
1686 1155 1771 1189 enim,

946 1202 1053 1238 inquit,
1063 1203 1181 1238 pulchra
1191 1211 1228 1236 es,
1242 1203 1396 1238 propinqua
1408 1209 1468 1229 mea
1477 1210 1488 1232 .'
1499 1203 1528 1229 et
1543 1199 1771 1237 pulchritudinis

946 1248 1063 1277 laudem
1092 1249 1289 1285 ingeminans,
1314 1256 1383 1283 ecce,
1413 1247 1520 1283 inquit,
1544 1246 1662 1282 pulchra
1687 1253 1725 1279 es,
1754 1253 1770 1272 ο

946 1293 1036 1330 virgo.
1061 1294 1190 1321 Jucundi
1215 1294 1291 1321 enim
1317 1301 1346 1320 es
1368 1291 1462 1320 oculis
1486 1291 1608 1328 praedita
1628 1290 1770 1318 columbae

946 1338 1078 1374 virginis,
1097 1347 1162 1366 cum
1178 1338 1278 1366 oculos
1302 1341 1368 1365 tuos
1393 1337 1428 1364 ab
1455 1344 1552 1364 errore
1575 1335 1725 1367 averteris,
1741 1337 1770 1361 et

945 1390 994 1410 eos
1014 1383 1043 1410 in
1068 1392 1115 1412 me
1137 1383 1302 1411 Creatorem
1327 1385 1412 1410 tuum
1434 1381 1606 1409 intenderis.
1621 1379 1769 1408 Columbae

945 1429 1044 1455 autem
1060 1428 1161 1456 oculos
1176 1429 1329 1461 memorat,
1342 1429 1374 1454 ut
1384 1434 1491 1462 purum
1502 1424 1623 1461 virginis
1634 1425 1768 1452 obtutum

945 1472 1099 1508 significet.
1115 1473 1185 1500 Tam
1201 1472 1327 1500 mundos
1341 1471 1419 1498 enim
1436 1470 1535 1498 oculos
1551 1470 1648 1503 habet,
1665 1470 1697 1496 ut
1711 1476 1770 1504 pu-

944 1517 1014 1546 riter
1028 1517 1260 1554 pulcherrimum
1277 1524 1418 1552 sponsum
1435 1515 1568 1552 aspiciat.

1242 1790 1334 1816 Trium
1349 1791 1475 1816 Patrum.

981 1836 1028 1864 Sic
1044 1834 1135 1871 igitur
1146 1841 1286 1869 sponsam
1297 1832 1421 1860 actionis
1432 1831 1560 1867 puritate
1570 1832 1769 1866 praestantem,

945 1883 974 1909 et
989 1878 1244 1914 contemplationis
1259 1877 1324 1904 luce
1339 1876 1541 1912 splendentem
1558 1883 1684 1910 sponsus
1695 1875 1770 1910 aspi-

945 1926 1025 1954 ciens
1048 1923 1207 1959 alloquitur
1222 1931 1231 1949 :
1244 1923 1309 1949 Ecce
1324 1921 1438 1957 pulchra.
1451 1929 1490 1956 es,
1506 1921 1660 1956 propinqua
1682 1927 1744 1946 mea
1760 1927 1770 1946 :

945 1979 1003 1999 ecce
1027 1969 1143 2006 pulchra
1166 1976 1216 1996 es:
1232 1967 1309 1995 oculi
1333 1967 1384 2000 tui,
1409 1966 1554 1995 columbae.
1579 1966 1621 1993 En
1645 1965 1770 1993 formosa

946 2014 1082 2048 exsistis;
1105 2013 1174 2049 quia
1197 2012 1342 2048 particeps
1366 2020 1397 2039 es
1421 2010 1650 2047 pulchritudinis
1675 2017 1769 2037 meas:

945 2060 1085 2097 quoniam
1103 2058 1233 2095 pristinae
1250 2056 1463 2084 incredulitatis
1491 2055 1704 2091 turpitudinem
1720 2054 1771 2081 ab-

941 2105 1050 2141 jecisti,
1068 2107 1104 2138 et,
1120 2102 1285 2130 imitatores
1306 2109 1388 2129 meos
1402 2099 1551 2136 apostolos
1565 2099 1718 2133 imitando,
1735 2098 1771 2126 ad

946 2158 993 2176 me
1017 2156 1067 2184 per
1091 2147 1228 2175 virtutem
1255 2145 1508 2182 appropinquasti.
1528 2145 1599 2172 Ecce
1611 2144 1716 2172 decora
1730 2152 1772 2177 es,

947 2194 1055 2230 quippe
1070 2201 1134 2228 quae
1150 2192 1186 2218 ab
1202 2190 1314 2227 angelis
1338 2190 1411 2217 meis
1436 2189 1547 2225 species
1569 2191 1635 2216 tuas
1659 2196 1721 2224 qua:
1742 2188 1771 2215 in

64 2233 103 2269 τῷ
147 2233 227 2260 παντὶ
263 2231 421 2271 διδαχθεῖσα
460 2235 588 2274 ἐμφάσεις
637 2247 713 2272 μου,
751 2237 829 2264 κάντε

985 2238 1058 2265 mdo
1082 2238 1162 2269 sunt,
1179 2234 1321 2270 didicisti,
1337 2237 1425 2270 atque
1441 2234 1481 2261 ita
1497 2233 1660 2269 cognitione
1682 2233 1770 2259 etiam

67 2279 229 2316 ὡραῖσθεῖσα
253 2279 298 2306 καὶ
326 2280 394 2306 κατὰ
431 2282 543 2317 γνῶσιν,
572 2280 718 2319 ἐπειδήπερ
748 2281 772 2308 οἱ
802 2280 891 2319 νοεροὶ

68 2322 206 2362 ὀφθαλμοί
223 2333 272 2351 σου
286 2324 477 2360 πνευματικοὶ,
493 2324 519 2352 ἐν
535 2327 575 2362 τῷ
596 2327 633 2362 μὴ
657 2325 806 2353 ἀπατᾶσθαι
835 2329 892 2356 τοῖς

70 2367 96 2395 ὲν
111 2367 249 2402 αἰσθήσεσι
273 2372 409 2406 τερπνοῖς,
428 2369 492 2397 ἀλλ’
508 2370 544 2400 ὡς
567 2370 591 2397 ἐν
619 2370 760 2409 ἐσόπτροις
785 2370 893 2402 τούτοις

67 2412 100 2439 τὰ
113 2412 289 2450 κεκρυμμένα
305 2412 396 2451 διορᾷν
413 2414 498 2450 νοητὰ
512 2414 615 2450 κάλλη.

346 2469 404 2494 Τῶν
424 2468 446 2505 γ’
466 2468 592 2504 Πατὲρων
599 2490 605 2496 .

105 2511 174 2548 Πρὸς
190 2513 274 2538 ταῦτα
288 2510 317 2538 δὶ
333 2513 350 2546 ἡ
366 2511 471 2550 νύμφη,
487 2511 580 2547 ἐπειδὴ
605 2513 678 2550 παρά
699 2516 747 2540 τοῦ
775 2513 892 2550 νυμφίου

75 2555 279 2591 μιμαρτύρηται
310 2556 508 2594 πνευματικοὺς
539 2557 611 2594 ἔχειν
640 2558 809 2596 ἀφθαλμοὺς,
830 2558 893 2585 κάν-

69 2600 156 2627 τεῦθεν
187 2601 225 2636 μή
255 2601 473 2638 ἀπατωμένους’
506 2601 579 2629 ἀλλὰ
611 2602 641 2629 τὸ
671 2602 770 2639 κυρίως
797 2602 892 2637 καλὸν,

69 2644 158 2679 ὅθενὴ
180 2645 317 2681 ὡραιότης
342 2646 411 2682 αὐτῇ
436 2647 528 2684 γέγονε
554 2647 621 2674 κατὰ
646 2648 778 2684 μετοχήν,
794 2647 892 2684 γνωρί-

67 2692 170 2724 ζοντας,
192 2688 256 2717 τάδε
278 2690 370 2729 φησίν·
400 2689 469 2720 Ἰδοὺ
492 2692 514 2718 εἴ
529 2691 623 2722 καλὸς.
650 2690 812 2730 ἀδελφιδοῦς
840 2702 893 2728 μου

67 2733 207 2770 δηλονότι,
225 2735 263 2761 Σὺ
294 2735 376 2772 μόνος
400 2735 430 2763 ἂν
452 2733 563 2766 δικαίως
587 2734 680 2774 λέγοιο
703 2735 785 2767 καλὸς
799 2737 812 2764 ὁ
828 2736 892 2773 ἀγα-

68 2779 153 2814 πητός
181 2789 245 2815 μου,
263 2779 293 2806 οὗ
317 2781 384 2807 κατὰ
416 2781 537 2818 μετοχὴν
557 2779 628 2808 καλὰ
641 2781 674 2809 τὰ
698 2780 768 2808 καλά
784 2791 790 2797 ”
818 2780 893 2819 καίγε

946 2285 974 2310 et
989 2281 1112 2310 scicntia
1127 2289 1157 2308 es
1174 2281 1322 2308 exornata.
1341 2278 1449 2306 Mentis
1463 2278 1541 2305 enim
1559 2277 1635 2305 oculi
1650 2276 1693 2304 tui
1709 2275 1771 2312 spi-

945 2326 1044 2355 ritales
1061 2327 1149 2353 rebus
1164 2324 1264 2353 sensui
1276 2323 1419 2359 jucundis
1439 2322 1560 2350 minime
1572 2321 1769 2357 decipiuntur,

946 2372 995 2399 sed
1008 2371 1037 2398 in
1048 2370 1085 2398 iis
1097 2373 1237 2404 tanquam
1252 2369 1281 2395 in
1295 2368 1413 2404 speculo
1429 2366 1593 2395 reconditas
1609 2365 1771 2402 pulchritu-

946 2416 1029 2444 dines
1044 2413 1244 2450 intelligibiles
1260 2412 1506 2448 contemplantur.

1246 2467 1339 2495 Trium
1352 2469 1478 2494 Patrum.

982 2513 1023 2540 Ad
1040 2513 1100 2540 haec
1117 2521 1236 2548 sponsa,
1248 2520 1316 2539 cum
1334 2509 1501 2538 testimonio
1513 2509 1614 2545 sponsi
1625 2508 1774 2544 spiritales
1819 2510 1823 2515 '

949 2558 1052 2586 habent
1067 2557 1168 2585 oculos
1183 2556 1232 2592 qui
1249 2556 1343 2592 decipi
1360 2557 1516 2590 nequeant,
1533 2555 1583 2582 sed
1610 2553 1685 2589 quod
1709 2561 1774 2581 vere

948 2602 1104 2638 pulchrum
1121 2604 1176 2636 est,
1197 2601 1273 2628 unde
1288 2600 1352 2636 ipsa
1368 2608 1483 2636 quoque
1498 2599 1531 2626 ﬁt
1545 2598 1774 2634 pulchritudinis

949 2647 1105 2683 particeps,
1133 2645 1340 2681 conspiciant:
1358 2644 1562 2680 Ecce;inquit,
1587 2651 1617 2671 es
1642 2642 1775 2678 pulcher,

949 2700 1056 2727 sponse
1081 2691 1132 2718 mi.
1147 2693 1187 2718 Tu
1216 2689 1296 2718 solus
1318 2689 1462 2723 videlicet,
1484 2689 1551 2724 jure
1573 2687 1694 2724 pulcher
1717 2686 1775 2714 dici

949 2739 1042 2772 potes,
1055 2735 1158 2763 dilecte
1174 2735 1225 2769 mi,
1252 2735 1337 2769 cujus
1353 2732 1548 2769 partipatione
1563 2732 1688 2768 pulchra
1704 2733 1773 2758 sunt

947 2782 1080 2817 pulchra.
1098 2781 1231 2816 Pulcher,
1250 2781 1381 2816 inquam,
1398 2779 1547 2806 inaccessa
1571 2779 1684 2805 naturae
1707 2776 1773 2812 pul-
