1951 3051
137 92 198 121 567

807 91 1019 123 MICHAELIS
1041 90 1179 122 PSELLl

1795 89 1862 120 568

140 156 320 185 chritudine.
338 158 384 186 Sic
399 158 489 194 igitur
508 159 639 195 pulcher,
653 159 812 187 adlectum
836 161 967 187 nostrum
985 168 994 192 λ

1070 159 1128 188 αἷος
1143 159 1182 193 τῷ
1197 155 1338 195 ὰπροσίτῳ
1354 155 1451 185 κάλλει
1467 160 1517 192 τῆς
1542 155 1645 187 οὐσίας.
1661 156 1692 184 Ὁ
1714 157 1782 194 γοῦν
1809 144 1863 182 οὕ-

141 203 312 238 umbrosus,
327 203 356 230 in
374 205 480 231 natura
494 206 595 231 nostra
611 203 761 238 nimirum,
778 204 806 231 in
823 209 897 239 qua"
910 206 972 232 tan-

143 255 231 284 quam
258 248 286 274 in
313 247 388 275 lecto
415 248 571 283 quiescens
587 250 617 276 tu
635 249 683 276 Dei
698 251 727 276 et
744 248 835 277 Patris
851 248 972 276 lucidis-

144 292 238 320 simus
255 294 283 320 et
299 292 360 320 sine
377 293 482 320 umbra
498 293 608 326 radius,
626 301 678 329 per
701 293 836 321 umbram
862 293 973 328 aspice-

144 336 197 371 ris,
222 339 365 372 tauquam
392 337 420 364 in
447 337 577 372 imagine
601 337 755 372 exemplar.
781 337 923 368 Quoniam
947 338 977 364 et

148 382 255 408 domus
269 384 321 408 tua
336 389 401 414 nos,
416 381 547 409 Ecclesia
563 381 703 409 nimirum
716 390 780 417 qua;
793 382 822 408 in
833 383 862 408 te
872 381 974 415 credit,

149 434 251 453 sumus
275 426 359 460 Tigna
387 427 492 457 nostra,
517 426 594 453 cedri
616 435 624 452 :
648 426 702 453 hoc
727 428 780 459 est,
804 426 921 462 pietatis
949 428 978 454 et

150 469 299 504 religionis
311 470 450 506 dogmata
462 479 525 505 quia
537 471 679 506 tanquam
690 471 772 507 tigna
783 471 978 504 domum,hoo

151 515 206 546 est,
228 513 358 541 fidelium
386 514 544 542 Ecclesium
569 515 730 550 continent,
746 517 775 542 et
788 515 873 551 quasi
888 515 978 548 cedri,

153 558 265 585 forliter
279 558 440 585 constituta
457 559 551 586 solida
565 559 594 586 in
610 559 757 587 Christum
775 560 831 587 ﬁds
847 560 980 588 innitun-

152 605 329 638 turzneque
353 603 514 631 Ecclesium
535 603 663 632 assiduis
682 604 826 633 haeresum
843 606 872 632 et
885 607 980 633 tenta-

153 647 268 675 tionum
296 648 438 683 motibus,
454 648 543 676 veluti
572 649 660 677 variis
683 650 899 678 vehementium
925 650 980 678 im-

156 691 255 719 brium
282 694 372 728 atque
399 695 552 721 ventorum
580 694 749 722 incursibus
781 696 981 731 oppugnatam

157 736 328 764 labefactari
346 745 379 764 ac
396 745 479 765 ruere
502 737 666 773 patiuntur.
691 740 853 774 Laquearia
875 741 982 775 nostra,

159 782 291 817 cupressi.
306 782 467 817 Laquearia
482 782 591 809 variam
607 782 677 810 recti
692 783 842 811 continent
856 783 984 820 pulchri-

160 826 305 860 tudinem,
325 834 389 862 qua:
415 828 530 854 constat
552 835 586 854 ex
608 827 752 855 concinna
774 830 803 856 et
827 828 985 856 fabrefacta

163 870 381 906 contignatione
409 870 596 905 tabularum;
624 880 688 907 quae
711 872 829 907 quidem
846 873 871 900 si
885 880 919 900 ex
934 881 986 901 cu-

162 922 264 950 presso
288 914 424 942 confectaa
448 915 519 950 sint,
539 917 601 942 tum
617 915 690 943 bene
704 915 793 950 olent,
809 919 872 944 tum
887 918 987 952 putre-

164 959 263 986 dinem
286 967 344 986 non
370 959 541 987 admittunt.
558 959 609 987 His
625 960 745 988 virtutes
771 963 841 988 sunt
863 961 987 996 similes,

164 1003 274 1039 quibus
296 1003 551 1040 perturbationum
574 1007 603 1032 et
628 1004 764 1032 vitiorum
792 1005 988 1042 corruptionis

164 1048 334 1084 expertibus
363 1050 523 1076 exornatur
551 1048 678 1077 Ecclesia
708 1058 715 1077 :
743 1058 903 1086 earumque
930 1050 988 1078 fra-

163 1092 280 1129 grantia
293 1093 419 1128 spiritali
435 1097 672 1130 consperguntur
695 1095 746 1130 qui
770 1096 871 1123 animae
895 1103 989 1123 sensu:

163 1137 265 1165 habent
278 1138 441 1165 exercitatos
456 1138 487 1165 ¹⁰.

527 1192 622 1220 Pselli.

199 1236 344 1272 Sponsam
363 1244 456 1272 purus
481 1244 609 1272 sponsus
632 1237 763 1266 laudavit
780 1246 889 1274 :quem
912 1245 990 1266 nunc

165 1280 296 1309 vicissim
312 1288 423 1316 sponsa
437 1282 635 1317 commendat,

203 1326 276 1359 Ecce,
302 1325 451 1361 inquiens,
472 1326 587 1362 pulcher
605 1335 642 1362 es,
657 1335 740 1362 nepos
763 1336 858 1364 meus;
874 1330 990 1363 natura,

167 1371 301 1407 inquam,
325 1379 357 1399 es
384 1371 528 1406 pulcher:
545 1373 615 1400 Ecce
640 1372 780 1408 formosus
803 1381 832 1401 cs
854 1382 886 1401 ac
909 1374 994 1408 plane

167 1415 279 1443 decorus
295 1417 321 1443 et
335 1417 375 1451 tu,
391 1424 489 1452 sponse
505 1417 554 1444 νηί.

203 1460 243 1487 Ac
255 1460 504 1496 quemadmodum
516 1460 633 1496 gemina
642 1461 692 1489 ille
702 1461 788 1490 laude
798 1471 938 1498 sponsam
949 1472 995 1491 ex-

167 1504 255 1533 tulit:
269 1505 311 1532 sic
323 1505 374 1532 illa
388 1505 496 1541 duplici
508 1506 593 1534 laude
604 1514 746 1542 sponsum
759 1507 849 1535 ell‘ert.
860 1507 992 1543 Pulcher,

429 1533 439 1541 .
610 1533 628 1542 ν.
728 1533 745 1534 η
884 1533 992 1543 -η-νπ

167 1549 573 1586 inquiens,es,sponse,atque
582 1551 883 1587 formosusNepotem
895 1555 992 1581 autem
1009 1533 1030 1566 Ο

168 1602 278 1630 sponsa
302 1594 458 1622 Dominum
488 1595 625 1631 appellat,
642 1604 706 1623 eam
732 1596 859 1624 innuens
883 1602 994 1633 parlem

170 1639 264 1674 ipsius
280 1647 332 1675 per
346 1647 435 1674 quam
464 1639 507 1667 illi
530 1640 695 1676 propinqua
718 1644 763 1669 est
787 1650 850 1677 quas
873 1642 998 1678 pertinet

171 1684 206 1711 ad
225 1683 457 1717 humanitatem,
470 1692 559 1718 quam
582 1685 699 1720 quidem
715 1685 792 1714 infra
807 1686 924 1722 planius
947 1695 998 1715 ex-

173 1727 293 1765 plicabit
309 1737 315 1756 :
332 1737 475 1764 sponsum
489 1729 567 1757 enim
582 1738 692 1766 sponsa
705 1730 837 1759 vicissim
862 1731 998 1768 laudans,

173 1773 216 1801 sic
230 1773 265 1800 ad
281 1781 348 1801 eum
365 1774 466 1801 statim
481 1774 553 1802 dicit
568 1783 575 1802 :
591 1775 633 1802 Ad
650 1775 758 1803 lectum
775 1778 910 1804 nostrum
926 1785 1000 1812 um-

173 1818 290 1846 brosus.

212 1960 417 1995 Adinﬁmum,
449 1961 553 1997 inquit,
584 1962 691 1990 lectum
722 1964 855 1991 nostrum
886 1963 928 1991 sic
956 1972 1004 1992 ac-

177 2005 311 2040 cessisti,
345 2009 378 2033 ut
415 2006 515 2034 dedita
552 2015 639 2042 opera
662 2007 825 2035 divinitatis
861 2008 1004 2045 fulgorem

178 2050 380 2078 obumbrares.
397 2051 458 2080 Nisi
475 2059 540 2079 eam
563 2054 594 2079 tu
617 2052 653 2079 iis
678 2051 842 2080 rationibus
866 2061 928 2089 qua
952 2053 1006 2081 tibi

179 2095 233 2123 soli
250 2095 372 2131 cognitis
388 2098 467 2131 sunt,
483 2096 701 2129 abscondisses,
726 2096 823 2124 divino
851 2097 1007 2133 splendore

179 2140 254 2167 forte
277 2140 445 2175 consumpti
473 2148 617 2168 essemus.
643 2140 723 2172 Quod
753 2141 870 2176 quidem
899 2144 1006 2177 totum,

180 2184 274 2212 Verbo
299 2184 481 2212 divinitatem
506 2184 628 2218 celante,
647 2185 753 2213 factum
770 2188 824 2213 est.
841 2189 911 2214 Cum
929 2188 1007 2215 enim

1025 212 1080 232 τως
1095 202 1198 240 ὡραῖος
1215 202 1282 239 πρὸς
1305 200 1402 237 κλίνην
1433 202 1513 238 ἡμῶν
1541 200 1661 237 σύσκιος,
1676 199 1739 235 ἤτοι
1769 199 1795 227 ἐν
1819 201 1862 236 τῇ

1027 247 1148 284 ¹ἡμετέρᾳ
1171 246 1258 285 φύσει,
1289 246 1328 285 ἐφ’
1405 246 1443 276 ὡς
1471 245 1514 273 ἐπὶ
1538 244 1618 283 κλίνῃ
1633 244 1757 282 ἀναπαῦῃ
1774 245 1792 279 ἡ
1807 246 1864 272 τοῦ

1029 293 1094 318 Θεοῦ
1109 291 1153 318 καὶ
1171 291 1275 328 Ηατρὸς
1291 289 1456 327 ὁλολαμπὴς
1479 290 1523 318 καὶ
1553 290 1645 321 ἅσκιος
1669 289 1755 323 ἀκτὶς,
1776 299 1864 316 σκιω-

1030 334 1084 366 δῶς
1110 336 1160 373 ὁρᾷ
1175 335 1212 366 ὡς
1225 335 1250 362 ἦν
1266 335 1349 362 είκόνι
1366 335 1530 372 ἀρχέτυπον.
1546 335 1621 362 Ἐπεὶ
1652 333 1680 361 δὲ
1703 333 1748 362 καὶ
1777 333 1863 368 οῗκη-

1029 379 1123 417 τήριόν
1155 390 1203 406 σου
1231 381 1351 416 ἠμεῖς,ἡ
1379 379 1542 407 πιστεύσασα
1571 379 1609 410 εἷς
1638 379 1667 406 σὲ
1693 378 1862 413 Ἐκκλησία,

1031 423 1122 461 ἐσμὲν,
1138 424 1218 451 Δοκοὶ
1243 425 1323 461 ἡμῶν
1353 423 1556 462 κέδροι-ἤγουν,
1577 424 1611 451 τὰ
1639 426 1689 458 τῆς
1719 420 1863 453 εὐσεϐείας

1032 468 1165 507 δόγματα,
1182 468 1198 496 ἃ
1214 468 1290 505 δίκην
1313 467 1401 496 δοκῶν
1426 470 1597 507 συνεχουσῶν
1614 468 1711 504 οἰκίαν,
1727 467 1779 502 τὴν
1803 469 1863 494 τῶν

1033 516 1134 542 πιστῶν
1167 513 1329 549 Ἐκκλησίαν
1355 513 1526 551 συνέχουσιν,
1550 513 1594 541 καὶ
1634 512 1729 550 οἷάπερ
1765 510 1864 549 κέδροι

1034 557 1149 594 ὲδραίως
1177 557 1356 596 ἆῤῥιζωμένοι
1382 560 1416 595 τῇ
1447 557 1485 588 εἷς
1510 557 1628 595 Χριστὸν
1643 556 1741 595 στεῤῥᾷ
1769 555 1865 584 πίστει

1034 601 1210 639 ἡδραίωνται·
1228 602 1272 630 καὶ
1301 605 1359 634 ταῖς
1386 600 1626 641 προσϐαλλούσαις
1645 603 1679 639 τῇ
1708 600 1867 636 Ἐκκλησίᾳ

1036 646 1113 681 δίκην
1144 646 1267 686 σφοδρῶν
1296 647 1377 674 ὑετῶν
1407 646 1452 674 καὶ
1479 646 1586 684 ἀνέμων
1614 648 1726 684 συχναῖς
1754 645 1867 683 ἕπαγω-

1035 695 1096 730 γαῖς
1130 693 1185 720 τῶν
1219 691 1356 731 διαφόρων
1394 691 1522 730 αίρέσεών
1554 702 1584 719 τε
1614 690 1660 719 καὶ
1689 692 1867 728 πειρασμῶν,

1037 737 1087 764 οὐκ
1125 736 1188 764 ἐῶσι
1229 736 1330 772 ταύτην
1367 739 1537 765 καταπεσεῖν.
1569 736 1740 772 Φατνώματα
1781 735 1870 772 ἡμῶν

1037 781 1218 817 κυπάρισσοι·
1236 781 1400 818 φατνώματα
1429 779 1457 808 δέ
1485 780 1536 809 ιίσι
1565 779 1794 808 διαποικίλλουσα
1823 789 1871 811 τις

1038 826 1069 854 τὸ
1082 829 1132 861 τῆς
1150 825 1253 864 ὀροφῆς
1267 824 1372 857 κάλλος
1387 824 1547 864 ἐναρμόνιος
1561 825 1606 853 καὶ
1616 823 1766 864 γλυφώδης
1781 823 1871 859 πῆξις

1041 869 1164 898 σανίδων·
1191 869 1270 908 α’ίπερ
1292 870 1336 898 ἐὰν
1354 871 1419 897 ὦσιν
1441 870 1470 897 ἑκ
1490 869 1674 906 κυπαρίσσων,
1689 869 1721 897 τὸ
1749 867 1873 896 εὔπνουν

1042 914 1148 953 ἔχουσι,
1164 915 1207 942 καὶ
1229 913 1378 950 σηπεδόνος
1402 913 1498 952 σχεδόν
1521 913 1586 942 ιῖσιν
1609 912 1802 952 ἀπαράδεκτοι.
1820 915 1874 940 Ὧν

1043 958 1120 995 δίκην
1149 960 1177 986 αἱ
1205 959 1297 997 ἀρεταὶ
1321 960 1371 994 τὴν
1394 958 1558 995 Ἐκκλησίαν
1585 957 1800 997 καθωραΐζουσι,
1823 957 1876 985 καὶ

1041 1007 1091 1039 τῆς
1134 1006 1188 1032 τῶι
1226 1004 1317 1031 παθῶν
1357 1002 1506 1040 σηπεδόνος
1551 1003 1617 1031 εἶσὶν
1661 1000 1850 1039 ἆπαράδικτοι
1867 1010 1876 1017 ⁶

1042 1049 1088 1077 καὶ
1117 1049 1231 1077 εὐωδίαν
1256 1049 1441 1085 πνευματικὴν
1471 1047 1563 1086 ἀφιᾶσι
1590 1051 1649 1079 τοῖς
1675 1045 1877 1085 γεγυμνασμέ-

1042 1104 1100 1125 νοις
1113 1093 1147 1121 τὰ
1158 1096 1209 1128 τῆς
1224 1095 1317 1131 ψυχῆς
1333 1093 1508 1130 αἰσθητήρια.

1390 1189 1513 1219 Ψελλοῦ.

1080 1237 1133 1272 Τὴν
1160 1235 1267 1274 νύμφην
1306 1234 1492 1265 ἐπαινέσαντος
1521 1233 1569 1262 τοῦ
1600 1234 1719 1270 καθαροῦ
1749 1231 1877 1271 νυμφίου

1046 1282 1284 1318 Ἀνταποκρίνεται
1301 1279 1397 1308 λοιπὸν
1412 1279 1522 1314 κάκείνη
1538 1279 1583 1306 τὸν
1599 1278 1725 1316 νυμφίον,

1082 1324 1153 1354 ’ἰδοὺ
1182 1325 1267 1356 καλὸς
1288 1323 1332 1352 καί
1353 1335 1382 1362 γε
1397 1324 1498 1361 ὡραῖος
1527 1321 1672 1362 ἀδελφιδὸς
1698 1330 1771 1359 μου·
1799 1321 1878 1360 φημὶ

1047 1370 1076 1398 δὶ
1105 1370 1182 1408 φύσει
1207 1370 1317 1407 ὡραῖος.
1333 1368 1405 1398 Ἰδοὺ
1434 1367 1519 1400 καλὸς
1546 1368 1591 1395 καὶ
1617 1367 1649 1395 σὺ
1674 1367 1836 1404 τυγχάνεις,
1855 1366 1879 1393 ὦ

1047 1415 1157 1454 νυμφίε.

1083 1461 1186 1498 ’Ὠσπερ
1202 1458 1224 1486 δ’
1239 1459 1340 1490 ἐκεῖνος
1355 1457 1448 1495 εἴρηκε
1463 1455 1578 1489 διπλοῦς
1598 1455 1666 1493 αὐτῇ
1682 1455 1820 1491 ἐπαίνους,

1048 1504 1127 1534 Οὕτω
1143 1503 1256 1534 διπλοῦς
1271 1503 1424 1540 ἀντείρηκεν
1441 1501 1529 1537 [xciv-:3
1544 1501 1609 1532 τοὺς
1623 1500 1759 1534 ἐπαίνους,

1049 1550 1149 1584 Καλὸς,
1166 1549 1287 1582 εἰποῦσα,
1303 1547 1432 1587 πέφυκας,
1449 1547 1471 1574 ὧ
1486 1545 1594 1584 νυμφίε,
1607 1545 1653 1573 καὶ
1668 1545 1783 1582 ὡραῖος.

1048 1592 1225 1632 Ἀδιλφιδοῦν
1240 1592 1262 1620 δ’
1278 1592 1418 1628 ὠνόμασεν
1435 1592 1452 1626 ἡ
1468 1591 1560 1630 νύμφη
1571 1589 1618 1617 τὸν
1634 1589 1784 1625 Δεσπότην,

1048 1639 1101 1673 Τὴν
1131 1638 1183 1665 ἀπὸ
1211 1639 1261 1670 τῆς
1284 1636 1444 1674 σαρκώσεως
1469 1635 1551 1662 αὐτοῦ
1578 1634 1648 1673 πρὸς
1669 1633 1734 1665 τοὺς
1768 1633 1882 1671 ἀνθρώ-

1758 1679 1842 1715 [πους

1052 1727 1231 1764 Αἶνιττομὲνη
1248 1727 1394 1765 προφανῶς
1407 1724 1564 1763 συγγενικὴν
1582 1721 1679 1760 μερίδα
1690 1732 1697 1739 ·

1052 1776 1100 1801 ”“Πν
1119 1772 1238 1809 μάλιστα
1252 1770 1419 1808 πλατύτερον
1433 1769 1551 1801 κάτωθεν
1568 1767 1732 1806 διδαχθήσῃ.

1054 1816 1277 1847 Ἀντεπαινὲσασα
1311 1815 1356 1842 καὶ
1391 1815 1442 1853 γὰρ
1478 1814 1495 1848 ἠ
1533 1813 1626 1852 νύμφη
1663 1812 1710 1840 τὸν
1753 1811 1888 1849 νυμφίον,

1056 1863 1134 1901 φησὶ,
1150 1861 1195 1889 καὶ
1217 1862 1301 1888 ταῦτα
1324 1858 1460 1898 παρευθὺς
1483 1858 1550 1896 πρὸς
1576 1858 1622 1885 τὸν
1647 1856 1727 1884 αὐτὸν
1747 1855 1888 1896 νυμφίον·

1057 1908 1128 1946 Πρὸς
1139 1906 1237 1941 κλίνην
1253 1906 1332 1942 ἡμῶν
1347 1903 1464 1935 σύσκιος.

1093 1958 1296 1998 ⁷Ηλθες,-φησὶ,
1317 1957 1385 1995 πρὸς
1413 1957 1464 1991 τὴν
1492 1957 1572 1992 ἡμῶν
1601 1955 1798 1989 ἀσθενεστάτην
1826 1953 1890 1982 κλί-

1779 2002 1853 2034 [νην.

1060 2051 1117 2085 Τὴν
1135 2049 1273 2087 ἀστραπὴν
1285 2048 1333 2082 τὴν
1352 2047 1443 2080 θεῖκήν
1459 2045 1592 2083 ἐντέχνως
1607 2045 1764 2075 συσκιάσας.

1060 2095 1094 2122 Εἴ
1110 2095 1148 2131 μή
1163 2094 1212 2131 γὰρ
1229 2092 1346 2131 ἔκρυψας
1361 2091 1444 2125 αὐτὴν
1460 2092 1500 2121 οἷς
1517 2088 1591 2120 οἶδας
1605 2090 1720 2127 τρόποις
1738 2088 1834 2125 μόνος,

1059 2140 1126 2177 Τάχ⁹
1140 2138 1169 2166 ἂν
1185 2136 1419 2173 κατηναλώθημεν
1435 2135 1460 2170 ἐξ
1476 2135 1615 2172 ἀστραπῆς
1625 2137 1675 2168 τῆς
1689 2133 1777 2165 θείας·

1061 2184 1144 2213 ³Ολον
1161 2182 1188 2210 δὲ
1199 2184 1279 2210 τοῦτο
1294 2180 1394 2220 πέφυκε
1407 2181 1456 2208 τοῦ
1471 2179 1558 2216 Λόγου
1573 2179 1604 2206 τὸ
1619 2178 1779 2216 κρυψίνουν.

182 2229 268 2256 amici
284 2229 333 2264 qui
350 2237 489 2265 sponsam
506 2228 699 2264 deducebant,
723 2232 755 2257 ut
774 2239 864 2266 supra
879 2231 994 2259 declara

1072 2228 1137 2258 Επεὶ
1152 2228 1202 2266 γὰρ
1216 2228 1241 2254 οἱ
1257 2225 1434 2265 νυμφαγωγοὶ
1449 2224 1493 2252 καὶ
1510 2222 1586 2263 φίλοι
1601 2225 1649 2250 τοῦ
1666 2223 1800 2261 νυμφίου,

182 2274 290 2308 vimus,
304 2281 339 2301 ex
353 2275 490 2309 argentea
513 2281 632 2301 auream
659 2274 865 2311 reddidissent,
890 2278 919 2304 et
942 2279 1007 2304 tau-

184 2326 273 2353 quam
286 2317 425 2345 lectulum
438 2317 550 2353 regium
567 2326 697 2353 purpura
709 2322 844 2347 ornatum
857 2320 1009 2349 instruxis-

185 2363 268 2396 sent;
285 2362 315 2388 in
331 2369 364 2389 eo
381 2361 440 2388 Rex
455 2362 601 2389 accubuit.
625 2362 725 2398 itaque
749 2373 859 2400 sponsa
883 2365 1010 2393 admira-

183 2405 285 2433 bunda
309 2405 351 2433 sic
377 2413 444 2433 eum
467 2405 648 2441 alloquitur:
666 2408 708 2435 Ad
731 2408 838 2437 lectum
864 2412 1010 2443 nostrum,

185 2449 355 2482 umbrosus,
371 2451 404 2476 ut
418 2449 516 2482 libuit,
529 2451 686 2480 accessisti.
708 2453 825 2486 Verum,
844 2462 908 2490 quae
928 2453 1012 2481 dein-

184 2501 252 2528 cepe
268 2493 297 2520 in
313 2493 439 2521 Canticis
460 2497 633 2528 sequuntur,
646 2497 913 2534 audiamus.Pergit
932 2498 1011 2526 enim

185 2537 279 2565 adhuc
295 2546 405 2573 sponsa
423 2546 565 2573 sponsum
590 2540 710 2577 alloqui,
735 2543 837 2578 Tigna,
862 2543 1010 2579 inquiens,

185 2584 297 2616 nostra,
321 2582 400 2609 cedri
419 2591 425 2610 :
443 2582 602 2618 laquearia,
628 2588 770 2622 cupressi.
792 2588 913 2620 Quando
935 2595 1012 2615 nunc

188 2626 222 2653 ad
240 2634 305 2659 nos,
322 2634 337 2653 ο
355 2634 471 2662 sponse.
487 2628 604 2663 venisti,
623 2630 720 2658 nullos
741 2632 869 2667 amplius
891 2632 1012 2660 horren-

190 2669 242 2696 dos
272 2669 393 2704 imbres,
421 2671 517 2700 nullos
545 2674 717 2703 torrentium
747 2675 885 2711 impetus,
917 2676 1014 2704 nullos

229 2759 251 2776 ‘°
265 2758 351 2788 Hebr.
367 2768 393 2795 v,
411 2761 453 2788 14.

1063 2274 1106 2304 Ὠς
1122 2272 1221 2305 ἄνωθεν
1237 2271 1382 2308 εἰρήκαμεν
1397 2270 1443 2297 τὸν
1460 2268 1543 2306 λόγον
1559 2268 1621 2305 περὶ
1635 2267 1745 2301 τούτου,

1062 2317 1308 2355 ’Υπαργυρίζουσαν
1325 2315 1407 2349 αὐτὴν
1425 2313 1582 2352 ἐχρύσωσαν
1598 2315 1657 2344 τοῖς
1676 2312 1803 2348 τρόποις,

1065 2363 1113 2390 Καὶ
1129 2361 1225 2397 κλίνην
1243 2360 1438 2398 ἀπειργάσαντο
1455 2358 1600 2396 βασιΛικὴν
1613 2356 1769 2395 πορφύραν

1066 2406 1244 2438 Ἐπανεκλίθη
1257 2406 1399 2443 τοιγαροῦν
1417 2404 1431 2430 ὁ
1447 2401 1575 2433 Βασιλεὺς
1592 2401 1618 2429 ἓν
1633 2400 1731 2438 ταύτῃ.

1067 2452 1168 2479 Λοιπὸν
1184 2452 1201 2486 ἡ
1216 2450 1309 2488 νύμφη
1326 2449 1394 2486 πρὸς
1407 2447 1486 2475 αὐτὸν
1504 2443 1714 2488 ἒκθαμϐουμάνη
1732 2444 1821 2482 λέγιι·

1067 2496 1137 2534 Πρὸς
1152 2495 1249 2530 κλίνην
1265 2494 1348 2529 ἦλθες
1364 2492 1474 2522 σύσκιος
1488 2492 1558 2527 ἡμῖν
1574 2491 1612 2521 ὡς
1632 2487 1810 2525 ἠϐουλήθης.

1066 2540 1146 2568 ’Λλλ¹
1161 2539 1340 2575 ἀκουσώμεθα
1355 2537 1452 2565 λοιπὸν
1466 2536 1510 2563 καὶ
1526 2538 1579 2562 τῶν
1596 2535 1658 2570 ἑξῆς
1675 2534 1832 2570 ᾊσμάτων.

1067 2585 1140 2620 Φησὶ
1155 2585 1206 2622 γὰρ
1223 2583 1261 2611 ἔτι
1272 2583 1339 2619 πρὸς
1355 2582 1434 2609 αὐτὸν
1450 2582 1467 2616 ἡ
1484 2580 1576 2616 νύμφη
1592 2580 1637 2607 τὸν
1654 2578 1784 2616 νυμφίον’

1068 2630 1147 2657 Δοκοὶ
1161 2631 1241 2666 ἡμῶν
1257 2626 1359 2663 κέδροι,
1376 2626 1543 2665 φατνώματα
1556 2625 1637 2661 ἡμῶν
1651 2623 1825 2660 κυπάρισσοι.

1068 2673 1154 2708 Ἐπεὶ,
1172 2673 1264 2713 φησὶν,
1280 2671 1418 2707 ἰλήλυθας
1433 2672 1478 2697 ν’ὖν
1490 2670 1557 2707 πρὸς
1573 2670 1658 2705 ἡμᾶς,
1673 2668 1784 2706 νυμφίε,
