1949 3055
79 108 150 140 569

80 173 189 202 οὐκίτι
206 172 381 212 δεδιττόμεθα
398 174 502 213 βροχάς
516 186 592 207 τινας
606 175 748 215 ραγδαίας,

82 217 166 247 Οὔτε
181 220 301 254 κινήσεις
315 222 445 257 ποταμῶν
461 223 515 248 τῶν
531 224 660 260 πονηρῶν
677 222 829 260 ῥευμάτων,

81 262 175 291 ’Δλλ’
192 262 255 291 οὐδὲ
269 265 392 295 πνεύσεις
405 267 453 293 τοῦ
470 265 556 304 βορῤἃ
569 266 723 303 πνεύματος
735 267 864 297 ἂναντίου.

83 308 160 344 Ἐμὶ
174 308 225 346 γὰρ
238 307 269 343 ἤν
287 307 434 345 εὐδόκησας
450 310 516 337 εἶναί
533 321 580 338 σου
595 311 745 346 κατοικίαν,

86 352 194 383 Καλῶς
209 352 425 390 ἰπῳκοδόμησας
441 354 467 382 ἐν
484 359 597 392 σεαυτῷ,
613 356 723 395 νυμφίε,

84 397 121 426 Ὀ
138 397 217 429 λίθος
233 396 316 430 ὅντως
333 399 346 426 ὁ
362 401 476 437 τερπνὸς
488 401 532 428 καὶ
548 405 599 436 τῆς
611 403 712 437 ζωῆς-ἠ
729 402 823 440 πίτρα.

83 443 169 470 Ὅθεν
185 441 308 480 δοκῶμεν
323 443 387 476 τοὺς
400 443 496 477 δοκοὺς
510 446 590 482 ἡμῶν
605 445 746 485 κιδρίνους
761 447 839 482 ιίναι,

87 488 144 516 Καὶ
159 487 243 516 πάλιν
257 488 292 515 τὰ
306 488 473 527 φατνώματα
488 488 604 527 δινδρων
621 490 650 518 tu
664 491 847 530 κυπαρίσσων.

85 532 168 560 Ἐπεὶ
184 534 248 570 γοῦν
263 532 462 570 ἐμνημόνευσεν
475 533 567 566 ἐνθάδε
581 536 730 570 κατοικίας,

87 576 142 604 Καὶ
159 577 347 616 φατνωμὰτων
362 578 405 605 καὶ
419 577 507 606 δοκῶν
521 579 571 607 οὐκ
586 580 657 608 εἴασε
673 584 826 617 μνησθῆναι
839 590 846 597 ·

87 621 130 648 Σὺ
148 619 179 649 δά
192 632 239 658 μοι
254 622 288 648 τὰ
298 623 465 661 φατνώματα
479 624 524 651 καὶ
537 624 601 655 τοὺς
617 624 713 656 δοκοὺς
729 625 846 660 ἀκούων,

88 666 141 693 Καὶ
157 665 255 703 ἀρετὰς
271 665 397 702 ἐννόησον
412 668 556 706 τυγχάνειν
572 671 655 697 ταῦτα
665 670 751 697 πάντα
767 679 774 686 “

87 711 138 738 'Ev
155 711 199 741 αἷς
214 709 300 738 mam
316 710 455 749 ἐστέγασεν
472 712 554 748 αὐτὴν
571 714 586 741 ὁ
601 714 673 746 θεῖος
687 714 784 753 Λόγος,

89 754 143 782 Καὶ
161 757 320 792 πειρασμῶν
336 755 490 784 ἆνὲνόεκτον
511 758 656 795 είργάσατο
670 758 792 790 τελείως.

89 798 227 835 Ἀνίμους
242 798 332 827 τοίνυν
346 800 391 828 γαί
407 801 512 839 βροχὰς
525 801 542 837 ἤ
554 803 696 840 ποταμοὺς
711 803 828 838 ἀκούων,

90 843 238 880 Δαιμόνων
253 846 337 872 ταῦτα
352 846 520 883 πειρασμοὺς
532 847 648 885 γίνωσκε
662 848 819 887 πεφυκέναι.

166 901 240 939 Ἐγὼ
253 900 330 933 ἄνθος
346 905 395 930 τοῦ
413 901 522 932 πεδίου.
538 904 628 941 κρίνον
649 905 845 942 κοιλωμάτων.

380 976 440 1002 Τῶν
458 975 485 1012 γ’
498 975 634 1013 Πατὶρων.

128 1036 220 1070 Ἤτοι,
235 1035 307 1074 Ἐγὼ
321 1037 339 1072 ἠ
359 1036 385 1072 ἐξ
403 1037 514 1075 Ἰσραὴλ
538 1039 582 1066 καὶ
609 1038 635 1075 ἐξ
660 1039 743 1072 ἐθνῶν
756 1040 918 1078 Ἐκκλησία,

91 1080 162 1108 κατὰ
179 1080 227 1117 μὶν
242 1080 305 1111 τοὺς
325 1080 350 1117 ἐξ
380 1080 501 1119 Ἰσραὴλ,
526 1082 563 1114 ὠς
586 1084 664 1120 νὸμῳ
691 1085 736 1112 καὶ
764 1087 918 1125 προφήταις

92 1124 221 1156 ἀπιστίας
258 1125 304 1152 καὶ
349 1125 444 1158 κακίας
495 1128 740 1166 προκαθαρθιντας,
778 1124 919 1159 κάντεῦθεν

94 1168 177 1205 δίκην
204 1168 299 1197 πεδίου
331 1170 593 1208 προομαλισθέντας,
622 1173 666 1200 καὶ
693 1173 743 1201 οὐκ
771 1173 814 1202 ἐπὶ
848 1175 920 1204 πολὺ

93 1216 145 1257 τοῦ
174 1213 260 1242 καλοῦ
287 1214 483 1251 ἀφεστηκότας.
508 1215 612 1252 ἤνθησα
634 1219 668 1255 τῇ
690 1218 785 1255 ἀρετῇ,
807 1219 852 1247 τὸν
867 1220 918 1257 ὅμ-

96 1256 164 1296 Ερον
177 1261 333 1296 γνωστικῶς
361 1257 491 1296 δεξαμένη
516 1261 561 1288 τὸν
591 1261 751 1300 ἐπουράνιον
769 1272 775 1278 ·
801 1265 868 1292 κατὰ
886 1256 920 1292 νδὶ

95 1302 162 1334 τοὺς
183 1303 209 1338 ιε
236 1302 330 1336 ἆθνῶν,
357 1303 394 1334 ὡς
420 1302 464 1332 διὰ
498 1305 546 1339 τήν
576 1307 688 1344 πρώτην
716 1307 840 1335 ἀπιστίαν
868 1312 919 1344 τῆς

97 1351 215 1385 φυσικῆς
242 1346 415 1384 ὁμαλότητας
439 1350 627 1387 στερηθέντας,
658 1351 701 1378 καὶ
733 1354 774 1388 τῷ
802 1355 919 1390 χειμῶνι

94 1394 150 1420 τῶν
178 1393 269 1420 παθῶν
299 1394 509 1425 κουανθὲντας”
547 1394 640 1432 οἷάπερ
675 1396 765 1434 κρίνον
794 1397 848 1425 ἀπὸ
871 1400 919 1426 τοῦ

95 1436 195 1465 κοίλου
208 1437 275 1475 πρὸς
289 1437 320 1465 τὸ
347 1437 453 1474 ὑψηλὸν
479 1438 644 1475 ἂναθάλλον,
659 1441 704 1468 καὶ
729 1441 769 1480 ἐφ’
784 1442 875 1470 ἱκανὸν
891 1443 921 1470 ἑκ

99 1485 150 1516 τῆς
175 1481 251 1519 ῥίζης
278 1481 469 1519 καλαμοειδῶς
492 1484 652 1522 ἁνατρέχον,
669 1485 706 1516 ὡς
728 1484 757 1512 ἃν
793 1487 831 1522 μὴ
854 1487 919 1525 κρύ-

97 1536 194 1554 πτοιτο
217 1529 276 1557 τοῖς
297 1525 476 1564 κοιλώμασιν,
493 1527 565 1556 ἀλλὰ
588 1530 620 1556 τὸ
642 1529 745 1562 κάλλος
771 1531 868 1558 τούτου
893 1531 918 1559 ἰν

100 1571 230 1609 μετεώρῳ
254 1571 354 1608 ὁρῷτο,
379 1573 413 1609 τῇ
440 1571 478 1604 εἷς
505 1573 620 1610 Χριστὸν
646 1573 735 1602 πίστει
758 1574 920 1613 ἰρῥίζωμαι,

98 1616 144 1643 καὶ
174 1614 219 1642 διὰ
244 1616 410 1653 καθάρσεως⁷
430 1620 479 1652 τῆς
496 1620 550 1645 τῶν
564 1619 656 1646 παθῶν
673 1619 847 1656 ὑπεξανέστην
862 1631 922 1658 συγ-

99 1659 217 1698 χύσεως,
232 1659 276 1687 καὶ
298 1660 342 1687 ἐπὶ
361 1663 400 1696 τῷ
423 1661 483 1698 ὕψει
512 1665 562 1696 τῆς
583 1663 730 1700 γνωςτικῆς
754 1664 866 1703 θεωρίας
882 1667 922 1701 τῷ

100 1704 196 1733 κάλλει
212 1706 261 1738 τῆς
276 1705 372 1742 ἀρετῆς
386 1706 588 1744 καθωράϊσμαι.

445 1777 568 1806 annos.

137 1839 234 1876 Καιρὸς
251 1837 350 1866 λοιπὸν
364 1839 409 1866 καὶ
423 1841 478 1867 τῶν
494 1840 555 1876 ἑξῆς
572 1841 683 1868 ἀκοῦσαι
698 1841 799 1878 ταύτης
817 1841 922 1881 λόγων.

101 1883 174 1919 Φησὶ
189 1883 239 1921 γὰρ
256 1882 327 1910 οὕτω
341 1883 410 1922 πρὸς
426 1883 506 1912 αὐτὸν
522 1883 612 1922 ὥσπερ
628 1885 829 1925 ἑγκαυχωμὲνη
847 1897 854 1903 ·

145 1982 213 2019 Ἐγὼ
229 1981 257 2009 δὶ
273 1979 352 2014 ἄνθος
367 1983 416 2009 τοῦ
430 1981 535 2018 πεδίου,
550 1983 640 2020 κρίνον
655 1986 709 2012 τῶν
726 1984 874 2015 κοιλάδων.

136 2035 275 2073 ’Υπὲρευγε
285 2039 336 2070 τῆς
351 2038 494 2073 προκοπῆς
509 2040 559 2071 τῆς
573 2038 691 2075 καθαρᾶς
707 2039 858 2076 παρθένουί

102 2079 170 2109 Ἰδοὺ
185 2080 247 2118 γὰρ.
264 2077 333 2118 ἔγνω
343 2080 440 2115 ἱαυτὴν
455 2083 504 2108 τοῦ
519 2081 674 2118 ξύμπαντος
688 2082 783 2111 πεδίου

109 2126 163 2159 Τῆς
178 2124 350 2162 ἀνθρωπίνης
365 2125 470 2164 φύσεως
485 2124 564 2157 ἄνθος
579 2125 623 2153 ἐκ)
630 2128 788 2165 εΛεγμένον,

104 2170 166 2197 Εἶτα
179 2169 224 2197 καὶ
240 2169 331 2207 κρίνον
341 2170 455 2205 καθεξῆς
470 2169 500 2198 ἐκ
513 2181 566 2198 των
582 2171 719 2200 κοιλάδων
735 2174 806 2201 θεῖον
824 2183 830 2190 ·

103 2213 209 2251 Μυρίζιι
224 2213 274 2252 γὰρ
291 2213 328 2245 ὠς
345 2213 456 2249 ἀληθῶς
467 2217 538 2243 πᾶσα
550 2216 627 2254 ψυχὴ
642 2219 700 2248 τοῖς
711 2218 836 2255 τρόποις,

101 2260 163 2289 Ταῖς
178 2258 285 2295 ἀρεταῖς
299 2257 437 2294 ἀνθήσασα
451 2259 496 2286 καὶ
510 2261 733 2298 καοωραϊσθεῖσα.

103 2303 149 2331 Καὶ
165 2303 203 2339 μή
221 2303 366 2341 μερίμναις
379 2307 524 2340 κοσμικαῖς
537 2303 610 2336 ὅλως
626 2305 814 2345 ἀποπνιγεῖσα.

105 2347 150 2376 Καὶ
166 2347 267 2384 μάρτυς
281 2347 379 2375 τούτου
395 2347 496 2387 πέφυκε
510 2349 629 2387 Χριστὸς
644 2350 658 2377 ὁ
673 2351 718 2378 καὶ
733 2351 858 2390 νυμφίος,

105 2395 320 2430 Προσμαρτυρών
336 2392 373 2423 ὡς
388 2392 500 2428 άληθῶς
521 2396 561 2429 τῷ
576 2393 650 2432 λόγώ
664 2398 704 2431 τῷ
717 2399 766 2430 τῆς
780 2396 901 2436 νύμφης.

106 2437 174 2473 Φησὶ
189 2437 238 2474 γὰρ
255 2436 326 2464 οὕτω
342 2437 409 2475 πρὸς
433 2437 528 2474 αὐτὴν,
545 2438 582 2470 ὠς
596 2439 654 2466 καθ’
663 2439 757 2477 εἱρμὸν
774 2441 899 2478 εὑρήσεις
912 2450 918 2458 ·

137 2500 178 2530 Ὧς
193 2498 284 2537 κρίνον
301 2499 327 2527 ἰν
345 2499 418 2536 μίσῳ
440 2502 494 2528 τῶν
519 2500 651 2536 ἀκανθῶν,
668 2501 740 2530 οὕτω
763 2503 780 2538 ἡ
805 2501 920 2539 κλησίον

108 2554 154 2581 μου
169 2543 194 2571 ἐν
214 2544 288 2581 μέσῳ
303 2546 357 2572 τῶν
370 2539 534 2582 θυγατέρων.

140 2603 251 2640 Ὀρθῶς,
268 2602 345 2641 φησὶ,
363 2601 521 2638 λελάληκας
535 2614 596 2642 περι
611 2608 723 2641 σαυτῆς,
736 2604 759 2633 ὦ
773 2606 866 2645 νύμφη
884 2617 890 2624 ·

108 2645 197 2677 Οὕτως
212 2646 264 2684 γὰρ
282 2646 362 2682 μέσον
376 2649 430 2674 τῶν
445 2649 543 2686 ψυχῶν
558 2650 612 2675 τῶν
625 2647 704 2683 δῆθιν
713 2651 876 2689 θυγατέρων,

109 2692 164 2719 Τῶν
176 2690 201 2717 ἐν
215 2691 358 2728 μερίμναις
372 2692 487 2719 πάντοτε
501 2695 803 2730 συγκαταπνιγομένων,

111 2735 144 2763 Σὺ
158 2735 226 2771 μόνη
239 2737 286 2763 νῦν
301 2735 449 2771 ἐξήνθησας
463 2735 554 2774 ὥσπερ
569 2735 706 2772 ἠδύπνουν
720 2737 799 2776 ῥόδον

111 2779 191 2809 Καλεῖ
203 2778 232 2808 δὲ
245 2780 346 2816 ταύτην
362 2779 482 2816 ἀδελφήν
499 2781 513 2809 ό
529 2781 616 2820 Λόγος
629 2782 674 2810 καὶ
684 2783 812 2821 νυμφίος,

610 111 812 142 COMMENT.
837 112 876 143 IN
898 112 1103 144 CANTICUM
1125 115 1280 146 CANTIG.

1738 113 1799 145 510

931 179 1097 214 Aturentis
1125 180 1219 209 Borea
1254 183 1341 210 ﬂatus
1375 181 1606 209 extimescimus.
1637 180 1682 208 Me
1717 179 1797 208 enim

974 232 1063 260 quam
1079 225 1132 252 tibi
1155 226 1338 254 domicilium
1364 234 1429 254 esse
1455 225 1583 259 voluisti,
1607 224 1744 261 praeclare
1767 224 1798 252 in

974 272 1011 303 te,
1027 277 1144 305 sponse,
1161 270 1359 306 exadiﬁcasti,
1384 271 1434 306 qui
1460 278 1526 298 vere
1540 270 1615 306 lapis
1629 277 1661 297 es
1676 269 1800 305 pulcher

973 316 1001 341 et
1017 315 1080 342 vitae
1094 317 1185 351 petra.
1201 315 1326 343 Ccdrina
1349 317 1420 343 sunt
1443 315 1525 351 tigna
1550 317 1661 348 nostra,
1679 321 1798 349 cupres-

973 359 1038 387 sina
1066 360 1224 395 laquearia.
1252 360 1396 394 Quoniam
1430 360 1477 388 hic
1508 360 1614 388 domus
1640 361 1686 386 est
1722 358 1797 386 facta

974 404 1094 439 mentio,
1110 405 1146 432 de
1167 405 1256 440 tignis
1280 405 1368 433 etiam
1393 407 1422 432 et
1445 404 1632 440 laquearibus
1654 402 1795 438 loquitur.

973 448 1040 480 Qua
1056 449 1173 485 quidem
1190 450 1290 477 omnia
1305 453 1337 477 tu
1352 457 1404 485 pro
1419 449 1577 477 virtutibus
1601 448 1710 484 accipe,
1731 447 1797 484 qui-

973 493 1029 521 bus
1045 502 1108 521 eam
1134 494 1262 522 Verbum
1288 495 1456 527 adveniens,
1482 495 1623 522 adversus
1646 494 1749 520 ventos
1769 493 1798 519 et

973 537 1083 566 imbres
1098 540 1127 566 et
1142 539 1274 573 numina,
1291 539 1320 566 id
1336 541 1390 573 est,
1407 541 1508 567 contra
1522 538 1696 566 lentationes
1717 544 1796 565 com-

974 582 1109 610 munivit.

1114 908 1172 943 Ego
1183 906 1234 941 ﬂos
1247 905 1353 940 campi,
1362 904 1457 932 lilium
1470 902 1653 932 convallium.

1273 978 1366 1005 Trium
1379 977 1503 1004 Patrum.

1007 1045 1067 1080 Ego
1081 1042 1199 1078 quidem
1215 1039 1344 1069 Ecclesia
1359 1047 1394 1067 ex
1408 1038 1550 1067 Israelitis
1564 1039 1593 1066 et
1607 1046 1642 1066 ex
1661 1037 1798 1074 gentibus

973 1089 1169 1124 congregata;
1185 1088 1329 1122 quantum
1355 1084 1481 1120 pertinet
1502 1083 1537 1111 ad
1563 1082 1722 1116 Israelitas,
1746 1082 1798 1115 qui

974 1141 1026 1170 per
1038 1133 1133 1168 legem
1158 1133 1187 1159 et
1201 1129 1368 1167 prophetas
1393 1129 1430 1157 ab
1454 1127 1660 1156 incredulitate
1684 1129 1713 1155 et
1737 1135 1798 1155 ma-

974 1177 1037 1205 litia
1059 1178 1126 1204 ante
1150 1174 1276 1212 purgati,
1292 1176 1381 1209 atque
1407 1173 1501 1200 instar
1523 1172 1619 1208 campi
1643 1171 1797 1207 exequsti,

975 1221 1053 1249 haud
1070 1220 1109 1247 ita
1125 1219 1251 1247 multum
1268 1218 1305 1245 ab
1320 1217 1443 1245 honesto
1457 1216 1617 1248 distabant,
1629 1215 1728 1251 pluvia
1741 1223 1797 1242 cm-

975 1266 1057 1294 lestis
1071 1264 1248 1300 cognitionis
1260 1262 1391 1299 irrigata.
1408 1261 1565 1288 virtutibus
1581 1259 1665 1287 ﬂorui
1681 1268 1687 1287 :
1704 1267 1798 1295 quan-

974 1313 1037 1339 tum
1054 1312 1146 1338 autem
1163 1308 1268 1336 attinet
1280 1307 1315 1335 ad
1332 1308 1443 1343 gentes,
1460 1305 1508 1341 qui
1523 1312 1574 1341 per
1595 1304 1797 1332 inﬁdelitatem

975 1354 1100 1383 naturali
1129 1352 1295 1389 aequalitate
1318 1351 1433 1387 privati,
1456 1352 1485 1378 et
1512 1349 1651 1377 vitiorum
1680 1349 1798 1376 turbine

974 1399 1105 1436 depressi
1129 1400 1213 1426 erant
1232 1405 1239 1424 :
1255 1396 1345 1424 veluti
1370 1395 1467 1423 lilium
1483 1403 1516 1422 ex
1532 1394 1591 1422 imo
1616 1394 1647 1422 in
1671 1393 1798 1421 sublime

974 1451 1165 1478 consurgens,
1181 1444 1211 1470 et
1225 1442 1261 1469 ab
1277 1441 1374 1468 radice
1397 1440 1433 1467 ad
1458 1439 1594 1467 idoneam
1621 1437 1798 1474 magnitudi-

975 1497 1041 1516 nem
1058 1496 1109 1524 per
1132 1486 1279 1514 calamum
1301 1484 1473 1515 ascendens.
1492 1491 1528 1511 ne
1542 1482 1659 1510 vallium
1676 1481 1798 1518 profunv

975 1533 1064 1561 ditate
1086 1531 1293 1563 abscondatur,
1310 1529 1360 1558 sed
1381 1528 1523 1557 excelsam
1549 1526 1796 1564 pulchritudinem

977 1585 1060 1605 suam
1084 1576 1227 1612 preferat,
1243 1575 1300 1602 {ide
1322 1574 1352 1602 in
1380 1573 1529 1601 Christum
1552 1572 1671 1605 innitor,
1696 1574 1725 1599 et
1749 1579 1800 1607 per

976 1621 1178 1658 purgationem
1195 1628 1228 1648 ex
1243 1618 1413 1647 confusione
1427 1618 1564 1645 vitiorum
1579 1615 1698 1649 emersi,
1710 1618 1799 1651 atque

977 1667 1005 1694 in
1022 1664 1279 1702 contemplationis
1304 1663 1430 1699 fastigio,
1446 1662 1589 1690 virtutum
1613 1661 1716 1689 decore
1732 1668 1797 1688 sum

975 1713 1124 1739 exornata.

1331 1779 1439 1814 Pulli.

1012 1844 1141 1878 Tempus
1152 1844 1216 1879 jam
1231 1845 1285 1875 est,
1301 1844 1334 1870 ut
1357 1849 1421 1877 quae
1436 1840 1574 1876 deinceps
1590 1847 1700 1875 sponsa
1719 1838 1800 1872 dicit,

976 1889 1141 1917 audiamus.
1167 1887 1213 1915 sic
1234 1886 1314 1916 enim
1338 1885 1409 1914 dicit
1431 1885 1468 1913 ad
1496 1892 1563 1913 eum
1591 1883 1671 1912 velut
1693 1883 1800 1919 gloria-

977 1934 1077 1961 bunda
1093 1941 1100 1961 :

1066 1987 1118 2022 Ego
1134 1989 1226 2014 autem
1238 1985 1288 2020 ﬂos
1300 1984 1411 2020 campi:
1422 1983 1517 2011 lilium
1530 1981 1709 2010 convallium.

1013 2040 1035 2068 Ο
1051 2039 1219 2076 praeclaram
1235 2045 1315 2074 pura
1333 2035 1460 2073 Virginis
1476 2033 1730 2072 progressionem!
1747 2033 1799 2061 Ee-

977 2093 1008 2113 ce
1037 2084 1114 2112 enim
1145 2086 1174 2111 te
1203 2083 1298 2119 ipsam
1326 2089 1394 2110 cum
1421 2080 1560 2108 eximium
1593 2079 1684 2107 totius
1720 2085 1802 2106 cam-

977 2129 1016 2166 pi,
1033 2132 1144 2157 natura:
1169 2128 1305 2155 humanae
1329 2126 1442 2160 ﬂorem,
1458 2128 1520 2153 tum
1537 2123 1669 2152 divinum
1683 2122 1799 2151 conval-

976 2174 1048 2202 lium
1065 2173 1157 2201 lilium
1174 2171 1327 2209 agnovisti.
1345 2170 1447 2198 Omnis
1462 2169 1540 2197 enim
1556 2168 1685 2205 profecto
1701 2167 1801 2195 anima

976 2218 1041 2246 vita
1066 2217 1210 2254 probitate
1225 2225 1258 2244 ac
1280 2215 1440 2243 virtutibus
1462 2214 1569 2242 ﬂorens
1593 2215 1681 2248 atque
1703 2210 1799 2239 excel-

976 2263 1050 2297 lens,
1067 2270 1119 2290 nec
1135 2261 1238 2289 mundi
1264 2258 1513 2289 sollicitudinibus
1526 2257 1586 2285 ullo
1601 2257 1688 2284 modo
1708 2256 1799 2283 suffo-

977 2310 1051 2342 cata,
1067 2306 1186 2335 redolet.
1203 2306 1294 2341 Cujus
1314 2304 1432 2341 quidem
1455 2303 1496 2331 rei
1511 2301 1595 2330 testis
1608 2303 1653 2329 est
1666 2300 1800 2329 Christus

976 2362 1010 2381 ac
1027 2360 1171 2388 sponsus;
1185 2351 1234 2387 qui
1259 2357 1374 2386 sponse
1390 2355 1568 2382 sermonem,
1585 2349 1618 2374 ut
1636 2345 1739 2374 ordine
1754 2345 1800 2373 in-

976 2398 1085 2432 venies,
1099 2398 1141 2425 ita
1154 2395 1308 2424 conﬁrmat
1324 2402 1331 2422 :

1013 2506 1089 2534 Sicut
1104 2506 1196 2533 lilium
1211 2505 1241 2532 in
1255 2503 1346 2532 medio
1360 2503 1515 2539 spinarum,
1521 2501 1561 2529 εἰσ
1573 2501 1730 2537 propinqua
1739 2507 1801 2528 mea

979 2551 1007 2578 in
1022 2550 1111 2578 medio
1125 2550 1260 2586 ﬁliarum.

1014 2608 1111 2642 Recte,
1127 2607 1235 2643 inquit,
1251 2607 1287 2635 de
1301 2608 1327 2634 te
1342 2605 1438 2634 locuta
1454 2613 1496 2640 es,
1514 2612 1632 2640 sponsa.
1649 2603 1696 2631 Sic
1721 2603 1800 2631 enim

978 2653 1055 2681 inter
1069 2653 1194 2686 animas,
1211 2659 1274 2688 qua
1289 2659 1426 2679 curarum
1445 2651 1474 2678 et
1488 2648 1722 2677 sollicitudinum
1739 2648 1799 2684 spi-

979 2698 1025 2726 nis
1050 2697 1241 2728 suﬂ‘ocantur,
1257 2698 1289 2723 ut
1303 2695 1446 2723 odorifero
1472 2702 1539 2722 rosa
1562 2693 1695 2721 ﬂoruisti.
1720 2692 1800 2720 Hanc

979 2745 1076 2771 autem
1093 2749 1222 2770 sororem
1235 2740 1361 2768 Verbum
1373 2748 1406 2767 ac
1421 2747 1548 2776 sponsus
1563 2737 1800 2773 vocat,quoniam

980 2787 1083 2816 divinae
1097 2787 1277 2822 obtemperat
1292 2783 1446 2813 voluntati.
1462 2783 1518 2813 Eos
1532 2782 1610 2812 enim
1626 2782 1656 2811 in
1670 2783 1799 2817 Evange-
