  <div class='ocr_page' id='page_1' title='image "/cluster/home/n/w/nwhite01/storage/ocr_20150623/122/njp.32101077773016/309.png"; bbox 0 0 1951 3051; ppageno 0'>
   <div class='ocr_carea' id='block_1_1' title="bbox 115 79 169 109">
    <p class='ocr_par' dir='ltr' id='par_1_1' title="bbox 115 79 169 109">
     <span class='ocr_line' id='line_1_1' title="bbox 115 79 169 109; baseline -0.019 0"><span class='ocrx_word' id='word_1_1' title='bbox 115 79 169 109; x_wconf 76' lang='grc'>571</span> 
     </span>
    </p>
   </div>
   <div class='ocr_carea' id='block_1_2' title="bbox 782 81 1155 113">
    <p class='ocr_par' dir='ltr' id='par_1_2' title="bbox 782 81 1155 113">
     <span class='ocr_line' id='line_1_2' title="bbox 782 81 1155 113; baseline 0.003 -1"><span class='ocrx_word' id='word_1_2' title='bbox 782 81 998 113; x_wconf 81' lang='lat' dir='ltr'>MICHAELIS</span> <span class='ocrx_word' id='word_1_3' title='bbox 1021 82 1155 113; x_wconf 86' lang='lat' dir='ltr'><strong>PSELLI</strong></span> 
     </span>
    </p>
   </div>
   <div class='ocr_carea' id='block_1_3' title="bbox 1766 79 1826 110">
    <p class='ocr_par' dir='ltr' id='par_1_3' title="bbox 1766 79 1826 110">
     <span class='ocr_line' id='line_1_3' title="bbox 1766 79 1826 110; baseline 0.017 -1"><span class='ocrx_word' id='word_1_4' title='bbox 1766 79 1826 110; x_wconf 74' lang='grc'>572</span> 
     </span>
    </p>
   </div>
   <div class='ocr_carea' id='block_1_4' title="bbox 112 146 947 189">
    <p class='ocr_par' dir='ltr' id='par_1_4' title="bbox 112 146 940 187">
     <span class='ocr_line' id='line_1_4' title="bbox 112 146 940 187; baseline 0.006 -13"><span class='ocrx_word' id='word_1_5' title='bbox 112 146 170 180; x_wconf 89' lang='lat' dir='ltr'>liis,</span> <span class='ocrx_word' id='word_1_6' title='bbox 185 147 289 175; x_wconf 81' lang='lat' dir='ltr'>fratres</span> <span class='ocrx_word' id='word_1_7' title='bbox 304 149 333 175; x_wconf 89' lang='lat' dir='ltr'>et</span> <span class='ocrx_word' id='word_1_8' title='bbox 357 147 539 185; x_wconf 85' lang='lat' dir='ltr'>propinquos</span> <span class='ocrx_word' id='word_1_9' title='bbox 554 151 582 178; x_wconf 89' lang='lat' dir='ltr'>et</span> <span class='ocrx_word' id='word_1_10' title='bbox 597 150 708 179; x_wconf 85' lang='lat' dir='ltr'>amicos</span> <span class='ocrx_word' id='word_1_11' title='bbox 730 150 872 187; x_wconf 80' lang='lat' dir='ltr'>appellat,</span> <span class='ocrx_word' id='word_1_12' title='bbox 889 150 940 187; x_wconf 85' lang='lat' dir='ltr'>qui</span> 
     </span>
    </p>
   </div>
   <div class='ocr_carea' id='block_1_5' title="bbox 1021 146 1696 189">
    <p class='ocr_par' dir='ltr' id='par_1_5' title="bbox 1021 148 1696 189">
     <span class='ocr_line' id='line_1_5' title="bbox 1021 148 1696 189; baseline -0.004 -10"><span class='ocrx_word' id='word_1_13' title='bbox 1021 157 1040 183; x_wconf 68' lang='grc' dir='ltr'>ις</span> <span class='ocrx_word' id='word_1_14' title='bbox 1056 149 1269 189; x_wconf 64' lang='grc' dir='ltr'>ἐκπληρώσωσιν</span> <span class='ocrx_word' id='word_1_15' title='bbox 1285 149 1379 181; x_wconf 78' lang='grc' dir='ltr'>καλῶς</span> <span class='ocrx_word' id='word_1_16' title='bbox 1394 149 1424 177; x_wconf 82' lang='grc' dir='ltr'>τὸ</span> <span class='ocrx_word' id='word_1_17' title='bbox 1441 148 1507 185; x_wconf 73' lang='grc' dir='ltr'>θὲλη</span> <span class='ocrx_word' id='word_1_18' title='bbox 1514 160 1550 186; x_wconf 83' lang='grc' dir='ltr'>μα</span> <span class='ocrx_word' id='word_1_19' title='bbox 1565 149 1596 177; x_wconf 86' lang='grc' dir='ltr'>τὸ</span> <span class='ocrx_word' id='word_1_20' title='bbox 1612 152 1696 182; x_wconf 78' lang='grc' dir='ltr'>θεῖον.</span> 
     </span>
    </p>
   </div>
   <div class='ocr_carea' id='block_1_6' title="bbox 116 191 554 229">
    <p class='ocr_par' dir='ltr' id='par_1_6' title="bbox 116 191 554 229">
     <span class='ocr_line' id='line_1_6' title="bbox 116 191 554 229; baseline 0.009 -10"><span class='ocrx_word' id='word_1_21' title='bbox 116 192 207 220; x_wconf 85' lang='lat' dir='ltr'>Patris</span> <span class='ocrx_word' id='word_1_22' title='bbox 222 192 268 220; x_wconf 86' lang='lat' dir='ltr'>sui</span> <span class='ocrx_word' id='word_1_23' title='bbox 283 191 423 220; x_wconf 80' lang='lat' dir='ltr'>voluntati</span> <span class='ocrx_word' id='word_1_24' title='bbox 441 197 554 229; x_wconf 82' lang='lat' dir='ltr'>parent.</span> 
     </span>
    </p>
   </div>
   <div class='ocr_carea' id='block_1_7' title="bbox 413 328 648 357">
    <p class='ocr_par' dir='ltr' id='par_1_7' title="bbox 413 328 648 357">
     <span class='ocr_line' id='line_1_7' title="bbox 413 328 648 357; baseline 0.009 -2"><span class='ocrx_word' id='word_1_25' title='bbox 413 328 505 356; x_wconf 84' lang='lat' dir='ltr'>Trium</span> <span class='ocrx_word' id='word_1_26' title='bbox 521 330 648 357; x_wconf 85' lang='lat' dir='ltr'>Patrum.</span> 
     </span>
    </p>
   </div>
   <div class='ocr_carea' id='block_1_8' title="bbox 149 381 944 418">
    <p class='ocr_par' dir='ltr' id='par_1_8' title="bbox 149 381 944 418">
     <span class='ocr_line' id='line_1_8' title="bbox 149 381 944 418; baseline 0.003 -10"><span class='ocrx_word' id='word_1_27' title='bbox 149 381 250 416; x_wconf 80' lang='lat' dir='ltr'>Itaque</span> <span class='ocrx_word' id='word_1_28' title='bbox 271 389 399 417; x_wconf 90' lang='lat' dir='ltr'>sponsus</span> <span class='ocrx_word' id='word_1_29' title='bbox 414 381 476 409; x_wconf 87' lang='lat' dir='ltr'>lilio</span> <span class='ocrx_word' id='word_1_30' title='bbox 503 390 642 418; x_wconf 82' lang='lat' dir='ltr'>sponsam</span> <span class='ocrx_word' id='word_1_31' title='bbox 667 382 795 411; x_wconf 84' lang='lat' dir='ltr'>similem</span> <span class='ocrx_word' id='word_1_32' title='bbox 812 382 893 417; x_wconf 84' lang='lat' dir='ltr'>dicit,</span> <span class='ocrx_word' id='word_1_33' title='bbox 911 384 944 410; x_wconf 89' lang='lat' dir='ltr'>ut</span> 
     </span>
    </p>
   </div>
   <div class='ocr_carea' id='block_1_9' title="bbox 118 425 639 461">
    <p class='ocr_par' dir='ltr' id='par_1_9' title="bbox 118 425 639 461">
     <span class='ocr_line' id='line_1_9' title="bbox 118 425 639 461; baseline 0.006 -9"><span class='ocrx_word' id='word_1_34' title='bbox 118 434 184 461; x_wconf 73' lang='lat' dir='ltr'>quae</span> <span class='ocrx_word' id='word_1_35' title='bbox 198 425 262 453; x_wconf 64' lang='lat' dir='ltr'>vitae</span> <span class='ocrx_word' id='word_1_36' title='bbox 277 425 372 461; x_wconf 81' lang='lat' dir='ltr'>spinis</span> <span class='ocrx_word' id='word_1_37' title='bbox 388 434 444 453; x_wconf 91' lang='lat' dir='ltr'>non</span> <span class='ocrx_word' id='word_1_38' title='bbox 461 427 639 455; x_wconf 76' lang='lat' dir='ltr'>suffocatur:</span> 
     </span>
    </p>
   </div>
   <div class='ocr_carea' id='block_1_10' title="bbox 151 470 946 509">
    <p class='ocr_par' dir='ltr' id='par_1_10' title="bbox 151 470 946 509">
     <span class='ocr_line' id='line_1_10' title="bbox 151 470 946 509; baseline 0.003 -12"><span class='ocrx_word' id='word_1_39' title='bbox 151 470 228 498; x_wconf 73' lang='lat' dir='ltr'>Sicut</span> <span class='ocrx_word' id='word_1_40' title='bbox 243 470 344 504; x_wconf 81' lang='lat' dir='ltr'>lilium,</span> <span class='ocrx_word' id='word_1_41' title='bbox 368 470 476 506; x_wconf 83' lang='lat' dir='ltr'>inquit,</span> <span class='ocrx_word' id='word_1_42' title='bbox 498 471 572 499; x_wconf 85' lang='lat' dir='ltr'>inter</span> <span class='ocrx_word' id='word_1_43' title='bbox 594 473 698 508; x_wconf 78' lang='lat' dir='ltr'>spinas,</span> <span class='ocrx_word' id='word_1_44' title='bbox 722 473 764 500; x_wconf 86' lang='lat' dir='ltr'>ita</span> <span class='ocrx_word' id='word_1_45' title='bbox 787 473 946 509; x_wconf 83' lang='lat' dir='ltr'>propinqua</span> 
     </span>
    </p>
   </div>
   <div class='ocr_carea' id='block_1_11' title="bbox 116 515 945 554">
    <p class='ocr_par' dir='ltr' id='par_1_11' title="bbox 116 515 945 554">
     <span class='ocr_line' id='line_1_11' title="bbox 116 515 945 554; baseline 0.002 -12"><span class='ocrx_word' id='word_1_46' title='bbox 116 522 177 542; x_wconf 80' lang='lat' dir='ltr'>mea</span> <span class='ocrx_word' id='word_1_47' title='bbox 195 516 271 542; x_wconf 79' lang='lat' dir='ltr'>inter</span> <span class='ocrx_word' id='word_1_48' title='bbox 291 515 376 550; x_wconf 81' lang='lat' dir='ltr'>ﬁlias.</span> <span class='ocrx_word' id='word_1_49' title='bbox 394 518 427 542; x_wconf 80' lang='lat' dir='ltr'>Et</span> <span class='ocrx_word' id='word_1_50' title='bbox 451 515 527 543; x_wconf 86' lang='lat' dir='ltr'>hanc</span> <span class='ocrx_word' id='word_1_51' title='bbox 551 517 670 552; x_wconf 81' lang='lat' dir='ltr'>quidem</span> <span class='ocrx_word' id='word_1_52' title='bbox 695 517 756 545; x_wconf 91' lang='lat' dir='ltr'>lilio</span> <span class='ocrx_word' id='word_1_53' title='bbox 782 519 945 554; x_wconf 80' lang='lat' dir='ltr'>comparat,</span> 
     </span>
    </p>
   </div>
   <div class='ocr_carea' id='block_1_12' title="bbox 117 559 948 598">
    <p class='ocr_par' dir='ltr' id='par_1_12' title="bbox 117 559 948 598">
     <span class='ocr_line' id='line_1_12' title="bbox 117 559 948 598; baseline 0.004 -12"><span class='ocrx_word' id='word_1_54' title='bbox 117 559 255 595; x_wconf 88' lang='lat' dir='ltr'>quoniam</span> <span class='ocrx_word' id='word_1_55' title='bbox 280 567 381 587; x_wconf 88' lang='lat' dir='ltr'>eorum</span> <span class='ocrx_word' id='word_1_56' title='bbox 407 568 471 595; x_wconf 69' lang='lat' dir='ltr'>quae</span> <span class='ocrx_word' id='word_1_57' title='bbox 497 561 533 588; x_wconf 85' lang='lat' dir='ltr'>ad</span> <span class='ocrx_word' id='word_1_58' title='bbox 557 561 666 590; x_wconf 83' lang='lat' dir='ltr'>victum</span> <span class='ocrx_word' id='word_1_59' title='bbox 692 563 848 598; x_wconf 76' lang='lat' dir='ltr'>pertinent,</span> <span class='ocrx_word' id='word_1_60' title='bbox 867 561 948 590; x_wconf 90' lang='lat' dir='ltr'>nulla</span> 
     </span>
    </p>
   </div>
   <div class='ocr_carea' id='block_1_13' title="bbox 118 605 948 641">
    <p class='ocr_par' dir='ltr' id='par_1_13' title="bbox 118 605 948 641">
     <span class='ocr_line' id='line_1_13' title="bbox 118 605 948 641; baseline 0.001 -9"><span class='ocrx_word' id='word_1_61' title='bbox 118 605 260 640; x_wconf 82' lang='lat' dir='ltr'>premitur</span> <span class='ocrx_word' id='word_1_62' title='bbox 284 605 495 641; x_wconf 79' lang='lat' dir='ltr'>sollicitudine,</span> <span class='ocrx_word' id='word_1_63' title='bbox 511 607 561 633; x_wconf 84' lang='lat' dir='ltr'>sed</span> <span class='ocrx_word' id='word_1_64' title='bbox 586 608 674 634; x_wconf 81' lang='lat' dir='ltr'>rebus</span> <span class='ocrx_word' id='word_1_65' title='bbox 690 607 783 635; x_wconf 84' lang='lat' dir='ltr'>obviis</span> <span class='ocrx_word' id='word_1_66' title='bbox 804 607 948 635; x_wconf 79' lang='lat' dir='ltr'>satisfecit</span> 
     </span>
    </p>
   </div>
   <div class='ocr_carea' id='block_1_14' title="bbox 117 650 948 688">
    <p class='ocr_par' dir='ltr' id='par_1_14' title="bbox 117 650 948 688">
     <span class='ocr_line' id='line_1_14' title="bbox 117 650 948 688; baseline 0.004 -11"><span class='ocrx_word' id='word_1_67' title='bbox 117 650 247 685; x_wconf 89' lang='lat' dir='ltr'>corporis</span> <span class='ocrx_word' id='word_1_68' title='bbox 264 650 443 678; x_wconf 82' lang='lat' dir='ltr'>necessitati.</span> <span class='ocrx_word' id='word_1_69' title='bbox 461 651 541 682; x_wconf 86' lang='lat' dir='ltr'>Quod</span> <span class='ocrx_word' id='word_1_70' title='bbox 563 651 649 679; x_wconf 83' lang='lat' dir='ltr'>etiam</span> <span class='ocrx_word' id='word_1_71' title='bbox 666 651 696 679; x_wconf 90' lang='lat' dir='ltr'>in</span> <span class='ocrx_word' id='word_1_72' title='bbox 712 652 879 688; x_wconf 81' lang='lat' dir='ltr'>Evangeliis</span> <span class='ocrx_word' id='word_1_73' title='bbox 894 652 948 679; x_wconf 91' lang='lat' dir='ltr'>do-</span> 
     </span>
    </p>
   </div>
   <div class='ocr_carea' id='block_1_15' title="bbox 116 689 950 732">
    <p class='ocr_par' dir='ltr' id='par_1_15' title="bbox 116 689 950 732">
     <span class='ocr_line' id='line_1_15' title="bbox 116 689 950 732; baseline 0.002 -10"><span class='ocrx_word' id='word_1_74' title='bbox 116 703 185 722; x_wconf 90' lang='lat' dir='ltr'>cens</span> <span class='ocrx_word' id='word_1_75' title='bbox 202 703 209 723; x_wconf 92' lang='lat'><strong><em>:</em></strong></span> <span class='ocrx_word' id='word_1_76' title='bbox 227 697 269 722; x_wconf 81' lang='lat' dir='ltr'>De</span> <span class='ocrx_word' id='word_1_77' title='bbox 297 696 468 729; x_wconf 75' lang='lat' dir='ltr'>vestimento,</span> <span class='ocrx_word' id='word_1_78' title='bbox 499 695 602 730; x_wconf 91' lang='lat' dir='ltr'>inquit,</span> <span class='ocrx_word' id='word_1_79' title='bbox 629 696 696 732; x_wconf 84' lang='lat' dir='ltr'>quid</span> <span class='ocrx_word' id='word_1_80' title='bbox 723 697 837 724; x_wconf 70' lang='lat' dir='ltr'>solliciti</span> <span class='ocrx_word' id='word_1_81' title='bbox 864 689 950 724; x_wconf 59' lang='lat' dir='ltr'>estis-7</span> 
     </span>
    </p>
   </div>
   <div class='ocr_carea' id='block_1_16' title="bbox 115 739 948 776">
    <p class='ocr_par' dir='ltr' id='par_1_16' title="bbox 115 739 948 776">
     <span class='ocr_line' id='line_1_16' title="bbox 115 739 948 776; baseline 0.002 -9"><span class='ocrx_word' id='word_1_82' title='bbox 115 739 286 768; x_wconf 72' lang='lat' dir='ltr'>considerate</span> <span class='ocrx_word' id='word_1_83' title='bbox 315 740 377 768; x_wconf 80' lang='lat' dir='ltr'>lilia</span> <span class='ocrx_word' id='word_1_84' title='bbox 417 741 489 776; x_wconf 83' lang='lat' dir='ltr'>agri,</span> <span class='ocrx_word' id='word_1_85' title='bbox 520 748 572 775; x_wconf 87' lang='lat' dir='ltr'>quo</span> <span class='ocrx_word' id='word_1_86' title='bbox 599 740 679 769; x_wconf 81' lang='lat' dir='ltr'>modo</span> <span class='ocrx_word' id='word_1_87' title='bbox 713 745 863 772; x_wconf 74' lang='lat' dir='ltr'>crescunt;</span> <span class='ocrx_word' id='word_1_88' title='bbox 891 749 948 769; x_wconf 87' lang='lat' dir='ltr'>mm</span> 
     </span>
    </p>
   </div>
   <div class='ocr_carea' id='block_1_17' title="bbox 117 784 949 821">
    <p class='ocr_par' dir='ltr' id='par_1_17' title="bbox 117 784 949 821">
     <span class='ocr_line' id='line_1_17' title="bbox 117 784 949 821; baseline 0 -9"><span class='ocrx_word' id='word_1_89' title='bbox 117 785 256 818; x_wconf 78' lang='lat' dir='ltr'>laborant,</span> <span class='ocrx_word' id='word_1_90' title='bbox 271 792 358 820; x_wconf 80' lang='lat' dir='ltr'>neqne</span> <span class='ocrx_word' id='word_1_91' title='bbox 372 789 439 812; x_wconf 77' lang='lat' dir='ltr'>nent</span> <span class='ocrx_word' id='word_1_92' title='bbox 454 785 487 812; x_wconf 83' lang='grc'>¹¹.</span> <span class='ocrx_word' id='word_1_93' title='bbox 505 784 651 818; x_wconf 82' lang='lat' dir='ltr'>Ostendit,</span> <span class='ocrx_word' id='word_1_94' title='bbox 667 793 717 812; x_wconf 89' lang='lat' dir='ltr'>eos</span> <span class='ocrx_word' id='word_1_95' title='bbox 733 785 784 821; x_wconf 87' lang='lat' dir='ltr'>qui</span> <span class='ocrx_word' id='word_1_96' title='bbox 800 785 949 821; x_wconf 84' lang='lat' dir='ltr'>tranquil-</span> 
     </span>
    </p>
   </div>
   <div class='ocr_carea' id='block_1_18' title="bbox 998 193 1685 233">
    <p class='ocr_par' dir='ltr' id='par_1_18' title="bbox 998 193 1685 233">
     <span class='ocr_line' id='line_1_18' title="bbox 998 193 1685 233; baseline -0.003 -10"><span class='ocrx_word' id='word_1_97' title='bbox 998 199 1018 223; x_wconf 91' lang='grc' dir='ltr'>Ο</span> <span class='ocrx_word' id='word_1_98' title='bbox 1029 195 1117 233; x_wconf 71' lang='grc' dir='ltr'>λέγων</span> <span class='ocrx_word' id='word_1_99' title='bbox 1133 196 1185 233; x_wconf 76' lang='grc' dir='ltr'>γὰρ</span> <span class='ocrx_word' id='word_1_100' title='bbox 1202 195 1282 226; x_wconf 76' lang='grc' dir='ltr'>αὐτός</span> <span class='ocrx_word' id='word_1_101' title='bbox 1294 195 1364 222; x_wconf 69' lang='grc' dir='ltr'>ἔστιν</span> <span class='ocrx_word' id='word_1_102' title='bbox 1380 193 1406 222; x_wconf 78' lang='grc' dir='ltr'>ἐν</span> <span class='ocrx_word' id='word_1_103' title='bbox 1422 197 1480 225; x_wconf 84' lang='grc' dir='ltr'>τοῖς</span> <span class='ocrx_word' id='word_1_104' title='bbox 1495 193 1685 231; x_wconf 81' lang='grc' dir='ltr'>Εὐαγγελίοις.</span> 
     </span>
    </p>
   </div>
   <div class='ocr_carea' id='block_1_19' title="bbox 999 238 1770 277">
    <p class='ocr_par' dir='ltr' id='par_1_19' title="bbox 999 238 1770 277">
     <span class='ocr_line' id='line_1_19' title="bbox 999 238 1770 277; baseline -0.001 -10"><span class='ocrx_word' id='word_1_105' title='bbox 999 240 1132 272; x_wconf 85' lang='grc' dir='ltr'>Ἐκείνους</span> <span class='ocrx_word' id='word_1_106' title='bbox 1146 238 1218 277; x_wconf 76' lang='grc' dir='ltr'>ἔχειν</span> <span class='ocrx_word' id='word_1_107' title='bbox 1235 238 1368 276; x_wconf 72' lang='grc' dir='ltr'>ἀδελφοὺς</span> <span class='ocrx_word' id='word_1_108' title='bbox 1384 239 1428 266; x_wconf 83' lang='grc' dir='ltr'>καὶ</span> <span class='ocrx_word' id='word_1_109' title='bbox 1444 241 1581 276; x_wconf 78' lang='grc' dir='ltr'>συγγενεῖς</span> <span class='ocrx_word' id='word_1_110' title='bbox 1596 239 1641 266; x_wconf 81' lang='grc' dir='ltr'>καὶ</span> <span class='ocrx_word' id='word_1_111' title='bbox 1659 238 1770 277; x_wconf 73' lang='grc' dir='ltr'>φίλους,</span> 
     </span>
    </p>
   </div>
   <div class='ocr_carea' id='block_1_20' title="bbox 998 282 1794 322">
    <p class='ocr_par' dir='ltr' id='par_1_20' title="bbox 998 282 1794 322">
     <span class='ocr_line' id='line_1_20' title="bbox 998 282 1794 322; baseline -0.001 -10"><span class='ocrx_word' id='word_1_112' title='bbox 998 284 1070 315; x_wconf 73' lang='grc' dir='ltr'>Τοὺς</span> <span class='ocrx_word' id='word_1_113' title='bbox 1083 284 1232 322; x_wconf 77' lang='grc' dir='ltr'>πληρωτὰς</span> <span class='ocrx_word' id='word_1_114' title='bbox 1247 286 1300 311; x_wconf 79' lang='grc' dir='ltr'>τῶν</span> <span class='ocrx_word' id='word_1_115' title='bbox 1316 285 1456 320; x_wconf 80' lang='grc' dir='ltr'>Πατρικῶν</span> <span class='ocrx_word' id='word_1_116' title='bbox 1472 283 1575 311; x_wconf 65' lang='grc' dir='ltr'>ἐκείνου</span> <span class='ocrx_word' id='word_1_117' title='bbox 1589 282 1794 320; x_wconf 75' lang='grc' dir='ltr'>κελευσμάτων.</span> 
     </span>
    </p>
   </div>
   <div class='ocr_carea' id='block_1_21' title="bbox 1281 336 1537 374">
    <p class='ocr_par' dir='ltr' id='par_1_21' title="bbox 1281 336 1537 374">
     <span class='ocr_line' id='line_1_21' title="bbox 1281 336 1537 374; baseline -0.008 -8"><span class='ocrx_word' id='word_1_118' title='bbox 1281 339 1341 366; x_wconf 81' lang='grc' dir='ltr'>Τῶν</span> <span class='ocrx_word' id='word_1_119' title='bbox 1362 338 1385 374; x_wconf 91' lang='grc' dir='ltr'>γ’</span> <span class='ocrx_word' id='word_1_120' title='bbox 1400 336 1537 373; x_wconf 73' lang='grc' dir='ltr'>Πατὲρων,</span> 
     </span>
    </p>
   </div>
   <div class='ocr_carea' id='block_1_22' title="bbox 1033 380 1828 420">
    <p class='ocr_par' dir='ltr' id='par_1_22' title="bbox 1033 380 1828 420">
     <span class='ocr_line' id='line_1_22' title="bbox 1033 380 1828 420; baseline -0.004 -10"><span class='ocrx_word' id='word_1_121' title='bbox 1033 384 1112 414; x_wconf 86' lang='grc' dir='ltr'>Ὅθεν</span> <span class='ocrx_word' id='word_1_122' title='bbox 1136 383 1150 410; x_wconf 85' lang='grc' dir='ltr'>ὁ</span> <span class='ocrx_word' id='word_1_123' title='bbox 1176 383 1294 420; x_wconf 79' lang='grc' dir='ltr'>νυμφίος</span> <span class='ocrx_word' id='word_1_124' title='bbox 1317 381 1401 419; x_wconf 82' lang='grc' dir='ltr'>κρίνῳ</span> <span class='ocrx_word' id='word_1_125' title='bbox 1425 380 1597 419; x_wconf 79' lang='grc' dir='ltr'>παρεικάζων</span> <span class='ocrx_word' id='word_1_126' title='bbox 1626 382 1675 416; x_wconf 80' lang='grc' dir='ltr'>τὴν</span> <span class='ocrx_word' id='word_1_127' title='bbox 1704 381 1828 420; x_wconf 74' lang='grc' dir='ltr'>νύμφην,</span> 
     </span>
    </p>
   </div>
   <div class='ocr_carea' id='block_1_23' title="bbox 999 425 1829 465">
    <p class='ocr_par' dir='ltr' id='par_1_23' title="bbox 999 425 1829 465">
     <span class='ocr_line' id='line_1_23' title="bbox 999 425 1829 465; baseline -0.002 -10"><span class='ocrx_word' id='word_1_128' title='bbox 999 429 1036 460; x_wconf 80' lang='grc' dir='ltr'>ὡς</span> <span class='ocrx_word' id='word_1_129' title='bbox 1051 428 1089 464; x_wconf 75' lang='grc' dir='ltr'>μὴ</span> <span class='ocrx_word' id='word_1_130' title='bbox 1105 427 1326 465; x_wconf 74' lang='grc' dir='ltr'>συμπνιγομένην</span> <span class='ocrx_word' id='word_1_131' title='bbox 1351 428 1411 458; x_wconf 85' lang='grc' dir='ltr'>ταῖς</span> <span class='ocrx_word' id='word_1_132' title='bbox 1433 428 1481 454; x_wconf 72' lang='grc' dir='ltr'>τοῦ</span> <span class='ocrx_word' id='word_1_133' title='bbox 1509 425 1570 463; x_wconf 81' lang='grc' dir='ltr'>βίου</span> <span class='ocrx_word' id='word_1_134' title='bbox 1594 426 1734 461; x_wconf 80' lang='grc' dir='ltr'>ἀκάνθαις,</span> <span class='ocrx_word' id='word_1_135' title='bbox 1747 425 1829 465; x_wconf 75' lang='grc' dir='ltr'>φησί.</span> 
     </span>
    </p>
   </div>
   <div class='ocr_carea' id='block_1_24' title="bbox 1034 470 1828 509">
    <p class='ocr_par' dir='ltr' id='par_1_24' title="bbox 1034 470 1828 509">
     <span class='ocr_line' id='line_1_24' title="bbox 1034 470 1828 509; baseline -0.004 -9"><span class='ocrx_word' id='word_1_136' title='bbox 1034 473 1078 503; x_wconf 71' lang='grc' dir='ltr'>Ὠς</span> <span class='ocrx_word' id='word_1_137' title='bbox 1105 471 1196 509; x_wconf 85' lang='grc' dir='ltr'>κρίνον</span> <span class='ocrx_word' id='word_1_138' title='bbox 1239 471 1264 499; x_wconf 74' lang='grc' dir='ltr'>ἐν</span> <span class='ocrx_word' id='word_1_139' title='bbox 1310 472 1383 508; x_wconf 76' lang='grc' dir='ltr'>μέσῳ</span> <span class='ocrx_word' id='word_1_140' title='bbox 1424 473 1477 498; x_wconf 82' lang='grc' dir='ltr'>τῶν</span> <span class='ocrx_word' id='word_1_141' title='bbox 1521 471 1653 507; x_wconf 77' lang='grc' dir='ltr'>ἀκανθῶν,</span> <span class='ocrx_word' id='word_1_142' title='bbox 1691 470 1780 501; x_wconf 70' lang='grc' dir='ltr'>οὕτως</span> <span class='ocrx_word' id='word_1_143' title='bbox 1809 471 1828 504; x_wconf 76' lang='grc' dir='ltr'>ἡ</span> 
     </span>
    </p>
   </div>
   <div class='ocr_carea' id='block_1_25' title="bbox 1000 513 1830 553">
    <p class='ocr_par' dir='ltr' id='par_1_25' title="bbox 1000 513 1830 553">
     <span class='ocr_line' id='line_1_25' title="bbox 1000 513 1830 553; baseline -0.004 -9"><span class='ocrx_word' id='word_1_144' title='bbox 1000 517 1117 552; x_wconf 84' lang='grc' dir='ltr'>πλησιον</span> <span class='ocrx_word' id='word_1_145' title='bbox 1150 527 1202 553; x_wconf 82' lang='grc' dir='ltr'>μου</span> <span class='ocrx_word' id='word_1_146' title='bbox 1227 515 1253 543; x_wconf 79' lang='grc' dir='ltr'>ἒν</span> <span class='ocrx_word' id='word_1_147' title='bbox 1284 516 1359 553; x_wconf 72' lang='grc' dir='ltr'>μέσῳ</span> <span class='ocrx_word' id='word_1_148' title='bbox 1393 517 1448 543; x_wconf 78' lang='grc' dir='ltr'>τῶν</span> <span class='ocrx_word' id='word_1_149' title='bbox 1486 514 1649 553; x_wconf 73' lang='grc' dir='ltr'>θυγατέρων.</span> <span class='ocrx_word' id='word_1_150' title='bbox 1680 515 1731 542; x_wconf 83' lang='grc' dir='ltr'>Καὶ</span> <span class='ocrx_word' id='word_1_151' title='bbox 1763 513 1830 542; x_wconf 77' lang='grc' dir='ltr'>ταύ-</span> 
     </span>
    </p>
   </div>
   <div class='ocr_carea' id='block_1_26' title="bbox 999 559 1830 599">
    <p class='ocr_par' dir='ltr' id='par_1_26' title="bbox 999 559 1830 599">
     <span class='ocr_line' id='line_1_26' title="bbox 999 559 1830 599; baseline -0.004 -11"><span class='ocrx_word' id='word_1_152' title='bbox 999 573 1048 596; x_wconf 83' lang='grc' dir='ltr'>την</span> <span class='ocrx_word' id='word_1_153' title='bbox 1068 562 1114 598; x_wconf 73' lang='grc' dir='ltr'>μὲν</span> <span class='ocrx_word' id='word_1_154' title='bbox 1130 560 1215 599; x_wconf 78' lang='grc' dir='ltr'>κρίνῳ</span> <span class='ocrx_word' id='word_1_155' title='bbox 1231 563 1394 599; x_wconf 79' lang='grc' dir='ltr'>παρομοιοῖ,</span> <span class='ocrx_word' id='word_1_156' title='bbox 1416 559 1459 587; x_wconf 78' lang='grc' dir='ltr'>διὰ</span> <span class='ocrx_word' id='word_1_157' title='bbox 1479 560 1510 587; x_wconf 79' lang='grc' dir='ltr'>τὸ</span> <span class='ocrx_word' id='word_1_158' title='bbox 1527 559 1591 596; x_wconf 86' lang='grc' dir='ltr'>μηδ’</span> <span class='ocrx_word' id='word_1_159' title='bbox 1609 559 1681 591; x_wconf 73' lang='grc' dir='ltr'>ὅλως</span> <span class='ocrx_word' id='word_1_160' title='bbox 1695 560 1763 586; x_wconf 79' lang='grc' dir='ltr'>ποτὶ</span> <span class='ocrx_word' id='word_1_161' title='bbox 1777 559 1830 593; x_wconf 68' lang='grc' dir='ltr'>τὴν</span> 
     </span>
    </p>
   </div>
   <div class='ocr_carea' id='block_1_27' title="bbox 1003 602 1832 644">
    <p class='ocr_par' dir='ltr' id='par_1_27' title="bbox 1003 602 1832 644">
     <span class='ocr_line' id='line_1_27' title="bbox 1003 602 1832 644; baseline -0.005 -10"><span class='ocrx_word' id='word_1_162' title='bbox 1003 607 1069 644; x_wconf 70' lang='grc' dir='ltr'>ὑπὲρ</span> <span class='ocrx_word' id='word_1_163' title='bbox 1097 608 1151 634; x_wconf 82' lang='grc' dir='ltr'>τῶν</span> <span class='ocrx_word' id='word_1_164' title='bbox 1197 606 1330 643; x_wconf 76' lang='grc' dir='ltr'>βιωτικῶν</span> <span class='ocrx_word' id='word_1_165' title='bbox 1368 605 1503 643; x_wconf 65' lang='grc' dir='ltr'>μέριμναν</span> <span class='ocrx_word' id='word_1_166' title='bbox 1542 602 1728 642; x_wconf 68' lang='grc' dir='ltr'>ἀναδέχεσθαι,</span> <span class='ocrx_word' id='word_1_167' title='bbox 1764 603 1832 631; x_wconf 81' lang='grc' dir='ltr'>ἀλλ’</span> 
     </span>
    </p>
   </div>
   <div class='ocr_carea' id='block_1_28' title="bbox 1002 647 1832 690">
    <p class='ocr_par' dir='ltr' id='par_1_28' title="bbox 1002 647 1832 690">
     <span class='ocr_line' id='line_1_28' title="bbox 1002 647 1832 690; baseline -0.005 -12"><span class='ocrx_word' id='word_1_168' title='bbox 1002 651 1183 690; x_wconf 81' lang='grc' dir='ltr'>ὀφροντίστως</span> <span class='ocrx_word' id='word_1_169' title='bbox 1211 653 1270 682; x_wconf 78' lang='grc' dir='ltr'>τοῖς</span> <span class='ocrx_word' id='word_1_170' title='bbox 1293 651 1495 687; x_wconf 69' lang='grc' dir='ltr'>παρατυχοῦσιν</span> <span class='ocrx_word' id='word_1_171' title='bbox 1528 647 1682 686; x_wconf 72' lang='grc' dir='ltr'>ἐκπληροῦν</span> <span class='ocrx_word' id='word_1_172' title='bbox 1703 649 1753 682; x_wconf 78' lang='grc' dir='ltr'>τήν</span> <span class='ocrx_word' id='word_1_173' title='bbox 1780 647 1832 675; x_wconf 78' lang='grc' dir='ltr'>τοῦ</span> 
     </span>
    </p>
   </div>
   <div class='ocr_carea' id='block_1_29' title="bbox 1003 691 1832 734">
    <p class='ocr_par' dir='ltr' id='par_1_29' title="bbox 1003 691 1832 734">
     <span class='ocr_line' id='line_1_29' title="bbox 1003 691 1832 734; baseline -0.005 -11"><span class='ocrx_word' id='word_1_174' title='bbox 1003 695 1129 732; x_wconf 79' lang='grc' dir='ltr'>σώματος</span> <span class='ocrx_word' id='word_1_175' title='bbox 1157 695 1262 734; x_wconf 78' lang='grc' dir='ltr'>χρείαν.</span> <span class='ocrx_word' id='word_1_176' title='bbox 1291 696 1376 731; x_wconf 82' lang='grc' dir='ltr'>Ὅπερ</span> <span class='ocrx_word' id='word_1_177' title='bbox 1413 694 1459 722; x_wconf 74' lang='grc' dir='ltr'>καὶ</span> <span class='ocrx_word' id='word_1_178' title='bbox 1489 693 1515 721; x_wconf 77' lang='grc' dir='ltr'>ἐν</span> <span class='ocrx_word' id='word_1_179' title='bbox 1545 693 1725 731; x_wconf 74' lang='grc' dir='ltr'>Ευαγγελίοις</span> <span class='ocrx_word' id='word_1_180' title='bbox 1752 691 1832 720; x_wconf 78' lang='grc' dir='ltr'>διδά-</span> 
     </span>
    </p>
   </div>
   <div class='ocr_carea' id='block_1_30' title="bbox 1003 737 1834 776">
    <p class='ocr_par' dir='ltr' id='par_1_30' title="bbox 1003 737 1834 776">
     <span class='ocr_line' id='line_1_30' title="bbox 1003 737 1834 776; baseline -0.005 -8"><span class='ocrx_word' id='word_1_181' title='bbox 1003 751 1073 768; x_wconf 81' lang='grc' dir='ltr'>σκων</span> <span class='ocrx_word' id='word_1_182' title='bbox 1101 739 1198 776; x_wconf 68' lang='grc' dir='ltr'>λέγει·</span> <span class='ocrx_word' id='word_1_183' title='bbox 1230 739 1294 776; x_wconf 85' lang='grc' dir='ltr'>Περὶ</span> <span class='ocrx_word' id='word_1_184' title='bbox 1331 738 1478 775; x_wconf 73' lang='grc' dir='ltr'>ἐνδύματος</span> <span class='ocrx_word' id='word_1_185' title='bbox 1517 737 1542 766; x_wconf 89' lang='grc' dir='ltr'>τί</span> <span class='ocrx_word' id='word_1_186' title='bbox 1577 740 1748 775; x_wconf 81' lang='grc' dir='ltr'>μεριμνᾶτε;</span> <span class='ocrx_word' id='word_1_187' title='bbox 1784 747 1834 764; x_wconf 85' lang='grc' dir='ltr'>κα-</span> 
     </span>
    </p>
   </div>
   <div class='ocr_carea' id='block_1_31' title="bbox 1002 781 1832 822">
    <p class='ocr_par' dir='ltr' id='par_1_31' title="bbox 1002 781 1832 822">
     <span class='ocr_line' id='line_1_31' title="bbox 1002 781 1832 822; baseline -0.005 -10"><span class='ocrx_word' id='word_1_188' title='bbox 1002 786 1134 822; x_wconf 74' lang='grc' dir='ltr'>ταμάθετε</span> <span class='ocrx_word' id='word_1_189' title='bbox 1161 785 1194 811; x_wconf 69' lang='grc' dir='ltr'>τὰ</span> <span class='ocrx_word' id='word_1_190' title='bbox 1233 783 1311 822; x_wconf 83' lang='grc' dir='ltr'>κρίνα</span> <span class='ocrx_word' id='word_1_191' title='bbox 1346 785 1394 810; x_wconf 76' lang='grc' dir='ltr'>τοῦ</span> <span class='ocrx_word' id='word_1_192' title='bbox 1433 783 1519 820; x_wconf 76' lang='grc' dir='ltr'>ἀγροῦ</span> <span class='ocrx_word' id='word_1_193' title='bbox 1555 784 1613 812; x_wconf 84' lang='grc' dir='ltr'>πῶς</span> <span class='ocrx_word' id='word_1_194' title='bbox 1638 781 1766 817; x_wconf 76' lang='grc' dir='ltr'>αὐξὰνιι·</span> <span class='ocrx_word' id='word_1_195' title='bbox 1799 781 1832 808; x_wconf 79' lang='grc' dir='ltr'>οὐ</span> 
     </span>
    </p>
   </div>
   <div class='ocr_carea' id='block_1_32' title="bbox 116 826 947 872">
    <p class='ocr_par' dir='ltr' id='par_1_32' title="bbox 116 828 947 866">
     <span class='ocr_line' id='line_1_32' title="bbox 116 828 947 866; baseline 0 -8"><span class='ocrx_word' id='word_1_196' title='bbox 116 829 176 858; x_wconf 88' lang='lat' dir='ltr'>lam</span> <span class='ocrx_word' id='word_1_197' title='bbox 191 832 218 857; x_wconf 86' lang='lat' dir='ltr'>et</span> <span class='ocrx_word' id='word_1_198' title='bbox 235 828 378 865; x_wconf 80' lang='lat' dir='ltr'>frugalem</span> <span class='ocrx_word' id='word_1_199' title='bbox 396 828 512 856; x_wconf 81' lang='lat' dir='ltr'>vivendi</span> <span class='ocrx_word' id='word_1_200' title='bbox 527 829 672 856; x_wconf 89' lang='lat' dir='ltr'>rationem</span> <span class='ocrx_word' id='word_1_201' title='bbox 691 832 810 866; x_wconf 84' lang='lat' dir='ltr'>propter</span> <span class='ocrx_word' id='word_1_202' title='bbox 825 838 947 866; x_wconf 85' lang='lat' dir='ltr'>regnum</span> 
     </span>
    </p>
   </div>
   <div class='ocr_carea' id='block_1_33' title="bbox 1021 826 1833 872">
    <p class='ocr_par' dir='ltr' id='par_1_33' title="bbox 1021 826 1833 865">
     <span class='ocr_line' id='line_1_33' title="bbox 1021 826 1833 865; baseline -0.005 -8"><span class='ocrx_word' id='word_1_203' title='bbox 1021 832 1085 865; x_wconf 76' lang='grc' dir='ltr'>οπιᾷ</span> <span class='ocrx_word' id='word_1_204' title='bbox 1100 827 1163 857; x_wconf 71' lang='grc' dir='ltr'>οὐδὲ</span> <span class='ocrx_word' id='word_1_205' title='bbox 1185 829 1284 864; x_wconf 77' lang='grc' dir='ltr'>νήθει·</span> <span class='ocrx_word' id='word_1_206' title='bbox 1307 827 1423 864; x_wconf 73' lang='grc' dir='ltr'>δεικνὺς,</span> <span class='ocrx_word' id='word_1_207' title='bbox 1448 827 1489 855; x_wconf 76' lang='grc' dir='ltr'>ὅτι</span> <span class='ocrx_word' id='word_1_208' title='bbox 1515 827 1540 854; x_wconf 76' lang='grc' dir='ltr'>οἱ</span> <span class='ocrx_word' id='word_1_209' title='bbox 1562 827 1612 861; x_wconf 75' lang='grc' dir='ltr'>τὴν</span> <span class='ocrx_word' id='word_1_210' title='bbox 1636 826 1833 863; x_wconf 78' lang='grc' dir='ltr'>ἀταλαίπωρον</span> 
     </span>
    </p>
   </div>
   <div class='ocr_carea' id='block_1_34' title="bbox 118 873 947 911">
    <p class='ocr_par' dir='ltr' id='par_1_34' title="bbox 118 873 947 911">
     <span class='ocr_line' id='line_1_34' title="bbox 118 873 947 911; baseline 0 -9"><span class='ocrx_word' id='word_1_211' title='bbox 118 874 257 902; x_wconf 64' lang='lat' dir='ltr'>caelorum</span> <span class='ocrx_word' id='word_1_212' title='bbox 282 873 529 909; x_wconf 87' lang='lat' dir='ltr'>complectuntur,</span> <span class='ocrx_word' id='word_1_213' title='bbox 555 873 627 902; x_wconf 89' lang='lat' dir='ltr'>liliis</span> <span class='ocrx_word' id='word_1_214' title='bbox 651 882 716 903; x_wconf 87' lang='lat' dir='ltr'>esse</span> <span class='ocrx_word' id='word_1_215' title='bbox 737 875 862 909; x_wconf 82' lang='lat' dir='ltr'>similes,</span> <span class='ocrx_word' id='word_1_216' title='bbox 885 883 947 911; x_wconf 77' lang='lat' dir='ltr'>quas</span> 
     </span>
    </p>
   </div>
   <div class='ocr_carea' id='block_1_35' title="bbox 118 917 947 956">
    <p class='ocr_par' dir='ltr' id='par_1_35' title="bbox 118 917 947 956">
     <span class='ocr_line' id='line_1_35' title="bbox 118 917 947 956; baseline 0.004 -11"><span class='ocrx_word' id='word_1_217' title='bbox 118 918 262 946; x_wconf 81' lang='lat' dir='ltr'>naturalis</span> <span class='ocrx_word' id='word_1_218' title='bbox 276 917 375 954; x_wconf 80' lang='lat' dir='ltr'>gloriae</span> <span class='ocrx_word' id='word_1_219' title='bbox 392 918 487 946; x_wconf 88' lang='lat' dir='ltr'>nitore</span> <span class='ocrx_word' id='word_1_220' title='bbox 502 918 668 947; x_wconf 85' lang='lat' dir='ltr'>Salomonis</span> <span class='ocrx_word' id='word_1_221' title='bbox 683 927 844 956; x_wconf 82' lang='lat' dir='ltr'>purpuram</span> <span class='ocrx_word' id='word_1_222' title='bbox 860 928 947 955; x_wconf 88' lang='lat' dir='ltr'>supe-</span> 
     </span>
    </p>
   </div>
   <div class='ocr_carea' id='block_1_36' title="bbox 117 963 945 999">
    <p class='ocr_par' dir='ltr' id='par_1_36' title="bbox 117 963 945 999">
     <span class='ocr_line' id='line_1_36' title="bbox 117 963 945 999; baseline 0 -7"><span class='ocrx_word' id='word_1_223' title='bbox 117 966 192 992; x_wconf 84' lang='lat' dir='ltr'>rant.</span> <span class='ocrx_word' id='word_1_224' title='bbox 206 963 328 991; x_wconf 89' lang='lat' dir='ltr'>Animas</span> <span class='ocrx_word' id='word_1_225' title='bbox 343 971 411 991; x_wconf 90' lang='lat' dir='ltr'>vero</span> <span class='ocrx_word' id='word_1_226' title='bbox 427 963 525 991; x_wconf 88' lang='lat' dir='ltr'>carnis</span> <span class='ocrx_word' id='word_1_227' title='bbox 541 963 741 999; x_wconf 77' lang='lat' dir='ltr'>voluptatibus</span> <span class='ocrx_word' id='word_1_228' title='bbox 753 964 945 998; x_wconf 86' lang='lat' dir='ltr'>etl&#39;eminatas,</span> 
     </span>
    </p>
   </div>
   <div class='ocr_carea' id='block_1_37' title="bbox 120 1007 948 1044">
    <p class='ocr_par' dir='ltr' id='par_1_37' title="bbox 120 1007 948 1044">
     <span class='ocr_line' id='line_1_37' title="bbox 120 1007 948 1044; baseline 0.001 -8"><span class='ocrx_word' id='word_1_229' title='bbox 120 1017 153 1036; x_wconf 88' lang='lat' dir='ltr'>ac</span> <span class='ocrx_word' id='word_1_230' title='bbox 168 1010 323 1044; x_wconf 78' lang='lat' dir='ltr'>propterea</span> <span class='ocrx_word' id='word_1_231' title='bbox 338 1007 447 1035; x_wconf 85' lang='lat' dir='ltr'>diaboli</span> <span class='ocrx_word' id='word_1_232' title='bbox 463 1007 587 1041; x_wconf 84' lang='lat' dir='ltr'>ﬁliae,ut</span> <span class='ocrx_word' id='word_1_233' title='bbox 600 1008 630 1035; x_wconf 89' lang='lat' dir='ltr'>in</span> <span class='ocrx_word' id='word_1_234' title='bbox 646 1008 813 1044; x_wconf 83' lang='lat' dir='ltr'>Evsngeliis</span> <span class='ocrx_word' id='word_1_235' title='bbox 829 1017 948 1037; x_wconf 88' lang='lat' dir='ltr'>rursum</span> 
     </span>
    </p>
   </div>
   <div class='ocr_carea' id='block_1_38' title="bbox 118 1052 948 1089">
    <p class='ocr_par' dir='ltr' id='par_1_38' title="bbox 118 1052 948 1089">
     <span class='ocr_line' id='line_1_38' title="bbox 118 1052 948 1089; baseline 0.001 -8"><span class='ocrx_word' id='word_1_236' title='bbox 118 1053 248 1081; x_wconf 81' lang='lat' dir='ltr'>declarat</span> <span class='ocrx_word' id='word_1_237' title='bbox 272 1053 344 1087; x_wconf 74' lang='lat' dir='ltr'>(Vos,</span> <span class='ocrx_word' id='word_1_238' title='bbox 361 1052 507 1088; x_wconf 86' lang='lat' dir='ltr'>inquiens,</span> <span class='ocrx_word' id='word_1_239' title='bbox 523 1060 558 1080; x_wconf 74' lang='lat' dir='ltr'>ea:</span> <span class='ocrx_word' id='word_1_240' title='bbox 580 1055 662 1087; x_wconf 83' lang='lat' dir='ltr'>patre</span> <span class='ocrx_word' id='word_1_241' title='bbox 685 1053 796 1081; x_wconf 83' lang='lat' dir='ltr'>diabolo</span> <span class='ocrx_word' id='word_1_242' title='bbox 818 1054 884 1082; x_wconf 75' lang='lat' dir='ltr'>estis</span> <span class='ocrx_word' id='word_1_243' title='bbox 904 1054 948 1089; x_wconf 73' lang='lat'>1’),</span> 
     </span>
    </p>
   </div>
   <div class='ocr_carea' id='block_1_39' title="bbox 119 1096 948 1133">
    <p class='ocr_par' dir='ltr' id='par_1_39' title="bbox 119 1096 948 1133">
     <span class='ocr_line' id='line_1_39' title="bbox 119 1096 948 1133; baseline 0 -8"><span class='ocrx_word' id='word_1_244' title='bbox 119 1097 214 1133; x_wconf 86' lang='lat' dir='ltr'>spinis</span> <span class='ocrx_word' id='word_1_245' title='bbox 229 1096 387 1131; x_wconf 83' lang='lat' dir='ltr'>assimilat,</span> <span class='ocrx_word' id='word_1_246' title='bbox 398 1097 468 1133; x_wconf 85' lang='lat' dir='ltr'>quia</span> <span class='ocrx_word' id='word_1_247' title='bbox 483 1105 601 1125; x_wconf 88' lang='lat' dir='ltr'>omnem</span> <span class='ocrx_word' id='word_1_248' title='bbox 618 1105 715 1125; x_wconf 79' lang='lat' dir='ltr'>curam</span> <span class='ocrx_word' id='word_1_249' title='bbox 730 1100 759 1127; x_wconf 80' lang='lat' dir='ltr'>et</span> <span class='ocrx_word' id='word_1_250' title='bbox 775 1097 948 1126; x_wconf 80' lang='lat' dir='ltr'>sollicitudi-</span> 
     </span>
    </p>
   </div>
   <div class='ocr_carea' id='block_1_40' title="bbox 121 1141 950 1178">
    <p class='ocr_par' dir='ltr' id='par_1_40' title="bbox 121 1141 950 1178">
     <span class='ocr_line' id='line_1_40' title="bbox 121 1141 950 1178; baseline 0 -8"><span class='ocrx_word' id='word_1_251' title='bbox 121 1150 187 1170; x_wconf 87' lang='lat' dir='ltr'>nem</span> <span class='ocrx_word' id='word_1_252' title='bbox 204 1142 233 1169; x_wconf 88' lang='lat' dir='ltr'>in</span> <span class='ocrx_word' id='word_1_253' title='bbox 250 1150 299 1169; x_wconf 88' lang='lat' dir='ltr'>eas</span> <span class='ocrx_word' id='word_1_254' title='bbox 315 1141 468 1169; x_wconf 83' lang='lat' dir='ltr'>conferunt</span> <span class='ocrx_word' id='word_1_255' title='bbox 483 1149 530 1169; x_wconf 85' lang='lat' dir='ltr'>res</span> <span class='ocrx_word' id='word_1_256' title='bbox 547 1150 611 1177; x_wconf 65' lang='lat' dir='ltr'>qua</span> <span class='ocrx_word' id='word_1_257' title='bbox 637 1143 673 1170; x_wconf 87' lang='lat' dir='ltr'>ad</span> <span class='ocrx_word' id='word_1_258' title='bbox 689 1142 781 1170; x_wconf 84' lang='lat' dir='ltr'>vitam</span> <span class='ocrx_word' id='word_1_259' title='bbox 794 1142 870 1170; x_wconf 89' lang='lat' dir='ltr'>hanc</span> <span class='ocrx_word' id='word_1_260' title='bbox 886 1151 950 1178; x_wconf 88' lang='lat' dir='ltr'>spe-</span> 
     </span>
    </p>
   </div>
   <div class='ocr_carea' id='block_1_41' title="bbox 121 1185 951 1223">
    <p class='ocr_par' dir='ltr' id='par_1_41' title="bbox 121 1185 951 1223">
     <span class='ocr_line' id='line_1_41' title="bbox 121 1185 951 1223; baseline 0 -9"><span class='ocrx_word' id='word_1_261' title='bbox 121 1188 213 1221; x_wconf 88' lang='lat' dir='ltr'>ctant,</span> <span class='ocrx_word' id='word_1_262' title='bbox 228 1188 262 1214; x_wconf 90' lang='lat' dir='ltr'>ut</span> <span class='ocrx_word' id='word_1_263' title='bbox 282 1186 412 1221; x_wconf 86' lang='lat' dir='ltr'>undique</span> <span class='ocrx_word' id='word_1_264' title='bbox 428 1185 613 1221; x_wconf 83' lang='lat' dir='ltr'>voluptatum</span> <span class='ocrx_word' id='word_1_265' title='bbox 630 1187 782 1214; x_wconf 83' lang='lat' dir='ltr'>materiam</span> <span class='ocrx_word' id='word_1_266' title='bbox 800 1195 951 1223; x_wconf 85' lang='lat' dir='ltr'>aucupen-</span> 
     </span>
    </p>
   </div>
   <div class='ocr_carea' id='block_1_42' title="bbox 123 1229 950 1266">
    <p class='ocr_par' dir='ltr' id='par_1_42' title="bbox 123 1229 950 1266">
     <span class='ocr_line' id='line_1_42' title="bbox 123 1229 950 1266; baseline 0.001 -9"><span class='ocrx_word' id='word_1_267' title='bbox 123 1232 182 1258; x_wconf 87' lang='lat' dir='ltr'>tur.</span> <span class='ocrx_word' id='word_1_268' title='bbox 197 1229 269 1257; x_wconf 86' lang='lat' dir='ltr'>Cum</span> <span class='ocrx_word' id='word_1_269' title='bbox 285 1229 363 1257; x_wconf 89' lang='lat' dir='ltr'>enim</span> <span class='ocrx_word' id='word_1_270' title='bbox 380 1237 497 1257; x_wconf 89' lang='lat' dir='ltr'>omnem</span> <span class='ocrx_word' id='word_1_271' title='bbox 514 1238 599 1257; x_wconf 85' lang='lat' dir='ltr'>suam</span> <span class='ocrx_word' id='word_1_272' title='bbox 623 1238 717 1266; x_wconf 87' lang='lat' dir='ltr'>spem,</span> <span class='ocrx_word' id='word_1_273' title='bbox 733 1239 789 1258; x_wconf 92' lang='lat' dir='ltr'>non</span> <span class='ocrx_word' id='word_1_274' title='bbox 805 1231 835 1258; x_wconf 91' lang='lat' dir='ltr'>in</span> <span class='ocrx_word' id='word_1_275' title='bbox 851 1239 884 1259; x_wconf 90' lang='lat' dir='ltr'>eo</span> <span class='ocrx_word' id='word_1_276' title='bbox 900 1231 950 1266; x_wconf 91' lang='lat' dir='ltr'>qui</span> 
     </span>
    </p>
   </div>
   <div class='ocr_carea' id='block_1_43' title="bbox 124 1274 951 1310">
    <p class='ocr_par' dir='ltr' id='par_1_43' title="bbox 124 1274 951 1310">
     <span class='ocr_line' id='line_1_43' title="bbox 124 1274 951 1310; baseline 0.001 -8"><span class='ocrx_word' id='word_1_277' title='bbox 124 1274 269 1310; x_wconf 83' lang='lat' dir='ltr'>sapientia</span> <span class='ocrx_word' id='word_1_278' title='bbox 284 1282 339 1301; x_wconf 86' lang='lat' dir='ltr'>sua</span> <span class='ocrx_word' id='word_1_279' title='bbox 354 1276 460 1301; x_wconf 87' lang='lat' dir='ltr'>cuncta</span> <span class='ocrx_word' id='word_1_280' title='bbox 476 1274 648 1302; x_wconf 84' lang='lat' dir='ltr'>moderatur</span> <span class='ocrx_word' id='word_1_281' title='bbox 661 1277 690 1302; x_wconf 87' lang='lat' dir='ltr'>et</span> <span class='ocrx_word' id='word_1_282' title='bbox 705 1275 793 1303; x_wconf 83' lang='lat' dir='ltr'>rebus</span> <span class='ocrx_word' id='word_1_283' title='bbox 813 1275 951 1303; x_wconf 90' lang='lat' dir='ltr'>omnibus</span> 
     </span>
    </p>
   </div>
   <div class='ocr_carea' id='block_1_44' title="bbox 125 1318 953 1354">
    <p class='ocr_par' dir='ltr' id='par_1_44' title="bbox 125 1318 953 1354">
     <span class='ocr_line' id='line_1_44' title="bbox 125 1318 953 1354; baseline 0 -7"><span class='ocrx_word' id='word_1_284' title='bbox 125 1318 264 1351; x_wconf 85' lang='lat' dir='ltr'>consulit,</span> <span class='ocrx_word' id='word_1_285' title='bbox 280 1319 331 1346; x_wconf 89' lang='lat' dir='ltr'>sed</span> <span class='ocrx_word' id='word_1_286' title='bbox 356 1318 385 1346; x_wconf 90' lang='lat' dir='ltr'>in</span> <span class='ocrx_word' id='word_1_287' title='bbox 402 1326 432 1346; x_wconf 92' lang='lat' dir='ltr'>se</span> <span class='ocrx_word' id='word_1_288' title='bbox 457 1318 530 1353; x_wconf 88' lang='lat' dir='ltr'>ipsis</span> <span class='ocrx_word' id='word_1_289' title='bbox 555 1318 642 1346; x_wconf 87' lang='lat' dir='ltr'>sitam</span> <span class='ocrx_word' id='word_1_290' title='bbox 667 1318 804 1354; x_wconf 84' lang='lat' dir='ltr'>habeant,</span> <span class='ocrx_word' id='word_1_291' title='bbox 828 1319 953 1348; x_wconf 86' lang='lat' dir='ltr'>terrenis</span> 
     </span>
    </p>
   </div>
   <div class='ocr_carea' id='block_1_45' title="bbox 126 1363 952 1400">
    <p class='ocr_par' dir='ltr' id='par_1_45' title="bbox 126 1363 952 1400">
     <span class='ocr_line' id='line_1_45' title="bbox 126 1363 952 1400; baseline 0.002 -9"><span class='ocrx_word' id='word_1_292' title='bbox 126 1363 376 1392; x_wconf 82' lang='lat' dir='ltr'>sollicitudinibus</span> <span class='ocrx_word' id='word_1_293' title='bbox 386 1363 634 1398; x_wconf 79' lang='lat' dir='ltr'>suti‘ocantur,neo</span> <span class='ocrx_word' id='word_1_294' title='bbox 650 1365 812 1400; x_wconf 87' lang='lat' dir='ltr'>perfectum</span> <span class='ocrx_word' id='word_1_295' title='bbox 825 1365 952 1393; x_wconf 84' lang='lat' dir='ltr'>fructum</span> 
     </span>
    </p>
   </div>
   <div class='ocr_carea' id='block_1_46' title="bbox 128 1410 236 1437">
    <p class='ocr_par' dir='ltr' id='par_1_46' title="bbox 128 1410 236 1437">
     <span class='ocr_line' id='line_1_46' title="bbox 128 1410 236 1437; baseline 0 0"><span class='ocrx_word' id='word_1_296' title='bbox 128 1410 236 1437; x_wconf 80' lang='lat' dir='ltr'>ferunt.</span> 
     </span>
    </p>
   </div>
   <div class='ocr_carea' id='block_1_47' title="bbox 339 1454 749 1483">
    <p class='ocr_par' dir='ltr' id='par_1_47' title="bbox 339 1454 749 1483">
     <span class='ocr_line' id='line_1_47' title="bbox 339 1454 749 1483; baseline 0.005 -2"><span class='ocrx_word' id='word_1_297' title='bbox 339 1454 432 1482; x_wconf 80' lang='lat' dir='ltr'>Trium</span> <span class='ocrx_word' id='word_1_298' title='bbox 447 1456 605 1482; x_wconf 71' lang='lat' dir='ltr'>sanctorum</span> <span class='ocrx_word' id='word_1_299' title='bbox 619 1455 749 1483; x_wconf 77' lang='lat' dir='ltr'>Patrum.</span> 
     </span>
    </p>
   </div>
   <div class='ocr_carea' id='block_1_48' title="bbox 161 1507 953 1544">
    <p class='ocr_par' dir='ltr' id='par_1_48' title="bbox 161 1507 953 1544">
     <span class='ocr_line' id='line_1_48' title="bbox 161 1507 953 1544; baseline 0.003 -10"><span class='ocrx_word' id='word_1_300' title='bbox 161 1507 304 1540; x_wconf 86' lang='lat' dir='ltr'>Quoniam</span> <span class='ocrx_word' id='word_1_301' title='bbox 316 1515 368 1542; x_wconf 90' lang='lat' dir='ltr'>per</span> <span class='ocrx_word' id='word_1_302' title='bbox 379 1509 473 1534; x_wconf 91' lang='lat' dir='ltr'>totum</span> <span class='ocrx_word' id='word_1_303' title='bbox 486 1507 541 1534; x_wconf 88' lang='lat' dir='ltr'>hoc</span> <span class='ocrx_word' id='word_1_304' title='bbox 554 1507 656 1535; x_wconf 92' lang='lat' dir='ltr'>drama</span> <span class='ocrx_word' id='word_1_305' title='bbox 670 1516 798 1544; x_wconf 87' lang='lat' dir='ltr'>sponsus</span> <span class='ocrx_word' id='word_1_306' title='bbox 808 1510 836 1536; x_wconf 90' lang='lat' dir='ltr'>et</span> <span class='ocrx_word' id='word_1_307' title='bbox 846 1516 953 1544; x_wconf 84' lang='lat' dir='ltr'>sponsa</span> 
     </span>
    </p>
   </div>
   <div class='ocr_carea' id='block_1_49' title="bbox 127 1550 953 1587">
    <p class='ocr_par' dir='ltr' id='par_1_49' title="bbox 127 1550 953 1587">
     <span class='ocr_line' id='line_1_49' title="bbox 127 1550 953 1587; baseline 0.001 -8"><span class='ocrx_word' id='word_1_308' title='bbox 127 1551 240 1579; x_wconf 79' lang='lat' dir='ltr'>mutuis</span> <span class='ocrx_word' id='word_1_309' title='bbox 268 1550 403 1578; x_wconf 87' lang='lat' dir='ltr'>cantibus</span> <span class='ocrx_word' id='word_1_310' title='bbox 429 1559 459 1579; x_wconf 87' lang='lat' dir='ltr'>se</span> <span class='ocrx_word' id='word_1_311' title='bbox 487 1551 616 1579; x_wconf 89' lang='lat' dir='ltr'>vicissim</span> <span class='ocrx_word' id='word_1_312' title='bbox 647 1551 804 1587; x_wconf 86' lang='lat' dir='ltr'>celebrant,</span> <span class='ocrx_word' id='word_1_313' title='bbox 826 1553 953 1580; x_wconf 86' lang='lat' dir='ltr'>assiduis</span> 
     </span>
    </p>
   </div>
   <div class='ocr_carea' id='block_1_50' title="bbox 127 1595 953 1631">
    <p class='ocr_par' dir='ltr' id='par_1_50' title="bbox 127 1595 953 1631">
     <span class='ocr_line' id='line_1_50' title="bbox 127 1595 953 1631; baseline 0.001 -7"><span class='ocrx_word' id='word_1_314' title='bbox 127 1595 237 1624; x_wconf 78' lang='lat' dir='ltr'>umoris</span> <span class='ocrx_word' id='word_1_315' title='bbox 249 1595 513 1631; x_wconf 86' lang='lat' dir='ltr'>signiﬁcationibus</span> <span class='ocrx_word' id='word_1_316' title='bbox 528 1597 727 1630; x_wconf 85' lang='lat' dir='ltr'>ostendentes,</span> <span class='ocrx_word' id='word_1_317' title='bbox 742 1596 867 1625; x_wconf 84' lang='lat' dir='ltr'>alterum</span> <span class='ocrx_word' id='word_1_318' title='bbox 883 1597 953 1625; x_wconf 85' lang='lat' dir='ltr'>alte-</span> 
     </span>
    </p>
   </div>
   <div class='ocr_carea' id='block_1_51' title="bbox 128 1639 953 1678">
    <p class='ocr_par' dir='ltr' id='par_1_51' title="bbox 128 1639 953 1678">
     <span class='ocr_line' id='line_1_51' title="bbox 128 1639 953 1678; baseline 0.004 -11"><span class='ocrx_word' id='word_1_319' title='bbox 128 1640 190 1668; x_wconf 87' lang='lat' dir='ltr'>rius</span> <span class='ocrx_word' id='word_1_320' title='bbox 205 1640 306 1668; x_wconf 86' lang='lat' dir='ltr'>ardere</span> <span class='ocrx_word' id='word_1_321' title='bbox 322 1639 485 1668; x_wconf 87' lang='lat' dir='ltr'>desiderio:</span> <span class='ocrx_word' id='word_1_322' title='bbox 501 1640 541 1668; x_wconf 85' lang='lat' dir='ltr'>ita</span> <span class='ocrx_word' id='word_1_323' title='bbox 557 1649 660 1669; x_wconf 86' lang='lat' dir='ltr'>rursus</span> <span class='ocrx_word' id='word_1_324' title='bbox 675 1649 785 1677; x_wconf 86' lang='lat' dir='ltr'>sponsa</span> <span class='ocrx_word' id='word_1_325' title='bbox 810 1650 953 1678; x_wconf 88' lang='lat' dir='ltr'>sponsum</span> 
     </span>
    </p>
   </div>
   <div class='ocr_carea' id='block_1_52' title="bbox 129 1683 955 1722">
    <p class='ocr_par' dir='ltr' id='par_1_52' title="bbox 129 1683 955 1722">
     <span class='ocr_line' id='line_1_52' title="bbox 129 1683 955 1722; baseline 0.004 -11"><span class='ocrx_word' id='word_1_326' title='bbox 129 1684 290 1719; x_wconf 82' lang='lat' dir='ltr'>alloquitur</span> <span class='ocrx_word' id='word_1_327' title='bbox 306 1691 312 1712; x_wconf 94' lang='lat'>:</span> <span class='ocrx_word' id='word_1_328' title='bbox 329 1683 406 1712; x_wconf 80' lang='lat' dir='ltr'>Sicut</span> <span class='ocrx_word' id='word_1_329' title='bbox 418 1692 530 1720; x_wconf 86' lang='lat' dir='ltr'>pomum</span> <span class='ocrx_word' id='word_1_330' title='bbox 544 1685 621 1712; x_wconf 74' lang='lat' dir='ltr'>inter</span> <span class='ocrx_word' id='word_1_331' title='bbox 635 1685 712 1720; x_wconf 82' lang='lat' dir='ltr'>ligna</span> <span class='ocrx_word' id='word_1_332' title='bbox 726 1686 812 1718; x_wconf 57' lang='lat' dir='ltr'>silva,</span> <span class='ocrx_word' id='word_1_333' title='bbox 827 1686 867 1714; x_wconf 69' lang='lat' dir='ltr'>sic</span> <span class='ocrx_word' id='word_1_334' title='bbox 874 1693 955 1722; x_wconf 76' lang='lat' dir='ltr'>nepos</span> 
     </span>
    </p>
   </div>
   <div class='ocr_carea' id='block_1_53' title="bbox 127 1727 955 1765">
    <p class='ocr_par' dir='ltr' id='par_1_53' title="bbox 127 1727 955 1765">
     <span class='ocr_line' id='line_1_53' title="bbox 127 1727 955 1765; baseline 0.002 -10"><span class='ocrx_word' id='word_1_335' title='bbox 127 1736 203 1756; x_wconf 72' lang='lat' dir='ltr'>mem</span> <span class='ocrx_word' id='word_1_336' title='bbox 218 1729 293 1755; x_wconf 83' lang='lat' dir='ltr'>inter</span> <span class='ocrx_word' id='word_1_337' title='bbox 308 1727 388 1762; x_wconf 76' lang='lat' dir='ltr'>ﬁlios.</span> <span class='ocrx_word' id='word_1_338' title='bbox 413 1729 495 1756; x_wconf 87' lang='lat' dir='ltr'>Certe</span> <span class='ocrx_word' id='word_1_339' title='bbox 514 1729 593 1756; x_wconf 86' lang='lat' dir='ltr'>sicut</span> <span class='ocrx_word' id='word_1_340' title='bbox 615 1737 747 1764; x_wconf 89' lang='lat' dir='ltr'>pomum,</span> <span class='ocrx_word' id='word_1_341' title='bbox 771 1731 835 1757; x_wconf 91' lang='lat' dir='ltr'>tum</span> <span class='ocrx_word' id='word_1_342' title='bbox 859 1729 955 1765; x_wconf 86' lang='lat' dir='ltr'>specie</span> 
     </span>
    </p>
   </div>
   <div class='ocr_carea' id='block_1_54' title="bbox 128 1772 954 1810">
    <p class='ocr_par' dir='ltr' id='par_1_54' title="bbox 128 1772 954 1810">
     <span class='ocr_line' id='line_1_54' title="bbox 128 1772 954 1810; baseline 0.002 -10"><span class='ocrx_word' id='word_1_343' title='bbox 128 1773 308 1807; x_wconf 87' lang='lat' dir='ltr'>decora,tum</span> <span class='ocrx_word' id='word_1_344' title='bbox 325 1772 413 1800; x_wconf 90' lang='lat' dir='ltr'>odore</span> <span class='ocrx_word' id='word_1_345' title='bbox 428 1773 588 1806; x_wconf 86' lang='lat' dir='ltr'>suavi,tum</span> <span class='ocrx_word' id='word_1_346' title='bbox 606 1775 694 1810; x_wconf 82' lang='lat' dir='ltr'>gustu</span> <span class='ocrx_word' id='word_1_347' title='bbox 712 1774 802 1809; x_wconf 90' lang='lat' dir='ltr'>dulci,</span> <span class='ocrx_word' id='word_1_348' title='bbox 819 1783 852 1802; x_wconf 92' lang='lat' dir='ltr'>ac</span> <span class='ocrx_word' id='word_1_349' title='bbox 867 1782 954 1810; x_wconf 87' lang='lat' dir='ltr'>prop-</span> 
     </span>
    </p>
   </div>
   <div class='ocr_carea' id='block_1_55' title="bbox 128 1816 956 1852">
    <p class='ocr_par' dir='ltr' id='par_1_55' title="bbox 128 1816 956 1852">
     <span class='ocr_line' id='line_1_55' title="bbox 128 1816 956 1852; baseline 0.002 -8"><span class='ocrx_word' id='word_1_350' title='bbox 128 1819 207 1845; x_wconf 83' lang='lat' dir='ltr'>terea</span> <span class='ocrx_word' id='word_1_351' title='bbox 235 1816 407 1844; x_wconf 88' lang='lat' dir='ltr'>hominibus</span> <span class='ocrx_word' id='word_1_352' title='bbox 437 1818 473 1845; x_wconf 84' lang='lat' dir='ltr'>ad</span> <span class='ocrx_word' id='word_1_353' title='bbox 503 1818 651 1846; x_wconf 88' lang='lat' dir='ltr'>edendum</span> <span class='ocrx_word' id='word_1_354' title='bbox 681 1818 757 1852; x_wconf 89' lang='lat' dir='ltr'>utili,</span> <span class='ocrx_word' id='word_1_355' title='bbox 772 1820 818 1846; x_wconf 91' lang='lat' dir='ltr'>ter</span> <span class='ocrx_word' id='word_1_356' title='bbox 839 1821 956 1847; x_wconf 83' lang='lat' dir='ltr'>arbores</span> 
     </span>
    </p>
   </div>
   <div class='ocr_carea' id='block_1_56' title="bbox 128 1860 957 1898">
    <p class='ocr_par' dir='ltr' id='par_1_56' title="bbox 128 1860 957 1898">
     <span class='ocr_line' id='line_1_56' title="bbox 128 1860 957 1898; baseline 0.002 -10"><span class='ocrx_word' id='word_1_357' title='bbox 128 1861 218 1896; x_wconf 89' lang='lat' dir='ltr'>hujus</span> <span class='ocrx_word' id='word_1_358' title='bbox 234 1860 385 1896; x_wconf 83' lang='lat' dir='ltr'>qualitatis</span> <span class='ocrx_word' id='word_1_359' title='bbox 403 1863 537 1897; x_wconf 86' lang='lat' dir='ltr'>expertes</span> <span class='ocrx_word' id='word_1_360' title='bbox 553 1861 678 1896; x_wconf 84' lang='lat' dir='ltr'>excellit,</span> <span class='ocrx_word' id='word_1_361' title='bbox 695 1862 724 1889; x_wconf 95' lang='lat' dir='ltr'>in</span> <span class='ocrx_word' id='word_1_362' title='bbox 736 1861 810 1890; x_wconf 90' lang='lat' dir='ltr'>silva</span> <span class='ocrx_word' id='word_1_363' title='bbox 826 1871 888 1898; x_wconf 60' lang='lat' dir='ltr'>qua</span> <span class='ocrx_word' id='word_1_364' title='bbox 903 1870 957 1890; x_wconf 86' lang='lat' dir='ltr'>ne-</span> 
     </span>
    </p>
   </div>
   <div class='ocr_carea' id='block_1_57' title="bbox 129 1905 957 1940">
    <p class='ocr_par' dir='ltr' id='par_1_57' title="bbox 129 1905 957 1940">
     <span class='ocr_line' id='line_1_57' title="bbox 129 1905 957 1940; baseline 0.002 -8"><span class='ocrx_word' id='word_1_365' title='bbox 129 1912 246 1933; x_wconf 84' lang='lat' dir='ltr'>morosa</span> <span class='ocrx_word' id='word_1_366' title='bbox 258 1909 311 1940; x_wconf 87' lang='lat' dir='ltr'>est,</span> <span class='ocrx_word' id='word_1_367' title='bbox 327 1907 355 1932; x_wconf 86' lang='lat' dir='ltr'>et</span> <span class='ocrx_word' id='word_1_368' title='bbox 367 1905 492 1933; x_wconf 79' lang='lat' dir='ltr'>fructum</span> <span class='ocrx_word' id='word_1_369' title='bbox 505 1906 539 1933; x_wconf 81' lang='lat' dir='ltr'>ad</span> <span class='ocrx_word' id='word_1_370' title='bbox 561 1907 739 1934; x_wconf 77' lang='lat' dir='ltr'>vescendum</span> <span class='ocrx_word' id='word_1_371' title='bbox 757 1915 814 1934; x_wconf 92' lang='lat' dir='ltr'>non</span> <span class='ocrx_word' id='word_1_372' title='bbox 831 1907 957 1935; x_wconf 89' lang='lat' dir='ltr'>homini-</span> 
     </span>
    </p>
   </div>
   <div class='ocr_carea' id='block_1_58' title="bbox 129 1949 958 1986">
    <p class='ocr_par' dir='ltr' id='par_1_58' title="bbox 129 1949 958 1986">
     <span class='ocr_line' id='line_1_58' title="bbox 129 1949 958 1986; baseline 0.004 -10"><span class='ocrx_word' id='word_1_373' title='bbox 129 1949 195 1983; x_wconf 91' lang='lat' dir='ltr'>bus,</span> <span class='ocrx_word' id='word_1_374' title='bbox 212 1949 263 1976; x_wconf 89' lang='lat' dir='ltr'>sed</span> <span class='ocrx_word' id='word_1_375' title='bbox 287 1949 391 1977; x_wconf 87' lang='lat' dir='ltr'>bestiis</span> <span class='ocrx_word' id='word_1_376' title='bbox 406 1949 545 1978; x_wconf 90' lang='lat' dir='ltr'>idoneum</span> <span class='ocrx_word' id='word_1_377' title='bbox 571 1950 742 1986; x_wconf 85' lang='lat' dir='ltr'>suppeditat</span> <span class='ocrx_word' id='word_1_378' title='bbox 755 1964 761 1984; x_wconf 71' lang='grc' dir='ltr'>ς</span> <span class='ocrx_word' id='word_1_379' title='bbox 776 1952 819 1978; x_wconf 89' lang='lat' dir='ltr'>sic</span> <span class='ocrx_word' id='word_1_380' title='bbox 834 1951 958 1979; x_wconf 89' lang='lat' dir='ltr'>dilectus</span> 
     </span>
    </p>
   </div>
   <div class='ocr_carea' id='block_1_59' title="bbox 130 1992 959 2029">
    <p class='ocr_par' dir='ltr' id='par_1_59' title="bbox 130 1992 959 2029">
     <span class='ocr_line' id='line_1_59' title="bbox 130 1992 959 2029; baseline 0.001 -8"><span class='ocrx_word' id='word_1_381' title='bbox 130 2000 214 2021; x_wconf 88' lang='lat' dir='ltr'>meus</span> <span class='ocrx_word' id='word_1_382' title='bbox 230 1993 306 2020; x_wconf 87' lang='lat' dir='ltr'>inter</span> <span class='ocrx_word' id='word_1_383' title='bbox 322 1992 475 2021; x_wconf 89' lang='lat' dir='ltr'>hominum</span> <span class='ocrx_word' id='word_1_384' title='bbox 494 1993 570 2021; x_wconf 84' lang='lat' dir='ltr'>ﬁlios</span> <span class='ocrx_word' id='word_1_385' title='bbox 591 1996 719 2029; x_wconf 80' lang='lat' dir='ltr'>praestat.</span> <span class='ocrx_word' id='word_1_386' title='bbox 736 1994 959 2022; x_wconf 86' lang='lat' dir='ltr'>Pulchritudine</span> 
     </span>
    </p>
   </div>
   <div class='ocr_carea' id='block_1_60' title="bbox 129 2037 959 2073">
    <p class='ocr_par' dir='ltr' id='par_1_60' title="bbox 129 2037 959 2073">
     <span class='ocr_line' id='line_1_60' title="bbox 129 2037 959 2073; baseline 0.002 -9"><span class='ocrx_word' id='word_1_387' title='bbox 129 2037 208 2065; x_wconf 88' lang='lat' dir='ltr'>enim</span> <span class='ocrx_word' id='word_1_388' title='bbox 218 2037 355 2072; x_wconf 66' lang='lat' dir='ltr'>speciosus</span> <span class='ocrx_word' id='word_1_389' title='bbox 366 2039 404 2065; x_wconf 72' lang='lat' dir='ltr'>est</span> <span class='ocrx_word' id='word_1_390' title='bbox 416 2038 488 2065; x_wconf 83' lang='lat' dir='ltr'>inter</span> <span class='ocrx_word' id='word_1_391' title='bbox 498 2038 570 2073; x_wconf 74' lang='lat' dir='ltr'>ﬁlio:</span> <span class='ocrx_word' id='word_1_392' title='bbox 587 2038 731 2066; x_wconf 80' lang='lat' dir='ltr'>hominum</span> <span class='ocrx_word' id='word_1_393' title='bbox 742 2039 773 2073; x_wconf 83' lang='grc'>¹³,</span> <span class='ocrx_word' id='word_1_394' title='bbox 790 2047 847 2066; x_wconf 84' lang='lat' dir='ltr'>non</span> <span class='ocrx_word' id='word_1_395' title='bbox 862 2038 959 2066; x_wconf 88' lang='lat' dir='ltr'>solum</span> 
     </span>
    </p>
   </div>
   <div class='ocr_carea' id='block_1_61' title="bbox 131 2081 959 2118">
    <p class='ocr_par' dir='ltr' id='par_1_61' title="bbox 131 2081 959 2118">
     <span class='ocr_line' id='line_1_61' title="bbox 131 2081 959 2118; baseline 0.001 -9"><span class='ocrx_word' id='word_1_396' title='bbox 131 2085 164 2110; x_wconf 90' lang='lat' dir='ltr'>ut</span> <span class='ocrx_word' id='word_1_397' title='bbox 179 2082 228 2109; x_wconf 89' lang='lat' dir='ltr'>Dei</span> <span class='ocrx_word' id='word_1_398' title='bbox 253 2081 343 2110; x_wconf 84' lang='lat' dir='ltr'>Filius</span> <span class='ocrx_word' id='word_1_399' title='bbox 369 2082 540 2118; x_wconf 88' lang='lat' dir='ltr'>unigenitus</span> <span class='ocrx_word' id='word_1_400' title='bbox 556 2085 585 2110; x_wconf 88' lang='lat' dir='ltr'>et</span> <span class='ocrx_word' id='word_1_401' title='bbox 600 2083 741 2116; x_wconf 84' lang='lat' dir='ltr'>Verbum,</span> <span class='ocrx_word' id='word_1_402' title='bbox 756 2091 856 2111; x_wconf 88' lang='lat' dir='ltr'>verum</span> <span class='ocrx_word' id='word_1_403' title='bbox 872 2084 959 2111; x_wconf 87' lang='lat' dir='ltr'>etiam</span> 
     </span>
    </p>
   </div>
   <div class='ocr_carea' id='block_1_62' title="bbox 130 2126 960 2163">
    <p class='ocr_par' dir='ltr' id='par_1_62' title="bbox 130 2126 960 2163">
     <span class='ocr_line' id='line_1_62' title="bbox 130 2126 960 2163; baseline 0.002 -9"><span class='ocrx_word' id='word_1_404' title='bbox 130 2130 164 2154; x_wconf 85' lang='lat' dir='ltr'>ut</span> <span class='ocrx_word' id='word_1_405' title='bbox 179 2127 254 2154; x_wconf 86' lang='lat' dir='ltr'>inter</span> <span class='ocrx_word' id='word_1_406' title='bbox 266 2126 401 2155; x_wconf 87' lang='lat' dir='ltr'>homines</span> <span class='ocrx_word' id='word_1_407' title='bbox 416 2128 498 2155; x_wconf 87' lang='lat' dir='ltr'>solus</span> <span class='ocrx_word' id='word_1_408' title='bbox 514 2127 578 2155; x_wconf 82' lang='lat' dir='ltr'>sine</span> <span class='ocrx_word' id='word_1_409' title='bbox 601 2130 728 2163; x_wconf 87' lang='lat' dir='ltr'>peccato.</span> <span class='ocrx_word' id='word_1_410' title='bbox 745 2127 838 2156; x_wconf 87' lang='lat' dir='ltr'>Odore</span> <span class='ocrx_word' id='word_1_411' title='bbox 863 2131 960 2156; x_wconf 81' lang='lat' dir='ltr'>autem</span> 
     </span>
    </p>
   </div>
   <div class='ocr_carea' id='block_1_63' title="bbox 127 2171 961 2209">
    <p class='ocr_par' dir='ltr' id='par_1_63' title="bbox 127 2171 961 2209">
     <span class='ocr_line' id='line_1_63' title="bbox 127 2171 961 2209; baseline 0.001 -10"><span class='ocrx_word' id='word_1_412' title='bbox 127 2172 260 2208; x_wconf 85' lang='lat' dir='ltr'>jucundo</span> <span class='ocrx_word' id='word_1_413' title='bbox 275 2171 409 2208; x_wconf 80' lang='lat' dir='ltr'>fragrans</span> <span class='ocrx_word' id='word_1_414' title='bbox 425 2175 543 2208; x_wconf 86' lang='lat' dir='ltr'>propter</span> <span class='ocrx_word' id='word_1_415' title='bbox 560 2172 707 2208; x_wconf 85' lang='lat' dir='ltr'>spiritalia</span> <span class='ocrx_word' id='word_1_416' title='bbox 722 2173 882 2209; x_wconf 83' lang='lat' dir='ltr'>gratiarum</span> <span class='ocrx_word' id='word_1_417' title='bbox 897 2182 961 2201; x_wconf 87' lang='lat' dir='ltr'>mu-</span> 
     </span>
    </p>
   </div>
   <div class='ocr_carea' id='block_1_64' title="bbox 133 2217 961 2255">
    <p class='ocr_par' dir='ltr' id='par_1_64' title="bbox 133 2217 961 2255">
     <span class='ocr_line' id='line_1_64' title="bbox 133 2217 961 2255; baseline 0.002 -10"><span class='ocrx_word' id='word_1_418' title='bbox 133 2226 204 2245; x_wconf 89' lang='lat' dir='ltr'>nera</span> <span class='ocrx_word' id='word_1_419' title='bbox 219 2226 284 2253; x_wconf 69' lang='lat' dir='ltr'>quas</span> <span class='ocrx_word' id='word_1_420' title='bbox 309 2217 337 2245; x_wconf 88' lang='lat' dir='ltr'>in</span> <span class='ocrx_word' id='word_1_421' title='bbox 352 2226 383 2246; x_wconf 88' lang='lat' dir='ltr'>se</span> <span class='ocrx_word' id='word_1_422' title='bbox 407 2218 595 2246; x_wconf 89' lang='lat' dir='ltr'>credentibus</span> <span class='ocrx_word' id='word_1_423' title='bbox 618 2218 785 2255; x_wconf 82' lang='lat' dir='ltr'>dilargitur,</span> <span class='ocrx_word' id='word_1_424' title='bbox 802 2227 837 2247; x_wconf 84' lang='lat' dir='ltr'>ex</span> <span class='ocrx_word' id='word_1_425' title='bbox 852 2219 961 2255; x_wconf 88' lang='lat' dir='ltr'>quibus</span> 
     </span>
    </p>
   </div>
   <div class='ocr_carea' id='block_1_65' title="bbox 132 2263 959 2300">
    <p class='ocr_par' dir='ltr' id='par_1_65' title="bbox 132 2263 959 2300">
     <span class='ocr_line' id='line_1_65' title="bbox 132 2263 959 2300; baseline 0.001 -9"><span class='ocrx_word' id='word_1_426' title='bbox 132 2271 254 2292; x_wconf 85' lang='lat' dir='ltr'>sensum</span> <span class='ocrx_word' id='word_1_427' title='bbox 271 2263 366 2300; x_wconf 78' lang='lat' dir='ltr'>ipsius</span> <span class='ocrx_word' id='word_1_428' title='bbox 383 2263 678 2300; x_wconf 88' lang='lat' dir='ltr'>peroipimus.Gustu</span> <span class='ocrx_word' id='word_1_429' title='bbox 694 2272 762 2292; x_wconf 86' lang='lat' dir='ltr'>vero</span> <span class='ocrx_word' id='word_1_430' title='bbox 778 2265 877 2294; x_wconf 81' lang='lat' dir='ltr'>suavis</span> <span class='ocrx_word' id='word_1_431' title='bbox 892 2268 938 2293; x_wconf 85' lang='lat' dir='ltr'>est</span> <span class='ocrx_word' id='word_1_432' title='bbox 953 2273 959 2292; x_wconf 88' lang='lat'><strong>:</strong></span> 
     </span>
    </p>
   </div>
   <div class='ocr_carea' id='block_1_66' title="bbox 133 2308 963 2344">
    <p class='ocr_par' dir='ltr' id='par_1_66' title="bbox 133 2308 963 2344">
     <span class='ocr_line' id='line_1_66' title="bbox 133 2308 963 2344; baseline 0.004 -9"><span class='ocrx_word' id='word_1_433' title='bbox 133 2308 251 2341; x_wconf 69' lang='lat' dir='ltr'>Gustata,</span> <span class='ocrx_word' id='word_1_434' title='bbox 268 2308 359 2343; x_wconf 89' lang='lat' dir='ltr'>enim,</span> <span class='ocrx_word' id='word_1_435' title='bbox 376 2308 512 2344; x_wconf 80' lang='lat' dir='ltr'>inquit,et</span> <span class='ocrx_word' id='word_1_436' title='bbox 529 2309 630 2341; x_wconf 67' lang='lat' dir='ltr'>videte,</span> <span class='ocrx_word' id='word_1_437' title='bbox 653 2309 785 2344; x_wconf 81' lang='lat' dir='ltr'>quoniam</span> <span class='ocrx_word' id='word_1_438' title='bbox 807 2310 900 2338; x_wconf 72' lang='lat' dir='ltr'>suavis</span> <span class='ocrx_word' id='word_1_439' title='bbox 923 2314 963 2338; x_wconf 78' lang='lat' dir='ltr'>est</span> 
     </span>
    </p>
   </div>
   <div class='ocr_carea' id='block_1_67' title="bbox 133 2351 962 2390">
    <p class='ocr_par' dir='ltr' id='par_1_67' title="bbox 133 2351 962 2390">
     <span class='ocr_line' id='line_1_67' title="bbox 133 2351 962 2390; baseline 0.002 -11"><span class='ocrx_word' id='word_1_440' title='bbox 133 2352 263 2380; x_wconf 80' lang='lat' dir='ltr'>Dominus</span> <span class='ocrx_word' id='word_1_441' title='bbox 280 2353 313 2380; x_wconf 64' lang='grc' dir='ltr'>ιι.</span> <span class='ocrx_word' id='word_1_442' title='bbox 330 2352 403 2380; x_wconf 88' lang='lat' dir='ltr'>Nam</span> <span class='ocrx_word' id='word_1_443' title='bbox 429 2351 525 2380; x_wconf 89' lang='lat' dir='ltr'>mellis</span> <span class='ocrx_word' id='word_1_444' title='bbox 556 2352 679 2381; x_wconf 89' lang='lat' dir='ltr'>dulcedo</span> <span class='ocrx_word' id='word_1_445' title='bbox 703 2353 763 2381; x_wconf 87' lang='lat' dir='ltr'>illis</span> <span class='ocrx_word' id='word_1_446' title='bbox 787 2353 883 2381; x_wconf 91' lang='lat' dir='ltr'>solum</span> <span class='ocrx_word' id='word_1_447' title='bbox 912 2353 962 2390; x_wconf 90' lang='lat' dir='ltr'>qui</span> 
     </span>
    </p>
   </div>
   <div class='ocr_carea' id='block_1_68' title="bbox 133 2396 962 2431">
    <p class='ocr_par' dir='ltr' id='par_1_68' title="bbox 133 2396 962 2431">
     <span class='ocr_line' id='line_1_68' title="bbox 133 2396 962 2431; baseline 0.004 -9"><span class='ocrx_word' id='word_1_448' title='bbox 133 2397 336 2430; x_wconf 75' lang='lat' dir='ltr'>gustaverunt,</span> <span class='ocrx_word' id='word_1_449' title='bbox 351 2396 468 2431; x_wconf 79' lang='lat' dir='ltr'>cognita</span> <span class='ocrx_word' id='word_1_450' title='bbox 482 2398 534 2424; x_wconf 89' lang='lat' dir='ltr'>est.</span> <span class='ocrx_word' id='word_1_451' title='bbox 553 2397 748 2429; x_wconf 89' lang='lat' dir='ltr'>Quamobrem</span> <span class='ocrx_word' id='word_1_452' title='bbox 764 2399 793 2425; x_wconf 90' lang='lat' dir='ltr'>et</span> <span class='ocrx_word' id='word_1_453' title='bbox 808 2397 962 2426; x_wconf 88' lang='lat' dir='ltr'>hominum</span> 
     </span>
    </p>
   </div>
   <div class='ocr_carea' id='block_1_69' title="bbox 133 2439 964 2477">
    <p class='ocr_par' dir='ltr' id='par_1_69' title="bbox 133 2439 964 2477">
     <span class='ocr_line' id='line_1_69' title="bbox 133 2439 964 2477; baseline 0.005 -11"><span class='ocrx_word' id='word_1_454' title='bbox 133 2439 217 2466; x_wconf 89' lang='lat' dir='ltr'>cibus</span> <span class='ocrx_word' id='word_1_455' title='bbox 231 2441 286 2473; x_wconf 88' lang='lat' dir='ltr'>est,</span> <span class='ocrx_word' id='word_1_456' title='bbox 297 2439 347 2475; x_wconf 87' lang='lat' dir='ltr'>qui</span> <span class='ocrx_word' id='word_1_457' title='bbox 359 2440 449 2467; x_wconf 88' lang='lat' dir='ltr'>vitam</span> <span class='ocrx_word' id='word_1_458' title='bbox 462 2439 504 2467; x_wconf 90' lang='lat' dir='ltr'>eis</span> <span class='ocrx_word' id='word_1_459' title='bbox 514 2440 618 2468; x_wconf 86' lang='lat' dir='ltr'>tribuit</span> <span class='ocrx_word' id='word_1_460' title='bbox 629 2441 801 2477; x_wconf 79' lang='lat' dir='ltr'>spiritalem.</span> <span class='ocrx_word' id='word_1_461' title='bbox 817 2445 854 2470; x_wconf 86' lang='lat' dir='ltr'>At</span> <span class='ocrx_word' id='word_1_462' title='bbox 869 2443 964 2470; x_wconf 72' lang='lat' dir='ltr'>caeteri</span> 
     </span>
    </p>
   </div>
   <div class='ocr_carea' id='block_1_70' title="bbox 137 2483 965 2522">
    <p class='ocr_par' dir='ltr' id='par_1_70' title="bbox 137 2483 965 2522">
     <span class='ocr_line' id='line_1_70' title="bbox 137 2483 965 2522; baseline 0.005 -12"><span class='ocrx_word' id='word_1_463' title='bbox 137 2483 291 2511; x_wconf 89' lang='lat' dir='ltr'>hominum</span> <span class='ocrx_word' id='word_1_464' title='bbox 317 2484 381 2519; x_wconf 79' lang='lat' dir='ltr'>ﬂlil,</span> <span class='ocrx_word' id='word_1_465' title='bbox 399 2484 468 2520; x_wconf 89' lang='lat' dir='ltr'>quia</span> <span class='ocrx_word' id='word_1_466' title='bbox 483 2493 585 2513; x_wconf 88' lang='lat' dir='ltr'>omnes</span> <span class='ocrx_word' id='word_1_467' title='bbox 610 2489 802 2522; x_wconf 85' lang='lat' dir='ltr'>peccaverunt</span> <span class='ocrx_word' id='word_1_468' title='bbox 822 2489 851 2515; x_wconf 85' lang='lat' dir='ltr'>et</span> <span class='ocrx_word' id='word_1_469' title='bbox 866 2487 965 2516; x_wconf 85' lang='lat' dir='ltr'>divina</span> 
     </span>
    </p>
   </div>
   <div class='ocr_carea' id='block_1_71' title="bbox 137 2528 963 2563">
    <p class='ocr_par' dir='ltr' id='par_1_71' title="bbox 137 2528 963 2563">
     <span class='ocr_line' id='line_1_71' title="bbox 137 2528 963 2563; baseline 0.008 -9"><span class='ocrx_word' id='word_1_470' title='bbox 137 2528 232 2563; x_wconf 64' lang='lat' dir='ltr'>gloria</span> <span class='ocrx_word' id='word_1_471' title='bbox 256 2528 358 2563; x_wconf 79' lang='lat' dir='ltr'>privati</span> <span class='ocrx_word' id='word_1_472' title='bbox 383 2531 464 2562; x_wconf 86' lang='lat' dir='ltr'>sunt,</span> <span class='ocrx_word' id='word_1_473' title='bbox 481 2530 515 2557; x_wconf 81' lang='lat' dir='ltr'>ad</span> <span class='ocrx_word' id='word_1_474' title='bbox 541 2530 620 2558; x_wconf 73' lang='lat' dir='ltr'>silva:</span> <span class='ocrx_word' id='word_1_475' title='bbox 640 2532 863 2561; x_wconf 87' lang='lat' dir='ltr'>similitudinem</span> <span class='ocrx_word' id='word_1_476' title='bbox 879 2533 963 2561; x_wconf 80' lang='lat' dir='ltr'>luxu-</span> 
     </span>
    </p>
   </div>
   <div class='ocr_carea' id='block_1_72' title="bbox 138 2572 965 2610">
    <p class='ocr_par' dir='ltr' id='par_1_72' title="bbox 138 2572 965 2610">
     <span class='ocr_line' id='line_1_72' title="bbox 138 2572 965 2610; baseline 0.008 -12"><span class='ocrx_word' id='word_1_477' title='bbox 138 2573 225 2606; x_wconf 77' lang='lat' dir='ltr'>riant,</span> <span class='ocrx_word' id='word_1_478' title='bbox 237 2575 265 2599; x_wconf 84' lang='lat' dir='ltr'>et</span> <span class='ocrx_word' id='word_1_479' title='bbox 278 2572 416 2601; x_wconf 87' lang='lat' dir='ltr'>belluinis</span> <span class='ocrx_word' id='word_1_480' title='bbox 426 2573 625 2610; x_wconf 78' lang='lat' dir='ltr'>voluptatibus</span> <span class='ocrx_word' id='word_1_481' title='bbox 642 2577 825 2605; x_wconf 88' lang='lat' dir='ltr'>nutriuntur.</span> <span class='ocrx_word' id='word_1_482' title='bbox 845 2578 965 2609; x_wconf 83' lang='lat' dir='ltr'>Idcirco,</span> 
     </span>
    </p>
   </div>
   <div class='ocr_carea' id='block_1_73' title="bbox 137 2617 966 2656">
    <p class='ocr_par' dir='ltr' id='par_1_73' title="bbox 137 2617 966 2656">
     <span class='ocr_line' id='line_1_73' title="bbox 137 2617 966 2656; baseline 0.008 -13"><span class='ocrx_word' id='word_1_483' title='bbox 137 2618 168 2644; x_wconf 81' lang='lat' dir='ltr'>in</span> <span class='ocrx_word' id='word_1_484' title='bbox 177 2617 287 2650; x_wconf 85' lang='lat' dir='ltr'>umbra,</span> <span class='ocrx_word' id='word_1_485' title='bbox 303 2617 409 2652; x_wconf 91' lang='lat' dir='ltr'>inquit,</span> <span class='ocrx_word' id='word_1_486' title='bbox 425 2619 483 2654; x_wconf 72' lang='lat' dir='ltr'>ejus</span> <span class='ocrx_word' id='word_1_487' title='bbox 497 2621 590 2656; x_wconf 81' lang='lat' dir='ltr'>cupivi</span> <span class='ocrx_word' id='word_1_488' title='bbox 605 2622 628 2648; x_wconf 82' lang='lat' dir='ltr'>et</span> <span class='ocrx_word' id='word_1_489' title='bbox 643 2621 830 2650; x_wconf 75' lang='lat' dir='ltr'>sedi.Umbra</span> <span class='ocrx_word' id='word_1_490' title='bbox 845 2622 966 2650; x_wconf 87' lang='lat' dir='ltr'>omnino</span> 
     </span>
    </p>
   </div>
   <div class='ocr_carea' id='block_1_74' title="bbox 136 2661 966 2703">
    <p class='ocr_par' dir='ltr' id='par_1_74' title="bbox 136 2661 966 2703">
     <span class='ocr_line' id='line_1_74' title="bbox 136 2661 966 2703; baseline 0.006 -13"><span class='ocrx_word' id='word_1_491' title='bbox 136 2661 257 2697; x_wconf 83' lang='lat' dir='ltr'>Christi,</span> <span class='ocrx_word' id='word_1_492' title='bbox 274 2664 320 2690; x_wconf 82' lang='lat' dir='ltr'>est</span> <span class='ocrx_word' id='word_1_493' title='bbox 334 2662 500 2692; x_wconf 83' lang='lat' dir='ltr'>Christiana</span> <span class='ocrx_word' id='word_1_494' title='bbox 515 2665 728 2702; x_wconf 87' lang='lat' dir='ltr'>respublica,in</span> <span class='ocrx_word' id='word_1_495' title='bbox 746 2675 805 2703; x_wconf 86' lang='lat' dir='ltr'>qua</span> <span class='ocrx_word' id='word_1_496' title='bbox 819 2667 869 2703; x_wconf 90' lang='lat' dir='ltr'>qui</span> <span class='ocrx_word' id='word_1_497' title='bbox 888 2667 966 2695; x_wconf 88' lang='lat' dir='ltr'>desi-</span> 
     </span>
    </p>
   </div>
   <div class='ocr_carea' id='block_1_75' title="bbox 1002 870 1833 911">
    <p class='ocr_par' dir='ltr' id='par_1_75' title="bbox 1002 870 1833 911">
     <span class='ocr_line' id='line_1_75' title="bbox 1002 870 1833 911; baseline -0.006 -9"><span class='ocrx_word' id='word_1_498' title='bbox 1002 874 1046 902; x_wconf 78' lang='grc' dir='ltr'>καὶ</span> <span class='ocrx_word' id='word_1_499' title='bbox 1075 872 1252 911; x_wconf 73' lang='grc' dir='ltr'>αὐτοσχέδιον</span> <span class='ocrx_word' id='word_1_500' title='bbox 1283 872 1421 911; x_wconf 72' lang='grc' dir='ltr'>διαγωγὴν</span> <span class='ocrx_word' id='word_1_501' title='bbox 1462 871 1507 899; x_wconf 74' lang='grc' dir='ltr'>διὰ</span> <span class='ocrx_word' id='word_1_502' title='bbox 1529 872 1579 906; x_wconf 81' lang='grc' dir='ltr'>τήν</span> <span class='ocrx_word' id='word_1_503' title='bbox 1610 870 1750 909; x_wconf 82' lang='grc' dir='ltr'>βασιλείαν</span> <span class='ocrx_word' id='word_1_504' title='bbox 1775 873 1833 898; x_wconf 84' lang='grc' dir='ltr'>τῶν</span> 
     </span>
    </p>
   </div>
   <div class='ocr_carea' id='block_1_76' title="bbox 1002 915 1837 956">
    <p class='ocr_par' dir='ltr' id='par_1_76' title="bbox 1002 915 1837 956">
     <span class='ocr_line' id='line_1_76' title="bbox 1002 915 1837 956; baseline -0.006 -10"><span class='ocrx_word' id='word_1_505' title='bbox 1002 919 1122 956; x_wconf 78' lang='grc' dir='ltr'>οὐρανῶν</span> <span class='ocrx_word' id='word_1_506' title='bbox 1143 917 1282 954; x_wconf 70' lang='grc' dir='ltr'>ἑλόμενοι,</span> <span class='ocrx_word' id='word_1_507' title='bbox 1311 916 1501 955; x_wconf 81' lang='grc' dir='ltr'>παραπλήσιοί</span> <span class='ocrx_word' id='word_1_508' title='bbox 1526 916 1577 943; x_wconf 78' lang='grc' dir='ltr'>εἶσι</span> <span class='ocrx_word' id='word_1_509' title='bbox 1601 915 1701 953; x_wconf 81' lang='grc' dir='ltr'>κρίνεις</span> <span class='ocrx_word' id='word_1_510' title='bbox 1716 915 1837 954; x_wconf 76' lang='grc' dir='ltr'>ἀμφιεν-</span> 
     </span>
    </p>
   </div>
   <div class='ocr_carea' id='block_1_77' title="bbox 1001 959 1837 1000">
    <p class='ocr_par' dir='ltr' id='par_1_77' title="bbox 1001 959 1837 1000">
     <span class='ocr_line' id='line_1_77' title="bbox 1001 959 1837 1000; baseline -0.005 -10"><span class='ocrx_word' id='word_1_511' title='bbox 1001 964 1127 1000; x_wconf 75' lang='grc' dir='ltr'>νυμὲνοις</span> <span class='ocrx_word' id='word_1_512' title='bbox 1157 963 1264 993; x_wconf 83' lang='grc' dir='ltr'>ἀπόνως</span> <span class='ocrx_word' id='word_1_513' title='bbox 1290 962 1340 996; x_wconf 85' lang='grc' dir='ltr'>τήν</span> <span class='ocrx_word' id='word_1_514' title='bbox 1362 964 1412 996; x_wconf 85' lang='grc' dir='ltr'>τῆς</span> <span class='ocrx_word' id='word_1_515' title='bbox 1439 959 1605 998; x_wconf 84' lang='grc' dir='ltr'>ἀλουργίδος</span> <span class='ocrx_word' id='word_1_516' title='bbox 1616 962 1663 987; x_wconf 75' lang='grc' dir='ltr'>τοῦ</span> <span class='ocrx_word' id='word_1_517' title='bbox 1682 962 1837 995; x_wconf 75' lang='grc' dir='ltr'>Σολομῶν-</span> 
     </span>
    </p>
   </div>
   <div class='ocr_carea' id='block_1_78' title="bbox 1002 1003 1836 1045">
    <p class='ocr_par' dir='ltr' id='par_1_78' title="bbox 1002 1003 1836 1045">
     <span class='ocr_line' id='line_1_78' title="bbox 1002 1003 1836 1045; baseline -0.006 -10"><span class='ocrx_word' id='word_1_518' title='bbox 1002 1018 1048 1039; x_wconf 85' lang='grc' dir='ltr'>τος</span> <span class='ocrx_word' id='word_1_519' title='bbox 1083 1006 1252 1044; x_wconf 73' lang='grc' dir='ltr'>ἐνδοξοτέραν</span> <span class='ocrx_word' id='word_1_520' title='bbox 1268 1010 1383 1045; x_wconf 77' lang='grc' dir='ltr'>φυσικην</span> <span class='ocrx_word' id='word_1_521' title='bbox 1409 1004 1488 1040; x_wconf 80' lang='grc' dir='ltr'>δόξαν</span> <span class='ocrx_word' id='word_1_522' title='bbox 1505 1014 1511 1021; x_wconf 90' lang='grc'>·</span> <span class='ocrx_word' id='word_1_523' title='bbox 1528 1005 1575 1036; x_wconf 78' lang='grc' dir='ltr'>τὰς</span> <span class='ocrx_word' id='word_1_524' title='bbox 1597 1003 1625 1031; x_wconf 68' lang='grc' dir='ltr'>δὲ</span> <span class='ocrx_word' id='word_1_525' title='bbox 1640 1003 1836 1039; x_wconf 73' lang='grc' dir='ltr'>ἐκθηλυνομὲ-</span> 
     </span>
    </p>
   </div>
   <div class='ocr_carea' id='block_1_79' title="bbox 1003 1047 1836 1090">
    <p class='ocr_par' dir='ltr' id='par_1_79' title="bbox 1003 1047 1836 1090">
     <span class='ocr_line' id='line_1_79' title="bbox 1003 1047 1836 1090; baseline -0.007 -10"><span class='ocrx_word' id='word_1_526' title='bbox 1003 1063 1048 1083; x_wconf 88' lang='grc' dir='ltr'>νας</span> <span class='ocrx_word' id='word_1_527' title='bbox 1079 1052 1168 1090; x_wconf 70' lang='grc' dir='ltr'>ψυχὰς</span> <span class='ocrx_word' id='word_1_528' title='bbox 1193 1054 1253 1082; x_wconf 84' lang='grc' dir='ltr'>ταῖς</span> <span class='ocrx_word' id='word_1_529' title='bbox 1277 1052 1418 1088; x_wconf 86' lang='grc' dir='ltr'>σαρκικαῖς</span> <span class='ocrx_word' id='word_1_530' title='bbox 1452 1048 1574 1084; x_wconf 81' lang='grc' dir='ltr'>ἡδοναῖς,</span> <span class='ocrx_word' id='word_1_531' title='bbox 1601 1048 1646 1076; x_wconf 83' lang='grc' dir='ltr'>καὶ</span> <span class='ocrx_word' id='word_1_532' title='bbox 1676 1047 1720 1076; x_wconf 78' lang='grc' dir='ltr'>διὰ</span> <span class='ocrx_word' id='word_1_533' title='bbox 1749 1049 1836 1075; x_wconf 72' lang='grc' dir='ltr'>τοῦτο</span> 
     </span>
    </p>
   </div>
   <div class='ocr_carea' id='block_1_80' title="bbox 1004 1091 1837 1135">
    <p class='ocr_par' dir='ltr' id='par_1_80' title="bbox 1004 1091 1837 1135">
     <span class='ocr_line' id='line_1_80' title="bbox 1004 1091 1837 1135; baseline -0.007 -10"><span class='ocrx_word' id='word_1_534' title='bbox 1004 1097 1152 1135; x_wconf 75' lang='grc' dir='ltr'>θυγατέρας</span> <span class='ocrx_word' id='word_1_535' title='bbox 1167 1099 1216 1124; x_wconf 78' lang='grc' dir='ltr'>τοῦ</span> <span class='ocrx_word' id='word_1_536' title='bbox 1231 1093 1362 1123; x_wconf 77' lang='grc' dir='ltr'>διαϐόλου</span> <span class='ocrx_word' id='word_1_537' title='bbox 1388 1095 1435 1129; x_wconf 82' lang='grc' dir='ltr'>(ὡς</span> <span class='ocrx_word' id='word_1_538' title='bbox 1449 1093 1532 1121; x_wconf 78' lang='grc' dir='ltr'>πάλιν</span> <span class='ocrx_word' id='word_1_539' title='bbox 1559 1093 1641 1132; x_wconf 77' lang='grc' dir='ltr'>φησὶν</span> <span class='ocrx_word' id='word_1_540' title='bbox 1657 1093 1683 1120; x_wconf 74' lang='grc' dir='ltr'>ἐν</span> <span class='ocrx_word' id='word_1_541' title='bbox 1713 1091 1837 1130; x_wconf 81' lang='grc' dir='ltr'>Εὒαγγε-</span> 
     </span>
    </p>
   </div>
   <div class='ocr_carea' id='block_1_81' title="bbox 1004 1135 1835 1177">
    <p class='ocr_par' dir='ltr' id='par_1_81' title="bbox 1004 1135 1835 1177">
     <span class='ocr_line' id='line_1_81' title="bbox 1004 1135 1835 1177; baseline -0.007 -8"><span class='ocrx_word' id='word_1_542' title='bbox 1004 1141 1086 1176; x_wconf 78' lang='grc' dir='ltr'>λίοις,</span> <span class='ocrx_word' id='word_1_543' title='bbox 1103 1141 1143 1168; x_wconf 82' lang='grc' dir='ltr'>ὅτι</span> <span class='ocrx_word' id='word_1_544' title='bbox 1159 1141 1247 1177; x_wconf 81' lang='grc' dir='ltr'>Ὑμεῖς</span> <span class='ocrx_word' id='word_1_545' title='bbox 1272 1139 1301 1167; x_wconf 82' lang='grc' dir='ltr'>ἐκ</span> <span class='ocrx_word' id='word_1_546' title='bbox 1322 1142 1370 1167; x_wconf 77' lang='grc' dir='ltr'>τοῦ</span> <span class='ocrx_word' id='word_1_547' title='bbox 1391 1139 1493 1176; x_wconf 84' lang='grc' dir='ltr'>πατρὸς</span> <span class='ocrx_word' id='word_1_548' title='bbox 1517 1139 1592 1174; x_wconf 79' lang='grc' dir='ltr'>ὑμῶν</span> <span class='ocrx_word' id='word_1_549' title='bbox 1617 1139 1666 1165; x_wconf 83' lang='grc' dir='ltr'>τοῦ</span> <span class='ocrx_word' id='word_1_550' title='bbox 1695 1135 1835 1164; x_wconf 80' lang='grc' dir='ltr'>διαϐόλου</span> 
     </span>
    </p>
   </div>
   <div class='ocr_carea' id='block_1_82' title="bbox 1005 1181 1830 1222">
    <p class='ocr_par' dir='ltr' id='par_1_82' title="bbox 1005 1181 1830 1222">
     <span class='ocr_line' id='line_1_82' title="bbox 1005 1181 1830 1222; baseline -0.007 -8"><span class='ocrx_word' id='word_1_551' title='bbox 1005 1186 1084 1221; x_wconf 73' lang='grc' dir='ltr'>ἐστὶ),</span> <span class='ocrx_word' id='word_1_552' title='bbox 1114 1185 1239 1216; x_wconf 80' lang='grc' dir='ltr'>ἀκάνθαις</span> <span class='ocrx_word' id='word_1_553' title='bbox 1263 1184 1430 1222; x_wconf 74' lang='grc' dir='ltr'>παρεικάζει,</span> <span class='ocrx_word' id='word_1_554' title='bbox 1460 1181 1505 1210; x_wconf 74' lang='grc' dir='ltr'>διὰ</span> <span class='ocrx_word' id='word_1_555' title='bbox 1531 1183 1562 1210; x_wconf 83' lang='grc' dir='ltr'>τὸ</span> <span class='ocrx_word' id='word_1_556' title='bbox 1587 1184 1671 1209; x_wconf 79' lang='grc' dir='ltr'>πᾶσαν</span> <span class='ocrx_word' id='word_1_557' title='bbox 1700 1182 1751 1215; x_wconf 77' lang='grc' dir='ltr'>τὴν</span> <span class='ocrx_word' id='word_1_558' title='bbox 1779 1181 1830 1217; x_wconf 69' lang='grc' dir='ltr'>μὲ-</span> 
     </span>
    </p>
   </div>
   <div class='ocr_carea' id='block_1_83' title="bbox 1005 1225 1836 1269">
    <p class='ocr_par' dir='ltr' id='par_1_83' title="bbox 1005 1225 1836 1269">
     <span class='ocr_line' id='line_1_83' title="bbox 1005 1225 1836 1269; baseline -0.007 -11"><span class='ocrx_word' id='word_1_559' title='bbox 1005 1241 1103 1269; x_wconf 85' lang='grc' dir='ltr'>ριμναν</span> <span class='ocrx_word' id='word_1_560' title='bbox 1131 1229 1192 1266; x_wconf 82' lang='grc' dir='ltr'>περί</span> <span class='ocrx_word' id='word_1_561' title='bbox 1217 1230 1251 1257; x_wconf 70' lang='grc' dir='ltr'>τὰ</span> <span class='ocrx_word' id='word_1_562' title='bbox 1281 1229 1396 1267; x_wconf 79' lang='grc' dir='ltr'>βιωτικά</span> <span class='ocrx_word' id='word_1_563' title='bbox 1424 1227 1622 1265; x_wconf 81' lang='grc' dir='ltr'>ἠσχοληκὲναι,</span> <span class='ocrx_word' id='word_1_564' title='bbox 1641 1225 1677 1253; x_wconf 71' lang='grc' dir='ltr'>’ἶν’</span> <span class='ocrx_word' id='word_1_565' title='bbox 1693 1226 1836 1263; x_wconf 77' lang='grc' dir='ltr'>εὐπορῶσι</span> 
     </span>
    </p>
   </div>
   <div class='ocr_carea' id='block_1_84' title="bbox 1005 1270 1837 1310">
    <p class='ocr_par' dir='ltr' id='par_1_84' title="bbox 1005 1270 1837 1310">
     <span class='ocr_line' id='line_1_84' title="bbox 1005 1270 1837 1310; baseline -0.007 -8"><span class='ocrx_word' id='word_1_566' title='bbox 1005 1279 1055 1310; x_wconf 81' lang='grc' dir='ltr'>τῆς</span> <span class='ocrx_word' id='word_1_567' title='bbox 1070 1274 1139 1310; x_wconf 83' lang='grc' dir='ltr'>ὕλης</span> <span class='ocrx_word' id='word_1_568' title='bbox 1153 1277 1206 1301; x_wconf 81' lang='grc' dir='ltr'>τῶν</span> <span class='ocrx_word' id='word_1_569' title='bbox 1223 1272 1330 1308; x_wconf 81' lang='grc' dir='ltr'>ἡδονῶν</span> <span class='ocrx_word' id='word_1_570' title='bbox 1349 1282 1354 1288; x_wconf 84' lang='grc'><strong>”</strong></span> <span class='ocrx_word' id='word_1_571' title='bbox 1371 1272 1399 1299; x_wconf 85' lang='grc' dir='ltr'>αἳ</span> <span class='ocrx_word' id='word_1_572' title='bbox 1414 1271 1478 1309; x_wconf 77' lang='grc' dir='ltr'>οὐχὶ</span> <span class='ocrx_word' id='word_1_573' title='bbox 1496 1273 1535 1307; x_wconf 81' lang='grc' dir='ltr'>τῷ</span> <span class='ocrx_word' id='word_1_574' title='bbox 1549 1273 1602 1298; x_wconf 79' lang='grc' dir='ltr'>τῶν</span> <span class='ocrx_word' id='word_1_575' title='bbox 1620 1270 1691 1298; x_wconf 81' lang='grc' dir='ltr'>δλων</span> <span class='ocrx_word' id='word_1_576' title='bbox 1706 1280 1837 1307; x_wconf 78' lang='grc' dir='ltr'>προνοη-</span> 
     </span>
    </p>
   </div>
   <div class='ocr_carea' id='block_1_85' title="bbox 1005 1314 1838 1357">
    <p class='ocr_par' dir='ltr' id='par_1_85' title="bbox 1005 1314 1838 1357">
     <span class='ocr_line' id='line_1_85' title="bbox 1005 1314 1838 1357; baseline -0.008 -10"><span class='ocrx_word' id='word_1_577' title='bbox 1005 1322 1040 1357; x_wconf 83' lang='grc' dir='ltr'>τῇ</span> <span class='ocrx_word' id='word_1_578' title='bbox 1066 1319 1237 1347; x_wconf 79' lang='grc' dir='ltr'>πιστεύουσιν</span> <span class='ocrx_word' id='word_1_579' title='bbox 1265 1317 1368 1350; x_wconf 74' lang='grc' dir='ltr'>ἑαυτὰς,</span> <span class='ocrx_word' id='word_1_580' title='bbox 1397 1316 1470 1344; x_wconf 83' lang='grc' dir='ltr'>ἀλλά</span> <span class='ocrx_word' id='word_1_581' title='bbox 1501 1316 1533 1343; x_wconf 84' lang='grc' dir='ltr'>τὸ</span> <span class='ocrx_word' id='word_1_582' title='bbox 1559 1318 1611 1343; x_wconf 81' lang='grc' dir='ltr'>πᾶν</span> <span class='ocrx_word' id='word_1_583' title='bbox 1640 1315 1746 1345; x_wconf 62' lang='grc' dir='ltr'>ἑαυταῖς</span> <span class='ocrx_word' id='word_1_584' title='bbox 1764 1323 1771 1330; x_wconf 85' lang='lat'>&#39;</span> <span class='ocrx_word' id='word_1_585' title='bbox 1789 1314 1838 1341; x_wconf 85' lang='grc' dir='ltr'>καὶ</span> 
     </span>
    </p>
   </div>
   <div class='ocr_carea' id='block_1_86' title="bbox 1007 1358 1838 1399">
    <p class='ocr_par' dir='ltr' id='par_1_86' title="bbox 1007 1358 1838 1399">
     <span class='ocr_line' id='line_1_86' title="bbox 1007 1358 1838 1399; baseline -0.008 -7"><span class='ocrx_word' id='word_1_586' title='bbox 1007 1363 1052 1392; x_wconf 76' lang='grc' dir='ltr'>διὰ</span> <span class='ocrx_word' id='word_1_587' title='bbox 1065 1366 1145 1392; x_wconf 75' lang='grc' dir='ltr'>τοῦτο</span> <span class='ocrx_word' id='word_1_588' title='bbox 1159 1366 1218 1394; x_wconf 89' lang='grc' dir='ltr'>ταῖς</span> <span class='ocrx_word' id='word_1_589' title='bbox 1240 1364 1294 1390; x_wconf 78' lang='grc' dir='ltr'>τῶν</span> <span class='ocrx_word' id='word_1_590' title='bbox 1317 1361 1490 1399; x_wconf 81' lang='grc' dir='ltr'>προσκαίρων</span> <span class='ocrx_word' id='word_1_591' title='bbox 1519 1360 1641 1399; x_wconf 71' lang='grc' dir='ltr'>φροντίσι</span> <span class='ocrx_word' id='word_1_592' title='bbox 1663 1358 1838 1397; x_wconf 78' lang='grc' dir='ltr'>συμπνίγον-</span> 
     </span>
    </p>
   </div>
   <div class='ocr_carea' id='block_1_87' title="bbox 1007 1407 1397 1445">
    <p class='ocr_par' dir='ltr' id='par_1_87' title="bbox 1007 1407 1397 1445">
     <span class='ocr_line' id='line_1_87' title="bbox 1007 1407 1397 1445; baseline -0.005 -9"><span class='ocrx_word' id='word_1_593' title='bbox 1007 1420 1061 1444; x_wconf 83' lang='grc' dir='ltr'>ται,</span> <span class='ocrx_word' id='word_1_594' title='bbox 1076 1408 1121 1436; x_wconf 88' lang='grc' dir='ltr'>καὶ</span> <span class='ocrx_word' id='word_1_595' title='bbox 1137 1408 1167 1435; x_wconf 78' lang='grc' dir='ltr'>οὐ</span> <span class='ocrx_word' id='word_1_596' title='bbox 1180 1407 1397 1445; x_wconf 78' lang='grc' dir='ltr'>τελεσφοροῦσιν.</span> 
     </span>
    </p>
   </div>
   <div class='ocr_carea' id='block_1_88' title="bbox 1241 1457 1600 1496">
    <p class='ocr_par' dir='ltr' id='par_1_88' title="bbox 1241 1457 1600 1496">
     <span class='ocr_line' id='line_1_88' title="bbox 1241 1457 1600 1496; baseline 0 -9"><span class='ocrx_word' id='word_1_597' title='bbox 1241 1462 1299 1487; x_wconf 87' lang='grc' dir='ltr'>Σῶν</span> <span class='ocrx_word' id='word_1_598' title='bbox 1316 1459 1399 1496; x_wconf 85' lang='grc' dir='ltr'>ἁγίων</span> <span class='ocrx_word' id='word_1_599' title='bbox 1420 1459 1442 1496; x_wconf 95' lang='grc' dir='ltr'>γ’</span> <span class='ocrx_word' id='word_1_600' title='bbox 1463 1457 1600 1496; x_wconf 75' lang='grc' dir='ltr'>Πατὲρων.</span> 
     </span>
    </p>
   </div>
   <div class='ocr_carea' id='block_1_89' title="bbox 1043 1500 1838 1541">
    <p class='ocr_par' dir='ltr' id='par_1_89' title="bbox 1043 1500 1838 1541">
     <span class='ocr_line' id='line_1_89' title="bbox 1043 1500 1838 1541; baseline -0.009 -7"><span class='ocrx_word' id='word_1_601' title='bbox 1043 1506 1117 1534; x_wconf 83' lang='grc' dir='ltr'>Ἐπεὶ</span> <span class='ocrx_word' id='word_1_602' title='bbox 1141 1505 1169 1533; x_wconf 72' lang='grc' dir='ltr'>δὲ</span> <span class='ocrx_word' id='word_1_603' title='bbox 1194 1504 1238 1533; x_wconf 80' lang='grc' dir='ltr'>διὰ</span> <span class='ocrx_word' id='word_1_604' title='bbox 1261 1504 1361 1536; x_wconf 86' lang='grc' dir='ltr'>παντὸς</span> <span class='ocrx_word' id='word_1_605' title='bbox 1382 1505 1430 1531; x_wconf 79' lang='grc' dir='ltr'>τοῦ</span> <span class='ocrx_word' id='word_1_606' title='bbox 1468 1502 1616 1541; x_wconf 75' lang='grc' dir='ltr'>δράματος,</span> <span class='ocrx_word' id='word_1_607' title='bbox 1647 1502 1737 1539; x_wconf 79' lang='grc' dir='ltr'>ὥσπερ</span> <span class='ocrx_word' id='word_1_608' title='bbox 1759 1500 1838 1528; x_wconf 78' lang='grc' dir='ltr'>ἐναν-</span> 
     </span>
    </p>
   </div>
   <div class='ocr_carea' id='block_1_90' title="bbox 1007 1545 1835 1591">
    <p class='ocr_par' dir='ltr' id='par_1_90' title="bbox 1007 1545 1835 1591">
     <span class='ocr_line' id='line_1_90' title="bbox 1007 1545 1835 1591; baseline -0.007 -12"><span class='ocrx_word' id='word_1_609' title='bbox 1007 1552 1179 1591; x_wconf 76' lang='grc' dir='ltr'>τιοφθόγγοις</span> <span class='ocrx_word' id='word_1_610' title='bbox 1208 1548 1398 1587; x_wconf 74' lang='grc' dir='ltr'>μελῳδίαις“ὁ</span> <span class='ocrx_word' id='word_1_611' title='bbox 1428 1549 1545 1585; x_wconf 82' lang='grc' dir='ltr'>νυμφίος</span> <span class='ocrx_word' id='word_1_612' title='bbox 1574 1557 1603 1575; x_wconf 77' lang='grc' dir='ltr'>τι</span> <span class='ocrx_word' id='word_1_613' title='bbox 1631 1546 1676 1574; x_wconf 82' lang='grc' dir='ltr'>καὶ</span> <span class='ocrx_word' id='word_1_614' title='bbox 1704 1545 1835 1585; x_wconf 80' lang='grc' dir='ltr'>ἡνύμφη</span> 
     </span>
    </p>
   </div>
   <div class='ocr_carea' id='block_1_91' title="bbox 1008 1591 1836 1636">
    <p class='ocr_par' dir='ltr' id='par_1_91' title="bbox 1008 1591 1836 1636">
     <span class='ocr_line' id='line_1_91' title="bbox 1008 1591 1836 1636; baseline -0.008 -12"><span class='ocrx_word' id='word_1_615' title='bbox 1008 1597 1225 1636; x_wconf 81' lang='grc' dir='ltr'>ἀντευφημοῦσιν</span> <span class='ocrx_word' id='word_1_616' title='bbox 1260 1592 1414 1629; x_wconf 80' lang='grc' dir='ltr'>ἀλλήλους,</span> <span class='ocrx_word' id='word_1_617' title='bbox 1454 1591 1653 1628; x_wconf 76' lang='grc' dir='ltr'>ἐνδεικνύμενοι</span> <span class='ocrx_word' id='word_1_618' title='bbox 1682 1594 1742 1622; x_wconf 84' lang='grc' dir='ltr'>ταῖς</span> <span class='ocrx_word' id='word_1_619' title='bbox 1771 1601 1836 1636; x_wconf 63' lang='grc' dir='ltr'>συγ-</span> 
     </span>
    </p>
   </div>
   <div class='ocr_carea' id='block_1_92' title="bbox 1009 1633 1836 1679">
    <p class='ocr_par' dir='ltr' id='par_1_92' title="bbox 1009 1633 1836 1679">
     <span class='ocr_line' id='line_1_92' title="bbox 1009 1633 1836 1679; baseline -0.008 -10"><span class='ocrx_word' id='word_1_620' title='bbox 1009 1640 1081 1679; x_wconf 76' lang='grc' dir='ltr'>ιχέσι</span> <span class='ocrx_word' id='word_1_621' title='bbox 1094 1633 1321 1679; x_wconf 23' lang='grc' dir='ltr'>Ἲφιλοφροσύναις</span> <span class='ocrx_word' id='word_1_622' title='bbox 1334 1638 1381 1665; x_wconf 85' lang='grc' dir='ltr'>τὸν</span> <span class='ocrx_word' id='word_1_623' title='bbox 1397 1637 1466 1674; x_wconf 80' lang='grc' dir='ltr'>πρὸς</span> <span class='ocrx_word' id='word_1_624' title='bbox 1487 1637 1631 1672; x_wconf 76' lang='grc' dir='ltr'>ἀλλήλους</span> <span class='ocrx_word' id='word_1_625' title='bbox 1647 1636 1731 1668; x_wconf 81' lang='grc' dir='ltr'>πόθον</span> <span class='ocrx_word' id='word_1_626' title='bbox 1745 1645 1751 1652; x_wconf 86' lang='grc'>·</span> <span class='ocrx_word' id='word_1_627' title='bbox 1768 1633 1836 1662; x_wconf 80' lang='grc' dir='ltr'>τάδε</span> 
     </span>
    </p>
   </div>
   <div class='ocr_carea' id='block_1_93' title="bbox 1008 1679 1833 1723">
    <p class='ocr_par' dir='ltr' id='par_1_93' title="bbox 1008 1679 1833 1723">
     <span class='ocr_line' id='line_1_93' title="bbox 1008 1679 1833 1723; baseline -0.007 -11"><span class='ocrx_word' id='word_1_628' title='bbox 1008 1685 1092 1712; x_wconf 75' lang='grc' dir='ltr'>πάλιν</span> <span class='ocrx_word' id='word_1_629' title='bbox 1121 1683 1324 1723; x_wconf 79' lang='grc' dir='ltr'>ἆντιφθὲγγεται</span> <span class='ocrx_word' id='word_1_630' title='bbox 1356 1682 1424 1719; x_wconf 85' lang='grc' dir='ltr'>πρὸς</span> <span class='ocrx_word' id='word_1_631' title='bbox 1452 1682 1497 1709; x_wconf 87' lang='grc' dir='ltr'>τὸν</span> <span class='ocrx_word' id='word_1_632' title='bbox 1527 1681 1642 1719; x_wconf 79' lang='grc' dir='ltr'>νυμφίον</span> <span class='ocrx_word' id='word_1_633' title='bbox 1664 1681 1681 1715; x_wconf 86' lang='grc' dir='ltr'>ἠ</span> <span class='ocrx_word' id='word_1_634' title='bbox 1710 1679 1806 1718; x_wconf 71' lang='grc' dir='ltr'>νύμφη</span> <span class='ocrx_word' id='word_1_635' title='bbox 1827 1690 1833 1696; x_wconf 88' lang='grc'><strong>·</strong></span> 
     </span>
    </p>
   </div>
   <div class='ocr_carea' id='block_1_94' title="bbox 1008 1722 1839 1766">
    <p class='ocr_par' dir='ltr' id='par_1_94' title="bbox 1008 1722 1839 1766">
     <span class='ocr_line' id='line_1_94' title="bbox 1008 1722 1839 1766; baseline -0.01 -8"><span class='ocrx_word' id='word_1_636' title='bbox 1008 1731 1052 1761; x_wconf 80' lang='grc' dir='ltr'>Ὠς</span> <span class='ocrx_word' id='word_1_637' title='bbox 1084 1722 1226 1766; x_wconf 18' lang='grc' dir='ltr'>μῆλοννέν</span> <span class='ocrx_word' id='word_1_638' title='bbox 1270 1730 1328 1759; x_wconf 86' lang='grc' dir='ltr'>τοῖς</span> <span class='ocrx_word' id='word_1_639' title='bbox 1370 1726 1462 1762; x_wconf 67' lang='grc' dir='ltr'>ξύλοις</span> <span class='ocrx_word' id='word_1_640' title='bbox 1498 1728 1546 1753; x_wconf 74' lang='grc' dir='ltr'>τοῦ</span> <span class='ocrx_word' id='word_1_641' title='bbox 1588 1724 1713 1763; x_wconf 75' lang='grc' dir='ltr'>δρυμοῦ,</span> <span class='ocrx_word' id='word_1_642' title='bbox 1748 1722 1839 1755; x_wconf 72' lang='grc' dir='ltr'>οὕτως</span> 
     </span>
    </p>
   </div>
   <div class='ocr_carea' id='block_1_95' title="bbox 1010 1770 1838 1813">
    <p class='ocr_par' dir='ltr' id='par_1_95' title="bbox 1010 1770 1838 1813">
     <span class='ocr_line' id='line_1_95' title="bbox 1010 1770 1838 1813; baseline -0.008 -10"><span class='ocrx_word' id='word_1_643' title='bbox 1010 1773 1156 1813; x_wconf 77' lang='grc' dir='ltr'>ἆδελφιδὸς</span> <span class='ocrx_word' id='word_1_644' title='bbox 1183 1783 1236 1810; x_wconf 92' lang='grc' dir='ltr'>μου</span> <span class='ocrx_word' id='word_1_645' title='bbox 1261 1772 1308 1800; x_wconf 69' lang='grc' dir='ltr'>ἀνὰ</span> <span class='ocrx_word' id='word_1_646' title='bbox 1340 1771 1420 1808; x_wconf 70' lang='grc' dir='ltr'>μέσον</span> <span class='ocrx_word' id='word_1_647' title='bbox 1448 1773 1501 1798; x_wconf 83' lang='grc' dir='ltr'>τῶν</span> <span class='ocrx_word' id='word_1_648' title='bbox 1531 1770 1607 1798; x_wconf 71' lang='grc' dir='ltr'>υῗῶν.</span> <span class='ocrx_word' id='word_1_649' title='bbox 1636 1770 1838 1813; x_wconf 46' lang='lat' dir='ltr'>&quot;ﬂuminei-</span> 
     </span>
    </p>
   </div>
   <div class='ocr_carea' id='block_1_96' title="bbox 1010 1812 1837 1857">
    <p class='ocr_par' dir='ltr' id='par_1_96' title="bbox 1010 1812 1837 1857">
     <span class='ocr_line' id='line_1_96' title="bbox 1010 1812 1837 1857; baseline -0.008 -11"><span class='ocrx_word' id='word_1_650' title='bbox 1010 1830 1060 1857; x_wconf 87' lang='grc' dir='ltr'>περ</span> <span class='ocrx_word' id='word_1_651' title='bbox 1083 1822 1172 1855; x_wconf 87' lang='grc' dir='ltr'>μῆΛον</span> <span class='ocrx_word' id='word_1_652' title='bbox 1203 1818 1252 1852; x_wconf 82' lang='grc' dir='ltr'>τὴν</span> <span class='ocrx_word' id='word_1_653' title='bbox 1283 1817 1354 1854; x_wconf 79' lang='grc' dir='ltr'>ὥραν</span> <span class='ocrx_word' id='word_1_654' title='bbox 1383 1816 1430 1853; x_wconf 76' lang='grc' dir='ltr'>μὶν</span> <span class='ocrx_word' id='word_1_655' title='bbox 1450 1815 1590 1852; x_wconf 74' lang='grc' dir='ltr'>εὐπρεπὲς,</span> <span class='ocrx_word' id='word_1_656' title='bbox 1620 1812 1719 1844; x_wconf 77' lang='grc' dir='ltr'>εὐῶδες</span> <span class='ocrx_word' id='word_1_657' title='bbox 1741 1812 1770 1840; x_wconf 71' lang='grc' dir='ltr'>δὲ</span> <span class='ocrx_word' id='word_1_658' title='bbox 1783 1813 1837 1847; x_wconf 81' lang='grc' dir='ltr'>τὴν</span> 
     </span>
    </p>
   </div>
   <div class='ocr_carea' id='block_1_97' title="bbox 1012 1858 1838 1901">
    <p class='ocr_par' dir='ltr' id='par_1_97' title="bbox 1012 1858 1838 1901">
     <span class='ocr_line' id='line_1_97' title="bbox 1012 1858 1838 1901; baseline -0.008 -10"><span class='ocrx_word' id='word_1_659' title='bbox 1012 1864 1100 1901; x_wconf 83' lang='grc' dir='ltr'>ὀσμὴν</span> <span class='ocrx_word' id='word_1_660' title='bbox 1130 1862 1174 1890; x_wconf 84' lang='grc' dir='ltr'>καὶ</span> <span class='ocrx_word' id='word_1_661' title='bbox 1200 1862 1249 1896; x_wconf 84' lang='grc' dir='ltr'>τήν</span> <span class='ocrx_word' id='word_1_662' title='bbox 1279 1860 1368 1899; x_wconf 79' lang='grc' dir='ltr'>γεὺσιν</span> <span class='ocrx_word' id='word_1_663' title='bbox 1397 1859 1496 1898; x_wconf 79' lang='grc' dir='ltr'>γλυκὺ,</span> <span class='ocrx_word' id='word_1_664' title='bbox 1525 1859 1664 1890; x_wconf 79' lang='grc' dir='ltr'>κάντεῦθεν</span> <span class='ocrx_word' id='word_1_665' title='bbox 1695 1858 1838 1895; x_wconf 76' lang='grc' dir='ltr'>χρήσιμον</span> 
     </span>
    </p>
   </div>
   <div class='ocr_carea' id='block_1_98' title="bbox 1011 1902 1844 1946">
    <p class='ocr_par' dir='ltr' id='par_1_98' title="bbox 1011 1902 1844 1946">
     <span class='ocr_line' id='line_1_98' title="bbox 1011 1902 1844 1946; baseline -0.01 -10"><span class='ocrx_word' id='word_1_666' title='bbox 1011 1909 1078 1946; x_wconf 83' lang='grc' dir='ltr'>πρὸς</span> <span class='ocrx_word' id='word_1_667' title='bbox 1102 1905 1205 1941; x_wconf 75' lang='grc' dir='ltr'>ἐδωδήν</span> <span class='ocrx_word' id='word_1_668' title='bbox 1232 1906 1365 1944; x_wconf 78' lang='grc' dir='ltr'>λογικοῖς,</span> <span class='ocrx_word' id='word_1_669' title='bbox 1390 1905 1415 1932; x_wconf 78' lang='grc' dir='ltr'>ἒν</span> <span class='ocrx_word' id='word_1_670' title='bbox 1436 1907 1494 1935; x_wconf 91' lang='grc' dir='ltr'>τοῖς</span> <span class='ocrx_word' id='word_1_671' title='bbox 1519 1904 1616 1931; x_wconf 78' lang='grc' dir='ltr'>τούτου</span> <span class='ocrx_word' id='word_1_672' title='bbox 1646 1902 1844 1940; x_wconf 67' lang='grc' dir='ltr'>ἐστερημένοις</span> 
     </span>
    </p>
   </div>
   <div class='ocr_carea' id='block_1_99' title="bbox 1013 1947 1844 1989">
    <p class='ocr_par' dir='ltr' id='par_1_99' title="bbox 1013 1947 1844 1989">
     <span class='ocr_line' id='line_1_99' title="bbox 1013 1947 1844 1989; baseline -0.008 -9"><span class='ocrx_word' id='word_1_673' title='bbox 1013 1953 1105 1989; x_wconf 73' lang='grc' dir='ltr'>ξύλοις</span> <span class='ocrx_word' id='word_1_674' title='bbox 1129 1953 1177 1979; x_wconf 80' lang='grc' dir='ltr'>τοῦ</span> <span class='ocrx_word' id='word_1_675' title='bbox 1203 1949 1318 1988; x_wconf 81' lang='grc' dir='ltr'>δρυμοῦ,</span> <span class='ocrx_word' id='word_1_676' title='bbox 1345 1950 1374 1981; x_wconf 80' lang='grc' dir='ltr'>ὃς</span> <span class='ocrx_word' id='word_1_677' title='bbox 1403 1947 1512 1983; x_wconf 81' lang='grc' dir='ltr'>ὑλώδης</span> <span class='ocrx_word' id='word_1_678' title='bbox 1536 1949 1565 1975; x_wconf 73' lang='grc' dir='ltr'>τι</span> <span class='ocrx_word' id='word_1_679' title='bbox 1589 1947 1643 1975; x_wconf 67' lang='grc' dir='ltr'>ἐστι</span> <span class='ocrx_word' id='word_1_680' title='bbox 1668 1947 1712 1974; x_wconf 83' lang='grc' dir='ltr'>καὶ</span> <span class='ocrx_word' id='word_1_681' title='bbox 1736 1947 1844 1984; x_wconf 76' lang='grc' dir='ltr'>καρπὸν</span> 
     </span>
    </p>
   </div>
   <div class='ocr_carea' id='block_1_100' title="bbox 1013 1991 1844 2035">
    <p class='ocr_par' dir='ltr' id='par_1_100' title="bbox 1013 1991 1844 2035">
     <span class='ocr_line' id='line_1_100' title="bbox 1013 1991 1844 2035; baseline -0.007 -11"><span class='ocrx_word' id='word_1_682' title='bbox 1013 1998 1086 2035; x_wconf 74' lang='grc' dir='ltr'>φέρει</span> <span class='ocrx_word' id='word_1_683' title='bbox 1113 1996 1225 2034; x_wconf 83' lang='grc' dir='ltr'>ἀλόγοις</span> <span class='ocrx_word' id='word_1_684' title='bbox 1248 1995 1316 2032; x_wconf 86' lang='grc' dir='ltr'>πρὸς</span> <span class='ocrx_word' id='word_1_685' title='bbox 1343 1995 1442 2031; x_wconf 77' lang='grc' dir='ltr'>βρῶσιν</span> <span class='ocrx_word' id='word_1_686' title='bbox 1466 1992 1511 2020; x_wconf 79' lang='grc' dir='ltr'>καί</span> <span class='ocrx_word' id='word_1_687' title='bbox 1537 1993 1567 2020; x_wconf 79' lang='grc' dir='ltr'>οὐ</span> <span class='ocrx_word' id='word_1_688' title='bbox 1592 1991 1716 2030; x_wconf 84' lang='grc' dir='ltr'>λογικοῖς</span> <span class='ocrx_word' id='word_1_689' title='bbox 1742 1991 1844 2026; x_wconf 77' lang='grc' dir='ltr'>ἐπιτή-</span> 
     </span>
    </p>
   </div>
   <div class='ocr_carea' id='block_1_101' title="bbox 1014 2026 1844 2076">
    <p class='ocr_par' dir='ltr' id='par_1_101' title="bbox 1014 2026 1844 2076">
     <span class='ocr_line' id='line_1_101' title="bbox 1014 2026 1844 2076; baseline -0.008 -7"><span class='ocrx_word' id='word_1_690' title='bbox 1014 2026 1085 2070; x_wconf 70' lang='grc' dir='ltr'>δειον</span> <span class='ocrx_word' id='word_1_691' title='bbox 1103 2050 1109 2057; x_wconf 89' lang='grc'><strong>·</strong></span> <span class='ocrx_word' id='word_1_692' title='bbox 1141 2026 1226 2070; x_wconf 69' lang='grc' dir='ltr'>οῧοως</span> <span class='ocrx_word' id='word_1_693' title='bbox 1243 2040 1256 2066; x_wconf 89' lang='grc' dir='ltr'>ὁ</span> <span class='ocrx_word' id='word_1_694' title='bbox 1271 2026 1382 2076; x_wconf 63' lang='grc' dir='ltr'>διγιιτεητ</span> <span class='ocrx_word' id='word_1_695' title='bbox 1392 2038 1420 2069; x_wconf 89' lang='grc' dir='ltr'>ός</span> <span class='ocrx_word' id='word_1_696' title='bbox 1437 2048 1488 2074; x_wconf 90' lang='grc' dir='ltr'>μου</span> <span class='ocrx_word' id='word_1_697' title='bbox 1503 2036 1530 2065; x_wconf 89' lang='grc' dir='ltr'>ἐν</span> <span class='ocrx_word' id='word_1_698' title='bbox 1544 2039 1603 2067; x_wconf 87' lang='grc' dir='ltr'>τοῖς</span> <span class='ocrx_word' id='word_1_699' title='bbox 1624 2039 1678 2063; x_wconf 78' lang='grc' dir='ltr'>τῶν</span> <span class='ocrx_word' id='word_1_700' title='bbox 1692 2035 1844 2073; x_wconf 80' lang='grc' dir='ltr'>ἀνθρώπων</span> 
     </span>
    </p>
   </div>
   <div class='ocr_carea' id='block_1_102' title="bbox 1015 2080 1844 2121">
    <p class='ocr_par' dir='ltr' id='par_1_102' title="bbox 1015 2080 1844 2121">
     <span class='ocr_line' id='line_1_102' title="bbox 1015 2080 1844 2121; baseline -0.008 -7"><span class='ocrx_word' id='word_1_701' title='bbox 1015 2088 1095 2117; x_wconf 63' lang='grc' dir='ltr'>υἱοῖς,</span> <span class='ocrx_word' id='word_1_702' title='bbox 1112 2084 1215 2114; x_wconf 86' lang='grc' dir='ltr'>Κάλλει</span> <span class='ocrx_word' id='word_1_703' title='bbox 1238 2084 1285 2121; x_wconf 80' lang='grc' dir='ltr'>μὶν</span> <span class='ocrx_word' id='word_1_704' title='bbox 1306 2084 1355 2121; x_wconf 77' lang='grc' dir='ltr'>γὰρ</span> <span class='ocrx_word' id='word_1_705' title='bbox 1379 2083 1479 2118; x_wconf 82' lang='grc' dir='ltr'>ὡραῖος</span> <span class='ocrx_word' id='word_1_706' title='bbox 1503 2082 1576 2119; x_wconf 77' lang='grc' dir='ltr'>παρὰ</span> <span class='ocrx_word' id='word_1_707' title='bbox 1598 2081 1663 2112; x_wconf 77' lang='grc' dir='ltr'>τοὺς</span> <span class='ocrx_word' id='word_1_708' title='bbox 1686 2080 1762 2111; x_wconf 75' lang='grc' dir='ltr'>υἱοὺς</span> <span class='ocrx_word' id='word_1_709' title='bbox 1786 2083 1844 2107; x_wconf 83' lang='grc' dir='ltr'>τῶν</span> 
     </span>
    </p>
   </div>
   <div class='ocr_carea' id='block_1_103' title="bbox 1016 2125 1846 2169">
    <p class='ocr_par' dir='ltr' id='par_1_103' title="bbox 1016 2125 1846 2169">
     <span class='ocr_line' id='line_1_103' title="bbox 1016 2125 1846 2169; baseline -0.01 -10"><span class='ocrx_word' id='word_1_710' title='bbox 1016 2131 1177 2169; x_wconf 83' lang='grc' dir='ltr'>ἀνθρώπων,</span> <span class='ocrx_word' id='word_1_711' title='bbox 1207 2129 1238 2156; x_wconf 76' lang='grc' dir='ltr'>οὐ</span> <span class='ocrx_word' id='word_1_712' title='bbox 1267 2129 1350 2165; x_wconf 88' lang='grc' dir='ltr'>μόνον</span> <span class='ocrx_word' id='word_1_713' title='bbox 1375 2127 1411 2158; x_wconf 83' lang='grc' dir='ltr'>ὡς</span> <span class='ocrx_word' id='word_1_714' title='bbox 1439 2128 1505 2155; x_wconf 77' lang='grc' dir='ltr'>Θεοῦ</span> <span class='ocrx_word' id='word_1_715' title='bbox 1532 2126 1684 2163; x_wconf 81' lang='grc' dir='ltr'>μονογενὴς</span> <span class='ocrx_word' id='word_1_716' title='bbox 1704 2125 1766 2156; x_wconf 74' lang='grc' dir='ltr'>Υἱὸς</span> <span class='ocrx_word' id='word_1_717' title='bbox 1798 2125 1846 2152; x_wconf 87' lang='grc' dir='ltr'>καὶ</span> 
     </span>
    </p>
   </div>
   <div class='ocr_carea' id='block_1_104' title="bbox 1016 2170 1845 2213">
    <p class='ocr_par' dir='ltr' id='par_1_104' title="bbox 1016 2170 1845 2213">
     <span class='ocr_line' id='line_1_104' title="bbox 1016 2170 1845 2213; baseline -0.008 -10"><span class='ocrx_word' id='word_1_718' title='bbox 1016 2176 1114 2213; x_wconf 81' lang='grc' dir='ltr'>Λόγος,</span> <span class='ocrx_word' id='word_1_719' title='bbox 1130 2173 1262 2202; x_wconf 74' lang='grc' dir='ltr'>ἀλλὰκαὶ</span> <span class='ocrx_word' id='word_1_720' title='bbox 1287 2174 1324 2204; x_wconf 86' lang='grc' dir='ltr'>ὡς</span> <span class='ocrx_word' id='word_1_721' title='bbox 1348 2172 1373 2199; x_wconf 76' lang='grc' dir='ltr'>ἐν</span> <span class='ocrx_word' id='word_1_722' title='bbox 1401 2171 1554 2209; x_wconf 69' lang='grc' dir='ltr'>ἀνθρώποις</span> <span class='ocrx_word' id='word_1_723' title='bbox 1579 2170 1770 2208; x_wconf 82' lang='grc' dir='ltr'>ἀναμάρτητος</span> <span class='ocrx_word' id='word_1_724' title='bbox 1793 2170 1845 2206; x_wconf 88' lang='grc' dir='ltr'>μό-</span> 
     </span>
    </p>
   </div>
   <div class='ocr_carea' id='block_1_105' title="bbox 978 2213 1846 2262">
    <p class='ocr_par' dir='ltr' id='par_1_105' title="bbox 978 2213 1846 2262">
     <span class='ocr_line' id='line_1_105' title="bbox 978 2213 1846 2262; baseline -0.009 -14"><span class='ocrx_word' id='word_1_725' title='bbox 978 2230 1000 2262; x_wconf 85' lang='lat' dir='ltr'><strong>D</strong></span> <span class='ocrx_word' id='word_1_726' title='bbox 1014 2230 1071 2250; x_wconf 82' lang='grc' dir='ltr'>νος.</span> <span class='ocrx_word' id='word_1_727' title='bbox 1098 2217 1214 2253; x_wconf 82' lang='grc' dir='ltr'>Εὖώδης</span> <span class='ocrx_word' id='word_1_728' title='bbox 1230 2217 1258 2245; x_wconf 69' lang='grc' dir='ltr'>δὲ</span> <span class='ocrx_word' id='word_1_729' title='bbox 1271 2219 1330 2248; x_wconf 85' lang='grc' dir='ltr'>ταῖς</span> <span class='ocrx_word' id='word_1_730' title='bbox 1347 2216 1415 2253; x_wconf 80' lang='grc' dir='ltr'>πρὸς</span> <span class='ocrx_word' id='word_1_731' title='bbox 1427 2215 1492 2247; x_wconf 82' lang='grc' dir='ltr'>τοὺς</span> <span class='ocrx_word' id='word_1_732' title='bbox 1509 2214 1548 2246; x_wconf 72' lang='grc' dir='ltr'>εἷς</span> <span class='ocrx_word' id='word_1_733' title='bbox 1564 2215 1643 2242; x_wconf 83' lang='grc' dir='ltr'>αὐτὸν</span> <span class='ocrx_word' id='word_1_734' title='bbox 1667 2213 1846 2244; x_wconf 81' lang='grc' dir='ltr'>πιστεύοντας</span> 
     </span>
    </p>
   </div>
   <div class='ocr_carea' id='block_1_106' title="bbox 1018 2257 1847 2302">
    <p class='ocr_par' dir='ltr' id='par_1_106' title="bbox 1018 2257 1847 2302">
     <span class='ocr_line' id='line_1_106' title="bbox 1018 2257 1847 2302; baseline -0.01 -10"><span class='ocrx_word' id='word_1_735' title='bbox 1018 2264 1175 2302; x_wconf 80' lang='grc' dir='ltr'>μεταδόσεσι</span> <span class='ocrx_word' id='word_1_736' title='bbox 1190 2264 1245 2290; x_wconf 80' lang='grc' dir='ltr'>τῶν</span> <span class='ocrx_word' id='word_1_737' title='bbox 1268 2261 1453 2300; x_wconf 78' lang='grc' dir='ltr'>χαρισμάτων</span> <span class='ocrx_word' id='word_1_738' title='bbox 1484 2261 1533 2287; x_wconf 76' lang='grc' dir='ltr'>τοῦ</span> <span class='ocrx_word' id='word_1_739' title='bbox 1562 2258 1731 2295; x_wconf 80' lang='grc' dir='ltr'>Πνεύματος,</span> <span class='ocrx_word' id='word_1_740' title='bbox 1753 2257 1787 2285; x_wconf 83' lang='grc' dir='ltr'>δι’</span> <span class='ocrx_word' id='word_1_741' title='bbox 1808 2258 1847 2285; x_wconf 83' lang='grc' dir='ltr'>ὧν</span> 
     </span>
    </p>
   </div>
   <div class='ocr_carea' id='block_1_107' title="bbox 1015 2302 1846 2343">
    <p class='ocr_par' dir='ltr' id='par_1_107' title="bbox 1015 2302 1846 2343">
     <span class='ocr_line' id='line_1_107' title="bbox 1015 2302 1846 2343; baseline -0.008 -7"><span class='ocrx_word' id='word_1_742' title='bbox 1015 2309 1113 2336; x_wconf 83' lang='grc' dir='ltr'>τούτου</span> <span class='ocrx_word' id='word_1_743' title='bbox 1142 2307 1168 2334; x_wconf 82' lang='grc' dir='ltr'>ἐν</span> <span class='ocrx_word' id='word_1_744' title='bbox 1195 2306 1318 2341; x_wconf 70' lang='grc' dir='ltr'>αἶ’σθήσει</span> <span class='ocrx_word' id='word_1_745' title='bbox 1336 2305 1476 2343; x_wconf 82' lang='grc' dir='ltr'>γινόμεθα.</span> <span class='ocrx_word' id='word_1_746' title='bbox 1493 2304 1549 2338; x_wconf 86' lang='grc' dir='ltr'>Τήν</span> <span class='ocrx_word' id='word_1_747' title='bbox 1565 2303 1594 2331; x_wconf 69' lang='grc' dir='ltr'>δὲ</span> <span class='ocrx_word' id='word_1_748' title='bbox 1608 2305 1697 2341; x_wconf 78' lang='grc' dir='ltr'>γεῦσιν</span> <span class='ocrx_word' id='word_1_749' title='bbox 1713 2302 1821 2340; x_wconf 81' lang='grc' dir='ltr'>γλυχύς</span> <span class='ocrx_word' id='word_1_750' title='bbox 1839 2312 1846 2318; x_wconf 89' lang='grc'><strong>·</strong></span> 
     </span>
    </p>
   </div>
   <div class='ocr_carea' id='block_1_108' title="bbox 1017 2347 1848 2388">
    <p class='ocr_par' dir='ltr' id='par_1_108' title="bbox 1017 2347 1848 2388">
     <span class='ocr_line' id='line_1_108' title="bbox 1017 2347 1848 2388; baseline -0.008 -8"><span class='ocrx_word' id='word_1_751' title='bbox 1017 2353 1148 2381; x_wconf 74' lang='grc' dir='ltr'>Γεόσασθε</span> <span class='ocrx_word' id='word_1_752' title='bbox 1162 2351 1223 2388; x_wconf 81' lang='grc' dir='ltr'>γὰρ,</span> <span class='ocrx_word' id='word_1_753' title='bbox 1242 2350 1320 2388; x_wconf 82' lang='grc' dir='ltr'>φησὶ,</span> <span class='ocrx_word' id='word_1_754' title='bbox 1336 2349 1382 2377; x_wconf 85' lang='grc' dir='ltr'>καὶ</span> <span class='ocrx_word' id='word_1_755' title='bbox 1406 2348 1477 2376; x_wconf 66' lang='grc' dir='ltr'>ἴδετε</span> <span class='ocrx_word' id='word_1_756' title='bbox 1500 2348 1542 2376; x_wconf 82' lang='grc' dir='ltr'>ὅτι</span> <span class='ocrx_word' id='word_1_757' title='bbox 1562 2347 1684 2385; x_wconf 81' lang='grc' dir='ltr'>χρηστὸς</span> <span class='ocrx_word' id='word_1_758' title='bbox 1701 2348 1715 2374; x_wconf 82' lang='grc' dir='ltr'>ὁ</span> <span class='ocrx_word' id='word_1_759' title='bbox 1731 2347 1848 2383; x_wconf 76' lang='grc' dir='ltr'>Κύριος.</span> 
     </span>
    </p>
   </div>
   <div class='ocr_carea' id='block_1_109' title="bbox 1017 2389 1850 2434">
    <p class='ocr_par' dir='ltr' id='par_1_109' title="bbox 1017 2389 1850 2434">
     <span class='ocr_line' id='line_1_109' title="bbox 1017 2389 1850 2434; baseline -0.01 -9"><span class='ocrx_word' id='word_1_760' title='bbox 1017 2392 1128 2431; x_wconf 77' lang='grc' dir='ltr'>Ἐπειδὴ</span> <span class='ocrx_word' id='word_1_761' title='bbox 1141 2395 1278 2434; x_wconf 69' lang='grc' dir='ltr'>γλυκύτης</span> <span class='ocrx_word' id='word_1_762' title='bbox 1293 2394 1405 2431; x_wconf 68' lang='grc' dir='ltr'>μέλιτος</span> <span class='ocrx_word' id='word_1_763' title='bbox 1416 2394 1448 2421; x_wconf 84' lang='grc' dir='ltr'>οὐ</span> <span class='ocrx_word' id='word_1_764' title='bbox 1463 2396 1521 2424; x_wconf 85' lang='grc' dir='ltr'>τοῖς</span> <span class='ocrx_word' id='word_1_765' title='bbox 1533 2393 1570 2429; x_wconf 82' lang='grc' dir='ltr'>μὴ</span> <span class='ocrx_word' id='word_1_766' title='bbox 1577 2392 1764 2430; x_wconf 74' lang='grc' dir='ltr'>γευσαμένοις,</span> <span class='ocrx_word' id='word_1_767' title='bbox 1774 2389 1850 2418; x_wconf 82' lang='grc' dir='ltr'>ἀλλά</span> 
     </span>
    </p>
   </div>
   <div class='ocr_carea' id='block_1_110' title="bbox 1018 2434 1848 2479">
    <p class='ocr_par' dir='ltr' id='par_1_110' title="bbox 1018 2434 1848 2479">
     <span class='ocr_line' id='line_1_110' title="bbox 1018 2434 1848 2479; baseline -0.01 -10"><span class='ocrx_word' id='word_1_768' title='bbox 1018 2445 1076 2473; x_wconf 90' lang='grc' dir='ltr'>τοῖς</span> <span class='ocrx_word' id='word_1_769' title='bbox 1092 2441 1270 2479; x_wconf 70' lang='grc' dir='ltr'>γευσαμένοις</span> <span class='ocrx_word' id='word_1_770' title='bbox 1285 2439 1404 2476; x_wconf 81' lang='grc' dir='ltr'>γνωστή.</span> <span class='ocrx_word' id='word_1_771' title='bbox 1427 2439 1506 2469; x_wconf 74' lang='grc' dir='ltr'>“Ὀθεν</span> <span class='ocrx_word' id='word_1_772' title='bbox 1529 2436 1574 2464; x_wconf 86' lang='grc' dir='ltr'>καὶ</span> <span class='ocrx_word' id='word_1_773' title='bbox 1595 2437 1682 2475; x_wconf 79' lang='grc' dir='ltr'>τροφή</span> <span class='ocrx_word' id='word_1_774' title='bbox 1695 2435 1750 2463; x_wconf 82' lang='grc' dir='ltr'>ἐστι</span> <span class='ocrx_word' id='word_1_775' title='bbox 1767 2434 1848 2472; x_wconf 77' lang='grc' dir='ltr'>λογι-</span> 
     </span>
    </p>
   </div>
   <div class='ocr_carea' id='block_1_111' title="bbox 1018 2479 1848 2521">
    <p class='ocr_par' dir='ltr' id='par_1_111' title="bbox 1018 2479 1848 2521">
     <span class='ocr_line' id='line_1_111' title="bbox 1018 2479 1848 2521; baseline -0.01 -7"><span class='ocrx_word' id='word_1_776' title='bbox 1018 2489 1085 2520; x_wconf 82' lang='grc' dir='ltr'>κῶν,</span> <span class='ocrx_word' id='word_1_777' title='bbox 1100 2486 1172 2520; x_wconf 72' lang='grc' dir='ltr'>ζωὴν</span> <span class='ocrx_word' id='word_1_778' title='bbox 1181 2484 1366 2521; x_wconf 74' lang='grc' dir='ltr'>πνευματικὴν</span> <span class='ocrx_word' id='word_1_779' title='bbox 1379 2483 1486 2512; x_wconf 77' lang='grc' dir='ltr'>τούτοις</span> <span class='ocrx_word' id='word_1_780' title='bbox 1497 2480 1596 2512; x_wconf 79' lang='grc' dir='ltr'>διδούς.</span> <span class='ocrx_word' id='word_1_781' title='bbox 1608 2481 1641 2510; x_wconf 78' lang='grc' dir='ltr'><strong>Οἱ</strong></span> <span class='ocrx_word' id='word_1_782' title='bbox 1651 2479 1679 2508; x_wconf 72' lang='grc' dir='ltr'>δὲ</span> <span class='ocrx_word' id='word_1_783' title='bbox 1690 2479 1785 2508; x_wconf 77' lang='grc' dir='ltr'>λοιποὶ</span> <span class='ocrx_word' id='word_1_784' title='bbox 1794 2481 1848 2506; x_wconf 82' lang='grc' dir='ltr'>τῶν</span> 
     </span>
    </p>
   </div>
   <div class='ocr_carea' id='block_1_112' title="bbox 1021 2524 1851 2569">
    <p class='ocr_par' dir='ltr' id='par_1_112' title="bbox 1021 2524 1851 2569">
     <span class='ocr_line' id='line_1_112' title="bbox 1021 2524 1851 2569; baseline -0.011 -10"><span class='ocrx_word' id='word_1_785' title='bbox 1021 2531 1169 2569; x_wconf 81' lang='grc' dir='ltr'>ἀνθρώπων</span> <span class='ocrx_word' id='word_1_786' title='bbox 1189 2529 1256 2562; x_wconf 73' lang='grc' dir='ltr'>υἱοὶ,</span> <span class='ocrx_word' id='word_1_787' title='bbox 1282 2527 1375 2562; x_wconf 79' lang='grc' dir='ltr'>ἐπειδή</span> <span class='ocrx_word' id='word_1_788' title='bbox 1396 2528 1494 2557; x_wconf 80' lang='grc' dir='ltr'>πάντες</span> <span class='ocrx_word' id='word_1_789' title='bbox 1514 2525 1637 2563; x_wconf 78' lang='grc' dir='ltr'>ἥμαρτον</span> <span class='ocrx_word' id='word_1_790' title='bbox 1656 2526 1764 2558; x_wconf 81' lang='grc' dir='ltr'>καὶτῆς</span> <span class='ocrx_word' id='word_1_791' title='bbox 1778 2524 1851 2555; x_wconf 84' lang='grc' dir='ltr'>Θείας</span> 
     </span>
    </p>
   </div>
   <div class='ocr_carea' id='block_1_113' title="bbox 1022 2569 1850 2612">
    <p class='ocr_par' dir='ltr' id='par_1_113' title="bbox 1022 2569 1850 2612">
     <span class='ocr_line' id='line_1_113' title="bbox 1022 2569 1850 2612; baseline -0.01 -9"><span class='ocrx_word' id='word_1_792' title='bbox 1022 2575 1101 2612; x_wconf 80' lang='grc' dir='ltr'>δόξης</span> <span class='ocrx_word' id='word_1_793' title='bbox 1114 2575 1279 2611; x_wconf 72' lang='grc' dir='ltr'>ἐστέρηνται,</span> <span class='ocrx_word' id='word_1_794' title='bbox 1296 2571 1374 2608; x_wconf 87' lang='grc' dir='ltr'>δίκην</span> <span class='ocrx_word' id='word_1_795' title='bbox 1397 2571 1503 2608; x_wconf 83' lang='grc' dir='ltr'>δρυμοῦ</span> <span class='ocrx_word' id='word_1_796' title='bbox 1524 2571 1559 2606; x_wconf 78' lang='grc' dir='ltr'>τῇ</span> <span class='ocrx_word' id='word_1_797' title='bbox 1573 2570 1662 2608; x_wconf 72' lang='grc' dir='ltr'>σχέσει</span> <span class='ocrx_word' id='word_1_798' title='bbox 1677 2571 1732 2596; x_wconf 83' lang='grc' dir='ltr'>τῶν</span> <span class='ocrx_word' id='word_1_799' title='bbox 1747 2569 1850 2604; x_wconf 87' lang='grc' dir='ltr'>παρόν-</span> 
     </span>
    </p>
   </div>
   <div class='ocr_carea' id='block_1_114' title="bbox 1021 2614 1849 2656">
    <p class='ocr_par' dir='ltr' id='par_1_114' title="bbox 1021 2614 1849 2656">
     <span class='ocr_line' id='line_1_114' title="bbox 1021 2614 1849 2656; baseline -0.011 -8"><span class='ocrx_word' id='word_1_800' title='bbox 1021 2632 1075 2648; x_wconf 88' lang='grc' dir='ltr'>των</span> <span class='ocrx_word' id='word_1_801' title='bbox 1094 2620 1260 2656; x_wconf 81' lang='grc' dir='ltr'>ὑλομανοῦσι</span> <span class='ocrx_word' id='word_1_802' title='bbox 1279 2628 1285 2634; x_wconf 90' lang='grc'>·</span> <span class='ocrx_word' id='word_1_803' title='bbox 1301 2617 1345 2645; x_wconf 88' lang='grc' dir='ltr'>καὶ</span> <span class='ocrx_word' id='word_1_804' title='bbox 1361 2616 1406 2644; x_wconf 82' lang='grc' dir='ltr'>διὰ</span> <span class='ocrx_word' id='word_1_805' title='bbox 1420 2618 1474 2643; x_wconf 80' lang='grc' dir='ltr'>τῶν</span> <span class='ocrx_word' id='word_1_806' title='bbox 1490 2616 1582 2643; x_wconf 82' lang='grc' dir='ltr'>παθῶν</span> <span class='ocrx_word' id='word_1_807' title='bbox 1598 2617 1651 2641; x_wconf 82' lang='grc' dir='ltr'>τῶν</span> <span class='ocrx_word' id='word_1_808' title='bbox 1664 2614 1772 2651; x_wconf 81' lang='grc' dir='ltr'>ἀλόγων</span> <span class='ocrx_word' id='word_1_809' title='bbox 1785 2614 1849 2640; x_wconf 71' lang='grc' dir='ltr'>ἑαυ-</span> 
     </span>
    </p>
   </div>
   <div class='ocr_carea' id='block_1_115' title="bbox 1019 2657 1847 2702">
    <p class='ocr_par' dir='ltr' id='par_1_115' title="bbox 1019 2657 1847 2702">
     <span class='ocr_line' id='line_1_115' title="bbox 1019 2657 1847 2702; baseline -0.01 -10"><span class='ocrx_word' id='word_1_810' title='bbox 1019 2664 1083 2692; x_wconf 80' lang='grc' dir='ltr'>τοὺς</span> <span class='ocrx_word' id='word_1_811' title='bbox 1095 2663 1278 2702; x_wconf 71' lang='grc' dir='ltr'>ἒκτρέφουσιν.</span> <span class='ocrx_word' id='word_1_812' title='bbox 1304 2661 1350 2690; x_wconf 86' lang='grc' dir='ltr'>Διό</span> <span class='ocrx_word' id='word_1_813' title='bbox 1373 2671 1464 2696; x_wconf 79' lang='grc' dir='ltr'>φησιν.</span> <span class='ocrx_word' id='word_1_814' title='bbox 1487 2661 1529 2688; x_wconf 85' lang='grc' dir='ltr'>Ἐν</span> <span class='ocrx_word' id='word_1_815' title='bbox 1557 2661 1591 2696; x_wconf 78' lang='grc' dir='ltr'>τῇ</span> <span class='ocrx_word' id='word_1_816' title='bbox 1609 2661 1670 2694; x_wconf 85' lang='grc' dir='ltr'>σκιᾷ</span> <span class='ocrx_word' id='word_1_817' title='bbox 1685 2658 1769 2686; x_wconf 79' lang='grc' dir='ltr'>αὐτοῦ</span> <span class='ocrx_word' id='word_1_818' title='bbox 1785 2657 1847 2685; x_wconf 76' lang='grc' dir='ltr'>ἐπε-</span> 
     </span>
    </p>
   </div>
   <div class='ocr_carea' id='block_1_116' title="bbox 172 2750 1328 2790">
    <p class='ocr_par' dir='ltr' id='par_1_116' title="bbox 172 2750 1328 2790">
     <span class='ocr_line' id='line_1_116' title="bbox 172 2750 1328 2790; baseline 0.001 -11"><span class='ocrx_word' id='word_1_819' title='bbox 172 2752 194 2770; x_wconf 74' lang='lat'>“</span> <span class='ocrx_word' id='word_1_820' title='bbox 210 2750 315 2780; x_wconf 77' lang='lat' dir='ltr'>Matth.</span> <span class='ocrx_word' id='word_1_821' title='bbox 331 2759 370 2786; x_wconf 83' lang='lat' dir='ltr'>v1,</span> <span class='ocrx_word' id='word_1_822' title='bbox 385 2753 430 2780; x_wconf 83' lang='lat'>28.</span> <span class='ocrx_word' id='word_1_823' title='bbox 470 2754 493 2772; x_wconf 79' lang='grc'>¹²</span> <span class='ocrx_word' id='word_1_824' title='bbox 507 2755 588 2783; x_wconf 87' lang='lat' dir='ltr'>Joan.</span> <span class='ocrx_word' id='word_1_825' title='bbox 606 2763 669 2790; x_wconf 85' lang='grc' dir='ltr'>νιιι,</span> <span class='ocrx_word' id='word_1_826' title='bbox 685 2756 730 2783; x_wconf 77' lang='grc'>44.</span> <span class='ocrx_word' id='word_1_827' title='bbox 770 2756 793 2774; x_wconf 80' lang='grc'>¹³</span> <span class='ocrx_word' id='word_1_828' title='bbox 807 2755 883 2785; x_wconf 76' lang='lat' dir='ltr'>Psel.</span> <span class='ocrx_word' id='word_1_829' title='bbox 898 2764 974 2790; x_wconf 78' lang='lat' dir='ltr'><strong>XLIV,</strong></span> <span class='ocrx_word' id='word_1_830' title='bbox 989 2755 1016 2784; x_wconf 88' lang='lat'>3.</span> <span class='ocrx_word' id='word_1_831' title='bbox 1056 2755 1079 2773; x_wconf 74' lang='grc'>¹⁴</span> <span class='ocrx_word' id='word_1_832' title='bbox 1095 2753 1170 2782; x_wconf 87' lang='lat' dir='ltr'>Psal.</span> <span class='ocrx_word' id='word_1_833' title='bbox 1186 2761 1286 2787; x_wconf 78' lang='lat' dir='ltr'>mm,</span> <span class='ocrx_word' id='word_1_834' title='bbox 1301 2752 1328 2780; x_wconf 87' lang='lat'>9.</span> 
     </span>
    </p>
   </div>
  </div>
