1949 3055
108 125 168 156 5Ἱ3

629 128 834 161 COMMENT.
856 129 896 160 IN
918 128 1120 161 CANTIGUM
1141 129 1294 160 CANTIC.

1756 127 1815 158 5'14

108 189 222 227 Θύμησα
245 190 289 218 καὶ
304 190 421 219 ἐκάθισω
439 193 502 220 σκιὰ
516 191 545 220 δὶ
560 191 666 225 πάντως
681 195 798 231 Χριστοῦ
822 195 840 229 ἡ
869 195 871 223 ξ

1029 194 1070 222 rio
1080 196 1126 222 est
1136 195 1338 230 conﬁrmatus,
1353 194 1526 230 cupidinum
1537 196 1608 222 metu
1622 201 1678 222 non
1694 193 1814 221 combu-

109 233 235 268 στοειδὴς
249 235 382 272 πολιτεία,
412 235 454 274 ‘9'
468 238 502 272 ἦς
530 237 544 265 ὁ
573 237 618 265 διὰ
645 238 730 266 πόθου
747 237 879 277 ἱδρυνοείς
895 241 936 275 τῷ

109 279 228 307 καύσωνι
248 282 303 308 τῶν
326 283 419 313 παθῶν
446 281 478 309 et
502 282 669 320 συγκαίεται,
690 282 752 310 ἀλλ’
780 283 824 310 ὑπ’
851 283 935 316 αὐτῆς

111 323 246 352 σκέπεται.
288 325 337 352 Καὶ
379 325 394 353 ὁ
435 327 540 363 καρπὸς
582 327 664 354 αὑτοῦ
701 327 804 365 γλυκὺς
835 328 860 355 ἐν
896 330 936 364 τῷ

111 367 227 405 λάρυγγί
270 378 340 404 μου·
376 369 480 407 καρπὸς
510 369 538 397 δὲ
563 370 660 398 τούτου
689 370 759 398 εστὶν
789 372 803 398 ὁ
831 371 933 408 καρπὸς

108 414 158 439 τοῦ
185 411 349 449 πνεύματος.
380 416 427 444 Ὄς
458 413 514 442 ἐστι
538 415 606 442 κατά
619 415 666 442 τὸν
683 416 764 454 μέγαν
781 415 933 443 ἀπόστολον

111 455 228 491 Παῦλον,
273 457 355 495 χαρὰ,
396 458 503 496 εῗρήνη,
545 459 727 497 μακροθυμία,
765 460 934 498 χρηστότης,

109 501 154 528 καὶ
177 501 211 528 τὰ
224 501 318 528 λοιπά’
344 501 375 529 οὗ
402 505 452 537 τῆς
467 502 637 541 γλυκύτητος
665 504 691 531 ἐν
709 504 830 539 αἰσθήσει
849 505 934 541 ὑπ-ιρ-

110 555 192 584 χουσι
217 546 243 573 οἱ
266 546 335 573 κατὰ
360 549 454 585 πεῖραν
471 548 568 575 τούτου
587 549 758 586 τρεφόμενοι.
773 548 858 577 Οὑδὶν
884 549 935 586 γὰρ

110 592 198 628 χαρᾶς
218 592 405 627 πνευματικῆς
434 591 562 624 ἀπαθείας
589 603 619 621 τι
640 594 683 621 καὶ
701 592 807 631 ἀγάπης
830 592 935 631 γλυκύ-

110 644 200 673 τερον.
230 634 337 673 Δάρυγξ
352 634 381 663 ὃ).
403 638 453 669 τῆς
476 636 645 674 γλυκύτητος
672 641 723 666 τοῦ
751 640 935 675 πνευματικοῦ

990 239 1075 274 ritur,
1091 239 1141 267 sed
1157 240 1212 267 sub
1234 247 1268 267 ea
1284 239 1454 276 protegitur.
1471 240 1504 267 Et
1515 241 1624 275 fructu:
1645 239 1706 274 ejus
1725 237 1814 265 dulcis

988 285 1094 319 gutturi
1121 291 1190 312 meo.
1221 284 1345 312 Fructus
1373 287 1471 312 autem
1499 284 1605 320 ipsius,
1628 284 1674 310 est
1701 282 1814 310 fructus

989 329 1122 365 spiritus,
1139 329 1187 364 qui
1213 331 1267 364 est,
1285 332 1317 357 ut
1341 337 1466 365 magnus
1489 328 1586 364 inquit
1608 327 1729 360 Paulus,
1744 335 1813 363 gau-

988 373 1077 408 dium,
1092 382 1160 410 pax,
1176 374 1378 410 longanimitas,
1400 374 1506 402 bonitas
1522 374 1554 406 ι’,
1570 375 1600 401 et
1628 375 1739 400 catera.
1755 372 1814 400 Cu-

986 418 1036 454 jus
1051 417 1236 446 dulcedinem
1262 417 1394 446 sentiunt
1408 417 1451 445 illi
1467 417 1518 453 qui
1543 416 1733 452 experiuntur
1750 423 1757 444 :
1773 415 1815 443 ni-

990 463 1031 490 hil
1047 462 1125 490 enim
1153 463 1260 499 gaudio
1277 463 1400 499 spiritali
1417 465 1443 490 et
1468 461 1684 498 tranquillitate
1703 462 1731 488 et
1745 459 1815 487 cha-

989 507 1074 535 ritate
1097 507 1223 535 dulcius.
1248 509 1284 535 At
1307 510 1410 542 guttur
1433 507 1510 542 quod
1537 507 1649 533 fructus
1673 503 1814 541 spiritalis

989 551 1146 580 dulcedine
1171 552 1286 586 fruitur,
1301 555 1346 580 est
1367 552 1412 580 vis
1427 551 1531 579 anima:
1547 551 1658 578 ratione
1681 549 1814 586 praedita,

989 596 1053 624 sine
1068 605 1127 632 qua
1143 597 1266 625 Verbum
1283 605 1340 624 non
1356 597 1546 624 admovetur:
1563 594 1814 632 quemadmodum

990 648 1043 668 nec
1057 641 1141 669 cibus
1154 642 1218 669 sine
1233 643 1361 677 gutture.

112 681 218 724 καρποῦ
233 679 438 716 αἴσθανόμινος,
455 680 496 716 έίη
511 680 542 709 ἂν
557 684 575 718 ἡ
592 683 692 720 λογική
709 682 822 720 δύναμις
835 687 885 718 τῆς
901 685 1004 722 ψυχῆς·
1021 684 1166 724 ἐπειδήπερ
1181 685 1281 720 ταύτης
1294 685 1381 723 χωρὶς
1395 684 1426 712 οὗ
1441 684 1606 723 προφέρεται
1616 682 1710 721 λόγος·
1724 681 1814 719 ὥσπερ

112 722 174 752 οὕτε
191 724 324 762 βρώματα
337 724 473 764 λάρυγγος
489 725 559 756 ἄνευ.

460 818 583 848 Ψελλοῦ.

112 915 223 942 Τούτων
238 915 275 947 ὡς
287 914 311 943 δ’
329 914 430 951 ἤκουσε
445 917 542 945 λοιπὸν
558 918 576 952 ἡ
591 917 685 957 νύμφη
700 920 754 946 τῶν
771 917 896 952 ἰπαίνων,

116 960 350 998 ’Λντιτεχνάζεταί
359 972 435 993 τινας
450 961 576 993 ἐπαίνους
589 965 630 999 τῷ
639 964 760 1000 νυμφίῳ.

118 1003 196 1041 Λέγει
210 1005 262 1042 γὰρ
277 1003 377 1042 λιξεσιν
394 1006 488 1038 αὑταῖς
503 1006 567 1034 τάδε
582 1008 650 1045 πρὸς
665 1008 710 1035 τὸν
727 1008 875 1044 Δεσπότην·

124 1052 161 1080 Ως
178 1052 266 1086 μῆλον
284 1049 309 1078 ἦν
324 1053 382 1082 τοῖς
398 1049 489 1086 ξύλοις
503 1053 550 1078 τοῦ
566 1050 681 1089 δρυμοῦ,

115 1092 209 1124 Οὕτως
224 1091 369 1131 ἀδιλφιδός
385 1105 438 1131 μου
451 1095 501 1122 ἀνὰ
518 1096 600 1132 μέσον
615 1099 668 1124 τῶν
683 1097 759 1125 υἱῶν.

113 1138 226 1175 Ὥσπερ,
243 1137 268 1165 ἐν
282 1141 341 1170 ταῖς
356 1141 458 1177 ψυχαῖς
472 1140 586 1171 ἁπάσαις
600 1143 655 1168 τῶν
669 1142 832 1178 ἀνθρώπιον,

114 1183 164 1212 "At;
181 1188 327 1221 θυγατερας
341 1182 463 1222 εἷ’ρηκας,
478 1185 500 1212 ὦ
516 1185 586 1223 Λόγε
600 1186 645 1212 καὶ
660 1186 770 1224 νυμφίε,

114 1226 219 1265 Ἔγωγε
236 1226 306 1264 μόνη
323 1228 427 1267 πέφυκα
439 1228 532 1266 κρίνον
550 1229 640 1267 ὥσπερ
656 1229 682 1257 ἐν
699 1231 770 1269 φύει·

115 1270 195 1298 Οὕτω
211 1271 255 1298 καὶ
270 1271 301 1298 σὺ
315 1272 378 1304 τοὺς
393 1272 527 1311 οὐρανοὺς
543 1273 738 1312 ἆρῥητοτύπως
750 1274 854 1310 κλίνας,

115 1315 168 1342 Καὶ
183 1315 320 1348 κατελθὼν
336 1316 380 1344 ἰπὶ
394 1319 444 1350 τῆς
457 1321 506 1355 γῆς
523 1317 562 1349 εἶς
580 1317 674 1354 ὑλώδη
695 1319 765 1356 βίον,

116 1359 167 1387 Καὶ
183 1361 332 1397 σαρκωθεὶς
347 1361 379 1389 τὸ
393 1363 453 1394 καθ’
468 1363 542 1398 ἡμᾶς
557 1363 584 1390 ἐν
598 1362 668 1399 τῷδε
681 1366 721 1399 τῷ
737 1362 867 1400 δρυμῶνι,

114 1403 219 1442 Ὠφθης
235 1403 261 1432 ἄν
281 1405 355 1442 μέσῳ
369 1408 423 1433 τῶν
437 1407 502 1434 υἱῶν
516 1407 564 1435 τοῦ
579 1407 645 1444 τῇδε
658 1410 711 1435 τῶν
727 1408 886 1445 ἀνθρώπων,

115 1448 160 1479 Ὠς
177 1448 265 1484 μῆλον
283 1449 464 1479 εὖωδὲσυιατον
480 1452 524 1479 καὶ
537 1454 627 1489 γεῦσιν
643 1451 806 1488 καθηὸύνον,

115 1493 193 1525 Τίνος
209 1492 238 1522 δὶ
253 1495 346 1532 χάριν,
363 1495 476 1533 ὶρωτᾷς,
492 1497 537 1524 τὸν
554 1497 642 1534 Λόγον
659 1497 731 1535 λέγει
749 1497 859 1534 μῆλον;

115 1538 177 1566 Ὀτι
192 1538 236 1566 καὶ
252 1539 366 1577 χάριτας
382 1539 493 1572 πολλὰς
509 1540 567 1579 ἔχει
579 1542 682 1579 καρπὸς
691 1543 723 1569 τὸ
740 1541 841 1578 μῆλον.

116 1583 171 1611 Καὶ
188 1583 238 1621 γὰρ
252 1582 469 1622 ἀποθλιϐόμενον
485 1587 559 1623 παρά
572 1596 655 1621 τινος,
670 1587 707 1618 ὡς
724 1586 814 1623 θάμις,

115 1627 168 1662 Τὴν
184 1627 235 1664 γὰρ
247 1628 322 1666 ῥύσιν
338 1629 536 1666 αἳματόμικτον
549 1631 598 1664 τήν
615 1630 742 1668 ὑδαρώδη
756 1631 869 1667 πέμπει.

116 1672 261 1704 Κάντεῦθεν
276 1673 459 1702 ὑπαινίττιται
473 1675 606 1712 κρουνοὺς
621 1676 684 1706 τοὺς
701 1676 864 1714 σωτηρίους,

113 1715 182 1748 Τοὺς
206 1717 270 1755 πρὶν
297 1719 440 1757 πνευρόθεν
467 1719 617 1757 βλύσαντας
640 1722 688 1747 τοῦ
703 1720 792 1758 Λόγου
806 1721 850 1748 χαὶ
875 1725 936 1748 Σω-

832 1767 938 1804 [τῆρος-

114 1807 159 1839 Ὠς
173 1807 276 1844 ἄγαμαι
291 1808 341 1842 τὴν
357 1809 487 1847 φρόνησιν
502 1813 551 1844 τῆς
566 1811 683 1847 καθᾶρας
698 1811 829 1848 παρθένου
842 1811 848 1838 !

116 1854 214 1890 Σοφῶς
228 1852 279 1890 γὰρ
294 1851 400 1890 εἴρηκεν
414 1854 494 1881 αὑτὸν
508 1855 652 1892 τυγχάνειν
668 1852 752 1885 ὅντως
771 1854 869 1891 μῆλον.

116 1899 192 1924 Πᾶσα
208 1897 255 1933 μὶν
271 1897 322 1934 γὰρ
337 1898 375 1929 ὡς
389 1897 500 1933 ἀληθῶς
516 1899 593 1936 ψυχὴ
608 1900 626 1934 ἡ
643 1899 814 1936 ἀνθρωπίνη,

115 1940 171 1969 Κᾶν
187 1941 294 1978 ἀρεταῖς
309 1942 458 1980 ὑπεραρθῇ,
474 1941 522 1970 κᾶν
539 1944 606 1981 πρὸς
623 1943 756 1981 ἀγγέλους
771 1945 870 1982 φθάσῃ,

114 1986 214 2018 ’Ἄνθος
228 1985 272 2013 καὶ
290 1986 372 2022 μόνον
388 1987 505 2024 κρίνεται
520 1988 566 2015 καὶ
581 1988 672 2025 κρίνον
688 1987 717 2016 ix
732 1987 880 2022 κοιλάδων,

113 2030 167 2058 Τὸν
182 2031 304 2068 γεωργὸν
320 2031 353 2059 οὑ
367 2031 502 2070 τρέφουσα
515 2032 628 2070 (βοτάνη
640 2033 691 2070 γὰρ
708 2033 740 2060 οὑ
754 2033 865 2072 τρέφει),

115 2073 192 2103 Ἀλλ’
209 2075 305 2110 ὲαυτήν
322 2075 520 2113 λαμπρύνουσα
533 2079 573 2114 τῷ
587 2076 685 2105 κάλλει
699 2081 749 2112 τῆς
765 2076 846 2109 ἰδέας.

114 2117 184 2147 Οὑδε
199 2120 250 2157 γὰρ
267 2120 366 2158 χρῄζει
380 2122 443 2158 παρ’
458 2122 539 2157 ἡμῶν
556 2122 569 2149 ό
582 2122 701 2160 γεωργὸς
717 2121 877 2159 κερδαίνειν,

112 2164 161 2195 Ὦς
175 2164 228 2192 πού
239 2175 319 2203 φησιν
337 2165 351 2192 ὀ
367 2165 525 2202 Ψαλμῳδὸς
540 2166 607 2204 πρὸς
622 2167 668 2194 τὸν
678 2167 758 2194 αὑτὸν
769 2167 897 2204 νυμφίον·

113 2209 158 2240 Ὠς
178 2209 285 2246 ἀγαθῶν
301 2209 332 2237 σὺ
347 2213 400 2238 τῶν
415 2210 488 2247 ἐμῶν
504 2210 564 2239 οὐδ’
576 2211 649 2243 ὅλως
662 2211 757 2250 χρείαν
771 2209 854 2250 ἔχεις.

114 2253 192 2282 Ἀλλ’
207 2255 222 2282 ὁ
236 2255 349 2292 Χριστὸς
364 2255 378 2282 ὃ
393 2256 512 2294 γεωργὸς
528 2257 608 2293 ἡμῶν
624 2257 638 2284 ὁ
653 2256 697 2284 καὶ
712 2257 836 2295 νυμφίος,

113 2299 142 2325 '0
158 2298 247 2336 μῆλον
265 2297 348 2328 ὅντως
362 2300 482 2338 γεγονὼς
498 2300 551 2328 ἀπὸ
565 2303 613 2328 τοῦ
629 2305 813 2339 σαρκωθῆναι,

113 2343 165 2375 Τὰς
176 2346 248 2381 τρεῖς
262 2343 307 2371 καὶ
322 2345 431 2382 πρώτας
447 2344 472 2372 ἐν
488 2346 556 2381 ἡμῖν
573 2345 710 2381 αἶσθήσεις
725 2345 905 2385 ἐπευφραίνει,

112 2389 167 2423 Τὴν
183 2387 287 2425 ὅρασιν,
301 2389 350 2423 τήν
367 2388 510 2426 ὄσφρησιν,
526 2389 570 2417 καὶ
585 2389 703 2426 μάλιστα
716 2390 767 2424 τήν
781 2393 880 2428 γεῦσιν·

113 2433 220 2469 Ὠραῖος
235 2433 286 2471 γὰρ
302 2433 338 2464 εἷς
356 2432 448 2471 ὅρασιν
464 2434 501 2465 ὡς
516 2433 628 2469 ἀληθῶς
638 2434 778 2472 τυγχάνει,

112 2478 143 2506 '0
156 2476 265 2504 πάντων
278 2477 448 2515 ὡραιότατος
462 2480 516 2505 τῶν
528 2481 650 2517 γηγενῶν
661 2479 809 2515 Δεσπότης,

113 2522 162 2550 Καὶ
178 2521 242 2554 τοὺς
254 2523 374 2560 ὁρῶντας
389 2522 427 2554 εἱς
443 2523 521 2550 αὑτὸν
535 2523 673 2562 ἐργάζεται
690 2527 846 2561 φωστῆρας.

111 2565 192 2597 Ἢόὖς
206 2576 237 2594 τι
251 2567 318 2604 πρὸς
332 2567 382 2601 τὴν
398 2565 531 2605 ὄσφρησιν
545 2568 676 2606 ὑπάρχων
694 2568 781 2606 μύρου
796 2568 888 2597 πλέον’

111 2610 150 2639 Τὸ
168 2611 250 2648 μέχρι
264 2611 316 2649 γὰρ
329 2613 377 2639 τοῦ
392 2611 524 2650 πώγωνος
539 2613 603 2650 πρὶν
618 2611 780 2640 καταϐαῖνον
797 2613 881 2651 μύρον

109 2657 163 2682 Τοῦ
179 2655 294 2693 Ἀαρὼν,
310 2656 390 2687 αὐτός
405 2655 475 2683 ἐστιν
492 2657 506 2684 ὁ
521 2657 639 2694 καθαρὸς
656 2658 670 2684 ὸ
686 2658 814 2696 νυμφίος.

147 2747 170 2784 ιε
183 2746 245 2784 ea].
261 2755 289 2784 ν,
304 2748 350 2784 22,
365 2749 411 2777 23.

109 2791 149 2818 vi,

462 2749 484 2767 ¹⁶
499 2748 575 2777 Psal.
591 2757 661 2783 xvu,
677 2748 722 2777 40.

774 2750 796 2768 ¹⁷
812 2750 889 2779 Psal.
905 2759 952 2788 xv,
966 2753 992 2780 2.

1353 821 1451 850 Pulli.

1029 921 1087 949 Has
1102 920 1204 949 laudes
1227 929 1337 957 sponsa
1360 928 1426 949 cum
1451 919 1621 954 audivisset,
1638 917 1818 955 quibusdam

993 966 1059 1002 ipsa
1073 974 1190 1002 quoque
1206 973 1348 1002 sponsum
1368 965 1506 993 laudibus
1521 963 1642 992 extollit.
1661 962 1818 990 Dominum

954 1012 976 1044 Β
990 1010 1068 1038 enim
1084 1010 1167 1038 hisce
1189 1010 1287 1038 verbis
1312 1009 1475 1045 alloquitur
1491 1017 1497 1036 :
1513 1009 1590 1037 Sicut
1609 1015 1721 1044 pomum
1746 1007 1818 1033 inter

994 1056 1072 1091 ligna
1085 1055 1164 1083 xilvz
1180 1064 1190 1083 :
1204 1056 1244 1082 sic
1258 1062 1340 1090 nepos
1362 1062 1439 1082 meus
1463 1055 1538 1081 inter
1559 1053 1643 1088 ﬁlios.
1671 1051 1818 1085 Quemad-

995 1100 1235 1136 modum,inquit,
1250 1099 1434 1127 interomnes
1440 1098 1595 1126 hominum
1602 1096 1817 1131 animas,quas,

993 1154 1009 1173 ο
1022 1146 1149 1173 Verbum
1161 1149 1187 1172 et
1199 1153 1315 1181 sponse,
1331 1143 1408 1172 ﬁlias
1421 1143 1587 1180 appellasti,
1603 1150 1656 1179 ego
1672 1141 1735 1169 sola
1750 1149 1816 1169 sum

993 1194 1135 1226 tanquam
1144 1189 1238 1217 lilium
1251 1190 1280 1217 iu
1297 1189 1446 1226 germine:
1459 1188 1501 1217 sic
1509 1188 1598 1216 etiam
1609 1189 1640 1215 tu
1652 1194 1758 1215 arcana
1769 1194 1817 1214 ra-

993 1235 1072 1263 tione
1093 1235 1173 1263 caalos
1183 1235 1333 1269 inclinans,
1348 1236 1377 1262 et
1387 1234 1552 1262 descendens
1571 1233 1594 1251 “
1604 1240 1694 1268 super
1708 1233 1817 1259 terram

993 1280 1022 1307 in
1039 1279 1114 1307 hanc
1129 1279 1218 1306 vitam
1235 1278 1398 1312 mortalem,
1411 1280 1440 1306 et
1452 1285 1570 1305 carnem
1587 1279 1716 1304 nostram
1734 1284 1819 1304 assu-

995 1332 1086 1357 mens,
1103 1323 1133 1350 in
1150 1323 1202 1350 hac
1218 1322 1291 1350 silva
1304 1324 1332 1350 te
1348 1322 1422 1349 inter
1437 1322 1513 1349 filios
1529 1321 1682 1348 hominum
1700 1320 1817 1355 conspi-

994 1377 1081 1396 cuum
1097 1367 1258 1404 prabuisti,
1269 1369 1410 1402 tanquam
1428 1373 1548 1402 pomum
1564 1364 1773 1393 suavissimum
1791 1368 1818 1391 et

994 1416 1082 1451 gustu
1091 1412 1354 1448 jucundissimum.
1366 1411 1423 1440 Cur
1433 1414 1532 1439 autem
1545 1409 1674 1437 Verbum
1690 1408 1819 1444 appellat

995 1465 1115 1494 pomum
1126 1457 1140 1484 ?
1151 1457 1223 1490 Quis
1233 1456 1390 1492 multiplici
1402 1455 1495 1491 gratia
1506 1454 1553 1482 hic
1563 1454 1676 1481 fructus
1692 1456 1736 1480 est
1750 1461 1822 1488 prai-

993 1503 1083 1531 ditus.
1101 1501 1214 1530 Etenim
1231 1501 1256 1530 si
1272 1503 1345 1529 forte
1360 1509 1377 1528 a
1391 1499 1531 1536 quopiam
1549 1498 1774 1534 comprimatur,
1785 1497 1820 1524 li-

993 1555 1115 1583 quorem
1131 1545 1324 1582 sanguineum
1339 1547 1368 1574 st
1383 1552 1510 1581 aqueum
1526 1543 1645 1574 emittit,
1655 1544 1683 1570 et
1698 1541 1821 1578 proinde

993 1591 1091 1619 innuit
1106 1592 1201 1619 fontes
1225 1590 1289 1618 illos
1312 1589 1468 1624 salutares,
1485 1588 1535 1624 qui
1560 1596 1595 1616 ex
1618 1587 1707 1615 latere
1730 1585 1818 1614 Verbi

993 1639 1021 1664 et
1034 1635 1192 1663 Salvatoris
1207 1637 1392 1663 emanarunt.
1407 1635 1430 1662 Ο
1446 1642 1524 1670 pura
1541 1631 1667 1668 Virginis
1688 1630 1819 1667 pruden-

993 1680 1066 1708 tiam
1082 1679 1285 1708 admirabilem
1298 1679 1304 1706 Ι
1322 1679 1471 1715 sapienter
1483 1677 1561 1706 enim
1578 1676 1676 1712 ipsum
1690 1683 1756 1703 vere
1770 1682 1819 1710 po-

994 1733 1075 1753 mum
1092 1725 1165 1752 dixit
1189 1732 1263 1752 esse.
1281 1723 1353 1752 Nam
1370 1723 1467 1750 omnis
1491 1721 1620 1757 profecto
1644 1720 1738 1748 anima
1761 1719 1817 1747 hu-

994 1767 1165 1803 mana,licet
1175 1768 1317 1795 virtutum
1329 1765 1497 1802 praestantia
1509 1766 1545 1793 ad
1559 1764 1677 1800 angelos
1688 1763 1817 1798 accedat,

994 1813 1047 1841 ﬂos
1062 1812 1267 1841 tantummodo
1291 1814 1320 1839 et
1336 1811 1430 1838 lilium
1455 1809 1632 1838 convallium
1644 1807 1816 1844 judicatur;

992 1863 1062 1891 (non
1079 1857 1160 1884 alens
1176 1856 1346 1892 agricolam,
1362 1863 1456 1890 neque
1471 1854 1549 1882 enim
1566 1853 1657 1880 herba
1676 1852 1750 1887 alit),
1767 1852 1817 1880 sed

993 1910 1024 1929 se
1039 1901 1133 1937 ipsam
1157 1900 1263 1936 speciei
1286 1899 1507 1936 pulchritudine
1531 1904 1686 1926 exornans.
1704 1895 1827 1923 Etenim~

991 1946 1105 1974 lucrum
1129 1954 1163 1973 ex
1178 1945 1263 1973 nobis
1288 1953 1345 1972 non
1361 1944 1467 1980 quaerit
1490 1942 1628 1979 agricola.
1644 1943 1678 1969 ut
1692 1941 1818 1977 quodam

992 1991 1020 2018 in
1035 1991 1098 2019 loco
1113 1998 1254 2026 sponsum
1271 1990 1369 2026 ipsum
1387 1986 1686 2024 alloquens,ostendit
1699 1985 1789 2014 David
1807 1994 1814 2013 :

993 2036 1061 2063 Dem
1075 2035 1182 2071 inquit,
1198 2042 1274 2062 meus
1289 2042 1316 2062 es
1329 2037 1369 2067 lu,
1387 2034 1451 2069 quia
1467 2033 1600 2061 bonorum
1623 2039 1745 2059 meorum
1760 2037 1816 2057 non

990 2088 1049 2115 eges
1068 2080 1100 2107 ¹”¹.
1117 2082 1153 2107 At
1176 2079 1311 2107 Christus
1340 2077 1467 2114 agricola
1493 2084 1680 2113 sponsusque
1706 2077 1816 2109 noster,

990 2132 1058 2152 cum
1087 2132 1204 2152 carnem
1235 2124 1397 2151 humanam
1430 2122 1568 2154 induens,
1597 2129 1663 2149 vere
1693 2127 1814 2156 pomum

990 2169 1125 2204 evaserit,
1155 2171 1214 2197 tres
1243 2170 1359 2196 nostros
1387 2175 1495 2202 eosque
1519 2165 1681 2202 praecipuos
1709 2172 1814 2192 sensus

990 2213 1125 2247 oblectat,
1137 2213 1244 2247 visum,
1261 2213 1414 2241 odoratum
1426 2214 1514 2247 atque
1524 2211 1554 2238 in
1566 2210 1670 2247 primis
1680 2212 1812 2245 gustum.

989 2260 1118 2294 Aspectu
1135 2257 1214 2285 enim
1235 2265 1306 2285 sane
1316 2265 1402 2292 quam
1414 2256 1538 2284 decorus
1548 2257 1591 2283 est
1604 2263 1610 2281 ε
1623 2254 1730 2289 quippe
1745 2260 1812 2280 cum

990 2302 1029 2330 sit
1040 2302 1171 2329 omnium
1183 2302 1232 2337 qui
1244 2301 1273 2329 in
1285 2304 1362 2329 terra
1373 2300 1434 2328 nati
1447 2301 1518 2328 sunt
1528 2297 1812 2334 ",speoiosissimus,

989 2347 1237 2383 respicientesque
1253 2354 1283 2374 se
1307 2345 1487 2373 clarissimos
1502 2344 1613 2372 reddat.
1631 2342 1745 2370 Olfactu
1760 2350 1814 2369 au-

951 2385 974 2418 D
989 2394 1048 2420 tem
1061 2391 1261 2428 pcrjucundus
1274 2399 1279 2418 :
1292 2389 1426 2418 estenim
1447 2390 1597 2424 unguento
1615 2387 1721 2423 plenus
1734 2395 1741 2414 :
1753 2386 1813 2414 imo

990 2439 1174 2473 unguentum
1207 2435 1306 2471 ipsum
1333 2434 1408 2470 quod
1442 2433 1595 2461 descendit
1628 2432 1657 2459 in
1690 2431 1812 2459 barbam

987 2482 1082 2509 Aaron
1100 2481 1132 2508 ιο.
1153 2480 1277 2508 Gustata
1303 2487 1370 2507 vero
1398 2486 1488 2515 quam
1513 2477 1707 2505 suavissimus
1724 2483 1731 2504 :
1746 2483 1813 2512 gus-

988 2525 1120 2553 tantibus
1135 2525 1213 2553 enim
1229 2533 1260 2552 se
1284 2524 1373 2552 vitam
1391 2522 1495 2551 tribuit
1516 2520 1722 2550 immortalem.
1739 2519 1813 2548 Nam

989 2570 1040 2605 qui
1056 2570 1144 2606 digne
1165 2570 1324 2598 manducat
1346 2576 1453 2604 corpus
1475 2568 1549 2603 ejus,
1575 2567 1638 2602 ipse
1657 2566 1707 2598 ait,
1723 2565 1812 2592 vitam

989 2624 1056 2644 vere
1078 2618 1215 2644 mternam
1233 2613 1394 2651 possidebit
1405 2614 1437 2641 ²⁰.
1455 2614 1493 2641 Ac
1513 2613 1548 2640 de
1562 2611 1708 2648 proposito
1724 2610 1813 2645 hujus

990 2660 1112 2688 carmini
1136 2660 1292 2688 hactenus.
1310 2658 1352 2686 Ad
1368 2658 1482 2694 reliqua
1509 2657 1694 2685 Canticorum
1720 2654 1812 2690 expli-

1688 2746 1711 2764 ²⁰
1724 2745 1810 2773 Joan.

1046 2751 1068 2771 ¹¹
1083 2750 1159 2780 Psal.
1181 2759 1257 2784 xuv,
1273 2751 1300 2778 3.
1352 2750 1374 2767 ιθ
1388 2748 1464 2778 Psal.
1487 2757 1593 2781 cxxxu,
1609 2748 1634 2775 2.
