1949 3055
119 111 179 142 5'15

790 111 1002 144 MICHAELIS
1024 112 1162 143 PSELLI

1769 107 1832 139 576

120 179 216 208 canda
243 187 411 216 pergamus.
442 181 567 217 Sponsa,
596 181 632 209 de
659 181 755 210 Verbo
781 181 890 209 divino.
916 181 946 208 In

1009 177 1173 210 Γλυκύτατος
1189 177 1240 216 γὰρ
1255 177 1357 217 πέφυκε
1371 177 1416 205 καὶ
1434 176 1551 214 μάλιστα
1562 175 1631 214 πρὸς
1645 177 1748 213 γεῦσιν,

119 224 228 258 umbra,
254 224 361 260 inquit,
387 225 447 260 ejus
467 225 620 254 desideraui
641 228 668 254 et
691 226 770 259 sedi,-
793 228 819 254 et
840 227 946 261 fructu:

119 268 208 296 dulci:
221 270 328 305 gutturi
342 278 410 298 meo.
429 270 534 306 Hujus,
549 270 656 306 inquit,
672 270 857 298 admirabilis
872 270 947 298 vita-

119 313 217 350 lisque
241 314 320 350 pomi
344 323 547 351 saepenumero
569 316 705 344 umbram
731 316 861 351 aspicere
883 323 949 342 con-

121 358 229 394 cupivi,
255 367 322 387 cum
349 360 435 388 ardor
463 360 662 388 tentationum
690 367 738 388 me
763 360 949 388 vehementer

121 405 265 430 exureret.
279 404 315 430 At
329 411 396 432 ecce
420 403 448 431 in
465 412 499 431 ea
519 404 581 439 jam
607 404 759 431 conﬁdens
775 403 905 431 oblector
919 404 949 430 et

120 447 245 483 gaudeo,
276 449 365 483 atque
394 447 528 475 ardorem
570 447 766 475 tentationum
795 447 910 475 declino
941 455 948 474 :

123 491 363 527 quandoquidem
390 500 436 519 me
452 492 482 519 in
509 492 647 520 omnibus
663 492 811 520 mandatis
835 491 949 519 Domini

123 535 456 569 meditantem,'Verbum
473 544 506 564 ac
517 545 644 572 sponsus
659 545 743 564 meus
759 536 951 564 dulcissimus

124 580 233 608 divinis
249 580 311 608 suis
324 580 505 608 obumbrans
522 580 586 613 alis,
604 580 703 616 procul
731 581 835 608 avertit
857 583 950 608 tenta-

123 626 239 654 tionum
257 625 343 653 faces.
371 627 437 653 Haec
463 633 531 653 cum
545 625 635 653 veluti
659 625 828 653 laetabunda
853 627 951 661 protu-

123 671 217 704 lisset,
235 670 271 698 ad
280 670 391 699 amicos
402 671 503 706 sponsi
516 670 659 698 convertit
670 678 834 698 sermonem
850 677 950 703 suum,

124 715 320 750 hortaturque
328 714 442 748 illos,ut
451 715 686 751 progrediantur,
702 717 731 743 et
742 715 778 742 ad
790 714 951 742 formosum

124 767 269 796 sponsum
285 762 450 787 occurrant.
467 760 520 788 Sed
550 759 638 787 verba
665 759 760 796 ipsius
785 759 856 787 mihi
881 760 952 786 sunt

125 805 316 841 expendenda
332 813 339 833 :

164 1199 330 1228 lntroducile
352 1208 397 1227 me
411 1200 442 1227 in
465 1200 563 1228 cellam
589 1201 730 1228 vinariam
746 1209 756 1228 :
770 1202 899 1230 ordinate
923 1203 955 1230 in

127 1244 172 1264 me
185 1235 361 1263 chan’lalem.
378 1236 481 1263 Fulcile
494 1244 538 1263 me
552 1238 719 1272 unguentis:
734 1238 834 1273 slipate
857 1247 900 1266 me
924 1240 954 1266 in

127 1273 226 1309 pomis,
242 1273 372 1308 quoniam
386 1279 434 1308 ego
449 1279 548 1300 amore
561 1279 622 1300 sum
636 1273 793 1301 vulnerala.

165 1360 219 1388 Siti
236 1368 351 1397 urgeor,
368 1359 475 1396 inquit,
492 1361 527 1389 ad
544 1369 686 1397 sponsum
714 1369 823 1393 meum.
839 1363 875 1390 ad
891 1363 956 1391 vitae

130 1404 246 1433 botrum
262 1404 347 1432 illum
373 1407 522 1432 maturum
546 1408 636 1441 atque
659 1406 801 1441 divinum,
818 1415 870 1443 per
889 1416 957 1435 cru-

130 1449 173 1478 cis
203 1451 329 1478 mortem
358 1449 512 1477 dulcedine
542 1450 690 1478 ﬂuentem.
707 1451 902 1482 Quamobrem
925 1451 956 1479 in

130 1495 222 1531 hujus
249 1493 353 1522 cellam
383 1502 428 1522 me
456 1503 573 1530 quoque
600 1495 785 1530 introducite,
814 1498 856 1530 ut,
886 1504 958 1532 pure

131 1540 233 1577 sponsi
256 1539 506 1575 pulchritudinem
533 1540 834 1576 conspicata,amoris
858 1541 956 1577 ignem

130 1593 201 1622 erga
223 1584 306 1612 illum
331 1585 505 1620 adaugeam.
531 1584 631 1612 Adhuc
653 1587 752 1612 autem
769 1587 797 1612 et
821 1585 954 1621 supplico

130 1632 164 1658 ut
179 1629 292 1665 majora
315 1637 479 1665 consequar
496 1636 502 1656 :
519 1629 584 1656 Hec
605 1629 685 1656 enim
710 1629 746 1657 ad
773 1629 894 1665 angelos
916 1629 957 1657 lo-

131 1673 234 1710 quitur
249 1681 256 1701 :

168 1797 272 1826 Fulcite
286 1805 330 1825 me
343 1798 493 1832 unguentis
507 1806 514 1825 :
530 1797 628 1833 stipata
644 1806 687 1826 me
699 1798 728 1825 in
744 1799 842 1834 pomis.

169 1887 303 1922 Quando,
319 1886 424 1922 inquit,
441 1885 542 1915 dilexit
555 1895 601 1915 me
612 1887 756 1923 abjectam
767 1888 960 1916 admirandus

132 1932 217 1961 illeet
223 1931 397 1960 metuendus
403 1933 490 1967 atque
496 1931 707 1968 pulcherrimus
713 1933 889 1969 sponsus,ad
896 1934 960 1968 ejus

135 1985 183 2005 me
196 1976 432 2011 charitatem,vos
447 1975 498 2012 qui
514 1976 600 2004 Verbi
616 1978 645 2004 et
659 1977 759 2013 sponsi
775 1977 861 2005 amici
877 1977 960 2011 estis,

135 2021 270 2049 incitata:
285 2020 425 2056 quiprius
434 2020 506 2048 mihi
516 2021 898 2054 adhibuistisaurum,nunc
909 2030 961 2050 au-

134 2068 194 2093 tem
205 2064 342 2093 adhibete
354 2068 582 2101 unguenta,quas
592 2073 709 2094 omnem
715 2066 961 2094 arceanttetorem

136 2109 258 2145 peccati,
270 2117 306 2136 ne
320 2109 447 2145 amplius
458 2109 591 2137 aberrem
604 2112 656 2138 aut
666 2118 769 2138 rursus
780 2119 796 2138 ο
811 2110 856 2138 via
871 2110 962 2138 decli-

135 2153 261 2182 nem.Tu
273 2161 340 2181 vero
349 2161 400 2189 per
410 2154 572 2182 amicorum
585 2158 735 2190 unguenta
745 2155 868 2182 virtutes
877 2154 961 2183 intelv

135 2198 204 2234 lige.
221 2197 277 2226 Sed
293 2198 389 2234 pomis
416 2201 555 2234 praeterea
579 2199 691 2236 ﬂagitat
712 2201 746 2227 ut
769 2199 961 2235 constipatum

1002 224 1047 255 Ὠς
1062 224 1112 258 τὴν
1129 223 1200 258 ζωὴν
1215 223 1261 250 τὸν
1278 221 1399 257 ἄληκτον
1414 220 1505 252 διδοὺς
1520 223 1577 252 τοῖς
1590 219 1777 258 γευσαμένοις·

1002 269 1033 296 Ὀ
1047 269 1159 305 τρώγων
1171 268 1234 305 γὰρ,
1251 267 1332 306 φησὶν
1353 266 1445 300 αὐτὸς,
1458 268 1538 302 σῶμα
1552 265 1656 301 τούμὸν
1672 264 1765 300 ἀξίως,

1004 313 1087 343 Αὐτὸς
1103 311 1229 350 κερδήσει
1241 313 1291 347 τήν
1309 312 1381 346 ζωὴν
1396 312 1446 346 τὴν
1460 309 1546 341 ὅντως
1561 310 1687 338 αἰωνίαν.

1002 357 1131 395 Ἀρκοῦσι
1145 358 1227 384 ταῦτα
1236 357 1276 392 τῷ
1293 358 1387 391 σκοπῷ
1400 355 1444 382 καὶ
1461 354 1539 392 λόγῳ
1554 357 1594 390 τῷ
1607 356 1656 381 τοῦ
1673 353 1786 390 μέλους,

1002 402 1037 428 Τὸ
1049 403 1103 428 τῶν
1118 401 1261 436 ¹ᾼσμάτων
1279 399 1307 428 δὲ
1322 400 1419 428 λοιπὸν
1433 399 1528 430 καλῶς
1544 398 1735 436 ἑρμηνευτὶοψ

1004 446 1091 481 Φησὶν
1107 446 1124 480 ἡ
1141 445 1233 484 νύμφη
1250 445 1361 479 καθεξῆς
1377 443 1439 481 περὶ
1453 446 1503 471 τοῦ
1519 443 1590 471 θείου
1604 443 1705 480 Λόγου·

1004 491 1047 518 Ἐν
1064 491 1097 527 τῇ
1112 492 1173 525 σκιᾷ
1186 489 1267 517 αὐτοῦ
1282 488 1441 525 ἐπεθύμησα
1453 489 1498 516 καὶ
1512 487 1632 515 ἐκάθισα.

1005 535 1055 563 Καὶ
1071 535 1084 562 ὁ
1099 535 1203 571 καρπὸς
1217 534 1299 562 αὐτοῦ
1313 533 1414 570 γλυκὺς
1430 532 1456 560 ἓν
1471 535 1511 568 τῷ
1526 531 1642 570 λάρυγγί
1661 542 1725 568 μου.

1002 578 1104 606 Τούτου
1119 579 1184 617 φησῖ
1199 580 1247 605 τοῦ
1267 579 1423 614 θαυμαστοῦ
1438 576 1483 604 καὶ
1500 577 1646 614 ζωηφόρου
1663 574 1758 612 μήλου

1005 622 1146 654 Πολλάκις
1160 622 1319 659 ἐπεθύμησά
1332 632 1385 649 που
1399 622 1448 656 τὴν
1464 621 1539 648 σκιὰν
1554 618 1742 658 προσϐλέψαι,

1004 669 1087 697 Ὅταν
1102 669 1120 702 ἡ
1137 667 1205 706 φλὸξ
1219 670 1274 695 τῶν
1288 668 1447 704 πειρασμῶν
1462 664 1567 705 σφόδρα
1581 664 1727 704 κατὲφλιξὲ
1744 675 1789 702 μι.

1006 712 1084 741 ’Δλλ’
1099 711 1159 740 ίδοὶ)
1175 712 1220 739 νῦν
1236 711 1355 746 ἐκάθισα,
1371 709 1416 738 καί
1431 711 1577 748 τέρπομαι,
1593 710 1638 737 καὶ
1653 709 1743 748 χαίρω

1005 757 1057 786 Καὶ
1071 757 1116 784 τὸν
1133 757 1258 796 φλογμὸν
1276 755 1401 795 ἐξέφυγον
1418 755 1464 783 τὸν
1477 757 1532 782 τῶν
1549 754 1742 792 πειρατηρίων,

1005 802 1057 831 Καὶ
1076 801 1182 838 μιλετῶ
1196 801 1242 832 τὰς
1258 800 1369 831 ἐντολὰς
1384 800 1488 831 ἁπάσας
1502 801 1551 827 τοῦ
1567 799 1680 837 Κυρίου,

1004 846 1120 876 Ὁπόταν
1138 846 1152 873 ὁ
1165 845 1333 883 γλυκύτατος
1348 845 1362 872 ὁ
1378 845 1466 882 Λόγος
1480 845 1527 872 καὶ
1541 843 1670 883 νυμφίος,

1006 890 1175 928 Κατασκιάσῃ
1189 890 1233 917 καὶ
1248 889 1331 924 αὐτὴν
1347 892 1407 921 ταῖς
1420 889 1530 927 πτέρυξι
1544 891 1603 920 ταῖς
1620 888 1716 922 θείαις,

1006 935 1183 972 ’Δποτειχίσῃ
1204 933 1232 962 δὲ
1248 933 1352 972 μακρὰν
1368 936 1417 961 τοτί
1431 935 1584 972 πειρασμοῦ
1599 934 1649 968 τήν
1665 931 1765 972 φλόγα.

1005 982 1092 1007 Ταῦτα
1109 980 1156 1016 μὶν
1170 978 1257 1010 οὕτως
1272 977 1378 1016 εἷ’ρηκιν
1392 978 1483 1015 ὥσπερ
1495 976 1706 1016 ἰγκαυχωμὲνη.

1008 1024 1163 1062 Παρακαλεῖ
1179 1022 1207 1051 δὲ
1221 1024 1335 1058 καθεξῆς
1350 1023 1414 1054 τοὺς
1430 1022 1526 1060 φίλους
1538 1024 1585 1050 τοῦ
1596 1022 1726 1062 νυμφίου,

1007 1070 1066 1098 Ἒτι
1080 1068 1215 1106 προκόψαι
1229 1068 1274 1095 καὶ
1290 1066 1402 1104 δραμεῖν
1417 1067 1486 1103 πρὸς
1499 1067 1545 1095 τὸν
1560 1066 1643 1094 καλὸν
1659 1066 1789 1105 νυμφίον.

1008 1113 1081 1149 Φησὶ
1095 1113 1145 1151 γὰρ
1160 1112 1234 1140 οὕτω
1248 1112 1316 1151 πρὸς
1331 1111 1438 1143 αὐτούς.
1453 1111 1543 1140 Ἀλλά
1559 1121 1605 1148 μοι
1618 1110 1780 1146 σκοπητὲον·

1044 1201 1262 1246 ῌῖσαγάγετὲιμι
1274 1201 1324 1246 ,εἷς
1351 1201 1427 1246 φῖκονΙ
1444 1202 1492 1228 τοῦ
1508 1199 1706 1246 οἵνο2,1τᾶξριτε
1718 1199 1758 1246 ἐπ’
1785 1198 1839 1246 ὶμὶ

1009 1234 1127 1275 ἀγάπην,
1142 1234 1283 1275 στηρίξατὲ
1304 1247 1338 1273 με
1354 1236 1379 1264 ἐν
1394 1236 1501 1274 μύροις,
1525 1234 1667 1264 στιϐάσατὲ
1685 1246 1718 1272 με
1733 1235 1758 1263 ἰν
1777 1234 1837 1272 μή·

1011 1273 1083 1308 λοις,
1100 1273 1140 1301 ὅτι
1155 1273 1312 1311 τετρωμὲνη
1327 1272 1433 1311 ἀγάπης
1448 1273 1511 1310 ὖγώ.

1011 1362 1093 1398 ιφησί’
1111 1362 1187 1399 Δίψῶ
1201 1362 1249 1396 τήν
1266 1361 1410 1399 προκοπὴν
1424 1362 1474 1396 τὴν
1492 1361 1530 1392 ὡς
1545 1361 1614 1399 πρὸς
1636 1361 1682 1387 τὸν
1706 1359 1837 1398 νυμφίον,

1009 1407 1058 1434 τὸν
1073 1406 1170 1444 βότρυν
1185 1406 1256 1444 λέγω
1271 1410 1320 1441 τῆς
1337 1409 1421 1441 ζωῆς,
1435 1407 1481 1434 τὸν
1498 1405 1637 1443 πέπιιρον,
1653 1405 1698 1432 τὸν
1715 1405 1798 1439 θεῖον,

1011 1452 1064 1480 Τὸν
1080 1450 1196 1488 γλεῦκος
1212 1451 1396 1485 ἀποστάζοντα
1407 1452 1446 1486 τῷ
1461 1452 1597 1487 σταυρικῷ
1613 1451 1726 1485 θανάτῳ.

1013 1495 1061 1524 Καὶ
1076 1495 1163 1523 τοίνυν
1180 1495 1335 1532 αἶ’σαγάγετε
1348 1494 1418 1530 κάμὲ
1432 1494 1501 1531 πρὸς
1515 1494 1588 1521 οἷκον
1601 1494 1710 1527 τούτου,

972 1551 994 1584 C
1012 1541 1056 1572 Ὠς
1069 1540 1098 1568 ἃν
1116 1539 1210 1567 ἰδοῦσα
1224 1541 1348 1577 καθαρῶς
1364 1539 1395 1566 τὸ
1410 1538 1514 1570 κάλλος
1529 1541 1577 1566 τοῦ
1592 1538 1723 1577 νυμφίου,

1012 1585 1052 1614 Τὸ
1068 1585 1192 1622 ζώπυρον
1208 1583 1316 1619 αὑξῆσω
1333 1594 1386 1620 μου
1397 1585 1447 1618 τῆς
1461 1584 1529 1621 πρὸς
1544 1583 1623 1611 αὐτὸν
1641 1583 1757 1620 ἀγάπης.

1010 1631 1070 1658 "Eu
1088 1628 1117 1656 δὲ
1130 1628 1213 1656 πάλιν
1228 1628 1344 1656 δυσωπῶ
1359 1631 1453 1666 τυχεῖν
1468 1630 1521 1655 τῶν
1540 1628 1715 1666 μειζοτὲρων.

1010 1672 1079 1701 Τάδε
1092 1674 1143 1711 γὰρ
1174 1673 1246 1711 λέγει
1275 1673 1342 1711 πρὸς
1372 1672 1480 1707 αὐτοὺς,
1508 1672 1631 1700 τουτῆστι
1658 1672 1722 1702 τοὺς
1753 1669 1842 1742 ᾐγγὲ-

1747 1716 1757 1742 l
1779 1714 1840 1742 ους·

1747 1716 1827 1752 [λους

1049 1797 1197 1837 Στηρίξατᾶ
1227 1808 1260 1834 μι
1286 1798 1312 1825 ἓν
1345 1797 1463 1834 μύροις,
1492 1794 1635 1824 πιὸάσατέ
1664 1806 1699 1833 μι
1726 1795 1752 1823 ἐν
1783 1795 1840 1831 μή·

1013 1844 1087 1874 λοις.

1013 1888 1101 1923 Ἐπεὶ,
1117 1887 1210 1926 φησὶν,
1226 1886 1367 1923 ἠγάπησεν
1384 1885 1432 1922 ἆμὶ
1446 1886 1496 1919 τήν
1512 1883 1677 1920 ἀπωσμένην

1012 1933 1042 1961 Ὀ
1057 1932 1222 1967 θαυμαστὸς,
1239 1931 1253 1958 ὁ
1269 1928 1395 1969 φοϐερὸς,
1411 1930 1425 1957 ὁ
1439 1928 1588 1960 κάλλιστος
1602 1928 1732 1967 νυμφίος,

1015 1976 1162 2015 Στηρίξατὲ
1179 1986 1212 2012 με
1225 1976 1257 2002 τὸ
1272 1974 1369 2003 λοιπὸν
1387 1974 1463 2011 ὑμεῖς
1479 1974 1506 2001 οἱ
1521 1974 1618 2001 τούτου
1634 1972 1724 2011 φίλοι,

1016 2022 1087 2059 Πρὸς
1101 2021 1150 2055 τὴν
1167 2020 1272 2058 ἀγάπην
1288 2020 1337 2054 τήν
1355 2017 1435 2046 αὐτοῦ
1450 2020 1498 2046 τοῦ
1520 2017 1610 2055 Λόγου
1631 2018 1675 2045 καὶ
1697 2016 1833 2056 νυμφίου·

1015 2068 1117 2103 Ὥσπερ
1135 2076 1181 2102 μοι
1196 2065 1326 2103 πρότιρον
1342 2065 1444 2102 χρυσὸν
1456 2062 1636 2093 ἀντιδιδόντες
1654 2062 1736 2100 μύρα,

1015 2112 1052 2138 Τὰ
1067 2111 1155 2146 πάσης
1171 2110 1355 2147 ἀποτρεπτικὰ
1370 2107 1510 2139 δυσώδους
1526 2107 1670 2145 ἁμαρτίας,

1016 2157 1061 2186 Ὠς
1076 2155 1105 2182 ἂν
1124 2154 1219 2191 μηκέτι
1236 2153 1370 2189 πλανηθῶ
1383 2153 1426 2181 καὶ
1441 2151 1615 2190 παρεκκλίνω
1630 2151 1725 2180 πάλιν.

1019 2199 1056 2227 Σὺ
1073 2198 1096 2227 δ’
1112 2199 1206 2237 ἀρετὰς
1221 2198 1348 2233 ἐννοήσον
1363 2198 1396 2225 τὰ
1412 2197 1484 2235 μύρα
1497 2197 1531 2224 τὰ
1541 2195 1594 2224 τῶν
1611 2195 1710 2234 φίλων.

136 2243 255 2272 Amicos
269 2243 347 2271 enim
364 2242 525 2279 alloquitur
539 2243 650 2276 anima,
666 2244 754 2272 modo
764 2246 797 2271 ut
811 2252 920 2280 sponsa
935 2247 957 2273 el

1018 2243 1095 2273 Ἀλλ’
1110 2245 1150 2271 ὶτι
1164 2242 1248 2271 πάλιν
1265 2242 1377 2280 λιπαρεῖ
1390 2245 1448 2274 τοῖς
1461 2241 1562 2278 μήλοις
1578 2238 1767 2274 στιϐασθῆναι.

135 2288 217 2324 virgo
241 2288 423 2324 nuptialibus
445 2288 627 2316 vestimentis
651 2291 810 2317 exornata:
828 2289 915 2317 modo
930 2291 963 2316 ut

135 2332 230 2360 lectus
246 2341 316 2361 auro
327 2333 490 2370 spendidus
503 2345 510 2366 ;
523 2333 609 2361 modo
622 2333 794 2361 utdivinum
806 2333 961 2362 solium.In

136 2385 195 2405 una
205 2377 283 2405 enim
295 2378 424 2413 profecto
435 2377 595 2413 eademque
606 2377 705 2405 anima
717 2377 876 2413 purissima
885 2377 963 2405 Chri-

136 2423 201 2450 stus
215 2424 244 2449 et
258 2430 386 2457 sponsus
401 2429 480 2449 nunc
494 2420 711 2457 quiescit,nunc
726 2422 906 2456 ambulat,et
915 2430 962 2451 se-

136 2466 188 2494 det
197 2465 566 2502 sapissimeﬂuaaquidem
578 2466 678 2494 omnia
687 2466 796 2494 indicat
806 2475 961 2503 pomorum

136 2509 323 2546 constipatio.
341 2510 464 2538 Prorsus
479 2512 573 2538 autem
588 2510 693 2546 ﬂagrat
708 2518 817 2546 sponsa
828 2519 860 2539 ac
877 2511 963 2547 plane

137 2555 220 2582 ardet
235 2553 381 2582 desiderio
396 2553 509 2590 sponsi,
525 2554 575 2590 qui
591 2554 699 2582 dicitnr
714 2563 836 2591 pomum
848 2564 864 2584 ο
879 2556 962 2592 silva,

136 2598 368 2634 cupitqueillum
390 2607 504 2635 semper
514 2598 574 2626 hac
594 2599 650 2627 sibi
661 2607 726 2627 esse
737 2600 846 2634 omnia,
863 2601 962 2628 cibum

137 2643 327 2680 deliciasque,
340 2645 368 2672 et
378 2644 558 2677 umbram,et
573 2644 772 2680 stipationem,
784 2647 814 2674 et
827 2648 937 2674 tectum
955 2655 962 2674 :

138 2690 388 2726 quemadmodum
401 2692 427 2717 et
439 2690 504 2726 ipsa
514 2697 582 2726 erga
592 2689 676 2717 illum
689 2689 749 2718 haec
760 2692 805 2718 est
815 2690 962 2719 universa:

139 2741 249 2770 sponsa
273 2734 425 2769 nimirum,
441 2737 470 2763 et
491 2735 587 2767 sedes,
609 2736 638 2762 et
663 2734 769 2767 cubile,
795 2737 823 2763 et
847 2737 962 2763 domus.

138 2781 211 2808 Tum
227 2778 353 2808 assidua
369 2779 557 2816 ﬂagitationis
577 2787 636 2807 suae
651 2787 770 2808 causam
787 2780 899 2816 angelis
915 2788 964 2808 ex-

1015 2289 1086 2317 Ιίοτὶ
1103 2289 1150 2325 μὶν
1166 2288 1217 2326 γὰρ
1231 2286 1398 2326 προσομιλεῖ
1409 2288 1467 2317 τοῖς
1484 2285 1586 2325 φίλοις,
1603 2286 1694 2321 ὥσπερ
1711 2283 1820 2323 νύμφη,

1014 2335 1045 2362 Ἠ
1060 2332 1259 2371 παρθενεύουσα
1274 2332 1350 2370 ψυχή
1367 2331 1411 2359 καὶ
1428 2328 1704 2370 νυμφοστολουμὲνη.

1016 2379 1086 2407 Ilo-ti.
1101 2376 1124 2405 δ’
1141 2378 1177 2408 ὡς
1192 2376 1273 2412 κλίνη
1291 2376 1457 2414 χρυσαυγής,
1473 2375 1540 2402 ποτὶ
1554 2373 1578 2402 δ’
1593 2374 1631 2406 ὡς
1647 2374 1719 2404 θεῖος
1733 2373 1844 2410 θρόνος.

1017 2423 1067 2450 Καὶ
1084 2423 1136 2460 γὰρ
1153 2421 1189 2452 ὡς
1206 2419 1291 2448 ὅντως
1308 2420 1334 2448 ἂν
1352 2422 1402 2462 μιᾷ
1416 2421 1493 2457 ψυχῇ
1508 2417 1698 2455 καθαρωτάτη,

1016 2467 1083 2495 Νυνὶ
1099 2466 1147 2502 μὲν
1166 2464 1336 2493 ἀνακλίνεται
1352 2464 1468 2502 Χριστὸς
1483 2464 1497 2491 ὁ
1512 2463 1556 2491 καὶ
1570 2462 1699 2501 νυμφίοςο

1017 2511 1082 2539 Νυνὶ
1098 2510 1126 2538 δὲ
1141 2512 1293 2548 περιπατεῖ,
1309 2509 1354 2537 καὶ
1370 2508 1484 2544 κάθηται
1500 2507 1649 2538 πολλάκις.

1016 2557 1103 2584 Ἀπαν
1120 2553 1149 2581 δὲ
1162 2553 1244 2581 τοῦτο
1259 2554 1375 2593 πέφυκεν
1393 2554 1407 2581 ὁ
1424 2550 1573 2589 στιϐασμός
1587 2554 1641 2579 τῶν
1658 2550 1768 2588 μήλων.

1018 2602 1101 2632 licet?
1115 2600 1160 2626 καὶ
1174 2597 1302 2638 φλέγεται
1318 2597 1411 2629 καλῶς
1426 2599 1443 2633 ἡ
1463 2598 1556 2635 νύμφη
1573 2599 1612 2633 τῷ
1632 2597 1752 2636 νυμφίῳ·

1017 2648 1111 2676 Ὅστις
1123 2645 1168 2672 καὶ
1186 2645 1274 2680 μῆλον
1291 2644 1396 2682 λέγεται
1413 2645 1491 2684 φανὶν
1507 2643 1536 2671 ὲκ
1549 2645 1598 2671 τοῦ
1614 2641 1768 2680 δρυμῶνος,

1018 2690 1067 2717 Καὶ
1082 2689 1153 2722 θέλει
1169 2691 1264 2717 τοῦτον
1282 2690 1402 2728 γινέσθαι
1417 2689 1531 2716 πάντοτε
1545 2690 1629 2716 ταῦτα
1643 2688 1740 2722 πάντα,

1018 2735 1129 2773 Τροφήν
1156 2735 1260 2774 τρυφήν
1288 2745 1318 2762 τε
1354 2734 1399 2762 καὶ
1433 2734 1509 2761 σκιὰν
1537 2733 1583 2761 καὶ
1612 2729 1760 2770 στιϐασμὸν
1790 2735 1844 2767 τῆς

1720 2775 1844 2814 [στέγης
