1949 3055
125 101 191 130 577

126 167 232 204 Ὠσπερ
246 165 356 200 κάκείνη
372 165 474 203 γίνεται
490 164 631 202 ξύμπαντα
644 165 714 203 πρὸς
728 164 843 200 ἐκεῖνον,

130 210 245 247 Νύμφη,
261 211 304 238 καὶ
318 209 424 247 θρόνος,
440 210 485 238 καὶ
502 210 643 247 στρωμνὴ,
658 211 703 237 καὶ
719 209 802 237 πάλιν
820 209 955 239 κατοικία.

131 256 200 284 Εἴτά
215 266 281 294 φησι
296 255 364 292 πρὸς
377 254 441 286 τοὺς
456 254 554 287 αὐτοὺς
568 254 700 293 ἀγγέλους
715 255 765 290 τήν
779 254 876 289 αἰτίαν,

130 301 190 335 Τῆς
207 298 404 337 παρακλήσεως
420 299 503 335 αὐτῆς
516 303 566 334 τῆς
583 302 712 338 συνεχοῦς
726 300 795 336 πρὸς
808 300 932 336 τούτους,

130 346 193 374 ’Ὁτι
208 345 364 383 τετρωμένη
388 344 493 381 ἀγάπης
517 343 581 382 ἐγώ.
607 344 678 382 Ἐγὼ
702 345 784 380 φησὶν
809 343 958 372 έκδυσωπῶ

643 389 703 426 [τὴν
721 389 849 425 ὑμετέραν
865 389 957 427 χάριν,

129 434 186 468 τὴν
202 433 300 471 στέγην
317 432 385 468 ὅλην
399 444 454 470 μου
468 432 561 464 καλῶς
578 432 604 460 έν
623 431 724 469 μήλοις
739 430 927 468 στιϐασοῆναι,

130 478 191 506 Ὅτι
205 480 245 514 τῷ
261 477 336 516 βέλει
349 479 489 515 τέτρωμαι
503 480 542 513 τῷ
556 481 606 512 τῆς
620 477 728 516 ἀγάπης
743 477 850 506 τούτου.

131 521 256 560 ’Δγάπην
269 522 360 550 τοίνυν
377 523 474 557 νόησον
488 522 535 549 τὸν
549 520 667 560 ἄναρχον
683 520 797 560 Πατέρα,

131 566 182 594 Καὶ
200 566 280 605 βέλος
296 565 382 598 ὄντως
398 565 524 594 ἐκλεκτὸν
540 566 586 594 τὸν
604 566 690 604 Λόγον
706 566 750 594 καὶ
766 566 893 604 νυμφίον·

129 613 230 640 Τοῦτον
247 611 298 650 γὰρ
315 610 432 648 πέμπειν
449 610 542 643 εἶ’ωθεν
558 609 602 638 ἐπὶ
617 611 681 642 τοὺς
697 611 880 647 σωζομένους.

420 669 482 697 Τῶν
497 672 520 706 γ’
537 668 662 705 Ηατέρων

168 721 248 751 Οὕτω
278 721 325 758 μὶν
355 723 372 756 ἡ
398 721 490 760 νύμςρη
518 723 566 749 τοῦ
590 721 709 760 νυμφίου
733 722 765 749 τὸ
779 721 894 755 uinco,
909 722 959 756 τὴν

131 764 260 800 ιῦωδίαν,
286 767 336 801 τήν
363 766 476 801 σκέπην,
501 766 552 800 τήν
576 765 735 803 γλυκύτητα
755 768 957 803 καταμαθοῦσα,

131 810 311 848 ἀνακηρύττιι
349 809 413 838 τάδε
455 810 494 841 εἲς
539 808 674 837 διακονίαν
722 809 956 847 ἀποστελλόμενα.

655 97 860 130 COMMENT.
885 98 924 129 ΙΝ
947 98 1149 131 GANTICUM
1171 99 1323 131 CANTIG.

971 171 997 204 Α
1015 166 1128 201 plicans
1145 176 1151 195 :
1169 168 1227 204 Ego
1239 168 1330 200 enim,
1355 167 1463 203 inquit,
1488 175 1585 195 amore
1607 175 1669 196 sum
1698 169 1836 196 sauciata.

1777 103 1836 132 578

1013 211 1072 248 Ego
1088 214 1213 240 vestram
1230 220 1314 248 opem
1332 212 1467 248 imploro.
1482 212 1585 240 Totam
1602 212 1722 240 domum
1742 221 1836 241 meum

1013 256 1110 292 pomis
1124 256 1283 292 constipari
1306 257 1414 292 cupio:
1431 256 1571 292 quoniam
1597 257 1705 293 sagitta
1729 258 1839 286 amoris

1012 299 1100 328 istius
1125 301 1238 329 conﬁxa
1261 309 1340 329 sum.
1355 303 1410 329 Per
1422 309 1552 329 amorem
1567 301 1698 338 intelligo
1714 303 1838 338 Patrem,

1014 345 1064 380 qui
1079 345 1193 373 nullum
1209 345 1297 373 habet
1312 345 1510 381 principium;
1536 353 1587 382 per
1609 346 1745 382 sagittam
1770 354 1838 374 vero

1013 389 1147 423 electam,
1174 389 1301 418 Verbum
1326 393 1355 418 et
1377 398 1531 426 sponsum.
1548 390 1631 418 Hune
1646 390 1727 418 enim
1742 391 1772 419 in
1788 398 1838 419 eos

1013 433 1065 470 qui
1080 433 1243 471 salvantur,
1257 434 1400 470 conjicere
1415 435 1577 463 consuevit.

1305 670 1397 697 Trium
1412 670 1538 698 Patrum.

1050 724 1092 751 ita
1107 723 1226 759 quidem
1239 731 1349 759 sponsa
1364 723 1511 759 cognitam
1525 723 1626 759 sponsi
1643 723 1838 760 pulchritudi-

1014 775 1094 801 nem,
1118 767 1304 801 suavitatem,
1329 767 1461 800 domum,
1477 767 1662 796 dulcedinem
1688 770 1838 805 praedicat.

1013 812 1162 839 Ministros
1177 814 1275 839 autem
1292 812 1424 847 spiritus,
1449 811 1478 839 in
1505 812 1703 840 ministerium
1730 814 1839 842 missos

133 855 183 883 Διὰ
196 855 260 885 τοὺς
286 853 436 891 μέλλοντας
456 853 638 890 κληρονομεῖν
662 854 808 891 σωτηρίαν,
835 854 908 882 λειτο

1050 858 1132 892 opter
1159 864 1209 884 eos
1233 856 1282 892 qui
1309 855 1414 884 salutis
1443 856 1642 885 hereditatem
1671 860 1742 886 sunt
1769 859 1839 886 ade-

131 900 196 938 γικὰ
233 899 372 935 πνεύματα
411 898 641 936 προσκαλουμένη
671 902 804 937 συνεργεῖν
834 900 902 936 πρὸς
921 899 958 927 δι-

133 945 219 980 ηνεκῆ
248 943 330 971 αὐτοῦ
359 942 522 977 ἀπόλαυσιν,
553 943 644 980 φησίν·
676 943 837 982 Εῑσαγάγιτὶ
864 955 897 981 με
920 944 959 977 ιῖς

134 989 207 1016 οἶκον
235 989 284 1016 τοῦ
310 986 397 1015 οἷ’νοψ
427 988 540 1026 Ἥγουν,
571 986 698 1022 Διδάξατέ
728 997 762 1024 μι
784 988 848 1019 τοὺς
870 988 957 1020 θείους

133 1034 195 1072 περὶ
224 1034 384 1072 σαρκώσεως
414 1033 523 1071 λόγους.
552 1034 631 1060 Οἶνον
659 1034 709 1071 γαρ
743 1044 808 1071 φησι
836 1035 882 1061 τὸν
912 1034 958 1062 εὖ·

134 1078 280 1118 φραίνοντα
302 1079 349 1110 τὰς
372 1078 462 1116 ψυχὰς
484 1080 538 1105 τῶν
562 1078 662 1105 τούτου
683 1076 957 1115 μεταλαμϐανόντων,

133 1123 180 1151 καὶ
207 1123 276 1159 πρὸς
305 1122 399 1150 θέωσιν
427 1122 571 1157 έξιστῶντα
598 1122 662 1149 Θεὸν
687 1121 793 1156 Λόγον.
823 1123 860 1150 Οὗ
886 1123 960 1155 οἶκος

134 1169 152 1202 ἡ
192 1167 399 1206 προσληφθεῖσα
437 1167 500 1204 παρ’
526 1166 608 1194 αὐτοῦ
641 1166 727 1204 σάρξ-
757 1167 795 1198 είς
824 1167 855 1194 ὃν
883 1168 957 1194 οἷκον

135 1211 268 1250 ιὶσάγεται
304 1213 322 1246 ἡ
360 1210 508 1246 Ἐκκλησία
549 1210 596 1247 μία
635 1211 698 1247 σὰρξ
740 1212 807 1247 μετά
843 1212 960 1249 Χριστοῦ

135 1255 264 1293 ίσομένη,
295 1256 331 1286 ὥς
361 1266 442 1295 φησιν
466 1256 481 1283 ὸ
510 1254 678 1287 Ἀπόστολος
692 1256 959 1293 περὶτοῦ,¹’[ι]σονται

135 1301 162 1329 ol.
196 1299 246 1328 δύο
275 1300 312 1331 εἷς
349 1301 433 1338 σάρκα
470 1300 552 1336 μίαν·
583 1299 625 1327 ὅτι
659 1300 731 1337 Ἐγὼ
766 1299 794 1328 δὲ
823 1300 894 1337 λέγω
923 1300 961 1332 εἷς

139 1345 255 1382 Χρ.στὸν
298 1344 343 1372 καὶ
383 1344 422 1376 είς
460 1347 511 1378 τήν
549 1343 725 1379 Ἐκκλησίαν.
764 1345 867 1382 Σαρκὸς
908 1345 960 1382 γὰρ

139 1389 184 1417 καὶ
199 1389 314 1426 αἵματος
342 1391 463 1427 Χριστοῦ
491 1390 508 1423 ὴ
537 1391 591 1416 τῶν
621 1391 723 1416 πιστῶν
751 1388 901 1424 Ἐκκλησία
917 1400 962 1426 με-

136 1431 360 1471 ταλαμϐάνουσα,
388 1434 434 1461 καὶ
463 1433 607 1470 σύσσωμος
636 1433 708 1470 αὐτῷ
734 1435 886 1471 γινομένη,
915 1435 960 1462 καὶ

133 1479 202 1506 κατὰ.
226 1481 324 1517 γνῶσιν
355 1478 418 1509 τοὺς
444 1477 507 1515 περὶ
537 1477 698 1515 σαρκώσεως
728 1477 827 1516 λόγους
851 1477 886 1505 δι’
912 1479 960 1516 ἀγ-

133 1522 222 1561 γέλων
253 1522 422 1559 μανθάνουσα
439 1547 446 1556 ,
475 1522 520 1550 καὶ
549 1523 608 1550 κατ’
637 1523 734 1560 ἀρε-τήν
763 1522 827 1554 τοὺς
855 1523 957 1550 τούτων

132 1568 250 1604 τρόπους
276 1567 447 1607 ἑκφαίνουσα,
476 1567 513 1598 εἲς
539 1567 615 1594 οἶκον
628 1569 676 1595 τοῦ
699 1566 773 1594 οἷ’νου
796 1567 958 1606 εἰσέρχεται,

135 1611 296 1648 οίκητήριον
332 1614 398 1639 Θεοῦ
431 1611 638 1648 ἀποτελουμένη
662 1611 689 1639 ἐν
717 1612 787 1649 ἀγίῳ
812 1612 958 1648 ῐινεῦματι.

136 1655 213 1684 οὕτω
229 1655 258 1684 δὶ
283 1656 321 1687 εἷς
346 1657 420 1684 οἶκον
444 1659 493 1684 τοῦ
518 1655 593 1684 οἷ’νου
615 1656 802 1693 εἰσαγαγόντες
819 1667 853 1693 με
866 1657 960 1692 τάξατε

136 1700 178 1728 ἔπ’
221 1699 270 1736 ὔμὶ
310 1700 429 1738 ἀγάπην·
469 1700 542 1736 ἤτοι,
581 1702 634 1735 Τὴν
673 1701 740 1728 κατά
777 1701 857 1739 χάριν
887 1702 958 1729 θείαν

135 1745 277 1773 κοινωνίαν
295 1767 302 1779 ,
331 1745 366 1780 ἧς
391 1747 497 1782 πρῶτοι
524 1745 600 1773 αὐτοὶ
624 1746 692 1773 κατὰ
718 1745 791 1781 τάξιν
823 1745 961 1782 μεταλαμ-

135 1786 237 1817 ϐάνιτι·
267 1790 361 1826 τάξατε
388 1790 433 1817 καὶ
462 1790 504 1818 ἐπ’
532 1790 592 1827 ἐμὶ,
618 1789 760 1828 ἀναλόγως
775 1788 885 1818 ἕκαστον
904 1793 958 1819 τῶν

133 1835 238 1861 πιστῶν
283 1836 526 1871 μυπαγωγοῦντες
566 1835 600 1861 τὰ
639 1835 706 1862 θεῖα.
748 1834 895 1870 Στηρίξατέ
927 1845 961 1872 μι

127 1877 155 1906 ιν
187 1877 296 1915 μύροις·
327 1876 447 1913 δηλαδὴ,
473 1878 581 1906 Ῥύσατέ
599 1889 632 1915 με
646 1878 673 1906 ἰν
691 1881 749 1909 τοῖς
765 1877 839 1912 δίκην
865 1878 960 1917 μύρων

138 1920 331 1957 ιόωδιάζουσιν
356 1922 405 1954 τὰς
428 1922 519 1960 ψυχὰς
542 1925 597 1950 τῶν
621 1925 723 1950 πιστῶν
751 1924 799 1950 τοῦ
826 1923 961 1960 παναγίου

132 1967 289 2003 Πνιύματος
329 1966 492 2005 χαρίσματι,
532 1967 577 1994 καὶ
617 1967 686 2004 πρὸς
729 1965 880 1995 θεοσέϐειαν
917 1967 958 1995 ἆν-

132 2011 259 2049 ισχύσατε
287 2011 337 2045 τήν
363 2010 408 2038 διὰ
435 2011 484 2046 τὴν
516 2012 675 2047 σωματικὴν
705 2011 840 2043 ἀσθένειαν
863 2011 958 2040 ἐκλυο-

134 2059 226 2092 μένην.
245 2053 393 2083 Στιϐἀσατὲ
419 2066 453 2092 με
477 2055 502 2084 έν
530 2055 641 2092 μήλοις·
670 2055 768 2092 ἤγυυν,
792 2056 958 2092 Ηληρώσατέ

134 2111 167 2136 με
181 2099 307 2138 γνώσεως
328 2100 400 2131 θείας
424 2099 451 2127 έν
473 2103 532 2131 τοῖς
556 2099 635 2136 δίκην
659 2100 756 2136 μήλων
772 2101 817 2128 τὸν
835 2100 958 2139 λάρυγγα

131 2143 305 2182 γλυκαίνουσι
344 2145 427 2177 θείοις
466 2144 583 2182 λογίοις’
623 2147 707 2172 ταῦτα
745 2143 773 2172 δὲ
802 2145 868 2172 αίτῶ
895 2149 958 2182 παρ’

131 2188 216 2225 ὑμῶν,
245 2189 307 2217 ’Ότι
334 2189 492 2227 τετρωμένη
519 2189 627 2227 ἀγάπης
650 2189 715 2227 ἐγώ,
741 2188 954 2225 ’Ἠτοι,Ἐπειδή

1014 901 1091 938 pturi
1107 901 1142 934 “,
1159 903 1241 937 rogat
1257 903 1290 928 ut
1314 901 1370 928 sibi
1397 904 1501 937 praesto
1527 902 1597 934 sint,
1619 902 1656 930 ad
1681 911 1836 938 perennem

1013 946 1077 982 ejus
1102 945 1270 973 fruitionem
1297 946 1512 981 assequendam
1538 953 1545 974 :
1575 947 1765 982 lntroducite,
1792 948 1838 975 in-

1014 990 1129 1026 quiens,
1156 997 1203 1017 me
1227 990 1256 1017 in
1273 989 1376 1017 cellam
1393 989 1462 1023 vini,
1479 990 1533 1018 hoc
1548 993 1603 1024 est,
1620 991 1720 1018 docete
1733 999 1780 1019 me
1795 991 1839 1019 di-

1012 1035 1096 1062 vinas
1110 1033 1323 1063 incarnationis
1339 1034 1477 1062 rationes.
1494 1035 1585 1062 Deum
1602 1035 1679 1063 enim
1704 1035 1833 1064 Verbum

1013 1078 1462 1115 appellatvinum,quod:animas
1471 1080 1654 1114 gustantium
1665 1079 1839 1108 lwtitiaafli-

1014 1125 1054 1152 cit
1063 1124 1099 1152 ad
1111 1123 1354 1159 divinitutemque
1367 1123 1508 1158 perducit.
1526 1124 1619 1158 Hujus
1630 1124 1704 1152 cella
1714 1133 1782 1152 caro
1797 1126 1842 1152 est

1014 1169 1051 1196 ab
1061 1168 1126 1204 ipso
1138 1170 1291 1204 assumpta
1302 1177 1309 1196 :
1319 1176 1406 1204 quam
1418 1168 1537 1203 quidem
1550 1168 1579 1195 in
1592 1168 1696 1196 cellam
1714 1168 1843 1197 Ecclesia

1015 1211 1284 1245 introducitur,uua
1292 1219 1358 1239 caro
1370 1220 1437 1239 cum
1449 1211 1565 1239 Christo
1577 1212 1687 1240 futura.
1699 1212 1747 1241 Sic
1762 1213 1840 1240 enim

1015 1256 1171 1292 Apostolus
1183 1255 1278 1283 locum
1292 1255 1388 1289 illum,
1404 1256 1436 1283 Et
1449 1260 1533 1284 erunt
1543 1257 1599 1284 duo
1610 1257 1640 1283 in
1649 1265 1732 1284 carne
1749 1266 1804 1285 una
1818 1257 1842 1275 ²²

1015 1300 1228 1336 interpretatur
1243 1308 1250 1327 :
1268 1301 1321 1335 Ego
1334 1305 1438 1333 autem,
1454 1300 1561 1336 inquit,
1588 1301 1652 1328 diuo
1679 1302 1708 1328 in
1735 1301 1842 1329 Christo

1015 1346 1083 1373 etin
1098 1345 1218 1373 Ecclesia
1234 1345 1267 1372 ³³.
1281 1343 1424 1372 Fidelium
1440 1345 1517 1372 enim
1535 1345 1674 1379 Ecclesia,
1687 1346 1757 1373 dum
1775 1354 1840 1374 car-

1016 1390 1062 1417 nis
1073 1392 1101 1416 et
1111 1389 1265 1425 sanguinis
1277 1388 1383 1416 Christi
1395 1389 1552 1425 particeps,
1562 1391 1648 1425 atque
1664 1398 1755 1418 unum
1772 1399 1839 1418 cum

1015 1433 1079 1469 ipso
1095 1442 1201 1469 corpus
1217 1433 1353 1468 efﬁcitur,
1370 1433 1638 1470 incarnationisque
1654 1435 1782 1463 rationes
1803 1435 1839 1462 ab

1015 1477 1127 1514 angelis
1142 1478 1229 1505 discit
1243 1481 1331 1514 atque
1346 1486 1396 1506 eas
1412 1478 1543 1506 moribus
1554 1479 1768 1514 comprobat,in
1781 1479 1840 1507 vini

1014 1522 1117 1550 cellam
1134 1522 1308 1558 ingreditur,
1325 1524 1354 1550 et
1368 1521 1567 1550 habitaculum
1585 1523 1634 1551 Dei
1659 1523 1784 1552 efﬁcitur
1810 1524 1839 1552 in

1016 1566 1125 1602 Spiritu
1143 1566 1330 1594 sancto.Cum
1347 1566 1387 1594 ita
1403 1574 1449 1594 me
1464 1565 1492 1593 in
1509 1566 1614 1594 cellam
1630 1567 1689 1595 vini
1706 1568 1840 1596 introdu-

1015 1611 1099 1644 xerit,
1124 1612 1254 1639 ordinate
1281 1611 1464 1646 charitatem,
1489 1610 1569 1639 illam
1598 1612 1710 1640 scilicet
1735 1612 1839 1641 divina:

1015 1657 1114 1692 gratim
1137 1656 1386 1689 communionem,
1415 1664 1472 1691 qua
1496 1664 1547 1684 vos
1563 1656 1666 1684 ordine
1682 1657 1812 1685 fruimini
1831 1667 1838 1686 :

1014 1701 1045 1728 In
1062 1709 1108 1728 me
1122 1709 1239 1736 quoque
1255 1700 1355 1728 fideles
1366 1699 1498 1736 singulos
1511 1709 1562 1736 pro
1573 1701 1718 1737 cujusque
1729 1702 1840 1730 ratione

1014 1745 1122 1773 divinis
1138 1744 1285 1781 mysteriis
1301 1745 1502 1780 instituentes,
1519 1745 1665 1774 ordinate.
1680 1746 1781 1775 Fulcile
1797 1754 1840 1774 me

1013 1790 1163 1825 unguentis
1180 1798 1187 1818 :
1204 1789 1384 1817 sanctissimi
1406 1789 1534 1825 Spiritus
1556 1789 1652 1824 donis,
1677 1793 1841 1826 unguento-

1014 1842 1079 1861 rum
1094 1833 1188 1861 instar
1204 1832 1335 1861 ﬁdelium
1352 1833 1468 1860 animas
1483 1833 1581 1861 odoris
1601 1834 1746 1862 suavitate
1769 1842 1840 1863 con-

1014 1878 1222 1914 spergentibus
1238 1885 1285 1905 me
1296 1877 1491 1911 corroborata,
1508 1879 1538 1905 et
1546 1878 1677 1914 corporis
1688 1878 1841 1908 imbecilli-

1014 1924 1073 1950 tate
1088 1922 1236 1949 labantem
1253 1921 1282 1949 in
1299 1921 1399 1949 divina
1415 1921 1522 1957 pietate
1537 1921 1719 1950 conﬁrmato.
1737 1923 1842 1960 Slipate

1013 1975 1057 1994 me
1071 1967 1100 1994 in
1114 1967 1204 2002 pomis
1219 1975 1228 1994 :
1244 1965 1361 2002 implete
1377 1974 1423 1994 me
1440 1966 1488 1994 Dei
1505 1966 1672 2002 cognitione
1687 1967 1716 1995 in
1732 1967 1839 1996 divinis

1013 2011 1209 2043 sermonibus,
1226 2011 1276 2047 qui
1293 2018 1445 2046 pomorum
1461 2010 1556 2038 instar
1570 2011 1681 2047 gutturi
1698 2020 1761 2040 meo
1777 2013 1840 2041 dul-

1013 2055 1146 2083 cedinem
1163 2055 1298 2082 aﬂ‘erunt.
1314 2056 1379 2082 Haec
1398 2057 1497 2083 autem
1523 2063 1540 2082 a
1564 2055 1646 2083 vobis
1671 2059 1746 2092 peto,
1774 2058 1840 2093 quia

1013 2100 1161 2128 vulnerata
1185 2107 1245 2126 sum
1270 2099 1415 2127 choraula.
1431 2099 1504 2131 Quia
1519 2099 1633 2128 scilicet
1649 2108 1706 2128 non
1722 2101 1839 2136 timore,

1011 2145 1061 2172 sed
1077 2152 1177 2172 amore
1192 2143 1313 2171 incitata
1327 2144 1461 2180 (Charitas
1474 2144 1553 2171 enim
1568 2145 1642 2179 [oras
1656 2145 1744 2173 mittit
1758 2146 1838 2174 timo-

1011 2197 1068 2217 rem
1082 2189 1128 2224 “),
1153 2196 1220 2216 cum
1245 2187 1352 2216 Christi
1377 2197 1429 2224 per
1455 2187 1542 2215 ﬁdem
1574 2188 1732 2224 conjuncta
1758 2198 1837 2218 sum.

130 2233 282 2270 νυττομένη
313 2233 369 2271 οὐχ
399 2234 451 2261 ὑπὸ
480 2231 577 2273 φόϐου.
608 2233 670 2262 ἀλλ’
694 2233 745 2261 ὑπὸ
770 2233 875 2271 ἀγάπης
894 2233 911 2271 (ἒ

1055 2242 1082 2260 m
1099 2236 1132 2261 ut
1147 2234 1214 2260 ante
1230 2241 1380 2269 poenarum
1398 2232 1556 2260 formidine
1573 2235 1707 2269 purgata,
1732 2233 1838 2262 deinde

131 2277 180 2315 γὰρ
211 2277 278 2312 αὖτή
319 2277 415 2314 βάλλει
453 2278 498 2305 τὸν
535 2275 631 2317 φόϐον)
668 2277 724 2314 εἷ’μῖ
761 2277 815 2315 ἐγὼ
844 2279 861 2312 ἡ
889 2289 958 2314 νυμ-

131 2322 256 2360 φιυθιῖσα
283 2324 324 2358 τῷ
341 2324 450 2359 Χριστῷ
465 2321 511 2350 διὰ
539 2322 666 2353 πίστεως.
689 2325 732 2353 Ὡς
756 2323 810 2360 γὰρ
826 2322 956 2360 πρότερον

133 2366 199 2401 αὕτη
228 2368 268 2402 τῷ
293 2363 370 2403 φόϐῳ
392 2367 440 2403 μὲν
464 2369 517 2394 τῶν
543 2365 682 2394 κολάσεων
707 2367 880 2404 καθαρθεῖσα,
903 2367 958 2395 εἶτα

131 2409 160 2438 δὶ
174 2411 219 2438 καὶ
234 2413 268 2448 τῇ
286 2410 377 2438 ἑλπίδι
400 2413 453 2438 τῶν
481 2410 637 2447 μελλόντων
658 2412 766 2449 ἀγαθῶν
782 2412 957 2449 φωτισθιῖσα,

130 2457 174 2482 νῦν
201 2454 309 2482 σπεύδει
349 2454 394 2482 8ιά
424 2459 475 2490 τῆς
509 2455 615 2494 ἀγάπης
656 2455 695 2487 εἷς
722 2455 883 2491 τελειότητα
914 2456 956 2483 ἀν-

131 2502 249 2537 αχθῆναι
279 2500 353 2537 παρὰ
380 2502 434 2527 τῶν
465 2500 546 2538 ἁγίων
581 2500 714 2538 ἀγγέλων.
741 2501 820 2532 ’Όθεν
851 2500 931 2537 φησίν
949 2511 955 2518 ο

131 2543 280 2580 Εὐώνυμος
318 2543 400 2570 αὑτοῦ
443 2543 494 2571 ὑπὸ
530 2544 579 2578 τὴν
608 2543 730 2583 κεφαλὴν
771 2554 847 2580 μου,
872 2544 915 2571 καὶ
938 2545 956 2579 ἡ

132 2586 205 2623 δεξιά
233 2587 315 2615 αὐτοῦ
354 2586 535 2625 περιλήψεταί
577 2598 619 2624 με.
658 2587 803 2623 Δηλονότι,
835 2588 869 2616 Αἱ
903 2591 958 2616 τῶν

131 2631 283 2667 κολάσεων,
318 2631 355 2664 ὥς
397 2631 609 2670 ὑποδεχομένων
637 2632 701 2662 τοὺς
736 2632 761 2668 ἐξ
797 2632 956 2669 εὐωνύμων,

131 2675 252 2713 ἀπειλαὶ,
282 2677 333 2705 ὑπὸ
362 2677 393 2704 τὸ
420 2675 498 2712 δίκην
527 2676 648 2715 κεφαλῆς
662 2676 776 2715 ἀρχικὸν
790 2680 840 2711 τῆς
863 2679 957 2715 ψυχῆς

1013 2277 1180 2305 futurorum
1203 2277 1348 2304 bonorum
1373 2285 1425 2312 spe
1446 2276 1606 2312 illustrata,
1622 2277 1664 2304 ita
1678 2285 1757 2305 nunc
1771 2278 1837 2306 cha-

1013 2321 1098 2349 ritate
1119 2324 1265 2353 commota
1290 2321 1409 2349 festinat
1432 2329 1483 2357 per
1507 2322 1626 2348 sanctos
1655 2320 1776 2357 angelos
1799 2322 1835 2350 ad

1013 2365 1219 2402 perfectionem
1243 2365 1362 2399 adduci,
1385 2365 1581 2397 Quamobrem
1606 2365 1648 2393 ait
1663 2374 1670 2394 :
1685 2366 1767 2394 Laeva
1778 2367 1836 2402 ejus

1013 2411 1063 2438 sub
1074 2411 1164 2446 capite
1179 2418 1240 2438 meo
1258 2418 1264 2438 :
1279 2414 1307 2437 et
1321 2410 1434 2438 dextero
1449 2410 1526 2437 illius
1549 2410 1757 2446 amplexabitur
1779 2413 1833 2439 me.

1012 2455 1205 2483 Comminatio
1234 2453 1447 2490 suppliciorum
1479 2462 1545 2490 quae
1571 2463 1587 2481 ιι
1610 2454 1740 2482 sinistris
1763 2463 1835 2483 cou-

1012 2500 1132 2527 stitutos
1148 2501 1279 2532 manent,
1297 2499 1352 2526 sub
1368 2498 1463 2535 capite
1479 2506 1555 2533 meo,
1571 2499 1624 2526 sub
1643 2506 1678 2527 ea
1700 2499 1836 2528 videlicet

1012 2546 1103 2580 parte,
1120 2551 1183 2579 quas
1199 2546 1231 2571 ut
1245 2546 1334 2580 caput
1347 2543 1375 2571 in
1391 2551 1522 2580 corpore,
1539 2543 1581 2572 sic
1597 2543 1661 2579 ipsa
1684 2544 1713 2572 in
1735 2544 1836 2572 anima

1012 2588 1211 2624 principatum
1235 2588 1359 2621 obtinet,
1385 2590 1482 2616 mente
1497 2587 1640 2615 nimirum
1656 2596 1762 2616 sensus
1778 2589 1834 2624 ipsi

1013 2632 1195 2668 snbjiciente.
1223 2635 1325 2668 Itaque
1349 2633 1467 2660 dextera
1490 2632 1582 2666 illius,
1608 2635 1641 2660 ut
1665 2633 1838 2669 spero,jam

1011 2677 1224 2714 amplexabitur
1238 2685 1296 2704 me.
1313 2676 1470 2705 Promissio
1486 2677 1598 2705 scilicet
1612 2677 1755 2705 bonorum
1771 2683 1837 2713 qua

165 2758 188 2778 ²¹
205 2758 293 2788 Hebr.
310 2767 330 2795 ι,
346 2759 392 2788 14.
429 2759 453 2777 ¹²
467 2759 540 2788 Gen.
557 2767 599 2796 in,
614 2758 660 2787 24.
698 2758 722 2777 ³³
735 2759 841 2797 Ephes.
857 2768 884 2795 v,
900 2759 911 2788 Ε

1050 2759 1131 2789 Joan.
1147 2767 1187 2795 ιν,
1204 2759 1247 2788 18.
