1949 3055
123 91 181 120 579

789 86 1002 119 MICHAELIS
1024 87 1161 118 PSELLI

1775 89 1838 119 580

123 165 139 184 a
155 155 265 184 dextris
280 154 413 183 collocati
428 154 613 190 suscipiant;
630 161 755 190 regnum
772 154 873 190 utique
898 153 947 182 Dei

1010 163 1061 189 μου
1086 152 1193 184 πάντως
1220 153 1250 180 τὸ
1275 153 1367 190 νοερὸν
1394 153 1591 181 ὑποτάσσουσαι
1605 154 1678 190 αὐτῷ
1692 155 1723 182 τὸ
1739 153 1836 190 αἰσθη-

122 201 152 228 in
168 199 275 228 saeculo
292 200 453 234 futura,me
468 198 679 235 complectetur
696 207 702 226 :
720 199 797 234 quod
816 207 884 226 cum
900 206 953 226 nec

121 244 265 281 temporis
281 244 398 272 initium
415 251 468 272 nec
482 243 572 271 ﬁnem
587 243 705 278 habeat,
717 243 792 271 mihi
807 245 907 271 tamen
924 247 953 271 et

121 288 301 326 principium
316 291 344 317 et
359 288 427 317 ﬁnis
443 288 604 322 invenitur,
620 288 728 324 quippe
744 295 807 324 quae
823 289 853 315 et
867 289 951 315 ortus

122 334 241 362 initium
257 336 343 362 nacta
358 333 426 369 sim,
435 335 469 361 ut
484 333 567 369 regni
581 332 709 361 caelestis
723 340 841 360 cernam
858 332 950 359 heare-

122 379 256 412 ditatem,
272 381 301 406 et
315 378 345 406 in
361 386 394 406 eo
408 378 529 406 tandem
546 380 667 413 propter
681 376 897 405 humanitatem
914 375 948 403 il-

121 422 190 456 lius,
206 425 349 458 tanquam
367 422 426 450 ﬁne
440 430 474 450 ac
489 422 614 450 termino
630 421 863 457 circumscripta,
881 429 948 457 pro-

121 467 167 495 cul
181 467 217 495 ab
232 467 312 495 omni
329 466 493 494 mutatione
506 466 724 502 conquiescam.

1007 197 1094 225 τιχόν·
1123 195 1166 224 διὰ
1192 199 1273 225 τοῦτο
1302 197 1398 225 λοιπὸν
1429 197 1454 225 ἰν
1481 197 1587 226 ἐλπίσιν
1619 198 1686 235 ιῖμὶ,
1717 199 1758 227 ὅτι
1789 200 1833 227 καὶ

1007 243 1024 278 ἡ
1050 241 1123 277 δεξιὰ
1149 241 1231 269 αὐτοῦ
1259 241 1439 280 περιλήψιταί
1465 252 1509 279 με·
1534 241 1607 278 ἤτοι,
1632 244 1669 271 Τὰ
1695 242 1721 270 ἐν
1750 243 1835 282 ἑπαγ-

1006 286 1112 325 γιλίαις
1140 286 1229 323 ἀγαθὰ
1257 287 1294 318 ὡς
1316 287 1382 318 τοὺς
1405 286 1438 315 ιιι
1463 286 1556 323 δεξιῶν
1585 286 1786 326 ὁποδεχόμενα,
1814 289 1833 324 ἡ

1009 330 1133 368 βασιλεία
1158 329 1264 366 δηλαδή
1288 333 1337 358 τοῦ
1361 334 1430 360 Θεοῦ
1443 333 1512 360 κατὰ
1524 332 1571 360 τὸν
1594 331 1733 369 μέλλοντα
1746 333 1835 361 αἰῶνα

1007 374 1208 412 περικυκλώσει
1226 386 1269 412 με,
1285 375 1322 407 ὡς
1349 379 1387 412 μὴ
1410 376 1500 414 ἀρχὴν
1517 377 1651 415 χρονικὴν
1669 378 1739 414 μήτε
1752 377 1834 410 τέλος

1007 417 1118 457 ἔχουσα·
1146 419 1208 457 ἐμοὶ
1237 419 1266 448 Si
1290 420 1334 448 καὶ
1362 421 1436 459 ἂρχή
1464 421 1509 449 καὶ
1534 421 1614 453 τέλος
1635 422 1831 460 εὗριηομὲνη.

1005 465 1044 492 Δι’
1068 464 1152 499 αὐτήν
1179 465 1230 503 γὰρ
1259 465 1295 496 ὡς
1330 465 1360 492 ἂν
1387 465 1487 502 ταύτην
1511 466 1720 504 κληρονομήσω
1743 467 1776 495 τὸ
1804 467 1832 503 ἒξ

121 511 211 548 ἀρχῆς
239 509 361 548 γέγονα·
390 509 434 538 καὶ
464 509 502 541 εἲς
529 509 630 545 ταύτην
654 508 738 537 πάλιν
769 508 814 537 διὰ
842 508 1047 549 φιλανθρωπίαν
1077 511 1211 544 καταντῶ,
1237 510 1378 546 παυομὲνη
1417 511 1508 546 πάσης
1542 512 1685 546 κινήσεως,
1710 511 1755 539 καὶ
1786 512 1835 540 ὕπ’

121 556 208 590 αὐτῆς
224 554 382 592 ὁριζομένη.

487 609 581 637 Ρεειιί.

159 654 209 682 His
239 662 343 682 rursus
381 661 492 690 sponsa
525 653 648 689 subjicit
685 653 819 689 quaedam
848 653 948 686 verba,

122 699 374 734 quemadmodum
391 698 494 726 ordine
509 698 644 734 reperies.
663 698 738 726 Sunt
753 699 850 725 autem
865 697 945 725 haec:

120 744 203 771 Laeva
218 743 278 778 ejus
292 743 341 771 sub
356 744 444 779 capite
458 751 519 771 meo
534 751 543 770 :
558 745 585 770 et
599 743 713 770 dextera
736 742 815 771 illius
838 741 947 777 ample-

121 788 241 816 xabitur
254 796 306 816 me.

1355 607 1479 637 Ψελλοῦ.

1038 651 1124 680 Ἀλλᾶ
1148 652 1310 698 προστίθησί
1342 654 1455 698 τιναςνὴ
1483 653 1576 693 νύμφη
1605 654 1688 682 πάλιν
1717 653 1830 698 λόγους,

1002 694 1118 733 λέγουσα
1158 695 1222 724 τάδε
1254 698 1321 735 πρὸς
1351 697 1459 732 αὐτοὺς,
1490 698 1526 729 ὡς
1563 699 1623 726 καθ’
1656 699 1749 736 ιῖρμὸν
1780 694 1829 727 ab;

1001 742 1104 779 ρήσεις.
1119 744 1207 770 Ταῦτα
1236 741 1265 770 δὲ
1293 742 1376 770 εἷσιν³
1394 743 1560 780 Εὖώνυμνος
1585 743 1667 772 αὐτοῦ
1697 744 1748 773 ὑπό
1776 746 1829 781 τὴν

1000 785 1123 824 κεφαλήν
1153 797 1215 823 μου,
1244 787 1290 815 καὶ
1320 788 1338 823 ἡ
1369 786 1442 824 δεξιὰ
1469 789 1553 816 αὐτοῦ
1579 788 1760 827 περιλήψεταί
1783 801 1829 827 με.

158 831 268 861 Horum
286 832 465 861 canticorum
481 831 525 859 vis
546 831 582 859 de
603 839 684 859 more
711 830 852 867 procedit.
876 830 947 859 Ecce

1035 834 1064 859 'H
1078 833 1131 859 τῶν
1148 831 1274 868 ᾀσμάτων
1290 831 1404 869 δύναμις
1417 832 1520 861 τούτων
1534 834 1718 870 χαταθεμίζει.

122 876 201 905 enim
217 877 290 913 [quae
305 876 393 913 paulo
409 878 476 904 ante
492 875 620 904 mirabili
637 875 745 911 sagitta
760 875 861 902 saucia
875 876 947 909 erat,

121 930 200 949 nnnc
215 922 323 958 sagitta
338 921 371 949 ﬁt
386 920 524 949 manibus
539 920 705 956 iaculantis.
723 919 754 947 Id
770 920 855 956 [quod
883 919 947 947 sni-

120 974 174 993 maa
191 965 314 1002 contigit
330 964 412 993 Pauli
428 965 599 994 vulneratae.
615 964 765 1000 Siquidem
790 965 819 991 et
841 963 890 992 ille
913 971 948 991 ex

120 1010 232 1038 infideli
248 1010 343 1038 factus
363 1009 457 1038 ﬁdelis
473 1018 490 1037 a
504 1008 619 1038 Christo
634 1009 729 1037 Verbo
744 1010 773 1036 et
787 1008 947 1042 Salvatore,

119 1055 274 1084 confestim
290 1054 378 1083 veluti
394 1055 503 1090 sagitta
519 1053 629 1082 missus
652 1055 696 1082 est
720 1061 736 1080 a
760 1053 858 1081 divino
882 1052 948 1089 Spi-

119 1100 177 1128 ritu
193 1100 223 1127 in
239 1102 341 1136 gentes
354 1102 481 1127 remotas
497 1101 583 1134 atque
599 1098 628 1125 in
644 1106 740 1126 errore
752 1098 949 1131 demersas;ut

119 1144 336 1181 praedicationis
351 1146 380 1172 et
395 1143 532 1172 doctrinae
547 1143 635 1171 verbo
651 1143 766 1171 animas
777 1142 948 1170 aberrantes

117 1189 149 1217 in
165 1189 240 1217 viam
251 1189 317 1217 vitae
331 1189 492 1216 reduceret.
510 1188 586 1223 Haec,
602 1196 667 1215 mea
689 1187 807 1223 quidem
833 1188 946 1215 senten-

117 1235 168 1267 tia,
193 1233 359 1261 diademate
382 1233 527 1268 redimite,
554 1232 594 1260 ita
619 1240 650 1260 se
673 1232 792 1260 habent.
817 1231 857 1259 Te
880 1239 946 1258 vero

119 1278 242 1306 minime
264 1279 389 1312 moveat,
415 1277 493 1313 quod
518 1277 602 1312 cujus
627 1276 750 1304 sinistra
774 1276 829 1303 sub
854 1275 947 1310 capite

119 1331 234 1358 sponsae
250 1322 299 1355 sit,
315 1324 347 1350 ut
363 1322 428 1358 ipsa
439 1322 489 1357 ait,
506 1321 571 1357 ejus
586 1321 706 1349 dextera
720 1319 802 1348 illam
819 1319 946 1356 comple-

120 1369 215 1395 ctatur
232 1374 239 1394 :
253 1366 495 1402 quandoquidem
511 1367 548 1394 ad
572 1365 797 1394 similitudinem
821 1364 947 1392 volantis

119 1411 233 1448 sagitite
249 1410 359 1439 emissa
376 1411 467 1439 fuisse
483 1410 561 1439 diela
575 1414 627 1438 est.

415 1589 509 1618 Trium
524 1591 648 1617 Patrum.

154 1635 294 1671 Magistra
306 1634 453 1670 anima,ad
464 1634 552 1661 rudes
567 1642 632 1670 quas
646 1632 946 1668 instituuntur,Adju-

118 1680 179 1708 ravi
195 1688 258 1714 vos,
277 1679 384 1716 inquit,
401 1679 466 1706 ﬁlias
481 1678 655 1707 Jerusalem.
673 1679 734 1711 Quo
750 1680 849 1705 autem
862 1681 945 1713 pacto

118 1725 269 1760 adjaravi?
284 1725 384 1761 sponsi
401 1725 497 1752 minas
513 1727 540 1752 et
554 1724 843 1760 promissiones,quaa
860 1723 945 1751 audi-

118 1773 197 1798 tores
213 1770 407 1806 cogendi,non
424 1777 509 1798 secus
525 1778 558 1797 ac
570 1769 794 1805 jusjurandum,
809 1768 868 1795 vim
892 1767 944 1795 ha-

117 1815 281 1850 bent,vobis
293 1822 459 1850 proponens
471 1816 504 1842 ut
515 1813 608 1849 ipsius
619 1813 719 1849 sponsi
730 1815 846 1841 tantum
864 1815 943 1840 metu

117 1868 151 1888 ac
167 1859 313 1888 desiderio
330 1858 500 1887 teneamini.
517 1858 610 1886 Doceo
627 1860 725 1885 autem
742 1857 863 1886 omnino
878 1865 942 1892 vos;

116 1912 192 1940 quas
208 1896 297 1940 genui
313 1903 343 1930 in
359 1903 469 1940 Spiritu
485 1904 597 1937 sancto,
615 1902 666 1938 qui
680 1904 726 1930 est
751 1901 824 1929 visio
849 1902 943 1938 pacis,

118 1951 219 1985 utpote
233 1949 284 1984 qui
309 1956 362 1976 nos
388 1948 469 1975 ducit
492 1947 522 1974 in
547 1955 666 1975 omnem
691 1947 854 1979 veritatem,
880 1954 943 1983 qua

117 1994 246 2021 Verbum
260 1995 315 2027 est,
332 1992 424 2020 Filius
440 1991 629 2028 unigenitus;
644 2000 660 2019 a
674 1999 731 2027 quo
746 1992 826 2019 Patri
847 1999 945 2019 recon-

117 2037 208 2066 ciliati
223 2046 328 2066 sumus
344 2038 377 2065 π.
392 2037 555 2065 Jerusalem
575 2037 654 2064 enim
680 2036 758 2063 idem
783 2038 838 2068 est,
865 2036 943 2071 quod

117 2083 199 2119 pacis
223 2083 307 2110 visio.
330 2083 384 2110 Per
405 2082 544 2118 patentius
567 2085 594 2109 et
615 2081 793 2117 fortitudines
815 2081 888 2115 agri,
914 2081 945 2108 ut

115 2128 252 2156 suscitet”
267 2131 292 2155 et
306 2128 431 2155 excitetis
445 2127 616 2161 charitatem,
642 2125 707 2153 dum
732 2126 790 2161 ipse
812 2124 942 2153 voluerit.

117 2172 176 2200 Hoc
192 2172 285 2208 igitur
300 2173 384 2208 pacto
400 2179 449 2199 vos
473 2170 620 2206 adjuravi,
645 2173 677 2197 ut
700 2178 752 2205 per
775 2168 867 2197 animi
890 2177 943 2205 po-

1002 874 1072 904 Ἰδοὺ
1086 876 1136 914 γὰρ
1155 875 1235 913 βέλος
1249 876 1350 914 γίνεται
1367 877 1445 915 χερσὶ
1461 880 1522 909 ταῖς
1536 880 1585 905 τοῦ
1599 878 1722 914 τοξότου,

1001 921 1032 949 Ἡ
1047 921 1100 958 πρὸ
1118 922 1217 958 μικροῦ
1232 920 1272 958 τῷ
1286 921 1432 958 θαυμαστῷ
1445 925 1647 960 χατατρωθιῖσα
1668 922 1754 962 βέλει,

1001 965 1045 997 Ὠς
1058 966 1075 1000 ἡ
1090 967 1138 993 τοῦ
1154 965 1263 994 Παύλου
1277 965 1394 994 πέπονθε
1408 967 1484 1004 ψυχή
1500 967 1593 1000 καλῶς
1607 971 1752 1006 τρωθεῖσαι.

1002 1010 1128 1041 Κάκεῖνος
1156 1010 1207 1048 γὰρ
1237 1011 1383 1048 γενόμενος
1407 1012 1514 1047 πιστὸς,
1531 1011 1556 1047 ἐξ
1572 1012 1696 1044 ἀπιστίας
1710 1015 1830 1051 ζωγρευ-

1723 1058 1789 1092 θιὶς,

1002 1099 1051 1127 Καὶ
1066 1100 1139 1136 παρὰ
1154 1102 1270 1137 Χριστοῦ
1285 1102 1333 1127 τοῦ
1349 1100 1436 1138 Λόγου
1455 1100 1500 1127 καὶ
1516 1104 1658 1138 Σωτῆρος,
1711 1058 1720 1094 [

1002 1143 1087 1175 Εὐθὺς
1108 1144 1175 1182 πρὸς
1191 1142 1254 1179 ἔθνη
1269 1145 1304 1172 τὰ
1320 1145 1422 1181 μακρὰν
1438 1145 1483 1172 καὶ
1498 1144 1588 1182 πλάνῃ
1605 1143 1755 1183 βεϐυσμὶνα

1002 1189 1077 1227 Παρὰ
1090 1191 1139 1216 τοῦ
1155 1189 1228 1220 θείου
1245 1189 1401 1225 Ηνεύματος
1416 1189 1493 1218 οὗτος
1511 1189 1690 1227 ἰξαπιστάλη,

1003 1233 1048 1264 Εἲς
1061 1233 1092 1260 τὸ
1104 1233 1246 1271 ζωγρεύειν
1259 1234 1308 1264 τὰς
1323 1234 1413 1271 ψυχὰς
1427 1235 1475 1265 τὰς
1492 1233 1746 1271 ἔχπιπλανημὲνας,

1000 1279 1043 1314 Τῷ
1064 1277 1143 1315 Λόγῳ
1156 1276 1204 1305 τοῦ
1218 1278 1395 1316 κηρύγματος
1411 1279 1455 1306 καὶ
1471 1282 1520 1314 τῆς
1536 1277 1724 1312 διδασκαλίας.

1000 1324 1086 1349 Ταῦτα
1104 1322 1151 1359 μὲν
1168 1321 1254 1354 οὕτως
1270 1321 1390 1361 ἔχουσιν,
1408 1323 1444 1354 ὡς
1461 1323 1549 1360 οἶμαι,
1566 1324 1733 1363 πεφηφόρε·

1002 1366 1039 1394 Σὺ
1054 1366 1082 1394 δὲ
1097 1366 1161 1404 μηδ’
1175 1367 1248 1398 ὅλως
1265 1366 1405 1405 ἐκπλαγῇς
1420 1368 1487 1405 ἅπερ
1502 1369 1519 1403 ἡ
1535 1368 1628 1406 νύμφη
1646 1367 1732 1406 λέγει.

1000 1411 1044 1442 Ὡς
1060 1410 1111 1449 ἄρα
1125 1412 1187 1449 χεὶρ
1204 1411 1344 1448 εὐώνυμος
1357 1412 1439 1440 αὐτοῦ
1453 1414 1488 1450 τῇ
1498 1412 1604 1452 κεφαλῇ
1618 1424 1682 1450 μου,

1000 1456 1031 1484 Ἦ
1043 1455 1142 1484 τούτου
1158 1455 1180 1484 δ’
1196 1455 1272 1489 αὖθις
1287 1455 1360 1492 δεξιὰ
1373 1457 1418 1484 καὶ
1433 1456 1614 1496 περιλήψεταί
1631 1468 1675 1495 με.

1001 1500 1109 1539 Τρόπον
1125 1501 1175 1539 γὰρ
1194 1500 1291 1539 βέλους
1306 1504 1440 1538 κοσμικοῦ
1454 1503 1498 1530 καὶ
1514 1503 1666 1539 πετομένου
1685 1502 1770 1541 λέγω,

1001 1546 1031 1574 Ὁ
1045 1544 1127 1583 λόγος
1141 1545 1327 1584 ἐσχημάτισεν
1340 1546 1424 1581 αὐτὴν
1439 1546 1638 1582 ἐξαποστεῖλαι,

1283 1591 1341 1618 Τῶν
1361 1592 1383 1628 γ’
1404 1591 1540 1629 Πατὲρων.

1035 1636 1066 1662 Ἡ
1102 1633 1264 1666 διδάσκαλος
1301 1636 1378 1673 ψυχὴ
1410 1635 1479 1674 πρὸς
1515 1636 1561 1667 τὰς
1601 1637 1826 1673 μαθητευομὲνας

1000 1678 1104 1717 φησίν·
1143 1680 1257 1717 Ὥρκισα
1304 1680 1396 1716 ὑμᾶς,
1435 1681 1578 1718 θυγατέρες
1613 1680 1825 1720 Ἰερουσαλήμ.

999 1724 1113 1761 ’Ὠρκισοι
1142 1722 1171 1751 δὲ
1198 1726 1277 1759 mle;
1303 1724 1355 1755 Τὰς
1392 1727 1440 1752 τοῦ
1478 1725 1598 1764 νυμφίου
1636 1724 1751 1758 ἀπειλὰς
1778 1726 1824 1754 καὶ

997 1768 1045 1799 τὰς
1087 1768 1261 1806 ὶπαγγελίας,
1290 1769 1337 1800 τὰς
1379 1768 1457 1805 δίκην
1496 1769 1578 1808 ὅρκου
1618 1770 1824 1809 ἀναγκαζούσας

998 1812 1061 1844 τοὺς
1088 1812 1236 1844 ἀκούοντας
1252 1813 1326 1850 αὖτῷ
1343 1814 1419 1851 μόνῳ
1445 1814 1493 1842 τὸν
1518 1812 1602 1854 φόϐον
1627 1816 1671 1843 καὶ
1701 1817 1746 1843 τὸν
1771 1815 1823 1844 πό-

1000 1858 1046 1884 θον
1074 1860 1178 1896 τηρεῖν,
1194 1857 1385 1893 Ἀναδιδάξασα
1398 1858 1500 1890 πάντας
1529 1860 1599 1896 ὑμᾶς
1627 1860 1675 1891 τάς
1704 1859 1730 1888 ἐν
1756 1860 1826 1898 ἁγίῳ

998 1902 1195 1940 ἀποτεχθείσας
1225 1913 1271 1939 μοι
1297 1903 1443 1939 Πνεύματι,
1467 1904 1533 1941 ὅπερ
1566 1903 1659 1938 ὅρασίς
1688 1904 1759 1933 ἐστιν
1788 1905 1827 1933 ιῖ-

999 1947 1097 1982 ρήνης,
1112 1947 1149 1977 ὡς
1174 1945 1291 1985 ὁδηγοῦν
1318 1948 1392 1983 ἡμᾶς
1419 1947 1457 1978 εἷς
1482 1951 1567 1975 πᾶσάν
1593 1949 1643 1983 τὴν
1671 1948 1802 1984 ἀλήθειαν
1817 1949 1832 1966 ·’

998 1990 1059 2025 ἥτις
1080 1990 1150 2018 ἐστὶν
1169 1991 1183 2018 ὁ
1205 1990 1375 2027 καταλλάξας
1394 1993 1469 2028 ἡμᾶς
1498 1994 1537 2028 τῷ
1568 1991 1630 2029 ἰδίῳ
1658 1994 1742 2032 Πατρὶ
1774 2004 1824 2031 μο-

997 2035 1112 2072 νογενής
1127 2035 1209 2063 αὐτοῦ
1221 2036 1319 2074 Λόγος·
1336 2035 1429 2074 ὅρασις
1453 2037 1506 2075 γὰρ
1535 2037 1647 2075 εἰρήνης
1673 2040 1704 2065 τὸ
1725 2038 1827 2076 Ἰερου-

998 2078 1094 2116 σαλὴμ
1116 2079 1299 2117 ἑρμηνεύεται.
1321 2082 1362 2108 Ἐν
1390 2084 1451 2112 ταῖς
1480 2080 1609 2119 δυνάμεσι
1634 2082 1679 2110 καὶ
1708 2082 1734 2110 ἐν
1764 2086 1826 2114 ταῖς

999 2124 1121 2162 ἰσχύσεσι
1151 2127 1198 2152 τοῦ
1227 2125 1320 2162 ἀγροῦ,
1350 2125 1393 2153 ἐὰν
1434 2125 1554 2163 ἐγιίρητε
1591 2126 1635 2153 καὶ
1673 2126 1826 2165 ἐξεγείρητε

997 2169 1047 2203 τὴν
1076 2169 1193 2206 ἀγάπην,
1222 2167 1274 2200 ἕως
1300 2169 1329 2196 ἂν
1358 2169 1472 2208 θελήσῃ.
1503 2171 1615 2208 Ἥγουν,
1643 2169 1824 2210 Τοιουτοτρό-

117 2217 227 2245 tentias
250 2219 279 2244 et
303 2215 432 2252 corporis
455 2205 562 2244 sensus
577 2215 694 2251 (animae
710 2215 789 2242 enim
805 2213 943 2250 potentias

1010 2223 1056 2244 τως
1082 2213 1186 2251 ὥρκισα
1215 2214 1295 2250 ὑμᾶς,
1316 2214 1358 2241 ἐὰν
1388 2213 1414 2242 ἐν
1443 2205 1502 2247 ταῖς
1532 2205 1663 2253 ᾧυχιίιαῖς
1692 2205 1823 2253 δυνάμισι

117 2261 146 2289 in
166 2261 287 2295 mundo,
304 2263 444 2295 tanquam
471 2260 501 2286 in
527 2267 609 2295 agro,
634 2267 685 2294 per
710 2267 816 2287 sensus
841 2258 943 2295 agunt)

116 2307 146 2335 in
162 2307 244 2335 vobis
259 2306 333 2342 ipsis
346 2313 397 2341 per
411 2305 549 2332 virtutem
565 2303 727 2342 suscitatis,
742 2306 771 2331 et
791 2303 886 2340 magis
909 2311 942 2331 ac

118 2352 213 2388 magis
228 2340 280 2387 per
294 2340 574 2385 contemplationem
592 2340 725 2377 excitetis
747 2347 942 2382 charitatem;

117 2405 180 2433 quae
196 2396 314 2432 quidem
330 2396 376 2422 est
389 2393 438 2421 ille
465 2392 516 2429 qui
540 2401 592 2429 pro
620 2393 715 2421 salute
740 2395 842 2421 nostra
865 2401 944 2420 mor-

116 2444 174 2469 tem
204 2438 336 2476 oppetiit,
363 2437 534 2474 unigenitus
559 2437 610 2465 Dei
637 2437 728 2464 Filius
753 2439 782 2464 et
799 2437 942 2465 Verbum:

117 2486 208 2514 donec
218 2484 274 2521 ipsi
287 2483 430 2519 placuerit
439 2482 550 2510 visione
561 2489 616 2509 sua
627 2490 680 2509 nos
691 2482 795 2518 dignos
811 2481 944 2515 reddere,

115 2533 144 2558 et
160 2537 211 2566 per
226 2527 350 2565 gratiam
366 2526 524 2563 provehere
541 2526 578 2554 ad
592 2525 855 2554 divinitatem.Nisi
864 2526 944 2554 enim

115 2574 257 2603 charitate
272 2572 314 2600 sic
327 2572 437 2600 ati‘ectas
454 2570 580 2606 fueritis,
604 2571 713 2599 frustra
737 2570 819 2599 vobis
843 2569 943 2606 sponsi

115 2619 212 2648 minas
228 2620 256 2646 et
271 2616 417 2654 promissa
432 2623 625 2652 proposuero,
642 2623 710 2644 cum
727 2624 778 2652 per
800 2615 852 2643 illa
876 2617 945 2644 tan-

114 2672 202 2701 quam
219 2671 271 2700 per
295 2661 520 2698 jusjurandum,
544 2661 683 2689 timorem
709 2662 739 2689 et
762 2659 943 2689 desiderium

112 2710 178 2746 ejus
204 2708 235 2737 in
264 2706 346 2736 vobis
375 2714 434 2735 non
463 2705 624 2740 excitarim,
654 2705 752 2742 quoad
789 2705 853 2742 ipse
890 2704 942 2742 qui

149 2763 173 2782 ³⁵
186 2762 271 2793 Joan.
287 2769 346 2797 m,
363 2761 406 2790 13.

998 2257 1042 2286 καί
1070 2261 1131 2289 ταῖς
1158 2261 1327 2295 σωματικαῖς
1350 2259 1490 2295 αἰσθήσεσι
1516 2258 1614 2296 (δι’ὧν
1644 2261 1672 2287 αἱ
1699 2263 1824 2289 τοιαῦται

999 2301 1124 2339 δυνάμεις
1140 2301 1257 2340 ἐνεργεῖν
1272 2303 1413 2341 ἰσχύουσιν
1435 2304 1472 2336 ὡς
1496 2305 1523 2332 ἐν
1548 2305 1623 2342 ἆγρῷ
1645 2307 1685 2341 τῷ
1714 2305 1824 2342 κόσμῳ)

999 2346 1122 2385 ἑγείρητε
1149 2348 1208 2374 κατ’
1235 2347 1333 2386 ἀρετὴν
1360 2348 1386 2375 ἐν
1412 2349 1520 2380 ἑαυταῖς
1557 2348 1602 2376 καὶ
1641 2349 1685 2377 ἐπὶ
1723 2348 1823 2377 πλεῖον

999 2391 1149 2429 ἐξεγείρητε
1190 2392 1258 2420 κατά
1298 2395 1395 2429 γνῶσιν
1431 2393 1480 2427 τὴν
1511 2393 1632 2430 ἀγάπην,
1661 2393 1679 2428 ἦ
1708 2393 1779 2422 ἐστιν
1809 2395 1824 2422 ὁ

1001 2436 1067 2474 ὑπὲρ
1095 2439 1146 2471 τῆς
1180 2437 1260 2473 ἡμῶν
1297 2437 1432 2475 σωτηρίας
1463 2436 1677 2474 καταδεξάμενος
1709 2438 1823 2471 θάνατον

1001 2481 1149 2519 μονογενὴς
1173 2483 1221 2508 τοῦ
1250 2483 1316 2508 Θεοῦ
1345 2481 1406 2513 Υἱὸς
1434 2482 1478 2509 καὶ
1494 2480 1592 2520 Λόγος,
1608 2481 1660 2514 ἓως
1676 2482 1705 2510 ἃν
1721 2482 1825 2521 θελήσῃ

999 2525 1110 2560 ἀξιῶσαι
1135 2526 1209 2561 ἡμᾶς
1233 2528 1283 2560 τῆς
1312 2525 1395 2553 αὐτοῦ
1424 2526 1567 2565 ἐμφανείας
1599 2525 1644 2554 διὰ
1675 2531 1725 2562 τῆς
1754 2528 1824 2556 κατὰ

998 2570 1080 2608 χάριν
1111 2570 1243 2602 θεώσεως.
1272 2569 1303 2597 Εἰ
1332 2570 1383 2608 γὰρ
1414 2571 1452 2607 μή
1482 2571 1553 2599 οὕτω
1589 2570 1730 2605 dionaei-rs
1757 2572 1821 2610 περὶ

997 2615 1047 2649 τὴν
1075 2613 1190 2653 ἀγάπην,
1219 2613 1257 2646 εἷς
1289 2615 1375 2651 μάτην
1406 2614 1504 2643 λοιπὸν
1534 2614 1674 2653 ἀνεδίὸαξα
1690 2616 1759 2653 ὑμᾶς
1773 2616 1823 2648 τὰς

998 2660 1046 2686 τοῦ
1060 2658 1179 2698 νυμφίου
1194 2657 1319 2694 ἀπειλὰς,
1335 2659 1380 2687 καὶ
1408 2658 1581 2698 ἐπαγγελίας,
1613 2661 1651 2698 μὴ
1669 2658 1823 2698 βεϐαιώσας

999 2701 1044 2732 διὰ
1070 2703 1177 2731 τούτων
1204 2704 1294 2742 ὥσπερ
1324 2702 1456 2742 ὃι⁹ὅρκου
1474 2704 1520 2733 τὸν
1549 2705 1618 2744 πρὸς
1641 2704 1721 2734 αὐτὸν
1758 2705 1825 2743 ὗμι-
