1949 3055
85 89 137 120 581

602 90 808 121 COMMENT.
831 90 870 120 IN
893 90 1090 122 CANTICUM
1114 91 1269 122 CANTIC.

1729 93 1788 122 582

86 166 159 193 τερον
190 152 273 192 φόϐον
304 155 348 182 καὶ
387 155 483 188 πόθον,
512 154 564 186 ἓως
599 154 629 183 ἃν
657 156 736 187 αὐτὸς
764 158 782 191 ἡ
806 156 871 193 ἇγάπ

1009 157 1093 185 tritas
1108 159 1153 185 est
1173 158 1205 192 ’⁸,
1229 166 1289 194 quae
1311 166 1453 194 nunquam
1478 159 1582 186 excidit
1606 158 1639 193 ’⁷,
1662 159 1790 186 adventu

87 199 145 234 ἥτις
160 199 223 227 οὐδε
237 210 302 227 ποτε
315 198 449 234 ἐκπίπτει,
463 198 600 237 ἐπιφανεὶς
616 201 683 237 ἡμῖν
710 201 759 236 τήν
783 201 908 239 στρεψίαν

87 245 247 284 χαρίσηται.

438 306 562 335 Ψιλλοῦ.

89 365 174 395 Ἀλλὰ
193 366 288 403 καιρὸς
307 365 352 393 καὶ
367 367 420 393 τῶν
438 366 499 401 ἑξῆς
516 366 658 402 ’ᾼσμάτων
675 366 832 395 ἐπακοῦσαι.

90 408 240 440 Ἀντιὸολεῖ
253 410 305 448 γὰρ
321 411 433 446 καθεξῆς
447 410 492 437 καὶ
507 410 589 438 πάλιν
605 411 668 442 τοὺς
685 411 828 449 ἁγγίλους”

125 502 239 537 ’Ὡρκισα
283 500 362 536 ὑμᾶς,
407 499 549 538 θυγατέρες
578 499 761 538 Ἰερουσαλήμ
791 500 817 527 ὲν
854 503 914 532 ταῖς

91 544 216 581 δυνάμεσι
256 544 301 571 καὶ
331 544 358 571 ἐν
386 547 445 575 ταῖς
495 543 618 582 ἷσχύσεσι
658 547 705 572 106
748 545 843 583 ἀγροῦ,
870 544 914 572 δᾶν

91 589 214 626 ἐγείρητε
237 588 282 616 καὶ
313 588 466 626 ίξεγείρητι
502 589 552 623 τὴν
589 589 707 626 ἀγαπην,
735 587 787 621 ἕως
812 588 841 616 ἂν
872 595 914 621 θι-

89 633 169 670 Mm.

126 678 224 716 Ἀγρὸν
239 678 285 705 τὸν
301 677 403 714 κόσμον
419 677 518 713 νόησον
532 687 538 694 ·
556 677 634 716 ἰσχὺν
652 677 680 705 δὲ
702 678 799 706 τούτου
821 677 916 715 πάλιν,

90 723 141 757 Τῆν
157 725 206 750 106
223 723 357 750 Δισπότου
371 721 484 758 δύναμιν
498 724 547 749 τοῦ
567 720 657 759 Λόγου
673 723 717 750 καὶ
732 723 861 760 νυμφίου.

92 767 163 802 Φησὶ
179 767 242 805 γὰρ,
259 769 291 794 Ὢ
305 766 484 805 νυμφαγωγοὶ
499 766 544 793 καὶ
561 766 637 806 φίλοι
652 769 701 794 τοῦ
716 767 844 805 νυμφίου,

91 811 211 842 Ἐκείνας
225 810 411 848 καταλείψασα
426 811 472 843 τὰς
487 814 612 849 συνεχεῖς
629 812 760 848 αῗτήσεις,

93 857 158 888 Μεθ’
174 856 258 894 ὅρκου
274 855 348 893 φέρω
365 854 455 890 δέησιν
472 856 536 892 ὑμῖν
554 856 605 883 ἀπο
626 855 749 894 καρδίας,

93 899 239 935 Μηδέποτι
253 901 437 935 παυθήσεσθαι
454 899 658 938 λαμπρόνοντὲς
676 910 709 936 με
724 899 820 934 πλέον,

94 945 145 973 Καὶ
160 945 208 979 τήν
223 944 292 981 ἐμὴν
309 944 465 980 αὐξάνοντες
481 944 588 981 ἀγάπην
604 944 672 982 πρὸς
687 945 732 972 τὸν
750 944 846 982 Λόγον.

91 989 199 1027 Μίχρις
215 988 245 1016 ἂν
261 988 330 1024 ὅλην
349 999 382 1025 με
397 989 485 1023 καλὴν
503 989 650 1026 ἐργάσησθε
662 992 721 1021 τοῖς
734 990 858 1027 τρόποις,

95 1033 145 1061 Καὶ
163 1034 261 1071 μίχρις
276 1032 305 1060 ἃν
321 1032 490 1071 ἐκπληρωθῇ
512 1032 620 1069 θέλημα
632 1035 680 1060 τοῦ
700 1033 827 1072 νυμφίου.

94 1078 181 1106 T0610
197 1077 220 1105 δ’
235 1077 290 1105 ἐστί
305 1078 337 1104 τὸ
353 1077 462 1114 θέλημα
478 1077 522 1104 καὶ
540 1076 624 1114 μόνον
639 1080 687 1105 106
702 1079 832 1116 νυμφίου,

94 1123 150 1150 T06
165 1121 292 1153 θὶλοντος
306 1122 337 1149 τὸ
353 1122 485 1155 σώζεσθαι
509 1122 611 1152 πάντας
638 1123 797 1159 ἀνθρώπους
821 1120 919 1158 ὅντως,

93 1166 129 1194 Τὸ
144 1166 261 1202 καθαράν
279 1177 312 1202 με
326 1165 466 1197 παντελῶς
483 1166 527 1194 καὶ
543 1168 642 1203 θεαυγῆ
659 1170 784 1201 φανῆναι.

95 1209 176 1238 Ἀλλ’
190 1210 267 1242 αὖθις
284 1211 466 1248 θεωρήσωμεν
480 1211 514 1238 τὰ
527 1211 585 1238 καθ’
601 1210 696 1248 εἴρμὸν
714 1213 762 1238 τοῦ
779 1211 873 1250 λόγου,

306 1272 389 1307 Φωνή
409 1275 458 1300 τοῦ
477 1271 626 1311 ἀδελφιδοῦ
648 1284 710 1309 μου.

130 1332 266 1360 Τοσοῦτον
282 1329 473 1366 ἀκατάληπτον
491 1329 575 1362 ὅντως
591 1331 646 1358 ἐστὶ
661 1332 692 1359 τὸ
707 1334 795 1366 Θεῖον,

94 1378 154 1404 ’Ὁτι
169 1375 216 1403 κᾶν
233 1375 319 1406 πάσας
335 1376 430 1413 ἀρετάς
445 1386 486 1407 τις
501 1375 660 1413 κατορθώσῃ
677 1376 778 1411 πόνοις,

97 1419 149 1448 Κᾶν
167 1420 263 1457 ὑψωθῇ
279 1421 346 1458 πρὸς
363 1420 493 1458 οὐρανοὺς
507 1423 567 1451 τοῖς
583 1419 718 1457 ἐνπρὲτοις
734 1419 858 1459 τρόποις,

97 1466 245 1494 Κάντεῦθεν
261 1465 389 1503 σύνεγγυς
403 1467 471 1493 Θιοῦ
484 1465 586 1502 νομίσῃ
599 1465 766 1500 καθεστάναι,

99 1513 180 1537 "lenm
196 1510 339 1547 τυγχάνειν
355 1509 495 1548 πόρρωθεν
511 1513 560 1544 τῆς
575 1510 668 1544 θεϊκῆς
684 1510 788 1542 οὐσίας,

99 1553 169 1583 Ἰδοὺ
185 1554 236 1592 γὰρ
252 1555 270 1589 ἡ
286 1555 447 1592 προκύψασα
461 1554 505 1582 καὶ
520 1555 642 1593 φθάσασα
654 1555 722 1592 πρὸς
738 1554 815 1591 ὕψος,

98 1599 153 1627 Καὶ
168 1598 347 1637 προσδοκῶσα
367 1599 493 1636 σύνεγγυς
505 1598 611 1626 ἑστάναι
626 1601 674 1626 τοῦ
688 1599 816 1638 νυμφίου,

98 1643 198 1672 Οὐσίαν
212 1647 262 1678 τῆς
279 1643 409 1678 θεότητος
424 1642 482 1671 οὐδ’
499 1643 571 1674 ὅλως
588 1643 744 1681 ἐπεγνώκει.

97 1689 198 1722 Φωνην
212 1687 241 1715 δὲ
253 1687 352 1716 τούτου
367 1687 466 1723 νόησον
482 1690 535 1715 τῶν
551 1690 700 1727 προφητῶν
715 1688 762 1720 τὰς
780 1688 886 1726 ῥήσεις,

96 1732 152 1763 Τὰς
167 1733 216 1767 τήν
230 1734 278 1760 τοῦ
295 1732 382 1770 Λόγου
398 1733 532 1769 σάρκωσιν
546 1732 672 1770 ἀῤῥήτως
684 1731 888 1770 προδηλούσας.

98 1777 165 1805 Εἶτα
179 1777 224 1804 καὶ
239 1777 265 1804 τί
280 1788 360 1816 φησιν
378 1777 450 1812 ἑξῆς,
467 1776 553 1804 ἐκεῖνο
569 1777 728 1813 σκοπητᾶον.

136 1865 208 1894 Ἰδοὺ
234 1866 312 1896 οὗτος
333 1865 392 1900 ἥκει
418 1865 513 1902 πηδῶν
536 1865 579 1893 ἐπὶ
603 1866 636 1894 τὰ
659 1864 722 1904 ὅρη,
745 1865 928 1904 διαλλόμενος

99 1911 144 1938 ἐπὶ
162 1909 227 1940 τοὺς
244 1910 368 1947 βουνούς,

138 1954 261 1982 Εὶποῦσα
276 1956 384 1991 πρῶτον
400 1956 449 1989 τῆς
470 1958 563 1992 φωνῆς
590 1955 702 1982 ἀκοῦσαι
725 1957 774 1982 106
799 1955 927 1994 νυμφίου,

99 1999 196 2032 Οὗτος,
214 1998 292 2036 φησὶ,
309 2001 353 2025 νῦν
370 1998 478 2037 ἔρχεται
493 1997 586 2034 πηδῶν
603 1999 646 2026 ἰπὶ
661 1999 694 2027 τὰ
709 1997 771 2037 ὅρη.

100 2042 202 2074 Καλῶς
220 2042 420 2081 ἐφιλοσόφησεν
437 2045 454 2078 ἡ
470 2044 574 2081 καθαρά
588 2044 729 2082 παρθένος,

99 2089 131 2117 Ὁ
147 2088 197 2126 γάρ
212 2098 255 2115 τοι
271 2088 358 2125 Λόγος
372 2090 420 2115 106
436 2091 503 2116 Θεοῦ
517 2089 570 2123 πρὸ
586 2092 634 2123 τῆς
650 2088 687 2120 εἷς
700 2090 751 2127 γῆν
766 2087 892 2124 καθόδου,

100 2134 251 2172 Ιιροφήτας
266 2133 435 2169 ἐξαπέστειλε
450 2132 593 2171 προλέγειν
606 2134 656 2168 τὴν
670 2133 773 2161 ἐκείνου

101 2178 161 2212 Τήν
175 2177 240 2215 πρὸς
255 2178 415 2215 ἀνθρώπους
429 2177 555 2214 κάθοδον,
570 2178 615 2206 καὶ
632 2178 766 2216 σάρκωσιν
781 2179 831 2214 τήν
847 2178 928 2211 θείαν.

101 2223 180 2251 Μετὰ
191 2221 220 2249 δὲ
231 2222 343 2254 τούτους
359 2220 456 2261 ἔφθασε
468 2222 592 2255 κάκεῖνος
607 2223 764 2261 οὐρανόθεν.

102 2268 137 2295 '0
153 2265 182 2294 δὲ
194 2267 286 2302 παρὼν
303 2267 448 2295 αἰνίττεται
465 2267 550 2305 λόγος
565 2268 579 2294 ὁ
598 2270 652 2295 τῶν
667 2267 823 2304 ’ᾼσμάτων,

103 2311 146 2340 Τὸ
161 2313 211 2344 τῆς
227 2310 457 2348 ὶνανθρωπήσεως
471 2314 519 2340 τοῦ
534 2313 709 2350 θεανθρώπου
724 2313 825 2350 Λόγου.

104 2356 146 2383 Δι’
162 2356 195 2390 ἧς
210 2355 354 2384 εἷλκύσατο
370 2358 460 2394 ψυγας
475 2356 501 2383 ἓν
519 2356 607 2384 σκότει
623 2357 789 2393 καθημινας,

105 2400 244 2436 Δαίμονας
260 2400 342 2432 ὅλους
357 2400 479 2433 καθελὼν
497 2401 541 2428 καὶ
559 2401 628 2438 μόνῃ
645 2400 781 2430 κελεύσει.

103 2440 224 2475 Τούτους
238 2445 288 2482 γὰρ
305 2443 354 2482 ὅρη
373 2444 490 2480 κέκληκε
504 2446 547 2472 καὶ
564 2444 646 2473 πάλιν
663 2445 778 2483 βουνοὺς
795 2445 879 2483 λέγει.

105 2492 326 2527 Θαυματουργῶν
353 2490 404 2527 γὰρ
432 2491 445 2517 ὁ
475 2490 606 2528 Χριστὸς,
638 2491 683 2518 καὶ
722 2489 852 2527 δαίμονας
889 2489 933 2518 ἐκ-

772 2532 897 2569 Ιϐάλλων

104 2578 152 2614 Τῷ
168 2577 244 2616 λόγῳ
261 2578 348 2615 μόνῳ,
365 2578 518 2615 ξύμπαντας
534 2578 628 2614 ἰπίσης
650 2578 807 2617 ἐταρτάρου,

104 2622 269 2655 Ἐλάττονας
285 2624 329 2651 καὶ
346 2623 469 2660 μείζονας
483 2623 530 2651 καὶ
547 2622 653 2660 μᾶλλον
669 2623 816 2661 λεγεῶνας.

103 2668 222 2696 Ἔπειτα
235 2666 261 2696 τί
277 2678 359 2708 φησιν
375 2667 453 2701 εὐθὺς
468 2669 485 2704 ἠ
505 2667 611 2707 νύμφη,
628 2669 789 2704 σκοπητιον·

144 2749 168 2769 ⁸⁸
183 2749 195 2779 Ι
209 2749 294 2780 Joan.
309 2758 349 2787 IV,
366 2750 409 2779 16.
448 2750 470 2769 π
485 2749 497 2779 Ι
511 2750 577 2780 Cor.
592 2758 656 2788 xui,
669 2749 698 2779 8.
736 2750 758 2769 ³⁸
773 2751 785 2781 Ι
799 2748 877 2780 Tim.
894 2758 925 2788 n,
940 2751 967 2780 4.

967 210 1020 230 suo
1036 202 1120 230 nobis
1134 202 1404 230 immutabilitatem
1421 201 1575 238 largiatur.

1329 309 1426 338 Pulli.

1002 367 1110 396 Verum
1125 369 1243 404 tempus
1257 370 1310 401 est,
1327 370 1359 396 ut
1375 376 1441 404 quas
1457 371 1622 404 sequuntur
1637 367 1667 396 in
1689 368 1791 397 Canti-

968 412 1010 440 cis
1027 412 1194 440 audiamus.
1220 412 1333 441 Rursus
1358 413 1435 441 enim
1462 412 1583 450 angelos
1607 413 1741 442 obsecrat
1765 415 1795 441 et

968 457 1133 485 obtestatur
1149 465 1155 484 :

1003 501 1136 535 Adiuravi
1164 509 1218 535 vos,
1248 501 1315 536 ﬁlia:
1341 501 1509 535 Jerusalem,
1535 510 1584 538 per
1606 503 1747 538 potentias
1769 505 1795 530 et

968 545 1151 582 fortitudines
1165 546 1238 582 agri,
1254 550 1283 574 ut
1294 547 1428 574 suscitatis
1443 550 1469 575 et
1482 547 1605 574 excitetis
1620 547 1795 582 charitatem,

968 590 1055 618 donec
1069 591 1198 618 voluerit.

1004 680 1079 715 Ager
1094 679 1147 706 tibi
1163 679 1201 707 sit
1217 679 1346 707 mundus
1364 687 1371 707 :
1388 679 1478 715 hujus
1493 679 1645 715 fortitudo,
1663 681 1795 716 potestas

961 723 1088 752 'Domlni
1101 723 1188 751 Verbi
1205 732 1238 751 ac
1253 724 1365 760 sponsi.
1393 723 1462 757 Vos,
1487 723 1592 760 inquit,
1620 724 1670 760 qui
1694 724 1795 760 sponsi

970 769 1141 804 nuptiarum
1157 768 1286 796 ministri
1303 768 1374 796 estis
1390 771 1478 805 atque
1493 768 1725 802 amici,assiduis
1741 769 1796 797 ﬂa-

971 812 1163 849 gitationibus
1179 812 1309 846 omissis,
1319 813 1515 848 jurejurando
1531 820 1634 849 precor
1649 821 1684 841 ex
1698 813 1797 842 animo

933 844 958 877 Β
973 844 1060 892 atque
1075 857 1215 891 obtestor,
1237 865 1274 884 ne
1299 844 1396 892 piius-
1406 865 1452 885 me
1477 844 1613 885 decorare
1638 858 1798 893 desistalis,

972 909 1062 937 quam
1088 901 1223 936 partibus
1247 909 1280 929 ac
1298 902 1429 930 numeris
1444 901 1583 930 omnibus
1598 905 1735 930 ornatum
1751 905 1797 930 at-

973 953 1030 981 que
1044 945 1201 981 expolitam
1219 946 1348 973 moribus
1364 946 1564 982 reddideritis,
1579 949 1608 974 et
1623 947 1724 983 sponsi
1749 955 1799 974 vo-

972 989 1070 1018 luntas
1085 989 1198 1025 expleta
1215 990 1311 1024 fuerit,
1328 991 1414 1026 cujus
1430 991 1549 1026 quidem
1565 991 1626 1019 haec
1641 994 1686 1019 est
1700 991 1800 1019 volun.

971 1037 1017 1062 tas
1032 1034 1120 1062 unica
1133 1035 1202 1068 ",ut
1214 1034 1350 1063 homines
1367 1035 1489 1071 pervelit
1503 1043 1606 1063 omnes
1617 1035 1713 1064 salvos
1724 1035 1799 1071 fieri,

975 1087 1079 1115 meque
1095 1079 1180 1115 plane
1196 1080 1337 1107 mundam
1354 1088 1387 1108 ac
1412 1080 1510 1108 divino
1535 1080 1690 1116 splendore
1713 1080 1800 1109 illus-

973 1126 1046 1151 trem
1063 1131 1138 1151 esse.
1155 1124 1209 1152 Sed
1224 1123 1365 1152 orationis
1385 1125 1489 1152 seriem
1512 1125 1705 1161 contemplari
1732 1133 1799 1161 per-

973 1175 1089 1203 gamus.

1234 1275 1289 1303 Voa:
1302 1274 1461 1302 consobrini
1472 1276 1538 1303 mei.

1009 1333 1137 1360 Tantum
1153 1333 1242 1361 abest
1258 1335 1291 1360 ut
1307 1332 1445 1361 divinitas
1460 1334 1671 1369 comprehendi
1686 1336 1775 1370 queat
1792 1342 1799 1362 :

975 1377 1086 1410 ut,licel
1100 1377 1260 1405 virtutibus
1271 1377 1310 1405 sit
1320 1377 1467 1414 quispiam
1481 1378 1619 1406 omnibus
1630 1380 1801 1412 exornatus,

975 1422 1120 1457 rectisque
1136 1421 1251 1449 vivendi
1277 1421 1440 1450 rationibus
1463 1421 1601 1450 sublimis
1627 1422 1747 1451 tollatur
1770 1422 1801 1450 in

975 1465 1129 1499 celum,ac
1144 1468 1296 1502 propterea
1312 1474 1343 1494 se
1359 1466 1489 1501 proxime
1505 1466 1541 1495 ad
1556 1466 1649 1495 Deum
1661 1469 1744 1503 putet
1754 1475 1802 1495 ac-

977 1511 1088 1546 cedere,
1103 1510 1140 1538 ab
1156 1510 1220 1546 ejus
1236 1512 1334 1538 tamen
1361 1513 1467 1538 natura
1492 1511 1517 1539 is
1542 1511 1652 1540 distare
1675 1519 1708 1540 se
1730 1511 1805 1540 sciat

978 1563 1067 1591 quam
1080 1554 1262 1590 longissime.
1278 1555 1351 1583 Ecce
1374 1555 1452 1583 enim
1478 1563 1599 1591 sponsa,
1625 1564 1689 1592 quae
1715 1556 1805 1592 proli-

977 1600 1080 1628 cieudo
1093 1600 1128 1627 ad
1141 1608 1205 1628 eam
1217 1599 1430 1628 sublimitatem
1445 1608 1600 1636 progressa
1608 1603 1699 1636 est,ut
1708 1599 1805 1637 proxi-

979 1652 1024 1672 me
1039 1644 1075 1672 ad
1102 1652 1245 1680 sponsum
1270 1644 1420 1672 videretur
1443 1645 1616 1678 accessisse,
1640 1644 1805 1673 divinitatis

979 1688 1136 1717 essentiam
1150 1688 1229 1716 haud
1246 1688 1376 1724 percepit
1399 1688 1530 1716 omnino.
1557 1689 1601 1716 Tu
1626 1697 1676 1724 per
1701 1697 1803 1717 vocem

980 1733 1081 1768 sponsi
1097 1732 1215 1760 oracula
1232 1732 1438 1769 prophetarum
1457 1733 1566 1768 accipe,
1582 1741 1647 1769 quae
1666 1741 1806 1761 arcanam

980 1778 1066 1805 Verbi
1102 1777 1335 1805 incarnationem
1371 1777 1574 1812 prodiderunt.
1604 1777 1678 1810 Quid
1708 1780 1807 1806 autem

984 1822 1125 1857 deinceps
1135 1821 1223 1854 dicat,
1238 1824 1284 1849 est
1297 1821 1520 1849 attendendum.

1018 1867 1083 1893 Ecce
1108 1866 1153 1893 hic
1180 1865 1255 1893 venit
1278 1865 1383 1893 saliens
1412 1866 1442 1893 in
1470 1866 1619 1899 montibus,
1647 1867 1810 1894 tramittens

983 1911 1078 1938 colles.

1018 1955 1089 1982 Cum
1107 1956 1194 1982 antea
1209 1954 1309 1989 sponsi
1326 1962 1424 1982 vocem
1441 1954 1543 1983 audire
1558 1963 1590 1983 se
1605 1955 1811 1992 dixisset,iam,

983 1999 1089 2035 inquit,
1105 1999 1151 2026 hic
1161 2000 1235 2027 venit
1258 1998 1364 2026 saliens
1387 2007 1470 2035 super
1493 2003 1607 2028 montes.
1634 2000 1711 2028 Scite
1736 2008 1812 2036 pura

983 2044 1072 2080 Virgo
1089 2043 1324 2079 philosophatur.
1341 2043 1413 2071 Nam
1431 2043 1556 2071 Verbum
1573 2044 1635 2078 Dei,
1651 2047 1810 2080 antequam

983 2088 1174 2117 descenderet
1187 2087 1217 2115 in
1234 2087 1499 2123 terram,praamisit
1513 2088 1671 2124 prophetas
1687 2089 1736 2124 qui
1758 2089 1812 2117 ad-

983 2135 1102 2161 ventum
1118 2140 1206 2160 suum
1223 2134 1251 2159 et
1267 2132 1396 2160 divinam
1422 2132 1652 2161 incarnationem
1678 2142 1813 2169 premun-

984 2178 1100 2206 tiarent.
1118 2177 1184 2205 Mox
1200 2179 1229 2204 et
1243 2176 1306 2212 ipse
1333 2176 1368 2204 de
1392 2176 1464 2204 oculo
1488 2177 1636 2212 profectus
1665 2180 1720 2206 est.
1746 2178 1812 2206 Haec

946 2212 970 2244 D
986 2222 1076 2258 igitur
1089 2221 1178 2249 verba
1192 2221 1379 2249 Canticorum
1396 2221 1524 2249 innuunt
1539 2222 1630 2249 divini
1654 2221 1741 2250 Verbi
1765 2222 1811 2250 in-

989 2266 1201 2299 carnationem,
1219 2273 1271 2302 per
1285 2274 1374 2301 quam
1391 2266 1507 2294 animas
1521 2266 1551 2293 in
1569 2266 1699 2294 tenebris
1714 2267 1814 2294 oonsi-

988 2311 1090 2339 dentes
1120 2310 1265 2344 liberavit,
1289 2310 1377 2346 jussu
1403 2309 1465 2338 solo
1494 2310 1600 2346 fugatis
1629 2310 1814 2339 daemonibus

988 2355 1145 2388 universis,
1163 2363 1236 2391 quos
1253 2356 1369 2383 montes
1383 2353 1510 2390 appellat
1535 2363 1569 2382 ac
1594 2354 1700 2383 deinde
1722 2355 1813 2384 colles

986 2402 1080 2428 vocat.
1097 2399 1233 2428 Christus
1248 2399 1328 2427 enim
1344 2399 1434 2427 edens
1449 2398 1602 2433 miracula,
1620 2401 1710 2435 atque
1736 2401 1812 2429 inte-

987 2453 1055 2482 gras
1071 2445 1236 2472 daemonum
1252 2444 1383 2480 legiones
1397 2444 1518 2479 ejiciens
1530 2445 1618 2472 verbo
1642 2444 1715 2480 solo,
1740 2453 1815 2473 cun-

987 2492 1049 2517 ctos
1064 2488 1152 2516 simul
1169 2490 1231 2516 tum
1249 2489 1377 2524 majores
1392 2490 1455 2516 tum
1472 2487 1600 2517 minores
1615 2488 1644 2516 in
1669 2491 1813 2518 tartarum

988 2534 1122 2562 detrusit.
1137 2533 1211 2566 Quid
1228 2534 1329 2562 statim
1345 2541 1455 2570 sponsa
1471 2533 1568 2562 dicere
1583 2535 1697 2570 pergat,
1706 2542 1814 2570 expen-

987 2579 1105 2607 damus.
