1951 3051
182 92 239 121 583

215 156 323 186 Simili:
350 160 392 186 est
417 157 606 185 consalu-imus
635 165 710 186 mea:
729 166 832 194 caprea
854 158 1003 186 hinnulove
1016 159 1044 193 Α

182 211 322 231 cervorum
337 203 370 230 in
383 202 522 231 montibus
537 202 647 230 Bethel.

215 248 280 276 Hec
296 256 386 284 prope
401 247 497 276 simile
520 247 660 282 quiddam
686 248 855 285 signiﬁcant
878 248 914 276 iis
939 257 1003 284 qua:

179 293 257 320 dicta
271 295 350 320 sunt.
365 291 521 320 Declarant
542 292 631 327 enim,
655 292 783 321 Verbum
806 296 836 321 et
859 300 1002 329 sponsum

177 338 326 375 expulisse
340 338 498 371 daemones,
523 339 609 373 atque
623 337 653 365 in
668 340 813 366 tartarum
829 338 1001 366 detrusisse.

177 385 324 419 Sponsum
333 384 432 410 autem
443 382 567 410 hinnulo
579 389 731 410 cervorum
742 385 893 418 comparat
903 382 1002 418 Virgo,

176 428 218 455 ita
244 427 390 454 daemones
417 426 632 462 proﬂigantem,
656 429 689 454 ut
709 427 852 454 hinnulus
868 427 1002 454 destruit.

176 471 324 500 Hinuulus
340 471 388 499 hic
403 471 432 498 in
449 471 601 498 montibus
616 471 712 499 foveas
723 471 908 499 habet.Mons
924 471 1002 499 enim

176 515 277 544 Batbel
308 515 426 543 cmleste
451 515 562 543 indicat
584 515 778 544 domicilium.
803 517 913 552 Caprea
936 524 1003 544 vero

177 560 331 596 allegorice
346 559 513 596 (videntem)
530 559 687 596 signiﬁcat.
704 560 778 588 Nam
791 560 853 597 ipse
868 560 1001 589 omnium

177 605 266 634 corda
280 604 423 633 intuetur.

473 703 566 731 Trium
580 703 707 731 Patrum.
980 716 990 730 δ

212 757 271 785 Hoc
286 758 384 785 autem
400 759 484 792 pacto
505 764 572 784 cum
599 756 745 784 discentes
767 756 883 784 animas
907 756 1000 792 magi-

177 805 238 830 stra
263 809 373 837 sponsa
401 800 560 835 docuisset,
585 802 619 828 ut
641 803 704 828 tum
731 808 821 836 pinnas
845 801 1000 829 formidine

847 90 1056 122 MICHAELIS
1078 91 1215 123 PSELLI

1826 92 1888 123 584

1094 157 1211 194 Ὅμοιός
1226 157 1295 185 εστιν
1312 155 1458 195 ἀδελφιδός
1475 167 1528 194 μου
1551 159 1586 194 τῇ
1611 155 1723 194 δορκάδι
1746 158 1764 192 ἢ
1789 157 1887 197 ἆλάφῳ

1058 201 1101 229 ἰπὶ
1116 202 1149 230 τὰ
1164 202 1215 240 ὄρη
1232 201 1349 238 Βαιθήλ.

1095 245 1198 284 Σχεδὸν
1210 247 1307 274 ταυτόν
1321 257 1348 274 τι
1363 246 1465 285 πίφυκε
1479 249 1558 274 τοῦτο
1573 250 1631 278 τοῖς
1647 247 1842 286 προρῥηθεῑτι.

1058 290 1204 318 Κάντεῦθεν
1219 292 1269 329 γὰρ
1290 290 1430 326 δεδήλωκε
1441 291 1487 319 τὸν
1502 291 1592 329 Λόγον
1606 291 1650 319 καὶ
1666 292 1795 332 νυμφίον,

1057 335 1126 366 Τοὺς
1141 334 1269 372 δαίμονας
1286 334 1432 363 ἐλαύνοντα
1445 336 1490 363 καὶ
1505 339 1765 374 ηταταρταροῦντα.

1058 377 1155 417 Νεὸρῷ
1170 379 1193 408 δ’
1206 380 1255 408 αὐτ
1262 391 1286 408 'ov
1301 380 1460 419 παρείκασεν
1476 379 1583 420 ἐλάφων
1599 382 1617 416 ἡ
1632 381 1779 419 Παρθίνος.

1057 425 1102 455 Ὧς
1118 423 1198 459 δῆθεν
1213 424 1394 453 ἀναλίσκοντα
1407 425 1456 459 τήν
1471 424 1548 463 φύσιν
1562 427 1616 453 τῶν
1633 424 1782 462 δαιμόνων,

1056 471 1158 506 Ὠσπερ
1172 469 1236 501 τοὺς
1249 468 1323 508 ὄφεις
1335 471 1353 504 ἡ
1368 467 1472 507 νεϐρός.
1489 469 1569 498 Ἀλλ’
1583 471 1600 504 ὴ
1617 467 1711 507 νεϐρὸς
1726 470 1829 506 ἐκείνη,

1056 514 1136 545 ’Ἠτις
1151 513 1193 541 ἐπ’
1207 511 1287 551 ὅρους
1301 516 1350 542 τοῖ’)
1362 513 1468 549 Βαιθὴλ
1482 512 1540 552 ἔχει
1555 515 1605 549 τὴν
1622 514 1675 542 ἅνω
1694 515 1847 544 κατοικίαν.

1056 560 1139 596 ’¹()ριις
1156 557 1185 586 δὲ
1197 558 1313 596 γίνωσκε
1328 560 1435 594 Βαιθὴλ
1449 560 1500 593 τὴν
1515 558 1570 586 ἄνω
1585 559 1735 587 κατοικίαν.

1055 603 1086 630 Ἣ
1102 601 1131 630 δὲ
1146 601 1245 640 δορκάς
1261 614 1304 631 σοι
1317 605 1455 641 τροπικῶς
1469 603 1514 631 τὸν
1531 602 1667 642 βλέποντα
1682 604 1821 641 σημαίνει,

1056 648 1142 679 Ουτος
1156 648 1208 686 γὰρ
1226 646 1335 686 βλέπων
1351 648 1466 688 πὶφυκεν
1481 649 1605 676 ἁπάντων
1620 649 1668 681 τὰς
1681 648 1808 688 καρδίας,

1336 703 1394 729 Τῶν
1413 702 1435 740 γ’
1456 701 1594 740 Πατάρων.

1089 754 1169 783 Οὕτω
1193 753 1320 790 διδάξασα
1342 755 1390 786 τὶς
1415 755 1637 792 μαθητευομένας
1655 756 1747 794 ψυχὰς
1761 757 1779 792 ἡ
1806 755 1883 784 διδά-

1056 797 1167 833 σκαλος,
1180 797 1224 826 διά
1238 810 1266 827 τε
1280 801 1329 827 τοῦ
1344 797 1430 831 φόϐου
1445 802 1499 827 τῶν
1523 798 1662 828 κολάσεων
1686 801 1731 828 καὶ
1755 804 1806 836 τῆς
1834 800 1883 829 ἰλ-

174 849 235 874 tam
249 846 463 882 promissorum
479 853 531 880 spe
546 844 684 872 virtutem
711 845 886 879 excolentes,
912 845 942 873 in
968 853 999 873 se

1069 842 1131 874 τίδος
1147 846 1201 871 τῶν
1215 843 1381 881 ἐπαγγελιῶν
1412 843 1525 882 ἐγείρειν
1549 845 1608 872 κατ’
1631 845 1738 882 ἀρετὴν,
1764 845 1810 873 καὶ
1841 845 1883 882 Ξε-

175 890 348 919 charitatem
363 889 556 917 accenderent
570 897 693 924 eamque
708 897 760 925 per
774 889 996 925 contemplatio-

177 943 245 964 nem
274 935 510 968 inﬂammaram;
537 934 630 962 donec
659 942 769 969 sponso
803 933 930 969 placeret
962 934 997 961 ad

154 982 256 1018 .ipsas
293 980 438 1014 advenire,
456 982 544 1014 atque
572 987 622 1007 eas
647 979 677 1007 in
706 982 784 1008 statu
821 979 998 1007 immutabili

175 1026 354 1054 constituere
375 1033 382 1053 :
411 1033 446 1052 ne
469 1025 550 1058 forte,
578 1024 680 1060 sponsi
702 1024 859 1052 adventum
886 1025 998 1052 tardius

175 1070 307 1099 futurum
323 1070 537 1103 existimantes,
551 1068 715 1097 excolenda:
728 1068 845 1096 virtutis
869 1068 997 1096 laborem

176 1115 383 1150 detrectarent,
399 1113 466 1142 illas
480 1113 646 1148 conﬁrmat,
665 1113 728 1147 Vox,
745 1113 894 1149 inquiens,
918 1121 999 1149 nepo-

175 1160 211 1187 tis
225 1160 290 1187 mei.
305 1158 378 1186 Nam
395 1158 495 1186 dilecti
510 1165 564 1185 vox
579 1159 745 1185 Praecursor
760 1160 814 1191 est,
836 1157 884 1185 ille
904 1158 998 1194 pceui-

173 1203 270 1231 tentias
287 1202 622 1239 promulgator,idivinas
637 1201 788 1230 instruens
803 1201 865 1230 vias
879 1210 912 1229 ac
927 1201 997 1229 diri-

173 1255 247 1284 gens
263 1247 393 1276 semitas.
413 1247 501 1275 Voces
516 1248 587 1274 sunt
612 1246 698 1273 mina
722 1249 751 1273 et
774 1245 998 1281 promissiones,

173 1300 237 1329 qua:
254 1291 361 1328 partim
376 1291 526 1319 auditores
541 1290 576 1318 ad
592 1289 790 1326 pmnitentiam
816 1290 973 1326 impellunt
988 1297 996 1318 :

173 1337 280 1372 partim
304 1336 366 1364 vias
391 1335 505 1363 Domini
525 1343 558 1363 ex
573 1335 680 1362 virtute
697 1334 894 1368 constituunt,
909 1337 938 1362 et
953 1343 998 1362 re-

173 1383 236 1409 ctas
252 1389 303 1417 per
317 1380 515 1416 cognitionem
533 1379 561 1406 in
578 1379 652 1415 ipsis
667 1379 779 1407 faciunt
789 1379 910 1407 semitas
921 1379 997 1415 ejus.

174 1426 239 1453 Ecce
254 1425 299 1453 hic
312 1426 396 1453 venit.
414 1424 501 1452 Venit
516 1424 655 1460 profecto,
672 1432 737 1452 ecce
757 1424 820 1459 jam
843 1424 936 1457 adest,
961 1424 997 1460 si,

176 1469 419 1498 comminationes
435 1468 514 1496 illius
530 1470 618 1504 atque
629 1468 775 1504 promissa
798 1469 998 1504 exaudientes,

175 1523 192 1542 a
207 1514 355 1551 prioribus
369 1513 494 1550 peccatis
509 1521 560 1549 per
575 1513 777 1548 paenitentiam
793 1513 960 1541 recedamus
971 1515 999 1542 et

175 1567 227 1595 per
241 1567 324 1595 spem
340 1559 507 1586 futurorum
524 1558 667 1585 bonorum
693 1557 886 1585 illustremur.
913 1559 999 1586 Venit

174 1605 272 1631 autem
288 1604 322 1631 ad
341 1611 405 1636 nos,
418 1605 450 1630 ut
465 1603 578 1630 dictum
594 1605 649 1635 est,
669 1604 847 1638 praeparatos
864 1611 870 1629 :
888 1602 998 1631 saliens

171 1657 262 1685 super
286 1648 400 1677 excelsa
426 1647 560 1675 videlicet
590 1648 706 1675 decreta
733 1647 896 1675 divinitatis
925 1656 995 1683 suis,

171 1693 318 1727 sublimis,
335 1700 397 1729 quae
419 1692 536 1720 verticis
561 1692 706 1720 montium
732 1692 828 1720 instar
850 1692 994 1720 obtinent.

170 1739 211 1766 Ex
225 1737 400 1766 afﬁrmativa
415 1737 493 1765 enim
509 1737 608 1773 ipsum
633 1736 780 1773 theologia
802 1737 995 1773 comprehen-

170 1783 238 1811 dere
253 1785 404 1816 conantes,
422 1783 450 1810 in
467 1790 526 1818 qua
540 1781 720 1809 constitutus
730 1790 765 1809 ex
789 1784 854 1810 actu
878 1781 994 1818 praecel-

168 1836 222 1855 sus
236 1827 412 1860 ostenditur,
427 1834 462 1854 ex
477 1826 532 1854 hac
547 1834 614 1854 eum
631 1826 792 1862 aspicimus
809 1825 837 1853 in
859 1826 994 1863 negativa

167 1871 323 1908 theologia,
339 1873 485 1907 quatenus
500 1870 629 1899 essentia
644 1869 832 1906 praestantior
845 1873 890 1898 est
909 1873 992 1899 tren-

167 1916 269 1944 siliens
294 1915 393 1944 colles.
418 1915 526 1943 Verum
553 1915 643 1943 colles
668 1915 747 1949 item,
773 1917 805 1943 ut
829 1915 993 1944 eminentes

166 1963 246 1994 sunt,
262 1959 494 1996 dispensationis
509 1960 670 1987 extendunt
685 1960 833 1994 instituta,
848 1967 912 1995 quas
929 1959 992 1996 ipsa

165 2012 282 2041 quoque
298 2007 449 2041 nequeunt
461 2003 680 2040 comprehendi.
709 2004 803 2039 Super
828 2003 917 2032 colles
939 2013 991 2032 au-

166 2051 236 2084 tem,
261 2052 404 2085 quantum
429 2048 464 2076 ad
494 2048 689 2084 cognitionem
714 2050 845 2075 nostram
875 2048 991 2082 attinet,

164 2101 293 2129 sponsus
317 2093 457 2126 transilit,
482 2093 553 2120 dum
579 2101 613 2120 ex
635 2100 668 2120 eo
693 2092 770 2128 quod
796 2091 884 2126 Deus,
911 2091 990 2120 vide-

163 2141 212 2166 tur
227 2140 260 2166 ut
282 2138 380 2166 homo.
406 2138 440 2165 Et
464 2137 574 2165 saliens
599 2137 627 2164 in
653 2136 682 2164 id
710 2136 787 2172 quod
818 2136 905 2164 homo
933 2139 989 2169 est,

163 2183 351 2219 cognoscitur
365 2185 398 2210 ut
415 2185 500 2210 Deus.
517 2182 598 2214 Quod
615 2183 713 2208 autem
730 2181 766 2208 de
781 2188 890 2216 sponso
906 2180 987 2214 dixit,

1054 888 1167 926 εγείρειν
1182 889 1251 916 κατὰ
1265 891 1366 926 γνῶσιν
1389 888 1415 916 ἐν
1440 889 1547 921 ἑαυταῖς
1573 890 1623 924 τὴν
1644 889 1761 928 ἀγάπην,
1777 895 1880 928 μεχρις

1054 931 1084 959 ἂν
1107 932 1209 970 θελήσῃ
1224 934 1238 960 ὁ
1257 933 1373 971 νυμφίος
1397 932 1594 972 ἐμφανισθῆναι
1617 933 1722 969 αὑταῖς,
1738 935 1782 962 καὶ
1813 945 1882 970 στηο

1054 976 1123 1015 ρίξαι
1139 977 1178 1009 είς
1205 977 1349 1014 ἀτρεψίαν·
1371 977 1468 1005 λοιπὸν
1485 977 1532 1005 ’ίνα
1561 979 1600 1014 μή
1628 979 1704 1006 αὗται
1734 977 1877 1017 βραδύνειν

1051 1023 1102 1055 τήν
1130 1024 1179 1050 τοῦ
1206 1022 1325 1061 νυμφίου
1352 1021 1498 1059 ἐπιδημίαν
1536 1021 1655 1058 δόξασαι,
1683 1024 1878 1062 ἀπαγορεύωσι

1054 1065 1098 1094 διὰ
1121 1067 1151 1094 τὸ
1180 1070 1229 1101 τῆς
1258 1066 1355 1104 ἀρετῆς
1383 1066 1524 1104 ἐπίμονον,
1553 1069 1783 1105 παραμυθουμένη
1810 1069 1881 1096 ταύ-

1051 1121 1109 1144 τας,
1140 1111 1216 1150 φησί’
1247 1112 1330 1146 Φωνὴ
1357 1113 1406 1138 τοῦ
1435 1110 1649 1151 ἀδελφιδοῦμου·
1675 1112 1769 1148 ἐπειδὴ
1799 1114 1881 1153 φωνή

1052 1158 1100 1182 τοῦ
1115 1156 1257 1193 ἀγαπητοῦ
1274 1156 1287 1183 ὁ
1304 1155 1476 1194 Πρόδρομος,
1489 1157 1527 1188 ὡς
1541 1158 1626 1195 κῆρυξ
1654 1159 1703 1190 τῆς
1734 1158 1884 1194 μετανοίας

1052 1200 1097 1228 καὶ
1123 1201 1287 1236 ἓτοιμαστὴς
1311 1202 1365 1228 τῶν
1391 1201 1470 1233 θείων
1493 1200 1564 1229 ὁδῶν
1587 1202 1631 1229 καὶ
1655 1200 1773 1240 τρίϐων·
1791 1203 1885 1242 φωναί

1053 1244 1119 1272 εῗσιν
1148 1243 1176 1272 αἵ
1203 1255 1232 1272 τε
1260 1243 1371 1272 ἀπειλαὶ
1399 1246 1444 1273 καὶ
1469 1246 1497 1273 αἱ
1526 1245 1695 1284 ἐπαγγελίαν
1712 1247 1749 1279 ὡς
1777 1248 1805 1275 αἱ
1832 1249 1884 1284 μὶν

1053 1288 1231 1328 ἐφελκόμεναι
1260 1289 1323 1321 τοὺς
1347 1289 1494 1321 ἀκούοντας
1523 1291 1592 1328 πρὸς
1623 1290 1776 1327 μετάνοιαν,
1792 1293 1820 1319 αἱ
1852 1291 1885 1320 δὶ

1053 1333 1243 1370 ἰτοιμάζουσαι
1259 1334 1317 1362 κατ’
1332 1334 1429 1371 ἀρετὴν
1453 1335 1502 1366 τὰς
1523 1333 1603 1366 ὁδοὺς
1625 1337 1674 1363 τοῦ
1699 1337 1816 1374 Κυρίου,
1832 1338 1879 1364 καὶ

1053 1377 1158 1409 εὐθείας
1187 1379 1313 1405 ποιοῦσαι
1342 1378 1411 1405 κατὰ
1436 1380 1536 1415 γνῶσιν
1553 1378 1579 1406 ἰν
1604 1379 1713 1411 τούτοις
1741 1379 1789 1410 τὰς
1817 1380 1880 1418 τρί-

1053 1419 1118 1453 ϐους
1144 1423 1237 1456 αὐτοῦ,
1257 1421 1328 1451 Ἰδοὺ
1344 1423 1422 1454 οὗτος
1444 1422 1515 1458 ἥκει·
1532 1422 1606 1458 ἤτοι,
1623 1422 1693 1451 Ἰδοὺ
1723 1423 1803 1456 οὗτος
1834 1422 1879 1463 ἕρ-

1053 1476 1146 1505 χεται·
1163 1467 1188 1494 εἴ
1210 1470 1264 1494 τῶν
1295 1466 1414 1494 ἀπειλῶν
1444 1467 1527 1495 αὐτοῦ
1550 1468 1595 1495 καὶ
1624 1470 1678 1496 τῶν
1703 1468 1879 1507 ἐπαγγελιῶν

1054 1511 1213 1543 ἀκούσαντες
1240 1512 1416 1550 καθαρθῶμεν
1443 1514 1496 1539 τῶν
1529 1511 1668 1550 προτέρων
1700 1512 1880 1550 πλημμελη-

1055 1555 1146 1593 μάτων
1161 1555 1206 1584 διὰ
1222 1555 1376 1593 μετανοίας,
1391 1556 1435 1583 καὶ
1461 1559 1496 1594 τῇ
1520 1555 1611 1585 ἐλπίδι
1632 1559 1687 1585 τῶν
1715 1557 1879 1594 μελλόντων

1051 1600 1157 1637 ἀγαθῶν
1183 1602 1374 1638 φωτισθῶμεν.
1389 1601 1519 1638 Ἔρχεται
1544 1599 1573 1628 δὲ
1596 1601 1637 1640 ἐφ’
1659 1602 1735 1637 ἡμᾶς
1763 1602 1881 1640 ἑτοιμα-

1051 1645 1172 1681 σοὲντας,
1201 1645 1238 1676 ὡς
1267 1644 1383 1682 εἴρηται,
1412 1644 1508 1681 πηδῶν
1532 1645 1576 1673 ἰπὶ
1613 1646 1647 1674 τὰ
1677 1645 1746 1683 ὅρη·
1775 1646 1881 1685 ἤγουν,

1053 1689 1204 1726 ὗψούμενος
1247 1689 1291 1717 ἐπὶ
1329 1691 1363 1717 τὰ
1396 1688 1473 1725 δίκην
1515 1690 1711 1728 ὑπερκειμένης
1749 1695 1881 1731 κορυφῆς

1050 1734 1131 1770 ἡμῶν
1148 1734 1270 1773 ὑπερφυῆ
1288 1733 1412 1772 δόγματα
1426 1737 1476 1769 τῆς
1492 1734 1575 1762 αὑτοῦ
1598 1734 1736 1771 θεότητος,
1753 1736 1801 1764 Ἐκ
1825 1736 1879 1774 γὰρ

1048 1781 1099 1813 τῆς
1136 1780 1319 1818 καταφπικῆς
1362 1778 1504 1817 θεολογίας
1544 1777 1742 1812 καταλαϐισθαι
1792 1780 1878 1808 αὑτὸν

1049 1822 1259 1861 ἐπιχειροῦντες,
1290 1823 1315 1850 ἑν
1392 1822 1490 1861 βαίνων
1507 1826 1565 1851 κατ’
1580 1823 1712 1862 ἐνέργειαν
1738 1823 1878 1853 δείκνυται

1049 1867 1274 1905 ὑπεραιρόμενος,
1291 1867 1320 1895 ἐκ
1333 1867 1435 1903 ταύτης
1447 1869 1542 1896 τοῦτον
1559 1868 1666 1905 ὁρῶμεν
1689 1868 1714 1896 ἐν
1739 1871 1773 1906 τῇ
1804 1870 1877 1898 ἀπο-

1047 1914 1147 1949 φατικῇ
1174 1911 1302 1950 θεολογίᾳ
1328 1913 1396 1941 κατὰ
1429 1912 1460 1940 τὸ
1489 1912 1650 1950 ὑπερούσιον
1687 1912 1876 1951 διαλλόμενον

1046 1956 1090 1984 ἐπὶ
1118 1957 1182 1988 τοὺς
1211 1957 1333 1995 βουνούς.
1358 1958 1404 1988 Ὁς
1434 1956 1463 1984 δὶ
1497 1957 1754 1994 ὑπερανεστηκότες,
1778 1959 1823 1987 καὶ
1847 1960 1878 1987 οἱ

1048 2001 1141 2039 βουνοί
1164 2001 1198 2029 τὰ
1223 2003 1274 2037 τῆς
1289 2002 1446 2038 οἴκονομίας
1461 2000 1577 2037 δηλοῦσι
1596 2001 1731 2040 δόγματα,
1746 2001 1812 2031 ὅντά
1828 2004 1876 2032 καὶ

1044 2048 1127 2073 ταῦτα
1157 2046 1222 2084 ὑπὲρ
1255 2045 1420 2083 κατάληψιν.
1441 2047 1500 2086 Ἑφ⁴
1522 2046 1537 2073 ἃ
1565 2048 1632 2074 κατᾶ
1659 2048 1708 2082 τήν
1736 2049 1876 2086 ἡμετέραν

1044 2092 1140 2127 γνῶσιν
1156 2091 1298 2130 ὁνυμφίος
1314 2089 1454 2118 διάλλεται
1483 2091 1535 2118 ἀπὸ
1563 2091 1612 2118 τοῦ
1641 2091 1706 2123 Θεὸς
1735 2091 1773 2120 ὣν
1805 2093 1874 2131 ὁρᾶ-

1045 2135 1105 2162 σθαι
1118 2135 1156 2166 ὡς
1171 2135 1324 2171 ἄνθρωπος’
1339 2135 1385 2162 καὶ
1413 2134 1578 2170 καταπηδῶν
1606 2135 1644 2167 εἲς
1667 2137 1699 2164 τὸ
1727 2135 1874 2174 ἄνθρωπος

1045 2177 1081 2206 ὢν
1108 2179 1289 2217 γινώσκεσθαι
1316 2179 1354 2211 ὡς
1381 2180 1457 2211 Θεός.
1470 2180 1532 2209 Ὅτι
1557 2179 1586 2207 δὶ
1612 2179 1705 2218 εἶξοηκε
1732 2181 1794 2219 περὶ
1823 2184 1875 2209 τοῦ

162 2216 249 2255 salire
263 2235 353 2263 super
368 2228 495 2259 montes,
510 2228 540 2253 et
555 2225 644 2253 colles
660 2224 808 2253 transilire
825 2233 832 2252 ;
848 2224 935 2253 salire
961 2227 989 2253 et

1069 2222 1272 2262 ιμφίου,πηδᾷν
1288 2223 1379 2251 ἰπὶτὰ
1403 2223 1454 2262 ὅρη
1476 2224 1520 2251 καὶ
1546 2216 1706 2257 διάλλεσθαι
1735 2216 1779 2253 ἐπί
1807 2226 1874 2258 τοὺς

161 2272 311 2300 transilire
323 2279 417 2307 capre
430 2272 457 2298 et
468 2269 543 2298 cervi
554 2269 734 2298 lascivientis
749 2271 794 2297 est
808 2269 960 2305 proprium
979 2278 986 2304 ;

161 2317 270 2352 quibus
282 2316 420 2351 deinceps
435 2314 605 2343 assimilans
620 2322 763 2350 sponsum
780 2322 786 2341 :
810 2313 921 2342 Similis
935 2316 987 2347 est,

160 2361 267 2396 inquit,
283 2368 365 2396 nepos
378 2367 454 2387 meus
469 2366 580 2395 caprea
593 2359 764 2394 hinnuloque
787 2367 932 2387 cervaeum
956 2359 988 2386 in

159 2405 297 2433 montibus
321 2404 423 2432 Bethel.
451 2403 553 2431 Bethel
578 2405 677 2430 autem
701 2402 849 2438 signiﬁcat
874 2403 987 2431 domum

159 2449 221 2484 Det,
238 2458 301 2486 quae
315 2451 361 2478 est
375 2448 505 2476 ﬁdelium
522 2446 660 2475 Ecclesia.
688 2448 780 2483 Cujus
805 2449 920 2476 montes
941 2448 985 2475 in-

159 2494 333 2530 telliguntur
349 2495 467 2529 propter
481 2492 682 2520 excellentiam
700 2492 891 2520 sanctissima
915 2492 985 2520 Uni-

146 2538 247 2575 ‘geniti
258 2537 420 2566 divinitatis
430 2540 517 2573 atque
528 2537 722 2564 humanitatis
738 2537 886 2570 instituta,
897 2544 986 2573 super

158 2592 222 2619 quae
247 2582 294 2611 hic
319 2590 434 2619 sponsas
458 2581 666 2609 dilectissimus
691 2580 812 2614 saliens,
840 2585 868 2609 ut
893 2589 984 2617 supra

157 2627 298 2660 diximus,
323 2631 411 2662 atque
437 2625 605 2654 transiliens
621 2633 702 2653 more
718 2625 892 2653 animalium
909 2634 983 2661 pras-

157 2672 314 2705 dictorum,
337 2670 486 2707 spiritales
518 2671 604 2706 feras,
632 2678 698 2706 quas
722 2669 812 2698 veluti
836 2678 982 2697 venenum

157 2717 311 2754 opiniones
326 2715 441 2744 veritati
463 2715 626 2744 contrarias
654 2715 801 2743 adversus
821 2714 981 2742 Ecclesiam

152 2762 333 2802 jacuiantur,
364 2761 400 2791 ab
428 2769 462 2791 ea
490 2760 592 2799 procul
616 2759 741 2798 repellit.
766 2759 877 2788 Natura
901 2759 981 2789 enim

1045 2267 1214 2306 βουνοὺς,τὸ
1230 2267 1258 2296 δὶ
1271 2267 1359 2303 πηδᾷν
1386 2269 1431 2296 καὶ
1454 2267 1611 2297 διάλλεσθαι
1637 2267 1770 2306 δορκάδος
1795 2269 1872 2298 ’ίδιον

1041 2312 1087 2340 καὶ
1111 2312 1214 2352 ἇλάφου
1242 2313 1394 2347 νεάζοντος,
1420 2313 1529 2344 τούτοις
1557 2311 1655 2342 λοιπὸν
1695 2315 1871 2353 παρεικάζων

1042 2357 1136 2389 αὐτὸν,
1165 2357 1256 2396 φησὶν,
1285 2357 1401 2393 Ὃμοιός
1426 2357 1497 2385 ἔστιν
1534 2356 1680 2398 ἀδελφιδός
1721 2370 1775 2396 μου
1803 2358 1871 2399 δορ-

1040 2399 1102 2428 κάδι
1126 2402 1144 2436 ἢ
1173 2399 1262 2438 νεϐρῷ
1289 2400 1398 2439 ἐλάφων
1427 2401 1471 2430 ἐπὶ
1498 2402 1532 2430 τὰ
1561 2401 1612 2440 ὅρη
1630 2403 1743 2439 Βαιθήλ.
1760 2404 1872 2441 Quian),

1041 2444 1070 2473 δὶ
1098 2445 1275 2483 ὶρμηνεύεται
1300 2446 1375 2478 οἶκος
1402 2449 1480 2483 Θεοῦ,
1497 2447 1528 2474 οὗ
1556 2446 1627 2475 ἐστιν
1644 2449 1661 2482 ἡ
1681 2450 1735 2475 τῶν
1763 2452 1870 2477 πιστῶν

1041 2489 1201 2524 Ἐκκλησία,
1216 2491 1249 2525 ἧς
1266 2490 1434 2529 ὑπάρχουσιν
1452 2489 1502 2529 ὅρη
1520 2490 1566 2519 διὰ
1591 2492 1622 2519 τὸ
1650 2491 1728 2529 ὕψος,
1744 2493 1777 2520 τὰ
1804 2493 1871 2532 περὶ

1038 2538 1088 2569 τῆς
1117 2532 1246 2570 θεότητος
1283 2535 1327 2562 καὶ
1365 2535 1575 2574 ἁνθρωπότητος
1611 2538 1659 2564 τοῦ
1698 2540 1872 2574 Μονογινοῦς

1039 2577 1214 2607 εὐσεϐέστατα
1240 2578 1370 2616 δόγματα·
1402 2580 1442 2617 ἐφ’
1471 2580 1487 2607 ἃ
1517 2580 1596 2611 οὗτος
1625 2581 1639 2608 ὁ
1666 2584 1717 2616 τῆς
1756 2581 1870 2621 νύμφης

1039 2623 1179 2662 ἀγαπητὸς
1201 2622 1309 2660 πηδῶν,
1330 2625 1368 2655 ὡς
1395 2624 1568 2662 προείρηται,
1597 2625 1642 2653 καὶ
1672 2624 1868 2662 διαλλόμενος,

1038 2668 1143 2704 ὁμοίως
1170 2671 1230 2700 τοῖς
1258 2668 1413 2706 εῖρημὲνοις
1441 2669 1523 2703 ζώοις
1550 2670 1584 2697 τὰ
1610 2670 1694 2705 νοητὰ.
1720 2671 1804 2708 θηρία
1833 2671 1867 2699 τὰ

1037 2711 1192 2740 εἷσπνίοντα
1221 2711 1299 2748 δίκην
1330 2713 1372 2740 ἰοῦ
1399 2713 1433 2740 τὰ
1457 2712 1565 2741 ἐναντία
1587 2717 1637 2749 τῆς
1662 2713 1792 2750 ἀληθείας
1815 2714 1864 2743 δό-

1035 2767 1128 2798 γματα
1148 2757 1217 2786 κατὰ
1243 2760 1294 2794 τῆς
1308 2756 1484 2796 Ἐκκλησίας,
1500 2757 1646 2788 ἀπελαύνει
1674 2758 1778 2797 ταύτης
1806 2771 1861 2799 μα-
