1951 3051
73 75 142 105 585

607 75 811 106 COMMENT.
837 76 875 105 ΙΝ
898 75 1099 107 CANTICUM
1122 76 1274 108 CANTIC.

1729 81 1791 112 586

75 140 145 179 κράν
164 150 170 157 ·
189 141 284 177 ἐπειδὴ
313 143 445 182 πεφύκασι
471 141 630 182 φυγαδεύειν
655 143 688 170 τὰ
703 140 802 170 ἱοϐόλα
822 143 849 169 θτ

981 151 1071 178 spreae
1086 152 1120 171 ac
1134 152 1217 172 cervo
1236 144 1358 172 insitum
1373 148 1429 181 est,
1447 147 1479 173 ut
1492 154 1655 176 venenosae
1677 148 1788 177 bestias

75 187 94 222 ἠ
110 185 213 224 Sopita:
228 187 274 214 καὶ
290 188 307 222 ἡ
324 185 436 227 ἔλαφος.

366 235 424 260 Των
447 232 471 270 γ’
486 232 623 270 Πατὲρων.

112 275 185 304 Ἰδοὺ
215 276 294 308 οὗτος
333 276 443 312 ἕστηκεν
487 276 574 304 ὀπίσω
613 279 662 304 τοῦ
688 275 786 314 τοίχου
814 277 906 313 ἡμῶν,

74 321 264 359 παρακύπτων
309 321 354 349 διὰ
402 324 456 349 τῶν
504 320 630 358 θυρίδων,
683 321 820 348 ἐκκύπτων
863 320 907 349 διὰ

72 369 130 393 τῶν
148 365 275 394 δικτύων.

110 409 225 445 Ἐπειδὴ
248 410 381 450 πεφύκασι
416 409 575 450 φυγαδεύειν
596 410 630 438 τὰ
651 408 749 438 ἶοϐόλα
776 410 858 447 θηρία
886 411 903 444 ἡ

69 453 176 492 δορκάς
200 456 243 482 καὶ
274 456 291 490 ἡ
322 454 423 494 ἔλαφος
440 465 446 471 ·
474 453 543 482 Ἰδοὺ
572 455 651 485 οὗτος
680 454 790 489 ἔστηκεν
816 454 903 481 ὀπίσω

68 501 122 526 τοῦ
138 499 239 537 τοίχου
264 501 355 536 ἡμῶν.
372 501 477 537 Τοῖχος
489 499 518 527 δὲ
532 501 614 535 ἡμῶν
644 499 700 526 ἐστι
725 499 756 526 τὸ
783 499 902 533 κτιστὸν,

70 544 104 570 οὗ
135 543 224 570 ὀπίσω
252 542 364 579 ἕστηκεν
395 544 409 571 ὁ
433 542 558 574 ἄκτιστος
582 543 626 570 καὶ
647 544 751 570 πάντων
767 541 902 580 δημιουρ-

69 588 121 625 γὸς
138 589 203 619 Θεὸς
219 587 312 626 λόγος,
339 589 376 619 ὡς
399 588 474 626 ἀρχὴ
503 590 556 615 τῶν
583 587 702 625 ἐχόντων
730 587 798 626 πρὸς
823 587 902 620 τέλος

67 633 120 666 τήν
133 632 254 668 κίνησιν.
273 633 303 661 Εἰ
320 632 372 670 γάρ
403 632 457 660 ἐστι
486 632 531 660 καὶ
554 629 705 670 ἔμπροσθεν
736 632 749 659 ὁ
766 632 846 663 αὐτὸς
862 632 899 663 ὡς

67 679 123 704 τῶν
151 676 226 704 ὅλων
254 677 328 716 ἀρχὴ
358 678 402 705 καὶ
433 677 534 709 τέλος·
567 676 631 704 ἀλλ’
655 675 801 714 ἐπειδήπερ
815 677 898 712 μήπω

68 721 151 748 αὐτὸν
166 722 322 758 εὑρήκαμεν
349 722 378 749 ἐκ
399 724 447 749 τοῦ
470 721 567 752 τέλους
583 731 590 737 ·
618 720 695 749 οὔπω
710 721 761 759 γὰρ
778 720 804 748 ἐν
825 721 898 756 αύτῷ

65 767 117 800 τήν
148 769 234 793 πᾶσαν
275 767 462 803 ἆνεπαύσαμεν
504 766 621 801 κίνησιν.
651 767 733 803 ὅσπερ
758 766 789 793 τὸ
817 766 897 797 τέλος

67 810 139 837 ἐστίν
158 821 164 827 ·
197 810 284 838 ὀπίσω
323 811 461 846 ὲστηκέναι
491 810 612 847 λέγεται,
640 810 822 848 παρακύπτων
853 808 897 837 διὰ

65 857 121 882 τῶν
153 854 279 892 θυρίδων,
309 854 419 893 Θυρίδες
461 854 489 883 δὲ
521 858 571 889 τῆς
599 858 709 889 κτιστῆς
739 855 843 893 φύσεως
869 855 896 882 αἱ

70 899 190 936 μετοχοί
218 899 268 927 εἶσι
283 902 331 927 τοῦ
348 900 474 927 ἀκτίστου
491 909 497 915 ·
527 898 562 926 δι’
590 900 626 926 ὧν
656 899 733 930 οὗτος
756 899 797 926 ἐπ’
812 899 896 933 αὐτὴν

67 943 238 981 πιρακύπτει
266 941 421 971 ἐπιϐλέπων
446 945 479 971 τὰ
508 946 566 971 κατ’
596 943 680 977 αὐτὴν
707 942 897 980 κηδεμονικῶς

70 987 105 1024 (εἰ
137 988 175 1024 μή
197 988 294 1019 ταύτας
318 987 391 1024 αύτῷ
418 986 607 1024 ἀποκλείωμεν
634 990 693 1018 ταῖς
720 997 793 1024 παρα
817 987 894 1026 φύσιν

68 1032 232 1069 κινήσεσιν).
272 1033 429 1061 Ἑκκύπτων
466 1031 510 1059 διά
545 1034 599 1059 τῶν
626 1030 740 1059 δικτύων
763 1041 770 1048 ·
799 1030 895 1070 ἤγουν,

67 1076 225 1104 ἐποπτεύων
249 1078 322 1113 ἡμᾶς
339 1076 383 1104 διὰ
409 1080 459 1112 τῆς
483 1076 675 1115 ἀλληλουχίας
701 1078 755 1104 τῶν
781 1076 894 1114 ἀρετῶν.

67 1121 100 1150 Εἴ
129 1121 180 1159 γὰρ
211 1118 311 1159 ἔχομεν
346 1121 393 1149 τὰς
421 1121 567 1159 εἰρημένας
596 1119 716 1158 θυρίδας,
742 1121 894 1149 ἀναπεπτα-

69 1165 151 1202 μένας
180 1166 239 1202 μὲν,
264 1165 471 1205 πεφυλαγμένοις
503 1164 531 1193 δὶ
556 1167 589 1202 τῇ
614 1167 667 1193 τῶν
698 1165 799 1202 ἀρετῶν
827 1166 895 1193 κατὰ

66 1209 149 1248 λόγον
176 1209 355 1248 ἀλληλουχίᾳ
371 1220 377 1226 ·
395 1210 484 1242 καθώς
510 1210 576 1237 εἰσιν
592 1209 670 1237 αὗται
686 1208 763 1245 δίκην
778 1209 893 1237 δικτύων

65 1254 319 1293 περιπεπλεγμέναι
343 1254 481 1290 ἀλλήλαις
500 1264 507 1271 ’
536 1254 582 1282 ’ίνα
613 1255 678 1291 μήτι
695 1257 747 1282 τῶν
764 1257 893 1282 πετεινῶν

67 1300 189 1334 πάντως,
218 1302 272 1327 τῶν
299 1299 424 1337 ἐναερίων
461 1299 633 1336 πνευμάτων,
657 1298 739 1326 λαθὸν
773 1298 893 1336 είσέλθῃ,

64 1344 172 1372 καὶτὸν
189 1344 395 1381 ἐναποκεὶμενον
411 1345 480 1380 ἡμῖν
511 1344 612 1381 σπύρον
637 1347 688 1379 τῆς
718 1344 789 1375 Θείας
818 1342 893 1371 διδα-

66 1389 181 1420 σκαλίας
220 1388 377 1426 λυμήνηται
394 1399 400 1405 ·
428 1389 552 1416 ἐκκύπτει
592 1389 631 1427 ἐφ’
668 1390 742 1425 ἡμᾶς
770 1387 813 1416 διὰ
839 1391 892 1416 τῶν

64 1434 198 1462 τοιούτων
225 1432 339 1461 δικτύων
367 1435 385 1468 ἡ
415 1433 501 1461 αὐτῶν
528 1436 581 1461 τῶν
611 1433 712 1471 ἀρετῶν
727 1433 806 1461 οὐσία
822 1432 893 1470 ⁸δη-

65 1477 136 1513 λαδή
157 1478 312 1516 ὰγενηθεὶς
340 1480 408 1515 ἡμῖν
435 1478 489 1506 ἀπὸ
517 1480 584 1505 Θεοῦ
613 1477 704 1517 σοφία,
735 1476 890 1514 δικαιοσύνη

961 187 1152 216 insectantur.

1254 234 1348 261 Trium
1367 237 1494 263 Patrum.

996 277 1035 304 En
1051 278 1110 313 ipse
1132 278 1205 305 stetit
1230 282 1289 311 post
1306 279 1439 314 parietem
1454 281 1589 316 nostrum,
1612 282 1787 317 prospiciens

959 330 1010 356 per
1021 324 1167 358 fenestras,
1183 322 1334 359 despiciens
1347 331 1362 352 ε
1376 324 1490 352 retibus.

994 412 1115 443 Quando
1135 421 1246 450 capreas
1260 415 1288 441 et
1304 421 1387 442 cervo
1411 414 1554 442 naturalis
1568 423 1603 443 ea
1616 415 1660 443 vis
1683 417 1739 448 est,
1755 416 1788 444 ut

959 457 1112 491 pestiferas
1133 458 1243 486 bestias
1269 458 1373 493 fugent
1388 467 1395 486 :
1410 460 1485 494 Ecce,
1502 459 1609 495 inquit,
1627 461 1686 493 ipse
1709 461 1788 488 stetit

957 503 1017 534 post
1042 503 1177 536 parietem
1204 507 1338 531 nostrum.
1355 504 1453 532 Paries
1480 507 1580 533 noster
1608 507 1652 534 est
1680 508 1786 534 natura

956 548 1062 578 creata,
1082 549 1147 581 post
1162 556 1250 582 quam
1276 548 1358 576 stetit
1372 549 1423 584 qui
1438 552 1553 577 creatus
1578 558 1636 577 non
1661 552 1716 584 est,
1731 550 1783 578 sed

955 593 1069 618 creator
1083 594 1128 618 est
1143 593 1275 619 omnium
1295 593 1369 620 Deus
1384 593 1524 628 Verbum,
1541 597 1573 621 ut
1589 602 1686 622 rerum
1703 594 1783 630 prin-

955 635 1063 670 cipium
1081 643 1145 671 qua:
1165 638 1277 663 motum
1295 637 1406 664 habent
1430 638 1466 664 ad
1492 638 1593 666 finem.
1610 639 1782 674 Quanquam

953 679 1031 707 enim
1048 682 1077 708 et
1092 679 1173 715 prius
1188 683 1233 708 est
1249 681 1322 716 ipse,
1339 683 1439 717 utpote
1455 682 1573 710 initium
1589 685 1617 711 et
1633 683 1700 711 finis
1717 683 1783 711 uni-

952 732 1120 758 versorum;
1137 726 1235 753 tamen
1252 725 1391 761 quoniam
1410 726 1509 762 ipsum
1525 735 1559 755 ex
1575 728 1633 755 ﬁne
1649 728 1782 755 nondum

952 767 1119 797 invenimus
1136 777 1143 796 :
1160 770 1291 798 nondum
1313 770 1392 798 enim
1418 771 1447 798 in
1463 779 1496 799 eo
1514 772 1565 808 qui
1589 772 1658 800 finis
1683 774 1739 806 est,
1753 774 1783 800 et

952 813 987 840 ab
1003 814 1083 841 omni
1107 816 1186 842 motu
1212 815 1436 850 conquievimus
1451 826 1460 844 .-
1476 819 1543 852 post
1567 819 1645 845 stare
1661 816 1780 853 dicitur,

949 859 1123 894 prospiciens
1136 867 1186 894 per
1207 860 1351 894 fenestras.
1369 860 1512 889 Fenestras
1537 864 1636 889 autem
1661 864 1731 889 sunt
1745 869 1780 890 ea

951 910 1014 937 quae
1048 905 1159 930 natura:
1191 906 1294 931 creatis
1326 904 1363 931 ab
1397 905 1525 933 increato
1562 905 1779 934 communicata

951 950 1038 980 sunt;
1064 955 1115 982 per
1139 956 1204 983 quas
1227 947 1290 983 ipse
1305 949 1341 976 ad
1357 956 1421 976 eam
1447 949 1599 986 prospicit,
1615 951 1686 978 dum
1710 958 1777 986 pro-

950 991 1076 1018 videntia
1106 1000 1159 1019 sua
1188 995 1295 1020 cuncta
1320 993 1502 1026 moderatur.
1530 994 1674 1030 nobisque
1702 995 1776 1028 (nisi

950 1035 1094 1063 fenestras
1111 1036 1164 1064 has
1180 1037 1320 1064 adversus
1336 1045 1402 1065 eum
1420 1037 1601 1066 motionibus
1616 1039 1708 1066 animi
1724 1047 1777 1066 na-

950 1081 1022 1106 tura:
1038 1081 1192 1108 contrariis
1209 1082 1432 1116 concludamus}
1450 1082 1601 1118 prospicit.
1618 1083 1777 1118 Respiciens

950 1131 999 1158 per
1021 1124 1100 1158 retia,
1118 1124 1172 1152 hoc
1195 1127 1251 1160 est,
1266 1125 1428 1161 inspiciens
1452 1134 1504 1161 per
1526 1129 1661 1156 mutuam
1686 1127 1778 1155 virtu-

950 1170 1012 1195 tum
1041 1169 1261 1196 connexionem.
1279 1169 1351 1197 Nam
1381 1169 1407 1197 si
1438 1170 1581 1198 fenestras
1606 1179 1669 1206 quis
1693 1171 1778 1199 dicte

949 1213 1030 1246 sunt,
1045 1212 1238 1241 habuerimus
1254 1216 1369 1249 apertas
1386 1214 1452 1242 illas
1469 1215 1600 1250 quidem,
1614 1215 1663 1243 sed
1678 1217 1778 1243 tamen

949 1256 990 1284 ita
1007 1259 1107 1284 mutuo
1131 1257 1285 1292 virtutum,
1303 1258 1410 1286 retium
1432 1259 1536 1295 instar,
1554 1262 1630 1287 recte
1653 1259 1777 1296 compli-

949 1304 1081 1329 catarum
1106 1304 1242 1329 contextu
1268 1303 1478 1337 communitas,
1491 1306 1523 1331 ut
1547 1304 1630 1332 nulla
1645 1313 1679 1332 ex
1694 1304 1776 1332 volu-

948 1346 1056 1380 cribus,
1069 1354 1102 1374 ex
1118 1346 1209 1374 aereis
1225 1347 1365 1375 nimirum
1380 1348 1546 1384 spiritibus,
1559 1348 1658 1377 nullus
1672 1349 1775 1377 furtim

948 1390 1142 1425 ingrediatur,
1159 1393 1246 1426 atque
1262 1392 1444 1420 reconditum
1461 1393 1490 1420 in
1508 1393 1593 1422 nobis
1608 1393 1713 1421 divinas
1729 1393 1775 1421 di-

948 1435 1076 1471 sciplinae
1092 1443 1192 1463 semen
1206 1439 1375 1472 corrumpat
1387 1445 1394 1464 :
1411 1438 1530 1474 respicit
1543 1438 1572 1466 in
1586 1447 1639 1466 nos
1651 1446 1703 1474 per
1713 1439 1774 1466 haec

947 1480 1030 1513 retia,
1047 1481 1178 1516 ipsarum
1191 1480 1330 1509 virtutum
1346 1482 1485 1515 essentia,
1501 1482 1564 1519 ipse
1574 1483 1710 1511 videlicet
1725 1484 1774 1519 qui

63 1533 92 1550 τε
119 1523 163 1550 καὶ
189 1514 323 1561 ἆγιασμὸς
351 1514 395 1550 καὶ
434 1521 635 1561 ἀπολύτρωσις,
653 1514 814 1560 ’μονογενής
842 1533 849 1550 ι

981 1526 1036 1552 stus
1050 1514 1091 1553 est
1104 1526 1182 1553 nobis
1197 1534 1214 1552 a
1229 1526 1282 1553 Deo
1299 1527 1435 1562 sapientia
1450 1514 1482 1555 et
1485 1514 1597 1563 juistitia
1610 1532 1637 1556 et
1650 1514 1773 1564 sanctiﬁ-

64 1571 113 1596 τοῦ
129 1569 192 1600 Υἱὸς
208 1569 252 1596 καὶ
269 1569 371 1606 Λόγος.

95 1658 166 1688 Ἰδοὺ
182 1659 260 1690 οὗτος
284 1656 393 1694 ἔστηκεν
423 1658 560 1686 ὀπίσωτοῦ
586 1659 686 1696 τοίχου
714 1660 796 1694 ἡμῶν
834 1668 887 1685 πα-

63 1704 207 1743 ρακύπτων
243 1703 287 1731 διὰ
326 1706 380 1731 τῶν
419 1703 545 1741 θυρίδων,
585 1703 723 1731 ἐκκόπτων
763 1702 807 1730 διὰ
834 1705 886 1730 τῶν

65 1748 180 1777 δικτύων
187 1770 193 1776 .

413 1792 536 1820 Ψελλοῖλ

98 1837 201 1874 Ἰδηοὺ,
218 1839 293 1877 φσίν,
311 1837 444 1873 ἐλήλυθεν
459 1838 473 1864 ὁ
488 1838 577 1875 Λόγος
591 1837 636 1865 καὶ
651 1837 778 1875 νυμφίος,

61 1883 91 1911 Ὀ
103 1885 237 1910 κατοικῶν
250 1883 303 1910 ἀπὸ
318 1882 424 1917 Bato-ai
437 1885 487 1917 τῆς
504 1880 560 1909 ἅνω
579 1881 729 1917 κατοικίας,

61 1926 174 1955 Οὐδέπω
191 1926 213 1954 δ’
229 1926 403 1962 εἰσελήλυθεν
418 1926 491 1958 ἐντὸς
506 1929 555 1954 τοῦ
568 1924 728 1964 περιϐόλου.

61 1971 130 1999 ’Λλλ
148 1971 242 2007 ἔξωθεν
258 1971 401 2008 ἱστάμενος
417 1971 552 2006 ἐξόπισθεν
569 1973 616 1998 τοῦ
632 1971 741 2009 τοίχου,

61 2016 110 2044 Διὰ
124 2015 240 2054 θυρίδων
257 2015 355 2048 ἔσωθεν
372 2015 456 2044 ἐθέλει
470 2015 664 2053 παρακύπτειν.

62 2061 98 2088 Σὺ
114 2059 143 2088 δὲ
159 2071 207 2098 μοι
221 2063 319 2099 τοῖχον
335 2061 452 2098 γίνωσκε
462 2061 507 2087 τὸν
523 2061 607 2096 νόμον
623 2061 668 2087 τὸν
685 2061 812 2098 ἀρχαῖον,

60 2106 112 2134 Τὸν
129 2105 297 2142 ἐμποιοῦντα
310 2106 360 2140 τὴν
376 2105 450 2133 σκιὰν
465 2105 510 2133 καὶ
525 2104 632 2140 πλάνην
648 2107 700 2132 τῶν
717 2105 881 2143 ἀνθρώπων·

59 2149 174 2188 Θυρίὸας
190 2149 218 2178 δὲ
229 2151 271 2178 καὶ
289 2149 394 2184 δίκτυα,
409 2152 463 2177 τῶν
479 2152 629 2188 προφητῶν
643 2152 706 2180 τοῦς
722 2149 832 2187 λόγους.

946 1570 1018 1597 catio
1046 1574 1074 1597 et
1101 1570 1252 1606 redemptio
1271 1570 1303 1606 πθ,
1330 1570 1500 1607 unigenitus
1530 1572 1595 1607 ejus
1626 1572 1717 1601 Filius
1745 1575 1774 1602 et

946 1614 1083 1642 Verbum.

980 1660 1046 1686 Ecce
1062 1659 1108 1686 hic
1125 1660 1201 1688 stetit
1222 1662 1282 1695 post
1307 1662 1441 1694 parietem
1466 1663 1600 1695 nostrum,
1616 1663 1773 1697 respiciens

943 1711 992 1739 per
1006 1705 1153 1738 fenestras,
1170 1705 1342 1740 prospiciens
1355 1714 1407 1741 per
1420 1706 1502 1734 retia.

1307 1794 1403 1822 Pselti.

977 1838 1059 1874 Ecce,
1085 1838 1192 1874 inquit,
1209 1838 1333 1867 Verbum
1360 1841 1389 1866 et
1411 1847 1539 1875 sponsus
1562 1839 1651 1875 venit,
1672 1840 1765 1868 demi-

940 1891 1029 1919 grans
1044 1891 1079 1910 ex
1094 1883 1205 1916 Bethel,
1222 1891 1236 1911 e
1249 1891 1376 1919 superna
1391 1883 1477 1911 domo
1495 1892 1501 1911 :
1519 1884 1650 1912 nondum
1666 1885 1764 1912 autem

940 1928 995 1955 sub
1011 1930 1122 1955 tectum
1147 1928 1277 1955 introivit
1293 1936 1299 1955 :
1317 1928 1367 1956 sed
1385 1927 1454 1956 foris
1473 1931 1555 1956 stans
1580 1931 1647 1964 post
1671 1928 1765 1964 parie-

940 1975 1009 2005 tem,
1033 1980 1084 2007 per
1113 1972 1256 2000 fenestras
1285 1972 1348 2000 vult
1375 1972 1577 2008 introspicere.
1593 1973 1636 2000 Tu
1666 1976 1764 2001 autem

940 2017 1011 2044 mihi
1028 2025 1080 2052 per
1101 2016 1242 2052 parietem
1264 2017 1357 2052 legem
1374 2017 1527 2052 antiquam
1543 2017 1683 2052 intelligo,
1701 2025 1766 2045 um-

939 2062 1022 2089 bram
1038 2063 1066 2089 et
1081 2069 1193 2089 errores
1209 2061 1380 2089 hominibus
1396 2062 1578 2097 injicientem
1596 2070 1602 2089 :
1621 2070 1672 2097 per
1687 2062 1766 2090 fene-

939 2109 1015 2134 stras
1025 2114 1093 2134 vero
1103 2108 1132 2134 et
1146 2106 1230 2138 retia,
1243 2106 1362 2134 oracula
1376 2106 1598 2142 prophetarum.
1609 2106 1682 2134 Nam
1699 2109 1766 2134 ante

937 2150 1028 2178 divini
1044 2150 1127 2178 Verbi
1153 2151 1385 2178 incarnationem
1410 2151 1598 2186 multifariam
1621 2151 1766 2187 multisque

59 2195 107 2223 Καὶ
124 2196 176 2233 γὰρ
190 2195 244 2232 πρὸ
257 2199 308 2230 τῆς
332 2195 494 2233 σαρκώσεως
509 2197 558 2222 τοῦ
579 2194 753 2233 θεανορώπου
778 2194 849 2232 Αύγο

981 2195 1021 2223 dis
1037 2196 1138 2223 locutus
1153 2200 1191 2223 est
1200 2195 1232 2223 ³⁸³.
1250 2195 1306 2223 Sed
1331 2195 1401 2231 quid
1429 2204 1538 2231 sponsa
1563 2196 1650 2231 dicat,
1667 2196 1763 2223 consi-

59 2238 226 2277 Ηολυμιρῶς
241 2239 361 2275 ἕλάλησι
375 2240 420 2267 καὶ
433 2240 502 2267 πάνυ
517 2238 711 2277 πολυτρόπως.

59 2283 137 2312 Ἀλλ’
153 2283 218 2322 ὅπερ
234 2283 310 2322 λέγει
324 2285 383 2316 καθ’
407 2284 500 2321 εἱρμὸν
517 2285 534 2319 ἡ
545 2284 638 2322 νύμφη
655 2283 815 2319 σκοπητὲον.

94 2327 282 2366 ’Δποκρίνεται
295 2329 309 2355 ὁ
325 2327 470 2367 ἀδελφιδός
488 2338 550 2364 μου,
567 2327 639 2366 λέγει
652 2339 698 2363 μοι
711 2337 718 2345 '

58 2373 180 2408 Ἀνάστα,
205 2372 279 2408 ἐλθὲ,
306 2374 324 2408 ἡ
353 2371 472 2408 πλησίον
505 2383 567 2409 μου,
592 2373 663 2408 καλή
696 2383 759 2409 μου,
783 2375 801 2408 ἡ
829 2384 878 2401 πι-

678 2419 789 2456 ριστερά
805 2420 880 2456 μου.]

58 2461 142 2496 Ἐπεὶ,
158 2461 251 2499 φησὶν,
267 2460 400 2496 ἐλήλυθεν
415 2462 429 2489 ὁ
445 2461 529 2500 Λόγος
545 2461 588 2489 καὶ
602 2462 729 2501 νυμφίος,

57 2506 84 2532 '0
93 2508 152 2537 ταῖς
166 2507 320 2544 προφήταις
335 2506 481 2544 χρώμενος
495 2504 585 2543 ὥσπερ
600 2507 655 2534 τισὶ
673 2507 771 2544 θυρίσι,

55 2552 136 2578 Τοῦτο
150 2550 181 2577 τὸ
196 2553 304 2586 πρῶτον
320 2550 425 2588 εἴρηκεν
442 2548 539 2582 ἔσωθεν
555 2551 736 2588 παρακύπτων
754 2561 760 2567 ·

55 2594 195 2630 Ἀνάστηθι
209 2597 258 2623 τοῦ
272 2595 421 2632 πτώματος
434 2599 484 2630 τῆς
499 2595 606 2631 πλάνης
622 2595 666 2623 καὶ
681 2597 729 2624 τοῦ
746 2596 876 2632 σκὸπους,

54 2639 100 2666 Καὶ
116 2639 251 2677 πρόσελθέ
268 2651 315 2676 μοι
327 2642 463 2678 καθαρῶς.
479 2641 523 2668 καὶ
539 2641 612 2678 γίνου
631 2651 677 2677 μοι
691 2640 823 2676 πλησίον.

54 2684 124 2721 Εἶτα,
141 2685 236 2724 φησὶν,
251 2685 339 2720 ἑξεῖπὲ
351 2695 399 2722 μοι
413 2685 458 2712 καὶ
473 2683 538 2712 τάδε
548 2685 615 2723 πρὸς
629 2688 686 2717 τοῖς
704 2684 802 2718 ἄλλοις
815 2696 821 2701 ·

85 2748 107 2767 ¹⁹
120 2749 130 2777 Ι
145 2748 213 2777 Cor.
231 2756 251 2783 l,
268 2748 312 2776 30.
351 2749 374 2766 ³⁰
388 2748 475 2777 Hebr.
492 2757 512 2784 ι,
529 2749 555 2776 1.

210 2813 344 2843 Panos.
368 2813 424 2844 GR.
446 2813 567 2844 CXXII.

937 2248 1048 2268 remus.

970 2330 1119 2367 Respondet
1139 2329 1333 2358 consobrinus
1346 2338 1431 2363 meus,
1448 2334 1473 2357 et
1488 2329 1556 2358 dicit
1581 2330 1651 2358 mihi
1666 2339 1674 2357 :
1691 2329 1760 2358 Sur-

933 2383 975 2410 ge,
999 2375 1071 2409 veni,
1098 2374 1254 2410 propinqua
1283 2381 1354 2409 mea,
1377 2374 1501 2408 formosa
1528 2382 1604 2409 mea,
1634 2374 1760 2402 columba

933 2427 994 2447 mea
997 2440 1004 2446 .

970 2463 1125 2498 Quoniam,
1142 2463 1248 2499 inquit,
1263 2463 1342 2491 venit
1356 2462 1486 2491 Verbum
1506 2465 1534 2491 et
1554 2471 1692 2499 sponsus,
1709 2464 1761 2500 qui

935 2508 1084 2544 prophetis
1098 2510 1238 2543 tanquam
1260 2507 1396 2536 fenestris
1412 2508 1591 2543 quibusdam
1608 2517 1682 2536 usus
1698 2511 1761 2543 est;

933 2552 989 2580 hoc
1011 2552 1139 2587 primum
1155 2552 1228 2579 dixit
1251 2552 1458 2588 introspiciens
1476 2561 1482 2580 :
1500 2553 1592 2588 Surge
1616 2553 1652 2581 de
1674 2552 1761 2588 lapsu

933 2597 1040 2626 erroris
1057 2600 1085 2624 et
1107 2597 1254 2631 tenebris;
1280 2599 1309 2625 et
1334 2599 1370 2625 ad
1395 2606 1442 2626 me
1466 2598 1578 2633 puriter
1601 2598 1717 2632 accede,
1734 2601 1763 2626 et

935 2641 1007 2670 mihi
1022 2641 1189 2678 propinqua
1208 2642 1333 2670 efﬁcere.
1350 2642 1459 2670 Deinde
1474 2642 1545 2677 haec,
1561 2642 1670 2679 inquit,
1687 2651 1760 2679 pras-

934 2690 978 2716 ter
993 2686 1050 2715 alia
1065 2686 1136 2714 mihi
1155 2686 1227 2714 dixit
1243 2694 1251 2714 :

1556 2814 1593 2844 19
