1951 3051
163 84 222 115 587

164 195 246 231 ﬂores
265 198 456 232 apparuerunt
478 197 508 224 in
534 200 610 224 terra
625 205 635 224 :
649 197 753 232 tempus
776 197 929 232 putationis
943 195 997 224 ad-

163 241 254 268 venit.

202 284 357 319 Quoniam,
378 285 485 322 inquit,
509 288 646 314 naturam
671 286 838 314 daemonum
855 293 872 313 a
887 285 996 321 quibus

165 330 298 358 humana
323 332 430 358 natura
456 330 641 367 congelatur,
657 332 685 358 et
708 330 790 366 pigra
805 332 893 366 atque
916 330 996 357 iners

165 383 288 412 prorsus
313 375 350 402 ad
375 377 452 403 recte
474 375 618 411 agendum
644 375 788 408 redditur,
804 374 993 411 proﬂigavit:

166 421 256 455 atque
279 419 344 448 ideo
371 419 466 447 hiems
491 419 645 448 charitatis
670 419 824 453 abscessit,
847 421 876 447 et
899 417 996 454 gravis

165 463 260 492 imber
274 463 372 492 omnis
387 464 461 492 abiit
477 473 510 492 ac
526 464 649 492 deﬂuxit
666 472 673 492 :
691 467 719 492 et
737 464 905 500 jucundum
921 462 996 491 veri-

164 508 235 536 tatis
251 510 383 536 exortum
401 511 447 536 est
468 517 518 536 ver
535 517 541 536 :
559 509 662 537 ﬂorere
676 510 762 545 coepit
777 508 875 542 tellus,
891 510 997 536 natura

167 560 274 588 nempe
304 552 446 581 humana.
479 556 599 589 Tempus
627 554 780 589 putationis
800 554 862 589 jam
889 553 965 580 venit
986 564 996 583 ,-

164 596 281 633 legendi
310 599 382 625 sunt
410 597 507 632 ﬂores,
535 598 559 626 si
584 597 628 626 vis
658 598 782 626 corollas
811 606 846 626 ex
873 597 996 626 ﬂoribus

164 644 330 671 contexere.
353 643 513 670 Hominum
544 643 622 671 enim
648 645 754 671 natura
770 650 858 679 quam
886 644 995 670 terram

164 686 334 723 appellavit,
365 687 453 715 idolis
484 689 513 715 et
541 687 637 715 fraudi
667 687 808 715 cervicem
837 686 994 720 inclinans,

165 730 281 759 nullam
300 731 444 759 virtutum
470 732 598 767 speciem
624 732 749 767 prebuit
774 732 815 767 (id
839 731 918 759 enim
941 730 995 759 ﬂos

165 775 338 812 signiﬁcat),
353 776 545 804 acerbissima
563 785 597 804 ac
615 776 876 804 vehementissima
899 775 996 803 hieme

166 820 347 856 deceptionis
374 820 404 847 in
428 820 553 856 glaciem
579 821 698 849 redacta
723 829 757 848 ac
782 820 994 856 propemodum

165 864 290 900 perdita.
309 864 380 897 Quis
393 864 473 893 enim
490 872 521 892 se
541 865 571 892 in
592 865 682 893 tantis
697 873 830 893 errorum
852 864 995 899 tenebris,

165 908 285 945 pietatis
310 909 524 944 professionem
553 910 640 943 tueri,
667 909 843 938 modestiam
867 916 995 943 servare,

165 953 393 988 temperantiam
403 953 554 989 amplecti,
565 953 692 982 osculari
702 953 850 990 justitiam
862 961 994 989 unquam

165 998 341 1034 sperasset?
368 1001 406 1027 At
433 999 497 1035 jam
528 1000 610 1034 ﬂores
642 1002 831 1035 apparuerunt
858 999 889 1026 in
917 1001 994 1026 terra

165 1045 269 1071 nostra.
285 1043 380 1080 Surge
403 1043 506 1080 igitur,
523 1045 552 1072 et
576 1052 700 1072 coronas
714 1044 768 1072 tibi
788 1052 822 1072 ex
836 1043 993 1071 virtutibus

165 1090 240 1115 texe.
257 1089 296 1116 Ac
316 1087 422 1116 ﬂorum
446 1088 531 1116 testis
555 1088 678 1116 minime
693 1088 871 1124 rejiciendus
885 1089 930 1116 est
943 1087 994 1115 ille

166 1139 330 1167 praecursor
345 1132 456 1168 gratiaa,
471 1133 679 1168 Plenitentiam,
696 1132 844 1169 inquiens,
861 1132 967 1167 agite“
984 1140 992 1159 :

166 1176 217 1212 qui
235 1176 345 1205 multos
360 1185 395 1205 ex
410 1177 538 1205 Hebraeis
553 1177 721 1214 baptizavit,
735 1186 801 1206 cum
817 1177 929 1205 videret
944 1184 994 1204 eos

167 1221 305 1250 ﬂorentes
331 1221 362 1249 in
389 1222 582 1251 confessione.
603 1223 666 1251 Huc
694 1222 772 1250 enim
801 1223 934 1258 spectant
959 1228 994 1249 ea

168 1266 256 1294 verba
271 1266 457 1295 Canticorum
476 1276 483 1294 :

203 1400 259 1428 Vox
271 1400 390 1428 tur-turis
405 1401 504 1429 audita
518 1406 556 1430 est
570 1403 600 1430 in
615 1406 688 1430 terra
701 1405 806 1429 nostra.

199 1444 261 1473 Vox
288 1446 367 1473 enim
396 1445 552 1474 clamantis
583 1447 637 1474 fuit
665 1454 828 1483 preecursor
856 1445 922 1480 iste,
939 1445 989 1481 qui

165 1490 288 1526 passeri,
304 1490 423 1524 turturi,
440 1491 562 1518 dexteras
579 1493 774 1527 comparatur.

201 1535 284 1563 Ficus
295 1535 412 1570 protulit
429 1543 535 1571 grossos
558 1544 621 1564 suos
636 1526 749 1564 {vineae
771 1536 870 1570 ﬂorent
885 1543 891 1563 :
908 1534 988 1563 dede—
1004 1526 1026 1561 C

166 1581 234 1606 runt
250 1579 368 1607 odorem.

201 1623 344 1652 Eumdem
368 1624 430 1652 haec
446 1625 519 1653 forte
543 1633 663 1653 sensum
687 1625 797 1652 habent
819 1632 886 1652 cum
903 1631 990 1660 supe-

167 1667 304 1696 rioribus.
316 1669 416 1697 Ficum
433 1669 511 1697 enim
526 1678 630 1697 rursus
645 1669 775 1705 intellige
786 1671 923 1697 naturam
939 1668 992 1696 bu-

168 1719 284 1740 manam
304 1713 460 1749 :'grossos,
484 1713 638 1742 inferiores
659 1713 781 1742 virtutes
806 1722 813 1741 :
838 1713 912 1742 vites
938 1713 992 1740 ﬂo-

167 1759 275 1792 rentes,
291 1757 404 1786 animas
421 1767 485 1794 qute
500 1758 530 1785 in
547 1760 627 1786 recta
640 1758 755 1787 vivendi
770 1759 884 1786 ratione
899 1767 932 1787 ac
947 1758 993 1786 via

165 1801 302 1837 progredi
315 1803 378 1838 jam
394 1804 555 1839 cmperunt.

199 1846 297 1881 Surge,
313 1847 385 1880 veni,
399 1848 558 1884 propinqua
572 1855 643 1883 mea,
658 1848 785 1883 formosa
799 1855 871 1882 mea,
887 1847 991 1875 colum-

166 1891 203 1919 ba
221 1899 292 1919 mea.

458 1937 552 1965 Trium
571 1938 698 1965 Patrum.

201 1988 273 2016 Cum
290 1989 380 2025 igitur
395 1990 536 2025 magistra
555 1991 655 2018 anima
674 1991 716 2018 ita
731 1998 762 2018 se
777 1990 807 2018 in
823 1989 994 2018 erudiendis

167 2033 400 2061 adolescentibus
416 2035 604 2068 exercuisset,
617 2035 678 2071 jam
695 2043 759 2070 quae
775 2035 839 2070 ipsa
854 2043 871 2062 ο.
886 2043 994 2070 sponso

166 2077 311 2111 didicerit,
323 2081 435 2106 narrat:
445 2078 622 2114 Respondet,
635 2079 782 2114 inquiens,
795 2087 885 2114 nepos
899 2087 994 2114 meus,

167 2121 217 2158 qui
234 2130 400 2151 sermonem
414 2122 549 2150 videlicet
573 2131 672 2151 meum
687 2123 722 2151 ad
738 2122 901 2159 discipulae
926 2131 994 2158 pro-

166 2167 223 2194 fert
238 2175 245 2194 :
258 2167 414 2203 respondet
424 2167 550 2195 dilectus
564 2175 658 2201 meus,
671 2169 700 2195 et
712 2167 783 2195 dicit
793 2167 866 2195 mihi
879 2176 885 2195 :
897 2167 995 2204 Surge,

832 85 1041 116 MICHAELIS
1065 85 1199 115 PSELLI

202 152 268 179 Ecce
293 151 382 179 hiems
408 152 534 187 transiit,
557 152 647 179 imber
667 152 748 185 abiit,
773 153 883 180 recessit
908 152 963 179 sibi
987 159 997 179 :
1012 152 1036 185 Α

1812 85 1877 116 588

1090 149 1160 178 Ἰδοὺ
1185 151 1199 178 ὁ
1233 151 1341 188 χειμὼν
1385 150 1536 188 παρῆλθεν,
1577 151 1592 177 ὁ
1631 151 1706 182 ὑετὸς
1744 150 1884 186 ἀπῆλθον,

1052 194 1183 232 ὲπὸρεύθη
1209 195 1315 231 ἑαυτῷ·
1344 204 1376 221 τα
1404 194 1471 230 ἄνθη
1497 192 1571 230 ὥθθη
1599 194 1625 222 ἂν
1644 197 1679 232 τῇ
1702 197 1748 232 γῇ,
1780 195 1795 223 ὁ
1816 206 1882 223 και-

1051 239 1096 276 ρὸς
1110 243 1160 273 τῆς
1176 242 1265 276 τομῆς
1282 237 1402 277 ἔφθασεν.

1084 284 1154 316 Ὅτι,
1170 284 1249 321 φησί,
1264 285 1419 322 κατήργησι
1433 284 1483 317 τήν
1496 283 1575 321 φύσιν
1595 286 1649 311 τῶν
1660 281 1810 320 δαιμόνων,

1049 329 1102 363 Τήν
1118 327 1418 365 ἀποκρυσταλλώσασαν
1443 329 1493 363 τήν
1508 328 1587 366 φύσιν
1602 330 1657 356 τῶν
1668 328 1832 367 ἀνθρώπων,

1050 373 1101 401 Καὶ
1118 371 1236 409 δείξασαν
1251 372 1412 408 ἀναίσθητον
1422 372 1490 411 πρὸς
1500 373 1531 400 τὸ
1546 371 1631 401 καλὸν
1644 372 1769 408 τελείως,

1051 417 1194 449 Κάντευθεν
1210 416 1383 453 ἀπελήλαται
1399 418 1508 455 χειμὼν
1524 418 1538 445 ὁ
1552 421 1603 453 τῆς
1619 418 1732 453 ἀπάτης,

1051 462 1099 490 Καὶ
1114 465 1166 493 πᾶς
1181 460 1268 493 δεινός
1281 472 1322 492 τις
1335 462 1410 493 ὑετὸς
1427 461 1559 496 ἀπῆλθεν,
1576 462 1711 500 ἀπεῤῥύη,

1051 507 1099 534 Καὶ
1114 507 1144 534 τὸ
1154 507 1268 544 τερπνὸν
1283 506 1403 534 ἀνέτειλε
1413 510 1463 542 τῆς
1476 507 1604 541 ἀληθείας
1618 505 1664 545 ἔαρ
1677 517 1683 524 ·

1049 552 1079 580 Ἡ
1095 555 1129 588 γῆ
1146 550 1169 578 δ’
1184 552 1271 583 ἀνθεῖν
1287 552 1435 588 ἀπήρξατο,
1452 551 1529 590 φύσις
1544 552 1562 586 ὴ
1578 554 1631 579 τῶν
1641 552 1803 589 ἀνθρώπων,

1051 596 1148 634 Καιρὸς
1173 595 1201 623 δὲ
1243 596 1362 634 πέφθακε
1404 595 1500 624 λοιπὸν
1536 600 1626 632 τομῆς
1662 598 1712 630 τῆς
1749 599 1803 624 τῶν
1830 597 1879 624 ἀνα

1781 641 1878 679 etiam]

1050 685 1081 714 Ei
1099 685 1196 723 βούλῃ.
1212 685 1408 714 κατασκεύασον
1430 690 1575 726 στεφάνους
1589 686 1615 722 ἐξ
1630 685 1740 718 ἀνοὲων.

1050 731 1082 758 Ἠ
1097 732 1150 757 τῶν
1169 730 1317 769 ἀνθρώπων
1335 730 1413 768 φύσις
1427 731 1477 768 γὰρ
1492 730 1524 766 ἤν
1540 734 1591 768 γῆν
1608 731 1622 758 ὁ
1634 729 1716 768 λόγος
1734 732 1820 765 εἶπεν,

1050 773 1186 807 Εἰδώλοις
1202 775 1369 803 ὑποκλίνασπι
1382 776 1427 803 καὶ
1443 775 1532 813 πλάνῃ
1546 776 1591 803 τὸν
1607 775 1718 813 αὐχένα,

1051 817 1128 850 Εἶδος
1145 819 1194 846 οὐκ
1209 820 1280 857 εἶχεν
1294 820 1395 857 ἀρετῶν
1413 822 1502 855 (τοῦτο
1517 819 1567 858 γὰρ
1583 819 1661 852 ἄνθος
1676 818 1756 857 νόει),

1048 866 1093 900 ’Ιῷ
1110 863 1266 901 δριμυτάτῳ
1281 864 1326 892 καὶ
1351 863 1461 903 σφοδρῷ
1486 867 1604 902 χειμῶνι
1629 867 1668 900 τῷ
1696 868 1746 900 τῆς
1766 863 1878 900 πλάνης

1049 908 1292 946 Κρυσταλλωθεῖσα
1306 909 1350 937 καὶ
1368 908 1467 947 σχεδὸν
1483 908 1710 941 ἐναπολλυθεῖσα,

1047 953 1091 985 Τίς
1107 953 1158 992 γὰρ
1173 951 1308 988 ἠλπίσατό
1321 964 1388 981 ποτε
1401 957 1451 989 τῆς
1467 953 1574 989 πλάνης
1593 954 1782 989 σκοτιζούσης,

1048 999 1147 1034 Τηρεῖν
1161 997 1364 1035 ἐξομολίγησιν,
1381 997 1526 1036 φυλάττειν
1537 998 1726 1037 σωφροσύνην,

1047 1043 1221 1080 Ἐγκράτειαν
1238 1043 1412 1077 ἀσπάζεσθαι,
1427 1042 1517 1082 φιλεῖν
1530 1041 1702 1077 δικαιοσύνην

1048 1086 1125 1115 Ἀλλ’
1139 1086 1193 1121 ἤδη
1209 1089 1317 1119 πάντως
1331 1086 1449 1122 ¹ἶλςνθηκεν
1462 1088 1479 1122 ἡ
1554 1088 1655 1114 Λοιπὸν
1670 1087 1780 1121 ἀνάστα,

1048 1131 1098 1159 Καὶ
1115 1129 1265 1158 σπούδασον
1282 1131 1307 1166 ἐξ
1322 1131 1424 1169 ἀρετῶν
1436 1131 1584 1166 στεφάνους
1601 1142 1644 1158 σοι
1658 1130 1809 1167 πλαγῆναι.

1048 1175 1096 1202 Καὶ
1114 1176 1215 1212 μάρτυς
1233 1176 1442 1214 ἀπαράγραπτος
1458 1176 1576 1214 ὑπάρχει
1591 1178 1644 1204 τῶν
1661 1176 1762 1204 ἀνθέων

1047 1221 1075 1247 Ὀ
1090 1219 1246 1257 πρόδρομος
1263 1224 1313 1255 τῆς
1328 1220 1452 1258 χάριτος,
1470 1220 1558 1258 λὲγων
1576 1230 1582 1237 “
1599 1223 1761 1248 Μετανοεῖτε
1773 1230 1780 1237 ·

1046 1266 1138 1296 Ὅστις
1152 1264 1275 1296 πολλοὺς
1290 1263 1415 1293 ἐϐάπτισε
1429 1267 1478 1292 τοῦ
1493 1265 1586 1303 γένους
1601 1268 1655 1293 τῶν
1671 1263 1820 1303 Ἐϐραίων,

1046 1309 1121 1338 Ἰδὼν
1137 1310 1235 1340 αὐτοὺς
1251 1310 1415 1345 ἀνθήσαντας
1432 1309 1457 1337 ἐν
1471 1309 1678 1348 ἐξομολογήσει.

1047 1353 1152 1383 Τούτου
1167 1354 1217 1392 γὰρ
1233 1354 1313 1392 χάριν
1329 1353 1435 1392 εἴρηκεν
1452 1355 1466 1381 ὁ
1482 1353 1563 1392 λόγος
1577 1357 1630 1382 τῶν
1645 1354 1790 1391 Ἀσμάτων
1809 1365 1816 1372 ·

1081 1400 1164 1433 Φωνή
1181 1402 1230 1434 τῆς
1243 1400 1373 1436 τρυγόνος
1389 1399 1511 1434 ἠκούσθη
1528 1399 1554 1426 ἐν
1567 1401 1601 1436 τῇ
1617 1401 1653 1437 γῇ
1669 1401 1763 1435 ἡμῶν.

1046 1444 1128 1478 Φωνή
1146 1444 1265 1481 βοῶντος
1282 1444 1396 1478 πέφυκεν
1413 1444 1427 1471 ὁ
1443 1442 1602 1482 πρόδρομος
1616 1444 1667 1482 γὰρ
1679 1444 1770 1480 οὗτος,

1046 1489 1185 1526 Στρουθῷ,
1200 1488 1324 1526 τρυγόνι,
1336 1487 1414 1524 δεξιῷ
1430 1488 1618 1526 παρεικασθεὶς
1637 1491 1676 1525 τῷ
1692 1487 1779 1527 λόγῳ.

1081 1533 1110 1560 Ἡ
1127 1536 1194 1567 συκῆ
1212 1533 1336 1570 ἐξήνεγκε
1346 1532 1410 1564 τοὺς
1427 1532 1560 1565 ὀλύνθους
1575 1532 1667 1568 αὐτῆς.
1681 1533 1713 1561 Δί

1045 1576 1158 1615 ἅρπελοι
1174 1577 1357 1614 κυπρίζουσιν,
1374 1575 1475 1604 ἔδωκαν
1493 1577 1593 1613 ὀσμήν.

1044 1623 1131 1650 Τοῦτο
1146 1621 1242 1649 ταυτόν
1257 1632 1283 1648 τι
1298 1632 1400 1659 πεφυκε
1411 1621 1483 1658 τάχα
1498 1625 1556 1652 τοῖς
1570 1621 1763 1660 προρῥηθεῖσι.

1047 1669 1135 1701 Συκῆν
1151 1666 1202 1704 γὰρ
1216 1667 1292 1697 αὖθις
1310 1666 1410 1701 νόησον
1425 1667 1476 1700 τήν
1488 1666 1567 1705 φύσιν
1585 1668 1641 1694 τῶν
1658 1667 1824 1705 ἀνθρώπων,

1046 1711 1195 1741 ὐλύνθους
1212 1709 1241 1738 δὲ
1256 1713 1309 1738 τῶν
1322 1710 1423 1747 ἀρετῶν
1439 1711 1486 1741 τὰς
1503 1709 1705 1748 ὑποδεεστέρας.

1047 1754 1200 1791 Ἀμπέλους
1215 1754 1297 1782 πάλιν
1306 1755 1431 1793 γίνωσκε,
1448 1753 1574 1791 δέσποτα,
1589 1755 1784 1794 κυπριζοῦσας,

1047 1800 1144 1837 Ψυχὰς
1155 1799 1317 1837 προκόπτειν
1335 1799 1372 1830 εἷς
1387 1799 1472 1827 καλὸν
1489 1798 1669 1838 ἒναρξαμὲνας
1683 1798 1751 1835 ἤδη.

1081 1846 1205 1879 Ἀνάστα,
1233 1843 1304 1879 ἐλθὲ,
1333 1845 1350 1879 ἡ
1392 1845 1511 1880 πλησίον
1543 1851 1608 1882 μου,
1635 1844 1706 1880 καλή
1733 1855 1799 1881 μου,
1829 1856 1878 1873 πε-

1048 1890 1156 1930 ριστερά
1173 1900 1239 1926 μου.

1333 1936 1394 1963 Τῶν
1411 1935 1435 1972 γ’
1452 1933 1590 1971 Πατέρων.

1083 1987 1162 2017 Οὕτω
1185 1989 1275 2016 τοίνυν
1307 1989 1323 2023 ἡ
1355 1986 1518 2018 διδάσκαλος
1547 1987 1624 2025 ψυχὴ
1655 1986 1879 2025 ἀπαισχολήσισα

1049 2034 1145 2068 Eatur-qv
1173 2035 1206 2070 τῇ
1228 2031 1408 2068 δισδκσκαλίᾳ
1430 2035 1484 2059 τῶν
1512 2032 1751 2069 μαθητευομὲνων,
1780 2031 1883 2059 λοιπὸν

1050 2079 1115 2115 ἅπερ
1131 2078 1198 2112 αὐτή
1217 2076 1344 2114 μανθάνει
1369 2077 1441 2114 παρὰ
1463 2078 1512 2104 τοῦ
1537 2076 1656 2115 νυμφίου
1671 2076 1750 2116 φησίν
1770 2085 1776 2092 ·
1793 2077 1884 2104 ’Δπο-

1048 2124 1166 2161 κρίνεται
1184 2123 1197 2150 ὀ
1225 2121 1371 2160 ἀδελφιδός
1399 2132 1451 2159 μου
1465 2132 1471 2138 ”
1498 2122 1569 2156 ἢτοι,
1587 2121 1655 2158 ἐμου
1676 2122 1744 2158 πρὸς
1759 2121 1808 2152 τὶς
1826 2132 1879 2158 μα-

1049 2168 1231 2204 θητευομένας
1263 2166 1430 2204 ποιουμένης
1464 2167 1508 2194 τὸν
1542 2165 1642 2204 λόγον,
1669 2165 1844 2203 ἀποκρίνεται
1865 2166 1880 2193 ὁ

164 2215 238 2249 veni,
254 2215 411 2250 propinqua
427 2222 489 2242 mea
504 2223 514 2241 :
531 2214 635 2242 docere
655 2214 757 2242 desine
772 2222 835 2249 quis
851 2223 867 2242 ει
883 2222 929 2242 me
943 2222 992 2251 per

1055 2213 1189 2249 ὶγαπητός
1222 2223 1284 2248 μου,
1315 2212 1359 2239 καὶ
1400 2210 1472 2249 λέγει
1500 2220 1568 2247 μοι’
1600 2211 1725 2246 Ἀνάστα,
1753 2210 1828 2245 ἐλθὲ,
1860 2211 1878 2246 ἢ

166 2259 330 2287 naturalem
347 2259 547 2294 scriptamque
562 2258 656 2295 legem
670 2259 809 2294 mysteria
823 2259 858 2286 ad
873 2267 920 2287 me
937 2267 1001 2295 per.

165 2303 289 2332 tinentia
304 2305 391 2332 antea
406 2303 552 2331 dedicisti.
565 2303 609 2330 Ab
625 2303 662 2331 iis
676 2311 871 2339 consurgens,
884 2306 914 2331 tu
932 2312 998 2339 quae

166 2350 286 2384 propter
313 2347 522 2384 perfectionem
548 2355 578 2375 es
604 2347 770 2384 propinqua
795 2356 872 2383 mea,
896 2349 932 2376 ad
963 2357 998 2377 ea

165 2393 310 2420 tradenda
325 2395 353 2420 te
369 2393 468 2420 confer
490 2400 553 2428 quae
567 2401 602 2420 ex
617 2391 678 2427 lege
705 2394 843 2420 constant
857 2392 996 2429 spiritali,

166 2439 195 2464 et
209 2436 255 2464 his
270 2436 356 2473 longe
371 2438 442 2464 sunt
461 2436 676 2465 excellentiora.
692 2437 752 2473 Ego
768 2437 846 2465 enim
863 2438 912 2473 qui
929 2446 996 2466 sum

167 2483 272 2509 natura
287 2481 453 2508 immensus
473 2482 502 2508 et
525 2481 667 2515 inﬁnitus,
685 2480 777 2509 nullis
801 2489 932 2518 unquam
950 2491 995 2511 re-

167 2534 231 2554 rum
248 2533 282 2553 ex
298 2525 423 2553 materia
438 2525 636 2554 constantiam
653 2526 789 2554 terminis
801 2527 994 2562 comprehen-

167 2571 229 2598 dar.
246 2570 346 2605 Itaque
361 2571 390 2597 te
405 2577 522 2605 semper
537 2572 651 2606 oportet
665 2572 701 2599 ad
717 2570 859 2599 ulteriora
873 2573 992 2600 conten-

165 2616 243 2643 dere.
259 2615 389 2642 Formosa
402 2622 474 2649 mea,
488 2614 617 2643 columba
631 2624 702 2644 mea.
720 2616 861 2644 Formosa
875 2616 992 2652 quidem

166 2667 241 2695 mea,
255 2661 404 2695 quatenus
418 2659 557 2696 operibus
580 2662 609 2688 et
631 2660 784 2697 praeceptis
800 2661 992 2697 exsequendis

200 2759 222 2776 ²¹
242 2758 349 2785 Matth.
366 2766 409 2792 ιιι,
423 2759 451 2786 2.

1053 2256 1172 2291 πλησίον
1202 2267 1263 2293 μου.
1287 2255 1398 2292 Δηλαδή
1421 2255 1562 2283 ἀνάνευσον
1593 2255 1646 2283 ἀπὸ
1678 2257 1727 2283 τοῦ
1742 2254 1882 2282 διδάσκειν

1052 2302 1085 2329 τὰ
1098 2303 1162 2338 παρ’
1177 2301 1244 2337 ἐμοῦ
1264 2300 1309 2328 διά
1328 2311 1358 2328 τε
1381 2302 1427 2328 τοῦ
1457 2303 1572 2339 φυσικοῦ
1601 2300 1646 2327 καὶ
1674 2302 1723 2328 τοῦ
1750 2302 1884 2337 γραιπποῦ

1052 2347 1138 2383 νόμου
1153 2345 1371 2384 προδιόαχθὲντα
1399 2356 1441 2372 σοι
1470 2345 1532 2383 περὶ
1552 2346 1620 2382 ἓμοῦ
1646 2345 1792 2383 μυστήρια.
1819 2344 1881 2373 Κᾶκ

1050 2392 1153 2419 τούτων
1170 2391 1316 2429 ἐγεροεῖσα,
1344 2389 1406 2422 ἐλθὶ
1427 2389 1512 2417 πάλιν
1537 2389 1574 2420 είς
1602 2390 1633 2418 τὸ
1650 2388 1822 2417 διδάσκεσθαι
1837 2387 1884 2416 διὰ

1050 2438 1097 2463 τοῦ
1109 2437 1294 2472 πνευματικοῦ
1316 2435 1404 2471 νόμου
1425 2434 1459 2462 τὰ
1487 2432 1526 2462 ἔτι
1550 2434 1653 2462 τούτων
1684 2433 1880 2471 ὑπερκείμενα,

1049 2482 1066 2515 ἡ
1097 2479 1141 2507 διὰ
1169 2479 1331 2515 τολειότητα
1360 2478 1440 2516 ἐγγύς
1471 2489 1534 2516 μου.
1566 2478 1606 2507 Οὐ
1635 2479 1882 2517 περιγραφήσομαι

1047 2529 1098 2564 γάρ
1114 2525 1179 2552 ποτε
1193 2535 1246 2552 τισι
1265 2523 1420 2560 μετουσίαις
1435 2522 1453 2557 ἤ
1468 2524 1593 2559 τέρμασι,
1610 2523 1667 2550 κατ’
1681 2522 1775 2550 οὐσίαν
1794 2522 1882 2557 ὑπάρ-

1048 2580 1105 2608 χων
1133 2569 1242 2607 ἄπειρος
1270 2569 1313 2596 καὶ
1342 2568 1479 2605 ἀόριστος.
1507 2567 1555 2595 Καὶ
1587 2566 1632 2595 διὰ
1659 2566 1740 2594 τοῦτο
1766 2565 1828 2594 δέον
1851 2577 1881 2595 σε

1047 2619 1104 2646 τοῖς
1129 2614 1279 2652 ἔμπροσθεν
1308 2612 1438 2649 διηνεκῶς
1463 2611 1673 2644 ἐπεκτείνεσθαι.
1702 2611 1778 2646 Καλή
1809 2621 1878 2647 μου,

1046 2660 1190 2699 περιστερά
1222 2669 1285 2696 μου.
1312 2658 1386 2693 Καλή
1409 2668 1462 2695 μου
1491 2657 1538 2694 μὲν
1561 2657 1599 2688 ὡς
1625 2655 1816 2695 κεκαθιρμὲνη
1835 2655 1881 2683 καὶ
