1951 3051
176 94 231 125 591

843 88 1052 120 MICHAELIS
1073 89 1211 119 PSELLl

1808 96 1858 126 592

174 160 301 197 Spiritus
323 159 416 188 sancti
442 158 615 186 muneribus
639 158 784 185 decorata.
801 157 824 184 A
846 164 895 184 me
919 155 977 184 enii

1054 157 1148 183 σκιῶν.
1178 154 1230 183 Καὶ
1257 153 1319 181 ἐλθὲ
1345 153 1384 186 ιίς
1409 155 1440 182 τὸ
1455 152 1623 181 διδάσκεσθαι
1650 154 1682 181 τὰ
1694 157 1739 183 τοῦ
1754 158 1858 196 πνεύμα.

175 205 291 240 longius
307 203 526 241 quodammodo
546 202 669 238 recedis,
682 202 752 230 dum
769 201 799 229 in
815 201 918 237 ﬁguris
933 201 999 228 des-

174 250 275 278 cendis
291 249 326 278 ad
350 248 511 285 discipulus
535 247 722 281 erudiendas,
739 247 841 282 eisque
866 246 997 274 nondum

174 304 208 323 ea
223 303 287 331 quae
301 294 423 331 spiritus
436 295 504 321 sunt
518 292 759 328 percipientibus,
771 299 860 319 sensu
876 290 999 327 pulchra

172 340 291 374 videris,
315 347 372 367 non
400 338 516 374 spiritu.
542 336 652 364 Deinde
675 335 808 371 exposita
831 343 930 368 causa.
946 343 999 362 cur

173 385 210 420 ei,
227 386 258 412 ut
273 385 309 412 ad
325 392 356 411 se
377 383 498 417 veniret,
515 381 701 417 prmeepisset
717 388 723 408 :
741 379 895 407 advenisse
917 379 996 407 enim

172 433 288 464 tempus
304 428 446 455 adventus
457 427 503 454 sui
517 426 549 454 in
565 434 652 453 carne
663 434 670 452 :
681 424 872 460 quamobrem
883 423 998 451 dicebat

173 474 260 502 etiam
272 471 425 508 discipulis
438 471 500 498 suis
512 478 519 498 :
530 470 654 504 Surgite,
662 477 755 497 eamus
764 469 830 496 hinc
837 468 859 486 ³⁸
869 476 875 495 :
885 469 996 504 quanta

172 526 239 546 cum
259 517 367 544 ﬁducia
381 515 477 543 venire
499 515 534 543 ad
560 522 591 542 se
614 514 727 547 debeat,
744 522 800 541 non
825 512 993 540 declaravit.

170 562 311 595 Quocirca
322 569 399 589 nunc
410 560 498 587 etiam
515 559 587 587 illud
599 559 717 595 exponit
731 567 736 586 :
755 558 787 586 Et
801 558 875 591 veni,
892 558 994 585 colum-

171 608 206 636 ba
219 615 282 635 mea
295 607 326 634 in
339 607 458 641 tegmine
476 606 572 640 petras.
589 603 711 636 Quando
727 605 754 630 te
770 601 921 638 discipule:
936 610 994 629 non

171 653 346 688 sequuntur,
369 658 421 686 per
444 657 491 677 res
515 648 670 677 sensibiles
696 648 847 675 docentem
872 655 906 674 ea
930 654 994 681 quae

170 697 293 733 spiritus
317 698 403 726 sunt;
428 693 504 729 veni,
518 696 549 722 tu
579 692 732 729 spiritalis,
756 700 830 725 mea,
847 690 898 727 qui
926 698 993 718 sum

169 739 374 773 immutabilis,
396 737 564 774 evangelica
587 737 721 764 doctrina
742 739 855 764 servate
872 743 879 763 :
896 734 939 763 sic
962 736 995 762 ut

171 794 228 813 non
245 785 401 813 abhorreat
416 792 433 811 a
447 784 660 819 praeceptorum
676 781 749 817 legis
763 780 879 816 scriptae
894 780 993 807 obser-

169 830 294 859 vatione.
312 830 370 857 Lex
384 828 463 856 enim
479 827 589 862 scripta
612 826 706 853 instar
731 824 942 861 propugnaculi
957 824 994 851 ab

170 875 320 903 actionum
337 873 416 901 vitiis
439 871 661 908 praemuniebat,
677 872 705 897 et
720 869 831 906 ﬁguras
853 869 994 896 duntaxat

170 919 300 948 veritatis
320 918 493 946 ostendebat
510 924 516 943 :
534 916 642 951 quibus
657 915 758 942 ordine
777 914 813 942 ad
838 913 993 950 perfectio-

169 972 236 992 nem
260 963 301 991 ita
321 962 508 995 tendebatur,
522 963 555 988 ut
580 959 704 988 actionis
719 959 838 995 quidem
854 958 992 986 vitiorum

168 1008 382 1045 purgationem,
399 1006 530 1042 ipsarum
546 1004 634 1033 etiam
654 1003 863 1039 cogitationum
880 1003 992 1038 impro-

166 1053 271 1081 barum
287 1052 411 1085 ablutio,
421 1051 583 1086 ﬁgurarum
599 1051 696 1077 autem
712 1047 990 1084 contemplationem

166 1097 309 1133 spiritalis
329 1096 364 1124 ad
378 1095 531 1124 veritatem
555 1093 700 1130 provectio
725 1094 906 1129 sequeretur.
922 1092 990 1123 Quae

1053 209 1099 230 τος
1112 198 1156 227 διὰ
1169 200 1217 233 τὴν
1244 199 1312 237 πρὸς
1329 199 1378 235 ἐμὲ
1402 198 1534 236 ἐγγύτητα
1562 199 1717 236 ὠραῖσμὲνη
1744 212 1786 238 μοι
1806 208 1856 237 τοῖς

1053 247 1101 272 τοῦ
1122 244 1255 283 παναγίου
1285 243 1443 281 Πνιύματος
1468 243 1658 282 ἐναργήμασιν.
1684 245 1725 274 'Ev
1753 248 1790 280 οἷς
1813 251 1856 288 γὰρ

1052 289 1153 325 τρόπον
1186 289 1246 316 τινὰ
1284 288 1407 326 μακρύνῃ
1434 288 1479 316 ἀπ’
1504 288 1572 325 ἐμοῦ
1604 291 1662 321 τοῖς
1688 290 1793 329 τύποις,
1819 293 1858 323 διὰ

1051 333 1098 364 τὰς
1139 334 1357 370 μαθητευομὲνας
1387 331 1637 371 συγκαταϐαίνουσα
1655 357 1662 370 ,
1695 334 1720 362 ἐν
1748 337 1857 373 uicerim

1051 377 1121 412 καλή
1138 379 1181 405 καὶ
1197 378 1228 406 ού
1243 377 1387 414 πνεύματι,
1413 378 1523 410 ταύταις
1552 377 1654 413 δοκιῑς,
1679 379 1714 410 ὡς
1744 382 1778 417 μὴ
1805 393 1855 421 χω.

1051 421 1160 457 ρούσαις
1175 422 1208 449 τὰ
1221 424 1269 450 τοῦ
1285 422 1449 458 πνιύματος,
1466 424 1532 450 Εἶτα
1550 421 1644 456 ἐπειδὴ
1656 424 1703 458 τήν
1717 424 1761 460 μὶν
1782 427 1855 455 αἰτίαν

1051 465 1168 501 ὑπέδειξε
1185 465 1219 493 δι’
1235 467 1268 500 ἦν
1286 466 1422 503 ἀπῄτησεν
1439 466 1522 501 αὐτὴν
1539 467 1588 501 τὴν
1606 466 1673 504 πρὸς
1688 467 1763 496 αὐτὸν
1785 469 1855 499 ἔπαν-

1050 510 1165 545 έλιυσιν,
1191 510 1298 546 διδάξας
1319 511 1461 550 ἐφθακέναι
1485 512 1531 539 τὸν
1554 512 1648 549 καιρὸν
1663 513 1711 546 τῆς
1738 513 1762 540 ἦν
1788 517 1854 553 σαρκὶ

1049 555 1197 593 ἐπιδημίας
1223 557 1316 592 αὐτοῦ,
1340 558 1398 589 καθ’
1423 558 1453 591 ἢν
1469 557 1513 584 καὶ
1529 558 1598 593 πρὸς
1611 557 1675 589 τοὺς
1690 558 1798 591 οἰκείους
1812 572 1855 597 μα.

1050 601 1132 636 θητὰς
1164 601 1241 640 ἔλεγε
1271 601 1313 629 τό·
1353 601 1522 639 Ἐγείρεσθε,
1556 600 1666 640 ἄγωμεν
1695 603 1805 636 ἐντεῦθεν
1829 607 1855 634 τὸ

1049 645 1087 682 δὶ,
1116 646 1142 673 ἐν
1169 647 1233 682 ποίᾳ
1260 646 1393 685 ἀσφαλείᾳ
1423 645 1464 674 δεῖ
1492 646 1560 685 πρὸς
1584 647 1662 675 αύτὸν
1697 648 1791 684 ταύτην
1814 650 1856 679 ἰλ-

1049 695 1115 728 θεῖν,
1159 692 1208 719 οὐκ
1246 691 1379 729 ἐδήλωσε,
1419 695 1463 720 νῦν
1505 692 1550 720 καὶ
1587 692 1686 728 ταύτην
1724 693 1858 733 διδάσκων,

1049 737 1139 775 φησίν·
1184 737 1232 764 Καὶ
1270 737 1331 765 ἐλθέ
1368 737 1409 772 σὺ,
1450 737 1594 775 περιστερά
1634 747 1696 774 μου,
1731 738 1755 766 ἐν
1782 740 1856 778 σκέπῃ

1048 786 1097 816 τῆς
1125 782 1222 820 πέτρας
1239 804 1245 810 .
1271 783 1407 820 Ἐχόμενα
1437 784 1485 809 τοῦ
1514 782 1762 820 προτειχίσματος·
1790 784 1855 819 ἤτοι,

1049 825 1142 861 ἐπειδή
1171 837 1213 853 σοι
1247 827 1284 863 μὴ
1298 826 1526 854 ἐπακοΛουθοῦσιν
1555 827 1583 854 αἱ
1613 825 1807 864 διδασκόμεναι,
1823 828 1856 856 δι-

1048 869 1183 908 δασκούσῃ
1211 872 1309 902 ταύτας
1324 869 1367 898 διὰ
1380 873 1434 898 τῶν
1464 871 1490 898 ἐν
1507 871 1629 906 αἰσθήσει
1658 872 1691 899 τὰ
1714 874 1761 899 τοῦ
1787 873 1856 900 πνεύ-

1048 925 1143 951 ματος,
1172 914 1234 947 ἐλθὲ
1261 915 1302 949 σὸ,
1319 916 1337 950 ἡ
1358 916 1539 952 πνευματικὴ,
1552 917 1586 952 τῇ
1602 915 1656 952 ἐμῇ
1672 918 1718 943 τοῦ
1732 916 1852 954 ἄτρεπτον

1046 959 1206 997 εὐαγγελικῇ
1235 959 1408 997 παιδαγωγίᾳ
1430 959 1620 998 φυλαττομένῃ
1647 959 1799 993 ἀκολούθως

1044 1003 1113 1031 κατὰ
1137 1004 1183 1034 τὰς
1199 1003 1312 1036 ἐντολὰς
1325 1005 1374 1031 τοῦ
1385 1006 1507 1041 γραπτοῦ
1521 1002 1608 1041 νόμου
1638 1004 1806 1044 προφυλακῇ.
1829 1006 1854 1035 10

1045 1047 1097 1085 γὰρ
1123 1048 1241 1085 γραπτὸς
1266 1048 1351 1084 νόμος
1381 1048 1611 1086 προτειχίσματος
1637 1047 1712 1084 δίκην
1736 1049 1787 1076 ἀπὸ
1806 1051 1854 1077 τῶν

1043 1092 1101 1119 κατ’
1134 1091 1266 1129 ἰνὲργιιαν
1294 1094 1387 1124 παθῶν
1412 1092 1610 1131 προιφύλαττι,
1627 1093 1672 1120 καὶ
1688 1093 1750 1124 τοὺς
1763 1093 1856 1126 τύπους

1046 1136 1125 1172 μόνον
1142 1140 1191 1171 τῆς
1208 1135 1336 1172 ἀληθείας
1354 1135 1509 1171 ἐδείκνυειν,
1520 1138 1562 1169 οἷς
1575 1136 1725 1165 ἀκόλουθον
1741 1138 1803 1176 πρὸς
1816 1149 1855 1166 τι-

1044 1179 1183 1216 λιιότητα,
1211 1183 1244 1218 τῇ
1262 1182 1309 1217 μὶν
1326 1180 1452 1218 καθάρσιι
1480 1183 1534 1208 τῶν
1563 1185 1622 1209 κατ’
1651 1181 1781 1219 ίνὲργειαν
1807 1193 1852 1210 πα-

1044 1228 1108 1260 θῶν,
1124 1227 1141 1260 ἡ
1157 1227 1200 1253 καὶ
1217 1225 1304 1253 αὐτῶν
1320 1228 1373 1253 τῶν
1392 1224 1515 1254 ἐναντίων
1546 1225 1699 1263 ἐπιθυμιῶν
1725 1225 1853 1258 ἕκπλοσις⁴

164 1142 284 1178 quidem
297 1142 381 1169 docet
395 1140 441 1168 lex
455 1139 577 1175 spiritus
593 1147 598 1165 :
612 1138 799 1173 Evangelium
813 1136 946 1165 videlicet
959 1137 989 1164 in

164 1194 222 1222 quo
237 1186 366 1221 tegimur
377 1194 394 1212 δ.
404 1183 532 1220 spiritali
548 1185 641 1219 petra,
655 1182 715 1218 qui,
729 1184 760 1210 ut
771 1182 856 1209 divus
867 1181 906 1209 ait
916 1182 990 1217 Apo-

163 1231 258 1259 stolus
269 1231 301 1265 ³⁸,
311 1230 444 1258 Christus
469 1230 524 1256 est.
538 1228 584 1255 Sic
600 1227 691 1263 igitur
715 1235 854 1262 sponsam
868 1234 987 1260 vocans,

163 1275 234 1311 quid
255 1275 394 1310 deinceps
408 1273 486 1308 velit,
503 1272 632 1301 ostendit
649 1281 655 1300 :
673 1271 813 1299 nimirum
829 1273 861 1299 ut
877 1271 977 1299 umbra

1053 1272 1075 1307 τῇ
1092 1269 1120 1298 δὶ
1147 1271 1247 1308 θιωρίᾳ
1274 1273 1326 1299 τῶν
1354 1270 1458 1307 τύπων,
1487 1272 1505 1306 ἠ
1535 1270 1561 1298 ἐν
1589 1271 1723 1308 πνιύματι
1738 1272 1854 1309 ἀναγωγὴ

162 1319 297 1348 doctrina
312 1319 412 1346 relicta
427 1318 456 1346 in
472 1317 578 1354 spiritu
593 1319 622 1344 et
636 1315 757 1344 veritate
779 1316 815 1343 ad
831 1323 863 1343 se
876 1315 975 1343 veniat

1053 1315 1108 1353 πρὸς
1147 1316 1230 1350 αὐτὴν
1267 1316 1317 1350 τήν
1356 1315 1504 1351 ἀλήθειαν
1540 1317 1608 1353 ἅπερ
1639 1317 1652 1344 ὁ
1685 1317 1854 1353 πνιυματικὸς

164 1355 394 1399 διδάσκειινόμος,
415 1362 522 1392 πάντως
535 1361 567 1388 τὸ
584 1359 760 1397 Εὐαγγὲλιον,
777 1359 802 1386 ἐν
817 1359 840 1396 ᾦ
856 1359 1010 1396 σκεπόμεθα
1024 1361 1097 1398 παρὰ
1111 1362 1226 1398 Χριστοῦ
1241 1363 1291 1394 τῆς
1306 1362 1491 1396 πνευματικῆς
1511 1360 1623 1398 πέτρας,
1645 1361 1712 1388 κατὰ
1726 1361 1769 1388 τὸν
1790 1364 1852 1393 θιῖον

163 1406 326 1436 ἀπόστολον·
343 1407 436 1437 Οὕτως
452 1405 497 1433 οὖν
513 1404 626 1435 καλέσαις
641 1404 736 1440 αὐτὴν,
751 1404 777 1431 τί
795 1403 924 1441 βούλεται
939 1404 1046 1438 λοιπὸν,
1062 1405 1093 1432 τὸ
1108 1404 1206 1440 ταύτην
1227 1405 1384 1432 καταλιπεῖν
1401 1405 1432 1432 τὸ
1448 1404 1581 1433 διδάσκειν
1597 1406 1630 1433 τὰ
1649 1407 1698 1440 τῆς
1717 1408 1800 1441 σκιᾶς,
1815 1405 1854 1433 καί

162 1452 296 1489 πνεύματι
310 1451 356 1479 καὶ
371 1450 484 1486 ἀληθείᾳ
498 1449 584 1478 ἐλθεῖν
602 1449 670 1487 πρὸς
685 1448 777 1484 αὐτὸν,
793 1449 884 1488 φησίν.

367 1496 489 1525 Ostende
502 1495 574 1523 mihi
586 1496 687 1530 faciem
702 1499 786 1522 tuam.

197 1546 290 1571 Tuam
303 1541 395 1575 illam,
407 1540 570 1568 secundum
584 1539 744 1575 imaginem
756 1547 851 1566 meam
862 1541 892 1566 et
905 1539 985 1566 simi-
1000 1533 1021 1566 C

161 1587 327 1619 litudinem,
345 1588 442 1621 retege
469 1584 572 1612 faciem
598 1592 631 1612 ac
655 1584 780 1611 formam
805 1583 986 1618 spiritalem;

160 1640 250 1669 quam
267 1634 299 1659 ut
314 1630 400 1658 rudes
415 1629 566 1665 discipulae
590 1631 710 1664 possent
725 1628 866 1664 aspicere,
882 1628 985 1664 ﬁguris

159 1676 292 1705 veritatis
306 1677 334 1703 et
347 1673 420 1702 velis
435 1672 598 1701 contexisti.

334 1720 415 1747 Sonet
430 1727 481 1746 vos:
496 1720 544 1746 tua
559 1719 589 1745 in
603 1718 718 1746 auribus
732 1718 810 1745 meis.

198 1768 271 1793 Dum
288 1772 403 1793 mecum
429 1762 603 1799 spiritaliter
623 1762 757 1790 versaris.
773 1761 879 1790 Vocem
904 1761 983 1790 enim

161 1811 307 1847 magistrae
329 1809 434 1837 animai
459 1808 582 1844 spiritus
598 1807 716 1842 quidem
733 1807 813 1834 ducit
837 1807 872 1834 ad
898 1815 984 1834 aures

160 1855 276 1883 Domini
294 1863 300 1882 :
316 1854 404 1882 verba
427 1855 526 1881 autem
541 1854 569 1880 et
584 1852 711 1880 litteram
727 1851 836 1887 quibus
859 1850 984 1887 simplex

158 1900 188 1928 in
205 1899 309 1936 spiritu
331 1907 428 1927 sermo
444 1896 606 1926 concrescit
620 1897 810 1933 compositus,
824 1896 931 1932 perfert
945 1896 981 1924 ad

158 1953 245 1973 aures
260 1943 448 1972 discentium.

406 2033 461 2059 Vos
474 2031 551 2059 enim
569 2033 618 2059 tua
632 2030 731 2058 dulcis.

191 2077 290 2106 Dulcis
305 2076 445 2113 profecto,
461 2083 529 2104 cum
549 2083 584 2104 ea
607 2073 776 2111 pronuntiet
790 2082 852 2110 qua
869 2074 903 2102 ad
920 2074 980 2110 spi-

153 2123 244 2151 ritum
261 2121 418 2158 pertinent.

407 2167 439 2194 Et
453 2166 538 2201 [acies
554 2169 602 2193 ιιια
618 2164 724 2193 decora.

188 2211 300 2249 Quippe
315 2219 381 2248 qua;
396 2209 513 2239 Domini
535 2210 660 2238 formam
676 2210 781 2244 servat,
797 2210 825 2236 et
839 2209 976 2238 manibus
992 2221 1014 2252 D

151 2257 280 2293 Spiritus
295 2258 339 2285 est
353 2257 502 2284 exornata.

187 2302 283 2338 Surge,
299 2301 529 2338 veni,propinqua
542 2307 615 2334 mea,
625 2300 744 2334 famosa
760 2306 834 2333 mea,
845 2297 976 2328 columba

151 2354 226 2375 mea.

515 2389 610 2417 Pselli.

185 2435 315 2470 Hujusce
330 2434 474 2462 sermonis
489 2432 719 2469 significationes
733 2441 808 2469 saepe
823 2433 972 2462 diximus:

147 2479 236 2507 verba
264 2488 328 2515 quae
357 2479 495 2514 deinceps
524 2479 705 2513 sequuntur,
734 2478 971 2515 interpretemur.

148 2524 170 2552 Ο
186 2524 277 2559 virgo,
295 2523 401 2560 inquit,
418 2523 516 2550 anima
537 2521 705 2559 purissima,
721 2531 809 2559 surge
824 2524 859 2551 de
875 2523 970 2560 lapsu,

147 2571 175 2596 et
202 2568 260 2596 huc
288 2568 369 2603 veni,
399 2567 533 2596 alacriter
560 2569 675 2601 tamen,
706 2570 734 2596 et
762 2568 843 2596 nulla
872 2570 971 2596 coacta

146 2612 332 2646 necessitate,
361 2613 412 2640 sed
440 2611 538 2640 volens
568 2621 601 2641 ac
630 2612 746 2641 lubens.
777 2613 838 2641 Non
869 2613 969 2648 invita,

146 2658 278 2694 inquam,
293 2657 343 2685 sed
369 2657 445 2685 ultro
460 2657 534 2686 veni.
551 2657 597 2685 Sic
616 2658 694 2686 enim
720 2658 838 2686 omnino
864 2658 899 2686 ad
925 2666 970 2686 me

182 2757 204 2774 ³⁵
218 2756 302 2785 Joan.
318 2765 376 2790 xxv,
391 2757 437 2785 51.
475 2757 497 2774 ⁸⁸
513 2758 523 2784 Ι
540 2758 602 2785 Cor.
619 2765 647 2792 x,
664 2757 689 2784 4.

1271 1494 1361 1530 Δεῖξόν
1379 1505 1426 1531 μοι
1440 1495 1489 1529 τὴν
1506 1492 1567 1531 ὄψιν
1584 1505 1644 1523 σου.

1076 1540 1188 1576 ”Ηγουν,
1205 1538 1376 1576 ἀνακάλυψόν
1395 1550 1441 1575 μοι
1455 1540 1501 1567 τὸν
1523 1540 1581 1566 κατ’
1606 1539 1698 1567 ιῖκόνα
1724 1539 1789 1576 ἐμὴν
1815 1539 1854 1566 καὶ

1041 1583 1173 1620 ὁμοίωσιν
1198 1584 1380 1620 πνευματικόν
1410 1594 1457 1611 σου
1486 1587 1672 1622 χαρακτῆρα,
1704 1583 1733 1612 ὅν
1760 1583 1802 1611 διὰ
1827 1583 1854 1611 τὸ

1040 1628 1132 1656 Osci-rev
1161 1631 1220 1659 ταῖς
1250 1629 1482 1665 μαθητιυομέναις
1509 1629 1655 1666 γενέσθαι,
1694 1629 1786 1660 τύποις
1812 1629 1855 1662 τῆς

1038 1671 1168 1708 ἀληθείας
1181 1673 1226 1700 καὶ
1243 1671 1396 1710 συμϐόλοις
1411 1672 1610 1711 συνεκάλυψας.

1199 1718 1247 1745 Καὶ
1263 1718 1404 1746 ἀκούτισόν
1421 1729 1455 1754 με
1467 1719 1518 1753 τήν
1535 1719 1628 1758 φωνήν
1645 1729 1703 1747 σου.

1074 1762 1116 1789 Ἐν
1153 1765 1192 1798 τῷ
1219 1765 1408 1799 πνευματικῶς
1444 1763 1616 1800 ἐντυγχάνειν
1639 1773 1697 1799 μοι.
1725 1764 1776 1798 Τὴν
1808 1762 1852 1800 γὰρ

1037 1808 1130 1846 φωνην
1157 1811 1207 1842 τῆς
1233 1806 1398 1836 διδασκάλου
1427 1809 1519 1845 ψυχῆς
1548 1808 1580 1835 τὸ
1597 1808 1646 1844 μὶν
1662 1810 1767 1844 πνεῦμα
1795 1806 1852 1834 ἀνά-

1035 1862 1079 1889 γει
1103 1853 1170 1890 πρὸς
1197 1853 1229 1879 τὰ
1257 1853 1314 1880 ὦτα
1338 1852 1456 1890 Κυρίου·
1490 1853 1523 1879 τὰ
1557 1851 1585 1880 δὶ
1623 1852 1734 1890 ῥήματα
1758 1851 1799 1879 καὶ
1824 1851 1852 1878 τὸ

1034 1897 1157 1934 γράμμα,
1188 1898 1228 1928 οἷς
1254 1898 1268 1924 ὁ
1298 1897 1401 1928 ἁπλοῦς
1418 1897 1443 1924 ἰν
1459 1898 1591 1934 πνιύματι
1609 1896 1692 1934 λόγος
1711 1897 1851 1934 παχύνιται

1035 1941 1229 1979 συντιθέμενος,
1254 1942 1365 1980 κατάγει
1390 1943 1457 1980 πρὸς
1479 1942 1513 1969 τὰ
1528 1943 1584 1970 ὦτα
1596 1943 1651 1969 τῶν
1670 1940 1850 1979 μαθητιυομί-

1037 1996 1102 2014 νων.

1269 2031 1330 2060 ’Ότι
1345 2031 1363 2066 ἡ
1379 2032 1455 2070 φωνή
1474 2041 1521 2058 σου
1536 2029 1628 2066 ἡδεῖα.

1069 2073 1181 2110 Δηλαδή
1194 2073 1306 2114 γλσκιῖα
1322 2076 1358 2107 ὠς
1370 2076 1403 2103 τὰ
1417 2078 1465 2103 τοῦ
1481 2075 1637 2113 πνεύματος
1653 2075 1832 2114 φθεγγομένη.

1277 2165 1325 2193 Καὶ
1339 2167 1356 2201 ὴ
1373 2163 1434 2203 ὅψις
1450 2175 1498 2193 σου
1514 2165 1612 2204 ὡραία.

1065 2213 1110 2243 Ὦς
1134 2211 1179 2239 τὸν
1204 2211 1366 2240 Δεσποτικὸν
1388 2212 1512 2246 σώζουσα
1527 2213 1702 2250 χαρακτῆρα,
1727 2210 1771 2239 καὶ
1797 2211 1850 2241 ταῖς

1031 2256 1109 2294 χερσὶ
1124 2257 1334 2294 καθωραϊσμὲνη
1349 2258 1397 2284 τοῦ
1413 2255 1582 2293 Πνιύματος.

1067 2301 1190 2335 Ἀνάστα,
1207 2299 1279 2335 ἐλθὲ,
1295 2301 1312 2335 ἡ
1328 2299 1444 2336 πλησίον
1463 2311 1528 2338 μου,
1542 2300 1615 2336 καλή
1634 2310 1698 2337 μου,
1715 2297 1849 2337 περιστερά

1032 2355 1095 2383 μου.

1378 2389 1502 2418 Ψελλοῦ.

1063 2434 1165 2462 Τούτου
1180 2433 1317 2466 πολλάκις
1332 2433 1444 2471 εἴπομεν
1457 2437 1506 2462 τοῦ
1521 2434 1607 2472 λόγου
1617 2435 1665 2466 τὰς
1681 2434 1816 2472 ἐμφάσεις·

1028 2479 1131 2517 Λόγους
1147 2479 1243 2507 λοιπὸν
1260 2479 1322 2511 τοὺς
1335 2480 1429 2518 ἐφεξῆς
1444 2480 1744 2519 προσιφιρμηνεοτίον,

1028 2525 1061 2551 Ὠ
1076 2523 1285 2562 παρθινιύουσα,
1301 2525 1395 2559 φησὶν,
1412 2525 1489 2562 ψυχὴ
1505 2524 1698 2563 καθαρωτάτη,

1027 2569 1170 2603 Ἀνάστηθι
1185 2571 1233 2596 τοῦ
1245 2569 1404 2605 πτώματος,
1420 2569 1466 2596 καὶ
1482 2567 1570 2605 δεῦρο,
1594 2568 1670 2604 πλὴν
1691 2566 1846 2606 προθύμως,

1025 2613 1084 2641 Οὐκ
1099 2613 1124 2648 ἐξ
1140 2613 1257 2651 ἀνάγκης
1274 2611 1302 2640 δὲ
1316 2624 1400 2647 τινος,
1416 2612 1480 2640 ἀλλ’
1496 2613 1606 2650 ἑκουσίᾳ
1621 2613 1729 2652 γνώμῃ.

1026 2658 1103 2694 Φημὶ
1116 2659 1166 2697 γὰρ
1183 2656 1272 2695 δεῦρο,
1288 2657 1425 2686 τουτέστιν
1441 2658 1582 2690 ἑκουσίως.
