1949 3055
80 130 136 160 593

597 123 801 154 COMMENT.
825 123 865 153 IN
888 121 1087 153 CANTICUM
1110 122 1263 152 CANTIG.

1724 119 1786 150 591

74 194 151 224 Οὕτω
181 192 210 221 δὲ
238 191 344 222 πάντως
385 191 455 229 πρὸς
499 190 547 227 ip.)
575 190 625 225 τὴν
655 190 754 226 πάτραν
771 212 778 224 ,
805 199 831 226 φτ

976 187 1202 223 ccedes,petram
1216 187 1318 223 utique
1332 187 1481 214 Christum
1495 186 1562 213 vita
1578 185 1782 222 sempiternas:

733 234 865 272 [φθάσεις,

78 285 178 322 ἾΙγουν
193 283 242 316 τήν
254 282 352 320 πάτραν
367 280 413 308 τὸν
430 280 544 317 Χριστὸν
560 282 632 314 ζωῆς
644 282 693 313 τῆς
708 278 830 313 αἰωνίου,

77 329 143 357 Ἀπὸ
157 328 205 354 τοῦ
221 325 453 364 προτειχίσματος
473 327 521 351 τοῦ
536 323 706 352 παλαιτάτου
720 323 817 358 νόμου,

78 375 129 401 Τοῦ
144 372 269 410 σύνεγγυς
284 371 466 408 τυγχάνοντος
482 372 531 404 τῆς
551 369 650 406 πάτρας
668 364 812 404 μεταϐᾶσα.

78 419 208 454 ’Ἔρχεται
223 417 274 454 γὰρ
291 415 328 446 ὡς
344 414 469 449 ἀληθῶς,
482 412 603 441 τουτέστι
622 411 795 449 προσεγγίζει

76 463 132 496 Τῆς
164 460 262 497 πέτρας
289 460 320 487 τὸ
356 458 552 496 προτείχισμα,
580 457 624 484 καὶ
669 457 735 493 μάθε
776 456 820 482 καὶ
856 455 902 482 τὸν

731 499 842 538 [τρόπον
857 509 864 516 ·

76 550 266 588 Προτείχισμα
285 548 315 577 δὶ
330 548 438 586 λέγεται
457 546 539 582 δῆθεν
555 547 569 574 ὁ
584 546 669 574 πάλαι
684 547 779 582 νόμος.

73 596 156 633 Hirpi:
173 593 202 622 ’δὲ
217 594 297 622 πάλιν
314 593 435 631 ἀρραγὴς
451 593 469 627 ὴ
486 591 531 619 νέα
545 590 674 626 διαθήκη.

74 639 123 668 Κᾶν
139 638 254 667 δοκῶσιν
272 636 367 674 ἔξωθεν
385 637 517 672 ἀλλήλων
532 635 687 674 ἀφεστάναι,

71 686 98 712 ’0
111 684 199 721 νόμος
214 684 228 711 ὁ
245 682 392 714 Μωσιϊκὸς
406 682 451 709 καὶ
469 682 483 708 ὁ
498 683 552 708 τῶν
572 679 758 717 Εὐαγγῑλίων,

73 728 152 757 Ἀλλ’
167 729 244 765 ὅμως
260 727 328 755 κατὰ
344 725 458 763 δύναμιν
473 724 610 760 ἀλλήλοις
627 726 828 761 συνεργοῦνται.

77 773 108 802 Τί
126 772 176 810 γάρ
192 772 263 800 ἐστιν
279 771 423 810 ἐγγύτερον
440 769 524 798 τῶνδε
538 772 591 797 τῶν
608 768 798 805 κελευσμίτων
813 778 819 803 ;

75 819 101 845 '0
116 816 236 848 παλαιὸς
251 817 393 853 νομοθετεῖ
407 815 493 852 νόμος
507 815 538 842 τὸ
555 814 593 851 μὴ
612 813 762 851 μοιχεύειν,

74 860 153 891 Ἀλλ’
169 861 182 889 ὁ
198 861 291 898 παρὼν
307 860 352 888 καὶ
373 860 433 891 καθ’
449 861 523 895 ἡμᾶς
540 859 553 886 ὁ
568 861 621 886 τῶν
643 856 829 896 Εὐαγγελίων,

74 906 123 935 Καὶ
141 905 223 933 πάλιν
240 904 408 943 ἰγκελεῦεται
423 903 529 940 τέμνειν
546 903 701 940 ἐπιθυμίαν.

72 952 191 981 Ἐκεῖνος
207 949 231 978 δ’
246 949 278 977 αὖ
293 950 405 988 ἀπέχειν
419 959 447 976 σι
463 950 607 986 νομοθετεῖ
620 950 668 976 τοῦ
684 947 779 987 φόνου,

72 997 103 1025 Ὀ
123 994 153 1023 δὲ
171 993 235 1032 μηδ’
250 994 324 1025 ὅλως
338 994 406 1031 πρὸς
423 994 505 1031 ὀργὴν
522 995 653 1024 κινεῖσθαι
676 991 844 1029 δογματίζει.

75 1040 105 1068 El
121 1038 151 1067 δὶ
167 1042 257 1075 ζητεῖς
269 1039 315 1066 καὶ
331 1035 455 1076 πρόϐατα
469 1038 513 1065 καὶ
528 1035 654 1065 Σάϐϐατα
664 1037 708 1064 καὶ
726 1036 831 1074 Πάσχα,

73 1084 122 1115 Τὰς
136 1084 252 1123 φανερᾶς
265 1083 310 1110 καὶ
324 1084 454 1120 σαρκικας
470 1081 572 1110 ἐκείνου
588 1081 731 1117 διατάξεις,

75 1128 122 1156 Καὶ
136 1128 214 1160 ταῦθ’
229 1128 356 1166 εὑρήσεις
373 1127 400 1155 ἐν
417 1128 491 1163 αὐτῷ
504 1129 693 1164 πνευματικῶς
712 1126 861 1163 ἰγκύπτων.

72 1173 102 1201 Ἥ
114 1173 201 1210 πίτρα
212 1172 262 1210 γὰρ
277 1172 450 1209 πνευματικὴ
467 1172 491 1199 κ’
507 1171 538 1198 οὖ
554 1171 651 1208 χοϊκὸς
668 1171 682 1198 ὁ
700 1173 808 1208 τοῖχος.

74 1216 155 1245 ’Δλλ’
170 1217 350 1253 ἀκουσώμεθα
362 1215 459 1244 λοιπὸν
472 1217 526 1243 τῶν
544 1214 637 1254 ίφιεῆς
650 1214 791 1253 ῥημάτων,

71 1260 229 1298 Ἀπόκρισιν
246 1261 298 1298 γὰρ
313 1259 423 1288 δίδωσιν
437 1261 454 1295 ἡ
469 1259 562 1298 νύμφη
582 1261 623 1295 τῷ
637 1259 759 1298 νυμφίῳ.

109 1327 200 1363 Δεῖξόν
243 1337 290 1364 μοι
331 1327 380 1362 τὴν
419 1324 479 1364 ὄψιν
517 1336 577 1362 σου,
606 1326 650 1353 καὶ
687 1325 829 1354 ἁκούτισόν
864 1336 897 1362 με

71 1373 120 1408 τὴν
158 1374 252 1411 φωνήν
292 1383 351 1408 σου,
380 1372 422 1401 ὅτι
457 1373 475 1406 ἡ
501 1373 578 1411 φωνή
609 1381 657 1398 σου
687 1370 767 1406 ἡδεῖα
799 1372 843 1399 καὶ
877 1373 894 1406 ἡ

639 1414 713 1452 [ὄψις
730 1426 778 1444 σου
798 1416 893 1454 ὡραία.

74 1471 178 1506 Μηκέτι
195 1481 242 1508 μοι
257 1469 442 1509 προσομιλῇς,
460 1469 527 1507 φησὶ
543 1469 610 1497 καλὶ
624 1469 734 1508 νυμφίε,

70 1514 118 1542 Διά
133 1525 215 1542 τινων
231 1516 408 1553 προφητικῶν
425 1513 470 1541 καὶ
485 1515 607 1549 νομικῶν
623 1511 750 1550 βιϐλίων,

957 231 1220 268 apropugnsculo,
1245 240 1262 259 a
1281 231 1370 259 veteri
1399 231 1473 266 lege,
1504 238 1567 266 quis
1597 232 1685 266 petra:
1715 238 1783 258 con-

953 278 1058 313 juncta
1081 279 1136 310 est,
1163 276 1384 305 transcenderis.
1409 276 1495 304 Venit
1519 275 1598 303 enim
1622 283 1689 302 vere
1706 283 1712 302 :
1728 275 1783 302 hoc

957 324 1013 355 est,
1037 322 1254 358 appropinquat
1276 321 1310 348 ad
1339 323 1426 356 petrae
1460 318 1727 356 propugnaculum.
1753 320 1784 348 Et

957 366 1037 394 disce
1052 366 1140 394 etiam
1165 366 1296 393 modum.
1324 364 1582 401 Propugnaculum
1599 368 1698 392 autem
1714 372 1784 392 sane

957 411 1066 438 dicitur
1085 411 1204 446 antiqua
1219 411 1263 438 lex
1280 419 1286 438 :
1305 412 1386 446 petra
1401 418 1468 437 vero
1484 409 1588 442 solida,
1601 416 1708 436 novum
1725 411 1784 436 tes-

957 457 1136 484 tamentum.
1152 459 1192 483 Ac
1207 456 1342 491 quamvis
1367 455 1520 482 videantur
1535 453 1612 481 inter
1627 461 1658 481 se
1672 453 1783 481 distare

957 499 1003 528 lex
1020 500 1158 533 Moseica,
1183 503 1211 528 et
1236 499 1442 535 Evangelium;
1459 500 1567 526 virtute
1589 501 1687 526 tamen
1713 507 1782 526 con-

957 546 1065 572 sonant
1081 547 1168 580 atque
1190 544 1264 572 inter
1279 553 1310 571 se
1333 546 1509 578 congruunt.
1535 543 1609 576 Quid
1631 543 1709 570 enim
1735 542 1782 571 his

957 589 1110 624 praeceptis
1133 590 1226 624 potest
1252 596 1316 615 esse
1347 587 1556 623 conjunctius?
1581 588 1709 622 Antiqua
1737 587 1781 614 lex

956 635 1033 660 vetat
1049 632 1225 660 adulterium
1244 641 1250 659 ε
1270 632 1457 667 Evangelium
1487 634 1619 666 amputat
1635 632 1781 667 cupidita-

956 680 1026 705 tem.
1044 676 1105 707 illa.
1123 679 1186 704 uta
1210 677 1288 704 caede
1311 676 1569 712 abstineas,jubet
1586 685 1592 703 :
1611 676 1664 703 hoc
1681 676 1781 712 probi-

956 722 1014 755 bet,
1033 730 1068 749 ne
1080 730 1201 758 prorsus
1217 721 1364 749 irascaris.
1383 721 1463 755 Quod
1485 722 1510 748 si
1526 718 1632 756 quieris
1659 723 1687 748 et
1702 729 1781 754 oves,

956 769 985 794 et
999 767 1168 801 Sabbats,et
1180 766 1369 802 Pascha,quas
1385 766 1445 794 illic
1461 765 1625 794 secundum
1641 773 1759 793 carnem
1775 777 1782 800 ;

956 811 1004 839 hic
1020 811 1185 839 secundum
1210 811 1360 847 spiritum,
1383 810 1407 838 si
1437 810 1607 844 attenderis,
1639 809 1780 837 invenies.

957 855 1045 891 Lapis
1069 856 1146 883 enim
1170 855 1322 892 spiritalis,
1348 863 1406 883 non
1432 857 1531 883 autem
1556 857 1704 887 terrenus,
1733 857 1780 882 est

954 899 1060 935 paries.
1076 900 1140 933 Sed,
1158 908 1221 936 quas
1237 902 1404 936 sequuntur
1419 900 1516 933 verba,
1529 900 1591 936 jam
1608 899 1776 927 audiamus.

954 946 1066 980 Sponsa
1081 945 1159 973 enim
1175 945 1333 981 respondet
1348 952 1465 980 sponso.

988 1327 1103 1357 Ostende
1130 1327 1203 1355 mihi
1228 1327 1334 1363 faciem
1363 1332 1460 1355 tuam:
1479 1330 1557 1356 εοηει
1584 1334 1636 1355 vox
1667 1332 1716 1355 tua
1745 1329 1774 1356 in

951 1374 1067 1402 auribus
1081 1373 1149 1400 mei:
1164 1385 1171 1403 ;
1188 1380 1239 1400 vox
1253 1373 1326 1400 enim
1339 1374 1387 1400 tua
1406 1371 1505 1406 dulcis,
1515 1375 1542 1399 ιι
1553 1373 1640 1407 [acies
1663 1374 1712 1400 tua
1725 1372 1774 1400 do-

948 1426 1023 1446 cora.

985 1474 1022 1499 Ne
1039 1479 1154 1499 mecum
1170 1470 1334 1506 amplius,o
1349 1479 1455 1506 sponse
1470 1470 1606 1503 formose,
1623 1478 1673 1506 per
1683 1470 1773 1499 libros

949 1516 1093 1551 quosdam
1110 1515 1297 1551 propheticos
1325 1518 1354 1542 et
1378 1514 1486 1551 legales
1511 1514 1679 1550 colloquare
1696 1523 1702 1541 :
1720 1515 1771 1543 sed

68 1558 145 1586 Ἀλλ’
161 1559 199 1591 ὡς
213 1558 270 1594 ξξόν
289 1569 334 1595 μοι
353 1558 450 1596 βλέψαι
466 1569 505 1594 σι,
521 1558 565 1586 καὶ
589 1561 636 1592 τῆς
653 1561 745 1596 φωνῆς
769 1557 831 1586 duo?

980 1560 1021 1588 ibi
1055 1560 1153 1588 videre
1176 1563 1204 1587 te
1230 1559 1331 1593 liceat,
1356 1562 1385 1587 et
1417 1567 1516 1587 vocem
1541 1561 1622 1586 tuam
1649 1559 1772 1593 audire;

68 1603 227 1631 Ἀκούτισόν
265 1614 298 1640 με
332 1604 381 1638 τήν
418 1603 526 1642 φωνὴν,
560 1603 604 1630 καί
639 1601 725 1638 δεῖξόν
760 1613 806 1639 μοι
844 1605 893 1639 τὴν

798 1648 893 1683 [θείαν.

67 1691 101 1721 Ei
114 1692 166 1730 γὰρ
182 1691 260 1727 ἡδεῖα
273 1692 388 1730 πέφυκεν
405 1691 475 1719 οὕτω
490 1691 534 1719 καὶ
550 1690 704 1729 γλυκυτάτη

65 1738 95 1765 Ἥ
113 1737 148 1771 σή
165 1738 242 1775 φωνή
258 1738 436 1775 προφητικῶς
452 1737 518 1772 ἡμῖν
536 1737 568 1770 ἧν
585 1736 742 1773 ἠχουμὲνη,

66 1781 212 1809 Κάντεῦθεν
226 1780 259 1815 ἥν
276 1790 324 1807 σου
342 1779 479 1817 βλέπομεν
496 1778 557 1816 ὄψιν
572 1780 608 1811 ὡς
624 1780 649 1806 ἂν
667 1780 820 1817 κατόπτρῳ,

63 1827 225 1864 Ὡραιοτάτη
242 1825 344 1864 πέφυκε
358 1825 404 1852 καὶ
419 1823 654 1860 πανιυειόεστάτη,

64 1876 95 1899 Ὠ
109 1871 235 1899 ποταπὸν
248 1870 408 1905 καθέστηκεν
422 1870 453 1897 τὸ
468 1869 571 1901 κάλλος
585 1873 633 1904 τῆς
649 1873 698 1904 σῆς
715 1871 784 1904 ϐίας,

66 1917 113 1945 Καὶ
129 1919 182 1951 τῆς
197 1916 289 1953 φωνῆς
306 1916 320 1942 ὸ
335 1914 496 1952 γλυκασμὸς
513 1914 620 1950 ἀμέσως
640 1914 799 1952 ὃεδιγμὲνος
814 1917 820 1944 ί

65 1962 186 1990 Ἤκουσε
200 1961 249 1994 τὴν
267 1958 439 1998 παράκλησιν
452 1963 502 1994 τῆς
518 1958 627 1997 νύμφης
642 1959 656 1986 6
675 1960 802 1998 νυμφίος,

64 2009 110 2038 ’ος
127 2004 237 2042 μᾶλλον
253 2004 344 2042 ὥσπερ
358 2004 451 2031 ἑαυτὸν
468 2004 505 2034 ιῐς
519 2003 671 2043 τούμφανὲς
686 2003 824 2039 δεικνύων,

66 2051 182 2087 Πρῶτον
197 2049 235 2080 εἰς
251 2048 334 2086 ἄγραν
347 2050 476 2086 παρορμᾷ
489 2048 552 2079 τοὺς
569 2049 712 2086 θηρευτὰς,
728 2049 772 2077 καὶ
794 2049 869 2087 λέγει
883 2061 889 2067 -

100 2115 221 2142 Πιάσατε
259 2116 328 2151 ἡμῖν
373 2114 518 2145 ἀλώπεκας
563 2115 676 2153 μικροὺς
718 2115 891 2154 ἀφανίζοντας

64 2159 243 2196 ἀμπελῶνας,
278 2159 323 2186 καὶ
360 2159 388 2186 αἱ
422 2157 543 2195 ἄμπελοι
585 2160 666 2195 ἡμῶν
704 2161 889 2198 κυπρίζουσιν.

99 2214 133 2240 Ὢ
147 2216 200 2247 τῆς
215 2215 329 2250 ορικτῆς
345 2213 388 2240 καὶ
406 2209 522 2250 φοϐερᾶς
537 2215 587 2239 τοῦ
607 2213 695 2251 Λόγου
719 2212 869 2246 δυναστείας
882 2217 888 2244 !

64 2259 96 2286 Ὢ
111 2257 268 2288 novellae-'34
282 2256 437 2294 δυνάμεωςῑ
455 2256 477 2284 ὢ
493 2257 608 2296 κράτους
628 2258 799 2296 ἀποῤῥητουέ

66 2301 177 2330 Κελεύιι
192 2301 242 2339 γὰρ
258 2304 316 2333 τοῖς
329 2303 484 2339 θηρευταῖς,
500 2302 621 2329 τουτέστι
635 2305 693 2333 τοῖς
710 2303 843 2341 ἀγγέλοις,

63 2348 167 2384 ’Ὠσπερ
183 2345 326 2377 ἀλώπεκας
341 2356 416 2378 τινας
431 2346 530 2383 μικρὰς
544 2345 743 2382 δυστηνοτάτας

63 2391 116 2425 Τὴν
133 2393 220 2418 πᾶσαν
239 2390 422 2425 ἀποπατικήν
437 2389 550 2426 δύναμιν
564 2393 617 2418 τῶν
635 2390 782 2427 δαιμόνων,

63 2437 199 2473 Θηριῦσαι
215 2435 259 2462 καὶ
275 2438 446 2473 συναγαγεῖν,
461 2439 604 2473 κρατῆσαι,
619 2436 664 2463 καὶ
681 2435 836 2471 δεσμεῦσαι,

63 2481 115 2509 Τὸν
133 2479 267 2518 δράκοντα
280 2480 325 2507 τὸν
344 2479 470 2517 μέγιστον
485 2480 530 2507 τὸν
548 2480 701 2516 ἀποστάτην
718 2491 804 2519 φυσει,

65 2527 109 2556 ⁸ος
126 2523 257 2562 ἒνεὸρεύει
272 2525 330 2552 καθ’
351 2526 441 2561 ἡμῶν,
465 2525 501 2555 ὡς
521 2523 589 2552 λέων
616 2525 654 2556 εἰς
678 2525 796 2562 ποίμνας
827 2526 887 2562 μαί-

804 2580 888 2605 νεται,

64 2615 118 2641 Τοῦ
146 2613 370 2650 κοσμοκράτορος
401 2615 500 2648 Σατᾶν,
526 2615 574 2640 τοῦ
604 2613 716 2645 σκότους
744 2614 790 2641 τὸν
819 2624 888 2651 προ-

766 2658 886 2695 [στάτην,

61 2703 110 2730 Τὸν
127 2700 198 2737 ᾅδην
212 2702 256 2729 τὸν
273 2701 444 2729 πλατύνοντα
457 2702 488 2729 τὸ
503 2701 591 2738 στόμα
605 2702 635 2729 τὸ
653 2701 783 2741 ζοφῶδες,

61 2748 110 2774 Τὸν
127 2746 229 2785 ἔχοντα
243 2747 289 2774 καὶ
305 2747 419 2785 φὶροντα
431 2746 462 2773 τὸ
476 2746 576 2783 κράτος
590 2749 637 2774 τοῦ
654 2747 778 2782 θανάτου,

63 2792 112 2819 Τὸν
128 2791 340 2831 ὔγκαυχώμενον
356 2788 449 2818 λαϐεῖν
467 2790 503 2822 ὡς
518 2791 625 2819 νοσσιὰν
644 2792 796 2830 στρουθίου,

949 1609 1026 1633 sane!
1048 1613 1102 1633 vox
1123 1609 1172 1633 tua
1193 1606 1224 1633 in
1246 1605 1362 1632 auribus
1390 1605 1472 1637 meis,
1501 1604 1608 1632 ostende
1632 1604 1706 1632 mihi
1728 1609 1774 1639 [ας

949 1651 1019 1678 ciem
1034 1654 1120 1678 luam.
1137 1651 1211 1677 Nam
1240 1649 1265 1676 si
1283 1657 1338 1676 vox
1366 1651 1417 1676 tua
1446 1648 1532 1676 nobis
1554 1649 1774 1684 jucundissima

949 1695 1004 1722 fuit
1015 1696 1102 1730 atque
1118 1693 1291 1722 dulcissima
1307 1701 1314 1726 ;
1329 1693 1354 1721 si
1364 1693 1463 1721 vultus
1475 1696 1544 1720 tuus
1555 1693 1773 1728 pulcherrimus

948 1740 1030 1766 visus
1054 1741 1100 1766 est
1123 1742 1150 1766 et
1175 1738 1302 1766 maxime
1326 1739 1461 1771 decorus,
1485 1746 1552 1765 cum
1576 1746 1630 1765 vox
1656 1740 1707 1765 tua
1721 1746 1773 1773 per

949 1783 1106 1819 prophetas
1122 1782 1281 1815 iasonaret.
1298 1784 1327 1810 et
1343 1783 1465 1810 formam
1486 1784 1567 1810 tuam
1583 1784 1724 1817 tanquam
1741 1782 1770 1810 in

948 1827 1066 1863 speculo
1082 1834 1269 1854 cerneremus
1291 1835 1296 1853 :
1324 1829 1506 1862 quantanam
1532 1826 1587 1854 erit
1610 1826 1769 1861 praesentiae

948 1874 1005 1898 tuae
1022 1870 1207 1907 pulcritudo!
1225 1872 1334 1906 quanta
1347 1871 1426 1898 vocis
1442 1870 1537 1906 ipsius
1556 1870 1690 1902 dulcedo.
1707 1879 1768 1905 quae

947 1916 1011 1944 sine
1027 1915 1085 1943 ullo
1102 1915 1197 1943 medio
1208 1915 1403 1943 exaudietur?
1417 1915 1535 1951 Sponsa:
1548 1923 1648 1951 preces
1659 1915 1770 1943 audivit

947 1959 1138 1996 sponsus,qui
1155 1962 1228 1987 utse
1243 1959 1339 1995 ipsum
1356 1968 1454 1987 coram
1466 1960 1561 1995 magis
1576 1959 1769 1996 conspicuum

947 2005 1083 2041 praebeat,
1099 2007 1252 2032 venatores
1268 2005 1303 2032 ad
1320 2005 1448 2040 praedam
1465 2005 1581 2040 excitat,
1597 2004 1698 2032 dicens
1714 2013 1721 2032 :

981 2116 1077 2152 Capila
1095 2115 1175 2143 nobis
1202 2115 1295 2151 vulpes
1322 2117 1471 2151 parvulas,
1497 2123 1556 2151 quae
1579 2115 1771 2144 demoliunlur

944 2163 1038 2190 vineas
1054 2169 1061 2188 :
1077 2163 1104 2189 et
1121 2161 1208 2189 vinea:
1223 2165 1327 2203 ηοεινῳ
1334 2161 1444 2196 ﬂorent.

981 2215 1003 2243 Ο
1016 2215 1172 2251 imperium
1189 2213 1274 2241 Verbi
1292 2213 1420 2242 terribile
1436 2222 1469 2242 ac
1491 2213 1728 2242 formidandum!
1745 2214 1768 2242 Ο

944 2259 1082 2287 virtutem
1130 2259 1381 2294 omnipotentem!
1409 2259 1432 2286 Ο
1457 2259 1547 2286 robur
1576 2258 1765 2286 incredibile!

944 2303 1141 2332 Venatoribus
1165 2303 1244 2331 enim
1275 2303 1421 2340 praecepit,
1457 2303 1484 2330 id
1511 2305 1554 2331 est
1587 2302 1709 2339 angelis,
1735 2307 1767 2331 ut

944 2348 1111 2384 vulpeculae
1129 2349 1274 2384 quasdam
1300 2347 1439 2384 parvulas
1465 2350 1551 2383 captu
1576 2347 1766 2376 difﬁcillimas

944 2393 1151 2429 pervestigent,
1166 2392 1426 2428 comprehendant,
1447 2394 1595 2427 superent,
1611 2391 1741 2420 vinciant
1758 2401 1765 2420 :

944 2439 1034 2465 totam
1045 2437 1185 2465 nimirum
1194 2437 1382 2465 desertricem
1394 2437 1559 2464 daemonum
1571 2438 1745 2472 potestatem
1758 2446 1765 2466 :

944 2482 1099 2510 draconem
1113 2482 1197 2509 illum
1210 2481 1370 2509 maximum
1387 2489 1393 2509 :
1407 2481 1490 2508 illum
1502 2480 1639 2508 rebellem
1651 2486 1766 2518 natura,

945 2527 994 2562 qui
1010 2535 1067 2554 non
1084 2527 1168 2554 aliter
1183 2527 1212 2554 in
1229 2534 1282 2554 nos
1298 2534 1386 2562 quam
1403 2525 1448 2554 leo
1465 2526 1494 2553 in
1515 2533 1619 2562 greges
1634 2526 1766 2561 descivit,

944 2571 1047 2598 mundi
1069 2571 1209 2607 principis
1234 2571 1346 2604 Satan;
1375 2570 1537 2606 principem
1562 2570 1762 2605 tenebrarum,

943 2615 1090 2643 infernum
1124 2615 1296 2643 tenebrosus
1326 2615 1426 2642 fauces
1466 2623 1534 2642 suas
1575 2615 1765 2651 aperientem,

942 2660 1099 2688 habentem
1116 2668 1149 2687 ac
1175 2659 1314 2686 terentem
1342 2659 1444 2686 mortis
1463 2659 1639 2695 imperium;
1657 2660 1707 2695 qui
1733 2668 1764 2688 se

942 2704 1070 2740 passeris
1085 2704 1302 2738 nidum,orbem
1315 2703 1426 2731 scilicet
1437 2703 1761 2740 universum,tanquam

941 2758 994 2777 ova
1018 2749 1135 2785 putrida
1159 2750 1246 2784 atque
1271 2748 1384 2784 ebjecta
1408 2749 1522 2784 cepisse
1546 2750 1574 2776 et
1601 2749 1761 2785 diripuisse

939 2795 1081 2832 gloriatur
1097 2803 1104 2823 :
1121 2794 1171 2831 qui
1187 2795 1270 2822 terra:
1287 2795 1402 2822 montes
1416 2796 1445 2821 et
1460 2795 1759 2828 mareeversurum,et
