1951 3051
76 127 137 157 597

603 127 809 158 COMMENT.
832 127 870 157 ΙΝ
894 127 1096 159 CANTICUM
1117 128 1269 158 CANTIG.

1733 130 1794 162 598

78 191 202 228 πάντως,
227 192 245 226 ἠ
260 193 308 219 τοῦ
323 192 391 218 Θεοῦ
403 190 447 218 καὶ
464 191 570 228 Πατρὸς
584 190 763 223 ἐνυπόστατος
782 191 862 228 δύναμ

999 191 1068 220 lecte
1084 193 1136 228 mi,
1152 193 1203 229 qui
1218 193 1269 221 Dei
1285 195 1314 222 et
1325 193 1421 222 Patris
1437 193 1527 222 unius
1543 195 1633 230 atque
1657 195 1790 231 ejusdem

75 236 204 274 ἀγαπητέ
221 246 284 272 μου,
306 238 366 266 τοῖς
379 234 558 274 φυγαδεύουσι
577 237 657 271 ζώοις
673 238 706 264 τὰ
730 234 830 264 ἷοῦόλα
860 242 908 271 οη-

76 281 133 319 ρία,
163 281 188 309 ἐν
213 283 252 317 τῷ
279 279 438 308 ἀπελαύνειν
459 280 554 319 πόρῥω
579 283 659 316 ἡμῶν
681 282 714 309 τὰ
736 281 909 319 πονηρότατα

74 326 236 362 πνεύματα·
271 325 342 352 οὕτω
372 323 400 352 δὲ
422 325 532 357 τούτοις
560 326 726 362 ὁμοιώθητι,
756 326 908 364 ἐρχόμενος

74 370 120 398 ἐπὶ
147 371 195 401 τὰς
226 368 416 401 διδασκάλους.
445 370 494 401 τὰς
511 368 590 405 δίκην
612 371 682 408 ὁρῶν
714 371 908 408 ὑπερκειμένας

72 417 129 443 τῶν
157 414 352 447 κοιλανθεισῶν
380 417 439 446 τοῖς
466 417 519 442 τῶν
551 416 644 442 παθῶν
675 415 789 453 ῥεύμασι
820 416 908 451 μαθη-

75 461 172 497 τριῶν,
204 459 273 486 ὥστε
302 458 466 498 φυγαδεῦσαι
494 458 539 487 διὰ
569 459 657 496 μέσων
687 459 794 487 ἐκείνων
810 459 844 486 τὰ
857 459 906 492 τήν

77 505 187 533 τούτων
222 504 413 542 κατωρύξαντα
451 505 567 543 φυσικὴν
603 505 779 542 ὁμαλότητα,
807 505 851 532 καὶ
881 504 907 532 ἐν

75 549 190 580 ταύταις
217 548 431 587 ἐμφωλεύσαντα
454 547 618 587 ψυχοφθόρα
642 548 736 586 θηρία·
767 548 906 576 κάντεῦθεν

77 593 301 628 ἀποκαταστῆσαι
332 593 414 621 πάλιν
443 593 536 624 αὑταῖς
564 594 613 627 τήν
644 594 792 630 εἷ’ρημένην
806 592 909 629 ὁμαλό-

77 647 160 672 τητα·
176 638 249 677 φημὶ
270 636 299 664 δε
327 638 376 672 τὴν
406 640 461 666 τῶν
489 640 616 676 ψυχικῶν
651 637 791 674 δυνάμεων
818 637 908 664 ἳσονο-

80 682 143 719 μίαν
150 705 156 710 .

366 739 426 763 Τῶν
442 740 465 774 γ’
485 735 623 774 Πατέρων.

112 784 201 809 Ταῦτα
225 781 318 809 τοίνυν
339 782 357 815 ἡ
385 779 548 812 διδάσκαλος
571 781 617 808 τὸν
640 781 756 820 νυμφίον
776 781 837 818 περὶ
852 783 906 808 τῶν

79 825 311 863 μαθητευομένων
349 825 530 861 αἰτησαμένη,
570 826 639 863 πρὸς
672 825 771 857 ταύτας
809 824 906 852 λοιπὸν

963 237 1098 265 essentia:
1123 238 1215 266 virtus
1237 246 1280 273 es,
1305 240 1334 265 te
1358 238 1562 266 animantibus
1578 238 1637 267 illis
1663 239 1792 268 similem

963 281 1146 318 exhibe,quas
1161 291 1324 311 venenosas
1339 283 1416 311 feras
1428 283 1624 317 insectantur,
1641 285 1674 312 ut
1688 285 1791 320 procul

963 334 980 353 a
1004 327 1088 354 nobis
1126 327 1363 363 improbissimas
1404 327 1529 364 spiritus
1571 329 1697 356 avertas.
1737 329 1789 363 Te,

963 371 1096 407 inquam,
1112 371 1172 399 illis
1187 372 1314 400 similem
1331 372 1570 408 prastayeniens
1586 372 1616 400 in
1633 372 1792 409 magistras

963 415 1088 449 animos,
1118 424 1183 452 quae
1211 416 1288 444 inter
1332 416 1494 452 discipulae
1535 417 1792 452 perturbationum

962 460 1102 488 ﬂuctibus
1116 461 1282 497 depressas,
1300 461 1446 489 montium
1462 461 1558 489 instar
1572 461 1719 490 excellunt
1735 470 1742 489 :
1759 465 1792 490 ut

962 504 1096 540 ipsarum
1129 514 1217 541 opera
1241 505 1386 542 propellas
1413 508 1442 534 et
1475 506 1560 542 fugas
1584 506 1695 535 bestias
1724 507 1792 535 illas

963 549 1129 585 pestiferas,
1158 558 1224 586 quas
1252 550 1418 578 naturalem
1456 551 1579 578 rudium
1621 552 1791 580 animarum

962 593 1190 629 aequabilitatem
1215 597 1366 628 excavant,
1395 595 1424 622 in
1453 595 1556 631 eisque
1581 596 1638 624 sibi
1662 596 1792 625 latebras

962 638 1158 666 constituunt.
1182 641 1278 674 Atque
1302 639 1345 667 ita
1377 639 1535 675 pristinam
1560 639 1619 669 illis
1647 640 1792 669 virtutum

962 682 1191 719 aequabilitatem
1208 684 1306 712 redde.

1260 737 1353 765 Trium
1367 737 1495 765 Patrum.

997 780 1063 808 Hac
1086 780 1179 817 igitur
1193 781 1335 817 magistra
1360 789 1427 809 cum
1442 782 1479 809 de
1503 781 1657 818 discipulis
1683 790 1792 818 sponso

962 825 1162 859 disseruisset,
1178 826 1215 854 ad
1230 834 1281 854 eas
1307 834 1374 854 mox
1393 834 1561 855 sermonem
1584 827 1748 862 convertit;
1765 829 1794 856 et

77 870 170 908 τρέπει
185 870 233 898 τὸν
249 869 343 908 λόγον,
369 870 415 897 καὶ
439 870 472 897 τὰ
494 869 583 897 οἷ’κεῖα
603 869 772 907 ἐξηγουμένη
803 869 862 897 αὐτο

1003 879 1026 897 ω
1048 870 1083 898 ad
1106 879 1137 898 se
1161 871 1256 906 ipsam
1280 871 1449 906 pertinent,
1475 871 1614 907 exponit;
1642 873 1732 908 atque
1752 872 1794 900 ita

73 917 118 942 καὶ
152 913 198 942 διὰ
220 915 326 942 τούτων
350 913 451 945 ταύτας
467 914 567 952 ἐνάγειν
596 913 784 952 ἐπιχειροῦσα,
814 913 907 953 φησίν·

81 959 144 987 Ἐπὶ
173 958 268 994 κοίτην
297 969 349 995 μου
380 958 405 986 ἐν
435 959 507 994 νυξὶν
535 958 654 994 ἐζήτησα
680 959 709 986 ὃν
739 959 910 996 ἠγάπησενή

81 1004 160 1042 ψυχή
191 1013 253 1040 μου·
284 1002 368 1041 ἤγουν
399 1003 425 1030 ἐν
455 1003 532 1041 σαρκί
563 1014 626 1039 μου,
643 1003 683 1042 ἐφ’
709 1001 912 1040 ᾖέδόκουνδιὶ

98 1048 112 1076 δ
191 1051 196 1062 ι
246 1047 254 1058 9
281 1048 288 1057 ι
361 1046 382 1065 ἢ)
425 1047 432 1056 π
510 1047 522 1065 'I
733 1050 758 1066 τῃ
823 1047 829 1056 ι
881 1050 894 1056 ..

81 1059 96 1076 τ
136 1059 187 1076 κατ
225 1058 308 1082 αυτ-ην
338 1048 390 1082 ἡο)
420 1053 612 1083 αναπαδεσοαι,
642 1047 670 1075 ἐν
699 1058 758 1078 ται,
774 1048 831 1082 νυξι
860 1057 910 1082 της

83 1093 196 1131 ἀγνοίας
211 1092 330 1128 ἐζήτησα
344 1091 375 1119 τό
396 1091 497 1130 κυρίως
521 1091 617 1127 καλὸν,
632 1091 698 1130 ὅπερ
728 1091 781 1119 ἐστῖ
808 1093 822 1119 ὁ
849 1091 909 1128 ἐμοὶ

86 1138 265 1176 ἡγαπημένος
292 1135 411 1173 νυμφίος
428 1159 436 1172 ,
462 1137 551 1172 εὑρεῖν
569 1158 576 1170 ,
605 1136 674 1164 κατᾶ
700 1137 731 1164 τὸ
757 1136 911 1173 εἰρημένη,

83 1182 124 1210 ὅτι
154 1182 200 1219 νὺξ
229 1183 263 1217 ἦν
293 1181 355 1216 περὶ
383 1181 432 1218 ἐμὶ
459 1182 508 1216 τήν
530 1180 663 1217 δείλαιον,
691 1181 736 1209 καὶ
753 1181 802 1208 οὐκ
817 1180 910 1218 ἔγνων·

82 1226 225 1266 φωτισμὸν
266 1225 318 1264 γὰρ
364 1227 432 1253 εἴναι
474 1226 523 1260 τήν
565 1226 668 1264 τρυφὴν
709 1223 911 1261 ὑπελάμϐανον.

83 1272 221 1306 Ἐζήτησα
265 1270 344 1298 αὑτὸν
387 1270 432 1298 καὶ
475 1269 528 1308 οὐχ
569 1270 645 1307 εὗρον
680 1270 771 1304 αὑτὸν,
800 1269 913 1297 ἐκάλεσα

82 1316 175 1350 αὑτὸν,
204 1315 249 1343 καὶ
277 1315 332 1353 οὐχ
361 1315 498 1350 ὑπήκουσὲ
530 1324 604 1350 μου*
633 1313 741 1349 δηλαδὴ
773 1315 912 1350 ζητήσασα

83 1360 164 1388 αὑτὸν
194 1359 221 1388 ἐν
245 1362 304 1391 τοῖς
319 1360 386 1386 κατὰ
402 1359 488 1396 σάρκα
502 1358 606 1394 ἡὸἐσιν,
624 1359 677 1396 οὐχ
694 1359 783 1396 εὗρον.
800 1357 911 1393 Ἐπειδὴ

82 1405 248 1441 τῇσαρκικῇ
273 1402 361 1439 ἡδονῇ
376 1405 496 1442 φυσικῶς
512 1404 526 1430 ὁ
552 1403 635 1434 πόνος
663 1403 838 1438 ςυνέξεῡκται·
870 1403 913 1432 δτι

85 1451 198 1487 φθορᾶς,
224 1449 284 1482 ἥτις
314 1446 397 1483 ὀδύνη
428 1447 511 1481 ἐστὶν,
540 1448 557 1483 ἡ
586 1448 644 1475 κατ’
674 1446 798 1483 αἴσθησιν
827 1446 914 1482 ἡδονὴ

84 1493 188 1531 γινισις
206 1514 212 1520 .
252 1492 399 1521 Κὰντεῠθεν
429 1492 474 1519 ἀπ’
503 1492 588 1526 αὐτῆς
618 1490 705 1529 ἔγνων
731 1495 782 1526 τῆς
807 1492 915 1530 πείρας,

85 1538 128 1565 δτι
167 1540 219 1572 τῆς
252 1538 320 1564 κατὰ
355 1536 440 1573 σάρκα
468 1535 572 1571 ἡδονῆς
601 1537 615 1564 ὁ
645 1537 706 1573 ἐμοὶ
733 1537 914 1574 ἀγαπώμενος

85 1581 192 1609 ἄπεστι·
217 1580 310 1618 διόπερ
336 1581 362 1608 ἐν
384 1580 469 1618 ταύτῃ
491 1580 642 1615 καλεσάσης
659 1591 711 1618 μου
725 1583 819 1608 τοῦτον
844 1582 913 1618 πρὸς

84 1625 234 1654 ἀπόλαυσιν
251 1625 366 1659 ἄλυπον,
397 1624 451 1662 οὐχ
478 1626 641 1660 ὑπήκουσεν,
669 1626 748 1657 ’Όθεν
766 1624 911 1663 διαπορου-

87 1671 155 1707 μίνη
182 1668 245 1697 τάδε
270 1669 344 1697 εἶπον
369 1670 437 1707 πρὸς
477 1669 597 1705 ἐμαυτήν
616 1679 621 1686 ’
647 1670 847 1706 Ἀναστήσομαι
878 1668 911 1704 δὴ

83 1715 129 1743 καὶ
166 1714 302 1742 κυκλώσω
340 1714 366 1741 ἐν
402 1715 436 1750 τῇ
465 1713 557 1748 πόλει,
593 1713 618 1741 ἐν
643 1716 703 1745 ταῖς
732 1714 844 1751 ἀγοραῖς
868 1712 913 1740 καί

86 1759 112 1788 ἐν
150 1762 210 1790 ταῖς
245 1757 404 1789 πλατείαις·
435 1759 479 1785 καὶ
518 1759 628 1793 ζητήσω
658 1757 687 1786 δν
720 1759 863 1796 ἠγάπησεν
894 1759 911 1792 ἡ

85 1805 162 1842 ψυχή
194 1814 257 1840 μου.
283 1804 374 1838 ’Ἡτοι,
409 1801 592 1840 ἐγερθήσομαι
620 1803 673 1830 ἀπὸ
701 1806 752 1838 τῆς
780 1806 911 1839 σαρκικῆς

87 1850 219 1887 σχέσεως,
261 1848 306 1875 καὶ
349 1848 481 1884 Θεωρήσω
523 1846 719 1884 εἰσαγωγικῶς,
761 1847 804 1874 καὶ
842 1846 912 1874 οὕτω

85 1893 190 1931 πράξω.
212 1892 356 1923 Κάντεῦθιν
386 1890 431 1918 διὰ
460 1891 555 1929 πείρας
583 1890 748 1929 τελεώτερον
769 1892 911 1928 θεωρήσω’

86 1938 131 1966 καὶ
160 1937 197 1968 ὡς
221 1937 274 1964 ἀπὸ
304 1935 418 1973 Θεωρίας
443 1935 597 1974 ἀρχομένη,
623 1936 668 1963 καὶ
698 1935 735 1968 εἷς
749 1935 833 1970 αὐτὴν
849 1945 913 1963 κατ-

87 1983 192 2009 αντῶσα
204 1980 339 2008 κυκλώσω
355 1979 380 2007 ἐν
399 1980 503 2017 ἐμαυτῇ
533 1980 601 2007 κατᾶ
625 1980 720 2017 πρᾶξιν
746 1981 792 2016 μὲν
822 1979 912 2017 ὥσπερ

87 2026 112 2054 ἐν
137 2026 248 2064 ἀγοραῖς
262 2035 335 2055 τινος
350 2024 470 2060 πόλεως,
494 2024 594 2056 πόνους
621 2025 665 2052 οἷα
680 2023 911 2061 δεδοκιμασμένον

85 2070 215 2109 ἀργύριον
258 2066 491 2105 μεταϐάλλουσα,
517 2068 562 2096 καὶ
597 2068 767 2105 κομιζομξνη
804 2068 911 2105 ἀρετάς·

86 2114 154 2142 κατὰ
180 2113 293 2151 θεωρίαν
323 2112 361 2148 δὲ,
395 2113 432 2144 ὡς
473 2112 499 2140 ἐν
535 2112 677 2144 πλατείαις
716 2112 910 2150 διεξερχομένη

85 2162 146 2191 ταῖς
173 2160 299 2197 φυσικαῖς
326 2157 452 2195 θεωρίαις
479 2158 533 2185 τῶν
563 2155 720 2184 ὅντων-καὶ
743 2158 794 2191 τὴν
809 2158 912 2184 τούτων

87 2203 218 2242 διάφορον
242 2205 343 2240 γνῶσιν
368 2201 548 2239 συλλέγουσα·
575 2203 617 2229 καὶ
644 2202 716 2229 οὕτω
733 2203 843 2237 ζητήσω
866 2202 912 2229 τὸν

87 2247 255 2285 ποθούμενόν
286 2257 332 2284 μοι
358 2247 446 2284 εὑρεῖν
464 2267 471 2276 .

88 2292 165 2331 εὗρον
203 2291 295 2326 αὑτὸν,
330 2289 444 2318 ἐκάλεσα
482 2290 571 2324 αὑτὸν,
610 2290 655 2318 καὶ
693 2290 747 2327 οὑχ
775 2289 912 2325 ὑπήκουσε

91 2347 154 2374 μου.
171 2334 306 2371 Δηλονότε
317 2334 386 2362 κατὰ
399 2334 493 2372 πρᾶξιν
502 2335 548 2362 καὶ
558 2336 672 2373 θεωρίαν
688 2334 806 2370 ἐζήτησα
819 2335 911 2370 αὑτὸν,

91 2381 248 2418 μιμουμένη
255 2402 261 2409 .

87 2426 218 2455 Ἐκάλεσα
231 2425 313 2454 αὑτὸν
328 2424 373 2452 καὶ
389 2424 443 2462 οὑχ
460 2423 597 2459 ὑπήκουσε
612 2434 675 2461 μου.

441 2476 566 2506 Ψελλοῦ.

88 2525 131 2555 Ὠς
145 2521 238 2558 ὅντως,
255 2522 446 2558 ἃκατάληπτος
458 2523 475 2557 ἡ
493 2522 539 2557 σὴ,
554 2522 653 2559 Χριστὲ
671 2533 734 2559 μου,
751 2520 840 2560 φύσις.

88 2569 148 2596 Ἐπὶ
178 2569 227 2603 τήν
249 2567 345 2603 κοίτην
375 2577 447 2604 μου,
477 2567 563 2604 φησί,
595 2567 645 2601 τὴν
675 2565 740 2604 ἄγαν
769 2566 912 2603 προκοπήν

836 2612 912 2647 [μους

86 2661 131 2686 Ἐν
146 2657 164 2695 ᾗ
177 2657 222 2684 καὶ
238 2657 360 2696 φθάσασα
376 2655 473 2683 λοιπὸν
489 2654 595 2690 ἤλπισα
609 2657 788 2689 καταπαῦσαι,

88 2703 133 2734 Ὠς
149 2701 204 2737 ἤδη
219 2701 250 2729 τὸ
264 2698 411 2736 ἀκρότατον
426 2700 534 2726 πάντων
550 2697 749 2727 καταλαϐοῦσα·

89 2748 172 2777 ὀταν
184 2746 252 2783 πρὸς
269 2744 351 2772 νύκτα
363 2743 485 2783 πὲφθακα
500 2746 555 2771 τῶν
572 2745 650 2771 Θειῶν
670 2744 842 2782 μυστηρίων,

89 2793 203 2830 Θερμῶς
220 2791 390 2825 ἀναζητοῦσα
404 2789 449 2817 τὸν
466 2788 553 2826 Λόγον
569 2789 614 2817 καὶ
625 2788 754 2828 νυμφίον,

501 2247 640 2282 Ἐζήτησα
666 2246 755 2280 αὑτὸν,
784 2246 829 2273 καὶ
858 2246 912 2284 οὐχ
928 2244 951 2276 Ι)
966 2247 1057 2281 illum,
1072 2251 1100 2274 et
1114 2254 1172 2274 non
1187 2246 1282 2274 inveni
1306 2255 1315 2272 :

965 915 1064 942 studet
1078 922 1128 943 eas
1142 915 1307 943 instituere.
1328 916 1360 943 lu
1391 916 1500 948 lectulo,
1525 916 1631 952 inquit,
1659 924 1720 944 meo
1743 925 1794 952 per

964 963 1057 987 nocte:
1072 960 1189 994 quaesivi
1203 968 1283 996 quem
1310 959 1404 994 diligit
1430 961 1527 988 anima
1549 968 1624 988 mea.
1649 961 1680 988 ln
1704 969 1792 988 carne

965 1003 1100 1032 videlicet
1128 1011 1204 1038 mea,
1234 1004 1264 1031 in
1290 1012 1348 1039 qua
1390 1007 1509 1040 propter
1532 1004 1714 1040 voluptatem
1741 1012 1792 1040 per

967 1049 1067 1075 noctes
1080 1047 1254 1083 ignorantia
1278 1047 1400 1076 videbar
1423 1048 1641 1084 conquiescere,
1658 1048 1791 1084 quaesivi,

966 1092 1042 1126 quod
1053 1099 1119 1119 vere
1130 1091 1239 1119 bonum
1248 1093 1293 1119 est
1307 1092 1343 1126 (is
1352 1094 1451 1120 autem
1463 1092 1589 1120 dilectus
1600 1094 1646 1120 est
1662 1101 1792 1129 sponsus

967 1135 1062 1171 meus)
1077 1135 1217 1164 invenire.
1240 1136 1295 1163 Sed
1320 1135 1384 1171 ipsa
1409 1138 1530 1172 propter
1555 1144 1677 1165 causam
1701 1145 1791 1173 quem

966 1180 1204 1214 commemoravi,
1233 1180 1302 1216 quia
1327 1181 1467 1209 nimirum
1502 1189 1557 1209 nox
1581 1189 1628 1209 me
1653 1182 1792 1210 miseram

967 1225 1141 1261 occupabat,
1157 1233 1214 1252 non
1231 1226 1346 1260 agnovi.
1363 1225 1612 1254 Illuminationem
1635 1226 1714 1254 enim
1729 1234 1795 1255 esse

967 1269 1088 1297 delicias
1103 1269 1277 1297 arbitrabar.
1300 1270 1419 1304 Quasivi
1432 1270 1524 1306 illum,
1546 1272 1571 1298 et
1595 1278 1651 1299 non
1675 1272 1770 1299 inveni
1784 1279 1794 1299 :

966 1315 1060 1342 vocavi
1073 1322 1146 1349 eum,
1175 1319 1201 1342 ει
1230 1322 1284 1342 non
1313 1314 1423 1342 audivit
1449 1323 1502 1343 me.
1532 1315 1656 1348 Qumsivi
1681 1315 1794 1343 scilicet

967 1359 1065 1395 ipsum
1082 1358 1112 1386 in
1128 1359 1226 1386 carnis
1239 1358 1451 1395 voluptatibus,
1468 1361 1497 1387 et
1512 1367 1570 1387 non
1595 1359 1704 1388 inveni.
1719 1360 1793 1388 Nam

968 1403 1067 1432 carnis
1081 1403 1224 1439 voluptati
1242 1403 1416 1432 naturaliter
1438 1404 1616 1439 conjunctus
1640 1406 1686 1432 est
1700 1404 1794 1432 dolor.

969 1447 1171 1483 Corruptionis
1184 1448 1273 1482 enim,
1290 1456 1356 1483 quis
1371 1447 1490 1483 quidem
1506 1450 1551 1476 est
1566 1448 1794 1484 dolor,voluptas

971 1500 1034 1528 qum
1049 1499 1137 1520 sensu
1155 1491 1323 1528 percipitur,
1335 1494 1381 1520 est
1396 1500 1495 1521 causa.
1511 1493 1694 1529 Quapropter
1707 1500 1794 1528 expe-

972 1536 1096 1564 rimento
1121 1535 1210 1563 didici
1236 1535 1377 1564 dilectum
1402 1543 1502 1564 meum
1527 1535 1630 1564 abesse
1654 1544 1671 1564 a
1695 1535 1794 1564 carnis

971 1580 1136 1616 voluptate:
1151 1580 1181 1608 in
1202 1588 1260 1615 qua
1283 1588 1350 1608 cum
1373 1580 1455 1608 illum
1480 1588 1640 1614 vocassem,
1666 1582 1699 1608 ut
1722 1580 1796 1609 citra

970 1624 1135 1653 molestiam
1149 1624 1319 1660 oblectarer,
1336 1633 1394 1652 non
1411 1624 1523 1652 audivit
1544 1633 1601 1653 me.
1625 1627 1727 1660 Itaque
1751 1625 1794 1653 sic

970 1669 1174 1697 haesitabunda
1189 1668 1286 1697 locuta
1309 1677 1399 1697 sum:
1416 1669 1543 1704 Surgam,
1568 1671 1594 1697 et
1619 1669 1740 1697 circuito
1765 1669 1795 1696 in

966 1714 1086 1748 civitate,
1113 1714 1143 1741 in
1167 1714 1236 1748 foris
1257 1717 1283 1742 et
1299 1714 1408 1750 plateis,
1426 1718 1452 1741 et
1466 1721 1589 1749 quaram
1604 1721 1684 1750 quem
1699 1713 1795 1749 diligit

966 1759 1063 1786 anima
1077 1765 1145 1786 mea.
1162 1758 1324 1794 Exsurgam
1340 1758 1374 1786 ab
1391 1758 1494 1786 habitu
1522 1757 1645 1790 carnali,
1670 1759 1698 1785 et
1721 1765 1794 1785 con-

966 1802 1129 1838 tcmplabor
1146 1802 1288 1838 primum,
1304 1804 1392 1838 atque
1406 1802 1448 1830 ita
1463 1801 1567 1830 faciam
1584 1809 1591 1829 ι
1608 1804 1672 1829 tum
1685 1809 1738 1837 per
1747 1809 1796 1829 ex-

966 1847 1142 1883 perientiam
1158 1847 1316 1883 perfectius
1339 1846 1572 1881 contemplabor.
1593 1846 1629 1874 Et
1651 1848 1793 1881 tanquam

967 1899 985 1919 ιι
1012 1890 1259 1926 contemplatione
1289 1890 1434 1926 incipiens
1466 1892 1554 1926 atque
1591 1889 1621 1917 in
1659 1890 1792 1918 eamdem

967 1935 1115 1970 desinens,
1132 1935 1262 1963 circuibo
1278 1935 1307 1962 in
1325 1943 1371 1962 me
1394 1935 1459 1971 ipsa
1483 1943 1535 1970 per
1558 1934 1702 1962 actionem
1727 1934 1793 1970 qui-

968 1981 1045 2012 dem,
1069 1979 1158 2008 veluti
1188 1979 1217 2006 in
1248 1979 1318 2007 foris
1345 1979 1472 2015 alicujus
1500 1978 1640 2012 civitatis,
1666 1978 1791 2014 labores,

967 2026 1051 2061 quasi
1068 2026 1222 2060 argentum
1239 2024 1406 2060 probatum,
1423 2024 1610 2059 impendens,
1627 2025 1656 2051 et
1668 2023 1792 2050 virtutes

967 2077 1159 2105 comparans:
1173 2077 1224 2104 per
1236 2068 1513 2104 contemplationem
1530 2069 1639 2103 autem,
1651 2069 1792 2103 tanquam

966 2113 996 2141 in
1012 2113 1116 2149 plateis
1133 2120 1306 2148 percurrens
1323 2112 1354 2139 in
1367 2112 1554 2140 naturalibus
1569 2119 1668 2140 rerum
1685 2119 1793 2147 specu-

966 2158 1137 2191 lationibus,
1153 2159 1183 2185 et
1196 2157 1307 2185 variam
1322 2156 1440 2184 illarum
1457 2157 1612 2184 scientiam
1628 2155 1767 2191 colligens
1784 2163 1791 2183 :

966 2204 1054 2238 atque
1069 2202 1119 2236 ita,
1133 2209 1221 2237 quem
1238 2201 1372 2229 desidero
1385 2201 1513 2229 conabor
1528 2200 1793 2234 invenire.qusivz

1340 2246 1435 2273 vocavi
1457 2253 1530 2279 cum,
1545 2247 1582 2280 ζει
1606 2252 1660 2272 non
1686 2243 1792 2272 audivit

966 2299 1018 2319 me.
1038 2291 1102 2326 ',Per
1128 2291 1273 2318 actionem
1297 2289 1439 2317 nimirum
1463 2291 1492 2317 et
1513 2288 1792 2325 contemplationem

966 2335 1088 2372 quaesivi
1102 2334 1186 2363 illum
1201 2334 1355 2362 imitando.

1004 2424 1100 2453 Vocavi
1113 2432 1186 2459 cum,
1202 2427 1227 2452 σι
1239 2431 1294 2452 non
1308 2422 1418 2451 audivit
1433 2430 1488 2451 me.

1328 2475 1429 2505 Pselli.

1002 2523 1064 2551 Tua
1101 2522 1227 2558 profecto
1265 2524 1383 2555 natura,
1420 2520 1546 2554 Christe,
1585 2519 1795 2556 comprehendi

968 2568 1080 2603 nequit.
1096 2568 1156 2602 Ego
1181 2567 1210 2594 in
1234 2565 1341 2593 lectulo
1364 2565 1583 2601 progressionis
1607 2573 1689 2598 mea,
1713 2563 1797 2592 valde

968 2613 1157 2648 profeceram,
1182 2619 1229 2638 me
1253 2609 1480 2645 conquieturam
1507 2610 1673 2646 sperabam,
1696 2610 1798 2644 utpote

969 2664 1031 2692 qua:
1041 2657 1104 2691 jam
1121 2656 1155 2683 ad
1179 2654 1366 2691 perfectionis
1392 2653 1546 2689 fastigium
1571 2654 1796 2690 pervenissem:

969 2701 1019 2729 sed
1036 2702 1226 2736 posteaquam
1243 2698 1278 2726 ad
1303 2698 1470 2726 divinorum
1499 2697 1705 2734 my’steriorum
1731 2704 1799 2725 noc-

969 2747 1028 2774 tem
1050 2744 1170 2779 accessi,
1195 2742 1309 2772 ardenti
1333 2743 1431 2771 studio
1457 2743 1583 2772 Verbum
1609 2746 1638 2771 et
1653 2749 1795 2779 sponsum

968 2788 1173 2826 quarensﬁllio
1187 2796 1255 2816 eum
1272 2786 1352 2816 nullo
1369 2788 1455 2816 modo
1472 2788 1666 2824 conspicuum
1682 2785 1794 2815 inveni.
