1951 3051
154 134 213 166 599

820 124 1032 157 MICHAELIS
1056 125 1190 156 PSELLI

1798 125 1863 155 600

156 202 290 236 Cumque
314 206 416 226 rursus
441 197 525 224 illum
555 202 715 226 vocassem,
742 201 799 220 non
825 191 977 227 respondit

1043 190 1096 228 )ὐχ
1111 190 1188 227 εὗρον
1202 193 1298 219 τοῦτον
1314 190 1442 229 οὐδαμῶς
1459 192 1544 220 ἰκεῖσε
1558 192 1706 231 πεφηνότα.

157 245 241 274 mihi.
258 245 349 277 Quam
366 250 432 270 vere
446 248 556 278 sponsa
571 238 800 267 sollicitudinem
824 237 980 272 exaggerat

157 289 258 319 suam!
284 287 371 316 Nulla
398 286 477 314 enim
506 284 615 318 anima,
644 283 712 310 licet
741 282 777 309 ad
807 280 978 316 angelorum

159 334 365 371 perfectionem
382 330 511 362 accedat,
525 331 554 357 et
569 329 604 356 ad
631 335 728 355 rerum
754 326 872 362 penitus
898 332 977 351 arca-

157 387 263 407 narum
287 376 485 413 cognitionem
511 373 670 410 perveniat,
687 379 719 399 se
734 371 863 398 divinam
879 376 979 396 essen-

156 424 228 452 tiam
243 423 441 457 inspecturam
457 420 563 455 speret.
580 417 700 449 Quando
723 415 813 451 igitur
836 420 978 449 sponsum

157 475 245 504 quem
261 465 507 502 quasiverstmon
522 462 644 494 invenit,
656 457 898 494 audiamus,quid
915 457 980 493 ipsa

155 511 234 540 velit.
249 511 295 538 Sic
309 510 388 538 enim
405 510 446 537 ait
459 517 467 536 :

191 556 310 592 Surgam
326 556 401 591 jam,
424 558 453 582 et
474 552 597 581 εῖτ·οαίὑο
617 552 649 579 in
671 551 792 583 civitate,
818 550 849 577 in
871 549 940 584 foris
955 551 980 575 et

155 603 186 630 in
198 601 298 637 plateis
312 608 319 628 :
336 601 362 628 et
376 606 500 635 quaram
513 605 593 633 quem
607 596 701 630 diligit
716 595 811 622 anima
826 593 980 628 meatum-

155 646 210 674 εἰυὶ
223 646 314 678 illum,
330 646 357 672 et
371 652 426 672 non
440 643 543 676 inveni,
563 641 662 670 Vocan
674 648 747 675 eum,
772 641 798 667 et
820 646 876 666 non
899 637 978 666 audi-

156 692 195 719 vit
207 698 260 718 me.

192 780 366 815 Exsurgam,
381 777 488 813 inquit,
504 778 532 804 et
545 774 711 811 perquiram
728 773 978 807 illum.Naturam,

159 833 222 860 qua:
239 823 350 851 mundo
373 821 549 853 continetur,
576 819 741 846 universam
766 816 977 853 pervestigabo.

159 869 240 896 Hanc
265 868 343 895 enim
360 866 509 894 civitatem
525 863 653 900 appellat
668 863 720 891 hoc
737 862 798 890 loco
815 870 821 889 :
839 861 978 898 quemad-

162 913 282 940 modum
299 914 328 939 et
343 919 394 946 per
411 910 523 946 plateas
538 908 676 944 intelligit
691 909 783 935 cmtus
798 906 980 942 angelorum.

157 958 199 985 Ad
215 957 297 984 illius
313 954 522 992 igitur,inquit,
535 952 789 988 investigationem
804 959 850 979 me
860 950 980 978 contuli.

158 1004 251 1037 Atque
262 1001 317 1029 hoc
333 999 480 1036 proposito
495 1000 524 1025 et
538 997 660 1026 consilio
677 999 796 1024 naturas
810 995 981 1031 angelorum

157 1054 261 1075 omnes
276 1053 382 1081 magno
398 1044 496 1072 labore
511 1042 667 1079 exploravi,
684 1050 817 1078 sperans,
834 1049 880 1068 me
895 1041 981 1068 illum

157 1092 188 1119 in
204 1091 317 1127 angelis
332 1091 541 1118 assecuturum.
559 1087 667 1115 Verum
692 1095 759 1114 cum
784 1086 882 1122 ipsum
906 1085 983 1113 inter

159 1135 276 1170 angelos
289 1135 494 1170 perscrutater,
509 1133 541 1160 ut
555 1131 624 1167 quia
639 1131 795 1166 qualisque
809 1129 982 1164 esset,unde

158 1178 335 1215 principium
364 1177 494 1210 haberet,
524 1178 553 1204 et
578 1184 635 1211 quo
661 1175 717 1203 ﬁne
749 1174 980 1209 concluderetur,

159 1223 367 1259 intelligerem,
383 1221 521 1250 custodes
536 1229 669 1256 supernis
691 1219 816 1248 civitatis
840 1219 908 1247 Sion
936 1227 982 1247 me

159 1269 367 1304 pervagantem
382 1268 470 1303 atque
485 1265 681 1302 inquirentem
697 1265 922 1300 conspexerunt.
934 1263 981 1292 Sic

159 1312 238 1340 enim
254 1311 453 1340 narrationem
469 1310 656 1347 persequitur
669 1317 754 1338 suam
772 1317 778 1337 :

196 1403 363 1430 Invenerunt
378 1408 421 1429 me
434 1399 566 1435 custodes,
583 1400 631 1435 qui
645 1399 745 1427 obeunt
759 1399 906 1427 civitatem.

161 1493 248 1527 Tum,
263 1490 370 1526 inquit,
385 1492 555 1526 percontata
568 1497 633 1517 sum
650 1489 715 1516 illos
732 1497 738 1516 :

192 1537 275 1570 Num,
291 1543 372 1572 quem
385 1535 478 1570 diligit
490 1535 585 1562 anima
597 1542 669 1566 mea,
686 1533 811 1561 vidistis?

192 1580 353 1616 Sperabam
375 1580 453 1607 enim
480 1579 607 1615 profecto
633 1578 761 1606 Verbum
787 1581 815 1605 et
838 1585 979 1613 sponsum

156 1632 256 1652 meum
273 1625 302 1652 in
318 1624 430 1660 angelis
447 1623 550 1652 saltem
574 1623 697 1658 intelligi
721 1625 750 1650 et
774 1622 981 1658 comprehendi

156 1676 252 1704 posse.
268 1668 388 1702 Verum,
405 1676 472 1696 cum
494 1670 523 1695 et
546 1667 600 1696 hos
622 1667 882 1695 enimadverterem
906 1666 981 1694 nihil

155 1713 240 1748 scire,
257 1714 293 1741 ab
310 1713 352 1741 eis
369 1713 519 1746 haesitans,
535 1712 642 1748 inquit,
659 1711 776 1740 recessi.
804 1712 844 1739 Ab
869 1711 981 1747 angelis

155 1760 252 1785 autem
268 1757 347 1785 haud
363 1757 404 1785 ita
430 1757 529 1792 procul
554 1764 767 1791 concesseram,
793 1764 859 1784 cum
885 1756 980 1784 inveni

155 1810 242 1838 quem
259 1801 359 1837 diligit
374 1801 473 1829 anima
488 1809 561 1829 mea.
578 1803 616 1828 Ut
632 1800 797 1836 paululum,
813 1800 918 1835 inquit,
944 1801 980 1828 ab

156 1846 269 1881 angelis
285 1845 453 1881 pertransii,
469 1854 520 1881 per
536 1846 622 1873 ﬁdem
639 1845 816 1880 intelligens,
830 1845 980 1873 Christum

157 1890 387 1925 omnipotentem
405 1892 433 1917 et
457 1889 584 1917 Verbum
606 1891 695 1917 Deum
721 1893 808 1925 atque
831 1889 981 1917 hominem

103 1969 106 1971 _
157 1934 236 1962 nulla
251 1934 364 1962 ratione
377 1934 585 1970 comprehendi
602 1942 700 1969 posse,
718 1934 813 1961 inveni
829 1934 927 1970 ipsum
951 1934 980 1962 in

156 1979 193 2006 iis
218 1987 282 2014 quae
305 1979 417 2014 ingenii
445 1978 625 2014 rationisque
640 1979 698 2005 vim
714 1980 801 2013 atque
817 1979 980 2015 intelligen-

157 2023 228 2051 tiam
243 2030 359 2050 omnem
376 2023 630 2058 superant.bivina
644 2023 723 2050 enim
738 2022 824 2050 Verbi
837 2032 869 2051 ac
880 2023 981 2059 sponsi

157 2070 261 2095 natura
284 2075 318 2095 eo
342 2070 468 2102 tantum,
495 2075 553 2103 quo
579 2075 636 2095 non
663 2075 749 2102 posse
775 2068 980 2103 comprehendi

156 2112 352 2147 cognoscitur,
369 2112 401 2139 fit
414 2111 715 2148 comprehensibilis.,

193 2157 284 2184 Tenui
298 2164 370 2191 eum,
385 2164 435 2184 nec
449 2156 556 2184 dimisi.
574 2156 658 2184 donec
674 2155 877 2184 introduxerim
893 2156 981 2185 illum

155 2201 186 2228 in
200 2200 312 2229 domum
328 2202 427 2229 matris
442 2208 521 2234 mea,
537 2204 562 2228 et
577 2201 606 2228 in
622 2200 782 2228 cubiculum
806 2201 894 2235 illius,
919 2209 981 2238 qua:

155 2254 198 2274 me
212 2247 346 2281 concepit.

192 2290 334 2322 Quoniam
351 2289 642 2326 incomprehensum,
659 2289 765 2325 inquit,
773 2289 856 2318 illum
871 2291 979 2327 inveni,

156 2334 236 2362 intus
278 2342 344 2362 eum
382 2334 473 2368 tenui,
503 2337 532 2362 et
567 2334 663 2362 medio
699 2335 805 2368 cordis,
841 2336 980 2372 Patrique

156 2381 333 2406 comternum
361 2386 425 2406 esse
452 2379 585 2415 cognovi.
614 2379 672 2407 Nos
701 2379 780 2407 enim
811 2380 927 2415 domus,
952 2383 981 2408 et

157 2422 276 2458 templa,
305 2425 334 2450 et
361 2422 496 2451 cubicula
523 2431 629 2452 sumus
657 2423 784 2460 Spiritus
814 2425 921 2459 sancti,
949 2428 981 2453 ut

158 2467 266 2494 Paulus
282 2467 323 2495 ait
339 2467 372 2501 ³⁸,
389 2467 439 2502 qui
456 2470 483 2495 et
498 2468 600 2504 genuit
615 2477 667 2497 nos
680 2472 708 2496 et
724 2469 825 2506 nutrit,
841 2471 980 2506 quemad-

158 2511 280 2540 modum
296 2511 358 2548 ipse
375 2512 464 2540 novit.

519 2566 614 2594 Pselli.

189 2618 246 2646 Sed
261 2619 493 2655 praestantiorem
509 2628 617 2656 sponsa
628 2629 817 2657 progressum
834 2624 979 2657 assecuta,

155 2671 258 2692 rursus
272 2663 383 2692 amicos
399 2667 483 2700 urget
495 2665 541 2693 his
559 2666 651 2694 verbis
669 2675 676 2694 :

189 2708 327 2744 Adjuravi
340 2717 395 2743 vat,
412 2709 478 2744 ﬁliae
491 2712 657 2745 Jerusalem,
673 2719 726 2746 per
742 2712 855 2740 uirtutes
869 2717 895 2741 et
918 2712 978 2749 for-

191 2799 212 2818 ³³
231 2799 242 2828 Ι
257 2798 320 2828 Cor.
337 2808 379 2834 In,
397 2800 445 2835 16;
462 2809 500 2836 νι,
518 2801 561 2836 19,
579 2802 683 2837 II_Cor.
699 2811 737 2837 vr,
754 2803 797 2830 16.

1035 235 1084 262 Καὶ
1099 236 1182 263 πάλιν
1197 238 1292 263 τοῦτον
1307 236 1438 272 κέκληκα,
1453 236 1527 271 πλὴν
1549 237 1604 275 οὐχ
1630 234 1769 271 ὑπήκουσέ
1795 246 1863 272 μου.

1033 279 1077 310 Ὠς
1094 280 1204 315 ἀληθῶς
1219 280 1385 319 ἐκτραγῳδεῖ
1399 282 1463 314 τοὺς
1479 282 1577 320 λόγους
1592 283 1610 316 ἡ
1625 280 1772 319 παρθένος.

1034 325 1118 362 Ψυχή
1135 325 1187 363 γὰρ
1202 328 1273 352 πᾶσα
1288 327 1401 364 καθαρὰ,
1417 327 1465 354 κᾶν
1480 327 1548 365 πρὸς
1566 326 1697 364 ἀγγέλους
1713 326 1812 365 φθάσῃ,

1035 368 1083 396 Καὶ
1098 372 1152 396 τῶν
1167 369 1270 397 ἀδύτων
1285 369 1381 398 ἔσωθεν
1395 371 1503 409 εἰσέλθῃ
1518 373 1572 399 τῶν
1589 371 1725 409 ἆρῥήτῶν,

1034 414 1080 448 Μὴ
1094 415 1230 451 νομιζέτω
1242 414 1361 443 κατιδεῖν
1376 417 1425 451 τήν
1440 417 1531 451 θεικὴν
1546 416 1651 444 οὐσίαν.

1035 458 1108 486 Ἐπεὶ
1123 462 1187 497 γοῦν
1202 460 1239 491 ὡς
1255 460 1384 495 ἐζήτησεν
1400 461 1454 499 οὐχ
1469 462 1528 499 εὗρε
1547 461 1594 488 τὸν
1605 459 1732 498 νυμφίον,

1034 503 1208 541 ’Δκούσωμεν
1223 505 1248 531 τί
1265 505 1404 542 βούλεται.
1422 507 1493 541 Φησὶ
1509 506 1561 543 γὰρ
1581 505 1652 533 οὕτω
1667 503 1749 532 πάλιν
1760 514 1767 520 ⁸

1070 550 1270 587 Ἀναστήσομαι
1314 549 1358 587 δὴ,
1398 552 1444 578 καὶ
1485 550 1620 579 κυκλώσω
1648 550 1673 578 ἐν
1702 552 1736 587 τῇ
1766 547 1861 585 πόλει,

1033 593 1059 621 ἒν
1085 594 1208 631 ἀγοραῖς,
1236 595 1280 622 καὶ
1321 595 1346 622 ἐν
1384 599 1444 628 ταῖς
1482 595 1634 629 πλατείαις,
1664 595 1707 622 καὶ
1747 595 1863 629 ζητήσω

1034 638 1063 666 ὃν
1089 639 1228 676 ἠγάπησεν
1269 641 1286 674 ἡ
1325 641 1400 678 ψυχή
1434 651 1486 676 μου
1503 650 1509 656 ·
1535 640 1654 675 ἐζήτησα
1691 639 1789 674 αὐτὸν²
1814 638 1865 666 καὶ

1035 683 1088 720 οὐχ
1128 683 1225 720 εὗρον,
1256 684 1370 712 ἐκάλεσα
1411 685 1509 720 αὐτὸν,
1541 685 1586 712 καὶ
1627 684 1682 722 οὐχ
1722 682 1865 718 ὑπήκουσέ

1036 738 1099 764 μου.

1070 773 1311 809 Ἐξαναστήσομαι,
1328 773 1405 813 φησὶ,
1421 774 1465 802 καὶ
1482 773 1639 813 ψηλαφήσω
1659 775 1768 809 τοῦτον,

1035 817 1086 845 Καὶ
1102 819 1188 844 πᾶσαν
1204 818 1384 856 ὑπιρκόσμιον
1401 820 1598 856 περικυκλώσω
1615 819 1704 858 φύσιν,

1033 863 1081 890 Ἦν
1098 860 1180 890 πόλιν
1198 862 1371 900 ἐπωνόμασεν
1392 864 1405 891 ὁ
1422 863 1502 902 λόγος
1517 866 1570 891 τῶν
1587 862 1744 900 ’ᾼσμᾶτων,

1037 907 1130 938 Καθὼς
1145 917 1194 944 περ
1211 908 1282 935 εἶπεν
1299 907 1400 945 ἀγορὰς
1414 908 1461 939 τὰς
1478 907 1533 935 ἅνω
1547 907 1725 945 πανηγύρεις.

1035 954 1078 982 Ὠς
1093 953 1156 989 γοῦν
1173 952 1284 987 ἀνέστην
1302 951 1347 987 δὴ,
1364 953 1441 991 φησὶ,
1458 952 1527 989 πρὸς
1548 953 1659 987 ζήτησιν
1675 951 1787 980 ἐκείνου.

1037 996 1085 1023 Καὶ
1101 998 1140 1032 τῷ
1156 996 1249 1032 σκοπῷ
1261 997 1306 1024 καὶ
1323 996 1449 1035 λογισμῷ
1470 997 1517 1028 τὰς
1536 999 1588 1024 τῶν
1615 995 1734 1034 ἀγγέλων
1757 995 1864 1034 φύσεις,

1036 1041 1154 1071 Ἀπάσας
1168 1041 1332 1077 ἐξηρεῦνησα
1350 1041 1416 1077 μετὰ
1431 1040 1540 1068 πολλοῦ
1551 1043 1599 1068 τοῦ
1615 1041 1712 1075 πόνου,

1037 1084 1202 1119 Ἑλπίζουσα
1217 1083 1378 1113 καταλαϐεῖν
1393 1086 1473 1113 αὐτὸν
1484 1086 1509 1112 ἐν
1526 1089 1585 1117 τοῖς
1599 1085 1736 1123 ἀγγέλοις.

1036 1129 1080 1160 Ὧς
1096 1128 1254 1168 ἐψηλάφουν
1269 1132 1416 1167 τοιγαροῦν
1432 1130 1511 1157 αὐτὸν
1526 1129 1552 1157 ἂν
1566 1132 1624 1161 τοῖς
1640 1127 1781 1167 ἀγγέλοις,

1036 1175 1130 1205 ’Ὅπως
1147 1173 1176 1201 ἃν
1196 1175 1273 1211 μάθω
1288 1175 1327 1206 τίς
1343 1174 1398 1202 ἐστι
1412 1175 1457 1202 καὶ
1477 1175 1598 1206 ποταπὸς
1613 1175 1751 1212 τυγχάνει,

1037 1219 1086 1248 Καὶ
1101 1219 1180 1247 πόθεν
1195 1218 1253 1257 ἔχει
1268 1220 1317 1254 τήν
1334 1220 1434 1258 ἀρχὴν,
1450 1219 1494 1247 καὶ
1508 1219 1560 1248 τίνι
1574 1219 1734 1258 καταλήγει,

1036 1264 1070 1292 Ol.
1085 1263 1204 1302 φύλακες
1219 1267 1269 1299 τῆς
1284 1265 1392 1296 πόλεως
1410 1265 1481 1292 Σιὼν
1496 1266 1546 1297 τῆς
1560 1264 1712 1300 ἀνωτάτης,

1037 1310 1247 1347 Περινοστοῦσαν
1264 1308 1333 1337 εἶδόν
1352 1320 1385 1346 με
1397 1309 1445 1343 τὴν
1461 1308 1552 1344 πόλιν,
1565 1309 1609 1337 καὶ
1627 1310 1769 1344 ζητοῦσαν.

1037 1353 1110 1388 Φησὶ
1124 1353 1174 1392 γὰρ
1191 1353 1262 1381 οὕτω
1277 1354 1390 1389 καθεξῆς
1407 1354 1496 1390 ὥσπερ
1510 1353 1686 1392 ἀφηγουμένη
1700 1363 1707 1369 ·

1073 1398 1194 1437 Εῧροσαν
1226 1409 1259 1435 με
1288 1399 1314 1426 οὶ
1340 1401 1498 1437 τηροῦντες,
1527 1399 1552 1426 οἱ
1578 1397 1742 1429 κυκλοῦντες
1771 1397 1798 1425 ἐν
1829 1398 1868 1436 τῇ

1037 1442 1129 1471 πόλει.

1038 1489 1113 1521 Εἶτα,
1129 1487 1221 1526 φησὶν,
1236 1488 1368 1525 ἠρώτησα
1383 1488 1451 1525 πρὸς
1466 1487 1529 1518 τοὺς
1546 1486 1681 1525 ἀγγέλους
1692 1485 1771 1514 τάδε·

1039 1533 1085 1566 Μή
1101 1533 1129 1559 ὃν
1146 1531 1287 1569 ἠγάπησεν
1303 1534 1319 1567 ἡ
1336 1534 1412 1570 ψυχή
1431 1543 1493 1569 μου,
1511 1531 1581 1560 ἴδετε
1595 1542 1601 1567 ;

997 1559 1019 1592 C
1038 1559 1289 1614 ὧλπιζονιγὰργὼς
1304 1559 1493 1611 ἐ).ξηθ’ξ›Ξ,’κάιῙ
1506 1559 1565 1607 τοῖς
1580 1559 1707 1614 ἀγγέλοις
1724 1576 1792 1603 εἶναι

1037 1621 1216 1656 Καταληπτὸν
1232 1622 1275 1649 καὶ
1294 1621 1423 1660 προσιτὸν
1439 1622 1485 1649 τὸν
1501 1622 1588 1658 Λόγον
1602 1621 1647 1649 καὶ
1662 1620 1790 1660 νυμφίον,

1037 1667 1112 1695 Ἐπεὶ
1127 1665 1156 1694 δὲ
1167 1666 1279 1698 τούτους
1292 1665 1398 1704 ἔγνωκα
1414 1665 1497 1703 μηδὲν
1514 1665 1717 1703 ἐπισταμένους,

1036 1709 1180 1747 Παρῆλθον
1196 1710 1272 1743 αὖθις
1290 1711 1335 1738 ἀπ’
1350 1710 1448 1745 αὐτῶν,
1466 1711 1558 1750 φησὶν,
1574 1710 1753 1748 ἐξαποροῦσα.

1035 1756 1085 1783 Καὶ
1115 1755 1151 1786 ὡς
1180 1756 1276 1794 μικρὸν
1302 1755 1346 1783 ὅτε
1373 1754 1516 1793 παρῆλθον
1545 1756 1590 1782 ἀπ’
1619 1755 1725 1789 αὐτῶν,
1752 1754 1805 1786 ἓως
1833 1756 1867 1783 οὗ

1056 1796 1066 1801 “
1367 1801 1454 1838 [εὖρον
1470 1801 1500 1828 ὃν
1513 1800 1653 1837 ἠγάπησεν
1670 1801 1687 1834 ἡ
1701 1801 1778 1837 ψυχή
1797 1810 1865 1836 μου.

1036 1849 1071 1876 Ως
1096 1848 1160 1883 γοῦν
1187 1845 1330 1883 παρῆλθον
1353 1845 1415 1883 γὰρ,
1432 1845 1510 1884 φησί,
1530 1845 1628 1883 μικρὸν
1653 1845 1682 1872 ἐκ
1703 1848 1756 1872 τῶν
1782 1846 1864 1883 ἀγγὲ-

1779 1890 1867 1926 μων,

1035 1934 1201 1962 Πιστιύσασα
1216 1937 1254 1970 τῷ
1268 1934 1396 1972 λογισμῷ
1410 1935 1459 1969 τὴν
1478 1933 1666 1971 ἀκαταληψίαν

1034 1979 1090 2007 Τοῦ
1105 1980 1319 2017 ααντοκράτορος
1335 1981 1452 2016 Χριστοῦ
1467 1979 1511 2007 καὶ
1527 1980 1701 2017 θεανθρώπου
1718 1979 1821 2017 Λόγου,

1035 2023 1121 2061 Εὗρον
1137 2023 1216 2050 αὐτὸν
1232 2023 1269 2056 ὠς
1284 2024 1396 2059 ἀληθῶς
1411 2024 1437 2051 ἐν
1451 2027 1509 2055 τοῖς
1526 2024 1739 2059 ἀκαταλήπτοις.

1034 2071 1065 2096 Ἦ
1081 2068 1158 2106 φύσις
1171 2068 1221 2106 γὰρ
1235 2070 1252 2102 ἡ
1270 2069 1346 2103 θεϊκή
1361 2067 1410 2096 τοῦ
1425 2069 1516 2106 Λόγου
1531 2068 1574 2096 καὶ
1590 2068 1720 2106 νυμφίου,

1035 2114 1080 2148 Τῷ
1097 2113 1134 2148 μὴ
1150 2110 1404 2149 καταλαμϐάνεσθαι
1420 2112 1584 2148 καταληπτή
1599 2114 1737 2151 τυγχάνει.

1071 2157 1223 2194 Ἐκράτησα
1264 2157 1344 2185 αὐτὸν
1387 2157 1431 2185 καὶ
1471 2157 1521 2184 οὐκ
1556 2157 1648 2195 ἀφῆκα
1685 2158 1778 2191 αὐτὸν,
1807 2156 1863 2188 ἕως

1036 2202 1067 2229 οῦ
1094 2201 1238 2240 εἲσήγαγον
1277 2203 1356 2230 αὐτὸν
1399 2202 1437 2233 εἰς
1478 2202 1524 2230 τὸν
1565 2203 1637 2229 οἶκον
1673 2206 1723 2237 τῆς
1752 2203 1862 2240 μητρός

993 2242 1097 2283 Diam),
1127 2247 1172 2274 καὶ
1210 2247 1249 2279 εἷς
1284 2247 1315 2274 τὸ
1352 2250 1476 2283 ταμιεῖον
1515 2250 1565 2282 τῆς
1591 2244 1783 2282 συλλαϐούσης
1814 2258 1862 2284 με.

1025 2293 1031 2299 ’
1069 2290 1195 2328 Ἐπείπερ
1211 2289 1400 2323 ἀκατάληπτον
1420 2290 1511 2324 αὐτὸν,
1528 2290 1618 2328 φησὶν,
1636 2290 1759 2329 ἐφεῦρον,

1034 2334 1131 2363 ’Ἐνδον
1145 2335 1224 2362 αὐτὸν
1241 2334 1375 2373 ἐκράτησα
1389 2335 1434 2362 καὶ
1451 2335 1532 2371 μέσον
1547 2338 1596 2370 τῆς
1612 2334 1735 2372 καρδίας,

1035 2380 1084 2407 Καὶ
1098 2383 1138 2416 τῷ
1154 2379 1236 2415 Πατρί
1253 2380 1421 2417 συνάναρχον
1435 2379 1567 2417 ἐγνώρισα
1581 2380 1734 2417 τυγχάνειν,
1766 2375 1768 2377 ’

1033 2426 1128 2462 Ἡμεῖς
1140 2425 1191 2463 γὰρ
1208 2425 1277 2452 οἶκοι
1294 2425 1339 2452 καὶ
1355 2425 1414 2453 ναοὶ
1429 2425 1475 2452 καὶ
1493 2424 1610 2462 μάλιστα
1625 2428 1725 2462 ταμεῖα

1033 2472 1085 2497 Τοῦ
1101 2469 1259 2506 Ilva-53mm:
1273 2469 1457 2508 τυγχάνομεν,
1473 2470 1541 2497 κατὰ
1558 2470 1604 2497 τὸν
1628 2471 1709 2508 μεγαν
1737 2469 1865 2507 Παῦλον,

1033 2516 1085 2542 Τοῦ
1101 2515 1145 2541 καὶ
1160 2516 1338 2552 γεννήσαντος
1354 2516 1427 2551 ἡμᾶς
1442 2514 1486 2542 καὶ
1506 2515 1661 2554 τρέφοντος,
1675 2514 1712 2545 ὡς
1730 2513 1795 2542 οἶδε.

1385 2567 1509 2596 Ψελλοῦ.

1070 2621 1159 2649 Ἀλλὰ
1179 2622 1228 2656 τὴν
1254 2621 1368 2658 κρείττω
1392 2626 1535 2659 προκοπήν
1549 2623 1566 2657 ἠ
1582 2623 1672 2661 νύμφη
1689 2622 1865 2661 ψηλαφῶσας

1034 2666 1117 2694 πάλιν
1133 2666 1196 2697 τοὺς
1217 2665 1315 2705 φίλους
1331 2664 1460 2694 δυσωπεῖ.
1479 2667 1550 2701 Φησὶ
1577 2667 1626 2703 γὰρ
1646 2666 1754 2698 τούτοις
1773 2665 1842 2694 τάδε
1858 2677 1864 2683 ⁸

1069 2713 1183 2748 Ὣρκισα
1220 2711 1300 2748 ὑμᾶς,
1339 2710 1482 2748 θυγατέρες
1518 2710 1709 2749 Ἰερουσαλὴμ,
1738 2711 1764 2738 ἐν
1803 2714 1866 2743 ταῖς
