1951 3051
76 134 137 165 601

604 136 808 168 COMMENT.
833 138 871 167 tN
894 136 1090 167 CANTICUM
1116 135 1269 165 CANTIC.

1724 131 1783 162 602

79 198 217 237 δυνάμεσι
246 201 291 228 καὶ
333 201 358 228 ἐν
394 204 454 233 ταῖς
491 201 614 240 ἷσχυσεσι
650 205 698 230 τοῦ
733 203 829 240 ἀγροῦ,

995 202 1096 230 ξιιίίἰίιεε
1111 202 1186 238 agri,
1202 202 1227 229 si
1250 200 1390 228 suscitatis
1410 201 1437 228 et
1458 198 1585 226 excitatis
1608 197 1783 232 charitatew,

79 243 206 282 ἑγεέρητε
227 245 273 272 καὶ
310 246 461 284 ἐξεγείρητε
497 247 546 281 τήν
590 248 696 284 ἀγάπην
726 245 776 278 ἕως
807 246 838 274 οὗ
862 247 905 274 Οε-

79 287 170 327 xm.

115 335 176 362 Τοῦ
193 334 280 373 λόγου
294 335 391 362 τούτου
407 335 554 374 φθάσαντες
569 336 681 374 εἴπομεν
697 337 743 368 τὰς
754 337 883 376 ἐμφάσεις
898 345 905 352 “

79 376 185 417 λόγους
203 379 300 408 λοιπὸν
317 379 380 411 τοὺς
398 380 503 419 ἐφεξῆς,
520 381 556 412 ὡς
572 380 693 417 δυνατὸν,
710 382 847 410 σκεπτέον.

115 423 163 455 Τίς
192 424 260 460 αὕτη
290 426 307 459 ἡ
349 423 528 453 ἀναϐαίνουσα
570 426 623 454 ἀπὸ
654 430 704 461 τῆς
723 426 839 464 ἐρήμου,
868 427 905 458 ὡς

78 467 200 506 στελέχη
239 471 353 502 καπτοῦ,
395 471 579 507 τετυμιαμένη
625 471 744 509 σμύρναν
784 472 827 498 καὶ
863 471 907 499 λί-

79 509 163 540 ϐανον
180 514 233 540 ἀπὸ
247 514 352 541 πάντων
368 517 518 552 κονιορτῶν
534 517 675 553 μυρεψοῦ;

78 559 170 585 Ταῦτα
186 559 325 596 τοιγάρτοι
341 558 465 597 λέγουσιν
481 560 506 586 οἱ
522 559 599 598 φίλοι
613 561 680 596 πρὸς
696 559 838 595 ἀλλήλους
856 569 862 576 ·

76 602 110 630 Ὀ
126 604 182 630 τῶν
195 602 325 640 ῥημάτων
342 602 371 630 δὲ
387 604 487 635 σκοπὸς
503 604 581 635 οὗτός
596 604 678 637 ἔστιν,
695 605 732 635 ὡς
748 606 837 640 οἶμαι,

77 647 109 674 Ἣ
126 646 221 686 νύμφη
238 647 287 685 γὰρ
303 647 490 685 καὶπρότερον
505 651 565 680 ταῖς
578 649 686 687 ἀρεταῖς
702 649 809 686 ὑψώθη,

75 692 115 728 Τᾖ
131 691 232 726 πίστει,
247 692 283 728 τῇ
295 692 430 729 πραότητι
443 693 487 720 καὶ
502 695 535 730 τῇ
552 692 721 731 δικαιοσύνῃ,

77 735 154 763 Ἐπεὶ
175 735 203 763 δὲ
217 737 263 764 καὶ
278 737 347 774 πρὸς
363 737 460 775 ἀρετῆς
477 737 547 765 ἄλλο
565 735 665 774 μετέϐη
678 741 785 776 σχῆμα,

76 780 212 815 Νηστείας
225 781 374 819 ἀγρυπνίας
389 793 418 809 τε
432 782 476 809 καὶ
490 784 646 820 προσευχῆς
659 783 809 821 παννύχου,

79 825 131 853 Καὶ
147 826 197 860 τὴν
213 826 321 864 μορφήν
339 825 479 862 ἠλλάξατο
494 826 633 864 ταῖς.ἄγαν
646 828 818 865 χαμευνίαις,

79 869 113 920 9i.
126 868 210 920 ,φίλοι
224 869 434 920 κατεπλάγησαν
453 872 507 920 ’τὴν
523 873 666 909 προκοπήν
681 875 730 906 τῆς
745 872 866 909 νύμφης,
918 888 941 920 Β

80 914 131 942 Καί
147 925 206 945 πιυς
225 915 434 952 ὑποκρινόμενοι
450 915 530 948 δῆθεν
545 917 590 943 τὸν
607 916 763 954 ἀγνοοῦντα,

80 959 147 996 Ηερί
162 962 212 993 τῆς
226 958 334 998 νύμφης
345 960 469 991 θέλουσιν
487 961 624 998 ἰπερωτᾷθ
640 960 782 996 ἀλλήλους
799 970 805 976 ·

78 1002 126 1033 Τίς
142 1003 222 1038 αὕτη,
241 1003 375 1042 λέγοντες,
392 1004 472 1038 έστίν,
487 1004 550 1039 ἥτις
566 1005 596 1032 ἐκ
609 1009 659 1040 τῆς
675 1005 780 1043 ἐρήμου

79 1047 151 1084 Πρὸς
166 1047 298 1084 οὐρανοὺς
314 1047 473 1086 ἀνέδραμεν,
490 1047 581 1087 ὥσπερ
596 1050 699 1077 κάπνου
715 1050 831 1088 στελέχη

78 1091 305 1129 Σμύρνηςόσμὴν
317 1092 491 1130 ἐκπέμπουσα
505 1095 547 1121 καὶ
566 1097 721 1131 θαυμαστοῦ
736 1092 849 1122 Λιϐάνου
861 1104 867 1129 ;

77 1138 162 1174 Ψυχὴ
175 1137 226 1175 γὰρ
241 1140 313 1164 πᾶσα
329 1137 446 1169 θέλουσα
458 1136 568 1166 λίϐανον
585 1138 756 1174 τελεσθῆναι,

77 1181 180 1218 Ἦγουν
194 1182 309 1219 τερπνὸν
327 1182 452 1219 θυμίαμα
463 1185 503 1219 τῷ
519 1183 627 1221 βασιλεῖ
639 1185 693 1211 τῶν
709 1183 792 1218 ὅλων,

74 1225 120 1253 Ἀν
140 1227 178 1262 μή
195 1227 318 1264 νεκρώσῃ
332 1227 464 1265 πρότερον
481 1228 567 1255 πάντα
580 1229 614 1255 τὰ
630 1227 700 1265 μέλη
716 1228 827 1264 ταύτης,

74 1269 124 1298 Καὶ
152 1271 256 1308 σμύρνα
284 1270 362 1304 δῆθεν
389 1271 498 1310 γένηται
533 1274 646 1310 Χριστῷ
675 1275 899 1311 συννεκρωθεῖσα,

73 1315 134 1343 Οὐκ
149 1313 243 1346 ἄλλως
257 1315 358 1353 γίνεταί
373 1327 439 1344 ποτε
453 1314 566 1344 Λίϐανον
578 1319 618 1354 τῷ
634 1317 739 1354 Κυρίῳ.

359 1372 417 1397 Τῶν
437 1371 461 1408 γ’
477 1370 614 1409 Πατέρων,

111 1421 217 1452 Ταύτας
243 1424 307 1460 γοῦν
348 1422 396 1454 τας
436 1423 663 1461 προτελειοτάτας
705 1424 898 1462 ἐκηγησαμένη

75 1464 216 1497 ἀναϐάσεις
248 1478 312 1503 μου,
339 1468 452 1504 Ὧρκισα
488 1468 568 1505 ὑμᾶς,
598 1470 740 1507 θυγατέρες
767 1470 899 1508 Ἰερουσα-

77 1509 149 1546 λὴμ,
180 1509 205 1537 έν
231 1512 292 1542 ταὶς
314 1510 442 1548 δυνάμεσι
478 1513 523 1540 καὶ
557 1512 582 1540 ἐν
616 1517 674 1544 ταῖς
700 1514 822 1551 ἱσχύσεσι
850 1517 899 1542 τοῦ

74 1553 168 1606 ἐγρού,
195 1554 253 1606 ἐὰν,
274 1554 415 1606 ,ἐγείρηίλτες
441 1556 486 1606 καὶ
520 1557 673 1606 Ιέξιγείρητε
701 1559 750 1593 τήν
781 1559 851 1597 ἀγαπ

995 1561 1130 1593 nritatem,
1145 1559 1233 1586 donec
1246 1559 1320 1586 velit.
1337 1558 1424 1591 Quasi
1445 1558 1523 1585 dicat
1548 1565 1554 1584 :

74 1596 125 1630 ἕως
153 1599 182 1626 ἄν
213 1598 315 1636 θελήσῃ
332 1611 338 1617 ι
369 1599 476 1636 δηλαδή
507 1599 597 1638 ὥσπερ
626 1600 728 1638 ὥρκισα
757 1603 826 1639 ὑμᾶς
854 1603 899 1631 διὰ

72 1645 126 1670 τῶν
142 1643 262 1671 ἀπειλῶν
286 1644 331 1671 καὶ
360 1655 413 1672 των
444 1645 625 1683 ὶπαγγελιῶν,
651 1647 720 1674 κατὰ
746 1648 796 1682 τὴν
815 1647 897 1681 αὐτὴν

73 1684 181 1714 ἔννοιαν
195 1687 297 1724 ὣρκισα
312 1687 395 1715 πάλιν
425 1689 494 1725 ὑμᾶς
519 1688 563 1716 διὰ
589 1693 639 1724 τῆς
666 1691 724 1718 κατ’
740 1690 788 1727 ἐμὲ
799 1691 898 1729 ἐξηγή-

74 1741 152 1762 σεως.
185 1731 267 1767 Δίκην
305 1733 388 1769 ὅρκου
428 1735 467 1769 τῷ
504 1735 562 1761 κατ’
606 1734 654 1771 ἐμὲ
700 1735 898 1773 παραδείγματι

75 1773 247 1813 βεϐαιώσασα
259 1777 304 1804 καὶ
330 1778 478 1814 στηρίξασα
504 1779 572 1816 πρὸς
600 1780 646 1806 τὸν
670 1780 737 1807 κατὰ
757 1782 821 1808 Θεὸν
836 1780 898 1818 δρό-

76 1831 129 1856 μον
148 1831 153 1836 ·
173 1821 272 1859 μέχρις
289 1821 319 1848 ἆν
379 1823 438 1854 θεία
461 1822 591 1862 ἐμφάνεια
612 1824 662 1857 τὴν
686 1825 812 1861 ἀτρεψίαν
834 1826 896 1861 ὑμῖν

75 1865 237 1902 χαρίσηται.
266 1866 298 1894 Αἱ
329 1864 357 1893 δὲ
386 1863 508 1903 θάμϐους
535 1867 734 1904 πληρωθεῖσαι,
767 1869 811 1896 καὶ
840 1870 899 1897 καθ’

75 1909 169 1940 ἑαυτὰς
186 1910 247 1946 περὶ
275 1913 326 1945 τῆς
354 1910 560 1948 ἐξηγησαμένης
585 1911 797 1949 διαπορούμεναί
815 1925 878 1953 φασι
891 1925 897 1932 ·

74 1953 123 1984 Τίς
151 1952 218 1991 αύτῃ
246 1955 263 1989 ἡ
294 1952 473 1982 ἀναϐαίνουσα
502 1956 554 1984 ἀπὸ
580 1959 631 1989 τῆς
656 1957 760 1993 ἐρήμου
784 1958 820 1989 ὡς
838 1969 898 1986 σιε-

74 1997 146 2035 λέχη
163 2000 295 2034 καπνοῦς
326 1998 400 2034 ἤτοι,
430 2000 498 2027 ποία
525 2000 596 2028 ἐστὶν
625 2000 704 2037 αὕτη,
733 2003 750 2037 ἡ
768 2002 820 2030 ἀπὸ
843 2006 896 2030 τῶν

72 2044 165 2074 παθῶν
188 2042 370 2080 ἐστερημένης
388 2043 469 2079 ἕξεως
490 2046 558 2082 πρὸς
588 2048 652 2073 Θεὸν
680 2046 818 2083 ὐψουμίνη
841 2048 897 2075 κατ’

73 2087 170 2124 ἀρετὴν
187 2087 231 2114 καὶ
253 2090 362 2125 γνῶσιν,
392 2090 437 2116 οἷα
465 2089 570 2121 κλῶνες
593 2093 708 2127 καπνοῦ,
732 2092 763 2122 ὃς
784 2092 835 2119 ὑπὸ
849 2095 897 2120 τοῦ

72 2131 224 2167 νεμομένου
252 2131 321 2167 ὕλην
365 2134 460 2170 πυρὸς,
503 2135 540 2165 ὡς
577 2137 678 2174 κοῦφος
712 2136 897 2173 ἀναπέμπεται

73 2176 142 2214 πρὸς
156 2174 220 2213 ἀέρα
237 2186 244 2211 ;
260 2177 341 2205 Ούτω
355 2178 407 2215 γὰρ
436 2178 480 2205 καὶ
509 2181 582 2206 πᾶσα
610 2181 686 2217 ψυχή
710 2183 749 2216 τῷ
764 2181 896 2217 πνεύματι

76 2221 182 2257 ζίουσα,
199 2221 266 2248 κατὰ
284 2223 378 2259 πρᾶξιν
408 2223 454 2258 μὲν
477 2224 527 2258 τήν
551 2227 600 2258 τῆς
621 2225 718 2262 σαρκὸς
741 2226 896 2263 παχύτητα,

74 2265 143 2292 κατᾶ
158 2265 272 2303 θεωρίαν
287 2265 316 2293 δὲ
333 2267 383 2300 τήν
409 2270 458 2301 τῆς
481 2270 534 2295 τῶν
562 2259 660 2295 ὅντων.
672 2259 895 2308 φύσεωςηέπιγφά.
915 2259 936 2290 D

75 2320 147 2337 νειαν
178 2309 339 2344 λεπτύνασα,
368 2311 436 2338 κατὰ
469 2313 533 2344 τοὺς
567 2312 686 2350 ἀγαθοὺς
713 2314 832 2352 τρόπους
853 2315 897 2342 καὶ

76 2354 177 2391 λόγους
192 2355 280 2393 κούφη
306 2354 373 2392 πρὸς
402 2356 466 2383 Θεὸν
485 2356 655 2395 ἀταφέρεται,
686 2359 724 2394 μή
752 2369 896 2386 κατασπω-

77 2399 144 2434 μένη
159 2401 194 2435 τῇ
209 2398 298 2436 γηίνῳ
313 2399 464 2437 παχύτητι.
481 2399 560 2429 Οὕτω
582 2400 611 2429 δὲ
623 2402 690 2440 πρὸς
711 2403 755 2430 τὸν
772 2403 896 2440 οὐράνιον

73 2443 190 2481 νυμφίον
218 2443 377 2482 ἀναφέρεται
401 2446 586 2481 τεθυμιαμένη
615 2447 733 2485 σμύρναν
756 2447 801 2474 καὶ
817 2445 896 2475 λίϐα-

72 2498 118 2515 νον
135 2488 188 2515 ἆπὸ
213 2489 321 2515 πάντων
345 2491 494 2525 κονιορτὼν
525 2492 658 2528 μυρεψοῦ.
680 2493 790 2530 Ἤγουν,
808 2503 896 2529 μεμυ-

73 2532 199 2569 ρισμὲνη,
217 2532 259 2559 οἶα
286 2533 333 2569 μὲν
359 2532 476 2571 σμύρνῃ,
489 2536 523 2570 τῇ
549 2534 644 2572 ἀρετῇ,
666 2535 703 2567 ὡς
723 2536 755 2563 τὸ
771 2537 897 2574 σαρκικὸν

72 2576 228 2614 νεκρώσασα
256 2576 381 2614 σρύνημα
398 2586 404 2594 ·
436 2578 479 2605 οἶα
492 2577 521 2606 δὲ
546 2577 662 2616 λιϐάνῳ,
677 2582 711 2617 τῇ
731 2581 840 2618 γνώσει,
858 2581 894 2612 ὡς

71 2623 128 2652 τοῖς
144 2622 315 2659 χαρακτῆρσι
343 2625 394 2656 τῆς
421 2622 549 2658 ἀληθείας
575 2624 646 2651 θεῖον
672 2624 782 2662 ἄγαλμα
799 2625 894 2660 ἑαυτὴν

73 2664 246 2701 ἀποδείξασα.
269 2667 496 2705 Τοιουτοτρόπως
525 2667 554 2696 δὲ
574 2668 733 2697 εὐωδίασται
759 2669 896 2709 διεξέρχο-

75 2712 142 2747 μένη
169 2710 217 2742 τας
233 2712 286 2738 τῶν
315 2709 386 2738 ὅλων
418 2711 526 2751 φύσεις,
555 2713 599 2740 καὶ
629 2714 696 2752 πρὸς
717 2714 763 2741 τὸν
792 2715 895 2743 τούτων

73 2755 159 2783 αἴτιον
174 2754 311 2794 φερομένη
325 2763 332 2771 ⁸
358 2755 404 2795 ἀφ’
427 2757 465 2783 ὧν
488 2755 565 2793 δίκην
590 2761 740 2796 κονιορτῶν
755 2760 781 2786 o't
791 2761 895 2788 τοῦτων

73 2800 152 2838 λόγοι
167 2800 212 2827 καὶ
239 2799 337 2836 τρόποι
363 2799 515 2839 ἐγείρονται
542 2801 622 2840 αὐτῇ,
639 2803 816 2836 λιπτύνοντες
829 2805 895 2834 ταύ-

962 248 1046 277 donec
1059 249 1186 276 valuerit.

996 339 1062 365 Haec
1074 338 1137 373 jam
1153 334 1392 373 explanavimus;
1409 342 1499 370 quare
1514 340 1672 370 pergamus
1685 332 1721 360 ad
1738 339 1783 359 re-

961 383 1053 419 liqua.

997 427 1060 461 Quae
1074 430 1112 455 est
1128 428 1257 462 imaque
1271 424 1392 453 ascendit
1407 423 1441 451 de
1455 423 1561 452 deserto
1575 423 1646 450 sicut
1669 420 1783 456 virgula

959 473 1041 508 fumi,
1067 472 1192 500 redolen:
1214 471 1358 506 myrrham
1373 473 1399 497 el
1415 469 1475 496 thus
1487 476 1522 496 ea:
1536 468 1672 496 universis
1683 467 1781 503 pulve-

961 517 1037 544 ribus
1053 517 1251 552 unguentarii?

996 561 1061 588 Haec
1086 561 1171 589 amici
1198 561 1274 587 inter
1288 568 1318 587 se
1333 559 1542 594 colloquuntur
1558 566 1565 585 :
1581 565 1645 593 qua;
1661 556 1780 592 quidem

961 614 994 634 eo
1023 608 1166 641 spectant,
1191 605 1267 640 quod
1292 612 1358 632 cum
1382 605 1469 631 antea
1492 610 1600 638 sponsa
1623 601 1781 629 virtutibus

960 651 1017 684 his,
1034 658 1138 686 nempe
1155 650 1221 683 fide,
1239 648 1475 681 mansuetudine,
1493 647 1620 681 justitia,
1645 646 1782 674 decorata

961 696 1067 729 fuerit;
1095 703 1161 722 mox
1194 696 1291 722 autem
1321 693 1356 720 ad
1387 692 1460 720 alios
1488 692 1632 718 virtutum
1661 690 1780 718 habitus

959 740 1134 773 ascenderit,
1160 738 1268 776 jejunii
1303 737 1454 770 nimirum,
1492 735 1609 772 vigilia,
1637 734 1779 762 orationis

959 787 1115 822 perpetuae,
1152 786 1240 820 atque
1279 791 1389 818 aspera:
1427 781 1510 809 humi
1547 779 1731 808 dormitionis
1770 788 1776 806 2

958 828 1261 864 sponsaeprofectum
1286 828 1437 862 stupentes
1461 824 1559 858 amici,
1583 826 1612 852 et
1634 826 1777 860 tanquam

958 873 1052 908 ignari
1078 873 1112 900 de
1138 872 1188 900 illa
1215 871 1292 899 inter
1315 879 1346 898 se
1370 869 1577 906 conquirentes
1605 877 1612 896 :
1639 868 1777 901 Quaenam

957 920 1012 951 est,
1039 917 1189 953 inquiunt,
1215 916 1282 950 ista,
1312 924 1375 951 qum
1401 915 1435 942 de
1458 913 1618 942 solitudine
1641 913 1671 940 in
1691 911 1780 940 caelos

957 962 1100 995 ascendit,
1135 961 1223 989 veluti
1261 960 1374 995 virgula
1418 959 1501 992 fumi,
1539 958 1659 986 odorem
1696 957 1779 985 redo-

955 1006 1018 1034 lens
1034 1006 1157 1042 myrrhae
1172 1008 1201 1033 et
1212 1005 1308 1032 thuris
1324 1003 1446 1032 eximii?
1461 1003 1564 1031 Omnis
1579 1002 1657 1030 enim
1677 1002 1778 1029 anima

955 1059 1019 1087 quas
1035 1051 1135 1078 studet
1148 1058 1213 1078 esse
1227 1050 1296 1077 thus
1313 1051 1340 1076 et
1353 1048 1503 1084 iucundus
1518 1047 1589 1075 odor
1612 1045 1683 1082 Regi
1708 1046 1775 1073 uni-

953 1104 1116 1129 versorum,
1142 1102 1261 1122 necesse
1286 1095 1330 1121 est
1354 1096 1386 1120 ut
1407 1093 1490 1129 prius
1505 1091 1662 1120 mortiﬁcet
1675 1090 1776 1118 omnia

954 1141 1088 1168 membra
1102 1148 1165 1173 sua,
1182 1141 1270 1175 atque
1285 1138 1326 1166 ita
1352 1137 1470 1174 myrrha
1494 1137 1545 1165 ﬁat
1567 1145 1634 1164 cum
1658 1136 1773 1164 Christo

954 1187 1147 1220 commortua,
1163 1183 1273 1219 alioqui
1295 1182 1364 1210 thus
1390 1182 1513 1210 Domino
1536 1181 1597 1209 ﬁeri
1623 1189 1775 1217 nunquam

954 1229 1073 1266 poterit.

1253 1371 1344 1399 Trium
1360 1371 1419 1398 Pali
1426 1379 1483 1398 um.

991 1425 1062 1453 Cum
1078 1425 1168 1461 igitur
1182 1425 1236 1452 bas
1248 1433 1328 1452 meas
1344 1423 1530 1452 escensiones
1546 1422 1778 1459 perfectissimae

954 1470 1126 1506 explicarim
1144 1478 1150 1498 ε
1167 1470 1269 1503 Adiuro
1286 1477 1339 1503 vos,
1365 1469 1434 1504 ﬁliae
1453 1467 1620 1502 Jerusalem,
1642 1475 1694 1503 per
1719 1467 1777 1494 vir-

955 1517 1024 1543 tutes
1039 1520 1064 1542 et
1079 1514 1254 1549 fortitudines
1269 1514 1341 1549 agri,
1356 1515 1382 1541 si
1395 1513 1531 1540 suscitetis
1546 1514 1627 1548 atque
1649 1512 1777 1540 excitetis

1584 1557 1777 1590 Quemadmo-

954 1606 1024 1632 dum
1040 1603 1173 1639 adjuravi
1189 1612 1239 1631 vos
1255 1612 1306 1639 per
1321 1603 1418 1630 minas
1433 1605 1460 1630 et
1478 1601 1688 1638 promissiones
1705 1608 1712 1628 :
1728 1609 1776 1628 eo-

953 1649 1018 1677 dem
1035 1649 1121 1676 modo
1137 1656 1188 1675 vos
1203 1656 1320 1675 rursum
1337 1649 1438 1682 adjuro
1455 1655 1505 1682 per
1525 1654 1626 1674 eorum
1651 1653 1713 1681 qua:
1738 1645 1774 1673 ad

954 1701 1001 1721 me
1012 1691 1539 1729 perlinent,expositionem,exemplo
1556 1699 1619 1718 meo
1635 1693 1775 1726 tanquam

949 1737 1145 1774 jurejurando
1160 1745 1210 1765 vos
1225 1737 1414 1773 obstringens
1430 1739 1519 1771 atque
1534 1736 1724 1766 conﬁrmans.
1744 1736 1777 1761 ut

954 1784 1093 1818 perpetuo
1110 1790 1198 1809 cursu
1214 1781 1248 1809 ad
1266 1781 1357 1808 Deum
1373 1779 1667 1815 contendatis,quoad
1679 1779 1778 1806 divina

954 1827 1109 1863 presentia
1123 1834 1178 1853 sua
1192 1826 1274 1853 vobis
1290 1824 1559 1852 immutabilitatem
1575 1823 1777 1859 largiatur.:At

953 1872 1023 1907 ipsae
1039 1871 1230 1898 admiratione
1246 1870 1350 1906 plenae,
1366 1872 1456 1905 atque
1471 1869 1549 1896 inter
1563 1876 1594 1896 se
1611 1868 1646 1895 de
1667 1875 1777 1902 sponsa

953 1924 1017 1952 quin
1039 1916 1218 1944 disseruerat
1241 1914 1441 1950 colloquentes
1467 1922 1474 1940 :
1500 1913 1634 1947 Quanam
1658 1914 1706 1946 est,
1731 1913 1775 1939 in-

953 1961 1071 1996 quiunt,
1084 1962 1139 1988 ista
1153 1967 1215 1996 qua
1238 1959 1362 1986 ascendit
1385 1958 1417 1986 de
1440 1958 1556 1990 deserto,
1571 1958 1642 1985 sicut
1666 1957 1776 1992 virgula

951 2006 1047 2041 fumi?
1062 2005 1092 2032 1d
1109 2007 1164 2038 est,
1181 2012 1314 2040 quisnam
1331 2006 1376 2031 est
1402 2003 1459 2031 ista
1482 2011 1546 2038 qua;
1572 2010 1606 2030 ex
1631 2001 1732 2029 habitu
1758 2010 1775 2029 a

953 2050 1224 2086 perturbationibus
1239 2051 1415 2084 remoto,per
1428 2048 1565 2074 virtutem
1581 2050 1610 2074 et
1623 2045 1774 2074 scientiam

952 2095 987 2122 ad
1004 2094 1095 2122 Deum
1112 2094 1228 2121 sublata
1244 2093 1424 2128 conscendit,
1439 2092 1518 2120 velut
1533 2091 1671 2119 surculus
1691 2090 1774 2125 fumi,

952 2139 1002 2174 qui
1028 2139 1064 2166 ab
1088 2138 1155 2174 igne
1171 2138 1274 2165 silvam
1291 2138 1467 2173 depascente
1481 2136 1552 2164 lovis
1568 2136 1597 2163 in
1613 2144 1680 2164 aera
1695 2135 1774 2164 tolli-

952 2183 1022 2211 tur?
1036 2184 1081 2211 Sic
1097 2184 1174 2211 enim
1191 2183 1288 2210 omnis
1313 2190 1430 2218 quoque
1453 2182 1553 2209 anima
1576 2181 1681 2216 spiritu
1707 2188 1771 2207 suc-

952 2236 1050 2261 censa,
1077 2236 1127 2264 per
1156 2228 1298 2254 actionem
1325 2226 1456 2262 quidem,
1480 2225 1576 2253 carnis
1601 2224 1773 2252 crassitudi-

953 2281 1036 2300 nem:
1056 2281 1106 2308 per
1121 2271 1401 2308 contemplationem
1418 2273 1529 2303 autem,
1547 2278 1644 2297 rerum
1661 2269 1774 2305 species

951 2320 1113 2345 extenuans
1131 2326 1136 2344 :
1154 2316 1253 2352 probis
1268 2319 1330 2344 tum
1349 2315 1490 2349 moribus,
1507 2317 1569 2342 tum
1586 2314 1773 2342 sermonibus

952 2362 1022 2389 levis
1039 2361 1074 2388 ad
1093 2362 1181 2388 Deum
1197 2361 1298 2393 fertur,
1317 2368 1369 2387 nec
1384 2361 1499 2386 terreno
1515 2358 1652 2394 ,pondere
1674 2358 1772 2393 depri-

952 2405 1115 2433 mitur.Hac
1129 2406 1242 2432 ratione
1258 2404 1407 2440 myrrham
1422 2410 1448 2430 el
1462 2403 1530 2430 thus
1545 2411 1580 2431 ex
1590 2402 1773 2430 aromatibus

952 2453 1037 2485 atque
1053 2450 1188 2477 universo
1212 2448 1330 2484 pulvere
1356 2447 1541 2483 pigmentarii
1567 2446 1713 2480 redolens,
1736 2447 1772 2474 ad

952 2494 1098 2521 caelestem
1115 2501 1256 2530 sponsum
1273 2492 1570 2528 provehitur.Virtute
1585 2491 1675 2527 igitur
1688 2491 1773 2526 quasi

951 2538 1147 2575 myrrha,cum
1165 2537 1262 2566 carnis
1277 2545 1397 2564 sensum
1414 2536 1640 2568 mortiﬁceverit,
1653 2535 1772 2572 fragrat:

951 2583 1063 2611 scentis.
1076 2591 1142 2611 vero
1158 2582 1241 2618 quasi
1255 2582 1350 2615 thure,
1367 2584 1509 2617 tanquam
1525 2580 1656 2608 veritatis
1681 2581 1771 2614 notis,

952 2636 982 2656 se
996 2628 1090 2663 ipsam
1107 2627 1237 2655 divinam
1253 2626 1413 2661 imaginem
1441 2625 1579 2653 ostendit.
1606 2625 1648 2652 Ita
1673 2632 1771 2652 rerum

952 2675 1072 2700 naturas
1086 2671 1283 2708 pertransiens
1298 2670 1427 2699 suaviter
1451 2669 1520 2703 olet,
1547 2669 1583 2698 ad
1612 2677 1773 2705 earumque

951 2718 1045 2746 tendit
1059 2719 1208 2745 auctorem
1225 2725 1232 2744 :
1248 2724 1283 2744 ex
1297 2716 1406 2751 quibus
1420 2715 1514 2743 instar
1528 2714 1656 2750 pulveris
1670 2722 1772 2742 earum

951 2762 1078 2790 rationes
1105 2764 1133 2790 et
1157 2761 1236 2790 modi
1261 2761 1425 2789 excitantur
1446 2761 1483 2794 ei,
1508 2761 1695 2788 attenuantes
1724 2759 1771 2787 his

950 2807 1081 2836 veritatis
1109 2807 1223 2836 semitis
1255 2805 1508 2843 exploratricibus,
1539 2806 1676 2834 accurato
1707 2811 1769 2832 ser-
