  <div class='ocr_page' id='page_1' title='image "/cluster/home/n/w/nwhite01/storage/ocr_20150623/122/njp.32101077773016/325.png"; bbox 0 0 1949 3055; ppageno 0'>
   <div class='ocr_carea' id='block_1_1' title="bbox 136 134 195 164">
    <p class='ocr_par' dir='ltr' id='par_1_1' title="bbox 136 134 195 164">
     <span class='ocr_line' id='line_1_1' title="bbox 136 134 195 164; baseline 0 0"><span class='ocrx_word' id='word_1_1' title='bbox 136 134 195 164; x_wconf 75' lang='lat'><strong>603</strong></span> 
     </span>
    </p>
   </div>
   <div class='ocr_carea' id='block_1_2' title="bbox 804 131 1174 166">
    <p class='ocr_par' dir='ltr' id='par_1_2' title="bbox 804 131 1174 166">
     <span class='ocr_line' id='line_1_2' title="bbox 804 131 1174 166; baseline 0.008 -3"><span class='ocrx_word' id='word_1_2' title='bbox 804 131 1014 165; x_wconf 78' lang='lat' dir='ltr'><strong>MlCHAELlS</strong></span> <span class='ocrx_word' id='word_1_3' title='bbox 1036 135 1174 166; x_wconf 82' lang='lat' dir='ltr'><strong>PSELLI</strong></span> 
     </span>
    </p>
   </div>
   <div class='ocr_carea' id='block_1_3' title="bbox 1780 130 1846 161">
    <p class='ocr_par' dir='ltr' id='par_1_3' title="bbox 1780 130 1846 161">
     <span class='ocr_line' id='line_1_3' title="bbox 1780 130 1846 161; baseline 0 -1"><span class='ocrx_word' id='word_1_4' title='bbox 1780 130 1846 161; x_wconf 69' lang='grc'><strong>604</strong></span> 
     </span>
    </p>
   </div>
   <div class='ocr_carea' id='block_1_4' title="bbox 137 195 972 240">
    <p class='ocr_par' dir='ltr' id='par_1_4' title="bbox 137 200 964 238">
     <span class='ocr_line' id='line_1_4' title="bbox 137 200 964 238; baseline 0.002 -10"><span class='ocrx_word' id='word_1_5' title='bbox 137 200 289 238; x_wconf 89' lang='lat' dir='ltr'><strong>mone,qui</strong></span> <span class='ocrx_word' id='word_1_6' title='bbox 303 202 399 229; x_wconf 87' lang='lat' dir='ltr'><strong>totum</strong></span> <span class='ocrx_word' id='word_1_7' title='bbox 415 200 470 229; x_wconf 89' lang='lat' dir='ltr'><strong>hoc</strong></span> <span class='ocrx_word' id='word_1_8' title='bbox 486 202 628 236; x_wconf 76' lang='lat' dir='ltr'><strong>tanquam</strong></span> <span class='ocrx_word' id='word_1_9' title='bbox 647 200 677 229; x_wconf 90' lang='lat' dir='ltr'><strong>in</strong></span> <span class='ocrx_word' id='word_1_10' title='bbox 693 200 761 237; x_wconf 83' lang='lat' dir='ltr'><strong>igne</strong></span> <span class='ocrx_word' id='word_1_11' title='bbox 776 201 900 237; x_wconf 80' lang='lat' dir='ltr'><strong>spiritus</strong></span> <span class='ocrx_word' id='word_1_12' title='bbox 915 210 964 230; x_wconf 85' lang='lat' dir='ltr'><strong>ex-</strong></span> 
     </span>
    </p>
   </div>
   <div class='ocr_carea' id='block_1_5' title="bbox 1031 195 1846 240">
    <p class='ocr_par' dir='ltr' id='par_1_5' title="bbox 1031 195 1846 240">
     <span class='ocr_line' id='line_1_5' title="bbox 1031 195 1846 240; baseline -0.006 -11"><span class='ocrx_word' id='word_1_13' title='bbox 1031 211 1078 232; x_wconf 77' lang='grc' dir='ltr'>ταις</span> <span class='ocrx_word' id='word_1_14' title='bbox 1105 204 1167 233; x_wconf 81' lang='grc' dir='ltr'>ταῖς</span> <span class='ocrx_word' id='word_1_15' title='bbox 1196 202 1397 240; x_wconf 79' lang='grc' dir='ltr'>βασανιστικαῖς</span> <span class='ocrx_word' id='word_1_16' title='bbox 1425 203 1475 234; x_wconf 88' lang='grc' dir='ltr'><strong>τῆς</strong></span> <span class='ocrx_word' id='word_1_17' title='bbox 1504 197 1635 234; x_wconf 77' lang='grc' dir='ltr'><strong>ἀληθείας</strong></span> <span class='ocrx_word' id='word_1_18' title='bbox 1662 195 1770 234; x_wconf 76' lang='grc' dir='ltr'>τριόαῖς</span> <span class='ocrx_word' id='word_1_19' title='bbox 1792 199 1846 225; x_wconf 81' lang='grc' dir='ltr'><strong>τοῦ</strong></span> 
     </span>
    </p>
   </div>
   <div class='ocr_carea' id='block_1_6' title="bbox 139 246 250 282">
    <p class='ocr_par' dir='ltr' id='par_1_6' title="bbox 139 246 250 282">
     <span class='ocr_line' id='line_1_6' title="bbox 139 246 250 282; baseline -0.009 -8"><span class='ocrx_word' id='word_1_20' title='bbox 139 246 250 282; x_wconf 79' lang='lat' dir='ltr'><strong>coquit.</strong></span> 
     </span>
    </p>
   </div>
   <div class='ocr_carea' id='block_1_7' title="bbox 176 333 966 370">
    <p class='ocr_par' dir='ltr' id='par_1_7' title="bbox 176 333 966 370">
     <span class='ocr_line' id='line_1_7' title="bbox 176 333 966 370; baseline -0.003 -8"><span class='ocrx_word' id='word_1_21' title='bbox 176 336 216 362; x_wconf 84' lang='lat' dir='ltr'><strong>En</strong></span> <span class='ocrx_word' id='word_1_22' title='bbox 234 333 366 362; x_wconf 77' lang='lat' dir='ltr'><strong>lectulum</strong></span> <span class='ocrx_word' id='word_1_23' title='bbox 392 333 546 362; x_wconf 75' lang='lat' dir='ltr'><strong>Salomonis</strong></span> <span class='ocrx_word' id='word_1_24' title='bbox 570 334 716 370; x_wconf 75' lang='lat' dir='ltr'><strong>sexaginta</strong></span> <span class='ocrx_word' id='word_1_25' title='bbox 737 335 823 369; x_wconf 79' lang='lat' dir='ltr'><strong>fortes</strong></span> <span class='ocrx_word' id='word_1_26' title='bbox 837 334 966 362; x_wconf 75' lang='lat' dir='ltr'><strong>ambiunt</strong></span> 
     </span>
    </p>
   </div>
   <div class='ocr_carea' id='block_1_8' title="bbox 139 379 966 415">
    <p class='ocr_par' dir='ltr' id='par_1_8' title="bbox 139 379 966 415">
     <span class='ocr_line' id='line_1_8' title="bbox 139 379 966 415; baseline -0.001 -8"><span class='ocrx_word' id='word_1_27' title='bbox 139 387 175 407; x_wconf 78' lang='lat' dir='ltr'><strong>ea:</strong></span> <span class='ocrx_word' id='word_1_28' title='bbox 196 380 357 414; x_wconf 74' lang='lat' dir='ltr'><strong>fortissimis</strong></span> <span class='ocrx_word' id='word_1_29' title='bbox 384 379 478 411; x_wconf 83' lang='lat' dir='ltr'><strong>Israel,</strong></span> <span class='ocrx_word' id='word_1_30' title='bbox 504 387 598 406; x_wconf 77' lang='lat' dir='ltr'><strong>omnes</strong></span> <span class='ocrx_word' id='word_1_31' title='bbox 623 381 744 406; x_wconf 71' lang='lat' dir='ltr'><strong>tenentes</strong></span> <span class='ocrx_word' id='word_1_32' title='bbox 757 379 874 415; x_wconf 75' lang='lat' dir='ltr'><strong>gladios,</strong></span> <span class='ocrx_word' id='word_1_33' title='bbox 890 383 915 407; x_wconf 79' lang='lat' dir='ltr'><strong>el</strong></span> <span class='ocrx_word' id='word_1_34' title='bbox 928 379 966 406; x_wconf 83' lang='lat' dir='ltr'><strong>ad</strong></span> 
     </span>
    </p>
   </div>
   <div class='ocr_carea' id='block_1_9' title="bbox 142 423 967 459">
    <p class='ocr_par' dir='ltr' id='par_1_9' title="bbox 142 423 967 459">
     <span class='ocr_line' id='line_1_9' title="bbox 142 423 967 459; baseline -0.002 -7"><span class='ocrx_word' id='word_1_35' title='bbox 142 423 218 452; x_wconf 81' lang='lat' dir='ltr'><strong>bella</strong></span> <span class='ocrx_word' id='word_1_36' title='bbox 242 424 404 452; x_wconf 58' lang='lat' dir='ltr'><strong>doctissimi.</strong></span> <span class='ocrx_word' id='word_1_37' title='bbox 433 424 650 459; x_wconf 76' lang='lat' dir='ltr'><strong>Uniuscwusque</strong></span> <span class='ocrx_word' id='word_1_38' title='bbox 670 425 742 451; x_wconf 77' lang='lat' dir='ltr'><strong>ensis</strong></span> <span class='ocrx_word' id='word_1_39' title='bbox 770 431 853 459; x_wconf 72' lang='lat' dir='ltr'><strong>super</strong></span> <span class='ocrx_word' id='word_1_40' title='bbox 878 424 967 453; x_wconf 78' lang='lat' dir='ltr'><strong>femur</strong></span> 
     </span>
    </p>
   </div>
   <div class='ocr_carea' id='block_1_10' title="bbox 141 468 565 497">
    <p class='ocr_par' dir='ltr' id='par_1_10' title="bbox 141 468 565 497">
     <span class='ocr_line' id='line_1_10' title="bbox 141 468 565 497; baseline -0.002 -1"><span class='ocrx_word' id='word_1_41' title='bbox 141 477 222 497; x_wconf 78' lang='lat' dir='ltr'><strong>suum</strong></span> <span class='ocrx_word' id='word_1_42' title='bbox 238 477 256 496; x_wconf 89' lang='lat' dir='ltr'><strong>a</strong></span> <span class='ocrx_word' id='word_1_43' title='bbox 269 469 368 497; x_wconf 80' lang='lat' dir='ltr'><strong><em>timore</em></strong></span> <span class='ocrx_word' id='word_1_44' title='bbox 385 469 415 496; x_wconf 74' lang='lat' dir='ltr'><strong>in</strong></span> <span class='ocrx_word' id='word_1_45' title='bbox 429 468 565 496; x_wconf 74' lang='lat' dir='ltr'><strong>noctibus.</strong></span> 
     </span>
    </p>
   </div>
   <div class='ocr_carea' id='block_1_11' title="bbox 510 566 604 594">
    <p class='ocr_par' dir='ltr' id='par_1_11' title="bbox 510 566 604 594">
     <span class='ocr_line' id='line_1_11' title="bbox 510 566 604 594; baseline 0 0"><span class='ocrx_word' id='word_1_46' title='bbox 510 566 604 594; x_wconf 81' lang='lat' dir='ltr'><strong>Pselli.</strong></span> 
     </span>
    </p>
   </div>
   <div class='ocr_carea' id='block_1_12' title="bbox 178 610 968 648">
    <p class='ocr_par' dir='ltr' id='par_1_12' title="bbox 178 610 968 648">
     <span class='ocr_line' id='line_1_12' title="bbox 178 610 968 648; baseline 0 -8"><span class='ocrx_word' id='word_1_47' title='bbox 178 611 244 640; x_wconf 64' lang='lat' dir='ltr'><strong>Haec</strong></span> <span class='ocrx_word' id='word_1_48' title='bbox 264 611 351 640; x_wconf 81' lang='lat' dir='ltr'><strong>amici</strong></span> <span class='ocrx_word' id='word_1_49' title='bbox 376 611 410 639; x_wconf 90' lang='lat' dir='ltr'><strong>ad</strong></span> <span class='ocrx_word' id='word_1_50' title='bbox 436 610 579 647; x_wconf 77' lang='lat' dir='ltr'><strong>virginem</strong></span> <span class='ocrx_word' id='word_1_51' title='bbox 604 611 715 645; x_wconf 88' lang='lat' dir='ltr'><strong>dicunt,</strong></span> <span class='ocrx_word' id='word_1_52' title='bbox 740 610 840 639; x_wconf 79' lang='lat' dir='ltr'><strong>lectuli</strong></span> <span class='ocrx_word' id='word_1_53' title='bbox 865 612 968 648; x_wconf 77' lang='lat' dir='ltr'><strong>sponsi</strong></span> 
     </span>
    </p>
   </div>
   <div class='ocr_carea' id='block_1_13' title="bbox 143 655 969 693">
    <p class='ocr_par' dir='ltr' id='par_1_13' title="bbox 143 655 969 693">
     <span class='ocr_line' id='line_1_13' title="bbox 143 655 969 693; baseline 0 -9"><span class='ocrx_word' id='word_1_54' title='bbox 143 656 395 693; x_wconf 82' lang='lat' dir='ltr'><strong>pulchritudinem</strong></span> <span class='ocrx_word' id='word_1_55' title='bbox 425 655 616 692; x_wconf 72' lang='lat' dir='ltr'><strong>explicantes,</strong></span> <span class='ocrx_word' id='word_1_56' title='bbox 643 664 701 692; x_wconf 89' lang='lat' dir='ltr'><strong>quo</strong></span> <span class='ocrx_word' id='word_1_57' title='bbox 727 656 822 692; x_wconf 82' lang='lat' dir='ltr'><strong>magis</strong></span> <span class='ocrx_word' id='word_1_58' title='bbox 847 665 969 684; x_wconf 87' lang='lat' dir='ltr'><strong>succen-</strong></span> 
     </span>
    </p>
   </div>
   <div class='ocr_carea' id='block_1_14' title="bbox 145 701 968 738">
    <p class='ocr_par' dir='ltr' id='par_1_14' title="bbox 145 701 968 738">
     <span class='ocr_line' id='line_1_14' title="bbox 145 701 968 738; baseline 0.001 -9"><span class='ocrx_word' id='word_1_59' title='bbox 145 702 217 730; x_wconf 89' lang='lat' dir='ltr'><strong>dant</strong></span> <span class='ocrx_word' id='word_1_60' title='bbox 232 709 347 738; x_wconf 62' lang='lat' dir='ltr'><strong>sponsae</strong></span> <span class='ocrx_word' id='word_1_61' title='bbox 363 701 554 729; x_wconf 77' lang='lat' dir='ltr'><strong>desiderium.</strong></span> <span class='ocrx_word' id='word_1_62' title='bbox 571 701 614 728; x_wconf 92' lang='lat' dir='ltr'><strong>Tu</strong></span> <span class='ocrx_word' id='word_1_63' title='bbox 629 709 698 729; x_wconf 88' lang='lat' dir='ltr'><strong>vero</strong></span> <span class='ocrx_word' id='word_1_64' title='bbox 713 701 786 728; x_wconf 91' lang='lat' dir='ltr'><strong>mihi</strong></span> <span class='ocrx_word' id='word_1_65' title='bbox 803 701 839 728; x_wconf 85' lang='lat' dir='ltr'><strong>ad</strong></span> <span class='ocrx_word' id='word_1_66' title='bbox 864 701 968 730; x_wconf 88' lang='lat' dir='ltr'><strong>horum</strong></span> 
     </span>
    </p>
   </div>
   <div class='ocr_carea' id='block_1_15' title="bbox 145 745 969 782">
    <p class='ocr_par' dir='ltr' id='par_1_15' title="bbox 145 745 969 782">
     <span class='ocr_line' id='line_1_15' title="bbox 145 745 969 782; baseline 0.001 -8"><span class='ocrx_word' id='word_1_67' title='bbox 145 745 357 782; x_wconf 78' lang='lat' dir='ltr'><strong>expositionem</strong></span> <span class='ocrx_word' id='word_1_68' title='bbox 388 745 547 782; x_wconf 80' lang='lat' dir='ltr'><strong>diligenter</strong></span> <span class='ocrx_word' id='word_1_69' title='bbox 569 746 697 774; x_wconf 82' lang='lat' dir='ltr'><strong>attende.</strong></span> <span class='ocrx_word' id='word_1_70' title='bbox 723 745 861 774; x_wconf 77' lang='lat' dir='ltr'><strong>Lectulus</strong></span> <span class='ocrx_word' id='word_1_71' title='bbox 887 746 969 775; x_wconf 83' lang='lat' dir='ltr'><strong>Salo-</strong></span> 
     </span>
    </p>
   </div>
   <div class='ocr_carea' id='block_1_16' title="bbox 146 790 971 827">
    <p class='ocr_par' dir='ltr' id='par_1_16' title="bbox 146 790 971 827">
     <span class='ocr_line' id='line_1_16' title="bbox 146 790 971 827; baseline -0.001 -8"><span class='ocrx_word' id='word_1_72' title='bbox 146 791 243 819; x_wconf 83' lang='lat' dir='ltr'><strong>monis</strong></span> <span class='ocrx_word' id='word_1_73' title='bbox 258 793 418 819; x_wconf 85' lang='lat' dir='ltr'><strong>esteorum</strong></span> <span class='ocrx_word' id='word_1_74' title='bbox 436 790 486 826; x_wconf 88' lang='lat' dir='ltr'><strong>qui</strong></span> <span class='ocrx_word' id='word_1_75' title='bbox 509 790 670 824; x_wconf 84' lang='lat' dir='ltr'><strong>salvantur,</strong></span> <span class='ocrx_word' id='word_1_76' title='bbox 695 790 789 819; x_wconf 90' lang='lat' dir='ltr'><strong>locus.</strong></span> <span class='ocrx_word' id='word_1_77' title='bbox 815 791 971 827; x_wconf 71' lang='lat' dir='ltr'><strong>Sexaginta</strong></span> 
     </span>
    </p>
   </div>
   <div class='ocr_carea' id='block_1_17' title="bbox 146 834 971 872">
    <p class='ocr_par' dir='ltr' id='par_1_17' title="bbox 146 834 971 872">
     <span class='ocr_line' id='line_1_17' title="bbox 146 834 971 872; baseline -0.001 -8"><span class='ocrx_word' id='word_1_78' title='bbox 146 843 246 864; x_wconf 76' lang='lat' dir='ltr'><strong>autem</strong></span> <span class='ocrx_word' id='word_1_79' title='bbox 271 835 360 863; x_wconf 77' lang='lat' dir='ltr'><strong>fortes</strong></span> <span class='ocrx_word' id='word_1_80' title='bbox 385 835 435 871; x_wconf 89' lang='lat' dir='ltr'><strong>qui</strong></span> <span class='ocrx_word' id='word_1_81' title='bbox 464 834 549 862; x_wconf 90' lang='lat' dir='ltr'><strong>illum</strong></span> <span class='ocrx_word' id='word_1_82' title='bbox 583 834 730 869; x_wconf 83' lang='lat' dir='ltr'><strong>ambiunt,</strong></span> <span class='ocrx_word' id='word_1_83' title='bbox 755 838 826 863; x_wconf 90' lang='lat' dir='ltr'><strong>sunt</strong></span> <span class='ocrx_word' id='word_1_84' title='bbox 849 835 892 862; x_wconf 86' lang='lat' dir='ltr'><strong>illi</strong></span> <span class='ocrx_word' id='word_1_85' title='bbox 914 835 971 872; x_wconf 83' lang='lat' dir='ltr'><strong>ipsi</strong></span> 
     </span>
    </p>
   </div>
   <div class='ocr_carea' id='block_1_18' title="bbox 1018 239 1846 282">
    <p class='ocr_par' dir='ltr' id='par_1_18' title="bbox 1018 239 1846 282">
     <span class='ocr_line' id='line_1_18' title="bbox 1018 239 1846 282; baseline -0.004 -9"><span class='ocrx_word' id='word_1_86' title='bbox 1018 245 1044 273; x_wconf 78' lang='grc' dir='ltr'>ἐν</span> <span class='ocrx_word' id='word_1_87' title='bbox 1075 249 1114 282; x_wconf 84' lang='grc' dir='ltr'>τῷ</span> <span class='ocrx_word' id='word_1_88' title='bbox 1126 247 1191 282; x_wconf 68' lang='grc' dir='ltr'>πυρὶ</span> <span class='ocrx_word' id='word_1_89' title='bbox 1206 249 1255 273; x_wconf 75' lang='grc' dir='ltr'>τοῦ</span> <span class='ocrx_word' id='word_1_90' title='bbox 1283 245 1436 281; x_wconf 80' lang='grc' dir='ltr'>πνεύματος</span> <span class='ocrx_word' id='word_1_91' title='bbox 1460 242 1523 271; x_wconf 79' lang='grc' dir='ltr'>τόδε</span> <span class='ocrx_word' id='word_1_92' title='bbox 1541 244 1574 271; x_wconf 83' lang='grc' dir='ltr'>τὸ</span> <span class='ocrx_word' id='word_1_93' title='bbox 1597 246 1648 270; x_wconf 87' lang='grc' dir='ltr'>πᾶν</span> <span class='ocrx_word' id='word_1_94' title='bbox 1665 242 1748 271; x_wconf 80' lang='grc' dir='ltr'>οἱονεί</span> <span class='ocrx_word' id='word_1_95' title='bbox 1763 239 1846 279; x_wconf 67' lang='grc' dir='ltr'>ἕψον-</span> 
     </span>
    </p>
   </div>
   <div class='ocr_carea' id='block_1_19' title="bbox 1017 292 1353 330">
    <p class='ocr_par' dir='ltr' id='par_1_19' title="bbox 1017 292 1353 330">
     <span class='ocr_line' id='line_1_19' title="bbox 1017 292 1353 330; baseline 0 -10"><span class='ocrx_word' id='word_1_96' title='bbox 1017 303 1064 323; x_wconf 82' lang='grc' dir='ltr'><strong>τος</strong></span> <span class='ocrx_word' id='word_1_97' title='bbox 1076 292 1246 328; x_wconf 75' lang='grc' dir='ltr'>έξεταστικοῦ</span> <span class='ocrx_word' id='word_1_98' title='bbox 1260 292 1353 330; x_wconf 81' lang='grc' dir='ltr'>λόγου.</span> 
     </span>
    </p>
   </div>
   <div class='ocr_carea' id='block_1_20' title="bbox 1056 330 1844 372">
    <p class='ocr_par' dir='ltr' id='par_1_20' title="bbox 1056 330 1844 372">
     <span class='ocr_line' id='line_1_20' title="bbox 1056 330 1844 372; baseline -0.005 -8"><span class='ocrx_word' id='word_1_99' title='bbox 1056 335 1125 364; x_wconf 68' lang='grc' dir='ltr'>Ἰδοὺ</span> <span class='ocrx_word' id='word_1_100' title='bbox 1152 338 1168 372; x_wconf 84' lang='grc' dir='ltr'>ἠ</span> <span class='ocrx_word' id='word_1_101' title='bbox 1196 337 1278 372; x_wconf 72' lang='grc' dir='ltr'>κλίνη</span> <span class='ocrx_word' id='word_1_102' title='bbox 1308 338 1357 364; x_wconf 79' lang='grc' dir='ltr'><strong>τοῦ</strong></span> <span class='ocrx_word' id='word_1_103' title='bbox 1394 335 1541 372; x_wconf 85' lang='grc' dir='ltr'>Σολομὼν,</span> <span class='ocrx_word' id='word_1_104' title='bbox 1577 334 1706 370; x_wconf 77' lang='grc' dir='ltr'>ἐξήκοντα</span> <span class='ocrx_word' id='word_1_105' title='bbox 1734 330 1844 360; x_wconf 78' lang='grc' dir='ltr'>δυνατοὶ</span> 
     </span>
    </p>
   </div>
   <div class='ocr_carea' id='block_1_21' title="bbox 1018 378 1846 418">
    <p class='ocr_par' dir='ltr' id='par_1_21' title="bbox 1018 378 1846 418">
     <span class='ocr_line' id='line_1_21' title="bbox 1018 378 1846 418; baseline -0.005 -9"><span class='ocrx_word' id='word_1_106' title='bbox 1018 381 1113 418; x_wconf 66' lang='grc' dir='ltr'>κύκλῳ</span> <span class='ocrx_word' id='word_1_107' title='bbox 1141 382 1224 416; x_wconf 83' lang='grc' dir='ltr'>αὐτῆς</span> <span class='ocrx_word' id='word_1_108' title='bbox 1256 382 1309 408; x_wconf 80' lang='grc' dir='ltr'><strong>ἀπὸ</strong></span> <span class='ocrx_word' id='word_1_109' title='bbox 1349 383 1403 409; x_wconf 89' lang='grc' dir='ltr'><strong>τῶν</strong></span> <span class='ocrx_word' id='word_1_110' title='bbox 1446 379 1565 408; x_wconf 81' lang='grc' dir='ltr'><strong>δυνατῶν</strong></span> <span class='ocrx_word' id='word_1_111' title='bbox 1595 378 1718 417; x_wconf 72' lang='grc' dir='ltr'>Ἰσραὴλ,</span> <span class='ocrx_word' id='word_1_112' title='bbox 1745 379 1846 408; x_wconf 79' lang='grc' dir='ltr'>πάντες</span> 
     </span>
    </p>
   </div>
   <div class='ocr_carea' id='block_1_22' title="bbox 1019 423 1844 464">
    <p class='ocr_par' dir='ltr' id='par_1_22' title="bbox 1019 423 1844 464">
     <span class='ocr_line' id='line_1_22' title="bbox 1019 423 1844 464; baseline -0.007 -9"><span class='ocrx_word' id='word_1_113' title='bbox 1019 427 1180 464; x_wconf 71' lang='grc' dir='ltr'><strong>κατέχοντες</strong></span> <span class='ocrx_word' id='word_1_114' title='bbox 1206 426 1342 464; x_wconf 70' lang='grc' dir='ltr'><strong>Ιξομφιιίσις</strong></span> <span class='ocrx_word' id='word_1_115' title='bbox 1373 423 1564 462; x_wconf 66' lang='grc' dir='ltr'><strong>δεδιδαγμένοι</strong></span> <span class='ocrx_word' id='word_1_116' title='bbox 1594 423 1716 460; x_wconf 81' lang='grc' dir='ltr'>πόλεμον</span> <span class='ocrx_word' id='word_1_117' title='bbox 1734 433 1740 439; x_wconf 93' lang='grc'>·</span> <span class='ocrx_word' id='word_1_118' title='bbox 1760 423 1844 460; x_wconf 69' lang='grc' dir='ltr'>ανὴρ,</span> 
     </span>
    </p>
   </div>
   <div class='ocr_carea' id='block_1_23' title="bbox 1021 468 1847 511">
    <p class='ocr_par' dir='ltr' id='par_1_23' title="bbox 1021 468 1847 511">
     <span class='ocr_line' id='line_1_23' title="bbox 1021 468 1847 511; baseline -0.006 -11"><span class='ocrx_word' id='word_1_119' title='bbox 1021 472 1141 511; x_wconf 70' lang='grc' dir='ltr'>ῥομφαία</span> <span class='ocrx_word' id='word_1_120' title='bbox 1166 472 1250 500; x_wconf 76' lang='grc' dir='ltr'>αὐτοῦ</span> <span class='ocrx_word' id='word_1_121' title='bbox 1288 471 1333 499; x_wconf 80' lang='grc' dir='ltr'>ἐπὶ</span> <span class='ocrx_word' id='word_1_122' title='bbox 1368 471 1414 498; x_wconf 87' lang='grc' dir='ltr'>τὸν</span> <span class='ocrx_word' id='word_1_123' title='bbox 1451 469 1539 508; x_wconf 79' lang='grc' dir='ltr'>μηρόν</span> <span class='ocrx_word' id='word_1_124' title='bbox 1581 470 1664 497; x_wconf 76' lang='grc' dir='ltr'>αὐτοῦ</span> <span class='ocrx_word' id='word_1_125' title='bbox 1688 468 1742 496; x_wconf 83' lang='grc' dir='ltr'><strong>ἀπὸ</strong></span> <span class='ocrx_word' id='word_1_126' title='bbox 1771 469 1847 504; x_wconf 81' lang='grc' dir='ltr'>θάμ-</span> 
     </span>
    </p>
   </div>
   <div class='ocr_carea' id='block_1_24' title="bbox 1021 514 1224 552">
    <p class='ocr_par' dir='ltr' id='par_1_24' title="bbox 1021 514 1224 552">
     <span class='ocr_line' id='line_1_24' title="bbox 1021 514 1224 552; baseline 0 -8"><span class='ocrx_word' id='word_1_127' title='bbox 1021 514 1084 547; x_wconf 71' lang='grc' dir='ltr'>ϐους</span> <span class='ocrx_word' id='word_1_128' title='bbox 1100 516 1126 543; x_wconf 80' lang='grc' dir='ltr'>ἐν</span> <span class='ocrx_word' id='word_1_129' title='bbox 1141 518 1224 552; x_wconf 80' lang='grc' dir='ltr'>νυξιν.</span> 
     </span>
    </p>
   </div>
   <div class='ocr_carea' id='block_1_25' title="bbox 1372 566 1495 595">
    <p class='ocr_par' dir='ltr' id='par_1_25' title="bbox 1372 566 1495 595">
     <span class='ocr_line' id='line_1_25' title="bbox 1372 566 1495 595; baseline -0.008 0"><span class='ocrx_word' id='word_1_130' title='bbox 1372 566 1484 595; x_wconf 83' lang='grc' dir='ltr'>Ψελλοῠ</span> <span class='ocrx_word' id='word_1_131' title='bbox 1489 588 1495 594; x_wconf 98' lang='grc'>.</span> 
     </span>
    </p>
   </div>
   <div class='ocr_carea' id='block_1_26' title="bbox 1057 610 1798 653">
    <p class='ocr_par' dir='ltr' id='par_1_26' title="bbox 1057 610 1798 653">
     <span class='ocr_line' id='line_1_26' title="bbox 1057 610 1798 653; baseline -0.007 -11"><span class='ocrx_word' id='word_1_132' title='bbox 1057 615 1091 643; x_wconf 71' lang='grc' dir='ltr'><strong>Οἱ</strong></span> <span class='ocrx_word' id='word_1_133' title='bbox 1104 614 1180 653; x_wconf 77' lang='grc' dir='ltr'>φίλοι</span> <span class='ocrx_word' id='word_1_134' title='bbox 1194 616 1278 642; x_wconf 78' lang='grc' dir='ltr'>ταῦτα</span> <span class='ocrx_word' id='word_1_135' title='bbox 1293 613 1404 650; x_wconf 83' lang='grc' dir='ltr'>λεγουσι</span> <span class='ocrx_word' id='word_1_136' title='bbox 1416 611 1495 639; x_wconf 71' lang='grc' dir='ltr'>δῖθεν</span> <span class='ocrx_word' id='word_1_137' title='bbox 1509 612 1578 649; x_wconf 77' lang='grc' dir='ltr'>πρὸς</span> <span class='ocrx_word' id='word_1_138' title='bbox 1593 611 1641 645; x_wconf 70' lang='grc' dir='ltr'><strong>τὴν</strong></span> <span class='ocrx_word' id='word_1_139' title='bbox 1655 610 1798 648; x_wconf 78' lang='grc' dir='ltr'>παρθένον,</span> 
     </span>
    </p>
   </div>
   <div class='ocr_carea' id='block_1_27' title="bbox 1021 654 1768 698">
    <p class='ocr_par' dir='ltr' id='par_1_27' title="bbox 1021 654 1768 698">
     <span class='ocr_line' id='line_1_27' title="bbox 1021 654 1768 698; baseline -0.008 -11"><span class='ocrx_word' id='word_1_140' title='bbox 1021 660 1060 688; x_wconf 81' lang='grc' dir='ltr'>Τὸ</span> <span class='ocrx_word' id='word_1_141' title='bbox 1074 659 1178 690; x_wconf 74' lang='grc' dir='ltr'>κάλλος</span> <span class='ocrx_word' id='word_1_142' title='bbox 1194 658 1380 698; x_wconf 68' lang='grc' dir='ltr'><strong>ἀφηγούμενοι</strong></span> <span class='ocrx_word' id='word_1_143' title='bbox 1395 660 1445 692; x_wconf 75' lang='grc' dir='ltr'><strong>τῆς</strong></span> <span class='ocrx_word' id='word_1_144' title='bbox 1460 656 1558 692; x_wconf 87' lang='grc' dir='ltr'>κλίνης</span> <span class='ocrx_word' id='word_1_145' title='bbox 1573 658 1622 683; x_wconf 74' lang='grc' dir='ltr'>τοῦ</span> <span class='ocrx_word' id='word_1_146' title='bbox 1636 654 1768 692; x_wconf 70' lang='grc' dir='ltr'>νυμοίου,</span> 
     </span>
    </p>
   </div>
   <div class='ocr_carea' id='block_1_28' title="bbox 1023 699 1800 740">
    <p class='ocr_par' dir='ltr' id='par_1_28' title="bbox 1023 699 1800 740">
     <span class='ocr_line' id='line_1_28' title="bbox 1023 699 1800 740; baseline -0.006 -9"><span class='ocrx_word' id='word_1_147' title='bbox 1023 704 1066 734; x_wconf 87' lang='grc' dir='ltr'>Ὠς</span> <span class='ocrx_word' id='word_1_148' title='bbox 1085 702 1191 740; x_wconf 78' lang='grc' dir='ltr'>μᾶλλον</span> <span class='ocrx_word' id='word_1_149' title='bbox 1209 702 1369 739; x_wconf 69' lang='grc' dir='ltr'>ὑπανὰψωσι</span> <span class='ocrx_word' id='word_1_150' title='bbox 1379 701 1424 729; x_wconf 81' lang='grc' dir='ltr'><strong>τὸν</strong></span> <span class='ocrx_word' id='word_1_151' title='bbox 1441 702 1525 729; x_wconf 86' lang='grc' dir='ltr'>πόνον</span> <span class='ocrx_word' id='word_1_152' title='bbox 1539 701 1585 728; x_wconf 85' lang='grc' dir='ltr'><strong>τὸν</strong></span> <span class='ocrx_word' id='word_1_153' title='bbox 1601 702 1650 733; x_wconf 84' lang='grc' dir='ltr'>τῆς</span> <span class='ocrx_word' id='word_1_154' title='bbox 1665 699 1775 738; x_wconf 73' lang='grc' dir='ltr'>νύμφης</span> <span class='ocrx_word' id='word_1_155' title='bbox 1793 707 1800 714; x_wconf 81' lang='grc'><strong><em>⁸</em></strong></span> 
     </span>
    </p>
   </div>
   <div class='ocr_carea' id='block_1_29' title="bbox 1025 745 1763 786">
    <p class='ocr_par' dir='ltr' id='par_1_29' title="bbox 1025 745 1763 786">
     <span class='ocr_line' id='line_1_29' title="bbox 1025 745 1763 786; baseline -0.007 -10"><span class='ocrx_word' id='word_1_156' title='bbox 1025 749 1063 776; x_wconf 82' lang='grc' dir='ltr'>Σὺ</span> <span class='ocrx_word' id='word_1_157' title='bbox 1079 747 1108 776; x_wconf 83' lang='grc' dir='ltr'><strong>δέ</strong></span> <span class='ocrx_word' id='word_1_158' title='bbox 1125 758 1171 785; x_wconf 90' lang='grc' dir='ltr'><strong>μοι</strong></span> <span class='ocrx_word' id='word_1_159' title='bbox 1188 746 1292 786; x_wconf 77' lang='grc' dir='ltr'>σφόδρα</span> <span class='ocrx_word' id='word_1_160' title='bbox 1311 747 1431 784; x_wconf 78' lang='grc' dir='ltr'><strong>πρόσεχε</strong></span> <span class='ocrx_word' id='word_1_161' title='bbox 1444 747 1479 783; x_wconf 73' lang='grc' dir='ltr'><strong>τῇ</strong></span> <span class='ocrx_word' id='word_1_162' title='bbox 1493 746 1597 773; x_wconf 68' lang='grc' dir='ltr'>τούτων</span> <span class='ocrx_word' id='word_1_163' title='bbox 1613 745 1739 782; x_wconf 75' lang='grc' dir='ltr'>ἱεηγήσει</span> <span class='ocrx_word' id='word_1_164' title='bbox 1755 747 1763 760; x_wconf 81' lang='grc'><strong>⁸</strong></span> 
     </span>
    </p>
   </div>
   <div class='ocr_carea' id='block_1_30' title="bbox 1025 789 1770 829">
    <p class='ocr_par' dir='ltr' id='par_1_30' title="bbox 1025 789 1770 829">
     <span class='ocr_line' id='line_1_30' title="bbox 1025 789 1770 829; baseline -0.004 -10"><span class='ocrx_word' id='word_1_165' title='bbox 1025 792 1111 828; x_wconf 67' lang='grc' dir='ltr'>Κλίνη</span> <span class='ocrx_word' id='word_1_166' title='bbox 1129 793 1258 829; x_wconf 64' lang='grc' dir='ltr'>τυγχάνει</span> <span class='ocrx_word' id='word_1_167' title='bbox 1276 791 1411 827; x_wconf 76' lang='grc' dir='ltr'>Σολομῶν</span> <span class='ocrx_word' id='word_1_168' title='bbox 1427 791 1440 818; x_wconf 82' lang='grc' dir='ltr'><strong>ὁ</strong></span> <span class='ocrx_word' id='word_1_169' title='bbox 1453 793 1506 817; x_wconf 88' lang='grc' dir='ltr'><strong>τῶν</strong></span> <span class='ocrx_word' id='word_1_170' title='bbox 1524 790 1661 817; x_wconf 73' lang='grc' dir='ltr'><strong>σωθέντων</strong></span> <span class='ocrx_word' id='word_1_171' title='bbox 1674 789 1770 819; x_wconf 82' lang='grc' dir='ltr'>τόπος.</span> 
     </span>
    </p>
   </div>
   <div class='ocr_carea' id='block_1_31' title="bbox 1025 834 1705 874">
    <p class='ocr_par' dir='ltr' id='par_1_31' title="bbox 1025 834 1705 874">
     <span class='ocr_line' id='line_1_31' title="bbox 1025 834 1705 874; baseline -0.007 -9"><span class='ocrx_word' id='word_1_172' title='bbox 1025 838 1171 874; x_wconf 74' lang='grc' dir='ltr'>Ἐξήκοντα</span> <span class='ocrx_word' id='word_1_173' title='bbox 1186 836 1216 864; x_wconf 75' lang='grc' dir='ltr'>δὲ</span> <span class='ocrx_word' id='word_1_174' title='bbox 1232 835 1340 864; x_wconf 82' lang='grc' dir='ltr'>δυνατοὶ</span> <span class='ocrx_word' id='word_1_175' title='bbox 1355 834 1581 873; x_wconf 83' lang='grc' dir='ltr'>περικυκλοῦντες</span> <span class='ocrx_word' id='word_1_176' title='bbox 1592 834 1705 868; x_wconf 79' lang='grc' dir='ltr'>ταύτην,</span> 
     </span>
    </p>
   </div>
   <div class='ocr_carea' id='block_1_32' title="bbox 147 878 972 922">
    <p class='ocr_par' dir='ltr' id='par_1_32' title="bbox 147 879 972 916">
     <span class='ocr_line' id='line_1_32' title="bbox 147 879 972 916; baseline 0 -8"><span class='ocrx_word' id='word_1_177' title='bbox 147 881 287 916; x_wconf 85' lang='lat' dir='ltr'><strong>profecto,</strong></span> <span class='ocrx_word' id='word_1_178' title='bbox 304 880 355 916; x_wconf 90' lang='lat' dir='ltr'><strong>qui</strong></span> <span class='ocrx_word' id='word_1_179' title='bbox 372 879 474 908; x_wconf 82' lang='lat' dir='ltr'><strong>salvsti</strong></span> <span class='ocrx_word' id='word_1_180' title='bbox 490 881 569 907; x_wconf 86' lang='lat' dir='ltr'><strong>sunt.</strong></span> <span class='ocrx_word' id='word_1_181' title='bbox 596 880 752 916; x_wconf 77' lang='lat' dir='ltr'><strong>Sexaginta</strong></span> <span class='ocrx_word' id='word_1_182' title='bbox 775 888 842 908; x_wconf 89' lang='lat' dir='ltr'><strong>vero</strong></span> <span class='ocrx_word' id='word_1_183' title='bbox 866 880 972 908; x_wconf 87' lang='lat' dir='ltr'><strong>dicun-</strong></span> 
     </span>
    </p>
   </div>
   <div class='ocr_carea' id='block_1_33' title="bbox 1031 878 1705 922">
    <p class='ocr_par' dir='ltr' id='par_1_33' title="bbox 1031 878 1705 919">
     <span class='ocr_line' id='line_1_33' title="bbox 1031 878 1705 919; baseline -0.006 -10"><span class='ocrx_word' id='word_1_184' title='bbox 1031 883 1129 912; x_wconf 75' lang='grc' dir='ltr'>Ὀντως</span> <span class='ocrx_word' id='word_1_185' title='bbox 1145 881 1221 908; x_wconf 84' lang='grc' dir='ltr'>αὐτοὶ</span> <span class='ocrx_word' id='word_1_186' title='bbox 1237 879 1385 919; x_wconf 76' lang='grc' dir='ltr'>πεφύκασιν</span> <span class='ocrx_word' id='word_1_187' title='bbox 1402 880 1428 907; x_wconf 79' lang='grc' dir='ltr'>οἱ</span> <span class='ocrx_word' id='word_1_188' title='bbox 1443 879 1514 906; x_wconf 84' lang='grc' dir='ltr'>πάνυ</span> <span class='ocrx_word' id='word_1_189' title='bbox 1529 878 1705 915; x_wconf 76' lang='grc' dir='ltr'><strong>σεσωσμένοι.</strong></span> 
     </span>
    </p>
   </div>
   <div class='ocr_carea' id='block_1_34' title="bbox 145 923 968 960">
    <p class='ocr_par' dir='ltr' id='par_1_34' title="bbox 145 923 968 960">
     <span class='ocr_line' id='line_1_34' title="bbox 145 923 968 960; baseline 0 -8"><span class='ocrx_word' id='word_1_190' title='bbox 145 926 196 953; x_wconf 88' lang='lat' dir='ltr'><strong>tur</strong></span> <span class='ocrx_word' id='word_1_191' title='bbox 224 924 407 960; x_wconf 81' lang='lat' dir='ltr'><strong>quicumque</strong></span> <span class='ocrx_word' id='word_1_192' title='bbox 433 923 532 951; x_wconf 90' lang='lat' dir='ltr'><strong>divina</strong></span> <span class='ocrx_word' id='word_1_193' title='bbox 559 924 653 960; x_wconf 86' lang='lat' dir='ltr'><strong>gratia</strong></span> <span class='ocrx_word' id='word_1_194' title='bbox 684 932 751 952; x_wconf 87' lang='lat' dir='ltr'><strong>vere</strong></span> <span class='ocrx_word' id='word_1_195' title='bbox 785 926 968 960; x_wconf 58' lang='lat' dir='ltr'><strong>praestantes,</strong></span> 
     </span>
    </p>
   </div>
   <div class='ocr_carea' id='block_1_35' title="bbox 148 968 968 1005">
    <p class='ocr_par' dir='ltr' id='par_1_35' title="bbox 148 968 968 1005">
     <span class='ocr_line' id='line_1_35' title="bbox 148 968 968 1005; baseline 0 -8"><span class='ocrx_word' id='word_1_196' title='bbox 148 969 316 997; x_wconf 63' lang='lat' dir='ltr'><strong>daemonum</strong></span> <span class='ocrx_word' id='word_1_197' title='bbox 342 969 393 1004; x_wconf 88' lang='lat' dir='ltr'><strong>qui</strong></span> <span class='ocrx_word' id='word_1_198' title='bbox 418 976 470 1004; x_wconf 90' lang='lat' dir='ltr'><strong>per</strong></span> <span class='ocrx_word' id='word_1_199' title='bbox 493 971 594 996; x_wconf 88' lang='lat' dir='ltr'><strong>noctes</strong></span> <span class='ocrx_word' id='word_1_200' title='bbox 623 968 758 997; x_wconf 86' lang='lat' dir='ltr'><strong>homines</strong></span> <span class='ocrx_word' id='word_1_201' title='bbox 785 971 968 1005; x_wconf 76' lang='lat' dir='ltr'><strong>oppugnant,</strong></span> 
     </span>
    </p>
   </div>
   <div class='ocr_carea' id='block_1_36' title="bbox 148 1012 969 1050">
    <p class='ocr_par' dir='ltr' id='par_1_36' title="bbox 148 1012 969 1050">
     <span class='ocr_line' id='line_1_36' title="bbox 148 1012 969 1050; baseline 0 -9"><span class='ocrx_word' id='word_1_202' title='bbox 148 1014 268 1050; x_wconf 83' lang='lat' dir='ltr'><strong>agmina</strong></span> <span class='ocrx_word' id='word_1_203' title='bbox 302 1012 458 1041; x_wconf 66' lang='lat' dir='ltr'><strong>formidine</strong></span> <span class='ocrx_word' id='word_1_204' title='bbox 494 1012 689 1048; x_wconf 89' lang='lat' dir='ltr'><strong>repleverunt.</strong></span> <span class='ocrx_word' id='word_1_205' title='bbox 717 1013 969 1045; x_wconf 86' lang='lat' dir='ltr'><strong>Quemadmodum</strong></span> 
     </span>
    </p>
   </div>
   <div class='ocr_carea' id='block_1_37' title="bbox 147 1057 970 1094">
    <p class='ocr_par' dir='ltr' id='par_1_37' title="bbox 147 1057 970 1094">
     <span class='ocr_line' id='line_1_37' title="bbox 147 1057 970 1094; baseline 0.001 -9"><span class='ocrx_word' id='word_1_206' title='bbox 147 1057 245 1094; x_wconf 86' lang='lat' dir='ltr'><strong>gladio</strong></span> <span class='ocrx_word' id='word_1_207' title='bbox 277 1057 321 1085; x_wconf 87' lang='lat' dir='ltr'><strong>vir</strong></span> <span class='ocrx_word' id='word_1_208' title='bbox 356 1057 515 1091; x_wconf 78' lang='lat' dir='ltr'><strong>accinctus,</strong></span> <span class='ocrx_word' id='word_1_209' title='bbox 544 1057 677 1085; x_wconf 86' lang='lat' dir='ltr'><strong>imbelles</strong></span> <span class='ocrx_word' id='word_1_210' title='bbox 710 1057 846 1085; x_wconf 85' lang='lat' dir='ltr'><strong>homines</strong></span> <span class='ocrx_word' id='word_1_211' title='bbox 879 1060 909 1086; x_wconf 78' lang='lat' dir='ltr'><strong>et</strong></span> <span class='ocrx_word' id='word_1_212' title='bbox 940 1057 970 1086; x_wconf 91' lang='lat' dir='ltr'><strong>in</strong></span> 
     </span>
    </p>
   </div>
   <div class='ocr_carea' id='block_1_38' title="bbox 149 1101 971 1139">
    <p class='ocr_par' dir='ltr' id='par_1_38' title="bbox 149 1101 971 1139">
     <span class='ocr_line' id='line_1_38' title="bbox 149 1101 971 1139; baseline 0.001 -10"><span class='ocrx_word' id='word_1_213' title='bbox 149 1102 258 1139; x_wconf 68' lang='lat' dir='ltr'><strong>praeliis</strong></span> <span class='ocrx_word' id='word_1_214' title='bbox 298 1101 398 1129; x_wconf 83' lang='lat' dir='ltr'><strong>minus</strong></span> <span class='ocrx_word' id='word_1_215' title='bbox 440 1101 613 1129; x_wconf 84' lang='lat' dir='ltr'><strong>exercitatos</strong></span> <span class='ocrx_word' id='word_1_216' title='bbox 662 1102 881 1137; x_wconf 82' lang='lat' dir='ltr'><strong>perterrefacit.</strong></span> <span class='ocrx_word' id='word_1_217' title='bbox 927 1102 971 1130; x_wconf 86' lang='lat' dir='ltr'><strong>Illi</strong></span> 
     </span>
    </p>
   </div>
   <div class='ocr_carea' id='block_1_39' title="bbox 150 1146 971 1182">
    <p class='ocr_par' dir='ltr' id='par_1_39' title="bbox 150 1146 971 1182">
     <span class='ocr_line' id='line_1_39' title="bbox 150 1146 971 1182; baseline 0.001 -9"><span class='ocrx_word' id='word_1_218' title='bbox 150 1146 228 1174; x_wconf 83' lang='lat' dir='ltr'><strong>enim</strong></span> <span class='ocrx_word' id='word_1_219' title='bbox 268 1146 353 1182; x_wconf 88' lang='lat' dir='ltr'><strong>signo</strong></span> <span class='ocrx_word' id='word_1_220' title='bbox 391 1146 487 1174; x_wconf 84' lang='lat' dir='ltr'><strong>crucis</strong></span> <span class='ocrx_word' id='word_1_221' title='bbox 525 1148 668 1182; x_wconf 81' lang='lat' dir='ltr'><strong>tanquam</strong></span> <span class='ocrx_word' id='word_1_222' title='bbox 711 1146 810 1182; x_wconf 84' lang='lat' dir='ltr'><strong>gladio</strong></span> <span class='ocrx_word' id='word_1_223' title='bbox 851 1147 971 1182; x_wconf 82' lang='lat' dir='ltr'><strong>ancipiti</strong></span> 
     </span>
    </p>
   </div>
   <div class='ocr_carea' id='block_1_40' title="bbox 151 1190 972 1226">
    <p class='ocr_par' dir='ltr' id='par_1_40' title="bbox 151 1190 972 1226">
     <span class='ocr_line' id='line_1_40' title="bbox 151 1190 972 1226; baseline 0 -7"><span class='ocrx_word' id='word_1_224' title='bbox 151 1191 267 1225; x_wconf 88' lang='lat' dir='ltr'><strong>armati,</strong></span> <span class='ocrx_word' id='word_1_225' title='bbox 297 1191 440 1218; x_wconf 87' lang='lat' dir='ltr'><strong>adversus</strong></span> <span class='ocrx_word' id='word_1_226' title='bbox 468 1190 654 1226; x_wconf 82' lang='lat' dir='ltr'><strong>principatus</strong></span> <span class='ocrx_word' id='word_1_227' title='bbox 683 1193 712 1218; x_wconf 81' lang='lat' dir='ltr'><strong>et</strong></span> <span class='ocrx_word' id='word_1_228' title='bbox 740 1193 843 1219; x_wconf 74' lang='lat' dir='ltr'><strong>contra</strong></span> <span class='ocrx_word' id='word_1_229' title='bbox 869 1192 972 1220; x_wconf 87' lang='lat' dir='ltr'><strong>mundi</strong></span> 
     </span>
    </p>
   </div>
   <div class='ocr_carea' id='block_1_41' title="bbox 151 1235 969 1270">
    <p class='ocr_par' dir='ltr' id='par_1_41' title="bbox 151 1235 969 1270">
     <span class='ocr_line' id='line_1_41' title="bbox 151 1235 969 1270; baseline 0.001 -7"><span class='ocrx_word' id='word_1_230' title='bbox 151 1238 179 1263; x_wconf 87' lang='lat' dir='ltr'><strong>et</strong></span> <span class='ocrx_word' id='word_1_231' title='bbox 216 1235 404 1263; x_wconf 83' lang='lat' dir='ltr'><strong>tenebrarum</strong></span> <span class='ocrx_word' id='word_1_232' title='bbox 444 1235 607 1270; x_wconf 81' lang='lat' dir='ltr'><strong>principem</strong></span> <span class='ocrx_word' id='word_1_233' title='bbox 642 1235 731 1263; x_wconf 82' lang='lat' dir='ltr'><strong>Satan</strong></span> <span class='ocrx_word' id='word_1_234' title='bbox 767 1235 969 1264; x_wconf 87' lang='lat' dir='ltr'><strong>constiterunt.</strong></span> 
     </span>
    </p>
   </div>
   <div class='ocr_carea' id='block_1_42' title="bbox 149 1280 974 1317">
    <p class='ocr_par' dir='ltr' id='par_1_42' title="bbox 149 1280 974 1317">
     <span class='ocr_line' id='line_1_42' title="bbox 149 1280 974 1317; baseline 0.001 -9"><span class='ocrx_word' id='word_1_235' title='bbox 149 1281 215 1309; x_wconf 66' lang='lat' dir='ltr'><strong>Haec</strong></span> <span class='ocrx_word' id='word_1_236' title='bbox 243 1281 363 1316; x_wconf 87' lang='lat' dir='ltr'><strong>quidem</strong></span> <span class='ocrx_word' id='word_1_237' title='bbox 393 1289 410 1308; x_wconf 88' lang='lat' dir='ltr'><strong>a</strong></span> <span class='ocrx_word' id='word_1_238' title='bbox 439 1280 524 1308; x_wconf 89' lang='lat' dir='ltr'><strong>nobis</strong></span> <span class='ocrx_word' id='word_1_239' title='bbox 551 1289 601 1315; x_wconf 87' lang='lat' dir='ltr'><strong>pro</strong></span> <span class='ocrx_word' id='word_1_240' title='bbox 630 1281 742 1309; x_wconf 90' lang='lat' dir='ltr'><strong>viribus</strong></span> <span class='ocrx_word' id='word_1_241' title='bbox 778 1281 857 1310; x_wconf 88' lang='lat' dir='ltr'><strong>dicta</strong></span> <span class='ocrx_word' id='word_1_242' title='bbox 892 1284 974 1317; x_wconf 87' lang='lat' dir='ltr'><strong>sunt,</strong></span> 
     </span>
    </p>
   </div>
   <div class='ocr_carea' id='block_1_43' title="bbox 151 1325 975 1357">
    <p class='ocr_par' dir='ltr' id='par_1_43' title="bbox 151 1325 975 1357">
     <span class='ocr_line' id='line_1_43' title="bbox 151 1325 975 1357; baseline 0.002 -5"><span class='ocrx_word' id='word_1_243' title='bbox 151 1325 232 1357; x_wconf 88' lang='lat' dir='ltr'><strong>Quod</strong></span> <span class='ocrx_word' id='word_1_244' title='bbox 250 1325 274 1353; x_wconf 88' lang='lat' dir='ltr'><strong>si</strong></span> <span class='ocrx_word' id='word_1_245' title='bbox 288 1325 430 1353; x_wconf 84' lang='lat' dir='ltr'><strong>orationis</strong></span> <span class='ocrx_word' id='word_1_246' title='bbox 447 1325 538 1352; x_wconf 88' lang='lat' dir='ltr'><strong>series</strong></span> <span class='ocrx_word' id='word_1_247' title='bbox 557 1325 632 1352; x_wconf 84' lang='lat' dir='ltr'><strong>haud</strong></span> <span class='ocrx_word' id='word_1_248' title='bbox 650 1325 692 1352; x_wconf 89' lang='lat' dir='ltr'><strong>ita</strong></span> <span class='ocrx_word' id='word_1_249' title='bbox 714 1326 854 1354; x_wconf 85' lang='lat' dir='ltr'><strong>continua</strong></span> <span class='ocrx_word' id='word_1_250' title='bbox 877 1326 975 1354; x_wconf 89' lang='lat' dir='ltr'><strong>videa-</strong></span> 
     </span>
    </p>
   </div>
   <div class='ocr_carea' id='block_1_44' title="bbox 151 1369 976 1406">
    <p class='ocr_par' dir='ltr' id='par_1_44' title="bbox 151 1369 976 1406">
     <span class='ocr_line' id='line_1_44' title="bbox 151 1369 976 1406; baseline 0.002 -9"><span class='ocrx_word' id='word_1_251' title='bbox 151 1372 210 1403; x_wconf 90' lang='lat' dir='ltr'><strong>tur,</strong></span> <span class='ocrx_word' id='word_1_252' title='bbox 235 1377 271 1397; x_wconf 88' lang='lat' dir='ltr'><strong>ne</strong></span> <span class='ocrx_word' id='word_1_253' title='bbox 296 1369 463 1404; x_wconf 85' lang='lat' dir='ltr'><strong>admireris,</strong></span> <span class='ocrx_word' id='word_1_254' title='bbox 488 1378 504 1397; x_wconf 94' lang='grc' dir='ltr'><strong>ο</strong></span> <span class='ocrx_word' id='word_1_255' title='bbox 529 1370 678 1406; x_wconf 85' lang='lat' dir='ltr'><strong>princeps,</strong></span> <span class='ocrx_word' id='word_1_256' title='bbox 703 1377 774 1398; x_wconf 86' lang='lat' dir='ltr'><strong>neve</strong></span> <span class='ocrx_word' id='word_1_257' title='bbox 790 1379 976 1399; x_wconf 77' lang='lat' dir='ltr'><strong>commoves-</strong></span> 
     </span>
    </p>
   </div>
   <div class='ocr_carea' id='block_1_45' title="bbox 150 1414 976 1452">
    <p class='ocr_par' dir='ltr' id='par_1_45' title="bbox 150 1414 976 1452">
     <span class='ocr_line' id='line_1_45' title="bbox 150 1414 976 1452; baseline 0.002 -10"><span class='ocrx_word' id='word_1_258' title='bbox 150 1415 191 1442; x_wconf 85' lang='lat' dir='ltr'><strong>ris</strong></span> <span class='ocrx_word' id='word_1_259' title='bbox 220 1423 227 1442; x_wconf 70' lang='grc' dir='ltr'><strong>ε</strong></span> <span class='ocrx_word' id='word_1_260' title='bbox 258 1414 301 1442; x_wconf 89' lang='lat' dir='ltr'><strong>sic</strong></span> <span class='ocrx_word' id='word_1_261' title='bbox 329 1414 409 1442; x_wconf 86' lang='lat' dir='ltr'><strong>enim</strong></span> <span class='ocrx_word' id='word_1_262' title='bbox 438 1414 579 1450; x_wconf 83' lang='lat' dir='ltr'><strong>pleraque</strong></span> <span class='ocrx_word' id='word_1_263' title='bbox 607 1417 678 1443; x_wconf 89' lang='lat' dir='ltr'><strong>sunt</strong></span> <span class='ocrx_word' id='word_1_264' title='bbox 707 1415 817 1451; x_wconf 85' lang='lat' dir='ltr'><strong>scripta</strong></span> <span class='ocrx_word' id='word_1_265' title='bbox 850 1416 976 1452; x_wconf 86' lang='lat' dir='ltr'><strong>prophe-</strong></span> 
     </span>
    </p>
   </div>
   <div class='ocr_carea' id='block_1_46' title="bbox 151 1459 219 1487">
    <p class='ocr_par' dir='ltr' id='par_1_46' title="bbox 151 1459 219 1487">
     <span class='ocr_line' id='line_1_46' title="bbox 151 1459 219 1487; baseline -0.015 0"><span class='ocrx_word' id='word_1_266' title='bbox 151 1459 219 1487; x_wconf 84' lang='lat' dir='ltr'><strong>tica.</strong></span> 
     </span>
    </p>
   </div>
   <div class='ocr_carea' id='block_1_47' title="bbox 450 1644 689 1672">
    <p class='ocr_par' dir='ltr' id='par_1_47' title="bbox 450 1644 689 1672">
     <span class='ocr_line' id='line_1_47' title="bbox 450 1644 689 1672; baseline 0.004 -1"><span class='ocrx_word' id='word_1_267' title='bbox 450 1644 542 1672; x_wconf 84' lang='lat' dir='ltr'><strong>Trium</strong></span> <span class='ocrx_word' id='word_1_268' title='bbox 560 1645 689 1672; x_wconf 79' lang='lat' dir='ltr'><strong>Patrum.</strong></span> 
     </span>
    </p>
   </div>
   <div class='ocr_carea' id='block_1_48' title="bbox 193 1688 982 1726">
    <p class='ocr_par' dir='ltr' id='par_1_48' title="bbox 193 1688 982 1726">
     <span class='ocr_line' id='line_1_48' title="bbox 193 1688 982 1726; baseline 0.001 -8"><span class='ocrx_word' id='word_1_269' title='bbox 193 1688 346 1725; x_wconf 73' lang='lat' dir='ltr'><strong>Discipulai</strong></span> <span class='ocrx_word' id='word_1_270' title='bbox 362 1688 462 1725; x_wconf 80' lang='lat' dir='ltr'><strong>igitur,</strong></span> <span class='ocrx_word' id='word_1_271' title='bbox 476 1697 541 1724; x_wconf 63' lang='lat' dir='ltr'><strong>qua</strong></span> <span class='ocrx_word' id='word_1_272' title='bbox 556 1690 592 1717; x_wconf 89' lang='lat' dir='ltr'><strong>de</strong></span> <span class='ocrx_word' id='word_1_273' title='bbox 608 1690 749 1726; x_wconf 86' lang='lat' dir='ltr'><strong>magistra</strong></span> <span class='ocrx_word' id='word_1_274' title='bbox 763 1698 818 1718; x_wconf 89' lang='lat' dir='ltr'><strong>sua</strong></span> <span class='ocrx_word' id='word_1_275' title='bbox 832 1691 982 1719; x_wconf 76' lang='lat' dir='ltr'><strong>dubitave-</strong></span> 
     </span>
    </p>
   </div>
   <div class='ocr_carea' id='block_1_49' title="bbox 156 1734 982 1770">
    <p class='ocr_par' dir='ltr' id='par_1_49' title="bbox 156 1734 982 1770">
     <span class='ocr_line' id='line_1_49' title="bbox 156 1734 982 1770; baseline 0.005 -9"><span class='ocrx_word' id='word_1_276' title='bbox 156 1737 233 1768; x_wconf 84' lang='lat' dir='ltr'><strong>rant,</strong></span> <span class='ocrx_word' id='word_1_277' title='bbox 250 1741 385 1770; x_wconf 78' lang='lat' dir='ltr'><strong>quisnam</strong></span> <span class='ocrx_word' id='word_1_278' title='bbox 401 1736 490 1767; x_wconf 85' lang='lat' dir='ltr'><strong>esset,</strong></span> <span class='ocrx_word' id='word_1_279' title='bbox 507 1742 584 1762; x_wconf 87' lang='lat' dir='ltr'><strong>nunc</strong></span> <span class='ocrx_word' id='word_1_280' title='bbox 599 1734 635 1762; x_wconf 86' lang='lat' dir='ltr'><strong>de</strong></span> <span class='ocrx_word' id='word_1_281' title='bbox 649 1734 712 1770; x_wconf 88' lang='lat' dir='ltr'><strong>ipsa</strong></span> <span class='ocrx_word' id='word_1_282' title='bbox 736 1735 875 1764; x_wconf 89' lang='lat' dir='ltr'><strong>dicuntur</strong></span> <span class='ocrx_word' id='word_1_283' title='bbox 891 1745 898 1764; x_wconf 90' lang='lat'><strong>:</strong></span> <span class='ocrx_word' id='word_1_284' title='bbox 914 1737 982 1765; x_wconf 73' lang='lat' dir='ltr'><strong>Ecce</strong></span> 
     </span>
    </p>
   </div>
   <div class='ocr_carea' id='block_1_50' title="bbox 156 1778 983 1815">
    <p class='ocr_par' dir='ltr' id='par_1_50' title="bbox 156 1778 983 1815">
     <span class='ocr_line' id='line_1_50' title="bbox 156 1778 983 1815; baseline 0.001 -7"><span class='ocrx_word' id='word_1_285' title='bbox 156 1779 284 1808; x_wconf 72' lang='lat' dir='ltr'><strong>lectulum</strong></span> <span class='ocrx_word' id='word_1_286' title='bbox 298 1779 463 1814; x_wconf 78' lang='lat' dir='ltr'><strong>Salomonis,</strong></span> <span class='ocrx_word' id='word_1_287' title='bbox 479 1778 509 1806; x_wconf 90' lang='lat' dir='ltr'><strong>in</strong></span> <span class='ocrx_word' id='word_1_288' title='bbox 535 1787 593 1814; x_wconf 92' lang='lat' dir='ltr'><strong>quo</strong></span> <span class='ocrx_word' id='word_1_289' title='bbox 620 1779 740 1815; x_wconf 86' lang='lat' dir='ltr'><strong>quidem</strong></span> <span class='ocrx_word' id='word_1_290' title='bbox 765 1780 899 1808; x_wconf 87' lang='lat' dir='ltr'><strong>Christus</strong></span> <span class='ocrx_word' id='word_1_291' title='bbox 922 1781 983 1809; x_wconf 82' lang='lat' dir='ltr'><strong>Rex</strong></span> 
     </span>
    </p>
   </div>
   <div class='ocr_carea' id='block_1_51' title="bbox 158 1823 984 1861">
    <p class='ocr_par' dir='ltr' id='par_1_51' title="bbox 158 1823 984 1861">
     <span class='ocr_line' id='line_1_51' title="bbox 158 1823 984 1861; baseline 0.001 -9"><span class='ocrx_word' id='word_1_292' title='bbox 158 1824 298 1861; x_wconf 86' lang='lat' dir='ltr'><strong>paciﬁcus</strong></span> <span class='ocrx_word' id='word_1_293' title='bbox 314 1823 508 1859; x_wconf 86' lang='lat' dir='ltr'><strong>conquiescit,</strong></span> <span class='ocrx_word' id='word_1_294' title='bbox 525 1824 575 1860; x_wconf 86' lang='lat' dir='ltr'><strong>qui</strong></span> <span class='ocrx_word' id='word_1_295' title='bbox 592 1832 647 1852; x_wconf 86' lang='lat' dir='ltr'><strong>nos</strong></span> <span class='ocrx_word' id='word_1_296' title='bbox 662 1828 726 1852; x_wconf 83' lang='lat' dir='ltr'><strong>tum</strong></span> <span class='ocrx_word' id='word_1_297' title='bbox 742 1824 811 1860; x_wconf 89' lang='lat' dir='ltr'><strong>sibi,</strong></span> <span class='ocrx_word' id='word_1_298' title='bbox 827 1827 890 1853; x_wconf 89' lang='lat' dir='ltr'><strong>tum</strong></span> <span class='ocrx_word' id='word_1_299' title='bbox 906 1825 984 1853; x_wconf 89' lang='lat' dir='ltr'><strong>inter</strong></span> 
     </span>
    </p>
   </div>
   <div class='ocr_carea' id='block_1_52' title="bbox 158 1868 983 1906">
    <p class='ocr_par' dir='ltr' id='par_1_52' title="bbox 158 1868 983 1906">
     <span class='ocr_line' id='line_1_52' title="bbox 158 1868 983 1906; baseline 0.001 -9"><span class='ocrx_word' id='word_1_300' title='bbox 158 1878 222 1905; x_wconf 86' lang='lat' dir='ltr'><strong>nos,</strong></span> <span class='ocrx_word' id='word_1_301' title='bbox 238 1871 301 1896; x_wconf 91' lang='lat' dir='ltr'><strong>tum</strong></span> <span class='ocrx_word' id='word_1_302' title='bbox 318 1869 395 1896; x_wconf 80' lang='lat' dir='ltr'><strong>Patri</strong></span> <span class='ocrx_word' id='word_1_303' title='bbox 411 1876 464 1896; x_wconf 91' lang='lat' dir='ltr'><strong>suo</strong></span> <span class='ocrx_word' id='word_1_304' title='bbox 481 1868 692 1896; x_wconf 83' lang='lat' dir='ltr'><strong>reconciliavit.</strong></span> <span class='ocrx_word' id='word_1_305' title='bbox 710 1869 870 1906; x_wconf 81' lang='lat' dir='ltr'><strong>Sexaginta</strong></span> <span class='ocrx_word' id='word_1_306' title='bbox 892 1870 983 1898; x_wconf 82' lang='lat' dir='ltr'><strong>fortes</strong></span> 
     </span>
    </p>
   </div>
   <div class='ocr_carea' id='block_1_53' title="bbox 158 1912 983 1951">
    <p class='ocr_par' dir='ltr' id='par_1_53' title="bbox 158 1912 983 1951">
     <span class='ocr_line' id='line_1_53' title="bbox 158 1912 983 1951; baseline 0.001 -10"><span class='ocrx_word' id='word_1_307' title='bbox 158 1913 293 1942; x_wconf 83' lang='lat' dir='ltr'><strong>ambiunt</strong></span> <span class='ocrx_word' id='word_1_308' title='bbox 309 1921 316 1940; x_wconf 87' lang='lat'><strong>:</strong></span> <span class='ocrx_word' id='word_1_309' title='bbox 332 1912 525 1949; x_wconf 83' lang='lat' dir='ltr'><strong>cogitationes</strong></span> <span class='ocrx_word' id='word_1_310' title='bbox 542 1913 683 1941; x_wconf 88' lang='lat' dir='ltr'><strong>nimirum</strong></span> <span class='ocrx_word' id='word_1_311' title='bbox 699 1914 843 1948; x_wconf 70' lang='lat' dir='ltr'><strong>efficaces,</strong></span> <span class='ocrx_word' id='word_1_312' title='bbox 860 1923 924 1951; x_wconf 64' lang='lat' dir='ltr'><strong>quae</strong></span> <span class='ocrx_word' id='word_1_313' title='bbox 939 1915 983 1942; x_wconf 92' lang='lat' dir='ltr'><strong>di-</strong></span> 
     </span>
    </p>
   </div>
   <div class='ocr_carea' id='block_1_54' title="bbox 157 1957 983 1994">
    <p class='ocr_par' dir='ltr' id='par_1_54' title="bbox 157 1957 983 1994">
     <span class='ocr_line' id='line_1_54' title="bbox 157 1957 983 1994; baseline 0.001 -9"><span class='ocrx_word' id='word_1_314' title='bbox 157 1957 224 1985; x_wconf 88' lang='lat' dir='ltr'><strong>vina</strong></span> <span class='ocrx_word' id='word_1_315' title='bbox 238 1957 346 1985; x_wconf 83' lang='lat' dir='ltr'><strong>virtuts</strong></span> <span class='ocrx_word' id='word_1_316' title='bbox 362 1957 492 1992; x_wconf 89' lang='lat' dir='ltr'><strong>undique</strong></span> <span class='ocrx_word' id='word_1_317' title='bbox 505 1959 626 1985; x_wconf 88' lang='lat' dir='ltr'><strong>tuentur</strong></span> <span class='ocrx_word' id='word_1_318' title='bbox 640 1957 769 1986; x_wconf 85' lang='lat' dir='ltr'><strong>animam</strong></span> <span class='ocrx_word' id='word_1_319' title='bbox 784 1958 820 1986; x_wconf 86' lang='lat' dir='ltr'><strong>ad</strong></span> <span class='ocrx_word' id='word_1_320' title='bbox 836 1958 887 1986; x_wconf 89' lang='lat' dir='ltr'><strong>Dei</strong></span> <span class='ocrx_word' id='word_1_321' title='bbox 901 1959 983 1994; x_wconf 91' lang='lat' dir='ltr'><strong>quie-</strong></span> 
     </span>
    </p>
   </div>
   <div class='ocr_carea' id='block_1_55' title="bbox 161 2001 984 2038">
    <p class='ocr_par' dir='ltr' id='par_1_55' title="bbox 161 2001 984 2038">
     <span class='ocr_line' id='line_1_55' title="bbox 161 2001 984 2038; baseline 0.001 -9"><span class='ocrx_word' id='word_1_322' title='bbox 161 2005 219 2030; x_wconf 85' lang='lat' dir='ltr'><strong>tem</strong></span> <span class='ocrx_word' id='word_1_323' title='bbox 232 2004 436 2037; x_wconf 76' lang='lat' dir='ltr'><strong>prssparatam,</strong></span> <span class='ocrx_word' id='word_1_324' title='bbox 451 2001 592 2029; x_wconf 83' lang='lat' dir='ltr'><strong>adversus</strong></span> <span class='ocrx_word' id='word_1_325' title='bbox 609 2001 740 2030; x_wconf 78' lang='lat' dir='ltr'><strong>fallacias</strong></span> <span class='ocrx_word' id='word_1_326' title='bbox 756 2002 913 2038; x_wconf 87' lang='lat' dir='ltr'><strong>spirituum</strong></span> <span class='ocrx_word' id='word_1_327' title='bbox 929 2003 984 2030; x_wconf 82' lang='lat' dir='ltr'><strong>im-</strong></span> 
     </span>
    </p>
   </div>
   <div class='ocr_carea' id='block_1_56' title="bbox 159 2045 985 2082">
    <p class='ocr_par' dir='ltr' id='par_1_56' title="bbox 159 2045 985 2082">
     <span class='ocr_line' id='line_1_56' title="bbox 159 2045 985 2082; baseline 0.001 -9"><span class='ocrx_word' id='word_1_328' title='bbox 159 2045 417 2082; x_wconf 82' lang='lat' dir='ltr'><strong>proborum.Ratio</strong></span> <span class='ocrx_word' id='word_1_329' title='bbox 425 2046 501 2073; x_wconf 85' lang='lat' dir='ltr'><strong>enim</strong></span> <span class='ocrx_word' id='word_1_330' title='bbox 512 2053 577 2081; x_wconf 69' lang='lat' dir='ltr'><strong>quae</strong></span> <span class='ocrx_word' id='word_1_331' title='bbox 586 2046 716 2082; x_wconf 88' lang='lat' dir='ltr'><strong>quinque</strong></span> <span class='ocrx_word' id='word_1_332' title='bbox 725 2047 862 2074; x_wconf 87' lang='lat' dir='ltr'><strong>sensibus</strong></span> <span class='ocrx_word' id='word_1_333' title='bbox 871 2048 985 2082; x_wconf 65' lang='lat' dir='ltr'><strong>praest,</strong></span> 
     </span>
    </p>
   </div>
   <div class='ocr_carea' id='block_1_57' title="bbox 160 2089 986 2126">
    <p class='ocr_par' dir='ltr' id='par_1_57' title="bbox 160 2089 986 2126">
     <span class='ocr_line' id='line_1_57' title="bbox 160 2089 986 2126; baseline 0 -8"><span class='ocrx_word' id='word_1_334' title='bbox 160 2089 250 2118; x_wconf 85' lang='lat' dir='ltr'><strong>simul</strong></span> <span class='ocrx_word' id='word_1_335' title='bbox 265 2097 332 2117; x_wconf 90' lang='lat' dir='ltr'><strong>cum</strong></span> <span class='ocrx_word' id='word_1_336' title='bbox 349 2089 421 2125; x_wconf 85' lang='lat' dir='ltr'><strong>ipsis</strong></span> <span class='ocrx_word' id='word_1_337' title='bbox 437 2090 572 2117; x_wconf 85' lang='lat' dir='ltr'><strong>sensibus</strong></span> <span class='ocrx_word' id='word_1_338' title='bbox 589 2092 709 2126; x_wconf 87' lang='lat' dir='ltr'><strong>accepta</strong></span> <span class='ocrx_word' id='word_1_339' title='bbox 724 2090 873 2119; x_wconf 86' lang='lat' dir='ltr'><strong>senarium</strong></span> <span class='ocrx_word' id='word_1_340' title='bbox 893 2091 986 2119; x_wconf 83' lang='lat' dir='ltr'><strong>conﬁ—</strong></span> 
     </span>
    </p>
   </div>
   <div class='ocr_carea' id='block_1_58' title="bbox 161 2134 988 2171">
    <p class='ocr_par' dir='ltr' id='par_1_58' title="bbox 161 2134 988 2171">
     <span class='ocr_line' id='line_1_58' title="bbox 161 2134 988 2171; baseline 0.001 -9"><span class='ocrx_word' id='word_1_341' title='bbox 161 2135 220 2163; x_wconf 86' lang='lat' dir='ltr'><strong>ciat</strong></span> <span class='ocrx_word' id='word_1_342' title='bbox 236 2142 405 2162; x_wconf 89' lang='lat' dir='ltr'><strong>numerum.</strong></span> <span class='ocrx_word' id='word_1_343' title='bbox 421 2134 456 2161; x_wconf 89' lang='lat' dir='ltr'><strong>At</strong></span> <span class='ocrx_word' id='word_1_344' title='bbox 472 2142 539 2162; x_wconf 90' lang='lat' dir='ltr'><strong>cum</strong></span> <span class='ocrx_word' id='word_1_345' title='bbox 556 2134 654 2162; x_wconf 89' lang='lat' dir='ltr'><strong>divina</strong></span> <span class='ocrx_word' id='word_1_346' title='bbox 668 2137 813 2171; x_wconf 70' lang='lat' dir='ltr'><strong>praecepta</strong></span> <span class='ocrx_word' id='word_1_347' title='bbox 828 2143 890 2171; x_wconf 69' lang='lat' dir='ltr'><strong>quas</strong></span> <span class='ocrx_word' id='word_1_348' title='bbox 917 2138 988 2164; x_wconf 89' lang='lat' dir='ltr'><strong>sunt</strong></span> 
     </span>
    </p>
   </div>
   <div class='ocr_carea' id='block_1_59' title="bbox 163 2178 986 2216">
    <p class='ocr_par' dir='ltr' id='par_1_59' title="bbox 163 2178 986 2216">
     <span class='ocr_line' id='line_1_59' title="bbox 163 2178 986 2216; baseline 0.001 -9"><span class='ocrx_word' id='word_1_349' title='bbox 163 2180 262 2207; x_wconf 86' lang='lat' dir='ltr'><strong>decem</strong></span> <span class='ocrx_word' id='word_1_350' title='bbox 279 2186 411 2214; x_wconf 84' lang='lat' dir='ltr'><strong>numero,</strong></span> <span class='ocrx_word' id='word_1_351' title='bbox 432 2178 457 2206; x_wconf 89' lang='lat' dir='ltr'><strong>is</strong></span> <span class='ocrx_word' id='word_1_352' title='bbox 483 2178 533 2214; x_wconf 89' lang='lat' dir='ltr'><strong>qui</strong></span> <span class='ocrx_word' id='word_1_353' title='bbox 558 2179 696 2207; x_wconf 88' lang='lat' dir='ltr'><strong>sensibus</strong></span> <span class='ocrx_word' id='word_1_354' title='bbox 716 2181 828 2207; x_wconf 82' lang='lat' dir='ltr'><strong>ratione</strong></span> <span class='ocrx_word' id='word_1_355' title='bbox 852 2179 986 2216; x_wconf 87' lang='lat' dir='ltr'><strong>imperat,</strong></span> 
     </span>
    </p>
   </div>
   <div class='ocr_carea' id='block_1_60' title="bbox 164 2222 988 2260">
    <p class='ocr_par' dir='ltr' id='par_1_60' title="bbox 164 2222 988 2260">
     <span class='ocr_line' id='line_1_60' title="bbox 164 2222 988 2260; baseline 0 -8"><span class='ocrx_word' id='word_1_356' title='bbox 164 2223 287 2260; x_wconf 86' lang='lat' dir='ltr'><strong>perﬁcit,</strong></span> <span class='ocrx_word' id='word_1_357' title='bbox 304 2231 461 2251; x_wconf 87' lang='lat' dir='ltr'><strong>numerum</strong></span> <span class='ocrx_word' id='word_1_358' title='bbox 478 2222 603 2251; x_wconf 79' lang='lat' dir='ltr'><strong>absolvit</strong></span> <span class='ocrx_word' id='word_1_359' title='bbox 618 2224 851 2260; x_wconf 82' lang='lat' dir='ltr'><strong>ssxagenarium,</strong></span> <span class='ocrx_word' id='word_1_360' title='bbox 876 2226 905 2252; x_wconf 89' lang='lat' dir='ltr'><strong>et</strong></span> <span class='ocrx_word' id='word_1_361' title='bbox 928 2225 988 2252; x_wconf 91' lang='lat' dir='ltr'><strong>vir-</strong></span> 
     </span>
    </p>
   </div>
   <div class='ocr_carea' id='block_1_61' title="bbox 1024 923 1741 962">
    <p class='ocr_par' dir='ltr' id='par_1_61' title="bbox 1024 923 1741 962">
     <span class='ocr_line' id='line_1_61' title="bbox 1024 923 1741 962; baseline -0.006 -8"><span class='ocrx_word' id='word_1_362' title='bbox 1024 927 1172 962; x_wconf 71' lang='grc' dir='ltr'>Ἐξήκοντα</span> <span class='ocrx_word' id='word_1_363' title='bbox 1186 924 1215 953; x_wconf 75' lang='grc' dir='ltr'>δὲ</span> <span class='ocrx_word' id='word_1_364' title='bbox 1230 925 1355 962; x_wconf 81' lang='grc' dir='ltr'>λέγονται</span> <span class='ocrx_word' id='word_1_365' title='bbox 1370 926 1410 960; x_wconf 82' lang='grc' dir='ltr'>τῷ</span> <span class='ocrx_word' id='word_1_366' title='bbox 1425 923 1502 961; x_wconf 90' lang='grc' dir='ltr'>λόγῳ</span> <span class='ocrx_word' id='word_1_367' title='bbox 1515 926 1569 951; x_wconf 85' lang='grc' dir='ltr'><strong>τῶν</strong></span> <span class='ocrx_word' id='word_1_368' title='bbox 1585 923 1741 959; x_wconf 79' lang='grc' dir='ltr'>Ἀσμάτων,</span> 
     </span>
    </p>
   </div>
   <div class='ocr_carea' id='block_1_62' title="bbox 1026 967 1644 1005">
    <p class='ocr_par' dir='ltr' id='par_1_62' title="bbox 1026 967 1644 1005">
     <span class='ocr_line' id='line_1_62' title="bbox 1026 967 1644 1005; baseline -0.01 -6"><span class='ocrx_word' id='word_1_369' title='bbox 1026 971 1131 1001; x_wconf 75' lang='grc' dir='ltr'>Οἵτινες</span> <span class='ocrx_word' id='word_1_370' title='bbox 1146 969 1234 1000; x_wconf 70' lang='grc' dir='ltr'>οὕτως</span> <span class='ocrx_word' id='word_1_371' title='bbox 1249 968 1357 996; x_wconf 72' lang='grc' dir='ltr'>δυνατοὶ</span> <span class='ocrx_word' id='word_1_372' title='bbox 1371 970 1405 1004; x_wconf 82' lang='grc' dir='ltr'><strong>τῇ</strong></span> <span class='ocrx_word' id='word_1_373' title='bbox 1420 968 1513 1005; x_wconf 83' lang='grc' dir='ltr'>χάριτι</span> <span class='ocrx_word' id='word_1_374' title='bbox 1526 969 1560 1004; x_wconf 83' lang='grc' dir='ltr'><strong>τῇ</strong></span> <span class='ocrx_word' id='word_1_375' title='bbox 1575 967 1644 1002; x_wconf 68' lang='grc' dir='ltr'><strong>θείᾳί</strong></span> 
     </span>
    </p>
   </div>
   <div class='ocr_carea' id='block_1_63' title="bbox 1026 1009 1814 1051">
    <p class='ocr_par' dir='ltr' id='par_1_63' title="bbox 1026 1009 1814 1051">
     <span class='ocr_line' id='line_1_63' title="bbox 1026 1009 1814 1051; baseline -0.006 -9"><span class='ocrx_word' id='word_1_376' title='bbox 1026 1013 1153 1051; x_wconf 74' lang='grc' dir='ltr'>Θάμὸους</span> <span class='ocrx_word' id='word_1_377' title='bbox 1168 1013 1320 1048; x_wconf 77' lang='grc' dir='ltr'>ἐνέπλησαν</span> <span class='ocrx_word' id='word_1_378' title='bbox 1334 1012 1443 1041; x_wconf 85' lang='grc' dir='ltr'>πολλοῦ</span> <span class='ocrx_word' id='word_1_379' title='bbox 1457 1013 1491 1040; x_wconf 78' lang='grc' dir='ltr'>τὰ</span> <span class='ocrx_word' id='word_1_380' title='bbox 1505 1012 1587 1050; x_wconf 81' lang='grc' dir='ltr'>στίχη</span> <span class='ocrx_word' id='word_1_381' title='bbox 1597 1014 1650 1039; x_wconf 87' lang='grc' dir='ltr'><strong>τῶν</strong></span> <span class='ocrx_word' id='word_1_382' title='bbox 1662 1009 1814 1048; x_wconf 78' lang='grc' dir='ltr'>δαιμόνων,</span> 
     </span>
    </p>
   </div>
   <div class='ocr_carea' id='block_1_64' title="bbox 1025 1055 1810 1094">
    <p class='ocr_par' dir='ltr' id='par_1_64' title="bbox 1025 1055 1810 1094">
     <span class='ocr_line' id='line_1_64' title="bbox 1025 1055 1810 1094; baseline -0.006 -8"><span class='ocrx_word' id='word_1_383' title='bbox 1025 1061 1087 1089; x_wconf 87' lang='grc' dir='ltr'>Τῶν</span> <span class='ocrx_word' id='word_1_384' title='bbox 1105 1059 1130 1086; x_wconf 80' lang='grc' dir='ltr'>ἐν</span> <span class='ocrx_word' id='word_1_385' title='bbox 1146 1059 1203 1093; x_wconf 83' lang='grc' dir='ltr'>νυξὶ</span> <span class='ocrx_word' id='word_1_386' title='bbox 1217 1058 1263 1085; x_wconf 83' lang='grc' dir='ltr'><strong>τὸν</strong></span> <span class='ocrx_word' id='word_1_387' title='bbox 1279 1057 1401 1094; x_wconf 81' lang='grc' dir='ltr'>πόλεμον</span> <span class='ocrx_word' id='word_1_388' title='bbox 1419 1056 1467 1094; x_wconf 81' lang='grc' dir='ltr'><strong>ἐχό</strong></span> <span class='ocrx_word' id='word_1_389' title='bbox 1474 1067 1543 1084; x_wconf 92' lang='grc' dir='ltr'>ντων</span> <span class='ocrx_word' id='word_1_390' title='bbox 1559 1057 1617 1084; x_wconf 88' lang='grc' dir='ltr'>κατ’</span> <span class='ocrx_word' id='word_1_391' title='bbox 1632 1055 1783 1093; x_wconf 76' lang='grc' dir='ltr'>ἀνθρώπων</span> <span class='ocrx_word' id='word_1_392' title='bbox 1803 1063 1810 1070; x_wconf 93' lang='grc'><strong>·</strong></span> 
     </span>
    </p>
   </div>
   <div class='ocr_carea' id='block_1_65' title="bbox 1025 1099 1856 1142">
    <p class='ocr_par' dir='ltr' id='par_1_65' title="bbox 1025 1099 1856 1142">
     <span class='ocr_line' id='line_1_65' title="bbox 1025 1099 1856 1142; baseline -0.007 -10"><span class='ocrx_word' id='word_1_393' title='bbox 1025 1107 1127 1142; x_wconf 63' lang='grc' dir='ltr'>’Ὠσπερ</span> <span class='ocrx_word' id='word_1_394' title='bbox 1148 1103 1293 1138; x_wconf 70' lang='grc' dir='ltr'><strong>ἐκπλήττει</strong></span> <span class='ocrx_word' id='word_1_395' title='bbox 1319 1113 1360 1133; x_wconf 78' lang='grc' dir='ltr'><strong>τις</strong></span> <span class='ocrx_word' id='word_1_396' title='bbox 1385 1102 1455 1140; x_wconf 72' lang='grc' dir='ltr'>ἀνὴρ</span> <span class='ocrx_word' id='word_1_397' title='bbox 1480 1101 1616 1140; x_wconf 67' lang='grc' dir='ltr'>ῥομφαίαν</span> <span class='ocrx_word' id='word_1_398' title='bbox 1641 1099 1685 1128; x_wconf 63' lang='grc' dir='ltr'>ἰπὶ</span> <span class='ocrx_word' id='word_1_399' title='bbox 1701 1100 1746 1127; x_wconf 81' lang='grc' dir='ltr'><strong>τὸν</strong></span> <span class='ocrx_word' id='word_1_400' title='bbox 1762 1099 1856 1136; x_wconf 77' lang='grc' dir='ltr'>μηρὸν</span> 
     </span>
    </p>
   </div>
   <div class='ocr_carea' id='block_1_66' title="bbox 1027 1143 1858 1185">
    <p class='ocr_par' dir='ltr' id='par_1_66' title="bbox 1027 1143 1858 1185">
     <span class='ocr_line' id='line_1_66' title="bbox 1027 1143 1858 1185; baseline -0.007 -9"><span class='ocrx_word' id='word_1_401' title='bbox 1027 1148 1132 1185; x_wconf 74' lang='grc' dir='ltr'>Φέρων,</span> <span class='ocrx_word' id='word_1_402' title='bbox 1146 1147 1210 1178; x_wconf 77' lang='grc' dir='ltr'>τοὺς</span> <span class='ocrx_word' id='word_1_403' title='bbox 1229 1148 1267 1184; x_wconf 68' lang='grc' dir='ltr'><strong>μὴ</strong></span> <span class='ocrx_word' id='word_1_404' title='bbox 1282 1147 1352 1184; x_wconf 79' lang='grc' dir='ltr'>πρὸς</span> <span class='ocrx_word' id='word_1_405' title='bbox 1367 1145 1490 1182; x_wconf 86' lang='grc' dir='ltr'>πολεμον</span> <span class='ocrx_word' id='word_1_406' title='bbox 1513 1145 1606 1176; x_wconf 88' lang='grc' dir='ltr'>καλῶς</span> <span class='ocrx_word' id='word_1_407' title='bbox 1622 1143 1858 1181; x_wconf 78' lang='grc' dir='ltr'>ἐκδεδοκιμασμε-</span> 
     </span>
    </p>
   </div>
   <div class='ocr_carea' id='block_1_67' title="bbox 1765 1189 1856 1225">
    <p class='ocr_par' dir='ltr' id='par_1_67' title="bbox 1765 1189 1856 1225">
     <span class='ocr_line' id='line_1_67' title="bbox 1765 1189 1856 1225; baseline 0.011 -10"><span class='ocrx_word' id='word_1_408' title='bbox 1765 1189 1842 1225; x_wconf 86' lang='grc' dir='ltr'>[νους</span> <span class='ocrx_word' id='word_1_409' title='bbox 1849 1209 1856 1216; x_wconf 96' lang='grc'>.</span> 
     </span>
    </p>
   </div>
   <div class='ocr_carea' id='block_1_68' title="bbox 1027 1235 1778 1274">
    <p class='ocr_par' dir='ltr' id='par_1_68' title="bbox 1027 1235 1778 1274">
     <span class='ocr_line' id='line_1_68' title="bbox 1027 1235 1778 1274; baseline -0.007 -10"><span class='ocrx_word' id='word_1_410' title='bbox 1027 1238 1143 1265; x_wconf 78' lang='grc' dir='ltr'>Ἐκεῖνοι</span> <span class='ocrx_word' id='word_1_411' title='bbox 1157 1235 1209 1274; x_wconf 65' lang='grc' dir='ltr'><strong>γὰρ</strong></span> <span class='ocrx_word' id='word_1_412' title='bbox 1230 1235 1440 1271; x_wconf 77' lang='grc' dir='ltr'>σπασάμενοιτὸ</span> <span class='ocrx_word' id='word_1_413' title='bbox 1453 1238 1502 1263; x_wconf 80' lang='grc' dir='ltr'><strong>τοῦ</strong></span> <span class='ocrx_word' id='word_1_414' title='bbox 1518 1236 1633 1272; x_wconf 82' lang='grc' dir='ltr'>σταυροῦ</span> <span class='ocrx_word' id='word_1_415' title='bbox 1650 1235 1778 1270; x_wconf 80' lang='grc' dir='ltr'>σημεῖον,</span> 
     </span>
    </p>
   </div>
   <div class='ocr_carea' id='block_1_69' title="bbox 1028 1277 1709 1319">
    <p class='ocr_par' dir='ltr' id='par_1_69' title="bbox 1028 1277 1709 1319">
     <span class='ocr_line' id='line_1_69' title="bbox 1028 1277 1709 1319; baseline -0.006 -10"><span class='ocrx_word' id='word_1_416' title='bbox 1028 1283 1130 1319; x_wconf 83' lang='grc' dir='ltr'><strong>’Ὠσπερ</strong></span> <span class='ocrx_word' id='word_1_417' title='bbox 1147 1281 1283 1318; x_wconf 76' lang='grc' dir='ltr'>ῥομφαίαν</span> <span class='ocrx_word' id='word_1_418' title='bbox 1301 1279 1429 1316; x_wconf 78' lang='grc' dir='ltr'>δίστομον</span> <span class='ocrx_word' id='word_1_419' title='bbox 1445 1280 1620 1315; x_wconf 78' lang='grc' dir='ltr'>ἠκονημὲνην</span> <span class='ocrx_word' id='word_1_420' title='bbox 1636 1277 1709 1311; x_wconf 85' lang='grc' dir='ltr'>λίαν,</span> 
     </span>
    </p>
   </div>
   <div class='ocr_carea' id='block_1_70' title="bbox 1029 1321 1791 1364">
    <p class='ocr_par' dir='ltr' id='par_1_70' title="bbox 1029 1321 1791 1364">
     <span class='ocr_line' id='line_1_70' title="bbox 1029 1321 1791 1364; baseline -0.008 -10"><span class='ocrx_word' id='word_1_421' title='bbox 1029 1327 1101 1364; x_wconf 81' lang='grc' dir='ltr'>Ηρὸς</span> <span class='ocrx_word' id='word_1_422' title='bbox 1114 1326 1161 1356; x_wconf 80' lang='grc' dir='ltr'><strong>τὰς</strong></span> <span class='ocrx_word' id='word_1_423' title='bbox 1177 1326 1264 1363; x_wconf 80' lang='grc' dir='ltr'>ἀρχὰς</span> <span class='ocrx_word' id='word_1_424' title='bbox 1280 1325 1442 1358; x_wconf 69' lang='grc' dir='ltr'><strong>ἀντέστησαν</strong></span> <span class='ocrx_word' id='word_1_425' title='bbox 1454 1324 1499 1352; x_wconf 82' lang='grc' dir='ltr'><strong>καὶ</strong></span> <span class='ocrx_word' id='word_1_426' title='bbox 1512 1323 1582 1361; x_wconf 83' lang='grc' dir='ltr'>πρὸς</span> <span class='ocrx_word' id='word_1_427' title='bbox 1596 1323 1644 1353; x_wconf 79' lang='grc' dir='ltr'>τὰς</span> <span class='ocrx_word' id='word_1_428' title='bbox 1658 1321 1791 1357; x_wconf 69' lang='grc' dir='ltr'>ἐξουσίας,</span> 
     </span>
    </p>
   </div>
   <div class='ocr_carea' id='block_1_71' title="bbox 1032 1367 1861 1407">
    <p class='ocr_par' dir='ltr' id='par_1_71' title="bbox 1032 1367 1861 1407">
     <span class='ocr_line' id='line_1_71' title="bbox 1032 1367 1861 1407; baseline -0.007 -9"><span class='ocrx_word' id='word_1_429' title='bbox 1032 1373 1089 1400; x_wconf 77' lang='grc' dir='ltr'>Τοῦ</span> <span class='ocrx_word' id='word_1_430' title='bbox 1117 1371 1338 1407; x_wconf 83' lang='grc' dir='ltr'>κοσμοκράτορος</span> <span class='ocrx_word' id='word_1_431' title='bbox 1375 1369 1462 1396; x_wconf 77' lang='grc' dir='ltr'>Σατὰν</span> <span class='ocrx_word' id='word_1_432' title='bbox 1494 1370 1543 1396; x_wconf 71' lang='grc' dir='ltr'>τοῖ’)</span> <span class='ocrx_word' id='word_1_433' title='bbox 1571 1367 1684 1397; x_wconf 69' lang='grc' dir='ltr'>σκύτους</span> <span class='ocrx_word' id='word_1_434' title='bbox 1712 1368 1761 1393; x_wconf 75' lang='grc' dir='ltr'><strong>τοῦ</strong></span> <span class='ocrx_word' id='word_1_435' title='bbox 1789 1375 1861 1402; x_wconf 88' lang='grc' dir='ltr'>προ-</span> 
     </span>
    </p>
   </div>
   <div class='ocr_carea' id='block_1_72' title="bbox 1735 1409 1858 1448">
    <p class='ocr_par' dir='ltr' id='par_1_72' title="bbox 1735 1409 1858 1448">
     <span class='ocr_line' id='line_1_72' title="bbox 1735 1409 1858 1448; baseline -0.016 -10"><span class='ocrx_word' id='word_1_436' title='bbox 1735 1409 1858 1448; x_wconf 84' lang='grc' dir='ltr'>[στάτου.</span> 
     </span>
    </p>
   </div>
   <div class='ocr_carea' id='block_1_73' title="bbox 1031 1454 1746 1496">
    <p class='ocr_par' dir='ltr' id='par_1_73' title="bbox 1031 1454 1746 1496">
     <span class='ocr_line' id='line_1_73' title="bbox 1031 1454 1746 1496; baseline -0.006 -9"><span class='ocrx_word' id='word_1_437' title='bbox 1031 1458 1123 1489; x_wconf 76' lang='grc' dir='ltr'><strong>Ταῦτα</strong></span> <span class='ocrx_word' id='word_1_438' title='bbox 1140 1459 1187 1496; x_wconf 79' lang='grc' dir='ltr'><strong>μὶν</strong></span> <span class='ocrx_word' id='word_1_439' title='bbox 1203 1457 1277 1486; x_wconf 76' lang='grc' dir='ltr'>οὕτω</span> <span class='ocrx_word' id='word_1_440' title='bbox 1292 1457 1356 1495; x_wconf 83' lang='grc' dir='ltr'>παρ’</span> <span class='ocrx_word' id='word_1_441' title='bbox 1366 1458 1446 1494; x_wconf 81' lang='grc' dir='ltr'>ἡμῶν</span> <span class='ocrx_word' id='word_1_442' title='bbox 1461 1457 1499 1489; x_wconf 86' lang='grc' dir='ltr'>ὡς</span> <span class='ocrx_word' id='word_1_443' title='bbox 1513 1455 1623 1484; x_wconf 81' lang='grc' dir='ltr'>δυνατὸν</span> <span class='ocrx_word' id='word_1_444' title='bbox 1632 1454 1746 1493; x_wconf 75' lang='grc' dir='ltr'><strong>ἐλέχθη.</strong></span> 
     </span>
    </p>
   </div>
   <div class='ocr_carea' id='block_1_74' title="bbox 1033 1497 1739 1540">
    <p class='ocr_par' dir='ltr' id='par_1_74' title="bbox 1033 1497 1739 1540">
     <span class='ocr_line' id='line_1_74' title="bbox 1033 1497 1739 1540; baseline -0.008 -8"><span class='ocrx_word' id='word_1_445' title='bbox 1033 1504 1064 1533; x_wconf 77' lang='grc' dir='ltr'><strong>Εἰ</strong></span> <span class='ocrx_word' id='word_1_446' title='bbox 1081 1503 1103 1532; x_wconf 90' lang='grc' dir='ltr'>δ’</span> <span class='ocrx_word' id='word_1_447' title='bbox 1115 1503 1184 1534; x_wconf 79' lang='grc' dir='ltr'>’ίσως</span> <span class='ocrx_word' id='word_1_448' title='bbox 1198 1503 1266 1530; x_wconf 78' lang='grc' dir='ltr'>κατὰ</span> <span class='ocrx_word' id='word_1_449' title='bbox 1282 1502 1403 1539; x_wconf 81' lang='grc' dir='ltr'>σύνταξιν</span> <span class='ocrx_word' id='word_1_450' title='bbox 1419 1502 1433 1529; x_wconf 78' lang='grc' dir='ltr'>ὁ</span> <span class='ocrx_word' id='word_1_451' title='bbox 1449 1500 1530 1540; x_wconf 84' lang='grc' dir='ltr'>λόγος</span> <span class='ocrx_word' id='word_1_452' title='bbox 1542 1500 1572 1528; x_wconf 79' lang='grc' dir='ltr'>οὗ</span> <span class='ocrx_word' id='word_1_453' title='bbox 1587 1497 1739 1538; x_wconf 75' lang='grc' dir='ltr'>προϐαίνει,</span> 
     </span>
    </p>
   </div>
   <div class='ocr_carea' id='block_1_75' title="bbox 1033 1544 1764 1585">
    <p class='ocr_par' dir='ltr' id='par_1_75' title="bbox 1033 1544 1764 1585">
     <span class='ocr_line' id='line_1_75' title="bbox 1033 1544 1764 1585; baseline -0.008 -8"><span class='ocrx_word' id='word_1_454' title='bbox 1033 1549 1078 1583; x_wconf 83' lang='grc' dir='ltr'>Μή</span> <span class='ocrx_word' id='word_1_455' title='bbox 1093 1549 1123 1576; x_wconf 72' lang='grc' dir='ltr'><strong>τὸ</strong></span> <span class='ocrx_word' id='word_1_456' title='bbox 1140 1549 1289 1585; x_wconf 75' lang='grc' dir='ltr'>Θαυμάζῃς,</span> <span class='ocrx_word' id='word_1_457' title='bbox 1303 1545 1429 1582; x_wconf 82' lang='grc' dir='ltr'>δέσποτα,</span> <span class='ocrx_word' id='word_1_458' title='bbox 1443 1546 1481 1583; x_wconf 87' lang='grc' dir='ltr'>μὴ</span> <span class='ocrx_word' id='word_1_459' title='bbox 1496 1546 1527 1574; x_wconf 85' lang='grc' dir='ltr'><strong>τὸ</strong></span> <span class='ocrx_word' id='word_1_460' title='bbox 1543 1544 1744 1584; x_wconf 76' lang='grc' dir='ltr'>δυσαρεστήσῃς</span> <span class='ocrx_word' id='word_1_461' title='bbox 1756 1552 1764 1560; x_wconf 88' lang='grc'>·</span> 
     </span>
    </p>
   </div>
   <div class='ocr_carea' id='block_1_76' title="bbox 1034 1589 1750 1631">
    <p class='ocr_par' dir='ltr' id='par_1_76' title="bbox 1034 1589 1750 1631">
     <span class='ocr_line' id='line_1_76' title="bbox 1034 1589 1750 1631; baseline -0.008 -10"><span class='ocrx_word' id='word_1_462' title='bbox 1034 1593 1113 1623; x_wconf 70' lang='grc' dir='ltr'>Οὕτω</span> <span class='ocrx_word' id='word_1_463' title='bbox 1128 1593 1179 1631; x_wconf 74' lang='grc' dir='ltr'>γὰρ</span> <span class='ocrx_word' id='word_1_464' title='bbox 1195 1591 1253 1630; x_wconf 77' lang='grc' dir='ltr'>ἔχει</span> <span class='ocrx_word' id='word_1_465' title='bbox 1269 1592 1302 1619; x_wconf 80' lang='grc' dir='ltr'><strong>τὰ</strong></span> <span class='ocrx_word' id='word_1_466' title='bbox 1316 1590 1411 1619; x_wconf 84' lang='grc' dir='ltr'>πυλλὰ</span> <span class='ocrx_word' id='word_1_467' title='bbox 1425 1593 1478 1618; x_wconf 88' lang='grc' dir='ltr'><strong>τῶν</strong></span> <span class='ocrx_word' id='word_1_468' title='bbox 1490 1589 1750 1628; x_wconf 73' lang='grc' dir='ltr'>προφητικωτέρων.</span> 
     </span>
    </p>
   </div>
   <div class='ocr_carea' id='block_1_77' title="bbox 1317 1644 1573 1682">
    <p class='ocr_par' dir='ltr' id='par_1_77' title="bbox 1317 1644 1573 1682">
     <span class='ocr_line' id='line_1_77' title="bbox 1317 1644 1573 1682; baseline -0.004 -9"><span class='ocrx_word' id='word_1_469' title='bbox 1317 1648 1377 1674; x_wconf 88' lang='grc' dir='ltr'>Τῶν</span> <span class='ocrx_word' id='word_1_470' title='bbox 1397 1645 1420 1682; x_wconf 88' lang='grc' dir='ltr'>γ’</span> <span class='ocrx_word' id='word_1_471' title='bbox 1436 1644 1573 1681; x_wconf 78' lang='grc' dir='ltr'>Ματέρων.</span> 
     </span>
    </p>
   </div>
   <div class='ocr_carea' id='block_1_78' title="bbox 1035 1683 1864 1728">
    <p class='ocr_par' dir='ltr' id='par_1_78' title="bbox 1035 1683 1864 1728">
     <span class='ocr_line' id='line_1_78' title="bbox 1035 1683 1864 1728; baseline -0.008 -9"><span class='ocrx_word' id='word_1_472' title='bbox 1035 1692 1239 1728; x_wconf 80' lang='grc' dir='ltr'>Δῖαπορήσασαι</span> <span class='ocrx_word' id='word_1_473' title='bbox 1268 1689 1358 1717; x_wconf 80' lang='grc' dir='ltr'>τοίνυν</span> <span class='ocrx_word' id='word_1_474' title='bbox 1388 1689 1451 1726; x_wconf 84' lang='grc' dir='ltr'>περὶ</span> <span class='ocrx_word' id='word_1_475' title='bbox 1473 1691 1522 1719; x_wconf 64' lang='grc' dir='ltr'><strong>τῖς</strong></span> <span class='ocrx_word' id='word_1_476' title='bbox 1553 1685 1718 1715; x_wconf 82' lang='grc' dir='ltr'>διδασκάλου</span> <span class='ocrx_word' id='word_1_477' title='bbox 1747 1683 1776 1713; x_wconf 78' lang='grc' dir='ltr'>αἲ</span> <span class='ocrx_word' id='word_1_478' title='bbox 1809 1694 1864 1721; x_wconf 84' lang='grc' dir='ltr'>μα-</span> 
     </span>
    </p>
   </div>
   <div class='ocr_carea' id='block_1_79' title="bbox 1037 1729 1862 1773">
    <p class='ocr_par' dir='ltr' id='par_1_79' title="bbox 1037 1729 1862 1773">
     <span class='ocr_line' id='line_1_79' title="bbox 1037 1729 1862 1773; baseline -0.008 -10"><span class='ocrx_word' id='word_1_479' title='bbox 1037 1737 1157 1773; x_wconf 77' lang='grc' dir='ltr'>θήτριαι,</span> <span class='ocrx_word' id='word_1_480' title='bbox 1172 1735 1214 1762; x_wconf 76' lang='grc' dir='ltr'><strong>ὅτι</strong></span> <span class='ocrx_word' id='word_1_481' title='bbox 1228 1734 1270 1765; x_wconf 80' lang='grc' dir='ltr'><strong>τίς</strong></span> <span class='ocrx_word' id='word_1_482' title='bbox 1286 1733 1355 1761; x_wconf 79' lang='grc' dir='ltr'>ἐστιν</span> <span class='ocrx_word' id='word_1_483' title='bbox 1375 1732 1454 1768; x_wconf 72' lang='grc' dir='ltr'>αὕτη,</span> <span class='ocrx_word' id='word_1_484' title='bbox 1475 1735 1520 1760; x_wconf 67' lang='grc' dir='ltr'><strong>νῦν</strong></span> <span class='ocrx_word' id='word_1_485' title='bbox 1546 1742 1610 1759; x_wconf 61' lang='grc' dir='ltr'>φασι</span> <span class='ocrx_word' id='word_1_486' title='bbox 1630 1730 1692 1768; x_wconf 81' lang='grc' dir='ltr'>περὶ</span> <span class='ocrx_word' id='word_1_487' title='bbox 1708 1729 1791 1764; x_wconf 77' lang='grc' dir='ltr'>αὐτῆς</span> <span class='ocrx_word' id='word_1_488' title='bbox 1801 1729 1834 1756; x_wconf 85' lang='grc' dir='ltr'><strong>τό</strong></span> <span class='ocrx_word' id='word_1_489' title='bbox 1855 1739 1862 1746; x_wconf 82' lang='grc'><strong><em>⁸</em></strong></span> 
     </span>
    </p>
   </div>
   <div class='ocr_carea' id='block_1_80' title="bbox 1037 1773 1863 1814">
    <p class='ocr_par' dir='ltr' id='par_1_80' title="bbox 1037 1773 1863 1814">
     <span class='ocr_line' id='line_1_80' title="bbox 1037 1773 1863 1814; baseline -0.008 -7"><span class='ocrx_word' id='word_1_490' title='bbox 1037 1778 1106 1808; x_wconf 62' lang='grc' dir='ltr'>Ἰδοὺ</span> <span class='ocrx_word' id='word_1_491' title='bbox 1119 1780 1136 1814; x_wconf 87' lang='grc' dir='ltr'>ἠ</span> <span class='ocrx_word' id='word_1_492' title='bbox 1154 1778 1234 1813; x_wconf 84' lang='grc' dir='ltr'>κλίνη</span> <span class='ocrx_word' id='word_1_493' title='bbox 1251 1779 1299 1804; x_wconf 70' lang='grc' dir='ltr'>τοῦ</span> <span class='ocrx_word' id='word_1_494' title='bbox 1324 1776 1458 1813; x_wconf 83' lang='grc' dir='ltr'>Σολομὼν</span> <span class='ocrx_word' id='word_1_495' title='bbox 1473 1786 1479 1792; x_wconf 70' lang='grc'><strong><em>⁵</em></strong></span> <span class='ocrx_word' id='word_1_496' title='bbox 1506 1775 1546 1814; x_wconf 78' lang='grc' dir='ltr'><strong>ἐφ’</strong></span> <span class='ocrx_word' id='word_1_497' title='bbox 1568 1775 1603 1809; x_wconf 81' lang='grc' dir='ltr'><strong>ἧς</strong></span> <span class='ocrx_word' id='word_1_498' title='bbox 1624 1775 1732 1805; x_wconf 83' lang='grc' dir='ltr'>πάντως</span> <span class='ocrx_word' id='word_1_499' title='bbox 1762 1773 1863 1801; x_wconf 67' lang='grc' dir='ltr'>ἐπανα-</span> 
     </span>
    </p>
   </div>
   <div class='ocr_carea' id='block_1_81' title="bbox 1036 1817 1863 1860">
    <p class='ocr_par' dir='ltr' id='par_1_81' title="bbox 1036 1817 1863 1860">
     <span class='ocr_line' id='line_1_81' title="bbox 1036 1817 1863 1860; baseline -0.008 -9"><span class='ocrx_word' id='word_1_500' title='bbox 1036 1824 1149 1852; x_wconf 59' lang='lat' dir='ltr'><strong>«aviaui</strong></span> <span class='ocrx_word' id='word_1_501' title='bbox 1165 1823 1179 1850; x_wconf 85' lang='grc' dir='ltr'>ὁ</span> <span class='ocrx_word' id='word_1_502' title='bbox 1195 1822 1262 1860; x_wconf 80' lang='grc' dir='ltr'>πρὸς</span> <span class='ocrx_word' id='word_1_503' title='bbox 1291 1822 1384 1849; x_wconf 75' lang='grc' dir='ltr'>ἑαυτὸν</span> <span class='ocrx_word' id='word_1_504' title='bbox 1408 1821 1453 1848; x_wconf 74' lang='grc' dir='ltr'><strong>καὶ</strong></span> <span class='ocrx_word' id='word_1_505' title='bbox 1481 1821 1548 1857; x_wconf 83' lang='grc' dir='ltr'>πρὸς</span> <span class='ocrx_word' id='word_1_506' title='bbox 1573 1818 1716 1854; x_wconf 76' lang='grc' dir='ltr'>ἀλλήλους</span> <span class='ocrx_word' id='word_1_507' title='bbox 1733 1818 1775 1846; x_wconf 77' lang='grc' dir='ltr'><strong>καὶ</strong></span> <span class='ocrx_word' id='word_1_508' title='bbox 1792 1817 1863 1854; x_wconf 81' lang='grc' dir='ltr'>πρὸς</span> 
     </span>
    </p>
   </div>
   <div class='ocr_carea' id='block_1_82' title="bbox 1036 1863 1864 1903">
    <p class='ocr_par' dir='ltr' id='par_1_82' title="bbox 1036 1863 1864 1903">
     <span class='ocr_line' id='line_1_82' title="bbox 1036 1863 1864 1903; baseline -0.007 -7"><span class='ocrx_word' id='word_1_509' title='bbox 1036 1870 1082 1898; x_wconf 85' lang='grc' dir='ltr'><strong>τὸν</strong></span> <span class='ocrx_word' id='word_1_510' title='bbox 1110 1867 1178 1896; x_wconf 67' lang='grc' dir='ltr'>ξ’διον</span> <span class='ocrx_word' id='word_1_511' title='bbox 1216 1868 1321 1903; x_wconf 64' lang='grc' dir='ltr'>Πατέρα</span> <span class='ocrx_word' id='word_1_512' title='bbox 1361 1865 1554 1894; x_wconf 73' lang='grc' dir='ltr'>καταλλάττων</span> <span class='ocrx_word' id='word_1_513' title='bbox 1594 1866 1668 1901; x_wconf 68' lang='grc' dir='ltr'>ἡμᾶς</span> <span class='ocrx_word' id='word_1_514' title='bbox 1703 1863 1864 1900; x_wconf 77' lang='grc' dir='ltr'>Χριστὸς,ό</span> 
     </span>
    </p>
   </div>
   <div class='ocr_carea' id='block_1_83' title="bbox 1039 1907 1864 1952">
    <p class='ocr_par' dir='ltr' id='par_1_83' title="bbox 1039 1907 1864 1952">
     <span class='ocr_line' id='line_1_83' title="bbox 1039 1907 1864 1952; baseline -0.011 -10"><span class='ocrx_word' id='word_1_515' title='bbox 1039 1914 1176 1952; x_wconf 55' lang='grc' dir='ltr'>εἴρηνικὸς</span> <span class='ocrx_word' id='word_1_516' title='bbox 1194 1911 1332 1951; x_wconf 70' lang='grc' dir='ltr'>βασιλεύς.</span> <span class='ocrx_word' id='word_1_517' title='bbox 1349 1911 1496 1947; x_wconf 80' lang='grc' dir='ltr'>Ἐξήκοντα</span> <span class='ocrx_word' id='word_1_518' title='bbox 1519 1909 1626 1938; x_wconf 85' lang='grc' dir='ltr'>δυνατοὶ</span> <span class='ocrx_word' id='word_1_519' title='bbox 1642 1908 1738 1944; x_wconf 67' lang='grc' dir='ltr'>κύκλῳ</span> <span class='ocrx_word' id='word_1_520' title='bbox 1766 1907 1864 1952; x_wconf 73' lang='grc' dir='ltr'>αὐτῆς,</span> 
     </span>
    </p>
   </div>
   <div class='ocr_carea' id='block_1_84' title="bbox 1038 1950 1865 1996">
    <p class='ocr_par' dir='ltr' id='par_1_84' title="bbox 1038 1950 1865 1996">
     <span class='ocr_line' id='line_1_84' title="bbox 1038 1950 1865 1996; baseline -0.01 -10"><span class='ocrx_word' id='word_1_521' title='bbox 1038 1950 1115 1996; x_wconf 54' lang='grc' dir='ltr'>οἱίπερ</span> <span class='ocrx_word' id='word_1_522' title='bbox 1127 1950 1198 1986; x_wconf 77' lang='grc' dir='ltr'>εἰσὶν</span> <span class='ocrx_word' id='word_1_523' title='bbox 1219 1957 1247 1984; x_wconf 77' lang='grc' dir='ltr'>οἱ</span> <span class='ocrx_word' id='word_1_524' title='bbox 1277 1955 1336 1991; x_wconf 70' lang='grc' dir='ltr'>θείᾳ</span> <span class='ocrx_word' id='word_1_525' title='bbox 1368 1954 1484 1992; x_wconf 79' lang='grc' dir='ltr'>δυνάμι-ι</span> <span class='ocrx_word' id='word_1_526' title='bbox 1513 1953 1681 1991; x_wconf 80' lang='grc' dir='ltr'>πανταχόθεν</span> <span class='ocrx_word' id='word_1_527' title='bbox 1697 1950 1865 1990; x_wconf 73' lang='grc' dir='ltr'>περιφυλάε-</span> 
     </span>
    </p>
   </div>
   <div class='ocr_carea' id='block_1_85' title="bbox 1039 1996 1866 2035">
    <p class='ocr_par' dir='ltr' id='par_1_85' title="bbox 1039 1996 1866 2035">
     <span class='ocr_line' id='line_1_85' title="bbox 1039 1996 1866 2035; baseline -0.011 -5"><span class='ocrx_word' id='word_1_528' title='bbox 1039 2013 1130 2033; x_wconf 86' lang='grc' dir='ltr'>τοντες</span> <span class='ocrx_word' id='word_1_529' title='bbox 1155 2002 1204 2035; x_wconf 71' lang='grc' dir='ltr'>τὴν</span> <span class='ocrx_word' id='word_1_530' title='bbox 1226 2001 1263 2032; x_wconf 84' lang='grc' dir='ltr'><strong>είς</strong></span> <span class='ocrx_word' id='word_1_531' title='bbox 1287 2000 1434 2028; x_wconf 79' lang='grc' dir='ltr'>ἀνάπαυσιν</span> <span class='ocrx_word' id='word_1_532' title='bbox 1456 2001 1523 2027; x_wconf 73' lang='grc' dir='ltr'>Θεοῦ</span> <span class='ocrx_word' id='word_1_533' title='bbox 1549 1998 1752 2034; x_wconf 80' lang='grc' dir='ltr'>ἒτοιμασθεῖσαν</span> <span class='ocrx_word' id='word_1_534' title='bbox 1770 1996 1866 2032; x_wconf 75' lang='grc' dir='ltr'>ψυχὴν</span> 
     </span>
    </p>
   </div>
   <div class='ocr_carea' id='block_1_86' title="bbox 1039 2040 1866 2080">
    <p class='ocr_par' dir='ltr' id='par_1_86' title="bbox 1039 2040 1866 2080">
     <span class='ocr_line' id='line_1_86' title="bbox 1039 2040 1866 2080; baseline -0.01 -6"><span class='ocrx_word' id='word_1_535' title='bbox 1039 2048 1092 2075; x_wconf 77' lang='grc' dir='ltr'>ἀπὸ</span> <span class='ocrx_word' id='word_1_536' title='bbox 1114 2049 1167 2074; x_wconf 86' lang='grc' dir='ltr'><strong>τῶν</strong></span> <span class='ocrx_word' id='word_1_537' title='bbox 1195 2043 1435 2073; x_wconf 71' lang='grc' dir='ltr'>ἐπιϐουλευόντων</span> <span class='ocrx_word' id='word_1_538' title='bbox 1464 2045 1626 2080; x_wconf 77' lang='grc' dir='ltr'>πνευμάτων</span> <span class='ocrx_word' id='word_1_539' title='bbox 1653 2045 1704 2076; x_wconf 85' lang='grc' dir='ltr'>τῆς</span> <span class='ocrx_word' id='word_1_540' title='bbox 1731 2040 1866 2077; x_wconf 83' lang='grc' dir='ltr'>πονηρίας</span> 
     </span>
    </p>
   </div>
   <div class='ocr_carea' id='block_1_87' title="bbox 1041 2085 1868 2129">
    <p class='ocr_par' dir='ltr' id='par_1_87' title="bbox 1041 2085 1868 2129">
     <span class='ocr_line' id='line_1_87' title="bbox 1041 2085 1868 2129; baseline -0.01 -10"><span class='ocrx_word' id='word_1_541' title='bbox 1041 2091 1213 2129; x_wconf 63' lang='grc' dir='ltr'>ἐνεργητικοὶ</span> <span class='ocrx_word' id='word_1_542' title='bbox 1229 2089 1358 2127; x_wconf 85' lang='grc' dir='ltr'>λογισμοί</span> <span class='ocrx_word' id='word_1_543' title='bbox 1371 2099 1377 2106; x_wconf 69' lang='grc' dir='ltr'><strong>ι</strong></span> <span class='ocrx_word' id='word_1_544' title='bbox 1393 2091 1442 2117; x_wconf 80' lang='grc' dir='ltr'>τοῦ</span> <span class='ocrx_word' id='word_1_545' title='bbox 1458 2089 1510 2126; x_wconf 72' lang='grc' dir='ltr'>γὰρ</span> <span class='ocrx_word' id='word_1_546' title='bbox 1534 2091 1594 2118; x_wconf 88' lang='grc' dir='ltr'>ταῖς</span> <span class='ocrx_word' id='word_1_547' title='bbox 1609 2086 1687 2114; x_wconf 78' lang='grc' dir='ltr'>πέντε</span> <span class='ocrx_word' id='word_1_548' title='bbox 1709 2085 1868 2120; x_wconf 73' lang='grc' dir='ltr'>πίσθησεσιν</span> 
     </span>
    </p>
   </div>
   <div class='ocr_carea' id='block_1_88' title="bbox 1043 2129 1869 2172">
    <p class='ocr_par' dir='ltr' id='par_1_88' title="bbox 1043 2129 1869 2172">
     <span class='ocr_line' id='line_1_88' title="bbox 1043 2129 1869 2172; baseline -0.01 -8"><span class='ocrx_word' id='word_1_549' title='bbox 1043 2137 1248 2165; x_wconf 66' lang='grc' dir='ltr'>ἐπιστατοῦντος</span> <span class='ocrx_word' id='word_1_550' title='bbox 1279 2134 1363 2172; x_wconf 78' lang='grc' dir='ltr'>λόγου</span> <span class='ocrx_word' id='word_1_551' title='bbox 1392 2132 1449 2170; x_wconf 78' lang='grc' dir='ltr'><strong>ἅμα</strong></span> <span class='ocrx_word' id='word_1_552' title='bbox 1472 2132 1582 2163; x_wconf 77' lang='grc' dir='ltr'>ταύταις</span> <span class='ocrx_word' id='word_1_553' title='bbox 1603 2131 1649 2159; x_wconf 74' lang='grc' dir='ltr'>τᾶν</span> <span class='ocrx_word' id='word_1_554' title='bbox 1665 2129 1690 2167; x_wconf 78' lang='grc' dir='ltr'><strong>ἔξ</strong></span> <span class='ocrx_word' id='word_1_555' title='bbox 1706 2129 1869 2158; x_wconf 78' lang='grc' dir='ltr'>ἀποτελοῦν-</span> 
     </span>
    </p>
   </div>
   <div class='ocr_carea' id='block_1_89' title="bbox 1041 2175 1868 2217">
    <p class='ocr_par' dir='ltr' id='par_1_89' title="bbox 1041 2175 1868 2217">
     <span class='ocr_line' id='line_1_89' title="bbox 1041 2175 1868 2217; baseline -0.01 -9"><span class='ocrx_word' id='word_1_556' title='bbox 1041 2191 1088 2212; x_wconf 88' lang='grc' dir='ltr'><strong>τος</strong></span> <span class='ocrx_word' id='word_1_557' title='bbox 1105 2179 1314 2217; x_wconf 82' lang='grc' dir='ltr'>ἀριθμόν·τῶν</span> <span class='ocrx_word' id='word_1_558' title='bbox 1345 2177 1374 2206; x_wconf 72' lang='grc' dir='ltr'>δὲ</span> <span class='ocrx_word' id='word_1_559' title='bbox 1406 2177 1484 2205; x_wconf 84' lang='grc' dir='ltr'>θείων</span> <span class='ocrx_word' id='word_1_560' title='bbox 1520 2176 1637 2204; x_wconf 71' lang='grc' dir='ltr'>ῑντολῶν</span> <span class='ocrx_word' id='word_1_561' title='bbox 1672 2175 1868 2210; x_wconf 82' lang='grc' dir='ltr'>ὲκπΑηρουσῶν</span> 
     </span>
    </p>
   </div>
   <div class='ocr_carea' id='block_1_90' title="bbox 1042 2217 1869 2260">
    <p class='ocr_par' dir='ltr' id='par_1_90' title="bbox 1042 2217 1869 2260">
     <span class='ocr_line' id='line_1_90' title="bbox 1042 2217 1869 2260; baseline -0.01 -8"><span class='ocrx_word' id='word_1_562' title='bbox 1042 2225 1088 2253; x_wconf 78' lang='grc' dir='ltr'><strong>τὸν</strong></span> <span class='ocrx_word' id='word_1_563' title='bbox 1109 2223 1184 2259; x_wconf 79' lang='grc' dir='ltr'>δέκα,</span> <span class='ocrx_word' id='word_1_564' title='bbox 1200 2224 1263 2250; x_wconf 77' lang='grc' dir='ltr'>ὅταν</span> <span class='ocrx_word' id='word_1_565' title='bbox 1280 2223 1294 2250; x_wconf 80' lang='grc' dir='ltr'><strong>ὃ</strong></span> <span class='ocrx_word' id='word_1_566' title='bbox 1310 2222 1388 2260; x_wconf 71' lang='grc' dir='ltr'>λόγῳ</span> <span class='ocrx_word' id='word_1_567' title='bbox 1413 2222 1563 2250; x_wconf 66' lang='grc' dir='ltr'>ἐπιστατῶν</span> <span class='ocrx_word' id='word_1_568' title='bbox 1578 2222 1638 2251; x_wconf 85' lang='grc' dir='ltr'>ταῖς</span> <span class='ocrx_word' id='word_1_569' title='bbox 1656 2219 1796 2254; x_wconf 78' lang='grc' dir='ltr'>αἴσθήσεσι</span> <span class='ocrx_word' id='word_1_570' title='bbox 1820 2217 1869 2248; x_wconf 70' lang='grc' dir='ltr'><strong>τὰς</strong></span> 
     </span>
    </p>
   </div>
   <div class='ocr_carea' id='block_1_91' title="bbox 162 2259 972 2305">
    <p class='ocr_par' dir='ltr' id='par_1_91' title="bbox 162 2259 972 2304">
     <span class='ocr_line' id='line_1_91' title="bbox 162 2259 972 2304; baseline 0.002 -8"><span class='ocrx_word' id='word_1_571' title='bbox 162 2259 225 2297; x_wconf 77' lang='lat' dir='ltr'><strong>tute</strong></span> <span class='ocrx_word' id='word_1_572' title='bbox 249 2268 359 2302; x_wconf 77' lang='lat' dir='ltr'><strong>vivens,</strong></span> <span class='ocrx_word' id='word_1_573' title='bbox 384 2271 417 2295; x_wconf 86' lang='lat' dir='ltr'><strong>ut</strong></span> <span class='ocrx_word' id='word_1_574' title='bbox 443 2267 554 2296; x_wconf 88' lang='lat' dir='ltr'><strong>dictum</strong></span> <span class='ocrx_word' id='word_1_575' title='bbox 580 2270 633 2296; x_wconf 88' lang='lat' dir='ltr'><strong>est.</strong></span> <span class='ocrx_word' id='word_1_576' title='bbox 662 2259 703 2296; x_wconf 62' lang='lat' dir='ltr'><strong>En:</strong></span> <span class='ocrx_word' id='word_1_577' title='bbox 716 2270 878 2304; x_wconf 66' lang='lat' dir='ltr'><strong>fortissimis</strong></span> <span class='ocrx_word' id='word_1_578' title='bbox 892 2270 972 2298; x_wconf 63' lang='lat' dir='ltr'><strong>Israel</strong></span> 
     </span>
    </p>
   </div>
   <div class='ocr_carea' id='block_1_92' title="bbox 1031 2259 1866 2305">
    <p class='ocr_par' dir='ltr' id='par_1_92' title="bbox 1043 2261 1866 2305">
     <span class='ocr_line' id='line_1_92' title="bbox 1043 2261 1866 2305; baseline -0.011 -8"><span class='ocrx_word' id='word_1_579' title='bbox 1043 2270 1115 2302; x_wconf 79' lang='grc' dir='ltr'>θείας</span> <span class='ocrx_word' id='word_1_580' title='bbox 1141 2270 1208 2305; x_wconf 83' lang='grc' dir='ltr'>ποιῇ</span> <span class='ocrx_word' id='word_1_581' title='bbox 1252 2267 1375 2302; x_wconf 70' lang='grc' dir='ltr'>ἐντολὰς,</span> <span class='ocrx_word' id='word_1_582' title='bbox 1401 2264 1588 2302; x_wconf 69' lang='grc' dir='ltr'>ἓξαπλασιάζει</span> <span class='ocrx_word' id='word_1_583' title='bbox 1620 2265 1669 2298; x_wconf 79' lang='grc' dir='ltr'>τὴν</span> <span class='ocrx_word' id='word_1_584' title='bbox 1698 2261 1798 2291; x_wconf 69' lang='grc' dir='ltr'>δεκάδα</span> <span class='ocrx_word' id='word_1_585' title='bbox 1811 2264 1866 2289; x_wconf 81' lang='grc' dir='ltr'><strong>τῶν</strong></span> 
     </span>
    </p>
   </div>
   <div class='ocr_carea' id='block_1_93' title="bbox 163 2312 986 2342">
    <p class='ocr_par' dir='ltr' id='par_1_93' title="bbox 163 2312 986 2342">
     <span class='ocr_line' id='line_1_93' title="bbox 163 2312 986 2342; baseline 0.001 -1"><span class='ocrx_word' id='word_1_586' title='bbox 163 2313 198 2341; x_wconf 90' lang='lat' dir='ltr'><strong>Hi</strong></span> <span class='ocrx_word' id='word_1_587' title='bbox 214 2315 285 2341; x_wconf 86' lang='lat' dir='ltr'><strong>sunt</strong></span> <span class='ocrx_word' id='word_1_588' title='bbox 300 2312 420 2341; x_wconf 90' lang='lat' dir='ltr'><strong>omnino</strong></span> <span class='ocrx_word' id='word_1_589' title='bbox 446 2321 518 2341; x_wconf 73' lang='lat' dir='ltr'><strong>veris</strong></span> <span class='ocrx_word' id='word_1_590' title='bbox 544 2313 653 2341; x_wconf 87' lang='lat' dir='ltr'><strong>mentis</strong></span> <span class='ocrx_word' id='word_1_591' title='bbox 677 2313 770 2342; x_wconf 87' lang='lat' dir='ltr'><strong>Deum</strong></span> <span class='ocrx_word' id='word_1_592' title='bbox 793 2313 919 2342; x_wconf 89' lang='lat' dir='ltr'><strong>videntis</strong></span> <span class='ocrx_word' id='word_1_593' title='bbox 935 2323 986 2342; x_wconf 91' lang='lat' dir='ltr'><strong>no-</strong></span> 
     </span>
    </p>
   </div>
   <div class='ocr_carea' id='block_1_94' title="bbox 163 2357 988 2394">
    <p class='ocr_par' dir='ltr' id='par_1_94' title="bbox 163 2357 988 2394">
     <span class='ocr_line' id='line_1_94' title="bbox 163 2357 988 2394; baseline 0.001 -8"><span class='ocrx_word' id='word_1_594' title='bbox 163 2358 270 2391; x_wconf 86' lang='lat' dir='ltr'><strong>tiones,</strong></span> <span class='ocrx_word' id='word_1_595' title='bbox 287 2366 322 2386; x_wconf 81' lang='lat' dir='ltr'><strong>ex</strong></span> <span class='ocrx_word' id='word_1_596' title='bbox 336 2357 444 2393; x_wconf 88' lang='lat' dir='ltr'><strong>quibus</strong></span> <span class='ocrx_word' id='word_1_597' title='bbox 461 2359 597 2386; x_wconf 84' lang='lat' dir='ltr'><strong>constant</strong></span> <span class='ocrx_word' id='word_1_598' title='bbox 613 2358 747 2386; x_wconf 76' lang='lat' dir='ltr'><strong>efﬁcaces</strong></span> <span class='ocrx_word' id='word_1_599' title='bbox 762 2357 818 2386; x_wconf 71' lang='lat' dir='ltr'><strong>ille</strong></span> <span class='ocrx_word' id='word_1_600' title='bbox 838 2358 988 2394; x_wconf 81' lang='lat' dir='ltr'><strong>cogitatio-</strong></span> 
     </span>
    </p>
   </div>
   <div class='ocr_carea' id='block_1_95' title="bbox 164 2402 989 2438">
    <p class='ocr_par' dir='ltr' id='par_1_95' title="bbox 164 2402 989 2438">
     <span class='ocr_line' id='line_1_95' title="bbox 164 2402 989 2438; baseline 0.001 -8"><span class='ocrx_word' id='word_1_601' title='bbox 164 2410 216 2430; x_wconf 88' lang='lat' dir='ltr'><strong>nes</strong></span> <span class='ocrx_word' id='word_1_602' title='bbox 227 2403 262 2430; x_wconf 84' lang='lat' dir='ltr'><strong>sd</strong></span> <span class='ocrx_word' id='word_1_603' title='bbox 274 2402 384 2430; x_wconf 87' lang='lat' dir='ltr'><strong>bonum</strong></span> <span class='ocrx_word' id='word_1_604' title='bbox 392 2402 851 2438; x_wconf 82' lang='lat' dir='ltr'><strong>peragendum.Ambiuntautem</strong></span> <span class='ocrx_word' id='word_1_605' title='bbox 859 2403 989 2431; x_wconf 83' lang='lat' dir='ltr'><strong>animam</strong></span> 
     </span>
    </p>
   </div>
   <div class='ocr_carea' id='block_1_96' title="bbox 165 2446 992 2484">
    <p class='ocr_par' dir='ltr' id='par_1_96' title="bbox 165 2446 992 2484">
     <span class='ocr_line' id='line_1_96' title="bbox 165 2446 992 2484; baseline 0.001 -9"><span class='ocrx_word' id='word_1_606' title='bbox 165 2447 196 2475; x_wconf 91' lang='lat' dir='ltr'><strong>in</strong></span> <span class='ocrx_word' id='word_1_607' title='bbox 211 2455 270 2483; x_wconf 87' lang='lat' dir='ltr'><strong>qua</strong></span> <span class='ocrx_word' id='word_1_608' title='bbox 285 2446 362 2474; x_wconf 88' lang='lat' dir='ltr'><strong>Deus</strong></span> <span class='ocrx_word' id='word_1_609' title='bbox 378 2446 548 2482; x_wconf 87' lang='lat' dir='ltr'><strong>requiescit,</strong></span> <span class='ocrx_word' id='word_1_610' title='bbox 563 2455 666 2475; x_wconf 84' lang='lat' dir='ltr'><strong>omnes</strong></span> <span class='ocrx_word' id='word_1_611' title='bbox 682 2449 815 2475; x_wconf 87' lang='lat' dir='ltr'><strong>tenentes</strong></span> <span class='ocrx_word' id='word_1_612' title='bbox 827 2447 940 2484; x_wconf 80' lang='lat' dir='ltr'><strong>gladios</strong></span> <span class='ocrx_word' id='word_1_613' title='bbox 963 2450 992 2476; x_wconf 86' lang='lat' dir='ltr'><strong>et</strong></span> 
     </span>
    </p>
   </div>
   <div class='ocr_carea' id='block_1_97' title="bbox 167 2490 991 2528">
    <p class='ocr_par' dir='ltr' id='par_1_97' title="bbox 167 2490 991 2528">
     <span class='ocr_line' id='line_1_97' title="bbox 167 2490 991 2528; baseline 0.001 -9"><span class='ocrx_word' id='word_1_614' title='bbox 167 2491 202 2519; x_wconf 86' lang='lat' dir='ltr'><strong>ad</strong></span> <span class='ocrx_word' id='word_1_615' title='bbox 220 2490 297 2519; x_wconf 85' lang='lat' dir='ltr'><strong>bella</strong></span> <span class='ocrx_word' id='word_1_616' title='bbox 312 2490 487 2518; x_wconf 87' lang='lat' dir='ltr'><strong>doctissimi.</strong></span> <span class='ocrx_word' id='word_1_617' title='bbox 503 2490 702 2527; x_wconf 82' lang='lat' dir='ltr'><strong>Cogitationes</strong></span> <span class='ocrx_word' id='word_1_618' title='bbox 716 2491 794 2520; x_wconf 88' lang='lat' dir='ltr'><strong>enim</strong></span> <span class='ocrx_word' id='word_1_619' title='bbox 820 2500 884 2528; x_wconf 63' lang='lat' dir='ltr'><strong>qua:</strong></span> <span class='ocrx_word' id='word_1_620' title='bbox 908 2492 991 2520; x_wconf 70' lang='lat' dir='ltr'><strong>dicta</strong></span> 
     </span>
    </p>
   </div>
   <div class='ocr_carea' id='block_1_98' title="bbox 167 2535 993 2573">
    <p class='ocr_par' dir='ltr' id='par_1_98' title="bbox 167 2535 993 2573">
     <span class='ocr_line' id='line_1_98' title="bbox 167 2535 993 2573; baseline 0.004 -11"><span class='ocrx_word' id='word_1_621' title='bbox 167 2537 248 2567; x_wconf 83' lang='lat' dir='ltr'><strong>sunt,</strong></span> <span class='ocrx_word' id='word_1_622' title='bbox 273 2542 307 2562; x_wconf 84' lang='lat' dir='ltr'><strong>ex</strong></span> <span class='ocrx_word' id='word_1_623' title='bbox 328 2535 587 2572; x_wconf 77' lang='lat' dir='ltr'><strong>contemplationis</strong></span> <span class='ocrx_word' id='word_1_624' title='bbox 614 2536 734 2571; x_wconf 87' lang='lat' dir='ltr'><strong>quidem</strong></span> <span class='ocrx_word' id='word_1_625' title='bbox 759 2536 862 2565; x_wconf 86' lang='lat' dir='ltr'><strong>habitu</strong></span> <span class='ocrx_word' id='word_1_626' title='bbox 878 2537 993 2573; x_wconf 78' lang='lat' dir='ltr'><strong>gladios</strong></span> 
     </span>
    </p>
   </div>
   <div class='ocr_carea' id='block_1_99' title="bbox 168 2579 992 2618">
    <p class='ocr_par' dir='ltr' id='par_1_99' title="bbox 168 2579 992 2618">
     <span class='ocr_line' id='line_1_99' title="bbox 168 2579 992 2618; baseline 0.002 -10"><span class='ocrx_word' id='word_1_627' title='bbox 168 2580 277 2608; x_wconf 86' lang='lat' dir='ltr'><strong>habent</strong></span> <span class='ocrx_word' id='word_1_628' title='bbox 292 2579 446 2615; x_wconf 82' lang='lat' dir='ltr'><strong>ancipites,</strong></span> <span class='ocrx_word' id='word_1_629' title='bbox 462 2580 572 2616; x_wconf 87' lang='lat' dir='ltr'><strong>quibus</strong></span> <span class='ocrx_word' id='word_1_630' title='bbox 594 2589 628 2609; x_wconf 84' lang='lat' dir='ltr'><strong>ea</strong></span> <span class='ocrx_word' id='word_1_631' title='bbox 653 2589 716 2617; x_wconf 73' lang='lat' dir='ltr'><strong>qua:</strong></span> <span class='ocrx_word' id='word_1_632' title='bbox 742 2583 813 2609; x_wconf 88' lang='lat' dir='ltr'><strong>sunt</strong></span> <span class='ocrx_word' id='word_1_633' title='bbox 836 2582 992 2618; x_wconf 85' lang='lat' dir='ltr'><strong>contraria,</strong></span> 
     </span>
    </p>
   </div>
   <div class='ocr_carea' id='block_1_100' title="bbox 168 2624 995 2662">
    <p class='ocr_par' dir='ltr' id='par_1_100' title="bbox 168 2624 995 2662">
     <span class='ocr_line' id='line_1_100' title="bbox 168 2624 995 2662; baseline 0.004 -10"><span class='ocrx_word' id='word_1_634' title='bbox 168 2624 332 2659; x_wconf 82' lang='lat' dir='ltr'><strong>dijudicent</strong></span> <span class='ocrx_word' id='word_1_635' title='bbox 349 2633 354 2651; x_wconf 95' lang='lat'><strong>:</strong></span> <span class='ocrx_word' id='word_1_636' title='bbox 372 2632 407 2652; x_wconf 86' lang='lat' dir='ltr'><strong>ex</strong></span> <span class='ocrx_word' id='word_1_637' title='bbox 422 2624 544 2652; x_wconf 83' lang='lat' dir='ltr'><strong>actionis</strong></span> <span class='ocrx_word' id='word_1_638' title='bbox 560 2628 657 2653; x_wconf 86' lang='lat' dir='ltr'><strong>autem</strong></span> <span class='ocrx_word' id='word_1_639' title='bbox 674 2626 701 2652; x_wconf 88' lang='lat' dir='ltr'><strong>vi</strong></span> <span class='ocrx_word' id='word_1_640' title='bbox 726 2634 813 2654; x_wconf 90' lang='lat' dir='ltr'><strong>usum</strong></span> <span class='ocrx_word' id='word_1_641' title='bbox 838 2628 926 2662; x_wconf 86' lang='lat' dir='ltr'><strong>atque</strong></span> <span class='ocrx_word' id='word_1_642' title='bbox 949 2635 995 2654; x_wconf 85' lang='lat' dir='ltr'><strong>ex-</strong></span> 
     </span>
    </p>
   </div>
   <div class='ocr_carea' id='block_1_101' title="bbox 169 2668 995 2706">
    <p class='ocr_par' dir='ltr' id='par_1_101' title="bbox 169 2668 995 2706">
     <span class='ocr_line' id='line_1_101' title="bbox 169 2668 995 2706; baseline 0.001 -9"><span class='ocrx_word' id='word_1_643' title='bbox 169 2668 343 2705; x_wconf 86' lang='lat' dir='ltr'><strong>perientiam</strong></span> <span class='ocrx_word' id='word_1_644' title='bbox 359 2668 502 2704; x_wconf 86' lang='lat' dir='ltr'><strong>obtinent,</strong></span> <span class='ocrx_word' id='word_1_645' title='bbox 519 2671 664 2705; x_wconf 87' lang='lat' dir='ltr'><strong>quomodo</strong></span> <span class='ocrx_word' id='word_1_646' title='bbox 688 2671 802 2706; x_wconf 87' lang='lat' dir='ltr'><strong>possint</strong></span> <span class='ocrx_word' id='word_1_647' title='bbox 822 2670 995 2699; x_wconf 80' lang='lat' dir='ltr'><strong>adversariae</strong></span> 
     </span>
    </p>
   </div>
   <div class='ocr_carea' id='block_1_102' title="bbox 172 2713 997 2752">
    <p class='ocr_par' dir='ltr' id='par_1_102' title="bbox 172 2713 997 2752">
     <span class='ocr_line' id='line_1_102' title="bbox 172 2713 997 2752; baseline 0.004 -12"><span class='ocrx_word' id='word_1_648' title='bbox 172 2715 331 2750; x_wconf 84' lang='lat' dir='ltr'><strong>potestates</strong></span> <span class='ocrx_word' id='word_1_649' title='bbox 366 2713 528 2750; x_wconf 78' lang='lat' dir='ltr'><strong>proﬂigari.</strong></span> <span class='ocrx_word' id='word_1_650' title='bbox 561 2715 779 2752; x_wconf 75' lang='lat' dir='ltr'><strong>Uniuscujusque</strong></span> <span class='ocrx_word' id='word_1_651' title='bbox 811 2717 884 2743; x_wconf 70' lang='lat' dir='ltr'><strong>ensis</strong></span> <span class='ocrx_word' id='word_1_652' title='bbox 913 2723 997 2752; x_wconf 65' lang='lat' dir='ltr'><strong>super</strong></span> 
     </span>
    </p>
   </div>
   <div class='ocr_carea' id='block_1_103' title="bbox 171 2759 996 2797">
    <p class='ocr_par' dir='ltr' id='par_1_103' title="bbox 171 2759 996 2797">
     <span class='ocr_line' id='line_1_103' title="bbox 171 2759 996 2797; baseline 0.002 -11"><span class='ocrx_word' id='word_1_653' title='bbox 171 2762 262 2794; x_wconf 66' lang='lat' dir='ltr'><strong>femur</strong></span> <span class='ocrx_word' id='word_1_654' title='bbox 289 2766 381 2792; x_wconf 78' lang='lat' dir='ltr'><strong>suum,</strong></span> <span class='ocrx_word' id='word_1_655' title='bbox 407 2767 426 2787; x_wconf 84' lang='grc' dir='ltr'><strong>α</strong></span> <span class='ocrx_word' id='word_1_656' title='bbox 451 2760 549 2788; x_wconf 77' lang='lat' dir='ltr'><strong>timore</strong></span> <span class='ocrx_word' id='word_1_657' title='bbox 564 2760 593 2787; x_wconf 81' lang='lat' dir='ltr'><strong>in</strong></span> <span class='ocrx_word' id='word_1_658' title='bbox 617 2760 752 2788; x_wconf 74' lang='lat' dir='ltr'><strong>noctibus.</strong></span> <span class='ocrx_word' id='word_1_659' title='bbox 783 2760 911 2797; x_wconf 72' lang='lat' dir='ltr'><strong>Singulis</strong></span> <span class='ocrx_word' id='word_1_660' title='bbox 939 2759 996 2788; x_wconf 69' lang='lat' dir='ltr'><strong>illa:</strong></span> 
     </span>
    </p>
   </div>
   <div class='ocr_carea' id='block_1_104' title="bbox 173 2802 998 2842">
    <p class='ocr_par' dir='ltr' id='par_1_104' title="bbox 173 2802 998 2842">
     <span class='ocr_line' id='line_1_104' title="bbox 173 2802 998 2842; baseline 0.002 -11"><span class='ocrx_word' id='word_1_661' title='bbox 173 2811 235 2840; x_wconf 81' lang='lat' dir='ltr'><strong>quas</strong></span> <span class='ocrx_word' id='word_1_662' title='bbox 249 2802 390 2839; x_wconf 84' lang='lat' dir='ltr'><strong>diximus,</strong></span> <span class='ocrx_word' id='word_1_663' title='bbox 404 2804 610 2841; x_wconf 84' lang='lat' dir='ltr'><strong>cogitationes,</strong></span> <span class='ocrx_word' id='word_1_664' title='bbox 633 2804 766 2841; x_wconf 85' lang='lat' dir='ltr'><strong>gladium</strong></span> <span class='ocrx_word' id='word_1_665' title='bbox 790 2805 913 2842; x_wconf 77' lang='lat' dir='ltr'><strong>spiritus</strong></span> <span class='ocrx_word' id='word_1_666' title='bbox 939 2813 998 2842; x_wconf 89' lang='lat' dir='ltr'><strong>quo</strong></span> 
     </span>
    </p>
   </div>
   <div class='ocr_carea' id='block_1_105' title="bbox 1043 2307 1869 2349">
    <p class='ocr_par' dir='ltr' id='par_1_105' title="bbox 1043 2307 1869 2349">
     <span class='ocr_line' id='line_1_105' title="bbox 1043 2307 1869 2349; baseline -0.011 -7"><span class='ocrx_word' id='word_1_667' title='bbox 1043 2314 1172 2349; x_wconf 71' lang='grc' dir='ltr'>ἐντολῶν,</span> <span class='ocrx_word' id='word_1_668' title='bbox 1188 2312 1232 2340; x_wconf 81' lang='grc' dir='ltr'>καὶ</span> <span class='ocrx_word' id='word_1_669' title='bbox 1246 2312 1291 2340; x_wconf 87' lang='grc' dir='ltr'>τὸν</span> <span class='ocrx_word' id='word_1_670' title='bbox 1318 2312 1446 2347; x_wconf 66' lang='grc' dir='ltr'>ἑξήκοντα</span> <span class='ocrx_word' id='word_1_671' title='bbox 1470 2308 1600 2338; x_wconf 74' lang='grc' dir='ltr'>ἀποτελεῖ</span> <span class='ocrx_word' id='word_1_672' title='bbox 1614 2307 1740 2346; x_wconf 79' lang='grc' dir='ltr'>ἀριθμὸν,</span> <span class='ocrx_word' id='word_1_673' title='bbox 1752 2307 1784 2334; x_wconf 84' lang='grc' dir='ltr'>τὸ</span> <span class='ocrx_word' id='word_1_674' title='bbox 1800 2307 1869 2343; x_wconf 84' lang='grc' dir='ltr'>ἀγα-</span> 
     </span>
    </p>
   </div>
   <div class='ocr_carea' id='block_1_106' title="bbox 1044 2350 1868 2395">
    <p class='ocr_par' dir='ltr' id='par_1_106' title="bbox 1044 2350 1868 2395">
     <span class='ocr_line' id='line_1_106' title="bbox 1044 2350 1868 2395; baseline -0.01 -9"><span class='ocrx_word' id='word_1_675' title='bbox 1044 2359 1102 2393; x_wconf 83' lang='grc' dir='ltr'>θον,</span> <span class='ocrx_word' id='word_1_676' title='bbox 1119 2358 1156 2389; x_wconf 87' lang='grc' dir='ltr'><strong>ὡς</strong></span> <span class='ocrx_word' id='word_1_677' title='bbox 1169 2357 1287 2395; x_wconf 72' lang='grc' dir='ltr'>εἴρηται,</span> <span class='ocrx_word' id='word_1_678' title='bbox 1310 2355 1501 2393; x_wconf 68' lang='grc' dir='ltr'>ἐργαζόμενος.</span> <span class='ocrx_word' id='word_1_679' title='bbox 1527 2354 1594 2382; x_wconf 80' lang='grc' dir='ltr'><strong>Ἀπὸ</strong></span> <span class='ocrx_word' id='word_1_680' title='bbox 1619 2351 1738 2380; x_wconf 83' lang='grc' dir='ltr'>δυνατῶν</span> <span class='ocrx_word' id='word_1_681' title='bbox 1757 2350 1868 2388; x_wconf 81' lang='grc' dir='ltr'>Ἰσραήλ</span> 
     </span>
    </p>
   </div>
   <div class='ocr_carea' id='block_1_107' title="bbox 1044 2397 1870 2434">
    <p class='ocr_par' dir='ltr' id='par_1_107' title="bbox 1044 2397 1870 2434">
     <span class='ocr_line' id='line_1_107' title="bbox 1044 2397 1870 2434; baseline -0.011 -4"><span class='ocrx_word' id='word_1_682' title='bbox 1044 2403 1127 2432; x_wconf 78' lang='grc' dir='ltr'>Οὗτοι</span> <span class='ocrx_word' id='word_1_683' title='bbox 1144 2401 1172 2429; x_wconf 67' lang='grc' dir='ltr'>δὲ</span> <span class='ocrx_word' id='word_1_684' title='bbox 1187 2402 1295 2432; x_wconf 80' lang='grc' dir='ltr'>πάντως</span> <span class='ocrx_word' id='word_1_685' title='bbox 1309 2400 1337 2428; x_wconf 72' lang='grc' dir='ltr'>αἱ</span> <span class='ocrx_word' id='word_1_686' title='bbox 1361 2399 1473 2434; x_wconf 78' lang='grc' dir='ltr'>ἀληθεῖς</span> <span class='ocrx_word' id='word_1_687' title='bbox 1495 2400 1544 2426; x_wconf 77' lang='grc' dir='ltr'><strong>τοῦ</strong></span> <span class='ocrx_word' id='word_1_688' title='bbox 1576 2398 1695 2434; x_wconf 84' lang='grc' dir='ltr'>ὁρῶντος</span> <span class='ocrx_word' id='word_1_689' title='bbox 1724 2397 1794 2423; x_wconf 76' lang='grc' dir='ltr'>Θεοῦ</span> <span class='ocrx_word' id='word_1_690' title='bbox 1821 2397 1870 2422; x_wconf 80' lang='grc' dir='ltr'><strong>νοῦ</strong></span> 
     </span>
    </p>
   </div>
   <div class='ocr_carea' id='block_1_108' title="bbox 1046 2439 1871 2482">
    <p class='ocr_par' dir='ltr' id='par_1_108' title="bbox 1046 2439 1871 2482">
     <span class='ocr_line' id='line_1_108' title="bbox 1046 2439 1871 2482; baseline -0.012 -7"><span class='ocrx_word' id='word_1_691' title='bbox 1046 2446 1113 2475; x_wconf 74' lang='grc' dir='ltr'>εἰσιν</span> <span class='ocrx_word' id='word_1_692' title='bbox 1143 2445 1255 2474; x_wconf 73' lang='grc' dir='ltr'>ἔννοιαι.</span> <span class='ocrx_word' id='word_1_693' title='bbox 1294 2444 1340 2481; x_wconf 79' lang='grc' dir='ltr'><strong>ἀφ’</strong></span> <span class='ocrx_word' id='word_1_694' title='bbox 1364 2444 1401 2471; x_wconf 83' lang='grc' dir='ltr'>ὧν</span> <span class='ocrx_word' id='word_1_695' title='bbox 1441 2442 1618 2482; x_wconf 79' lang='grc' dir='ltr'>ὑφιστάμενοι</span> <span class='ocrx_word' id='word_1_696' title='bbox 1645 2441 1671 2468; x_wconf 79' lang='grc' dir='ltr'>οἱ</span> <span class='ocrx_word' id='word_1_697' title='bbox 1698 2441 1747 2467; x_wconf 82' lang='grc' dir='ltr'><strong>τοῦ</strong></span> <span class='ocrx_word' id='word_1_698' title='bbox 1769 2439 1871 2476; x_wconf 81' lang='grc' dir='ltr'>ἀγαθοῦ</span> 
     </span>
    </p>
   </div>
   <div class='ocr_carea' id='block_1_109' title="bbox 1047 2483 1871 2528">
    <p class='ocr_par' dir='ltr' id='par_1_109' title="bbox 1047 2483 1871 2528">
     <span class='ocr_line' id='line_1_109' title="bbox 1047 2483 1871 2528; baseline -0.011 -9"><span class='ocrx_word' id='word_1_699' title='bbox 1047 2490 1217 2528; x_wconf 69' lang='grc' dir='ltr'>ἔνεργητικοὶ</span> <span class='ocrx_word' id='word_1_700' title='bbox 1243 2488 1386 2526; x_wconf 79' lang='grc' dir='ltr'>λογισμοί,</span> <span class='ocrx_word' id='word_1_701' title='bbox 1415 2487 1647 2524; x_wconf 79' lang='grc' dir='ltr'>περιφυλάττουσι</span> <span class='ocrx_word' id='word_1_702' title='bbox 1673 2485 1724 2518; x_wconf 76' lang='grc' dir='ltr'><strong>τὴν</strong></span> <span class='ocrx_word' id='word_1_703' title='bbox 1749 2483 1775 2511; x_wconf 67' lang='grc' dir='ltr'>ἄν</span> <span class='ocrx_word' id='word_1_704' title='bbox 1790 2483 1871 2519; x_wconf 66' lang='grc' dir='ltr'>δαινεῇ</span> 
     </span>
    </p>
   </div>
   <div class='ocr_carea' id='block_1_110' title="bbox 1047 2528 1873 2569">
    <p class='ocr_par' dir='ltr' id='par_1_110' title="bbox 1047 2528 1873 2569">
     <span class='ocr_line' id='line_1_110' title="bbox 1047 2528 1873 2569; baseline -0.012 -6"><span class='ocrx_word' id='word_1_705' title='bbox 1047 2534 1272 2564; x_wconf 77' lang='grc' dir='ltr'>ἐπαναπαύσασαν</span> <span class='ocrx_word' id='word_1_706' title='bbox 1287 2532 1333 2561; x_wconf 75' lang='grc' dir='ltr'>τὸν</span> <span class='ocrx_word' id='word_1_707' title='bbox 1361 2531 1498 2569; x_wconf 71' lang='grc' dir='ltr'>εἰρηνικόν</span> <span class='ocrx_word' id='word_1_708' title='bbox 1523 2530 1637 2568; x_wconf 81' lang='grc' dir='ltr'>βασιλέα</span> <span class='ocrx_word' id='word_1_709' title='bbox 1656 2529 1761 2566; x_wconf 77' lang='grc' dir='ltr'>ψυχὴν,</span> <span class='ocrx_word' id='word_1_710' title='bbox 1776 2528 1873 2558; x_wconf 75' lang='grc' dir='ltr'>πάντες</span> 
     </span>
    </p>
   </div>
   <div class='ocr_carea' id='block_1_111' title="bbox 1047 2572 1875 2617">
    <p class='ocr_par' dir='ltr' id='par_1_111' title="bbox 1047 2572 1875 2617">
     <span class='ocr_line' id='line_1_111' title="bbox 1047 2572 1875 2617; baseline -0.011 -10"><span class='ocrx_word' id='word_1_711' title='bbox 1047 2581 1210 2617; x_wconf 74' lang='grc' dir='ltr'>κατέχοντες</span> <span class='ocrx_word' id='word_1_712' title='bbox 1235 2578 1384 2615; x_wconf 72' lang='grc' dir='ltr'>ῥομφαίας.</span> <span class='ocrx_word' id='word_1_713' title='bbox 1409 2574 1597 2613; x_wconf 68' lang='grc' dir='ltr'>δεδιδαγμένοι</span> <span class='ocrx_word' id='word_1_714' title='bbox 1619 2573 1751 2610; x_wconf 84' lang='grc' dir='ltr'>πόλεμον.</span> <span class='ocrx_word' id='word_1_715' title='bbox 1774 2572 1875 2617; x_wconf 79' lang='grc' dir='ltr'>Πάντες</span> 
     </span>
    </p>
   </div>
   <div class='ocr_carea' id='block_1_112' title="bbox 1050 2616 1874 2661">
    <p class='ocr_par' dir='ltr' id='par_1_112' title="bbox 1050 2616 1874 2661">
     <span class='ocr_line' id='line_1_112' title="bbox 1050 2616 1874 2661; baseline -0.011 -10"><span class='ocrx_word' id='word_1_716' title='bbox 1050 2623 1078 2652; x_wconf 60' lang='lat' dir='ltr'><strong>Si</strong></span> <span class='ocrx_word' id='word_1_717' title='bbox 1094 2616 1121 2651; x_wconf 64' lang='grc' dir='ltr'><strong>οῗ</strong></span> <span class='ocrx_word' id='word_1_718' title='bbox 1136 2623 1277 2661; x_wconf 75' lang='grc' dir='ltr'>εἲρημένοι</span> <span class='ocrx_word' id='word_1_719' title='bbox 1304 2621 1447 2660; x_wconf 82' lang='grc' dir='ltr'>λογισμοὶ,</span> <span class='ocrx_word' id='word_1_720' title='bbox 1470 2620 1528 2647; x_wconf 78' lang='grc' dir='ltr'>καθ’</span> <span class='ocrx_word' id='word_1_721' title='bbox 1548 2618 1600 2654; x_wconf 76' lang='grc' dir='ltr'>ἕξιν</span> <span class='ocrx_word' id='word_1_722' title='bbox 1628 2619 1675 2655; x_wconf 73' lang='grc' dir='ltr'>μὲν</span> <span class='ocrx_word' id='word_1_723' title='bbox 1691 2616 1874 2661; x_wconf 64' lang='grc' dir='ltr'>θεωρητικήν,</span> 
     </span>
    </p>
   </div>
   <div class='ocr_carea' id='block_1_113' title="bbox 1051 2660 1873 2707">
    <p class='ocr_par' dir='ltr' id='par_1_113' title="bbox 1051 2660 1873 2707">
     <span class='ocr_line' id='line_1_113' title="bbox 1051 2660 1873 2707; baseline -0.011 -11"><span class='ocrx_word' id='word_1_724' title='bbox 1051 2669 1095 2696; x_wconf 77' lang='grc' dir='ltr'>οἷα</span> <span class='ocrx_word' id='word_1_725' title='bbox 1109 2660 1245 2707; x_wconf 53' lang='lat' dir='ltr'><strong>paupertati:</strong></span> <span class='ocrx_word' id='word_1_726' title='bbox 1275 2666 1419 2703; x_wconf 74' lang='grc' dir='ltr'>διο-τόμους</span> <span class='ocrx_word' id='word_1_727' title='bbox 1443 2665 1491 2696; x_wconf 72' lang='grc' dir='ltr'><strong>τὰς</strong></span> <span class='ocrx_word' id='word_1_728' title='bbox 1513 2663 1660 2701; x_wconf 83' lang='grc' dir='ltr'>διακρίσεις</span> <span class='ocrx_word' id='word_1_729' title='bbox 1679 2664 1733 2689; x_wconf 83' lang='grc' dir='ltr'><strong>τῶν</strong></span> <span class='ocrx_word' id='word_1_730' title='bbox 1749 2660 1873 2688; x_wconf 75' lang='grc' dir='ltr'>ἐναντίων</span> 
     </span>
    </p>
   </div>
   <div class='ocr_carea' id='block_1_114' title="bbox 1051 2704 1873 2750">
    <p class='ocr_par' dir='ltr' id='par_1_114' title="bbox 1051 2704 1873 2750">
     <span class='ocr_line' id='line_1_114' title="bbox 1051 2704 1873 2750; baseline -0.012 -9"><span class='ocrx_word' id='word_1_731' title='bbox 1051 2704 1197 2750; x_wconf 69' lang='grc' dir='ltr'>κατέχουσι</span> <span class='ocrx_word' id='word_1_732' title='bbox 1214 2722 1220 2728; x_wconf 87' lang='grc'><strong>·</strong></span> <span class='ocrx_word' id='word_1_733' title='bbox 1246 2712 1304 2739; x_wconf 82' lang='grc' dir='ltr'>κατ’</span> <span class='ocrx_word' id='word_1_734' title='bbox 1334 2711 1468 2749; x_wconf 74' lang='grc' dir='ltr'>ἐνέργειαν</span> <span class='ocrx_word' id='word_1_735' title='bbox 1497 2708 1525 2736; x_wconf 72' lang='grc' dir='ltr'>δὲ</span> <span class='ocrx_word' id='word_1_736' title='bbox 1553 2707 1705 2746; x_wconf 74' lang='grc' dir='ltr'>πρακτικῆν</span> <span class='ocrx_word' id='word_1_737' title='bbox 1730 2704 1873 2743; x_wconf 76' lang='grc' dir='ltr'>πεπείραν-</span> 
     </span>
    </p>
   </div>
   <div class='ocr_carea' id='block_1_115' title="bbox 1050 2751 1871 2789">
    <p class='ocr_par' dir='ltr' id='par_1_115' title="bbox 1050 2751 1871 2789">
     <span class='ocr_line' id='line_1_115' title="bbox 1050 2751 1871 2789; baseline -0.01 -3"><span class='ocrx_word' id='word_1_738' title='bbox 1050 2760 1153 2786; x_wconf 86' lang='grc' dir='ltr'>ταιτοῦ</span> <span class='ocrx_word' id='word_1_739' title='bbox 1168 2759 1227 2788; x_wconf 88' lang='grc' dir='ltr'><strong>πῶς</strong></span> <span class='ocrx_word' id='word_1_740' title='bbox 1250 2755 1290 2785; x_wconf 82' lang='grc' dir='ltr'><strong>δεῖ</strong></span> <span class='ocrx_word' id='word_1_741' title='bbox 1319 2759 1378 2787; x_wconf 92' lang='grc' dir='ltr'>ταῖς</span> <span class='ocrx_word' id='word_1_742' title='bbox 1407 2754 1536 2784; x_wconf 80' lang='grc' dir='ltr'>ἐναντίαις</span> <span class='ocrx_word' id='word_1_743' title='bbox 1565 2751 1695 2789; x_wconf 84' lang='grc' dir='ltr'>δυνάμεσι</span> <span class='ocrx_word' id='word_1_744' title='bbox 1726 2751 1871 2788; x_wconf 80' lang='grc' dir='ltr'>μάχεσθαι.</span> 
     </span>
    </p>
   </div>
   <div class='ocr_carea' id='block_1_116' title="bbox 1051 2794 1872 2840">
    <p class='ocr_par' dir='ltr' id='par_1_116' title="bbox 1051 2794 1872 2840">
     <span class='ocr_line' id='line_1_116' title="bbox 1051 2794 1872 2840; baseline -0.011 -9"><span class='ocrx_word' id='word_1_745' title='bbox 1051 2804 1135 2840; x_wconf 83' lang='grc' dir='ltr'><strong>’Δνῆρ</strong></span> <span class='ocrx_word' id='word_1_746' title='bbox 1163 2801 1284 2840; x_wconf 78' lang='grc' dir='ltr'>ῥομφαία</span> <span class='ocrx_word' id='word_1_747' title='bbox 1318 2800 1399 2829; x_wconf 76' lang='grc' dir='ltr'>αὐτοῦ</span> <span class='ocrx_word' id='word_1_748' title='bbox 1437 2799 1482 2827; x_wconf 80' lang='grc' dir='ltr'>ἐπὶ</span> <span class='ocrx_word' id='word_1_749' title='bbox 1516 2798 1561 2826; x_wconf 84' lang='grc' dir='ltr'>τὸν</span> <span class='ocrx_word' id='word_1_750' title='bbox 1591 2796 1678 2835; x_wconf 85' lang='grc' dir='ltr'>μηρὸν</span> <span class='ocrx_word' id='word_1_751' title='bbox 1710 2795 1793 2824; x_wconf 73' lang='grc' dir='ltr'>αὐτοῦ</span> <span class='ocrx_word' id='word_1_752' title='bbox 1821 2794 1872 2823; x_wconf 80' lang='grc' dir='ltr'>ἀπὸ</span> 
     </span>
    </p>
   </div>
  </div>
