1951 3051
86 86 158 117 605

621 90 823 121 COMMENT.
849 91 887 121 lN
910 91 1114 121 CANTICUM
1137 91 1291 121 CANTIG.

1748 91 1808 122 606

89 149 226 188 ὖάμϐους
256 152 282 180 ἐν
310 152 392 188 νυξίν·
421 151 507 190 ἤγουν
525 175 533 189 ,
561 152 671 186 ἕκαστος
693 158 746 183 τῶν
773 156 866 193 εἱρημέ

1016 156 1054 184 tia
1068 156 1419 192 conciduntur,adversus
1433 157 1690 193 concupiscentem
1701 158 1806 186 animle

90 196 243 234 λογισμῶν
260 198 311 232 τήν
325 198 494 236 ἀναιρετικὴν
509 201 562 226 τῶν
585 201 677 227 παθῶν
710 200 847 238 μάχαιραν
875 202 925 227 τοῦ

88 243 252 278 πνεύματος
291 243 359 270 κατὰ
390 245 439 275 τῆς
477 243 677 279 ἐπιθυμητικῆς
707 244 846 281 δυνάμεως
875 248 925 279 τῆς

90 287 193 324 ψυχῆς
225 286 391 325 ἐπιφέρεται,
427 287 470 314 διὰ
500 286 583 323 φόϐον
613 292 666 316 τῶν
696 287 927 317 ἐπιϐουλευόντων

91 331 170 367 αὐτῇ
186 331 212 358 ἐν
227 331 284 366 νυξὶ
309 335 359 366 τῆς
387 332 507 369 ἀγνοίας,
524 333 592 360 κατὰ
605 334 652 364 τάς
668 333 785 372 ἀλόγους
800 337 851 368 τῆς
867 334 926 361 ἐπι-

92 375 199 412 θυμίας
215 376 304 414 ὁρμῆς
317 376 510 413 πονηροτάτων
529 376 678 414 δαιμόνων.

132 423 253 458 thapsia;
274 420 404 456 ἐποίησαν
421 422 507 458 suc-cfp
524 422 538 449 6
565 421 691 460 βασιλεὺς
717 423 852 459 Σολομὼν
874 422 927 450 ἀπὸ

89 463 188 501 ξύλων
201 467 249 492 τοῦ
265 462 392 494 Λιϐάνου.
410 466 532 497 Στύλους
546 466 627 494 αὐτοῦ
644 467 768 502 ἐποίησιν
787 467 926 505 ἀργύριον,

88 509 140 536 καὶ
158 508 304 537 ἀνάκλιτον
321 509 402 537 αὐτοῦ
415 510 544 548 χρύσιον·
562 509 686 542 ἐπίϐασις
697 511 779 539 αὐτοῦ
791 514 926 550 πορφυρᾶ,

90 553 173 584 tua;
189 553 271 581 αὐτοῦ
288 553 482 592 λιθόστρωτον,
500 556 608 593 ἆγαπην
632 556 684 583 ἀπὸ
708 555 859 594 θυγατέρων
882 557 928 584 Ἰε-

92 597 223 636 ρουσαλη
230 609 258 635 μ.

448 652 570 682 Ψελλοῦ.

93 699 215 734 Φορεῖον
232 696 357 732 ἐποίησιν
375 697 461 733 ἑαυτῷ
481 698 495 725 6
513 697 640 736 βασιλεὺς
657 698 803 736 Σολομών,

91 741 125 770 Ὁ
142 741 229 775 λόγος
248 743 262 769 6
276 743 454 780 προκείμενος
468 744 516 770 τοῦ
534 742 634 778 μέλους
648 746 703 770 τῶν
717 743 862 780 ⁷ᾼσμάτιην

94 788 156 821 Τήν
174 786 200 822 ἐξ
214 785 298 818 ἐθνῶν
314 786 459 814 αἰνίττεται
475 787 621 824 πανσόφως
637 787 813 824 Ἐκκλησίαν.

92 831 127 860 Ὁ
146 830 275 868 βασιλεὺς
290 831 341 868 γὰρ
358 830 505 868 Σολομῶν,
520 832 658 859 τουτέστιν
675 833 688 859 ὁ
701 832 830 871 νυμφίος,

96 877 150 907 ’Ός
171 875 242 903 ἐστιν
258 878 311 903 τῶν
328 875 411 908 ἐθνῶν
430 878 483 903 τῶν
500 877 666 912 ἀπωσμὲνων
684 876 778 905 πάλαι.

98 922 178 948 "Ec-1t
197 921 244 956 μὲν
258 922 308 958 γὰρ
324 920 368 948 καὶ
385 918 499 951 Λίϐανος
515 921 623 954 σεπτὸς,
638 921 815 958 ἡγιασμένος,

98 964 214 996 Οὗτινος
232 965 365 1001 μέμνηται
381 963 464 992 Δαϐὶδ
481 966 494 992 6
510 964 719 1005 ψαλμιγράφος,
736 966 835 1003 λέγων·

96 1010 146 1040 Ὧς
164 1010 252 1049 φοῖνιξ
267 1009 406 1044 ἐξανθήσει
422 1008 526 1041 δίκαιος
548 1009 575 1037 ἐν
592 1010 695 1048 Κυρίῳ.

97 1054 149 1080 Καὶ
164 1054 385 1089 πληθυνθήσεται
401 1054 493 1085 καλῶς
509 1055 545 1085 ὡς
560 1054 655 1092 κέδρος
671 1055 696 1082 ἐν
714 1053 836 1092 Λιϐάνῳ.

94 1098 174 1126 Ἔστι
192 1097 220 1125 δὲ
235 1098 318 1125 πάλιν
335 1096 453 1129 Λίϐανος
469 1097 627 1134 ἀπόϐλητος
642 1099 668 1127 ἐν
685 1102 777 1133 πᾶσιν,

96 1141 190 1178 Οὗπερ
207 1142 351 1180 ἐπεύχεται
366 1141 449 1170 Δαϐὶὸ
465 1144 512 1174 τὰς
532 1142 644 1181 κέδρους
661 1142 844 1180 συντριϐῆναι.

97 1187 222 1218 Στόλους
239 1186 268 1214 δὲ
281 1187 311 1214 σύ
330 1198 376 1224 μοι
390 1187 487 1223 νόησον
503 1189 547 1216 καὶ
566 1189 656 1226 βάσεις
669 1191 718 1216 τοῦ
733 1189 854 1227 φορείου,

95 1230 169 1263 Τοὺς
182 1231 355 1264 ἀποστόλους
369 1231 483 1267 ἀληθῶς
497 1232 541 1260 καί
555 1232 618 1264 τοὺς
633 1234 775 1272 προφήτας
796 1234 890 1269 ὅλους,

97 1275 205 1306 Οἴτινες
225 1276 401 1313 ὑπεστήριξαν
418 1278 538 1314 Χριστοῦ
551 1278 601 1312 τὴν
618 1276 792 1313 Ἐκκλησίαν,

98 1322 149 1348 Καὶ
165 1321 215 1355 τήν
228 1321 333 1358 ἀγάπην
353 1319 480 1356 ηὔξησαν,
497 1321 580 1359 ἤγουν
595 1322 645 1356 τὴν
662 1322 808 1361 σωτηρίαν.

100 1367 162 1394 Τῶν
179 1365 354 1401 ἀνθρωπίνων
372 1364 479 1401 δηλαδὴ
500 1367 597 1404 ψυχῶν
613 1368 666 1394 τῶν
682 1367 862 1404 ἀπωσμένων.

96 1412 185 1437 Ταῦτα
202 1410 249 1446 μὶν
265 1409 310 1437 οὖν
329 1409 481 1446 λελάληκεν
498 1410 564 1448 ὑπὲρ
579 1410 663 1446 αὐτῆς
675 1413 693 1446 ἡ
708 1412 814 1449 νύμφη,

384 1464 446 1492 Τῶν
461 1464 486 1501 γί
501 1464 637 1501 Πατὲρων.

135 1508 182 1535 Ἐκ
196 1507 300 1535 τούτων
316 1508 368 1546 γὰρ
383 1508 437 1535 τῶν
454 1507 484 1535 ἐκ
497 1512 547 1543 τῆς
575 1511 696 1548 πονηρᾶς
719 1509 820 1546 ταύτης
845 1509 922 1538 ἐκκο-

99 1553 205 1580 πέντων
221 1552 308 1590 ῥίζης,
326 1552 369 1579 καὶ
395 1551 438 1579 ἐπὶ
463 1556 575 1591 Χριστῷ
593 1556 633 1590 τῷ
657 1554 777 1591 θεμελίῳ
797 1557 846 1590 τῆς
875 1555 924 1583 πί-

97 1607 182 1628 στεως
208 1595 490 1633 ἐποικοδομηθέντων,
515 1601 624 1636 φορεῖοι
649 1599 737 1636 ἑαυτῷ
764 1599 924 1635 πεποίηκεν,

99 1641 178 1672 αὐτὸς
203 1641 319 1679 Χριστὸς
354 1641 368 1668 6
397 1641 533 1678 εἰρηνικὸς
558 1642 705 1679 βασιλεύς·
746 1642 789 1671 ἐπὶ
817 1644 923 1672 τούτων

98 1685 254 1723 ἐφθακότων
287 1685 324 1716 εἷς
361 1685 521 1720 τελειότητα
557 1686 646 1725 ὥσπερ
685 1687 848 1726 ὀχούμενος,
880 1688 924 1715 καὶ

97 1730 166 1767 πρὸς
183 1729 248 1760 τοὺς
264 1728 476 1765 διδασκομένους
494 1729 720 1769 μεταφερόμενος.
751 1732 825 1760 Κατὰ
842 1732 924 1770 μέρος

98 1773 127 1802 δὲ
154 1775 203 1808 τὴν
227 1777 275 1800 τοῦ
301 1774 412 1813 φορείου
440 1776 607 1810 κατασκευὴν
637 1776 815 1813 ἐξηγούμενοί
846 1786 921 1816 quer

99 1819 220 1849 Στόλους
248 1819 331 1846 αὐτοῦ
368 1818 493 1854 ἐποίησεν
530 1819 678 1857 ἀργύριον,
708 1819 785 1859 οἵπερ
811 1821 861 1848 εἰσὶ
891 1822 924 1849 τὰ

99 1863 180 1901 λόγια
210 1862 318 1901 Κυρίου,
349 1861 365 1889 ἃ
395 1873 475 1900 φησιν
500 1863 513 1890 6
539 1861 632 1897 Δαϐἱδ,
650 1863 732 1902 λόγια
748 1865 824 1903 ἁγνὰ,
842 1865 923 1903 ἀργό-

99 1918 156 1945 ριον
187 1907 403 1945 πεπυρωμένον.
434 1907 490 1945 Ἐφ’
529 1908 569 1939 οἷς
598 1907 688 1946 ὥσπερ
714 1909 767 1936 τισὶ
800 1909 922 1945 στόλοις,

99 1952 190 1989 ὅψωσε
219 1952 286 1990 πρὸς
312 1953 410 1989 γνῶσιν
437 1952 532 1979 ἑαυτοῦ
562 1953 576 1980 ὁ
603 1953 720 1990 νυμφίος
737 1954 786 1988 τήν
803 1954 921 1993 νύμφην,

99 1998 197 2024 οἰκεῖον
230 1996 330 2030 ταύτην
368 1997 554 2033 ποιησάμενος
588 1998 695 2035 ὂχημα,
733 1998 865 2036 φέρουσαν
895 1998 921 2026 ἐν

98 2042 178 2078 ἑαυτῇ
206 2041 256 2074 τήν
286 2041 418 2075 ἑνωτικὴν
445 2042 559 2068 τουτωνί
586 2044 639 2069 τῶν
657 2041 758 2080 λογίων
780 2042 921 2078 ἀλήθειαν.

99 2086 146 2114 Καὶ
181 2083 325 2112 ἀνακλιτον
363 2084 445 2112 αὐτοῦ
481 2085 606 2123 χρυσίον,
645 2085 728 2125 ἤγουν
755 2087 922 2115 κατάπαυσιν

98 2134 147 2165 τῆς
176 2129 244 2157 κατὰ.
271 2131 334 2156 νοῦν
363 2131 493 2164 κινήσεως
512 2130 598 2165 αὐτῆς
626 2131 760 2166 πεποίηκε
783 2132 814 2159 τὸ
840 2132 922 2159 αὑτοῦ

101 2174 270 2212 ὑπερούσιον.
286 2174 371 2209 "On-sp
387 2174 516 2209 σημαίνει
532 2175 546 2201 6
562 2175 665 2212 χρυσὸς
679 2176 716 2206 ὡς
737 2178 790 2203 τῶν
817 2175 921 2203 λοιπῶν

981 202 1157 237 potestatem
1172 201 1329 233 intentant.
1347 204 1466 237 propter
1486 203 1626 230 terrorem
1653 210 1742 238 quam
1756 211 1806 230 ne-

981 245 1118 281 quissimi
1134 246 1282 274 daemones
1296 246 1371 273 dolis
1397 246 1460 274 suis
1482 246 1585 273 animus
1609 246 1754 281 objiciunt
1776 246 1806 274 in

981 291 1117 318 noctibus
1128 291 1364 327 ignorantiae,per
1376 290 1504 326 impetus
1515 290 1685 326 cupiditatis
1700 290 1805 318 rationi

982 337 1192 370 repugnantes.

1017 424 1160 451 Ferculum
1173 425 1238 459 fect!
1249 424 1303 452 sibi
1318 433 1368 452 rex
1382 424 1511 452 Salomon
1525 423 1558 451 de
1573 423 1663 460 hgm's
1678 423 1781 452 Libani
1796 431 1804 451 :

981 468 1125 496 columnas
1160 469 1219 498 eius
1258 469 1325 504 fecit
1358 473 1512 504 argenteas,
1541 470 1568 496 el
1596 469 1806 496 reclinatorium

981 513 1039 548 ejus
1067 521 1191 547 aureum,
1221 521 1368 541 ascensum
1396 514 1456 548 eius
1478 521 1661 549 purpureum,
1684 513 1806 541 medium

981 557 1040 592 ejus
1066 557 1206 593 lapidibus
1238 562 1422 591 constratum,
1453 558 1619 586 charitalem
1647 566 1666 586 α
1695 557 1805 593 ﬁliabus

981 602 1143 630 Jerusalem.

1343 656 1441 684 Pselli.

1017 700 1162 728 Ferculum
1175 701 1244 737 fecit
1257 700 1311 728 sibi
1324 709 1376 728 res:
1389 700 1530 729 Salomon.

1016 745 1118 773 Sermo
1135 745 1303 781 propositus
1317 745 1427 773 Cantici
1442 745 1624 773 canticorum
1649 744 1806 781 sapientis-

983 790 1056 818 sime
1073 789 1233 818 Ecclesiam
1248 798 1283 818 ex
1297 790 1434 826 gentibus
1449 789 1599 818 collectam
1615 789 1723 817 innuit.
1745 789 1804 817 Rex

944 843 967 876 B
982 834 1061 862 enim
1076 834 1224 869 Salomon,
1240 835 1268 862 id
1286 837 1339 870 est,
1365 842 1503 871 sponsus,
1529 834 1579 871 qui
1603 836 1647 862 est
1670 834 1802 871 gentium

982 879 1051 907 olim
1070 879 1255 912 reiecturum.
1270 879 1395 907 Libanus
1410 880 1495 907 etiam
1512 881 1558 907 est
1572 879 1754 907 venerandus
1775 881 1804 907 et

982 926 1113 958 sanctus,
1125 925 1160 951 de
1177 932 1234 959 quo
1249 923 1432 951 Psalmorum
1450 923 1582 951 conditor
1597 923 1686 951 David
1702 923 1805 951 memi-

981 967 1024 995 nit
1040 977 1047 995 :
1062 968 1167 1000 Justus,
1183 967 1331 1003 inquiens,
1347 970 1378 994 ut
1389 968 1482 1003 palma
1505 967 1614 1002 ﬂorebit
1636 976 1646 995 :
1670 968 1740 994 sicut
1763 975 1805 995 ce-

981 1012 1046 1039 drus
1070 1012 1176 1040 Libanl
1198 1011 1435 1047 multiplicabilur
1457 1012 1489 1038 ³ο.
1506 1014 1555 1040 Est
1571 1013 1668 1039 autem
1685 1019 1803 1040 rursum

983 1056 1109 1084 Libanus
1136 1055 1308 1092 repudiatus
1331 1056 1362 1083 in
1387 1055 1535 1089 omnibus,
1565 1056 1650 1091 cujus
1683 1055 1802 1091 quidem

981 1102 1063 1136 optat
1088 1100 1174 1128 David
1199 1100 1302 1128 cedros
1330 1100 1486 1136 confringi.
1512 1100 1566 1127 Per
1593 1100 1746 1128 columnas
1775 1103 1804 1127 et

983 1145 1068 1172 bases
1083 1146 1113 1172 tu
1131 1144 1203 1172 mihi
1217 1144 1365 1180 apostolos
1380 1146 1408 1171 et
1424 1144 1582 1180 prophetas
1597 1144 1804 1180 intellige,'qui

980 1189 1087 1217 Christi
1104 1188 1261 1216 Ecclesium
1280 1189 1498 1223 sustinuerunt,
1515 1191 1542 1216 et
1557 1189 1729 1217 charitatem
1753 1198 1806 1217 au-

980 1236 1096 1267 xerunt,
1127 1233 1385 1269 humanarumque
1410 1234 1576 1261 animarum
1606 1242 1669 1269 quae
1694 1234 1806 1269 rejectae

981 1280 1074 1312 erant,
1089 1278 1195 1306 salutis
1227 1278 1346 1306 fuerunt
1375 1277 1598 1306 studiosissimi.
1616 1278 1681 1306 Haec
1711 1278 1803 1314 igitur

984 1331 1092 1359 sponsa
1107 1323 1143 1351 de
1157 1331 1188 1351 se
1203 1323 1269 1359 ipsa
1282 1323 1380 1351 locuta
1394 1324 1449 1350 est.

1277 1465 1371 1493 Trium
1385 1465 1511 1492 Patrum.

1017 1509 1057 1537 Ex
1072 1509 1118 1538 his
1132 1509 1210 1537 enim
1228 1509 1276 1545 qui
1302 1517 1336 1537 ex
1359 1509 1494 1545 improba
1517 1509 1575 1537 ista
1599 1508 1697 1537 radice
1719 1508 1808 1537 excisi

985 1554 1110 1588 fuerant,
1135 1556 1164 1581 et
1188 1562 1277 1590 super
1300 1554 1451 1582 Christum
1481 1553 1549 1581 fidei
1578 1554 1804 1582 fundamentum

981 1598 1126 1633 aedificati,
1144 1598 1288 1626 ferculum
1303 1599 1359 1627 sibi
1376 1599 1446 1626 fecit
1461 1599 1522 1633 ipse
1537 1598 1669 1626 Christus
1685 1600 1743 1626 Rex
1758 1597 1808 1625 ille

980 1644 1122 1679 pacificus
1139 1652 1145 1671 :
1161 1651 1228 1671 cum
1244 1651 1333 1679 super
1348 1643 1395 1671 his
1414 1644 1450 1671 ad
1476 1643 1684 1679 perfectionem
1710 1643 1803 1670 addu-

980 1688 1045 1721 ctis,
1062 1690 1213 1723 ttanquam
1240 1688 1268 1714 in
1294 1696 1392 1720 curru,
1417 1688 1452 1715 ad
1477 1687 1654 1715 erudiendos
1669 1687 1806 1715 homines

980 1733 1144 1759 veheretur.
1173 1731 1330 1767 Sigillatim
1360 1734 1459 1759 autem
1495 1731 1597 1759 ferculi
1629 1734 1805 1767 apparatum

980 1779 1160 1809 enarrantes,
1177 1777 1325 1804 Columnas
1347 1776 1416 1811 ejus,
1443 1775 1592 1811 inquiunt,
1615 1777 1681 1811 fecit
1705 1784 1807 1811 argen-

980 1823 1050 1853 teas,
1067 1829 1131 1856 quae
1146 1820 1265 1856 quidem
1283 1821 1352 1847 sunt
1364 1820 1482 1856 eloquia
1496 1819 1631 1848 Domini:
1647 1819 1682 1847 de
1697 1819 1806 1855 quibus

982 1864 1070 1892 David
1089 1872 1096 1892 :
1114 1865 1238 1900 Eloquia,
1254 1864 1360 1899 inquit,
1374 1865 1450 1891 casta
1467 1873 1476 1890 :
1490 1867 1638 1898 argentum
1654 1865 1716 1898 igne
1737 1871 1807 1890 exa-

979 1911 1119 1938 minatum
1137 1909 1169 1936 ‘°.
1185 1909 1278 1944 Super
1293 1908 1401 1944 quibus
1415 1910 1556 1944 tanquam
1573 1907 1720 1935 columnis
1741 1905 1808 1943 qui-

979 1954 1103 1982 busdam
1122 1961 1249 1990 sponsus
1265 1952 1413 1980 sublatam
1429 1961 1570 1988 sponsam
1587 1952 1622 1980 ad
1649 1960 1679 1980 se
1705 1951 1806 1985 traxit,

981 1998 1130 2034 proprium
1147 1998 1242 2033 ipsam
1257 1996 1425 2025 vehiculum
1441 1997 1635 2030 constituens,
1652 2004 1715 2032 quae
1730 1996 1760 2023 in
1776 2004 1808 2023 se

977 2043 1042 2079 ipsa
1056 2043 1145 2070 ferret
1159 2050 1257 2069 verum
1279 2042 1384 2069 horum
1408 2041 1593 2077 eloquiorum
1619 2040 1804 2076 conjunctio-

977 2095 1055 2115 nem.
1072 2088 1105 2114 Et
1120 2087 1326 2115 recliualorium
1341 2087 1401 2122 ejus
1415 2094 1532 2114 aureum
1547 2095 1556 2113 :
1573 2086 1601 2113 id
1618 2088 1671 2119 est,
1699 2084 1807 2113 mentis

977 2132 1073 2167 ipsius
1096 2130 1339 2166 tranquillitatem
1365 2131 1543 2166 praecipuam
1569 2129 1626 2158 sibi
1650 2130 1700 2157 ubi
1725 2130 1806 2165 quie-

978 2178 1072 2203 sceret
1087 2177 1186 2204 sedem
1203 2175 1410 2203 constituit:id
1427 2175 1505 2202 enim
1523 2183 1573 2210 per
1588 2183 1692 2202 aurum
1709 2177 1807 2202 osten-

100 2221 191 2247 πασῶν
217 2217 289 2245 ὑλῶν
304 2218 480 2255 τιμιώτερος.
507 2217 648 2251 Ἐπίϐασις
673 2221 756 2247 αὐτοῦ
784 2231 866 2260 πορφι

1016 2224 1032 2253 t,
1049 2221 1126 2255 quod
1145 2220 1233 2247 rebus
1249 2219 1387 2247 omnibus
1402 2228 1435 2247 ex
1450 2219 1574 2246 materia
1602 2218 1808 2247 constantibus

102 2262 232 2291 δώλονότι
250 2261 374 2299 βασιλεία
388 2265 465 2290 Θεοῦ.
482 2263 514 2290 Εἰ
529 2263 582 2301 γὰρ
598 2263 734 2302 ε’ρηνικὸς
747 2265 761 2292 6
786 2264 922 2301 Σολομῶν

102 2307 288 2345 ἇρμηνεύεται,
316 2306 360 2333 καὶ
395 2305 481 2342 δηλοῖ
504 2307 550 2334 τὸν
579 2308 768 2345 είρηνεύσαντα
789 2309 815 2336 ἐν
839 2309 925 2345 iam}:

101 2353 133 2380 τὰ
146 2352 231 2380 πάντα
246 2351 374 2389 Χριστόν·
400 2352 418 2386 ἡ
435 2350 465 2379 δὲ
489 2351 584 2390 εἰρήνη
612 2351 797 2391 ἀνενόχλητος
826 2354 922 2392 εὖφρο-

101 2397 163 2432 σύνη
190 2395 274 2432 ἐστὶν,
290 2397 308 2430 ἠ
325 2394 348 2423 δ’
363 2395 551 2434 ἀνενόχληιιος
566 2397 731 2435 εὐφροσύνη,
748 2398 924 2430 ἀστασίαστος

102 2440 166 2470 Θεοῦ
196 2439 322 2479 βασιλεία
338 2441 464 2479 ὑπάρχει·
493 2440 632 2478 βασιλείας
660 2441 711 2480 ἄρα
739 2445 806 2470 Θεοῦ
829 2444 847 2478 ἡ
868 2443 925 2471 ἐπί-

101 2484 175 2517 ϐαοις
199 2488 250 2520 τῆς
274 2483 483 2523 ὑποδεχομένης
508 2487 602 2523 ψυχῆς
633 2484 711 2522 δίκην
741 2487 851 2526 φορείου
879 2489 925 2516 τὸν

101 2530 231 2568 εἰρηνικὸν
264 2529 379 2567 βασιλία
402 2529 471 2557 ἐστίν
487 2552 493 2558 .
519 2531 609 2562 Ἐντὸς
634 2531 716 2558 αὐτοῦ
741 2531 926 2570 λιθόστρωτον

102 2575 206 2613 ἀγάπην
233 2575 286 2602 ἀπὸ
316 2574 470 2611 θυγατέρων
503 2575 684 2612 Ἰερουσαλήμ
701 2585 707 2592 ”
740 2574 803 2610 ἤτοι
838 2576 864 2603 ἐν
891 2578 925 2613 τῇ

102 2620 246 2658 κεκριμένη
277 2617 392 2646 διαθέσει
425 2622 475 2653 τῆς
512 2619 611 2647 τούτου
638 2620 850 2658 χρηματισάσης
877 2632 926 2659 φο-

105 2667 173 2703 ρεῖον
196 2666 289 2702 ψυχῆς
306 2663 431 2698 ἐποίησεν
447 2664 460 2691 6
475 2663 672 2702 ἀκρογωνιαῖος
688 2665 764 2696 λίθος
779 2668 839 2697 ταῖς
863 2666 925 2693 ἑαυ-

141 2756 163 2774 ³¹
178 2754 254 2784 Psal.
271 2762 327 2790 XCI,
342 2754 385 2782 43.
423 2754 445 2772 ⁸⁰
459 2754 538 2783 Psal.
558 2763 597 2791 xx,
613 2757 639 2784 7.

981 2265 1142 2293 antecellit.
1172 2268 1320 2293 Ascensum
1348 2265 1406 2300 ejus
1432 2272 1548 2292 aureum
1585 2273 1594 2292 :
1624 2264 1734 2300 regiam
1764 2263 1809 2290 ni-

981 2311 1090 2338 mirum
1108 2309 1168 2338 Dei.
1185 2312 1258 2337 Nam
1275 2309 1300 2337 si
1315 2308 1450 2337 Salomon
1475 2308 1621 2344 signiﬁcat
1642 2308 1810 2344 paciﬁcum,

980 2357 1008 2383 et
1023 2355 1172 2382 Christum
1189 2353 1301 2381 indicat
1315 2353 1365 2389 qui
1382 2354 1412 2381 in
1436 2362 1466 2381 se
1491 2355 1596 2381 cuncta
1619 2351 1784 2389 paciﬁcavit
1800 2360 1806 2380 :

981 2408 1037 2436 pax
1051 2402 1148 2427 autem
1165 2401 1210 2426 est
1236 2398 1327 2425 animi
1353 2397 1452 2425 laetitia
1477 2398 1513 2425 ab
1538 2397 1619 2426 omni
1641 2396 1809 2424 turbatione

981 2446 1094 2472 remota.
1110 2452 1116 2471 :
1133 2443 1194 2471 haec
1209 2450 1276 2470 vero
1291 2442 1392 2470 laetitia
1416 2444 1461 2470 est
1484 2442 1535 2470 Dei
1560 2441 1641 2478 regia
1666 2442 1701 2469 ab
1728 2440 1808 2468 omni

981 2488 1124 2516 seditione
1140 2487 1236 2515 aliena
1259 2495 1266 2515 :
1292 2487 1373 2523 regis
1398 2487 1499 2523 utique
1524 2487 1574 2515 Dei
1600 2488 1645 2514 est
1669 2493 1810 2513 ascensus

981 2533 1096 2566 animus,
1113 2540 1178 2568 quas
1194 2531 1296 2559 ferculi
1311 2531 1404 2558 instar
1427 2530 1552 2567 suscipit
1576 2530 1683 2566 Regem
1708 2529 1809 2566 pacifi-

981 2585 1060 2605 cum.
1076 2576 1196 2604 Medium
1210 2576 1268 2611 ejus
1291 2576 1429 2611 lapidibus
1450 2578 1579 2608 stratum,
1603 2575 1768 2603 charitatem
1792 2582 1810 2601 a

981 2621 1092 2657 filiabus
1106 2619 1261 2648 Jerusalem
1277 2627 1284 2646 :
1301 2619 1332 2647 iu
1355 2619 1510 2647 affectione
1532 2619 1668 2647 videlicet
1692 2618 1807 2652 animas,

981 2674 1047 2704 quas
1063 2663 1206 2693 ferculum
1222 2664 1286 2699 ejus
1302 2663 1450 2692 declarata
1473 2666 1518 2691 est
1533 2672 1540 2690 ε
1556 2663 1631 2699 lapis
1656 2661 1807 2698 angularia
