1951 3051
123 93 181 123 607

790 91 1000 122 MICHAELIS
1021 90 1158 121 PSELLl

1767 89 1828 119 608

126 158 224 186 divina
248 157 383 186 doctrina
411 167 464 186 sua
497 159 584 194 atque
608 158 749 195 exemplis
773 157 929 186 charitater

1010 159 1052 185 τοῦ
1066 155 1148 188 θείαις
1165 154 1363 187 διδασκαλίαις,
1380 154 1425 182 imi
1439 157 1497 186 τοῖς
1514 153 1709 192 ὑποδείγμασιν
1721 153 1827 193 ἇστρω-

127 203 298 236 coustravit,
315 211 333 230 a
348 203 596 231 buccinatricibus
611 203 673 231 suis
697 203 864 239 apostolicis
888 203 948 231 ani-

128 248 234 276 mabus
250 247 325 284 (quae
342 247 409 275 ﬁliae
431 256 550 284 quoque
574 248 737 276 Jerusalem
762 249 846 275 dicta
868 249 947 280 sunt,

127 293 266 329 quoniam
289 295 432 327 quantum
458 293 493 320 ad
518 301 633 320 carnem
650 293 764 327 attinet,
780 293 847 320 inde
862 293 948 326 origi-

127 345 195 365 nem
211 337 343 369 trahunt)
357 336 501 372 incipiens
527 346 533 364 ι
560 345 626 364 cum
651 336 775 372 apostoli
800 337 887 372 primi
912 337 948 364 ad

127 381 233 410 Christi
247 381 453 414 imitationem,
470 381 584 409 animas
599 390 669 408 suas
685 389 736 416 pro
758 381 852 408 salute
876 380 950 408 mul-

128 429 224 454 torum
252 426 416 461 posuerint,
441 427 689 461 preceperintque
715 428 743 452 ut
759 426 835 453 idem
852 425 948 453 efﬁce-

127 473 201 504 rent,
218 470 386 506 quicunque
401 471 436 497 ad
453 471 661 506 perfectionem
676 471 705 498 in
722 470 837 498 Christo
862 477 949 505 cupe-

126 517 190 542 rent
203 515 563 550 pervenire.0uamobrem
574 523 699 550 magnus
710 514 948 550 Apostoluszlmi-

127 564 237 592 latores,
253 559 359 595 inquit,
375 560 431 586 mei
444 561 536 591 estote,
552 560 623 587 sicut
637 561 662 587 et
676 567 724 593 ego
740 558 843 586 Christi
856 560 889 586 ⁸³.

488 604 583 632 Pselli.

164 648 271 676 Deinde
284 657 386 676 omnes
404 648 554 676 hominum
572 648 685 676 animas
708 648 890 682 adhortatur,
917 650 949 675 ut

127 701 144 721 ο.
160 693 260 721 mundi
277 692 424 721 scandulis
439 695 467 720 et
493 693 762 728 perturbationibus
785 693 947 727 discedant,

127 739 156 765 et
170 746 314 774 sponsum
330 746 397 765 cum
424 737 496 773 ipsis
521 738 710 773 conjunctum
733 739 875 774 spectent.
901 737 948 764 Sic

126 783 205 810 enim
221 791 329 818 sponsa
345 791 401 818 praa
416 781 517 810 latitia
531 782 596 810 illas
611 781 772 817 alloquitur
797 791 803 809 :
830 781 948 816 Egredi-

124 827 356 861 mini,atv1dete,
378 834 393 854 0
415 827 485 862 ﬁlim
509 827 586 861 Sion,
610 826 707 862 inquit
731 835 851 862 sponsa,
877 834 949 862 quo-

125 871 204 899 niam
229 879 292 907 ego,
318 879 382 906 quis
408 870 490 907 prius
515 871 609 899 invisa
633 871 754 903 fueram,
780 879 858 899 nunc
874 870 949 898 facta

127 923 192 943 sum
205 915 461 950 jucundissimum
478 915 579 951 sponsi
601 915 764 949 ferculum;
786 915 873 951 cupio
899 923 949 943 vos

126 960 197 987 item
225 960 375 987 universas
399 968 432 987 ex
447 959 502 987 hac
517 960 576 987 vita
591 960 701 996 fugere,
718 962 746 988 et
761 960 842 996 puris
857 959 950 988 oculis

127 1013 270 1041 sponsum
286 1004 450 1032 diademate
466 1013 500 1032 ex
511 1004 645 1040 pretiosis
657 1005 806 1041 lapidibus
817 1006 950 1032 contexto

127 1049 298 1077 redimitum
314 1049 518 1085 contemplari,
535 1049 585 1085 qui
601 1058 618 1077 a
635 1052 729 1077 matre
743 1058 798 1077 sua
812 1049 853 1077 ita
867 1057 950 1077 coro-

127 1096 226 1127 natus,
242 1101 289 1121 me
304 1093 361 1121 sibi
376 1093 462 1121 hodie
477 1094 772 1130 desponsavit.Mater
787 1101 853 1122 vero
870 1093 951 1121 illius

126 1137 220 1166 Patris
235 1137 365 1165 charitas
380 1137 447 1165 fuit.

422 1271 516 1299 Trium
531 1272 656 1299 Patrum.

165 1315 238 1349 Quia
251 1315 393 1352 magistra
417 1315 626 1343 animadvertit
649 1315 811 1351 discipulas
834 1315 950 1343 hwsita-

130 1360 245 1388 bundas
261 1362 379 1396 propter
401 1368 433 1388 se
453 1362 539 1396 atque
563 1360 756 1388 admiratione
780 1360 892 1396 plenas,
917 1367 951 1387 ea

130 1413 194 1441 quae
209 1405 245 1432 ad
261 1412 292 1432 se
308 1404 697 1441 pertinerent,explicsre:,in
714 1413 822 1441 sponso
838 1404 952 1433 Christo

127 1449 189 1477 vult
201 1457 251 1477 eas
267 1449 403 1485 deinceps
419 1449 524 1478 salutis
540 1452 646 1477 nostris
662 1450 782 1478 modum
809 1449 950 1484 contueri,

130 1496 158 1522 et
173 1494 278 1522 merito
293 1493 429 1521 dubitare
445 1496 532 1529 atque
547 1494 699 1528 admirari,
716 1494 864 1530 quomodo
888 1494 951 1530 ipse

131 1538 292 1566 salutiferis
302 1538 483 1566 cruciatibus
491 1546 523 1566 ac
534 1541 627 1566 morte
639 1547 693 1566 sua
704 1538 950 1574 tranquillitatem
967 1530 988 1563 C

129 1583 213 1611 nobis
228 1585 257 1610 et
270 1583 361 1610 vitam
376 1582 499 1618 largitus
515 1583 562 1611 sit.
586 1583 710 1611 Proinde
737 1593 743 1611 :
768 1583 950 1619 Egredimini,

132 1627 241 1663 inquit,
256 1629 283 1655 et
294 1627 391 1661 videte,
404 1628 473 1663 ﬁliae
487 1629 556 1655 Sion
572 1636 578 1654 :
597 1628 732 1662 omittite,
757 1636 820 1663 quae
844 1628 879 1655 ad
905 1635 953 1654 me

130 1672 267 1701 ancillam
282 1672 409 1700 attinent
424 1673 645 1707 considerare,ei
658 1673 686 1700 in
698 1672 821 1700 Domino
833 1672 953 1708 paciﬁco

131 1717 240 1744 mentis
264 1717 355 1744 aciem
386 1717 512 1752 defigite,
537 1717 781 1753 contemplantes,
807 1717 953 1752 quomodo

130 1761 257 1789 salutem
274 1761 322 1788 hic
340 1761 423 1788 nobis
440 1761 638 1797 acquisiverit.
657 1761 735 1789 Filiae
760 1761 895 1797 speculas,
921 1763 954 1788 ut

131 1805 299 1842 spiritaliter
315 1814 366 1841 per
380 1806 468 1833 fidem
483 1806 587 1842 genitae
605 1815 611 1834 :
628 1806 695 1834 Sion
707 1807 786 1835 enim
802 1806 953 1842 speculam

132 1850 287 1885 significat.
300 1850 424 1886 Specula
437 1853 546 1883 autem,
557 1859 591 1878 ex
607 1859 665 1887 qua
680 1851 746 1887 quis
762 1851 845 1879 facile
860 1852 955 1887 potest

132 1894 326 1931 spiritualiter
333 1894 638 1931 despicere,spiritalis
648 1898 692 1924 est
703 1896 954 1932 generatio,quam

135 1939 185 1975 qui
201 1943 377 1967 consecutus
393 1947 449 1966 non
466 1941 520 1972 est,
537 1948 630 1968 caicus
645 1942 690 1968 est
711 1942 740 1968 et
764 1948 853 1968 manu
878 1940 954 1968 viam

134 1986 227 2013 tentet
242 1983 273 2011 in
288 1984 421 2011 veritatis
437 1983 558 2020 fulgore.
575 1984 707 2019 Spectate
723 1987 831 2019 autem,
848 1985 955 2020 inquit,

136 2028 366 2064 dispensationis
383 2028 524 2056 rationem
542 2030 572 2056 in
586 2029 742 2057 diademate
765 2037 817 2065 quo
842 2037 956 2057 corona-

134 2074 173 2101 vit
188 2081 250 2101 eum
264 2077 353 2100 mater
367 2081 417 2100 sua
433 2074 462 2100 in
476 2073 520 2101 die
542 2073 758 2108 desponsationis
782 2075 868 2109 ipsius
892 2082 902 2101 :
926 2074 956 2101 in

135 2117 238 2153 spinea
255 2117 394 2145 nimirum
412 2126 618 2154 corona,quam
634 2117 742 2146 Christi
757 2117 846 2153 capiti
863 2118 957 2153 impo-

137 2161 373 2190 suitJudssorum
386 2170 581 2198 synagoga,ex
592 2170 650 2198 qua
660 2162 722 2198 ipse
735 2165 780 2190 est
794 2163 956 2190 secundum

138 2214 266 2238 carnem,
283 2206 312 2234 in
329 2206 375 2234 die
390 2206 547 2234 salutiferae
564 2207 666 2235 mortis
681 2207 756 2242 ejus,
772 2207 800 2234 in
818 2215 876 2243 qua
890 2215 959 2243 pro-

139 2252 203 2287 prio
220 2252 361 2287 sanguine
386 2251 543 2279 Ecclesiam
570 2251 625 2279 sibi
649 2252 843 2287 desponsavit.
871 2253 902 2280 Et
928 2253 959 2279 in

139 2296 183 2323 die
198 2296 306 2325 laetitia
320 2295 406 2324 cordis
420 2297 480 2332 ejus
497 2305 503 2324 :
521 2304 580 2332 qua
595 2296 714 2332 quidem
730 2296 886 2324 salutarem
906 2305 958 2332 pro

142 2341 226 2369 nobis
243 2344 366 2369 mortem
383 2343 535 2377 oppetens,
560 2349 613 2368 nos
638 2341 674 2369 ab
698 2341 792 2369 hostis
819 2341 959 2369 servitute

140 2385 272 2413 liberavit
289 2394 295 2413 :
312 2388 400 2420 atque
415 2386 455 2413 ita
468 2385 561 2413 Patris
577 2386 782 2421 obtemperans
805 2385 958 2420 voluntati,

137 2429 252 2457 laetatus
267 2429 441 2465 estspiritu,
457 2429 526 2457 licet
549 2430 645 2457 carnis
669 2430 848 2458 cruciatibus
874 2438 958 2458 vexa-

137 2475 226 2501 retur.
243 2473 294 2501 His
310 2481 417 2509 sponsa
433 2473 594 2509 discipulas
608 2477 654 2502 est
670 2474 806 2509 allocuta,
832 2474 959 2511 diligens

134 2518 163 2546 id
181 2518 258 2553 quod
275 2518 471 2545 demonstrari
487 2526 544 2546 non
561 2521 666 2555 potest,
682 2522 711 2547 et
726 2520 885 2548 humanam
902 2519 960 2555 glo-

138 2563 210 2591 riam
227 2562 353 2598 fugiens,
371 2562 561 2599 cupiensque,
576 2566 608 2591 ut
622 2572 764 2600 sponsum
780 2572 866 2592 suum
893 2566 958 2592 tan-

139 2607 291 2634 tummodo
307 2614 410 2634 omnes
426 2607 620 2636 admirentur.

1004 201 1087 238 μένην
1103 200 1222 238 ἀγάπην,
1234 200 1286 227 ἀπὸ
1302 202 1355 227 τῶν
1371 199 1497 235 κηρύκων
1526 199 1607 227 αὐτοῦ
1633 199 1826 228 άποστολικῶν

1002 248 1098 284 ψυχῶν
1125 246 1163 282 (αἱ
1191 245 1235 272 καὶ
1265 245 1406 282 θυγατέρες
1434 244 1615 282 Ίερουσαλήμ
1644 244 1802 280 ἐκλήθησαν
1821 266 1828 278 ,

1003 291 1039 321 ὡς
1069 289 1207 324 ἐκταύτης
1232 290 1264 316 τὸ
1293 289 1360 316 κατὰ
1389 290 1474 326 σάρκα
1498 289 1693 326 τυγχάνουσαι)
1708 289 1828 327 ἀρξάμε-

1002 344 1058 365 νος·
1090 335 1126 365 ὡς
1155 334 1270 371 πρώτων
1291 336 1345 361 τῶν
1362 333 1522 361 ἀποστόλων
1539 333 1606 361 κατᾶ
1626 334 1742 370 μίμησιν
1759 334 1828 372 Χρι-

1002 381 1066 406 στοῦ
1093 379 1140 410 τὰς
1167 379 1268 406 ἑαυτῶν
1299 379 1388 416 ψυχὰς
1417 379 1563 414 τιθεμένων
1595 378 1662 415 ὑπὶρ
1692 381 1743 411 τῆς
1771 380 1829 405 τῶν

1002 423 1116 451 πολλῶν
1144 423 1292 460 σωτηρίας·
1310 423 1449 450 κάντεῦθεν
1464 423 1498 450 τὰ
1512 422 1596 458 ὅμοια
1610 424 1736 457 πράττειν
1751 423 1828 461 ἰγκεο

1003 467 1156 505 λευομὲνων
1170 471 1229 499 τοῖς
1257 467 1408 507 ἰφιεμὲνοις
1432 471 1481 502 τῆς
1511 467 1538 494 ἐν
1564 470 1673 504 Χριστῷ
1687 466 1829 503 τελειότηη

1002 524 1060 544 τος.
1077 513 1122 540 Διό
1139 523 1219 550 φησιν
1234 513 1247 539 ὁ
1265 512 1348 549 μέγας
1373 510 1554 543 Ἀπόστολος”
1568 511 1691 548 Μιμηταί
1709 523 1762 548 μου
1784 512 1828 550 γί-

1002 559 1089 593 νεσθε,
1105 558 1193 589 καθὼς
1208 557 1283 594 κάγὼ
1296 557 1422 595 Χριστοῦ.

1351 600 1475 630 Ψελλοῖλ

1003 647 1069 676 Εἶτα
1081 647 1261 684 προτρέπεται
1284 648 1385 684 ψυχαῖς
1401 646 1517 677 άπάσαις
1529 649 1582 674 τῶν
1598 646 1747 682 ἀνθρώπων

1003 691 1170 727 Ὑπεξελθεῖν
1187 694 1240 719 τῶν
1256 694 1397 728 κοσμικῶν
1414 690 1570 719 σκανδάλων
1587 691 1632 718 καὶ
1648 689 1784 729 θορύϐων,

1003 736 1055 764 Καὶ
1070 737 1114 764 τὸν
1131 736 1247 774 νυμφίον
1263 735 1382 763 κατιδεῖν
1399 735 1491 767 αὐταῖς
1503 735 1702 772 συνηνωμένον.

1004 780 1077 816 Φησὶ
1092 781 1141 818 γὰρ
1159 781 1230 808 οὕτω
1246 781 1313 818 πρὸς
1329 780 1410 811 αὐτάς
1428 781 1471 819 ὑφ’
1486 779 1588 815 ἡδονὴ(
1601 781 1618 814 ἡ
1633 781 1738 819 νύμφη⁶

1004 823 1141 860 Ἐξέλθετε
1153 823 1197 852 καί
1210 823 1292 858 ἴδετε,
1310 825 1331 851 ὦ
1352 824 1497 862 θυγατέρες
1511 828 1560 859 τῆς
1586 825 1669 859 Σιὼν,
1686 825 1781 864 φησὶν,
1809 826 1829 859 ἡ

1613 870 1716 910 [νύμφη
1733 870 1833 906 πάλιν,

1005 915 1130 953 Ἐπείπερ
1147 914 1231 953 ἔγωγε
1246 915 1276 943 τὸ
1291 915 1354 952 πρὶν
1371 915 1437 942 οὖσα
1455 914 1640 952 μεμισημένη,
1656 909 1658 911 ’

1004 961 1103 1000 Γὲγονα
1117 963 1163 988 νῦν
1178 960 1357 998 τερπνότατον
1374 963 1483 999 φορεῖον
1496 962 1544 987 τοῦ
1559 960 1689 1000 νυμφίου.

1005 1005 1081 1034 Θέλω
1097 1005 1141 1033 καὶ
1157 1005 1242 1037 πάσας
1257 1004 1381 1044 ἐκφυγεῖν
1399 1006 1467 1042 ὑμᾶς
1481 1005 1535 1033 ἀπὸ
1548 1007 1597 1033 τοῦ
1615 1005 1684 1043 βίου,

1004 1051 1052 1078 Καὶ
1068 1053 1197 1086 καθαροῖς
1212 1049 1237 1077 ἰν
1252 1048 1359 1086 ὄμμασι
1374 1047 1557 1088 προσϐλέπειν
1572 1049 1618 1078 τὸν
1632 1050 1749 1088 νυμφίον

1005 1095 1195 1131 Περικείμενον
1211 1095 1336 1134 στέφανον
1353 1093 1383 1122 ἐκ
1398 1094 1481 1123 λίθων
1498 1092 1664 1131 σεϐασμίων,

1004 1140 1048 1167 Ἐν
1064 1140 1138 1177 ᾧπερ
1154 1139 1332 1178 ἐστεφάνωσεν
1348 1139 1427 1166 αὐτὸν
1444 1140 1462 1174 ἡ
1480 1141 1574 1177 μήτηρ
1587 1139 1697 1175 τούτου,

1005 1184 1132 1220 Σήμερον
1153 1183 1371 1220 μνηστευόμενον
1388 1182 1436 1220 ἰμὶ
1449 1183 1500 1217 τὴν
1515 1183 1691 1219 Ἐκκλησίαν.

1004 1228 1106 1265 Μήτηρ
1124 1226 1152 1255 δὲ
1166 1227 1264 1255 τούτου
1279 1228 1395 1266 πέφυκεν
1410 1229 1428 1262 ἡ
1444 1229 1495 1255 τοῦ
1510 1229 1613 1265 ΙΙατρὸς
1626 1228 1730 1266 ἀγάπη.

1297 1274 1354 1300 Τῶν
1370 1273 1395 1309 γ’
1409 1272 1545 1310 Πατὲρων.

1040 1317 1116 1344 Ἐπεὶ
1140 1315 1168 1343 δὲ
1195 1316 1243 1348 τὰς
1273 1317 1493 1353 μαθητευομὲνας
1520 1317 1537 1351 ἡ
1568 1315 1731 1348 διδάσκαλος
1762 1315 1834 1344 εἶδεν

1005 1360 1230 1399 διαπορουμινας,
1259 1361 1302 1388 καὶ
1333 1358 1455 1397 θάμϐους
1484 1359 1692 1398 πληρουμένας,
1730 1360 1835 1388 καὶτὰ

1005 1406 1063 1433 κατ’
1079 1405 1162 1440 αὐτὴν
1175 1405 1366 1443 ἐξηγουμένοις,
1384 1405 1410 1433 ὲν
1427 1408 1466 1442 τῷ
1485 1406 1595 1444 νυμφίῳ
1619 1407 1738 1444 Χριστῷ,
1766 1405 1834 1443 βού-

1007 1450 1082 1478 λεται
1098 1450 1195 1478 λοιπὸν
1212 1450 1292 1481 αὐτὰς
1309 1451 1445 1487 θεωρῆσαι
1472 1450 1518 1478 τὸν
1544 1451 1644 1488 τρόπον
1663 1453 1714 1484 τῆς
1739 1460 1836 1485 σωτη-

1007 1494 1065 1533 ρίας
1088 1496 1180 1531 ἡμῶν,
1209 1494 1254 1522 καὶ
1281 1494 1361 1530 ἀξίως
1391 1494 1527 1532 ἀπορῆσαι
1556 1505 1586 1522 τε
1609 1494 1654 1522 καὶ
1684 1494 1835 1531 θαυμάσαι,

1007 1537 1082 1571 ὅπως
1095 1539 1175 1570 αὐτὸς
1196 1539 1222 1567 ἐν
1247 1542 1306 1570 τοῖς
1328 1539 1475 1577 σωτηρίοις
1502 1539 1585 1566 αὐτοῦ
1614 1541 1758 1576 παθήμασι
1787 1539 1833 1566 καὶ

1006 1586 1046 1620 τῷ
1072 1584 1177 1620 θανάτῳ
1188 1584 1237 1618 τὴν
1255 1583 1382 1615 ἀπάθειαν
1406 1584 1450 1611 καὶ
1466 1584 1516 1617 τήν
1534 1585 1606 1618 ζωὴν
1635 1584 1703 1619 ἡμῖν
1728 1582 1837 1621 ᾶδωρή-

1008 1639 1084 1656 σατο.
1110 1628 1156 1655 Διό
1172 1639 1264 1666 φησιν·
1282 1627 1418 1663 Ἑξέλθετε
1432 1628 1476 1655 καὶ
1489 1627 1573 1662 ἴδετε,
1590 1628 1731 1666 θυγατέρες
1759 1628 1836 1655 Σιὼν

1008 1672 1034 1700 ἐν
1060 1675 1100 1708 τῷ
1117 1672 1225 1710 βασιλεῖ
1246 1672 1393 1708 Σολομῶν·
1423 1671 1519 1710 ἤγουν,
1535 1673 1712 1710 κατακείψατε
1724 1672 1757 1700 τὸ
1771 1675 1833 1703 τοῖς

1006 1719 1064 1745 κατ’
1081 1717 1129 1753 ἐμὲ
1145 1718 1195 1752 τὴν
1211 1716 1312 1752 δούλην
1328 1716 1505 1754 ἀσχολεῖσθαι
1521 1717 1566 1744 τὸν
1582 1719 1656 1753 νοῦν,
1681 1717 1725 1744 καὶ
1750 1716 1776 1744 ἐν
1793 1719 1836 1753 τῷ

1009 1761 1137 1800 εἰρηνικῷ
1168 1760 1284 1799 δεσπότῃ
1311 1761 1446 1796 θεάσασθε,
1477 1761 1553 1793 ὅπως
1579 1763 1647 1798 ἡμῖν
1674 1762 1752 1793 οὗτος
1780 1762 1833 1796 τὴν

1009 1806 1144 1843 σωτηρίαν
1181 1806 1442 1843 ἐπραγματεύσατο,
1486 1806 1573 1834 Τέκνα
1615 1806 1833 1844 σκοπευτηρίου·

1009 1851 1046 1883 ὡς
1070 1853 1224 1888 γενηθεῖσαι
1245 1852 1430 1886 πνευματικῶς
1457 1849 1500 1877 διὰ
1527 1850 1653 1882 πίστεως.
1683 1850 1754 1878 Σιὼν
1780 1851 1834 1889 γὰρ

1009 1896 1204 1931 σκοπευτήριον
1235 1894 1428 1932 ἑρμηνεύεται.
1460 1896 1662 1933 Σκοπευτήριον
1691 1893 1720 1922 δὲ
1746 1894 1772 1930 ἐξ
1803 1895 1836 1923 οὗ

1010 1939 1120 1968 δύναταί
1134 1950 1175 1971 τις
1200 1939 1267 1967 κατὰ
1281 1941 1343 1967 νοῦν
1369 1940 1433 1977 ὁρᾷν
1450 1937 1581 1977 ἀκριϐῶς,
1614 1941 1632 1974 ἡ
1659 1941 1835 1976 πνευματική

1010 1985 1064 2012 ἐστι
1080 1984 1214 2022 γέννησις,
1244 1984 1278 2019 ἦς
1295 1984 1309 2011 ὁ
1327 1984 1364 2020 μὴ
1393 1984 1484 2021 τυχὼν
1512 1983 1616 2022 τυφλός
1636 1984 1704 2018 ἐστι,
1721 1985 1838 2020 μυωπά-

1012 2032 1064 2064 ζων
1086 2028 1148 2066 περὶ
1163 2028 1209 2059 τὰς
1223 2031 1273 2063 τῆς
1294 2027 1422 2063 ἀληθείας
1446 2027 1541 2065 αὐγάς.
1572 2028 1707 2056 Θεάσασθε
1735 2027 1764 2055 δὲ
1787 2029 1838 2056 τὸν

1012 2074 1179 2113 εἰρημένον,
1206 2073 1292 2112 φησὶ,
1318 2077 1369 2106 τῆς
1397 2072 1554 2109 οἶκονομίας
1583 2073 1685 2110 τρόπον
1703 2095 1710 2108 ,
1742 2073 1767 2101 ἓν
1796 2075 1839 2109 τῷ

1012 2118 1133 2157 στεφάνῳ
1165 2119 1188 2154 ᾧ
1227 2118 1408 2156 ἐστεφάνωσεν
1449 2117 1528 2145 αὐτὸν
1559 2119 1577 2152 ἡ
1617 2119 1710 2156 μήτηρ
1739 2118 1838 2153 αὐτοῦ,

1012 2163 1038 2191 ἐν
1055 2163 1146 2200 ἡμέρᾳ
1174 2162 1344 2201 νυμφεὺσεως
1371 2162 1464 2189 αὐτοῦ·
1483 2160 1612 2198 δηλονότι
1640 2161 1665 2189 ἐν
1686 2165 1725 2199 τῷ
1754 2162 1838 2190 ἀκαν-

973 2216 996 2248 D
1012 2207 1076 2244 θίνῳ
1103 2208 1244 2247 στεφάνῳ,
1270 2207 1292 2243 ᾦ
1322 2206 1487 2246 ἐστεφάνωσε
1513 2206 1558 2234 τὸν
1588 2207 1703 2245 Χριστὸν
1734 2209 1751 2242 ἡ
1779 2207 1836 2234 τῶν

1013 2250 1152 2280 Ἰουδαίων
1168 2251 1323 2288 συναγωγὴ,
1353 2250 1377 2287 ἐξ
1404 2251 1439 2285 ἧς
1469 2250 1547 2281 οὗτος
1561 2251 1592 2278 τὸ
1614 2252 1683 2278 κατὰ
1698 2251 1794 2287 σάρκα,
1810 2251 1840 2278 ἐν

1013 2296 1104 2334 ἡμέρα
1130 2298 1178 2323 τοῦ
1206 2295 1341 2331 σωτηρίου
1365 2295 1467 2327 πάθους
1480 2295 1561 2322 αὐτοῦ
1575 2294 1601 2322 ἐν
1626 2295 1644 2332 ᾖ
1658 2297 1698 2331 τῷ
1715 2293 1776 2333 ἰδίῳ
1791 2294 1838 2322 α’ί-

1015 2351 1079 2377 ματι
1107 2341 1157 2375 τὴν
1187 2339 1339 2375 Εκκλησίαν
1367 2339 1454 2375 ἑαυτῷ
1484 2338 1687 2378 ἐνυμφεύσατο.
1727 2340 1780 2367 Καὶ
1809 2339 1838 2367 ἐν

1013 2386 1104 2422 ἡμέρα
1133 2384 1303 2424 εὐφροσύνης
1331 2383 1442 2422 καρδίας
1470 2382 1563 2417 αὐτοῦ,
1591 2384 1651 2416 καθ’
1670 2384 1700 2418 ἣν
1725 2384 1840 2415 πάντως

1013 2429 1106 2457 παθὼν
1137 2429 1203 2466 ὑπὲρ
1233 2429 1314 2466 ἡμῶν
1342 2429 1374 2456 τὸ
1401 2429 1536 2466 σωτήριον
1567 2430 1653 2460 πάθος
1681 2427 1841 2465 ἀπήλλαξεν

1013 2476 1087 2511 ἡμᾶς
1110 2477 1160 2509 τῆς
1186 2475 1233 2500 τοῦ
1256 2473 1358 2510 ἰχθροῦ
1387 2471 1556 2510 τυραννίδος,
1585 2472 1630 2500 καὶ
1654 2472 1692 2503 ὡς
1719 2472 1840 2500 ἐντεῦθεν

1013 2518 1164 2556 πληρώσας
1177 2519 1209 2546 τὸ
1234 2520 1283 2546 τοῦ
1300 2517 1405 2555 Πατρὸς
1423 2516 1564 2555 βούλημα,
1591 2516 1732 2555 ηὓφράνθη
1756 2518 1841 2544 πνεύ-

1015 2574 1090 2600 ματι,
1108 2563 1129 2590 εἰ
1145 2563 1190 2590 καὶ
1205 2565 1264 2594 τοῖς
1279 2563 1420 2599 παθήμασι
1436 2561 1564 2597 ὠδυνήθη
1590 2561 1678 2598 σαρκί.
1703 2562 1795 2590 Ταῦτα
1821 2563 1840 2598 ἡ

1013 2607 1105 2647 νύμφη
1137 2608 1204 2644 πρὸς
1231 2607 1279 2639 τὰς
1308 2607 1528 2643 μαθητευομὲνας
1559 2607 1677 2642 εἲρηκεν,
1706 2606 1841 2643 ἀγαπῶσα

138 2651 168 2678 τὸ
184 2649 379 2686 ἀνεπίδεικτον,
394 2651 439 2679 καὶ
454 2652 503 2686 τήν
519 2653 582 2690 παρ’
597 2652 734 2690 ἀνθρώπῳ
749 2651 884 2691 φεύγουσα
899 2651 988 2688 δόξαν,
1003 2652 1048 2680 καὶ
1066 2651 1222 2690 βουλομένη
1241 2651 1320 2688 μόνον
1336 2651 1382 2678 τὸν
1397 2651 1495 2686 ἑαυτῆς
1510 2650 1627 2690 νυμφίον
1642 2650 1715 2688 παρὰ
1728 2650 1838 2679 πάντων

138 2695 332 2733 θαυμάζεσθαι.

172 2760 192 2778 ἰ
210 2761 223 2786 Ι
236 2760 300 2788 Cor.
315 2767 354 2794 ιι,
371 2760 396 2788 1.
