1949 3055
158 96 213 125 611

826 95 1037 125 MlCllAELIS
1059 95 1196 126 PSELLI

1807 96 1868 125 612

155 163 270 189 cuntur.
286 161 365 190 Sicut
387 161 529 198 funiculus
550 162 691 190 caecimus
717 161 791 189 labia
815 165 872 197 tua,
888 163 913 189 et
926 161 972 189 elo‘

1049 164 1081 191 Ως
1096 160 1140 188 καὶ
1165 161 1257 198 ψυχῆς
1284 160 1328 188 καὶ
1357 161 1486 197 σώματος
1513 159 1604 191 καλῶς
1630 161 1868 198 καθηγνισμένους

154 207 251 242 quium
276 210 355 234 tuum
376 207 516 235 decorum.
532 207 649 243 Sponsae
675 206 754 234 labia
778 214 881 234 rursus
905 214 985 234 com-

157 251 287 279 mendat.
308 253 348 278 Tu
375 259 442 280 vero
471 259 522 287 per
551 251 728 286 funiculum,
754 251 864 279 silentii
888 251 984 278 dotem

157 295 258 331 accipe
282 305 288 323 ε
318 304 371 331 per
397 296 549 332 eloquium
575 304 642 324 vero
671 296 824 330 decorum,
854 295 983 323 divinam

158 340 406 376 praadicationem.
422 341 497 368 Tum
524 340 620 376 gratia
634 340 845 368 taciturnitatis
867 340 920 372 sic,
937 340 984 367 in-

157 384 233 420 quit,
245 384 374 419 excellis,
387 386 420 412 ut
435 384 509 411 nihil
526 384 720 420 superﬂuum,
734 383 809 412 nihil
823 384 985 412 absurdum

155 428 268 456 excidat
283 437 299 456 e
313 428 401 456 labiis
424 428 494 457 tuis.
511 429 540 456 Si
558 429 628 465 quid
655 429 734 456 enim
760 428 918 464 aliquando
942 428 985 456 vis

153 473 234 509 loqui
250 481 315 509 quae
338 473 373 501 ad
398 473 463 500 ﬁdei
480 472 746 509 promulgationem
763 473 986 508 doctrinamque

155 517 317 553 pertinent,
351 517 492 553 loqueris.
521 518 587 545 Ecce
613 517 731 553 pulchra
760 525 798 552 es,
826 518 984 554 propinqua

153 570 227 596 mea,
243 570 301 590 ecce
323 562 444 598 pulchra
467 570 504 589 es.
522 561 675 590 Geminam
703 562 750 589 hic
775 570 892 598 quoque
915 570 983 597 pro-

153 607 220 635 tulit
251 606 370 635 Iaudem
399 606 639 643 pulchritudinis.
666 606 757 634 Genis
783 607 862 634 enim
885 606 983 634 vultus

154 652 219 687 ejus
234 660 250 679 a
266 659 414 687 purpureo
431 651 581 679 modestiae
597 651 702 679 decore
716 651 903 686 collaudatis,
919 652 984 679 ani-

154 705 210 725 mae
237 705 355 733 quoque
385 697 573 724 commendat
596 696 858 732 pulchritudinem,
878 698 916 725 Ut
939 699 983 725 ta-

153 749 244 776 ceam,
270 741 420 776 inquiens,
447 741 558 769 silentii
583 741 672 769 decus
698 741 804 769 animm
830 744 897 769 tuae.
918 741 983 769 Haec

153 786 231 814 enim
251 785 434 814 extrinsecus
450 786 570 821 quidem
589 786 758 820 jucundum
781 785 984 822 spectaculum

153 830 293 884 prmbent,
310 830 389 859 intus
412 833 510 859 autem
528 830 728 866 praestantiam
756 830 907 859 continent
921 830 982 859 sin-
998 851 1021 884 Β

153 874 299 911 gularem.

188 963 276 992 Come
295 965 350 991 tua;
373 964 444 991 sicut
467 971 561 999 greges
584 972 744 999 caprarum,
769 972 828 999 qum
851 965 980 992 rcvclalae

149 1012 213 1036 sunt
228 1016 262 1036 ex:
277 1007 394 1036 Galaad.

446 1062 539 1089 Trium
558 1062 685 1090 Patrum.

184 1114 382 1150 Cogitationes
411 1115 524 1143 scilicet
552 1117 625 1148 tuas,
655 1123 718 1151 qua:
748 1115 783 1142 ad
814 1115 979 1150 actionem;

149 1159 259 1195 quique
279 1159 308 1186 in
333 1159 440 1195 spiritu
465 1160 501 1187 ad
526 1159 806 1195 contemplationem
832 1159 979 1195 pertinent

148 1211 311 1238 sermones,
327 1206 356 1232 et
380 1212 479 1231 rerum
506 1204 675 1232 divinarum
692 1211 755 1240 qum
780 1203 977 1239 cognitionem

151 1250 303 1284 superant,
320 1248 420 1276 studia
435 1256 469 1276 ex
484 1250 583 1276 mente
599 1251 650 1276 tua
662 1248 706 1284 (ut
721 1256 755 1276 ex
769 1247 863 1284 capite
876 1248 978 1283 comas)

149 1292 319 1329 spiritaliter
343 1293 443 1321 omnia
469 1295 657 1321 nascuntur:
683 1296 712 1320 et
735 1293 771 1320 ad
798 1301 832 1320 ea
857 1301 922 1328 qua
946 1293 976 1320 in

150 1345 236 1365 carne
253 1338 421 1373 mundoque
444 1340 524 1371 sunt,
540 1346 629 1365 sensu
655 1340 764 1371 carent,
782 1337 823 1364 uti
839 1337 976 1365 florentes

149 1390 305 1418 caprarum
321 1382 382 1418 pili,
399 1391 462 1418 quae
479 1382 610 1410 revelata:
627 1384 696 1410 sunt
711 1390 745 1410 ex
760 1384 859 1409 monte
874 1381 975 1410 invisi-

145 1426 197 1454 bili
208 1426 317 1454 Galaad
330 1435 336 1461 ;
350 1435 413 1462 quae
429 1427 570 1454 nimirum
585 1429 699 1454 retecta:
715 1428 785 1454 sunt
798 1434 832 1453 ex
846 1426 975 1454 tenebris

145 1470 264 1498 malitiae
279 1473 308 1499 et
324 1471 496 1507 ignorantiae
521 1473 550 1499 et
571 1471 744 1506 impietatis,
761 1479 795 1498 ex
811 1471 919 1506 quibus
935 1470 972 1498 ad

144 1515 296 1543 veritatem
312 1518 340 1543 et
355 1515 508 1543 scientiam
525 1517 553 1542 et
568 1515 705 1551 pietatem
723 1514 808 1550 quasi
824 1515 971 1550 demigra-

142 1561 222 1592 runt,
241 1567 291 1594 per
305 1559 495 1595 Evangelium
511 1560 589 1595 quod
615 1558 750 1587 fidelibus
774 1559 906 1587 futurum
920 1560 968 1595 ju-

141 1603 252 1631 dicium
283 1605 450 1632 attestatur.
467 1604 576 1631 Galaad
604 1603 683 1631 enim
708 1603 732 1631 si
758 1603 970 1639 interpreteris,

142 1647 305 1675 testimonii
321 1648 470 1684 signiﬁcat
488 1648 704 1684 migrationem.

177 1692 273 1720 Dente:
287 1693 329 1720 tui
343 1694 414 1720 sicut
427 1700 522 1728 greges
542 1696 693 1726 tantarum,
711 1701 770 1728 qua
792 1693 972 1725 ascenderunt

141 1735 174 1764 de
189 1736 301 1770 Galaad,
317 1744 412 1765 omne:
432 1737 556 1773 gemellis
573 1738 686 1773 fetibus,
702 1742 729 1765 et
742 1738 848 1766 sterilis
861 1746 917 1766 non
932 1741 974 1766 est

143 1781 215 1808 inter
228 1789 284 1808 cas.

178 1825 383 1854 Meditationes
399 1827 455 1854 tua:
472 1826 581 1862 quibus
597 1829 739 1863 tanquam
755 1827 893 1855 dentibus
908 1827 972 1863 qui-

142 1870 268 1898 busdam
298 1879 438 1907 corporea
466 1871 541 1907 legis
564 1873 627 1899 tum
654 1872 769 1908 scriptas
793 1873 857 1900 tum
882 1874 969 1900 natu-

139 1914 211 1942 ralis
239 1915 404 1943 crassitudo
430 1916 461 1943 in
484 1924 569 1944 veros
597 1924 704 1944 sensus
733 1919 919 1950 extenuatur,
942 1918 970 1944 et

139 1959 175 1987 ad
205 1967 289 1987 esum
318 1959 483 1995 spiritalem
512 1961 617 1988 idonea
649 1961 791 1993 redditur,
813 1968 967 1996 caprarum

138 2006 292 2031 tonsarum
308 2003 413 2037 instar,
432 2004 515 2032 falsis
537 2004 677 2032 omnibus
701 2005 890 2040 opinionibus
904 2013 969 2032 am-

140 2048 252 2083 putatis
277 2048 463 2083 rejectisque.
479 2048 558 2076 circa
571 2049 723 2076 veritatem
745 2048 838 2076 solam
862 2049 969 2077 immo-

139 2093 244 2119 rantur
260 2101 266 2119 :
283 2095 311 2120 et
333 2092 418 2128 quasi
444 2092 558 2120 lavacro
575 2096 716 2128 purgatae,
732 2101 749 2120 a
763 2093 886 2120 terrenis
902 2093 967 2121 istis

141 2137 230 2171 atque
245 2136 414 2164 carnalibus
436 2136 580 2165 sublimes
596 2137 631 2164 ad
648 2137 791 2172 spiritalia
808 2139 895 2172 atque
910 2145 966 2165 cc:-

139 2179 225 2208 lestia
253 2181 496 2209 conscenderunt.
514 2181 682 2216 Omnesque
705 2189 757 2217 per
781 2181 966 2217 supradictas

1039 205 1082 236 Ὠς
1119 205 1247 243 σπαρτίον
1281 205 1404 233 κόκκινον
1448 204 1531 243 χείλη
1562 215 1622 239 σου,
1650 205 1694 233 καὶ
1726 207 1744 240 ἡ
1782 204 1868 233 λαλιά

1657 251 1715 287 [σου
1731 250 1829 287 ὡραία.

1039 294 1082 322 Ἐν
1096 294 1204 325 τούτοις
1218 294 1301 322 πάλιν
1318 294 1422 322 ἐπαινεῖ
1435 294 1469 322 τὰ
1483 293 1566 332 χείλη
1585 294 1632 331 μὲν
1647 298 1698 329 τῆς
1707 294 1830 334 νύμφης.

1040 338 1077 365 Σὺ
1094 337 1122 366 δὲ
1138 339 1267 376 σπαρτίον
1281 339 1395 377 γίνωσκε
1404 343 1454 374 τῆς
1471 339 1633 374 σιωπήσεως
1647 339 1677 366 τὸ
1698 339 1792 376 μέρος,

1038 384 1090 417 Τὴν
1108 381 1131 410 δ’
1146 383 1178 410 αὖ
1193 383 1293 419 ὡραίαν
1311 383 1409 411 λαλιὰν
1423 384 1453 410 τὸ
1469 384 1599 421 κήρυγμα
1617 383 1648 411 τὸ
1664 385 1748 412 θεῖον.

1040 428 1111 462 Φησὶ
1127 438 1189 466 γαρ·
1204 428 1241 455 Σὺ
1256 429 1439 465 κατώρθωσας
1453 430 1503 460 τῆς
1520 431 1627 463 σιωπῆς
1639 428 1689 463 τὴν
1704 429 1798 466 χάριν,

1039 470 1129 506 Μηδὲν
1143 471 1265 499 λαλοῦσα
1279 473 1418 510 περιττὸν,
1435 471 1507 509 μηδὲ
1519 471 1740 509 πεπλανημένον

1039 516 1071 544 Εἰ
1086 516 1136 554 γὰρ
1148 516 1270 552 θελήσεις
1286 516 1398 544 πώποτε
1414 516 1534 552 λαλῆσαι
1550 517 1593 544 καὶ
1608 520 1744 556 φωνῆσαι,

1038 561 1073 588 Τὸ
1089 561 1216 599 κήρυγμα
1231 564 1282 596 τῆς
1296 561 1411 592 πίστεως
1426 561 1569 598 κηρύττεις
1584 562 1627 588 καὶ
1646 560 1793 592 διδάσκεις.

1039 603 1109 633 Ἰδοὺ
1124 605 1148 632 εἴ
1158 604 1241 642 καλὴ,
1257 607 1274 640 ἡ
1291 605 1411 641 πλησίον
1429 616 1493 642 μου,
1506 604 1565 633 ἰδοὺ
1582 605 1609 633 εἶ’
1620 605 1703 641 καλή.

1038 648 1156 676 Διπλοῦν
1172 650 1308 677 mina-361
1328 648 1428 678 δέδωκε
1443 650 1490 677 τὸν
1504 649 1612 678 ἔπαινον
1634 652 1684 677 τοῦ
1697 649 1829 684 κάλλους,

1037 694 1072 721 Τὸ
1086 696 1134 721 τοῦ
1149 695 1299 732 προσώπου
1315 695 1365 732 γὰρ
1384 695 1467 729 αὐτῆς
1488 697 1534 722 νῦν
1551 694 1690 726 ἐπαινέσας
1708 695 1811 732 μῆλον,

1037 739 1080 769 Ὠς
1092 738 1197 776 πλῆρες
1214 739 1385 776 ἐρυθήματος
1400 739 1445 766 καὶ
1468 739 1645 778 σωφροσύνης
1660 740 1756 778 γέμον,

1038 783 1168 820 Ἐπῄνεσε
1183 784 1225 811 καὶ
1243 788 1292 818 τῆς
1309 786 1402 821 ψυχῆς
1417 785 1448 811 τὸ
1464 783 1579 818 κάλλος,
1597 783 1684 822 λέγων
1701 784 1801 816 οὕτως·

1037 828 1128 858 Ἐκτὸς
1144 832 1193 863 τῆς
1208 830 1369 864 σιωπήσεως
1384 830 1432 856 τοῦ
1447 827 1567 859 κάλλους
1580 832 1629 863 τῆς
1646 830 1738 866 ψυχῆς
1754 839 1815 858 σου.

1036 875 1122 899 Ταῦτα
1139 873 1188 909 μὲν
1204 871 1249 899 οὖν
1266 872 1400 909 ἐρωτικὴν
1416 872 1511 907 ἔξωθεν
1529 871 1586 910 ἔχει
1603 873 1676 907 οέαν,

1036 915 1113 945 Ἀλλ’
1129 916 1204 944 ἔνδον
1223 917 1441 955 μεγαλοπρεπεῖς
1455 917 1503 948 τὰς
1520 915 1662 949 ἀναϐάσεις
1684 917 1754 956 ἔχει.

1069 961 1263 999 Τρίχωμάσου,
1292 961 1330 992 ὡς
1358 960 1455 999 ἀγέλαι
1480 964 1535 989 τῶν
1572 962 1671 1000 αἰγῶν,
1699 962 1726 989 αἳ
1764 962 1865 990 ἀπεκα-

1034 1005 1173 1044 λύφθησαν
1191 1005 1243 1033 ἆπό
1257 1008 1306 1033 τοῦ
1322 1005 1441 1035 Γαλαὰδ,

1317 1061 1377 1088 Τῶν
1393 1061 1416 1097 γ’
1435 1060 1521 1097 Πατέρ
1526 1070 1572 1088 ων.

1070 1113 1198 1148 Ἤτοι,οὶ
1213 1113 1358 1150 πρακτικοί
1384 1123 1432 1140 σου
1461 1112 1606 1151 λογισμοὶ,
1622 1113 1666 1141 καὶ
1698 1114 1724 1141 οἱ
1754 1119 1863 1152 θεωρη-

1031 1156 1105 1185 τικαί
1134 1157 1159 1184 ἐν
1188 1157 1320 1194 πνεύματι
1348 1155 1495 1195 λόγοι,καί
1524 1158 1681 1196 θεολογικαί
1709 1161 1764 1186 τῶν
1795 1159 1862 1197 ὑπὲρ

1032 1202 1126 1236 νόησιν
1142 1202 1289 1239 ἀγνώστων
1305 1201 1448 1240 δογμάτων
1470 1201 1610 1237 ἐπιϐολαὶ,
1627 1203 1730 1231 ἅπαντα
1759 1203 1789 1231 ἐκ
1812 1206 1862 1231 τοῦ

1033 1247 1094 1277 νοός
1118 1257 1166 1273 σου
1183 1246 1285 1283 (οἵαδή
1314 1247 1437 1285 κεφαλῆς
1466 1248 1597 1283 κομώσης
1620 1248 1690 1285 θρὶξ)
1718 1258 1864 1284 πνευματι-

1031 1293 1086 1322 κῶς
1102 1291 1223 1327 φύονται·
1241 1291 1285 1318 κπὶ
1305 1291 1372 1326 πρὸς
1386 1292 1420 1318 τὰ
1435 1291 1460 1319 ἐν
1487 1291 1565 1329 σαρκὶ
1587 1292 1632 1319 καὶ
1660 1292 1756 1328 κόσμῳ
1784 1292 1861 1320 ἀναι-

1031 1336 1159 1370 σθητυῦσι
1185 1334 1263 1370 δίκην
1280 1335 1413 1367 εὐθαλοῦς
1428 1336 1606 1373 τριχώματος
1635 1336 1732 1374 αἰγῶν,
1749 1337 1857 1364 ἀποκα-

1030 1379 1210 1416 λυπτομένων
1238 1380 1263 1416 ἐξ
1293 1379 1373 1418 ὄρους
1398 1380 1521 1407 ἀπόπτου
1538 1379 1644 1408 Γαλαὰδ
1668 1380 1858 1418 καλουμένου,

1029 1425 1072 1452 καὶ
1102 1424 1349 1462 ἀποκεκαλυμμένα
1376 1424 1442 1452 εἰσὶν
1469 1425 1521 1452 ἀπὸ
1551 1425 1664 1456 σκότους
1688 1425 1782 1457 κακίας
1809 1426 1856 1453 καὶ

1027 1469 1137 1506 ἀγνοίας
1160 1469 1205 1496 καὶ
1229 1469 1329 1504 ἆοείας,
1355 1469 1392 1501 ὠς
1417 1469 1447 1497 ἐκ
1474 1470 1576 1497 τούτων
1608 1470 1646 1501 εἷς
1680 1470 1778 1508 ἀρετὴν
1804 1474 1856 1498 καὶ

1027 1516 1125 1550 γνῶσιν
1168 1514 1213 1541 καὶ
1253 1511 1404 1541 Θεοσὲϐειαν
1445 1515 1649 1550 μετοικισθέντα
1691 1515 1763 1552 παρὰ
1802 1517 1855 1542 τοῦ

1027 1558 1249 1595 μαρτυρουμένοο
1268 1561 1326 1589 τοῖς
1342 1561 1448 1589 πιστοῖς
1463 1558 1496 1586 τὰ
1513 1558 1651 1594 μέλλοντα
1674 1557 1857 1596 δικαιωτήρια

1024 1602 1201 1640 Εὐαγγελίου,
1215 1603 1280 1640 ὅπερ
1297 1601 1380 1638 δηλοῖ
1403 1603 1434 1630 τὸ
1450 1602 1569 1638 Γαλαὰδ,
1595 1604 1724 1640 μετοίκία
1751 1614 1856 1641 μαρτυ-

1025 1657 1039 1684 ρ
1046 1646 1084 1678 [ας
1100 1647 1232 1684 έρμηνευό
1238 1657 1328 1683 μενον.

1061 1690 1186 1722 Ὀδόντες
1222 1702 1270 1718 σου
1310 1691 1346 1722 ὠς

1025 1733 1157 1770 ἀνέϐησαν
1194 1735 1247 1762 ἀπὸ
1286 1738 1335 1763 τοῦ
1366 1736 1493 1774 λουτροῦ,
1523 1736 1550 1763 αἱ
1573 1739 1655 1763 πᾶσαι
1687 1735 1852 1774 823211.350»—

1385 1691 1481 1729 ἀγέλαι
1521 1694 1575 1718 τῶν
1608 1692 1792 1729 κεκαυμένων,
1829 1693 1859 1720 αἳ

1024 1791 1078 1815 σαι,
1094 1780 1138 1807 καὶ
1155 1780 1299 1807 ἀτεκνοῦσα
1315 1780 1364 1808 οὐκ
1379 1778 1449 1808 ἔστιν
1467 1780 1492 1808 ἒν
1510 1780 1614 1811 αὐταῖς.

1059 1825 1171 1862 ’¹Ηγουν,
1192 1825 1218 1852 αἱ
1253 1823 1405 1860 διανοήσεις
1433 1836 1492 1858 σου,
1524 1824 1558 1852 δι’
1582 1825 1619 1852 ὧν
1649 1826 1738 1862 ὥσπερ
1768 1827 1853 1854 τινῶν

1025 1868 1141 1896 ὀδόντων
1155 1869 1186 1897 τὸ
1202 1870 1357 1906 σωματικὸν
1374 1871 1464 1907 πάχος
1478 1872 1526 1897 τοῦ
1553 1873 1676 1907 γραπτοῦ
1699 1870 1785 1907 νόμου
1805 1872 1854 1899 καὶ

1022 1916 1072 1940 τοῦ
1087 1916 1201 1952 φυσικοῦ
1217 1914 1376 1941 λεπτύνεται
1392 1914 1430 1946 εἷς
1447 1914 1537 1950 ἀληθῆ
1555 1916 1691 1951 νοήματα,
1708 1915 1755 1943 καὶ
1781 1916 1854 1953 πρὸς

1026 1959 1126 1995 βρῶσιν
1156 1960 1341 1995 πνευματικὴν
1371 1958 1525 1994 ἐπιτήδειον
1555 1959 1666 1995 γίνεται,
1697 1958 1776 1994 δίκην
1806 1970 1855 1987 κε-

1023 2003 1164 2039 καρμὲνων
1180 2002 1286 2040 ἀγελῶν
1302 2007 1389 2030 πᾶσαν
1416 2001 1521 2030 ἔννοιαν
1546 2002 1632 2040 ψευδῆ
1657 2004 1853 2041 περιῄρηνται,

1023 2047 1084 2081 περὶ
1115 2048 1201 2082 μόνην
1228 2047 1472 2084 συναγελαζόμεναι
1500 2048 1549 2082 τὴν
1579 2048 1720 2083 ἀλήθειαν.
1745 2049 1779 2077 Αἲ
1805 2050 1860 2076 καὶ

1023 2089 1154 2125 ἀνέῧησαν
1173 2092 1321 2127 ὑψοιθεῖσαι
1344 2092 1412 2128 πρὸς
1438 2091 1472 2118 τὰ
1500 2092 1669 2128 πνευματικὰ
1697 2092 1742 2120 καὶ
1770 2092 1855 2129 οὖρά-

1022 2145 1067 2162 νια
1093 2134 1123 2162 ἐκ
1151 2138 1203 2162 τῶν
1235 2135 1339 2173 γηΐνων
1368 2136 1413 2163 καί
1440 2138 1573 2173 σαρκικῶν
1601 2137 1716 2173 τούτων,
1733 2136 1770 2168 ὠς
1797 2137 1859 2165 ἀπὸ

1024 2178 1140 2217 λουτροῦ
1165 2180 1380 2217 καθαρεύουσαν
1397 2181 1441 2208 καὶ
1468 2183 1550 2208 πᾶσαι
1581 2179 1624 2208 διὰ
1652 2183 1706 2209 τῶν
1737 2181 1855 2219 εἲρημέ-

139 2224 219 2261 leges
233 2226 368 2262 geminos
383 2225 524 2254 virtutum
541 2227 616 2254 fetus
627 2228 690 2253 tum
707 2225 793 2253 dictis
810 2228 872 2254 tum
889 2225 971 2254 factis

1049 2235 1077 2251 ον
1107 2225 1199 2261 νόμων
1231 2223 1459 2261 διδυμοτοκοῦσαι
1487 2225 1550 2256 τοὺς
1579 2224 1692 2262 λόγους,
1715 2225 1760 2253 καὶ
1788 2225 1856 2258 τοὺς

138 2270 241 2298 edunt.
259 2270 292 2298 Et
308 2270 419 2298 sterilis
443 2273 529 2306 atque
553 2270 669 2298 inutilis
693 2271 830 2306 cogitatio
851 2279 909 2299 non
925 2274 970 2299 est

139 2313 169 2341 in
186 2314 240 2342 eis.

175 2358 251 2387 Sicut
270 2360 415 2395 funiculus
439 2361 579 2389 coccineus
606 2359 682 2388 labia
704 2364 762 2395 tua,
780 2363 806 2388 et
830 2361 970 2396 eloquium

139 2404 218 2431 tuum
231 2403 371 2432 decorum.

174 2447 281 2476 Verum
299 2457 478 2485 sermonem,
495 2449 590 2477 instar
602 2448 725 2477 funiculi
738 2448 865 2477 dimensi
881 2451 969 2485 atque

138 2492 259 2526 coccini,
277 2496 416 2529 promunt
431 2494 513 2522 labra
528 2496 589 2522 tua.
604 2493 801 2526 Quamobrem
817 2493 967 2530 eloquium

137 2539 222 2564 tuum
240 2538 359 2566 omnino
375 2540 512 2566 decorum
531 2542 585 2567 est.

173 2581 250 2610 Sicut
264 2585 361 2611 cortex
378 2584 452 2612 mali
474 2584 572 2620 punici
585 2591 667 2620 gent?
692 2588 759 2619 tuae,
775 2586 857 2612 extra
880 2584 967 2612 silen-

137 2625 208 2653 tium
225 2628 314 2654 tuum.

172 2671 278 2699 Cortici
302 2671 415 2701 scilicet
440 2672 509 2701 mali
533 2673 633 2709 punici
656 2673 769 2701 similes
794 2676 864 2701 sunt
887 2680 967 2708 genae

136 2716 202 2750 tuas,
214 2717 247 2743 ut
262 2717 426 2745 severitatis
447 2719 581 2746 amantes
597 2720 686 2754 atque
710 2718 746 2746 ab
773 2717 855 2746 omni
870 2717 966 2745 disso-

136 2758 247 2789 lutione
259 2763 388 2796 remotae,
398 2762 516 2799 quando
527 2762 614 2790 etiam
627 2770 685 2790 non
697 2764 787 2790 taces.
797 2762 876 2790 Licet
886 2761 966 2790 enim

1024 2268 1142 2306 τρόπους
1164 2271 1218 2296 τῶν
1243 2269 1345 2306 ἀρετῶν
1361 2270 1502 2307 ’Ἀκαρπος
1527 2269 1573 2297 καὶ
1603 2269 1747 2309 ἀνωφελής
1763 2269 1856 2298 ἔννοια

1025 2313 1074 2340 οὐκ
1088 2310 1157 2340 ἔστιν
1174 2312 1200 2340 ἐν
1215 2314 1320 2345 αὐταῖς.

1059 2358 1104 2389 Ὠς
1134 2358 1262 2396 σπαρτῖον
1286 2359 1412 2386 κόκκινον
1450 2358 1530 2396 χείλη
1560 2369 1619 2394 σου,
1648 2358 1693 2386 καὶ
1719 2359 1736 2395 ἠ
1766 2358 1858 2388 λαλιά

1025 2413 1071 2430 σου
1086 2402 1182 2439 ὡραία.

1060 2447 1194 2482 Δηλονότι
1216 2449 1260 2475 υἷα
1282 2449 1328 2484 μὲν
1355 2447 1484 2485 σπαρτίον
1510 2449 1727 2486 μεμετρημένον,
1753 2449 1798 2476 οἷα
1825 2447 1857 2477 δὲ

1023 2492 1148 2519 κόκκινον
1166 2492 1256 2527 ἀληθῆ
1281 2493 1327 2520 τὸν
1352 2491 1434 2529 λόγον
1460 2493 1642 2529 προφέροντα,
1659 2493 1689 2520 οὗ
1716 2494 1734 2528 ἡ
1765 2492 1857 2521 λαλιὰ

1022 2536 1131 2568 παντως
1146 2537 1162 2570 ἠ
1178 2536 1307 2575 προφορὰ
1322 2535 1366 2563 διὰ
1379 2538 1463 2563 ταῦτα
1479 2536 1622 2573 ὠράϊσται.

1059 2581 1102 2611 Ὡς
1128 2580 1245 2619 λὲπυρον
1277 2580 1340 2619 ῥοᾶς
1369 2579 1459 2617 μῆλόν
1490 2591 1538 2608 σου
1565 2580 1641 2613 ἐκτὸς
1669 2584 1719 2616 τῆς
1745 2582 1856 2618 σιωπή-

1022 2625 1090 2657 σεώς
1104 2635 1162 2653 σου.

1058 2668 1170 2704 Δηλαδή
1190 2670 1234 2697 οἷα
1248 2668 1365 2706 λέπυρον
1381 2668 1445 2706 ῥοᾶς
1475 2669 1619 2708 στύφουσαι
1650 2669 1716 2697 εἰσιν
1738 2670 1766 2697 αἱ
1794 2680 1851 2698 πα-

1022 2714 1091 2752 ρειαί
1104 2724 1161 2742 σου·
1179 2713 1224 2742 διὰ
1237 2715 1269 2742 τὸ
1291 2713 1401 2752 στυγνόν
1417 2723 1446 2741 τε
1473 2714 1519 2741 καὶ
1547 2712 1706 2752 ἀδιάχυτον,
1726 2715 1770 2742 καὶ
1802 2714 1851 2743 ὅτι

1023 2759 1061 2797 μὴ
1077 2761 1192 2796 σιωπᾷς.
1208 2758 1303 2799 Εἷγὰρ
1325 2758 1371 2787 καὶ
1394 2760 1454 2790 ταῖς
1477 2757 1600 2795 ὁμιλίαις
1628 2758 1708 2791 εἴωθε
1736 2758 1850 2788 πολλά-
