1951 3051
64 79 123 108 613

584 77 789 108 COMMENT.
813 77 853 108 IN
875 77 1072 110 CANTlCUM
1097 81 1252 113 CAN'I‘IC.

1711 84 1771 114 614

63 155 106 177 κις
123 145 154 172 τὸ
181 143 276 182 χαρίεν
301 143 477 181 ἐπιγινεσθαι,
505 142 578 171 ἀλλὰ
603 143 634 170 σὺ
665 142 709 170 διὰ
736 144 767 170 τὸ
790 143 834 171 καὶ

990 147 1199 182 congressibus
1216 148 1386 185 mutuisque
1402 149 1590 177 sermonibus
1601 149 1775 185 jucunditas

63 190 173 222 ταῦταις
190 190 418 226 συνεσταλμένον,
433 189 465 216 τὸ
481 187 678 227 διακεχυμένον
695 190 818 226 κράζεις.

100 327 144 356 Ὦς
159 322 263 362 πῦργος
280 320 364 351 Δαϐὶό
380 321 523 360 τράχηλός
537 333 596 351 σου,

421 367 546 395 Ψελλοῦ.

104 413 153 440 Καὶ
168 415 254 440 ταῦτα
264 414 490 450 γυναικοπρεπῶς
503 411 669 448 προσομιλεὶ
684 414 718 449 τῇ
734 412 825 452 νύμφῃ
844 422 850 428 ·

67 457 159 486 Θέλων
180 457 233 495 γάρ
249 457 352 492 ταύτης
367 457 485 484 ἐπαινεῖν
497 457 542 484 τὸν
559 456 702 495 τράχηλον
715 456 830 495 ἐξόχως,

68 501 170 540 ΙΙύργῳ
185 501 346 539 παρείκασεν
359 500 439 529 αὐτὸν
455 500 621 538 ὑψηλοτάτῳ
632 502 712 537 πάνυ,

68 548 115 582 Τῷ
136 545 285 582 δομηθέντι
301 546 436 584 προτέρον
451 546 525 584 παρὰ
545 543 628 573 Δαϐἰδ
643 548 692 573 τοῦ
708 546 780 573 θείου

68 592 111 619 Ἐν
129 591 274 629 Θαλφειὼθ
290 590 357 629 πρὸς
371 591 487 626 τήρησιν
503 590 628 618 ἁπάντων
640 593 694 618 τῶν
709 590 836 627 ἁρμάτων
855 599 861 607 ·

70 637 130 664 Τῶν
145 635 344 673 τροπουμένων
359 636 422 672 παρ’
439 635 524 662 αὐτοῦ
539 634 670 671 πολέμων
685 633 864 673 ἀλλοφύλων.

72 680 108 708 Σῦ
125 678 154 708 δέ
173 691 220 717 μοι
234 679 378 718 τράχηλον
395 680 481 715 αὐτῆς
495 681 545 712 τῆς
560 679 632 710 θείας
645 679 819 714 Ἐκκλησίας,

70 725 121 754 Τὸν
141 725 226 762 μέγαν
242 724 352 752 Παῦλον
368 724 496 762 γίνωσκε,
514 723 631 752 δέσποτα
649 725 810 763 στεφηφὸρε,

73 770 124 798 Τὸν
135 769 252 807 Χριστὸν
269 769 439 807 βαστάσαντα
454 770 502 804 τήν
513 768 634 805 κεφαλὴν
649 771 704 806 τῶν
719 767 803 805 ὅλων,

73 813 120 841 Καῖ
135 817 196 841 κατ’
212 813 313 841 ἐκεῖνον
328 813 351 841 εἳ
365 824 441 846 τινας
458 813 566 851 ἐτέρους
581 812 748 852 διδαχθήσῃ.

74 858 186 887 Τούτων
202 859 246 886 καὶ
264 859 316 896 γὰρ
328 858 488 895 έξήρτηνται
503 859 589 894 τάξεις
604 861 658 886 τῶν
674 859 837 896 ἀσωμάτων,

73 904 175 941 ’Ἀσπερ
192 903 206 930 ὁ
222 902 307 940 λόγος
325 903 436 940 θυρεοὺς
452 903 566 931 ἀκάλεσε
580 903 701 942 χιλίους.

72 949 117 983 Μὴ
131 948 223 984 μέντοι
240 948 320 986 λόγον
332 947 460 984 ἀπαιτῇς,
478 947 603 982 δέσποτα,
619 950 673 975 τῶν
688 947 798 986 χιλίων.

74 994 156 1024 Ἥθος
172 993 224 1030 γὰρ
238 992 295 1020 ἐστι
311 994 345 1029 τῇ
358 994 452 1030 Γραφῇ
463 994 544 1019 τοῦτο
560 991 695 1023 πολλάκις
712 991 813 1030 λέγειν.

73 1040 176 1075 ’Ὠσπερ
193 1037 274 1076 φησίν
293 1046 299 1053 ⁸
317 1037 347 1066 Ὁ
357 1036 442 1073 νόμος
472 1047 519 1063 σου
542 1039 591 1064 τοῦ
616 1037 751 1074 στόματος
769 1038 898 1075 τυγχάνει

820 1081 896 1119 [ὑπὲρ

74 1126 209 1164 Ἀργύρου
222 1125 267 1153 καὶ
281 1128 397 1164 χρυσοῦ,
414 1125 546 1160 Δέσποτα,
563 1124 693 1164 χιλιάδας
712 1135 718 1142 ·

75 1171 121 1198 Καὶ
138 1169 268 1208 χιλιάδας
279 1170 406 1208 ἀλλαχοῦ
420 1172 474 1197 τῶν
490 1170 673 1202 εὐθυνούνυων
687 1170 773 1208 λέγει,

109 1217 155 1246 Ὠς
180 1215 283 1253 πῦργος
312 1212 394 1242 Δαϐὶδ
437 1213 579 1253 τράχηλός
609 1225 656 1242 σου
674 1225 680 1231 ·

80 1260 159 1297 μένος
176 1259 202 1287 ἐν
219 1259 373 1297 Θκλφειώθ.

363 1305 424 1332 Τῶν
437 1304 459 1342 γ’
476 1303 613 1343 Πατέρων.

111 1350 203 1384 ’Ήτοι,
234 1349 279 1376 οἱα
307 1347 410 1386 πύργος
439 1346 522 1376 Δαϐὶδ
556 1348 569 1376 ὁ
599 1351 646 1376 τοῦ
676 1349 899 1386 πρακτικωτάτου

75 1394 120 1421 καὶ
138 1393 382 1429 θεωρητικωτάτου
406 1393 469 1425 νοός
499 1403 547 1420 σου
570 1392 720 1424 ἔνδιάθετος
745 1393 827 1431 λόγος
839 1397 899 1425 ταῖς

74 1438 158 1469 θείαις
183 1436 306 1469 ἐντολαῖς
344 1436 520 1475 ᾠκοδόμηται
559 1438 606 1474 μὶν
644 1438 703 1466 κατ’
723 1438 830 1476 ἀρετὴν,
856 1439 901 1466 οἶα

74 1482 166 1510 ἐπείνω
186 1481 323 1517 ἐπάλξεων
347 1484 401 1509 τῶν
428 1484 476 1510 τοῦ
491 1482 677 1519 ἀντικειμένου
693 1482 874 1520 πειρατηρίων
892 1491 900 1499 ’

711 1216 725 1242 ὁ
750 1214 898 1252 ᾠκοδομη-

76 1526 183 1564 αἴρεται
211 1525 241 1554 δὲ
264 1527 331 1554 κατὰ
358 1529 457 1565 γνῶσιν
483 1526 522 1558 εἰς
552 1526 606 1564 ὕψη
635 1531 820 1563 πνευματικῆς
840 1533 904 1559 οεω-
920 1519 940 1552 C

78 1571 136 1609 ρίας
154 1581 159 1587 ·
176 1572 222 1599 καὶ
250 1572 300 1610 γὰρ
329 1572 343 1599 ὁ
372 1571 421 1608 μὲν
437 1569 542 1608 (Δαϐἱδ)
559 1572 651 1603 ἱκανὸς
677 1572 761 1609 χειρὶ,
791 1571 906 1609 ἰσχυρὸς

79 1617 172 1653 ὁράσει
190 1617 365 1654 ἑρμηνεύεται
383 1626 390 1632 ·
408 1617 422 1643 ὁ
438 1614 467 1643 δὲ
479 1615 641 1653 (τράχηλος)
653 1617 684 1643 τὸ
700 1616 811 1653 λογικόν
826 1615 906 1645 ἐστιν.

79 1662 117 1692 ὡς
144 1659 368 1698 προδεδήλωται.
398 1661 435 1688 Τὸ
450 1659 490 1695 ,δὲ
507 1681 513 1693 ,
537 1659 753 1696 ᾠκοδομημένος
785 1661 823 1692 εἱς
840 1659 909 1688 Θαλ-

81 1705 179 1744 φειὼθ,
210 1706 224 1732 ὁ
260 1706 307 1741 μὲν
336 1704 453 1735 ’Λκύλας
483 1706 635 1741 ἡρμήνευεν
650 1704 740 1732 ἐπάνω
760 1705 907 1741 ἐπάλξεων,

78 1751 92 1778 ὁ
111 1749 140 1777 δὶ
158 1750 327 1787 Σύμμαχος,
350 1749 387 1780 ε”ς
417 1749 494 1786 ὕψος.
512 1750 591 1778 Ὅθεν
622 1749 666 1777 καὶ
696 1748 836 1785 δεδήλωκε
865 1749 909 1777 διὰ

82 1797 138 1822 τῶν
169 1794 335 1831 εἰρημένων,
367 1794 408 1821 ὅτι
437 1794 469 1821 τὸ
494 1793 607 1831 λογικὸν
632 1797 682 1828 τῆς
701 1793 810 1833 νύμφης
827 1794 910 1831 ὑπερ-

85 1839 219 1874 ανέστηκε
236 1839 283 1875 μὲν
301 1838 369 1866 κατὰ
391 1840 487 1877 πρᾶξιν
516 1840 570 1865 τῶν
599 1836 765 1866 ἐπιϐουλιῶν
775 1840 823 1866 τοῦ
839 1838 910 1871 ἀντι-

83 1884 213 1920 κειμένου
231 1892 237 1898 ·
268 1882 340 1920 ἤρθη
370 1882 399 1910 δὲ
433 1882 501 1910 κατὰ
530 1883 642 1920 θεωρίαν
673 1883 710 1914 εἰς
742 1881 809 1920 ὕψος
839 1883 910 1918 ἀλη-

85 1930 150 1960 θοῦς
164 1927 291 1966 γνώμης.
306 1928 352 1955 Διὸ
367 1928 412 1955 καὶ
429 1938 508 1967 φησιν
527 1937 534 1944 ·
551 1926 642 1955 Χίλιδι
660 1928 747 1966 θυρεοὶ
765 1927 910 1965 κρέμανται

84 1972 126 2000 ἰπ’
154 1972 234 2000 αὐτὸν
257 1981 264 1987 ·
294 1971 388 2010 ἤγουν,
420 1972 446 1999 αἱ
484 1971 746 2006 δεκαπλασιάζουσαι
774 1972 820 2003 τὰς
849 1971 912 2000 δέκα

85 2017 160 2049 θείας
173 2016 285 2048 ἐντολὰς
313 2016 419 2044 τούοωο
450 2016 581 2054 ἐνέργειαι
600 2026 606 2032 ’
621 2017 664 2043 καὶ
696 2015 914 2051 δεκαπλασιαζό-

86 2072 165 2098 μεναι
191 2061 273 2089 πάλιν
290 2061 358 2089 κατὰ
381 2061 426 2088 τὸν
453 2061 567 2098 φυσικὸν
589 2061 687 2097 νόμον,
703 2061 740 2092 ὡς
761 2059 911 2097 δεκαδικὸν,

85 2106 131 2134 καὶ
161 2105 233 2134 οὕτω
257 2104 414 2143 πληροῦσαι
438 2105 484 2133 τὸν
503 2104 644 2142 χιλιοστὸν
661 2106 786 2143 ἀριθμὸν,
816 2105 858 2132 οἶά.
872 2116 913 2132 τι-

86 2161 130 2182 νες
141 2150 232 2187 θυρεοὶ
246 2150 314 2188 πρὸς
333 2150 364 2177 τὸ
388 2149 531 2188 φυλάττειν
548 2160 576 2177 σε
605 2151 657 2177 ἀπὸ
681 2152 735 2177 τῶν
750 2152 797 2177 τοῦ
814 2149 914 2188 ἐχθροῦ

947 189 1045 218 inesse
1067 191 1171 226 soleat,
1188 195 1219 220 tu
1236 195 1334 221 tamen
1356 196 1474 230 propter
1490 195 1570 222 tuam
1587 194 1616 221 in
1633 194 1691 222 illis
1705 203 1775 230 quo-

948 242 1003 270 que
1019 237 1256 273 temperantiam,
1272 238 1349 274 quod
1373 238 1526 275 profusum
1543 247 1575 267 ac
1597 238 1774 268 dissolutum

949 281 1003 313 est,
1020 280 1168 316 reprimis.

984 324 1061 353 Sicut
1074 326 1163 354 turris
1177 327 1267 355 David
1281 327 1384 356 collum
1400 329 1490 356 tuum.

1317 373 1411 400 Pselli.

987 415 1022 442 Et
1045 414 1106 443 haec
1131 416 1267 444 muliebri
1297 425 1377 445 more
1407 426 1472 445 cum
1498 426 1607 454 sponsa
1635 418 1776 455 loquitur.

951 457 1023 485 Cum
1038 460 1118 487 enim
1134 460 1221 488 vellet
1240 461 1347 489 collum
1364 463 1429 497 ejus
1444 462 1633 491 vehementer
1648 462 1780 498 laudare,
1831 461 1841 470 “

951 503 1026 531 turri
1049 503 1121 532 illud
1146 505 1318 534 celsissimae
1346 507 1536 543 comparavit,
1553 515 1616 543 quin
1641 517 1658 536 a
1681 508 1779 536 divino

952 545 1060 575 Davide
1084 548 1113 575 in
1139 548 1320 585 Thalphioth
1342 551 1435 578 fuerat
1449 551 1628 580 exaedificata
1651 553 1687 580 ad
1713 561 1779 581 cur-

953 599 1041 619 ruum
1067 592 1200 621 omnium
1227 594 1439 631 defensionem,
1455 604 1522 624 cum
1546 597 1673 625 externis
1697 597 1781 625 bellis

955 635 1042 673 finem
1073 636 1271 673 imposuisset.
1289 639 1332 666 Tu
1356 648 1423 667 vero
1453 640 1536 674 mihi,
1559 641 1695 677 princeps
1724 644 1784 670 ste-

955 680 1114 717 phephore,
1131 685 1240 710 sanctae
1265 683 1400 711 Ecclesiae
1417 683 1536 718 collum,
1553 693 1693 720 magnum
1709 686 1783 714 Pau-

956 724 1017 752 lum
1033 725 1175 762 intellige,
1192 727 1243 764 qui
1259 733 1347 764 caput
1369 728 1501 756 omnium
1517 729 1666 757 Christum
1690 735 1784 766 gesla-

956 769 1006 801 vit,
1022 772 1049 797 et
1064 771 1090 798 si
1113 779 1186 806 quos
1213 771 1286 800 alios
1311 772 1353 800 illi
1378 772 1492 801 similes
1516 773 1655 802 didicisti.
1672 774 1711 802 Ex
1736 774 1781 803 his

915 833 939 865 Β
956 814 1034 841 enim
1058 816 1194 851 suspensi
1219 819 1289 844 sunt
1311 818 1428 845 ordines
1453 818 1583 854 corporis
1606 819 1779 855 expertium,

955 867 1029 894 quos
1044 859 1091 887 hic
1108 860 1188 888 mille
1203 861 1319 897 clypeos
1331 865 1425 890 vocat.
1439 862 1538 898 Neque
1552 871 1618 891 vero
1635 871 1686 891 cur
1701 863 1780 892 mille

952 903 1068 936 dixerit,
1085 912 1209 940 quaeras.
1226 905 1303 933 Solet
1323 906 1401 933 enim
1426 906 1575 942 Scriptura
1590 915 1623 935 eo
1637 907 1780 937 vocabulo

954 946 1120 982 frequenter
1146 949 1198 976 uti.
1214 949 1295 977 Sicut
1321 949 1440 986 inquit:
1458 952 1514 978 Lex
1542 953 1598 980 oris
1625 953 1668 980 lui
1694 961 1780 989 super

953 992 1046 1019 millia
1068 994 1133 1021 auri
1157 998 1183 1021 el
1206 995 1317 1031 argenti
1331 995 1362 1022 ι’.
1379 995 1414 1023 Ει
1434 995 1504 1023 alibi
1523 1005 1530 1024 :
1547 995 1649 1032 milia,
1676 997 1774 1033 inquit

953 1036 1110 1065 laetantium
1122 1038 1155 1066 ⁸³.

989 1214 1063 1242 Sicut
1077 1214 1161 1242 turri:
1175 1214 1262 1243 David
1274 1215 1376 1243 collum
1390 1216 1485 1246 tuum;
1501 1223 1564 1252 qua
1578 1215 1719 1251 zdz’ﬁcata
1736 1218 1779 1243 est

953 1260 983 1287 in
999 1259 1178 1294 Thalphiolh.

1248 1304 1341 1331 Trium
1356 1306 1479 1332 Patrum.

988 1347 1065 1376 Sicut
1080 1347 1164 1376 turris
1184 1348 1281 1383 David,
1297 1350 1341 1375 est
1365 1348 1486 1376 interior
1509 1347 1618 1376 mentis
1642 1350 1698 1376 tuaa
1713 1349 1777 1376 tum

955 1392 1068 1420 actione
1096 1394 1158 1419 tum
1188 1392 1435 1428 contemplatione
1462 1393 1589 1420 maxime
1615 1392 1783 1429 praestantis

954 1436 1039 1469 ratio,
1053 1444 1114 1471 qua:
1137 1444 1188 1472 per
1202 1436 1339 1464 virtutem
1356 1436 1463 1465 divinis
1484 1437 1632 1465 mandatis
1647 1437 1786 1473 edi/iouia

954 1485 995 1508 est
1020 1489 1103 1516 super
1128 1481 1350 1516 propugnacula,
1372 1481 1401 1509 id
1426 1483 1481 1515 est,
1504 1489 1592 1517 super
1621 1482 1784 1510 adversarii

960 1525 1134 1554 tentationes
1151 1534 1158 1553 :
1175 1525 1287 1553 tollitur
1311 1529 1408 1554 autem
1434 1534 1485 1562 per
1501 1526 1654 1554 scientiam
1669 1527 1699 1554 in
1716 1526 1786 1554 atti-

961 1570 1090 1598 tudinem
1119 1569 1261 1605 spiritalis
1293 1571 1559 1607 contemplationis.
1590 1571 1679 1599 David
1707 1571 1787 1599 enim

962 1614 1110 1650 signiﬁcat
1125 1623 1213 1642 manu
1229 1617 1368 1642 strenuus
1384 1617 1413 1643 ot
1428 1623 1495 1643 acer
1510 1615 1585 1643 visu.
1603 1615 1717 1643 Collum
1734 1624 1787 1644 au-

963 1663 1021 1688 tem
1037 1662 1081 1688 est
1095 1659 1180 1694 ratio,
1193 1661 1224 1687 ut
1239 1659 1350 1687 dictum
1367 1662 1421 1688 est.
1438 1659 1511 1688 Nam
1529 1659 1599 1688 illud
1617 1669 1624 1688 :
1641 1660 1704 1694 Quae
1719 1660 1786 1689 aedi-

963 1704 1044 1738 ﬁcata
1059 1708 1097 1732 est
1112 1706 1142 1732 in
1158 1705 1331 1739 Thalphiolh,
1343 1704 1446 1740 Aquila
1458 1704 1578 1740 quidem
1593 1706 1688 1739 vertit,
1701 1705 1789 1741 Super

961 1749 1172 1784 propugnacula
1181 1758 1192 1781 ;
1206 1749 1402 1785 Symmachus
1426 1751 1537 1783 autem,
1553 1749 1584 1776 In
1598 1749 1788 1778 altitudinem.

964 1793 1045 1821 Unde
1060 1801 1094 1821 ex
1113 1793 1149 1821 iis
1165 1801 1230 1829 quae
1255 1793 1333 1821 dicta
1357 1795 1437 1827 sunt,
1454 1795 1534 1829 patet
1559 1801 1673 1829 sponsas
1699 1794 1789 1822 ratio-

965 1846 1031 1865 nem
1061 1838 1174 1865 actione
1204 1836 1323 1873 quidem
1352 1837 1448 1865 hostia
1477 1836 1600 1865 consilia
1628 1845 1790 1873 superare;

965 1881 1211 1917 contemplatione
1226 1889 1292 1909 vero
1317 1881 1379 1909 tolli
1403 1881 1438 1909 ad
1454 1889 1526 1909 vera
1550 1881 1725 1918 cognitionis
1740 1891 1790 1910 su-

967 1926 1151 1954 blimitatem.
1168 1926 1242 1953 Mille
1254 1927 1345 1962 clypez'
1362 1926 1480 1961 pendent
1498 1934 1581 1962 super
1594 1934 1665 1954 eam.
1682 1926 1791 1955 Horum

965 1971 1099 1999 videlicet
1114 1970 1242 1999 actiones
1258 1971 1354 1999 decies
1369 1970 1468 1998 divina
1487 1973 1630 2007 praecepta
1648 1971 1791 2007 multipli<

967 2018 1083 2050 cantes;
1100 2024 1162 2050 quas
1190 2024 1293 2043 rursus
1322 2023 1373 2050 per
1395 2015 1490 2051 legem
1515 2015 1680 2044 naturalem
1695 2015 1792 2044 decies

968 2059 1168 2096 multiplicatae
1197 2068 1352 2088 numerum
1377 2059 1494 2096 explent
1517 2059 1737 2094 millenarium;
1765 2063 1794 2089 et.

969 2107 1106 2140 tanquam
1122 2105 1216 2140 clypei
1232 2105 1341 2140 quibus
1361 2104 1397 2132 ab
1420 2104 1514 2132 hostia
1530 2105 1646 2140 sagittis
1660 2105 1793 2134 invulne-

968 2149 1070 2177 rabilis
1095 2149 1286 2183 conserverls,
1302 2149 1338 2177 ab
1354 2157 1388 2177 ea
1413 2151 1495 2184 parte
1511 2157 1574 2184 quae
1590 2149 1620 2176 in
1635 2151 1663 2177 te
1677 2151 1723 2178 est
1746 2158 1794 2178 ra-

89 2195 180 2233 βελῶν
204 2193 341 2232 ἅτρωπον,
364 2194 555 2232 ὀπῃώρηνται,
579 2194 616 2225 ὡς
631 2193 777 2232 τραχήλου
791 2196 839 2221 τοῦ

988 2201 1045 2221 one
1074 2193 1196 2228 praedita
1225 2195 1366 2229 tanquam
1391 2201 1406 2220 θ
1429 2193 1504 2221 collo
1533 2194 1721 2229 dependent:
1744 2202 1796 2229 per

87 2239 215 2277 λογικοὶ.
240 2242 282 2266 Ἐν
309 2238 400 2274 τούτῳ
429 2239 479 2276 γὰρ
497 2240 514 2273 ἠ
530 2238 622 2278 νύμφη
649 2241 725 2273 ζητεῖ
756 2239 788 2266 τὸ
814 2239 911 2276 ἀγαθὸν

86 2286 137 2311 τοῦ
167 2286 235 2311 Θεοῦ
259 2283 378 2319 θέλημα,
401 2283 446 2310 καὶ
473 2283 560 2315 πείθει
590 2283 621 2310 τὸ
644 2283 691 2318 μὲν
717 2282 911 2319 ἐπιθυμητικὸν

88 2331 184 2360 ποθεῖν
200 2330 293 2362 τοῦτο,
309 2329 340 2355 τὸ
357 2326 386 2354 δὲ
401 2328 515 2364 θυμικὸν
541 2327 789 2365 ἄπεραγωνίζεσθαι
805 2327 889 2354 αὐτοῦ
904 2337 912 2344 ι

88 2372 136 2399 καὶ
167 2371 211 2398 διὰ
238 2373 287 2398 τοῦ
310 2371 391 2398 αὐτοῦ
427 2369 540 2408 λογικοῦ
564 2380 698 2407 κεχρηται
723 2373 783 2401 ταῖς
810 2370 856 2406 μὲν
873 2369 914 2397 ai-

90 2417 202 2451 σθήσισι
213 2416 281 2452 πρὸς
295 2416 345 2450 τήν
360 2417 409 2442 τοῦ
425 2415 525 2451 ἀγαθοῦ
542 2413 686 2452 διάκρισιν,
698 2414 743 2441 καὶ
758 2416 797 2449 τῷ
813 2425 889 2452 φωνη
906 2423 913 2430 ·

89 2461 160 2496 τικῴ
182 2460 249 2496 πρὸς
271 2460 321 2494 τήν
353 2459 452 2487 τούτου
476 2456 597 2498 ἔκφασιν,
622 2459 667 2486 καὶ
692 2460 727 2495 τῇ
754 2458 915 2496 γονιμότητι

91 2505 162 2542 πρὸς
175 2503 286 2541 αὔξησιν
303 2504 386 2532 αὑτοῦ
402 2513 408 2521 ⁸
425 2503 469 2531 καὶ
484 2502 528 2530 διὰ
547 2503 649 2530 τούτων
666 2505 720 2530 τῶν
748 2501 810 2530 δέκα
837 2501 916 2529 δυνάα

93 2560 178 2586 μιων,
194 2551 244 2576 τοῦ
261 2559 290 2576 τε
318 2548 432 2586 λογικοῦ
456 2559 539 2587 φημι,
565 2548 609 2575 καὶ
630 2549 678 2574 τοῦ
707 2547 917 2584 ἐπιθυμητικοῦ,

89 2594 137 2622 καὶ
167 2596 216 2621 τοῦ
243 2594 369 2629 θ’λμικοῦ,
410 2593 454 2620 καὶ
488 2595 541 2620 τῶν
575 2592 652 2619 πέντε
680 2591 840 2627 αἰσθήσεων,
871 2591 918 2619 καὶ

90 2640 142 2674 τῆς
154 2638 311 2678 φωνητικής
327 2637 471 2675 ἐνεργείας,
495 2637 539 2664 καὶ
562 2637 611 2671 τῆς
626 2636 740 2675 φυσικῆς
769 2636 917 2674 γονιμότη·

89 2695 138 2716 τος
153 2684 168 2711 ὁ
196 2683 308 2722 φυσικὸς
340 2682 425 2720 νόμος
448 2681 612 2716 συνίσταται,
643 2681 687 2708 καὶ
716 2681 767 2708 ὑπὸ
787 2683 840 2708 τῶν
855 2679 920 2708 δέκα

92 2729 172 2757 θείων
189 2727 308 2756 ἐντολῶν
332 2727 401 2765 πρὸς
429 2726 562 2766 ἐνάργειαν
580 2728 629 2754 τοῦ
653 2726 755 2764 ἀγαθοῦ
768 2726 918 2763 βοηθιῖται,

128 2784 153 2802 ⁸³
167 2783 249 2811 Psal.
265 2790 366 2818 cxvm,
379 2782 416 2810 72
452 2782 475 2800 ⁴⁵
489 2781 566 2811 Psal.
584 2789 670 2816 van,
688 2781 731 2809 18.

967 2237 1043 2265 hanc
1058 2237 1136 2265 enim
1153 2238 1253 2265 anima
1270 2237 1375 2274 quaerit
1397 2237 1505 2265 bonam
1524 2237 1572 2265 Dei
1587 2238 1768 2266 voluntatem
1786 2246 1794 2266 :

969 2290 1002 2310 ac
1022 2282 1097 2318 parti
1113 2282 1230 2318 quidem
1254 2281 1473 2317 concupiscenti
1498 2282 1667 2318 persuadet,
1683 2285 1716 2310 ut
1730 2290 1795 2311 eam

970 2327 1130 2361 desideret;
1147 2326 1283 2355 irascenti
1306 2334 1383 2361 vero,
1401 2328 1434 2354 ut
1449 2335 1501 2362 pro
1517 2326 1570 2353 illa
1592 2326 1751 2363 depugnet,
1768 2329 1797 2354 et

969 2380 1002 2400 ex
1016 2379 1051 2399 ea.
1065 2370 1187 2398 rationis
1203 2370 1373 2406 praescripto
1389 2371 1426 2398 ad
1443 2370 1554 2398 bonum
1570 2370 1796 2405 dijudicandum

969 2417 1091 2444 utatur:
1113 2415 1253 2451 loquendi
1276 2417 1375 2443 autem
1399 2414 1569 2443 facultatem
1595 2414 1744 2449 adhibeat,
1761 2415 1798 2443 ad

970 2460 1067 2495 ipsum
1083 2459 1343 2495 promutgandum,
1359 2459 1499 2495 gignendi
1514 2467 1582 2487 vero
1592 2459 1651 2487 vim
1667 2460 1703 2487 ad
1719 2459 1798 2487 idem

971 2504 1187 2539 adaugendum.
1214 2504 1254 2531 Ex
1274 2504 1376 2531 decem
1401 2503 1448 2531 his
1474 2503 1676 2538 facultatibus,
1694 2512 1802 2540 nempe

972 2548 1151 2582 rationabili,
1169 2547 1403 2583 concupiscibili,
1420 2547 1576 2583 irascibili,
1588 2547 1720 2584 quinque
1734 2557 1803 2576 sen-

974 2593 1066 2626 sibus,
1093 2592 1316 2628 pronuntiandl,
1341 2592 1542 2628 gignendique
1566 2593 1594 2620 vi
1619 2594 1736 2620 constat
1758 2592 1803 2620 lex

975 2636 1128 2670 naturalis,
1146 2644 1209 2672 qua
1230 2636 1265 2664 ad
1289 2636 1399 2664 bonum
1424 2637 1624 2673 peragendum
1641 2637 1742 2664 decem
1758 2636 1801 2664 di-

974 2681 1051 2709 vinis
1080 2680 1232 2717 praceptis
1256 2680 1286 2708 id
1311 2679 1352 2707 illi
1378 2681 1605 2716 suggerentibus
1633 2681 1802 2716 adiuvatur.

975 2727 1069 2763 Atque
1103 2725 1164 2754 haec
1196 2724 1315 2762 quidem
1342 2725 1442 2753 decem
1474 2727 1619 2762 praecepta
1644 2733 1708 2762 quas
1740 2724 1804 2761 lege
