1949 3055
153 68 211 96 615

844 61 1052 93 MlCHAELlS
1074 62 1211 93 PSELLI

1802 65 1865 97 616

152 132 263 168 scripta
295 131 597 168 comprehenduntur,
626 130 697 157 dum
731 138 764 156 ea
797 129 862 164 ipsa
895 129 949 155 fact

1036 127 1072 158 ὡς
1087 129 1166 154 τοῦτο
1191 128 1392 165 ὑποτιθεμένων
1417 129 1500 165 αὐτῷ.
1532 129 1581 156 Καὶ
1604 130 1703 161 ταύτας
1733 131 1780 166 μὲν
1811 131 1865 161 τὰς

151 177 339 213 exsequitur,
371 176 469 204 decies
509 174 711 210 multiplicans
743 173 789 201 lex
822 172 976 206 naturalis,

153 230 309 250 numerum
338 221 539 249 centenarium
565 219 689 247 absolvit
713 219 898 253 actionesque
925 217 977 244 ite-

153 273 219 293 rum
242 274 294 301 per
309 265 456 300 subjectae
480 264 553 300 ipsis
577 264 678 290 decem
703 262 856 289 facultates
881 261 977 289 decies

154 309 387 345 multiplicando,
404 308 603 336 millenarium
629 307 741 343 implet.
759 307 793 333 Et
808 305 862 334 hoc
878 306 975 338 modo,

153 356 187 382 ut
210 355 322 382 dictum
347 356 402 387 est,
433 353 513 381 mille
547 352 706 388 pendentes
737 350 829 387 clypei
863 350 975 386 signiﬁ-

151 402 219 427 cant
245 399 339 435 legem
368 401 431 426 tum
457 397 597 433 scriptam
627 399 690 424 tum
719 395 894 429 naturalem,
911 402 974 429 quae

151 443 207 471 sibi
228 446 331 470 mutuo
356 445 426 470 sunt
450 443 632 474 ornamento,
649 440 719 467 dum
744 448 778 467 ex
802 447 835 466 ea
859 447 973 474 sponsa

150 490 232 524 parte
247 495 310 523 quas
327 486 448 514 rationis
464 488 508 514 cst
529 494 659 520 compos,
675 486 816 520 tanquam
842 492 877 511 ex
900 483 974 510 collo

150 532 243 568 ipsius
267 531 443 567 dependent.
471 538 596 565 eamque
621 529 656 556 ab
678 528 818 556 omnibus
842 527 973 555 hostium

147 576 264 605 insidiis
297 578 464 612 protegunt.
495 575 594 610 Neque
628 582 694 601 vero
730 573 821 609 clypei
855 574 971 600 tantum

147 621 276 657 pendent
296 629 385 656 super
408 628 483 652 eam,
498 627 598 646 verum
623 618 712 645 etiam
729 617 828 645 omnia
851 617 970 644 fortium

142 665 258 701 jacula;
274 673 337 701 quae
362 664 481 700 quidem
507 665 576 690 sunt
591 662 753 698 disciplinis
778 670 794 689 a
817 661 928 689 sanctis
943 662 972 688 et

147 709 315 737 caelestibus
325 709 483 737 virtutibus
498 716 612 743 sponsae
628 715 679 743 per
693 705 969 742 contemplationem

145 754 388 786 subministrata},
401 761 464 788 qua?
480 755 581 780 contra
606 751 727 787 spiritus
752 750 887 785 nequitia
903 753 968 776 tan-

145 807 233 835 quam
244 798 344 834 jacula
359 797 557 833 conjiciuntur
571 796 606 823 ad
622 803 722 822 eorum
749 794 900 822 machinas
917 793 967 820 ad-
983 810 1006 842 B

142 852 245 871 versus
271 851 409 878 sponsam
435 842 595 869 instructas
621 840 801 867 evertendas.
818 839 872 866 Sed
899 839 969 873 quia

144 887 266 916 rationis
282 886 494 923 quaestionibus
511 894 527 913 a
542 884 652 912 sanctis
667 884 779 920 angelis
795 884 897 911 edocta
912 886 965 917 est,

143 942 201 968 quo
217 933 303 960 modo
318 932 347 959 in
363 930 538 959 insidiantes
553 929 610 957 sibi
626 929 729 957 debeat
740 929 886 964 jaculari;
903 928 967 956 ideo

144 978 186 1005 hie
201 976 374 1012 disciplinae,
390 979 531 1012 tanquam
547 983 582 1002 ex
596 974 681 1009 collo,
697 982 731 1001 ex
745 973 857 1001 ratione
873 973 966 1009 ipsius

142 1024 283 1050 dicuntur
295 1022 469 1058 dependere.

178 1069 235 1096 Duo
249 1067 334 1095 ubera
356 1069 414 1101 tua,
429 1067 501 1094 sicut
515 1066 569 1093 duo
584 1065 697 1093 hinnuli
718 1065 830 1100 gemelli
850 1072 964 1100 capreae,

142 1114 191 1148 qui
204 1115 355 1148 pascuntur
374 1112 403 1140 in
429 1111 498 1139 liliis
511 1120 520 1138 :
535 1110 620 1138 donec
633 1110 736 1146 aspirel
760 1109 829 1144 dies,
843 1110 868 1137 el
883 1109 964 1137 incli-

141 1161 244 1186 nentur
258 1157 374 1185 umbrae.

506 1209 605 1238 Pulli.

176 1265 211 1293 Et
235 1265 289 1292 hoc
313 1264 518 1292 convenienter
542 1263 578 1290 ad
604 1261 735 1290 mulieris
757 1261 891 1289 decorem
916 1269 964 1288 ex-

140 1309 302 1337 strinsecus
332 1308 444 1336 dictum
473 1310 540 1335 est:
565 1307 745 1334 intrinsecus
769 1305 964 1333 venerabilem

140 1354 269 1382 continet
294 1352 505 1388 expositionem
530 1354 559 1379 et
583 1351 717 1387 gratiam.
739 1350 862 1377 Gemina
886 1349 964 1377 enim

140 1398 239 1426 divina
254 1397 370 1425 Eclesize
387 1397 476 1424 ubera
492 1395 622 1431 intellige
633 1395 803 1430 sanguinem
816 1397 845 1421 et
860 1401 964 1429 aquam

139 1443 219 1470 illam
234 1445 368 1470 sanctam
380 1442 467 1469 Verbi
479 1443 506 1469 et
517 1440 674 1468 Salvatoris
686 1448 720 1467 ex
735 1439 842 1474 quibus
858 1438 963 1466 anima

138 1487 269 1515 ﬁdelium
285 1486 410 1514 salutem
426 1486 578 1513 hauriunt.

170 1532 261 1560 Donec
275 1533 380 1566 aspiret
403 1531 470 1566 dies,
496 1534 521 1558 et
544 1534 707 1558 moveantur
728 1528 843 1560 umbrae,
859 1528 962 1555 vadam

135 1576 207 1604 mihi
221 1577 275 1613 ipsi
286 1576 321 1604 ad
336 1579 456 1604 montem
470 1575 592 1611 myrrhae
605 1578 632 1602 et
646 1573 681 1602 ad
695 1574 793 1601 collem
807 1572 908 1600 thuris.

172 1668 203 1694 In
225 1667 273 1695 bis
296 1666 394 1694 innuit
422 1665 568 1693 cruciatus
591 1666 619 1691 et
643 1665 766 1691 mortem
792 1661 961 1690 Salvatoris.

136 1711 194 1740 Hos
217 1711 294 1739 enim
320 1713 349 1738 tu
380 1719 431 1746 per
455 1709 580 1745 myrrhae
609 1710 738 1736 montem
767 1706 906 1742 intellige.
928 1708 963 1734 Αι

136 1764 187 1792 per
214 1756 318 1784 collem
347 1754 443 1783 thuris
471 1753 601 1789 intellige
624 1752 747 1787 gloriam
777 1751 883 1787 ipsius,
905 1758 964 1786 qua

134 1803 220 1829 Pater
242 1801 369 1835 desuper
398 1807 464 1827 eum
492 1801 520 1826 et
546 1797 641 1825 solum
672 1795 839 1824 illustravit.
857 1796 962 1823 Totum

134 1846 189 1874 hoc
222 1846 323 1881 igitur,
358 1844 436 1880 quod
471 1843 602 1879 loquitur
633 1842 751 1877 virgini,
785 1841 932 1876 signiﬁcat

133 1892 193 1927 Age
208 1893 240 1918 tu
255 1897 372 1917 mecum
389 1889 438 1925 qui
455 1888 534 1916 cruci
557 1888 662 1915 afﬁxus
686 1895 764 1920 sum,
781 1886 962 1923 cruciﬁgere,

134 1939 167 1964 ut
194 1943 300 1971 magna
327 1934 397 1961 item
421 1943 437 1961 a
457 1933 541 1961 Patre
566 1932 657 1968 gloria
682 1939 798 1959 mecum
823 1930 961 1958 afﬁciare.

133 1981 242 2016 Sponte
262 1979 340 2007 enim
355 1978 420 2006 volo
445 1986 498 2014 ego
523 1986 595 2005 sane
619 1979 743 2004 mortem
767 1977 912 2011 oppetere,
930 1977 962 2002 ut

131 2024 269 2052 ﬁdelibus
284 2024 361 2051 diem
383 2023 487 2051 salutis
512 2022 652 2058 aspirem,
669 2024 698 2048 et
723 2020 845 2047 umbras
862 2019 960 2047 discu-

130 2069 202 2096 tiam
232 2068 404 2104 impietatis.
432 2067 514 2102 Mihi,
540 2067 674 2101 inquam,
700 2065 754 2100 ipsi
770 2063 887 2096 vadem,
905 2063 959 2091 hoc

128 2115 184 2147 est,
200 2113 301 2141 volens
328 2121 360 2140 ac
385 2112 490 2140 libens.
507 2111 612 2140 Verum
636 2109 706 2146 quia
721 2109 777 2137 scit
793 2108 888 2144 ipsam
913 2116 958 2135 se-

128 2166 196 2186 cum
219 2166 283 2186 esse
304 2157 485 2190 cruciﬁxam,
502 2158 531 2184 et
553 2154 692 2183 omnibus
717 2152 869 2190 praeceptis
896 2153 958 2180 suis

127 2203 362 2239 obtemperasse,
388 2209 492 2229 rursus
514 2208 579 2228 eam
609 2198 798 2227 commendat
821 2197 868 2224 his
892 2205 954 2224 ver-

127 2247 173 2276 bis
191 2256 198 2276 :

162 2338 224 2365 Tota
239 2337 356 2374 pulchra
378 2345 416 2370 es,
432 2336 587 2372 propinqua
611 2341 681 2366 mea,
707 2335 763 2361 tota
784 2331 912 2368 pulchra,
927 2337 955 2360 et

125 2383 237 2410 macula
251 2390 306 2410 non
321 2384 362 2410 est
377 2382 407 2409 in
419 2383 455 2408 te.

419 2442 511 2471 Trium
530 2443 657 2470 Patrum.

160 2500 199 2526 Ac
213 2497 270 2526 tale
283 2497 403 2533 quidem
420 2499 465 2524 est
479 2495 588 2524 collum
604 2497 699 2523 tuum.
711 2495 768 2522 Duo
785 2502 851 2522 vero
865 2493 950 2521 ubera

122 2545 171 2570 tua
184 2543 255 2570 sicut
270 2542 325 2570 duo
349 2541 463 2569 hinuuli
487 2548 592 2576 caprea
615 2540 730 2576 gemelli
744 2548 753 2566 :
770 2537 891 2566 moralis
907 2538 949 2565 vi-

122 2587 226 2615 delicet
251 2589 280 2614 et
308 2585 452 2614 naturalis
481 2584 632 2619 doctrina,
659 2592 693 2612 ex
721 2584 829 2620 quibus
859 2582 947 2610 veluti

123 2631 263 2659 uberibus
279 2630 324 2658 lac
346 2629 500 2658 infantulis
516 2629 614 2657 adhuc
638 2636 809 2665 suggerens,
825 2636 875 2656 eos
891 2627 947 2655 alis

120 2679 149 2705 et
174 2675 270 2704 nutris
295 2676 330 2703 ad
356 2675 575 2711 perfectionem,
591 2682 626 2702 ex
654 2676 681 2701 te
710 2672 799 2701 simul
824 2673 944 2700 ﬂuunt:

120 2723 221 2756 utpote
250 2728 313 2756 quas
342 2727 396 2748 nec
424 2727 520 2747 mores
549 2718 612 2746 sine
641 2718 755 2746 ratione
778 2718 876 2752 doces,
893 2724 946 2744 nec

118 2765 261 2794 rationem
293 2765 356 2793 sine
381 2763 522 2792 moribus.
540 2763 736 2798 Quamobrem
762 2770 872 2799 capreae
897 2769 945 2789 as-

1033 174 1071 207 τῷ
1084 174 1196 209 γραπτῷ
1225 172 1302 209 νόμῳ
1329 171 1564 210 περιειλημμένας
1594 173 1657 202 δέκα
1687 174 1798 206 ἐντολὰς
1813 173 1860 203 δε-

1032 217 1224 251 καπλασιάζων
1256 217 1269 244 ὁ
1312 218 1425 256 φυσικὸς
1462 218 1559 255 νόμος,
1587 219 1654 246 κατὰ
1682 219 1730 250 τὰς
1753 219 1864 247 τούτων

1032 260 1164 299 ἐνεργείας
1197 264 1271 289 ποιεῖ
1306 263 1356 296 τὴν
1386 261 1560 292 ἑκατοντάδα.
1595 264 1651 295 Τὰς
1678 262 1702 290 δ’
1725 263 1861 302 ἐνεργείας

1031 304 1113 332 πάλιν
1141 304 1374 343 δεκαπλασιάζων,
1406 308 1474 335 κατᾶ
1512 308 1559 338 τὰς
1581 307 1736 347 ὑφεστώσας
1768 308 1862 336 αὐτῶν

1031 347 1094 376 δέκα
1124 348 1251 386 δυνάμεις
1274 352 1323 386 τήν
1353 350 1467 389 χιλιάδα
1497 352 1613 390 πληροῖ.
1636 352 1687 381 Καὶ
1715 353 1802 384 οὕτως
1819 353 1859 387 οἱ,

1030 394 1066 425 ὡς
1084 393 1200 430 signat,
1224 396 1393 433 κρεμάμενοι
1417 395 1506 434 χίλιοι
1527 397 1617 435 θυρεοὶ
1634 396 1750 432 δῆλοῢσι
1765 398 1811 425 τόν
1829 408 1859 425 τε

1028 439 1147 476 γραπτὸν
1172 440 1216 466 καὶ
1240 440 1286 467 τὸν
1311 441 1422 479 φυσικὸν
1448 442 1544 478 νόμον,
1570 441 1708 476 ἀλλήλοις
1733 441 1857 480 συμπρέ-

1027 494 1139 517 ποντας,
1165 483 1190 511 ἐν
1207 487 1246 520 τῷ
1273 485 1468 523 ἀπαιωρεῖσθαι
1497 488 1545 513 τοῦ
1569 484 1684 522 λογικοῦ
1712 490 1762 520 τῆς
1785 486 1854 523 νύμ-

1028 538 1081 565 φης
1108 529 1151 555 οἱα
1164 527 1308 566 τραχήλου
1337 529 1431 564 αὐτῆς,
1459 531 1503 557 καὶ
1527 531 1576 565 τήν
1602 530 1701 566 ταύτης
1717 532 1854 558 ποιεῖσθαι

1027 571 1150 610 φυλακην
1164 573 1217 600 ἀπὸ
1230 574 1336 600 πάντων
1361 576 1415 601 τῶν
1444 571 1675 602 ἐπιϐουλευόντων
1707 575 1787 612 αὐτῇ,
1813 575 1854 604 Οὐ

1028 619 1109 652 μόνον
1134 616 1162 644 δὶ
1192 618 1281 654 θυριοὶ
1305 618 1452 655 κρέμανται
1478 618 1520 646 ἐπ’
1544 619 1640 654 αὐτὴν,
1668 621 1761 658 φησὶν,
1779 619 1854 648 ἀλλὰ

1025 661 1068 688 καὶ
1093 665 1175 689 πᾶσαι
1203 661 1311 700 βολίδες
1332 665 1385 690 τῶν
1408 662 1537 698 δυνατῶν,
1554 663 1633 701 αἶ’περ
1650 664 1719 702 εἷφιν
1733 664 1760 692 αὶ
1776 665 1853 702 παρά

1024 707 1076 732 τῶν
1098 706 1181 743 ἁγίων
1204 706 1248 733 καί
1271 707 1401 744 οὐρανίων
1425 706 1564 743 δυνάμεων
1594 710 1629 745 τῇ
1658 709 1752 746 νύμφῃ
1781 709 1852 737 κατᾶ

1025 750 1137 786 θεωρίαν
1169 751 1360 787 ὑποτιθέμεναι
1401 750 1584 786 διδασκαλίαι,
1614 753 1659 780 καὶ
1698 754 1766 780 κατὰ
1793 756 1850 781 τῶν

1023 795 1183 831 πνευμάτων
1197 799 1247 829 τῆς
1267 796 1409 833 πονηρίας,
1431 794 1520 834 ὥσπερ
1553 796 1662 834 βολίδες
1678 796 1850 835 βαλλόμεναι

1023 839 1090 875 πρὸς
1116 839 1249 877 ἀναίρεσιν
1265 843 1319 867 τῶν
1345 841 1404 868 κατ’
1431 841 1515 873 αὐτῆς
1539 842 1628 869 αὐτῶν
1645 843 1850 879 μηχανῶν.Ὠς

1023 882 1051 910 δέ
1078 887 1137 914 ταῖς
1163 885 1230 911 κατὰ
1252 883 1332 921 λόγον
1373 886 1500 920 ζητήσεσι
1536 884 1734 921 διδασκομένης
1764 886 1851 922 αὐτῆς

1022 928 1094 965 παρᾶ
1107 931 1160 955 τῶν
1188 928 1268 966 ἁγίων
1298 928 1421 967 ἀγγέλων
1445 930 1477 956 τὰ
1497 928 1591 958 δέοντα
1609 929 1760 968 βάλλεσθπι
1778 932 1848 958 κατᾶ

1020 975 1073 999 τῶν
1090 970 1321 1000 ἐπιϐουλευόντων
1352 974 1432 1010 αὐτῇ,
1458 975 1503 1001 καὶ
1531 975 1558 1002 αἱ
1573 973 1746 1002 διδασκαλίαι
1768 975 1847 1003 αὗται

1020 1019 1068 1044 τοῦ
1083 1017 1184 1052 ταύτης
1200 1017 1311 1055 λογικοῦ
1328 1018 1516 1056 άπῃώρηνται.

1057 1061 1108 1088 Δύο
1140 1063 1236 1098 μαστοί
1262 1073 1310 1090 σου
1335 1063 1371 1094 ὡς
1407 1062 1455 1090 δύο
1490 1061 1582 1101 νεϐροὶ
1607 1062 1729 1101 δίδυμοιι
1747 1063 1847 1102 δορκά-

1021 1105 1078 1140 δος,
1096 1106 1121 1133 οἱ
1136 1107 1282 1143 νεμόμενοι
1295 1106 1321 1134 ἐν
1336 1109 1395 1135 τοῖς
1408 1107 1522 1146 κρίνοις,
1537 1106 1588 1140 ἔως
1605 1108 1646 1136 οὗ.

1371 1213 1494 1243 manus.

1055 1266 1103 1293 Καὶ
1119 1268 1199 1293 τοῦτο
1212 1269 1437 1304 γυναικοπριπῶς
1454 1267 1549 1303 ἔξωθεν
1566 1267 1739 1306 λελεγμένον,

1019 1311 1136 1338 ’Έσωθεν
1154 1308 1211 1348 ἔχει
1228 1308 1344 1349 φοϐερὰν
1361 1311 1490 1348 ἐκήγησιν
1506 1312 1551 1339 καὶ
1567 1313 1660 1350 χάριν,

1020 1355 1142 1386 Μαστοὺς
1156 1355 1208 1392 γὰρ
1223 1355 1338 1393 γίνωσκε
1353 1354 1460 1386 διττοὺς
1474 1360 1525 1391 κῆς
1542 1357 1614 1389 θείας
1629 1357 1806 1392 Έκκλησίας,

1020 1401 1095 1435 Αἷμα
1109 1399 1152 1426 καὶ
1170 1398 1243 1437 ὕδωρ
1257 1399 1288 1427 τὸ
1304 1400 1399 1427 σεπτὸν
1415 1403 1463 1427 τοῦ
1480 1401 1569 1438 Λόγου
1583 1401 1628 1428 καὶ
1647 1405 1791 1440 Σωτῆρος,

1020 1445 1058 1470 Δι’
1074 1444 1110 1470 ὢν
1125 1442 1281 1481 ἀρδεύονται
1298 1445 1383 1482 ψυχαὶ
1399 1447 1501 1472 πιστῶν
1517 1446 1566 1480 τήν
1583 1446 1728 1484 σωτηρίαν.

1051 1535 1124 1564 Ἕως
1149 1534 1179 1560 οὗ
1210 1532 1356 1572 Suave-5cm
1398 1535 1416 1569 ἡ
1446 1534 1538 1573 ἡμέρα
1565 1535 1609 1562 καὶ
1637 1537 1787 1570 κινηθῶσιν
1815 1537 1844 1563 αἱ

1017 1578 1101 1611 σκιαὶ,
1131 1577 1299 1615 πορεύσομαι
1325 1578 1434 1615 ἐμαυτῷ
1458 1579 1525 1617 πρὸς
1554 1580 1584 1606 τὸ
1607 1578 1670 1617 ὅρος
1689 1583 1737 1615 τῆς
1753 1580 1844 1619 σμύρ-

1017 1633 1076 1656 νης,
1104 1623 1148 1650 καὶ
1176 1623 1243 1659 πρὸς
1258 1623 1303 1650 τὸν
1322 1623 1416 1661 βουνόν
1425 1625 1473 1651 τοῦ
1488 1621 1613 1651 λιϐάνου.

1054 1667 1095 1694 Ἐν
1109 1667 1216 1697 τούτοις
1234 1667 1413 1695 ὑπαινίττεται
1428 1669 1459 1695 τὸ
1475 1669 1560 1700 πάθος
1580 1671 1627 1696 τοῦ
1645 1672 1786 1708 Σωτῆρος.

1019 1711 1147 1748 Σμύρνης
1163 1712 1215 1749 γὰρ
1232 1710 1296 1749 ὅρος
1310 1711 1426 1749 γίνωσκε
1437 1713 1470 1740 τὰ
1481 1714 1553 1748 πάθη
1569 1716 1618 1740 τοῦ
1635 1717 1776 1751 Σωτῆρος.

1019 1756 1116 1782 Βουνὸν
1134 1753 1247 1783 λιϐάνου
1260 1755 1342 1783 πάλιν
1360 1755 1388 1784 δὲ
1404 1758 1488 1794 γνῶθι
1504 1758 1553 1792 τὴν
1568 1757 1666 1785 τούτου
1678 1757 1766 1794 δόξαν,

1017 1800 1066 1828 Ἢν
1082 1799 1298 1835 ἄνωθενέδὸξασε
1313 1802 1407 1839 Πατὴρ
1423 1801 1502 1829 αὐτὸν
1518 1802 1562 1829 καὶ
1581 1803 1672 1839 μόνον.

1018 1846 1106 1873 Τοῦτο
1117 1847 1183 1882 γοῦν
1198 1855 1314 1882 πεφυκεν
1328 1846 1343 1873 ’ὸ
1358 1845 1433 1883 λέγει
1492 1847 1618 1885 παρθένῳ
1636 1857 1641 1864 ·

1018 1891 1112 1927 Δεῦρο,
1131 1889 1177 1926 μοὶ
1194 1890 1397 1927 συσταυρώθητι
1408 1891 1439 1917 τὸ
1454 1892 1539 1922 πάθος
1551 1891 1712 1929 ἐπειγμένῳ,

1017 1934 1074 1961 Ἵνα
1091 1933 1219 1971 μεγάλως
1235 1935 1280 1961 σὺν
1297 1934 1357 1971 ἐμοὶ
1375 1936 1507 1973 πατρόθεν
1524 1935 1684 1974 δοξασθήσῃ.

1015 1977 1188 2014 Αὐτομολεῖν
1204 1979 1255 2016 γὰρ
1272 1977 1355 2017 ἔγωγε
1367 1978 1504 2017 βούλομαι
1521 1981 1588 2017 πρὸς
1600 1981 1629 2008 τὸ
1646 1981 1741 2016 πάθος,

1015 2024 1108 2052 ¹¹()πως
1122 2022 1229 2059 αὖγάσιυ
1243 2025 1302 2054 τοῖς
1311 2026 1418 2054 πιστοῖς
1435 2023 1537 2061 ἡμέραν
1555 2024 1702 2062 σωτηρίας,

1015 2066 1063 2093 Καὶ
1079 2069 1223 2101 κινηθῶσιν
1241 2067 1266 2094 αἶ
1279 2067 1351 2094 σκιαὶ
1367 2070 1449 2094 πᾶσαι
1465 2071 1514 2102 τῆς
1531 2067 1632 2104 ἀθείας,

1014 2110 1090 2144 Ηλήν
1107 2110 1216 2147 ἐμαυτῷ
1231 2112 1412 2148 πορεύσομαι,
1426 2113 1564 2139 τουτέστιν
1578 2112 1718 2145 ἑκουσίως.

969 2178 993 2210 D
1013 2156 1164 2210 Tuﬁ‘pa‘p‘sv
1180 2157 1224 2209 οὖν
1241 2155 1395 2210 λελάληκεν
1406 2157 1419 2184 ὁ
1430 2156 1577 2189 κάλλιστος
1592 2158 1719 2196 νυμφίος.

1008 2199 1083 2227 Ἐπεὶ
1100 2197 1128 2226 δὲ
1141 2199 1242 2235 ταύτην
1259 2199 1371 2237 ἔγνωκεν
1384 2200 1458 2236 αὐτῷ
1474 2203 1736 2238 συνπαυρωθεῖσαν,

1008 2243 1058 2271 Καὶ
1073 2247 1158 2271 πᾶσαν
1175 2243 1390 2282 ἐκπληρώσασαν
1404 2245 1453 2279 τὴν
1471 2244 1585 2280 ἰντολήν
1602 2245 1716 2282 ἐκείνου,

1010 2288 1094 2315 Πάλιν
1111 2288 1238 2325 ἐπῄνεσεν
1254 2289 1348 2324 αὐτήν.
1366 2288 1438 2324 Φησὶ
1454 2289 1506 2326 γὰρ
1523 2290 1601 2321 οὗτος
1616 2289 1681 2318 τάδε
1698 2301 1704 2307 ·

1042 2332 1114 2368 ’Ὀλη
1145 2332 1217 2367 καλὴ
1252 2333 1284 2367 εἴ,
1314 2334 1332 2367 ἡ
1361 2331 1480 2368 πλησίον
1509 2345 1572 2371 μου,
1603 2334 1656 2370 ὅλη
1685 2334 1771 2371 καλὴ,
1787 2337 1835 2364 καὶ

1009 2379 1107 2414 μῶμος
1124 2377 1175 2405 οὐκ
1189 2374 1259 2405 ἔστιν
1275 2376 1300 2404 ἐν
1318 2377 1370 2406 σοί.

1289 2442 1346 2468 Τῶν
1365 2441 1390 2478 γ’
1404 2441 1530 2479 Ιιατὲρων
1537 2464 1543 2469 .

1040 2494 1092 2522 Καὶ
1111 2493 1182 2521 οὕτω
1210 2493 1256 2530 μὶν
1286 2493 1430 2531 τράχηλος
1453 2504 1511 2523 συυ.
1542 2495 1576 2523 Oi
1600 2494 1629 2523 δὲ
1656 2494 1704 2523 δύο
1735 2497 1836 2532 μαποί

1003 2549 1062 2572 σου,
1085 2539 1122 2569 ὡς
1150 2537 1197 2565 δύο
1227 2535 1320 2574 νεϐροῖ
1346 2537 1456 2574 δίδυμοι
1482 2537 1624 2577 δορκάδος,
1654 2539 1786 2574 δηλονότι
1813 2543 1833 2578 ἡ

1002 2583 1085 2618 ἡοικὴ
1113 2582 1157 2610 καὶ
1181 2582 1281 2619 φυσική
1312 2580 1473 2610 διδασκαλία
1495 2594 1554 2618 σου,
1586 2582 1621 2611 δι’
1645 2583 1682 2612 ὧν
1710 2585 1755 2612 οἷα
1779 2596 1834 2622 μι-

1001 2629 1069 2655 στῶν
1097 2625 1169 2664 γάλα
1192 2626 1314 2661 ποτίζεις
1336 2626 1400 2658 τοὺς
1430 2624 1470 2654 ἔτι
1494 2629 1562 2656 κατὰ
1584 2629 1634 2663 τήν
1660 2629 1750 2657 πίστιν
1780 2641 1834 2666 νη-

1000 2672 1078 2703 πίους
1108 2670 1176 2709 πρὸς
1203 2670 1363 2707 τιλειότητα
1376 2671 1522 2710 τρέφουσα,
1540 2673 1595 2710 ἅμα
1620 2673 1651 2701 bc
1666 2676 1714 2701 σοῦ
1728 2674 1834 2712 προία-

1001 2728 1052 2752 σιν,
1082 2717 1119 2747 ὼς
1137 2717 1207 2752 μήτε
1231 2716 1262 2743 τὸ
1285 2716 1353 2751 ἦθος
1369 2715 1407 2744 ἔτι
1424 2715 1602 2754 δεικνυμιὶνης
1612 2717 1735 2756 ἀλόγως,
1756 2721 1832 2756 μήτι

997 2761 1042 2790 τὸν
1060 2759 1139 2800 λόγον
1156 2759 1241 2796 ἤθους
1265 2761 1473 2799 προσφερούσης
1494 2761 1594 2801 χωρίς.
1614 2763 1692 2792 Ὅθεν
1713 2761 1830 2803 δορκάδι
