1951 3051
61 86 120 116 617

589 85 791 118 COMMENT.
812 85 850 116 ΙΝ
872 85 1075 117 CANTICUM
1097 87 1249 119 CANTIC.

1711 89 1771 119 618

61 152 237 191 παριίκασας,
266 152 304 184 ὡς
332 152 401 180 κατὰ
424 152 470 189 μὲν
497 152 611 191 θεωρίαν
638 150 794 190 ὀξυδερκὴς,
819 151 888 179 κατὰ

978 152 1074 180 milata
1088 161 1119 181 es
1134 154 1197 181 tum
1215 155 1333 190 propter
1349 162 1471 182 acumen
1487 154 1517 182 in
1535 154 1770 191 contemplando,

63 197 92 226 δὲ
119 199 214 236 πρᾶξιν
245 195 407 236 ὀξύδρομος.
439 194 540 235 Νιϐροὶ
570 195 611 232 δὶ,
638 196 731 236 φησὶν,
762 196 887 232 οίνεμό-

64 252 141 279 μινοι
183 242 208 269 ἰν
244 241 349 279 κρίνοις
383 240 436 272 ἓως
473 240 626 269 διαπνεύσει
660 243 677 276 ὴ
711 241 812 278 ἡμέρα,
841 240 887 268 καὶ

62 288 207 322 κινηθῶσιν
238 287 265 314 αἱ
294 287 386 314 σκιαί·
416 284 511 324 ἤγουν,
536 286 563 314 αὶ
585 286 749 325 τρεψάμεναι
778 285 804 313 ἐν
831 287 890 317 ταῖς

62 332 153 367 πάσης
181 330 314 369 μερίμνης
333 331 465 369 βιωτικῆς
481 329 711 368 ἀπηλλαγμέναις
730 331 832 368 ψυχαῖς
848 328 889 357 δι-

64 375 348 411 δασκαλίαι,ἡήθική
372 376 418 403 καὶ
439 377 457 410 ἡ
482 376 581 415 φυσική
611 376 649 407 ὡς
677 374 745 403 κατᾶ
775 373 888 412 μετάδο-

63 431 103 448 an
141 419 309 448 ἐπιδιὸοὖσαι
346 421 382 451 si:
411 419 531 457 αὔξησιν,
563 419 661 458 μὲγρις
689 419 720 447 ἃν
745 419 841 457 ἐπιστῇ
870 420 887 454 ἡ

62 465 231 502 ὀλολαμπής
252 465 321 493 κατὰ
348 466 379 493 τὸ
408 464 511 502 μέλλον
528 465 628 502 ἡμίρα,
653 465 698 492 καὶ
726 464 760 492 τὰ
784 463 887 500 σκιώδη

60 511 149 538 πάντα
179 509 361 549 παρέλθωσιν.
388 509 462 538 Ἐπεὶ
488 508 516 537 δὲ
547 508 634 542 ἐλθὼν
664 509 690 537 ἰν
714 509 792 547 σαρκὶ
817 508 888 536 οὕτω

59 556 149 590 καλήν
173 565 202 583 σι
224 556 237 582 ὁ
263 554 309 586 σὸς
332 553 451 592 νυμφίος
476 553 612 589 ἀπέδειξα,
637 553 734 581 λοιπὸν
757 554 889 590 πορεύσο-

62 610 109 636 μαι
127 599 238 636 ἐμαυτῷ
252 599 319 637 πρὸς
333 599 397 637 ὅρος
426 602 476 634 τῆς
504 598 639 637 σμύρνης,
670 598 715 626 καὶ
746 597 816 636 πρὸς
841 597 886 625 τὸν

61 644 159 682 βουνὸν
189 646 237 672 τοῦ
253 642 378 672 λιϐάνοψ
394 644 464 678 ἦτοι,
480 643 650 680 πορεύσομαι
675 642 804 674 ἑκουσίως
819 643 888 680 πρὸς

59 689 102 724 τὸ,
134 687 212 724 δίκην
235 688 315 727 ὅρους
345 688 478 725 σμύρνης,
507 687 575 725 ’ὑψος
601 689 649 715 τοῦ
678 688 805 722 θανάτου,
821 687 887 725 ὅπερ

60 733 131 761 ἐστιν
159 734 173 761 ὁ
199 733 322 771 σταυρός.
346 733 377 761 Ὀ
399 733 450 771 γὰρ
469 732 591 763 ἑκούσιος
608 731 652 759 διὰ
668 734 782 769 σταυροῦ
808 732 888 764 θάνα-

60 789 107 809 τος
130 777 241 806 πολλοῦ
265 776 428 815 ὑπερα-θέστη
457 779 506 804 τοῦ
533 776 660 804 ἀκουσίου
687 776 732 804 καὶ
762 778 887 816 φυσικοῦ,

60 825 108 850 τοῦ
123 822 168 850 καὶ
183 824 243 854 τοῖς
261 821 372 859 ἀλόγοις
386 821 465 855 ζώοις
489 823 592 849 κοινοῦ·
616 821 665 848 Καὶ
681 820 762 848 πάλιν
787 819 888 859 πορεύ-

63 878 146 904 σομαι
162 866 200 899 εἲς
222 866 349 903 ἐμαυτὸν.
373 865 562 904 ἀπερχόμενος
587 866 655 904 πρὸς
680 867 737 902 τὸν,
765 866 828 904 παρ’
858 864 889 893 οὗ

63 911 180 948 ἐξῆλθον
203 911 248 939 καὶ
273 911 310 942 εἷς
333 911 378 938 τὸν
403 910 506 947 κόσμον
537 909 681 947 ἐλήλυθα,
710 911 826 948 Πατέρα·
857 909 889 938 οὗ

63 956 228 995 ἐμφαντικὸς
245 956 259 983 ὁ
277 956 372 993 βουνὸς
394 957 442 982 τοῦ
458 952 583 991 λιϐάνου,
614 955 651 986 ὡς
677 957 712 992 τῇ
738 954 810 991 αἰτίᾳ
828 955 888 992 μεί-

63 1004 141 1036 ζονος
167 1002 221 1028 τῶν
239 1000 392 1037 ὁμοουσίων
420 999 504 1036 αὐτῷ,
525 999 592 1036 ἐμοῦ
607 1010 636 1027 τι
650 1001 699 1027 τοῦ
715 1002 888 1037 Μονογενοῦς

61 1045 106 1073 καὶ
142 1047 190 1073 τοῦ
231 1044 365 1082 παναγίου
404 1044 573 1081 Ιινεύματος,
612 1044 661 1072 Καὶ
691 1045 743 1082 γὰρ
779 1044 888 1082 ἐπείπερ

62 1090 219 1128 νεκρώσεως
247 1090 293 1126 μέν
324 1089 378 1117 ἐστι
409 1086 548 1125 σύμϐολον
578 1090 595 1123 ἡ
623 1089 739 1127 σμύρνα,
761 1089 888 1124 θεότητος

64 1135 92 1162 δὲ
107 1135 122 1162 ὁ
139 1132 263 1168 λίϐανος,
291 1134 334 1169 τὸ,
365 1133 538 1172 Πορεύσομαι
555 1132 676 1170 ἐμαυτῷ,
691 1133 763 1169 πηὸς
780 1134 826 1170 μὶν
843 1133 888 1160 τὸν

65 1178 109 1207 διὰ
125 1181 241 1217 σταυροῦ
263 1179 386 1214 θάνατον,
412 1177 498 1213 δηλοῖ
512 1177 543 1205 τὸ
572 1178 705 1205 ἑκούσιον
721 1178 790 1216 πρὸς
816 1176 844 1204 δὲ
859 1177 889 1204 τὸ

63 1227 114 1259 τῆς
143 1223 271 1259 θεότητος
300 1222 379 1260 ὕψος,
403 1223 434 1251 τὸ
462 1222 500 1254 εἷς
527 1223 619 1250 ἑαυτὸν
647 1223 693 1250 τὸν
716 1223 780 1250 Θεὸν
805 1222 891 1260 Λόγον

65 1269 259 1307 ἐπανέρχεσθαι
281 1268 334 1295 ἀπὸ
355 1270 408 1295 τῶν
432 1268 492 1299 καθ’
519 1268 594 1305 ἡμᾶς
622 1269 767 1303 ταπεινῶν,
798 1266 823 1294 ἐν
850 1269 890 1303 τῷ

65 1314 133 1352 πρὸς
158 1314 203 1341 τὸν
227 1314 331 1352 Πατέρα
354 1312 523 1350 πορεύεσθαι.
549 1311 628 1341 Οὕτω
645 1311 682 1347 δὲ,
699 1311 777 1351 φησὶ,
791 1310 890 1350 πορεύ-

65 1369 160 1396 σομαι,
175 1358 264 1386 ὅτιτὸ
288 1356 365 1396 ἔργον
387 1357 436 1384 τοῦ
460 1356 565 1394 Πατρὸς
590 1355 633 1384 ἐπὶ
658 1356 701 1383 σοὶ
715 1355 888 1384 τετελείωκα.

65 1403 117 1432 Καὶ
132 1403 198 1442 γάρ·

99 1492 169 1529 Ὀλη
186 1492 258 1527 καλὴ
273 1492 305 1528 εἴ,
319 1493 336 1527 ἡ
352 1491 470 1527 πλησίον
489 1502 552 1529 μου,
568 1491 613 1518 καὶ
632 1492 730 1528 μῶμος
744 1489 795 1518 οὐκ
818 1487 888 1517 ἔστιν

64 1537 89 1566 ἐν
102 1548 156 1566 σοι.

99 1581 212 1618 Δηλαδή
235 1583 274 1618 νῷ
295 1581 340 1609 καὶ
365 1582 441 1619 ψυχῇ
464 1580 508 1608 καὶ
533 1578 611 1618 σαρκὶ
637 1579 769 1617 ὑπάρχεις
792 1578 888 1617 ὡραία·

64 1627 109 1655 καὶ
139 1626 218 1664 σαρκί
254 1626 299 1664 μὶν
326 1625 363 1657 ὡς
405 1627 459 1653 τῶν
485 1625 544 1652 κατ’
572 1624 705 1662 ἐνέργειαν
728 1625 891 1661 καθαρθεῖσαι

64 1671 202 1700 παντοίων
232 1671 336 1707 παθῶν,
365 1670 409 1698 καὶ
434 1672 492 1701 τοῖς
518 1669 631 1707 τρόποις
653 1669 824 1706 κοσμηθεῖσα
837 1670 891 1696 τῶν

66 1717 180 1756 ἀρετῶν·
211 1717 288 1754 ψυχῇ
318 1713 356 1751 Si,
384 1715 421 1746 ὡς
449 1714 538 1750 πάσης
567 1713 675 1752 φαύλης
704 1712 891 1751 ἀπαλλαγεῖσα

66 1761 223 1798 ἐπιθυμίας,
247 1760 362 1792 καὶτοῖς
381 1759 476 1797 λόγοις
492 1759 655 1797 ὡραΐσθεῖσα
677 1760 731 1786 τῶν
761 1757 889 1785 ὶντολῶν·

65 1809 105 1843 νῷ
121 1805 162 1842 δὲ,
177 1805 216 1836 ὡς
230 1805 275 1832 καὶ
289 1806 343 1832 τῶν
359 1802 448 1841 ψιλῶν
473 1803 583 1830 ἐννοιῶν
604 1801 823 1840 ἐλευθερωθεῖσα,
847 1801 893 1830 καὶ

66 1849 283 1889 λαμπρυνομίνη
322 1848 346 1876 ἐν
384 1847 456 1886 ἁγίῳ
491 1847 625 1884 Πνεύματι
653 1848 688 1884 τῇ
718 1847 786 1874 κατὰ
812 1846 893 1884 χάριν

66 1896 186 1923 θειώσει.
203 1894 253 1922 Καὶ
268 1893 313 1921 διὰ
324 1895 406 1921 τοῦτο
429 1892 512 1930 ψόγος
527 1903 569 1924 τις
583 1891 632 1919 οὐκ
657 1891 726 1919 ἐστιν
750 1891 777 1919 ἐν
794 1891 837 1918 σοὶ
859 1892 894 1928 τῇ

66 1939 145 1978 ἐγγύς
162 1949 215 1976 μου
229 1937 360 1977 γενομένῃ
376 1936 421 1964 διὰ
434 1936 604 1972 τελειότητα.

428 1989 552 2019 Ψελλοᾶ

105 2047 174 2076 Εἶτα
197 2045 266 2084 πρὸς
290 2045 401 2082 μείζονα
423 2043 503 2072 καλεῖ
525 2043 625 2079 ταύτην
661 2042 777 2080 ἀρθῆναι
807 2041 896 2078 δόξαν,

945 199 1008 225 tum
1040 200 1158 234 propter
1186 206 1292 226 cursus
1321 199 1501 227 celeritatem
1530 199 1560 227 in
1592 199 1768 236 peragenda.

944 243 1070 277 Hinnuli,
1087 242 1194 279 inquit,
1211 244 1261 279 qui
1284 245 1439 280 pascuntur
1453 245 1526 272 inter
1541 245 1616 278 lilia,
1631 252 1771 281 quousque

943 286 1001 315 dies
1015 288 1129 324 expiret,
1145 292 1172 316 et
1184 288 1357 316 inclinentur
1370 289 1487 317 umbrae.
1508 288 1673 325 Disciplina
1687 289 1769 317 vide-

944 331 1011 360 licet
1022 332 1141 360 moralis
1165 335 1196 360 et
1210 332 1364 367 naturalis,
1396 341 1460 370 quia
1489 333 1520 361 in
1548 333 1700 361 animabus
1729 333 1766 362 ab

943 376 1024 404 omni
1038 377 1104 404 vitae
1120 377 1319 406 sollicitudine
1336 379 1467 412 remotis,
1492 379 1562 406 dum
1591 379 1765 415 impertiun-

944 423 1002 456 tur,
1018 421 1186 450 coalescunt
1206 424 1234 449 et
1262 422 1477 451 incrementum
1499 423 1657 459 accipiunt,
1674 424 1765 451 donec

944 465 1126 494 clarissimus
1142 466 1192 494 ille
1216 467 1306 495 futuri
1322 467 1462 504 temporis
1484 468 1546 496 dies
1563 467 1720 501 illucescat,
1737 470 1766 496 et

943 510 1041 538 omnia
1059 519 1121 547 quzs
1144 511 1255 539 umbris
1285 514 1356 539 sunt
1383 512 1524 546 involuta,
1550 515 1764 549 pertranseant.

942 556 1064 591 Verum,
1093 556 1232 591 quoniam
1262 556 1290 584 in
1320 565 1408 585 carne
1433 557 1553 585 veniens
1569 566 1622 594 ego
1638 565 1765 594 sponsus

942 602 1012 628 tuus
1028 603 1056 628 te
1070 600 1111 628 ita
1126 601 1285 629 formosam
1302 601 1425 634 reddidi,
1437 602 1500 637 jam
1510 602 1615 629 vadam
1633 602 1704 630 mibi
1720 602 1766 638 ip-

943 645 968 673 si
984 645 1019 673 ad
1036 646 1165 672 montem
1183 644 1306 681 myrrhea
1322 647 1351 673 et
1366 646 1401 673 ad
1417 645 1520 674 collem
1537 646 1652 674 thuris:
1665 647 1694 674 id
1706 649 1761 680 est,

943 691 1047 726 sponte
1061 697 1127 717 mea
1143 690 1177 717 ad
1193 689 1308 723 mortis,
1324 692 1465 726 tanquam
1495 691 1531 718 ad
1562 690 1671 718 montis
1688 699 1766 727 myr-

943 735 1003 762 νοω
1019 734 1243 767 sublimitatem,
1257 742 1321 771 quae
1337 734 1457 770 quidem
1473 737 1517 763 est
1533 743 1614 768 crux,
1631 735 1768 771 proficis-

943 787 1000 806 car.
1023 779 1192 807 Voluntaria
1207 780 1283 807 enim
1300 787 1351 815 per
1366 788 1481 807 crucem
1498 779 1602 808 mortis
1618 780 1767 816 susceptio

943 832 1130 852 communem
1146 824 1283 852 omnibus
1299 823 1476 852 animalibus
1493 825 1528 852 ab
1538 833 1570 853 ea
1583 825 1767 853 abhorrentis

944 870 1055 896 naturae
1084 868 1285 896 inﬁrmitatem
1321 869 1482 905 superavit.
1513 869 1548 897 Et
1575 877 1692 898 rursum
1718 878 1767 898 va-

944 913 1011 941 dam
1041 913 1077 941 ad
1107 921 1153 941 me
1182 913 1304 949 ipsum,
1344 913 1379 941 ad
1421 913 1534 942 Patrem
1574 915 1710 948 rediens,
1750 923 1767 942 ο

944 966 1002 994 quo
1018 957 1103 992 exivi,
1121 959 1150 986 et
1165 958 1194 985 in
1212 958 1355 985 mundum
1367 957 1477 986 veni“.
1505 958 1559 990 Qui
1583 966 1654 986 sane
1682 960 1768 986 Pater

944 1011 995 1039 per
1009 1001 1112 1030 collem
1128 1002 1225 1030 thuris
1239 1001 1433 1038 intelligitur;
1464 1002 1603 1038 quoniam
1620 1005 1652 1030 ut
1666 1011 1768 1038 causa,

945 1048 1036 1082 major
1065 1049 1110 1075 est
1142 1054 1189 1079 me
1217 1046 1371 1083 Unigenito
1385 1049 1411 1074 et
1442 1046 1551 1082 Spiritu
1579 1049 1691 1081 sancto,
1717 1047 1768 1083 qui

945 1099 1049 1119 sumus
1086 1091 1127 1118 illi
1165 1090 1443 1119 consubstantiales.
1474 1091 1662 1120 Mortalitatis
1689 1092 1767 1120 enim

945 1135 1111 1172 symbolum
1133 1137 1177 1163 est
1206 1135 1333 1172 myrrha,
1363 1135 1434 1163 thus
1462 1137 1561 1163 autem
1592 1136 1767 1164 divinitatis.

944 1181 1038 1213 Quare
1053 1179 1145 1208 illud:
1165 1180 1266 1208 Vadam
1281 1181 1353 1208 mihi
1377 1181 1449 1216 ipsi:
1480 1183 1542 1208 tum
1569 1180 1766 1209 voluntarium

945 1233 998 1261 per
1011 1233 1125 1252 crucem
1149 1225 1184 1252 ad
1217 1226 1338 1252 mortem
1368 1225 1483 1252 aditum
1513 1224 1680 1261 signiﬁcat;
1704 1227 1768 1253 tum
1817 1257 1819 1259 _

945 1269 1106 1297 divinitatis
1119 1269 1334 1302 celsitudinem,
1349 1277 1399 1304 per
1414 1269 1541 1297 reditum
1556 1269 1592 1297 ab
1603 1269 1769 1298 humilitate

946 1316 1048 1342 nostra
1063 1315 1200 1350 suscepta
1213 1314 1247 1341 ad
1267 1322 1297 1341 se
1312 1313 1410 1349 ipsum
1426 1313 1518 1341 Deum
1543 1313 1680 1348 Verbum,
1697 1314 1768 1342 dum

945 1359 982 1387 ad
999 1359 1112 1386 Patrem
1128 1358 1217 1386 vadit.
1239 1358 1286 1386 Sic
1310 1361 1420 1391 autem,
1438 1358 1544 1394 inquit,
1565 1358 1680 1392 vadem,
1698 1366 1768 1395 quo-

945 1404 1025 1432 niam
1039 1411 1112 1440 opus
1142 1403 1238 1431 Patris
1260 1403 1338 1438 quod
1368 1403 1403 1430 ad
1427 1404 1454 1430 te
1483 1402 1620 1439 pertinet,
1647 1403 1766 1440 perfeci.

945 1448 1072 1476 Etenim:

982 1493 1045 1521 Tota
1058 1493 1176 1527 pulchra
1200 1500 1238 1526 es,
1267 1492 1427 1529 propinqua
1446 1500 1518 1527 mea,
1534 1495 1561 1520 et
1589 1492 1698 1521 mal-uia
1711 1500 1768 1522 non

906 1525 1073 1566 Cmam

980 1584 1073 1610 Mente
1089 1581 1228 1610 nimirum
1245 1584 1273 1610 et
1288 1581 1387 1610 anima
1410 1584 1439 1610 et
1463 1591 1549 1611 carne
1573 1582 1695 1619 pulchra
1718 1591 1768 1612 es:

945 1634 1031 1655 carne
1047 1627 1178 1662 quidem,
1195 1629 1228 1654 ut
1247 1635 1298 1663 per
1314 1627 1460 1655 actionem
1491 1637 1508 1656 a
1536 1627 1624 1655 variis
1653 1629 1769 1663 pertur-

945 1671 1117 1699 bationibus
1132 1673 1267 1707 purgata,
1298 1673 1327 1699 et
1351 1671 1494 1700 virtutum
1522 1672 1654 1700 moribus
1674 1671 1769 1700 excel-

945 1715 1009 1744 lens
1022 1724 1028 1744 :
1046 1715 1143 1744 anima
1155 1717 1264 1749 autem,
1279 1717 1312 1744 ut
1322 1716 1358 1744 ob
1374 1717 1453 1744 omni
1463 1716 1597 1752 improba
1610 1716 1770 1752 cupiditate

947 1761 1092 1796 sejuncta,
1112 1762 1140 1788 et
1167 1760 1355 1788 sermonibus
1385 1761 1521 1788 decorata
1541 1761 1768 1790 mandatorum:

948 1805 1045 1832 mente
1060 1812 1136 1837 vero,
1152 1806 1185 1831 ut
1208 1804 1244 1832 sb
1270 1804 1396 1832 exilibus
1424 1804 1513 1833 etiam
1543 1805 1770 1841 cogitationibus

947 1849 1083 1881 liberata,
1101 1857 1134 1876 ac
1149 1849 1304 1885 splendida
1329 1851 1358 1877 et
1387 1857 1439 1885 per
1460 1849 1584 1884 gratiam
1610 1849 1640 1877 in
1661 1849 1773 1886 Spiritu

950 1895 1051 1921 sancto
1066 1892 1164 1921 divina
1174 1893 1285 1921 effecta.
1303 1893 1336 1921 Et
1351 1896 1504 1930 propterea
1520 1893 1637 1922 macula
1653 1902 1710 1922 non
1728 1896 1773 1922 est

949 1938 980 1966 in
997 1940 1033 1972 te,
1050 1946 1114 1974 quas
1129 1937 1201 1966 mihi
1217 1937 1254 1965 ob
1269 1938 1478 1974 perfectionem
1495 1938 1662 1975 propinqua
1678 1947 1719 1967 es.

1313 1991 1412 2020 Ριςειιί.

985 2045 1061 2073 Tum
1077 2044 1113 2072 ad
1129 2044 1266 2080 maiorem
1287 2044 1361 2073 hanc
1387 2045 1510 2080 gloriam
1539 2046 1653 2074 invitat.
1668 2046 1735 2074 Veni
1746 2046 1777 2074 in

69 2093 155 2128 Δεῦρο
169 2090 223 2118 ἀπὸ
238 2088 367 2124 Λιϐάνου,
379 2089 484 2128 νύμφη.
501 2090 583 2126 Δεῦρο
599 2088 652 2116 ἀπὸ
676 2085 792 2115 Λιϐάνου
819 2087 894 2115 ἐλεύ-

978 2089 1067 2123 ibono,
1083 2097 1192 2125 sponsa.
1215 2089 1285 2124 Age,
1313 2089 1349 2118 de
1374 2089 1483 2118 Libano
1509 2090 1617 2118 venies.
1644 2091 1776 2124 Quando,

70 2147 116 2173 σῃ.
134 2134 223 2169 Ἐπεὶ,
241 2134 335 2171 φησὶν,
349 2133 486 2169 ὶλήλυθας
503 2132 541 2165 εἰς
559 2133 590 2160 τὸ
613 2136 663 2167 τῆς
680 2132 802 2169 σμύρνης
823 2130 894 2170 ὅρος,

978 2134 1059 2170 lquit,
1075 2132 1182 2162 venisti
1198 2133 1235 2162 ad
1250 2134 1373 2170 myrrﬁzc
1390 2137 1532 2168 montem,
1548 2137 1577 2163 et
1607 2136 1642 2163 ad
1672 2135 1776 2164 collem

68 2181 113 2208 καὶ
142 2176 289 2214 συνανέϐης
316 2188 363 2215 μοι
395 2178 493 2215 βουνὸν
521 2176 601 2205 αὐτὸν
628 2177 673 2204 τὸν
698 2179 746 2204 τοῦ
773 2174 894 2204 λιϐάνοιν

978 2178 1051 2206 iuris
1081 2186 1196 2206 mecum
1224 2179 1421 2207 conscendisti
1447 2187 1453 2206 :
1497 2179 1551 2207 hoc
1578 2182 1633 2215 est,
1663 2188 1779 2208 mecum

68 2224 170 2263 ἤγουν,
195 2223 256 2261 ἐμοὶ
290 2223 446 2257 συνέπαθες,
476 2220 550 2258 ἤτοι,
585 2220 790 2257 συνεδοξάσθης·
821 2219 894 2259 ὃεῦρε

978 2231 1042 2251 assa
1056 2231 1097 2256 es,
1114 2225 1142 2251 et
1157 2223 1245 2251 simul
1271 2223 1397 2260 gloriam
1426 2224 1587 2260 accepisti;
1607 2232 1669 2260 age,
1686 2225 1722 2252 de
1733 2224 1779 2252 Li-

71 2269 173 2298 λοιπὸν
194 2265 310 2303 ἀνάϐηθι
330 2268 417 2305 τάχος
430 2267 460 2295 ἐκ
483 2268 532 2294 τοῦ
556 2263 674 2294 Λιϐάνου
699 2266 767 2304 πρὸς
794 2263 894 2303 ὑψηλά¹

978 2268 1032 2296 ano
1048 2276 1080 2296 ac
1095 2267 1269 2296 sublimiora
1285 2269 1419 2304 quaedam
1438 2269 1627 2304 perfectionis
1643 2268 1706 2296 loca
1730 2277 1778 2297 ce-

71 2313 138 2351 τερά
170 2323 231 2340 τινα
253 2314 303 2347 τῆς
335 2314 477 2349 προκοπῆς
506 2310 609 2349 χωρία,
636 2310 681 2338 καὶ
713 2311 750 2348 μὴ
775 2311 894 2348 παυθήση

978 2313 1055 2341 :riter
1070 2313 1204 2341 ascende.
1220 2312 1277 2340 Nec
1293 2321 1405 2341 mecum
1422 2313 1542 2341 desinas
1566 2313 1702 2349 progredi
1717 2313 1780 2340 lon-

72 2358 190 2386 πώποτι
220 2354 452 2385 συναναϐαίνουσά
485 2367 545 2393 μοι,
570 2355 614 2383 καὶ
642 2355 776 2394 φεύγουσα
797 2354 894 2392 1mde-

978 2358 1034 2392 ius,
1051 2356 1204 2386 declinatis
1233 2357 1391 2392 pardorum
1421 2356 1600 2392 leonumque
1620 2356 1781 2385 cubilibus.

71 2403 144 2431 λεων
169 2400 286 2439 μάνδραις
306 2401 351 2429 καὶ
366 2403 420 2429 τῶν
445 2400 575 2429 λεόντων.
592 2400 666 2427 Ἐπεὶ
692 2398 715 2426 δ’
731 2400 744 2426 ὁ
761 2399 844 2437 λόγος
858 2399 894 2437 γὲ·

983 2411 1016 2431 oc
1031 2404 1128 2430 autem
1143 2410 1173 2429 re
1188 2401 1253 2437 ipsa
1274 2404 1303 2429 et
1327 2401 1412 2429 factis
1437 2410 1504 2429 cum
1521 2404 1599 2429 esset
1616 2401 1779 2438 expletum,

72 2458 154 2486 γονιν
176 2445 257 2484 ἔργον
280 2446 310 2474 ἐκ
333 2448 386 2474 τῶν
412 2445 592 2484 πραγμάτων,
621 2444 666 2472 καὶ
694 2445 837 2481 συνυψώΘη
862 2442 894 2480 τιῖ

978 2449 986 2474 t
1001 2454 1110 2482 sponsa
1121 2453 1186 2473 cum
1202 2444 1317 2473 Christo
1329 2453 1403 2481 puro
1424 2453 1532 2481 sponso
1549 2445 1636 2473 simul
1653 2445 1783 2473 exaltata

73 2494 185 2531 Χριστῷ
204 2494 244 2528 τῷ
265 2492 375 2529 καθαρῷ
397 2490 520 2529 νυμφίῳ,
545 2490 570 2516 οἱ
595 2488 673 2528 φίλοι
696 2488 894 2527 κατεπλάγησαν

978 2494 1046 2526 sset,
1069 2489 1155 2518 amici
1181 2490 1387 2526 progressione
1416 2490 1540 2526 virginis
1569 2491 1781 2526 obstupefacti,

73 2538 126 2572 τήν
142 2536 287 2574 προκοπὴν
302 2539 352 2569 τῆς
367 2535 488 2574 νύμφης,
503 2533 549 2562 καὶ
563 2534 632 2572 πρὸς
648 2532 730 2568 αὐτὴν
748 2533 894 2570 ᾁσματικῶη

978 2535 1002 2562 ic
1017 2543 1080 2562 eam
1097 2536 1234 2562 canentes
1249 2536 1319 2562 sunt
1339 2534 1458 2563 allocuti
1472 2543 1478 2562 :

74 2580 182 2617 ἰξεῖπον
196 2581 246 2615 τὴν
260 2579 392 2618 παρθένον
398 2589 404 2596 ’

107 2624 293 2664 Ἐκαρδίωσας
307 2626 392 2662 ἡμᾶς,
409 2623 513 2662 ἀδελφὴ
528 2625 609 2661 ἡμῶν
625 2623 730 2662 νύμφη.

111 2669 255 2706 Ἐδίδαξας
270 2670 355 2706 ἡμᾶς,
380 2670 456 2709 φασὶ,
480 2668 542 2706 περὶ
567 2668 633 2697 Θεοῦ
649 2679 675 2696 τι
699 2666 794 2702 πλέον,
822 2667 907 2705 ὁρῶν-

995 2623 1156 2651 Vulnerasti
1164 2631 1210 2652 cor
1224 2627 1358 2658 nostrum,
1378 2632 1456 2652 soror
1467 2626 1562 2652 ucstra
1578 2632 1694 2659 sponsa.

997 2671 1036 2697 De
1051 2668 1110 2697 Deo
1126 2676 1179 2697 nos
1194 2668 1335 2705 quiddam
1344 2668 1474 2705 amplius
1482 2669 1621 2704 docuisti,
1631 2670 1702 2697 dum
1713 2677 1786 2697 ocu-

108 2764 134 2782 “
147 2763 237 2795 Joan.
252 2769 311 2798 xu,
326 2762 374 2792 28.

243 2827 376 2859 Psmoa.
399 2825 456 2858 (in.
478 2823 596 2858 CXXII.

1591 2823 1632 2856 20
