1951 3051
193 94 254 123 823

859 92 1070 124 MiCHAELIS
1092 93 1229 123 PSELLI

1839 97 1890 129 614

194 167 322 195 sponsae,
338 167 401 195 quae
425 159 543 195 quidem
574 167 699 195 magnus
728 159 881 195 apostolus
910 159 1012 187 Paulus

1087 158 1212 189 κλεκτοῖς
1238 160 1287 186 τοῦ
1314 160 1390 194 Θεοῦ,
1421 159 1510 197 ἁγίοις
1540 159 1695 188 ἐνδύσασθαι
1723 160 1891 199 ὶγκι).εύεται,

194 204 290 232 electis
307 205 356 231 Dei
371 205 483 238 sanctis,
501 206 533 231 ut
561 204 687 231 induant
702 204 843 240 praecipit,
859 207 929 232 sunt
943 205 1019 232 beni-

194 250 287 283 gnitas
301 253 327 276 et
339 249 485 276 humilitas
496 249 537 276 ‘5:
554 257 617 284 qua:
647 249 742 285 primo
771 257 887 285 quoque
907 249 1020 277 homini

196 293 330 321 divinum
339 293 508 320 mandatum
520 293 750 328 assignavit,quo
762 293 804 320 illi
822 294 1022 329 praescriptum

195 337 253 365 fuit
267 340 300 365 ut
314 338 425 366 bonum
442 340 551 374 ageret,
568 338 656 373 idque
672 346 722 374 per
737 337 934 366 humilitatem
953 346 1020 365 cus-

194 383 312 411 todiret.
333 382 426 417 Hujus
438 385 536 410 autem
564 382 759 418 transgressio
783 381 957 410 exuitillum
970 391 1020 417 spe

196 426 358 455 divinitatis
374 426 524 462 allectum,
553 430 580 454 et
610 429 745 454 naturam
762 429 863 454 contra
879 435 910 454 se
926 426 1019 462 ipsam

195 471 336 499 eil'eravit.
352 473 433 499 Hanc
449 479 516 499 vero
542 471 620 499 Deus
638 470 768 498 Verbum
795 479 898 499 rursus
925 471 1021 498 induit

195 516 329 552 exemplo
345 524 410 544 suo.
426 515 610 543 Humilitatis
635 515 714 543 enim
745 524 878 543 normam
895 515 1022 544 ostendit

195 561 301 595 nobis;
317 568 385 588 nam
399 568 459 588 cum
488 561 519 588 in
544 561 637 596 forma
666 561 715 588 Dei
742 562 821 593 esset,
845 561 1021 596 semetipsum

194 606 360 640 exinanivil,
379 607 500 641 formam
520 606 592 633 servi
616 605 753 640 accipiens
770 605 809 633 ‘5:
829 605 1021 641 Benignitatis

195 653 306 684 autem,
323 651 393 686 quia
416 658 468 686 pro
485 650 580 678 salute
597 652 695 677 nostra
712 650 761 685 qui
776 653 876 678 sontes
891 658 1021 685 eramus,

194 698 337 725 innocens
349 696 412 732 ipse
427 697 550 723 mortem
568 695 671 723 subiit.
689 695 885 728 Quamobrem
907 697 935 723 et
950 695 1022 723 odor

195 741 441 770 vestimentorum
457 739 566 774 inillis,
583 739 633 776 qui
648 739 703 768 hoc
719 740 818 767 animo
834 739 1020 775 suntinduti,

197 787 298 821 utpote
313 785 364 821 qui
380 784 593 820 benignitatem
622 786 650 811 et
679 783 952 811 immutabilitatem
970 783 1021 811 Dei

197 839 257 866 praa
272 838 303 858 se
319 831 413 858 ferant
427 832 455 857 et
470 831 624 866 propterea
639 829 730 857 divini
747 829 816 862 sint,
833 830 911 866 quod
941 829 1020 864 ejus-

198 874 276 902 modi
294 874 393 902 amicti
406 873 670 909 sintindumentis,
685 876 730 902 est
744 882 834 910 super
851 873 949 902 omnia
959 882 1022 901 aro-

198 921 287 948 mata.
304 918 383 946 Nihil
399 918 476 946 enim
498 919 659 954 comparari
689 920 785 954 potest
799 918 964 954 fragrantia
980 918 1022 944 di-

197 963 341 997 vinitatis,
358 972 448 1000 quam
474 964 530 991 Deo
555 963 732 999 desponsata
748 972 806 991 non
823 972 874 999 per
889 966 1023 991 naturam

199 1009 323 1044 obtinet,
335 1008 386 1036 sed
398 1017 450 1044 per
464 1008 590 1044 gratiam
602 1008 786 1044 adipiscitur.
800 1009 840 1036 Ac
851 1008 1024 1036 vestimenta

199 1054 318 1089 quidem
331 1055 381 1081 tua
392 1052 479 1081 talem
492 1052 632 1080 emittunt
640 1052 825 1081 suavitatem.
837 1054 943 1080 Caetera
957 1060 1024 1080 vero

199 1098 271 1134 quid
286 1100 297 1126 Ρ

235 1144 337 1171 Favum
351 1142 494 1170 distillant
509 1142 583 1170 labia
595 1144 653 1175 tua,
669 1150 788 1178 sponsa:
803 1144 858 1170 mel
870 1147 897 1171 et
919 1143 961 1170 lac
974 1142 1024 1170 sub

201 1189 298 1224 lingua
314 1192 373 1215 tua.

235 1232 365 1261 Doeendi
382 1231 525 1260 rationem
541 1240 573 1260 ac
589 1232 710 1260 modum
739 1234 856 1260 servant
878 1231 957 1260 labia
971 1234 1024 1260 tua

201 1277 244 1306 sic
260 1277 451 1311 instructum,
482 1277 515 1304 ut
543 1277 579 1304 ab
608 1276 726 1313 apicula
745 1277 842 1305 favum
858 1277 1023 1305 confectum

202 1321 465 1357 oernimus.Neque
472 1321 550 1349 enim
561 1321 647 1349 unica
658 1321 771 1350 ratione
782 1323 896 1349 cunctis
906 1321 1025 1350 audien-

200 1367 282 1396 tibus
297 1366 379 1394 aii'ert
389 1365 547 1394 utilitatem
561 1374 566 1392 :
580 1366 630 1394 sed
640 1374 690 1402 pro
707 1367 851 1402 cujusque
867 1366 986 1394 modulo
997 1369 1024 1394 te

201 1411 326 1448 singulis
337 1411 590 1444 accommodas,ut
601 1413 630 1438 et
643 1411 864 1446 pertectioribus
881 1413 909 1439 et
925 1412 1023 1439 rudio-

201 1457 284 1484 ribus
300 1455 476 1483 satisfacias.
506 1457 547 1483 Ac
572 1457 699 1483 mentem
720 1455 837 1491 quidem
856 1464 956 1484 eorum
974 1455 1023 1491 qui

202 1503 272 1530 sunt
286 1499 418 1537 perfecti,
434 1499 628 1527 divinioribus
643 1500 750 1535 verbis,
767 1502 910 1536 tanquam
926 1501 1022 1533 melle,

201 1545 405 1575 dulcissimam
434 1544 541 1572 reddis.
573 1545 628 1576 Qui
658 1553 723 1572 vero
753 1545 840 1573 rudes
856 1545 1024 1580 tironesque

201 1592 282 1624 sunt,
299 1597 399 1617 eorum
430 1589 546 1616 animos
573 1591 713 1624 tanquam
744 1589 819 1616 lacte
841 1588 1026 1617 naturalibus

202 1634 301 1671 exples
317 1633 588 1669 institutis.Duplex
604 1633 664 1661 haec
679 1634 888 1670 igitur,nempc
901 1634 1027 1662 divinior

204 1682 233 1707 et
249 1678 406 1707 humanior
434 1678 556 1706 docendi
587 1678 672 1713 ratio,
701 1678 742 1706 ita
765 1678 841 1714 viget
857 1679 911 1706 sub
927 1678 1026 1714 lingua

204 1726 267 1760 tua,
285 1725 317 1751 ut
332 1731 381 1751 eas
397 1723 473 1750 haud
491 1722 691 1758 intempestive
707 1731 835 1758 promas,
852 1723 902 1751 sed
919 1731 1025 1759 oppor-

204 1771 275 1797 tune
290 1770 379 1804 atque
391 1768 610 1795 accommodate
625 1768 660 1795 ad
673 1775 784 1802 eorum,
802 1768 851 1803 qui
868 1767 1027 1796 instituun-

200 1815 262 1849 tur,
279 1813 447 1841 utilitatem.

235 1859 273 1885 Et
287 1857 353 1886 odor
360 1858 587 1885 vestimentorum
599 1861 711 1884 tuorum
723 1857 793 1884 sicut
807 1856 873 1884 odor
889 1857 988 1884 thuris.

200 1902 373 1939 Fragrantia
401 1901 514 1929 scilicet
543 1910 664 1937 operum
692 1903 822 1935 tuorum,
839 1902 947 1937 quibus
962 1903 1024 1929 tum

197 1948 269 1976 viris
286 1946 459 1975 naturaliter
474 1946 596 1982 promis,
611 1948 675 1973 tum
692 1946 721 1973 in
738 1946 851 1981 agendo
868 1954 901 1973 ex
918 1946 1025 1974 mentis

199 1991 369 2028 praescripto
382 1999 477 2018 mores
490 1990 575 2026 quasi
587 1990 765 2018 vestimenta
776 1990 908 2025 quaedam
921 1990 1020 2018 indue-

198 2036 251 2070 ris,
268 2035 372 2063 divina:
388 2035 577 2071 providentia?
594 2043 657 2070 quae
683 2035 797 2062 cunctis
813 2035 842 2062 in
859 2035 947 2062 rebus
963 2043 1024 2062 cer-

199 2081 290 2114 nitur,
307 2079 443 2107 suavitati
465 2079 572 2106 similis
588 2081 651 2106 est:
678 2087 744 2106 cum
775 2079 810 2106 ad
827 2079 1023 2107 imitationem

197 2125 260 2158 Dei,
277 2124 382 2152 salutis
399 2123 559 2151 multorum
582 2131 682 2150 curam
697 2132 791 2159 geras.
809 2123 928 2159 Propria
945 2124 1022 2152 enim

196 2170 311 2198 ratione
327 2169 455 2205 quedam
472 2168 542 2196 thus
560 2168 595 2195 ad
612 2168 753 2196 honorem
769 2167 816 2195 Dei
832 2168 967 2196 refertur.
985 2170 1024 2196 Ac

1075 206 1092 239 ἡ
1124 205 1282 241 χρηστότης
1311 205 1365 233 ἐστῖ
1386 206 1431 233 καὶ
1459 208 1476 241 ἠ
1491 207 1735 246 ταπεινοφροσύνη,
1752 207 1768 234 ἃ
1791 208 1833 235 καὶ
1858 212 1892 245 τῷ

1075 249 1284 286 πρωτοπλάστῳ
1299 251 1316 284 ἡ
1335 251 1382 286 μὲν
1411 250 1468 282 θεία
1492 251 1590 285 ἐντολὴ
1614 255 1806 289 περιεποιεῖτο,
1823 252 1890 291 ἔργά-

1077 296 1164 327 ζεσοαι
1194 294 1225 321 τὸ
1253 294 1365 331 ἀγαθὸν,
1379 295 1423 322 καὶ
1439 295 1583 334 φυλάσσειν
1601 298 1681 323 τοῦτο
1710 295 1756 323 διὰ
1777 307 1890 325 ταπεινο-

1076 337 1211 376 φροσύνης
1252 339 1452 375 προτρέπουσα.
1481 340 1513 368 Ἥ
1551 339 1580 367 δὲ
1612 338 1763 378 παράϐασις
1801 342 1891 378 ταύτης

1076 381 1206 417 ἐξὲδυσεν,
1230 382 1322 410 ἐλπίδι
1347 384 1474 420 θεότητος
1500 383 1660 419 δελεάσασα,
1689 385 1735 412 καὶ
1763 387 1822 413 καθ’
1836 386 1889 414 ἑαυ-

1074 428 1124 459 τῆς
1150 428 1200 461 τὴν
1231 427 1308 466 φύσιν
1339 427 1537 464 ἐκθηριώσασα·
1554 429 1655 464 ταύτην
1686 429 1715 457 δὲ
1739 429 1819 457 πάλιν
1847 430 1890 458 αὒ-

1075 471 1120 502 τὸς
1138 472 1151 498 ὁ
1167 471 1232 502 Θεὸς
1248 473 1334 511 Λόγος
1352 472 1456 500 ὶνέδυσε
1471 473 1510 510 τῷ
1523 475 1582 501 καθ’
1598 474 1691 502 ἑαυτὸν
1712 473 1888 513 ὑποδείγματι.

1075 514 1181 552 Τρὸπον
1210 516 1262 553 γὰρ
1290 517 1543 556 ταπεινοφροσύνης
1575 517 1622 554 μὲν
1653 516 1788 553 ὑπέδειξεν
1819 520 1888 555 ἡμῖν,

1076 559 1117 586 ὅτι
1142 559 1167 586 ἐν
1197 562 1290 597 μορφῇ
1320 563 1388 588 Θεοῦ
1418 561 1548 599 ὑπάρχων
1574 562 1666 589 ἑαυτὸν
1689 561 1812 596 ὖκὲνωσε,
1829 574 1889 600 μορ-

1076 604 1129 642 φὴν
1157 603 1258 632 δούλου
1286 603 1397 633 λαϐών*
1413 606 1604 643 χρηστότητος
1633 606 1672 644 δὲ,
1690 607 1732 634 ὅτι
1765 608 1827 644 ὑπὲρ
1848 612 1890 643 τῆς

1076 650 1214 687 σωτηρίας
1231 652 1284 677 τῶν
1306 651 1458 678 ὑπευθύνων
1484 653 1576 688 ἡμῶν,
1596 652 1640 679 καὶ
1672 655 1761 684 θανεῖν
1789 652 1889 680 ἀνευθύ-

1075 705 1130 725 νως
1145 695 1288 732 ἠνέσχετο.
1306 696 1387 724 Ὅθεν
1400 695 1446 723 καὶ
1458 697 1476 730 ἡ
1493 695 1519 723 ἐν
1535 699 1593 727 τοῖς
1616 697 1685 724 κατὰ
1698 697 1810 734 γνώμην
1833 699 1889 725 ταῦ-

1075 749 1108 766 τα
1123 738 1314 775 ἐνδυσαμὲνοις
1337 739 1435 768 εὐωδία
1461 740 1627 776 τούτων,ὡς
1653 740 1823 780 ἐμφαντικῶν
1849 744 1890 775 τῆς

1076 783 1246 821 ἀγαθότητος
1273 787 1322 811 τοῦ
1348 787 1415 812 Θεοῦ
1445 785 1490 813 καὶ
1514 789 1564 819 τῆς
1594 785 1732 823 ἀτρεψίας,
1762 786 1888 818 κάντεῦθεν

1076 830 1212 856 Οεωτικῶν
1240 830 1292 856 τῶν
1320 828 1501 866 ἐνδεδυμένων
1532 829 1608 864 αὐτὰ,
1635 830 1704 867 ὑπὲρ
1733 829 1816 858 πάντα
1843 831 1888 858 ἐπὶ

1076 873 1109 900 τὰ
1132 872 1274 910 ἀρώματα.
1291 872 1375 901 Οὐδὲν
1398 874 1449 912 γὰρ
1478 877 1637 912 παρισοῦται
1661 876 1696 911 τῇ
1727 873 1824 911 εὐωδίᾳ
1847 879 1889 909 τῆς

1079 917 1217 953 θεότητος,
1242 919 1274 952 ἣν
1301 919 1318 952 ἡ
1335 922 1517 957 νυμφευθεῖσα
1542 921 1581 955 τῷ
1609 921 1668 954 Θεῷ
1698 918 1728 946 οὐ
1755 919 1828 958 quasi
1851 921 1887 947 xt-

1077 972 1184 997 χτηται,
1202 961 1274 989 ἀλλὰ
1289 963 1383 1000 χάριτι
1398 960 1606 999 περιϐάλλεται.
1620 963 1669 990 Καὶ
1684 963 1810 998 τοιαύτην
1839 965 1888 1000 μὶν,

1078 1007 1155 1046 φησὶ,
1171 1007 1204 1034 τὰ
1217 1007 1313 1044 ἱμάτιά
1329 1019 1376 1036 σου
1393 1006 1506 1036 εὐωδίαν
1526 1007 1696 1045 ἐκπέμπουσι
1711 1018 1717 1026 ·
1733 1008 1767 1036 τὰ
1787 1007 1814 1036 δὲ
1837 1008 1889 1037 λοι.

1078 1051 1175 1086 miri;

1114 1141 1215 1179 Κηρίον
1233 1141 1411 1176 ἀποστάζουσι
1427 1142 1461 1170 τὰ
1475 1141 1557 1181 χείλη
1574 1153 1633 1180 σου,
1649 1142 1756 1182 νύμφη,
1774 1141 1832 1180 μέλι
1852 1142 1888 1170 καὶ

1079 1184 1152 1222 γάλα
1169 1185 1220 1213 ὑπὸ
1235 1186 1284 1220 τήν
1301 1186 1427 1224 γλῶσσάν
1444 1198 1503 1216 σου.

1114 1231 1226 1268 Ἦγουν.
1243 1231 1329 1269 Λόγον
1354 1230 1544 1260 διδασκαλικὸν
1569 1232 1737 1270 προφέρουσι
1763 1233 1795 1260 τὰ
1816 1231 1887 1270 χείλη

1079 1285 1126 1302 σου
1153 1275 1409 1313 κατεσκευασμένον,
1437 1277 1527 1315 ὥσπερ
1560 1277 1611 1305 ὑπὸ
1641 1276 1771 1314 μελίσσης
1795 1277 1888 1314 κηρίον,

1079 1319 1104 1346 ἐν
1120 1322 1159 1356 τῷ
1173 1321 1210 1357 μή
1228 1319 1423 1348 ἐπιδείκνυσθαι
1448 1319 1577 1358 μονοειδῆ
1608 1324 1668 1352 τοῖς
1699 1321 1821 1349 ἀκούουσι
1847 1321 1886 1355 τήν

1079 1363 1224 1402 ὠφέλειαν,
1242 1364 1314 1392 ἀλλὰ
1326 1364 1511 1401 καταλλήλως
1537 1365 1604 1403 πρὸς
1634 1366 1686 1400 τήν
1704 1368 1756 1393 τῶν
1783 1364 1885 1402 δεχομέ-

1078 1419 1131 1435 νων
1157 1409 1335 1447 ἁρμόττεσθαι
1361 1408 1486 1447 δύναμιν,
1508 1411 1545 1442 ὡς
1569 1410 1614 1437 καὶ
1639 1413 1700 1441 τοῖς
1724 1409 1887 1448 τιλειοτέροις

1079 1453 1123 1480 καὶ
1139 1456 1196 1484 τοῖς
1213 1453 1443 1492 νηπιωδεστὲροις
1467 1455 1575 1482 οἷ’κείωε
1591 1453 1664 1492 ἔχειν
1679 1465 1684 1470 ·
1711 1457 1763 1482 τῶν
1789 1454 1832 1491 μὶν
1847 1454 1884 1481 τὸν

1078 1500 1139 1524 νοῦν
1157 1497 1338 1530 τελειωτικῶς
1364 1498 1512 1536 θειοτέροις
1537 1499 1574 1530 ὡς
1603 1498 1697 1536 μέλιτι
1726 1498 1889 1537 γλυκαίνοντα

1081 1542 1197 1580 ῥήμασι,
1211 1545 1265 1570 τῶν
1283 1542 1311 1570 δὲ
1323 1543 1372 1578 τὴν
1390 1542 1510 1571 διάνοιαν
1534 1543 1719 1582 εἶσαγωγικῶς
1742 1546 1798 1575 τοῖς
1825 1553 1889 1582 φυσι-

1081 1589 1140 1618 κοῖς
1170 1588 1207 1618 ὡς
1233 1586 1349 1625 γάλακτι
1379 1588 1521 1626 τρέφοντα.
1552 1588 1635 1616 Αὖται
1665 1587 1712 1615 οὖν
1737 1588 1764 1615 αἱ
1778 1585 1889 1615 διδασκα-

1081 1629 1148 1666 λίαι,
1209 1643 1238 1659 τε
1267 1633 1388 1671 Θειοτὲρα
1416 1633 1459 1660 καὶ
1483 1634 1500 1667 ἡ
1529 1632 1768 1670 ἀνθρωπικωτὲρα,
1787 1633 1834 1660 ὑπὸ
1848 1632 1888 1666 τὴν

1079 1674 1205 1714 γλῶσσάν
1235 1687 1292 1711 σου,
1322 1677 1358 1708 ὡς
1393 1677 1431 1713 μὴ
1470 1677 1588 1715 ἀκαίρως
1621 1677 1720 1708 ταύτας
1753 1676 1889 1714 προφέρῃς,

1081 1719 1153 1748 ἀλλά
1167 1720 1235 1748 κατὰ
1258 1721 1351 1760 καιρὸν
1375 1721 1422 1748 τὸν
1442 1720 1574 1759 ἁρμόδιον
1598 1721 1643 1749 καὶ
1666 1721 1760 1760 χρείαν
1789 1720 1888 1749 ἑκάστου

1082 1763 1293 1802 διδασκομένων.

1177 1855 1228 1882 Καὶ
1246 1855 1317 1892 ὁσμή
1335 1854 1452 1892 ἱματίων
1467 1866 1515 1883 σου
1532 1856 1570 1887 ὡς
1587 1855 1660 1893 ὀσμή
1683 1852 1804 1884 λιϐάνου.

1115 1902 1229 1937 ’⁷Ηγουν,
1245 1900 1277 1928 Ἡ
1293 1899 1390 1927 εὐωδία
1405 1902 1457 1928 τῶν
1472 1898 1556 1939 ἔργων
1583 1911 1641 1936 σου,
1672 1901 1708 1928 ὢν
1735 1901 1757 1928 εὶ
1782 1900 1825 1927 καὶ
1850 1899 1889 1928 τὰς

1081 1941 1207 1980 δυνάμεις
1232 1946 1352 1981 φυσικῶς
1379 1943 1509 1983 ἐπιφέρῃ·
1525 1943 1599 1972 ἀλλὰ
1620 1944 1686 1976 τοὺς
1715 1942 1890 1982 ἑνιργητικοὺς

1079 1987 1198 2026 τρόπους
1218 1989 1285 2016 κατὰ
1299 1989 1414 2027 γνώμην
1431 1989 1468 2020 ὡς
1484 1989 1580 2026 ἱμάτια
1604 1986 1770 2027 περιϐάλλῃ,
1797 1989 1827 2024 τῇ
1852 1987 1888 2014 εὖ·

1080 2031 1148 2068 ωδίᾳ
1161 2036 1212 2068 τῆς
1228 2033 1289 2071 περὶ
1305 2033 1388 2060 πάντα
1402 2036 1451 2060 τοῦ
1467 2035 1534 2062 Θεοῦ
1559 2034 1689 2072 προνοίας
1714 2033 1887 2070 παρείκασταιε

1079 2078 1146 2105 κατὰ
1161 2078 1275 2115 μίμησιν
1293 2080 1370 2113 Θεοῦ,
1386 2077 1544 2115 κηδομίνης
1560 2089 1608 2106 σου
1635 2079 1686 2113 τῆς
1709 2080 1761 2106 τῶν
1787 2075 1887 2104 πολλῶν

1079 2122 1225 2160 σωτηρίας.
1242 2121 1410 2157 ’[διαζόντως
1435 2123 1486 2161 γὰρ
1509 2123 1577 2150 κατά
1598 2133 1659 2150 τινα
1682 2122 1762 2161 λόγον
1785 2121 1821 2152 εἷς
1845 2120 1886 2154 τὴν

1078 2169 1126 2194 τοῦ
1144 2169 1210 2194 Θεοῦ
1237 2168 1321 2204 τιμὴν
1349 2168 1363 2195 ὁ
1392 2165 1501 2199 λίϐα-ὀς
1529 2167 1719 2195 ἀποτέτακται.
1744 2165 1791 2193 Καὶ
1817 2164 1887 2196 καθέ-

197 2213 449 2250 qnemadmodum
465 2212 534 2240 thus
547 2221 580 2240 ex
593 2212 710 2248 proprio
722 2212 866 2245 odore,sic
886 2212 974 2246 Deus,
992 2221 1012 2240 e:

1083 2223 1129 2250 περ
1146 2213 1225 2243 οὗτος
1243 2212 1271 2239 ἐκ
1283 2215 1332 2246 τῆς
1348 2211 1420 2244 ἲδίας
1446 2212 1544 2249 ὀσμῆς,
1562 2211 1633 2239 οὕτω
1653 2222 1697 2239 και
1718 2211 1748 2238 τὸ
1771 2212 1840 2238 Θεῖον
1863 2207 1888 2236 ἐκ

197 2267 295 2287 rerum
311 2257 445 2286 omnium
463 2257 665 2294 providentia;
682 2258 711 2284 et
726 2256 911 2292 singulorum
929 2257 1024 2284 animi

196 2304 321 2336 affectio,
338 2311 372 2331 ex
388 2302 527 2338 operibus
542 2301 756 2329 indicatur.Sed
773 2309 838 2328 cum
855 2301 942 2336 paulo
958 2305 1025 2329 ante

196 2349 315 2376 odorem
330 2347 574 2375 vestimentorum
594 2354 710 2382 sponsae
726 2354 816 2381 super
831 2347 931 2373 omnia
959 2354 1023 2374 aro-

195 2394 275 2420 mata
294 2401 359 2420 esse
374 2392 507 2426 dixisset,
520 2399 572 2418 nec
589 2391 736 2426 quomodo
753 2390 781 2417 id
807 2392 896 2425 esset,
924 2390 1018 2418 decla-

194 2440 311 2472 rasset;
330 2437 377 2464 hic
393 2437 466 2464 illud
483 2436 623 2471 ostendit,
636 2436 706 2462 dum
719 2435 839 2462 odorem
857 2435 940 2462 illum
955 2436 1023 2464 thu-

191 2481 234 2509 ris
250 2481 329 2509 odori
348 2481 476 2509 similem
493 2481 564 2508 dicit
580 2479 730 2508 esseNam
744 2480 823 2507 sicut
838 2480 907 2507 thus
923 2488 1024 2508 accen-

193 2526 273 2554 ditur
289 2526 323 2553 ad
340 2525 464 2562 gloriam
484 2525 530 2552 Dei
546 2533 552 2552 :
581 2527 656 2552 Deus
671 2527 769 2552 autem
787 2524 851 2552 sine
867 2524 927 2552 ulla
943 2533 1022 2552 com-

192 2570 345 2607 paratione
360 2573 406 2598 est
422 2578 519 2598 rerum
537 2569 671 2597 omnium
687 2569 967 2605 praestantissimus;
980 2569 1021 2598 sic

187 2624 279 2652 opera
295 2623 358 2652 quae
375 2615 411 2642 ad
428 2614 533 2643 divinae
549 2614 624 2642 ﬁunt
650 2614 795 2643 bonitatis
811 2614 1019 2651 imitationem,

186 2659 311 2697 reliquis
327 2660 465 2688 omnibus
487 2659 676 2688 antecedunt.

222 2769 245 2787 ⁸⁵
258 2768 366 2798 Coloss.
383 2774 447 2803 xm,
461 2768 505 2796 12.
522 2768 545 2786 ⁴⁶
560 2767 689 2804 Philipp.
701 2776 733 2803 ιι,
749 2769 778 2803 ὃ,
791 2769 818 2797 7.

1079 2257 1128 2290 τῆς
1158 2256 1218 2293 περί
1247 2257 1280 2283 τὰ
1306 2256 1391 2283 πάντα
1419 2255 1560 2294 προνοίας,
1576 2255 1621 2283 καὶ
1639 2256 1657 2290 ἡ
1674 2255 1783 2283 ἑκάστου
1808 2251 1887 2283 διάθε-

1080 2311 1120 2331 σις
1148 2299 1177 2327 ἐκ
1204 2303 1257 2327 τῶν
1283 2299 1367 2338 ἔργων
1411 2301 1582 2339 γνωρίζεται.
1608 2300 1713 2337 Μικρὸν
1744 2298 1771 2326 δὶ
1798 2296 1886 2328 ἄνωθεν

1079 2344 1211 2383 εἰρηκὼς,
1228 2345 1268 2372 ὅτι
1286 2346 1302 2380 ἡ
1320 2345 1392 2381 ὀσμὴ
1415 2347 1469 2372 τῶν
1491 2344 1607 2382 ἱματίων
1631 2348 1680 2380 τῆς
1700 2343 1806 2380 νύμφης
1831 2340 1886 2376 ὑπὲρ

1079 2390 1165 2417 πάντα
1181 2389 1235 2416 ἐστὶ
1251 2389 1284 2416 τὰ
1309 2389 1452 2426 ἀρώματα,
1480 2389 1525 2417 καὶ
1551 2389 1583 2416 τὸ
1611 2389 1669 2420 πῶς
1695 2388 1731 2424 μὴ
1757 2385 1887 2422 δηλοῦται,

1078 2434 1192 2463 ἐνταῦθα
1206 2437 1289 2463 τοῦτο
1305 2434 1398 2471 δηλοῖ,
1415 2437 1448 2472 τῇ
1465 2435 1538 2472 ὀσμῇ
1560 2437 1608 2462 τοῦ
1639 2431 1750 2462 Λιϐάνου
1774 2430 1888 2469 παρεικά-

1079 2481 1132 2513 ζων
1150 2479 1245 2514 αὖτῆν,
1261 2478 1304 2506 διὰ
1318 2479 1349 2506 τὸ
1363 2481 1460 2507 τοῦτον
1477 2479 1514 2510 εἰς
1539 2479 1623 2516 τιμήν
1645 2480 1694 2506 τοῦ
1720 2477 1795 2505 Θείου
1823 2474 1886 2510 λαμ-

1077 2521 1210 2552 ϐάνεσθαι.
1228 2523 1277 2551 Καὶ
1294 2523 1352 2551 ἐπεὶ
1366 2523 1398 2551 τὸ
1420 2526 1496 2552 Θεῖον
1524 2523 1692 2562 ἀσυγκρίτως
1720 2522 1783 2558 ὑπὲρ
1810 2518 1886 2546 πάντα

1076 2568 1143 2604 icti,
1171 2569 1214 2596 χαὶ
1244 2568 1277 2596 τὰ
1305 2568 1373 2596 κατὰ
1403 2568 1518 2607 μίμησιν
1545 2572 1595 2604 τῆς
1625 2568 1705 2595 αὐτοῦ
1732 2565 1885 2605 ἆγαθότητοι

1076 2610 1150 2652 ἔργα,
