1951 3051
174 119 231 150 621

843 113 1052 144 MICHAELlS
1075 114 1210 145 PSELLI

1822 115 1883 147 628

175 186 246 215 mali
258 184 356 223 punici
373 181 661 218 cortice,discipulas
676 181 792 208 animus
815 180 945 208 cohiben‘

1112 179 1138 207 δὲ
1153 178 1231 220 φόϐῳ
1253 183 1307 208 τῶν
1323 181 1519 218 ἠπειλημένων
1543 181 1683 210 κολάσεων
1709 182 1746 214 ὡς
1761 181 1882 220 λὲπορον

176 232 300 268 spiritus
312 231 440 258 fructum
452 228 482 256 in
493 227 565 263 ipsis
586 227 621 254 ab
644 226 782 254 omnibus
807 226 1002 261 perturbatio-

177 276 267 305 nibus
289 276 437 310 integrum
465 273 658 300 conservant:
683 273 746 298 tum
771 270 1001 305 promissionum

178 319 399 356 radiisjustitiee
411 317 491 345 solus
507 325 556 345 eas
567 316 603 344 ad
615 316 782 343 futurorum
794 315 937 342 bonorum
951 315 1000 342 de-

178 365 319 394 siderium
336 361 672 396 inﬂammantes,timore
688 368 776 396 quem
803 359 931 388 cbaritas
957 368 1002 387 ex-

178 410 260 447 pellit
271 410 444 444 ",tanquam
454 406 559 434 cortice
576 406 723 441 disrupto;
750 404 999 440 quemadmodum

177 456 293 482 tructus
309 453 455 481 malorum
472 451 648 487 punicarum
667 451 784 486 gustum
805 449 941 484 oblectat,
958 449 1001 476 sic

176 499 284 527 mentis
299 498 430 534 ipsarum
445 499 544 533 guttur
559 495 714 523 dulcedine
729 495 922 531 perfundunt,
947 502 1000 530 gu-

174 543 319 572 stantium
334 545 363 570 et
376 541 538 570 videntium
549 541 581 575 ⁸⁸,
598 548 718 569 suavem
740 547 804 568 esse
828 539 999 568 Dominum.

173 589 221 617 llas
237 588 376 616 doctrinas
391 587 490 622 igitur,
507 586 577 613 dum
593 594 610 614 θ.
625 584 778 621 discipulis
796 593 825 612 re
847 584 913 621 ipsa
940 587 999 612 tra-

171 635 289 662 ctantur
303 634 332 661 et
346 631 530 666 excoluntur,
547 633 611 658 tum
627 638 780 666 pcenarum
797 631 874 657 metu
891 638 907 657 a
920 629 1000 657 vitiis

172 680 309 715 purgant,
324 679 388 705 tum
400 685 452 713 spe
472 676 661 712 praemiorum
675 674 838 702 incendunt
866 673 933 702 illas
963 674 999 701 ad

171 723 295 758 justitiae
331 730 419 758 opera
440 720 671 756 complectenda.
700 719 789 755 Cypri
810 727 871 746 cum
896 718 995 747 nardo.

175 768 363 796 Diversarum
380 766 514 794 videlicet
522 766 664 793 virtutum
681 765 787 792 ﬂorens
802 766 830 792 et
846 764 999 792 mixtura:

174 813 230 841 hoc
240 812 382 846 est,initia
397 814 425 839 et
448 810 683 838 commixtiones.
708 809 743 837 Ut
766 808 851 836 initia
871 817 1000 844 namque

174 856 343 885 subsistunt
371 856 400 883 in
426 854 592 902 animabus,
618 862 682 902 quas
719 853 919 902 instituuntur
955 853 998 881 vel
1016 870 1040 902 Β

173 900 435 928 comminationum
448 901 528 927 metu
543 898 588 927 vel
599 898 745 926 desiderio
755 897 997 934 promissionum;

171 945 251 974 varia
263 945 426 973 secundum
442 944 583 972 virtutem
599 951 706 979 genere.
717 943 746 971 in
754 945 846 970 Deum
858 944 886 970 et
900 943 998 979 proxi-

171 998 252 1018 mum
268 989 432 1017 charitatis.
445 988 482 1017 Ut
496 987 717 1016 commistiones
740 989 850 1021 autem,
876 995 997 1023 persua-

171 1035 242 1063 dent
255 1034 315 1062 illis
326 1036 358 1061 ut
374 1035 444 1062 dum
460 1035 579 1069 propter
588 1040 673 1061 suam
689 1040 758 1069 erga
767 1032 858 1060 Deum
871 1032 998 1060 charita-

170 1081 230 1107 tem
245 1086 331 1106 carne
342 1077 586 1114 patiuntur,mala
596 1077 762 1105 sustineant
772 1077 808 1105 ob
823 1077 997 1105 charitatem

172 1131 231 1159 qua
237 1122 403 1159 proximum
411 1121 829 1158 amplectuntur,laatitiamque
837 1122 1000 1158 percipiant

173 1175 207 1195 ex
218 1168 316 1195 futura
325 1167 574 1195 remuneratione.
586 1166 660 1194 Dum
673 1169 770 1194 autem
784 1169 902 1202 propter
913 1175 998 1194 suam

172 1212 203 1240 in
219 1212 386 1248 proximum
397 1211 568 1240 cbaritstem
581 1211 658 1239 mala
667 1211 999 1246 sustinent,charitatem

172 1265 232 1293 praa
247 1265 279 1285 se
293 1256 390 1284 ferant
406 1265 462 1292 qua
478 1256 572 1284 Deum
589 1258 821 1292 prosequuntur,
833 1256 897 1291 ejus
914 1265 997 1284 man-

174 1301 274 1330 datum
294 1302 456 1336 servantes,
474 1309 531 1337 quo
548 1301 633 1328 nobis
649 1301 818 1336 praecipitur
831 1302 874 1336 {ut
900 1301 999 1337 proxi--

171 1355 256 1375 mum
268 1346 438 1383 diligamus.
456 1345 503 1374 Sic
519 1346 609 1382 igitur
623 1354 737 1382 sponsae
754 1345 886 1373 doctrina
901 1346 940 1373 sit
968 1346 998 1373 in

172 1389 329 1427 discipulis
341 1390 447 1418 nardus
460 1394 486 1418 et
500 1397 604 1423 crocus,
621 1390 715 1425 ﬁstula
735 1393 762 1417 el
791 1391 999 1418 cinnamomum

173 1444 237 1465 cum
251 1436 389 1463 universis
407 1434 494 1470 ligni:
509 1434 624 1462 Libani:
641 1434 670 1462 id
687 1436 741 1468 est,
759 1436 885 1470 quatuor
906 1435 998 1462 virtu-

173 1477 219 1504 tes
231 1476 396 1511 praecipuas,
413 1483 479 1502 cum
495 1474 554 1502 illis
570 1474 710 1502 omnibus
726 1483 789 1510 quae
805 1474 878 1510 ipsis
901 1475 998 1510 subje-

174 1522 226 1548 cta:
243 1521 324 1553 sunt,
343 1519 538 1556 plantatazque
567 1519 596 1546 in
628 1518 810 1546 sublimitate
834 1519 902 1546 ﬁdei
930 1527 998 1556 erga

175 1565 423 1600 Deum,tanquam
436 1563 465 1591 in
483 1565 580 1591 monte
597 1563 769 1591 Libani.Per
784 1564 907 1591 nardum
920 1565 997 1591 enim
1014 1557 1035 1590 C

174 1609 205 1637 in
221 1617 280 1645 qua
293 1611 424 1637 aromata
438 1608 517 1635 varia
543 1607 784 1642 commiscentur,
813 1609 998 1644 prudentiam

175 1653 379 1689 intelligimus,
405 1653 434 1680 in
459 1661 517 1689 qua
545 1652 687 1680 virtutum
712 1653 844 1680 omnium
871 1653 1000 1681 rationes

177 1698 350 1726 summatim
376 1697 572 1725 continentur.
602 1697 655 1725 Per
684 1705 799 1724 crocum
824 1699 919 1726 autem
950 1699 999 1734 qui

178 1743 304 1770 mediam
322 1743 398 1770 inter
413 1742 603 1777 frigiditatem
629 1743 657 1769 et
681 1741 861 1769 caliditatem
891 1743 1002 1770 obtinet

175 1787 245 1820 vim,
277 1789 305 1815 et
338 1787 493 1823 utriusque
529 1786 659 1814 excludit
689 1789 828 1819 extrema,
850 1787 998 1822 justitiam

175 1832 416 1868 accipimusque:
429 1832 558 1858 defectus
574 1833 602 1858 et
626 1839 763 1858 excessus
787 1831 816 1858 in
840 1831 997 1859 virtutibus

175 1877 258 1913 fugit.
276 1877 329 1904 Per
344 1876 458 1903 dulcem
475 1884 541 1903 vero
557 1876 662 1903 calami
688 1875 816 1903 ﬁstulam
843 1885 906 1912 quae
927 1877 998 1904 lcvis

173 1924 219 1949 est
234 1923 262 1949 et
277 1921 306 1948 in
323 1921 448 1949 sublime
463 1921 546 1948 facile
562 1921 684 1956 tollitur,
696 1921 890 1956 temperantia
905 1922 998 1957 signi-

173 1966 296 1993 ﬁcatur:
316 1974 379 2001 qua:
397 1969 524 1993 mentem
554 1965 634 2002 gravi
664 1973 808 2002 corporeae
829 1966 999 2001 cupiditatis

173 2017 261 2037 onere
281 2009 425 2044 sublevat,
450 2018 574 2045 eamque
596 2010 629 2037 ad
654 2010 796 2046 spiritalia
819 2013 848 2038 et
871 2011 999 2039 coelestia

174 2054 331 2082 sublimem
348 2054 434 2090 tollit,
451 2062 612 2090 eorumque
628 2054 720 2090 replet
734 2055 886 2083 suavitate.
903 2057 938 2083 At
949 2064 1000 2092 per

173 2098 393 2126 cinnamomum
409 2099 494 2134 cujus
509 2101 614 2126 natura
629 2101 673 2126 est
687 2099 781 2126 calida
792 2102 879 2135 atque
893 2101 998 2136 jucun-

173 2143 220 2176 da,
234 2142 415 2170 fortitudinis
445 2142 542 2170 divino
558 2143 619 2171 zelo
644 2144 784 2171 adversus
819 2144 997 2180 impietatem

173 2190 260 2223 atque
277 2187 411 2214 militiam
429 2187 558 2215 ardentis
575 2188 663 2216 robur
679 2188 835 2216 indicatur.
851 2189 908 2216 Nec
934 2197 998 2217 vero

173 2241 287 2268 sponsas
303 2232 440 2260 doctrinae
454 2232 483 2259 in
500 2232 654 2268 discipulis
668 2232 728 2260 haec
746 2233 830 2266 fiunt,
848 2234 896 2261 sed
917 2242 997 2268 myr-

171 2277 222 2304 rha
238 2285 343 2312 quoque
357 2281 385 2304 et
400 2277 462 2304 aloe
475 2285 537 2304 cum
558 2277 686 2304 omnibus
708 2278 808 2313 primis
833 2279 996 2313 unguentis:

172 2321 226 2349 hoc
242 2324 297 2357 est,
314 2321 439 2350 carnalis
462 2329 568 2349 sensus
592 2330 692 2349 earum
719 2322 905 2350 mortificatio
930 2331 996 2350 cum

172 2365 310 2394 omnibus
324 2366 429 2402 primis
444 2366 571 2402 Spiritus
583 2367 675 2394 sancti
688 2367 869 2400 muneribus,
883 2367 997 2395 animas

172 2413 389 2445 unguentorum
407 2411 501 2438 instar
515 2411 790 2439 recreantibus.Nisi
805 2411 882 2439 enim
899 2412 999 2439 anima

171 2455 267 2490 sapiat
280 2463 314 2482 ea
336 2463 401 2490 qum
424 2457 494 2482 sunt
517 2455 650 2491 spiritus,
667 2458 695 2483 ct
714 2457 901 2484 sanctissima
918 2456 998 2484 illius

173 2499 249 2526 dona
265 2499 421 2534 suscipiat,
441 2498 568 2534 timoris,
592 2500 723 2535 inquam,
750 2501 940 2534 fortitudinis,
970 2504 997 2530 et

172 2542 296 2575 consilii,
310 2545 337 2570 et
351 2543 490 2577 scientiae,
507 2545 535 2571 et
550 2543 736 2580 cognitionis,
761 2548 789 2573 et
818 2545 995 2579 intellectus,

170 2590 199 2615 et
215 2587 365 2622 sapientiae
382 2597 389 2621 ς
403 2587 529 2615 carnalis
542 2597 646 2616 sensus
663 2589 995 2626 mortiﬁcationem,qua=.

170 2640 220 2668 per
235 2632 385 2667 myrrham
396 2634 424 2659 et
438 2632 653 2669 aloem,quibus
667 2635 852 2662 aromatibus
870 2638 995 2663 mortuo-

169 2684 235 2704 rum
252 2684 371 2712 corpora
393 2677 580 2713 condiuntur,
609 2678 796 2715 intelligitur,
824 2687 882 2706 non
913 2687 994 2707 asse-

208 2782 320 2812 "Joan.
338 2792 374 2818 1v,
393 2784 434 2813 18.
452 2784 474 2802 ιθ
490 2783 566 2813 Psal.
581 2785 682 2821 xxxiii,
697 2786 724 2814 9.

1016 2243 1101 2277 Βαν-

1058 225 1122 263 ροἆς
1148 225 1290 264 στύροντες
1324 226 1371 257 τὰς
1401 227 1620 264 μαθητευομὲνας
1648 227 1749 265 ψυχὰς,
1776 227 1883 265 φυλάτ-

1056 279 1132 296 τουσι
1147 269 1193 297 τὸν
1223 269 1248 296 ἐν
1264 270 1358 301 αὐταῖς
1387 271 1489 309 καρπὸν
1512 273 1560 299 τοῦ
1588 271 1742 308 πνεύματος
1766 269 1884 306 ἀλώϐη-

1055 324 1103 341 τον
1128 314 1180 341 ἀπὸ
1209 313 1315 342 πάντων
1344 317 1398 342 τῶν
1426 315 1590 354 παραλόγων
1619 318 1711 348 παθῶν
1730 326 1736 332 ·
1766 319 1829 347 ταῖς
1856 315 1885 343 δὶ

1057 359 1145 385 ἀκτῖσι
1169 361 1222 386 τῶν
1254 359 1424 397 ἐπαγγελιῶν
1448 363 1496 387 τοῦ
1522 364 1573 396 τῆς
1598 359 1771 396 δικαιοσύνης
1786 359 1884 389 Ἠλίου

1056 403 1094 434 εἱς
1123 403 1206 434 πόθον
1231 406 1284 431 τῶν
1309 403 1466 441 μελλόντων
1491 406 1595 444 ἀγαθῶν
1624 405 1722 438 ταύτας
1747 406 1882 443 καταθερ-

1057 447 1207 484 μαῖνοντες,
1237 449 1283 476 τὸν
1301 447 1393 488 φόϐον,
1411 450 1449 482 ὡς
1470 449 1658 487 προκάλυμμα
1678 449 1866 489 διαῤῥηγνύου

1055 503 1106 527 σιν,
1124 489 1174 528 ἔξω
1197 495 1292 521 τοῦτον
1318 497 1368 528 τῆς
1393 494 1499 532 ἀγάπης
1524 494 1699 532 βαλλοόσηςο
1725 495 1768 522 καὶ
1797 506 1881 523 κατα-

1054 536 1243 574 γλυκαίνηυσιν
1260 538 1306 566 τὸν
1333 539 1429 574 νοητὸν
1453 539 1532 567 αὐτὸν
1558 539 1683 578 φάρυγγα
1706 540 1882 577 γευσαμένων

1054 582 1098 609 καὶ
1128 582 1311 619 θεασαμένων,
1347 583 1388 611 ὅτι
1427 585 1549 622 χρηστὸς
1582 586 1595 612 ὁ
1617 585 1728 623 Κύριος.
1757 586 1880 623 καθάπερ

1054 627 1098 654 καὶ
1125 627 1171 654 τὸν
1201 627 1329 664 αἰσθητὸν
1352 629 1366 655 ὁ
1392 629 1495 667 καρπὸς
1525 631 1580 657 τῶν
1605 630 1686 667 ῥοῶν.
1704 631 1843 662 Ἐντεῦθεν
1858 629 1882 658 δ’

1055 672 1131 700 οὗτοι
1148 673 1174 699 οἱ
1186 671 1374 701 διδασκολικοὶ
1394 672 1473 712 λόγοι
1498 674 1534 705 ὡς
1555 677 1615 705 ταῖς
1643 674 1881 711 μαθητευομέναις

1055 718 1323 754 πραγματευόμενοι,
1339 720 1378 754 τῷ
1403 716 1481 756 φόϐῳ
1504 721 1559 746 τῶν
1584 718 1778 756 ἠπειλημένων
1793 719 1883 747 κολά-

1055 771 1123 788 σεων
1138 762 1229 789 παθῶν
1246 762 1385 798 κάθαρσις,
1407 766 1467 794 ταῖς
1493 762 1517 790 δ’
1542 762 1716 802 ἐπαγγελίαις
1731 767 1785 791 τῶν
1813 762 1883 801 μελ-

1056 805 1159 834 λόντων
1174 807 1289 845 ἀγαθῶν,
1315 805 1399 845 ἔργων
1427 806 1601 843 δικαιοσύνης
1632 808 1772 847 φωτισμὸς
1788 809 1880 847 γίνον-

1054 861 1098 877 ται
1123 850 1244 883 ταύταις.
1272 851 1380 889 Κύπροι
1412 853 1479 889 μετὰ
1493 851 1599 889 νάρδων
1616 862 1622 870 ·
1639 851 1713 888 ἤτοι,
1743 853 1884 881 παντοίων

1055 895 1155 931 ἀρετῶν
1173 894 1238 932 ἄνθη
1261 896 1306 924 καὶ
1335 896 1471 933 κράματα,
1496 896 1579 935 ἀρχαὶ
1610 896 1737 932 δηλονότι
1760 898 1806 925 καὶ
1837 898 1883 934 μί-

1054 939 1117 975 ξεις,
1149 940 1198 967 Καὶ
1215 941 1252 972 ὼς
1267 941 1316 977 μὲν
1341 941 1424 979 ἀρχαὶ
1452 941 1597 981 ὑφιστῶσιν
1623 941 1649 969 ἐν
1673 945 1732 973 ταῖς
1749 941 1881 970 διδασκο-

1055 985 1146 1021 μὲναις
1162 986 1273 1022 ψυχαῖς,
1302 988 1340 1021 τῷ
1362 996 1391 1013 τε
1412 984 1489 1025 φόϐῳ
1510 988 1565 1014 τῶν
1581 985 1700 1014 ἀπειλῶν
1716 987 1813 1024 καὶτῷ
1829 987 1879 1014 πό-

1053 1034 1092 1065 θῳ
1107 1031 1160 1057 τῶν
1178 1029 1357 1068 ἐπαγγελιῶν,
1372 1031 1405 1058 τὰ
1424 1030 1540 1070 διάφορα
1561 1031 1619 1058 κατ’
1640 1031 1737 1069 ἀρετὴν
1752 1030 1811 1066 εἴδη
1829 1035 1882 1066 τῆς

1053 1072 1091 1104 εἷς
1106 1074 1150 1100 τὸν
1167 1074 1231 1101 Θεὸν
1256 1074 1299 1101 καὶ
1320 1074 1365 1101 τὸν
1390 1074 1508 1110 πλησίον
1536 1076 1662 1113 ἀγαπης·
1691 1076 1730 1107 ὡς
1747 1074 1774 1103 δὶ
1792 1076 1884 1112 μίξεις

1053 1118 1190 1145 πείθουσιν
1216 1119 1298 1150 αὐτὰς
1328 1119 1353 1147 ἄν
1380 1121 1420 1156 τῷ
1449 1120 1563 1158 πάσχειν
1589 1121 1677 1158 σαρκὶ,
1701 1119 1745 1148 διὰ
1765 1121 1815 1154 τήν
1843 1121 1885 1151 εἰς

1054 1163 1119 1190 Θεὸν
1149 1163 1269 1201 ἀγάπην,
1285 1163 1448 1199 ἀνεξικακεῖν
1474 1163 1518 1192 διδ.
1539 1165 1588 1200 την
1613 1165 1681 1202 πρὸς
1697 1165 1743 1192 τὸν
1757 1164 1883 1201 πλησίον

1054 1207 1171 1245 ἀγάπην,
1196 1207 1242 1235 καὶ
1272 1209 1462 1247 εὐφραίνεσθαι
1482 1207 1527 1236 διὰ
1543 1210 1593 1243 τὴν
1621 1208 1776 1246 μέλλουσαν
1801 1215 1887 1246 μισθ-

1054 1251 1183 1280 απόδοσιν
1202 1263 1208 1270 '
1235 1253 1260 1280 ἐν
1291 1252 1319 1281 δὲ
1347 1255 1386 1290 τῷ
1417 1254 1580 1289 ἀνεξικακεῖν
1606 1253 1651 1282 διὰ
1677 1254 1726 1289 τὴν
1754 1254 1792 1285 εἰς
1813 1256 1884 1282 τοῦ-

1052 1307 1098 1325 τον
1121 1297 1239 1334 ἀγάπην,
1263 1298 1311 1332 τήν
1333 1297 1371 1328 ενς
1401 1298 1464 1326 Θεὸν
1490 1297 1598 1336 ἀγάπην
1623 1297 1813 1336 ἐνδείκνυσθαι,
1837 1298 1884 1327 διὰ

1052 1343 1103 1376 τὴν
1118 1343 1234 1379 τήρησιν
1250 1346 1299 1378 τῆς
1314 1342 1396 1370 αὐτοῦ
1419 1342 1544 1378 ἐντολῆς,
1559 1343 1620 1378 ἥτις
1636 1343 1690 1371 ἐστὶ
1706 1343 1753 1371 τὸν
1769 1344 1879 1381 ἀγαπᾷν

1053 1387 1100 1414 τὸν
1138 1385 1269 1422 πλησίον.
1299 1387 1443 1420 Κάντεῦθεν
1471 1387 1497 1415 οἳ
1522 1387 1664 1425 εἱρημένοι
1688 1386 1882 1416 διδασκαλικοὶ

1054 1429 1131 1470 λόγοι
1146 1431 1266 1469 γίνονται
1288 1435 1349 1463 ταῖς
1375 1431 1585 1469 διδασκομὲίιαις
1613 1431 1713 1470 νάρδος
1738 1433 1784 1460 καὶ
1810 1433 1881 1470 κρό-

1053 1486 1111 1510 κος,
1142 1475 1266 1513 κάλαμος
1297 1476 1341 1504 καὶ
1376 1476 1552 1514 κιννάμωμον
1589 1478 1655 1514 μετᾶ
1694 1478 1804 1505 πάντων
1835 1478 1881 1513 ξύ-

1054 1519 1110 1547 λων
1140 1523 1187 1547 τοῦ
1218 1518 1337 1548 Λιϐάνου
1354 1531 1361 1537 ν
1390 1519 1485 1559 ἤγουν,
1514 1531 1639 1559 τεσσαρες
1665 1522 1769 1559 γινικαὶ
1786 1522 1881 1559 ἀρεταὶ

1057 1564 1124 1602 μετᾶ
1135 1567 1227 1592 πασῶν
1253 1567 1306 1592 τῶν
1337 1565 1383 1593 ὐπ’
1409 1565 1492 1597 αὖτάς
1518 1568 1634 1603 μερικῶν
1664 1568 1718 1594 τῶν
1734 1566 1882 1604 φυομένων

1055 1609 1066 1637 ἐ
1116 1612 1130 1617 -ν
1152 1608 1180 1629 ‘V'
1259 1613 1288 1626 α.
1329 1610 1335 1619 ς
1485 1609 1490 1620 I
1675 1609 1688 1620 )I

1067 1620 1080 1637 ν
1096 1620 1136 1646 τῳ
1154 1621 1212 1646 ,ψει
1240 1621 1288 1645 τη,
1315 1621 1352 1637 εις
1374 1610 1436 1638 Θεὸν
1460 1621 1588 1645 πεστεως,
1605 1612 1650 1638 οἷα
1674 1621 1730 1649 ορει
1748 1609 1883 1640 Λιϐάνου.

1055 1654 1108 1681 Καὶ
1125 1654 1174 1691 γὰρ
1191 1652 1289 1691 νάρδον
1321 1653 1368 1689 μέν
1394 1665 1472 1693 φησι,
1491 1655 1541 1689 τήν
1556 1655 1593 1686 ὡς
1610 1653 1747 1694 διαφόρων
1764 1655 1884 1693 ἀρωμά-

1055 1708 1108 1725 των
1122 1699 1247 1736 μίγματα
1269 1697 1394 1729 ἒνοειὸὢς
1415 1699 1546 1737 φέρουσαν
1574 1701 1667 1726 πασῶν
1691 1701 1746 1726 τῶν
1775 1700 1883 1737 ἀριτῶν

1055 1742 1119 1773 τοὺς
1136 1741 1234 1779 λόγους
1259 1752 1390 1780 φρονησιν
1407 1753 1413 1759 ·
1439 1743 1537 1780 κρόκον
1564 1742 1603 1777 δὲ,
1621 1743 1657 1774 ὡς
1675 1744 1764 1780 μὲσως
1779 1743 1885 1782 ἔχοντα

1056 1787 1160 1824 ψύξεως
1183 1797 1211 1814 τε
1238 1786 1281 1814 καὶ
1318 1787 1497 1824 θερμότητος,
1541 1788 1585 1815 καὶ
1617 1789 1668 1821 τὴν
1697 1787 1737 1827 ἐφ’
1767 1788 1884 1826 ἑκάτερα

1053 1831 1182 1868 ἀμετρίαν
1207 1831 1381 1870 ἐκφεύγοντα,
1412 1833 1460 1866 τήν
1495 1831 1542 1863 τὰς
1581 1831 1718 1864 ἐλλείώεις
1757 1833 1802 1860 καὶ
1830 1833 1883 1864 τὰς

1053 1874 1208 1914 ὑπερϐολὰς
1246 1878 1299 1903 τῶν
1340 1877 1441 1914 ἀρετῶν
1493 1875 1734 1914 ὃιαδιδράσκουσαν
1770 1875 1882 1905 δικαιο-

1054 1920 1159 1955 σύνην·
1190 1920 1315 1957 κάλαμον
1354 1919 1392 1957 δὲ,
1432 1921 1572 1958 γλυκεῖαν,
1614 1921 1652 1952 ὠς
1677 1921 1804 1960 κούφην,
1834 1923 1882 1949 καὶ

1054 1965 1091 1996 εἷς
1119 1965 1186 2002 ὕψος
1211 1966 1309 1996 ἱκανῶς
1349 1965 1549 2004 ἀνατρέχουσαν
1583 1966 1632 2000 τὴν
1674 1965 1855 2005 σωφροσύνην
1875 1976 1881 1982 ·

1053 2009 1114 2044 ἥτις
1157 2012 1285 2047 σαρκικοῦ
1327 2010 1426 2047 βάρους
1469 2011 1517 2044 τήν
1561 2009 1705 2047 ἐπιθυμίαν
1745 2010 1884 2048 κουφίζει,

1053 2055 1096 2082 καί
1126 2055 1190 2092 into?
1221 2055 1289 2091 πρὸς
1327 2055 1360 2081 τὰ
1397 2055 1565 2092 πνευματικὰ
1601 2054 1645 2082 καὶ
1682 2055 1805 2093 οὐράνια.
1836 2056 1884 2083 καὶ

1052 2103 1101 2134 τῆς
1142 2101 1245 2126 τοῦτων
1294 2099 1466 2136 γλυκύτητος
1507 2099 1554 2126 τὸν
1594 2101 1657 2126 νοῦν
1701 2098 1884 2138 ἐμφορεῖσθαι

1053 2146 1146 2171 ποιεῖ’
1164 2143 1207 2170 καῖ
1220 2143 1394 2179 κινάμωμον,
1411 2143 1448 2174 ὡς
1473 2144 1572 2181 θερμὸν
1597 2143 1642 2170 καὶ
1669 2142 1732 2178 ἡδὺ,
1749 2143 1800 2177 τήν
1818 2143 1885 2180 θείῳ

1058 2188 1136 2225 ζήλῳ
1151 2189 1327 2226 πυξογμίῑνην
1357 2189 1425 2215 κατὰ
1449 2186 1571 2219 ἀσεϐείας
1599 2187 1645 2216 καὶ
1667 2188 1762 2218 κακίας
1773 2187 1884 2225 ἀνδρεί-

1133 2232 1151 2267 ἥ
1183 2233 1226 2260 καὶ
1252 2231 1330 2267 ἡδεῖά
1354 2232 1409 2260 ἐστι
1438 2231 1482 2259 διὰ
1504 2235 1553 2260 τοῦ
1581 2233 1682 2264 παντὸς
1698 2232 1785 2260 κοιλοῦ
1801 2233 1884 2270 ὑπερ-

1052 2275 1241 2314 αγωνίζεσθαι.
1272 2276 1309 2305 Οὐ
1329 2276 1412 2313 μόλον
1437 2275 1466 2304 δὶ
1487 2279 1571 2304 ταῦτα
1595 2280 1655 2308 ταῖς
1672 2275 1884 2313 διδασκομᾶναις

1053 2322 1077 2349 ol
1108 2320 1296 2349 διδασκαλικοὶ
1326 2320 1404 2358 λόγοι
1433 2324 1482 2355 τῆς
1508 2320 1617 2358 νύμφης
1643 2321 1772 2360 γίνονται.
1808 2320 1884 2349 ἀλλὰ

1052 2366 1158 2403 σμύρνα
1199 2366 1243 2393 καὶ
1287 2363 1357 2400 ἀλόη
1405 2365 1472 2402 μετὰ
1505 2365 1613 2393 πάντων
1651 2368 1705 2393 τῶν
1734 2366 1858 2402 πρώτων
1876 2375 1883 2382 ⁶

1051 2409 1125 2445 ἤτοι,
1153 2410 1282 2448 νέκρωσις
1318 2411 1366 2437 τοῦ
1405 2411 1534 2448 σαρκικοῦ
1566 2410 1670 2437 τούτων
1701 2411 1884 2448 φρονήματος

1054 2456 1121 2492 μετὰ
1136 2456 1243 2482 πάντων
1260 2457 1313 2482 τῶν
1330 2455 1446 2491 πρώτων
1470 2457 1524 2482 τῶν
1541 2455 1783 2492 ψυχαγωγούντων
1802 2453 1884 2490 δίκην

1054 2501 1147 2538 μύρων
1176 2499 1353 2538 χαρισμάτων
1370 2501 1417 2526 τοῦ
1442 2498 1608 2535 Πνεύματος.
1627 2499 1656 2527 Ei
1689 2499 1726 2535 μὴ
1742 2498 1796 2536 γὰρ
1814 2510 1885 2538 φρο-

1051 2546 1120 2580 ντίσῃ
1138 2545 1245 2574 πάντως
1274 2545 1291 2578 ἡ
1436 2543 1468 2570 τὰ
1496 2545 1544 2570 τοῦ
1579 2543 1745 2580 Πνεύματος,
1776 2544 1823 2570 καὶ
1851 2544 1887 2570 τὰ

1053 2590 1171 2626 πανάγια
1198 2588 1296 2615 τούτου
1322 2587 1429 2624 δέξηται
1459 2587 1626 2625 χαρίσματα,
1656 2588 1687 2615 τὸ
1716 2590 1764 2614 τοῦ
1794 2585 1886 2626 φόϐου

1051 2635 1122 2673 φημὶ
1150 2634 1194 2660 καὶ
1225 2634 1255 2660 τὸ
1273 2634 1320 2667 τῆς
1346 2632 1453 2670 ἰσχύος,
1478 2633 1521 2660 καὶ
1539 2633 1569 2660 τὸ
1594 2636 1644 2667 τῆς
1661 2631 1775 2670 βουλῆς,
1793 2632 1884 2659 καῖτὸ

1049 2681 1097 2712 τῆς
1141 2678 1307 2714 ἐπιστήμης,
1345 2678 1388 2705 καὶ
1427 2677 1458 2705 τὸ
1496 2680 1547 2712 τῆς
1589 2677 1726 2715 γνώσεως,
1766 2676 1812 2704 καὶ
1848 2677 1881 2704 τὸ
