1951 3051
56 109 119 139 629

586 109 792 140 COMMENT.
816 109 854 139 ΙΝ
879 109 1081 140 CANTICUM
1105 108 1258 139 CAN’I‘IG.

1716 108 1776 138 630

55 177 110 209 τῆς
139 173 294 208 συνέσεως,
323 174 369 202 καὶ
403 175 434 202 τὸ
476 178 527 209 τῆς
570 174 676 214 σοφίας,
706 174 799 205 ἄλλως

988 175 1134 202 etur.llazc
1150 182 1264 209 sponsae
1279 174 1418 202 instituta
1434 178 1462 202 et
1478 174 1641 210 disciplinae
1655 174 1686 202 in
1711 175 1774 203 ani-

59 221 193 257 σαρκικοῦ
237 220 413 258 φρονήματος
454 219 503 247 οὐκ
541 219 685 258 ἐνεργεῖται
728 221 745 254 ἡ
783 219 890 257 νέκρω-

59 274 128 295 σις·
163 265 197 299 ἧς
237 262 379 299 δηλωτικὰ
407 265 424 299 ἡ
454 264 559 302 σμύρνα
599 265 644 291 καὶ
679 265 697 299 ἡ
733 263 814 299 ἀλόη,
854 263 891 294 ὡς

59 311 164 346 νεκρῶν
186 308 319 347 σωμάτων
343 308 570 347 ἀρωματίσματα.
589 309 670 338 Οὗτοι
698 308 726 336 δὲ
755 309 780 336 οἱ
811 307 891 346 λόγοι

56 356 120 384 ταῖς
152 352 362 389 διδασκομὲναις
393 353 444 380 εἶσὶ
471 353 516 380 καὶ
540 353 615 392 πηγὴ
632 354 742 389 κήπων,
760 354 797 385 ὼς
824 363 891 391 προ-

57 398 173 435 χᾶοντες
187 398 237 432 τὴν
267 396 444 436 ἀρδεύουσαν,
459 399 573 435 γνῶσιν,
590 398 637 429 τὰς
663 399 708 425 οἷά
737 408 797 425 τινα
823 399 893 436 φυτὰ

58 442 264 482 πεφυτευμένας
303 442 329 470 ἒν
373 442 467 474 αὐταῖς
511 441 666 475 πολυειδεῖς
708 442 814 480 ἀρετάς.
844 441 893 470 Καί

61 487 151 525 ῳρὲαρ
182 485 279 518 ὕδατος
326 489 435 524 ζῶντος,
470 487 516 514 καί
557 487 712 525 ῥοιζοῦντος
751 487 805 515 ἀπὸ
844 489 894 514 τοῦ

61 529 203 560 Λιϐάνου·
234 531 332 569 ἤγουν,
366 532 447 570 βάθος
478 532 549 564 θείας
581 532 627 560 καὶ
654 531 769 567 ἀειζώου
799 531 894 571 σοφίας

60 577 191 615 ήχούσης
219 575 419 608 διδασκαλικῶς
447 578 480 604 τὰ
508 579 566 608 τοῖς
594 575 712 608 πολλοῖς
741 575 895 612 ἀδιεξίτητα

60 622 120 649 θιῖα
138 623 290 660 μυστήρια,
312 621 402 659 ὥσπερ
429 621 481 649 ἀπὸ
511 619 631 650 Λιϐάνου
655 624 704 649 τοῦ
733 621 816 658 ὕψους
844 623 895 656 τῆς

64 666 104 697 εἷς
135 666 200 693 Θεὸν
227 666 355 697 πίστεως,
385 666 461 695 Ἐπεὶ
489 665 517 694 δὶ
554 665 716 704 παράδεισον
745 665 810 697 τοὺς
844 669 893 700 τῆς

62 710 175 749 νύμφης
193 709 402 742 διδασκαλιχοὺς
433 710 532 748 λόγους
548 711 562 738 ὁ
577 710 693 749 νυμφίος
723 709 842 749 εἶ’ρηκεν,
858 711 895 741 ὡς

64 754 234 790 δεδήλωται¹
251 758 339 790 κῆπος
369 754 398 782 δὲ
426 754 497 783 ἐστιν
526 756 540 782 ὁ
567 754 741 793 παράδεισος,
763 756 801 787 ὼς
829 765 895 782 παν-

61 799 147 827 τοίων
175 801 266 838 φυτῶν
296 800 422 837 χωρίον·
451 803 546 834 κῆπος
579 799 629 838 ἄρα
658 803 707 835 τῆς
735 798 844 838 νύμφης
869 799 896 827 αἱ

946 219 1050 247 melius
1067 218 1341 247 illasexcolentibus
1358 219 1434 247 ﬁunt
1449 219 1536 247 etiam
1547 221 1608 254 fons
1617 219 1772 247 hortorum:

946 264 1014 292 inde
1030 264 1109 292 enim
1126 263 1252 300 cognitio
1268 263 1380 298 deﬂuit,
1397 272 1457 300 qua
1469 264 1555 291 variae
1579 264 1608 291 in
1631 263 1691 291 illis
1713 265 1776 292 tan-

947 317 1034 345 quam
1052 308 1170 345 plantae,
1194 308 1290 336 insitae
1320 309 1444 336 virtutes
1472 309 1640 344 irrigantur.
1671 311 1704 337 Et
1722 317 1776 345 pu-

946 356 1093 389 teusaqua':
1107 354 1232 388 viventis,
1247 356 1344 382 etcum
1363 353 1482 386 strepitu
1505 353 1537 381 de
1560 353 1661 381 Libano
1680 353 1776 382 decur-

945 399 1050 427 rentis:
1064 399 1091 426 id
1103 401 1194 432 est,ex
1209 399 1408 435 profunditate
1421 397 1525 426 divinae
1543 407 1576 426 ac
1590 399 1776 434 sempiternis

948 443 1098 479 sapientiae
1122 443 1300 477 resonantis,
1323 445 1352 471 et
1380 443 1548 471 docentium
1573 451 1654 471 more
1677 443 1777 471 divina

949 488 1086 524 mysteria
1101 488 1187 524 vulgo
1204 487 1576 524 inexplicabilia,tanquam
1599 488 1634 516 de
1654 488 1774 522 Libano,

948 534 984 560 de
1003 532 1187 560 sublimitate
1198 532 1227 560 in
1240 533 1329 560 Deum
1341 532 1407 560 fidei
1419 532 1775 568 depromentis,Quoniam

949 579 1047 605 autem
1064 585 1179 613 sponsae
1195 585 1347 605 sermones
1367 579 1455 613 atque
1480 579 1624 613 przecepta
1647 585 1775 614 sponsus

948 622 1080 657 hortum,
1096 623 1128 648 ut
1151 621 1333 649 declaratum
1363 624 1416 654 est,
1443 621 1648 657 nuncupavit;
1672 622 1776 649 hortus

948 675 1015 694 vero
1027 669 1071 694 est
1081 666 1247 701 paradisus,
1260 668 1401 702 tanquam
1412 666 1595 694 diversarum
1607 665 1775 701 plantarum

948 711 1032 739 locus
1050 720 1057 745 ;
1073 711 1177 738 hortus
1193 719 1308 746 sponsae
1324 710 1455 746 profecto
1471 711 1543 738 sunt
1556 710 1661 738 animae
1685 710 1777 738 disci-

950 755 1040 791 plinis
1051 756 1116 791 ejus
1131 754 1253 783 consitae
1269 757 1359 791 atque
1371 755 1507 788 eruditae,
1519 762 1571 791 per
1581 762 1656 790 quas
1671 762 1705 782 ea
1713 761 1776 790 quas

951 800 1030 828 dicta
1045 801 1124 835 sunt,
1148 800 1247 828 studet
1262 799 1411 835 perﬁcere.

63 844 265 883 πεφυτευμέναι
295 844 346 872 εἰσὶ
375 845 463 883 ψυχαὶ
492 847 551 876 τοῖς
581 843 784 876 διδασκαλικοῖς
809 844 910 880 ταύτης
940 843 1046 882 λόγοις,
1077 842 1111 871 δι’
1140 844 1176 871 ὧν
1205 842 1356 871 σπεύδουσα
1382 843 1415 871 τὰ
1441 842 1502 879 ἑξῆς
1519 842 1650 882 εἰρημένα
1676 843 1777 871 ἀποτε-

65 887 287 973 λὲῗέἑεγέρθητι,
304 934 402 973 βορῥᾶ,
419 935 462 962 καὶ
479 934 512 963 τὰ
527 934 600 971 ἑξῆς.

418 1068 542 1097 Ψελλοῦ.

100 1113 230 1151 Ἐπείπιρ
246 1111 393 1141 ἐπελάϐετο
409 1112 516 1144 πάντως
531 1117 581 1148 τῆς
594 1111 723 1150 ἐξουσίας,

65 1160 98 1186 Ἢ
114 1157 268 1194 Ἐκκλησία
282 1160 330 1186 τοῦ
342 1160 408 1186 Θεοῦ
423 1161 511 1193 κῆπος
525 1159 715 1195 ὀνομασθεῖσα,

67 1203 161 1240 Ἐχίον
180 1203 304 1230 ἁπάντων
320 1206 374 1230 τῶν
390 1204 481 1242 φυτῶν
499 1202 524 1230 ἓν
540 1203 622 1240 ἑαυτῇ
638 1203 687 1237 τὴν
702 1202 784 1239 ὥραν,

67 1248 122 1276 Τοῦ
143 1247 191 1284 μὶν
211 1247 295 1286 βοῤῥᾶ
310 1247 360 1282 τήν
375 1248 501 1275 κάκιστον
518 1245 661 1283 ἕμπνευσιν
678 1246 815 1286 ἀφορίσαι,

68 1292 125 1326 Τὴν
143 1291 410 1330 ἀποκρυσταλλῶσαν
423 1292 454 1319 τὸ
469 1291 573 1324 κάλλος
586 1292 640 1319 τῶν
656 1292 768 1323 ἀνθέων*

67 1336 120 1364 Τὸν
137 1336 216 1364 νότον
231 1335 260 1364 δὲ
276 1337 320 1364 τὸν
335 1336 483 1364 κάλλιστον
496 1339 639 1374 προσαιτεῖ
652 1338 771 1364 πνεῦσαι·

67 1382 117 1413 “Oc
134 1381 296 1412 ἐπιπνεύσας
311 1381 337 1409 ἐν
355 1382 426 1408 Σιὼν
441 1384 498 1412 τοῖς
513 1380 678 1412 ἀποστόλοις
693 1380 789 1416 πάλαι,

69 1426 204 1462 Ῥεύματα
221 1424 312 1463 λόγων
330 1424 431 1453 δέδωκε
442 1428 500 1457 τοῖς
515 1425 679 1456 ἀποστόλοις
693 1425 778 1463 χέειν.

68 1471 176 1498 Ἐκεῖνο
190 1470 221 1498 τὸ
238 1471 366 1508 πανάγιον
377 1470 467 1498 τοίνυν
482 1471 500 1505 ἡ
516 1470 609 1509 νύμφη
625 1472 732 1506 Πνεῦμα

68 1515 158 1543 Καλεῖ
172 1515 242 1553 πρὸς
257 1515 345 1550 κῆπον
362 1515 459 1550 εαυτῆς
473 1517 584 1542 πνεῦσαι
597 1515 646 1549 τήν
663 1513 811 1552 σωτηρίαν,

67 1561 112 1591 Ὠς
128 1559 159 1587 ἃν
174 1561 421 1599 καρποφορήσωσιν
438 1560 523 1587 πάντα
537 1560 571 1587 τὰ
585 1559 664 1586 τέκνα
679 1559 789 1593 ταύτης,

68 1605 118 1632 Καὶ
133 1605 179 1632 τὸν
197 1605 310 1642 Χριστὸν
325 1604 476 1642 εὐφράνωσι
491 1604 536 1631 τὸν
554 1603 640 1642 Λόγον
656 1603 700 1631 καὶ
715 1603 844 1642 νυμφίον.

67 1648 144 1677 Ἐπεὶ
160 1650 227 1685 γοῦν
245 1648 258 1675 ὁ
274 1647 442 1683 κεκέλευκεν,
455 1647 491 1679 εἷς
506 1645 585 1685 ἔργον
599 1646 728 1685 ἐγεγόνει,

68 1693 118 1720 Καὶ
134 1693 180 1720 τὸν
199 1691 299 1730 βοῤῥᾶν
313 1693 463 1730 σιγήσαντα
479 1690 599 1720 κατεῖδεν
616 1693 633 1726 ἡ
650 1691 795 1729 παρθενος,

69 1738 118 1765 Καὶ
134 1737 286 1764 πνεύσαντα
301 1736 347 1764 τὸν
363 1736 511 1764 κάλλιστον
529 1734 613 1767 ὅντως
632 1735 676 1763 καὶ
706 1736 776 1763 θεῖον
811 1734 895 1770 δότον,

70 1781 119 1809 Καὶ
133 1780 294 1820 καρποφόρα
310 1779 433 1816 δείξαντα
446 1781 533 1808 πάντα
547 1780 579 1808 τὰ
593 1780 673 1808 τέκνα
686 1780 798 1815 ταύτης,

69 1825 232 1864 Ἐπεόχεται
247 1827 295 1853 τοῦ
309 1828 449 1858 κατελθεῖν
462 1826 507 1853 τὸν
525 1825 677 1862 θαυμαστὸν
694 1825 811 1864 νυμφίον

69 1870 118 1902 Εἲς
133 1870 179 1897 τὸν
196 1871 441 1909 καρποφορῆσαντα
455 1873 542 1904 κῆπον
560 1869 643 1904 αὐτῆς
659 1869 684 1896 ἐν
699 1869 789 1907 τάχει,

68 1915 113 1946 Ὧς
132 1914 161 1942 ἂν
176 1915 299 1952 τρυγήσῃ
316 1914 380 1946 τοὺς
395 1914 517 1950 καρποὺς
542 1913 624 1941 αὐτοῦ
647 1916 700 1940 τῶν
727 1912 896 1951 ἀκροδρύων,

69 1959 226 1994 Τουτέστιν,
241 1959 317 1993 ὅπως
338 1959 474 1997 εὐφρανθῇ
499 1961 556 1989 τοῖς
578 1958 765 1997 καρποφόροις
785 1958 896 1988 τέκνοις.

68 2004 101 2032 Εἰ
120 2005 158 2041 μὴ
175 2004 225 2042 γὰρ
242 2003 314 2032 οὕτω
331 2004 399 2042 πρὸς
417 2005 490 2039 ἡμᾶς
513 2003 577 2034 τοὺς
601 2003 744 2034 ταπεινοὺς
767 2002 896 2040 κατέλθῃ,

69 2046 230 2078 Ἀναλαϐὼν
271 2048 316 2076 καὶ
360 2047 423 2079 τοὺς
465 2050 571 2085 πραεῖς,
599 2048 668 2075 κατὰ
704 2048 750 2074 τὸν
779 2047 898 2083 1Γαλμο-

774 2092 897 2131 [γράφονι

69 2138 126 2167 Οὖκ
142 2135 213 2165 ἔστιν
230 2136 324 2169 ἄλλως
341 2148 400 2165 πως
414 2138 489 2174 ἡμᾶς
505 2136 544 2168 εἷς
561 2136 694 2175 οὐρανοὺς
709 2136 832 2174 ἀρθῆναι.

69 2185 162 2212 Ταῦτα
184 2183 231 2219 μὶν
246 2182 431 2220 λελιπάρηκεν
448 2183 465 2216 ἡ
481 2181 574 2219 νύμφη
592 2183 630 2217 τῷ
645 2181 763 2219 νυμφίῳ.

69 2229 97 2254 Ὁ
114 2226 143 2255 δὲ
157 2226 273 2265 πληρῶν
288 2226 322 2254 τὰ
337 2226 480 2263 σύμπαντα
494 2226 539 2253 καὶ
555 2228 693 2263 πανταχοῦ
707 2225 861 2263 τυγχάνων,

69 2273 100 2300 Ὀ
115 2271 217 2310 λέγων,
234 2270 304 2298 Ἰδοὺ
316 2272 441 2309 πάρειμι,
456 2273 514 2302 τοῖς
531 2269 772 2307 ἐπικαλουμένοις,

71 2316 138 2354 Πρὶν
168 2315 352 2353 πληρωθῆναι
394 2316 443 2350 τήν
491 2315 589 2353 εὐχὴν,
620 2317 670 2350 τῆς
711 2316 819 2354 νύμφης
847 2309 935 2342 ἐπ-Ῐ)

768 2359 884 2390 ακούσας

757 2361 896 2396 [ακούσας,

70 2405 120 2436 Εἰς
135 2408 223 2439 κῆπον
239 2403 423 2440 κατιλήλυθεν
440 2403 535 2438 αὐτῆς,
551 2404 588 2435 ὡς
604 2401 763 2439 ἠϐουλήθη,

69 2449 122 2478 Καὶ
134 2449 198 2480 τοὺς
212 2449 334 2487 καρποὺς
350 2448 482 2486 ἐτρύγησε
496 2448 597 2484 ταύτης
611 2451 665 2476 τῶν
683 2447 851 2486 ἀκροδρύων.

69 2495 143 2529 Φησὶ
159 2495 212 2532 γὰρ
228 2494 300 2521 οὕτω
315 2495 382 2530 πρὸς
398 2493 493 2528 αὐτὴν,
506 2494 543 2524 ὡς
556 2494 615 2525 καθ’
631 2493 726 2530 εἱρμὸν
751 2494 874 2531 εὑρήσεις
888 2503 894 2510 ι
914 2494 917 2497 ’

106 2538 246 2574 Εἱσῆλθον
262 2539 301 2570 εἷς
316 2538 403 2573 κῆπόν
423 2548 487 2575 μου,
503 2536 606 2576 ἀδελφή
626 2548 679 2574 μου
693 2537 785 2576 νύμφη
800 2547 806 2554 ·

68 2584 223 2622 Ἐτρύγησα
237 2583 357 2621 σμύρναν
375 2593 427 2619 μου
445 2583 510 2619 μετᾶ
526 2582 678 2619 ἀρωμάτων
698 2592 766 2618 μου·

69 2630 188 2666 Ἐφαγον
204 2627 285 2665 ἄρτον
304 2638 355 2665 μου
373 2628 440 2664 μετὰ
457 2626 568 2664 μέλιτός
585 2638 647 2664 μου·

68 2674 164 2702 Ἔπιον
177 2673 249 2701 οἶνόν
269 2683 321 2710 μου
338 2673 405 2710 μετὰ
417 2671 550 2710 γάλακτός
567 2682 629 2709 μου.

105 2776 129 2795 ⁸⁸
139 2775 218 2804 Psal.
234 2783 327 2812 cxwi,
343 2774 365 2794 ⁵⁰
381 2774 438 2803 Isa.
452 2782 529 2809 Lvm,
541 2774 568 2802 9.

911 938 934 970 Β
985 935 1075 971 Surge
1089 935 1192 972 aquilo,
1204 937 1232 963 et
1246 935 1309 963 vent
1323 935 1413 962 auster
1425 943 1431 962 :
1448 936 1535 970 per/Ia
1550 935 1662 964 hortum
1670 942 1772 963 meum,

951 982 976 1008 et
1000 981 1089 1015 ﬂuant
1110 984 1235 1008 aromata
1258 987 1330 1007 mea.
1354 980 1503 1008 Descendat
1530 988 1614 1015 nepos
1639 987 1713 1008 meus
1741 980 1773 1008 in

951 1025 1061 1053 hortum
1075 1029 1203 1060 mum,et
1217 1024 1338 1052 comedat
1347 1025 1470 1059 fructum
1478 1032 1582 1052 nucum
1596 1025 1665 1061 ejus.

1305 1068 1400 1096 Pulli.

986 1114 1091 1142 Postea
1106 1122 1194 1150 quam
1223 1113 1354 1142 Ecclesia
1382 1113 1433 1140 Dei
1462 1115 1635 1149 potestatem
1664 1113 1777 1149 accepit

951 1159 1120 1192 omnino,ut
1139 1158 1243 1186 hortus
1263 1159 1343 1187 illius
1359 1158 1690 1194 nominata.plantarum
1711 1167 1776 1186 om-

952 1204 1033 1231 nium
1049 1204 1138 1232 decus
1155 1204 1184 1231 in
1200 1211 1231 1231 se
1261 1205 1426 1237 continens,
1442 1204 1604 1240 pessimum
1629 1202 1776 1238 aquilonis

951 1248 1163 1284 ﬂatum,glacie
1170 1249 1274 1276 ﬂorum
1283 1249 1534 1285 pulchritudinem
1542 1248 1774 1283 exstinguentem

951 1292 1126 1329 expelleret:
1146 1295 1278 1321 austrum
1296 1296 1393 1322 autem
1411 1292 1640 1321 saluberrimum
1658 1291 1774 1320 acciret:

951 1338 999 1372 qui
1017 1338 1116 1374 spiran
1134 1339 1163 1365 in
1180 1338 1248 1365 Sion
1265 1338 1406 1374 apostolis
1418 1337 1658 1373 olimjvcrborum
1679 1336 1775 1364 ﬂuxus

952 1382 1124 1410 instillavit:
1140 1383 1363 1410 sanctissimum
1376 1382 1460 1410 illum
1474 1381 1617 1418 Spiritum
1626 1381 1775 1417 vocat,qui

951 1427 980 1454 in
997 1427 1114 1455 hortum
1135 1435 1222 1455 suum
1239 1426 1345 1455 salutis
1361 1435 1447 1455 auras
1461 1427 1609 1460 infundat,
1630 1428 1662 1453 ut
1673 1433 1775 1453 omnes

951 1471 1004 1499 ﬁlii
1021 1471 1066 1499 sui
1079 1472 1207 1499 fructum
1227 1472 1332 1506 ferant,
1362 1475 1391 1500 et
1413 1471 1561 1499 Christum
1590 1470 1718 1498 Verbum
1734 1472 1776 1503 fet

952 1525 1092 1552 sponsum
1111 1516 1216 1544 laetitiae
1233 1516 1372 1544 afﬁciant.
1389 1517 1461 1544 Cum
1474 1516 1564 1552 igitur
1578 1515 1656 1551 quod
1679 1516 1775 1550 jusse-

951 1563 1006 1596 rat,
1024 1570 1052 1589 re
1064 1561 1128 1596 lpSI.
1138 1561 1299 1597 perfectum
1314 1560 1631 1596 esset,aquilonemque
1640 1559 1775 1587 silentem

952 1605 1031 1641 virgo
1047 1605 1225 1641 perspiceret
1238 1605 1384 1641 posuisse,
1405 1604 1696 1640 pulcherrimumque
1711 1612 1775 1632 om-

951 1650 1021 1678 nino
1032 1658 1065 1677 ac
1080 1649 1210 1677 divinum
1223 1652 1357 1677 austrum
1372 1648 1585 1685 perﬂare,filios
1596 1657 1665 1676 suos
1673 1657 1776 1676 omnes

950 1694 1116 1722 fructiferas
1145 1694 1366 1728 ostendentem;
1397 1693 1601 1722 admirabilem
1632 1701 1776 1728 sponsum

951 1748 1037 1767 suum
1055 1739 1275 1772 obsecrat,utin
1292 1738 1408 1766 horlum
1426 1746 1513 1766 suum
1525 1737 1647 1765 fertilem
1677 1737 1776 1765 celeri-

950 1787 995 1813 ter
1009 1785 1178 1817 descendat,
1192 1785 1389 1819 arborumque
1400 1791 1521 1810 suorum
1540 1783 1651 1811 fructus
1663 1785 1772 1818 carpat:

951 1829 1005 1857 hoc
1020 1831 1111 1864 est,ut
1127 1829 1210 1856 bonis
1226 1829 1353 1856 ﬁliorum
1377 1836 1497 1855 suorum
1522 1827 1661 1864 operibus
1694 1827 1774 1855 oble-

951 1876 1056 1902 ctetur.
1073 1874 1134 1901 Nisi
1150 1874 1228 1900 enim
1245 1873 1281 1901 ad
1298 1881 1351 1900 nos
1367 1871 1495 1899 humiles
1524 1874 1553 1899 et
1580 1872 1710 1907 abjectos
1732 1872 1774 1899 ita

952 1919 1120 1954 descendat,
1137 1922 1292 1945 mansuetos
1310 1918 1461 1952 suscipiens
1476 1917 1509 1950 ",
1526 1918 1568 1951 ut,
1598 1916 1694 1951 inquit
1718 1916 1773 1944 Da-

951 1963 1011 1997 vid,
1028 1963 1089 1990 ﬁeri
1105 1962 1185 1990 nullo
1206 1963 1292 1990 modo
1306 1963 1445 1998 potest,ul
1462 1969 1515 1989 nos
1534 1961 1563 1988 in
1579 1960 1683 1988 crelum
1704 1969 1772 1989 con-

952 2007 1200 2036 scendamusliis
1215 2015 1324 2043 sponsa
1341 2006 1475 2042 precibus
1491 2014 1634 2042 sponsum
1657 2006 1776 2033 advoca-

951 2051 1272 2088 vit.Atillequiimp1et
1284 2051 1431 2083 universa,
1462 2051 1569 2086 quique
1599 2050 1682 2078 adest
1710 2050 1775 2078 ubi-

953 2105 1020 2133 que.
1037 2099 1065 2124 et
1080 2097 1161 2131 dicit,
1178 2097 1242 2124 Ecce
1256 2096 1355 2124 adsum
1365 2095 1387 2113 ⁸ο
1398 2095 1775 2131 invocantibus,antequam

952 2149 1060 2177 sponsa
1080 2141 1323 2177 supplicationem
1345 2139 1473 2175 expleret
1496 2139 1577 2167 illam
1606 2140 1775 2173 exaudiens,

952 2186 1104 2214 descendit
1119 2186 1147 2214 in
1164 2186 1282 2213 hortum
1294 2186 1368 2220 ejus,
1384 2186 1414 2212 ut
1435 2184 1498 2220 ipsa
1525 2184 1626 2218 voluit,
1655 2186 1685 2212 et
1713 2184 1774 2212 fru-

952 2233 1016 2259 ctus
1032 2231 1170 2258 arborum
1186 2230 1280 2267 ipsius
1297 2228 1452 2265 decerpsit.
1468 2229 1515 2257 sie
1535 2229 1612 2257 enim
1632 2237 1772 2265 sponsam

952 2275 1112 2311 alloquitur
1124 2283 1131 2304 :

990 2539 1056 2567 Veni
1066 2539 1096 2566 in
1120 2538 1230 2566 hortum
1254 2546 1355 2570 meum,
1375 2545 1453 2565 soror
1468 2546 1538 2572 mea,
1564 2546 1676 2574 sponsa,
1703 2547 1778 2567 mes—

952 2585 998 2612 sui
1017 2583 1160 2618 myrrham
1182 2591 1272 2610 meam
1285 2591 1345 2610 cum
1366 2583 1538 2610 aromatibus
1560 2583 1647 2611 meis:
1671 2584 1779 2611 comedi

952 2637 1052 2665 panem
1062 2636 1153 2655 meum
1164 2635 1226 2654 cum
1236 2627 1319 2655 melle
1328 2635 1388 2655 meo
1400 2636 1407 2655 :
1421 2627 1476 2655 bibi
1491 2628 1587 2655 vinum
1599 2636 1689 2656 meum
1714 2636 1778 2656 cum

953 2674 1024 2702 tacte
1032 2680 1103 2700 meo.
