1951 3051
138 91 194 122 631

804 89 926 120 MlGHA
933 89 1016 120 ELlS
1038 88 1172 120 PSELLI

1787 91 1849 122 632

176 156 316 185 Descendi
332 165 401 194 ergo
417 157 548 193 quidem,
564 157 671 193 inquit,
688 157 718 185 in
734 157 854 186 hortum
866 158 963 191 tuum,

1056 154 1198 190 Κατῆλοον
1211 154 1310 193 ἔγωγε,
1338 155 1416 192 φησὶ,
1433 155 1501 193 πρὸς
1528 155 1617 188 κῆπόν
1646 166 1703 192 σου,
1720 157 1849 194 παρθένε,

140 202 233 238 virgo,
249 204 278 230 et
293 201 427 238 pulchris
438 202 582 231 fructibus
594 202 654 230 tuis
669 202 861 238 cupiditatem
878 209 971 229 meum

141 255 262 283 prorsus
277 246 490 283 axplevi,atque
507 255 542 275 ex
557 247 670 275 ardenti
695 247 823 274 ﬁliorum
849 248 967 274 tuorum

141 290 199 320 ﬁde
215 300 247 320 ac
259 291 429 328 pmnitentia
443 299 581 327 magnam
597 291 728 319 laetitiam
755 291 882 327 percepi.
912 292 968 318 To-

139 338 204 364 tum
219 339 318 364 autem
335 335 388 364 huc
405 336 516 364 factum
532 338 587 372 est,
609 336 717 364 messis
746 336 883 372 myrrhae,
899 343 968 363 esus

142 380 237 408 mellis
252 383 281 408 et
298 380 383 408 lactis
399 382 497 416 potus.
512 380 578 408 Haec
601 389 667 408 cum
691 380 813 407 dixisset
834 379 968 407 Christus

141 425 258 453 idemet
286 433 426 460 sponsus,
453 427 484 452 ut
511 433 562 461 pro
587 424 699 453 mellito
729 423 861 452 convivio
882 423 969 460 quasi

141 470 267 506 gratiam
285 469 415 505 aliquam
434 469 564 502 referret,
586 469 659 505 ipsis
682 469 803 505 virginis
828 468 897 496 ﬁliis
920 468 971 496 dat

142 522 248 550 corpus
263 522 363 542 suum.
380 514 429 542 Sic
442 514 520 542 enim
542 513 619 549 illos,
636 514 686 542 sed
712 513 819 550 dignos
843 515 970 546 tantum,

144 567 217 596 quos
233 560 262 586 et
277 559 460 595 propinquos
473 567 543 587 suos
555 559 596 587 ita
608 567 671 587 esse
686 558 770 594 dixit,
789 558 969 595 alloquitur:

183 735 327 771 Comedtte,
339 735 487 772 propinqui
501 736 564 771 mei,
577 738 602 764 et
618 735 711 769 bibite,
730 736 757 762 et
781 731 970 765 inebriamini,

147 781 248 816 fratres
260 781 324 808 mei.

185 825 357 860 Quicunque
368 824 449 859 estis,
465 825 573 861 inquit,
587 824 737 860 foperibus
770 823 875 850 fratres
902 820 971 856 mei,

150 877 256 906 corpus
268 877 365 897 meum
377 869 560 904 oomedile,et
571 869 746 905 sanguinem
761 868 850 896 bibite
860 874 969 895 meum.

151 914 259 942 Deinde
273 914 474 950 inebriamini,
490 914 595 950 inquit,
613 923 671 950 prae
683 913 794 948 laetitia,
810 914 839 941 et
853 913 971 948 propter

148 959 353 987 iuebrietatem
369 962 488 996 stupore
497 958 635 995 perculsi,
646 958 766 987 omnino
777 957 879 986 mundi
891 955 971 984 solli-

147 1003 313 1032 citudinum
335 1003 553 1032 obliviscimini.

441 1059 540 1087 Trium
550 1060 677 1086 Patrum.

180 1111 278 1146 Surge,
296 1111 401 1147 aquilo,
420 1116 446 1139 et
474 1113 548 1146 ueni,
572 1117 676 1139 auster.
703 1111 824 1139 Facesse
848 1109 970 1145 spiritus

145 1155 376 1192 improbissime,
394 1155 444 1191 qui
456 1157 571 1184 animas
586 1165 649 1191 qum
665 1165 682 1183 a
702 1164 746 1183 me
761 1155 969 1188 instituuntur,

145 1201 518 1237 perturbationibus,quasi
530 1201 678 1237 aquilonis
686 1201 805 1229 ﬂatibus
816 1199 972 1235 afﬂigisEt

144 1245 412 1278 veni,sanctissime
427 1245 620 1281 Spiritus,qui
632 1254 682 1273 eas
698 1245 798 1281 gratiae
814 1247 871 1271 tuae
886 1242 972 1271 donis

145 1291 288 1325 tanquam
300 1290 380 1318 auris
395 1289 489 1317 austri
503 1289 683 1318 salutaribus
704 1289 850 1317 calefaois.

208 1379 300 1414 Per/1a
315 1381 426 1408 hortum
440 1388 543 1412 meum,
560 1382 586 1407 et
600 1380 688 1415 ﬂuant
703 1380 828 1407 aromata
843 1386 912 1406 mea.

183 1467 305 1496 Animas
320 1468 419 1503 perﬂa,
436 1476 509 1504 quas
526 1476 580 1504 ego
603 1468 737 1496 doctrina
762 1468 973 1503 praeceptisque

148 1511 224 1540 meis
239 1514 382 1548 tanquam
393 1512 509 1540 hortum
525 1513 660 1540 instruxi.
677 1513 711 1540 Et
725 1513 754 1540 in
766 1512 819 1540 bas
836 1521 886 1548 per
895 1520 972 1539 com-

147 1555 378 1584 municationem
395 1557 492 1584 divine
505 1564 628 1584 munera
642 1556 972 1592 tuainfuudantur,qui-

146 1600 202 1628 bus
217 1608 270 1636 ego
287 1600 371 1636 quasi
382 1600 560 1636 quibusdam
573 1601 753 1628 aromatibus
765 1601 883 1636 perfusa
894 1608 971 1628 sum.

146 1647 187 1672 Ac
202 1647 265 1672 tum
279 1644 421 1672 descendat
436 1654 517 1681 nepos
532 1654 609 1673 meus
628 1647 660 1673 in
675 1646 784 1674 hortum
811 1653 910 1673 suum:
942 1645 972 1673 in

147 1689 262 1717 animus
277 1689 416 1717 nimirum
433 1689 499 1717 illas
511 1698 585 1725 quas
595 1697 648 1726 ego
660 1690 820 1725 institui,et
829 1692 972 1725 tanquam

147 1733 265 1761 hortum
283 1734 390 1762 divinis
406 1734 552 1762 mundatis
576 1734 741 1762 int'ormavi.
759 1735 914 1770 Propterea
942 1735 971 1761 in

148 1778 306 1806 animabus
320 1787 392 1813 quas
417 1778 487 1811 dixi,
517 1778 664 1806 inhabitat
692 1781 779 1814 atque
808 1778 973 1806 inambulat

149 1822 274 1850 dilectus
291 1831 375 1850 meus
386 1823 418 1850 “.
436 1823 466 1850 Et
474 1823 594 1851 comedat
603 1825 724 1858 fructum
738 1831 842 1851 nucum
853 1825 973 1860 ejus.Sa-

148 1867 200 1895 tict
216 1876 246 1894 se
258 1867 360 1894 harum
378 1868 545 1894 animarum
562 1868 667 1902 salute,
694 1877 782 1904 quam
800 1869 861 1903 ipse
884 1876 972 1896 suum

149 1919 214 1939 esse
229 1911 328 1939 cibum
345 1913 489 1940 asseruit:
509 1913 590 1948 Meus,
607 1913 758 1948 inquiens,
775 1914 851 1941 cibus
865 1916 914 1947 est,
945 1916 973 1940 ut

147 1956 251 1990 faciam
269 1956 434 1983 voluntatem
451 1957 541 1984 Patris
556 1957 642 1984 mei”
656 1966 662 1990 ;
683 1958 768 1992 cujus
784 1958 904 1984 omnino
928 1965 973 1984 vo-

148 1998 249 2027 luntas
264 2002 317 2034 est,
331 2002 364 2027 ut
379 2000 514 2028 homines
531 2001 602 2028 salvi
620 2001 701 2030 fiant.
726 2002 848 2029 Fructus
875 2004 972 2029 autem

148 2043 250 2079 sponsi
266 2052 375 2071 nucum
390 2044 598 2072 esthominum
623 2045 713 2079 salus,
740 2048 774 2073 ut
801 2046 869 2073 ﬁnis
891 2046 972 2073 home

148 2087 244 2124 ipsius
258 2088 429 2123 voluntatis,
442 2097 505 2124 qua:
527 2090 637 2117 sanctis
648 2091 713 2123 ejus
725 2091 873 2117 mandatis
884 2091 974 2118 conti-

149 2135 246 2165 netur,
263 2141 327 2168 quae
342 2133 462 2169 quidem
476 2135 616 2161 mandata
637 2143 686 2169 per
711 2134 854 2162 actionem
885 2134 973 2162 intixa

150 2180 220 2206 sunt
235 2177 265 2206 in
280 2178 437 2207 animabus
449 2187 538 2214 super
550 2179 606 2207 fide
625 2187 694 2214 erga
709 2179 804 2215 illum,
830 2183 971 2216 tanquam

150 2231 240 2259 super
254 2231 362 2259 quercu
380 2223 527 2251 radicstis.

190 2358 255 2384 Veni
263 2358 293 2384 in
307 2358 415 2385 hortum
431 2365 532 2390 meum,
543 2365 621 2386 soror
635 2366 708 2392 mea,
723 2367 824 2394 sponte
838 2367 845 2387 :
870 2360 973 2387 messui

147 2402 291 2437 myrrham
300 2410 391 2430 meam
402 2411 463 2429 cum
472 2404 645 2430 aromatibus
656 2405 722 2431 meis
735 2411 742 2431 :
758 2405 863 2432 comedi
872 2413 971 2440 panem

146 2454 238 2474 meum
246 2455 308 2474 cum
318 2447 399 2474 melle
412 2455 473 2474 meo
490 2455 496 2473 τ
510 2447 567 2474 bibi
580 2448 673 2475 vinum
701 2457 792 2476 meum
810 2458 872 2477 cum
901 2451 972 2478 tacte

143 2499 202 2518 meo
218 2499 224 2518 :
241 2491 536 2526 comedite,propinqui
550 2493 642 2526 mei,et
652 2493 773 2526 bibite,et
788 2494 971 2522 inebriamini

142 2535 256 2570 fratres.

440 2581 532 2608 Trium
547 2583 672 2609 Patrum.

169 2624 288 2660 Sponsa:
305 2632 404 2659 preces
426 2633 552 2660 sponsus
573 2628 733 2661 exaudivit,
757 2629 844 2664 juxta
873 2628 966 2657 illud:

137 2669 233 2697 Adhuc
247 2669 374 2705 loquente
387 2674 423 2706 te,
439 2671 529 2699 dicet:
564 2672 629 2699 Ecce
643 2672 752 2700 adsum.
783 2673 861 2701 Talis
888 2675 965 2702 enim

174 2759 195 2778 ⁸¹
208 2759 233 2787 ΙΙ
244 2759 306 2788 Cor.
324 2768 361 2793 v1,
380 2760 422 2789 16.
439 2761 461 2779 ⁶²
475 2762 560 2790 Joan.
578 2770 617 2796 ιν,
633 2761 677 2789 34.

1024 199 1073 228 Καὶ
1099 202 1152 227 τῶν
1181 199 1273 228 καλῶν
1303 199 1448 235 ἀπήλαυσα
1483 202 1536 227 τῶν
1578 203 1631 228 σῶν
1668 204 1781 239 καρπῶν
1811 201 1852 233 εἱς

1743 247 1850 284 [κόρον,

1023 289 1071 316 Καὶ
1086 291 1121 326 τῇ
1137 291 1225 326 θερμῇ
1241 291 1293 316 τῶν
1308 288 1407 317 τέκνων
1425 299 1472 317 σου
1487 289 1576 317 πίστει
1590 290 1635 317 καὶ
1653 291 1794 328 μετανοίᾳ,

1023 333 1153 371 Μεγάλην
1170 332 1276 371 ἔσχηκα
1291 334 1390 372 χαρὰν,
1408 333 1531 371 μεγάλην
1549 335 1728 374 εὐφροσύνην.

1022 378 1107 407 Ὅλον
1122 377 1151 405 δὲ
1165 381 1246 406 τοῦτο
1262 379 1377 417 πέφυκεν
1392 379 1406 406 ὁ
1421 379 1560 416 τρυγητῆς
1573 382 1624 414 τῆς
1637 379 1773 417 σμύρνης,

1023 423 1055 450 Ἡ
1073 422 1174 460 βρῶσίς
1188 433 1217 450 τε
1231 425 1279 450 τοῦ
1296 420 1419 459 μέλιτος,
1434 423 1479 450 καὶ
1498 423 1635 460 γάλακτος
1649 425 1666 459 ἡ
1681 424 1772 455 πόσις.

1023 469 1110 494 Ταῦτα
1125 468 1159 504 τῇ
1172 467 1264 505 νύμφῃ
1280 467 1435 505 προσειπὼν
1453 467 1566 505 Χριστὸς
1579 468 1594 495 ’ὸ
1609 468 1654 495 καὶ
1667 469 1794 506 νυμφίος,

1024 513 1126 549 Ὥσπερ
1144 511 1283 549 ἀντίχαρίν
1298 522 1357 540 τινα
1369 515 1420 547 τῆς
1436 512 1658 550 μελιτοτροφίας,

1024 557 1059 583 Τὸ
1075 558 1155 593 σῶμα
1168 555 1279 584 δίδωσιν
1296 556 1378 584 αὐτοῦ
1392 559 1450 588 τοῖς
1465 557 1568 588 τέκνοις
1583 560 1634 592 τῆς
1648 558 1794 595 παροίνου.

1025 601 1097 636 Φησὶ
1126 601 1176 639 γὰρ
1205 600 1277 628 οὕτω
1310 601 1377 638 πρὸς
1401 601 1511 636 αὐτοὺς,
1537 600 1612 636 πλὴν
1648 602 1747 639 μόνους
1785 601 1852 634 τοὺς

1735 647 1852 684 [ἀξίους,

1025 689 1078 722 Οὓς
1092 690 1136 718 καὶ
1152 689 1270 726 πλησίον
1287 690 1393 726 εἴρηκεν
1409 691 1488 722 οὗτος
1503 690 1586 718 αὐτοῦ
1600 691 1739 729 τυγχάνειν
1751 700 1758 706 ·

1061 736 1175 773 Φάγετι,
1204 736 1231 762 οἱ
1268 734 1386 771 πλησίον
1417 745 1481 772 μου,
1507 735 1551 763 καὶ
1580 735 1666 770 πίετε,
1691 735 1736 763 καὶ
1767 735 1853 773 μεθύ-

1026 780 1116 815 σθητι,
1132 779 1246 819 ἀδελφοί
1264 790 1326 817 μου.

1061 825 1140 853 ’Όσοι
1153 824 1298 863 πεφύκατε,
1314 824 1392 863 φησὶ,
1402 826 1461 856 τοῖς
1475 821 1573 862 ἔργοις,
1590 823 1703 863 ἀδελφοί
1722 835 1785 861 μου,

1025 869 1064 897 Τὸ
1081 871 1160 904 σῶμα
1176 869 1223 905 μὲν
1239 879 1291 905 μου
1306 868 1412 908 φάγετε,
1427 868 1458 896 τὸ
1474 867 1497 895 δ’
1507 869 1577 905 αἷμα
1591 868 1665 896 πίετέ
1681 880 1743 906 μου.

1025 913 1092 941 Εἶτα
1109 913 1270 950 μεθύσθητε,
1286 913 1379 952 φησὶν,
1394 913 1445 940 ἀπὸ
1460 916 1511 948 τῆς
1525 913 1704 951 εὐφροσύνης,

1026 958 1078 986 Καὶ
1095 958 1202 985 πάντων
1218 957 1307 993 λήθην
1325 955 1422 985 λάϐετε
1444 960 1497 985 τῶν
1522 960 1661 994 κοσμικῶν
1685 957 1852 997 φροντίδων,

1026 1003 1070 1034 Ὠς
1083 1002 1107 1030 ἐν
1125 1002 1246 1030 ἐκστάσει
1262 1002 1395 1038 δήπουθεν
1408 1002 1549 1040 γινόμενοι
1564 1004 1598 1040 τῇ
1617 1001 1692 1040 μέθῃ.

1306 1057 1368 1085 Τῶν
1384 1056 1407 1093 γ’
1423 1059 1477 1083 Πατ
1482 1055 1559 1093 ἑρων.

1063 1110 1244 1147 Ἑξεγέρθητι,
1274 1109 1370 1148 βοῤῥᾶ,
1398 1109 1444 1137 καὶ
1476 1108 1572 1147 ἔρχου,
1602 1109 1671 1137 νότε.
1702 1109 1855 1146 Δηλονότι,

1024 1155 1231 1192 Ἀναχώρησον.
1247 1155 1279 1182 τὸ
1294 1155 1342 1185 τὰς
1369 1153 1564 1190 διδασκομένοις
1594 1165 1640 1191 μοι
1670 1155 1760 1192 ψυχὰς
1789 1157 1854 1186 τοῖς

1024 1199 1118 1227 πάθεσι
1145 1200 1278 1237 χειμάζον
1312 1198 1390 1234 δίκην
1420 1199 1521 1235 ἀνέμου
1549 1198 1636 1237 βορρᾶ
1662 1199 1854 1237 πονηρότατον

1024 1246 1140 1280 πνεῦμα’
1155 1244 1198 1271 καὶ
1219 1241 1303 1281 ἔρχου
1324 1243 1419 1277 ἆεὶ,τὸ
1441 1246 1501 1274 ταῖς
1527 1243 1638 1274 οῒκείαις
1662 1244 1754 1281 χάρισι
1784 1243 1854 1271 ταύ-

1024 1299 1072 1319 τας
1098 1288 1300 1326 διαθερμαῖνον,
1325 1287 1415 1325 ὥσπερ
1439 1287 1540 1324 ἀνέμου
1566 1288 1648 1315 νότου
1672 1288 1754 1323 πνοὴ,
1781 1298 1854 1315 παν-

1027 1334 1101 1370 άγιον
1116 1336 1154 1361 Ην
1159 1335 1237 1370 εὖμα.

1062 1377 1224 1405 Διάπνευσον
1258 1377 1345 1413 κῆπόν
1390 1388 1454 1413 μου,
1478 1377 1523 1404 καὶ
1567 1376 1735 1415 ῥευσάτωσαν
1777 1377 1854 1415 ἀρώ-

1029 1423 1098 1460 ματά
1116 1433 1167 1460 μου
1173 1444 1179 1450 .

1061 1468 1151 1503 Ἤτοι,
1167 1470 1280 1495 ἰίνεῦσον
1309 1467 1347 1498 είς
1376 1467 1406 1498 ἃς
1433 1465 1501 1501 αύτὴ
1518 1466 1608 1505 ψυχὰς
1635 1469 1693 1497 τοῖς
1722 1465 1854 1494 διδασκα-

1028 1511 1117 1543 λιχοῖς
1134 1511 1227 1549 λόγοις
1252 1513 1297 1539 οἷά
1323 1522 1384 1539 τινα
1409 1511 1590 1550 κατεφύτευσα
1618 1513 1718 1546 κῆπον,
1732 1511 1777 1539 καὶ
1805 1522 1858 1550 χε-

1029 1558 1153 1591 θήτωσαν
1182 1557 1226 1584 ἐπὶ
1251 1557 1350 1587 ταύτας
1377 1556 1446 1584 κατὰ
1475 1555 1617 1593 μιτάδοσιν
1653 1556 1686 1583 τὰ
1715 1557 1773 1588 θεῖά
1801 1567 1855 1584 σου

1027 1602 1202 1639 χαρίσματα·
1234 1602 1276 1632 οἷς
1305 1601 1371 1636 αὐτή
1400 1600 1521 1638 καθάπερ
1547 1600 1617 1628 τισὶν
1649 1601 1775 1637 ἀρώμασι
1806 1602 1857 1629 κί-

1027 1656 1155 1684 γρισμαι.
1183 1646 1340 1678 Κάν-τεῦθεν.
1368 1643 1522 1681 Καταϐήτω
1557 1644 1702 1683 ἀδελφιδός
1730 1655 1784 1682 μου
1812 1645 1856 1676 εἷς

1026 1694 1114 1725 κῆπον
1140 1691 1246 1718 αὐτοῦ·
1273 1691 1380 1722 πάντως
1415 1689 1463 1721 τὰς
1506 1689 1726 1726 μαθητευομὲνας
1760 1690 1857 1728 ψυχὰς

1026 1735 1090 1772 παρ’
1118 1734 1196 1771 ἐμοῦ,
1212 1735 1242 1766 ἃς
1272 1735 1339 1769 αὐτή
1370 1733 1570 1765 διδασκαλικῶς
1597 1737 1656 1765 ταῖς
1680 1733 1764 1764 θείαις
1779 1734 1857 1761 ἐντο-

1028 1780 1099 1812 λαῖς,
1117 1782 1153 1811 ὡς
1174 1783 1245 1812 θεῖον
1259 1779 1440 1819 κατεφύτευσαι
1454 1782 1553 1813 κῆπον.
1570 1779 1619 1806 Διὰ
1640 1780 1720 1806 τοῦτο
1737 1778 1854 1806 ὲιιοικῶν

1027 1825 1070 1851 καὶ
1098 1824 1288 1862 ἐμπεριπατῶν
1319 1824 1344 1851 ἐν
1373 1826 1433 1854 ταῖς
1461 1823 1619 1861 εἰρημέναις
1636 1823 1766 1861 ψυχαῖςὸ
1783 1823 1855 1860 ἀγα-

1027 1869 1112 1904 πητός
1141 1879 1202 1906 μου.
1232 1869 1285 1897 Καὶ
1307 1870 1416 1907 φαγὲτω
1439 1869 1540 1905 καρπὸν
1568 1866 1726 1905 ἀκροδρύων
1756 1868 1855 1896 αὑτοῦ.

1027 1917 1140 1951 Ἥγουν,
1159 1914 1340 1951 Εὐωχηοητω
1355 1913 1404 1951 τήν
1432 1913 1536 1940 τούτων
1560 1914 1613 1939 τῶν
1639 1911 1735 1949 ψυχῶν
1759 1922 1855 1947 σωτη-

1028 1959 1097 1995 ρίαν,
1124 1959 1155 1993 ἢν
1189 1957 1268 1989 αὸτὸς
1305 1958 1404 1985 οἰκεῖον
1435 1956 1518 1996 ἴφησι
1548 1957 1656 1994 βρῶμα,
1685 1956 1778 1992 ιῖπὼν,
1810 1956 1855 1984 ὅτι

1029 2003 1109 2039 Ἐμὸν
1135 2002 1233 2041 βρῶμά
1263 2003 1345 2037 ἆστιν,
1358 2001 1403 2030 ’ίνα
1428 2004 1500 2030 ποιῶ
1515 2000 1545 2029 τὸ
1562 2000 1671 2038 οὲλημα.
1682 2003 1730 2028 τοῦ
1746 2002 1856 2039 Πατρός

1030 2057 1100 2084 μου·
1118 2047 1183 2084 ὅπερ
1213 2047 1268 2074 ἐστὶ
1298 2058 1363 2084 κατῃ
1389 2046 1502 2084 γνώμην
1528 2045 1628 2074 οἰκείαν
1656 2049 1777 2080 σωθῆναι
1805 2046 1854 2073 τὸν

1028 2092 1181 2128 ἄνθρωπον.
1199 2092 1306 2129 Καρπὸς
1335 2090 1363 2119 δὲ
1391 2094 1443 2118 τῶν
1474 2092 1521 2118 τοῦ
1545 2090 1665 2129 νυμφίου
1692 2088 1855 2128 ἀκροδρύων

1027 2137 1044 2171 ἡ
1065 2139 1117 2163 τῶν
1143 2136 1292 2173 ἀνθρώπων
1317 2136 1434 2173 ὑπάρχει
1455 2135 1588 2173 σωτηρία,
1611 2135 1648 2165 ὡς
1677 2133 1856 2171 ἀποτέλεσμα

1026 2183 1080 2208 τῶν
1106 2181 1265 2219 παναγάθων
1304 2180 1386 2208 αὑτοῦ
1416 2178 1599 2216 θελημάτων·
1630 2180 1696 2217 ἅπερ
1728 2179 1795 2206 εἰσὶν
1825 2180 1855 2206 αἱ

987 2225 1010 2256 D
1026 2226 1099 2263 ἅγιαι
1114 2226 1197 2253 αὐτοῦ
1226 2224 1345 2261 ἐντολαὶ,
1361 2225 1389 2252 αἱ
1412 2224 1480 2251 κατὰ
1508 2225 1603 2262 πρᾶξιν
1633 2223 1855 2261 ἰγκεκεντρισμὲ-

1027 2281 1070 2297 ναι
1087 2270 1130 2298 ἐπὶ
1154 2273 1214 2301 ταῖς
1240 2269 1318 2305 δίκην
1342 2268 1429 2308 δρυῶν
1455 2267 1569 2307 ἐδραίως
1592 2267 1789 2307 ἐρῥιζωμὲναις
1817 2270 1854 2306 τῇ

1028 2315 1065 2345 εἷς
1079 2315 1158 2342 αὐτὸν
1175 2315 1263 2342 πίστει
1280 2316 1391 2352 ψυχαῖς.
1756 2349 1758 2351 μ

1063 2359 1199 2394 Εἰσῆλθον
1231 2359 1268 2389 είς
1297 2359 1385 2394 κῆπόν
1415 2368 1480 2395 μου,
1509 2355 1614 2396 ἀδελφή
1650 2367 1702 2393 μου
1729 2356 1826 2396 νύμφη
1846 2368 1853 2375 ·

1027 2403 1161 2442 ἐτρύγησα
1197 2403 1316 2441 σμύρναν
1360 2413 1430 2440 μου,
1474 2402 1541 2439 μετὰ
1581 2401 1733 2440 ἀρωμάτων
1777 2411 1853 2438 μου·

1026 2448 1123 2486 ἔφαγον
1145 2449 1224 2486 ἄρτον
1255 2459 1318 2484 μου,
1350 2447 1417 2484 μετὰ
1448 2445 1558 2484 μίλιτός
1589 2445 1749 2483 μου-ἔπιον
1776 2446 1854 2474 οἶνόν

1028 2505 1090 2530 μου,
1120 2494 1187 2529 μετὰ
1215 2492 1350 2530 γάλακτός
1379 2501 1441 2528 μου·
1457 2491 1562 2531 φάγε-τι,
1593 2492 1619 2518 οἱ
1647 2490 1774 2527 πλησίοι,
1805 2491 1853 2519 καὶ

1024 2539 1109 2572 πίετε,
1127 2538 1171 2565 καὶ
1189 2537 1348 2574 μεθύσθητε,
1365 2535 1491 2575 ἀδελφοί.

1303 2584 1361 2609 Τῶν
1377 2582 1402 2619 γ’
1418 2581 1557 2618 Πατάρων.

1058 2630 1190 2656 ’Ἤκουσεν
1203 2628 1216 2654 ὁ
1231 2626 1346 2665 νυμφίος
1361 2629 1411 2660 τῆς
1441 2624 1641 2662 παρακλήσεως
1662 2628 1711 2659 τῆς
1739 2624 1850 2664 νύμφης

1022 2674 1092 2701 κατὰ
1117 2674 1158 2709 τὸ,
1175 2674 1236 2701 Ἔτι
1265 2671 1416 2702 λαλοῦντός
1445 2681 1503 2707 σου,
1531 2669 1596 2708 ἐριῖ⁶
1622 2668 1693 2698 Ἰδοὺ
1721 2669 1848 2707 πάριιμι.
