1951 3051
126 74 186 104 635

791 74 1004 104 MICHAELIS
1024 74 1163 105 PSELLI

1768 76 1830 107 636

123 141 269 175 temptum
286 139 418 175 ipsorum
435 140 523 176 sopiti
538 140 608 168 sint.
623 140 731 176 Vigilat
750 142 849 168 autem
865 148 940 168 meus

1023 141 1053 167 οῦ
1071 150 1122 176 μου
1138 143 1230 180 φωνῆς
1245 140 1392 179 κρούοντος
1409 140 1450 168 ιπ⁷
1479 140 1569 169 αὐτόν.
1598 142 1638 168 Δι’
1664 141 1695 169 οὗ
1722 141 1761 173 ὡς
1790 140 1837 168 διά.

123 192 198 218 mea,
215 192 251 211 ne
265 192 394 219 sponsus
410 191 493 212 meus
510 186 650 218 Verbum,
668 185 763 212 verbis
787 184 945 220 inexplica-

1000 194 1073 216 τινος
1090 185 1170 223 θύρας
1187 185 1265 216 οὗτος
1281 185 1432 223 εἰσέρχεται
1457 185 1495 217 εἷς
1509 186 1558 220 τὴν
1575 186 1680 224 ψυχήν.

124 228 193 260 bile,
208 229 338 262 veniens,
353 229 482 256 inveniat
507 238 570 257 eam
592 230 810 257 dormitantem.
829 231 860 256 In
877 230 984 264 quibus
1006 232 1102 258 autem
1139 239 1223 258 mens
1252 231 1362 266 vigilat,
1393 231 1476 259 audit
1503 239 1602 259 vocem
1633 231 1732 260 dilecti
1778 231 1839 259 mei

126 272 275 300 Pulsautis
290 273 326 300 ad
343 281 419 306 eam,
437 281 487 308 per
502 282 591 310 quam
608 276 751 309 tanquam
768 282 818 310 per
829 274 953 309 januam
970 275 1128 310 quamdam
1143 275 1173 303 in
1189 275 1316 303 animam
1333 275 1511 311 ingreditur,

494 327 592 355 Psetti.

164 371 219 399 Sed
249 379 364 406 sponsa
392 371 512 400 Cantica
540 380 658 399 rursum
691 371 858 399 audiamus.
899 372 955 399 Vox

126 416 284 442 consobrini
296 415 352 442 mei
369 416 462 450 pulsat
489 416 526 444 ad
548 417 658 444 ostium.
679 416 762 451 Aperi
777 416 856 449 mihi,
877 423 954 443 soror

125 468 197 494 mea,
222 460 317 495 inquit
337 468 465 495 sponsus
491 468 573 488 meus
600 461 697 488 media
724 461 760 488 de
791 462 876 488 nocte
906 468 953 487 ve-

125 503 219 531 niens.
236 503 338 531 Cordis
353 505 461 532 ostium
484 505 564 538 mihi,
592 505 700 540 inquit,
726 505 894 540 patefacito,
920 507 953 532 ut

124 548 153 575 in
183 552 211 576 te
236 548 419 576 mansionem
451 549 554 577 faciam
584 557 651 577 cum
689 550 773 577 Patre
803 557 866 577 meo
893 549 915 566 ⁵⁵
945 557 952 577 :

124 593 284 620 virtutibus
309 593 386 621 enim
413 594 541 629 profecto
571 594 643 622 mihi
677 594 844 630 propinqua
866 594 952 622 facta.

125 645 167 665 es.
199 638 280 670 Quod
305 637 328 665 si
358 639 509 673 aperueris
537 638 619 672 mibi,
646 639 720 666 dabo
754 639 807 666 tibi
844 647 953 666 munus

126 690 279 717 magnum,
296 690 390 709 rorem
413 683 512 718 capitis
527 683 591 716 mei,
604 685 628 710 et
642 684 838 711 cincinnarum
852 685 954 719 guttas:

126 726 180 754 hoc
195 729 241 754 est
256 726 365 762 largiar
382 727 433 754 tibi
459 728 658 755 curandorum
686 727 840 755 hominum
860 727 952 754 facul-

124 772 226 799 tatem.
244 771 302 799 Bos
317 771 395 798 enim
408 779 491 799 meus
506 773 550 800 est
566 771 720 799 hominum
738 770 894 799 medicina.

423 915 516 942 Trium
532 915 658 942 Patrum.

164 959 235 986 Talis
259 963 352 987 autem
379 961 419 987 est
447 959 485 986 ad
513 967 557 986 me
584 966 638 986 v0.1:
661 959 753 995 sponsi
767 959 846 986 mei:
877 958 957 994 Aperi

127 1005 208 1039 mihi,
237 1011 315 1032 soror
340 1011 411 1036 mea,
440 1005 600 1040 propinqua
628 1012 699 1037 mea,
728 1003 853 1031 columba
884 1010 955 1035 mea,

128 1051 255 1084 perfecta
270 1057 342 1077 mea.

163 1093 249 1128 Aperi
266 1093 338 1120 mihi
370 1095 498 1121 mentem
521 1096 614 1126 tuam,
641 1095 673 1120 ut
692 1101 745 1129 ego
757 1093 808 1128 qui
824 1100 955 1128 compre-

130 1137 219 1165 hendi
236 1145 358 1172 nequeo,
372 1145 423 1173 per
437 1137 520 1165 illam
538 1138 565 1164 in
583 1140 610 1165 te
626 1137 957 1172 comprehendar,50ror

127 1190 196 1214 mea,
216 1185 363 1217 quatenus
390 1181 462 1209 facis
491 1181 669 1209 voluntatem
694 1182 788 1209 Patris
804 1181 958 1208 mei:Pro-

127 1228 232 1261 pinqua
247 1234 318 1259 mea,
330 1227 391 1262 jam
410 1226 486 1254 facta
501 1229 620 1262 propter
649 1226 758 1254 mentis
787 1225 956 1260 tranquilli-

128 1273 219 1298 tatem
233 1278 239 1298 :
256 1270 387 1298 Columba
419 1278 490 1302 mea,
514 1272 614 1306 utpote
642 1279 705 1306 quae
722 1270 815 1297 sancti
831 1270 956 1306 Spiritus

131 1316 185 1342 mei
203 1323 327 1342 munera
347 1315 506 1350 acceperis,
530 1315 636 1350 quibus
666 1318 804 1350 tanquam
821 1314 876 1341 aiis
906 1322 957 1349 per

130 1359 310 1387 affectionem
338 1361 373 1387 ab
405 1360 542 1387 omnibus
561 1360 684 1387 terrenis
709 1359 796 1387 rebus
823 1359 955 1392 avolasti,

129 1407 216 1440 atque
233 1405 262 1432 in
279 1413 325 1431 me
342 1405 378 1431 ab
392 1405 473 1432 omni
486 1405 609 1432 materia
625 1407 735 1432 remoto
752 1407 840 1440 atque
855 1404 956 1431 ineffa-

129 1449 181 1476 bili
197 1451 225 1476 et
238 1450 345 1476 mentis
358 1451 476 1484 captum
493 1449 649 1476 excedente
673 1448 877 1484 couquievisti.
905 1449 956 1476 At-

131 1501 188 1529 que
216 1494 256 1521 ita
281 1494 403 1529 perfecta
426 1501 499 1526 mea,
531 1495 563 1520 ut
591 1501 643 1528 per
667 1493 810 1521 actionem
831 1495 957 1529 purgata

127 1541 156 1565 et
171 1546 222 1574 per
235 1538 511 1573 contemplationem
541 1538 571 1565 in
600 1538 706 1573 spiritu
723 1537 898 1571 illuminata,
928 1539 957 1565 et

129 1583 260 1611 numeris
274 1584 411 1611 omnibus
427 1592 478 1619 per
492 1583 656 1610 divinitatis
671 1584 796 1619 gratiam
819 1582 955 1618 expolita.

130 1628 215 1663 Aperi
230 1630 329 1655 autem
352 1628 432 1661 mihi,
457 1629 599 1664 quoniam,
623 1630 655 1655 ut
681 1627 791 1655 dictum
808 1631 861 1661 est,
876 1628 957 1663 caput

130 1679 223 1699 meum
237 1676 276 1699 est
292 1672 407 1707 plenum
422 1680 495 1704 rore,
511 1674 538 1699 et
552 1672 678 1699 cincinni
688 1673 743 1699 mei
756 1673 839 1707 guttis
859 1673 954 1699 nostis.

132 1716 167 1743 Et
191 1719 280 1751 caput
304 1717 422 1752 quidem
453 1717 557 1752 ipsius,
589 1716 665 1752 quod
691 1725 742 1751 per
756 1715 955 1743 excellentiam

132 1761 253 1796 mystice
269 1760 447 1788 declaratum
464 1763 509 1788 est
520 1761 742 1795 Vcrbum,Mons
758 1760 808 1788 illa
824 1760 956 1788 ineﬁ‘abi-

130 1804 166 1832 lis
178 1813 240 1841 quin
254 1805 381 1832 Verbum
398 1806 510 1840 genuit,
527 1813 648 1840 quaeque
671 1813 687 1832 ο
704 1805 790 1832 rebus
819 1804 958 1832 omnibus

130 1849 210 1877 omni
225 1850 340 1877 ratione
357 1850 470 1877 inﬁnite
486 1850 586 1877 distat.
604 1849 747 1885 Impletur
761 1851 871 1881 autem,
887 1849 957 1876 dum

131 1896 268 1929 tanquam
286 1902 349 1922 rore
363 1895 520 1930 perfectam
534 1894 664 1921 animam
676 1893 777 1930 implet
793 1893 960 1930 cognitione

132 1948 193 1966 sum
211 1939 372 1966 divinitatis
389 1947 438 1974 per
449 1939 588 1966 terminos
602 1938 960 1974 ubnogantes;cuiusmodi

135 1986 215 2018 sunt,
232 1983 594 2018 supersubstantialo,sine
608 1983 774 2018 principio,i
781 1990 957 2017 inmensum,

134 2028 280 2055 inﬁnitum
304 2030 332 2056 et
360 2028 408 2055 alii
438 2028 572 2062 ejusdem
603 2027 728 2063 generis.
756 2027 845 2062 liuius
861 2029 956 2054 autem

132 2072 273 2106 cincinni,
289 2080 321 2100 ex
337 2081 370 2100 en
386 2072 480 2107 capite
497 2075 567 2099 sunt
581 2072 663 2099 bona;
675 2071 768 2099 Patris
784 2071 959 2104 voluntates,

131 2117 161 2144 in
177 2117 284 2152 Spiritu
301 2119 402 2144 sancto
416 2118 451 2144 ab
464 2117 529 2152 ipso
543 2116 698 2152 Unigcnito
709 2116 743 2143 ad
758 2116 846 2143 ﬁnem
855 2116 959 2151 perdu-

131 2161 270 2193 ctce.0u:e
287 2162 404 2197 quidem
423 2164 565 2196 tanquam
587 2160 678 2196 guttis
694 2160 856 2194 nocturnis,
867 2160 958 2196 plena)

133 2206 330 2241 suntjudiciis
346 2206 463 2239 divinis,
489 2205 565 2240 quod
584 2204 790 2239 comprehendi
803 2207 957 2240 nequeant,

132 2250 507 2287 impervestigabilibusEx
522 2257 580 2285 quo
594 2250 682 2276 nocti:
696 2250 777 2284 gutta
793 2257 960 2285 nuncupan-

135 2297 193 2330 tur,
210 2296 295 2330 quasi
311 2295 419 2322 minuti
436 2295 556 2330 quidam
573 2301 694 2329 vapores
711 2294 886 2330 cognitionis
916 2295 959 2322 in-

134 2340 353 2375 comprehensaa
370 2341 457 2374 atque
473 2338 628 2366 inaccessas
640 2337 870 2366 divinitatis.Per
885 2346 959 2374 quas

136 2383 255 2418 quidem
268 2383 399 2420 guttulas
411 2382 587 2418 cognitionis
595 2389 678 2409 mens
687 2382 790 2410 animas
798 2382 855 2410 Deo
866 2382 960 2411 Verbo

134 2428 316 2462 desponsatas
333 2428 476 2463 patefacta
491 2429 519 2454 et
534 2428 634 2462 aperta
649 2427 745 2462 ipsum
758 2427 917 2455 introducit
930 2427 960 2455 in

136 2473 255 2499 domum
272 2472 553 2507 suam.Quapropter
567 2472 595 2498 et
609 2473 747 2506 tanquam
758 2480 848 2500 causa
862 2472 959 2500 illius:

136 2517 217 2552 Aperi
227 2517 421 2543 mihizdictnm
438 2517 491 2543 est:
509 2516 579 2549 Quia
594 2520 675 2550 caput
691 2523 778 2543 meum
793 2517 907 2552 plenum
923 2518 961 2545 est

136 2568 198 2588 rore
212 2569 221 2591 ,'
235 2563 263 2588 et
279 2569 342 2595 quae
358 2561 689 2596 sequunturﬁzeterum,
702 2569 718 2587 ο
730 2560 962 2597 discipulaa,quia

137 2606 179 2632 sic
189 2613 286 2632 vocem
295 2604 606 2639 sponsimeiaudivi,et
618 2604 960 2640 intelligibilemjanuum

139 2657 233 2677 meam
260 2649 391 2685 patefeci,
414 2651 500 2684 atque
527 2648 651 2676 incolam
665 2649 782 2684 possedi
796 2649 893 2686 ipsum
911 2650 961 2686 qui

172 2741 194 2760 ⁵⁸
214 2740 315 2778 Jeoan,
331 2740 404 2775 XIV,
419 2741 464 2769 23.

1357 327 1480 356 Ψελλοῦ.

1044 371 1123 399 Ἀλλ’
1139 371 1215 404 αὖθις
1231 371 1409 409 ἄκουσώμεθα
1423 372 1473 406 τῆς
1489 372 1598 412 νύμφης
1609 375 1662 400 τῶν
1677 373 1836 410 Ἀσμάτων·

1045 416 1127 450 ψωνή
1155 417 1202 443 τοῦ
1231 415 1380 453 ἀδελφιδοῦ
1404 419 1456 453 μοῦ
1485 417 1578 453 κρούει
1603 417 1711 452 ἐπὶτήν
1737 417 1833 455 θύραν·

1008 460 1133 496 ’Ἃνοιξόν
1152 471 1210 497 μοι,
1223 459 1326 498 ἀδελφή
1341 472 1404 497 μου.

1044 505 1131 540 Φησὶ»
1147 505 1174 532 ἐν
1191 505 1264 542 μέσῳ
1279 509 1328 540 τῆς
1344 506 1439 536 νυκτὸς
1454 506 1491 536 ὡς
1507 505 1590 540 ἦλθεν
1607 506 1621 534 ὁ
1635 505 1766 545 νυμφίος,

1008 550 1065 584 Τὴν
1082 550 1163 587 θύραν
1179 549 1356 585 ἆναπίτασον,
1373 550 1440 586 dm,
1460 549 1507 586 μοὶ
1521 554 1571 585 τῆς
1586 549 1710 587 καρδίας,

1007 594 1053 625 Ὡς
1068 593 1098 621 ἂν
1119 594 1145 621 ἐν
1162 595 1204 621 σοὶ
1219 595 1380 631 ποιήσωμαι
1397 595 1480 630 μονὴν
1498 594 1544 622 σὺν
1559 597 1599 631 τῷ
1614 595 1699 632 Πατρί
1716 606 1780 632 μου.

1008 640 1077 670 Tati;
1093 639 1198 676 ἀρεταῖς
1209 639 1260 676 γὰρ
1275 639 1396 676 πέφυκας
1410 637 1496 671 ὅντως
1511 639 1579 676 ἐμοῦ
1594 640 1725 675 πλησίον.

1007 683 1039 710 Εἰ
1054 686 1117 721 γοῦν
1134 683 1248 719 ἀνοίξεις
1265 694 1322 719 μοι,
1341 683 1434 722 φησὶν,
1449 683 1530 711 δώσω
1560 695 1601 711 σοι
1629 683 1715 722 δῶρον
1748 685 1818 721 μέγα
1829 693 1837 700 θ

1007 728 1061 762 Τὴν
1098 727 1193 763 δρόσον
1238 739 1290 764 μου
1331 732 1380 763 τῆς
1418 727 1540 767 κεφαλῆς
1571 727 1690 765 ψεκάδας
1716 739 1746 756 τι
1773 729 1842 766 βοσ-

1699 773 1837 811 [τρύχων.

1008 817 1117 854 Ἠγουν,
1135 818 1241 850 ’1άσεις,
1257 816 1375 845 ἐκτιλεῖν
1390 816 1470 845 δώσω
1487 828 1529 845 σοι
1545 818 1615 854 πρὸς
1630 817 1800 855 ἀνθρώπους⁸

969 863 992 895 Β
1008 862 1088 898 Ἰαμα
1107 862 1158 900 γὰρ
1171 863 1189 897 ἡ
1206 861 1302 899 δρόσος
1319 872 1372 898 μου
1385 861 1517 900 τυγχάνει
1532 864 1590 894 τοῖς
1604 861 1771 900 ἀνθρώποις.

1294 917 1353 942 Τῶν
1368 915 1392 952 γ’
1412 914 1550 953 Πατέρων.

1045 959 1161 994 Τοιαύτη
1191 958 1220 987 δὲ
1248 959 1319 987 ἐστιν
1346 960 1367 994 ἡ
1393 959 1464 996 πρός
1491 969 1523 996 με
1548 961 1597 986 τοῦ
1611 959 1730 997 νυμφίου
1745 961 1840 998 φωνή·

1010 1004 1131 1040 Ἂνοιξόν
1155 1015 1214 1040 μοι,
1234 1003 1339 1043 ἀδελφή
1359 1014 1424 1041 μου,
1439 1004 1456 1039 ἠ
1473 1003 1592 1039 πλησίον
1611 1014 1673 1041 μου,
1689 1004 1843 1043 περιστερά

1014 1059 1076 1085 μου1
1092 1047 1185 1076 τελεία
1201 1059 1264 1084 μου.

1046 1093 1172 1128 νΛνοιξον
1202 1091 1231 1120 δέ
1260 1103 1309 1129 μοι
1337 1092 1383 1120 τὸν
1398 1094 1473 1126 νοῦν,
1487 1093 1534 1120 ἳνα
1561 1093 1690 1130 χωρητός
1720 1103 1763 1120 σοι
1795 1091 1845 1120 διὰ

1012 1138 1095 1175 μέσου
1122 1137 1204 1164 αὐτοῦ
1235 1138 1249 1164 ὸ
1265 1137 1411 1175 άχώρητος
1429 1137 1562 1174 γένωμαι.
1580 1136 1700 1175 Ἀδελφή
1719 1141 1783 1174 μου·
1802 1137 1847 1167 ὡς

1010 1184 1128 1210 ποιοῦσα
1151 1183 1182 1209 τὸ
1211 1181 1321 1218 θελημα
1345 1184 1394 1209 τοῦ
1422 1182 1527 1220 Πατρός
1554 1192 1627 1218 μου,
1655 1182 1686 1210 Ἡ
1716 1181 1846 1217 πλησίον

1013 1237 1065 1263 μου
1093 1225 1147 1262 ἤδη
1176 1225 1308 1264 γενομένη
1339 1225 1374 1253 δι’
1402 1225 1551 1255 ἀπάθειαν.
1591 1225 1738 1264 Περιστερά
1774 1237 1844 1262 μου,

1011 1271 1048 1302 ὡς
1073 1272 1106 1298 τὰ
1130 1271 1286 1308 χαρίσματα
1300 1272 1348 1297 τοῦ
1371 1270 1504 1309 παναγίου
1535 1281 1587 1307 μου
1608 1270 1767 1307 Πνεύματος
1784 1270 1841 1298 λα-

1011 1313 1105 1347 ϐοῦσα,
1137 1317 1182 1342 οἷα
1216 1315 1351 1352 πτέρυγας
1379 1317 1566 1353 Υπεριστερᾶς·
1596 1315 1641 1342 καὶ
1675 1316 1843 1342 πετασθεῖσα

1010 1360 1079 1388 κατὰ
1099 1358 1215 1386 διάθεσιν
1242 1359 1295 1386 ἀπὸ
1320 1360 1428 1387 πάντων
1441 1362 1494 1387 τῶν
1508 1358 1621 1398 γηίνων,
1646 1359 1690 1387 καὶ
1706 1359 1747 1386 ἐπ’
1773 1359 1842 1396 ἐμοὶ

1009 1407 1050 1440 τῷ
1077 1403 1164 1440 ἀύλῳ,
1196 1403 1307 1442 ἀρρήτῳ
1338 1414 1367 1431 τε
1392 1404 1435 1432 καὶ
1461 1404 1526 1442 ὑπὲρ
1555 1406 1617 1431 νοῦν
1645 1404 1844 1432 καταπαύσασα

1011 1448 1098 1486 λόγῳ·
1121 1448 1260 1480 κάντεῦθεν
1274 1447 1365 1476 τελεία
1396 1459 1458 1486 μου,
1479 1449 1517 1480 ὡς
1531 1451 1694 1487 καθαρθεῖσα
1709 1448 1753 1476 διὰ
1767 1450 1843 1486 πρά-

1012 1493 1076 1528 ξεως
1104 1493 1149 1520 καὶ
1166 1496 1329 1532 φωτισθεῖσα
1357 1491 1401 1520 διὰ
1427 1494 1477 1528 τῆς
1502 1492 1528 1520 ἐν
1558 1493 1691 1530 πνεύματι
1707 1493 1839 1531 Θεωρίας,

1011 1537 1056 1566 καὶ
1096 1537 1273 1569 τελειωθεῖσα
1315 1537 1359 1565 διὰ
1399 1541 1450 1572 τῆς
1486 1539 1554 1565 κατά
1592 1539 1673 1576 χάριν
1703 1539 1845 1570 θεώσεως.

1011 1583 1134 1617 ’Ἁνοιξον
1166 1581 1193 1609 δέ
1226 1593 1283 1618 μοι,
1314 1583 1351 1613 ὡς
1381 1581 1499 1620 εἷ’ρηται,
1528 1583 1569 1610 δτι
1597 1583 1613 1617 ἠ
1643 1583 1748 1622 κεφαλή
1782 1593 1838 1618 μου

1011 1625 1137 1661 ἐπλήσθη
1168 1625 1285 1663 δρόσου,
1325 1626 1369 1654 καὶ
1398 1627 1424 1653 οἱ
1452 1625 1600 1664 βόστρυχοί
1633 1637 1685 1662 μου
1712 1625 1842 1663 ψεκάδων

1011 1670 1127 1701 νυκτός.
1157 1670 1210 1698 Καὶ
1237 1670 1343 1709 κεφαλή
1375 1671 1422 1707 μὲν
1451 1670 1505 1698 ἐστι
1530 1673 1579 1698 τοῦ
1608 1671 1667 1702 καθ’
1694 1671 1839 1708 ὑπεροχὴν

1013 1715 1150 1752 μυστικῶς
1178 1714 1405 1754 ἆποπεφασμὲνου
1434 1715 1536 1752 Λόγου,
1567 1716 1581 1742 ὁ
1609 1717 1704 1742 τοῦτον
1719 1716 1779 1742 κατ’
1794 1715 1844 1742 οὖ-

1011 1760 1070 1787 σίαν
1101 1761 1211 1797 γεννῶν,
1243 1759 1286 1786 καὶ
1312 1759 1420 1786 πάντων
1450 1759 1520 1787 κατὰ
1535 1759 1619 1787 πάντα
1645 1759 1746 1797 τρόπον
1764 1759 1846 1788 ἀπεί-

1012 1814 1066 1842 ρως
1081 1803 1261 1840 ἐξῳκισμένος
1277 1803 1432 1841 ἀπόρῥητος
1449 1806 1527 1834 Νοῦς·
1559 1803 1588 1834 ὅς
1616 1802 1771 1841 πληροῦται
1803 1803 1846 1840 τῷ

1012 1848 1136 1885 πληροῦν
1165 1848 1215 1882 τὴν
1237 1847 1343 1875 τελείαν
1357 1849 1461 1886 ψυχὴν,
1490 1849 1535 1876 οἶα
1555 1847 1657 1886 δρόσου
1671 1852 1721 1883 τῆς
1734 1849 1845 1883 ἀποφα-

1012 1895 1090 1928 τικῆς
1115 1892 1254 1931 θεολογίας
1279 1896 1334 1920 τῶν
1350 1894 1411 1931 περὶ
1434 1893 1525 1921 αὑτόν·
1556 1894 1621 1932 ἅπερ
1647 1893 1698 1921 εΐσὶ
1713 1894 1745 1922 τὸ
1762 1895 1847 1932 ὑπερ-

1013 1938 1115 1972 ούσιον,
1144 1939 1175 1965 τὸ
1204 1936 1334 1976 ἄναρχον,
1363 1939 1394 1965 τὸ
1424 1937 1547 1975 ἄπειρον,
1577 1939 1609 1966 τὸ
1638 1939 1777 1976 ἀόριστον,
1794 1939 1843 1967 καὶ

1013 1984 1046 2011 τὰ
1075 1982 1168 2020 ὅμοιαι
1200 1982 1349 2021 βόστρυχοι
1379 1981 1525 2010 δὲ.τούτου
1554 1982 1583 2010 ἐκ
1611 1984 1661 2016 τῆς
1691 1983 1846 2021 εἰρημένης

1014 2028 1147 2065 φυόμενοι
1174 2026 1306 2064 κεφαλῆς,
1332 2027 1359 2054 αἱ
1387 2026 1412 2054 ἐν
1438 2027 1506 2064 ἁγίῳ
1535 2026 1670 2064 Πνεύματι
1689 2028 1733 2055 ὑπ’
1759 2027 1845 2055 αὐτοῦ

1012 2074 1061 2099 τοῦ
1100 2072 1270 2109 Μονογενοῦς
1308 2071 1346 2103 είς
1382 2072 1466 2109 πέρας
1495 2071 1626 2109 ἀγόμεναι
1655 2074 1704 2099 τοῦ
1733 2073 1842 2110 Πατρὸς

1013 2115 1151 2144 εὖδοκίαι.
1196 2117 1281 2152 ’Ἀπερ
1316 2117 1361 2143 οἵα
1398 2115 1522 2153 ψεκάδων
1560 2117 1675 2152 νυκτὸς,
1712 2119 1768 2144 τῶν
1808 2116 1846 2145 δι’

1014 2159 1202 2198 ἀκαταληψίαν
1233 2161 1444 2199 ἀνεξερευνήτων
1481 2159 1652 2199 πληροῦνται
1677 2161 1756 2194 θείων
1779 2172 1844 2200 κρι-

1015 2205 1118 2243 μάτων.
1151 2206 1228 2233 Ὅθεν
1262 2208 1346 2233 ταῦτα
1379 2206 1422 2233 καὶ
1457 2206 1553 2238 νυκτὸς
1583 2204 1696 2243 ψεκάδες
1722 2205 1845 2244 ἐλέχθη-

1013 2260 1071 2284 σαν,
1101 2250 1137 2280 ὡς
1165 2248 1268 2282 νοτίδες
1282 2250 1354 2281 τινὲς
1378 2250 1503 2286 γνώσεως
1525 2253 1575 2284 τῆς
1600 2250 1662 2287 περὶ
1687 2251 1752 2278 Θεὸν
1775 2251 1846 2278 ἀκα-

1012 2293 1160 2331 ταληψίιιις⁸
1196 2295 1255 2326 καθ’
1292 2294 1323 2325 ἃς
1357 2295 1485 2332 γνώσεως
1513 2293 1622 2326 νοτίδας
1651 2295 1665 2322 ὁ
1698 2297 1760 2326 νοῦς
1790 2299 1847 2330 τῆς

1013 2338 1210 2376 νυμφευθείσης
1223 2340 1264 2374 τῷ
1278 2340 1336 2374 Θεῷ
1360 2338 1440 2376 Λόγῳ
1464 2340 1557 2377 ψυχῆς
1576 2339 1778 2377 ἀνοιγόμενος,·
1794 2340 1848 2368 αὐ-

1014 2384 1059 2411 τὸν
1085 2382 1268 2418 εῒσοικίζεται.
1300 2382 1398 2421 Διόπερ
1425 2383 1470 2410 καὶ
1498 2383 1535 2414 ὡς
1557 2383 1629 2411 αἰτία
1642 2386 1701 2419 τοῦ,
1715 2385 1848 2421 ’Ἃνοιξόν

1017 2438 1075 2464 μοι,
1101 2427 1143 2462 τὸ,
1169 2429 1232 2456 ’Ότι
1260 2428 1277 2462 ἠ
1298 2427 1403 2466 κεφαλή
1433 2438 1485 2464 μου
1507 2427 1632 2464 ἐπλήσθη
1663 2427 1772 2466 δρόσου,
1798 2430 1848 2458 καὶ

1015 2472 1048 2499 τὰ
1076 2471 1148 2507 ἑξῆς,
1179 2471 1296 2510 εἴρηται.
1328 2472 1403 2499 Ἐπεὶ
1419 2471 1453 2506 δ’,
1486 2471 1508 2499 ὦ
1534 2473 1693 2510 μαθήτριαι,
1711 2473 1849 2510 οὕτω-τῆς

1017 2520 1110 2554 φωνῆς
1140 2518 1188 2543 τοῦ
1217 2516 1335 2554 νυμφίου
1362 2527 1413 2554 μου
1440 2515 1562 2551 ἤκουσα,
1591 2518 1636 2544 καὶ
1664 2518 1714 2552 τὴν
1743 2519 1847 2554 ἑαυτῆς

1016 2561 1119 2595 νοητὴν
1134 2559 1226 2594 πύλην
1237 2561 1352 2597 ἠνέῳξα,
1376 2561 1421 2588 καὶ
1437 2559 1540 2588 ἕνοικον
1570 2560 1726 2599 ἐκτησάμην
1748 2563 1845 2599 αὐτὸν,

1017 2604 1046 2635 δς
1083 2604 1287 2642 ἀναμαρτησίας
1320 2605 1391 2632 ἔστὶν
1430 2603 1544 2642 ἔνδυμα,
1575 2605 1705 2644 πρότερον
1734 2607 1845 2636 πάντων

1017 2648 1183 2686 ἐξεδυσάμην
1213 2650 1258 2677 τὸν
1287 2649 1393 2688 χιτῶνά
1420 2661 1473 2687 μου
1496 2651 1542 2677 τὸν
1567 2650 1695 2686 παλαιὸν,
1724 2652 1772 2680 τὸν
1791 2657 1844 2688 τῆς
