1951 3051
113 76 173 106 639

785 75 994 106 MICHAELIS
1016 74 1154 106 PSELLI

1761 75 1826 105 640

110 142 284 170 circumeunt
302 143 462 170 civitatem:
483 147 680 178 percusserunt
707 151 761 177 me,
777 142 938 170 vulnerave-

1036 150 1107 167 σεται
1133 139 1179 168 καὶ
1207 139 1406 177 κρατηθῆσεταί
1434 150 1487 168 που
1515 139 1590 171 ὅστις
1619 139 1695 168 οὐδέν
1724 150 1750 167 τι
1773 140 1826 168 πι-

111 189 178 214 rimt
192 195 244 215 me.
261 187 282 215 Ο
300 187 527 222 pulcherrimam
544 187 665 224 virginis
677 187 911 223 progressionem
929 186 936 214 l

113 232 183 259 Ecce
211 231 289 259 enim
307 232 341 259 ad
367 232 487 268 angelos
517 240 611 267 usque
636 240 792 268 progressa
820 234 875 259 est.
906 230 940 258 Hi

112 284 238 311 namque
253 279 323 304 sunt
338 276 463 304 caelestis
475 277 600 304 civitatis
612 277 943 304 custodes.lnvencrunt

113 321 191 348 enim
210 329 255 348 me
270 321 397 348 Verbum
427 321 637 357 inquirentem,
666 324 695 349 et
723 320 818 348 verbis
843 321 942 347 deter-

115 368 237 392 ruerunt
251 374 285 392 ac
315 364 519 393 vulnerarunt.
542 366 685 392 Dixerunt
719 367 797 392 enim
814 365 841 391 id
861 363 943 391 nulla

114 417 235 445 prorsus
250 409 362 437 ratione
379 410 440 436 ﬁeri
455 418 551 445 posse,
565 413 597 436 ut
613 408 850 444 incomprehensi
862 415 941 435 com-

113 453 268 489 prehensio
286 453 644 488 reperiatur.Abstuler-unl
657 453 777 488 pallium
806 453 876 480 mihi
898 460 944 480 cu-

112 497 200 525 stodes
229 506 386 525 murorum.
416 497 531 530 Velum,
562 498 670 534 inquit,
688 497 876 525 abstulerunt
905 497 942 524 ab

112 541 205 570 oculis
222 542 308 575 meis,
325 544 356 569 ut
370 541 478 569 clarius
490 550 632 578 sponsum
645 542 838 577 intuerer,qui
854 549 890 569 ne
906 541 941 569 ab

112 587 226 623 angelis
260 586 380 622 quidem
406 589 501 622 potest
543 587 682 614 omnibus
720 586 940 622 comprehendi.

113 631 308 664 Quamobrem
336 631 474 658 incertior
503 631 657 659 discedens
686 631 816 666 omnino,
846 633 942 658 custo-

114 676 177 710 des,
194 675 221 702 id
240 677 294 709 est,
306 675 426 711 angelos
455 675 541 703 etiam
559 678 721 710 aversatur,
736 676 813 711 quod
839 683 876 702 ne
906 675 942 702 ab

115 719 176 747 illis
190 720 310 756 quidem
323 720 426 756 ingens
439 720 540 756 sponsi
554 721 732 748 desiderium
744 722 830 755 queat
845 719 942 746 immi-

117 773 179 792 nul.

999 195 1079 224 φυκεν
1100 184 1130 212 ἐκ
1147 187 1203 212 τῶν
1218 184 1437 222 γινωσκομὲνῶν,
1463 185 1516 212 οὐκ
1539 183 1622 219 εἶδος,
1652 184 1682 212 ού
1711 195 1826 223 σχημα-

996 230 1105 266 τισμὸς,
1134 229 1164 257 ού
1203 230 1300 263 τόπος,
1331 229 1362 256 οὐ
1394 230 1534 264 ποσότητες
1560 229 1680 266 Εῧροσάν
1725 240 1759 266 με
1798 229 1826 257 οἱ

998 273 1127 311 φύλακες,
1166 274 1192 301 οἱ
1241 272 1405 305 κυκλοῦντες
1458 274 1561 308 πόλιν,
1604 273 1734 310 ἐπάταξάν
1779 284 1826 311 με,

996 317 1193 355 ἰτραυμάτισάν
1225 329 1267 355 με.
1293 322 1324 345 Ὠ
1349 322 1399 354 τῆς
1424 319 1577 353 καλλίστης
1602 322 1745 354 προκοπῆς
1774 323 1827 353 τῆς

996 361 1105 401 νύμφης
1128 362 1173 390 καὶ
1201 363 1355 401 παρθένουι
1383 362 1453 392 Ἰδοὺ
1481 364 1532 401 γὰρ
1555 363 1709 398 ἀνελήλυθε
1739 363 1826 401 μέχρι

996 407 1040 434 καὶ
1056 409 1110 434 τῶν
1137 407 1272 445 ἀγγέλων.
1288 408 1370 436 Οὗτοι
1395 408 1444 445 γὰρ
1470 407 1590 446 φύλακάς
1619 407 1671 435 εἰσι
1697 409 1748 442 τῆς
1771 408 1825 435 πό-

997 449 1068 482 λεως
1090 454 1139 486 τῆς
1164 451 1229 480 ἄνω.
1246 452 1367 490 Εῧροσαν
1393 452 1481 480 τοίνυν
1509 463 1552 489 με,
1569 452 1647 491 φησὶ,
1660 453 1707 480 τὸν
1734 452 1824 491 Λόγον

997 495 1179 535 ψηλαφῶσα-ι,
1213 496 1258 524 καὶ
1301 496 1397 534 λόγοις
1437 497 1633 534 ἐτραυμάτισαν
1674 497 1719 525 καὶ
1762 508 1826 525 κατ-

998 539 1160 577 επλήγωσάν
1186 551 1229 577 με.
1240 543 1324 568 Τοῦτο
1347 541 1391 569 καὶ
1413 542 1463 580 γὰρ
1485 541 1589 577 ἐξεῗπόν
1607 552 1654 578 μοι
1673 543 1727 570 τῶν
1757 541 1824 579 ἄγαν

997 583 1146 621 ἀδυνάτων,
1159 586 1190 612 τὸ
1203 586 1252 620 τήν
1268 585 1420 622 κατάληψιν
1437 589 1526 621 ζητεῖν
1545 589 1595 621 τῆς
1619 586 1825 623 ἀκαταληψίας.

997 629 1083 666 Ἥραν
1112 630 1143 657 τὸ
1172 630 1311 668 θὲριστρον
1339 631 1384 658 ἀπ’
1407 630 1476 668 ιμοῦ
1505 632 1531 658 οἱ
1558 631 1676 670 φύλακες
1691 633 1746 658 τῶν
1771 641 1828 658 τει-

997 674 1081 711 χέων.
1097 676 1180 712 Ἦραν
1203 675 1234 702 τὸ
1256 675 1464 712 περικάλυμμα,
1486 676 1578 715 φησὶν,
1596 678 1648 703 τῶν
1673 675 1828 715 ὀφθαλμῶν

999 729 1064 754 μου,
1089 718 1157 746 ὥστε
1183 730 1216 755 με
1243 720 1431 758 καθαρώτερον
1463 720 1594 758 γνωρίσαι
1626 721 1673 748 τὸν
1705 721 1828 758 νυμφίον

997 766 1057 795 τοῖς
1084 767 1164 791 πᾶσιν
1201 764 1392 800 ἀκατάληπτον
1431 763 1495 793 ὅντα
1533 765 1577 792 καὶ
1608 768 1667 796 τοῖς
1693 764 1828 802 ἀγγέλοις

116 809 194 837 Ὅθεν
213 808 411 846 ἐπαπορήσασα
426 809 555 836 πάντοθεν
568 810 586 843 ἡ
601 808 733 846 παρθένος
746 807 809 840 τοὺς
833 806 955 846 φύλακας
977 806 1139 844 ἐκδυσωπεῖ,
1154 809 1275 837 τουτέστι
1298 809 1361 841 τοὺς
1385 809 1525 848 ἀγγέλους,
1540 810 1586 837 τὸν
1616 810 1699 842 πόθον
1721 809 1827 845 ταύτης

119 853 166 880 τὸν
181 852 268 880 πολὺν
287 853 405 890 μηνύσαι
417 856 457 890 τῷ
472 864 591 892 νυμφιῳ.

412 908 507 935 Trium
521 908 646 934 Patrum.

152 961 303 993 Quomodo
326 963 434 995 autem,
466 961 563 997 inquit
588 969 698 997 sponsa
726 961 761 988 ad
782 959 942 996 discipulae

116 1013 187 1033 suas
202 1006 353 1033 sordidam
370 1006 478 1041 peccati
496 1006 628 1034 tunicam
645 1005 842 1041 deposuerim,
858 1007 943 1039 atque

117 1049 278 1085 purissima
303 1051 457 1083 evaserim,
492 1051 602 1079 audite.
626 1050 712 1085 Nepos
735 1058 812 1077 meus
833 1049 945 1077 demisit

116 1103 232 1122 manum
242 1103 319 1122 suam
333 1103 381 1130 per
395 1097 530 1131 foramen,
551 1097 575 1122 et
596 1099 693 1123 venter
705 1103 780 1122 meus
801 1095 943 1122 intremuit

117 1138 151 1165 ad
167 1141 270 1166 tactum
285 1139 485 1174 ejusDilcctus
503 1147 585 1167 meus
602 1140 720 1167 demisit
736 1148 753 1166 ο.
769 1139 852 1166 Patre
875 1147 943 1174 pro-

118 1183 268 1210 cedentem
287 1184 322 1210 ab
342 1191 375 1211 eo
408 1184 548 1219 Spiritum
573 1184 628 1219 ipsi
654 1183 944 1216 consubstantialem,

120 1228 205 1262 cujus
221 1231 361 1263 tanquam
376 1236 462 1255 manu
476 1229 588 1264 peragit
598 1228 696 1256 divina
706 1228 867 1264 gratiarum
879 1235 945 1254 mu-

120 1280 190 1299 nera
199 1280 249 1307 per
261 1274 386 1299 mentem
401 1281 497 1300 meam
515 1273 603 1300 veluti
615 1273 800 1308 perforamen
813 1272 942 1306 aliquod:

120 1319 149 1344 et
165 1317 293 1352 patiente
309 1325 356 1344 me
371 1317 489 1344 initium
506 1317 669 1352 sapientia,
681 1317 816 1344 timorem
847 1316 944 1343 dilecti

125 1361 181 1388 mei
198 1363 339 1396 tanquam
352 1361 475 1397 judicis,
499 1361 573 1397 gulis
592 1361 760 1397 ventrisque
789 1361 946 1396 corripitur

120 1405 235 1437 vitium,
254 1406 331 1433 unde
348 1414 442 1442 genus
457 1414 541 1434 omne
558 1406 689 1434 nascitur
701 1405 944 1442 intemperantiae.

120 1451 152 1477 Et
162 1450 256 1478 statim
268 1451 380 1478 surrexi
396 1459 454 1485 ego,
471 1453 502 1478 ut
531 1452 668 1486 aperirem
684 1451 776 1486 nepoti
799 1458 876 1478 meo:
896 1458 947 1486 per

122 1494 271 1522 efﬁcacem
288 1495 565 1530 contemplationem
578 1496 613 1523 ab
624 1495 744 1523 habitus
753 1494 945 1530 dispositione

121 1547 187 1566 sum
205 1539 330 1566 excitata
339 1541 372 1566 ut
387 1539 622 1575 mentisjanuam
636 1540 826 1575 patefacerem
841 1538 945 1566 dilecto

955 907 979 939 Β

1277 907 1339 935 Τῶν
1351 907 1374 944 γ’
1390 906 1527 943 Πατὲρων.

1032 954 1104 989 Φησῖ
1123 957 1186 992 γοῦν
1203 954 1242 982 ἔτι
1265 956 1283 990 ἡ
1300 955 1391 995 νύμφη
1412 956 1479 993 πρὸς
1502 955 1550 986 τὰς
1575 954 1798 992 μαθητευομινας
1813 964 1821 972 ·

996 999 1090 1029 ’Όπως
1116 997 1144 1026 δὲ
1169 999 1214 1026 τὸν
1245 999 1364 1038 ῥυπαρὸν
1393 1004 1443 1034 τῆς
1481 999 1614 1038 ἁμαρτίας
1653 998 1824 1035 ὲξεδυσάμην

997 1045 1112 1080 χιτῶνα,
1128 1044 1172 1070 καὶ
1202 1043 1290 1082 ἄκρως
1319 1044 1480 1082 ἐκαθάρθην,
1509 1044 1641 1072 ἀκούσατε
1658 1054 1665 1062 ν
1693 1043 1826 1082 Ἀδελφι-

998 1086 1044 1118 δός
1076 1098 1128 1124 μου
1156 1088 1299 1116 ἀπέστειλε
1327 1092 1408 1126 χεῖρα
1448 1089 1531 1117 αὐτοῦ
1570 1089 1622 1117 ἀπὸ
1653 1093 1703 1124 τῆς
1742 1089 1828 1123 ὀπῆς.

997 1131 1042 1159 καὶ
1067 1133 1085 1166 ἡ
1114 1131 1208 1160 κοιλία
1241 1144 1293 1169 μυυ
1325 1133 1442 1169 ἰθροήθη
1484 1134 1526 1161 ἐπ’
1555 1133 1645 1161 αὐτόν.
1676 1134 1767 1168 Ἤτοι,
1794 1133 1828 1161 Ὁ

998 1176 1137 1213 ἀγαπητός
1162 1188 1214 1214 μου
1236 1175 1341 1214 ἔπεμψε
1361 1178 1434 1215 παρὰ
1452 1180 1501 1205 τοῦ
1530 1178 1636 1215 Πατρὸς
1662 1178 1693 1205 τὸ
1722 1177 1826 1209 ἐκεῖθεν

998 1220 1213 1259 ἰκπορευόμενον
1230 1222 1377 1258 ὁμοούσιον
1391 1223 1466 1258 αὐτῷ
1490 1221 1610 1258 Πνεῦμα,
1627 1221 1653 1249 ἐν
1683 1223 1706 1258 ᾧ
1731 1221 1827 1259 ὥσπερ

999 1263 1025 1293 ἕν
1041 1276 1093 1293 τινι
1110 1267 1183 1304 χειρί
1213 1267 1315 1305 ἐνεργεῖ
1342 1267 1375 1294 τὰ
1399 1268 1458 1295 θεῖα
1481 1267 1638 1305 χαρίσματα
1667 1265 1711 1294 διὰ
1740 1265 1827 1303 μέσου

999 1313 1047 1338 τοῦ
1062 1311 1124 1342 νυός
1143 1321 1196 1347 μου
1212 1312 1250 1342 ὡς
1266 1310 1310 1339 διά
1324 1321 1398 1343 τινος
1413 1312 1493 1347 ὀπῆς-
1509 1312 1554 1339 καὶ
1570 1309 1744 1346 ὠδινησάσης
1770 1321 1826 1346 μου

999 1356 1049 1390 τὴν
1065 1355 1155 1393 ἀρχὴν
1173 1360 1224 1391 τῆς
1238 1356 1335 1395 σοφίας
1348 1357 1394 1384 τὸν
1411 1354 1498 1393 φόϐον
1521 1358 1569 1383 τοῦ
1590 1356 1732 1394 ἀγαπητοῦ
1758 1365 1825 1392 μου,

1000 1400 1037 1431 ὡς
1064 1402 1169 1438 κριτοῦ,
1191 1401 1222 1428 τὸ
1246 1402 1295 1435 τῆς
1322 1411 1368 1437 μοι
1401 1400 1616 1439 γαστριμαργίας
1648 1399 1826 1428 συνίσταλται

1000 1444 1084 1476 πόθος
1115 1456 1178 1481 μου,
1205 1445 1231 1480 ἐξ
1260 1446 1290 1473 οὗ
1317 1449 1369 1473 πᾶν
1394 1444 1464 1476 εἶδος
1490 1444 1638 1476 ἀκολασίας
1669 1444 1825 1484 ὑφίσταται.

1000 1489 1049 1516 Καὶ
1091 1490 1168 1522 εὐθὺς
1214 1490 1326 1522 ἀνέστην
1368 1489 1420 1528 ἐγὼ
1462 1489 1564 1525 ἀνοῖξαι
1604 1492 1643 1526 τῷ
1685 1488 1827 1529 ἀδελφιδῷ

1003 1543 1065 1570 μου·
1083 1533 1180 1572 ἤγουν,
1207 1535 1338 1572 Ἠγέρθην
1366 1535 1424 1562 κατ’
1445 1534 1600 1572 ἔμπρακτον
1629 1534 1742 1572 θεωρίαν
1771 1534 1828 1562 ἀπὸ

121 1591 195 1610 meo.
215 1585 314 1611 Manus
325 1591 396 1612 mea?
410 1584 586 1611 stillaverunt
600 1584 755 1620 myrrham,
775 1584 879 1611 Activaa
904 1583 942 1610 ni-

1032 1582 1051 1613 ξς
1067 1579 1205 1615 ἐιιπαθοῦς
1231 1580 1351 1618 σχέσεως
1376 1579 1538 1607 ἀναπετάσαι
1566 1580 1616 1613 τῆν
1643 1580 1743 1614 νοητήν
1773 1589 1828 1615 μου

121 1629 229 1655 mirum
246 1628 382 1663 potentiae
399 1636 468 1655 meas
483 1636 565 1656 mens
576 1632 605 1656 et
620 1628 693 1656 ratio
710 1637 760 1664 per
774 1628 946 1656 electionem

120 1672 260 1700 fuderunt
273 1680 439 1706 sermones,
469 1675 498 1700 et
528 1681 623 1700 mores
653 1673 800 1700 carnalem
826 1681 946 1701 sensum

122 1717 430 1752 mortificantesﬂigiti
444 1718 499 1745 mei
514 1718 657 1753 myrrham
671 1718 783 1753 plenam
798 1719 826 1745 in
848 1726 948 1745 manus

119 1762 232 1797 pessuli.
250 1761 373 1789 Passivaa
401 1761 514 1789 scilicet
543 1762 678 1797 potentias
708 1771 788 1795 meai,
819 1763 947 1798 (sensus,

121 1806 361 1841 concupiscentia
377 1808 405 1833 et
425 1806 587 1842 iracundia)
601 1815 664 1842 quae
681 1807 769 1834 menti
786 1809 815 1834 et
830 1807 948 1841 rationi,

123 1853 155 1877 ut
171 1850 307 1878 manibus
323 1850 407 1886 digiti
423 1853 616 1886 cooperantur
628 1851 774 1887 propriam
787 1860 838 1888 per
849 1851 948 1888 cogni-

122 1895 228 1922 tionem
246 1897 274 1922 et
283 1894 692 1928 virtutem,mortiﬁcationem
707 1896 946 1932 probatissimam

123 1939 340 1967 distillaverunt
351 1940 380 1967 in
397 1941 583 1967 ati‘octionum
597 1948 764 1976 operaque
779 1941 871 1968 instar
886 1949 948 1976 pes-

122 1983 181 2011 suli
196 1984 355 2011 excludunt
375 1984 485 2011 aditum
509 1985 735 2014 incredulitatis.
762 1987 903 2020 tanquam
919 1988 949 2013 et

123 2028 214 2063 hujus
227 2028 365 2063 operibus
380 2037 444 2064 qum
461 2037 511 2064 per
526 2029 747 2057 translationem
762 2037 866 2056 manus
882 2038 947 2064 pes-

123 2072 179 2099 suli
195 2074 296 2099 vocata
318 2074 399 2106 sunt,
429 2073 614 2100 mortiﬁcatis
645 2081 703 2099 una
732 2081 797 2100 cum
825 2073 948 2108 passivis

121 2116 260 2152 potentiis
272 2124 346 2152 quas
362 2118 600 2144 memoravimus.
613 2117 755 2149 Quoniam
773 2119 869 2145 autem
882 2126 948 2152 ope-

122 2169 185 2188 rum
203 2160 419 2189 incredulitatis
438 2161 623 2189 mortiﬁcatio
639 2163 683 2189 est
699 2161 836 2197 perfectio
858 2162 945 2190 fidei:

122 2205 193 2233 [ides
210 2208 308 2233 autem
325 2206 473 2241 corruptio
497 2205 697 2240 inﬁdelitatis;
713 2205 773 2233 hzec
790 2215 806 2233 a
822 2214 877 2241 me,
903 2207 946 2234 uti

121 2250 491 2285 pessulus,quemadmodu
498 2258 524 2277 m
533 2250 548 2277 d
555 2250 813 2286 iximus,corrupta
820 2251 946 2286 est.Ape-

120 2295 167 2321 ναί
187 2295 281 2330 nepoti
310 2303 368 2322 meo
383 2302 432 2330 ego
450 2303 456 2321 ι
475 2294 581 2322 mentis
606 2302 676 2322 mea
699 2295 822 2330 januam
840 2295 945 2323 dilecto

121 2345 185 2365 meo
202 2347 252 2373 per
265 2339 330 2366 fidei
347 2338 531 2366 affectionem
549 2338 679 2374 patefeci.
707 2339 794 2375 Nepos
807 2348 884 2368 meus
895 2340 946 2368 de-

119 2382 273 2410 clinaverat
289 2385 370 2418 atque
384 2384 549 2411 transierat.
580 2383 692 2418 Quippe
712 2384 762 2419 qui
779 2384 868 2412 menti
895 2393 945 2420 per

120 2426 278 2454 essentiam
290 2435 347 2455 non
360 2427 504 2463 subjacet,
521 2435 588 2454 cum
606 2436 657 2463 per
672 2428 752 2456 illam
770 2429 808 2457 sit
832 2429 944 2457 incom-

121 2471 337 2507 prehensibilis.
355 2472 456 2499 Anima
478 2479 543 2499 mea
567 2480 673 2507 egressa
696 2476 738 2500 est
765 2474 792 2501 in
820 2482 946 2502 sermone

121 2517 187 2548 eius.
206 2516 298 2543 Exivit
313 2516 348 2542 ali
365 2516 495 2543 interiori
512 2517 688 2551 cogitatione
699 2518 734 2545 ad
751 2526 870 2546 sensum
894 2527 946 2555 per

121 2560 282 2588 naturalem
297 2560 623 2595 contemplationem,ut
639 2561 780 2590 inveniret
800 2571 944 2598 sponsum

120 2613 219 2637 suum,
238 2607 270 2632 In
282 2612 408 2632 sermone
422 2605 500 2639 ejus:
517 2613 552 2633 eo
562 2606 714 2638 nimirum,
732 2615 789 2642 quo
805 2607 886 2634 illam
899 2611 946 2636 est

120 2649 277 2680 allocutus.
293 2657 360 2677 cum
376 2649 502 2677 diceret:
530 2650 664 2686 Egredere
680 2651 710 2678 in
736 2653 858 2687 vestigiis
881 2661 940 2687 gre-

117 2701 194 2729 gum;
211 2695 244 2721 ut
259 2693 402 2722 indicaret
417 2694 453 2729 ei,
470 2694 519 2722 ubi
536 2695 599 2731 ipse
613 2698 756 2732 pasceret.
782 2698 876 2732 Atque
904 2697 945 2726 ita

119 2739 233 2775 quzesivi
247 2746 320 2774 eum,
333 2742 358 2767 et
373 2747 425 2767 non
441 2740 546 2768 inveni.
565 2740 597 2767 In
619 2740 707 2769 rebus
725 2740 804 2769 enim
828 2743 943 2779 creatis,

960 2273 985 2305 D

1001 1623 1093 1658 πύλην
1131 1626 1170 1660 τῷ
1213 1624 1346 1662 ἀγαπητῷ
1387 1635 1458 1661 μου.
1484 1624 1580 1662 Χιῖρὲς
1623 1634 1677 1660 μου
1718 1622 1830 1660 ἕσταξαν

1002 1667 1134 1706 σμύρναν.
1166 1669 1275 1700 Πάντως
1306 1670 1333 1696 αἱ
1362 1669 1530 1707 ὲνεργητικαί
1561 1679 1614 1704 μου
1642 1667 1782 1705 δυνάμεις,
1814 1669 1829 1696 ὁ

1001 1715 1064 1744 νοῦς
1101 1714 1144 1740 καὶ
1186 1714 1199 1740 ὁ
1230 1713 1322 1751 λόγος,
1357 1713 1386 1741 ἐκ
1429 1714 1613 1751 προαιρέσεως
1652 1711 1730 1750 ἔχεαν
1763 1713 1831 1745 τοὺς

1001 1758 1181 1794 νεκρωτικοὺς
1214 1760 1263 1785 τοῦ
1293 1760 1421 1796 σαρκικοῦ
1450 1759 1626 1796 φρονήματος
1654 1756 1752 1795 λόγους
1781 1758 1828 1785 καὶ

1001 1803 1130 1840 τρόπους·
1146 1803 1278 1831 Δάκτυλοί
1311 1814 1364 1839 μου
1391 1803 1510 1841 σμύρναν
1535 1803 1630 1841 πλήρη
1658 1802 1701 1830 ἐπὶ
1728 1805 1827 1840 χεῖρας

1001 1850 1050 1876 τοῦ
1076 1847 1212 1886 κλείθρου.
1245 1847 1389 1883 Δηλονότι,
1415 1849 1448 1876 Αἱ
1477 1850 1516 1884 τῷ
1544 1850 1583 1884 νῷ
1606 1847 1652 1875 καὶ
1680 1849 1720 1883 τῷ
1749 1847 1828 1885 λόγῳ

1003 1893 1285 1931 συμπεριφερόμεναι,
1312 1894 1356 1920 οἷα
1389 1893 1467 1930 χερσὶ
1506 1891 1657 1928 δάκτυλοι,
1679 1892 1828 1927 ποθητικαί

1004 1949 1056 1974 μου
1082 1936 1220 1973 δυνάμεις,
1248 1937 1317 1965 ὥστε
1340 1937 1479 1973 αῗσθήσεις
1500 1938 1544 1965 καὶ
1575 1938 1592 1972 ἡ
1622 1936 1752 1973 ἐπιθυμία
1781 1937 1829 1964 καὶ

1003 1982 1114 2019 ὁθυμὸς
1129 1983 1177 2016 τήν
1196 1980 1241 2009 διὰ
1253 1982 1379 2019 γνώσεως
1403 1983 1449 2009 καὶ
1469 1982 1566 2019 ἀρετῆς
1595 1981 1696 2009 οῗκείαν
1725 1981 1829 2018 νὲκρωο

1003 2037 1043 2054 σιν
1067 2025 1172 2054 τελείαν
1196 2023 1303 2063 ἕσταξαν
1321 2026 1364 2053 ἐπὶ
1392 2027 1427 2053 τὰ
1451 2025 1558 2063 ἔμπαθῆ
1586 2025 1660 2064 ἔργα,
1676 2029 1726 2060 τῆς
1747 2025 1828 2061 δίκην

1001 2070 1128 2108 κλείθρου
1157 2069 1359 2106 ἀποκλειούσης
1387 2073 1426 2107 τῷ
1447 2070 1511 2107 θείῳ
1541 2071 1618 2109 Λόγῳ
1645 2071 1693 2105 τήν
1723 2069 1831 2098 εἷ’σοδον

1001 2115 1134 2147 ἀπιστίας·
1165 2115 1202 2146 ὡς
1222 2116 1266 2143 καὶ
1295 2118 1349 2143 τῷν
1386 2115 1486 2150 ταύτης
1517 2114 1618 2153 ἔργων,
1646 2115 1663 2142 ἆ
1689 2117 1830 2152 τροπικῶς

1001 2163 1093 2199 χεῖρες
1129 2159 1256 2198 κλείθρου
1288 2160 1455 2196 ἐκλήθησαν,
1493 2160 1727 2198 συννεκρωθὲντων
1768 2163 1830 2192 ταῖς

1001 2205 1158 2242 ιίρημὲναις
1201 2206 1364 2241 παθητικαῖς
1409 2204 1562 2242 δυνάμεσιν.
1605 2206 1664 2234 "Oti
1703 2204 1732 2232 δὲ
1773 2208 1829 2232 τῶν

1000 2249 1088 2288 ἔργων
1111 2253 1162 2285 τῆς
1189 2250 1315 2281 ἀπιστίας
1343 2252 1360 2285 ἡ
1395 2250 1525 2288 νὲκρωσις
1562 2250 1736 2286 ὰποτέλισμά
1772 2249 1831 2279 ἐστι

1001 2293 1128 2326 πίστεως.
1147 2293 1212 2330 αὕτη
1243 2293 1272 2321 δὲ
1297 2295 1383 2333 φθορὰ
1405 2297 1456 2329 τῆς
1479 2293 1604 2325 ἀπιστίας
1628 2293 1702 2321 ἐστί’
1726 2293 1832 2328 ταύτης

1002 2341 1066 2378 παρ’
1089 2339 1157 2374 ἐμοῦ
1195 2341 1240 2367 οἷα
1275 2339 1403 2378 κλιίθρου
1442 2340 1600 2379 φθαρείσης,
1628 2339 1666 2370 ὡς
1700 2338 1830 2376 εἴρηται·

1003 2385 1115 2420 Ἤνοιξα
1141 2386 1181 2420 τῷ
1211 2383 1351 2423 ἀδελφιδῷ
1382 2395 1434 2421 μου
1464 2383 1529 2421 ἑγὼ,
1549 2384 1599 2418 τὴν
1616 2384 1714 2418 ὶαυτῆς
1727 2383 1834 2418 νοητὴν

1002 2428 1092 2464 τώλην
1107 2431 1147 2465 τῷ
1171 2429 1306 2466 ἀγαπητῷ
1330 2439 1382 2465 μου
1407 2428 1595 2456 ἀναπετάσασα
1613 2428 1682 2456 κατὰ
1710 2426 1832 2459 διάθεσιν

1003 2473 1046 2501 διὰ
1075 2473 1202 2504 πίστεως.
1233 2472 1395 2510 Ἀδελφιδός
1429 2482 1483 2509 μου
1517 2474 1669 2511 παρῆλθεν.
1702 2470 1833 2507 Ἐπειδή-

1002 2528 1051 2555 περ
1078 2520 1117 2554 νῷ
1140 2518 1198 2545 κατ’
1222 2517 1313 2545 οὐσίαν
1340 2516 1393 2554 οὐχ
1420 2516 1566 2545 ὑποπίπτει
1596 2518 1634 2548 ὡς
1658 2518 1716 2544 κατ’
1746 2516 1835 2550 αὐτήν

1002 2561 1205 2598 ἀκατάληπτος.
1235 2563 1318 2600 Ψυχή
1353 2572 1405 2598 μου
1433 2561 1544 2597 ἐξῆλθεν
1568 2561 1593 2589 ἐν
1627 2561 1704 2599 λόγῳ
1734 2561 1832 2588 αὐτοῦ.

1003 2606 1117 2642 Ἐξῆλθε
1133 2605 1162 2634 δὶ
1176 2610 1225 2641 τῆς
1248 2609 1341 2644 νοερᾶς
1365 2605 1509 2642 ὲνδότητος
1534 2607 1602 2644 πρὸς
1632 2605 1756 2642 αἳσθησιν
1785 2604 1833 2633 διὰ

1000 2654 1048 2687 τῆς
1073 2656 1189 2691 φυσικῆς
1218 2653 1334 2690 θεωρίας
1369 2653 1455 2690 εὑρεῖν
1487 2653 1608 2680 ποθοῦσα
1636 2652 1683 2679 τὸν
1708 2650 1830 2690 νυμφίον

1002 2697 1096 2732 αὐτῆς.
1120 2698 1163 2725 Ἐν
1191 2697 1265 2735 Λόγῳ
1294 2697 1394 2725 αὐτοῦ·
1411 2699 1463 2734 τῷ,
1486 2696 1527 2725 ὅτι
1552 2697 1664 2733 Ἔξελθε
1693 2697 1720 2725 ὲν
1749 2696 1831 2734 πτερ-

1001 2753 1058 2774 ναις
1090 2743 1144 2770 τῶν
1175 2741 1312 2781 ποιμνίων
1341 2742 1411 2780 πρὸς
1440 2741 1522 2777 αὐτὴν
1553 2742 1702 2780 ιίρημίνῳ.
1729 2741 1774 2770 Ἐν
1805 2740 1830 2776 ᾦ
