1951 3051
78 109 141 140 645

606 110 812 142 COMMENT.
833 110 872 141 ΙΝ
895 110 1095 142 CANTICUM
1118 112 1271 143 CANTlG.

1731 115 1791 145 646

79 174 296 206 ἐκπεπτωκότες.
315 174 380 203 Εἶτα
407 175 451 202 καὶ
478 175 546 203 κατά
576 176 660 214 μέρος
688 177 705 211 ἡ
736 175 828 213 νύμφη

1020 185 1051 204 as
1065 178 1094 204 et
1108 176 1193 212 signa
1209 177 1395 213 persequitur
1411 186 1418 206 :
1434 178 1530 214 Caput,
1546 177 1694 214 inquiens,
1720 181 1789 215 eius,

79 222 133 247 τῶν
161 219 358 257 γνωρισμάτων
402 222 450 247 τοῦ
485 220 603 260 νυμφίου
645 220 727 256 αὐτῆς
758 219 908 257 ποιουμένη

81 264 221 303 ἐξήγησιν,
244 264 362 302 φάσκεν
393 264 504 304 Κεφαλή
542 265 623 292 αὐτοῦ
662 265 776 303 χρυσίον
813 265 910 304 ὀφάτζ.

77 310 194 347 Ἴῐγουν,
223 309 237 336 ὸ
265 311 360 336 τοῦτον
397 310 457 336 κατ’
488 309 580 337 οὐσίαν
624 313 724 348 γεννῶν
755 309 912 348 ἀπόρρητος

79 356 153 385 Νοῦς
168 354 247 391 (πρὸς
273 354 303 381 ’ὸν
333 353 371 384 ὡς
400 352 521 392 κεφαλὴν
538 355 552 381 ὁ
568 353 687 392 ipsum
715 354 797 382 αὑτοῦ
825 355 911 392 Λόγος

79 400 131 426 τοῦ
158 400 298 437 συμφυοῦς
336 399 393 425 κατ’
419 397 512 425 οὐσίαν
542 398 709 436 Ηνεύματος,
739 399 830 436 ἀνάγει
867 398 913 426 τὸν

84 442 222 480 ἑπόμενον
234 445 280 470 νῦν
306 443 350 470 οἷα
372 442 488 481 χρυσίον
512 443 702 482 καθαρώτατον
727 446 780 471 τῶν
805 443 912 471 λοιπῶν

83 487 158 515 ὑλῶν
194 487 406 526 ὑπερκείμενον),
438 488 546 516 πάντων
584 488 651 516 κατά
687 489 774 516 πάντα
810 488 912 526 τρόπον

83 533 205 571 ἀπείρως
233 532 383 569 ἑξῴκισται.
411 532 520 572 Κεφαλή
547 533 599 571 γάρ
624 533 678 560 ἰστι
709 535 758 560 τοῦ
782 534 914 570 Χριστοῦ,

85 578 156 606 κατὰ
179 579 226 606 τὸν
254 579 325 605 θεῖον
356 577 535 612 Ἀπόστολον,
564 579 601 610 ὡς
629 578 694 609 Θεὸς
727 578 771 606 καὶ
809 578 913 615 Πατήρ.

81 622 196 651 Τούτων
225 620 248 649 δ’
268 621 354 653 οὕτως
378 624 485 650 πάντων
514 622 752 660 ὑπερηρεισμένων
780 623 916 662 Θεωριῶν,

81 668 128 695 καὶ
163 667 232 695 κατᾶ
257 668 288 696 τὸ
320 667 460 706 ἐγχωροῦν
489 667 514 696 ἐν
546 668 626 706 πείρᾳ
650 667 729 696 αὐτεῦ
757 668 870 705 γίνεται,
901 668 914 695 ὁ

85 712 171 750 μηδὲν
194 715 248 741 τῶν
273 711 357 741 ὄντων
383 713 585 751 ὑπερανατιοεῖς
606 713 655 741 τοῦ
683 715 742 744 ταῖς
767 711 916 740 ἀναποδεί-

80 769 158 790 κτοις
195 757 398 796 μυσταγωγίαις
434 757 583 795 ἁγνώστως
612 758 762 794 νοουμένου
788 758 805 792 ἢ
831 768 916 796 γινω-

83 802 220 839 σκομένου
237 803 303 840 ὑπὲρ
327 802 418 838 νόησιν
444 802 528 840 λόγου
553 806 603 837 τῆς
633 802 759 839 πίστεως,
774 802 829 830 καὶ,
850 802 916 839 ὑπὲρ

80 850 131 876 τοῦ
161 849 279 885 τηρῆσαι
304 849 412 881 τοῦτον,
437 846 502 874 ὅλον
537 847 630 875 ἑαυτὸν
664 850 722 879 τοῖς
753 849 916 885 πιιρασμοῖς

81 891 242 930 προδιδοὺς,
275 892 415 924 κάντεῦθεν
447 892 484 922 ὡς
513 891 539 919 ἐν
578 892 686 928 καμίνῳ
723 893 911 929 καθαρώτατον

81 935 197 974 χρυσίον
225 936 366 973 φυλάττων
395 937 444 970 τήν
471 935 561 963 πίστιν
586 935 732 972 ἀμείιυτον.
757 936 912 974 Βόστρυχοι

81 981 166 1008 αὐτοῦ
205 980 311 1014 ἐλάται,
351 979 466 1016 μέλανες
506 980 543 1011 ὡς
577 980 670 1017 κόραξ.
697 981 788 1013 "Etet,
828 980 854 1007 αἱ
887 978 913 1007 ἐν

85 1024 157 1061 άγίῳ
182 1024 319 1060 ΙῙνεύματι
345 1024 396 1051 ὑπὸ
419 1026 467 1051 τοῦ
496 1025 666 1062 Μονογενοῦς
690 1023 912 1062 ἐκπληρούμεναι

84 1071 134 1097 τοῦ
156 1069 260 1107 [ἰατρὸς
276 1067 405 1104 εὖδοκίαι,
430 1069 461 1096 τὸ
477 1069 518 1102 ὃν,
532 1070 550 1103 ἡ
572 1069 640 1103 ζωὴ,
655 1070 671 1103 ἡ
700 1068 791 1106 σοφία,
807 1069 852 1096 καὶ
880 1069 913 1097 τὰ

85 1113 182 1150 ὃμοια.
202 1114 287 1150 Ἂπερ
314 1112 552 1141 κατακαλύπτουσι
572 1116 631 1144 ταῖς
663 1113 731 1141 κατὰ
757 1114 846 1153 φύσιν,
869 1114 913 1141 οἷά

81 1163 147 1185 τινα
174 1156 295 1195 κεφαλὴν
325 1157 431 1196 τρίχες,
457 1157 507 1192 τήν
538 1157 600 1194 μίαν
626 1157 715 1195 ἀρχὴν
744 1158 789 1184 καὶ
824 1158 913 1185 αἰτίαν

81 1204 139 1229 τῶν
155 1200 229 1229 ὅλων
247 1201 299 1229 ὑπὸ
314 1201 468 1239 κατάληψιν
499 1205 586 1233 ποιεῖς
615 1201 746 1230 δοκοῦντα
773 1203 818 1230 τὸν
845 1203 913 1230 ἀκοι-

83 1245 236 1281 τάληπτον.
254 1246 364 1275 Ἐλάται
392 1246 440 1283 μέν
461 1246 528 1274 εἷ’σιν
555 1246 648 1284 ὑψηλά
670 1257 700 1274 τε
724 1246 768 1274 καὶ
799 1247 912 1285 οὐρανο-

86 1291 162 1327 μήκη
186 1289 292 1328 δένδρα,
306 1290 342 1322 ὡς
357 1290 420 1322 τοὺς
447 1290 550 1318 τούτων
569 1291 637 1319 κατὰ
659 1291 771 1328 γνώμην
799 1291 912 1329 ἀντεχο-

86 1337 185 1372 μένους
202 1334 227 1362 ἐν
242 1338 281 1371 τῷ
299 1338 473 1372 προνοεῖσθαι
496 1334 531 1363 δι’
558 1336 664 1373 ἀγάπης
687 1338 739 1363 τῶν
770 1336 911 1373 ἐχομένων

87 1380 234 1418 ἀνάγουσαι
254 1380 322 1408 κατὰ
340 1381 434 1418 πρᾶξιν
453 1383 610 1417 μιμητικῶς
627 1381 693 1416 πρὸς
712 1381 743 1408 τὸ
767 1381 834 1418 ὕψος
862 1382 912 1415 τῆς

86 1424 162 1457 θείας
193 1424 412 1462 μακαριότητος·
440 1424 552 1461 μέλανες
576 1423 599 1452 δ’
626 1426 669 1452 οἷοι
693 1425 785 1463 κόραξ,
811 1425 847 1456 ὡς
873 1427 913 1462 τῷ

85 1469 285 1506 ἁνεξεριυνήτῳ
304 1471 357 1496 τῶν
382 1470 522 1507 κριμάτων
551 1471 605 1496 τῶν
637 1469 714 1501 θείων
746 1469 911 1498 συστέλλου-

86 1524 130 1541 σαι
160 1514 229 1541 κατὰ
258 1514 370 1552 Θεωρίαν
397 1514 443 1542 τὸν
470 1513 562 1551 νοερὸν
598 1513 751 1551 ὀφθαλμόν.
780 1515 830 1542 Καὶ
859 1514 911 1552 γὰρ

965 229 1065 249 aurum
1082 224 1192 256 ophatz.
1209 221 1291 250 Meus
1313 222 1364 250 illa
1389 222 1529 250 nimirum
1552 223 1718 255 ineli'ahilis.
1742 226 1789 260 (ad

966 274 1055 301 quam
1071 269 1103 294 ut
1119 267 1154 294 ad
1172 268 1272 302 caput,
1288 266 1434 295 iueli‘abile
1450 267 1578 295 Verbum
1604 268 1698 303 ipsius
1722 270 1790 297 sub-

966 311 1104 338 stantiam
1120 311 1340 339 connaturaleni
1357 311 1604 347 Spiritum,rel‘ert
1619 318 1789 348 sequentem

969 359 1109 390 mentem,
1141 358 1283 392 tanquam
1315 364 1419 384 aurum
1445 356 1637 392 purissimum
1663 358 1791 394 reliquas

967 400 1106 428 materias
1119 401 1305 435 antecedens)
1328 409 1345 429 ο.
1367 402 1454 429 rebus
1478 401 1616 430 omnibus
1640 402 1720 430 omni
1744 411 1790 430 ra-

967 445 1046 473 tione
1070 445 1161 473 distat
1185 445 1309 473 infinite.
1327 446 1420 481 Caput
1436 446 1512 474 enim
1528 446 1644 482 Christi,
1661 449 1692 475 ut
1707 447 1792 475 divus

966 489 1065 526 inquit
1079 490 1237 526 Apostolus
1252 490 1337 524 ‘7,est
1351 490 1428 518 Deus
1443 493 1471 518 et
1485 491 1638 519 Pater.llis
1653 492 1792 520 omnibus

968 534 1266 570 contemplationibus
1282 535 1320 562 ita
1337 535 1556 570 constitutis,ad
1570 537 1634 571 ejus
1644 538 1792 573 experien-

968 578 1052 613 tiam,
1068 580 1212 614 quantum
1229 579 1306 614 capit
1322 579 1451 607 humana
1473 583 1587 614 natura,
1613 582 1744 616 pervenit
1767 581 1792 609 is

970 622 1020 658 qui
1033 622 1098 650 fidei
1111 623 1216 650 rationi
1225 631 1313 658 quam
1324 624 1471 659 mysteriis
1480 624 1792 654 indemonstrabilibus

969 666 1110 694 ineffabili
1122 667 1286 702 cognitione
1297 667 1473 695 intellectam
1486 671 1537 695 aut
1548 669 1693 704 cognitam
1706 670 1794 698 habet

970 719 1056 747 super
1072 719 1189 740 omnem
1206 711 1422 748 cogitationem,
1440 712 1512 739 nihil
1529 715 1672 749 praeponit
1695 715 1794 742 omni-

971 765 1008 784 no
1034 765 1039 783 :
1068 759 1097 784 et
1120 765 1172 792 pro
1197 764 1231 784 ea
1254 758 1363 784 tuenda
1378 758 1636 793 conservandaque
1651 761 1746 787 totum
1763 767 1794 787 se

971 801 1069 837 ipsum
1084 800 1297 829 tentationibus
1313 809 1346 828 ac
1361 800 1499 837 periculis
1514 803 1725 838 tormentisque
1741 803 1794 831 ob-

967 845 1033 881 jicit
1050 854 1056 873 :
1073 847 1160 881 atque
1175 845 1215 873 ita
1230 849 1371 881 tanquam
1387 846 1417 873 in
1431 846 1548 874 fornace
1564 855 1671 874 aurum
1696 847 1794 884 puris-

970 890 1079 918 simum
1109 890 1197 918 ﬁdem
1228 890 1334 918 retinet
1362 890 1595 918 immaculatum.
1623 892 1711 920 Comm
1735 894 1795 928 ejus

967 936 1038 963 sicut
1060 935 1142 963 clatw
1164 936 1322 971 palmarum
1348 944 1355 962 :
1380 936 1469 970 nigrae
1494 937 1573 971 quasi
1586 944 1691 964 corvus.
1709 940 1793 965 Bome

967 979 1080 1007 scilicet
1109 980 1205 1007 Patris
1233 979 1408 1014 voluntates,
1433 980 1469 1007 ab
1494 980 1644 1016 unigenito
1669 981 1739 1009 Filio
1763 982 1794 1009 in

967 1024 1078 1060 Spiritu
1103 1026 1205 1051 sancto
1229 1024 1365 1060 expletas;
1393 1032 1486 1058 mens,
1513 1025 1574 1052 vita
1598 1025 1743 1061 sapientia
1767 1028 1797 1054 et

968 1068 1014 1096 his
1039 1067 1168 1102 similia;
1195 1077 1259 1104 quas
1286 1068 1405 1104 quidem
1432 1068 1615 1103 naturaliter,
1641 1071 1674 1097 ut
1696 1069 1795 1105 capilli

967 1115 1052 1148 caput
1065 1112 1184 1148 aliquod
1199 1115 1312 1148 tegunt,
1331 1121 1422 1140 unum
1437 1113 1614 1149 principium
1629 1116 1658 1142 et
1672 1122 1793 1143 causam

967 1165 1064 1185 rerum
1095 1157 1310 1191 universarum,
1336 1165 1463 1192 eumque
1497 1158 1548 1194 qui
1584 1159 1793 1194 comprehendi

967 1210 1024 1230 non
1042 1204 1146 1237 potest,
1160 1202 1295 1230 videntur
1320 1202 1452 1238 redigere
1474 1202 1530 1230 sub
1552 1203 1791 1239 comprehensio-

968 1255 1045 1274 nem.
1070 1246 1156 1274 Elatac
1181 1247 1300 1282 quidem
1324 1249 1394 1274 sunt
1417 1246 1535 1274 arbores
1559 1247 1728 1275 celsissimae
1753 1248 1789 1276 ad

967 1290 1072 1318 caelum
1099 1299 1192 1327 usque
1216 1292 1388 1326 tendentes;
1413 1291 1552 1328 quoniam
1578 1300 1627 1320 eos
1654 1293 1705 1328 qui
1730 1293 1790 1320 haec

967 1335 1065 1363 animo
1082 1335 1310 1371 amplectuntur,
1327 1337 1398 1364 dum
1416 1337 1599 1372 prospiciunt
1612 1346 1646 1365 ea
1659 1346 1724 1373 quae
1740 1346 1791 1374 per

967 1380 1139 1408 charitatem
1155 1380 1354 1416 possidentur,
1372 1381 1470 1416 operis
1495 1384 1592 1409 autem
1616 1382 1790 1415 imitatione,

967 1426 1131 1461 perducunt
1155 1425 1190 1453 ad
1217 1425 1320 1453 divinas
1345 1426 1540 1453 beatitudinis
1565 1426 1788 1455 sublimitatem.

966 1469 1062 1505 Nigrae
1077 1471 1174 1497 autem
1191 1469 1273 1505 quasi
1294 1478 1395 1498 corvus
1414 1478 1419 1497 :
1439 1470 1508 1506 quia
1530 1470 1790 1508 impervestigabili

966 1513 1132 1542 divinorum
1146 1514 1326 1548 judiciorum
1352 1515 1476 1547 ratione,
1502 1515 1609 1542 mentis
1634 1516 1734 1544 oculos
1758 1515 1788 1544 in

84 1559 176 1597 ὥσπερ
209 1559 240 1586 τὸ
263 1558 360 1587 λευκὸν
383 1561 486 1597 χρῶμα
504 1559 626 1598 ὑφαπλοῖ
639 1560 690 1594 τήν
705 1558 778 1597 ὄψιν,
795 1558 854 1588 οὕτω

1018 1558 1216 1594 ιῐεηιρΙοιίοῐιο
1240 1558 1440 1586 corroborant.
1466 1561 1540 1587 Nam
1566 1562 1598 1587 ut
1611 1559 1690 1587 color
1705 1560 1788 1588 albus

90 1603 176 1640 μέλαν
209 1602 361 1633 συστέλλει.
390 1604 424 1632 Οἱ
455 1603 592 1643 ὀφθαλμοὶ
621 1604 702 1632 αὐτοῦ
729 1605 765 1636 ὡς
794 1615 915 1643 περιστι-

90 1648 135 1686 ροιὶ
165 1647 209 1676 ἐπὶ
238 1647 412 1686 πληρώματά
440 1647 556 1676 ὑδάτων·
581 1651 694 1687 ’ἸΙγοσσε-ι,
718 1649 745 1676 αἱ
772 1651 820 1676 τοῦ
847 1660 914 1677 παν-

88 1693 167 1731 αγίου
183 1692 338 1729 Πνεύματος
363 1692 492 1731 ἒνὲργειαι
515 1693 664 1732 (ὄφθαΛμοὶ
699 1694 801 1732 Κυρίου
829 1705 914 1732 προσ-

88 1738 298 1776 αγορευόμεναι,
325 1737 367 1765 ὅτι
407 1736 442 1765 δι’
479 1737 567 1765 αὐτῶν
603 1738 717 1777 πέφυκεν
756 1738 914 1766 ἐπισκοπεῖν

88 1781 154 1814 τοὺς
170 1781 212 1809 ἐπὶ
228 1785 279 1819 γῆς
295 1782 308 1808 ὁ
329 1782 415 1819 Θεὸς),
435 1782 471 1813 ὥς
495 1792 565 1813 τινες
594 1782 748 1820 περιστεραὶ
773 1781 816 1810 ἐπὶ
841 1782 916 1818 πλή-

88 1837 144 1864 ρεις
173 1825 276 1854 ὑδάτων
305 1825 448 1863 δεξαμενὰς
487 1826 648 1865 ὥρμηνται·
679 1826 721 1854 ἐπὶ
748 1827 796 1858 τὰς
821 1827 915 1865 ἀρετὰς

91 1870 174 1902 οὔσας
190 1870 365 1909 πληρώματα
379 1874 433 1898 τῶν
456 1871 493 1902 ὡς
522 1870 624 1899 ὑδάτων
647 1871 790 1909 οὐρανόθεν
819 1882 917 1910 κατερ-

91 1916 222 1953 χομὲνων
238 1915 317 1942 θείων
334 1914 461 1951 ἐντολῶν,
479 1914 523 1942 διά
545 1916 576 1944 τὸ
599 1915 662 1947 τοὺς
684 1915 787 1943 τούτων
818 1916 915 1954 λόγους

91 1962 127 1993 τῇ
153 1960 246 1998 πράξει
269 1959 439 1998 πληροῦσθαι
467 1962 520 1987 τῶν
560 1959 689 1989 ἐντολῶν.
714 1961 817 1998 Ὀρμᾷν
841 1959 863 1988 δ’
889 1961 917 1988 αἱ

88 2007 214 2033 τοιαῦται
245 2004 375 2042 ἐνέργειαι
402 2004 445 2032 ἐπὶ
467 2005 513 2035 τὰς
537 2004 631 2042 ἀρετὰς
654 2004 785 2043 εἴρηνται,
803 2005 843 2032 ὅτι
872 2004 915 2033 ἐὰν

92 2050 131 2086 μὴ
159 2049 257 2086 Κῦριος
288 2048 322 2077 δι’
353 2048 440 2077 αὐτῶν
469 2048 641 2087 οἷ’κοῦομῆσῃ
667 2050 726 2077 κατ’
752 2049 848 2086 ἀρετὴν
881 2049 918 2082 ὥς

86 2105 148 2122 τινα
175 2095 247 2122 οἶκον
278 2094 371 2128 αὐτοῦ,
402 2094 452 2128 τήν
484 2094 515 2121 τὸ
558 2093 656 2132 ἀγαθὸν
695 2094 915 2133 προαιρουμὲνην

87 2140 192 2177 ψυχὴν,
219 2138 255 2170 εἷς
286 2139 372 2176 μάτην
401 2137 540 2166 ἐκοπίασεν
569 2139 583 2166 ὁ
609 2137 776 2176 οἲχοδομῶν.
801 2140 846 2172 Ὠς
869 2150 917 2167 πε-

88 2183 209 2223 ριστεραὶ
245 2181 284 2218 δὲ,
324 2183 402 2222 φησὶ,
431 2182 595 2219 λελουμέιμαι
635 2182 660 2210 ἐν
696 2183 822 2220 γάλακτι,
852 2185 917 2211 καθ-

86 2231 188 2266 ήμεναι
214 2229 258 2257 ἐπὶ
287 2229 462 2267 πληρώματα
494 2227 598 2256 ὑδάτων
620 2236 627 2245 ³

89 2275 178 2314 φύσει.
194 2273 254 2303 Εἰσὶ
281 2274 331 2312 γάρ
361 2273 501 2304 παντελῶς
533 2272 682 2310 ἀμόλυντοι
706 2274 733 2300 αἱ
760 2276 811 2301 τοῦ
831 2274 915 2301 Πνεὺ-

91 2330 178 2357 ματος
202 2318 344 2358 ἐνέργειαι,
374 2317 608 2354 ἒπαναπαυόμεναι
635 2321 693 2349 ταῖς
717 2317 820 2346 τούτων
850 2319 918 2346 κατὰ

91 2364 174 2402 χάριν
203 2362 434 2401 πεπληρωμξναις
462 2364 575 2400 ψυχαῖς,
590 2362 627 2393 ὡς
654 2362 856 2402 καθαρφείσαις,
872 2363 917 2390 καὶ

89 2408 292 2449 φωτισθείσοιις,
315 2408 381 2444 [καὶ]
403 2406 616 2438 τελειωθείσαις.
639 2407 672 2435 Οἱ
704 2407 750 2443 μὲν
780 2407 917 2447 ὀφθαλμοὶ

89 2455 141 2481 τοῦ
157 2453 276 2492 νυμφίου
292 2455 422 2480 τοιοῦτοι.
438 2452 472 2480 At
489 2451 517 2479 δὲ
533 2452 653 2489 σιαγόνες
670 2451 752 2479 αὑτοῦ
768 2452 804 2482 ὡς
823 2451 917 2491 φιάλαι

88 2500 140 2525 τοῦ
185 2497 330 2535 ἀρώματος
373 2497 487 2537 φύουσαι
541 2497 685 2534 μυρεψικά.
729 2495 824 2525 Εῗθεουν
867 2500 917 2532 τῆς

88 2543 151 2581 περὶ
167 2542 254 2570 πάντα
279 2544 327 2570 τοῦ
355 2544 421 2570 Θεοῦ
446 2541 575 2580 προνοίας
606 2541 632 2568 oi
660 2540 739 2579 λόγοι
766 2540 854 2579 (η’ίπερ
882 2541 919 2573 ὥς

87 2598 160 2619 τινες
175 2587 297 2626 σιαγόνες
324 2590 382 2618 ταῖς
410 2586 555 2624 ἐνεργείαις
584 2585 667 2614 οἷονεί
697 2588 845 2620 κινοῦνται,
873 2586 918 2613 καὶ

85 2631 152 2664 τοὺς
178 2631 332 2669 σωτηρίους
359 2633 412 2659 τῶν
444 2631 545 2668 ἀρετῶν
582 2630 700 2667 τρόπους
734 2629 917 2665 διδάσκουσιν,

87 2677 134 2705 καὶ
165 2675 210 2704 διὰ
235 2677 338 2704 τούτων
378 2677 568 2714 πνευματικῶς
595 2674 735 2715 τρέφουσι,
765 2674 916 2707 λεαίνοντὲς

122 2787 145 2805 ⁸⁷
161 2786 174 2815 Ι
190 2787 254 2815 Cor.
271 2793 312 2822 x1,
327 2785 356 2813 3.

967 1602 1064 1631 visum
1093 1602 1252 1639 disgregat,
1268 1603 1310 1630 ita
1340 1603 1421 1639 niger
1444 1604 1606 1632 confirmat.
1633 1604 1710 1633 Oculi
1732 1605 1791 1641 ejus

967 1647 1039 1675 sicut
1052 1647 1186 1676 columbae
1199 1655 1281 1682 super
1294 1647 1481 1683 plenz'tudz'nes
1496 1657 1642 1684 aquarum.
1660 1649 1790 1677 Sanctis-

968 1692 1037 1720 simi
1052 1691 1179 1727 Spiritus
1195 1692 1392 1720 affectationes
1408 1692 1483 1720 oculi
1501 1693 1614 1720 Domini
1629 1696 1789 1722 vocantur:

970 1736 1109 1772 quoniam
1123 1745 1173 1772 per
1183 1737 1263 1772 ipsos
1275 1739 1351 1765 Deus
1363 1738 1502 1765 mortales
1514 1738 1658 1773 inspicere
1668 1747 1790 1766 consue-

969 1782 1019 1809 vit.
1037 1781 1073 1809 Ut
1083 1781 1226 1810 columhas
1236 1782 1367 1817 quaedam
1379 1783 1414 1810 ad
1427 1782 1527 1818 plenos
1539 1791 1682 1818 aquarum
1693 1783 1791 1811 alveos

969 1825 1139 1861 incitantur,
1156 1834 1260 1862 nempe
1275 1827 1309 1854 ad
1335 1826 1466 1862 virtutes,
1492 1835 1556 1862 quae
1580 1835 1734 1862 aquarum,
1760 1828 1789 1855 id

970 1872 1024 1904 est,
1042 1870 1208 1897 divinorum
1225 1871 1431 1898 mandatorum
1455 1871 1695 1899 descendentium
1720 1874 1791 1899 sunt

971 1914 1179 1950 conceptacula
1208 1924 1214 1942 :
1245 1915 1314 1950 quia
1343 1923 1493 1943 sermones
1521 1923 1621 1943 carum
1651 1916 1790 1952 operibus

971 1958 1130 1995 implentur
1145 1959 1362 1987 mandatorum.
1376 1960 1496 1987 lucitare
1511 1962 1609 1987 autem
1625 1961 1792 1989 affectiones

971 2003 1016 2032 hie
1031 2004 1067 2032 ad
1082 2004 1204 2032 virtutes
1219 2004 1302 2032 dictae
1318 2006 1404 2038 sunt;
1420 2004 1489 2040 quia
1504 2003 1560 2032 nisi
1575 2005 1718 2033 Dominus
1742 2014 1794 2041 per

970 2048 1050 2084 ipsas
1075 2048 1204 2077 animam
1220 2049 1330 2077 bonum
1350 2048 1507 2085 eligentem
1520 2051 1662 2085 tanquam
1671 2050 1792 2078 domum

972 2092 1100 2129 aliquam
1117 2102 1201 2121 suam
1218 2093 1415 2128 aedificaverit,
1432 2093 1582 2122 incassum
1606 2094 1720 2123 laborat
1742 2096 1794 2131 qui

972 2137 1105 2166 aedificat.
1122 2137 1197 2165 Sicut
1210 2138 1354 2172 columbae,
1372 2138 1478 2174 inquit,
1494 2146 1554 2174 qua
1579 2139 1610 2166 in
1636 2138 1707 2167 lacte
1730 2141 1795 2168 sunt

973 2184 1047 2216 (01.2,
1072 2186 1099 2210 et
1124 2182 1245 2210 resident
1267 2183 1351 2218 juxta
1380 2182 1488 2219 ﬂuenta
1508 2183 1686 2218 plenissima.
1713 2184 1794 2212 Pura

662 2227 770 2264 δηλαδὴ
800 2231 914 2267 καθαραὶ
932 2237 954 2269 D
971 2227 1083 2255 scilicet
1099 2235 1131 2255 ac
1147 2227 1263 2263 penitus
1279 2228 1395 2255 mundis
1410 2236 1432 2263 s]

1028 2227 1083 2255 icet
1099 2235 1131 2255 ac
1147 2227 1263 2263 penitus
1279 2228 1395 2255 mundae
1410 2227 1534 2263 spiritus
1549 2228 1715 2256 affectiones
1731 2237 1793 2264 quas

971 2271 1100 2300 resident
1115 2272 1143 2300 in
1160 2271 1392 2308 animabus,quzs
1409 2272 1477 2308 ipsa:
1495 2274 1527 2300 ut
1543 2275 1682 2308 purgatas
1693 2273 1797 2301 etillu-

972 2319 1080 2345 stratas
1096 2319 1183 2353 atque
1199 2317 1341 2353 perfectas
1358 2325 1408 2352 per
1421 2316 1547 2352 gratiam
1559 2316 1796 2352 repleverunt.Ac

973 2362 1073 2398 sponsi
1087 2362 1205 2398 quidem
1218 2362 1293 2390 oculi
1306 2364 1376 2390 sunt
1388 2361 1628 2397 ejusmodiﬂenz
1637 2361 1715 2389 illius
1724 2362 1797 2389 sicut

971 2407 1078 2443 phiala
1092 2407 1228 2434 aromatis
1242 2408 1359 2443 ferentes
1372 2407 1576 2443 pigmenlarz'a.
1593 2406 1703 2434 Divina:
1717 2406 1796 2434 vide-

971 2451 1038 2479 licet
1054 2452 1241 2488 providentim
1258 2453 1363 2479 cuncta
1380 2451 1558 2480 moderantis
1583 2451 1695 2479 ratione
1721 2453 1797 2487 (quae

972 2499 1112 2532 tanquam
1128 2505 1207 2532 genas
1224 2496 1401 2531 actionibus,
1419 2499 1451 2524 ut
1465 2496 1506 2524 ita
1521 2496 1797 2532 dicam,movcntur,

973 2543 1001 2569 et
1017 2540 1183 2569 salutiferos
1200 2541 1340 2569 virtutum
1357 2549 1452 2569 mores
1476 2541 1592 2576 docent,
1617 2543 1646 2568 et
1667 2549 1719 2577 per
1743 2540 1798 2568 hos

973 2585 1146 2622 spiritaliter
1172 2585 1315 2619 nutriunt,
1341 2585 1508 2613 mollientes
1532 2586 1748 2621 quodammodo
1769 2585 1797 2612 id

974 2630 1052 2666 quod
1078 2630 1106 2657 in
1132 2630 1190 2658 Deo
1217 2630 1379 2657 secundum
1406 2630 1564 2658 essentiam
1591 2629 1714 2666 intelligi
1741 2637 1797 2657 non

975 2677 1082 2712 potest,
1112 2674 1182 2702 dum
1212 2675 1317 2702 horum
1347 2675 1460 2703 actione
1497 2675 1593 2712 ipsum
1627 2673 1798 2711 explanant)
