1949 3055
83 116 144 146 649

85 179 182 208 στύλοι

86 227 202 264 χρυσᾶς·
233 225 330 263 ἤγουν,
360 225 387 252 αἱ
411 224 531 253 καθόλου
557 225 602 254 καὶ
626 229 680 254 τῶν
708 225 800 254 ἄλλων
816 228 908 254 πασῶν

87 269 283 307 περιληπτικαὶ
300 269 347 298 δύο
362 269 481 298 ἑντολαί·
502 271 519 305 ἠ
545 270 584 302 ιτς
599 270 678 298 αὐτὸν
695 269 802 306 ὃηλαδη
817 270 909 308 ἆγάπη

87 316 131 343 καὶ
148 315 185 346 εἱς
208 316 254 343 τὸν
278 315 397 350 πλησίον
425 316 477 352 (οἷς
506 315 586 346 αὐτὸς
616 316 630 343 ὂ
658 318 706 342 τοῦ
733 318 800 343 Θεοῦ
826 315 911 353 Λόγος

89 361 134 388 οἷά
146 370 201 388 τισι
216 361 345 397 κνήμαις,
374 359 400 387 ἐν
414 362 475 391 ταῖς
502 362 611 391 πισταῖς
630 359 716 398 βαίνει
737 362 849 398 ψυχαῖς,
866 360 911 388 καὶ

87 405 133 433 τὸν
162 403 263 443 δρόμον
297 404 322 432 ἐν
361 405 469 436 ταύταις
498 407 616 433 ποιεῖται
645 405 713 432 κατὰ
740 407 838 442 γνῶσιν
867 405 911 432 καὶ

87 450 207 487 ἀρετὴν),
244 450 289 477 οἷά
315 459 386 480 τινες
415 449 510 477 στύλοι
542 450 708 487 μαρμάρινοι
737 451 772 487 τῇ
801 449 914 488 ἀῤῥαγεῖ

87 494 187 529 πὲστει,
217 495 261 522 καὶ
288 496 330 531 τῷ
357 494 477 532 λαμπρῷ
505 494 558 532 βίῳ
587 494 799 532 ὑπερανέχουσαι
833 494 911 521 αὐτὸν

87 540 133 568 τὸν
162 539 356 576 πιστευόμενον
383 539 481 577 Λόγον·
512 538 580 566 ὣστε
611 539 648 575 μὴ
665 538 701 566 δι’
714 539 788 575 ἡμᾶς
802 539 834 566 τὸ
850 536 912 566 ὅνο-

90 594 127 621 μα
153 583 236 612 αὐτοῦ
272 583 450 611 καταπίπτειν
479 583 518 616 εἷς
544 583 575 611 τὸ
607 583 825 621 βλασφημεῖσθαι
853 585 912 614 τοῖς

88 627 199 664 ἔθνεσιν,
239 626 427 664 ἠδραιωμέναι
464 627 530 655 εἷ’σὶν
570 628 608 659 ὡς
637 627 680 655 ἐπί
712 638 767 654 τισι
796 630 912 665 χρυσαῖς

90 672 183 711 βάσεσι
209 674 244 710 τῇ
274 671 391 708 ἀληθείᾳ
418 683 447 699 τε
470 673 516 700 καὶ
546 671 649 710 ἀγαθῷ,
679 673 723 703 οἷς
750 670 795 699 διὰ
808 672 839 699 τὸ
855 672 913 700 κατ’

88 717 179 745 οὐσίαν
209 716 341 754 ἄτρεπτον
369 717 414 744 καί
442 717 473 744 τὸ
501 717 560 744 κατ’
589 715 722 755 ἐνέργειαν
739 715 912 755 ίνεργητικὸν

87 763 119 790 τὸ
141 764 218 790 Θεῖον
255 761 398 797 δηλοῦται,
437 761 452 789 b'
489 762 578 796 πάσης
616 761 767 799 ὑπέρκειται
797 761 912 800 φύσεως.

89 807 166 836 Μετὰ
192 808 256 846 γοῦν
284 807 334 840 τήν
359 806 428 834 κατὰ
457 806 539 843 μέρος
571 808 619 834 τοῦ
643 805 762 844 νυμφίου
776 805 912 843 ἰξῆγησιν,

88 850 244 882 καθολικῶς
277 850 360 879 πάλιν
389 851 407 885 ἡ
437 850 530 890 νύμφη
558 850 592 878 τὲ
606 850 666 888 περὶ
684 850 766 878 αὐτοῦ
781 849 915 888 ἀπαγγέλ-

90 895 177 924 λουσα
203 898 261 927 ταῖς
291 894 536 932 μαθητευομέναις,
561 894 652 932 φησίν·
683 893 761 926 Εἶδος
780 894 862 922 αὐτοῦ
877 894 916 926 ὡς

89 939 220 975 Λίϐανος,
258 940 384 972 ἐκλεκτὸς
421 940 458 971 ὡς
490 938 595 976 κέδρος.
633 940 722 973 Ἤτοι,
750 940 767 974 ἡ
796 938 915 977 ἐνέργεια

89 986 172 1013 αὑτοῦ
199 985 259 1017 καθ’
287 986 317 1019 ἣν
345 984 436 1021 αὐτὸς,
465 985 482 1019 ἠ
511 986 559 1011 τοῦ
584 985 650 1011 Θεοῦ
671 984 716 1010 καί
742 983 845 1020 Πατρὸς
873 983 915 1011 έν-

91 1030 244 1061 υπόστατος
259 1029 375 1066 δύναμις
404 1028 644 1067 χαρακτηρίζεται,
670 1028 750 1056 πᾶσίν
778 1028 832 1056 ἐστι
858 1027 916 1055 δια-

90 1076 176 1114 φανὴς
190 1075 234 1102 καὶ
250 1073 417 1109 κατάδηλος,
434 1074 471 1106 ὡς
485 1073 517 1101 τὸ
546 1071 609 1111 ὅρος
639 1073 653 1100 ὁ
682 1070 809 1109 Λίϐανος,
827 1071 871 1100 διὰ
884 1073 916 1100 τὸ

91 1121 264 1158 ὑπερκεῖσθαι
279 1121 331 1147 τῶν
357 1118 444 1146 αὐτῶν
471 1119 674 1155 παρακειμένων
691 1118 772 1155 ὀρῶν.
803 1117 842 1146 Τὸ
864 1117 916 1155 γὰρ

90 1164 191 1202 ἀγαθὸν
208 1163 223 1191 δ
246 1165 296 1199 τὴν
323 1163 394 1191 θείαν
419 1163 545 1200 σημαίνει
572 1162 718 1200 ἐνέργειαν,
744 1162 820 1201 φύσει
844 1162 918 1200 παρὰ

91 1208 172 1236 πᾶσιν
195 1208 264 1236 ἐστιν
289 1208 406 1246 αἱρετὸν,
437 1207 479 1235 ὅτι
505 1207 603 1235 τούτου
629 1207 662 1234 τὰ
690 1207 776 1234 πάντα
804 1207 916 1246 ἐφίεται.

92 1253 191 1292 Διόπερ
221 1253 291 1281 κατᾶ
324 1253 374 1287 τὴν
409 1252 554 1290 εἰρημένην
586 1251 717 1290 ὶνέργειαν
749 1250 874 1282 ἐκλεκτὸς
903 1251 918 1278 ὁ

92 1298 208 1338 νυμφίος
235 1297 305 1325 ἐστὶν
336 1297 389 1325 ἀπὸ
414 1299 466 1325 τοῦ
494 1296 605 1328 σκότους
624 1295 700 1328 ὄντος
725 1295 769 1324 καὶ
786 1298 843 1335 φῶς
856 1296 919 1323 ὑπο-

92 1343 265 1380 κρινομένου·
301 1342 391 1380 ὥσπερ
430 1342 455 1369 οἱ
481 1340 588 1378 κέδροις
625 1341 849 1378 παρεικαζόμενοι
877 1339 919 1368 δί-

92 1397 178 1421 καιοι,
207 1387 259 1414 ἀπὸ
274 1389 327 1414 τῶν
357 1385 457 1414 ἀδίκων
488 1386 532 1413 καὶ
562 1387 701 1423 πονηρῶν.
718 1385 821 1424 Λάρυγξ
835 1385 918 1413 αὑτοῦ

91 1432 263 1470 γΛυκασμὸς,
290 1431 335 1458 καὶ
365 1430 430 1462 ὅλος
465 1429 604 1467 ἐπιθυμία.
637 1431 750 1468 Ἦγουν,
775 1431 793 1466 ἠ
831 1430 917 1464 Καινή

93 1477 214 1512 Δζαθήκη
232 1475 267 1503 δι’
291 1476 325 1510 ἦς
341 1476 378 1506 ὡς
394 1473 439 1502 διά
453 1486 526 1506 τινος
550 1475 687 1514 φάρυγγος
712 1476 811 1513 βρῶμα
835 1477 920 1502 ποιεῖ-

91 1531 136 1549 ται
149 1522 199 1556 τὴν
215 1523 268 1548 τῶν
284 1520 431 1557 ἀνθρώπων
448 1519 596 1557 σωτηρίαν,
611 1520 724 1557 γλυκεῖά
743 1519 798 1547 ἐστι
814 1519 918 1556 τῷζλά-

607 115 812 147 COMMENT.
830 115 869 145 IN
891 115 1094 148 CANTICUM
1117 117 1269 148 CANTIC.

239 179 404 219 μαρμάρινοι
450 179 682 218 τεθεμελιωμένοι
729 181 773 209 ἐπὶ
819 181 880 219 βασι

1013 191 1047 211 ιω
1062 183 1221 220 diligamus
1236 183 1357 220 (quibus
1373 183 1469 220 ipsum
1498 183 1546 212 Dei
1571 183 1697 213 Verbum
1723 186 1791 212 tan-

1731 118 1791 148 ’150

965 236 1053 263 quam
1069 229 1148 256 binis
1161 229 1298 257 cruribus
1310 228 1340 256 in
1357 229 1511 257 animabus
1523 228 1660 256 ﬁdelibus
1671 229 1789 264 incedit,

965 275 994 301 et
1009 281 1061 309 per
1075 273 1231 302 scientiam
1247 275 1335 309 atque
1357 273 1494 301 virtutem
1521 281 1640 301 cursum
1662 273 1791 308 conﬁcit)

964 317 1053 346 veluti
1077 318 1222 346 columnae
1249 319 1382 354 quedam
1413 326 1591 351 marmoreas,
1621 318 1707 346 ﬁrma
1734 318 1791 346 ﬁde

967 365 995 390 et
1008 363 1067 390 vita
1082 363 1237 399 splendida
1252 363 1399 392 sustinent
1414 363 1512 399 ipsum
1539 363 1684 397 Verbum;
1713 362 1791 398 quod

967 408 1114 435 creditur:
1132 415 1168 435 ne
1185 410 1303 444 propter
1317 416 1370 435 nos
1394 415 1492 435 nomen
1517 407 1581 442 ejus
1606 415 1639 435 eo
1663 407 1791 440 decidat,

967 455 1000 480 ut
1015 453 1090 480 inter
1103 454 1196 488 gente:
1220 453 1423 488 blasphematur
1435 453 1468 479 ⁸ο.
1485 452 1621 480 Fundam
1646 453 1716 480 sunt
1740 460 1791 479 su-

967 504 1019 533 per
1034 497 1119 524 bases
1134 505 1248 531 aureas,
1274 505 1375 524 verum
1398 499 1426 524 et
1449 497 1571 530 bonum,
1597 496 1706 532 quibus
1730 499 1791 524 tum

968 544 1085 577 propter
1095 543 1203 569 natura;
1214 541 1495 576 immutabilitatem,
1515 544 1576 568 tum
1594 543 1712 577 propter
1726 549 1792 576 pro-

968 586 1097 613 merendi
1115 586 1326 622 benignitatem
1343 585 1506 614 declaratur
1521 586 1607 621 Deus,
1620 585 1670 621 qui
1681 587 1792 613 natura!

967 631 1086 666 praestat
1100 630 1252 658 universis.
1269 630 1427 666 Postquam
1443 630 1532 666 igitur
1543 639 1651 666 sponsa
1659 630 1792 665 singulas

967 675 1068 711 sponsi
1084 677 1182 711 partes
1207 674 1352 711 expressit
1379 675 1563 709 summatim,
1588 674 1694 702 iterum
1719 674 1792 701 illud

967 719 1121 756 discipulis
1137 719 1317 754 describens,
1347 719 1473 755 Species,
1503 719 1611 755 inquit,
1639 719 1714 754 ejus,
1742 726 1794 754 per

967 772 1054 800 quem
1070 763 1121 792 Dei
1137 766 1165 792 et
1179 764 1273 792 Patris
1303 763 1564 792 consubstantialis
1588 763 1719 800 potentia
1745 770 1794 790 ex-

968 809 1115 845 primitur,
1132 809 1271 836 omnibus
1295 810 1339 836 est
1362 808 1488 836 illustris
1512 810 1599 844 atque
1622 807 1792 844 conspicua,

968 853 1011 881 uti
1028 862 1112 881 mons
1126 853 1266 889 Libanus,
1275 854 1325 889 qui
1336 853 1413 881 inter
1423 853 1534 880 vicinos
1546 855 1661 880 montes
1671 852 1791 880 eminet.

969 898 1081 925 Bonum
1099 898 1177 925 enim
1195 898 1271 934 quod
1287 898 1346 925 vim
1363 898 1491 926 divinam
1507 897 1662 933 significat,
1680 897 1716 925 ab
1727 905 1792 924 om-

970 943 1057 970 nibus
1072 942 1202 978 eligitur,
1215 942 1355 978 quoniam
1384 942 1455 970 illud
1481 944 1619 978 expetunt
1643 941 1790 970 universa.

970 987 1175 1022 Quamobrem,
1191 995 1242 1022 per
1257 989 1366 1021 actum,
1394 989 1425 1014 ut
1449 986 1588 1019 diximus,
1615 986 1725 1014 electus
1748 988 1794 1014 est

970 1039 1108 1067 sponsus,
1125 1033 1153 1059 et
1168 1039 1183 1058 a
1196 1031 1324 1058 tenebris
1341 1040 1404 1067 qua:
1416 1031 1510 1058 lucem
1522 1039 1553 1058 se
1564 1039 1628 1059 esse
1640 1031 1793 1065 simulant,

971 1076 1150 1104 secernitur:
1168 1077 1200 1102 ut
1214 1075 1309 1104 cedris
1325 1075 1480 1103 assimilati
1502 1076 1589 1111 justi,
1615 1075 1650 1102 ab
1676 1075 1796 1111 injustis

972 1123 1000 1148 et
1015 1120 1168 1157 improbis.
1186 1121 1285 1148 ϐιαιω-
1299 1119 1382 1148 illius
1397 1120 1519 1154 dulccdo,
1543 1122 1567 1147 et
1593 1121 1663 1148 totus
1686 1120 1796 1148 deside-

971 1165 1056 1193 rium.
1085 1164 1197 1192 Novum
1226 1165 1336 1200 quippe
1364 1166 1597 1197 Testamentum,
1633 1173 1684 1200 per
1720 1164 1798 1200 quod

971 1211 1112 1245 tanquam
1135 1217 1187 1245 per
1215 1211 1327 1244 guttur,
1359 1209 1457 1237 cibum
1487 1209 1642 1236 constituit
1670 1209 1797 1237 salutem

972 1253 1138 1286 hominum,
1155 1253 1240 1281 dulce
1253 1256 1298 1281 est
1313 1253 1426 1289 gutturi
1442 1255 1552 1281 nostro.
1570 1253 1609 1280 Ex
1625 1261 1658 1281 eo
1674 1261 1801 1289 namque

972 1298 1068 1325 dulcis
1084 1300 1185 1325 manat
1200 1297 1235 1325 de
1250 1297 1409 1325 virtutibus
1424 1297 1569 1326 sermonis
1586 1299 1682 1334 potus.
1701 1299 1802 1333 Itaque

973 1344 1052 1370 totus
1067 1342 1154 1370 etiam
1171 1345 1215 1370 est
1228 1342 1418 1376 desiderium,
1437 1345 1537 1378 utpote
1561 1351 1659 1370 rerum
1685 1342 1800 1379 optabi—

973 1387 1046 1415 lium
1062 1389 1149 1423 atque
1164 1387 1390 1424 expetendarum
1415 1389 1590 1414 extremum.
1607 1388 1659 1415 Hic
1668 1395 1751 1423 nepos
1763 1391 1801 1415 ut

973 1440 1060 1466 meus,
1072 1436 1097 1460 et
1111 1431 1155 1460 hic
1166 1433 1342 1468 propinquus
1356 1439 1443 1465 meus,
1468 1431 1537 1466 ﬁliae
1559 1432 1725 1460 Jerusalem.
1748 1431 1800 1460 Hic

974 1477 1075 1513 utique
1091 1475 1217 1504 dilectus
1243 1479 1288 1503 est
1309 1484 1402 1511 meus,
1431 1477 1515 1512 cujus
1544 1484 1597 1512 ego
1626 1475 1799 1512 singulatim

974 1524 1061 1557 atque
1076 1521 1105 1548 in
1123 1521 1291 1548 universum
1310 1523 1394 1548 notas
1410 1523 1438 1548 et
1452 1521 1538 1557 signa
1561 1521 1644 1548 vobis
1667 1519 1799 1556 exposui.

92 1576 173 1604 ρυγγι
197 1566 289 1603 ἡμῶν,
306 1566 342 1596 ὡς
358 1565 422 1596 τοὺς
436 1563 513 1600 ἡδεῖς
530 1564 574 1591 καὶ
598 1565 733 1601 ποτίμους
748 1563 848 1602 λόγους
863 1575 878 1591 τ

1013 1574 1026 1593 c
1041 1568 1086 1594 est
1102 1566 1268 1594 declaratus
1283 1565 1467 1602 propinquus
1484 1574 1578 1598 meus,
1604 1574 1668 1601 quae
1697 1565 1732 1592 ad
1757 1565 1802 1600 ip-

92 1610 196 1649 ἇρετῖυν
227 1609 374 1648 βλύζουσα.
401 1610 481 1638 Ὅθεν
508 1608 553 1636 καὶ
579 1608 644 1640 ὅλος
676 1609 807 1646 ἐπιθυμία
836 1608 918 1642 ἐστὶν,

92 1656 130 1687 ὡς
158 1655 271 1694 ἔσχατον
301 1654 424 1692 ὀρεκτόν.
455 1653 538 1685 οὗτος
566 1654 580 1681 ὁ
610 1652 756 1692 ἀδελφιδός
782 1664 846 1690 μου,
874 1654 920 1682 καὶ

93 1699 172 1731 οὗτος
213 1700 226 1727 ὁ
274 1699 394 1734 πλησίον
442 1710 506 1736 μου,
548 1699 691 1736 θυγατέρες
727 1698 920 1736 Ἰερουσαλήμ.

92 1743 200 1780 Ε’ἷτουν,
229 1744 315 1775 Οὗτος
348 1744 467 1782 ὑπάρχει
493 1744 507 1771 ὁ
536 1743 676 1782 ἀγαπητός
702 1754 765 1780 μου,
794 1742 826 1770 οὗ
855 1744 923 1771 κατὰ

95 1789 177 1826 μέρος
205 1799 234 1816 τε
261 1789 307 1816 καὶ
331 1787 451 1816 καθόλου
479 1787 654 1824 έξηγησάμην
684 1787 749 1824 ὑμῖν
774 1787 807 1815 τὰ
823 1787 923 1825 γνωρί-

93 1843 194 1869 σματα.
212 1832 261 1860 Καὶ
285 1831 363 1864 οὗτός
391 1833 460 1860 ἔστιν
481 1833 494 1859 ὁ
520 1831 694 1869 χρηματίσας
716 1831 835 1865 πλησίον
858 1842 924 1868 μου,

974 1618 1051 1644 sum,
1069 1612 1102 1638 ut
1115 1611 1266 1638 veritatem
1293 1618 1344 1646 per
1369 1609 1534 1645 scientiam,
1557 1612 1590 1637 ut
1613 1610 1649 1637 ad
1679 1609 1802 1643 bonum,

975 1663 1027 1691 per
1042 1655 1189 1683 efﬁcacem
1208 1654 1295 1682 ﬁdem
1317 1653 1560 1690 appropinquavi.
1586 1655 1671 1682 Filiae
1691 1655 1803 1682 lcrum-

976 1692 1040 1732 lcm,
1057 1698 1212 1735 discipulae
1228 1707 1310 1732 mete,
1328 1707 1392 1735 quae
1419 1699 1455 1726 ab
1481 1698 1560 1726 omni
1585 1699 1805 1734 perturbatione

976 1746 1004 1772 et
1019 1744 1088 1771 vilio
1104 1745 1239 1780 separata
1255 1744 1386 1771 divinam
1400 1751 1501 1779 pacem
1517 1743 1613 1776 video,
1629 1745 1658 1771 et
1672 1743 1804 1772 laetitiam

978 1788 1014 1815 ab
1029 1788 1109 1816 omni
1125 1788 1345 1824 perturbatione
1360 1790 1514 1823 remotam,
1530 1788 1577 1816 Dei
1592 1788 1734 1816 nimirum
1757 1789 1804 1816 in-

978 1835 1022 1860 tra
1033 1842 1083 1861 nos
1098 1842 1226 1868 regnum.

95 1876 252 1915 ἐγγισάσης,
267 1876 368 1912 τούτῳ,
384 1877 422 1907 ὡς
440 1876 488 1912 μὶν
505 1875 619 1911 ἀληθείᾳ
633 1876 700 1902 κατᾶ
716 1874 834 1910 ἅληστον
848 1876 960 1913 γνῶσιν,
977 1877 1015 1908 ὡς
1029 1875 1051 1903 δ’
1066 1876 1156 1914 ἀγαθῷ
1170 1877 1229 1904 κατ’
1248 1874 1403 1914 ἔμπρακτον
1426 1877 1528 1905 πίστιν.
1554 1877 1710 1915 Μαθήτριαί
1738 1887 1802 1913 μου,

92 1923 143 1955 τῆς
160 1919 268 1956 ὁρώσης
282 1918 308 1946 ἐν
324 1919 359 1956 τῇ
372 1919 472 1950 παντὸς
488 1919 590 1950 πάθους
606 1917 753 1956 ἀπαλλαγῇ
767 1919 816 1953 τὴν
833 1918 904 1947 θείαν
919 1919 1042 1958 εἰρήνην,
1058 1920 1103 1947 καὶ
1120 1919 1304 1957 ἀνενόχλητον
1319 1919 1498 1959 εὐφροσύνην,
1519 1920 1628 1951 πάντως
1653 1921 1702 1954 τήν
1728 1920 1804 1952 έντὸς

93 1966 175 2001 ῆμῶν
191 1965 239 1991 τοῦ
255 1965 321 1991 Θεοῦ
336 1962 486 2001 βασιλείαν.

449 2015 574 2045 Ψελλοὶὶ

93 2062 197 2093 Λευκὸς
234 2061 280 2089 καὶ
313 2060 415 2100 πυρρὸς
461 2060 688 2099 ἐκλελογισμένος
725 2061 779 2089 ἀπὸ
825 2062 922 2100 μυριά-

809 2105 887 2143 [dum

95 2152 215 2183 Ἐκεῖνος
229 2151 343 2189 πέφυκε,
358 2150 453 2190 φησὶν,
468 2148 554 2183 ὅντως
571 2149 733 2190 ἀδελφιδοῦς
746 2161 811 2187 μου,

94 2197 144 2227 ’Ὀς
159 2195 184 2222 έν
201 2198 308 2233 σταυρῷ
321 2195 371 2229 τὴν
387 2193 522 2233 ἄχραντον
538 2195 658 2233 πλευρὰν
675 2193 905 2233 λελογχευμένος,

97 2241 176 2277 Αἷμα
191 2240 234 2267 καὶ
251 2238 324 2278 ὕδωρ
340 2237 452 2267 ἔϐλυσεν
468 2239 622 2278 ἀνθρώποις
637 2238 806 2277 παραδόξως.

96 2286 147 2316 ’Ός
160 2284 213 2312 ἀπὸ
228 2284 337 2312 πάντων
351 2285 405 2312 τῶν
423 2285 535 2323 βροτῶν
554 2285 637 2322 μόνος
654 2284 683 2312 ἐκ
697 2289 748 2320 τῆς
776 2285 924 2323 Παρθένου,

96 2330 180 2357 Ἀνευ
195 2328 306 2367 λοχείας
321 2328 463 2367 προελθὼν
480 2329 624 2366 ἄνθρωπος
640 2329 780 2367 ἐλογίσθη.

96 2373 209 2412 Κεφαλὴ
222 2372 251 2401 δὲ
265 2375 348 2402 αὐτοῦ
364 2374 401 2405 ὡς
415 2374 528 2413 χρυσίον
543 2375 659 2413 Κειρᾶτζ,

96 2419 192 2450 "Oa-tt;
207 2418 333 2456 τυγχάνει
347 2419 475 2456 καθαρὸς,
492 2419 584 2457 φησὶν,
601 2418 626 2455 ἐξ
644 2419 786 2456 ἁμαρτίας.

97 2462 252 2501 Βόστρυχοι
268 2463 351 2491 αὐτοῦ
367 2463 472 2498 έλαταῖ,
491 2463 605 2500 μέλανες
622 2463 684 2491 ὡσεὶ
698 2464 826 2501 κόρακος.

96 2506 183 2539 Οὗτος
200 2508 312 2547 πέφυκε,
329 2509 406 2548 φησί,
422 2507 526 2545 κόσμος
541 2507 646 2546 Πέτρος
662 2508 704 2535 καὶ
723 2507 830 2539 Παῦλος
854 2509 880 2536 οἱ
895 2508 925 2536 τό

528 2552 602 2589 [πρὶν
619 2551 694 2584 ὄντες
710 2552 889 2591 ὲζοφωμένοι.

98 2596 148 2624 Καὶ
164 2599 216 2628 πᾶς
232 2597 258 2632 ἐξ
274 2596 366 2628 ἔθνους
384 2596 540 2635 βαπτισθεὶς
554 2597 600 2624 καὶ
616 2595 757 2634 προελθὼν
776 2596 880 2633 ἐκείνῳ.

97 2642 132 2670 Οἱ
156 2640 296 2680 ὀφθαλμοὶ
324 2641 408 2669 αὐτοῦ
433 2642 470 2674 ὡς
493 2641 646 2679 περιστεραὶ
670 2640 713 2668 ἐπὶ
737 2640 928 2679 πληρώματος

581 2683 699 2722 [ὑδάτων
716 2684 891 2723 λελουμένοιι.

133 2788 157 2807 ⁶⁰
173 2790 221 2820 Isa
235 2797 284 2824 ιιι,
299 2789 327 2816 5.
364 2788 386 2807 ⁶¹
404 2787 474 2816 Luc.
489 2795 560 2823 xvu,
574 2787 620 2815 21.

262 2853 394 2885 Panos.
419 2852 475 2884 GI.
498 2850 619 2883 CXXII.

1343 2020 1437 2047 Pselli.

1013 2063 1153 2092 Candidus
1166 2068 1192 2092 et
1206 2064 1393 2100 rubicundus,
1418 2063 1523 2093 electus
1546 2072 1581 2093 cz
1604 2065 1696 2093 decem
1716 2065 1805 2093 mitti-

978 2108 1038 2137 bus.
1056 2108 1107 2137 Ille
1122 2111 1178 2142 est,
1194 2109 1303 2145 inquit,
1323 2117 1390 2137 vere
1415 2109 1610 2137 consobrinus
1635 2118 1730 2144 meus,
1755 2110 1807 2146 qui

978 2153 1008 2181 in
1030 2161 1115 2182 cruce
1143 2161 1178 2181 ex
1207 2153 1394 2181 immaculato
1424 2153 1516 2182 latere
1544 2154 1629 2182 basta
1656 2155 1807 2183 vulnerato

979 2197 1150 2225 hominibus
1167 2199 1339 2234 sanguinem
1352 2201 1380 2226 et
1390 2206 1496 2233 aquam
1510 2199 1686 2226 mirabiliter
1695 2198 1807 2227 effudit.

942 2250 965 2282 D
980 2242 1034 2274 Qui
1050 2242 1131 2270 solus
1145 2241 1223 2270 inter
1238 2250 1340 2270 omnes
1355 2251 1389 2270 ex
1403 2243 1515 2278 virgine
1530 2243 1594 2270 sine
1608 2243 1706 2270 dolore
1722 2245 1808 2271 natus

980 2289 1025 2314 est
1038 2286 1136 2314 homo.
1156 2286 1242 2322 Caput
1255 2288 1315 2323 ejus
1329 2289 1399 2315 sicut
1415 2295 1514 2314 aurum
1531 2287 1658 2322 Cephatz.
1690 2287 1744 2320 Qui
1771 2287 1806 2315 ab

980 2331 1071 2364 omni,
1090 2331 1197 2367 inquit,
1214 2331 1327 2368 integer
1347 2340 1379 2359 ac
1410 2340 1502 2367 purus
1529 2336 1574 2358 est
1596 2332 1706 2366 peccati
1731 2331 1806 2359 labe.

982 2376 1070 2404 Comes
1084 2376 1144 2412 cjus
1158 2377 1229 2404 sicut
1243 2378 1335 2409 elatae,
1351 2377 1440 2412 nigrae
1453 2377 1533 2411 quasi
1557 2376 1641 2404 corvi.
1666 2376 1806 2410 Ornatus,

981 2421 1088 2456 inquit,
1103 2429 1255 2448 comarum
1272 2421 1336 2456 ejus
1352 2423 1422 2448 sunt
1437 2420 1540 2448 Petrus
1563 2423 1590 2448 et
1614 2421 1733 2455 Paulus,
1757 2421 1806 2456 qui

982 2468 1067 2492 antea
1084 2466 1159 2501 nigri
1181 2465 1387 2501 tenebrosique
1411 2465 1538 2497 fuerant,
1564 2467 1592 2492 et
1616 2465 1749 2501 quisquis
1773 2473 1808 2493 ex

981 2509 1119 2545 gentibus
1135 2510 1301 2545 baptizatus
1318 2512 1363 2538 est
1379 2512 1407 2538 et
1422 2509 1457 2536 ad
1474 2509 1557 2536 illurn
1575 2510 1709 2537 accessit.
1727 2510 1808 2538 Oculi

981 2554 1039 2589 ejus
1051 2555 1123 2581 sicut
1137 2554 1271 2582 columba:
1284 2562 1367 2589 super
1380 2554 1564 2590 plenitudine:
1579 2563 1714 2590 aquarum
1730 2555 1806 2584 lotae.

984 2599 1066 2626 Illius
1083 2598 1158 2626 oculi
1187 2604 1252 2627 sunt
1284 2599 1430 2635 propheta
1460 2599 1614 2634 prudentia
1643 2599 1810 2635 simplices,

982 2646 1011 2671 et
1039 2643 1170 2671 moribus
1201 2643 1379 2671 admirandi.
1408 2645 1499 2678 Super
1527 2644 1738 2679 plenitudines,
1762 2644 1811 2672 in-

983 2687 1057 2724 quit,
1074 2695 1217 2723 aquarum
1241 2687 1325 2715 lotos:
1356 2687 1383 2715 id
1413 2689 1467 2721 est,
1497 2689 1636 2716 omnibus
1651 2688 1810 2717 virtutibus

1606 2850 1644 2880 2|
