1951 3051
172 105 228 135 651

843 105 1055 137 MIGHAELIS
1079 105 1213 136 PSELLI

1825 106 1887 136 652

172 170 314 199 exornati.
344 172 376 199 In
403 172 471 199 lacte
498 171 668 200 considente;
697 180 781 208 super
808 171 996 208 plenitudine:

1054 170 1166 201 Οὖτινος
1182 170 1264 198 πάλιν
1281 170 1422 208 ἀφθαλμοὶ
1437 171 1605 208 τυγχάνουσι
1622 174 1774 210 προφῆται,

173 224 322 252 aquarum.
338 216 402 244 Non
422 216 545 251 gloriose
569 216 707 245 virtutem
732 219 924 252 ostentantes,
949 217 999 244 sed

175 261 334 289 admodum
349 261 510 296 tranquille
528 269 593 290 eam
618 261 792 290 excolentes.
819 261 899 290 Gem
923 262 1000 290 illius

174 307 247 335 sicut
259 306 367 342 phialae
395 307 526 334 aromatis
554 308 670 342 ferentes
697 307 892 343 pigmentaria.
915 307 1000 334 Labia

174 353 232 386 eius
259 352 321 379 lilia
349 351 518 380 distillantia
545 352 693 387 myrrham
734 352 856 388 plenam.
893 353 999 379 Totum

175 405 297 425 aureum
326 396 460 424 indicant
488 396 550 424 haec
576 397 665 424 verba
693 396 936 433 Cbrysostomum
972 398 1001 423 et

175 441 305 477 reliquos
320 441 454 469 doctores
469 441 550 469 illius
567 441 705 477 aequales,
729 441 891 469 maximum
915 441 1000 468 Basi-

173 487 260 520 lium,
276 481 417 514 eximium
433 487 618 522 Gregorium,
645 494 771 522 quorum
786 495 801 514 e
816 485 907 514 labris
932 486 999 514 doc-

173 531 257 559 trinae
274 539 425 560 sermones
441 531 527 560 melle
546 531 693 559 dulciores
708 533 899 559 emanarunt:
925 539 999 567 quos

173 576 222 612 qui
237 577 406 612 degustant,
431 576 525 604 multa
550 576 712 612 implentur
735 576 865 612 myrrha,
889 576 918 603 id
943 577 999 608 est,

173 620 325 650 laboribus
355 622 533 650 mortiﬁcant
547 622 682 649 membra
698 630 753 649 sua
767 629 855 657 super
879 623 998 655 terram,

173 668 202 694 et
217 666 306 695 simul
322 674 390 694 cum
406 666 519 695 Christo
535 666 749 702 cruciﬁguntur
764 669 852 702 atque
869 665 998 694 exaltan-

174 713 233 739 tur.

209 1072 305 1100 Manus
332 1071 414 1100 illius
437 1073 592 1108 tornatiles,
619 1073 709 1108 plenae
745 1073 857 1101 Marsis.
903 1074 998 1102 Venter

174 1118 237 1152 ejus
249 1117 327 1153 pisci:
342 1118 455 1153 exigua,
478 1118 609 1152 eburnea,
634 1126 716 1154 super
740 1118 832 1154 lapide
854 1119 995 1154 mpphiro.

175 1162 264 1190 Crura
289 1161 372 1189 illius
399 1162 536 1191 columnae
564 1170 740 1198 marmoreae,
769 1163 894 1198 fundata
917 1172 998 1200 super

176 1206 250 1234 bases
264 1214 375 1234 aureas.

207 1349 273 1377 Haec
301 1349 381 1386 virgo
412 1358 485 1386 pura
524 1351 552 1377 et
580 1358 700 1386 sponsa,
731 1351 916 1387 custodibus,
941 1353 996 1381 hoc

172 1396 226 1429 est,
247 1394 369 1431 angelis,
402 1395 504 1431 sponsi
531 1396 577 1422 sui
607 1395 858 1431 pulchritudinem
882 1397 997 1433 signiﬁ-

171 1447 252 1473 cans,
282 1440 438 1468 enarravit.
472 1440 515 1467 Tu
546 1441 643 1468 autem
672 1439 744 1467 mihi
783 1441 882 1469 omnia
920 1442 998 1470 dicta

171 1492 223 1520 per
237 1484 617 1520 translationemintellige.
642 1484 784 1517 Quoniam
810 1485 888 1514 enim
913 1486 996 1514 Chri-

172 1531 237 1557 stus
265 1529 346 1556 solus
375 1531 464 1564 caput
491 1530 535 1556 est
564 1528 710 1563 omnium,
749 1538 856 1566 corpus
896 1533 994 1560 autem
1011 1538 1032 1572 ς

172 1573 267 1609 ipsius
282 1573 381 1601 divina
395 1576 440 1601 est
454 1573 595 1608 Ecclesia,
611 1574 742 1601 membra
771 1577 871 1602 autem
895 1584 997 1612 corpo-

174 1619 214 1646 ris
234 1621 352 1655 sanctos
368 1627 432 1646 esse
454 1618 592 1654 dicimus,
618 1618 709 1646 alium
734 1618 852 1655 quidem
878 1620 997 1656 collum,

175 1662 267 1691 alium
297 1665 394 1691 autem
414 1663 521 1698 pedes:
545 1671 596 1699 per
620 1671 726 1691 manus
756 1664 820 1700 ejus
844 1665 998 1694 tornatiles

174 1708 356 1735 venerandos
374 1707 522 1743 apostolos
546 1707 658 1744 accipe,
674 1708 787 1736 divinos
812 1710 998 1738 sacerdotum

176 1752 334 1788 principes,
351 1752 454 1779 ﬁdeles
470 1752 574 1779 divinas
590 1752 689 1788 gratiae
706 1753 935 1789 dispensatores,
948 1755 998 1790 qui

176 1804 207 1824 se
222 1797 313 1832 ipsos,
331 1805 449 1824 omnem
471 1797 615 1825 malitiam
641 1800 829 1833 amputantes
854 1799 999 1835 expolive-

174 1843 252 1869 runt.
269 1841 463 1873 Quamobrem
479 1850 530 1877 spe
546 1842 690 1870 bonorum
708 1842 809 1878 repleti
825 1846 904 1871 sunt.
928 1844 999 1879 Ejus

173 1886 243 1914 item
259 1887 391 1914 ventrem
408 1895 441 1914 ac
455 1887 588 1922 pyxidem
605 1895 730 1922 agnosce
746 1888 878 1916 omnium
892 1889 1000 1919 virtute

174 1932 377 1966 praestantium
393 1931 508 1959 animas
524 1933 552 1959 et
567 1932 666 1967 corda,
683 1931 712 1959 in
730 1932 837 1967 quibus
853 1933 904 1961 Dei
928 1935 998 1961 Ver-

173 1976 246 2003 bum
261 1975 444 2012 insculptum
464 1978 519 2009 est,
536 1976 587 2012 qui
603 1979 716 2004 mentes
736 1985 900 2013 sensusque
929 1987 998 2008 suos

175 2021 211 2049 ad
227 2021 367 2049 ccelorum
383 2022 491 2058 Regem
508 2025 618 2050 erectos
633 2023 761 2050 habent:
779 2023 806 2051 id
832 2025 910 2052 enim
930 2034 999 2061 sap-

175 2065 278 2101 phirus
294 2065 452 2102 signiﬁcat,
469 2066 520 2102 qui
535 2066 616 2094 solus
630 2066 706 2102 lapis
730 2067 795 2095 σαιΙὶ
820 2069 946 2103 speciem
971 2072 1000 2098 et

175 2110 301 2138 colorem
316 2111 438 2138 obtinet.
455 2111 509 2139 Per
523 2111 613 2147 hujus
629 2119 716 2139 crura
733 2111 849 2140 Petrum
869 2113 1000 2150 intelligo

175 2155 373 2191 apostolorum
391 2155 565 2191 principem.
583 2158 614 2183 In
631 2155 685 2184 hoc
701 2156 781 2184 enim
801 2157 944 2186 Dominus
968 2159 999 2186 in

174 2201 339 2238 Evangeliis
355 2210 387 2230 se
401 2201 562 2230 Ecclesiam
578 2210 664 2230 suam
693 2202 905 2231 aediﬁcaturum
930 2213 999 2240 pro-

174 2246 265 2274 misit.

210 2423 322 2455 Species
350 2424 411 2457 eius
436 2424 467 2449 ut
496 2422 615 2450 Libanus
642 2423 750 2450 electus.
791 2423 895 2459 Sponsi
932 2431 998 2460 spe-

174 2465 249 2493 ciem
259 2474 324 2494 vere
334 2467 504 2499 maximam,
515 2469 544 2494 et
554 2467 715 2495 terribilem
726 2468 999 2504 admirandamque,

175 2519 208 2538 ac
224 2510 354 2538 divinam
370 2519 404 2539 ex
420 2511 543 2547 pulchra
559 2512 661 2540 Libani
676 2512 831 2540 altitudine
848 2513 996 2548 eonjicito.

175 2554 274 2582 Guttur
288 2556 367 2583 illius
383 2556 509 2590 dulcedo,
526 2558 552 2584 et
574 2561 643 2585 lotus
662 2557 868 2586 desiderabilis.
894 2558 1000 2585 Guttur

174 2599 238 2634 ejus
254 2599 339 2627 divus
355 2599 404 2628 ille
421 2600 584 2629 Prascursor
598 2601 662 2637 fuit,
680 2603 729 2639 qui
751 2602 833 2631 Verbi
850 2604 879 2630 et
898 2602 998 2639 sponsi

173 2652 228 2672 vox
242 2644 361 2672 dicitur.

1055 214 1191 252 Ἀκέραιοι
1202 216 1251 250 τὴν
1267 215 1396 253 φρόνησιν
1411 215 1455 243 καὶ
1472 216 1621 252 θαυμαστοὶ
1635 219 1693 248 τοῖς
1709 215 1838 254 τρόποις.

1054 260 1116 288 Ἐπὶ
1130 259 1328 298 πληρώματος,
1350 260 1443 297 φησὶν,
1459 259 1562 288 ὑδάτων
1581 259 1754 298 λελουμένοι,

1053 305 1153 342 ’Ἡγουν
1170 304 1196 331 ἐν
1212 304 1308 336 πάσαις
1323 305 1429 342 ἀρεταῖς
1446 303 1520 336 ὄντες
1534 305 1730 343 ήγλαϊσμὲνοι.

1054 350 1096 377 Ἑν
1111 349 1226 386 γάλακτι
1250 350 1402 386 καθήμενοι
1428 349 1570 388 πλήρωμα
1593 349 1724 388 γαληνῶς
1749 353 1804 378 τῶν
1821 349 1886 378 ὑδά-

1766 397 1846 433 [των-

1055 438 1111 467 Ούκ
1126 437 1325 473 ἐπιδεικτικῶς,
1341 440 1418 478 φησὶ,
1433 440 1483 474 τὴν
1499 439 1597 476 ἀρετὴν
1615 439 1774 478 αὐχοῦντες,

1054 482 1142 511 Ἀλλὰ
1156 483 1200 511 καὶ
1216 484 1285 511 πάνυ
1298 483 1427 522 γαληνῶς
1442 484 1526 519 αὐτὴν
1542 484 1740 516 ἐπιτελοῦντες.

1054 528 1181 565 Σιαγόνες
1196 528 1277 556 αὐτοῦ
1293 529 1330 560 ὡς
1345 528 1451 568 φιάλαι,
1472 531 1519 556 τοῦ
1536 529 1684 567 ἀρώματος
1699 531 1830 569 φύουσαι,

1052 573 1194 610 Μυρεψικά
1231 572 1315 611 χείλη
1356 574 1438 601 αὐτοῦ
1484 573 1563 612 κρίνα
1596 575 1726 609 στάζοντα
1761 574 1884 613 σμύρναν

1719 618 1844 657 [πλήρη-

1053 663 1102 689 Τὸν
1117 662 1276 700 πάγχρυσον
1292 662 1437 690 αἰνίττεται
1451 662 1645 701 Χρυσόστομον
1661 663 1675 690 ό
1692 662 1786 701 λόγος,

1054 706 1102 734 Καὶ
1118 706 1182 738 τοὺς
1196 707 1271 743 αὐτῷ
1285 708 1470 745 τυγχάνοντας
1482 706 1561 739 ’ίσους
1577 709 1622 735 καὶ
1634 707 1828 743 διδασκάλους,

1053 752 1102 779 Τὸν
1121 751 1245 789 μέγιστον
1260 750 1413 787 Βασίλειον,
1430 752 1581 790 Γρηγόριον
1597 753 1642 780 τὸν
1656 752 1736 788 πάνυ,

1053 795 1123 827 Τοὺς
1139 795 1169 823 ἐκ
1183 795 1311 834 χειλέων,
1328 796 1472 831 στάζον-τας
1488 796 1589 835 λόγους
1606 795 1794 833 διδασκαλίας,

1054 840 1102 868 Καὶ
1119 840 1230 877 μέλιτος
1244 839 1388 877 ἠδύτερον,
1404 842 1487 879 οὗπερ
1503 842 1529 869 οἱ
1544 841 1712 880 γεγευμένοι,

1053 885 1183 923 Σμύρνης
1198 885 1385 921 ὶμπίπΛανται
1400 885 1512 921 πολλῆς
1526 889 1574 914 τοῦ
1590 886 1675 924 λόγου
1689 889 1724 924 τῇ
1752 886 1882 924 δυνάμει,

1052 931 1152 968 Ἤγουν
1169 932 1292 967 νεκροῦσι
1307 930 1340 957 τὰ
1351 934 1401 966 τῆς
1416 934 1466 968 γῆς
1482 929 1568 958 αὐτῶν
1586 931 1610 958 ἐν
1627 929 1721 962 πόνοις
1735 931 1822 968 μέλη,

1052 974 1102 1002 Καὶ
1145 974 1353 1012 συσταυροῦνται
1396 977 1436 1012 τῷ
1475 978 1583 1013 Χριστῷ
1620 976 1663 1004 καὶ
1701 977 1884 1013 συνυψοῦνται

1731 1021 1844 1058 [τούτῳ.

1051 1075 1144 1110 Χεῖρες
1190 1072 1272 1100 αὐτοῦ
1317 1073 1455 1111 τορευταὶ,
1503 1077 1614 1112 χρυσαῖ,
1662 1073 1886 1112 πεπληρωμέναι

1720 1118 1844 1157 [Θαρσίς,

1052 1162 1152 1191 Κοιλία
1177 1161 1260 1190 αὐτοῦ
1283 1162 1375 1198 πυξίον
1396 1162 1566 1201 ἐλεφάντινον
1593 1162 1635 1190 ἐπὶ
1661 1162 1739 1195 λίθου
1764 1164 1886 1201 σαπφεί-

1769 1210 1844 1245 [ρουι

1052 1255 1159 1288 Κνῆμαι
1175 1251 1257 1279 αὐτοῦ
1272 1251 1366 1280 στύΛοι
1393 1251 1559 1290 μαρμάρινοι
1576 1252 1808 1289 τεθεμελιωμένοι
1836 1253 1884 1280 ἐπὶ

1723 1299 1843 1336 [χρυσῷ.

1051 1351 1142 1379 Ταῦτα
1158 1351 1206 1387 μὶν
1223 1349 1269 1378 οὖν
1284 1351 1301 1386 ή
1318 1350 1420 1389 καθαρὰ
1433 1351 1562 1388 παρθένος
1576 1362 1604 1379 τε
1623 1351 1668 1379 καὶ
1683 1351 1788 1390 νύμφη,

1051 1397 1115 1426 Τοῖς
1131 1394 1243 1434 φύλαξιν
1259 1394 1397 1432 ὡμίλησε,
1410 1395 1531 1423 τουτέστι
1547 1398 1604 1427 τοῖς
1620 1395 1757 1434 ἀγγέλοις·

1050 1439 1085 1466 Τὸ
1100 1438 1203 1470 κάλλος
1221 1440 1390 1478 ὑπεμφαίνου
1407 1439 1486 1475 δῆθεν
1502 1440 1533 1467 τὸ
1556 1443 1607 1468 τοῦ
1621 1441 1753 1480 νυμφίου.

1052 1483 1089 1511 Σὺ
1107 1482 1135 1511 δέ
1150 1494 1196 1520 μοι
1212 1484 1297 1515 πάσας
1311 1487 1449 1522 τροπικῶς
1464 1485 1512 1516 τὰς
1529 1485 1670 1522 ἐξηγήσεις
1685 1484 1780 1523 δέχου.

1050 1528 1127 1556 Ἐπεὶ
1143 1528 1193 1566 γὰρ
1210 1529 1316 1556 πάντων
1332 1528 1437 1568 κεφαλή
1454 1530 1570 1565 Χριστὸς
1583 1530 1711 1568 τυγχάνει
1730 1530 1827 1567 μόνος,

1054 1575 1140 1610 Σῶμα
1155 1572 1184 1600 δὲ
1198 1574 1296 1601 τούτου
1311 1574 1426 1613 πέφυκεν
1441 1575 1458 1609 ἡ
1476 1574 1533 1601 θεία
1549 1574 1708 1610 Ἐκκλησία,

1054 1619 1102 1646 Καὶ
1119 1618 1190 1654 μίΛη
1205 1618 1303 1646 τούτου
1319 1617 1434 1657 λὲγομεν
1450 1619 1494 1646 καὶ
1512 1619 1593 1656 μέρος
1607 1619 1670 1650 τοὺς
1681 1619 1786 1658 ἁγίους·

1053 1663 1106 1691 Τὸν
1125 1663 1172 1698 μὶν
1188 1662 1291 1691 ἐκείνου
1306 1663 1459 1701 τράχηλον,
1475 1664 1520 1691 τὸν
1537 1663 1560 1691 δ’
1575 1664 1607 1691 αὖ
1623 1663 1724 1691 ἐκείνου
1739 1663 1824 1700 πόδα,

1053 1707 1156 1736 Λοιπὸν
1173 1707 1216 1734 καὶ
1233 1710 1328 1745 χεῖρας
1342 1708 1456 1745 γίνωσκε
1469 1709 1567 1735 τούτου
1581 1709 1805 1746 τετορνευμένας,

1053 1751 1122 1783 Τοὺς
1139 1751 1307 1783 ἀποστόλους
1321 1752 1384 1783 τοὺς
1399 1752 1512 1783 σεπτοὺς
1531 1753 1575 1780 καὶ
1592 1753 1679 1784 θείους
1696 1754 1845 1791 ἱεράρχας,

1053 1796 1123 1828 Τοὺς
1140 1796 1302 1833 οἰκονόμους
1319 1797 1381 1828 τοὺς
1397 1797 1509 1829 πιστοὺς
1523 1799 1571 1830 τῆς
1591 1797 1704 1835 χάριτος
1720 1799 1770 1833 τῆς
1796 1798 1885 1833 θείας,

1054 1841 1158 1872 0’ίτινες
1173 1841 1380 1879 κατετόρνευσαν
1398 1841 1495 1873 αὐτοὺς
1508 1840 1688 1879 εὖεπιϐόλως,

1053 1887 1175 1913 "Amicam
1192 1886 1371 1921 ἀποξύσαντες
1387 1887 1430 1926 ἀφ’
1447 1887 1546 1914 ἑαυτῶν
1562 1887 1667 1922 κακίαν,

1053 1931 1132 1958 ’Όθεν
1149 1929 1260 1962 ἐλπίδος
1276 1931 1380 1969 ἀγαθῶν
1395 1931 1461 1958 εἰσιν
1479 1931 1715 1968 ἐμπεπλησμένοι.

1053 1975 1158 2004 Τούτου
1173 1974 1202 2002 δὲ
1216 1975 1297 2003 πάλιν
1311 1976 1426 2014 γίνωσκε
1440 1975 1546 2004 κοιλίαν
1561 1976 1605 2003 καὶ
1621 1976 1724 2012 πυξίον,

1054 2021 1115 2048 Τῶν
1130 2019 1258 2058 ἐναρέτων
1275 2020 1322 2052 τὰς
1338 2020 1427 2058 ψυχὰς
1443 2022 1550 2048 πάντων
1564 2021 1608 2048 καὶ
1624 2021 1670 2052 τὰς
1687 2019 1814 2059 καρδίας,

1054 2065 1098 2093 Ἐν
1114 2066 1156 2096 αἶς
1171 2065 1184 2092 ὁ
1200 2065 1289 2103 Λόγος
1303 2067 1352 2092 τοῦ
1367 2067 1433 2093 Θεοῦ
1453 2066 1523 2093 ἐστιν
1541 2065 1770 2103 ἐγγεγραμμένος.

1054 2110 1159 2140 Οἳτινες
1174 2109 1282 2147 ἔχουσιν
1298 2110 1385 2137 αὐτῶν
1401 2110 1446 2138 τὸν
1464 2112 1524 2137 νοῦν
1540 2111 1585 2138 καί
1599 2111 1647 2141 τὰς
1665 2110 1805 2146 αἲσθήσεις

1054 2156 1102 2190 Τῷ
1119 2154 1226 2192 βασιλεῖ
1239 2156 1293 2182 τῶν
1311 2154 1431 2192 οὐρανῶν
1448 2154 1721 2192 ἐπαναπεμπομένας,

1053 2199 1083 2227 Ὁ
1100 2199 1176 2230 λίοος
1192 2199 1243 2237 γὰρ
1260 2199 1273 2226 ὁ
1288 2199 1435 2238 σάπφειρος
1451 2202 1530 2226 τοῦτο
1547 2199 1688 2236 σημαίνειν
1701 2198 1788 2234 θέλει,

1014 2225 1038 2258 D
1054 2245 1131 2271 Ἐστι
1147 2225 1203 2281 γὰρ.
1214 2225 1419 2282 οξρανοειέῆςΓὸ
1436 2243 1512 2275 λίθος
1528 2225 1607 2275 οὗτος
1624 2241 1717 2281 μόνος.

1055 2289 1168 2325 Κνήμας
1185 2287 1213 2315 δὶ
1227 2288 1325 2316 τούτου
1339 2290 1456 2326 γίνωσκε
1470 2289 1572 2326 Πέτρον
1588 2288 1633 2315 τὸν
1649 2291 1812 2327 κορυφαῖον,

1054 2333 1096 2360 Ἐν
1113 2332 1202 2369 τούτῳ
1217 2333 1266 2371 γὰρ
1283 2334 1296 2360 ὁ
1312 2333 1409 2371 Κύριος
1425 2333 1508 2360 αὐτοῦ
1522 2334 1571 2368 τήν
1584 2333 1749 2368 Ἐκκλησίαν

1054 2377 1218 2414 Οἷκοδομεῖν
1238 2378 1371 2415 ὑπέσχετο
1384 2378 1432 2405 κάν
1447 2381 1505 2409 τοῖς
1519 2377 1709 2416 Εὗαγγελίοις,

1054 2421 1134 2453 Εἶδος
1150 2422 1231 2450 αὐτοῦ
1247 2423 1284 2454 ὡς
1299 2420 1414 2454 Λίϐανος
1429 2421 1565 2455 ἐκλεκτός.

1054 2466 1133 2499 Εἶδος
1148 2468 1231 2495 αὐτοῦ
1244 2467 1272 2494 8‘s
1287 2467 1412 2505 γίνωσκε,
1429 2467 1550 2495 τουτέστι
1565 2470 1614 2495 τοῦ
1628 2468 1758 2508 νυμφίου.

1054 2512 1185 2550 Μέγιστον
1216 2510 1310 2547 ὅντως,
1334 2513 1378 2539 καὶ
1409 2513 1532 2550 φρικτὸν,
1562 2513 1607 2541 καὶ
1640 2513 1809 2550 θαυμαστὸν,
1841 2517 1891 2542 καί

1789 2559 1886 2594 [θεῖον,

1053 2603 1141 2629 Ταῦτα
1154 2601 1204 2639 γὰρ
1221 2600 1290 2632 εἶδος
1306 2601 1418 2637 ἀληθῶς
1433 2602 1557 2639 σημαίνει
1572 2604 1619 2630 τοῦ
1634 2602 1763 2641 νυμφίου.

1054 2645 1160 2684 Φάρυγξ
1175 2645 1256 2673 αὐτοῦ
1270 2645 1430 2684 γλυκασμὸς
1445 2646 1490 2674 καὶ
1501 2645 1566 2678 ὅλος
1582 2645 1722 2684 ἐπιθυμία.

1054 2690 1162 2728 Φάρυγξ
1178 2690 1207 2718 δὲ
1220 2690 1319 2719 τούτου
1333 2692 1450 2730 πέφυκεν
1466 2692 1480 2719 ὁ
1496 2690 1658 2730 Ηρόδρομος
1673 2692 1687 2719 ὁ
1704 2693 1788 2724 θεῖος·

1053 2736 1136 2770 Φωνή
1152 2736 1204 2774 γὰρ
1219 2733 1304 2768 ὅντως
1321 2735 1429 2774 λέγεται
1443 2738 1491 2764 τοῦ
1506 2737 1596 2774 Λόγου
1609 2737 1654 2765 καὶ
1678 2737 1808 2776 νυμφίου.
