1951 3051
53 113 113 144 653

344 176 405 207 Τῶν
421 182 445 216 γ’
459 178 596 217 Πατὲρων.

90 231 166 260 Ἐπεὶ
197 231 220 259 δ’
246 232 273 260 αἱ
304 233 452 270 μαθήτριαι
478 232 550 271 παρὰ
575 236 624 268 τῆς
654 231 818 260 διδασκάλου
841 232 883 264 τίς

55 276 127 304 ἐστιν
159 277 172 304 ὁ
188 276 289 312 ταύτης
312 277 430 314 νυμφίος
460 276 504 305 διὰ
531 279 585 305 τῶν
607 278 690 305 αὑτοῦ
706 277 884 315 χαρισμάτων

55 320 287 359 ὰνεδιδάχθηοαν,
318 321 486 360 βουλόμεναι
512 321 608 350 λοιπὸν
637 325 731 358 μαθεῖν
754 322 799 349 καὶ
815 321 883 349 ὅπου

55 366 136 398 οὗτος
151 365 224 403 ἥκει,
240 365 303 405 φασὶ
333 367 401 404 πρὸς
428 367 512 402 αὐτήν
529 376 536 383 ·
564 368 621 396 ΙΙοῦ
636 366 757 402 ἀπῆλθεν
774 367 788 394 ὁ
803 366 884 394 ἀδελ-

54 410 134 451 φιδός
150 422 209 446 σου,
234 413 251 446 ἡ
281 411 354 446 καλή
385 410 412 439 ἐν
440 412 570 449 γνκαιξί;
597 410 710 447 Δηλαδὴ
727 411 882 449 ἀνάγγειλον

52 457 124 492 ἡμῖν
143 455 206 489 ἔνθα
225 454 340 493 ίνδημεῖ
368 456 507 494 ὀγαπητός
532 467 590 492 σου,
615 457 633 491 ἡ
663 456 690 483 ἐν
706 459 766 488 ταῖς
781 455 884 484 ἀπολε-

53 500 151 532 σάσαις
176 502 290 539 ψυχαῖς,
307 498 350 528 διὰ
372 501 422 535 τὴν
445 502 511 538 τῆςξ
521 499 736 537 Θείαςῖᾼέντολῆς
763 498 885 538 παράϐα-

55 556 97 573 σιν
113 545 146 572 τὸ
161 544 265 576 κάλλος
279 547 327 572 τοῦ
353 545 411 573 κατ’
439 545 530 573 εἰκόνα
558 545 603 573 καὶ
631 547 680 573 τοῦ
704 545 763 572 καθ’
779 545 884 581 ὁμοίω-

54 600 104 624 σιν,
121 587 300 618 ἀπολαϐοῦσα
313 592 393 617 τοῦτο
416 589 500 618 πάλιν
525 589 551 617 ἐν
573 593 611 626 τῷ
635 589 821 629 νυμφεύθῆνοιι
845 591 886 626 τῷ

55 634 138 672 Λόγῳ
153 637 200 662 τοῦ
220 636 298 663 Θεοῦ.
323 634 396 663 Ἐπεὶ
422 634 456 662 δι’
481 635 517 662 ὧν
544 634 699 672 ἀκηκόαμεν
725 634 884 672 γνωρισμά-

54 690 110 708 των
138 679 220 707 αιτιτοῦ
246 679 323 708 etim»
350 681 457 718 ὁρῶμεν
488 680 566 708 αὑτὸν
595 680 621 708 ἰν
649 681 728 717 ἡμῖν,
758 682 811 707 ποῦ
838 680 886 707 ἀπ-

57 723 174 762 έϐλεψεν
205 725 220 752 ὁ
248 723 394 764 ἀδελφιδός
436 734 507 759 σου;
548 725 593 752 καὶ
623 726 777 762 ζητήσομεν
806 724 885 752 αὐτὸν

58 769 127 806 μετᾶ
154 772 212 798 σοῦ.
243 769 377 805 Δηλονότι
404 772 457 797 ποῦ
486 769 627 808 ἀγαπητός
644 781 691 797 σου
717 770 830 808 ἀόρατος
848 769 884 797 ὢν

58 815 171 853 ὁρᾶσθαι
199 815 244 842 καὶ
268 814 399 850 ἠθέλησε,
429 814 474 842 καὶ
500 813 557 852 ἅμα
584 825 626 842 σοι
656 813 801 852 ὀδηγῶμεν
818 815 886 851 πρὸς

578 114 781 145 COMMENT.
801 114 839 144 IN
861 114 1066 145 CAN'I‘ICUM
1090 114 1244 146 CAN'l‘lC.

1706 117 1766 147 654

1233 180 1331 208 Trium
1349 181 1477 208 Patrum.

973 233 1045 260 Cum
1063 233 1212 269 discipula:
1230 242 1264 261 ex
1280 233 1434 270 magistra,
1452 233 1520 269 quis
1543 235 1622 261 esset
1637 242 1766 270 sponsus

938 277 1012 312 ejus,
1030 286 1082 313 per
1097 278 1183 314 signa
1198 280 1226 306 et
1247 280 1332 306 notas
1357 279 1454 314 ipsius
1479 278 1664 312 didicissent,
1690 278 1765 306 scire

939 325 1035 350 autem
1051 325 1200 358 cuperent,
1218 331 1347 358 quonam
1364 323 1486 357 abisset,
1512 323 1554 351 sic
1579 322 1660 350 illam
1685 331 1765 350 com-

940 366 1067 403 pellant:
1099 368 1155 401 Quo
1184 367 1252 395 abiit
1282 375 1365 404 nepos
1394 372 1468 402 tuus,
1500 375 1514 395 o
1541 367 1658 404 pulchra
1694 368 1767 395 inter

939 412 1089 440 mulieres?
1103 412 1125 440 Ο
1141 421 1203 448 qua
1221 412 1297 440 inter
1312 413 1438 448 animas,
1469 412 1608 449 imaginis
1633 414 1661 440 et
1685 411 1766 440 simi-

939 457 1073 484 litudinis
1098 457 1349 492 pulchritudinem
1376 457 1506 485 mandati
1532 457 1766 493 transgressione

939 501 1083 537 perditam
1099 501 1163 529 ideo
1179 502 1370 538 recuperasti,
1388 502 1458 538 quia
1470 501 1522 530 Dei
1537 501 1632 530 Verbo
1648 510 1679 530 es
1704 502 1768 529 des-

940 548 1082 582 pensata:
1101 547 1219 583 quando
1241 556 1275 575 ex
1302 547 1395 583 signis
1414 555 1447 574 ac
1472 547 1548 575 notis
1572 547 1637 582 ejus
1661 546 1714 575 abs
1739 548 1769 574 te

940 592 1129 626 enumeratis,
1143 593 1274 620 nondum
1291 592 1389 628 ipsum
1407 592 1436 619 in
1453 592 1538 620 nobis
1553 591 1766 628 conspicimus,

940 644 1061 671 quonam
1088 637 1210 671 respexit
1238 644 1321 672 nepos
1349 636 1438 664 tuus?
1468 641 1496 664 et
1523 644 1677 672 queremus
1704 645 1769 664 eum

941 684 1038 708 tecum.
1052 680 1105 708 Ubi
1121 680 1245 708 dilectus
1260 683 1331 708 tuus
1347 681 1396 716 qui
1418 682 1463 708 est
1485 680 1652 716 invisibilis,
1676 680 1768 716 aspici

940 725 1055 752 voluit?
1070 724 1171 752 Indica
1186 725 1282 759 nobis,
1300 727 1332 752 ut
1352 727 1380 752 te
1405 725 1480 752 duce
1505 725 1540 752 ad
1566 724 1769 760 praestantiora

942 769 1163 804 contendentes,
1179 778 1246 797 eum
1262 772 1325 797 tum
1342 769 1455 805 agendo
1466 771 1529 797 tum
1542 769 1768 805 eontemplando

941 814 1174 850 pervestigemus
1190 816 1218 842 et
1233 822 1440 850 assequamur.
1455 814 1507 841 His
1521 822 1631 850 sponsa
1646 822 1766 850 respon-

55 860 88 887 τὰ
115 859 268 898 κρείττονα,
297 857 498 898 ψηλαφήσομεν
529 860 607 887 αὐτὸν
628 861 696 887 κατᾶ
720 860 814 897 πρᾶξιν
838 870 849 886 κ

986 860 1121 895 ;:Nepos,
1152 859 1301 895 inquiens,
1329 867 1407 887 meus
1436 859 1574 887 descendit
1601 859 1632 886 in
1660 861 1768 887 hortum

59 904 187 942 θεωρίαν.
207 904 238 932 Ἦ
255 902 284 931 δὲ
313 903 516 942 ἀποκρινομένη
545 905 613 942 πρὸς
641 904 723 935 αὐτὰς
741 914 747 921 ·
763 903 889 943 Ἀδελφι-

57 947 104 980 δός
135 959 191 986 μου
214 945 314 984 κατέϐη
346 948 384 980 είς
409 952 497 984 κῆπον
527 948 609 976 αὐτοῦ
639 948 677 980 είς
711 948 811 987 φιάλας
840 950 888 976 τοῦ

56 993 215 1031 ὀρώματος.
245 994 335 1029 ’Πτοι,
375 993 389 1020 ὁ
426 993 541 1031 ἀόρατος
570 993 637 1021 κατὰ
677 994 707 1020 τὸ
742 992 809 1030 ὕψος
837 996 887 1028 τῆς

57 1039 156 1066 ἑαυτοῦ
191 1038 293 1073 οὐσίας,
327 1038 465 1075 ἀγαπητός
507 1048 570 1074 μου,
598 1036 698 1074 κατέϐη
727 1038 786 1065 κατ’
815 1037 887 1076 ἐνέρα

57 1093 134 1120 γειαν
150 1083 189 1114 ὡς
205 1083 243 1114 εἷς
261 1086 353 1117 κῆπον
378 1082 459 1110 αὖνοῦ
473 1083 523 1118 τὴν
536 1085 595 1113 τοῖς
624 1082 706 1113 θείοις
732 1082 814 1109 αὐτοῦ
845 1083 887 1109 θε-

58 1126 167 1164 λήμασι
183 1126 386 1166 πεφυτευμένην
404 1126 501 1161 κτίσιν,
531 1127 576 1154 καὶ
606 1127 642 1158 ὡς
669 1128 707 1157 εἰς
728 1125 825 1165 φιάλας
840 1128 888 1154 τοῦ

57 1172 209 1208 ἀρώματος
237 1171 284 1204 τὰς
307 1171 376 1199 κατὰ
402 1172 452 1206 τήν
490 1171 528 1202 εἷς
559 1171 622 1199 Θεὸν
651 1171 740 1198 πίστιν
768 1169 889 1202 δετικὰς

58 1217 153 1254 ψυχὰς
176 1220 226 1251 τῆς
249 1214 450 1252 εὐωδιαζούσης
474 1215 555 1248 αὐτᾶς
580 1218 629 1243 τοῦ
644 1216 776 1254 παναγίου
805 1215 888 1243 Πνεύ-

60 1271 148 1298 ματος
178 1262 304 1299 χάριτος,
341 1260 404 1296 ἥτις
446 1261 600 1298 ἀναμορφοῖ
633 1261 743 1292 ταύταις
770 1261 838 1288 κατά
859 1271 889 1288 τε

58 1306 178 1344 θεωρίαν
207 1306 252 1334 καὶ
282 1305 377 1343 πρᾶξιν
414 1305 445 1333 τὸ
479 1305 538 1333 κατ’
578 1304 668 1333 εἱκέίνα
697 1306 742 1333 καὶ
770 1306 801 1333 τὸ
829 1306 888 1338 καθ’

56 1350 204 1387 ὁμοίωσιν,
236 1350 261 1377 ἐν
291 1352 334 1382 αἷς
365 1350 402 1382 ὡς
440 1349 502 1387 ἰδίῳ
529 1350 703 1387 ἐκτυπώματι
734 1351 747 1378 ὁ
774 1351 888 1390 νυμφίος

57 1396 156 1433 ὁρᾶται
175 1404 180 1410 ·
210 1392 310 1430 κατέϐη
337 1393 375 1429 δὶ,
399 1395 436 1426 ὡς
459 1394 575 1432 εἴρηται,
602 1406 757 1432 ποιμαινειν
788 1395 813 1422 ἐν
830 1398 888 1427 τοῖς

59 1450 163 1474 κηποις
192 1439 236 1466 καὶ
266 1437 407 1477 συλλέγειν
432 1438 521 1477 κρίνα,
550 1438 635 1476 ἤγουν
666 1438 766 1466 διέπειν
789 1438 889 1467 τὰ)ο-

56 1484 123 1522 γικᾶι
147 1481 273 1522 πρόϐατα
294 1483 339 1511 καὶ
362 1483 497 1523 ἐκτρέφειν
528 1482 598 1511 καδὰ
625 1486 726 1522 γνῶσιν
756 1484 800 1512 καὶ
828 1485 888 1522 ἀρε-

58 1530 109 1564 τὴν
127 1527 155 1556 ἔν
171 1539 200 1556 τε
224 1530 257 1566 τῇ
273 1531 358 1566 νοητῇ
382 1529 427 1556 καὶ
453 1530 487 1566 τῇ
513 1529 628 1566 αἰσθητῇ
644 1529 747 1556 κτίσει·
766 1529 791 1556 ἐν
809 1529 849 1561 αἶς
862 1529 888 1557 oi.

57 1574 143 1611 λόγοι
159 1574 205 1601 καὶ
222 1573 247 1601 οἱ
275 1573 372 1611 τρόποι
394 1575 448 1601 τῶν
471 1573 572 1611 ἀρετῶν
598 1573 635 1605 ὥς
661 1584 715 1601 τισι
730 1575 825 1609 κήτοις
840 1584 889 1601 πε-

59 1617 225 1657 φυτεύμὲνοι
269 1617 320 1645 εἶσί
340 1627 346 1634 ·
368 1618 411 1646 καὶ
438 1616 592 1656 ἐκλέγεσθαι
623 1618 660 1649 ὠς
688 1618 740 1646 ἀπὸ
769 1619 890 1651 ἀκανθῶν

60 1663 156 1701 κρίνα,
168 1663 221 1690 τῶν
251 1662 476 1701 συμπνιγομένων
494 1662 598 1698 δηλαδὴ
628 1665 724 1701 ψυχῶν
746 1665 780 1701 τῇ
796 1674 891 1700 σωμα-

61 1709 128 1744 τικῇ
163 1707 290 1746 μερίμνῃ,
329 1709 377 1738 τὰς
411 1707 511 1743 ταύτην
552 1707 690 1739 παντελῶς
729 1709 892 1745 άναΘιμὲνας

63 1756 136 1789 Θεῷ.
173 1751 307 1789 ἑπομένας
335 1752 407 1788 αὐτῷ
437 1752 462 1779 ἐν
480 1752 656 1790 Εὖαγγελίοις
672 1752 798 1792 φάσκοντι
817 1764 822 1771 ·
840 1757 892 1781 Ka-

64 1796 204 1833 ταμάϐετε
229 1798 263 1824 τὰ
287 1796 364 1834 κρίνα
386 1799 434 1824 τοῦ
459 1797 553 1834 ἀγροῦ,
579 1797 620 1825 ὅτι
647 1798 679 1825 οὐ
707 1801 801 1833 κοπιᾷ,
831 1798 893 1826 οὐδὲ

64 1843 214 1878 νήθει.Ὧν
244 1841 288 1869 καὶ
319 1852 400 1880 φησιν
421 1841 542 1877 ἑκάστη·
569 1842 641 1880 Ἐγὼ
678 1845 719 1878 τῷ
755 1841 893 1882 ἀδελφιδῷ

67 1898 133 1924 μου,
151 1887 196 1914 καὶ
223 1886 237 1913 ὁ
270 1885 416 1925 ἀδελφιδός
456 1897 508 1922 μου
539 1886 612 1924 ἐμοὶ,
643 1888 657 1914 ὁ
685 1887 838 1924 ποιμαίνων
867 1888 892 1916 ἒν

63 1935 125 1962 τοῖς
155 1931 261 1962 κρίνοις
278 1940 285 1947 ·
317 1930 416 1965 ε’ίτουν,
443 1932 514 1969 Ἐγὼ
533 1933 573 1968 τῷ
586 1934 643 1968 Θεῷ
660 1934 706 1968 ζῶ,
722 1934 803 1970 νεκρὰ
818 1943 893 1970 γενο-

67 1977 137 2013 μὲνη
154 1979 194 2012 τῷ
214 1976 322 2012 κόσμῳ,
343 1976 387 2003 καὶ
416 1976 442 2002 ἐν
471 1975 532 2013 ἐμοὶ
565 1977 646 2013 μόνος
662 1977 777 2014 Χριστὸς
807 1979 850 2014 ζῇ,
881 1978 894 2005 ὁ

66 2021 200 2058 διεξάγων
228 2021 278 2055 τήν
305 2021 374 2047 κατὰ
396 2019 507 2059 γνώμην
536 2021 627 2057 τούτῷ
640 2021 775 2058 ἑπομένην
790 2022 894 2059 ψυχὴν,

66 2066 114 2094 καὶ
136 2065 272 2104 ἐκτρὲφων
301 2064 340 2096 ὦς
365 2064 391 2093 ἐν
420 2065 522 2103 κρίνοις
549 2068 608 2097 ταῖς
638 2065 814 2104 λαμπρότησι
841 2069 895 2094 τῶν

67 2111 186 2150 ἀρετῶν.

420 2154 545 2190 Ψελλοῦ,

106 2210 201 2238 Ταῦτα
218 2209 265 2245 μὲν
277 2208 321 2236 οὖν
339 2207 492 2244 λελάληκεν
508 2210 567 2239 τοῖς
582 2207 694 2247 φύλαξιν
710 2210 728 2244 ἡ
743 2208 848 2247 νιῖνμφη.

67 2255 188 2283 Ἐκεῖνοι
207 2252 230 2280 δ’
245 2250 435 2290 ἀκριϐέστερον
453 2253 529 2285 αὖθις
544 2252 700 2291 ὶπιρωτῶσι
718 2263 724 2268 ·

107 2300 168 2326 Ποῦ
213 2296 332 2333 ἀπῆλθεν
379 2298 393 2325 ὁ
432 2296 578 2337 ἀδελφιδός
631 2308 689 2332 σου,
728 2299 745 2333 ἠ
778 2297 850 2332 καλή
875 2298 900 2326 ἐν

71 2341 208 2381 γυναιξί;
237 2344 292 2370 Ποῦ
332 2341 450 2379 ἀπῆλθα,
484 2344 537 2370 ποῦ
565 2340 715 2380 ἀπέϐλεψεν
750 2343 763 2370 ὁ
790 2342 902 2383 ἀδελφι-

72 2387 119 2419 ὃός
136 2398 185 2414 σου
202 2396 209 2422 ;
225 2388 269 2415 καὶ
301 2388 455 2424 ζητήσομεν
472 2387 553 2414 αὐτὸν
572 2387 638 2425 μετὰ
653 2390 710 2416 σοῦ.

109 2433 142 2461 Ὁ
157 2432 280 2463 ποταπὸς
294 2432 327 2466 ἦν
340 2432 472 2470 πρότερον
490 2432 579 2467 οὗτος,
597 2433 796 2469 μεμαθηκότες,

73 2479 128 2505 Νῦν
147 2476 304 2512 ἰκζητοῦσιν
321 2476 367 2504 καὶ
385 2479 478 2514 μαθεῖν
491 2477 536 2504 καὶ
551 2479 603 2504 ποῦ
619 2487 684 2504 ποτε
701 2476 799 2514 μετέϐη
818 2487 824 2493 “

73 2521 192 2551 Οὐδέπω
208 2521 259 2559 γὰρ
273 2521 425 2559 ἐπέγνωσαν
438 2523 488 2557 τὴν
503 2522 636 2559 σάρκωσιν
648 2524 695 2549 τοῦ
706 2523 806 2560 Λόγου,

72 2567 121 2594 Ἦν
137 2565 278 2598 κατελθὼν
296 2566 340 2593 hri
356 2570 406 2602 τῆς
419 2568 470 2605 γῆς
486 2566 613 2605 ἀρρήτως
629 2567 780 2604 ἐσαρκώοη.

72 2613 139 2640 ’Ότι
161 2610 185 2638 δ’
201 2610 231 2638 οὗ
243 2614 324 2639 πᾶσιν
341 2607 470 2649 ἔγνωστο,
488 2610 615 2647 δέσποτα,
625 2614 684 2643 τοῖς
699 2612 838 2650 ἀγγέλοις,

75 2657 115 2686 Τὸ
130 2660 182 2691 τῆς
199 2655 431 2694 ὶνανθρωπήσεως
451 2657 601 2694 μυστήρίον
616 2658 664 2684 τοῦ
680 2656 779 2695 Λόγου,

77 2702 173 2740 Μέχρι
188 2704 239 2737 τῆς
255 2700 417 2740 ἀναλήψεως
430 2700 511 2730 αὐτοῦ
527 2702 596 2740 πρὸς
609 2702 656 2731 τὸν
673 2701 791 2740 Πατέρα,

113 2779 139 2798 ⁸³
155 2778 263 2808 Matth.
279 2787 320 2816 v1,
335 2779 380 2808 28.

941 914 1024 934 suum
1038 906 1074 933 ad
1087 906 1202 941 phialas
1219 906 1361 934 aromatis.

978 949 1106 978 Dilectus
1123 958 1206 978 meus
1231 950 1281 986 qui
1309 949 1486 977 substantize
1511 958 1571 978 suae
1595 949 1769 977 celsitudine

943 997 986 1023 est
1001 995 1168 1028 invisibilis,
1184 995 1282 1030 reipsa
1307 996 1446 1029 tanquam
1474 995 1504 1022 in
1534 994 1651 1022 hortum
1682 1003 1769 1022 suum

943 1040 1094 1068 descendit
1109 1039 1139 1067 in
1154 1041 1329 1073 creaturam,
1347 1047 1435 1074 quam
1451 1038 1558 1066 divinis
1568 1038 1770 1066 voluntatibus

943 1086 1006 1114 suis
1021 1085 1084 1121 ipse
1100 1084 1253 1120 plantavit,
1269 1086 1298 1111 et
1313 1086 1455 1119 tanquam
1471 1083 1506 1111 ad
1528 1082 1643 1119 phialas
1658 1091 1770 1110 aroma-

942 1129 991 1164 tis,
1009 1130 1044 1157 ad
1061 1130 1176 1157 animus
1192 1128 1248 1156 sibi
1265 1136 1315 1165 per
1331 1129 1418 1156 fidem
1434 1128 1463 1155 in
1476 1128 1568 1155 Deum
1583 1129 1692 1163 gratas,
1706 1135 1772 1155 sua-

942 1175 1064 1203 vissimo
1095 1174 1194 1210 gratias
1224 1173 1319 1201 sancti
1347 1173 1473 1209 Spiritus
1504 1173 1593 1200 odore
1622 1173 1768 1208 perfusas.

943 1220 1010 1251 Quze
1027 1218 1144 1253 quidem
1160 1218 1255 1254 gratia
1272 1226 1322 1254 per
1337 1216 1618 1252 contemplationem
1634 1218 1662 1244 et
1677 1216 1772 1244 actio-

944 1271 1024 1297 nem,
1046 1262 1185 1298 imaginis
1211 1264 1239 1290 et
1263 1260 1468 1289 similitudinis
1492 1261 1581 1288 decus
1606 1260 1636 1288 in
1661 1261 1702 1287 eis
1727 1259 1770 1287 sic

944 1307 1102 1341 instaurat,
1118 1308 1150 1334 ut
1165 1314 1292 1342 sponsus
1317 1306 1346 1333 in
1373 1305 1432 1333 illis
1455 1307 1596 1340 tanquam
1622 1303 1771 1340 exemplar

943 1353 973 1380 in
990 1352 1073 1388 signo
1086 1352 1202 1387 proprio
1215 1350 1408 1387 perspiciatur
1417 1358 1599 1386 expressum.
1613 1349 1771 1377 Descendit

944 1399 1052 1431 autem,
1069 1398 1101 1423 ut
1117 1396 1230 1424 dictum
1245 1398 1300 1429 est,
1316 1398 1348 1423 ut
1364 1397 1463 1431 pascat
1478 1395 1507 1422 in
1521 1394 1613 1422 hortis
1627 1395 1664 1429 [et
1687 1393 1771 1422 colli-

944 1444 994 1478 gat
1009 1441 1089 1468 lilia:
1104 1441 1159 1469 hoc
1174 1442 1228 1473 est,
1245 1441 1278 1468 ut
1300 1448 1367 1468 oves
1393 1440 1507 1467 ratione
1530 1439 1667 1475 praeditas
1691 1439 1772 1474 tegat

945 1489 974 1515 et
990 1486 1100 1514 nutriat
1116 1493 1167 1521 per
1182 1485 1335 1513 scientiam
1351 1487 1440 1520 atque
1454 1484 1605 1518 virtutem,
1620 1483 1648 1511 in
1666 1485 1773 1511 natura

945 1535 1009 1561 tum
1025 1531 1202 1567 intelligihili
1217 1533 1280 1558 tum
1297 1530 1450 1558 sensibili:
1465 1530 1493 1557 in
1510 1530 1618 1564 quibus
1628 1529 1771 1557 virtutum

947 1578 1076 1606 rationes
1092 1585 1125 1604 ac
1143 1576 1223 1604 modi
1250 1578 1390 1611 tanquam
1420 1576 1448 1603 in
1469 1575 1563 1603 hortis
1592 1575 1772 1611 quibusdam

946 1621 1053 1651 consiti
1077 1622 1163 1654 sunt;
1192 1622 1220 1648 et
1249 1620 1366 1655 colligat
1393 1619 1483 1648 veluti
1511 1619 1574 1647 lilia
1604 1620 1639 1647 de
1666 1619 1773 1656 spinis,

947 1676 1052 1703 nempe
1067 1675 1101 1694 ex
1116 1665 1272 1694 animabus
1288 1674 1352 1701 qua:
1364 1665 1511 1700 corporeis
1522 1664 1771 1692 sollicitudinibus

947 1713 1138 1746 sull'ocantur,
1164 1711 1280 1738 animus
1307 1709 1373 1738 illas
1398 1718 1462 1745 quae
1487 1709 1604 1744 rejectis
1623 1709 1771 1745 ejusmodi

948 1757 1042 1794 spinis
1053 1756 1111 1784 Deo
1127 1758 1231 1791 parent
1245 1755 1313 1791 ipsi,
1329 1754 1359 1782 in
1376 1754 1541 1790 Evangeliis
1557 1754 1685 1782 dicenti:
1700 1755 1771 1782 Con-

947 1801 1149 1830 sideratelilia
1177 1801 1252 1834 agri,
1279 1807 1334 1827 non
1363 1799 1500 1834 laborant,
1530 1807 1617 1835 neque
1645 1801 1711 1826 nent
1726 1799 1768 1826 62:

948 1847 1076 1879 Quarum
1093 1846 1181 1872 etiam
1196 1844 1312 1880 singulo
1340 1843 1428 1871 dicit:
1454 1845 1509 1878 Ego
1533 1845 1626 1879 nepoti
1648 1851 1719 1877 meo,
1746 1847 1772 1871 et

948 1899 1030 1928 nepos
1043 1899 1119 1918 meus
1134 1890 1214 1924 mihi,
1231 1890 1278 1924 qui
1291 1889 1380 1924 pascit
1394 1889 1468 1916 inter
1483 1888 1557 1916 lilia.
1582 1888 1642 1924 Ego
1665 1888 1773 1924 quippe

949 1936 1007 1964 Deo
1023 1935 1097 1968 vivo,
1113 1936 1229 1962 mortua
1246 1933 1366 1968 mundo,
1384 1936 1412 1961 et
1427 1933 1455 1961 in
1473 1942 1519 1961 me
1545 1933 1625 1961 solus
1640 1933 1774 1961 Christus

950 1978 1093 2015 vivit,qui
1110 1979 1185 2015 regit
1205 1978 1333 2006 animam
1360 1986 1424 2014 quae
1452 1978 1549 2014 ipsum
1574 1977 1718 2013 sequitur,
1748 1980 1777 2005 et

951 2025 1046 2062 pascit
1060 2025 1090 2052 in
1104 2024 1186 2058 liliis,
1203 2024 1233 2051 in
1249 2022 1458 2060 splendoribus
1473 2023 1627 2051 virtutum.

1312 2158 1409 2186 Pselli.

989 2212 1055 2240 Haec
1079 2211 1252 2240 custodibus
1275 2219 1385 2247 sponsa
1408 2220 1475 2239 cum
1501 2211 1709 2247 respondisset,
1737 2210 1779 2238 illi

957 2265 1060 2285 rursus
1076 2264 1140 2284 eam
1156 2256 1339 2291 interrogant
1354 2255 1520 2284 accuratius
1534 2264 1539 2282 :

995 2302 1051 2336 Quo
1066 2301 1135 2328 abiit
1149 2309 1233 2336 nepos
1246 2305 1320 2334 tuus,
1346 2308 1360 2328 ο
1382 2300 1502 2336 pulchra
1528 2301 1604 2327 inter
1626 2298 1781 2327 mulieres?

960 2347 1016 2382 Quo
1030 2347 1153 2382 respexit
1168 2354 1250 2380 nepos
1270 2347 1356 2373 tuus?
1371 2347 1397 2373 et
1418 2353 1574 2381 quaeremus
1597 2353 1661 2372 eum
1682 2349 1782 2372 (eoum.

995 2435 1094 2468 Qualis
1110 2436 1164 2463 iste
1179 2435 1227 2469 sit,
1240 2435 1302 2470 jam
1319 2434 1530 2462 intelleximus.
1556 2434 1639 2462 Nunc
1662 2441 1783 2462 avemus

959 2480 1031 2508 illud
1048 2480 1135 2508 etiam
1153 2479 1235 2514 scire,
1253 2488 1310 2515 quo
1327 2480 1528 2507 descenderit:
1545 2479 1677 2506 nondum
1706 2478 1785 2506 enim

960 2525 1107 2561 cognitam
1137 2525 1247 2552 habent
1284 2525 1371 2552 Verbi
1413 2524 1654 2558 incarnationem,
1696 2532 1786 2559 quam

960 2570 1102 2598 ineﬁ‘abili
1126 2570 1239 2598 ratione
1268 2570 1297 2597 in
1326 2572 1436 2597 terram
1467 2570 1649 2598 descendens
1679 2569 1786 2596 induit.

961 2615 1050 2650 Cujus
1067 2615 1187 2650 quidem
1204 2614 1418 2642 incarnationis
1435 2615 1607 2650 mysterium
1623 2623 1660 2642 ne
1677 2613 1790 2650 angelis

962 2659 1093 2696 quidem,
1111 2661 1177 2687 ante
1193 2659 1279 2687 Verbi
1295 2659 1498 2687 ascensionem
1516 2660 1551 2687 ad
1567 2660 1683 2687 Patrem
1700 2658 1791 2686 fuisse

962 2704 1157 2742 exploratum,
1173 2713 1207 2733 ex
1218 2712 1335 2733 summo
1346 2704 1556 2741 prophetarum
1572 2705 1677 2733 Davide
1687 2711 1791 2740 cogno-
