1951 3051
167 109 226 138 655

831 105 1045 137 MICHAELIS
1069 106 1204 137 PSELLI

1819 102 1885 134 656

166 182 239 202 sces.
255 174 327 202 Cum
339 173 417 202 enim
432 173 600 208 angelorum
622 173 737 201 Christo
754 172 988 200 ministrantium

1061 175 1182 199 Ακουσον
1202 182 1227 199 τι
1244 182 1309 210 φησι
1327 168 1410 198 Δαεὶδ
1425 172 1479 198 τῶν
1495 172 1649 210 προφητῶν
1666 170 1796 208 ἄκρότης.

166 218 295 252 ordines,
318 219 436 254 quando
460 221 632 254 assumptus
652 220 706 253 est,
731 216 815 245 valde
844 217 994 253 supplica-

167 265 234 291 rent
257 271 290 291 ac
303 263 455 290 dicerent:
483 263 580 302 Tollite
598 267 703 299 portas,
719 263 868 298 principes,
889 263 995 290 vestras

167 310 192 336 et
218 308 344 336 introibit
366 307 502 336 Christus
525 310 583 335 Rea;
602 308 701 342 gloria:
711 307 752 334 “1
779 307 821 334 illi
845 306 996 342 dispensa-

170 353 272 386 tionis,
307 353 416 389 inquit,
449 361 589 380 arcanum
624 361 682 380 non
715 351 925 387 intelligentes,
963 352 995 378 ut

169 397 340 425 hasitantes
362 398 597 433 responderunt:
634 397 699 430 Qui:
722 401 764 424 est
784 398 833 423 iste
856 396 912 423 Rea:
935 395 995 430 glo-

168 442 222 470 ria:
231 443 275 470 “il
289 445 330 469 Ac
346 450 462 477 sponsas
477 442 596 478 quidem
618 441 756 469 custodes
780 440 821 468 ita
845 440 993 467 dixerunt.

167 485 221 514 Illa
236 494 304 514 vero
320 487 478 522 respondet
494 485 605 521 angelis
621 484 713 522 ipsis:

200 622 298 656 Nepos,
313 619 463 655 inquiens,
479 627 554 647 meus
567 618 708 647 descendit
724 618 756 646 in
781 618 892 646 hortum
915 626 996 645 suum

166 665 202 693 ad
212 665 321 701 phialas
333 665 478 699 aromatis,
499 666 529 692 ut
542 666 637 700 pascat
659 665 689 691 in
714 664 810 698 hortis,
836 665 860 691 et
881 663 996 698 colligat

169 711 244 738 lilia.

204 758 329 788 Arcana,
358 753 466 789 inquit,
497 753 546 781 ille
577 753 690 781 ratione
719 751 880 785 descendit,
920 751 997 780 sicut

166 799 262 827 imber
276 807 366 835 super
380 799 490 833 lanam,
507 798 582 825 sicut
597 806 645 825 ros
661 797 690 824 in
705 796 811 831 vellus,
833 797 863 824 in
877 798 994 824 uterum

1047 218 1104 243 Τῶν
1122 215 1353 254 λειτουργούντῶν
1369 215 1431 243 τότε
1440 216 1491 254 γὰρ
1501 215 1646 253 ταγμάτων
1662 217 1702 250 τῷ
1718 217 1844 252 Σωτῆρι,

1050 261 1121 299 Πρὸς
1137 261 1185 295 τήν
1201 260 1336 298 ἀνάληψιν
1351 260 1433 288 αὐτοῦ
1451 259 1548 298 μεγάλ’
1564 260 1739 287 Ιἱκείτευοντων
1754 269 1761 276 ·

1049 308 1149 343 ’Ἄρατε
1163 305 1261 341 πύλας,
1278 305 1369 342 ἄρατε,
1384 305 1536 343 ταγμάτων
1550 303 1714 342 ἀρχηγέται,

1049 351 1093 381 Ὠς
1110 350 1289 378 εἰσελεύσεται
1304 351 1418 388 Χριστὸς
1432 350 1445 377 ὁ
1462 349 1594 380 Βασιλεὺς
1606 350 1658 382 τῆς
1672 347 1764 385 δόξης.

1050 395 1086 422 Αἱ
1104 395 1141 431 μή
1157 395 1346 432 γινώσκοντες,
1362 394 1439 434 φησὶ,
1453 396 1487 422 τᾶ
1501 397 1550 430 τῆς
1569 393 1740 430 οἷκονομίας,

1050 440 1284 478 Ἀντικεκράγασιν
1302 439 1394 471 αὐτοῖς
1410 438 1500 476 ὥσπερ
1517 439 1717 476 ὲπαποροῦντες
1731 448 1737 455 ·

1049 484 1095 516 Τίς
1110 483 1181 512 ἐστιν
1197 483 1278 516 οὗτος
1292 483 1426 523 λέγοντες,
1444 485 1458 511 ὁ
1478 483 1607 515 Βασιλεὺς
1623 487 1672 518 τῆς
1686 482 1766 526 δόξης
1785 493 1792 518 ;

1050 527 1130 557 Ἀλλ’
1146 527 1217 556 οὕτω
1235 529 1282 566 μὶν
1304 529 1444 567 εἰρήκασιν
1459 529 1485 556 οἱ
1500 528 1621 567 φύλακες
1635 528 1787 567 τῇνύμφῃ,

1050 575 1082 602 Ἡ
1099 572 1122 601 δ’
1136 574 1268 612 ἀπεκρίθη
1285 574 1354 612 πρὸς
1366 573 1462 605 αὐτοὺς
1479 572 1598 611 λέγουσα
1612 573 1675 604 τοὺς
1691 572 1841 611 ἀγγέλους·

1084 617 1247 657 Ἀδελφιδός
1293 629 1344 655 μου
1387 615 1487 653 κατέϐη
1532 617 1572 650 εἲς
1601 621 1689 653 πῆσον
1730 618 1818 645 αὐτοῦ
1841 617 1881 648 εἷς

1050 663 1150 702 φιάλας
1178 665 1226 690 τοῦ
1254 663 1413 700 ἀρώματος,
1441 664 1489 690 τοῦ
1521 662 1680 699 ποιμαίνειν
1708 661 1734 689 ἐν
1765 663 1881 698 κήποις,

1050 708 1095 735 καὶ
1111 707 1254 746 συλλέγειν
1265 708 1352 744 κρίνα.

1086 754 1205 784 Ἐκεῖνος
1220 752 1402 788 κατελήλυθε,
1418 753 1510 792 φησὶν,
1529 751 1752 790 ἆρῥητοτρόπως,

1050 798 1094 829 Ὠς
1111 797 1154 825 ἐπὶ
1170 798 1254 825 πόκον
1273 797 1358 832 ὑετὸς,
1374 797 1411 828 ὠς
1423 797 1466 824 ἐπὶ
1483 795 1572 834 χλόην
1589 795 1695 834 δρόσος,

167 851 247 878 purae
263 845 350 878 atque
364 841 561 871 immaculata
575 841 708 878 virginis,
726 844 758 869 ut
770 841 800 868 in
830 843 993 868 aromatum

1060 845 1093 869 Ev
1105 844 1139 878 τῇ
1155 842 1251 879 γαστρὶ
1263 843 1312 876 τῆς
1327 844 1445 879 καθαρᾶς
1460 842 1504 869 καὶ
1520 840 1694 878 παναμώμου
1709 839 1808 878 κόρης,

166 888 335 916 divinorum
352 886 482 923 phialam
508 887 660 914 mundam.
684 886 768 913 Unde
790 886 854 913 sine
878 884 990 913 semine

164 931 364 968 progrediens,
381 939 414 958 eo
433 930 554 966 quidem
572 930 658 957 modo
675 937 732 965 quo
748 929 788 956 illi
805 929 860 957 soli
876 931 920 957 est
943 937 990 957 co-

163 975 274 1013 gnitus,
291 975 321 1003 in
333 975 447 1003 animos
477 975 631 1002 hominum
662 983 751 1010 puras
776 973 903 1002 inﬂuxit.
932 973 991 1001 Has

161 1020 240 1048 enim
255 1022 298 1055 tu,
317 1028 377 1055 rex,
393 1019 509 1056 phialas
526 1021 692 1047 aromatum
708 1018 841 1054 intelligo
853 1027 860 1053 ;
874 1018 991 1046 hortum

163 1068 262 1093 autem
279 1072 405 1101 agnosce
426 1064 504 1092 hunc
520 1064 665 1091 mundum
682 1063 712 1090 in
729 1071 815 1099 quem
841 1062 992 1090 descendit

163 1109 310 1143 Christus,
336 1111 369 1136 ut
397 1109 499 1137 ﬁdeles
527 1107 639 1136 sanctis
675 1109 808 1144 pasceret
844 1107 990 1143 eloquiis:

165 1153 264 1182 divina
279 1153 358 1182 enim
374 1153 490 1188 eloquia
508 1154 652 1181 vocantur
669 1152 742 1180 lilia.

201 1245 262 1277 Ego
277 1243 375 1278 nepoti
388 1250 457 1277 meo,
473 1243 499 1269 et
512 1250 595 1278 nepos
608 1249 686 1269 meus
700 1241 780 1270 mihi.

203 1286 323 1319 Verum,
340 1294 398 1322 quo
419 1285 548 1322 planius,
577 1286 674 1322 inquit
702 1294 752 1314 vos
782 1286 914 1321 doceam,
943 1285 993 1314 ille

169 1331 241 1359 mihi
260 1339 382 1367 prorsus
396 1334 438 1358 est
454 1330 571 1358 similis.
597 1331 638 1358 Ad
664 1329 889 1358 similitudinem
914 1330 992 1357 enim

171 1384 254 1404 suam
267 1383 314 1403 me
330 1375 411 1411 prius
426 1375 489 1410 ipse
502 1374 646 1402 formavit.
665 1375 732 1402 Post
752 1377 850 1402 autem
866 1375 994 1410 graviter

170 1420 304 1448 collisam
334 1419 492 1453 renovavit,
518 1420 644 1447 formam
681 1427 777 1446 meam
814 1426 847 1446 ex
882 1419 994 1454 virgine

168 1465 345 1502 suscipiens.
370 1465 416 1492 Sic
445 1464 536 1501 igitur
566 1463 684 1500 angelos
713 1472 822 1499 sponsa
849 1466 894 1492 est
922 1463 994 1492 allo-

170 1513 248 1539 cute.

466 1563 560 1590 Trium
575 1563 698 1590 Patrum.

208 1607 357 1636 Virtutum
372 1607 462 1635 decus
477 1607 507 1634 in
523 1607 570 1634 his
586 1605 825 1641 adolescentulis,
840 1605 870 1634 id
887 1608 941 1642 est,
968 1606 997 1634 in

173 1651 330 1680 animabus
345 1659 473 1687 sponsus
482 1651 545 1688 ipse
556 1651 747 1679 considerans
757 1650 847 1679 veluti
858 1659 998 1687 sponsam

175 1696 336 1733 alloquitur
351 1697 386 1724 ad
404 1696 482 1724 hunc
498 1696 617 1723 modum
631 1703 637 1723 :
654 1695 773 1723 Pulchra
788 1703 827 1729 es,
844 1697 999 1732 propinqua

177 1750 247 1775 mea,
277 1743 351 1769 sicut
379 1741 448 1769 bona
473 1741 614 1768 volunlas.
640 1740 720 1768 Bona
754 1749 795 1774 es,
834 1740 999 1776 propinqua

178 1794 254 1819 mea,
270 1793 304 1813 ex
318 1785 422 1812 divinae
445 1785 596 1821 sapientiae
625 1787 652 1812 et
675 1784 816 1813 bonitatis
842 1785 1000 1821 participa-

176 1830 265 1865 tione,
284 1832 384 1866 utpote
403 1839 467 1867 quas
496 1829 640 1858 voluntati
671 1838 741 1857 meae
769 1838 821 1865 per
849 1838 938 1866 quam
967 1838 1002 1858 ex

175 1875 268 1903 nihilo
285 1875 361 1903 facta
377 1884 419 1910 es,
437 1875 558 1903 minime
573 1883 730 1911 repugnes,
746 1875 795 1902 sed
822 1883 856 1902 ex
880 1882 914 1903 ea
939 1877 1001 1902 tota

175 1921 314 1957 pendeas,
345 1921 415 1948 dum
444 1920 583 1956 imaginis
612 1923 641 1948 et
669 1920 874 1948 similitudinis
912 1921 1000 1949 decus

175 1974 340 1994 conservas.
372 1965 568 1997 Quamobrem
599 1966 695 1993 decora
732 1966 819 1993 etiam
859 1973 900 2001 es,
932 1967 1002 1994 sicut

174 2010 340 2038 Jerusalem.
356 2012 496 2038 Formosa
512 2009 666 2044 nimirum,
682 2010 751 2037 dum
778 2011 877 2037 notam
904 2018 1000 2039 meam

176 2055 266 2089 atque
281 2053 413 2081 habitum
433 2055 468 2082 ab
488 2054 569 2081 omni
593 2054 814 2089 perturbatione
840 2055 1001 2083 remotissi-

176 2106 258 2126 mum
276 2098 419 2133 defendis,
436 2098 464 2125 in
481 2101 508 2125 te
524 2098 589 2134 ipsa
603 2106 648 2125 me
659 2106 760 2134 pacem
772 2098 866 2126 Patris
877 2102 1002 2127 contem-

176 2142 265 2180 plaris
282 2143 331 2178 qui
347 2145 376 2170 te
402 2142 443 2169 illi
478 2142 639 2170 éonciliavi.
665 2142 735 2170 Nam
765 2142 942 2179 Jerusalem,
971 2146 1004 2171 ut

175 2188 343 2223 docuimus,
359 2187 440 2223 pacis
466 2189 510 2215 est
534 2187 618 2214 visio.
645 2188 828 2223 Quapropter
856 2196 887 2215 es
910 2189 999 2216 etiam

1050 887 1098 914 Καὶ
1113 886 1150 916 εἰς
1164 885 1264 925 φιάλην
1282 886 1399 924 καθαρὰν
1415 888 1468 913 τῶν
1486 885 1565 917 θείων
1583 885 1748 923 ἀρωμάτων,

1045 931 1089 966 Ἐξ
1104 932 1136 965 ἧς
1151 930 1277 969 ἀσπόρως
1293 929 1434 967 προελθὼν
1452 930 1536 966 μόνος
1552 929 1632 960 αὑτὸς
1643 930 1680 961 ὠς
1698 928 1781 964 οἶδεν,

1046 976 1092 1006 Εἰς
1108 976 1154 1006 τὰς
1170 975 1259 1012 ψυχὰς
1274 977 1327 1002 τῶν
1348 977 1472 1013 καθαρῶν
1487 974 1635 1011 ἀνθρώπων
1659 974 1806 1013 μετερῥῦη.

1045 1019 1147 1051 Ταύτας
1162 1019 1211 1056 γὰρ
1228 1018 1293 1054 ἴσθι,
1310 1017 1436 1055 δέσποτα,
1454 1017 1552 1058 φιάλας
1568 1019 1733 1057 ἀρωμάτων,

1046 1067 1147 1103 ’Ὠσπερ
1161 1064 1206 1091 καί
1220 1067 1308 1099 κῆπον
1333 1063 1448 1102 γίνωσκε
1470 1065 1565 1091 τοῦτον
1586 1063 1632 1091 τὸν
1652 1063 1766 1100 κόσμον,
1785 1063 1852 1099 ἅναξ
1869 1074 1876 1082 ·

1047 1111 1089 1139 Ἑν
1106 1109 1128 1146 ᾧ
1142 1108 1276 1144 κατῆλθεν
1294 1109 1307 1136 ὸ
1322 1109 1449 1146 Χριστὸς,
1464 1109 1508 1136 καὶ
1523 1107 1588 1140 τοὺς
1600 1109 1819 1140 πεπισκιυκότας

1048 1153 1208 1191 Ἐποίμανεν
1225 1152 1262 1185 ὠς
1278 1152 1389 1188 ἀληθῶς
1405 1155 1463 1184 τοῖς
1479 1150 1639 1189 σεϐασμίοις
1656 1151 1758 1190 λόγοις.

1047 1198 1131 1237 Κρίνα
1145 1199 1197 1236 γὰρ
1211 1199 1295 1225 ταῦτα
1311 1197 1418 1234 λέγεται
1433 1197 1466 1224 τὰ
1482 1197 1565 1234 Λόγια
1579 1197 1613 1224 τὰ
1624 1199 1692 1229 θεῖα.

1083 1243 1153 1281 Ἐγὼ
1167 1245 1208 1279 τῷ
1219 1240 1356 1281 ἀδελφιδῷ
1375 1252 1437 1278 μου,
1454 1241 1498 1269 καὶ
1512 1240 1656 1280 ἅδελιριδός
1675 1252 1726 1278 μου
1744 1241 1821 1279 ἐμοί.

1047 1286 1126 1316 Ἀλλ’
1137 1286 1181 1314 ’ίνα
1194 1298 1231 1323 τι,
1248 1286 1340 1326 φησὶν,
1360 1286 1430 1323 ὑμᾶς
1446 1286 1607 1325 σαφέστερον
1623 1285 1732 1323 διδάξω,

1048 1334 1166 1362 Ἐκεῖνος
1181 1330 1277 1368 ὅμοιος
1291 1329 1354 1367 ἐμοὶ
1368 1331 1497 1369 τυγχάνει
1512 1331 1581 1358 κατὰ
1595 1330 1679 1358 πάντα
1697 1341 1703 1346 ·

1047 1375 1168 1404 Ἑπλασε
1182 1376 1232 1414 γάρ
1250 1386 1283 1412 με
1296 1374 1427 1413 πρότερον
1443 1374 1546 1402 ἆκείνου
1562 1375 1619 1403 κατ’
1631 1375 1733 1412 εἴκόνα,

1049 1420 1101 1449 Καὶ
1116 1420 1199 1448 πάλιν
1214 1419 1360 1447 ἀνεκαίνισε
1375 1418 1471 1451 δεινῶς
1489 1430 1522 1456 με
1534 1417 1731 1458 συντριϐεῖσαν,

1048 1467 1091 1496 Ὠς
1101 1465 1151 1499 τὴν
1167 1464 1237 1501 ἐμὴν
1253 1463 1408 1502 ἀνειληφὼς
1425 1464 1534 1503 μορφὴν
1550 1464 1579 1491 ἰκ
1593 1467 1642 1498 τῆς
1652 1465 1800 1502 παρθένου.

1050 1511 1140 1538 Ταῦτα
1157 1509 1204 1545 μὲν
1219 1509 1264 1536 οὖν
1281 1507 1433 1543 λεΛάληκιν
1450 1509 1467 1543 ἡ
1483 1508 1574 1548 νύμφη
1590 1511 1650 1539 τοῖς
1666 1508 1810 1546 ἀγγέλοις,

1336 1564 1396 1591 Τῶν
1411 1563 1435 1599 γ’
1450 1562 1587 1600 Ιῐατέρων.

1086 1607 1174 1639 Αὐτὸς
1197 1607 1211 1634 ὁ
1241 1607 1357 1646 νυμφίος
1383 1607 1432 1641 τὴν
1468 1605 1540 1645 ὥραν
1568 1609 1622 1634 τῶν
1652 1608 1881 1646 κατορθωμάτων

1051 1655 1110 1682 ταῖς
1124 1651 1262 1682 τοιαύταις
1287 1653 1390 1689 ψυχαῖς
1414 1651 1571 1688 ἐπικρίιων,
1596 1650 1692 1688 ἤγουν,
1717 1654 1772 1679 τῶν
1787 1652 1883 1680 νεανί-

1054 1695 1118 1733 δων,
1130 1695 1212 1723 οἱονεί
1235 1706 1301 1733 φησι
1327 1695 1394 1733 πρὸς
1423 1695 1506 1731 αὐτήν
1523 1704 1530 1710 ·
1554 1694 1631 1730 Καλή
1658 1697 1693 1729 εἴ,
1758 1696 1883 1732 πλησίον

1055 1751 1118 1778 μου,
1135 1740 1172 1772 ὠς
1189 1739 1305 1768 εὐδοκία⁴
1323 1739 1468 1776 Δηλονότι,
1490 1741 1592 1778 ’Δγαθή
1610 1739 1752 1778 ὑπάρχεις,
1765 1742 1782 1776 ἡ
1801 1741 1885 1779 ἐγγύς

1056 1796 1119 1822 μου,
1135 1785 1202 1813 κατὰ
1212 1786 1262 1820 τὴν
1287 1789 1336 1820 τῆς
1360 1785 1431 1816 θείας
1454 1783 1549 1824 σοφίας
1567 1784 1612 1812 καὶ
1629 1784 1799 1823 ἀγαθότητος
1816 1796 1884 1822 μετ-

1055 1831 1126 1868 οχήν
1144 1841 1150 1847 ·
1168 1830 1204 1861 ὠς
1219 1832 1258 1866 νῷ
1278 1829 1413 1867 θελήματι
1439 1840 1492 1866 μου
1509 1840 1515 1846 ·
1531 1830 1590 1856 καθ’
1619 1829 1633 1856 ὃ
1662 1829 1692 1857 ἐκ
1715 1831 1764 1857 τοῦ
1782 1831 1823 1867 μὴ
1841 1828 1891 1859 ὅν-

1054 1886 1100 1906 τος
1123 1876 1282 1913 παρήχθης,
1312 1876 1349 1911 μή
1380 1874 1451 1902 κατὰ
1479 1885 1506 1902 τι
1535 1874 1803 1911 ἀντικειμένη,ἀλλ’
1831 1874 1888 1912 ὅλη

1055 1919 1152 1947 τούτου
1169 1919 1286 1956 ἐξηρητη
1293 1918 1371 1956 μάνη,
1390 1918 1435 1946 καὶ
1463 1918 1488 1946 ἐν
1513 1921 1551 1954 τῷ
1566 1921 1660 1957 τηρεῖν
1674 1919 1705 1946 τὸ
1720 1921 1781 1947 κατ’
1796 1919 1893 1947 εἰκόνα

1054 1975 1084 1992 τε
1098 1965 1141 1992 καὶ
1166 1964 1197 1991 τὸ
1219 1964 1278 1996 καθ’
1311 1962 1443 2000 ὂμοίωσιν
1462 1973 1468 1980 ·
1499 1963 1618 1996 ἐντεῦθεν
1650 1962 1678 1991 δὲ
1706 1964 1763 1998 καὶ,
1793 1965 1893 2002 Ὢραία

1056 2009 1093 2040 ὡς
1121 2007 1311 2046 Ἰερουσαλήμ.
1338 2007 1461 2043 Δηλαδὴ,
1488 2007 1577 2042 Καλὴ,
1598 2007 1635 2039 ὠς
1658 2007 1684 2035 ὲν
1716 2007 1798 2045 ἑαυτῇ
1830 2010 1892 2036 σώ-

1057 2055 1137 2088 ζουσα
1165 2053 1210 2080 τὸν
1241 2052 1305 2090 ἐμὸν
1333 2056 1504 2090 χαρακτῆρα,
1544 2051 1589 2079 καὶ
1619 2053 1668 2087 τὴν
1696 2052 1891 2088 ἀπαθεστάτην

1055 2097 1108 2134 ἕξιν
1125 2095 1281 2132 ἇλώὸητον,
1310 2096 1359 2134 ἐμὲ
1387 2098 1436 2132 τήν
1458 2097 1569 2134 εἰρήνην
1594 2099 1643 2124 τοῦ
1661 2097 1765 2134 Ηατρὸς
1780 2097 1889 2135 ὁρῶσα,

1057 2142 1086 2173 ὅς
1115 2153 1143 2169 σε
1170 2141 1260 2178 τούτῳ
1285 2141 1456 2177 κατήλλαξα.
1480 2143 1590 2178 Ὅρασις
1614 2141 1665 2179 γὰρ
1695 2141 1820 2179 εἰρήνης,
1849 2141 1891 2173 ὡς

1057 2188 1217 2224 προείρητο,
1248 2186 1429 2224 Ἰερουσαλὴμ
1462 2185 1649 2224 ἑρμηνεύεται.
1683 2186 1761 2214 Ὅθεν
1789 2185 1814 2213 si.
1841 2186 1891 2213 καὶ

175 2237 280 2266 terror,
298 2234 330 2260 ut
354 2232 430 2260 acies
455 2232 599 2260 ordinata.
624 2231 696 2259 Tota
723 2231 859 2260 videlicet
885 2235 995 2268 stupor,

1058 2229 1174 2268 θάμϐος,
1191 2231 1228 2263 ὠς
1242 2230 1406 2268 τεταγμέναι
1419 2240 1425 2246 ·
1452 2229 1526 2266 ἤτοι,
1543 2229 1698 2266 ’Έκπληεις
1720 2229 1772 2264 δλη
1790 2230 1836 2257 ἐπὶ
1851 2233 1889 2268 τῇ

176 2277 247 2304 dum
263 2277 292 2304 iu
309 2275 557 2312 contemplatione
569 2277 680 2303 natura;
697 2284 767 2303 mea:
780 2275 1004 2311 incomprehen-

176 2321 272 2349 sibilis
287 2321 483 2357 obstupescis,
500 2320 752 2356 quemadmodum
769 2323 796 2348 et
807 2321 899 2348 divini
915 2324 1003 2357 atque

176 2365 302 2402 angelici
334 2365 451 2393 ordines
478 2365 673 2392 admiratione
701 2364 822 2399 stupidi,
848 2365 1003 2393 inaccessa;

176 2409 407 2445 pulchritudinis
424 2418 494 2437 meae
507 2409 668 2437 reverentia
679 2410 707 2436 et
723 2409 878 2438 formidine
890 2413 1004 2439 contre-

178 2453 317 2482 miscunt.
334 2454 459 2482 Proinde
476 2455 567 2481 averto
582 2454 672 2481 oculos
685 2456 744 2481 tuos
759 2463 775 2481 α
801 2463 855 2490 me,
874 2456 1004 2490 quoniam

177 2499 231 2534 ipsi
244 2507 288 2526 me
302 2498 415 2526 evolare
429 2500 563 2534 fecerunt.
581 2499 610 2526 Id
628 2500 681 2533 est,
700 2507 736 2526 ne
751 2500 865 2527 coneris
890 2508 936 2527 me
952 2500 1003 2536 qui

177 2543 375 2571 substantiam
391 2551 507 2578 supero,
520 2551 554 2570 ex
564 2543 731 2571 substantia
743 2544 1001 2580 comprehendere.

177 2588 290 2620 Quanto
307 2587 385 2615 enim
403 2587 497 2623 magis
513 2587 542 2614 in
560 2596 604 2615 me
624 2588 897 2624 comprehendendo
922 2589 1002 2617 labo-

177 2632 297 2666 raveris,
313 2634 394 2659 tanto
410 2631 528 2667 longius
544 2641 560 2660 ε
576 2632 683 2660 mentis
699 2635 756 2660 tuzs
771 2633 864 2661 oculis
888 2634 1003 2662 incom-

176 2677 340 2714 prehensus
356 2675 487 2705 avolabo.
504 2676 560 2705 Sed
576 2685 627 2706 eos
642 2685 659 2705 a
674 2677 841 2706 substantia
855 2686 920 2706 mea
939 2687 1003 2715 quis

213 2777 236 2795 ⁶³
251 2776 327 2806 Psal.
344 2784 425 2812 xxm,
441 2776 468 2811 7,
485 2777 511 2812 9,
550 2777 573 2795 “
588 2776 660 2806 ibid.
676 2778 706 2814 8,
721 2778 765 2806 10.

1059 2275 1158 2313 θεωρίᾳ
1173 2275 1380 2312 ἐκπληττομὲνη
1416 2275 1483 2311 ἐμοῦ
1516 2277 1565 2302 τοῦ
1593 2275 1651 2303 κατ’
1678 2275 1769 2302 οὐσίαν
1786 2275 1892 2303 ἀκατα-

1059 2319 1166 2356 λήπτου
1184 2331 1190 2337 ·
1215 2318 1305 2357 ὥσπερ
1334 2319 1380 2347 καὶ
1408 2320 1435 2347 αἲ
1465 2319 1534 2347 θεῖαί
1563 2330 1592 2347 τε
1620 2319 1666 2347 καὶ
1687 2319 1893 2357 ἆγγελικαιτά-

1059 2364 1110 2400 ξεις
1128 2362 1251 2401 θάμϐους
1275 2364 1467 2402 πληρούμεναι
1494 2366 1532 2401 τῷ
1561 2361 1638 2403 φόϐῳ
1666 2366 1716 2391 τοῦ
1737 2364 1892 2401 ἀπροσίτου

1061 2419 1112 2445 μου
1136 2409 1256 2440 κάλλους
1283 2408 1548 2438 κατακαλύπτονται.
1572 2409 1671 2447 Διόπερ
1698 2409 1890 2446 Ἀπόστρεψον

1059 2453 1217 2493 ὀφθαλμούς
1255 2465 1303 2481 σου
1339 2453 1464 2481 ἀπέναντί
1509 2464 1573 2491 μου,
1613 2454 1676 2481 ὅταν
1717 2453 1795 2481 αὐτοὶ
1843 2454 1892 2481 ἀν-

1059 2499 1210 2536 επτέρωσάν
1227 2508 1282 2535 με·
1312 2498 1409 2537 ἤγουν,
1439 2499 1486 2534 Μὴ
1517 2499 1591 2534 ζήτει
1625 2498 1683 2526 κατ’
1700 2497 1794 2525 οὐσίαν
1810 2509 1894 2526 κατα-

1059 2540 1150 2571 λαϐεῖν
1168 2554 1202 2580 με
1225 2544 1270 2571 τὸν
1297 2544 1467 2581 ὑπερουσιον,
1484 2543 1526 2571 δτι
1553 2542 1615 2570 ὅσιν
1645 2542 1676 2570 ἂν
1703 2541 1824 2580 cna-58“;
1841 2554 1892 2571 κα-

1055 2585 1183 2616 ταλαϐεῖν
1202 2599 1244 2625 με,
1272 2589 1400 2616 τοσοῦτόν
1427 2599 1474 2616 σου
1507 2587 1570 2619 τοὺς
1598 2586 1709 2626 νοιροῦς
1725 2587 1892 2626 ἆφθαλμοὺς

1056 2635 1090 2670 τῇ
1114 2633 1288 2670 ἀκαταληψίᾳ
1322 2633 1516 2672 ὑπερίπταμαι.
1548 2630 1640 2660 Ἀλλὰ
1678 2631 1794 2670 στρέψον
1825 2633 1892 2660 τού-

1055 2688 1120 2709 τους
1135 2677 1187 2706 ἆπὸ
1213 2680 1261 2706 τοῦ
1284 2679 1343 2706 κατ’
1370 2677 1460 2707 οὐσίαν
1483 2677 1652 2716 ἀθεωρήτου,
1669 2675 1707 2708 εὶς
1723 2677 1754 2704 τὸ
1772 2682 1889 2716 θεωρη-
