1951 3051
147 79 207 109 659

834 76 862 106 Μ
867 77 1045 108 ICHAELIS
1068 77 1204 107 PSELLI

1796 77 1857 109 660

146 143 261 171 tatibus
276 144 456 178 exornatam,
473 142 562 179 cccpit
576 142 658 171 illam
677 143 723 171 his
752 142 848 172 verbis
865 142 973 171 collau-

1050 140 1108 173 λλλ’
1125 141 1138 169 ὁ
1154 140 1268 178 πληρῶν
1284 142 1315 169 τὸ
1331 140 1439 178 θέλημα
1453 140 1508 169 τῶν
1522 133 1601 169 αὑτὸν
1618 142 1798 180 ἀγαπωντων,

148 187 218 216 dare
232 195 239 216 :

188 320 297 357 Capilli
307 322 349 348 tui
359 322 434 349 sicut
455 330 551 356 greges
574 330 734 358 caprarum,
749 329 811 358 qua:
839 329 977 356 apparue-

151 367 219 394 runt
233 366 265 393 de
277 365 388 394 Galaad.
409 367 503 393 Dentes
518 367 560 393 lui
574 367 646 393 sicut
656 374 751 401 greges
761 368 902 393 tonsuram
918 372 979 400 qua?

152 411 337 438 ascenderunt
365 410 396 438 de
426 411 544 444 lavacro,
574 419 666 438 omnes
686 411 811 446 gemellis
826 410 937 445 fetibus,
954 413 980 437 et

152 454 260 483 ueritis
271 463 329 482 non
344 457 383 483 est
398 456 428 482 in
443 457 492 483 eis.
509 456 585 483 Sicut
600 456 742 491 funiculus
757 455 896 482 coccineus
907 454 981 482 labia

153 504 213 535 tua,
229 504 254 527 et
269 501 411 536 eloquium
440 505 516 527 tuum
540 500 678 528 rica-orum.
710 499 785 528 Sicut
805 504 898 528 cortex
912 499 983 527 mali

153 545 250 581 punici
258 553 334 579 genzr
348 547 416 578 tum,
427 549 530 581 praeter
544 546 688 574 silentium
699 549 777 573 tuum
787 545 819 572 ⁵⁸.

191 680 243 708 llis
263 688 403 716 sponsam
431 680 570 708 laudibus
599 681 635 708 ad
661 680 818 708 mulierum
844 688 940 708 mores
955 681 983 708 et

158 725 329 761 nuptiarum
346 733 460 753 amores
476 725 638 761 aptissimis
654 734 782 761 sponsus
797 725 909 753 extulit.
927 724 982 752 Sed

157 769 264 797 harum
281 772 311 797 tu
328 769 449 797 laudum
466 770 598 798 omnium
614 769 982 805 explanationem,stephe-

159 814 261 849 phore,
274 814 411 850 superius
424 823 441 841 a
465 814 550 842 nobis
563 815 713 850 accepisti.
729 816 823 848 Quare
833 815 896 850 jam
908 814 984 842 Can-

159 858 284 886 ticorum
297 859 385 887 ﬁnem
408 859 574 888 audiamus.

194 1038 347 1074 Sexaginta
361 1041 429 1066 sunt
444 1039 562 1074 regina,
581 1041 606 1066 et
626 1040 763 1073 octoginta
778 1039 950 1074 concubium,
962 1037 988 1068 εί

156 1083 370 1112 adolescentqu
399 1092 516 1120 quorum
544 1091 599 1112 non
627 1088 668 1112 cst
690 1093 833 1112 numerus.
866 1085 923 1113 Una
947 1089 989 1112 est

157 1129 286 1156 columba
296 1136 366 1162 mea,
382 1130 504 1164 per/ecta
518 1136 590 1162 mea,
608 1137 665 1156 una
681 1135 719 1156 est
734 1130 821 1156 matri
848 1137 920 1162 suae,
935 1130 988 1156 ele-

155 1175 200 1202 cta
214 1175 254 1200 est
263 1173 395 1208 genitri‘ci
409 1180 476 1201 sum.
493 1173 623 1201 Viderunt
652 1174 733 1201 illam
749 1174 827 1208 filiae,
858 1174 987 1202 beatis.”-

157 1225 232 1245 mam
246 1217 440 1253 praedicabunt
453 1226 525 1247 eam.
543 1219 654 1254 Reginae
674 1222 699 1246 et
714 1219 871 1246 concubina
888 1219 987 1246 lauda-

162 1262 229 1290 bunt
244 1270 314 1290 eam.

194 1306 438 1343 Sapientissimus
481 1306 529 1334 ille
567 1306 718 1341 Salomon,
760 1307 905 1336 mirabilis
939 1307 989 1336 ille

162 1352 304 1388 propheta
319 1354 458 1387 tanquam
487 1352 517 1379 in
547 1352 668 1387 speculo
693 1352 869 1387 propheticis
884 1352 989 1386 oculis,

163 1396 329 1425 animarum
357 1405 420 1432 quas
445 1396 570 1424 salutem
601 1399 801 1432 assequuntur
839 1405 937 1425 mores
961 1400 990 1426 et

162 1441 298 1476 virtutes,
311 1441 381 1474 imo,
395 1443 428 1468 ut
453 1449 519 1469 vere
543 1441 649 1476 dicam,
679 1442 798 1469 ordines
827 1443 856 1469 et
880 1442 990 1477 gradus

163 1487 285 1522 aspexit.
302 1487 374 1514 Tres
389 1486 478 1519 enim,
495 1488 528 1513 ut
556 1486 628 1513 mihi
654 1487 798 1522 persuasi,
823 1489 892 1515 sunt
908 1487 986 1515 ordi-

162 1517 214 1560 nes
228 1539 329 1559 eorum
346 1531 396 1567 qui
412 1517 574 1558 salvantur.
599 1517 663 1558 Aut‘
681 1531 758 1558 enim
778 1517 848 1559 sunt
863 1531 927 1566 ﬁlii,
939 1534 990 1560 aut
1003 1517 1025 1551 Ο

163 1576 349 1610 mercenarii,
367 1577 418 1603 aut
433 1575 585 1607 servi.Qui
598 1575 676 1603 enim
703 1584 721 1603 a
747 1576 857 1603 teneris
883 1576 990 1612 ungui-

166 1619 241 1648 culis
257 1628 292 1647 ex
306 1622 366 1648 toto
383 1621 469 1648 corde
491 1620 582 1648 Deum
602 1628 700 1648 rerum
731 1620 862 1648 omnium
889 1624 989 1649 aucto-

162 1673 225 1693 rem
241 1665 386 1701 optimum
403 1664 541 1701 diligunt,
557 1666 585 1692 et
600 1672 700 1692 amore
719 1664 826 1701 ipsius,
844 1667 990 1695 mundum

164 1711 192 1737 et
221 1718 285 1746 quae
313 1710 343 1737 in
373 1710 484 1737 mundo
504 1711 585 1744 sunt,
615 1711 848 1744 contemnentes,
875 1711 990 1739 Christo

169 1755 260 1783 Verbo
275 1757 304 1783 et
318 1763 425 1791 sponso
438 1755 670 1791 conjunguntur,
687 1755 786 1783 divina
802 1756 899 1791 gratia
914 1756 990 1784 filio-

166 1808 230 1827 rum
248 1800 379 1828 ordinem
394 1799 538 1827 obtinent.
555 1799 609 1831 Qui
639 1802 738 1827 autem
765 1800 847 1836 regni
865 1800 991 1828 cmlestis

166 1843 325 1879 cupiditate
341 1843 459 1871 adducti
477 1846 509 1870 nt
523 1852 556 1871 eo
572 1843 734 1879 potiantur,
750 1844 994 1880 Christcdiligen-

164 1890 209 1916 ter
218 1888 425 1922 inserviunt,in
435 1888 681 1916 mercenariorum
689 1888 752 1916 loco
759 1889 885 1917 eonstitu
892 1892 961 1917 untu
968 1899 989 1917 r.

166 1934 262 1969 Atqui
281 1933 407 1969 peccatis
423 1933 563 1960 omnibus
577 1933 721 1968 obruti,ut
738 1941 790 1969 ego
803 1934 912 1967 infelix,
925 1943 990 1962 cru-

164 1979 296 2006 ciatuum
324 1980 353 2005 et
380 1977 592 2013 suppliciorum
617 1977 775 2005 formidine
800 1979 991 2015 resipiscunt,

163 2025 192 2050 et
209 2022 409 2058 paenitentiam
426 2024 518 2058 agunt
533 2022 669 2057 (quorum
682 2023 712 2050 in
738 2031 860 2050 numero
877 2024 990 2052 utinam

163 2067 227 2103 ipse
241 2075 358 2103 quoque
373 2066 429 2094 sim
445 2074 497 2102 per
511 2067 637 2102 gratiam
653 2069 745 2101 tuam,
763 2075 778 2095 ο
791 2067 905 2095 Christe
921 2070 990 2096 Ver-

163 2112 235 2139 bum
249 2111 384 2139 Salvator
396 2109 417 2147 l)
428 2111 457 2138 in
474 2119 624 2139 servorum
638 2111 688 2147 qui
704 2113 803 2140 tamen
822 2111 891 2139 salvi
916 2113 992 2140 ﬁunt

163 2156 266 2184 ordine
281 2155 471 2184 collocantur.
489 2157 545 2183 Has
561 2155 670 2184 classes
686 2158 774 2191 atque
798 2156 852 2184 hos
874 2157 990 2186 ordines

1030 186 1117 218 Εὐθὺς
1134 184 1263 214 ἐπέϐαλεν
1281 186 1348 223 αὒτῇ
1364 186 1428 217 τοὺς
1443 185 1600 226 ὀφθαλμοὺς
1615 186 1678 219 τοὺς
1695 187 1796 220 θείους.

1033 230 1108 259 Ἰδὼν
1126 229 1154 258 δὲ
1167 230 1267 266 ταύτην
1283 231 1391 268 ἀρεταῖς
1406 232 1695 268 κατακεκοσμημένην,

1031 275 1148 312 ’Ἠρξατο
1160 276 1259 310 ταύτην
1276 275 1403 304 ἰπαινεῖν·
1421 276 1487 314 φησὶ
1503 277 1555 314 γὰρ
1572 276 1644 304 οὕτω
1657 275 1731 304 τάδε’

1068 320 1203 357 Τρίχωμά
1235 331 1283 348 σιιυ
1312 321 1349 353 ὡς
1372 320 1468 358 ἀγελαι
1498 323 1552 349 τῶν
1579 321 1674 360 αἰγῶν,
1699 322 1727 348 αἳ
1758 319 1863 356 ἀνέϐη-

1034 375 1080 391 σαν
1121 365 1175 392 ἀπὸ
1214 367 1262 392 τοῦ
1305 365 1422 394 Γαλαὰδ.
1450 365 1572 397 Ὀδόντες
1609 377 1668 402 σου,
1697 367 1733 398 ὡς
1761 366 1863 404 ἀγέλαι

1033 411 1086 436 τῶν
1139 409 1310 448 κικαρμένων
1329 432 1336 444 ,
1381 411 1409 438 αἳ
1465 408 1654 438 ἀναϐαίνουσαι
1706 411 1759 438 ἀπὸ
1813 413 1865 438 τοῦ

1035 452 1174 491 λουτροῦ.
1214 455 1248 481 Αἱ
1296 458 1379 482 πᾶσαι
1431 454 1645 492 διδυμεύουσαι,
1680 455 1725 482 καὶ
1783 455 1864 483 ἀκτε-

1034 500 1117 525 νοῦσα
1175 498 1223 526 οὐκ
1277 496 1347 526 ἔστιν
1402 499 1428 527 ἐν
1481 499 1590 531 αὐταῖς.
1633 500 1676 531 Ὡς
1730 499 1862 538 σπαρτίον

1035 542 1159 570 κόκκινον
1201 542 1285 581 χείλη
1321 554 1387 580 σου,
1417 546 1434 579 ἡ
1474 544 1558 572 λαλιά
1598 555 1646 572 σου
1688 545 1787 583 ὡραία.
1818 545 1864 575 Ὠς

1037 587 1152 625 λέπυρον
1183 588 1247 626 ῥοᾶς
1291 588 1381 625 μῆλόν
1420 600 1478 626 σου,
1504 589 1579 620 ἐκτὸς
1617 591 1665 624 τῆς
1699 590 1866 625 σιωπήσεώς

1037 643 1095 662 σου.

1073 676 1164 708 Οὕτως
1182 678 1228 714 μὲν
1244 676 1290 705 οὖν
1306 677 1418 715 ἐπῄνεσε
1432 680 1481 714 τήν
1497 679 1606 718 νύμφην
1623 680 1636 707 ὁ
1652 678 1782 717 νυμφίος,

1037 724 1214 757 Γυναικικῶς,
1231 722 1369 760 ἐρωτικῶς
1384 725 1429 751 καὶ
1443 723 1737 762 νυμφοπρεπεστάτως.

1039 766 1076 794 Σὺ
1107 766 1131 794 δ’
1160 766 1234 794 ἀλλὰ
1262 767 1375 800 τούτους
1405 767 1560 806 ξύμπαντας
1586 772 1636 803 τῆς
1665 767 1774 808 νύμφης
1800 767 1867 799 τοὺς

1677 813 1831 850 [ὲπαίνους,

1039 857 1083 888 Ὡς
1098 856 1267 894 ἓρμηνιύθης
1280 855 1391 894 ἄνωθεν,
1406 857 1530 895 γίνωσκε,
1547 857 1708 897 στεφηφόρε.

1039 901 1144 938 Ταύτην
1159 903 1208 937 τήν
1227 902 1303 940 ῥῆσιν
1319 902 1370 940 γὰρ
1386 903 1468 939 ἡμεῖς
1483 901 1583 930 ἄνωθεν
1599 903 1754 940 εὑρηκότες,

1040 947 1176 979 Ἐντεῦθεν
1193 946 1416 984 ἡρμηνιύσαμιν,
1432 947 1470 978 ὡς
1486 945 1597 974 δυνατὸν
1612 948 1646 981 ἦν
1661 946 1745 978 ὅλως.

1041 991 1116 1020 Ἀλλ’
1133 992 1312 1028 ἀκουσώμεθα
1328 991 1425 1020 λοιπὸν
1448 993 1496 1019 τοῦ
1517 991 1612 1023 τὲλοτς
1638 991 1691 1019 τῶν
1708 991 1872 1028 ’ᾼσμάτων.

1077 1036 1223 1072 Ἐξήκοντά.
1278 1036 1329 1064 εἶσι
1387 1036 1543 1074 βασίλισσαι
1593 1036 1638 1064 καὶ
1698 1035 1876 1074 ὀγδοήκοντα

1081 1081 1117 1110 λλ
1172 1083 1179 1093 \
1273 1083 1280 1091 \
1347 1082 1353 1092 I
1388 1081 1399 1090 δ
1475 1081 1488 1092 τ
1561 1081 1569 1092 9
1633 1079 1644 1092 Ν
1746 1083 1752 1091 7

1042 1093 1078 1110 πα
1120 1093 1207 1116 ακαι,
1236 1093 1281 1110 και
1310 1092 1428 1114 νεανιοες
1470 1093 1506 1110 ων
1541 1093 1591 1110 ουκ
1632 1092 1701 1110 εστιν
1740 1083 1875 1120 αριθμός.

1042 1128 1100 1156 Μία
1135 1127 1190 1155 ἐστὶ
1231 1127 1375 1166 περιστερά
1418 1138 1481 1164 μου,
1505 1127 1597 1155 τελεία
1627 1137 1702 1164 μου·
1736 1128 1786 1164 μία
1817 1127 1878 1154 ἐστὶ

1041 1174 1076 1208 τῇ
1108 1172 1190 1209 μητρὶ
1221 1172 1315 1207 αὐτῆς,
1342 1171 1456 1208 ἐκλικτή
1481 1171 1537 1200 ἐστι
1565 1174 1599 1210 τῇ
1628 1171 1743 1210 τεκούσῃ
1772 1173 1876 1207 αὐτήν.

1043 1216 1158 1245 Εῗδοσαν
1186 1219 1269 1244 πᾶσαι
1301 1217 1453 1254 θυγατὲρες,
1482 1216 1526 1244 καὶ
1558 1219 1736 1253 μαωριοῦσιν
1768 1216 1874 1252 αὐτήν·

1045 1261 1201 1299 βασίλισσαι
1216 1261 1260 1289 καὶ
1274 1260 1414 1289 παλλακαὶ
1429 1261 1578 1289 αἲνὲσουσιν
1594 1260 1689 1297 αὐτήν.

1067 1307 1107 1335 ίΌ
1123 1306 1259 1343 Σολομὼν
1275 1307 1288 1333 ὁ
1304 1306 1451 1345 πάνσοφος,
1473 1306 1487 1334 ὁ
1502 1307 1656 1342 θαυμαστὸς
1672 1307 1835 1345 προφήτης,

1043 1353 1229 1389 Προφητικοῖς
1245 1350 1270 1378 ἐν
1289 1349 1409 1388 ὄμμασιν
1427 1349 1505 1386 εἶδεν,
1521 1351 1557 1382 ὡς
1573 1350 1600 1378 ἐν
1612 1350 1770 1388 κατόπτρῳ,

1043 1395 1114 1427 Τοὺς
1130 1395 1247 1433 τρόπους
1261 1396 1306 1423 καὶ
1321 1396 1368 1426 τὰς
1382 1395 1477 1431 ἀρετὰς
1492 1397 1588 1433 ψυχῶν
1608 1398 1662 1423 τῶν
1679 1395 1874 1432 σεσωσμένων,

1043 1439 1157 1468 Μᾶλλον
1176 1439 1197 1467 δ’
1214 1441 1298 1467 εἰπεῖν
1314 1440 1350 1471 ὡς
1366 1439 1475 1475 ἀληθῶς
1485 1439 1532 1471 τὰς
1543 1439 1630 1475 τάξεις
1640 1439 1685 1468 καὶ
1700 1440 1747 1471 τας
1766 1440 1874 1477 βάσεις.

1045 1486 1126 1523 Τρεῖς
1151 1486 1203 1523 γάρ
1233 1484 1311 1519 εἰσιν,
1341 1484 1378 1516 ὡς
1407 1485 1567 1521 πέπεισμαι,
1587 1485 1673 1520 τάξιις
1703 1487 1756 1511 τῶν
1787 1495 1878 1513 σεσω-

1686 1529 1816 1565 [σμένων

1046 1573 1154 1609 Υἱότης,
1174 1573 1356 1611 μισθαρνότης
1369 1584 1408 1610 τε,
1422 1574 1467 1601 καὶ
1485 1574 1542 1611 μετ’
1558 1573 1642 1608 αὐτὴν
1659 1572 1808 1609 δουλότης.

1045 1620 1078 1649 Οἱ
1096 1619 1142 1656 μὲν
1158 1619 1209 1657 γὰρ
1224 1619 1408 1657 ἀγαπήσαντες
1423 1618 1449 1654 ἐξ
1468 1619 1536 1654 ὅλης
1550 1622 1600 1654 τῆς
1613 1618 1725 1657 καρδίας

1044 1667 1097 1694 Τὸν
1113 1665 1254 1704 εὐεργέτην
1268 1667 1317 1693 τοῦ
1331 1665 1432 1696 παντὸς
1448 1665 1474 1700 ἐξ
1490 1664 1603 1693 ἁπαλῶν
1619 1665 1738 1703 ὀνύχων,

1044 1711 1093 1738 Καὶ
1108 1714 1158 1745 τῆς
1172 1710 1280 1748 ἀγάπης
1293 1709 1370 1738 ἕνεκα
1388 1709 1487 1739 τούτου
1501 1710 1547 1738 καὶ
1561 1714 1611 1746 τῆς
1627 1709 1731 1747 φιλίας,

1045 1756 1097 1784 Τὸν
1112 1755 1214 1792 κόσμον
1231 1754 1425 1793 βδελυξάμενοι
1442 1755 1486 1783 καὶ
1501 1755 1533 1783 τὰ
1548 1755 1610 1792 περὶ
1624 1755 1671 1782 τὸν
1686 1755 1804 1791 κόσμον,

1046 1798 1303 1836 ΙΙροσκολληθὲντες
1319 1798 1359 1835 τῷ
1373 1801 1480 1836 Χριστῷ
1494 1801 1534 1835 τῷ
1550 1799 1630 1836 Λόγῳ
1644 1799 1690 1826 καὶ
1710 1799 1838 1838 νυμφίῳ,

1045 1843 1091 1874 Εἷς
1108 1844 1181 1880 τάξιν
1197 1841 1312 1883 ἔφθασαν
1329 1844 1394 1870 υἱῶν
1410 1845 1443 1880 τῇ
1460 1844 1552 1882 χάριτι
1567 1846 1601 1881 τῇ
1619 1844 1685 1879 θείᾳ.

1045 1888 1078 1916 O't
1095 1887 1122 1915 δὲ
1136 1887 1299 1926 γλιχόμενοι
1315 1890 1410 1925 τυχεῖν
1424 1889 1473 1924 τῆς
1488 1889 1544 1915 ἄνω
1561 1887 1713 1926 βασιλείας,

1045 1933 1094 1960 Καὶ
1109 1933 1209 1968 ταύτης
1224 1933 1304 1971 χάριν
1320 1931 1448 1960 ἔσπευσαν
1466 1935 1576 1970 Χριστῷ
1595 1930 1818 1967 δεδουλευκότες,

1593 1036 1638 1064 καὶ

1046 1977 1092 2008 Εἰς
1109 1978 1181 2014 τάξιν
1197 1976 1310 2016 ἔφθασαν
1327 1977 1403 2005 αὐτοὶ
1418 1977 1463 2004 καὶ
1479 1977 1562 2005 τόπον
1577 1980 1632 2005 τῶν
1651 1978 1779 2014 μισθίων.

1045 2023 1077 2051 ()i
1095 2021 1123 2050 δὲ
1137 2033 1166 2060 γε
1181 2021 1447 2059 πλημμελήσαντες,
1460 2021 1550 2059 ὥσπερ
1568 2022 1620 2060 ἐγὼ
1636 2023 1650 2049 ὁ
1665 2021 1751 2055 τάλας

1046 2067 1095 2102 Καὶ
1111 2070 1197 2095 πᾶσαν
1213 2066 1397 2098 ἐκτελέσαντες
1413 2066 1513 2095 ἄτοπον
1528 2066 1673 2105 ἁμαρτίαν,

1046 2113 1094 2139 Καὶ
1111 2110 1273 2151 φοϐηθέντες
1289 2112 1338 2143 τὰς
1352 2111 1451 2149 πικρὰς
1470 2112 1603 2149 βασάνους
1617 2111 1662 2139 καὶ
1678 2111 1820 2147 κολάσεις,

1046 2157 1098 2185 Καὶ
1114 2158 1210 2184 τούτου
1226 2157 1306 2195 χάριν
1324 2155 1470 2196 φθάσαντες
1487 2156 1525 2188 εἰς
1539 2156 1622 2184 τόπον
1642 2156 1784 2193 μετανοίας

163 2201 301 2230 Salomon
317 2200 367 2228 ille
382 2200 607 2236 prospiciens,et
618 2200 716 2228 divino
732 2200 850 2228 afﬂatus
865 2201 984 2238 Spiritu,

1050 2203 1100 2238 ξὩς
1129 2201 1182 2234 εἷ’οε
1212 2201 1324 2232 τούτους
1365 2201 1497 2238 φθάσαιμι
1537 2200 1653 2238 κᾶγωγε,
1678 2201 1780 2238 Χριστὲ
1823 2213 1877 2238 μου

163 2248 245 2274 tanto
261 2248 328 2274 ante
340 2253 463 2274 cernens
487 2245 575 2273 Verbi
601 2245 701 2281 sponsi
718 2245 879 2281 purissimi
895 2246 990 2274 incar-

164 2292 322 2324 nationem,
340 2293 368 2318 et
384 2299 446 2326 quae
463 2291 560 2326 ipsum
578 2290 642 2318 sine
668 2290 780 2318 semine
797 2291 908 2326 genuit,
925 2300 990 2319 san-

166 2335 328 2364 ctissimam
344 2336 392 2363 Dei
410 2335 585 2363 Genitricem
612 2335 734 2362 Mariam
756 2335 836 2363 illam
851 2335 992 2365 immacu-

165 2381 355 2415 latissimam,
368 2389 455 2416 quam
472 2380 611 2407 omnibus
625 2387 728 2407 omnes
749 2380 881 2408 omnium
896 2380 990 2409 homi-

163 2433 234 2452 num
247 2425 449 2461 generationes
469 2425 590 2452 vocibus
614 2432 766 2460 numquem
793 2426 989 2460 cessantibus,

160 2469 365 2498 beatissimam
384 2469 553 2504 praedicant,
572 2469 641 2504 quia
657 2469 748 2496 totius
764 2470 867 2497 mundi
880 2471 992 2506 peperit

162 2514 354 2548 Salvatorem,
386 2514 440 2541 hoc
471 2513 500 2540 in
543 2513 644 2550 sponsi
675 2523 800 2550 persona
839 2516 989 2544 Canticum

158 2558 277 2587 cecinit.
310 2559 353 2586 Tu
384 2566 462 2593 vero,
503 2558 641 2594 princeps
682 2559 890 2595 stephephore,
922 2568 988 2588 cum

160 2603 312 2639 sexaginta
324 2603 440 2638 reginas
457 2603 603 2636 audis,eos
619 2603 751 2640 intellige
767 2603 816 2639 qui
828 2612 988 2640 sexagena-

162 2648 239 2676 rium
265 2647 320 2676 sibi
345 2647 487 2675 traditum
514 2656 670 2676 numerum
691 2648 864 2676 talentorum
892 2649 988 2677 decies

163 2692 248 2721 bonis
264 2692 401 2728 operibus
418 2692 658 2728 multiplicantes,
675 2693 772 2721 divina
788 2693 884 2729 gratia
911 2693 986 2722 ﬁlio-

199 2755 221 2774 ⁸⁸
237 2755 320 2783 Cant.
338 2763 376 2789 ιν,
392 2755 418 2782 3.

1729 2245 1839 2284 Win).

1047 2291 1092 2323 Εἷς
1107 2290 1179 2326 τάξιν
1192 2290 1356 2326 ἐληλύθασιν
1373 2289 1491 2324 δούλων,
1507 2289 1581 2325 πλὴν
1598 2290 1791 2327 σεσωσμένων.

1046 2335 1152 2366 Ταύτας
1167 2336 1213 2366 τὰς
1227 2335 1316 2370 τάξεις
1330 2333 1447 2362 κατιδὼν
1464 2335 1478 2362 ό
1495 2333 1631 2371 Σολομὼν
1649 2334 1775 2368 ἐκεῖνος,-

1046 2379 1219 2417 Ηροκατιδὼν
1236 2379 1264 2407 δὲ
1281 2379 1400 2416 μάλιστα
1413 2381 1453 2416 τῷ
1470 2379 1607 2416 Πνεύματι
1620 2381 1660 2415 τῷ
1677 2378 1742 2416 θείῳ

1046 2425 1096 2454 Καὶ
1111 2425 1160 2459 τήν
1177 2427 1225 2452 τοῦ
1241 2425 1332 2461 Λόγου
1345 2423 1478 2459 σάρκώσιν
1493 2423 1542 2451 τοῖ’)
1558 2424 1676 2461 καθαροῦ
1692 2423 1829 2463 νυμφίου,

1045 2470 1097 2498 Καὶ
1112 2471 1161 2504 τὴν
1177 2471 1341 2508 γεννήσασαν
1359 2469 1437 2496 αὐτὸν
1455 2469 1580 2506 ἀσπόρως
1600 2468 1745 2502 Θεοτόκον,

1043 2516 1097 2549 Τήν
1115 2512 1199 2545 ὅντως
1215 2515 1432 2550 παναμώμητον,
1452 2514 1502 2548 τὴν
1516 2513 1634 2550 καθαρὰν
1650 2513 1767 2550 Μαρίαν,

1043 2561 1155 2588 ’Ἡντινα
1174 2559 1351 2596 μακαρίζουσι
1368 2561 1473 2597 φωναῖς
1493 2557 1710 2589 ἀκαταπαύστοις

1044 2605 1076 2631 Αἱ
1091 2603 1179 2641 γενεαὶ
1194 2605 1247 2630 τῶν
1261 2605 1360 2640 γενεῶν
1378 2603 1500 2630 ἁπάντων
1515 2604 1567 2629 τῶν
1584 2602 1747 2639 ἀνθρώπων,

1042 2651 1101 2676 ’Ότι
1119 2652 1235 2685 Σωτῆρα
1249 2647 1342 2676 τὲτοκι
1355 2651 1406 2684 τῆς
1423 2647 1491 2683 ὅλης
1508 2647 1670 2684 οἰκουμένης
1681 2657 1687 2664 α

1042 2693 1149 2729 Ταύτην
1166 2692 1252 2729 ἐξιῖπε
1265 2693 1315 2728 τὴν
1330 2691 1404 2729 ᾠδὴν
1420 2692 1562 2730 προσώπῳ
1575 2694 1624 2720 τοῦ
1638 2690 1770 2731 νυμφίου.
