1951 3051
50 99 111 129 661

51 162 92 190 Σὺ
110 161 141 190 δὲ
157 172 207 200 μοι
220 163 269 196 τὰς
283 164 415 200 ἐξήκοντα
432 165 590 204 βασιλίσσας
605 166 723 203 ἀκούων,

52 207 193 239 Ἐκείνους
208 209 274 236 εἶναι
290 209 416 247 γίνωσκε,
434 209 550 238 δέσποτα
565 210 729 250 στεφηφόρε,

52 252 126 284 Τοὺς
145 251 411 285 δεκαπλασιάσαντας
427 254 453 282 έν
467 254 657 292 ἀγαθοεργίαις

51 297 109 331 Τὴν
125 296 274 334 δεδομένην
290 299 359 336 πρὸς
374 298 471 330 αὐτοὺς
487 298 567 335 ἑξάδα
581 302 633 327 τῶν
650 300 803 336 ταλάντων,

52 342 104 369 Καὶ
121 342 205 370 τόπον
223 343 373 381 φθάσαντας
389 344 454 371 υἱῶν
466 346 500 381 τῇ
513 343 608 382 χάριτι
622 347 656 381 τῇ
673 345 741 381 θείᾳ.

50 386 108 414 Καὶ
125 386 271 418 παλλακὰς
287 387 324 418 ὡς
339 387 449 423 ἀληθῶς
463 387 582 420 ἐκείνους
598 390 662 416 εἶναι
678 390 746 426 νόει,

49 431 123 462 Τοὺς
139 431 405 463 ὀκτοπλασιάσαντας
421 432 446 460 ἐν
463 433 559 464 κόποις
575 433 711 471 σωτηρίας

50 476 93 504 Τὸ
111 474 258 513 δεδομένον
270 476 401 504 τάλαντον
414 477 506 509 αὐτοῖς
522 478 551 505 ἐκ
565 477 613 505 τοῦ
630 478 778 515 Δεσπότου,

51 520 109 548 Καὶ
125 520 270 558 γεγονότας
289 521 442 557 μισθωτοὺς
457 524 505 549 τοῦ
522 522 612 560 Λόγου
628 523 671 550 καὶ
682 523 811 562 νυμφίου.

47 565 180 593 Ἀκούων
193 564 222 593 δὲ
232 565 354 598 νεάνιδας
369 565 477 598 πολλὰς
493 567 706 604 ἀναριθμήτους,

50 610 176 637 Γίνωσκε
190 609 289 641 ταύτας
305 610 417 646 ἀληθῶς
434 611 562 650 ἁμαρτω)
570 611 617 643 οὺς
633 612 802 650 ἀνθρώπους,

51 655 164 686 Οἳτινες
179 655 210 682 τὸ
228 655 274 692 μὶν
290 655 422 683 τάλαντον
440 653 569 688 λαϐόντες
583 659 631 684 τοῦ
647 657 794 694 Δεσπότου,

51 698 103 732 Εἷς
118 702 170 737 γῆν
187 699 252 727 αὐτὸ
267 699 425 738 κατέχωσαν
443 700 467 737 ἒξ
485 700 567 738 ἄκρας
579 701 721 739 ῥᾳθυμίας·

52 744 109 772 Καὶ
127 742 222 772 δοῦλοι
241 744 287 781 μὶν
304 744 456 783 γεγόνασιν,
471 744 536 774 ἀλλ’
551 745 628 782 ὅμως
643 746 819 783 σεσωσμένοι.

52 790 118 818 Τῶν
133 789 310 826 σεσωσμένων
328 789 373 817 οὖν
387 790 525 818 τοσούτων
540 790 712 830 πεφηνότων,

53 833 199 862 Ἀπάντων
217 834 387 872 ὑπερέχουσα
402 837 455 862 τῶν
472 834 516 862 ὖ,πί
530 839 582 873 γῆς
594 835 757 874 ἀνθρώπων,

54 879 102 910 Ὠς
119 878 235 913 ἐκλεκτή
252 880 396 917 περιστερὰ
409 879 537 918 τυγχάνει
556 879 604 917 μία
620 880 701 917 μόνη,

52 923 88 951 Ἦ
103 924 151 952 τὸν
167 924 281 961 Χριστὸν
298 925 451 962 γεννήσασα
466 925 698 963 Παρθινομήτωρ,

52 968 89 998 Ἠ
104 966 249 1007 Χερουϐὶμ
263 970 306 997 καὶ
324 969 450 1008 Σεραφὶμ
464 967 550 1001 ὅντως
563 970 749 1008 καθαρωτέρα.

392 1049 550 1088 Ἑπίλογος.

90 1113 186 1150 Ἔχεις
200 1113 232 1140 τὸ
245 1113 289 1140 σὸν
307 1112 442 1151 ἐπίταγμα
458 1112 690 1151 πεπληρωμένον,
707 1110 779 1148 ἅναξ.

51 1155 125 1186 Ἰδοὺ
142 1157 194 1195 γὰρ
208 1157 288 1189 τέλος
303 1156 399 1194 ε’ίληφε
414 1157 445 1184 τὸ
461 1159 514 1184 τῶν
530 1157 656 1194 ᾀσμάτων
669 1158 772 1194 ᾊσμα,

52 1201 133 1230 Ἀλλ’
149 1201 262 1240 ἐρωτᾷς,
279 1201 302 1228 ὦ
318 1201 454 1239 κράτιστε,
472 1201 516 1229 καὶ
542 1201 626 1229 πλέον
644 1201 788 1241 φιλολόγε,

53 1248 106 1275 Καὶ
122 1247 149 1274 τί
164 1247 196 1274 τὸ
213 1246 394 1284 συναγόμενον
409 1247 434 1274 ἐν
451 1247 555 1284 καθαρᾷ
568 1247 708 1285 τυγχάνει,

56 1292 106 1319 Ἐκ
127 1291 228 1326 ταύτης
243 1294 294 1326 τῆς
309 1295 484 1332 προφητικῆς
499 1290 709 1330 ᾁσματογραφου
726 1289 836 1329 βίϐλου.

52 1337 143 1363 Ἀπαν
159 1337 190 1363 τὸ
207 1336 386 1374 συναγόμενον
401 1339 482 1364 τοῦτο
494 1337 622 1375 τυγχάνει
641 1336 733 1373 μόνον,

53 1381 117 1409 ιὉτι
133 1381 183 1416 τὴν
198 1381 276 1419 φύσιν
291 1383 345 1409 τῶν
362 1382 466 1419 βροτῶν
481 1382 531 1416 τήν
548 1381 711 1409 ἐκπεσοῦσαν
728 1381 814 1409 πάλαι

55 1426 87 1454 Ὁ
104 1425 191 1463 Λόγος
206 1425 368 1461 ἀνεζήτησιν
386 1427 400 1453 ὁ
414 1425 515 1462 ταύτην
531 1425 769 1464 πλαστουργήσας.

56 1470 152 1507 Εὑρὼν
170 1469 199 1497 δὲ
212 1470 324 1506 ταύτην,
339 1471 382 1498 καὶ
401 1468 491 1498 Λαϐὼν
510 1470 552 1498 ἐπ’
567 1470 652 1507 ὤμων
668 1471 681 1498 ὁ
698 1471 847 1506 Δεσπότης,

57 1515 105 1546 Εἲς
121 1515 253 1552 οὐρανοὺς
264 1515 390 1554 ἀνήγαγε,
406 1515 450 1543 καὶ
466 1518 506 1552 τῷ
520 1516 605 1553 Πατρὶ
626 1515 758 1554 παρέσχε,

57 1559 106 1586 Καὶ
121 1561 175 1586 τῶν
192 1559 315 1597 ἀγγέλων
331 1557 414 1595 ἔδειξε
428 1559 528 1595 ταύτην
544 1559 726 1597 ὑψηλοτέραν.

55 1605 142 1641 ⁴¹υπερ
157 1604 292 1642 προγνοὺς
306 1603 441 1640 Σολομὼν
458 1604 590 1641 πνεύματι
606 1604 786 1644 προφητείας,

59 1647 197 1679 Ποικίλως
214 1648 396 1686 συνεγράψατο
411 1649 455 1676 καὶ
470 1648 655 1680 πολυπλόκως
670 1648 742 1677 τάδε.

64 1694 150 1729 Ημεῖς
167 1691 196 1720 δξ
210 1693 241 1720 τὸ
257 1692 393 1731 ἐπίταγμα
407 1693 439 1720 τὸ
455 1694 511 1729 σὸν,
529 1694 551 1720 ὦ
567 1694 720 1734 στεφηφόρε

61 1735 277 1775 Ἀποπληρῶσαι
295 1736 428 1772 θέλοντες,
445 1738 483 1768 ὡς
500 1736 595 1764 δοῦλοι
611 1738 659 1765 τοῦ
675 1740 723 1765 σοῦ
738 1739 864 1775 κράτους,

63 1780 223 1812 Πολιτικοῖς
241 1781 394 1820 έφράσαμεν
411 1782 447 1813 ὡς
465 1781 574 1810 δυνατὸν
592 1781 617 1809 ἐν
635 1783 740 1820 στίχοις

62 1827 119 1860 Τὴν
137 1828 190 1853 τῶν
206 1826 349 1863 ’ᾼσμάτων
368 1825 492 1862 δύναμιν,
509 1826 634 1865 ἐξήγησιν
651 1827 696 1854 καὶ
712 1829 823 1864 γνῶσιν.

61 1869 97 1898 Εἴ
113 1869 136 1898 δ’
148 1869 217 1902 ’ἴσως
234 1870 448 1908 παρεσφάλημεν
464 1871 509 1899 καί
522 1882 548 1899 τι
565 1873 614 1905 τῆς
630 1871 769 1907 ἀληθείας,

61 1914 99 1942 Οὐ
116 1914 199 1951 ξένον,
215 1914 278 1943 οὔτε
293 1916 458 1952 Θαυμαστὸν,
474 1915 538 1944 οὐδὲ
553 1917 642 1944 καινὸν
659 1918 798 1954 τυγχάνει.

61 1960 166 1998 Ἐχρῆν
186 1961 233 1997 μὶν
249 1960 298 1998 γὰρ
317 1959 382 1997 μηδ’
397 1962 521 1989 ὁπωσοῦν
537 1961 711 2000 ἐπιχειρῆσαι
727 1962 835 1998 τούνου,

61 2005 120 2039 Τὴν
139 2001 236 2042 βίϐλον
251 2006 300 2040 τὴν
317 2007 502 2042 πνευματικὴν
520 2005 592 2038 ὅλως
608 2006 817 2045 ἐφερμηνεῦσαι·

60 2050 147 2076 Τοῦτο
160 2049 210 2087 γὰρ
226 2052 285 2081 τοῖς
303 2053 497 2087 πνευματικοῖς
514 2050 586 2082 εἰκός
602 2051 657 2078 ἐστι
672 2051 716 2078 καὶ
731 2052 835 2088 μόνοις,

59 2094 97 2121 Τὸ
112 2094 145 2121 τὰ
165 2094 214 2122 τοῦ
239 2094 399 2132 Ηνεύματος
425 2094 519 2123 λαλεῖν
546 2096 590 2124 καὶ
607 2096 714 2135 φράζειν
741 2096 785 2124 καὶ
815 2095 890 2123 διδά-

795 2142 889 2178 [σκειν.

67 2184 135 2212 Επεὶ
152 2181 181 2210 δὲ
195 2184 276 2211 τοῦτο
292 2184 389 2222 γέγονε
403 2183 448 2212 καὶ
464 2185 527 2222 παρ’
542 2185 622 2221 ἡμῶν
638 2185 667 2212 ἐκ
681 2185 800 2222 τόλμης,

68 2230 90 2255 Ο
104 2227 300 2267 παντοκράτωρ
317 2239 369 2266 μου
383 2229 498 2266 Χριστὸς
509 2229 595 2267 *ιγεως
611 2228 717 2267 γένοιτό
734 2241 794 2267 μοι.

349 2311 407 2336 Τῶν
426 2309 449 2347 γ’
468 2310 605 2347 Πατέρων.

101 2370 249 2406 Έξήκοντά
305 2370 357 2399 εἶ’σι
417 2370 573 2410 βασίλισσαι
628 2372 673 2400 καὶ
720 2371 892 2410 ὀγδοήκοντα

65 2413 205 2442 παλλακαὶ
244 2415 289 2443 καὶ
329 2415 446 2447 νεάνιδες
485 2417 521 2444 ὧν
563 2417 612 2444 οὐκ
653 2414 723 2444 ἔστιν
765 2418 889 2455 ἀριθμός·

65 2458 161 2496 ἤγουν,
191 2458 220 2486 αἲ
247 2470 277 2487 τε
307 2461 345 2497 μὴ
363 2457 441 2499 φόϐῳ
455 2463 509 2488 τῶν
526 2460 722 2498 ἠπειλημὲνων
742 2461 891 2498 κολάσεων,

67 2502 140 2531 ἀλλᾶ
155 2503 232 2540 πόθῳ
246 2506 295 2531 τοῦ
309 2504 519 2542 κληρονομῆσαι
547 2506 597 2540 τήν
622 2505 828 2544 ἐπηγγελμένην
845 2508 893 2534 τοῦ

67 2550 133 2575 Θισῦ
174 2548 312 2585 βασιλείαν
352 2549 591 2584 ἑξαπλασιάζουσαι
627 2551 712 2588 ψυχαὶ
748 2552 795 2583 τὰς
831 2550 894 2578 δέκα

67 2591 188 2628 ἐντολὰς,
205 2593 273 2621 κατὰ
287 2593 368 2632 λόγον
385 2594 580 2622 ἐπιστατοῦντα
609 2598 667 2627 ταῖς
698 2596 776 2623 πέντε
799 2596 894 2632 αἰσθή-

69 2647 149 2672 σεσιν,
182 2637 227 2665 καὶ
257 2639 314 2675 ἅμα
343 2638 454 2671 ταύταις
476 2638 636 2677 πληροῦντα
663 2641 709 2668 τὸν
725 2638 750 2677 ἓξ
767 2641 892 2678 ἀριθμόν·

69 2681 112 2709 καὶ
127 2682 154 2709 αἱ
168 2683 226 2709 κατ’
253 2682 398 2720 ἐπιθυμίαν
417 2684 464 2720 μὶν
491 2686 530 2720 τῷ
559 2687 670 2723 πονηρῷ
699 2685 894 2722 συμπλεκόμε-

67 2737 122 2761 ναι,
149 2726 219 2755 κατὰ
249 2725 332 2767 φόϐον
348 2727 376 2756 δὲ
390 2739 444 2756 των
461 2728 656 2766 ἠπειλημένων
670 2728 821 2767 κολάσεων,
835 2730 894 2758 ἀκί-

69 2781 147 2807 νητοι
171 2772 231 2800 κατ’
255 2772 390 2811 ἐνέργειαν
414 2775 481 2812 πρὸς
495 2773 529 2802 τὰ
542 2774 614 2810 πάθη
633 2776 770 2812 μένουσαι.
800 2776 830 2806 Ὀ
844 2776 894 2814 γὰρ

579 103 784 134 COMMENT.
808 104 848 135 IN
871 106 1072 136 CANTICUM
1094 107 1247 137 CANTIC.

1708 109 1769 140 662

899 172 927 205 Α
942 177 1008 197 rum
1025 169 1123 198 locum
1140 172 1209 198 sunt
1225 171 1362 200 assecuti.
1394 171 1579 200 Coucubinas
1603 175 1701 201 autem
1717 181 1768 202 eos

941 222 1005 242 esse
1020 215 1127 251 cogita,
1136 215 1186 251 qui
1201 215 1344 244 talentum
1355 217 1412 244 sibi
1423 217 1569 245 aDomiuo
1580 218 1766 253 assignatum

939 257 1091 288 laboribus
1106 259 1266 288 salutiferis
1281 261 1408 297 octogies
1426 261 1663 298 multiplicantes,
1680 262 1767 290 Verbi

941 305 970 331 et
993 304 1094 340 sponsi
1119 305 1187 332 facti
1214 308 1284 333 sunt
1313 306 1496 334 mercenarii.
1534 306 1767 334 Innumerabiles

940 356 1007 376 vero
1036 349 1269 378 adolescentulos
1298 359 1423 386 agnosce
1445 354 1612 388 peccatores
1633 351 1700 379 illos
1716 352 1767 388 qui

940 402 998 429 prae
1014 394 1106 422 nimia
1121 395 1226 423 inertia
1243 395 1384 424 talentum
1400 396 1547 424 aDomino
1563 399 1715 432 acceptum
1735 397 1765 424 in

939 440 1017 466 terra
1031 439 1206 468 defoderunt
1219 440 1263 468 illi
1287 441 1418 477 quidem,
1448 442 1498 470 sed
1522 443 1620 469 tamen
1638 441 1764 469 salutem

940 483 1223 513 obtinuerunt.lnter
1231 488 1274 513 tot
1284 486 1399 514 animas
1408 487 1540 514 omnium
1552 486 1707 514 hominum
1714 487 1762 522 qui

941 527 1102 565 salvantur,
1118 532 1151 557 ut
1165 531 1256 559 electa
1271 531 1406 559 columba
1421 533 1463 560 est
1477 540 1536 559 una
1550 531 1601 559 illa
1613 531 1686 567 sola,
1700 540 1763 568 quis

943 571 1091 601 Christum
1106 575 1306 611 genuit/Virgo
1331 578 1423 604 Mater
1452 575 1549 612 puella
1576 575 1676 610 Maria,
1700 584 1762 612 quis

940 617 1068 688 ppritate
1082 619 1212 654 profecto
1240 620 1398 648 Cherubim
1415 623 1444 649 et
1465 621 1618 657 Seraphim
1635 620 1763 649 antecel-

953 669 960 688 l
978 680 984 688 .

953 662 984 688 it.

1275 1051 1427 1078 Peroratio.

973 1115 1111 1143 Mandata
1125 1115 1190 1145 tua,
1207 1121 1267 1147 rex,
1282 1111 1580 1148 explicavimus.Ecce
1599 1112 1676 1140 enim
1693 1120 1762 1140 can-

938 1161 1064 1189 ticorum
1078 1159 1232 1187 Canticum
1246 1158 1281 1185 ad
1298 1157 1473 1185 umbilicum
1487 1157 1717 1192 pervenit.0uod
1729 1157 1763 1192 si,

939 1206 1078 1242 princeps
1101 1203 1212 1240 optime
1238 1202 1373 1237 idemque
1402 1201 1633 1237 sapientissime,
1649 1209 1763 1236 quaeras

939 1250 1083 1286 quidnam
1098 1249 1126 1276 in
1139 1255 1257 1276 summa
1273 1255 1307 1274 ex
1318 1247 1408 1281 hujus
1424 1246 1588 1282 prophetici
1603 1246 1764 1274 voluminis

939 1294 1066 1331 puritate
1081 1292 1238 1327 colligatur
1253 1301 1260 1320 :
1277 1291 1446 1320 Mortalium
1461 1293 1597 1318 naturam
1613 1291 1683 1318 olim
1695 1299 1764 1327 pro-

938 1339 1053 1375 lapsam
1081 1339 1109 1365 et
1134 1336 1342 1369 errabundam,
1371 1335 1497 1364 Verbum
1524 1343 1542 1363 α
1583 1343 1641 1371 quo
1669 1335 1765 1363 fuerat

940 1383 1069 1416 condita,
1090 1381 1275 1418 perquisivit,
1294 1381 1503 1415 inventumque
1529 1382 1617 1415 atque
1632 1380 1764 1408 humeris

939 1427 1002 1456 suis
1017 1427 1186 1463 impositam
1206 1425 1344 1453 Dominus
1359 1425 1389 1452 in
1419 1425 1524 1452 coalum
1549 1424 1681 1460 sustulit,
1709 1425 1764 1452 Pa-

939 1473 1036 1508 trique
1050 1471 1167 1506 obtulit,
1188 1473 1276 1506 atque
1305 1470 1417 1505 angelis
1433 1469 1637 1498 sublimiorem
1666 1469 1764 1498 decla-

940 1517 1023 1545 ravit.
1036 1517 1116 1549 Quod
1125 1516 1233 1552 spiritu
1247 1515 1418 1552 prophetico
1425 1514 1608 1550 prospiciens
1616 1514 1764 1548 Salomon,

942 1570 1003 1590 rem
1019 1561 1099 1589 vario
1129 1563 1157 1588 et
1181 1559 1339 1596 multiplici
1368 1559 1498 1588 carmine
1522 1561 1565 1587 est
1581 1561 1764 1595 persecutus.

940 1609 999 1636 Nos
1021 1614 1087 1634 vero
1113 1606 1198 1641 jussa
1219 1607 1281 1639 tua,
1302 1604 1507 1640 stephephore,
1536 1612 1688 1640 capessere
1715 1612 1764 1631 cu-

940 1651 1101 1687 pientes,ut
1115 1650 1237 1686 imperio
1253 1649 1378 1684 subjecti
1388 1650 1450 1683 tuo,
1462 1649 1540 1677 idem
1557 1650 1765 1684 argumentum

941 1704 993 1732 pro
1008 1695 1084 1723 virili
1111 1697 1211 1722 nostra
1242 1694 1377 1722 civilibus
1400 1693 1535 1721 versibus
1563 1693 1764 1730 exposuimus.

942 1741 1024 1773 Quod
1040 1740 1065 1767 si
1083 1739 1155 1767 forte
1171 1748 1187 1766 a
1202 1738 1333 1767 veritatis
1348 1739 1466 1766 tramite
1490 1737 1597 1765 alicubi
1613 1737 1766 1765 deﬂexeri-

944 1793 1022 1819 mus,
1040 1784 1069 1811 id
1084 1784 1192 1812 mirum
1208 1786 1258 1811 aut
1275 1791 1382 1810 novum
1397 1782 1520 1810 memini
1549 1782 1640 1809 videri
1669 1782 1765 1810 debet.

943 1830 1081 1857 Nostrum
1094 1829 1172 1857 enim
1189 1831 1250 1857 erat
1264 1828 1442 1864 provinciam
1453 1827 1529 1855 hanc
1540 1835 1597 1855 non
1613 1826 1765 1862 attingere.

943 1876 1015 1903 Cum
1038 1874 1116 1902 enim
1145 1875 1193 1901 hic
1222 1874 1297 1901 liber
1325 1873 1430 1909 spiritu
1456 1874 1536 1900 totus
1565 1872 1688 1900 refertus
1718 1870 1766 1906 sit,

943 1927 1001 1947 non
1031 1920 1118 1947 debet
1141 1918 1198 1946 nisi
1233 1918 1330 1946 abiis
1365 1917 1415 1953 qui
1451 1917 1553 1944 eodem
1581 1915 1659 1952 pleni
1698 1917 1768 1943 sunt

945 1963 1062 2000 spiritu,
1103 1963 1234 1998 tractari,
1277 1962 1396 1995 Verum,
1451 1961 1569 1997 quando
1625 1960 1655 1988 id
1703 1960 1768 1988 ausi

945 2017 1061 2041 sumus,
1077 2009 1154 2037 Deus
1173 2007 1359 2044 omnipotens
1379 2006 1515 2034 Christus
1543 2005 1616 2034 mihi
1645 2006 1694 2033 det
1720 2012 1768 2032 ve-

945 2061 1034 2082 mam.

1230 2307 1323 2334 Trium
1337 2306 1465 2333 Patrum.

982 2371 1137 2406 Sexaginta
1156 2373 1222 2398 sunt
1245 2370 1361 2405 reginae,
1390 2370 1416 2396 et
1444 2367 1583 2402 octoginta
1610 2365 1771 2395 concubinae

947 2419 971 2445 et
986 2415 1197 2445 adolescentulis
1213 2422 1333 2450 quarum
1351 2420 1407 2441 non
1436 2416 1475 2440 est
1502 2419 1643 2439 numerus.
1659 2411 1770 2438 Animis

947 2461 1070 2495 scilicet,
1087 2468 1152 2496 quis
1169 2467 1226 2486 non
1243 2457 1456 2494 suppliciorum
1470 2458 1560 2490 metu,
1577 2456 1627 2484 sed
1644 2454 1771 2492 promis-

949 2514 1014 2535 sum
1028 2505 1079 2533 Dei
1095 2512 1218 2540 regnum
1235 2502 1412 2538 assequendi
1432 2501 1588 2535 desiderio,
1619 2509 1670 2536 per
1684 2499 1773 2528 ratio-

950 2559 1016 2578 nem
1038 2550 1170 2585 quinque
1199 2547 1337 2575 sensibus
1366 2547 1573 2582 imperantem,
1604 2548 1692 2580 atque
1717 2552 1775 2572 uno.

950 2603 1016 2623 cum
1033 2594 1092 2621 illis
1108 2593 1257 2621 senarium
1275 2599 1430 2619 numerum
1447 2591 1662 2623 conﬁcientem,
1680 2589 1775 2618 sexies

951 2639 1104 2676 duplicant
1118 2638 1220 2666 decem
1236 2638 1389 2672 praecepta.
1411 2635 1523 2664 Animos
1538 2635 1607 2662 item
1628 2634 1696 2668 illae,
1713 2642 1775 2669 quae

951 2684 1111 2720 cupiditate
1126 2682 1244 2719 quidem
1261 2682 1295 2709 ad
1310 2680 1420 2709 malum
1436 2679 1591 2714 inclinant,
1608 2679 1659 2707 sed
1676 2686 1775 2715 prens-

951 2738 1017 2758 rum
1033 2727 1314 2757 comminationibus
1343 2725 1453 2754 territa;
1472 2726 1509 2753 ad
1538 2724 1608 2753 vitia
1636 2723 1775 2760 operibus

952 2774 1102 2811 implenda
1139 2774 1267 2802 immotis
1297 2773 1428 2800 manent.
1463 2773 1536 2800 Nam
1570 2767 1774 2806 octogenariae
