1949 3055
165 107 224 138 663

836 106 1049 138 MIGllAELlS
1074 107 1209 138 PSELLl

1810 104 1880 135 664

166 181 309 203 numerus
326 172 602 206 immobilitatem,si
617 180 670 209 per
680 172 814 209 seipsum
831 174 987 209 spectetur,

1085 171 1215 208 δοήκοντα
1244 171 1360 210 ἀριθμὸς
1388 170 1527 207 ἀκινησίαν
1555 171 1613 203 καθ’
1635 170 1728 198 ἑαυτὸν
1753 169 1880 207 θεωρού-

168 218 316 253 ostendit;
332 217 550 254 septuagenarii
566 220 664 245 autem
686 219 802 245 numeri
830 218 880 253 qni
896 218 991 254 impar

167 266 224 298 est,
242 265 356 291 motum
374 262 561 298 amplectitur
573 271 580 298 ;
591 264 621 290 et
635 263 740 290 animae
756 265 915 298 postremo,
927 271 991 298 quae

169 308 267 337 adhuc
282 307 311 335 in
325 308 381 334 ﬁde
397 310 467 335 sunt
482 307 571 335 rudes
583 310 611 335 et
626 307 861 341 adolescunt,sed
871 307 906 334 ad
915 315 990 334 men-

169 361 263 381 suram
278 353 372 381 elutis
383 352 564 388 plenitudinis
594 352 697 380 Christi
711 353 743 386 ⁸⁵,
760 352 889 379 nondum
903 351 989 387 justi-

170 398 216 426 tiie
232 397 370 433 operibus
389 397 536 424 mundata:
562 399 649 432 atque
669 396 822 424 illustrem
851 404 990 432 pervene~

171 443 254 469 runt:
282 443 311 468 et
326 441 396 477 quia
413 443 557 468 mortuam
575 440 670 467 adhuc
687 440 716 467 in
733 448 764 468 se
776 441 861 467 (idem
874 441 990 475 gerunt,

170 486 301 514 nondum
317 486 352 513 ad
364 494 465 513 earum
477 484 826 520 quaesalvanturordines
839 485 991 512 ascribun<

170 533 228 558 tur.
247 531 285 558 Ex
300 529 438 557 omnibus
453 532 549 557 autem
566 529 720 557 ordinibus
733 538 806 565 quos
818 537 994 557 commemo-

172 575 312 608 ravimus,
333 583 390 602 una
421 576 466 602 est
488 574 623 602 columba
651 574 780 611 perfecta
807 574 891 602 matri
922 582 992 608 suae,

172 620 265 648 electa
279 619 415 655 genitrici
431 627 501 646 suae.
518 620 588 652 Quae
602 619 743 647 nimirum
764 621 920 655 postquam
937 618 993 646 Deo

172 664 306 699 credidit,
314 666 342 692 et
355 672 509 700 pcenarum
530 663 687 691 formidine
699 665 822 700 purgata
833 666 888 697 est,
899 665 928 691 et
943 671 993 698 spe

171 708 401 746 promissionum
409 708 719 743 illustrats,charitatis
726 708 877 736 affectione
884 708 992 735 bonum

173 753 242 782 colit
259 764 265 787 ς
282 755 310 781 et
321 752 402 781 nulla
426 752 483 780 alia
507 753 542 781 de
558 761 659 787 causa,
677 753 727 780 sed
753 753 849 788 ipsum
875 755 995 788 propter

174 806 217 833 se,
234 800 266 826 ut
281 800 387 826 natura
401 798 510 825 bonum
527 797 751 833 complectitur:
767 797 828 825 haec
843 797 920 825 enim
937 805 995 824 una

176 843 306 879 profecto
322 844 375 877 est,
398 844 497 878 utpote
521 850 573 877 per
601 842 783 870 divinitatem
809 842 859 869 uni
887 844 915 870 et
941 841 994 869 soli

176 890 233 916 Deo
249 887 415 922 conjuncta,
427 888 455 914 et
469 887 546 922 apud
562 886 660 923 ipsum
676 886 838 915 immobilis
849 894 970 915 manens
987 895 995 921 ;

175 931 312 961 columba
326 933 437 964 autem,
455 933 485 958 ut
500 931 641 967 spiritalis
657 934 745 967 atque
773 932 910 967 perfecta,
927 939 994 958 cum

173 976 309 1005 omnium
325 975 470 1004 eﬂ'ectrice
485 975 630 1011 sapientia
643 984 695 1012 per
710 976 841 1012 amplum
852 976 994 1003 virtutum

173 1021 285 1049 cultum
302 1021 459 1056 conjuncta
475 1029 482 1054 ;
499 1022 586 1055 atque
601 1021 631 1048 in
648 1020 713 1057 ipsa
727 1029 780 1057 per
808 1021 994 1057 singularum

171 1066 315 1094 virtutum
332 1065 444 1092 fructus
461 1065 728 1101 progrediensQua
743 1065 862 1098 quidem
876 1065 994 1101 sapien-

169 1110 211 1138 tia
226 1110 261 1137 ab
277 1109 392 1137 ancillis
407 1111 435 1136 et
452 1109 640 1137 mercenariis
655 1109 836 1143 eximitur,et
852 1110 882 1137 in
904 1109 994 1137 ﬁliam

171 1155 309 1190 adoptata
339 1157 426 1190 atque
455 1154 546 1182 electa
583 1154 766 1182 divinitatem
793 1163 844 1191 per
871 1155 994 1190 gratiam

171 1198 357 1236 adipiscitur.
385 1198 514 1227 Viderunt
543 1199 621 1226 illam
651 1200 729 1234 ﬁlim,
758 1202 783 1228 et
809 1199 994 1227 beatissimam

169 1244 362 1281 praedicabunt
375 1251 435 1271 eam
450 1253 460 1277 ;
476 1245 577 1280 regina
598 1247 624 1271 et
647 1244 811 1272 concubina:
839 1244 995 1272 laudabunt

172 1297 243 1317 eam.
262 1288 352 1316 Recta
367 1290 395 1316 et
421 1288 560 1324 praaclara
575 1288 656 1316 illius
671 1289 748 1317 facta
763 1289 863 1317 ﬁdeles
879 1291 994 1316 tantum

172 1333 237 1368 ejus
253 1331 405 1368 discipula:
416 1341 489 1368 quas
508 1333 538 1360 in
554 1333 668 1361 lavacro
691 1333 918 1370 regenerationis
931 1333 996 1369 ipsa

173 1377 284 1414 genuit,
298 1378 420 1413 expertae
437 1379 519 1413 sunt,
533 1379 562 1405 et
577 1377 638 1405 solo
656 1378 741 1406 verbo
758 1378 885 1405 divinam
903 1378 994 1414 ipsam

172 1422 396 1459 praedicabunt;
410 1430 473 1458 quis
487 1422 716 1458 autemjustitiae
732 1422 874 1458 operibus
885 1422 995 1450 illumi-

172 1469 247 1495 nate
263 1475 386 1502 regnum
404 1467 452 1494 Dei
478 1469 712 1503 consequuntur,
741 1475 863 1503 quzeque
881 1467 995 1503 suppli-

172 1512 285 1540 ciorum
303 1511 407 1539 timore
423 1520 439 1538 ιι
456 1512 543 1540 variis
573 1512 700 1547 peccatis
724 1511 883 1545 abstinent,
898 1511 993 1548 ipsum

172 1556 262 1583 etiam
277 1555 416 1591 operibus
435 1554 656 1583 collaudabunt.

462 1619 556 1645 Trium
571 1619 697 1646 Patrum.

203 1671 446 1706 Quandoquidem
471 1671 562 1706 gloria
603 1672 753 1708 magistre
794 1675 839 1700 est
863 1672 994 1708 discipu-

168 1715 264 1744 larum
280 1715 457 1744 illuminatio
482 1719 510 1744 et
527 1717 672 1752 purgatio,
702 1717 738 1745 de
758 1725 817 1753 qua
845 1717 932 1745 etiam
949 1718 994 1745 di-

171 1762 258 1788 cunt:

208 1805 274 1838 Quae
288 1809 327 1832 est
342 1806 396 1832 ista
409 1813 468 1841 quae
477 1805 655 1841 progreditur
669 1806 750 1841 quasi
762 1814 864 1834 aurora
877 1815 996 1834 consur-

169 1856 246 1884 gens,
257 1849 377 1884 pulchra
388 1852 418 1877 ut
433 1849 513 1885 luna,
529 1851 615 1878 electa
629 1852 660 1877 ut
675 1850 864 1882 sol.terribilis
879 1853 909 1878 ut
924 1852 995 1878 acies

170 1893 311 1922 ordinatae
323 1896 336 1921 .9

206 1939 278 1965 Vere
294 1938 469 1966 admiranda
483 1942 528 1966 est
543 1939 686 1975 magistra
702 1942 811 1967 nostra.
822 1940 894 1967 Nam
907 1940 994 1967 disci-

168 1982 247 2018 pulis
263 1982 326 2010 suis
337 1991 400 2018 quae
417 1992 468 2017 per
483 1984 685 2019 purgationem
702 1993 718 2011 a
733 1985 995 2019 tenebrarumope-

167 2027 250 2054 ribus
260 2029 511 2060 recesserunt,sed
521 2037 571 2064 per
581 2029 757 2064 cognitionis
769 2029 993 2057 illustrationem

168 2071 300 2098 nondum
317 2072 351 2099 ad
361 2072 486 2106 justitiaa
502 2080 591 2108 opera
602 2076 808 2108 pervenerunt,
824 2075 857 2100 ut
871 2074 994 2101 docendi

167 2115 242 2143 ratio
258 2116 392 2151 requirit,
409 2124 473 2144 sese
494 2118 708 2149 accommodat.
725 2125 758 2145 ac
787 2118 896 2153 praebet
910 2117 994 2152 quasi

167 2159 262 2187 lucem
279 2160 505 2195 matutinam,ea
519 2162 617 2190 celans
629 2163 767 2197 mysteria
783 2170 845 2195 quae
862 2162 992 2189 nondum

167 2205 267 2232 valent
291 2206 539 2241 comprehendere
555 2216 562 2240 ;
578 2209 666 2241 atque
682 2206 732 2233 illa
748 2207 868 2234 tradens
884 2207 992 2242 quibus

168 2249 364 2285 percipiendis
380 2254 450 2278 sunt
465 2251 586 2284 idoneae,
605 2252 831 2286 futurarumque
842 2260 992 2287 pinnarum

168 2294 257 2322 minis
269 2303 319 2323 eas
350 2295 384 2322 ad
402 2296 488 2323 ﬁnem
511 2297 599 2326 atque
621 2296 818 2323 obedientiam
831 2296 991 2324 adducens.

167 2338 229 2367 Illis
235 2347 302 2367 vero
311 2348 375 2375 quae
382 2348 448 2367 cum
459 2340 591 2367 veritatis
599 2341 991 2376 crediderintprmdicationi,

166 2390 183 2410 ι
207 2383 326 2412 malitia;
356 2387 455 2412 tamen
481 2384 619 2419 operibus
649 2385 836 2412 tenebrarum
860 2386 991 2413 nondum

163 2431 231 2455 sunt
246 2431 388 2464 purgatis,
406 2429 446 2456 ita
457 2436 488 2456 se
504 2429 622 2456 exhibet
636 2429 754 2462 bonam,
772 2432 804 2457 ut
816 2430 991 2465 pcnnitentiie

164 2471 323 2507 disciplina
335 2473 421 2508 quasi
430 2473 774 2508 lunaequamdsmlucem
785 2475 990 2510 suppeditans.

163 2515 338 2551 ignorantiae
349 2519 464 2544 noctem
476 2517 511 2544 ab
519 2517 561 2544 eis
569 2517 699 2553 repellat.
712 2521 822 2546 Atcum
835 2519 990 2547 animabus

164 2559 224 2587 illis
240 2568 304 2595 quas
320 2560 426 2588 virtute
442 2561 571 2596 praeditas
601 2564 742 2597 tanquam
765 2563 795 2590 in
821 2563 867 2591 die
887 2563 990 2591 decore

163 2603 327 2636 ambulant,
343 2612 375 2631 se
397 2605 518 2632 electam
543 2606 618 2641 gerit
642 2608 751 2642 (qualis
780 2610 825 2636 est
852 2607 907 2638 sol.
939 2607 989 2643 qui

161 2650 225 2675 tum
239 2648 437 2684 amplitudine
453 2652 515 2678 tum
542 2650 698 2686 splendore
727 2652 838 2680 caeteris
863 2652 925 2680 σιεΙὶ
943 2651 988 2679 lu-

161 2692 294 2721 minibus
307 2693 474 2729 antecellit),
490 2697 519 2723 et
534 2703 608 2724 veras
622 2697 798 2732 cognitionis
813 2697 909 2725 lucem
918 2697 988 2725 sub-

196 2769 335 2805 "Eplws.
353 2779 390 2807 ιν,
408 2771 451 2799 13.

1047 228 1127 254 μενος
1143 216 1236 252 δηλοῖ,
1261 216 1433 255 περιγράφων
1458 218 1507 243 τοῦ
1531 213 1720 252 ἐϐδομήκοντα
1753 216 1880 253 ἀριθμοῦ

1046 264 1173 300 περιττοῦ
1190 259 1268 292 ἔντος
1283 262 1332 295 τήν
1358 261 1472 296 κίνησιν·
1499 261 1543 288 καὶ
1567 260 1595 287 αἱ
1615 260 1684 288 κατὰ
1706 260 1755 294 τήν
1782 260 1880 287 πίστιν

1046 305 1241 341 ἔτινεάζουσαι
1258 306 1303 334 καὶ
1329 306 1366 342 μὴ
1387 305 1426 337 είς
1458 306 1554 343 μέτρον
1582 304 1693 340 ἡλικίας
1721 307 1770 332 τοῦ
1797 304 1881 338 πλη-

1047 351 1174 389 ρώματος
1212 353 1260 378 τοῦ
1294 352 1414 388 Χριστοῦ
1455 349 1498 377 διὰ
1531 349 1718 386 καθαρότητός
1756 360 1786 377 τε
1829 349 1878 376 καὶ

1047 398 1190 433 φωτισμοῦ
1220 395 1307 433 ἔργων
1337 394 1511 430 δικαιοσύνης
1537 394 1681 433 φθάσασαι,
1711 393 1817 422 καὶδιᾶ
1846 393 1882 421 τὸ

1048 440 1141 478 νεκρὰν
1172 437 1210 467 ἔτι
1238 441 1287 474 τήν
1315 440 1405 467 πίστιν
1433 439 1459 466 ἐν
1487 440 1593 470 ἑαυταῖς
1619 438 1784 476 περιφέρειν,
1815 441 1882 468 ταῖς

1047 486 1216 522 σωζομέναις
1256 486 1345 521 τάξεσι
1390 484 1487 521 μηκέτι
1530 483 1786 520 συναριθμοῦμεναι.
1830 484 1882 511 Ἐκ

1047 533 1140 558 πασῶν
1171 530 1200 558 δὶ
1228 532 1282 557 τῶν
1300 528 1450 567 λεχθεισῶν
1465 529 1565 564 τάξεων
1584 528 1631 565 μία
1659 528 1714 556 ἐστὶ
1730 528 1881 566 περιστερὰ

1046 575 1138 603 τελεῖα
1166 577 1200 612 τῇ
1231 574 1314 611 μητρὶ
1344 573 1438 608 αὖτῆς,
1466 573 1579 608 ἒκλικτή
1610 573 1666 600 ἐστι
1690 574 1724 609 τῇ
1758 571 1878 609 τεκούσῃ

1048 621 1144 656 αὐτήψ
1174 619 1270 658 ἤγουν,
1300 620 1317 653 ἡ
1336 617 1401 655 μετὰ
1415 619 1447 646 τὸ
1472 619 1612 645 πιστεῦσαι
1635 619 1701 653 Θεῷ,
1723 616 1768 644 καὶ
1798 614 1881 654 φόϐῳ

1050 665 1098 702 μὲν
1112 667 1166 692 τῶν
1182 662 1303 691 ἀπειλῶν
1329 663 1506 701 καθαρθῆναι,
1537 661 1629 690 ἐλπίδι
1652 661 1681 689 δὶ
1703 664 1757 689 τῶν
1788 661 1880 698 ἄπαγ-

1048 709 1149 748 γιλιῶν
1164 709 1344 748 φωτισθῆναι,
1373 708 1549 746 ἀγαπητικῶς
1573 706 1724 738 διατεθεῖσα
1752 706 1814 743 πιρῖ
1845 705 1880 733 τὸ

1050 754 1161 792 ἀγαθὸν,
1183 753 1227 780 καὶ
1256 753 1292 790 μὴ
1311 751 1345 780 δι’
1359 750 1449 789 ἕτερόν
1474 763 1501 780 τι
1513 754 1629 779 ποιοῦσα
1645 751 1723 787 αὐτὸ,
1752 750 1826 778 ἀλλὰ
1842 749 1881 778 δι’

1049 798 1125 833 αὐτὸ,
1155 798 1193 829 ὡς
1223 797 1299 836 φύσει
1322 795 1418 825 καλόν·
1443 795 1516 831 Αὕτη
1533 796 1585 834 γὰρ
1603 795 1652 832 μία
1669 795 1716 832 μέν
1732 795 1814 830 ἔστιν,
1841 795 1881 825 ὡς

1049 844 1118 870 κατὰ
1139 842 1234 875 θέωσιν
1264 841 1392 874 ἐνωθιῖσα
1419 843 1459 877 τῷ
1484 840 1523 868 ὲνὶ
1552 840 1596 868 καὶ
1627 840 1703 877 μόνῳ
1733 841 1802 876 Θεῷ,
1829 839 1880 866 καὶ

1049 888 1113 926 παρ’
1147 888 1222 923 αὐτῷ
1255 886 1382 922 ἀκίνητος
1416 885 1542 922 μένουσα.
1581 885 1730 922 Περιστερὰ
1764 883 1804 918 δὲ,
1838 884 1881 914 ὡς

1049 932 1219 969 πνευματικὴ
1235 931 1280 959 καὶ
1294 931 1387 959 τελεία
1464 930 1608 965 πανταιτίᾳ
1623 929 1714 968 σοφίᾳ,
1744 929 1782 959 ὼς
1809 929 1882 966 πρὸς

1048 978 1148 1013 ταύτην
1178 978 1343 1008 ἀνατατικῶς
1371 975 1406 1003 δι’
1431 977 1547 1011 ἑκάστης
1577 975 1675 1012 ἀρετῆς
1701 977 1879 1012 συναχθεῖσα,

1049 1023 1094 1050 καὶ
1121 1023 1171 1057 τὴν
1202 1022 1228 1049 ἐν
1259 1021 1326 1058 αὐτῇ
1354 1021 1506 1057 ποιουμένη
1549 1018 1688 1057 πρόοδον,
1727 1019 1794 1046 κατᾶ
1824 1019 1877 1052 τὴν

1050 1069 1163 1100 ἑκάστης
1187 1067 1285 1105 ἀρετῆς
1312 1065 1424 1104 γένεσιν.
1459 1068 1546 1100 ’ῌτινι
1570 1064 1650 1103 σοφία
1675 1063 1719 1091 καὶ
1748 1062 1878 1100 ἐκλελεγ-

1052 1113 1117 1148 μὲνη
1148 1111 1217 1139 ἐστὶν
1247 1110 1300 1138 ἀπὸ
1323 1112 1376 1137 τῶν
1408 1108 1543 1136 δουλίδων
1570 1108 1615 1136 καὶ
1652 1108 1807 1144 μισθωτῶν,
1838 1107 1878 1138 ὡς

1049 1155 1253 1193 υἱοθετισαμένη
1283 1155 1382 1190 ταύτην
1412 1154 1479 1182 κατᾶ
1505 1154 1555 1188 ¹τὴν
1585 1153 1611 1180 ἒν
1641 1153 1734 1190 χάριτι
1764 1153 1875 1184 θέωσιν.

1049 1200 1163 1230 Εἴδοσαν
1205 1201 1288 1235 αὐτὴν
1328 1199 1482 1237 Θυγατέρες,
1525 1198 1570 1226 καὶ
1614 1199 1790 1234 μακαριοῦσιν
1825 1197 1877 1224 αύ-

1048 1247 1098 1282 τήν
1116 1257 1122 1263 ·
1163 1245 1341 1284 βασίλισσαι,
1379 1244 1424 1271 καὶ
1463 1242 1601 1270 παλλακαὶ
1638 1241 1786 1269 αἶνέσουσιν
1825 1241 1877 1268 αὒ-

1049 1291 1110 1325 τήν.
1140 1288 1273 1324 Δηλονότι
1303 1287 1329 1315 ἐν
1350 1287 1431 1325 πείρᾳ
1458 1288 1512 1314 τῶν
1539 1285 1760 1323 κατορθωμάτων
1790 1284 1877 1319 αὐτῆς

1049 1334 1202 1373 γεγόνασιν,
1231 1333 1258 1360 αἱ
1288 1333 1370 1369 μόνον
1398 1332 1490 1359 πισταὶ
1505 1331 1606 1365 ταύτης
1628 1330 1786 1367 μαθήτριαι·
1801 1328 1833 1360 ἃς
1850 1329 1877 1356 ἐν

1049 1383 1089 1416 τῷ
1117 1378 1226 1417 λουτρῷ
1254 1379 1304 1412 τῆς
1331 1376 1542 1414 παλιγγινισίας
1570 1373 1691 1408 ἀπέτεκι,
1721 1375 1764 1402 καὶ
1798 1373 1877 1417 μόνῳ

1051 1424 1128 1461 λόγῳ
1155 1423 1241 1457 αὑτὴν
1257 1422 1449 1454 ὲκθειάσουσιν,
1464 1421 1500 1448 Αἱ
1513 1418 1542 1447 δὶ
1571 1418 1617 1446 διὰ
1632 1420 1775 1457 φωτισμοῦ
1790 1416 1876 1455 ἔργων

1050 1468 1223 1503 δικαιοσύνης
1248 1468 1297 1502 τῆς
1320 1468 1367 1494 τοῦ
1388 1467 1455 1493 Θεοῦ
1472 1464 1611 1502 βασιλείας
1638 1462 1876 1499 ἀντιποιούμεναι,

1049 1513 1094 1540 καὶ
1110 1513 1137 1540 αἱ
1154 1511 1198 1540 διὰ
1210 1509 1294 1551 φόϐον
1310 1512 1364 1538 τῶν
1386 1509 1526 1538 κολάσιων
1542 1508 1681 1536 παντοίων
1701 1509 1791 1535 κακῶν
1807 1506 1878 1534 ἀπι-

1050 1557 1178 1596 χόμεναι,
1195 1557 1239 1584 καὶ
1254 1555 1288 1584 δι’
1301 1553 1387 1593 ἔργων
1403 1554 1587 1582 ἐπαινίσουσιν
1605 1553 1701 1588 αὐτήν.

1328 1619 1390 1646 Τῶν
1411 1618 1435 1655 γ’
1455 1616 1593 1654 Πατέρων,

1086 1671 1248 1708 Ἐπειδήπῑρ
1265 1670 1328 1706 δόξα
1355 1674 1405 1706 τῆς
1436 1668 1601 1698 διδασκάλου
1629 1668 1685 1697 ini
1700 1670 1753 1696 τῶν
1784 1668 1876 1704 μαθη-

1048 1719 1132 1755 τριῶν
1175 1718 1189 1744 ὁ
1232 1715 1374 1755 φωτισμὸς
1402 1714 1447 1742 καὶ
1473 1716 1490 1749 ἡ
1519 1713 1660 1752 κάθαρσις,
1680 1712 1743 1751 πιρὶ
1768 1714 1803 1747 ἧς
1829 1713 1876 1740 καὶ

1050 1761 1149 1799 ἐροῦσι·

1085 1806 1132 1837 Τίς
1160 1807 1226 1840 αὕτη
1254 1807 1272 1840 ἡ
1303 1805 1471 1833 ἐκκόπτουσι
1500 1802 1564 1830 ὡσεὶ
1592 1800 1701 1840 ὄρθρος,
1729 1800 1802 1835 καλή
1833 1800 1873 1832 ὡς

1050 1851 1163 1886 σελήνη,
1194 1849 1308 1884 ἐκλεκτὴ
1338 1850 1376 1882 ὡς
1402 1849 1495 1884 ἥλιος,
1526 1844 1632 1884 θάμϐος
1671 1846 1708 1877 ὡς
1742 1845 1873 1883 τεταγμέ-

1048 1906 1109 1929 ναις

1085 1938 1196 1974 Δηλαδὴ
1213 1939 1350 1976 Θαυμασία
1376 1938 1418 1968 τίς
1448 1937 1518 1964 ἔστιν
1548 1937 1566 1971 ἡ
1598 1934 1761 1966 διδάσκαλος
1780 1934 1875 1971 ἡμῶν,

1049 1985 1086 2016 ὡς
1100 1987 1158 2015 ταῖς
1188 1984 1234 2020 μὲν
1265 1982 1429 2014 ἀποστάσαις
1456 1984 1509 2008 τῶν
1539 1978 1622 2015 ἔργων
1639 1982 1686 2007 τοῦ
1702 1979 1813 2009 σκέτους
1830 1977 1876 2006 διὰ

1049 2029 1212 2065 καθάρσεως,
1240 2029 1323 2064 μήπω
1349 2026 1377 2054 δὲ
1400 2027 1434 2054 τὰ
1453 2024 1519 2063 ἔργα
1534 2028 1583 2060 τῆς
1599 2023 1774 2058 δικαιοσύνης
1794 2033 1876 2050 κατα-

1050 2071 1207 2106 λαϐούσαις,
1234 2071 1279 2099 διὰ
1302 2071 1442 2111 φωτισμὸν
1468 2071 1596 2107 γνώσεως
1625 2065 1874 2106 συγκαταϐαίνουσα

1049 2116 1248 2147 διδασκαΛικῶς
1264 2114 1303 2144 ἔτι
1318 2117 1429 2148 hoeiva
1455 2117 1525 2152 φῶς,
1554 2113 1579 2141 ἰν
1601 2115 1641 2148 τῷ
1665 2113 1698 2140 τὰ
1728 2112 1774 2149 μὶν
1803 2111 1872 2143 τέως

1048 2162 1181 2199 ἆχώρητα
1209 2161 1318 2192 ταύταις
1348 2161 1486 2197 μυστήρια
1513 2158 1662 2196 κρύπτειν,
1695 2155 1873 2194 παραδηλοῦν

1049 2205 1078 2233 δὲ
1104 2206 1138 2233 τὰ
1165 2206 1291 2243 χωρητά,
1321 2205 1365 2232 καὶ
1392 2207 1452 2235 ταῖς
1476 2202 1603 2233 ἀπειλαῖς
1631 2204 1685 2229 τῶν
1710 2199 1872 2238 μελλουσῶν

1047 2249 1184 2278 κολάσεων
1214 2251 1282 2288 πρὸς
1314 2249 1436 2284 ὑπακοὴν
1467 2247 1650 2285 ἐπιστρέφειν·
1680 2249 1740 2276 ταῖς
1768 2244 1797 2272 Si
1824 2255 1874 2272 πι-

1048 2296 1204 2326 στευσάσαις
1231 2295 1278 2331 μὶν
1305 2296 1345 2330 τῷ
1373 2297 1422 2328 τῆς
1450 2291 1579 2328 ἀληθείας
1600 2290 1770 2329 κηρύγματι,
1786 2291 1872 2326 μήπω

1047 2338 1075 2367 δὲ
1090 2340 1278 2376 καθαρθείσοιις
1294 2341 1346 2366 τῶν
1363 2341 1412 2366 τοῦ
1440 2338 1554 2368 σκότους
1573 2340 1624 2371 τῆς
1647 2335 1742 2366 κακίας
1771 2333 1871 2372 ἔργων,

1047 2385 1134 2422 ἀγαθή
1166 2384 1245 2419 ἐστιν,
1276 2384 1313 2414 ὡς
1340 2385 1400 2414 ταῖς
1420 2382 1487 2420 πρὸς
1514 2382 1656 2418 μιτάνοιαν
1684 2377 1871 2410 διδασκαλίαις

1045 2429 1164 2466 καθάπερ
1193 2439 1218 2456 τι
1249 2428 1408 2462 σεληνιακὸν
1439 2429 1496 2464 φῶς
1522 2426 1570 2460 τήν
1586 2425 1671 2453 νύκτα
1685 2426 1734 2457 τῆς
1760 2423 1871 2460 ἀγνοίας

1045 2473 1147 2501 τούτων
1172 2471 1431 2511 καταφαιδρύνουσιι·
1456 2474 1516 2501 ταῖς
1541 2469 1565 2497 δ’
1591 2470 1629 2502 ὡς
1655 2469 1681 2496 ιν
1711 2469 1802 2505 ἡμέρᾳ
1827 2467 1872 2495 ιῦ-

1045 2517 1193 2555 σχημόνως
1218 2516 1430 2554 περιπατούσαις
1455 2515 1589 2552 ἑναρέτοις
1613 2516 1716 2552 ψοχαῑς
1744 2512 1871 2550 ἀκκιλεγ-

1046 2563 1113 2599 μὲνη
1143 2562 1212 2590 ἐστὶν
1244 2558 1351 2599 (οἷάπερ
1380 2571 1421 2592 τις
1446 2560 1527 2594 ἥλιος
1542 2561 1596 2587 τῶν
1624 2558 1729 2587 λοιπῶν
1753 2557 1811 2584 κατ’
1826 2557 1871 2585 ού-

1044 2608 1124 2645 ρανὸν
1152 2607 1249 2645 φώτων
1277 2605 1360 2643 αἴγλῃ
1376 2616 1404 2633 τε
1432 2604 1477 2632 καὶ
1508 2603 1614 2641 μεγέθει
1641 2602 1872 2642 διαφανέστερος),

1044 2652 1081 2682 ὡς
1098 2650 1284 2679 ἀνατέλλουσα
1295 2651 1405 2681 ταύταις
1417 2652 1475 2688 φῶς
1503 2648 1622 2683 ἀληθοῦς
1639 2648 1775 2686 γνώσεως,
1805 2645 1872 2673 κάν-

1042 2697 1131 2724 τιῦθεν
1162 2695 1353 2731 ἐκπλήττουσι
1393 2694 1441 2726 τὰς
1485 2694 1590 2731 ὁρώσας
1625 2693 1710 2727 αύτὴν
1749 2689 1871 2729 καθάπερ
