1951 3051
79 95 144 127 665

605 95 811 126 COMMENT.
833 96 873 126 ΙΝ
895 96 1096 128 CANTIGUM
1119 99 1272 130 CANTIC.

1733 99 1792 130 666

83 160 230 190 ἰπιοάνιιά
247 171 290 193 τις
320 161 476 199 ἆγγελικῶν
503 160 613 196 τάξεων.
630 161 680 189 Καὶ
707 163 790 189 ταῦτα
816 161 863 198 μὲν
889 172 904 189 α

1007 163 1132 198 inistrat;
1148 167 1236 200 atque
1246 165 1287 194 ita
1301 167 1419 202 stupore
1433 174 1466 194 ao
1481 167 1591 195 terrore
1605 166 1696 194 afﬁcit
1711 175 1741 194 se
1751 165 1794 194 in-

87 207 237 243 μαθήτρισι
254 206 316 242 περῖ
332 209 382 240 τῆς
399 204 565 234 διδασκάλου
580 205 714 244 εἲρήκασι.

372 350 432 376 Τῶν
446 349 471 386 γ’
488 349 625 387 Ηατὲρων.

122 405 215 432 Ταῦτα
246 402 292 439 μὶν
321 402 348 429 αἱ
380 403 527 440 μαθήτριαι
557 402 620 439 περὶ
659 405 710 437 τῆς
750 401 915 431 διδασκάλου

87 448 228 486 εἰρήκασι,
244 447 276 474 τὰ
292 445 315 474 δ’
328 446 395 482 αὕτη
420 447 482 482 περὶ
509 446 613 474 τούτων
639 447 707 484 πρὸς
731 448 776 474 τὸν
800 447 915 487 νυμφίον

90 492 195 532 φησίν·
213 492 261 523 Εἷς
289 495 377 526 κῆπον
405 491 507 528 καρύας
536 489 651 527 κατέϐην
682 490 747 519 [δεῖν
778 491 804 519 ἐν
820 493 917 529 γεννή-

90 548 157 574 μασι
181 539 229 564 τοῦ
255 536 424 574 χειμάρρου·
443 535 509 564 ἷόεῖν
538 536 561 563 εὶ
589 535 706 572 ἤνθησεν
735 538 752 571 ἡ
782 536 917 573 ἄμπελος,

88 582 112 609 εὶ
129 580 250 617 ἤνθησαν
267 581 295 608 αἱ
320 580 391 619 ῥοαί.
407 581 496 615 "Emi,
514 577 681 618 συγκατὲϐην
707 580 737 607 ἐκ
758 583 807 608 τοῦ
836 579 919 617 ὕψους

87 629 141 661 τῆς
158 629 291 662 μυστικῆς
304 625 418 663 θεωρίας
433 628 493 656 ταῖς
508 625 694 662 γεωργούσαις
711 627 812 663 ψυχαῖς
836 625 920 652 οἱονεὶ

86 670 185 708 κάρυα,
199 670 269 698 κατὰ
297 671 343 707 μὲν
369 670 401 697 τὸ
431 669 507 700 ἐκτὸς
537 668 656 707 λέπυρον
685 669 779 707 πικρὰ,
795 669 863 697 κατὰ
891 668 920 696 δὲ

87 715 120 743 τὸ
135 715 212 747 ἐντὸς
231 714 350 752 σκληρὰ,
366 714 424 742 κατ’
442 714 520 742 αὐτὸν
539 713 567 741 δὲ
581 714 627 742 τὸν
657 713 732 741 ἔνδον
756 716 809 741 τῶν
831 714 921 742 τοιού-

89 770 146 788 των
162 759 288 798 λεπύρων
304 759 406 797 καρπὸν
420 757 497 794 ἡδίω
513 760 562 794 τήν
638 760 735 797 πικρίᾳ
757 761 810 786 τῶν
840 759 921 786 ἀκου-

92 804 158 832 σίων
189 806 347 841 πειρασμῶν
374 804 420 830 καὶ
448 805 482 836 τῆ
511 803 679 841 σκληρότητι
708 805 761 830 τῶν
791 803 920 830 ἑκουσίων

967 211 1093 243 tuentes,
1106 211 1138 236 ut
1151 209 1294 238 instructa
1309 213 1399 246 atque
1418 211 1553 239 ordinata
1572 211 1690 247 agmina
1705 219 1795 247 ange-

968 252 1075 281 lorum.
1093 256 1132 281 Ac
1147 254 1182 282 de
1195 255 1337 290 magistra
1352 255 1471 290 quidem
1490 254 1640 290 discipulis
1656 255 1697 282 ita
1712 254 1794 283 locu-

968 300 1005 326 tae
1022 300 1102 326 sunt.

1263 353 1358 381 Trium
1379 353 1503 381 Patrum.

1007 406 1071 433 Haec
1085 406 1218 442 {quidem
1249 406 1400 442 discipula:
1429 407 1464 435 de
1492 406 1631 442 magistra
1646 406 1794 434 dixerunt.

972 451 1039 486 Ipsa
1051 459 1119 478 vero
1136 451 1171 478 de
1187 451 1342 488 discipulis
1358 453 1393 479 ad
1410 459 1552 487 sponsum
1574 451 1614 479 its.
1638 451 1770 487 loquitur
1787 459 1794 478 :

974 495 1005 522 In
1020 495 1131 523 hortum
1150 497 1229 524 nucis
1247 497 1386 531 descendi,
1404 502 1433 524 ut
1452 497 1574 524 viderem
1584 497 1612 523 in
1623 496 1796 532 ger-minibus

972 541 1106 568 torrentis
1120 551 1129 567 .-
1145 543 1175 568 ut
1192 541 1323 576 viderem,
1348 550 1383 568 an
1406 542 1542 574 ﬂoruisset
1567 542 1660 576 vinea,
1686 549 1721 568 an
1743 541 1794 576 ﬂa-

973 586 1094 612 ruiuent
1107 585 1182 612 mala
1196 586 1310 621 punica.
1323 585 1363 613 De
1383 586 1512 622 mysticae
1527 584 1795 621 comtemplatiouis

974 629 1155 657 sublimitate
1166 629 1302 657 descendi
1324 631 1360 658 ad
1386 631 1502 658 animas
1517 629 1635 657 virtutis
1659 629 1795 658 excultri-

975 682 1033 708 ees,
1050 677 1190 709 tanquam
1215 674 1251 701 ad
1275 682 1375 709 nuces,
1400 682 1524 708 quorum
1550 676 1646 701 cortex
1672 674 1798 702 exterior

975 718 1049 746 alter
1064 718 1183 753 quidem
1207 726 1337 753 amarus,
1355 718 1428 745 alter
1443 720 1540 745 autem
1557 718 1649 745 durus
1665 719 1710 746 est
1721 727 1728 746 :
1739 726 1796 746 nu-

976 761 1056 789 cleus
1071 764 1170 789 autem
1195 762 1244 797 qui
1260 761 1307 789 his
1326 761 1483 790 corticibus
1505 761 1676 795 includitur,
1690 762 1798 797 jucun-

976 806 1032 834 dus
1048 815 1054 834 :
1077 805 1201 834 dulcedo
1214 806 1355 834 nimirum
1368 806 1523 842 virtutum,
1540 815 1602 843 quae
1614 809 1677 834 tum
1689 805 1797 834 amari-

90 847 306 888 πεφυλαγμένην
331 847 490 886 γλυκύτητα
517 850 570 875 τῶν
599 848 714 885 ἀρετῶν,
729 847 782 875 ἀπό
806 858 836 875 τε
863 850 907 875 τῶε

1007 851 1075 878 dine
1093 850 1225 886 gravium
1248 851 1456 885 tentationum,
1473 854 1536 879 tum
1547 851 1704 887 asperitate
1715 851 1797 879 labo-

90 897 152 922 κατ’
167 893 290 931 ἔλλειψιν
305 893 393 921 αὐτῶν
409 893 453 929 κᾳί
473 894 527 920 τῶν
552 893 610 920 καθ’
628 890 784 930 ὑπερϐολὴν
810 893 900 920 παθῶν
913 903 919 909 ·

93 937 163 966 ὥστε
192 938 334 970 θεάσασθαι
364 937 391 965 ἄν
428 939 462 974 τῇ
503 937 630 974 ὑπομονῇ
672 937 771 971 αὐτῶν,
801 938 920 973 κυήματι

92 981 161 1021 οὔσῃ
175 987 224 1018 τῆς
241 983 355 1021 ῥεούσης
369 982 488 1020 Θλίψεως
504 981 534 1009 ἐκ
548 981 596 1009 τοῦ
611 984 750 1020 χειμῶνος
779 983 833 1008 τῶν
860 992 921 1009 πει-

93 1030 206 1066 ρασμῶν
238 1029 267 1065 (ἡ
283 1027 374 1064 θλίψις
399 1028 450 1065 γὰρ
481 1027 622 1063 ὑπομονὴν
648 1026 853 1063 κατεργάζεται)
868 1025 922 1053 εἷ’τι

91 1072 266 1110 εὐχαριστίᾳ,
309 1070 363 1100 εἷ’τι
408 1071 549 1110 δυσφημίᾳ
595 1070 756 1109 προσάγεταί
800 1081 842 1098 σοι
881 1073 921 1106 τῷ

92 1117 233 1155 ἰατρικῶς,
249 1115 314 1145 ἀλλ’
333 1116 364 1144 οὐ
391 1118 587 1153 τιμωρητικῶς
621 1114 795 1143 παιδεύοντιδ
826 1114 920 1147 θεάσα-

91 1168 153 1195 σθαι
170 1161 199 1190 δὶ
213 1163 296 1190 πάλιν
313 1162 357 1190 ἐάν
383 1172 413 1189 τε
438 1161 518 1192 αὐτὸς
541 1162 555 1189 ὁ
585 1161 610 1188 ὲν
640 1160 821 1198 Εὐαγγιλίοις
846 1160 920 1198 εἰρη-

89 1208 161 1242 κὼς,
178 1206 220 1235 ὅτι
235 1207 306 1245 Ἐγώ
323 1206 380 1243 εἶμι
395 1207 413 1241 ἡ
431 1205 567 1243 ἄμπελος,
584 1206 610 1233 ἐν
626 1207 660 1242 τῇ
690 1205 817 1242 ὑπομονῇ
835 1204 919 1242 ταύτῃ

93 1251 300 1290 προδείκνυται,
315 1252 352 1282 ὡς
367 1250 447 1283 ἄνθος
467 1250 580 1289 βότρυος
605 1252 748 1281 ποιοῦντος
772 1250 843 1277 οἶνον
871 1253 921 1285 τῆς

94 1297 201 1335 φύσεως
218 1296 373 1324 ἐκστατικὸν
390 1296 458 1323 κατὰ
477 1296 526 1330 τὴν
552 1295 675 1326 θεώσιως
701 1295 793 1332 χάριν.
810 1295 840 1323 Ὀ
868 1294 920 1332 γὰρ

95 1341 122 1369 ἰν
140 1342 267 1378 ὑπομονῇ
282 1341 325 1368 καὶ
344 1338 426 1373 αὐτῆς
456 1343 506 1375 τῆς
536 1339 606 1371 ἰδίας
635 1339 738 1378 φύσεως
769 1340 920 1376 ὑπερορῶν,

94 1386 146 1421 τήν
165 1386 231 1423 ὑπὲρ
247 1386 325 1422 φύσιν
340 1389 390 1421 τῆς
402 1385 530 1420 θεότητος
554 1383 661 1422 δέχεται
685 1384 766 1421 χάριν
779 1393 785 1399 “
802 1384 847 1411 καὶ
876 1383 920 1411 ἐὰν

93 1431 122 1458 αἱ
138 1429 216 1466 δίκην
232 1430 314 1469 ῥοιῶν
333 1432 374 1466 τῷ
390 1431 437 1466 μὶν
453 1429 608 1468 φαινομένῳ
624 1428 735 1466 λεπύρῳ
752 1430 919 1467 στυφουσῶν,

92 1477 133 1511 τῷ
148 1474 172 1503 δ’
187 1474 260 1506 ἐντὸς
274 1475 371 1503 τούτου
387 1474 565 1513 κεκρυμμένῳ
587 1476 684 1512 καρπῷ
712 1472 777 1504 τοὺς
804 1473 918 1510 γευομὲ-

977 903 1042 923 rum
1055 897 1159 931 sponte
1170 897 1370 930 suceptorum,
1387 904 1404 923 ο
1416 896 1672 931 pertubationibus
1682 898 1711 923 et
1720 895 1800 924 vitiis

975 939 1005 966 in
1021 940 1137 967 defectu
1153 942 1241 975 atque
1265 948 1385 968 excessu
1411 941 1642 968 consistentibus
1657 940 1687 968 in
1703 940 1800 968 medio

975 987 1188 1012 conservantur
1204 993 1210 1012 :
1228 987 1261 1012 ut
1288 984 1417 1012 viderem
1431 985 1460 1012 in
1486 985 1627 1020 patientia
1654 985 1799 1021 ipsarum,

976 1037 1038 1064 qua:
1053 1028 1142 1056 veluti
1158 1031 1259 1064 partus
1274 1029 1394 1064 quidam
1407 1037 1441 1057 ex
1455 1029 1645 1057 tribulatione
1658 1031 1798 1064 tanquam

975 1081 1010 1101 ex
1024 1075 1154 1101 torrente
1183 1073 1377 1101 tentationum
1406 1073 1570 1109 (tribulatio
1585 1073 1664 1101 enim
1691 1073 1800 1108 patien-

975 1118 1047 1145 tiam
1063 1117 1210 1153 operatur)
1237 1117 1281 1146 vel
1311 1126 1362 1154 per
1385 1118 1544 1154 gratiarum
1569 1117 1725 1150 actionem,
1755 1116 1799 1145 vel

976 1171 1027 1198 per
1041 1162 1280 1190 lamentationem
1311 1162 1432 1190 offertur
1455 1162 1508 1190 tibi
1534 1171 1591 1190 non
1617 1162 1731 1195 acerbe,
1747 1162 1799 1190 sed

976 1207 1081 1234 medici
1098 1215 1179 1234 more
1195 1206 1382 1243 castigantis;
1399 1210 1430 1235 ut
1445 1207 1573 1235 viderem
1589 1215 1704 1240 rursus,
1721 1215 1758 1234 an
1774 1206 1798 1234 is

976 1251 1027 1287 qui
1056 1252 1085 1279 in
1110 1251 1273 1287 Evangeliis
1290 1251 1385 1279 dixit:
1402 1252 1456 1287 Ego
1484 1260 1546 1279 sum
1568 1252 1631 1279 vilis
1641 1251 1674 1287 το,
1690 1250 1720 1279 iu
1744 1251 1799 1278 hac

976 1296 1117 1332 patientia
1131 1300 1270 1332 appareat
1296 1295 1373 1324 sicut
1401 1296 1454 1324 llos
1485 1296 1561 1324 botri
1588 1296 1688 1324 vinum
1709 1297 1797 1323 natu-

975 1349 1038 1367 ram
1055 1340 1292 1376 obstupefacieus
1320 1349 1370 1376 per
1398 1340 1563 1368 divinitatis
1591 1340 1715 1376 gratiam
1732 1347 1797 1376 pro-

975 1384 1121 1413 ducentis.
1138 1385 1192 1417 Qui
1207 1384 1285 1412 enim
1312 1385 1405 1420 ipsam
1432 1393 1548 1421 quoque
1573 1386 1708 1413 naturam
1733 1392 1798 1420 pro-

975 1430 1068 1465 priam
1084 1437 1134 1465 per
1149 1429 1320 1464 patientiam
1337 1429 1472 1465 despicit,
1488 1429 1650 1457 divinitatis
1670 1428 1794 1465 gratiam

974 1475 1081 1502 natura
1105 1473 1338 1509 praestantiorem
1363 1474 1546 1509 adipiscitur.
1563 1474 1602 1502 An
1626 1474 1795 1509 ﬂloruisscnt

90 1530 154 1551 νους
170 1519 603 1558 γλυκαινοῦσῶν,πεφυλαγμέναι
620 1519 666 1555 μὶν
691 1520 731 1554 τῷ
754 1519 802 1545 τοῦ
831 1515 907 1555 φόϐοι

1007 1520 1047 1546 11a
1062 1520 1174 1554 punica.
1190 1519 1232 1546 An
1248 1518 1323 1554 (quas
1339 1519 1432 1546 instar
1448 1517 1593 1546 malorum
1609 1518 1792 1554 punicorum,

89 1575 139 1592 σου
164 1566 328 1598 πυπτικῶς,
358 1563 548 1602 εὐφραίνουσαι
577 1562 605 1590 δὲ
643 1562 707 1595 τοὺς
734 1562 917 1600 γευσαμένους

89 1610 124 1645 τῇ
139 1612 190 1644 τῆς
207 1608 245 1640 εἷς
262 1609 291 1636 σὶ
307 1607 419 1639 ἐλπίδος
441 1607 592 1645 γλυκύτητι
621 1607 712 1645 ἀρεταί
725 1617 731 1623 ·
762 1605 870 1641 δηλαδή
897 1607 915 1642 ἡ

90 1653 224 1692 φρόνησις
239 1653 316 1688 καὶὴ
340 1653 499 1690 ἀκεραιότης
530 1651 608 1688 δίκην
638 1652 782 1684 ἀνθοῦντος
811 1653 916 1689 καρποῦ

89 1696 252 1736 ὶδείχθησαν
269 1697 297 1725 iv
310 1699 344 1734 τῇ
363 1698 501 1734 ὑπομονῇ’
518 1698 536 1732 ἡ
559 1697 607 1733 μὲν
632 1696 776 1736 φρόνησις,
800 1696 849 1730 τήν
879 1695 916 1727 εἷς

89 1743 119 1770 σὶ
132 1742 234 1777 πίστιν,
251 1741 288 1774 ὥς
300 1752 362 1770 τινα
381 1741 502 1781 κεφαλὴν
533 1742 586 1769 ἀπὸ
612 1743 660 1769 τοῦ
684 1741 784 1779 ὶχοροῦ
813 1739 916 1777 φυλάτ-

87 1797 173 1815 τουσα
187 1786 317 1824 ἄτρωτον·
335 1787 352 1821 ή
370 1785 393 1814 δ’
406 1785 580 1824 ἀκεραιότης,
593 1786 643 1820 τήν
666 1785 703 1816 εἷς
726 1785 772 1812 τὸν
797 1784 914 1820 πλησίον

87 1830 197 1869 ἀγάπην
222 1830 368 1858 ἀσάλευτον
383 1830 408 1858 ἐν
438 1832 498 1862 ταῖς
519 1832 573 1858 τῶν
601 1832 760 1867 πειρασμῶν
776 1829 915 1861 ποικίλαις

88 1875 261 1914 ιπαγωγαῖς·
292 1875 380 1906 καθὼς
410 1875 489 1906 αὐτὸς
517 1875 543 1902 ἐν
573 1873 752 1912 Εὐαγγελίοις
781 1872 892 1911 εἴρηκας
907 1882 913 1889 ·

89 1919 161 1949 Ἰδοὺ
188 1919 240 1957 ἐγὼ
262 1919 426 1948 ἀποστέλλω
453 1920 535 1956 ὑμᾶς,
552 1919 588 1950 ὡς
618 1916 741 1956 πρόϐατα
768 1917 818 1955 [ἐν]
843 1918 916 1955 μέσῳ

89 1963 192 1993 λύκων.
221 1964 329 1996 Γίνεσθε
355 1963 400 1991 οὖν
431 1963 560 2002 φρόνιμοι
587 1964 624 1994 ὡς
640 1964 666 1990 oi
682 1961 766 2002 ὄφεις,
783 1963 826 1991 καὶ
854 1963 914 1990 ἀκέ-

86 2019 162 2046 ραιοι
178 2009 216 2041 ὡς
231 2009 259 2036 αἱ
274 2008 440 2046 περιστεραί,
456 2025 490 2030 -
505 2009 580 2036 Ἐκεῖ
602 2006 681 2035 δώσω
705 2008 769 2038 τοὺς
797 2007 915 2044 μαστούς

89 2053 143 2090 μού
159 2063 213 2082 σοι.
230 2053 340 2084 Πάντως
357 2052 383 2080 ἐν
398 2055 438 2089 τῷ
454 2052 591 2090 εἰρημένῳ
613 2053 695 2088 κήπῳ
721 2054 776 2079 τῶν
802 2052 914 2089 ἀρετῶν,

87 2097 120 2129 ὃς
134 2096 204 2124 ἐστιν
219 2097 247 2125 αἱ
264 2097 289 2125 ἐν
317 2097 428 2129 ταύταις
451 2096 649 2135 πεφυτευμέναι
680 2097 839 2134 μαθήτριαι,
863 2097 913 2130 τήν

85 2139 125 2171 εἷς
153 2139 234 2171 αὐτὰς
264 2140 363 2175 ἠθικὴν
390 2140 435 2167 καὶ
458 2140 573 2179 φυσικὴν
600 2138 774 2167 διδασκαλίαν
793 2150 856 2176 μου,
871 2140 913 2170 αἷς

86 2185 184 2223 οἷάπερ
199 2184 314 2223 γάλακτι
331 2187 431 2224 φυσικῇ
448 2185 492 2213 καὶ
513 2184 684 2221 καταλλήλῳ
705 2186 794 2222 τροφῇ
814 2184 911 2215 ταύτας

85 2229 232 2267 τρέφουσα.
251 2229 392 2268 προστάξω
409 2240 451 2257 σοι
475 2231 514 2266 τῷ
538 2229 660 2268 νυμφίῳ,
676 2229 714 2261 ὡς
737 2228 856 2261 ἐντεῦθεν
882 2228 914 2256 τό

86 2275 133 2302 σόν
148 2284 178 2302 τε
208 2276 325 2302 ποιοῦσα
354 2274 463 2311 θέλημα
486 2274 530 2301 καὶ
547 2274 589 2301 σοὶ
613 2275 661 2306 τὰς
692 2273 914 2310 μαθητιυομένας

87 2329 136 2356 μοι
163 2320 346 2357 προσάγουσα.
375 2319 442 2347 Εἶτα
470 2318 620 2358 στρέφουσα
658 2318 703 2346 τὸν
737 2318 820 2356 λόγον
846 2319 914 2356 πρὸς

85 2363 135 2394 τὰς
151 2362 372 2400 μαθητιυομένας
397 2362 483 2390 οἴονεί
507 2373 574 2400 φησι
604 2362 673 2400 πρὸς
702 2361 796 2398 αὐτὰς,
813 2362 866 2397 ὅτι,
882 2362 914 2389 Εἰ

85 2408 131 2436 καὶ
162 2405 329 2446 συγκατέϐην
360 2408 425 2444 ὑμῖν
453 2407 483 2435 ὲκ
497 2409 545 2435 τοῦ
563 2407 764 2444 μυπικώτερον
795 2407 858 2444 ὸρᾷν
888 2405 913 2434 ἐν

85 2452 169 2489 ἑαυτῇ
193 2452 240 2480 τὸν
255 2453 372 2491 νυμφίον
392 2462 456 2488 μου,
472 2451 510 2483 εἷς
524 2452 556 2479 τὸ
587 2452 732 2484 θεάσασθαι
761 2451 840 2479 αὑτὸν
869 2451 914 2478 καὶ

85 2497 112 2524 ἰν
143 2497 218 2534 ὑμῖν,
250 2497 288 2528 ὡς
305 2495 411 2534 εἶ’ρηκα.
429 2495 518 2524 Ἀλλὰ
537 2496 588 2523 οὐκ
615 2495 683 2533 ἔγνω
710 2497 727 2530 ἡ
754 2497 830 2533 ψυχή
850 2507 912 2532 μου.

85 2540 198 2576 Δηλαδή
217 2541 294 2569 οὕπω
313 2540 464 2577 ἐθεασάμην
488 2540 567 2568 αὐτὸν
590 2539 618 2568 ἐν
645 2541 720 2577 ὑμῖν,
738 2541 775 2572 ὡς
803 2541 841 2576 μή
874 2551 915 2568 τε-

85 2586 247 2618 λειωθείσας
289 2584 327 2613 ἔτι
363 2585 432 2613 κατὰ
467 2583 582 2623 Χριστόν
601 2595 607 2601 ’
638 2585 717 2616 οὗτος
748 2583 771 2612 δ’
796 2584 914 2612 ἐντεῦθεν

83 2629 159 2658 ἔθετό
187 2641 220 2667 με
243 2631 352 2668 ἅρματα
381 2627 533 2667 Ἀμιναδάϐ
550 2638 556 2645 '
583 2629 680 2663 εῗτουν,
719 2629 854 2664 πεποίηκέ
884 2641 917 2666 μι

83 2675 217 2713 ὀχήματα
242 2675 350 2710 ἑαυτοῦ,
373 2674 410 2705 ὡς
442 2677 502 2706 ταῖς
518 2673 705 2705 διδασκαλίαις
719 2675 850 2712 φάρουσαν
868 2675 915 2702 αὐ-

120 2766 143 2784 το
155 2765 242 2794 Joan.
258 2772 306 2800 xv,
319 2765 347 2793 5.
386 2765 407 2783 '"
424 2765 528 2794 Matth.
545 2773 572 2800 x,
589 2765 632 2793 16.
670 2764 693 2782 τ’
708 2763 791 2793 Cant.
807 2772 857 2799 vn,
872 2765 900 2792 2.

972 1563 1081 1599 quibus
1092 1565 1191 1590 cortex
1199 1563 1316 1598 quidem
1328 1563 1509 1591 extrinsecus
1521 1563 1602 1590 adest
1614 1562 1794 1598 astringendi

970 1608 1031 1636 vim
1041 1607 1163 1641 habens,
1175 1607 1355 1636 intrinsecus
1379 1610 1478 1635 autem
1500 1608 1578 1635 inest
1600 1607 1714 1635 fructus
1725 1615 1792 1642 gus-

970 1652 1102 1680 tantibus
1122 1651 1305 1680 dulcedinem
1319 1652 1454 1689 all'erens)
1470 1652 1592 1680 virtutes
1607 1651 1663 1679 illa:
1678 1651 1794 1680 timoris

971 1697 1015 1725 tui
1030 1696 1200 1725 austeritate
1214 1699 1403 1731 conservatas,
1419 1696 1603 1732 gustantium
1615 1698 1712 1724 autem
1729 1696 1794 1723 ani-

971 1749 1035 1770 mos
1057 1741 1119 1777 spei
1136 1741 1166 1768 in
1183 1742 1210 1769 te
1225 1741 1382 1769 dulcedine
1397 1741 1585 1774 delectantes,
1602 1747 1707 1776 nempe
1723 1749 1794 1776 pru-

971 1786 1071 1814 dentia
1087 1787 1115 1814 et
1130 1785 1307 1822 simplicitas
1323 1786 1358 1813 ad
1374 1785 1601 1813 similitudinem
1617 1786 1731 1813 fructus
1741 1785 1794 1813 ﬂo-

971 1830 1112 1859 rescentis
1123 1832 1270 1858 exstarent
1282 1830 1312 1857 in
1325 1830 1467 1866 patientia
1480 1838 1486 1857 :
1499 1830 1654 1865 prudentia
1673 1829 1792 1865 quidem

970 1876 1058 1903 ﬁdem
1089 1883 1157 1910 erga
1189 1877 1215 1902 te
1239 1875 1276 1902 ab
1306 1874 1400 1902 hostis
1429 1874 1558 1908 ictibus,
1587 1873 1676 1902 veluti
1705 1876 1794 1909 caput

971 1920 1119 1956 quoddam
1147 1919 1297 1955 integrum
1327 1927 1446 1946 servans
1465 1927 1471 1946 :
1489 1918 1665 1954 simplicitas
1694 1920 1790 1946 autem

969 1964 1154 1992 dilectionem
1171 1972 1241 2000 erga
1257 1964 1423 1999 proximum
1440 1963 1469 1990 in
1493 1963 1581 1990 variis
1598 1962 1793 1990 teutationum

969 2009 1182 2037 invasionibus.
1207 2008 1459 2040 Quemadmodum
1484 2007 1515 2035 in
1539 2007 1705 2043 Evangeliis
1730 2006 1793 2042 ipse

970 2053 1070 2081 dixisti
1096 2061 1102 2080 :
1134 2053 1201 2080 Ecce
1228 2053 1306 2080 mitto
1335 2060 1380 2080 vos
1408 2053 1479 2080 sicut
1508 2061 1570 2080 oves
1599 2053 1672 2080 inter
1704 2052 1791 2087 lupos.

969 2099 1057 2126 Estote
1067 2106 1130 2133 ergo
1158 2096 1304 2133 prudentes
1331 2098 1400 2125 sicut
1429 2101 1578 2133 serpentes,
1608 2099 1633 2125 et
1656 2096 1793 2132 simplices

968 2143 1038 2170 sicut
1064 2142 1243 2171 columba“.
1261 2142 1372 2170 —Illic
1399 2142 1467 2170 dabo
1496 2142 1548 2170 tibi
1575 2141 1660 2169 ubera
1688 2140 1791 2168 mea".

971 2187 1002 2214 In
1019 2195 1052 2214 eo
1067 2186 1208 2214 nimirum
1238 2185 1381 2214 virtutum
1407 2186 1491 2213 horto
1516 2193 1603 2221 quem
1627 2184 1708 2217 dixit,
1729 2191 1794 2219 quae

969 2233 1040 2258 sunt
1063 2230 1215 2266 discipula:
1245 2231 1274 2258 in
1304 2230 1377 2266 ipsis
1406 2230 1555 2266 plautalaa,
1577 2228 1739 2257 naturalem
1765 2230 1793 2256 et

969 2275 1110 2303 moralem
1123 2275 1285 2303 doctrinam
1297 2283 1538 2310 meam,quarum
1549 2273 1634 2309 quasi
1645 2275 1748 2301 mutuo
1759 2281 1792 2301 ac

970 2318 1096 2347 naturali
1109 2319 1236 2354 quodam
1251 2318 1335 2351 lactis
1355 2319 1419 2346 cibo
1437 2318 1517 2354 ipsas
1532 2317 1642 2352 nutrio,
1659 2316 1792 2352 prabebo

969 2363 1022 2391 tibi
1037 2371 1156 2399 sponso,
1172 2371 1206 2391 ea
1222 2363 1333 2391 ratione
1348 2363 1556 2398 obtemperans
1571 2361 1713 2389 voluntati
1723 2363 1792 2394 tuas,

970 2410 1055 2443 atque
1074 2407 1139 2435 illas
1170 2407 1223 2434 tibi
1253 2415 1270 2435 a
1294 2415 1340 2435 me
1356 2407 1511 2435 institutas
1540 2406 1699 2434 adducens.
1716 2406 1791 2433 Tum

970 2452 1004 2480 ad
1035 2451 1198 2488 discipulae
1226 2454 1398 2480 convertens
1427 2459 1618 2480 sermonem:
1639 2449 1790 2484 Descendi,

970 2496 1088 2532 inquit,
1117 2497 1153 2524 ad
1181 2505 1232 2524 vos
1261 2497 1296 2524 ab
1327 2496 1376 2524 illa
1407 2497 1500 2532 magis
1528 2504 1635 2524 arcana
1662 2494 1792 2531 specula-

970 2541 1049 2569 tione
1064 2549 1120 2577 qua
1145 2549 1285 2577 sponsum
1312 2549 1410 2569 meum
1439 2541 1469 2568 in
1500 2548 1545 2568 me
1574 2540 1637 2576 ipsa
1661 2542 1792 2568 contem—

971 2585 1045 2622 plor,
1057 2588 1090 2613 ut
1116 2585 1245 2614 viderem
1261 2586 1359 2622 ipsum
1374 2586 1403 2613 in
1419 2585 1510 2620 vobis,
1541 2585 1791 2621 quemadmodum

971 2630 1040 2658 dixi.
1070 2630 1124 2658 Sed
1154 2639 1212 2658 non
1241 2630 1322 2658 novit
1350 2630 1444 2658 anima
1468 2638 1543 2658 mea.
1559 2630 1695 2658 Nondum
1725 2637 1790 2665 pro-

972 2675 1046 2703 fecto
1061 2674 1145 2703 illum
1162 2675 1190 2703 in
1207 2675 1288 2703 vobis
1304 2675 1448 2711 perspexi,
1464 2683 1529 2711 quae
1548 2675 1667 2711 quidem
1695 2673 1791 2703 adhuc
