1949 3055
145 105 202 137 667

808 106 832 136 Μ
839 106 928 137 ῘΟῘῘΑ
937 106 1022 137 ELIS
1044 106 1180 137 PSELLI

1790 103 1859 134 668

145 171 279 208 perfecta:
308 180 367 200 non
409 172 480 200 estis
522 173 686 200 secundum
726 171 887 200 Christum.
917 172 967 200 Hic

1059 182 1070 199 ν
1084 172 1124 211 ἐφ’
1140 173 1236 206 ἑαυτῆς
1251 172 1321 210 πρὸς
1342 172 1412 209 ὑμᾶς
1429 171 1565 211 διαφόρως
1592 171 1638 199 καὶ
1663 169 1858 206 καταλλήλως

145 218 244 245 autem
281 216 389 245 idcirco
428 217 527 253 posuit
562 225 609 246 me
649 226 752 245 currus
792 217 968 252 Aminadab,

145 261 200 289 hoc
215 263 270 296 est,
287 270 391 289 currus
418 270 465 289 me
494 270 565 290 suos
594 262 758 297 constituit,
788 270 852 298 qua:
877 261 966 290 disci-

1027 216 1102 252 ὑμῖν.
1119 215 1268 252 Ἀμιναδάϐ
1288 220 1350 255 γὰρ,
1367 216 1459 254 ἄρχων
1489 216 1567 251 λαοῦ,
1597 215 1773 253 ἰρμηνιύεται
1789 225 1795 231 ·
1823 214 1859 246 ὅς

1025 261 1079 288 ἐστι
1096 262 1213 297 Χριστὸς
1229 262 1243 289 ὁ
1259 261 1383 299 ἀρχηγὸς
1397 265 1446 296 τῆς
1463 260 1600 298 σωτηρίας
1614 262 1704 297 ἡμῶν.

145 314 245 350 plinis,
261 323 328 342 eum
342 315 372 342 in
389 322 434 342 me
451 315 514 351 ipsa
531 316 566 343 ad
583 323 645 351 vos,
662 315 760 343 habita
776 316 918 350 cujusque
933 317 1062 342 vestrum
1079 316 1200 350 ratione,
1215 316 1385 352 perferrem.
1398 315 1562 344 Aminadab
1578 315 1656 342 enim
1673 315 1854 350 interprets-

147 366 222 395 mur,
236 359 375 395 Princeps
391 359 501 396 populi,
518 359 566 395 qui
583 359 716 387 Christus
732 361 775 387 est
786 361 894 387 nostrae
908 359 1014 387 salutis
1028 362 1139 388 auctor.

441 413 532 440 Trium
547 414 674 440 Patrum.

182 456 336 492 Discipulie
352 456 453 484 dicunt
468 457 503 484 ad
520 465 659 492 sponsam
677 464 684 484 :

183 502 334 534 Reuertere,
361 503 497 529 revertere
526 501 671 529 Sulamitz’s
692 508 699 529 :
719 502 864 534 revertere,
883 508 970 528 rever-

146 550 204 574 tere
217 554 226 573 :
242 547 267 573 et
281 545 453 573 intuebimur
468 546 497 572 in
512 549 547 573 te.

181 590 223 618 Ab
239 598 351 618 arcanae
377 590 632 625 contemplationis
657 590 841 618 sublimitate
856 590 889 618 ad
907 598 969 618 mo-

145 634 203 663 lem
221 637 348 670 quatuor
369 634 548 670 generalium
565 635 705 662 virtutum
723 634 885 662 doctrinam
903 635 969 662 des-

146 680 246 713 cende,
276 681 364 715 atque
389 687 423 707 ex
445 679 630 715 quadruplici
652 687 754 707 earum
776 679 898 713 ratione,
915 687 969 707 nos

145 732 212 760 quas
226 724 484 760 pertubationibus
493 724 588 752 adhuc
603 731 833 759 commovemur,
849 731 916 759 rege
924 726 968 752 at-

145 777 205 806 que
214 768 348 802 institue,
360 777 376 797 ο
387 768 570 802 Sulamitis,o
582 777 646 804 quae
655 769 691 796 ab
707 768 843 796 omnibus
854 771 968 804 pertur-

144 813 273 842 bationis
288 813 380 841 libera
402 812 628 849 tranquillitatis
644 815 673 841 et
696 813 777 849 pacis
793 821 900 840 nomen
915 813 968 841 ha-

144 858 213 892 bes;
227 859 256 885 et
268 865 302 885 ea
315 857 514 893 spectabimus
529 857 558 885 in
574 859 612 891 te,
629 865 690 893 quae
705 859 822 893 propter
837 859 966 885 nostram

143 902 396 938 imperfectionem
409 901 504 930 adhuc
515 902 544 929 in
560 902 645 930 nobis
655 910 713 930 non
728 902 866 930 vidimus.
883 902 967 934 Quae-

144 947 182 975 rit
197 949 296 975 autem
312 955 328 975 a
343 946 499 983 discipulis
515 955 635 983 sponsa,
645 947 749 983 Ecquid
759 948 788 974 in
797 947 968 975 Sulamitide

143 999 207 1029 quae
220 992 294 1020 venit
305 991 376 1019 sicut
388 992 468 1020 chori
481 991 671 1027 castrorum",
683 992 744 1019 sint
753 991 967 1027 conspectum?

143 1035 290 1068 Quidnam
305 1035 494 1072 conspicietis
509 1036 539 1064 in
553 1044 599 1064 me
614 1036 736 1072 paciﬁca
752 1036 795 1072 (ut
820 1044 884 1072 quas
908 1044 966 1063 non

142 1080 270 1117 amplius
283 1089 335 1117 per
349 1081 506 1116 actionem,
522 1081 552 1108 in
568 1081 668 1109 hostili
690 1081 860 1116 certamine,
877 1080 967 1108 animi

143 1125 327 1153 aﬂ'ectionem
356 1133 407 1161 per
436 1134 542 1161 corpus
569 1125 701 1160 ostendo,
719 1126 768 1153 sed
798 1125 910 1153 ratione
940 1127 968 1153 et

144 1169 267 1197 scientia
281 1171 401 1206 propter
425 1170 633 1205 perfectionem
659 1170 736 1197 veris
751 1169 780 1197 in
799 1170 884 1198 bonis
900 1177 966 1205 per-

144 1214 270 1249 maneo),
295 1222 358 1249 quaa
385 1222 418 1241 ex
442 1215 695 1250 perturbationum
721 1214 798 1242 bello
815 1214 968 1250 multiplex

143 1258 240 1293 redeo,
253 1258 330 1286 sicut
351 1258 431 1287 chori
457 1260 577 1294 quidam
593 1267 626 1287 ex
645 1259 743 1295 pralio
759 1259 966 1287 revertentium

142 1303 272 1331 victorias
287 1303 463 1339 praeconium
480 1303 684 1332 celebrantes?
700 1304 772 1331 Cum
789 1303 866 1331 enim
892 1306 967 1331 stre-

143 1355 201 1375 nue
215 1356 267 1376 vos
282 1348 311 1375 in
323 1349 482 1376 certamine
498 1349 637 1376 adversus
647 1348 873 1382 vitia,virtutum
885 1348 967 1376 insti-

146 1392 219 1420 tutis
233 1394 263 1420 ct
276 1393 408 1421 moribus
422 1393 586 1428 gesseritis,
598 1393 843 1429 horum:rationes
860 1393 901 1420 uti
912 1393 968 1420 vic-

141 1437 222 1464 torias
238 1436 341 1465 laudes
361 1437 432 1465 scite
447 1437 614 1465 concinitis.

437 1525 529 1553 Trium
543 1526 670 1553 Patrum.

175 1569 331 1606 Discipulos
341 1572 439 1598 autem
456 1578 594 1605 sponsam
607 1570 649 1598 sic
660 1569 806 1606 incipiunt
814 1569 963 1598 collauda-

137 1622 169 1642 rc
180 1621 187 1641 ε
200 1614 289 1648 Quam
301 1615 416 1650 pulchri
426 1616 566 1650 [actisunl
581 1622 688 1650 gressus
700 1615 742 1642 tui
759 1616 788 1642 in
800 1615 967 1643 calceamen-

137 1659 249 1694 li:,ﬁlia
259 1659 532 1688 Nadab!Mirabilem
545 1660 704 1687 ostendunt
715 1659 962 1696 pulchritudinem

138 1711 259 1739 gressus
269 1703 325 1738 tui,
336 1704 446 1740 quibus
455 1706 482 1732 te
499 1705 584 1732 nobis
599 1712 650 1740 per
663 1704 804 1732 virtutum
834 1705 965 1733 actiones

138 1749 355 1784 accommodas,
374 1757 431 1784 quo
448 1749 478 1777 in
493 1756 596 1777 earum
626 1749 758 1777 moribus
774 1752 913 1784 tanquam
935 1749 963 1776 in

139 1792 347 1821 calceamentis
363 1793 513 1828 incedens,
529 1802 580 1830 per
608 1802 714 1830 corpus
737 1802 787 1822 eas
811 1794 894 1822 nobis
909 1793 963 1821 im-

138 1837 274 1873 perfectis
291 1838 487 1871 demonstres,
510 1841 543 1866 ut
558 1839 593 1866 ad
611 1839 745 1866 virtutem
770 1838 966 1866 informemur

138 1881 270 1918 exemplo
297 1885 350 1910 tuo
380 1883 441 1910 ﬁlia
469 1882 541 1910 Dei:
559 1883 667 1919 quippe
694 1891 769 1919 quea,
800 1885 832 1910 ut
861 1884 963 1919 patris,

139 1926 225 1955 sudis
241 1935 393 1955 sermones
408 1928 482 1963 ejus,
499 1927 550 1963 qui
566 1928 715 1962 omnibus,
726 1928 843 1955 etiamsi
861 1927 963 1961 nolint,

138 1970 203 2006 tibi,
213 1973 309 1999 autem
323 1972 424 1999 volens
437 1972 617 1999 dominatur.
631 1972 816 2000 Nadabenim
832 1974 876 2000 est
888 1972 966 2008 prin-

139 2023 217 2050 ceps.
230 2015 290 2043 sive
301 2016 370 2050 dux,
392 2016 442 2052 qui
463 2018 567 2052 sponte
585 2016 720 2052 imperat.
738 2016 784 2044 Sic
799 2019 897 2044 autem
914 2025 966 2052 per

138 2059 276 2088 virtutem
288 2060 403 2096 pulchri
421 2062 490 2088 sunt
500 2067 619 2095 gressus
630 2060 758 2096 tui,quia
767 2061 861 2088 conciri
867 2062 966 2089 nitate:

137 2106 274 2139 femorum
289 2108 400 2132 tuorum
423 2106 493 2132 sunt
507 2106 581 2132 sicut
597 2104 726 2138 monilia,
750 2113 809 2141 quae
828 2105 967 2140 fabricata

138 2150 204 2176 sunt
231 2157 318 2176 manu
347 2150 476 2185 artiﬁcis.
512 2149 599 2178 Recte
627 2149 762 2177 videlicet
795 2149 966 2185 rationeque

138 2193 292 2230 compositi
309 2195 408 2222 motus
433 2195 631 2230 potentiarum
661 2194 691 2221 in
721 2194 910 2230 generatione
933 2203 966 2222 ac

139 2238 329 2274 corruptione
355 2239 580 2267 consistentium
597 2238 772 2274 (cupidatem
798 2241 886 2274 atque
907 2239 966 2267 ira-

142 2282 280 2311 cundiam
296 2283 374 2320 dico)
389 2284 475 2320 quasi
489 2283 525 2311 ab
539 2282 650 2311 artiﬁce
665 2283 787 2317 ratione,
804 2283 839 2311 ab
855 2283 892 2311 iis
903 2291 966 2319 quas

141 2329 321 2363 generantur
337 2331 366 2356 et
382 2330 622 2364 corrumpuntur,
639 2327 674 2355 ad
691 2327 843 2364 superiora
857 2327 966 2362 inﬂexi,

142 2372 257 2400 similes
267 2375 336 2401 sunt
343 2373 503 2401 monilibus
510 2372 656 2400 artiﬁcum
665 2372 967 2410 fabrefactisetﬁgura

143 2416 235 2444 ﬂexis.
251 2417 447 2449 Quamobrem
458 2419 486 2444 et
503 2417 652 2444 umbilicus
672 2421 734 2445 tuus
744 2421 835 2445 crater
845 2419 967 2446 [ornati-

143 2459 188 2493 ιίε,
205 2467 264 2487 non
279 2459 416 2496 indigens
430 2460 544 2496 poculo.
564 2460 690 2488 Omnino
704 2461 746 2489 vis
761 2462 900 2490 sensitive
916 2465 968 2490 tua

143 2504 207 2540 (per
222 2512 321 2540 quam,
334 2507 367 2532 ut
378 2512 430 2541 per
441 2504 614 2532 umbilicum
627 2505 724 2533 infans
734 2505 764 2533 in
776 2508 858 2534 utero
868 2515 967 2535 rerum

143 2548 328 2576 sensibilium
340 2548 552 2585 speculatione,
566 2551 596 2577 tu
608 2549 643 2576 ab
659 2550 791 2578 omnium
807 2553 901 2579 matre
925 2560 968 2579 sa-

144 2592 255 2629 pientia
269 2593 482 2630 comprehensa
497 2596 525 2622 et
539 2595 649 2622 malitia
657 2595 774 2630 parvula
784 2596 807 2612 7‘
827 2596 966 2624 naturali-

145 2640 190 2665 ter
201 2638 335 2674 nutriris)
351 2638 567 2674 receptaculum
579 2641 624 2667 est
635 2639 777 2668 naturalis
789 2649 885 2668 rerum
897 2640 966 2668 visi-

145 2681 250 2710 bilium
267 2682 455 2718 cognitionis,
471 2685 549 2711 recte
561 2683 659 2719 gladio
677 2683 803 2720 Spiritus
819 2687 966 2713 exsectum

178 2770 201 2789 ⁷³
215 2770 298 2800 Cant.
315 2779 366 2808 vn,
384 2772 410 2800 1.
448 2771 471 2790 ⁷⁸
484 2772 495 2800 I
510 2771 575 2800 Cor.
591 2780 649 2807 xxv,
664 2772 709 2800 20.

1305 415 1366 441 Τῶν
1380 414 1402 451 γ’
1423 413 1558 450 Πατὲρων.

1060 458 1093 485 Αἱ
1111 456 1138 485 δὲ
1156 458 1302 495 μαθήτριαί
1319 468 1381 496 can
1397 459 1464 495 πρὸς
1478 458 1527 492 τήν
1543 457 1667 496 νύμφην-

1061 502 1228 541 Ἐπίστρεφε,
1257 502 1409 540 ἐπίστρεφε,
1439 504 1455 537 ἠ
1488 502 1668 538 Σουλαμῖτις,
1697 501 1854 541 ἰπίστριφε,

1025 546 1176 586 ἐπίστρεφε,
1191 547 1236 574 καὶ
1255 546 1377 584 ὀψόμεθα
1392 546 1419 574 ἐν
1436 546 1489 574 σοί.

1061 595 1150 626 "litat,
1180 590 1374 630 σογκατάϐαινε
1416 591 1468 619 ἀπὸ
1500 593 1548 618 τοῦ
1582 591 1666 628 ὕψους
1707 594 1757 625 τῆς
1796 601 1853 627 μυ-

1025 639 1120 671 στικῆς
1137 636 1251 674 θεωρίας
1266 636 1336 674 πρὸς
1359 637 1409 670 τήν
1435 635 1480 663 διὰ
1501 638 1555 663 τῶν
1576 636 1712 671 τεσσάρων
1736 637 1853 672 γενικῶν

1025 680 1126 718 ἀρετῶν
1155 681 1253 715 ἠθικὴν
1285 679 1461 708 διδασκαλίαν
1490 681 1580 716 ἡμῶν.
1605 680 1856 717 Συμμιτριάζουσα

1024 726 1092 752 κατά
1105 726 1154 757 τὰς
1174 725 1320 761 εἰρημένας
1352 726 1447 762 ἀρετὰς
1473 727 1614 762 τετραχῶς
1641 727 1701 755 ταῖς
1730 723 1768 751 ἔτι
1798 724 1855 752 ὑπὸ

1024 772 1116 801 παθῶν
1148 769 1334 807 ὀχλουμέναις
1361 770 1475 806 ἡμῖν,ἡ
1505 767 1540 796 δι’
1558 769 1688 800 ἀπάθειαν
1719 768 1856 806 ἑρμηνεύς

1025 823 1100 841 ουσα’
1125 815 1142 848 ἡ
1170 813 1338 850 Σουλαμῖτις
1361 814 1424 851 γὰρ,
1446 813 1630 851 εἴρηνεύουσα,
1647 812 1823 850 ἰρμηνεύιται
1843 821 1851 828 ⁸

1021 859 1065 886 καὶ
1091 858 1240 894 θεασόμεθα
1269 858 1295 885 ἓν
1324 858 1366 885 σοὶ
1395 858 1412 885 ἃ
1439 859 1523 895 μήπω
1546 857 1572 885 ἐν
1589 859 1695 888 ἑαυταῖς
1724 857 1852 896 ἑωράκα-

1023 913 1070 939 μιν
1115 902 1159 930 διὰ
1186 903 1236 936 τὴν
1269 903 1403 939 ἡμετέραν
1435 902 1569 930 ἀτέλειαν.
1598 905 1703 939 Ἐρωτᾷ
1729 901 1753 929 δ’
1778 901 1849 937 αὕτη

1021 947 1103 979 αὐτάς
1121 957 1127 963 ’
1158 949 1188 975 Τί
1217 945 1314 983 ὄψεσθε
1350 947 1376 974 ἐν
1412 949 1446 984 τῇ
1481 946 1662 983 Σουλαμίτιδι
1680 969 1686 981 ,
1715 948 1733 982 ἡ
1760 947 1850 984 ἰρχο-

1023 991 1090 1029 μένη
1121 993 1158 1023 ὡς
1199 992 1281 1029 χοροὶ
1310 993 1362 1019 τῶν
1400 989 1605 1028 παρεμϐολῶν,
1631 990 1730 1029 ἤγουν,
1755 991 1790 1020 Τί
1821 991 1849 1019 ἐν

1021 1036 1082 1073 ἐμοὶ
1114 1035 1240 1074 θεάσεσρι
1267 1037 1301 1072 τῇ
1330 1035 1520 1073 ιῖρηνιυούσῃ;
1553 1036 1589 1066 ὡς
1626 1035 1722 1073 μηκίτι
1761 1035 1848 1063 πολι-

1023 1083 1109 1118 μικῶς
1137 1081 1182 1108 καὶ
1211 1081 1396 1118 ἀγωνιστικῶς
1426 1080 1492 1108 κατὰ
1524 1081 1619 1117 πρᾶξιν
1647 1081 1696 1115 τὴν
1726 1090 1850 1118 κεκρυμ-

1023 1125 1105 1162 μένην
1129 1135 1180 1162 μου
1219 1124 1335 1152 διάθεσιν
1363 1124 1515 1163 φανερούσῃ
1545 1123 1589 1152 διὰ
1615 1127 1664 1152 τοῦ
1693 1124 1822 1161 σώματος
1840 1133 1847 1140 ·

1021 1169 1093 1198 ἀλλὰ
1109 1169 1227 1207 λογικῶς
1255 1170 1300 1197 καὶ
1329 1171 1486 1206 γνωπικῶς
1515 1172 1572 1200 τοῖς
1601 1169 1712 1204 ἀληθῶς
1735 1170 1848 1207 ἀγαθοῖς

1021 1214 1176 1252 ὶμμενούσῃ
1205 1213 1249 1242 διά
1276 1213 1445 1249 τελειότητα,
1479 1215 1496 1248 ἠ
1527 1214 1557 1241 ἐκ
1588 1215 1635 1241 τοῦ
1669 1215 1724 1241 τῶν
1752 1213 1847 1245 παθῶν

1020 1259 1146 1296 πολέμου
1176 1258 1379 1296 ἐπανερχομένη
1407 1258 1533 1293 πληθύς·
1565 1257 1656 1296 ὥσπερ
1688 1259 1759 1289 τινὶς
1787 1258 1849 1285 ἐπι-

1020 1304 1123 1335 νικίους
1138 1302 1246 1339 ᾅδοντες
1261 1303 1362 1340 ὕμνους
1376 1303 1457 1341 χοροὶ
1473 1305 1526 1330 τῶν
1555 1303 1584 1330 ἐκ
1605 1302 1733 1339 πολέμου
1763 1302 1847 1330 ἐπαν-

1021 1349 1188 1386 ιρχομὲνων.
1215 1348 1347 1379 Γενναίως
1375 1349 1426 1385 γὰρ
1456 1347 1481 1374 ἐν
1508 1349 1548 1384 τῷ
1575 1347 1644 1374 κατὰ
1670 1349 1724 1374 τῶν
1751 1349 1846 1379 παθῶν

1020 1393 1137 1429 πολέμῳ
1178 1391 1375 1431 ἀγωνισάμεναι
1415 1392 1483 1420 κατὰ
1527 1392 1592 1423 τοὺς
1631 1392 1749 1430 τρόπους
1791 1394 1865 1419 τῶν*

1021 1438 1133 1475 ἀρετῶν,
1163 1438 1201 1468 ὡς
1230 1436 1379 1468 ἐπινικίους
1407 1436 1509 1474 ὕμνους
1522 1436 1586 1468 τοὺς
1612 1437 1715 1464 τούτων
1743 1435 1847 1474 λόγους

1020 1481 1096 1518 ᾄδετε
1111 1484 1278 1520 γνωπικῶς.

1301 1528 1359 1554 Τῶν
1373 1527 1395 1564 γ’
1410 1526 1546 1564 Πατὲρων.

1055 1571 1090 1599 Αἱ
1107 1569 1135 1598 δὲ
1153 1571 1299 1608 μαθήτριαι
1322 1571 1369 1598 τὸν
1398 1574 1447 1605 τῆς
1476 1570 1586 1607 νύμφης
1615 1567 1723 1597 ἔπαινον
1753 1572 1845 1597 ποιεῖ-

1019 1621 1079 1647 σθαι
1107 1616 1308 1653 ἆπαρχόμιναι,
1323 1614 1406 1648 φασί·
1422 1615 1454 1642 Τί
1483 1615 1662 1652 ὡραιώθησαν
1688 1611 1846 1650 διαϐήματά

1018 1670 1066 1687 του
1093 1660 1119 1687 ἐν
1148 1659 1316 1696 ὑποδήματι,
1345 1659 1463 1697 Θύγατιρ
1490 1657 1595 1687 Ναδάϐῐ
1613 1658 1755 1694 δηλονότι,
1772 1662 1844 1686 Θαυ-

1021 1705 1118 1741 μάσιον
1149 1703 1253 1736 κάλλος
1293 1703 1472 1731 ινδείκνυνται
1502 1705 1529 1730 αἱ
1561 1704 1628 1731 κατὰ
1664 1703 1711 1734 τὰς
1750 1703 1847 1741 ἀρετὰς

1018 1746 1246 1786 συγκαταϐατικαὶ
1282 1749 1349 1786 πρὶς
1389 1750 1462 1785 ἡμᾶς
1496 1747 1604 1786 πορεῖαί
1643 1757 1690 1774 σου
1728 1747 1754 1774 ἐν
1784 1750 1844 1778 τοῖς

1017 1793 1120 1821 τούτων
1136 1794 1204 1820 κατά
1223 1795 1318 1830 πρᾶξιν
1342 1794 1466 1830 τρόποις,
1483 1792 1528 1823 οὓς
1557 1792 1651 1829 οἷάπερ
1682 1791 1845 1828 ὑποδήματα

1020 1837 1206 1872 ὑποδέδενται,
1234 1837 1279 1865 ’ἱνα
1309 1836 1353 1864 διὰ
1382 1838 1509 1873 σώματος
1540 1835 1669 1874 δειχθῶσι
1696 1839 1755 1868 ταῖς
1784 1836 1843 1863 ἀτε-

1019 1881 1093 1910 λέσιν
1104 1884 1184 1919 ἡμῖν,
1201 1882 1245 1910 καὶ
1261 1883 1430 1918 τυπωθῶμεν
1446 1882 1515 1920 πρὸς
1539 1882 1636 1919 ἀρετήν
1658 1883 1698 1917 τῷ
1722 1880 1791 1908 κατὰ
1815 1881 1844 1908 σε

1018 1925 1227 1964 παραδείγματι.
1264 1927 1378 1964 θύγατερ
1424 1928 1512 1954 Θεοῦ·
1542 1926 1579 1955 ὡς
1618 1925 1753 1953 ἀκούουσα
1788 1927 1842 1952 τῶν

1020 1971 1108 2008 λόγων
1138 1971 1232 2004 αὐτοῦ,
1262 1971 1305 1998 οἷα
1331 1971 1444 2008 πατρὸς,
1460 1971 1490 2001 ὃς
1517 1970 1622 1997 πάντων
1653 1970 1701 2006 μὶν
1725 1969 1772 1997 κᾶν
1804 1971 1843 2006 μὴ

1019 2015 1134 2044 θέλωσιν
1162 2016 1260 2053 ἄρχει·
1292 2017 1340 2042 σοῦ
1369 2014 1397 2042 δὲ
1425 2016 1470 2042 καὶ
1500 2013 1642 2043 ἑκουσίως.
1673 2011 1764 2042 Ναδὰϐ
1793 2014 1844 2052 γὰρ

1020 2058 1112 2097 ἅρχων
1156 2060 1173 2094 ἢ
1211 2060 1325 2097 ἡγεμὼν
1367 2059 1590 2096 ἐκουσιαζόμενος
1641 2057 1818 2096 ἑρμηνεύεται
1837 2068 1843 2075 ·

1021 2104 1091 2132 οὕτω
1107 2102 1130 2131 δ’
1145 2103 1211 2131 εἰσὶν
1227 2104 1254 2130 αἱ
1270 2104 1328 2131 κατ’
1345 2103 1442 2141 ἀρετὴν
1471 2103 1580 2142 πορεῖαί
1595 2113 1642 2131 σου
1668 2104 1785 2142 ὡραῖαι·
1803 2102 1845 2131 δτι

1019 2149 1131 2185 Ῥυθμοὶ
1163 2151 1258 2186 μηρῶν
1289 2159 1337 2176 σου
1371 2147 1465 2185 ὅμοιοι
1491 2146 1723 2186 ὁρμίσκοις,ἔργα
1742 2150 1844 2186 χειρῶν

1020 2193 1157 2231 τεχνίτου.
1179 2191 1291 2228 Δηλαδή
1307 2193 1334 2220 αἱ
1363 2193 1430 2220 κατὰ
1460 2192 1543 2230 λόγον
1571 2192 1694 2220 εὔτακτοι
1723 2193 1845 2228 κινήσεις

1023 2239 1078 2266 τῶν
1101 2238 1161 2275 περὶ
1189 2238 1220 2265 τὸ
1249 2237 1274 2265 ἐν
1305 2237 1406 2275 γενέσει
1433 2238 1479 2265 καὶ
1508 2238 1596 2276 φθορᾷ
1622 2238 1844 2274 καταγινομὲνων

1021 2283 1175 2320 πρακτικῶν
1212 2293 1259 2310 σου
1296 2281 1458 2318 δυνάμεων·
1487 2285 1539 2317 τῆς
1575 2281 1731 2318 ἐπιθυμίας,
1759 2281 1844 2320 λιγω,

1021 2328 1066 2355 καὶ
1089 2329 1138 2355 τοῦ
1167 2329 1265 2364 θυμοῦ,
1296 2327 1333 2358 ὡς
1365 2327 1417 2354 ὑπὸ
1445 2326 1572 2364 τεχνίτου
1599 2328 1648 2353 τοῦ
1677 2326 1763 2363 λόγου
1790 2326 1844 2354 ἀπὸ

1021 2374 1074 2400 τῶν
1104 2374 1226 2410 γενητῶν
1269 2371 1312 2399 καὶ
1356 2373 1482 2410 φθαρτῶν
1514 2371 1582 2409 πρὸς
1609 2371 1642 2398 τὰ
1667 2371 1734 2408 ὑπὲρ
1761 2373 1845 2398 ταῦτα

1021 2417 1227 2453 καμπτόμεναι,
1257 2418 1469 2454 παρεικάζονται
1506 2415 1648 2453 ὁρμίσχοις
1685 2415 1844 2454 εἱργαζομὲ-

1021 2471 1078 2492 νοις
1102 2461 1153 2488 ὑπὸ
1182 2462 1286 2498 χειρῶν
1311 2461 1448 2498 τεχνίτου,
1477 2463 1615 2496 καμπτοῖς
1643 2462 1682 2496 τῷ
1711 2462 1845 2498 σχήματι.

1021 2507 1098 2538 Ὅθεν
1128 2505 1173 2532 καὶ
1198 2505 1228 2533 '0
1259 2503 1386 2544 ὀμφαλός
1414 2515 1461 2532 σου
1498 2505 1603 2543 κρατήρ
1640 2505 1775 2543 τορευτὸς,
1807 2506 1845 2541 μὴ

1024 2549 1218 2588 ὑστερούμενος
1261 2552 1362 2587 κρᾶμα.
1401 2550 1512 2580 Πάντως
1553 2550 1583 2577 τὸ
1611 2549 1770 2585 αἶ’σθητικόν
1798 2560 1845 2577 σου

1022 2593 1068 2632 (δι’
1084 2595 1115 2622 οὗ
1132 2594 1170 2626 ὠς
1186 2593 1220 2621 δι’
1237 2593 1366 2632 ὀμφαλοῦ
1394 2595 1425 2622 τὸ
1451 2594 1477 2622 ἐν
1503 2595 1593 2632 μήτρᾳ
1623 2593 1720 2632 βρᾶφος
1747 2595 1844 2632 τρέφῃ,

1024 2641 1143 2679 φυσικῶς
1171 2641 1205 2676 τῇ
1234 2639 1294 2666 κατ’
1308 2638 1430 2674 αἴσθησιν
1461 2639 1561 2676 θεωρίᾳ
1589 2641 1641 2666 τῶν
1667 2637 1764 2673 ὅντων,
1781 2638 1847 2666 συλ-

1024 2683 1159 2723 ληφθεῖσα
1189 2684 1240 2711 ὑπὸ
1267 2687 1317 2719 τῆς
1344 2686 1452 2712 πάντων
1470 2683 1574 2721 μητρὸς
1602 2683 1709 2722 σοφίας,
1739 2683 1783 2710 καὶ
1812 2685 1846 2720 τῇ
