1951 3051
80 98 144 128 669

605 98 808 129 COMMENT.
831 98 870 128 IN
893 97 1094 129 CANTICUM
1118 99 1270 129 CANTIC.

1732 97 1794 128 6'10

82 164 167 202 κακίῃ
195 165 382 200 νηπιάζουσα)
411 163 520 202 δοχεῖόν
552 163 608 192 ἐστι
635 166 684 200 τῆς
713 168 828 204 φυσικῆς

1017 166 1043 193 ὼ
1059 165 1139 194 omni
1154 166 1256 194 fraude
1270 166 1449 202 sejunctnm,
1473 174 1508 194 ae
1531 167 1686 202 propterea
1708 165 1787 194 haud

81 211 190 248 ὁρατῶν
205 210 344 248 γνώσεως,
369 209 460 240 καλῶς
482 211 515 246 τῇ
544 209 666 247 μαχαίρᾳ
689 209 736 237 τοῦ
754 209 909 246 [Ινεύματος

81 254 222 291 ξεσμὲνον
256 255 301 282 καὶ
333 257 384 289 τῆς
423 254 528 289 ἀπάτης
570 254 781 292 ἀπηλλαγμένον
800 264 807 271 ⁶

80 302 175 332 τεῦθιν
201 299 238 331 ὠς
269 300 306 335 μὴ
330 298 440 336 ἀλόγως
466 301 520 326 τῶν
551 298 685 334 αἰσθητῶν
709 296 908 335 ἀντιλαμϐανό-

84 355 178 381 μενον,
209 344 239 371 οὐ
265 343 348 380 ψιλὰς
377 344 425 375 τὰς
452 343 608 382 ἐπιφανείας
636 346 689 371 τῶν
719 344 822 381 ἀρετῶν
847 343 909 371 ἐπι-

82 389 204 427 φέρεται,
235 388 307 417 ἀλλὰ
348 389 435 420 πάσας
472 391 531 420 τοῖς
574 391 769 425 πνευματικοῖς
804 388 909 416 τούτων

82 433 182 471 λόγοις
219 433 425 470 κεκερασμένας.
464 434 494 461 ἸΙ
528 431 557 460 δὲ
592 433 686 461 κοιλία
715 444 762 460 σου
793 432 910 469 Θημονία

81 478 159 506 σίτου
184 478 360 516 πεφραγμένη
386 478 412 505 ἐν
440 478 562 516 κρίνοις·
588 476 663 512 ἤτοι,
695 478 730 505 Τὸ
768 488 909 516 φανταστι-

80 523 130 550 κόν
145 533 204 557 σου,
220 522 298 559 ὅπερ,
315 524 359 550 οἶα
381 521 474 550 κοιλία
498 522 545 549 σὺν
569 525 628 553 τοῖς
644 523 831 559 περιττώμασι
846 521 908 552 τοὺς

81 566 113 594 ἐκ
136 569 190 593 τῶν
218 567 369 605 βρωμάτων
392 566 502 604 χυμοὺς
522 566 694 604 ἀδιακρίτους
718 566 821 593 τούτων
851 566 909 593 ἇπι-

82 611 236 650 φερομένη)
266 611 322 648 ἅμα
349 614 408 642 ταῖς
436 611 604 650 ἐπιφανείαις
626 613 679 638 τῶν
711 611 815 648 ὁρατῶν
845 610 908 641 τοὺς

80 656 189 684 τούτων
220 655 373 694 ἐπιφέρεται
399 655 510 693 λόγους,
537 655 662 686 ἇπόθεσίς
692 655 747 682 ἐστι
776 654 820 682 καὶ
851 654 909 682 δια-

85 701 159 738 μονὴ
175 700 252 739 (ὅπερ
267 701 298 728 τὸ
321 701 440 737 θημονία
465 699 559 737 δηλοῖ)
581 702 630 727 τοῦ
652 697 757 732 ἔνδοθεν
773 701 827 727 τῶν
844 709 907 738 φαν-

84 747 182 773 θεισῶν
213 745 387 784 ἐπιφανειῶν,
416 745 453 776 ὡς
481 745 532 772 ὑπὸ
557 744 701 782 ἀσταχύων
731 744 806 771 σίτου
830 754 908 782 περι-

83 789 295 826 καλυπτομένου
323 791 373 823 τῆς
402 789 428 818 ἰν
456 789 535 822 ὅλοις
564 789 694 825 ἀληθείας
722 788 908 827 λόγου,ἄχρις

845 254 892 281 κάν
898 270 908 276 -

84 833 117 863 ἂν
149 835 207 871 μετ’
236 834 390 871 ἐπιστήμης
423 833 578 871 διακρίνασα
610 833 793 873 ἀφελκύσηται
828 833 907 861 αὐτὸν
927 855 950 887 Β

90 881 97 887 .
139 878 177 887 μ,
317 880 323 887 ι
432 879 438 887 .
561 879 567 887 ι
619 879 626 887 ,
699 878 708 887 ς
724 878 731 887 ,
901 878 908 887 \

84 881 105 914 ὴ
137 878 252 914 διάνοια,
279 880 324 907 καὶ
356 879 458 916 γυμνὸν
487 879 587 911 παντὸς
617 878 843 915 ἐπικαλύμματος
866 878 909 906 καὶ

87 922 299 962 προϐλήματος,
326 925 496 962 παραπέμψῃ
520 927 560 960 τῷ
588 926 636 960 νῷ,
667 923 865 962 Πεφυλαγμένη
882 922 910 951 δά

85 967 186 1004 ἔστιν-ἦ
202 969 330 1000 ἀπόθεσις
349 966 416 1004 αὕτη
444 970 461 1004 ἡ
485 967 530 996 διὰ
557 971 610 997 τῶν
640 969 736 1006 κρίνων
761 971 810 996 τοῦ
825 969 910 1006 ἀγροῦ

84 1012 392 1051 παραδειγματιζομένη
409 1012 435 1040 ἐν
460 1013 650 1051 Εὐαγγελίοις,
681 1013 838 1050 ἀμεριμνίᾳ,
864 1012 910 1040 ’ίνα

84 1059 123 1095 μή
144 1059 194 1086 ὑπὸ
222 1060 275 1085 τῶν
299 1060 347 1085 τοῦ
378 1058 439 1096 βίου
468 1057 604 1096 διαφθαρῇ
635 1060 785 1095 μεριμνῶν,
802 1058 909 1085 καὶτοῦ

87 1103 113 1130 ὲν
143 1103 227 1140 ταύτῃ
264 1105 448 1140 πνευματικοῦ
483 1105 588 1140 καρποῦ
620 1103 633 1130 ὁ
676 1102 760 1134 καλὸς
789 1102 910 1140 γεωργὸς

78 1150 142 1179 νοῦς
169 1149 298 1186 στερηθῇ.
328 1149 379 1177 Καὶ
404 1148 476 1176 οὕτω
504 1149 550 1186 μὲν
576 1149 593 1183 ἡ
622 1149 717 1176 κοιλία
731 1159 788 1177 σον.
818 1149 851 1176 Οἱ
881 1146 909 1176 δὲ

83 1192 132 1220 δύο
168 1193 264 1230 μαστοί
293 1204 351 1228 σου,
390 1193 427 1224 ὡς
466 1192 513 1220 δύο
551 1191 643 1231 νεϐροὶ
675 1191 785 1229 δίδυμοι
815 1191 910 1231 δορκά-

82 1237 128 1269 δος
147 1247 154 1254 ⁸
169 1237 264 1276 ἤγουν,
280 1238 311 1266 Ἡ
336 1239 435 1276 φυσική
459 1237 502 1265 καὶ
524 1239 540 1273 ἡ
557 1238 639 1273 ἠθική
658 1237 820 1266 διδασκαλία
835 1249 883 1265 σου
900 1247 906 1255 ⁸

85 1281 120 1310 δι’
150 1283 186 1310 ὧν
207 1284 254 1314 τὰς
292 1282 397 1313 ἀτελεῖς
421 1283 527 1321 τρέφεις
550 1284 636 1319 ἡμᾶς,
667 1283 762 1321 οἷάπερ
791 1282 907 1320 γάλακτι

83 1330 142 1359 τοῖς
159 1330 282 1366 φυσικοῖς
300 1326 392 1364 λόγοις
408 1327 452 1354 καὶ
467 1327 580 1365 τρόποις
596 1327 664 1364 πρὸς
679 1329 729 1362 τήν
754 1327 778 1355 ἐν
803 1328 908 1365 Χριστῷ

83 1371 244 1407 τελειότητα
260 1382 265 1388 ·
298 1370 354 1409 ἅμα
380 1371 409 1399 ἐκ
435 1374 482 1399 σοῦ
508 1372 577 1410 κγτᾶ
605 1373 651 1409 μὲν
668 1371 780 1410 θεωρίαν
798 1371 909 1410 ὀξυδερ-

83 1419 149 1453 κῶς,
179 1417 247 1444 κατὰ
275 1415 304 1444 δὲ
332 1416 426 1454 πρᾶξιν
445 1415 603 1454 ὀξυδρὸμως
618 1416 743 1455 προΐασιν
761 1426 767 1432 ·
785 1417 822 1448 ὡς
839 1418 908 1454 μήτε

82 1461 128 1490 τὸν
146 1461 229 1499 λόγον
253 1460 400 1499 ἄπρακτον,
426 1462 495 1498 μήτε
518 1462 567 1497 τὴν
595 1462 690 1499 πρᾶξιν
721 1460 821 1499 ἄλογον
849 1460 907 1489 ἐπι-

82 1505 270 1543 δεικνυμὲνης.
302 1506 372 1543 Πρὸς
400 1505 507 1537 τούτοις
545 1505 583 1534 δὲ.
609 1504 756 1544 Τράχηλός
786 1517 844 1541 σου,
870 1506 908 1537 ὡς

81 1551 185 1589 πύργος
211 1550 393 1589 ἰλεφάντινος,
426 1549 535 1586 Είίτουν,
572 1551 609 1579 Τὸ
647 1550 779 1578 συνάπτον
808 1551 846 1587 τῷ
870 1553 908 1587 νῷ

80 1597 131 1631 τὴν
155 1595 282 1630 αἴσθησιν
316 1594 430 1632 λογικόν
470 1606 530 1631 σου,
558 1595 677 1633 καθάπερ
701 1594 846 1634 τράχηλος
874 1597 908 1632 τῇ

82 1639 189 1680 κεφαλῇ
216 1641 247 1668 τὸ
270 1639 368 1668 λοιπὸν
405 1642 495 1676 σῶμα,
527 1641 572 1668 οἷα
602 1641 649 1677 μὲν
678 1641 781 1679 πύργος
806 1638 909 1678 αἶ’ρεται

78 1686 139 1714 καν²
155 1685 252 1722 ἀρετὴν
267 1685 320 1712 ἀπὸ
349 1687 402 1712 τῶν
428 1687 562 1722 σαρκικῶν
592 1685 660 1722 πρὸς
686 1686 720 1712 τὰ
739 1685 910 1721 πνευματικᾶ

84 1730 130 1759 καὶ
161 1729 293 1766 οὔράνιαι
311 1730 356 1756 οἷα
385 1728 409 1756 δ’
433 1728 605 1764 ἕλεφάντινος
630 1728 703 1757 λεῖον
733 1730 848 1767 ὑπάρχει
864 1729 908 1756 καὶ

83 1775 200 1813 καθαρὸν
218 1773 263 1802 διὰ
280 1774 311 1802 τὸ
329 1773 508 1811 ἀπηλλάχθαι
526 1778 576 1808 τῆς
590 1775 648 1802 κατ’
663 1774 786 1812 ἔλλειψιν
800 1775 908 1812 ἀρετῆς,

80 1820 128 1855 κηὶ
150 1818 307 1857 ὑπερϐολὴν
338 1818 507 1855 μολυντικῆς
528 1821 583 1846 τῶν
612 1821 708 1857 ψυχῶν
738 1818 908 1855 ἀνισότητος.

81 1863 130 1892 Καὶ
160 1863 300 1903 ὀφθαλμοί
342 1874 402 1899 σου,
442 1864 478 1894 ὡς
521 1862 616 1899 λίμναι
660 1863 685 1891 ἂν
722 1862 854 1892 Ἐσσεϐὼν
882 1865 907 1893 ἐν

80 1907 180 1940 πύλαις
217 1908 351 1946 θυγαθρὸς
374 1906 500 1936 πολλὼν.
529 1907 654 1943 Δηλαδῆ,
681 1909 715 1936 Αἱ
745 1909 909 1947 θεωρητικαὶ

77 1957 128 1988 τῆς
157 1955 249 1991 ψυχῆς
272 1963 320 1980 σου
337 1952 477 1989 δυνάμεις,
508 1953 603 1990 οἷάπερ
634 1952 728 1990 λίμναι
755 1955 908 1992 συναγωγοὶ

80 2001 135 2026 τῶν
165 1998 190 2025 ἐν
221 1997 313 2028 αὐταῖς
344 1998 502 2035 είσρεόντων
533 1996 637 2025 ῧδάτων
667 1998 811 2035 συνάγουσι
832 1998 857 2026 ἓν
873 2001 908 2036 τῇ

77 2043 186 2078 αὐξήσει
215 2046 263 2077 τῆς
291 2042 350 2070 κατ’
384 2042 482 2078 ἀρετὴν
513 2041 585 2072 θείας
614 2042 801 2081 καρποφορίας
830 2041 907 2081 (ὅπερ

75 2088 109 2115 τὸ
137 2084 272 2116 Ἐσσεῦὼν
308 2085 498 2123 ἑρμηνεύεται)
537 2085 581 2114 διὰ
611 2087 698 2123 μὲσῶν
729 2089 783 2114 τῶν
813 2087 907 2123 αἴσθη-

77 2142 156 2168 σεων,
173 2130 207 2159 δι’
233 2132 270 2159 ὢν
299 2128 337 2162 ὤς
366 2141 447 2158 τινων
476 2129 573 2158 πυλῶν
606 2130 643 2162 είς
668 2131 762 2169 νοερὰν
780 2133 907 2170 ψυχὴνὴ

75 2179 129 2205 τῶν
158 2175 230 2204 ὅλων
254 2178 354 2213 γνῶσις
382 2175 491 2203 εἰσιέναι
522 2175 634 2214 πέφυκε,
661 2177 711 2210 τὴν
740 2177 905 2213 τικτομένην

963 212 1083 246 temere,
1099 219 1163 246 quas
1180 212 1234 239 sub
1255 219 1375 239 sensum
1391 211 1513 246 cadunt,
1538 210 1713 246 percipiens,
1730 218 1788 238 non

964 255 1113 291 simplices
1128 255 1270 283 virtutum
1286 255 1398 291 species
1414 255 1508 289 affert,
1522 255 1573 283 sed
1583 263 1683 283 omnes
1699 255 1790 291 spiri—

966 300 1074 328 talibus
1090 308 1192 328 earum
1208 300 1374 328 rationibus
1391 300 1682 336 temperatas.Venter
1693 301 1790 328 autem

964 350 1026 373 tuus
1039 346 1111 373 sicut
1121 353 1234 373 acervus
1263 345 1352 372 tritici
1373 344 1496 373 vallatus
1521 344 1604 372 litiis.
1630 343 1678 372 Vis
1701 343 1792 372 nimi-

964 398 1029 418 rum
1042 390 1315 426 imaginativa,qum
1327 389 1446 425 quidem
1463 390 1613 425 (utventer
1622 388 1711 417 simul
1722 397 1790 416 cum

964 435 1053 462 rebus
1066 435 1224 471 superﬂuis
1235 434 1368 462 ciborum
1379 442 1483 462 succos
1493 434 1528 462 ab
1541 433 1600 462 illis
1615 433 1791 462 indiscretos

964 479 1104 514 continet)
1116 488 1175 507 una
1199 487 1264 507 cum
1282 487 1378 506 rerum
1394 478 1556 506 visibilium
1571 478 1725 514 speciebus
1739 486 1790 506 ea-

964 531 1029 550 rum
1046 524 1176 551 rationes
1200 524 1285 560 gerit,
1307 526 1353 552 est
1385 523 1524 559 repositio
1553 525 1581 551 et
1608 523 1790 551 conservatio

963 568 1051 603 (quod
1068 568 1187 603 quidem
1199 576 1319 596 acervus
1336 568 1457 602 indicat)
1473 568 1595 596 rationis
1610 575 1709 596 rerum
1725 576 1790 596 om-

965 613 1046 639 nium
1063 612 1205 647 veritatis,
1222 621 1287 647 qua:
1302 612 1380 640 inter
1400 612 1524 648 species.
1540 614 1572 639 ut
1594 612 1672 640 inter
1692 612 1790 648 spicas

964 657 1104 692 triticum,
1122 657 1312 684 circumtecta
1332 656 1506 690 includitur,
1521 657 1613 684 donec
1629 664 1681 692 per
1694 657 1790 685 scien-

963 701 1036 729 tiam
1048 701 1185 737 cogitatio
1196 701 1291 737 ipsam
1305 701 1491 737 distinguens
1502 701 1791 735 attraxerit,nudam-

965 753 1022 782 que
1038 747 1074 774 ab
1090 746 1169 774 omni
1185 746 1386 782 integumento
1398 754 1431 774 ae
1454 745 1636 774 dubitatione
1655 746 1691 774 ad
1704 754 1790 774 men-

965 792 1025 819 tem
1037 790 1476 819 transmiserit.Circumvallata
1486 793 1584 819 autem
1594 791 1791 819 custoditaest

965 835 1026 863 haec
1037 835 1176 872 repositio
1188 835 1411 871 tranquillitate,
1428 843 1491 871 qua!
1512 835 1574 872 agri
1593 835 1723 864 liliorum
1739 843 1789 864 ex-

965 880 1061 916 emplo
1079 881 1108 907 in
1129 879 1293 916 Evangeliis
1315 880 1523 914 declaratur",
1549 888 1585 908 ne
1609 880 1696 908 istius
1722 880 1791 908 vita

965 924 1187 953 sollicidinibus
1198 933 1281 953 mens
1305 924 1390 960 quasi
1411 925 1507 952 bonus
1522 924 1649 960 agricola
1663 924 1788 961 spiritali

964 969 1059 1006 ipsius
1077 970 1172 997 fructu
1186 970 1326 1005 privetur.
1339 971 1430 1005 Atque
1441 969 1482 997 ita
1495 969 1614 1005 quidem
1633 978 1665 998 se
1687 972 1790 998 venter

964 1014 1063 1042 habet.
1087 1015 1145 1042 Duo
1172 1016 1270 1042 autem
1298 1014 1387 1042 ubera
1416 1016 1474 1048 tua,
1499 1019 1571 1042 sicut
1594 1015 1647 1042 duo
1673 1014 1790 1042 hinnuli

963 1059 1075 1094 gemelli
1098 1067 1211 1094 caprea.
1228 1059 1377 1087 Naturalis
1393 1062 1421 1086 et
1436 1059 1557 1087 moralis
1580 1059 1714 1087 doctrina
1728 1067 1794 1095 qua.

964 1113 1017 1132 nos
1028 1105 1214 1140 imperfectos
1231 1107 1372 1140 tanquam
1384 1105 1469 1137 lacte,
1483 1107 1547 1132 tum
1559 1104 1723 1133 rationibus
1735 1113 1786 1134 na-

963 1149 1118 1184 turalibus,
1131 1151 1215 1177 tuum
1234 1149 1364 1178 moribus
1377 1150 1413 1177 ad
1429 1158 1493 1178 eam
1506 1158 1569 1186 quae
1581 1150 1611 1178 in
1621 1149 1735 1178 Christo
1746 1152 1790 1178 est

963 1195 1174 1230 perfectionem
1191 1194 1284 1222 nutrit
1301 1202 1307 1222 :
1326 1194 1434 1230 pariter
1449 1203 1484 1222 ex
1498 1197 1526 1223 te
1549 1197 1613 1222 tum
1642 1197 1726 1223 acute
1739 1203 1791 1230 per

963 1239 1253 1275 contemplationem,
1266 1241 1329 1267 tum
1341 1247 1392 1275 per
1403 1239 1547 1267 actionem
1559 1239 1693 1268 celeriter
1705 1239 1770 1267 ﬂuit
1782 1248 1790 1267 :

964 1292 1031 1311 cum
1048 1292 1143 1319 neque
1159 1284 1302 1312 rationem
1319 1284 1382 1312 sine
1398 1284 1522 1317 actione,
1539 1292 1634 1320 neque
1645 1284 1791 1312 actionem

963 1329 1027 1357 sine
1042 1329 1154 1357 ratione
1164 1329 1269 1357 doceas
1294 1337 1358 1356 esse
1382 1328 1633 1364 conplectendum.
1654 1330 1698 1357 Ad
1727 1329 1789 1357 hiec

962 1374 1064 1402 collum
1079 1377 1157 1401 tuum
1171 1374 1244 1402 sicut
1260 1375 1346 1402 turris
1360 1374 1495 1402 eburnea.
1508 1373 1640 1402 Rationis
1655 1373 1710 1409 vis,
1727 1382 1790 1410 qua

963 1420 996 1446 ut
1011 1418 1120 1446 collum
1135 1419 1223 1454 capiti
1247 1426 1354 1454 corpus
1371 1418 1530 1454 reliquum,
1547 1418 1589 1446 ita
1604 1418 1695 1447 menti
1721 1427 1788 1447 sen-

963 1471 1029 1490 sum
1045 1462 1201 1490 connectit.
1219 1463 1309 1490 turris
1334 1463 1451 1499 quidem
1478 1462 1572 1491 instar
1586 1471 1638 1499 per
1651 1462 1790 1491 virtutem

965 1516 982 1535 a
997 1507 1084 1535 rebus
1096 1507 1264 1535 carnalibus
1276 1507 1312 1535 ad
1322 1507 1472 1543 spiritales
1483 1515 1515 1535 ac
1526 1507 1658 1536 ccelestes
1679 1507 1790 1536 extolli-

923 1540 945 1574 C
963 1554 1023 1586 tur;
1034 1551 1106 1580 levis
1117 1554 1161 1580 est
1171 1554 1270 1580 autem
1283 1554 1311 1579 et
1327 1540 1400 1588 pura
1411 1560 1474 1588 quas
1490 1554 1535 1581 est
1549 1552 1632 1589 ebur,
1651 1553 1792 1589 quoniam

965 1597 1001 1625 ab
1012 1597 1212 1633 inaequalitate
1229 1605 1292 1634 quae
1304 1597 1334 1625 in
1350 1605 1470 1625 excessu
1487 1598 1659 1634 defectuque
1673 1598 1794 1626 virtutis

964 1642 1041 1670 inest
1053 1645 1081 1670 et
1096 1642 1212 1670 animas
1223 1642 1370 1678 inquinat,
1383 1644 1428 1671 est
1439 1643 1648 1671 remotissima.
1663 1644 1698 1671 Et
1712 1643 1786 1671 oculi

964 1687 1008 1714 tui
1022 1688 1091 1714 sicut
1105 1687 1222 1722 piscina
1245 1688 1276 1714 in
1300 1687 1418 1715 Essebon
1442 1688 1472 1715 in
1492 1688 1583 1723 portis
1604 1688 1670 1722 ﬁlia:
1685 1688 1788 1716 multo-

963 1740 1036 1760 rum.
1052 1731 1163 1759 Animae
1188 1734 1245 1759 tua)
1269 1731 1404 1767 potentia:
1431 1731 1629 1767 speculativse,
1650 1734 1790 1768 tanquam

964 1777 1083 1813 piscinis
1099 1785 1191 1812 aquas
1206 1785 1270 1812 quae
1291 1776 1320 1804 in
1344 1785 1374 1804 se
1394 1776 1533 1810 inﬂuunt,
1551 1776 1735 1812 colligentes,
1758 1777 1788 1804 in

963 1821 1067 1850 divina:
1086 1821 1229 1849 ubertatis
1249 1821 1290 1856 (id
1315 1821 1392 1848 enim
1419 1821 1566 1857 significat
1580 1821 1723 1856 Essebon)
1739 1829 1791 1857 per

962 1865 1104 1894 virtutum
1132 1866 1322 1898 incrementa,
1349 1873 1491 1893 sensuum
1516 1873 1605 1901 opera
1632 1873 1683 1901 per
1716 1873 1790 1901 quos

964 1910 1050 1947 quasi
1065 1918 1116 1946 per
1131 1910 1274 1945 quasdam
1291 1911 1391 1945 portas
1402 1909 1430 1936 in
1445 1909 1791 1938 animamintellectivam

963 1954 1091 1990 cognitio
1107 1963 1205 1983 rerum
1219 1954 1393 1990 ingreditur,
1409 1961 1444 1982 ex
1466 1955 1547 1982 varia
1572 1962 1670 1982 rerum
1686 1957 1791 1982 natura

963 1999 1106 2035 colligunt
1143 1999 1352 2034 cognitionem,
1384 2007 1449 2034 quas
1477 2006 1512 2027 ex
1540 1998 1791 2035 contemplatione

963 2045 1161 2079 comparatur.
1187 2043 1329 2071 Praeterea
1352 2051 1437 2071 nasus
1462 2047 1525 2071 tuus
1539 2044 1610 2071 sicut
1634 2044 1722 2071 turris
1739 2044 1786 2071 Li-

963 2088 1038 2124 bani,
1054 2095 1115 2124 quae
1125 2089 1238 2124 respicit
1251 2088 1351 2124 faciam
1367 2089 1503 2116 Damasci.
1529 2088 1640 2124 Nempe
1663 2088 1708 2115 vis
1729 2087 1788 2116 dil-

962 2132 1098 2160 cernendi
1127 2132 1202 2167 (qua;
1230 2134 1262 2159 ut
1290 2131 1465 2160 suavitatem
1496 2140 1512 2159 a
1537 2131 1676 2166 fceditate,
1694 2131 1734 2159 sic
1751 2139 1786 2159 ea

963 2185 1027 2213 qua;
1054 2178 1217 2213 suggerunt
1249 2177 1374 2204 ministri
1396 2177 1513 2212 spiritus
1541 2178 1572 2205 in
1599 2177 1789 2205 ministerium

79 2221 149 2249 κατὰ
165 2220 278 2258 θεωρίαν
292 2222 402 2257 γνῶσιν,
432 2219 461 2246 ἐκ
484 2222 534 2254 τῆς
564 2218 696 2259 διαφόρου
722 2220 826 2260 φύσεως

1017 2222 1039 2249 si
1053 2223 1163 2258 propter
1178 2229 1221 2249 eos
1236 2222 1284 2257 qui
1297 2222 1398 2249 salutis
1414 2221 1603 2250 hwreditatem
1622 2229 1787 2256 consequen-

80 2266 176 2294 ὄντων.
192 2265 262 2302 Πρὸς
278 2263 307 2292 δὲ
329 2264 448 2295 τούτοις.
472 2265 587 2300 Μυκτήρ
610 2275 658 2292 σου
677 2265 714 2296 ὡς
739 2265 844 2304 πύργος
858 2269 906 2294 τοῦ

78 2308 208 2344 Λιϐάνου,
242 2308 384 2336 σκοπεύων
427 2308 575 2347 πρόσωπον
619 2312 773 2346 Δαμασκοῦ·
804 2309 907 2346 Δηλον‹

81 2353 300 2391 ὀτι,Τό(οῖάπερ
329 2351 444 2381 εὐωδίαν
475 2353 526 2380 ἀπὸ
552 2352 697 2389 δυσωδίας,
722 2354 842 2393 χωρίζον
858 2356 906 2387 τὰς

78 2399 218 2435 ὑποθήκας
266 2400 320 2426 τῶν
359 2397 397 2429 εἷς
452 2397 591 2426 διακονίαν
648 2398 905 2436 ἀποστελλομὲνων,

79 2443 124 2472 διὰ
151 2444 215 2475 τοὺς
263 2443 416 2480 μέλλοντας
458 2442 643 2481 κληρονομεῖν
676 2445 824 2481 σωτηρίαν,
849 2444 906 2472 λει-

78 2491 229 2527 τουργικῶν
257 2487 431 2524 πνεύματων,
459 2487 512 2515 ἀπὸ
537 2490 592 2515 τῶν
612 2486 772 2526 ὑπερϐολῶν
788 2491 841 2516 τῶν
857 2491 906 2522 τῆς

78 2534 213 2572 πονηρίας
242 2533 414 2569 πνευμάτων)
442 2530 607 2569 διακριτικόν
623 2543 681 2568 σου,
698 2533 781 2560 οἱονεί
803 2533 906 2571 πύργος

80 2578 253 2616 ὑψηλότατος
273 2577 342 2604 κατὰ
372 2576 419 2603 τὸν
448 2574 560 2603 Λίϐανον
578 2573 651 2614 ὅρος,
669 2575 824 2605 ἀποϐλέπον
838 2578 907 2606 κατὰ

78 2623 109 2651 τὸ
125 2622 271 2660 πρόσωπον
286 2624 336 2655 τῆς
360 2620 469 2651 πόλεως
486 2623 640 2657 Δαμασκοῦ,
658 2621 703 2649 καὶ
727 2623 774 2653 τὰς
804 2621 903 2650 ἐκεῖθεν

79 2670 134 2696 τῶν
150 2666 258 2705 ἐχθρῶν
275 2664 389 2703 ἐφόδους
413 2667 451 2701 τῷ
474 2664 584 2703 Ἰσραὴλ
601 2666 704 2702 μηνύον
722 2666 772 2702 νέξ
798 2666 904 2703 ὑψηλο-

117 2767 140 2786 τδ
154 2766 238 2794 Matt.
253 2773 293 2799 VI,
312 2764 354 2793 18.
393 2765 414 2783 τι
429 2765 516 2795 Hebr.
533 2775 554 2801 ι,
571 2766 615 2794 ii.

962 2266 1045 2300 tur”,
1062 2266 1099 2293 ab
1116 2265 1151 2294 iis
1166 2274 1229 2301 quae
1256 2274 1273 2293 ιι
1295 2265 1432 2301 nequitiae
1449 2266 1605 2301 spiritibus
1623 2273 1788 2301 suggerun-

937 2331 938 2334 η
961 2312 1025 2338 turs
1037 2310 1191 2346 diiudicat)
1218 2311 1262 2338 est
1280 2309 1368 2338 veluti
1393 2309 1559 2338 eelsissima
1583 2309 1675 2338 turris
1697 2318 1788 2346 super

962 2358 1091 2383 montem
1107 2355 1252 2382 Libanum
1279 2354 1335 2382 sita
1352 2362 1416 2390 quae
1432 2353 1552 2390 respicit
1576 2354 1680 2382 faciem
1705 2353 1789 2382 urbis

960 2400 1104 2435 Damasci,
1122 2403 1209 2436 atque
1232 2399 1301 2428 inde
1329 2399 1459 2428 hostium
1483 2400 1641 2428 adventum
1671 2399 1787 2428 indicat

961 2444 1466 2482 Israelizspirituumimmundorum
1482 2444 1609 2480 impetus
1621 2446 1649 2472 et
1660 2444 1786 2472 insidias

961 2489 1081 2526 respicit
1092 2493 1120 2517 et
1131 2489 1282 2523 discernit,
1304 2489 1495 2525 ipsorumque
1515 2489 1599 2517 dolos
1615 2489 1706 2517 menti
1730 2491 1789 2517 tuis

960 2537 1061 2568 Deum,
1075 2534 1171 2570 quoad
1187 2533 1263 2567 licet,
1280 2533 1407 2561 intuenti
1431 2533 1620 2567 denuntians,
1638 2535 1666 2561 te
1683 2533 1719 2562 ab
1735 2541 1786 2561 eo-

960 2587 1026 2606 rum
1043 2579 1195 2606 fraudibus
1208 2581 1237 2606 et
1247 2578 1364 2614 injuriis
1377 2578 1522 2614 integram
1534 2580 1694 2606 conservat.
1710 2578 1789 2606 Talis

960 2625 1058 2651 autem
1083 2625 1128 2651 est
1157 2623 1199 2651 vis
1215 2625 1265 2650 tua
1281 2622 1467 2651 discernendi
1484 2631 1516 2651 ac
1527 2622 1696 2658 judicandi,
1713 2631 1787 2658 quo-

959 2668 1037 2696 niam
1053 2669 1141 2704 caput
1165 2670 1249 2695 tuum
1275 2669 1306 2695 ut
1319 2666 1472 2696 Carmelus
1494 2675 1583 2704 super
1597 2669 1626 2696 te
1640 2667 1787 2703 (Christus
