1951 3051
146 95 202 126 671

813 95 1025 126 MlCHAELlS
1047 94 1184 126 PSELLI

1793 94 1854 124 6'72

142 161 244 197 utique
260 169 389 198 sponsus
404 163 485 198 tuus,
500 163 594 191 vivens
616 165 697 199 atque
723 163 824 198 efficax
849 162 966 190 Verbum

1064 171 1106 196 της
1135 160 1263 198 γνώσεως
1289 159 1337 192 τὰς
1363 157 1517 189 ἐπιλιύσιις
1545 169 1574 186 τε
1601 158 1647 186 καὶ
1673 157 1782 196 ἰνὲδρας
1800 158 1855 186 τὼν

142 207 303 242 pertingens
318 215 402 243 usque
413 208 453 235 ad
460 207 626 235 divisionem
644 209 747 235 animae
761 216 795 235 ac
809 208 925 243 spiritus
935 206 968 242 “¹”¹)

144 250 270 286 cognitio
287 253 332 279 est
346 251 592 286 circumcisionis,
609 260 672 287 qua:
684 252 712 280 in
728 254 756 280 te
767 254 809 280 est
825 252 880 288 (sic
890 251 968 279 enim

144 295 310 323 Carmelum
326 295 567 332 interpretamur)
583 298 741 332 amputans
757 305 773 324 a
787 298 816 324 te
831 296 908 331 quod
933 295 970 322 ab

145 342 209 367 ortu
222 340 311 367 hebes
322 340 459 368 vitiorum
468 340 816 377 integumentumgladio
829 339 968 375 Spiritus.

146 385 186 412 Ex
198 385 274 420 quod
290 385 322 412 iit
335 387 367 412 ut
382 385 490 414 mentis
499 388 555 413 tuas
567 385 671 413 oculus
682 384 912 421 intelligibilium
923 383 971 411 ho-

146 428 236 456 stium
256 429 378 456 astutias
392 429 476 457 facila
497 431 661 465 perspicere
682 429 787 464 valeat,
801 428 882 456 nulla
903 436 970 464 per-

146 472 312 501 turbatione
341 474 477 501 tenebras
504 474 683 501 oil‘undente.
709 473 906 505 Quamobrem
941 474 971 499 et

146 525 224 544 coma
251 519 351 553 capitis
382 519 424 545 tui
445 519 516 545 sicut
538 526 663 553 purpura
682 527 689 545 :
705 518 812 545 Christi
838 517 972 545 doctrina

146 561 283 589 videlicet
299 563 445 590 rationum
469 565 498 590 et
522 571 636 590 morum
653 571 727 590 nexu
745 564 888 596 contexta,
905 565 971 589 tan-

148 615 234 641 quam
252 607 329 642 regis
344 607 549 635 indumentum
561 610 606 634 est
620 607 710 634 animi
732 607 774 634 tui
790 607 924 641 amictus,
940 606 971 633 in

149 659 206 686 quo
231 651 282 678 ille
308 652 564 687 pertubationibus
593 652 772 684 dominatur,
799 654 827 678 et
855 654 900 678 est
922 658 973 678 rea:

147 696 256 723 uinctus
280 697 310 722 in
334 696 539 723 transcursibus
556 705 562 723 :
580 696 634 723 hoc
663 698 708 723 est
731 695 803 723 nulli
820 695 973 728 subiectus

148 740 372 775 perturbationi,
388 741 438 768 sed
470 741 575 768 divinas
605 740 686 768 illius
715 748 803 775 quam
833 739 972 773 diximus,

150 785 290 812 doctrinm
305 784 435 812 funiculo
452 785 560 820 ligatus
575 785 604 811 in
621 785 841 812 transcursibus
850 791 972 819 praesen-

1025 205 1188 243 ἆκαθάρπων
1213 204 1374 241 πνευμάτων
1403 201 1555 231 ἀποϐλέπει
1583 204 1628 230 καὶ
1644 202 1786 241 διακρίνει,
1806 202 1854 230 καὶ

1023 249 1087 282 τοὺς
1103 249 1201 280 δόλους
1217 250 1305 277 αὐτῶν
1328 251 1367 285 τῷ
1390 249 1458 276 κατὰ
1480 248 1512 276 τὸ
1535 246 1647 276 δυνατὸν
1669 248 1733 276 Θεὸν
1750 249 1854 285 ὁρῶντι

1024 293 1067 322 νοΐ
1096 305 1144 322 σου
1173 293 1287 330 μηνύον,
1304 294 1439 332 ἀνίπαφον
1453 303 1482 320 σε
1495 296 1546 328 τῆς
1558 293 1623 327 παρ’
1637 292 1724 320 αὐτῶν
1743 290 1855 330 βλάϐης

1025 338 1160 376 διατηρεῖ,
1188 341 1316 366 Τοιοῦτον
1344 337 1373 366 δέ
1403 337 1452 365 σού
1476 337 1531 365 ιστι
1547 338 1578 365 τὸ
1599 336 1765 375 διακριτικόν
1783 346 1791 353 ·
1810 337 1854 364 ὅτι

1025 383 1138 422 Κεφαλή
1167 394 1214 411 σου
1253 383 1296 410 ἰπὶ
1325 383 1364 417 σὲ,
1401 383 1438 414 ὡς
1471 383 1485 409 ὁ
1528 381 1691 419 Κάρμηλος,
1727 382 1854 416 Πάντως,

1025 429 1055 457 Ὁ
1079 428 1195 466 Χριστὸς
1210 429 1224 455 ὸ
1250 427 1368 467 νυμφίος
1384 438 1443 460 σου,
1455 427 1469 454 ὁ
1482 429 1534 462 ζῶν
1552 427 1597 454 καί
1621 426 1732 464 ἐνεργὴς
1750 426 1854 463 Λόγος,

1024 473 1068 500 καὶ
1096 472 1283 509 διικνούμενος
1318 471 1383 509 ἄχρι
1414 474 1550 509 μερισμοῦ
1578 473 1671 508 ψυχῆς
1696 471 1741 498 καὶ
1771 470 1855 498 πνεύ-

1028 528 1122 554 ματος,
1152 517 1294 555 ἐπίγνωσίς
1317 517 1386 545 ἐστιν
1416 520 1467 551 τῆς
1495 515 1521 543 ἐν
1539 516 1582 543 σοὶ
1598 519 1754 553 περιτομῆς
1774 515 1854 552 (ὅπερ

1026 562 1040 589 ὁ
1064 561 1212 598 Κάρμηλος
1252 560 1452 598 ἑρμηνεύεται),
1491 558 1626 598 περιελών
1669 571 1717 588 σου
1741 561 1773 588 τὸ
1800 560 1856 587 ἀπὸ

1025 606 1154 644 γενέσεως
1183 608 1236 632 τῶν
1276 606 1368 632 παθῶν
1415 604 1548 641 κάλυμμα
1589 607 1623 641 τῇ
1654 604 1777 642 μαχαίρᾳ
1804 607 1856 632 τοῦ

1027 649 1184 686 [Ινεύματος
1201 659 1207 666 ·
1244 649 1386 677 κάντεῦθεν
1415 650 1446 677 τὸ
1476 648 1554 686 ὄμμα
1580 653 1631 683 τῆς
1655 648 1774 680 διανοίας
1806 659 1856 676 σου

1026 697 1151 732 καθαρῶς
1180 694 1243 731 ὀρᾷν
1284 692 1392 722 δύναται
1430 695 1477 726 τὰς
1511 694 1637 732 μηχανὰς
1658 696 1713 721 τῶν
1742 695 1854 728 νοητῶν

1029 738 1145 775 ίχθτῶν,
1181 740 1218 774 μή
1263 749 1336 770 τινος
1375 739 1477 770 πάθους
1518 739 1724 769 ἐπισκοτοῦντος
1766 737 1855 773 αὐτῷ.

1028 784 1137 820 Διόπερ,
1167 782 1212 810 καὶ
1243 782 1361 810 Πλόκιον
1399 783 1521 822 κεφαλῆς
1558 793 1606 810 σου
1635 783 1672 813 ὡς
1699 782 1854 821 πορῳύρα·

147 829 186 856 tis
201 829 276 862 vitae,
291 836 326 856 ne
343 836 439 856 rerum
453 829 636 856 sensibilium
661 831 689 856 et
717 830 896 856 caducarum
925 828 973 855 lu-

1065 837 1101 861 οι⁷
1131 828 1163 855 Ἠ
1188 825 1233 854 διὰ
1259 826 1348 864 λόγων
1363 827 1408 855 καὶ
1424 827 1533 865 τρόπων
1549 826 1701 874 πλεχθεῖσά
1715 837 1757 854 σοι
1774 825 1858 854 διδα-

147 872 228 900 brico
245 873 425 908 prolabatur.

143 918 192 942 τοῦ
218 913 279 946 νοὸς
308 926 356 943 σου
377 914 525 953 περιϐολὴ,
550 916 576 944 ἐν
604 917 622 954 ᾖ
652 916 731 948 οὗτος
755 918 848 944 παθῶν
872 917 976 954 γίνεται
1013 915 1198 954 αὐτοκράτωρ,
1235 915 1278 943 καὶ
1324 916 1441 954 ὑπάρχει
1493 915 1620 953 βασιλεὺς

1026 871 1125 899 σκαλία
1153 871 1235 899 αὐτοῦ
1265 874 1395 909 Χριστοῦ,
1425 872 1469 899 οἷα
1499 872 1634 910 βασιλέως
1663 869 1768 908 ἕνδυμά
1797 870 1856 898 ἐστι

1663 914 1806 952 δεδεμένος
1830 915 1857 942 ἐν

146 959 336 997 παραδρομαῖς
355 970 361 977 ’
388 960 483 998 ἥγουν,
514 963 551 998 μή
581 972 633 989 τινι
663 961 853 998 ὑποκείμενος,
888 961 984 988 πάθει·
1013 959 1086 988 ἀλλὰ
1119 960 1154 998 τῇ
1185 960 1290 998 σχοίνῳ
1313 963 1363 996 τῆς
1391 960 1541 997 εἴρημένης
1570 960 1645 991 θείας
1673 959 1859 992 διδασκαλίας

148 1003 350 1040 διδεσμημὲνος
379 1005 404 1032 ἐν
434 1005 565 1044 παρόδοις
592 1010 641 1041 τῆς
668 1006 809 1044 παρούσης
839 1007 944 1043 βιοτῆς,
970 1004 1017 1032 *ίνα
1050 1005 1087 1042 μὴ
1116 1004 1253 1042 καταπέσῃ
1275 1007 1316 1041 τῷ
1344 1006 1402 1032 κατ’
1432 1004 1556 1040 αἴσθησιν
1586 1007 1640 1032 τῶν
1673 1005 1857 1042 προσκαίρων

147 1047 314 1087 ὀλισθηρῶν.

447 1105 543 1132 Trium
558 1106 685 1133 Patrum.

186 1148 274 1181 Quam
289 1148 395 1182 decora,
411 1150 436 1176 et
452 1157 534 1185 quam
550 1150 679 1185 jucunda
693 1151 766 1184 facta
781 1157 819 1177 es.
839 1149 973 1177 Admira-

150 1191 200 1218 bili
218 1192 327 1220 circum
341 1193 410 1220 data
421 1196 466 1221 est
478 1194 745 1229 pulchritudine,ea
757 1194 897 1221 nimirum
910 1202 973 1230 quas

148 1237 281 1271 pervenit
303 1237 338 1264 ad
364 1239 391 1265 te
414 1245 449 1265 ex
472 1237 668 1266 similitudine
696 1241 724 1266 et
757 1237 975 1274 exemplari:et

150 1288 261 1316 sponso
284 1281 441 1317 conjuncta
470 1285 557 1318 atque
572 1282 622 1310 illo
638 1283 748 1315 fruens,
766 1282 870 1310 referta
885 1290 915 1310 es
931 1282 974 1309 in-

149 1325 283 1352 credibili
296 1326 485 1361 jucunditate
511 1327 669 1362 spirituali.
695 1327 792 1355 Etnim
808 1327 929 1355 charitas
944 1327 974 1355 in

154 1370 262 1397 deliciis
277 1370 347 1404 tuis,
359 1379 424 1406 quas
440 1371 559 1407 quidem
572 1372 722 1400 exvirtute
735 1372 971 1408 proficiscuntur.

151 1414 223 1441 Cum
241 1414 319 1442 enim
336 1415 499 1450 gustaveris
514 1418 601 1452 atque
625 1417 808 1453 perspexeris
824 1416 972 1444 Christum

151 1466 217 1486 esse
232 1459 402 1494 Dominum,
419 1468 477 1488 non
501 1460 630 1496 amplius
645 1461 675 1488 in
692 1462 797 1488 timore
823 1460 872 1488 illo
897 1461 972 1488 bono

150 1502 287 1538 versaris,
305 1503 356 1531 sed
367 1506 428 1532 tota
442 1513 476 1532 ex
498 1504 592 1540 ipsius
618 1505 725 1540 pendes
749 1505 889 1533 charitate
909 1513 972 1540 qua:

149 1547 284 1574 timorem
301 1547 429 1583 expellit.
441 1549 520 1577 Unde
530 1551 718 1585 magnntudno
729 1552 776 1577 tua
785 1550 886 1585 palma:
898 1550 974 1577 simi-

146 1591 182 1619 lis
195 1592 276 1627 facta
290 1596 339 1620 est.
363 1592 426 1620 Tua
450 1593 583 1621 videlicet
611 1602 644 1621 ex
667 1594 775 1622 virtute
804 1594 972 1622 sublimitas

1312 1104 1372 1131 Τῶν
1389 1107 1413 1140 γ’
1428 1103 1566 1138 Πατιρων.

1064 1149 1097 1177 Τί
1134 1148 1280 1186 ὡραιώθης
1312 1147 1357 1174 καὶ
1384 1147 1410 1174 τί
1433 1146 1573 1182 ἡδύνθηςί
1608 1146 1707 1181 εἲτουν,
1741 1147 1858 1183 Θαυμά-

1028 1203 1085 1220 σιον
1113 1190 1279 1230 περιιόάλου
1308 1191 1423 1226 κάλλος,
1454 1190 1562 1227 δηλαδή
1592 1191 1624 1219 τὸ
1644 1192 1703 1223 καθ’
1719 1191 1857 1228 ὁμοίωσιν

1026 1239 1075 1265 τοῦ
1097 1237 1262 1275 ἀρχετύπου.
1294 1237 1364 1264 Καθὸ
1385 1238 1426 1273 τῷ
1450 1236 1560 1275 νυμφίῳ
1589 1237 1773 1274 συγγινομὲνη
1804 1236 1854 1264 καὶ

1028 1282 1203 1310 ἀπολαύουσα
1238 1282 1336 1309 τούτου
1378 1281 1519 1316 ἐπλήσθης
1552 1282 1739 1317 πνευματιχὴς
1766 1281 1856 1318 ἀφρά-

1028 1337 1092 1354 στου
1120 1325 1231 1361 ἡδονῆς.
1271 1326 1319 1354 Καὶ
1362 1326 1426 1364 γὰρ,
1456 1326 1562 1363 ’Δγαπη
1595 1325 1621 1353 iv
1650 1328 1767 1363 τρυῳαῖς
1792 1336 1855 1358 σου,

1029 1370 1158 1406 δηλονότι
1193 1372 1254 1401 ταῖς
1286 1371 1344 1398 κατ’
1384 1370 1493 1408 ἀρετήν.
1537 1370 1692 1406 Γιυσαμᾶνη
1724 1370 1777 1407 γὰρ
1809 1370 1856 1396 καὶ

1028 1414 1192 1452 θεασαμένη,
1222 1416 1263 1442 ὅτι
1305 1415 1424 1452 Χριστὸς
1462 1415 1476 1442 ὁ
1518 1414 1626 1452 Κύριος,
1657 1413 1746 1442 οὐκὲτι
1773 1411 1857 1451 φόϐῳ

1027 1462 1066 1496 τῷ
1089 1460 1182 1497 ἀγαθῷ
1208 1459 1338 1498 ἱντρυφᾷς
1356 1469 1362 1475 ·
1391 1459 1454 1487 ἀλλ’
1481 1458 1534 1494 ὅλη
1563 1462 1613 1494 τῆς
1635 1458 1739 1497 ἀγάπης
1753 1458 1855 1486 τούτου

1029 1504 1187 1542 ἰξήρτησαι,
1216 1503 1277 1538 ἥτις
1297 1502 1347 1538 ἔξω
1374 1502 1471 1541 βάλλει
1495 1503 1541 1531 τὸν
1572 1501 1665 1542 φόϐον.
1694 1503 1784 1539 Ὅθεν,
1814 1503 1856 1531 Τὸ

1029 1549 1142 1587 μιγεθός
1156 1559 1204 1575 σου
1220 1548 1354 1585 ὡμοιώθη
1382 1547 1422 1584 τῷ
1437 1547 1550 1585 φοίνικι.
1576 1547 1697 1580 Ηάντως,
1721 1547 1759 1576 Τὸ
1793 1547 1856 1574 κατ’

1027 1594 1125 1631 ἀρετὴν
1162 1593 1231 1630 ὕψος
1260 1603 1308 1620 σου
1336 1592 1513 1629 παριίκασται
1540 1594 1580 1628 τῷ
1608 1594 1642 1629 τῇ
1674 1592 1721 1629 μὶν
1748 1592 1853 1630 γῇοὺκ

145 1635 311 1663 assimilata
327 1638 372 1664 est
387 1637 500 1672 palmae,
518 1646 582 1673 quas
595 1638 692 1666 radice
706 1638 785 1666 haud
806 1639 845 1666 ita
859 1639 889 1666 in
905 1647 970 1674 pro-

1064 1649 1066 1667 :
1099 1638 1181 1675 βάθος
1207 1637 1394 1676 ἐῤῥιζωμένῳ,
1422 1637 1461 1668 εἰς
1489 1635 1557 1674 ὕψος
1583 1636 1605 1664 δ’
1622 1637 1721 1668 ἱκανῶς
1737 1637 1852 1674 ἀνατρι-

145 1680 269 1708 l'undum
283 1681 386 1713 tendit,
402 1682 451 1709 sed
468 1683 574 1710 vertice
590 1682 726 1711 sublimis
742 1683 901 1711 admodum
921 1691 969 1710 ex-

145 1723 268 1752 tollitur.
286 1725 328 1752 Tu
345 1725 416 1753 item
429 1726 464 1754 de
477 1727 565 1754 rebus
575 1727 699 1755 terrenis
711 1728 812 1755 leviter
826 1728 968 1763 cogitans,

144 1770 286 1803 quantum
303 1770 434 1805 corporis
459 1771 617 1799 necessitas
634 1775 718 1808 urget
743 1773 851 1800 mentis
870 1773 969 1800 altitu-

144 1811 212 1839 dine
227 1812 314 1840 cmlos
328 1814 463 1849 attingis,
486 1823 553 1842 cum
577 1815 613 1843 ad
628 1824 786 1844 mensuram
801 1818 894 1844 sitatis
908 1817 969 1852 ple-

143 1856 283 1884 nitudinis
308 1857 434 1885 Christi“
458 1860 636 1894 perveneris.
655 1861 686 1888 Et
713 1861 799 1888 ubera
824 1864 871 1889 tua
899 1863 971 1889 sicut

146 1900 227 1929 botri.
247 1902 340 1929 Ubera
364 1902 504 1930 nimirum
531 1904 667 1932 doctrinis
691 1907 747 1932 tum
764 1907 828 1933 tum
850 1905 970 1933 moralis

144 1947 209 1972 tum
226 1946 380 1979 naturalia,
396 1947 505 1982 quibus
519 1956 572 1975 nos
588 1949 684 1977 adhuc
695 1949 823 1977 infantes
835 1951 868 1977 ad
882 1951 970 1985 pieta-

143 1990 202 2016 tem
218 1990 357 2018 erudiens
372 1991 484 2024 aluisti,
495 2001 573 2020 nunc
584 1993 692 2021 similia
703 1994 779 2021 facta
788 1997 859 2022 sunt
868 1994 969 2030 palmas

145 2033 323 2066 botris,dum
340 2042 394 2062 nos
407 2035 442 2062 ad
460 2036 669 2071 perfectionem
691 2038 911 2074 progredientes
927 2039 970 2065 di-

146 2076 258 2105 viniora
287 2078 421 2106 doctrina
449 2081 557 2115 pascis,
574 2082 658 2116 quasi
689 2082 790 2110 melita
818 2083 969 2111 botrorum

146 2121 249 2157 palmas
266 2122 433 2151 dulcedine.
450 2126 554 2161 Itaque
571 2126 744 2162 magnitudo
760 2127 898 2154 doctrinm
916 2130 972 2155 ture

147 2165 252 2201 palmas
263 2170 442 2203 comparata,
455 2171 501 2196 est
513 2170 725 2205 discipularum
742 2171 794 2198 abs
809 2173 837 2199 te
853 2172 972 2200 institu-

147 2212 243 2237 tarum
260 2211 431 2240 multitudo.
451 2214 528 2246 Diri,
549 2214 698 2242 Ascendam
713 2216 743 2242 in
764 2216 904 2251 palmam,
921 2225 972 2252 ap-

145 2255 316 2290 prehendam
331 2257 495 2286 altitudines
509 2259 568 2293 eius
579 2268 588 2286 .'
599 2261 625 2287 et
640 2262 724 2288 erunt
738 2261 823 2288 ubera
838 2263 887 2289 tua
902 2262 972 2289 sicut

1025 1692 1104 1720 χοντι
1116 1682 1228 1711 φοίνικι.
1246 1681 1297 1710 Καὶ
1312 1682 1362 1720 γὰρ
1378 1683 1423 1709 καὶ
1439 1681 1507 1717 αὕτη
1522 1684 1577 1709 τῶν
1604 1680 1708 1719 γηίνων
1736 1679 1781 1708 διὰ
1799 1681 1852 1716 τήν

1025 1728 1142 1765 ἀνάγκην
1153 1729 1202 1755 τοῦ
1226 1727 1365 1763 σώματος,
1394 1726 1488 1764 ἄκροις
1518 1729 1577 1758 τοῖς
1611 1725 1758 1765 λογισμοῖς
1788 1725 1850 1754 ἐπι-

1024 1772 1158 1810 ψαύουσα,
1193 1772 1280 1799 αὑτῶν
1313 1771 1384 1808 ἅπτῃ
1423 1773 1476 1799 τῶν
1517 1771 1649 1808 οὐρανίων
1684 1770 1722 1802 εἷς
1748 1770 1850 1808 μέτρον

1024 1816 1135 1852 ἡλικίας
1157 1818 1206 1843 τοῦ
1246 1815 1435 1854 πληρώματος
1476 1818 1525 1843 τοῦ
1558 1817 1674 1852 Χριστοῦ
1699 1815 1822 1854 φθάσασα
1841 1824 1848 1831 ·

1025 1860 1076 1890 Καὶ
1103 1861 1129 1888 οἱ
1165 1860 1261 1897 μαστοί
1304 1870 1363 1893 σου,
1405 1862 1464 1891 τοῖς
1506 1859 1648 1898 βότρυσιν·
1689 1859 1786 1897 ἤγουν,
1817 1860 1850 1888 Ἦ

1024 1906 1106 1941 ἠθικῆ
1122 1905 1167 1933 καὶ
1182 1906 1199 1940 ἡ
1217 1905 1317 1943 φυσικὴ
1335 1903 1496 1932 διδασκαλία
1521 1915 1568 1932 σου
1599 1903 1634 1932 δι’
1661 1905 1697 1932 ὦν
1720 1905 1796 1941 ἡμᾶς
1810 1902 1852 1932 ἔτι

1023 1949 1122 1986 νηπίοις
1146 1950 1228 1981 οὕσας
1248 1949 1320 1987 γάλα
1344 1949 1470 1980 ἐπότισας
1499 1949 1686 1987 εἰσαγωγικῶς
1705 1949 1773 1986 πρὸς
1789 1950 1850 1977 θεο-

1025 1992 1128 2022 σέϐειαν
1155 1992 1361 2027 ἰκπαιδεύουσα,
1389 1994 1432 2020 νῦν
1463 1993 1620 2030 ὡμοίωνται
1643 1996 1703 2025 τοῖς
1719 1996 1768 2020 τοῦ
1785 1994 1852 2033 φοί-

1024 2050 1101 2070 νικος
1118 2038 1255 2077 βότρυσιν,
1279 2037 1305 2065 ἑν
1329 2041 1369 2074 τῷ
1398 2039 1485 2074 ἑστιᾷν
1511 2039 1585 2074 ἡμᾶς
1604 2037 1797 2075 προσκοψάσας
1812 2038 1852 2069 εἷς

1024 2083 1184 2119 τελειότητα
1199 2084 1248 2118 τὴν
1275 2083 1410 2121 θειοτέραν
1440 2081 1627 2116 διδασκαλίαν,
1643 2083 1681 2114 ὡς
1707 2081 1849 2118 μελιτώδη

1026 2128 1184 2166 γλυκύτητα
1197 2130 1252 2155 τῶν
1269 2127 1391 2165 βοτρύων
1402 2130 1450 2155 τοῦ
1462 2130 1596 2165 φοῖνικος.
1614 2128 1653 2155 T6
1661 2129 1724 2164 γοῦν
1738 2127 1852 2164 μέγεθός

1027 2184 1077 2200 σου
1097 2176 1147 2208 τῆς
1175 2171 1349 2200 διδασκαλίας
1371 2175 1411 2208 τῷ
1436 2172 1536 2211 φοίνικι
1566 2172 1779 2209 παριικάσασαή
1800 2182 1853 2208 μα-

1028 2218 1196 2254 θητευομὲνη
1211 2227 1253 2244 σοι
1269 2216 1388 2251 πληθύς,
1406 2218 1479 2245 Εἴποι
1491 2226 1497 2232 “
1521 2214 1710 2252 ’Λναϐήσομαι
1739 2215 1784 2244 ἐπὶ
1811 2219 1854 2252 τῷ

1027 2261 1140 2301 φοίνικι,
1176 2262 1305 2300 κρατήσω
1345 2263 1399 2289 τῶν
1439 2260 1527 2298 ὕψεων
1565 2261 1670 2288 αὑτοῦ·
1701 2260 1746 2288 καὶ
1774 2259 1854 2288 260v-

146 2298 217 2326 bolrl
230 2300 444 2349 pineaMecum
456 2302 521 2338 ipsa
539 2303 705 2331 deliberans
720 2305 791 2339 dixi,
808 2306 970 2334 Ascendam

1064 2305 1127 2340 ιδή
1166 2298 1264 2342 μαστοί
1306 2316 1365 2341 σου,
1404 2306 1442 2337 ὡς
1483 2305 1594 2344 βότρυες
1632 2308 1683 2340 τῆς
1713 2305 1855 2341 ἀμπιλου.

145 2351 197 2378 per
209 2344 326 2372 virtutis
343 2346 539 2375 imitationem
554 2348 590 2375 ad
607 2348 814 2384 perfectionem
833 2350 972 2378 doctrinm

144 2388 204 2415 tuae
220 2396 226 2414 :
243 2391 271 2415 et
287 2397 339 2424 per
362 2391 641 2427 contemplationem
666 2393 883 2429 apprehendam
908 2395 972 2430 ejus

146 2430 372 2461 sublimitatem.
394 2435 428 2462 Et
452 2435 614 2472 disciplina:
636 2439 705 2471 tuas,
723 2438 813 2466 ubera
837 2447 900 2474 quae
926 2447 973 2467 me

146 2475 322 2504 naturilater
333 2479 570 2512 nutriunt,erunt
586 2482 706 2509 omnino
719 2482 796 2510 sicut
807 2484 881 2511 botri
897 2492 972 2511 verm

145 2520 215 2547 vitis
227 2521 276 2556 qui
287 2522 421 2551 Christus
432 2527 476 2551 est
490 2533 495 2552 :
509 2526 670 2560 praebentes
695 2528 766 2555 mihi
783 2529 908 2564 gratiam
932 2530 972 2557 di-

145 2564 288 2597 vinitatis,
303 2575 366 2601 qua:
377 2568 436 2595 vini
453 2577 534 2597 more
545 2579 561 2597 a
578 2574 684 2598 natura
699 2575 827 2601 mentem
844 2574 973 2602 dimovet

146 2610 174 2636 et
187 2617 279 2644 supra
301 2613 435 2639 naturam
452 2614 599 2642 transfert.
618 2616 693 2644 Unde
708 2616 771 2644 odor
787 2617 874 2645 etiam
891 2619 973 2646 naris

148 2654 201 2680 luz
213 2654 283 2682 sicut
295 2663 387 2691 poma.
405 2657 503 2686 Gratia
517 2659 629 2688 scilicet
640 2661 734 2689 sancti
746 2662 874 2698 Spiritus
889 2671 971 2691 men-

182 2744 205 2763 ”¹⁷
219 2744 306 2775 Hebr.
322 2755 360 2782 ιν,
378 2748 421 2776 12.
459 2750 480 2768 ⁷⁸
495 2750 597 2786 Ephes.
616 2759 653 2785 ιν,
672 2751 713 2779 13.

1027 2349 1152 2385 Δηλαδὴ,
1167 2351 1210 2378 Ἐν
1223 2350 1326 2387 ιμαυτῇ
1345 2349 1530 2387 βουλευτικῶς
1546 2348 1614 2388 ἔφην
1627 2359 1633 2366 ·
1655 2349 1855 2386 Ἀνελιύσομαι

1029 2397 1187 2432 μιμητικῶς
1214 2395 1269 2430 ἐπὶ,
1303 2395 1353 2429 τὴν
1380 2395 1439 2422 κατ’
1476 2395 1574 2432 ἀρετὴν
1602 2397 1652 2428 τῆς
1676 2392 1856 2426 διδασκαλίας

1027 2450 1076 2467 σου
1105 2439 1275 2474 τελειότητα,
1307 2439 1352 2466 καὶ
1395 2439 1430 2466 τὰ
1465 2439 1533 2466 κατᾶ
1561 2441 1663 2476 γνῶσιν
1692 2437 1858 2475 ὑψηλότατα

1027 2484 1113 2519 αὐτῆς
1141 2483 1336 2521 καταλήψομαι
1375 2485 1552 2521 θεωρήματα.
1585 2483 1622 2512 Αἱ
1660 2485 1780 2522 φυσικῶς
1809 2485 1858 2511 οἷα

1029 2528 1127 2565 μαστοὶ
1141 2529 1287 2567 τρέφουσαι
1304 2539 1337 2565 με
1362 2527 1534 2556 διδασκαλίαι
1557 2538 1605 2555 σου
1622 2527 1767 2565 ὑπάρξουσι
1784 2528 1856 2555 πάν-

1025 2583 1080 2603 τως
1094 2574 1131 2604 ὡς
1149 2573 1260 2611 βότρυες
1275 2577 1324 2608 τῆς
1340 2572 1475 2608 ἀληθινῆς
1492 2571 1618 2609 ἀμπέλου
1633 2573 1859 2610 Χριστοῦ,χορη-

1027 2617 1123 2655 γοῦσαί
1138 2628 1184 2654 μοι
1199 2618 1248 2652 τήν
1269 2618 1337 2645 κατὰ
1365 2618 1447 2655 χάριν
1472 2616 1579 2652 θέωσιν,
1604 2615 1665 2651 ἥτις
1684 2615 1761 2651 δίκην
1778 2616 1857 2645 οἴνου

1028 2663 1133 2700 φύσεως
1161 2664 1208 2691 τὸν
1239 2665 1301 2691 νοῦν
1325 2663 1424 2699 ἐξω-τᾷ,
1453 2663 1498 2690 καὶ
1523 2663 1591 2699 πρὸς
1619 2662 1650 2689 τὸ
1675 2662 1740 2700 ὑπὲρ
1773 2662 1856 2701 φύσιν
