1951 3051
156 106 216 136 679

823 101 1035 134 MICBAELIS
1057 102 1196 134 PSELLI

1804 103 1866 134 680

157 180 233 207 meo,
244 171 300 199 sub
315 172 413 199 mente
426 169 559 199 videlicet
574 178 638 206 qua:
654 170 758 198 anima:
774 178 844 197 meis
856 178 924 205 pars
936 170 980 197 est

1071 179 1116 204 ιιην
1130 168 1253 205 κεφαλῆς
1278 168 1392 207 ἆρχικὸν
1419 172 1468 203 τῆς
1496 169 1589 206 ψυχῆς
1617 179 1669 205 μου
1697 168 1808 199 πάντως
1835 169 1866 196 τὸ

157 216 313 253 praecipua,
329 224 436 244 sensus
447 215 611 251 subjiciunt
623 224 629 243 :
646 215 755 243 idcirco
766 215 900 242 futurum
913 222 981 250 spe-

156 270 188 289 ro
205 264 236 289 ut
249 261 313 296 ejus
327 261 446 289 dextera
460 261 617 296 (promissa
627 260 770 288 nimirum
787 259 869 294 regni
881 259 982 286 coales-

158 307 196 334 tis
213 307 288 334 bona
302 314 366 342 qua
382 314 398 333 a
414 305 539 333 dexteris
568 304 754 333 collocandos
781 304 910 338 manent)
935 311 982 330 me

157 350 195 378 sit
211 349 407 386 complexum,
425 350 452 377 id
469 351 523 384 est,
538 349 789 385 comprehensura
818 356 863 375 me
889 349 981 374 totam

157 394 187 422 in
204 395 302 422 futuro
317 393 436 428 saeculo,
451 393 597 421 inﬁnitam
625 393 729 421 animis
759 394 786 420 et
802 391 915 427 corpori
931 390 980 418 leae

158 440 255 467 titiam
272 439 414 475 praebens.
431 438 573 466 Universa
585 438 673 474 igitur
687 446 751 473 quae
767 437 898 473 exposita
913 437 984 464 sunt

157 492 223 512 cum
238 483 325 511 veluti
352 483 495 519 magistra
509 483 642 515 dixisset,
659 481 837 510 subintulit:

191 529 324 564 Adjuravi
338 536 394 561 vos,
405 527 478 562 ﬁlia:
490 528 653 561 Jerusalem,
667 535 718 563 per
731 528 868 563 potentias
884 528 911 554 et
924 526 981 561 for-

155 573 287 602 tiludines
310 574 386 608 agri,
401 574 426 601 si
449 573 589 601 suscitatis
617 577 644 600 τι
657 573 788 600 excitetis
809 571 981 604 clmrilatem,

157 619 244 647 donec
259 618 385 647 voluerit.

193 707 362 736 Divinorum
392 706 598 743 mysteriorum
629 706 811 742 expositione
840 707 981 740 tanquam

153 757 348 794 jurejurando
365 764 414 784 vos
430 756 614 789 conﬁrmavi,
627 754 780 791 discipula;
792 762 941 789 metaque:
952 755 982 780 in

157 808 259 834 sancto
275 805 384 841 Spiritu
396 805 480 832 video
496 813 563 832 eum
579 804 628 839 qui
645 812 698 831 nos
714 803 790 831 Patri
811 811 864 831 suo
878 810 983 830 recon-

157 850 267 878 ciliavit
280 858 288 878 :
303 851 374 877 dum
390 857 510 876 causam
524 848 717 893 ostendique
729 846 983 893 perintellectivas
1001 861 1023 893 Β

157 894 326 929 activasque
356 894 511 929 potentias,
537 901 646 928 perque
675 891 861 919 fortitudines
886 891 914 918 in
931 890 986 918 hoc

160 939 270 966 mundo
285 937 427 971 valentes,
443 937 552 965 virtute
581 937 715 964 excitetis
737 938 766 963 et
780 935 904 963 scientia
919 944 986 963 sus-

159 983 254 1011 citetis
270 991 338 1010 eum
355 983 382 1009 in
400 982 482 1009 vobis
511 983 591 1016 (nam
620 980 749 1008 dormire
771 980 897 1012 videtur,
914 979 985 1006 dum

159 1028 310 1061 ignoratur
325 1027 402 1063 quod
418 1029 532 1054 rectum
552 1026 723 1059 bonumque
738 1027 794 1058 est,
809 1033 861 1052 nec
877 1033 907 1051 re
922 1024 986 1059 ipsa

161 1072 321 1108 perﬁcitur)
337 1071 386 1107 qui
402 1071 504 1098 dilexit
519 1079 572 1098 nos
587 1073 616 1098 et
631 1078 663 1098 se
678 1070 825 1106 ipsum,ut
840 1077 893 1096 nos
907 1069 985 1096 redi-

162 1119 265 1150 meret,
277 1116 405 1150 obtulit,
418 1116 510 1144 donec
525 1115 654 1143 secundo
675 1115 801 1142 adventu
817 1122 871 1141 suo
887 1112 986 1141 volue-

161 1160 209 1195 rit,
227 1169 293 1196 qua;
308 1169 362 1188 sua
374 1169 426 1196 per
441 1163 578 1188 naturam
601 1161 671 1187 sunt
692 1158 820 1194 propria,
836 1166 870 1186 ea
889 1158 919 1185 in
935 1166 986 1185 no-

164 1205 210 1232 bis
225 1213 277 1241 per
288 1205 412 1240 gratiam
437 1204 651 1240 accipientibus
678 1202 808 1238 exsequi.
829 1202 987 1238 Discipulze

164 1249 359 1277 admiratione
374 1257 408 1276 ac
423 1250 542 1284 stupore
558 1247 648 1284 plenas
664 1248 699 1275 de
715 1246 856 1283 magistra
871 1255 878 1274 :

201 1339 266 1372 Quae
279 1337 490 1373 est,inquiunt.
520 1338 586 1372 ista,
614 1344 678 1373 quae
705 1336 827 1364 ascendit
845 1335 986 1371 dealbata,

165 1384 267 1411 innixa
280 1391 364 1418 super
373 1384 500 1418 nepotem
512 1384 614 1410 suum?

199 1437 338 1469 Quaenam
354 1438 399 1462 est
414 1435 485 1467 hac,
501 1443 564 1469 quae
579 1438 640 1462 tam
669 1434 761 1469 perite
776 1434 896 1466 docens,
914 1442 930 1461 a
946 1441 988 1461 re-

164 1482 220 1509 bus
235 1480 350 1508 arcanis
366 1480 401 1506 ad
418 1480 512 1515 magis
526 1487 648 1506 arcanas
672 1479 897 1514 reconditasque
920 1486 986 1513 pro-

163 1525 353 1561 greditur?ab
359 1524 438 1551 omni
447 1523 753 1559 peccatorummacula
764 1525 988 1558 purgata,atque

164 1569 265 1596 innixa
276 1569 374 1604 nepoti
390 1576 443 1595 suo
457 1569 468 1594 Ρ
486 1567 616 1603 Sponsus
641 1567 732 1602 igitur
753 1567 989 1594 animadvertens

165 1621 280 1649 sponsas
296 1613 325 1639 in
347 1611 502 1647 discipulis
513 1611 703 1638 instituendis
715 1610 910 1646 diligentiam,
927 1619 989 1637 am-

164 1657 353 1693 plectensque
362 1656 443 1683 illius
453 1656 489 1683 ad
501 1656 609 1682 bonum
622 1655 991 1686 sedulitatem,commonet

165 1709 231 1729 eam
247 1700 354 1737 prioris
384 1701 449 1728 vitea
466 1703 498 1727 ut
513 1699 663 1727 submisse
683 1699 718 1726 de
745 1707 777 1726 se
802 1699 920 1732 sentiat,
937 1707 990 1726 nec

165 1745 305 1773 laudibus
320 1744 396 1772 elata
411 1744 521 1772 incidat
535 1744 564 1771 in
575 1743 774 1779 arrogantiam
786 1751 793 1770 ι

203 1834 259 1862 Sub
268 1842 357 1870 pomo,
373 1833 522 1869 inquiens,
538 1833 661 1861 excitavi
671 1837 705 1860 te.

203 1879 235 1906 Id
252 1881 306 1912 est,
317 1878 372 1906 sub
387 1879 474 1906 rebus
484 1877 549 1905 istis
560 1878 719 1913 procreatis
728 1885 790 1911 quis
801 1877 900 1904 suavis
912 1875 991 1912 pomi

167 1924 261 1951 instar
276 1931 382 1950 sensus
392 1929 494 1950 omnes
506 1921 696 1955 oblectant,te
705 1921 819 1949 desidia
833 1921 868 1948 ad
881 1921 991 1947 bonum

168 1967 409 2002 amplectendum
417 1967 542 1994 inertem
550 1967 579 1993 et
594 1973 692 1993 rerum
703 1966 883 1993 caducarum
894 1964 992 1992 studio

168 2012 364 2047 consopitam,
376 2012 508 2045 excitavi,
521 2010 710 2046 providentiae
723 2009 887 2046 judiciique
901 2010 992 2037 ratio-

169 2056 258 2084 nibus
272 2057 301 2083 et
315 2055 502 2083 sermonibus
514 2054 669 2090 impellens
680 2055 717 2082 ad
734 2054 912 2082 desiderium
923 2053 991 2089 mei,

168 2100 278 2129 etenim

206 2145 266 2173 Illic
278 2145 387 2180 pepen‘t
402 2148 428 2172 ιε
442 2145 530 2171 mater
543 2145 606 2171 tua.
626 2143 688 2171 Illic
708 2144 819 2178 peperit
834 2149 858 2170 te
871 2143 993 2178 gmilrix

168 2190 227 2217 tua.

1035 214 1128 250 νοερὸν
1168 213 1349 241 ὑποτάσσουσι
1380 213 1411 240 τὸ
1441 212 1609 249 αἰσθητικὸν,
1635 211 1680 240 διὰ
1716 215 1802 241 τοῦτυ
1839 212 1865 240 ἂν

1037 256 1143 284 ἐλπίσιν
1166 257 1234 294 εἰμὶ,
1251 258 1293 285 δτι
1308 257 1353 285 καί
1368 258 1386 292 ἡ
1402 256 1475 293 δεξιὰ
1503 257 1585 285 αὐτοῦ
1605 257 1788 294 περιλήψιταί
1820 267 1865 293 μι.

1038 301 1144 336 Εῗτουν,
1161 302 1201 330 Τὰ
1231 301 1423 339 ὗποόεχόμενα
1449 301 1512 332 τοὺς
1544 301 1574 329 ἐκ
1602 300 1695 337 δεξιῶν
1723 301 1866 340 ἐπηγγελ-

1039 346 1105 383 μένα
1119 347 1207 384 ἀγαθὰ
1220 350 1270 382 τῆς
1295 349 1343 374 τοῦ
1368 349 1435 374 Θεοῦ
1467 346 1617 384 βασιλείας,
1634 346 1703 382 ὅλην
1736 357 1771 383 με
1796 346 1866 374 κατὰ

1036 391 1082 418 τὸν
1101 389 1237 427 μέλλοντα
1253 391 1336 418 αἰῶνα
1351 391 1503 428 περιέξουσι
1529 391 1607 428 ψυχῇ
1635 391 1679 418 καὶ
1705 391 1785 429 σαρκὶ
1813 391 1864 425 τήν

1037 434 1184 473 ἀπέραντον
1222 435 1389 474 εὐφροσύνην
1427 436 1594 474 παρέχοντα.
1634 437 1724 463 Πλντα
1760 434 1790 463 δί
1833 435 1866 462 τὲ

1038 479 1167 517 εἷρημίνα
1179 478 1382 511 διδασκαλικῶς
1397 479 1510 507 εἰποῦσα
1526 479 1629 517 ἐπαγιιι

1072 526 1187 562 Ὧρκισα
1230 525 1310 562 ὑμᾶς,
1339 525 1483 563 θυγατέρες
1513 523 1707 562 Ίιρουσαλήμ,
1736 524 1764 552 ἄν
1804 527 1865 556 ταῖς

1038 567 1168 606 δυνάμεσι
1198 570 1244 597 καὶ
1284 569 1310 597 ἰν
1349 573 1408 601 ταῖς
1451 568 1574 607 ἱσχύσεσι
1613 571 1662 596 τοῦ
1695 569 1790 607 ἀγροῦ,
1821 568 1864 596 ἰὰν

1038 613 1161 652 ἐγείρητι
1189 615 1234 642 καὶ
1262 614 1306 642 ἐὰν
1335 614 1486 653 ἐξεγιίρήτι
1515 615 1565 649 τήν
1608 613 1724 652 ἀγάπην,
1753 612 1806 644 ἓως
1834 612 1866 641 ἂν

1038 658 1153 696 θελήσο-

1072 705 1161 740 Ἥτοι,
1188 703 1442 741 Κατησφαλισάμην
1473 704 1554 740 ὑμᾶς,
1580 703 1617 734 ὡς
1645 702 1680 731 δι’
1706 702 1801 741 ὅρκου,
1817 705 1868 737 τῆς

1036 751 1090 776 τῶν
1105 748 1184 780 θείων
1203 749 1358 785 μυστηρίων
1375 748 1540 786 ἐξηγήσεως,
1558 747 1707 785 μαθήτριαί
1725 759 1789 784 μου,
1816 751 1867 782 τῆς

1036 793 1063 821 ἐν
1092 794 1160 830 ἁγίῳ
1190 794 1326 830 Πνεύματι
1351 794 1459 830 ὁρώσης
1487 794 1534 822 τὸν
1562 792 1768 828 καταλλάξαντα
1791 793 1868 829 ἡμᾶς

1037 841 1077 874 τῷ
1105 838 1168 875 ἰδίῳ
1195 839 1296 876 Πιιτρί⁸
1313 837 1493 876 ἀναδιδάξασα
1520 839 1570 872 τήν
1599 838 1696 872 αἰτίαν,
1714 837 1749 865 δι’
1778 838 1809 872 ἦν
1841 837 1868 865 ἓν

1039 886 1097 914 ταῖς
1129 887 1307 921 θεωρητικαῖς
1346 883 1391 910 καὶ
1432 886 1492 914 ταῖς
1535 885 1696 921 πρακτικαῖς
1735 881 1868 918 δυνάμεσι

1039 929 1082 955 καὶ
1101 927 1235 965 ἷσχόσεσι,
1251 931 1309 959 ταῖς
1327 927 1353 955 ὲν
1378 931 1419 964 τῷ
1442 928 1555 965 παρόντι
1579 927 1676 964 κόσμῳ
1692 926 1868 964 δυναμὲναις,

1041 972 1165 1009 ἒγείρητε
1179 973 1237 999 κατ’
1255 972 1352 1009 ἀρετὴν
1378 973 1422 1000 καὶ
1447 972 1596 1010 ὶξεγείρητε
1621 972 1689 1000 κατᾶ
1710 974 1813 1009 γνῶσιν
1841 971 1868 999 ἰν

1043 1018 1118 1053 ὑμῖν,
1135 1015 1272 1044 καθεύδειν
1298 1016 1442 1052 δοκοῦντα,
1472 1017 1536 1044 ὅταν
1561 1017 1691 1055 ἀγνοῆται
1720 1017 1751 1044 τὸ
1781 1016 1868 1052 εὖθὶς,

1040 1062 1083 1089 καὶ
1103 1062 1140 1098 μὴ
1158 1063 1308 1099 πράττηται
1331 1061 1363 1089 τὸ
1389 1060 1485 1095 καλὸν,
1500 1061 1546 1089 τὸν
1574 1062 1750 1099 ἀγαπήσαντα
1777 1062 1867 1097 ἡμᾶς,

1039 1106 1084 1134 καὶ
1114 1105 1194 1133 δόντα
1223 1106 1316 1133 ἑαυτὸν
1345 1105 1444 1144 λύτρον
1463 1107 1530 1144 ὑπὲρ
1545 1107 1638 1143 ἡμῶν⁴
1653 1105 1705 1138 ἓως
1732 1105 1764 1133 ἂν
1788 1104 1869 1133 εὗδο-

1039 1150 1192 1188 κήσῃκατᾶ
1213 1151 1263 1185 τήν
1284 1149 1408 1188 δευτέραν
1434 1151 1516 1179 αὐτοῦ
1545 1151 1695 1188 παρουσίαν
1724 1151 1807 1182 αὐτὸς
1836 1150 1872 1178 τὰ

1039 1195 1107 1223 κατὰ
1132 1195 1209 1234 φύσιν
1253 1195 1341 1222 οἰκεῖα
1383 1194 1447 1233 δρᾷν
1479 1195 1505 1223 ἐν
1533 1197 1600 1232 ἡμῖν
1633 1195 1770 1232 πάσχουσι
1798 1195 1872 1222 κατὰ

1040 1239 1120 1277 χάριν
1151 1239 1268 1266 αὐτά-αἱ
1297 1237 1326 1267 δὲ
1355 1237 1478 1276 θάμϐους
1507 1239 1695 1277 πληρωθεῖσαι
1725 1239 1789 1276 περὶ
1818 1242 1871 1274 τῆς

1041 1283 1206 1312 διδασκάλου
1222 1283 1296 1323 φασί·

1075 1337 1121 1368 Τίς
1136 1336 1204 1372 αὕτη
1220 1338 1237 1372 ἡ
1254 1335 1435 1365 ἀναϐαίνουσα
1451 1336 1709 1374 λελευκανοισμάνη,
1726 1336 1870 1375 ἐπιστηρι-

1043 1381 1143 1418 ζομίῑνη
1155 1381 1199 1408 ἐπὶ
1213 1381 1260 1409 τὸν
1277 1380 1423 1420 ἆδελφιδόν
1439 1381 1522 1416 αὐτῆς
1534 1391 1541 1416 ;

1077 1433 1202 1470 Δηλαδὴ,
1215 1434 1312 1462 Ὀποία
1327 1435 1444 1472 ὑπάρχει
1460 1434 1528 1470 αὕτη
1548 1436 1566 1470 ἡ
1589 1433 1789 1466 διδασκαλικῶς
1814 1435 1871 1462 ἀπὸ

1045 1479 1202 1516 μυστηρίων
1233 1479 1271 1510 εἷς
1304 1478 1556 1517 μυστηριωδέοτιρα
1580 1477 1771 1515 ἀναϐαίνουσα,
1787 1490 1871 1507 κεκα-

1045 1523 1164 1560 θαρμένη
1196 1524 1294 1555 παντὸς
1325 1523 1411 1562 ῥύπου
1440 1524 1656 1562 ἁμαρτημάτων,
1682 1524 1727 1551 καὶ
1763 1523 1873 1560 ἐπερει-

1045 1567 1146 1603 δομένη
1175 1567 1218 1596 ἰπὶ
1246 1569 1292 1596 τὸν
1322 1567 1466 1607 ἀδελφιδὸν
1494 1569 1640 1602 αὐτῆς;“0
1664 1570 1730 1606 γοῦν
1755 1569 1875 1607 νυμφίος

1043 1614 1092 1646 τὴν
1109 1611 1153 1639 ἐπὶ
1168 1615 1227 1643 ταῖς
1249 1613 1481 1648 μαθητιυομέναις
1505 1614 1554 1646 τῆς
1579 1612 1688 1652 νύμφης
1712 1613 1784 1649 ὁρῶν
1811 1612 1874 1640 ἐπι-

1046 1654 1167 1691 μέλειαν,
1183 1655 1231 1683 καὶ
1247 1655 1452 1694 ἀποδιχόμενος
1467 1657 1517 1690 τήν
1533 1657 1633 1692 ταύτης
1649 1656 1688 1688 εἰς
1711 1657 1743 1684 τὸ
1767 1657 1874 1694 ἀγαθὸν

1045 1698 1186 1738 διέγερσιν.
1217 1701 1417 1737 ἀναμιμνήσκει
1444 1701 1528 1736 αὐτὴν
1554 1703 1603 1729 τοῦ
1625 1702 1760 1740 προτέρου
1793 1702 1873 1739 βίου⁴

1045 1744 1114 1772 ὥστε
1130 1748 1344 1783 μετριοφρονεῖν,
1360 1746 1405 1772 καὶ
1423 1746 1460 1781 μή
1478 1744 1522 1773 διὰ
1535 1748 1589 1773 τῶν
1610 1745 1726 1774 ιπαίνων
1751 1748 1792 1782 τῷ
1819 1750 1874 1782 τῆς

1045 1789 1162 1824 οἶήσεως
1178 1789 1255 1821 πάθει
1272 1792 1436 1827 περιπεσεῖν,
1453 1790 1505 1818 Καί
1521 1801 1586 1829 φησι
1601 1791 1668 1829 πρὸς
1683 1790 1778 1826 αὐτήν·

1080 1834 1145 1860 Ὑπὸ
1158 1833 1248 1870 μῆλον
1265 1834 1391 1872 ἐξήγειρά
1405 1844 1444 1862 σε.

1081 1879 1195 1916 Ἦγουν,
1221 1879 1286 1906 Ὑπὸ
1321 1879 1384 1912 τὴν,
1409 1877 1486 1914 δίκην
1517 1879 1608 1916 μήλου
1634 1879 1795 1917 τέρποντος,
1823 1879 1876 1912 τὰς

1045 1921 1158 1954 πλείους
1184 1925 1238 1950 τῶν
1269 1922 1420 1958 αἰσθήσεων
1445 1923 1548 1955 ἁπάσας
1584 1924 1682 1955 ταύτας
1712 1923 1875 1962 εὐφραίνου.

1046 1977 1093 1994 σαν
1107 1966 1239 2001 αἰσθητήν
1262 1967 1350 1994 κτίσνν
1377 1966 1562 2003 καθευδούσης
1591 1970 1650 2001 σοῦ,
1677 1969 1712 2003 τῆ
1740 1969 1810 2006 πρὸς
1840 1968 1876 1996 τὰ

1045 2011 1117 2039 καλὰ
1147 2011 1266 2048 ῥᾳθυμίᾳ
1295 2010 1340 2039 διὰ
1366 2012 1417 2046 τήν
1446 2013 1514 2050 πρὸς
1536 2013 1570 2040 τὰ
1592 2011 1673 2040 ὑλικὰ
1697 2013 1803 2050 σχέσιν,
1828 2011 1875 2040 δι-

1046 2055 1142 2093 ήγειρά
1157 2066 1204 2083 σου
1219 2056 1250 2083 τὸ
1264 2056 1394 2094 φρόνημα
1408 2057 1477 2094 πρὸς
1491 2057 1575 2089 πόθον
1595 2055 1660 2093 ἐμὸν
1683 2056 1778 2094 λόγοις
1803 2067 1875 2094 προ-

1045 2100 1119 2131 νοίας
1134 2100 1178 2127 καὶ
1194 2100 1319 2136 κρίσεως,
1335 2103 1380 2128 καί
1395 2101 1456 2139 γὰρ.

1081 2145 1155 2172 Ἐκεῖ
1183 2143 1301 2180 ὡδίνησέ
1339 2155 1368 2172 es
1402 2146 1495 2183 μήτηρ
1539 2156 1599 2174 σου.
1629 2144 1754 2180 Ὠδίνησὲ
1787 2155 1817 2173 σε
1855 2147 1874 2180 ἡ

1045 2198 1159 2216 τεκουσα
1174 2198 1212 2217 σε,

203 2235 236 2262 In
253 2233 403 2262 ali‘ectione
417 2232 530 2260 scilicet
546 2240 643 2260 rerum
659 2232 804 2259 ﬂuxarum
820 2231 952 2267 concepit
966 2234 986 2259 tl

1084 2231 1230 2267 Δηλονότι,
1246 2233 1290 2261 Ἐν
1304 2234 1338 2270 τῇ
1354 2234 1445 2271 σχέσει
1460 2236 1515 2262 τῶν
1532 2233 1633 2262 ὑλικῶν
1656 2231 1820 2262 συνελάϐετό
1845 2245 1876 2262 σε

170 2279 265 2314 prima
280 2281 374 2306 mater
397 2281 448 2305 tua
476 2280 533 2304 Eva
547 2284 692 2312 generalis
708 2285 774 2304 cum
790 2276 949 2312 voluptate,
965 2278 994 2303 et

169 2323 287 2358 pariens
297 2331 363 2350 cum
378 2322 488 2350 dolore.
519 2322 632 2353 Quibus
656 2321 870 2353 affectionibus,
894 2328 994 2348 rerum

170 2367 318 2402 fragilium
335 2366 482 2394 desiderio
497 2365 664 2400 laborabas,
675 2364 855 2400 voluptatem
867 2372 994 2400 sequens

171 2411 359 2446 doloremque
374 2411 500 2446 fugiens,
517 2411 553 2437 ad
571 2409 728 2445 voluptatis
756 2410 844 2436 ﬁnem
869 2409 910 2437 ita
925 2417 994 2436 con-

173 2457 305 2489 tendens,
323 2458 354 2483 ut
369 2456 495 2483 adolere
510 2455 599 2483 velles
614 2455 763 2490 separari:
781 2455 858 2490 quod
875 2455 994 2490 quidem

167 2501 232 2529 lieri
249 2500 329 2528 nullo
346 2500 431 2527 modo
446 2502 551 2535 potest.
568 2499 693 2527 Proinde
720 2499 744 2526 si
768 2499 852 2535 cupis
877 2501 913 2526 ab
929 2499 995 2527 istis

170 2545 442 2581 perturbationibus
454 2552 519 2571 esse
534 2543 636 2571 libera.
646 2545 719 2572 Pone
727 2552 770 2571 me
780 2546 809 2571 ut
820 2544 995 2579 signaculum

167 2597 249 2624 super
263 2597 310 2616 cor
323 2591 415 2622 tuum,
427 2593 457 2616 ut
471 2589 647 2624 signaculum
657 2597 741 2624 super
752 2588 993 2617 bruchiumtuum.

167 2634 200 2661 ln
225 2641 271 2661 me
303 2632 443 2661 nimirum
469 2632 627 2667 exemplari
658 2637 836 2668 permansio,
864 2633 994 2668 principe

169 2678 287 2714 quidem
306 2677 347 2705 tui
363 2680 444 2713 parte
459 2680 555 2705 mente
572 2685 693 2705 servans
709 2677 866 2713 imaginem
880 2686 931 2713 per
945 2686 994 2705 ve—

170 2731 233 2751 ram
252 2721 527 2758 contemplationem
538 2724 567 2750 et
577 2722 755 2750 desiderium
769 2722 826 2749 mei
838 2730 845 2749 :
857 2722 884 2749 vi
895 2724 993 2750 autem

171 2776 230 2804 qua
244 2767 281 2795 ad
298 2767 445 2804 agendum
456 2765 545 2803 vales,
561 2765 787 2794 similitudinem
807 2773 928 2794 servans
943 2774 995 2803 per

1047 2278 1064 2312 ἡ
1080 2278 1234 2313 προμήτωρ
1265 2288 1313 2305 σου
1340 2277 1405 2312 Εὕα,
1421 2280 1455 2315 τῇ
1479 2279 1539 2306 καθ’
1563 2277 1665 2314 ἡδονὴν
1694 2278 1808 2316 γενέσει,
1828 2279 1875 2307 καὶ

1048 2321 1161 2349 ἀπέτεκέ
1185 2332 1213 2348 σε
1234 2323 1269 2358 τῇ
1294 2323 1352 2349 κατ’
1368 2320 1467 2357 ὀδύνην
1490 2325 1625 2359 γεννήσει.
1651 2324 1706 2360 Ὑφ’
1720 2324 1757 2350 ὧν
1787 2324 1877 2351 συνιί‹

1050 2375 1103 2404 χου
1120 2367 1154 2402 τῇ
1169 2366 1337 2403 προσπαθείᾳ
1355 2369 1409 2393 τῶν
1434 2367 1582 2402 αἷσθητῶν,
1598 2368 1649 2401 τήν
1679 2367 1726 2404 μὲν
1753 2366 1877 2402 δι”ὴδο-

1049 2411 1097 2444 νήν
1115 2409 1259 2446 διώκουσα,
1274 2412 1324 2445 τήν
1338 2409 1390 2447 [δὲ]
1407 2410 1440 2438 δι’
1456 2410 1555 2446 ὀδύνην
1570 2412 1719 2451 φεύγουσα²
1730 2412 1876 2440 κάντεῦθεν

1050 2454 1242 2493 φιλονεικοῦσα
1253 2458 1304 2490 τῆς
1320 2453 1424 2490 ἡδονῆς
1437 2456 1468 2483 τὸ
1483 2455 1573 2490 τέλος,
1587 2457 1637 2490 τήν
1661 2455 1759 2490 ὀδύνην
1788 2457 1878 2495 φημὶ,

1050 2499 1150 2534 ταύτης
1180 2499 1364 2536 ἀποχωρίσαι.
1393 2500 1458 2537 ὅπερ
1488 2500 1644 2537 ἀμήχανον.
1660 2500 1692 2527 Et
1722 2500 1768 2528 οὖν
1787 2500 1880 2538 βούλῃ

1051 2543 1186 2580 διαμένειν
1211 2547 1261 2578 τῆς
1298 2544 1428 2579 τοιαύτης
1453 2544 1574 2582 σχέσεως
1602 2544 1739 2582 ἐλευθέρα,
1763 2545 1813 2576 Θές
1843 2557 1879 2582 με

1050 2589 1089 2620 ὡς
1113 2587 1249 2627 σφραγῖδα
1283 2587 1326 2616 ἐπὶ
1357 2589 1407 2623 τήν
1441 2587 1552 2625 καρδίαν
1585 2599 1643 2624 σου,
1674 2589 1710 2620 ὡς
1740 2590 1879 2628 σφραγῖδα

1050 2632 1093 2660 ἐπὶ
1122 2633 1168 2660 τὸν
1199 2632 1334 2670 βραχίονα
1359 2641 1428 2660 σουο
1444 2632 1543 2666 εἴτουν,
1560 2633 1602 2660 Ἐν
1631 2633 1694 2670 ἆμοὶ
1721 2635 1760 2670 τῷ
1789 2634 1879 2672 ἆρχε-

1048 2677 1126 2713 τύπῳ
1159 2680 1263 2713 μεῖνον,
1278 2679 1399 2715 τηροῦσα
1422 2679 1462 2713 τῷ
1488 2677 1535 2714 μὶν
1555 2678 1670 2714 ἡγεμόνι
1698 2688 1746 2705 σου
1774 2681 1813 2714 νῷ
1843 2679 1878 2707 τὸ

1048 2722 1106 2749 κατ’
1122 2721 1213 2749 εἰκόνα
1227 2722 1287 2749 κατ’
1304 2721 1410 2757 ἀπλανῆ
1434 2721 1548 2759 θιωρίαν
1571 2722 1616 2750 καὶ
1640 2721 1756 2750 διάθεσιν
1784 2723 1854 2760 ἐμοῦ
1866 2734 1875 2742 ι

1047 2768 1082 2804 τῇ
1113 2764 1137 2794 δ’
1162 2765 1321 2805 ἑνεργητικῇ
1351 2776 1399 2795 σου
1428 2765 1552 2804 δυνάμει,
1579 2767 1610 2795 τὸ
1638 2767 1697 2800 καθ’
1727 2767 1876 2807 ὁμοίωσιν,
