1951 3051
116 95 179 125 ’701

717 98 767 127 DE
789 97 1008 128 OMNIF‘ARIA
1031 97 1239 127 DOCTlthA.

1768 95 1828 124 702

119 170 173 197 περ
191 158 236 187 οὖν
259 161 285 187 οἱ
311 159 449 198 ἐγγύτεροι
476 164 526 195 τῆς
555 160 648 192 ὲνάδος
679 161 791 199 ἀριθμοὶ
819 161 937 189 ἐλάττους

1029 163 1094 197 ςὶιυι*
1124 162 1273 198 propiores
1312 162 1416 189 unario
1442 161 1557 188 numeri
1591 163 1662 188 sunt
1687 162 1826 195 minores,

120 205 203 238 sio-iv,
219 205 244 232 οἳ
267 204 295 232 δὲ
316 205 495 243 ποῤῥωτὲρω,
525 205 645 240 πλείους,
669 207 754 238 οὕτως
771 207 796 234 οἱ
813 207 948 244 ἐγγότιροι

118 252 170 276 τοῦ
188 249 243 280 ἐνὸς
272 250 316 277 καὶ
346 249 430 286 μόνου
455 253 533 286 Θεοῦ,
559 248 671 279 ἔλαττον
697 251 790 289 ἔχουσι
819 251 850 278 τὸ
867 252 948 278 ποσὸν

119 294 148 321 oi
166 293 195 321 ’δὲ
210 294 388 332 πορῥωτερω,
413 294 506 323 πλέον.
533 295 690 334 Έγγύτιροι
714 294 742 323 δὲ
756 298 804 324 τοῦ
820 298 886 323 Θεοῦ
902 295 949 334 ἆγ-

116 338 211 376 γε).οι,
242 338 425 376 ἀρχάγγελοι,
459 340 503 367 καὶ
533 341 561 367 αἱ
599 340 780 377 περικείμεναι
812 339 948 376 δυνάμεις,

166 383 190 392 ν.
239 384 243 393 .
323 385 330 392 κ
424 385 427 391 .
915 388 927 392 -

117 393 289 421 πορρωτερω
307 383 336 411 δε
362 384 388 411 οἱ
414 385 564 422 ἂνθρωποι.
589 385 668 412 Ὥστε
696 383 808 416 πλείους
829 385 878 412 εἶσὶ
894 396 948 412 των

117 427 249 466 ἀγγέλων
265 429 291 455 oi
319 427 469 466 ἅνθρωποι,
499 427 559 460 ὅθεν
581 430 624 456 καὶ
652 429 677 456 οἱ
695 430 742 466 μὲν
757 428 870 467 ἄγγελοι
893 428 946 464 ἤδη

116 473 190 500 κατὰ
203 473 249 500 τὸν
277 473 393 510 ἀριθμὸν
416 473 637 511 ἐπερατώοησαν,
653 477 710 505 τοῖς
740 473 767 501 δὲ
796 474 948 511 ἀνθρώποις

117 517 160 548 εἷς
175 518 207 544 τὸ
224 516 335 554 ἄπειρον
358 521 504 556 προχεῖται
530 520 547 553 ἡ
574 529 712 556 γεννησις.
738 519 903 553 Σταῦἥσεται
920 518 948 545 δὲ

116 562 190 597 αὐτῆ
206 561 274 589 κατὰ
292 563 337 589 τὸν
354 566 403 597 τῆς
418 563 572 594 συντελείας
587 564 691 601 καιρόν.

439 661 472 695 κ’,
489 661 554 699 Περὶ
567 663 624 689 νοῦ.

153 705 192 733 Οὖ
209 708 262 736 πᾶς
291 707 354 737 νοῦς
385 704 527 743 μετέχεται
558 706 608 733 ὑπὸ
632 705 721 741 πάσης
746 708 846 744 ψυχῆς.
871 707 900 735 Ὁ
917 705 945 734 δὲ

113 752 228 786 πρῶτος
244 752 306 780 νοῦς
324 750 368 777 ὑπ’
393 749 521 786 οὐδεμιᾶς
547 752 641 788 ψυχῆς
671 751 798 787 μεθεκτός
815 751 896 778 ἐστιν.
914 752 943 780 Ὁ

114 794 167 831 γὰρ
187 794 253 828 ὑπὲρ
270 795 356 822 πᾶντα
370 794 403 822 τὰ
430 792 494 821 ὄντα
516 797 578 826 νοῦς
603 796 648 822 καὶ
671 806 778 823 παντων
803 801 942 834 Δημιουρ-

1008 206 1123 242 longius
1138 215 1204 234 vero
1222 206 1327 234 remoti
1344 207 1469 241 majores
1485 208 1512 233 et
1533 205 1762 237 numerosiores,
1786 205 1828 232 sic

1006 260 1070 287 quae
1081 251 1131 278 uni
1151 254 1180 279 et
1191 251 1244 279 soli
1260 251 1317 278 Deo
1330 251 1466 286 propiora
1481 253 1560 283 sunt,
1577 250 1678 277 eadem
1690 250 1827 285 pauciora

1005 304 1119 332 quoque
1137 298 1225 330 sunt;
1242 304 1305 331 quas
1316 304 1384 323 vero
1395 295 1512 330 longius
1527 295 1649 327 distant,
1661 294 1746 330 plura
1758 300 1827 321 sunt

1005 349 1138 369 numero.
1149 341 1300 376 Propiores
1312 342 1407 368 autem
1419 340 1476 367 Deo
1496 342 1565 367 sunt
1578 338 1684 374 angeli,
1700 338 1826 366 archan-

1003 385 1071 420 geli,
1088 388 1115 413 et
1130 385 1176 413 his
1193 385 1329 421 proxima:
1346 387 1532 420 protestates.
1560 383 1689 418 Longius
1714 382 1750 410 ab
1777 382 1826 410 illo

1005 431 1112 458 absunt
1126 430 1271 458 homines.
1290 430 1382 466 Igitur
1398 429 1495 465 plures
1507 432 1578 457 sunt
1589 428 1724 456 homines
1732 436 1825 463 quam

1003 475 1108 511 angeli,
1125 475 1203 502 unde
1219 477 1247 502 et
1262 474 1432 510 angelorum
1443 473 1655 508 numerusjam
1667 476 1711 500 est
1722 473 1824 501 linitus

1003 522 1031 546 et
1046 519 1296 556 circumscriptus,
1314 519 1467 547 hominum
1487 527 1554 546 vero
1567 518 1714 554 generatio
1731 518 1761 544 in
1777 518 1823 544 in—

1003 564 1118 591 ﬁnitum
1135 564 1305 597 ett‘unditur,
1324 572 1389 599 quae
1403 566 1501 592 tamen
1518 567 1546 591 et
1560 563 1624 599 ipsa
1646 562 1769 590 sistetur
1794 562 1822 589 in

1002 608 1174 636 saeculorum
1192 609 1455 636 consummatione.

1302 662 1348 688 20.
1366 662 1402 688 De
1417 665 1518 688 mente.

1035 709 1099 734 Non
1116 706 1253 742 quaelibet
1269 715 1352 733 mens
1364 706 1399 733 ab
1411 706 1509 732 anima
1521 712 1695 740 quacunque
1707 704 1822 739 partici-

1000 753 1095 786 patur.
1113 751 1285 787 Principalis
1302 759 1384 778 mens
1400 760 1416 777 a
1431 749 1512 777 nulla
1528 749 1627 776 anima
1650 749 1822 784 participari

1000 799 1104 832 potest.
1122 797 1188 828 Quae
1206 796 1282 823 enim
1295 796 1433 823 omnibus
1444 795 1531 823 rebus
1543 803 1626 822 mens
1639 794 1822 830 praestantior

115 839 177 875 γὸς,
196 841 254 869 πῶς
269 838 299 865 ἂν
330 839 381 866 ὑπὸ
410 841 502 876 ψυχῆς
527 840 707 877 μετασχεοείη
732 841 802 871 τινός
822 850 828 875 ;
850 842 937 876 Horam

1032 844 1054 875 t,
1069 844 1097 867 et
1112 841 1242 868 omnium
1252 841 1356 876 opifex,
1369 840 1515 876 quomodo
1526 840 1562 866 ab
1573 839 1670 866 anima
1683 838 1741 865 ulla
1753 847 1821 874 par-

115 883 168 921 γὰρ
185 885 279 921 νοερᾶς
293 883 417 919 πληθύος
433 884 477 911 καὶ
499 886 546 911 τοῦ
571 884 694 920 πλήθους
715 887 767 912 τῶν
784 887 852 912 νοῶν
865 887 940 923 ἡγεῖ-

113 927 160 954 ταί
185 938 226 958 τις
247 930 321 958 νοῦς.
350 928 400 956 Καὶ
429 928 575 964 ἀμεοεκτος
604 929 648 956 καὶ
674 931 782 965 πρῶτος
812 930 859 966 μὲν
879 930 941 961 νοὺς

116 972 197 1003 οὗτος
214 970 270 999 ἔστι
298 973 343 999 καὶ
372 973 543 1009 ἀνομάζεται.
575 973 650 1002 Μετὰ
678 973 706 1001 δὲ
730 975 775 1001 τὸν
792 974 940 1010 ἀμέὓεκτον

114 1019 191 1051 νοῦν,
223 1018 236 1044 6
268 1018 396 1054 μεθεκτὸς
429 1018 488 1054 μὲν,
518 1018 572 1055 οὐχ
600 1019 613 1045 ὁ
636 1018 780 1056 ἐγκόσμιος
796 1018 941 1053 δὲ,ἀλλ’ὁ

116 1062 302 1099 ὑπερκόσμιος
318 1062 362 1090 καὶ
386 1063 522 1100 χωριστὸς
544 1066 592 1090 τοῦ
617 1062 732 1099 κόσμου,
753 1065 810 1091 εἶτα
835 1065 848 1091 ὁ
865 1064 941 1102 ἐγκό-

113 1117 208 1143 σμιος,
239 1107 312 1134 Ἐπεὶ
330 1108 397 1134 κατὰ
410 1107 473 1139 τοὺς
492 1110 545 1135 τῶν
567 1107 708 1143 Ἑλλήνων
726 1108 823 1146 λόγους
837 1109 881 1136 καὶ
894 1109 940 1136 αὖ·

111 1152 158 1182 τὸς
175 1152 188 1178 ὁ
214 1152 317 1187 κόσμος
343 1150 468 1189 ἔμψυχος
494 1151 550 1188 ἅμα
575 1152 620 1180 καὶ
645 1151 735 1184 ἔννους
761 1153 826 1181 ἐστί,
854 1153 902 1181 Καὶ
922 1156 938 1189 ἡ

112 1195 260 1233 ἕγχόσμιος
284 1197 361 1234 ψυχὴ
380 1197 430 1223 οὐκ
454 1196 530 1228 εὐθὺς
557 1197 665 1234 μετέχει
689 1200 736 1224 τοῦ
755 1198 939 1235 ὑπερκοσμίου

113 1240 187 1273 νοὸς,
200 1239 273 1267 ἀλλὰ
287 1240 404 1277 πρώτως
418 1243 466 1268 τοῦ
491 1240 648 1278 ἐγκοσμίου.
662 1243 755 1270 "Ea-civ
771 1243 816 1270 οἶν
832 1244 849 1278 ἡ
865 1244 938 1279 τάξις

111 1285 159 1311 καὶ
174 1284 316 1321 ὁάριθμὸς
343 1285 388 1312 χαί
413 1286 447 1313 τὰ
475 1286 595 1322 ὀνόματα
624 1286 719 1317 οὕτως.
742 1288 771 1315 Ὁ
792 1287 939 1324 ἀμὲθεκτος

112 1331 188 1364 νοῦς,
205 1329 218 1356 ὁ
235 1329 426 1367 ὑπερκόσμιος,
443 1331 487 1358 καὶ
504 1331 517 1358 ὁ
533 1330 688 1369 ἐγκόσμιος.

389 1467 440 1491 xa’.
457 1464 515 1490 Ἔτι
529 1464 590 1501 περὶ
606 1467 663 1493 νοῦ.

151 1509 206 1537 Πᾶς
222 1508 286 1537 νοῦς
315 1507 406 1534 ἑαυτὸν
437 1509 504 1534 νοεῖ.
536 1507 612 1535 ⁷Δ).λ¹
639 1508 652 1534 ὁ
677 1511 786 1546 πρῶτος
802 1511 864 1540 νοῦς
893 1510 937 1536 καὶ

115 1551 263 1588 ἇμέθεκτος
292 1551 384 1578 ἑαυτὸν
416 1551 508 1587 μόνον.
536 1551 602 1579 Οὐδὲ
626 1553 676 1590 γὰρ
701 1552 760 1590 ἔχει
781 1564 808 1580 τι
823 1554 875 1592 πρὸ
889 1555 936 1582 αὐ-

113 1594 174 1629 τοῦ,
200 1594 245 1622 ’ίνα
275 1595 361 1622 ἐκιῖνο
390 1597 486 1633 νοήσῃ.
512 1597 549 1623 Τὰ
575 1595 603 1623 δὲ
632 1598 689 1633 μετ’
718 1597 799 1625 αὐτὸν
829 1599 880 1625 οὐκ
909 1598 937 1626 ἂν

114 1641 245 1674 νοήσειεν.
285 1639 363 1668 Ἀλλ’
400 1638 458 1678 ἔχει
491 1641 594 1668 τούτων
624 1642 674 1676 τὴν
701 1644 797 1676 νοήσιν
823 1643 938 1679 ἀνοησίᾳ

114 1684 246 1721 κρείττονι
275 1685 404 1720 νοήσεως.
434 1684 483 1712 Καὶ
513 1684 595 1721 ἔστιν,
626 1686 667 1713 ὅτι
692 1687 770 1719 οὗτος
790 1690 864 1724 νοῦς,
876 1690 938 1718 νοῦς

114 1729 170 1765 ἅμα
185 1729 230 1756 καὶ
259 1729 367 1764 νοητόν.
393 1731 463 1761 Νοῦς
493 1730 539 1766 μὲν
571 1730 608 1761 ὡς
630 1733 698 1757 νοῶν
713 1731 817 1766 ἑαυτὸν,
839 1731 936 1767 νοητὸν

115 1772 153 1808 δὲ,
171 1774 207 1804 ὡς
224 1772 372 1810 νοούμενον
390 1774 432 1812 ὑφ’
459 1774 566 1802 ἑαυτοῦ.
596 1777 625 1803 Ὀ
652 1773 681 1802 δὶ
707 1775 773 1811 μετὰ
800 1776 845 1803 τὸν
871 1777 936 1813 ἀμε-

117 1818 209 1845 θεχτον
227 1818 354 1854 μεθεκτὸς
383 1820 444 1849 νοῦς
473 1818 566 1845 ἑαυτόν
590 1829 618 1845 τε
648 1819 705 1855 ἅμα
732 1822 799 1854 νοεῖ,
823 1820 868 1847 καὶ
891 1821 936 1848 τὸν

115 1863 167 1899 πρὸ
180 1862 262 1889 αὐτοῦ
276 1865 350 1890 νοῦν.
383 1865 436 1894 Πᾶς
466 1863 517 1900 γὰρ
541 1865 604 1894 νοῦς
628 1862 646 1898 ἥ
671 1863 764 1891 ἑαυτὸν
789 1867 855 1899 νοεῖ,
876 1864 938 1900 {ire

117 1906 181 1943 ὑπὲρ
198 1906 302 1941 ἑαυτὸν,
318 1906 336 1941 ἥ
351 1907 382 1934 τὸ
408 1910 465 1943 μεθ’
487 1907 592 1934 ἑαυτόν.
619 1907 697 1936 Ἀλλ’
722 1908 747 1935 εἴ
768 1909 813 1945 μὲν
830 1910 860 1936 τὸ
880 1911 937 1945 μεθ’

114 1951 206 1978 ἑαυτὸν
232 1954 298 1984 νοεῖ,
329 1951 397 1978 κατὰ
426 1951 456 1978 τὸ
485 1954 579 1989 χεῖρον
607 1951 770 1991 ἐπιστρέφει.
801 1953 832 1981 Εἴ
854 1952 882 1981 δὶ
906 1954 937 1981 τὸ

113 1995 178 2032 ὑπὲρ
203 1995 295 2022 ἑαυτὸν
322 1998 388 2031 νοεῖ,
415 1995 437 2023 εἰ
462 1996 509 2032 μὲν
536 1995 581 2023 διὰ
601 2000 650 2031 τῆς
677 1997 771 2025 ἐαυτοῦ
800 1998 936 2035 γνώσεως,

113 2039 206 2066 ἑαυτὸν
231 2040 286 2076 ἅμα
311 2040 418 2067 κάκεῖνο
447 2040 589 2078 γνώσεται.
627 2042 660 2070 Et
692 2041 720 2069 δὲ
744 2042 830 2070 ἐκεῖνο
854 2044 935 2079 μόνον

113 2084 204 2111 ἑαυτὸν
227 2084 355 2121 ἀγνοήσει
377 2086 439 2115 νοῦς
466 2082 514 2112 ὧν.
542 2085 629 2114 Ἀλλὰ
654 2087 685 2113 τὸ
706 2087 760 2125 πρὸ
783 2088 878 2115 ἑαυτοῦ
893 2099 936 2125 γι-

112 2129 233 2162 νώσκων,
248 2129 379 2166 γνώσεται
403 2129 448 2156 καὶ
475 2129 578 2158 ἔαυτόν.
603 2131 694 2158 Ἔστιν
718 2131 769 2168 ἄρα
791 2131 835 2159 καὶ
857 2131 881 2159 ἐν
897 2135 937 2169 τῷ

998 885 1135 922 ticipetur
1145 886 1158 912 ‘I
1173 886 1276 913 Omnis
1286 885 1361 912 enim
1375 883 1569 920 intelligibilis
1583 882 1781 911 multitudinis
1792 884 1820 909 et

999 929 1197 957 multitudinis
1214 930 1358 957 mentium
1374 929 1512 965 princeps
1527 931 1569 956 est
1586 937 1668 956 mens
1685 927 1817 963 quaedam

997 975 1109 1003 nullius
1120 975 1225 1002 anima:
1234 974 1390 1010 particeps.
1403 977 1497 1009 Atque
1509 973 1570 1000 haec
1582 973 1674 1008 prima
1682 980 1765 999 mens
1775 973 1820 998 est

997 1022 1024 1047 et
1040 1019 1219 1047 nominatur.
1236 1021 1306 1046 Post
1322 1019 1396 1046 hanc
1405 1018 1516 1045 nullius
1527 1017 1700 1053 participem
1713 1016 1817 1043 animo:

996 1064 1128 1092 succedit
1137 1072 1221 1092 mens
1228 1072 1284 1091 non
1294 1064 1444 1091 mundana
1452 1061 1635 1098 quidem,sed
1643 1069 1806 1096 supramun
1813 1075 1821 1081 -

995 1109 1073 1136 dena
1087 1111 1115 1135 et
1139 1117 1155 1135 a
1180 1109 1290 1135 mundo
1315 1107 1498 1143 separabilis.
1522 1106 1632 1134 Deinde
1655 1106 1817 1138 mundana,

996 1162 1075 1186 nam,
1092 1153 1254 1180 secundum
1271 1152 1436 1180 Graecorum
1451 1151 1639 1184 sententiam,
1656 1150 1718 1185 ipse
1728 1150 1815 1177 etiam

996 1198 1126 1225 mundus
1142 1198 1240 1225 anima
1255 1205 1285 1225 ac
1302 1200 1400 1225 mente
1416 1196 1557 1232 prmditus
1579 1197 1633 1222 est.
1661 1195 1694 1222 Et
1719 1194 1817 1221 animo.

996 1242 1098 1270 mundi
1114 1251 1172 1270 non
1189 1242 1288 1269 statim
1305 1242 1435 1269 continet
1450 1240 1723 1276 supramundanam
1735 1246 1817 1266 men-

993 1290 1063 1322 tem,
1076 1287 1126 1315 sed
1139 1287 1234 1323 primo
1245 1287 1437 1315 mundanam.
1450 1286 1526 1313 Ordo
1537 1285 1626 1321 igitur
1639 1287 1667 1312 et
1676 1291 1817 1312 numerus

994 1333 1081 1366 atque
1099 1330 1218 1358 nomine.
1233 1331 1275 1358 sic
1291 1339 1321 1358 se
1331 1331 1441 1358 habent
1453 1339 1459 1357 ι
1473 1338 1556 1357 mens
1567 1330 1651 1364 cujus
1662 1327 1744 1356 nulla
1752 1327 1817 1355 ani-

994 1384 1043 1403 ma
1058 1383 1176 1411 compos
1193 1377 1220 1402 et
1235 1375 1381 1411 particeps
1396 1374 1457 1401 ﬁeri
1472 1377 1577 1409 potest.
1594 1377 1657 1401 tum
1674 1380 1758 1400 mens
1769 1380 1815 1399 su:

994 1420 1200 1456 pramundana
1216 1428 1249 1447 ac
1265 1419 1390 1455 denique
1406 1419 1565 1446 mundana.

1242 1465 1287 1491 21.
1305 1465 1406 1491 Iterum
1421 1463 1453 1491 de
1467 1465 1566 1491 mente.

1029 1509 1131 1537 Omnis
1147 1517 1230 1536 mens
1246 1508 1372 1544 seipsam
1390 1507 1536 1543 intelligit.
1555 1507 1608 1534 Sed
1623 1507 1717 1542 prima
1734 1515 1816 1534 mens

994 1562 1055 1589 quae
1072 1562 1088 1581 a
1103 1553 1183 1580 nullo
1199 1553 1400 1589 participatur,
1414 1560 1444 1579 se
1457 1551 1595 1586 intelligit
1606 1551 1817 1586 solam.Neque

995 1598 1071 1625 enim
1089 1598 1177 1625 habet
1194 1597 1303 1632 aliquid
1319 1605 1350 1624 se
1367 1597 1459 1632 prius,
1476 1597 1554 1632 quod
1571 1595 1726 1631 intelligat.
1751 1596 1817 1627 Quae

993 1651 1060 1670 vero
1076 1644 1142 1678 post
1157 1644 1236 1675 sunt,
1251 1651 1307 1669 non
1325 1641 1443 1678 quidem
1459 1640 1642 1675 intellexerit,
1656 1641 1707 1668 sed
1725 1640 1812 1668 habet

994 1696 1095 1715 eorum
1112 1687 1307 1723 cognitionem
1325 1687 1389 1714 sine
1412 1686 1617 1722 intelligentia,
1648 1694 1699 1721 per
1722 1694 1816 1721 genus

994 1732 1188 1768 perceptionis
1200 1732 1277 1766 quod
1290 1731 1471 1767 intelligendi
1483 1733 1548 1758 actu
1563 1733 1607 1758 est
1618 1730 1814 1766 priestantius.

993 1778 1031 1804 Ac
1047 1785 1131 1804 mens
1147 1777 1214 1803 talis
1231 1775 1398 1803 intellectus
1414 1775 1504 1803 simul
1520 1778 1564 1802 est
1580 1778 1608 1802 et
1620 1774 1814 1808 intelligibile.

994 1821 1162 1849 Intellectus
1174 1821 1304 1856 quidem,
1317 1822 1461 1855 quatenus
1473 1828 1504 1847 se
1515 1818 1816 1855 ipseintelligil,intel-

993 1866 1105 1901 ligibile
1120 1874 1198 1900 vero,
1216 1867 1361 1901 quatenus
1387 1874 1404 1892 ει
1425 1865 1522 1900 seipso
1547 1863 1732 1899 intelligitur.
1749 1864 1815 1895 Quae

992 1910 1060 1938 hinc
1069 1913 1133 1946 post
1143 1909 1420 1945 imparticipabilem
1429 1911 1556 1937 mentem
1571 1916 1653 1935 mens
1664 1907 1818 1943 participa-

993 1955 1060 1982 bilis
1071 1955 1342 1990 succedit,seipsam
1355 1953 1444 1982 simul
1455 1953 1593 1988 intelligit
1605 1955 1633 1980 et
1643 1952 1724 1979 illam
1737 1953 1816 1987 prio-

992 2008 1053 2027 rem
1070 2007 1102 2027 se
1119 2000 1182 2035 ipsa
1196 2002 1335 2026 mentem.
1352 1998 1455 2026 Omnis
1471 1998 1550 2025 enim
1568 2005 1652 2025 mens
1667 1996 1711 2024 vel
1727 1995 1815 2023 intel-

992 2044 1057 2080 ligit
1073 2044 1213 2079 seipsam,
1230 2043 1273 2071 vel
1289 2044 1365 2079 quod
1379 2051 1468 2078 supra
1484 2051 1524 2077 se,
1541 2043 1583 2070 vel
1601 2042 1679 2077 quod
1696 2042 1772 2069 infra
1783 2049 1815 2068 ac

992 2091 1057 2124 post
1072 2097 1102 2116 se
1117 2091 1170 2116 est.
1188 2089 1220 2116 At
1237 2088 1355 2123 quando
1371 2088 1426 2115 hoc
1442 2087 1519 2123 quod
1536 2087 1613 2115 infra
1625 2094 1656 2114 se
1671 2088 1716 2114 est
1728 2085 1815 2113 intel-

991 2133 1109 2169 ligit,ad
1125 2132 1253 2160 deterius
1269 2140 1300 2159 se
1312 2132 1462 2160 convertit.
1480 2131 1601 2163 Quando
1616 2133 1716 2158 autem
1728 2130 1814 2158 intel-

112 2175 148 2209 νῷ
162 2174 272 2208 νοητὸν,
289 2173 333 2200 καὶ
350 2173 375 2200 ἐν
392 2176 430 2210 τῷ
453 2176 546 2210 νοητῷ
560 2177 634 2209 νοῦς,
650 2175 695 2203 καὶ
711 2176 724 2203 ὁ
743 2176 790 2213 μὲν
806 2175 936 2204 ὀλικώτε-

187 2219 194 2224 ,
216 2216 237 2224 μ
349 2218 354 2224 ,

1029 2178 1055 2209 ;it
1066 2177 1094 2204 id
1105 2177 1182 2213 quod
1195 2185 1285 2212 supra
1296 2185 1326 2204 se
1336 2178 1483 2211 est,atque
1497 2184 1548 2211 per
1557 2175 1704 2212 suiipsius
1713 2174 1814 2210 cogni-

113 2228 167 2255 ρος,
184 2219 198 2245 ὁ
215 2216 243 2245 δὲ
256 2218 450 2256 μερικώτερος.

991 2222 1111 2255 tionem,
1127 2221 1254 2257 seipsam
1271 2221 1380 2256 pariter
1394 2222 1422 2248 et
1437 2220 1510 2248 illud
1527 2222 1697 2256 cognoscet:
1712 2219 1738 2246 si
1750 2227 1814 2246 vero

113 2263 183 2290 illud
201 2263 308 2298 solum,
326 2263 453 2299 seipsam
470 2265 617 2299 ignorabit
633 2268 759 2294 'nentem
775 2275 849 2294 esse.
867 2266 922 2294 Sed
940 2266 1041 2302 utique
1057 2266 1127 2293 dum
1144 2266 1171 2292 id
1189 2266 1264 2300 quod
1282 2274 1313 2293 se
1329 2265 1410 2301 prius
1432 2268 1477 2292 est
1501 2265 1660 2299 cognoscit,
1690 2271 1813 2299 cognos-

114 2311 157 2335 cet
172 2308 259 2335 etiam
274 2316 305 2336 se
321 2308 425 2343 ipsam.
443 2308 493 2335 Est
509 2309 599 2344 igitur
613 2312 642 2338 et
657 2310 686 2338 in
704 2314 799 2339 mente
815 2311 1009 2347 intelligibile,
1027 2313 1055 2338 et
1069 2311 1098 2338 in
1115 2310 1289 2346 intelligibili
1306 2318 1389 2337 mens
1406 2309 1465 2337 sive
1482 2308 1648 2336 intellectus
1661 2308 1737 2336 alius
1746 2308 1811 2335 uni-

112 2351 260 2386 versalior,
277 2352 483 2387 particularior
494 2352 582 2381 alius.

383 2405 436 2441 κβ’,
451 2405 510 2432 Ἔτι
527 2405 588 2443 περί
601 2409 658 2435 νοῦ,

145 2450 201 2479 Πᾶς
220 2451 281 2479 νοῦς
296 2448 340 2476 καὶ
359 2453 408 2484 τῆν
436 2449 529 2477 οὐσίαν
544 2451 589 2478 καὶ
610 2452 659 2486 τὴν
686 2451 800 2488 δύναμιν
823 2452 867 2480 καὶ
881 2453 930 2487 τήν

112 2493 253 2530 ἐνέργειαν,
269 2493 366 2520 αἰώτια
394 2491 462 2530 ἔχει.
487 2493 558 2530 ’Όλη
584 2506 616 2533 γε
630 2496 686 2532 ἅμα
703 2497 774 2524 ἐστὶν
803 2498 821 2532 ἡ
851 2497 932 2524 οὐσία

114 2539 159 2564 τοῦ
180 2540 227 2564 νοῦ
243 2538 287 2565 καὶ
316 2536 378 2565 οὔτε
407 2537 513 2573 αὔξεται
539 2537 600 2567 οὔτε
630 2541 812 2579 μεγεθύνεται,
830 2540 891 2569 οὐδὲ
917 2542 931 2569 ὃ

115 2583 232 2620 σήμερον
258 2581 314 2609 ἔστι
341 2583 406 2620 χθὲς
436 2583 486 2610 οὐκ
513 2585 557 2617 ἦν.
584 2585 632 2612 Καὶ
654 2587 671 2620 ἡ
688 2585 780 2621 νόησις
805 2585 833 2613 δὲ
849 2586 930 2613 αὐτοῦ

112 2627 190 2663 ὁμοία
207 2626 261 2654 ἐστὶ
276 2628 310 2662 ἰᾗ
331 2627 419 2662 οὐσίᾳ.
450 2627 629 2666 Πληρεστάτη
656 2631 706 2668 γὰρ
731 2631 776 2658 καὶ
806 2631 870 2666 ὅλη,
886 2631 930 2658 καὶ

111 2671 178 2708 ὁμοῦ
194 2671 281 2698 πάντα
303 2674 370 2706 νοεῖ,
386 2671 431 2698 καὶ
448 2671 510 2700 οὔτε
522 2674 554 2700 τὸ
579 2673 769 2712 παρεληλυθὸς
793 2674 852 2713 ὁρᾷ,
870 2674 931 2703 οὕτε

110 2715 139 2743 τὸ
151 2715 254 2752 μέλλον
268 2717 304 2747 ὼς
329 2715 458 2753 ἐσόμενον
488 2716 570 2752 οἶδεν,
596 2718 659 2747 ἀλλ’
687 2719 713 2747 ἐν
743 2722 783 2756 τῷ
805 2719 930 2747 ἐνεστῶτι

111 2759 194 2788 πάντα
209 2758 291 2796 οἶδεν,
317 2760 348 2788 οὐ
370 2760 542 2798 κινούμενος,
563 2763 593 2791 οὗ
618 2763 859 2803 συλλογιζόμενος,
875 2765 930 2802 οὐχ

1238 2409 1283 2436 22.
1300 2410 1403 2435 lterum
1418 2407 1451 2434 de
1461 2409 1561 2434 mente.

1023 2454 1104 2481 Mens
1115 2453 1284 2487 essentiam,
1293 2452 1454 2488 potentiam
1462 2451 1695 2487 etoperationem
1704 2452 1812 2478 aeterna

986 2499 1084 2526 habet.
1100 2497 1237 2526 Essentia
1248 2497 1356 2525 mentis
1371 2497 1460 2524 simul
1476 2500 1533 2524 tota
1548 2498 1604 2531 est,
1617 2504 1712 2532 neque
1723 2503 1810 2530 auge-

986 2545 1034 2569 tur
1050 2551 1142 2578 neque
1154 2541 1183 2569 in
1196 2542 1337 2577 majorem
1350 2541 1584 2577 magnitudinem
1599 2540 1811 2575 crescit,neque

987 2587 1063 2622 quod
1076 2586 1161 2614 hodie
1172 2589 1216 2613 est
1228 2586 1291 2613 heri
1303 2595 1359 2613 non
1372 2589 1444 2619 erat,
1461 2588 1489 2613 et
1512 2585 1672 2613 intellectio
1684 2585 1747 2620 ejus
1764 2593 1809 2612 es-

986 2632 1080 2659 sentia
1096 2633 1141 2658 est
1155 2630 1271 2658 similis.
1283 2629 1458 2658 Plenissime.
1469 2631 1547 2658 enim
1561 2632 1589 2658 et
1602 2632 1662 2658 tota
1672 2629 1810 2663 intelligit

986 2679 1015 2703 et
1030 2684 1131 2704 omnes
1142 2684 1189 2703 res
1205 2675 1305 2708 simul,
1321 2676 1350 2702 et
1365 2683 1418 2702 nec
1429 2675 1574 2711 praeterita
1584 2677 1725 2710 tanquam
1739 2681 1809 2709 prze~

984 2720 1082 2756 terita,
1095 2728 1190 2756 neque
1205 2719 1303 2747 futura
1319 2721 1459 2755 tanquam
1475 2720 1574 2748 futura
1583 2718 1743 2755 cognoscit,
1755 2717 1806 2744 sed

986 2766 1085 2794 omnia
1100 2764 1240 2801 intelligit
1253 2766 1394 2800 tanquam
1410 2764 1565 2800 praesentia
1578 2772 1585 2791 :
1600 2772 1657 2791 non
1674 2764 1808 2789 movetur
