1951 3054
205 110 264 141 ’119

873 105 1082 139 MICHAELIS
1106 107 1243 144 PSELLI

1855 118 1924 148 720

205 177 242 204 ad
258 178 335 204 recte
360 176 524 213 agendum;
541 175 720 211 purgatoria,
738 183 800 211 quas
816 176 852 204 ab
881 177 1014 205 aﬁ‘ectibu

1148 176 1177 205 δὲ
1205 184 1398 219 καθαρτικὴ,ὴ
1427 184 1591 221 καθαίρουσα
1618 183 1664 210 τὸν
1692 184 1834 222 ἄνθρωπον
1864 185 1921 212 ἀπὸ

206 221 346 249 omnibus
361 220 510 249 hominem
522 220 642 254 liberat;
656 220 817 248 theoretica
828 229 892 257 quae
907 223 1035 249 mentem

207 266 436 302 contemplatur,
455 268 484 292 et
498 265 664 300 Theurgica
679 266 817 302 denique,
833 274 897 302 quae
912 265 941 293 id
957 265 1036 302 quod

206 319 237 347 in
254 311 355 338 anima
378 313 479 338 nostra
499 310 632 338 divinum
658 311 784 338 maxime
808 313 852 338 est
875 311 992 345 excitat,
1008 312 1038 338 et

207 357 264 383 Deo
288 355 344 391 ipsi
371 355 446 385 unit,
464 355 655 390 divinumque
679 355 708 382 in
733 355 834 382 anima
856 355 984 382 furorem
1008 356 1036 382 et

207 400 446 428 enthusiasmum
459 402 564 426 movet.
578 399 690 426 Dantur
701 399 791 426 etiam
803 407 894 434 supra
904 399 958 426 has
972 398 1035 426 alia)

206 444 394 472 sublimiores
410 444 544 477 virtutes,
561 451 625 478 quas
639 446 708 470 sunt
723 446 895 471 ceterarum
911 443 1035 471 islarum

207 488 351 524 exempla,
367 497 490 524 quaeque
514 495 631 515 omnem
657 488 855 515 substantiam
880 495 1034 524 supergre-

207 533 339 568 diuntur,
357 541 450 568 neque
472 535 543 560 sunt
563 532 736 565 accidentia,
752 533 795 560 uti
820 532 927 560 accidit
950 532 1034 560 nobis

206 580 327 606 caeteras
342 577 466 605 virtutes
486 578 599 612 adesse,
616 585 717 604 verum
741 579 810 605 sunt
833 576 1034 613 intelligibiles

206 624 235 650 et
250 621 552 659 supersubstantiales
568 621 712 649 essentia.

482 678 528 704 50.
544 677 582 705 De
596 677 757 704 virtutibus.

241 724 313 752 Tres
341 725 412 751 sunt
435 722 557 750 virtutes
581 729 645 757 quas
673 721 825 750 hominem
854 721 1031 756 perﬁciunt:

206 769 349 796 sanctitas
364 768 422 795 Deo
447 766 559 803 operari
585 766 719 799 studens,
735 765 883 801 vitamque
903 765 1033 793 hominis

207 812 326 840 Numini
343 819 534 844 consecrans;
551 809 644 837 altera
662 809 790 844 justitia,
806 818 870 845 quae
886 809 1032 837 inferiori-

1090 224 1188 256 παντὸς
1219 227 1333 258 πάθους.
1356 228 1388 256 Ἡ
1415 227 1444 255 δὲ
1472 229 1626 265 θεωρητική
1656 229 1673 263 ὴ
1701 229 1841 266 θιωροῦσα
1871 229 1919 256 τὸν

1090 271 1165 296 νοῦν.
1195 271 1226 297 Ἠ
1255 270 1284 298 δὲ
1308 273 1454 310 θεουργική
1484 273 1502 307 ἡ
1531 273 1563 300 τὸ
1592 273 1728 301 οειότατον
1758 275 1841 310 ἡμῶν
1869 275 1919 308 τῆς

1089 314 1184 351 ψυχῆς
1199 315 1370 354 ἀνεγείρουσα
1393 317 1438 344 καὶ
1467 317 1541 353 αὐτῷ
1570 317 1694 352 ἐνίζουσα
1722 320 1762 354 τῷ
1782 321 1855 355 Θεῷ,
1873 320 1918 346 καὶ

1089 357 1137 391 τήν
1155 359 1228 389 θείαν
1244 359 1385 398 ἐνεργοῦσι(
1403 361 1508 397 μανίαν.
1525 361 1584 389 Εἰσὶ
1601 360 1630 389 δὲ
1644 362 1688 389 καὶ
1714 362 1839 391 ἰπὲκεινα
1853 364 1921 391 τού-

1089 411 1143 428 των
1158 401 1246 441 ἕτεραι
1271 404 1374 442 ἀρεταὶ,
1391 406 1417 432 αἱ
1446 406 1493 442 μὲν
1517 407 1600 434 οἱονεὶ
1630 406 1838 445 παραδείγματα
1862 410 1919 436 τῶν

1090 445 1197 474 λοιπῶν
1227 448 1340 486 ἀρετῶν,
1357 450 1384 477 αἱ
1414 449 1442 477 Si
1472 451 1537 486 ὑπὲρ
1567 453 1652 479 πᾶσαν
1678 451 1779 480 οὐσίαν.
1810 452 1920 484 Α’ἶτινες

1090 491 1122 518 οὐ
1168 490 1360 528 συμϐεϐηκότα
1400 494 1468 522 εἰσὶν
1519 494 1610 533 ὥσπερ
1661 494 1918 533 ἑπισυμῦεϐήκασιν

1089 536 1157 572 ἡμῖν
1172 537 1199 564 αἱ
1224 536 1320 566 λοιπαὶ
1337 539 1440 577 ἀρεταὶ,
1456 538 1520 568 ἀλλ’
1535 540 1623 568 οὐσίαι
1651 542 1739 577 νοιραὶ
1768 542 1812 569 καὶ
1848 542 1918 579 ὑπερ

1089 590 1187 610 ουσιοι,

1340 674 1371 702 ν’.
1387 675 1446 702 Ἔτι
1461 674 1524 712 περὶ
1538 675 1651 712 ἀρετῶν.

1124 717 1205 753 Τρεῖς
1233 717 1299 745 εἰσιν
1327 719 1355 745 αἱ
1384 719 1476 754 ἀρεταὶ
1506 720 1533 747 αἱ
1556 719 1709 748 τελιιοῦσαί
1731 721 1778 748 τὸν
1804 720 1915 758 ἄνθρω-

1087 771 1148 788 πον·
1166 761 1403 800 ὸσιότης,ἡπρὸς
1431 764 1477 791 τὸν
1506 764 1570 792 Θεὸν
1600 765 1715 804 ἐνεργεῖν
1745 765 1914 800 σπεύδουσα,

1088 807 1144 832 οἷον
1161 807 1178 840 ἡ
1195 806 1344 843 ἀφοσιοῦσα
1358 809 1407 842 τήν
1423 811 1472 835 τοῦ
1498 809 1641 846 ἀνθρώπου
1672 810 1743 844 ζωὴν
1772 812 1813 846 τῷ
1843 813 1914 847 Θεῷ·

207 858 262 884 bus
284 857 450 892 prospicere
474 854 599 890 satagit;
626 857 654 882 et
678 856 764 882 tertia
787 854 954 890 prudentia,
970 862 1014 889 qu;

1122 850 1210 888 $‘rspov
1226 850 1383 887 δικαιοσύνη
1398 853 1416 887 ἡ
1436 853 1485 887 τήν
1500 853 1630 890 πρόνοιαν
1656 856 1711 882 τῶν
1739 853 1916 883 καταδεεστέ-

207 903 330 929 conatur
353 902 487 935 respectu
504 899 596 926 nostri
621 898 716 933 ipsius
730 899 819 926 vitam
836 898 1034 933 intelligenter

207 946 370 973 instituere.
389 944 513 972 Unimur
538 943 629 979 igitur
648 952 700 979 per
722 944 908 971 sanctitatem
931 943 989 970 Deo
1005 945 1034 970 et

207 991 270 1024 uni,
287 999 337 1026 per
355 989 502 1025 justitiam
528 989 588 1015 illis
614 989 664 1024 qui
687 988 832 1016 inferioris
856 988 1033 1015 conditionis

206 1037 277 1063 sunt
306 1034 504 1070 providemus,
529 1035 557 1060 et
585 1041 635 1068 per
657 1032 843 1068 prudentiam
867 1032 1034 1068 cognitione

207 1089 264 1108 non
281 1079 394 1114 vulgari
411 1078 583 1105 imbuimur.
602 1078 678 1112 Aque
693 1077 789 1104 ethica
804 1077 898 1104 virtus
914 1077 1033 1112 quidem

205 1133 222 1152 a
242 1123 399 1160 prudentia
423 1122 628 1157 proﬁciscitur,
645 1129 740 1156 neque
764 1124 862 1149 tamen
888 1129 939 1156 per
963 1129 1032 1156 pru-

205 1168 336 1196 dentiam
352 1170 499 1203 operatur,
511 1166 561 1193 sed
573 1168 762 1201 comparatur
777 1173 829 1200 per
841 1173 928 1193 usum
945 1165 1033 1202 longo

207 1216 348 1248 tempore.
363 1212 506 1240 Caeterum
522 1214 583 1238 tam
599 1211 698 1238 divina
722 1213 767 1238 est
783 1213 888 1238 natura
903 1211 1032 1246 virtutis,

203 1260 236 1285 ut
251 1265 303 1292 per
327 1257 426 1284 omnia
451 1256 529 1283 entia
554 1255 702 1290 pervadat.
719 1255 811 1282 Datur
836 1255 914 1283 enim
940 1255 1034 1283 virtus

213 1300 451 1338 supracaelestis,
485 1299 689 1336 caelestiaque,
720 1299 973 1335 supramundialis
1015 1309 1032 1328 e

202 1346 364 1380 mundana,
381 1344 517 1373 mentalis
532 1346 560 1372 et
574 1345 688 1378 animae,
703 1344 834 1380 angelica
850 1344 920 1372 item
934 1347 1036 1380 atquct

205 1392 345 1420 humana.
363 1390 454 1418 Datur
479 1389 566 1417 etiam
593 1389 658 1416 fons
682 1389 835 1423 virtutum,
851 1397 939 1424 quem
963 1392 1035 1416 tunc

206 1443 416 1472 assequemur,
445 1434 562 1469 quando
595 1432 760 1469 cognitione
795 1433 913 1469 partiali
941 1433 1034 1461 missa

205 1481 292 1513 facta,
308 1478 553 1516 perfectissimam
563 1477 700 1506 virtutem
717 1480 784 1505 actu
798 1479 828 1505 et
841 1485 927 1513 opere
938 1477 1033 1513 expri-

207 1533 332 1553 memus.

449 1570 494 1597 51.
510 1568 603 1596 Adhuc
625 1568 657 1595 de
671 1568 784 1596 virtute.

239 1615 410 1643 Aristoteles
421 1613 615 1650 philosophus
625 1615 753 1647 quatuor
766 1611 918 1648 generales
932 1619 1033 1640 nume-

204 1663 250 1688 rat
269 1660 391 1687 virtutes
409 1667 415 1687 :
434 1657 633 1694 prudentiam,
646 1657 806 1691 justitiam,
828 1656 1031 1684 fortitudinem

202 1709 231 1733 et
246 1704 487 1740 temperantiam.
504 1703 540 1730 Et
556 1701 741 1737 prudentiam
758 1700 876 1736 quidem
892 1700 981 1728 refert
996 1701 1031 1728 ad

203 1749 399 1782 intellectum,
416 1751 535 1775 crateras
550 1755 616 1774 vero
631 1749 690 1774 tres
714 1745 750 1773 ad
776 1744 946 1780 passibilem
963 1745 1032 1772 eﬂ‘e~

203 1795 358 1829 ctibusque
373 1792 531 1820 obnoxiam
552 1790 656 1818 anima:
673 1793 797 1826 partem.
813 1790 907 1824 Atque
923 1790 963 1817 ita
979 1797 1032 1818 nec

204 1839 391 1875 prudentiam
413 1836 544 1872 possibili
571 1835 645 1871 parti
672 1834 787 1868 tribuit,
805 1842 899 1869 neque
915 1836 1031 1862 cisterna

202 1887 263 1912 tres
290 1884 413 1910 virtutes
439 1882 467 1909 in
492 1880 644 1908 intellectu
674 1879 806 1906 collocat.
822 1879 904 1906 Plato
932 1881 1030 1906 autem

205 1931 331 1965 quatuor
346 1928 488 1954 virtutum
502 1924 654 1953 constituit
665 1924 792 1958 ordines,
804 1931 819 1951 e
835 1923 943 1958 quibus
958 1923 1031 1951 alias

203 1975 286 2001 vocat
303 1971 436 2007 politicas
447 1979 510 2006 quae
527 1969 637 1997 homini
654 1969 682 1995 in
694 1968 753 1995 vita
763 1968 892 1995 versanti
907 1970 1032 2003 possunt

204 2025 269 2045 esse
285 2018 457 2045 ornamento
471 2023 478 2042 ε
496 2013 682 2050 purgatorias
701 2012 786 2045 alias,
799 2011 931 2047 aliasque
947 2012 1030 2040 theo-

204 2063 320 2090 reticas.
336 2060 437 2088 Furori
453 2061 551 2087 autem
567 2057 698 2093 proxima
713 2056 804 2083 virtus
820 2064 836 2084 a
851 2056 971 2084 Platone
986 2056 1029 2084 di-

204 2107 280 2135 citur
294 2115 360 2143 qua:
374 2107 432 2134 Deo
448 2105 578 2141 agitante
598 2106 642 2131 est
660 2102 801 2130 instinctu
817 2101 1029 2136 cnthusiasmo,

202 2153 392 2187 animamque
408 2150 476 2178 facit
487 2149 564 2177 circa
574 2147 673 2175 divina
684 2146 832 2178 exardere,
844 2147 872 2173 et
882 2145 1027 2180 bacchari,

202 2200 344 2233 tanquam
360 2195 447 2232 plena
469 2193 662 2222 commotione
677 2191 775 2219 divina
789 2193 817 2218 et
831 2190 979 2226 limphatie
996 2199 1028 2218 ac

1089 904 1146 932 ριον
1160 898 1285 923 ποιοῦσα·
1302 897 1432 935 φρόνησις
1447 899 1464 932 ἡ
1480 898 1548 934 πρὸς
1563 900 1637 934 ἡμᾶς
1653 898 1750 930 αὐτοὺς
1765 900 1815 933 τὴν
1840 901 1914 934 ζωήν

1087 940 1181 976 νοερὰν
1205 940 1399 978 ἀπεργάζεσθαι
1432 941 1598 980 βουλομένη.
1625 943 1677 971 Καὶ
1703 944 1755 981 γὰρ
1782 943 1919 980 ἐνούμεθα

1087 984 1155 1011 κατά
1179 986 1229 1018 τὴν
1258 986 1387 1021 ὁσιότητα
1413 987 1479 1024 πρὸς
1506 987 1550 1014 τὸν
1573 988 1637 1015 Θιὸν
1653 988 1696 1015 καὶ
1711 989 1742 1016 τὸ
1757 988 1796 1023 ἓν,
1812 999 1917 1027 προνο-

1088 1032 1171 1065 οῦμεν
1184 1028 1212 1057 δὶ
1227 1033 1280 1057 τῶν
1302 1030 1454 1059 ἐλαττόνων
1477 1033 1545 1060 κατὰ
1569 1034 1599 1060 τὸ
1624 1032 1739 1062 δίκαιον.
1756 1037 1861 1062 Γνῶσιν
1890 1034 1919 1062 δὲ

1088 1074 1206 1112 ἄρρητον
1223 1073 1324 1112 ἔχομεν
1340 1076 1408 1103 κατὰ
1427 1077 1476 1111 τὴν
1493 1075 1635 1114 φρόνησιν.
1651 1079 1682 1105 Ἦ
1708 1078 1800 1115 μέντοι
1830 1080 1918 1114 ἠθικὴ

1089 1119 1170 1156 ἀρετή
1196 1119 1248 1146 ἀπὸ
1273 1122 1430 1158 φρονήσεως
1447 1122 1494 1157 μὲν
1511 1122 1644 1159 πρόεισιν,
1662 1122 1692 1150 οὐ
1723 1124 1815 1159 μέντοι
1849 1124 1920 1160 μιτᾶ

1088 1165 1246 1200 φρονήσεως
1277 1164 1387 1203 ἐνεργεῖ,
1415 1165 1489 1194 ἀλλά
1510 1165 1593 1204 τριϐῇ
1633 1167 1738 1205 χρονίῳ
1768 1168 1919 1206 ἐγγίνεται.

1089 1209 1181 1243 Διήκει
1205 1207 1234 1236 δὲ
1261 1210 1278 1244 ἡ
1307 1213 1357 1245 τῆς
1383 1210 1479 1247 ἀρετῆς
1521 1212 1629 1246 θειότης
1658 1211 1702 1239 διὰ
1731 1214 1838 1240 πάντων
1860 1215 1919 1240 τῶν

1089 1251 1184 1282 ὅντιυν.
1215 1255 1290 1281 Ἐστι
1312 1255 1361 1291 γὰρ
1389 1255 1432 1282 καὶ
1463 1256 1660 1294 ὑπιρουράνιος
1680 1257 1761 1295 ἀρετή
1789 1257 1835 1284 καὶ
1873 1258 1919 1285 οὖ-

1089 1299 1198 1335 ράνιος·
1219 1298 1263 1326 καὶ
1291 1299 1472 1337 ὑπερκόσμιος
1500 1300 1544 1328 καὶ
1572 1301 1729 1338 ἑγκόσμιος,
1758 1302 1802 1330 καὶ
1832 1303 1918 1340 νοερὰ

1088 1343 1131 1370 καὶ
1148 1344 1265 1381 ψυχικὴ,
1280 1343 1325 1370 καὶ
1351 1343 1483 1382 ἀγγελική
1508 1345 1552 1373 καὶ
1574 1345 1743 1383 ἀνθρωπική.
1761 1349 1839 1374 ’Ἐστι
1869 1347 1916 1374 καὶ

1087 1388 1163 1425 πηγή
1192 1388 1304 1425 ἀρετῶν,
1333 1390 1366 1423 ἧς
1392 1389 1453 1417 τότε
1486 1388 1743 1428 καταλαμϐάνομεν,
1770 1391 1833 1419 ὅταν
1863 1392 1916 1426 τὴν

1089 1433 1219 1469 μεριστὴν
1258 1432 1368 1472 ἀφέντες
1405 1433 1511 1469 νόησιν,
1549 1435 1732 1471 τελειωτάτην
1767 1435 1914 1473 σύμπασαν

1087 1477 1184 1515 ἀρετὴν
1202 1477 1392 1515 ὲνεργήσομιν.

1330 1572 1378 1596 va‘.
1396 1570 1454 1597 "Em
1474 1569 1536 1607 περὶ
1552 1570 1664 1609 ἀρετῶν.

1123 1611 1315 1648 Ἀριστοτέλης
1331 1613 1377 1649 μὲν
1394 1614 1408 1641 ὁ
1424 1613 1576 1653 φιλόσοφος
1601 1614 1729 1653 τέσσαρας
1743 1616 1852 1653 γενικὰς
1878 1616 1916 1653 ἰξ-

1087 1657 1198 1694 αριθμεῖ
1219 1658 1324 1693 ἀρετὰς
1343 1658 1486 1696 φρόνησιν,
1513 1657 1698 1695 δικαιοσύνην,
1717 1659 1841 1698 ἀνδρείαν
1868 1662 1914 1688 καὶ

1087 1701 1276 1737 σωφροσύνην.
1307 1702 1356 1729 Καὶ
1397 1703 1446 1736 τὴν
1492 1703 1539 1739 μὲν
1581 1703 1711 1742 φρόνησιν
1739 1705 1830 1732 τάττει
1863 1706 1914 1732 ὑπὸ

1086 1747 1135 1780 τὴν
1153 1744 1282 1773 διάνοιαν·
1298 1746 1346 1778 τὰς
1363 1746 1391 1774 δὲ
1407 1746 1505 1778 λοιπὰς
1527 1751 1601 1785 τρεῖς
1627 1748 1679 1776 ὑπὸ
1706 1749 1737 1776 τὸ
1761 1750 1915 1784 παθητικὸν

1086 1791 1136 1824 τῆς
1157 1791 1260 1827 ψυχῆς.
1278 1790 1330 1818 Καὶ
1347 1791 1408 1818 οὑτε
1428 1793 1477 1826 τήν
1502 1791 1632 1831 φρόνησιν
1659 1792 1684 1820 ἰν
1707 1795 1747 1829 τῷ
1767 1797 1913 1830 παθητικῷ

1089 1835 1163 1872 μέρει
1179 1836 1347 1870 κατατάττει,
1365 1834 1426 1863 οὕτε
1437 1836 1484 1867 τὰς
1506 1839 1579 1874 τρεῖς
1607 1837 1703 1874 ἀρετὰς
1733 1837 1758 1865 ἐν
1788 1840 1822 1875 τῇ
1855 1837 1912 1866 δια-

1086 1880 1146 1915 νοίᾳ
1168 1880 1280 1908 τίθεται.
1297 1881 1328 1908 Ὀ
1354 1879 1383 1908 δὲ
1408 1879 1522 1908 Πλάτων
1539 1881 1668 1919 τέσσαρας
1693 1882 1780 1918 τάξεις
1807 1883 1910 1920 ἀρετῶν

1085 1924 1265 1959 ποιεῖται,καὶ
1279 1924 1326 1956 τὰς
1344 1926 1391 1961 μὲν
1408 1925 1537 1962 ὀνομάζει
1551 1925 1707 1962 πολιτικὰς,
1715 1927 1776 1954 ὅσαι
1789 1931 1910 1963 κοσμοῦν

1085 1980 1111 1996 σι
1125 1969 1171 1996 τὸν
1182 1969 1208 1997 ἐν
1225 1972 1264 2006 τῷ
1281 1970 1333 2007 βίῳ
1347 1969 1560 2007 πολιτευόμενον
1576 1969 1730 2008 ἄνθρωπον⁸
1747 1972 1780 1999 τὰ
1804 1970 1834 2000 δὲ
1849 1979 1911 2004 x00-

1085 2014 1207 2052 αρτικὰς,
1222 2014 1270 2046 τὰς
1298 2013 1327 2041 Si
1347 2014 1526 2052 θεωρητικὰς.
1542 2015 1647 2050 Μανικὴ
1678 2014 1707 2043 δὲ
1732 2016 1814 2053 ἀρετὴ
1838 2016 1914 2054 λέγε-

1084 2069 1126 2086 ται
1143 2060 1160 2093 ἡ
1178 2059 1384 2097 θεοφορουμὶνη
1408 2059 1453 2086 καὶ
1479 2058 1653 2094 ἐνθουσιῶσα,
1670 2060 1714 2087 καί
1737 2060 1787 2095 τήν
1818 2062 1911 2098 ψυχήν

1084 2103 1145 2142 περὶ
1162 2103 1192 2131 τὸ
1208 2104 1277 2130 θεῖον
1294 2101 1526 2142 ἀναϐακχεύουσα,
1542 2103 1587 2131 καὶ
1603 2105 1661 2131 οἷον
1678 2104 1828 2142 ἐνθεασμοῦ
1842 2107 1913 2141 πλή-

1085 2159 1134 2186 ρης
1159 2148 1203 2176 καὶ
1233 2145 1465 2186 κορυϐαντιάσεως
1493 2148 1634 2187 γινομένη.
1665 2149 1693 2176 '0
1724 2150 1817 2186 μέντοι
1848 2152 1912 2182 Θεὸς

1082 2193 1180 2231 ἀρετῆς
1194 2191 1249 2220 ἐστι
1267 2192 1375 2229 μείζων,
1392 2192 1424 2220 οὗ
1441 2193 1524 2229 μόνον
1548 2196 1598 2228 τῆς
1628 2193 1665 2224 ὡς
1686 2191 1765 2230 ἕξεως
1789 2194 1834 2222 καὶ
1862 2199 1912 2230 τῆς

201 2224 334 2270 fanaticus
350 2224 452 2268 instar.
469 2239 546 2267 Dius
562 2245 646 2274 porro
661 2236 769 2264 virtute
787 2235 880 2271 major
895 2238 949 2268 est,
968 2243 1014 2263 nox

1122 2239 1243 2277 εοφυοῦς,
1258 2237 1330 2266 ἀλλὰ
1342 2237 1386 2265 καὶ
1401 2241 1451 2273 τῆς
1467 2237 1643 2275 αὗτοαρετῆς.

201 2287 288 2315 modo
304 2285 354 2314 illa
369 2293 431 2321 quae
455 2286 500 2312 est
525 2282 653 2317 habitus,
669 2282 697 2309 et
712 2279 828 2315 qualem
846 2282 951 2308 natura
972 2280 1028 2308 fert

202 2331 370 2365 hominum,
386 2329 436 2358 sed
452 2329 540 2357 etiam
556 2327 621 2364 ipsa
636 2328 703 2354 auter
739 2350 741 2352 .
757 2325 822 2352 idea
835 2324 962 2352 virtutis.

449 2383 497 2410 52.
514 2381 609 2409 Adhuc
622 2379 654 2407 de

238 2430 301 2458 Non
318 2438 377 2457 una
390 2428 551 2462 eademque
577 2433 700 2452 numero
725 2425 769 2451 est
792 2422 865 2450 ratio
890 2431 949 2458 qua
972 2422 1030 2450 Deo

205 2474 416 2506 assimilamur,
425 2472 475 2500 sed
485 2471 600 2498 diversa
612 2478 645 2497 ac
657 2467 1033 2504 multiplex.Assimilamur

203 2520 280 2546 enim
297 2519 354 2554 ipsi
378 2525 430 2553 per
448 2516 572 2543 virtutes
589 2513 733 2550 politicas,
750 2513 800 2540 sed
816 2511 920 2540 exilius
944 2514 1032 2547 atque

206 2563 361 2591 obscurius
385 2570 393 2590 :
417 2559 619 2588 assimilamur
646 2558 740 2586 eidem
768 2566 818 2593 per
847 2556 1033 2592 purgatorias

201 2609 337 2642 virtutes,
349 2606 401 2634 sed
416 2604 584 2641 expressius
601 2612 607 2631 :
624 2602 827 2631 assimilamur
841 2609 893 2637 pcr
909 2601 1032 2630 virtutes

202 2652 380 2687 theoreticas
408 2650 574 2678 etiamnum
601 2647 803 2684 splendidius;
831 2644 1032 2674 assimilamur

200 2699 289 2726 etiam
306 2705 356 2732 per
370 2695 549 2730 theurgicas,
567 2697 654 2729 atque
670 2692 729 2719 brec
743 2692 863 2719 demum
882 2690 1029 2726 perfectis-

200 2743 276 2772 sima
304 2744 349 2769 est
378 2739 563 2769 assimilatio.
591 2740 721 2772 Purgare
750 2735 828 2763 enim
859 2735 1015 2770 snimas,e

201 2789 281 2818 entia
297 2783 492 2822 contemplari
516 2792 573 2812 non
590 2782 712 2811 omnino
735 2780 840 2808 simile
863 2779 976 2815 aliquid
992 2779 1033 2809 De

699 2394 706 2406 1
713 2380 778 2406 tute.

1331 2373 1382 2410 νβ’.
1401 2373 1461 2400 Ἔτι
1476 2372 1538 2409 περὶ
1555 2371 1656 2410 ἀρετῶν

1119 2420 1177 2446 Ὅτι
1207 2418 1254 2446 οὖν
1283 2416 1337 2445 ἔστι
1369 2417 1417 2454 μία
1445 2417 1490 2445 καὶ
1515 2418 1532 2452 ἡ
1558 2417 1625 2452 αὖτή
1655 2416 1722 2445 κατὰ
1749 2416 1870 2455 ἀριθμὸν
1895 2420 1910 2452 ἡ

1085 2466 1153 2503 πρὸς
1167 2463 1212 2491 τὸν
1229 2463 1291 2491 θεὸν
1312 2462 1455 2499 ὁμοίωσις,
1472 2461 1545 2490 ἀλλὰ
1569 2460 1706 2501 διάφορος.
1723 2463 1912 2500 Ὀμοιοὺμεοι

1086 2510 1137 2548 γὰρ
1154 2509 1229 2545 αὖτῷ
1253 2508 1320 2535 κατὰ
1340 2507 1388 2538 τὰς
1412 2506 1556 2538 πολιτικὰς
1579 2505 1684 2544 ἀρετὰς,
1701 2506 1764 2535 ἀλλ’
1790 2507 1912 2547 ἀμυδρό-

1088 2564 1165 2591 τερον
1206 2553 1250 2580 sui
1291 2551 1495 2589 σκιωδέστερον.
1524 2551 1707 2588 Ὁμοιούμεθα
1734 2552 1826 2588 τούτῳ
1869 2554 1911 2581 καὶ

1089 2598 1157 2626 κατὰ
1184 2597 1231 2628 τὰς
1271 2596 1444 2634 καθαρτικὰς,
1473 2594 1537 2623 ἀλλ’
1565 2595 1754 2634 ἐκτυπότερον,
1779 2598 1911 2634 Ὁμοιού-

1091 2649 1159 2680 μεθα
1174 2641 1202 2670 δὲ
1217 2641 1261 2669 καὶ
1286 2641 1355 2668 κατᾶ
1379 2641 1427 2672 τὰς
1451 2639 1629 2677 θεωρητικὰς,
1646 2639 1708 2668 ἀλλ’
1724 2639 1763 2668 ἔτι
1783 2641 1910 2680 λαμπρό-

1086 2698 1174 2725 τερον.
1199 2686 1385 2723 Ὀμοιούμεθα
1407 2685 1452 2712 καὶ
1480 2684 1548 2712 κατᾶ
1573 2685 1620 2716 τὰς
1645 2685 1816 2722 θιουργικὰς,
1843 2686 1908 2721 αὕτη

1083 2731 1149 2770 γοῦν
1179 2729 1454 2766 ἐστινὴτελειοτάτη
1484 2729 1625 2766 ὁμοίωσις.
1641 2730 1675 2757 Τὸ
1702 2730 1751 2766 μὶν
1775 2731 1827 2769 γὰρ
1851 2733 1911 2759 καϐ-

1084 2777 1204 2816 αίρεσθαι
1227 2775 1275 2808 τὰς
1301 2775 1392 2814 ψυχὰς
1421 2774 1465 2802 καὶ
1492 2775 1602 2813 θεωρεῖν
1617 2774 1651 2802 τὰ
1666 2771 1728 2803 ὅντα
1743 2775 1776 2803 uc.
1792 2776 1863 2804 πάνυ
1884 2786 1909 2804 τι
