1951 3051
51 116 112 148 ’121

647 114 698 145 DE
719 113 940 146 OMNIFARIA
962 114 1171 146 DOGTRINA.

1716 117 1775 147 722

53 182 155 219 ὅμοιον
198 183 238 218 τῷ
270 183 340 218 Θεῷ,
374 180 475 212 ἐκεῖνος
502 181 552 219 γὰρ
584 181 650 219 ὑπὶρ
678 181 806 218 κάθαρσιν
835 179 876 206 καῖ

969 182 990 215 t,
1006 181 1069 217 ipse
1094 182 1173 210 enim
1197 182 1371 219 purgatione
1397 185 1426 211 et
1449 183 1707 218 contemplatione
1729 191 1774 218 est

54 227 171 265 θεωρίαν
188 226 254 256 ἆστί.
270 227 305 254 Τὸ
321 225 350 254 δὲ
378 225 503 253 δύνασθαι
519 227 653 253 θεοποιεῖν
668 225 821 262 ἄνθρωπον,
836 224 881 252 καὶ

51 273 106 306 τῆς
132 270 202 306 ὕλης
216 270 327 308 ἐξάγειν,
343 270 388 298 καὶ
407 270 461 298 τῶν
486 272 578 302 παθῶν
605 269 796 303 ἀπαλλάττειν,
814 269 883 296 ὥστε

55 315 187 348 δύνασθαι
211 315 256 343 καὶ
285 315 365 343 αὐτὸν
394 316 533 353 Θεουργεῖν
561 313 651 352 ἕτερον
669 339 676 351 ,
704 314 785 342 τοῦτό
814 313 883 341 ἐστιν

53 362 72 396 ἡ
101 359 260 396 τελειοτάτη
294 360 439 396 ὁμοίωσις.
479 361 509 388 '0
537 359 636 398 ἐξάγων
667 359 729 397 γὰρ,
758 359 838 398 φησὶν
869 359 882 385 ὸ

53 404 123 435 θεός
152 405 177 432 ἐν
203 404 393 442 Εὐαγγελιοις,
424 402 496 439 ἄξιον
527 404 552 440 ἐξ
581 404 700 439 ἀναξίου,
730 404 767 435 ὡς
797 403 884 439 στόμα

54 460 110 486 μου
135 447 219 477 ἔσται.
248 449 327 487 Ὁρᾷς
357 449 432 480 ὅπως
461 448 486 476 ἐν
503 451 537 486 τῇ
565 448 691 486 θεουργῐᾳ
706 448 755 482 τήν
783 447 885 482 ἀληθε-

51 494 157 530 στάτην
188 495 303 522 τέθεικεν
330 493 503 530 ἐξομοίωσιν.
532 492 609 522 Ἀλλ’
624 494 705 529 ἡμεῖς
734 492 882 530 ἀγαπῶμεν

51 538 78 566 εἷ
107 539 153 566 καὶ
179 541 293 576 κοσμεῖν
313 538 424 569 ἑαυτοὺς
441 537 486 566 διὰ
497 540 552 566 τῶν
576 537 727 566 πολιτικῶν
749 535 884 574 δυνάμεθα

51 584 169 622 ἀρετῶν.

302 677 350 712 νγ¹.
369 673 429 702 Ἔτι
446 672 507 710 περὶ
523 671 636 710 ἀρετῶν.

90 717 207 747 Πλάτων
226 719 239 745 ὁ
256 717 408 756 φιλόσοφος
433 719 541 755 πρῶτον
573 717 619 753 μὲν
650 715 694 744 διὰ
708 718 758 748 τῆς
773 714 882 743 πολιτι-

50 765 104 799 κῆς
130 764 229 801 ἀρετῆς
256 763 347 800 ἀνάγει
370 763 415 790 τὸν
442 760 582 799 ἄνθρωπον
606 761 644 792 εἰς
670 761 746 795 Θεὸν,
772 761 809 791 ὡς
838 759 883 787 καὶ

51 808 157 844 ταύτης
174 808 318 844 ἐξομοιοῦν
340 805 490 844 δυναμένης
506 806 538 833 τὸ
554 809 630 834 Θεῖον
656 806 724 833 κατὰ
748 805 779 832 τὸ
803 804 882 832 δυνα-

50 851 113 882 τόν.
130 853 198 882 Ἀπὸ
214 851 243 880 δὲ
257 852 359 887 ταύτης
381 851 471 898 ἀνάγει
499 850 543 879 διὰ
553 854 602 886 τῆς
618 854 801 898 καθαρτικῇς-
812 851 882 898 ζωῆς
898 866 922 898 Β

50 897 92 929 εἰς
122 898 173 933 τήν
202 897 327 935 θεωρίαν.
356 895 467 930 Ἐπειδή
483 896 545 934 γὰρ,
572 895 665 935 φησὶν,
682 896 695 923 ὁ
711 895 776 926 Θεὸς
789 893 881 929 διττὴν

49 940 112 981 ἔχει
132 943 183 977 τὴν
211 941 357 980 ἐνέργειαν,
386 942 436 976 τήν
460 941 519 973 καθ’
536 942 567 976 ἣν
584 940 609 968 ἐν
625 940 725 978 θεωρίᾳ
738 942 791 967 τῶν
808 939 880 968 ’ὀλων

49 987 121 1022 ἐστὶ,
151 987 204 1024 πρὸ
233 986 323 1022 πάσης
344 985 457 1017 κτίσεως
473 985 536 1017 τοὺς
553 984 651 1023 λόγους
669 985 756 1012 αὐτῶν
772 984 880 1012 ἐπιστά-

52 1042 147 1069 μενος,
171 1032 221 1067 τήν
247 1030 288 1066 δὲ,
312 1031 370 1058 καθ’
397 1031 428 1065 ἢν
455 1032 509 1058 τῶν
540 1029 673 1068 χειρόνων
689 1032 806 1057 ποιεῖται
830 1030 879 1064 τήν

49 1077 194 1115 πρόνοιαν·
223 1075 268 1103 διὰ
281 1077 365 1103 ταῦτα
379 1075 424 1103 καὶ
440 1075 454 1102 ὁ
470 1075 612 1114 ἄνθρωπος
637 1075 807 1111 μιμούμενος
833 1075 878 1102 τὸν

50 1121 130 1155 Θεὸν,
158 1121 184 1149 Iv
217 1121 264 1158 μὲν
291 1123 352 1152 ταῖς
368 1120 524 1151 πολιτικαῖς
555 1119 662 1157 ἀρεταῖς
692 1119 880 1157 ἐπιστρέφεται

49 1166 121 1204 πρὸς
136 1165 170 1192 τὰ
184 1163 260 1201 τῇδε,
285 1164 330 1192 καὶ
356 1167 455 1201 κοσμεῖ
481 1164 544 1196 τοὺς
565 1163 789 1201 καταδεεστέρους
822 1167 880 1194 ταῖς

53 1211 263 1248 μετριοπάθειαν
296 1209 440 1247 φερούσαις
467 1210 583 1248 ἀρεταῖς.
612 1211 655 1236 ‘Ev
687 1207 715 1235 δὶ
743 1210 782 1244 τῷ
811 1209 879 1235 θεω-

51 1257 109 1291 ρεῖν
127 1251 237 1288 ἀναϐὰς,
254 1255 304 1291 ὁρᾷ
318 1253 382 1285 τοὺς
399 1253 500 1291 λόγους
516 1253 641 1280 ἁπάντων
661 1252 724 1283 τοὺς
740 1252 879 1292 φυσικοὺς,

49 1299 116 1330 τοὺς
142 1298 288 1336 ψυχικοὺς,
313 1299 377 1330 τοὺς
396 1298 516 1337 νοιροὺς,
532 1297 595 1330 τοὺς
612 1298 767 1336 ὑπερφυεῖς,
780 1297 824 1325 καὶ
839 1298 879 1335 γί-

48 1353 124 1371 νεται
140 1343 251 1381 ὄργανον
266 1345 315 1370 τοῦ
331 1345 409 1379 Θεοῦ,
426 1343 496 1379 ὁμοῦ
507 1353 536 1370 τι
549 1342 618 1380 πρὸς
635 1341 734 1369 ἐκεῖνον
748 1342 877 1379 ὁρῶν,καῖ

47 1389 104 1415 τῶν
122 1385 188 1425 τῇδε
202 1387 365 1423 ποιούμενος
394 1387 534 1425 πρόνοιαν.
562 1385 638 1421 Πλὴν
663 1385 755 1417 ἄλλως
777 1386 878 1424 ἐνεργεῖ

47 1433 97 1464 τὰς
110 1432 237 1463 τοιαύτας
255 1432 350 1471 ἀρετὰς
375 1431 401 1459 ἐν
421 1432 529 1469 σώματι
544 1432 609 1459 οὖσα
622 1432 711 1469 ψυχὴ,
726 1429 819 1462 ἄλλως
849 1429 877 1458 δὲ

49 1476 241 1515 ἀπαλλαγεῖσα
254 1479 302 1504 τοῦ
319 1477 457 1513 σώματος.

283 1520 331 1550 νδ’.
347 1522 408 1550 Ἔτι
422 1521 484 1559 περῖ
501 1521 614 1558 ἀρετῶν.

937 226 1080 261 superior.
1100 228 1136 254 At
1158 235 1246 263 posse
1269 236 1304 255 ex
1327 227 1447 255 homine
1472 227 1567 255 facere
1590 227 1696 262 Deum,
1712 230 1769 256 eta

937 271 1060 299 materia
1083 272 1266 307 abstrahere,
1282 272 1499 307 atl‘ectuumque
1515 272 1635 299 reddere
1661 280 1768 307 exper-

937 317 1007 349 tem,
1027 319 1058 343 ut
1072 317 1166 352 possit
1188 320 1217 344 et
1240 317 1304 352 ipse
1319 316 1393 344 alios
1408 316 1533 344 Numine
1560 316 1692 352 implere,
1707 316 1771 344 haec

938 361 1154 396 perfectissima
1179 364 1225 398 est.
1250 370 1317 389 cum
1345 361 1393 388 illo
1420 361 1594 389 similitudo.
1620 361 1669 388 Ait
1692 361 1770 390 enim

939 405 1017 433 Deus
1032 406 1070 442 (7)
1101 406 1129 433 in
1157 406 1322 442 Evangeliis
1338 414 1344 433 :
1362 407 1415 440 Qui
1439 406 1572 434 eduxerit
1595 406 1712 442 dignum
1736 414 1772 434 ea;

940 450 1065 486 indigno,
1077 451 1161 486 quasi
1175 459 1204 479 os
1219 459 1311 479 meum
1328 451 1387 479 erit.
1398 450 1486 479 Vides
1497 451 1645 485 quomodo
1660 450 1770 478 Theur-

940 495 987 530 gia
1003 495 1063 523 sive
1078 495 1173 523 virtus
1189 495 1262 524 alios
1279 496 1405 524 Numine
1426 495 1568 532 implendi
1584 496 1768 524 verissimam

939 539 1023 575 ponit
1051 548 1118 568 cum
1147 540 1205 568 Deo
1241 540 1480 568 similitudinem.
1511 542 1652 569 Caeterum
1683 540 1768 569 nobis

939 583 1047 619 egregii
1074 584 1217 617 videmur,
1236 585 1261 612 si
1287 585 1372 613 modo
1400 585 1526 619 politicis
1554 593 1606 613 nos
1627 593 1767 614 exornare

939 628 1098 656 virtutibus
1114 629 1274 664 possimus.

1184 673 1231 701 53.
1248 673 1347 702 Adhuc
1360 673 1393 701 de
1409 674 1518 701 uirtute.

976 717 1171 754 Philosophus
1187 718 1270 746 Plato
1285 718 1413 755 primum
1437 727 1488 754 per
1509 718 1657 754 politicam
1673 718 1764 746 virlu~

938 764 997 790 tem
1014 762 1164 790 hominem
1180 763 1300 791 adducit
1313 763 1348 791 ad
1364 763 1469 798 Deum,
1486 763 1565 799 quod
1580 765 1608 791 et
1624 762 1675 791 illa
1690 772 1763 800 quo-

938 807 1202 843 dammodojpossit
1215 807 1342 835 divinam
1355 807 1579 835 similitudinem
1594 808 1713 842 referre;
1727 808 1763 836 ab

937 851 993 879 hac
1008 860 1060 888 per
1074 852 1258 888 purgativam
1275 852 1362 880 vitam
1379 852 1514 888 perducit
1527 852 1563 880 ad
1581 852 1763 889 contempla-

937 896 1057 924 tionem.
1074 896 1224 932 Siquidem
1242 896 1360 933 duplex,
1379 899 1409 924 ut
1425 897 1465 924 ait
1486 896 1545 930 ille,
1562 898 1644 925 actus
1660 897 1689 924 in
1708 898 1763 926 Deo

937 943 982 968 est
998 949 1004 968 :
1023 949 1100 969 unus
1125 943 1271 977 quatenus
1292 941 1320 969 in
1337 941 1584 977 contemplatione
1609 942 1762 970 universas

937 988 1004 1014 ante
1021 994 1137 1014 omnem
1163 994 1225 1014 rem
1242 988 1367 1013 creatam
1392 985 1520 1014 rationes
1536 986 1669 1014 omnium
1685 986 1765 1014 novit

936 1039 969 1058 ac
985 1033 1151 1067 perspectas
1171 1031 1270 1065 habet,
1287 1032 1314 1057 et
1330 1029 1402 1058 alter
1415 1038 1472 1065 quo
1488 1030 1630 1066 prospicit
1644 1030 1764 1058 inferio-

935 1075 1028 1103 ribus.
1045 1075 1200 1111 Propterea
1215 1077 1243 1102 et
1258 1075 1346 1103 homo
1366 1075 1458 1102 Deum
1480 1074 1612 1102 imitatus
1636 1075 1762 1111 politicis

933 1120 1095 1148 virtutibus
1111 1128 1156 1148 res
1171 1119 1261 1155 hujus
1277 1119 1343 1147 vitae
1358 1121 1452 1152 curat,
1467 1121 1556 1154 atque
1573 1128 1624 1155 per
1638 1120 1761 1148 virtutes

935 1165 1091 1193 all‘eetuum
1122 1164 1332 1192 moderntriees
1357 1173 1441 1200 opem
1466 1163 1521 1191 fert
1547 1164 1758 1194 inferioribus:

934 1209 1180 1246 contemplatione
1194 1211 1292 1237 autem
1308 1210 1470 1237 ascendens
1481 1209 1613 1237 omnium
1631 1210 1758 1238 rationes

933 1255 1074 1291 perspicit
1089 1254 1149 1282 sive
1165 1254 1324 1289 naturales,
1336 1254 1397 1282 sive
1412 1254 1589 1287 animarum,
1601 1253 1660 1282 sive
1676 1262 1757 1282 men~

933 1300 1007 1328 tales
1033 1308 1065 1327 ac
1090 1299 1340 1335 supernaturales,
1363 1302 1449 1334 atque
1473 1299 1506 1326 fit
1528 1298 1757 1326 instrumentum

933 1344 995 1379 Dei,
1012 1345 1046 1372 ad
1065 1352 1151 1380 quem
1169 1343 1256 1371 simul
1281 1343 1371 1371 aciem
1389 1343 1500 1379 dirigit.
1518 1343 1551 1370 Et
1566 1343 1654 1370 rebus
1670 1343 1757 1378 hujus

931 1389 995 1417 vitae
1011 1388 1192 1425 prospiciens
1209 1387 1317 1421 anima,
1333 1387 1418 1415 aliter
1439 1389 1532 1415 tamen
1549 1387 1686 1416 virtutem
1703 1388 1757 1416 hu-

928 1433 1061 1469 jusmodi
1087 1434 1200 1461 exercet
1225 1433 1295 1460 dum
1325 1432 1354 1459 in
1386 1440 1507 1468 corpore
1532 1434 1586 1467 est,
1617 1432 1758 1469 aliterque

931 1478 1049 1515 quando
1066 1479 1111 1506 est
1126 1477 1257 1514 corporis
1273 1476 1396 1505 vinculis
1412 1477 1519 1505 soluta.

1158 1523 1202 1551 54.
1221 1521 1312 1550 Adhuc
1327 1522 1359 1550 de
1376 1521 1531 1549 virtutibus.

85 1567 117 1595 Ἡ
134 1567 181 1604 μὶν
207 1566 286 1595 οὐσία
311 1567 356 1594 καὶ
373 1566 437 1594 αὖτὸ
461 1567 492 1594 τὸ
518 1566 585 1594 εἶναι
601 1566 654 1594 ἀπὸ
668 1567 716 1593 τοῦ
731 1567 778 1593 νοῦ
793 1568 875 1593 πᾶσιν

968 1568 1112 1603 Essentia,
1125 1570 1153 1595 et
1170 1567 1265 1603 ipsum
1282 1567 1336 1595 hoc
1346 1567 1422 1602 quod
1437 1566 1507 1602 sint,
1521 1574 1536 1594 ε
1552 1568 1649 1594 mente
1664 1567 1756 1594 omni-

49 1612 145 1651 ἐφήκει
161 1612 267 1640 καὶτοῦ
296 1610 384 1646 ὄντος,
401 1613 418 1647 ἡ
435 1610 463 1640 δὲ
478 1611 523 1639 διὸ.
536 1614 590 1639 τῶν
606 1612 707 1649 ἀρετῶν
723 1609 874 1647 relati-unc,

50 1657 166 1685 ἀπὸτοῦ
192 1656 259 1686 Θεσῦ
283 1656 469 1695 παραγίνεται.
494 1657 595 1694 Ὥσπερ
611 1657 662 1694 γὰρ
679 1655 708 1684 ἐκ
721 1658 769 1684 τοῦ
797 1657 874 1694 πρώ-

47 1713 103 1733 τως
116 1700 193 1733 ὅντος
221 1702 252 1729 τὸ
282 1702 321 1736 δν,
353 1700 438 1733 οὕτως
454 1700 484 1728 ἔκ
509 1703 556 1728 τοῦ
584 1701 700 1738 πρώτως
717 1701 819 1738 ἀγαθοῦ
843 1702 874 1729 τὸ

48 1746 160 1783 ἀγαθόν.
191 1745 306 1775 Μᾶλλον
332 1745 361 1774 δὲ
382 1746 426 1773 καὶ
442 1747 459 1781 ἡ
485 1745 561 1773 οὐσία
576 1746 619 1773 καὶ
649 1747 665 1781 ἢ
683 1745 764 1783 ἀρετὴ
781 1746 810 1773 ἐκ
825 1748 874 1773 τοῦ

48 1793 126 1819 Θεοῦ.
154 1789 235 1818 Ἀλλ’
264 1792 281 1825 1‘,
301 1790 347 1827 μὲν
363 1790 440 1818 οὐσία
464 1790 532 1818 κατὰ
545 1791 594 1824 τήν
611 1790 694 1818 αὐτοῦ
711 1789 838 1826 πρόοδον·
855 1791 872 1825 ἡ

44 1835 95 1873 γὰρ
124 1835 201 1863 οὐσία
229 1837 309 1862 πᾶσιν
335 1835 388 1862 ἀπὸ
417 1837 465 1863 τοῦ
480 1837 547 1862 Θεοῦ
576 1834 707 1872 πρόεισιν·
734 1835 750 1869 ἡ
774 1833 802 1862 δὶ
830 1845 873 1862 τε-

46 1879 156 1915 λειότης
194 1879 262 1907 κατὰ
296 1880 346 1914 τὴν
383 1879 451 1917 πρὸς
487 1879 566 1907 αὐτὸν
606 1878 792 1918 ἐπιστροφήν.
834 1880 872 1908 Οὗ

44 1923 155 1951 δύναται
171 1924 222 1962 γὰρ
241 1923 420 1958 τελειωθῆναι
439 1924 497 1951 κατ’
509 1923 606 1962 ἀρετὴν
624 1923 777 1960 ἅνθρωπος,
795 1923 819 1950 εἴ
834 1924 871 1960 μή

42 1972 92 2003 τήν
116 1968 282 2007 ἐπιστροφὴν
306 1967 376 2007 πρὸς
400 1968 446 1996 τὸν
472 1969 535 1996 Θεὸν
551 1968 682 2006 ἐνεργοίη.
696 1969 797 2006 Ὥσπερ
821 1969 871 2006 γὰρ

43 2013 80 2042 ὡς
108 2013 176 2050 πρὸς
193 2011 367 2051 παράδειγμα
393 2015 544 2052 ζωγραφῶν
570 2013 621 2040 οὐκ
645 2012 674 2040 ἃν
705 2012 799 2045 ἄλλως
820 2015 871 2048 τήν

42 2057 225 2095 προκειμένην
255 2057 421 2095 ἀρχετυπῐαν
447 2055 556 2085 λάϐοιεν
585 2060 626 2094 τῷ
656 2058 817 2094 μιμήματι,
848 2058 872 2085 εἴ

44 2103 83 2138 μὴ
111 2104 233 2139 συνεχῶς
247 2102 314 2138 πρὸς
328 2102 411 2136 αὐτὴν
441 2101 607 2141 ἑπιστρὲφοι,
638 2101 708 2129 οὕτω
734 2102 776 2129 καὶ
792 2103 806 2129 ὁ
821 2103 870 2136 τὴν

42 2146 139 2184 ἀρετὴν
167 2146 194 2174 tv
225 2146 312 2182 ἑαυτῷ
349 2148 521 2184 σκιαγραφᾶνι
551 2146 568 2181 ἢ
597 2145 640 2173 καὶ
669 2146 869 2183 περιχρωννὺς,

41 2191 94 2218 οὐκ
121 2191 149 2218 ἂν
178 2189 272 2222 ἄλλως
301 2189 430 2226 δυνηθείη
463 2190 662 2227 ἰξομοιωθῆναι
691 2193 759 2227 Θεῷ,
790 2191 812 2218 εἰ
830 2192 866 2227 μὴ

931 1613 986 1640 bus
1002 1613 1103 1641 datum
1120 1614 1174 1646 est,
1186 1611 1260 1640 etab
1274 1613 1358 1639 ente:
1372 1611 1422 1639 sed
1433 1611 1573 1639 virtutum
1585 1611 1722 1647 perfectio
1739 1620 1755 1639 θ.

929 1658 988 1686 Deo
1012 1657 1217 1694 proficiscitur.
1243 1656 1325 1684 Sicut
1348 1655 1425 1684 enim
1451 1663 1486 1684 ex
1508 1655 1662 1691 principali
1687 1658 1754 1684 ente

929 1710 991 1738 ens,
1009 1703 1051 1730 sic
1065 1711 1099 1730 ex
1114 1700 1267 1738 principali
1291 1701 1367 1729 bono
1384 1702 1427 1728 est
1443 1700 1561 1728 bonum.
1579 1700 1631 1728 Vel
1655 1701 1754 1737 potius

928 1750 957 1775 et
973 1747 1100 1775 essentia
1116 1749 1143 1774 et
1157 1746 1251 1774 virtus
1267 1754 1301 1774 ex
1322 1745 1380 1773 Deo
1400 1747 1480 1779 sunt,
1496 1745 1546 1773 sed
1562 1746 1690 1773 essentia
1706 1755 1752 1773 ra-

928 1792 1006 1820 tione
1023 1791 1156 1827 originis,
1172 1790 1296 1818 essentia
1322 1790 1399 1817 enim
1425 1789 1563 1818 omnibus
1579 1798 1596 1817 a
1611 1790 1669 1818 Deo
1685 1799 1751 1826 pro-

929 1837 1021 1870 ﬂuxit,
1039 1836 1177 1872 perfectio
1194 1838 1292 1863 autem
1308 1836 1337 1862 in
1355 1835 1470 1870 virtute,
1485 1838 1618 1870 respectu
1633 1843 1752 1863 conver-

928 1880 1020 1908 sionis
1036 1880 1071 1908 ad
1090 1880 1190 1907 Deum.
1208 1879 1305 1914 Neque
1327 1878 1404 1906 enim
1429 1879 1528 1914 perﬁci
1544 1878 1649 1906 virtute
1665 1879 1752 1908 homo

927 1924 1044 1961 poterit,
1063 1924 1120 1952 nisi
1135 1924 1169 1951 ad
1186 1923 1277 1952 Deum
1302 1925 1467 1951 convertere
1493 1932 1523 1951 se
1546 1923 1691 1952 instituat.
1707 1924 1752 1952 Si—

927 1969 1046 2005 quidem
1077 1971 1105 1996 et
1132 1969 1226 2004 pictor
1254 1968 1420 2004 exemplum
1450 1976 1644 2004 expressurus
1677 1977 1751 1996 nun-

925 2022 1013 2049 quam
1043 2013 1207 2041 imitatione
1236 2012 1384 2049 archetypi
1418 2013 1600 2049 assequitur,
1630 2013 1686 2041 nisi
1716 2014 1750 2042 ad

926 2058 998 2086 illud
1024 2058 1143 2086 assidue
1170 2066 1199 2085 se
1214 2057 1396 2085 converterit
1415 2057 1462 2084 Sic
1487 2057 1537 2094 qui
1562 2057 1699 2085 virtutem
1722 2058 1751 2086 in

925 2111 957 2131 se
981 2103 1045 2138 ipso
1065 2101 1186 2130 voluerit
1214 2102 1399 2137 adumbrare,
1416 2104 1467 2129 aut
1491 2101 1638 2129 coloribus
1664 2101 1751 2130 veluti

924 2147 1099 2180 describere,
1112 2155 1169 2174 non
1187 2146 1271 2174 aliter
1281 2146 1338 2174 Deo
1355 2146 1514 2174 assimilari
1531 2147 1648 2183 poterit,
1661 2155 1749 2183 quam

924 2191 948 2220 si
966 2193 999 2219 ud
1017 2200 1083 2220 eum
1105 2192 1287 2219 continenter
1311 2199 1342 2219 se
1366 2193 1524 2226 convertat,
1541 2193 1569 2219 et
1593 2185 1750 2219 scientiﬁcn

40 2235 110 2273 πρὸς
125 2235 224 2263 ἰκεῖνον
243 2234 375 2271 διηνεκῶς
391 2234 555 2274 ἐπιστρέφει,
571 2235 616 2262 καὶ
632 2234 676 2262 διὰ
690 2237 737 2262 τοῦ
753 2234 865 2270 ἐπιστη-

970 2236 1033 2263 ione
1048 2236 1352 2272 eontemplationeque
1368 2235 1491 2272 exempli
1506 2235 1536 2263 in
1551 2236 1647 2272 seipse
1664 2244 1749 2263 accu-

43 2282 156 2316 μονικοῦ
171 2279 269 2318 λόγου,
285 2280 330 2307 καὶ
344 2283 395 2315 τῆς
404 2282 453 2307 τοῦ
468 2278 686 2318 παραδείγματος
699 2279 823 2317 θεωρίας,
840 2280 865 2308 ἐν

42 2325 130 2361 ἑαυτῷ
146 2322 355 2362 ἐξακριϐώσεται
370 2324 400 2352 τὸ
416 2324 606 2362 πρωτότυπον.

291 2369 337 2397 νε¹.
352 2369 411 2397 Ἔτι
427 2369 487 2402 περὶ
506 2368 618 2407 ἀρετῶν.

77 2414 106 2440 ’0
146 2413 194 2450 μὶν
224 2411 296 2452 ἔχων
334 2414 384 2448 τὴν
415 2413 576 2452 θεουργικήν
604 2413 700 2451 ἀρετὴν
730 2413 870 2452 θεοπάτωρ

41 2458 274 2494 κατονομάζεταιο
305 2456 398 2492 ἐπειδή
427 2458 477 2495 γὰρ
518 2457 595 2489 θεοὺς
618 2457 682 2488 τοὺς
712 2458 871 2494 ἀνθρώπους

42 2501 119 2533 οὗτος
148 2503 302 2540 ἐργάζεται,
332 2501 376 2530 διὸ⁴
403 2505 486 2530 ταῦτα
515 2501 656 2540 Θεοπάτωρ
686 2501 821 2531 καλεῖται.
841 2504 871 2532 Ὀ

42 2545 70 2574 δὲ
92 2545 163 2585 ἔχων
193 2548 244 2582 τὴν
268 2547 437 2584 θεωρητικὴν
454 2547 563 2583 ἀρετὴν,
589 2547 659 2577 θεῖος
688 2547 870 2582 ὀνομάζεται·

42 2592 55 2617 ὁ
72 2590 100 2618 δὲ
122 2591 194 2630 ἲχων
219 2592 268 2626 τὴν
291 2591 456 2629 καθαρτικὴν
473 2590 626 2628 δαιμόνιος·
644 2592 658 2618 ὁ
683 2590 712 2618 δὲ
735 2590 807 2630 ἔχων
822 2594 872 2626 τὴν

41 2635 202 2671 πολιτικὴν,
228 2636 390 2668 σπουδαῖος.
409 2636 554 2674 Θεοπάτωρ
571 2635 600 2663 δὲ
611 2635 733 2664 καλεῖται
749 2637 763 2663 ὁ
779 2637 871 2674 θιουρ-

925 2283 987 2309 rate
1003 2281 1162 2308 meditetur
1179 2282 1375 2316 prototypum.

1148 2370 1193 2397 55.
1211 2369 1305 2397 Adhuc
1320 2370 1352 2397 de
1366 2369 1526 2397 virtutibus.

960 2414 1155 2450 Theurgicam
1172 2415 1310 2441 virtutem
1338 2413 1386 2449 qui
1413 2413 1500 2441 habet
1524 2414 1608 2449 pater
1632 2413 1751 2441 divinus

925 2459 1101 2495 appellatur,
1112 2458 1249 2494 quoniam
1268 2459 1344 2486 enim
1357 2466 1388 2485 ex
1406 2458 1577 2486 hominibus
1589 2458 1658 2486 facit
1670 2459 1750 2492 deos,

925 2504 976 2532 illo
998 2504 1077 2531 venit
1101 2504 1227 2531 nomine.
1244 2503 1298 2535 Qui
1322 2503 1567 2538 contemplatoria
1590 2502 1679 2539 pollet
1693 2503 1751 2530 vir-

926 2551 998 2583 tute,
1011 2548 1090 2575 hunc
1106 2548 1237 2575 divinum
1253 2549 1366 2582 vocant,
1380 2548 1421 2575 uti
1434 2547 1610 2575 daemonium
1622 2547 1669 2583 qui
1681 2556 1750 2584 pur-

926 2593 1049 2630 gatoria,
1062 2593 1110 2620 sed
1127 2592 1177 2628 qui
1193 2592 1312 2628 politica
1322 2595 1366 2620 est
1381 2593 1531 2628 praeditus,
1543 2593 1630 2621 homo
1641 2593 1750 2628 probus

928 2638 1196 2673 dicitur.Theurgo
1226 2637 1365 2665 tribuitur
1393 2637 1485 2674 patris
1510 2637 1600 2666 divini
1631 2645 1749 2672 nomen,

835 2700 953 2728 ΝΟΤιΈ.

75 2753 112 2789 (7)
124 2752 320 2790 εἶθτθωὶωηιν,
338 2753 390 2782 19ί
408 2752 456 2779 Καὶ
473 2751 516 2780 ἐὰν
533 2751 665 2790 ἰξαγάγῃς
676 2751 769 2788 τίμιον
787 2752 870 2789 (ἄξιον

968 2752 1037 2789 [μιον
1056 2753 1218 2782 Gonstitut.
1237 2753 1366 2789 Apostol.
1384 2753 1418 2787 ll,
1433 2754 1480 2790 56)
1504 2753 1557 2780 ἀπὸ
1579 2751 1695 2788 ἀναξίου,
1711 2752 1749 2782 ὡς

40 2788 69 2816 τὸ
77 2785 174 2826 ’στόμα
191 2785 320 2826 μου-ἴσῃ.
