1951 3054
167 112 226 141 723

861 109 1074 140 MICHAELIS
1097 109 1231 140 PSELLI

1823 111 1888 142 ’124

170 176 311 214 quoniam
326 175 417 206 veluti
443 179 562 211 generat
585 175 713 204 animam
742 175 890 211 ejusmodi
912 183 998 211 quam

1104 185 1120 208 :,
1146 173 1190 202 καὶ
1207 172 1252 201 διὸ.
1261 173 1292 201 τὸ
1304 176 1355 208 τῆς
1370 175 1463 212 ψυχῆς
1478 174 1544 202 εἶναι
1559 175 1662 213 πατὴρ,
1688 175 1717 203 ὃν
1739 176 1805 203 Θεὸν
1837 185 1885 203 κα-

171 221 424 258 oontemplatoria:
442 220 560 249 virtutis
575 229 666 248 causa
691 221 782 248 Deum
806 219 1002 256 appellamus.

171 267 292 302 Oportet
308 266 398 302 igitur
411 265 462 301 qui
479 274 529 302 per
540 265 784 293 assimilationem
799 265 835 292 ad
847 265 938 292 Deum
952 264 1004 292 ed-

172 311 240 340 duci
257 310 336 345 velit,
353 310 482 347 primum
500 310 649 338 hominem
671 310 794 346 probum
813 310 885 344 ﬁeri,
899 310 1006 337 deinde

173 355 365 389 daemonium,
380 357 443 382 tum
470 355 602 382 divinum
632 357 757 390 patrem.
774 355 814 381 Ac
836 353 1006 390 contingere

172 402 270 436 potest
285 399 456 435 aliquando,
470 401 502 426 ut
516 399 683 426 daamonius
697 401 727 426 et
740 398 850 434 probus
866 398 954 425 homo
969 398 1005 425 ad

174 444 319 474 malitiam
335 446 365 472 et
379 443 484 472 vitium
509 443 659 477 deﬂectat;
675 443 747 470 forte
762 445 790 470 et
805 442 921 470 divinus
946 442 1007 470 sive

177 488 344 519 theoreticaa
359 488 476 515 virtutis
491 495 621 523 compos.
638 488 674 514 At
695 487 836 523 theurgus
851 487 912 515 sive
927 489 1009 523 pater

176 533 294 562 divinus
310 535 339 561 et
355 534 436 560 totus
451 534 532 560 extra
547 540 578 559 se
595 532 623 559 in
644 531 702 559 Deo
718 532 843 568 positus,
856 539 1008 568 nunquam

177 580 273 615 potest
295 577 330 606 ad
348 577 526 605 contrariam
542 576 645 604 virtuti
669 576 796 612 speciem
822 576 924 610 dilabi,
940 584 1008 604 cum

179 624 259 651 totus
274 624 357 651 extra
372 629 403 650 se
418 623 446 649 et
461 621 539 650 Deus
556 621 774 657 quodammodo
790 621 886 649 factus
902 621 951 649 sit.

406 694 451 722 56.
468 693 563 722 Adhuc
577 693 609 721 de
623 693 783 721 virtutibus.

215 753 284 781 Tria
299 752 360 780 haec
376 752 533 780 animabus
554 751 658 779 insunt
677 751 813 786 facultas,
830 750 938 787 passio,
956 750 1010 779 ha-

179 797 269 826 bitus.
282 797 439 825 Passioncs
451 796 568 832 quidem
582 798 652 823 sunt
663 796 820 832 cupiditas,
835 796 888 830 ira,
901 798 1010 831 metus,

185 841 307 874 invidia,
320 841 509 876 conﬁdentia,
529 840 683 876 gaudium,
699 849 783 868 amor
805 840 916 875 odium,
933 840 1010 868 desi—

182 886 308 919 derium,
325 885 486 920 aemulatio,
503 884 718 913 misericordia.
735 884 870 913 Facultas
885 893 951 913 vero
967 887 1012 913 est

184 939 242 968 qua
264 930 417 967 passiones
441 930 514 958 istas
538 929 647 958 sentire
671 937 841 966 possumus,
855 929 942 957 irasci
965 929 1010 957 vel

182 975 280 1004 dolere
304 974 349 1003 vel
378 974 522 1003 misereri.
545 974 670 1002 Habitus
698 974 836 1010 denique,
853 982 910 1010 quo
939 975 1012 1002 bene

182 1019 227 1048 vel
252 1019 328 1048 male
349 1028 402 1048 nos
419 1020 454 1047 ad
479 1019 632 1055 passiones
657 1019 799 1055 gerimus,
816 1021 849 1046 ut
873 1019 902 1046 iu
928 1019 971 1046 ira
986 1018 1011 1047 si

181 1064 384 1093 vehementius
401 1063 445 1092 vel
472 1064 628 1092 remissius
644 1065 725 1100 justo
751 1064 918 1099 irascimur,
935 1063 1011 1092 male

182 1110 309 1145 agimus,
326 1111 414 1144 atque
429 1109 471 1136 ita
496 1109 525 1136 in
546 1108 669 1136 caeteris.
686 1108 817 1136 Virtutes
833 1108 933 1144 itaque
959 1116 1014 1135 nec

181 1155 334 1193 passiones
358 1156 428 1182 sunt
453 1162 505 1182 nec
532 1154 697 1186 facultates,
715 1154 767 1181 sed
795 1154 927 1189 habitus,
952 1162 1014 1182 non

181 1200 260 1229 enim
275 1208 292 1227 θ.
306 1199 497 1235 passionibus
527 1199 656 1227 dicimur
679 1199 747 1227 boni
763 1198 805 1226 vcl
823 1198 915 1234 pravi,
932 1199 981 1227 scd
999 1207 1016 1226 a

188 1244 348 1272 virtutibus
364 1252 397 1272 ae
412 1244 490 1271 vitiis
516 1243 556 1272 ita
580 1252 798 1279 nuncupamur.
814 1245 852 1271 Ac
877 1243 1015 1272 timemus

183 1289 303 1326 quidem
319 1289 362 1316 vel
390 1288 547 1316 irascimur
573 1289 637 1316 sine
664 1288 831 1324 proposito;
849 1290 877 1316 at
892 1289 1017 1316 virtutes

183 1342 217 1362 ex
234 1334 383 1370 proposito
400 1336 482 1367 sunt,
499 1336 550 1362 aut
567 1342 623 1362 non
643 1334 707 1362 sine
730 1334 889 1370 proposito.
907 1335 929 1361 A
946 1343 1015 1370 pas-

185 1379 320 1408 siouibus
335 1379 424 1407 etiam
441 1379 548 1407 moveri
565 1378 710 1406 dicimur:
728 1387 744 1406 a
760 1379 839 1407 vitiis
854 1381 953 1407 autem
972 1378 1015 1407 vel

186 1423 346 1452 virtutibus
372 1432 429 1451 non
455 1423 583 1451 dicimur
607 1423 728 1456 moveri,
744 1423 796 1452 sed
821 1423 875 1451 hoc
890 1423 934 1451 vel
960 1423 1016 1452 alio

191 1470 279 1497 modo
295 1468 457 1504 comparati
473 1476 549 1496 esse.

410 1538 456 1567 57.
472 1538 569 1566 Adhuc
583 1537 615 1566 de
630 1538 788 1566 virtutibus.

223 1597 376 1626 Fortitudo
391 1599 437 1625 est
452 1595 639 1625 mediocritas
660 1596 735 1624 inter
756 1603 907 1624 excessum
924 1596 1015 1624 auda-

190 1643 241 1671 cias
270 1644 298 1670 et
322 1641 470 1670 defectum
495 1649 512 1668 a
535 1640 704 1671 timiditate.
720 1642 913 1676 verseturque
941 1640 1018 1668 circa

188 1687 310 1716 timores
337 1695 370 1714 ac
400 1685 551 1714 ﬁduciam.
569 1684 780 1720 Temperantia:
809 1692 946 1713 excessus
974 1687 1019 1713 est

188 1731 316 1765 luxuria,
332 1731 462 1759 defectus
489 1733 601 1766 stupor,
617 1729 705 1757 liceat
723 1729 803 1756 enim
819 1728 874 1756 hoc
899 1730 1018 1757 nomine

190 1777 273 1804 illum
291 1775 448 1812 appellare.
465 1775 546 1803 Circa
567 1773 753 1810 largitionem
771 1774 912 1802 bonorum
927 1776 956 1801 et
970 1782 1017 1802 ac-

191 1821 355 1854 ceptionem
387 1819 573 1848 mediocritas
601 1820 646 1847 est
674 1818 850 1852 liberalitas,
879 1826 1018 1848 excessus

190 1865 332 1902 profusio,
362 1865 422 1893 sive
451 1863 611 1900 prodigalis
641 1863 764 1897 abusus,
789 1863 921 1891 defectus
951 1872 1018 1892 vero

190 1909 375 1937 illiberalitas
391 1909 450 1936 sive
465 1908 556 1936 nimia
568 1907 759 1943 parcimonia.
777 1908 808 1935 In
825 1908 942 1944 magnis
957 1908 1017 1944 opi-

190 1953 245 1982 bus
257 1953 486 1981 mediocritalem
499 1955 627 1980 sectatur
638 1952 868 1987 magniﬁcentia,
880 1960 1018 1980 excessus

189 2000 235 2025 est
249 1997 278 2025 in
296 1997 387 2025 nimio
404 1996 570 2032 splendore,
587 1996 720 2024 defectus
740 1995 853 2023 sordes.
869 1995 950 2023 Circa
966 1996 1017 2023 ho-

190 2049 276 2070 nores
291 2041 432 2078 petendos
448 2041 561 2068 excedit
575 2040 761 2074 ambitiosus,
776 2039 804 2067 in
822 2039 936 2068 defectu
952 2049 1018 2076 pec-

190 2088 238 2114 cat
252 2085 370 2114 honoris
387 2087 581 2121 contemptor,
594 2084 782 2112 mediocritas
794 2086 873 2112 caret
889 2085 1017 2121 nomine,

190 2131 290 2160 multa:
305 2131 384 2160 enim
399 2139 446 2160 res
472 2133 542 2159 sunt
557 2138 621 2166 quae
638 2138 744 2158 nomen
771 2129 923 2166 proprium
950 2139 1017 2160 nec-

191 2176 262 2204 dum
281 2176 482 2204 obtinuerunt.

417 2234 463 2262 58.
480 2233 572 2261 Adhuc
586 2232 619 2260 de
633 2232 791 2260 virtutibus.

227 2293 310 2322 Circa
325 2291 585 2320 mansuetudinem
603 2298 668 2326 quau
680 2289 911 2318 mediocritatem
923 2290 1018 2319 obser-

191 2341 249 2372 vat,
261 2345 398 2366 excessus
415 2338 460 2365 est
475 2335 638 2368 iracundia,
652 2335 782 2362 delectus
803 2334 950 2363 lentitudo
969 2336 1018 2363 ire

192 2391 305 2418 expers.
324 2382 408 2410 Circa
432 2389 533 2409 verum
557 2379 768 2407 mediocritatis
792 2380 951 2408 observans
974 2382 1019 2408 est

191 2435 286 2460 verax,
312 2428 339 2454 et
365 2425 554 2454 mediocritas
579 2424 635 2451 dici
661 2426 756 2459 potest
780 2424 934 2457 veracitas,
955 2425 1018 2460 ejus

190 2473 289 2499 autem
306 2469 454 2498 simulatio
471 2477 522 2505 per
534 2476 685 2496 excessum
702 2471 745 2496 est
761 2469 906 2504 gloriatio,
923 2471 951 2497 et
967 2469 1018 2505 qui

189 2515 270 2543 illam
286 2517 417 2542 sectatur
431 2513 598 2550 gloriosus:
613 2521 663 2549 per
677 2513 822 2541 defectum
839 2513 943 2548 ironia,
956 2514 1018 2549 qui-

190 2568 247 2595 que
263 2567 297 2587 ea
321 2558 416 2586 utitur
439 2558 468 2586 in
492 2557 623 2586 oratione
648 2558 860 2585 dissimulator.
886 2558 1017 2593 Cumque

190 2605 248 2633 duo
260 2603 415 2632 suavitatis
427 2604 486 2631 sint
497 2611 613 2639 genera,
623 2603 747 2631 alterum
762 2603 789 2630 in
803 2604 884 2639 iocis,
893 2603 1015 2631 alterum

191 2649 221 2677 in
237 2649 364 2684 vita,qui
382 2649 423 2676 ita
439 2652 470 2676 ut
486 2657 538 2684 par
553 2649 635 2676 estin
647 2648 880 2683 vitajucundum
894 2657 924 2676 se
934 2649 1016 2676 exhi~

192 2694 251 2729 bet,
281 2694 394 2721 amicus
419 2694 575 2728 dicitur,ct
600 2693 784 2720 mediocritas
810 2693 948 2728 amicitia,
966 2693 1015 2728 qui

193 2739 306 2768 excedit.
317 2738 464 2773 adulator,
475 2739 524 2774 qui
540 2747 606 2767 vero
620 2738 717 2766 deﬁcit
742 2746 876 2766 morosus
892 2746 925 2766 ac
939 2738 1015 2766 dilﬁ-

194 2784 268 2814 cilis.
280 2783 464 2812 Amccnitatis
478 2784 508 2812 in
520 2784 596 2820 jocis
619 2783 806 2812 mediocritas
822 2783 909 2811 estin
927 2783 1014 2811 urba-

1059 218 1162 256 λοῦμεν
1180 217 1225 246 διὰ
1239 219 1288 253 τήν
1317 219 1486 257 θεωρητικὴν
1502 219 1611 258 ἀρετήν.
1629 223 1676 248 Δεῖ
1690 221 1736 248 οὖν
1750 220 1797 248 τὸν
1821 220 1886 248 ἀνα-

1058 264 1174 302 γόμενον
1205 263 1244 295 εἰς
1273 265 1340 291 Θεοῦ
1370 264 1530 301 ἐξομοίωσιν
1559 267 1654 302 πρῶτα
1671 265 1718 300 μὶν
1737 264 1885 293 σπουδαῖον

1059 308 1192 347 γενέσθαι,
1220 308 1277 335 εἶτα
1306 307 1457 345 δαιμόνιον,
1475 310 1533 337 εἶτα.
1559 313 1644 344 θεῖον,
1668 310 1713 337 καὶ
1729 310 1810 341 τέλος
1828 315 1887 342 θεο-

1060 354 1178 390 πάτορα.
1211 353 1240 380 Ὁ
1267 352 1314 390 μὲν
1332 352 1377 380 οὖν
1393 352 1534 390 δαιμόνιος
1549 354 1594 381 καὶ
1611 354 1625 382 ὁ
1641 353 1788 387 σπουδαῖος
1805 365 1889 391 μετα-

1061 394 1178 433 ϐληθείη
1196 397 1224 425 ἂν
1250 398 1294 425 καὶ
1321 398 1358 429 εἷς
1372 398 1467 427 κακίαν
1480 399 1556 426 ποτε·
1570 398 1637 430 ’ἱσως
1664 398 1751 427 δὲκαὶ
1767 400 1782 427 6
1804 403 1888 433 θεῖος,

1061 441 1123 476 ἦτοι
1141 442 1155 470 ὁ
1184 442 1363 480 θεωρητικός.
1388 443 1419 472 Ὁ
1442 442 1470 470 δὶ
1485 443 1614 482 θεουργὸς
1638 443 1701 478 ἤτοι
1716 445 1730 472 ὁ
1745 445 1890 481 θεοπάτωρ

1062 487 1140 522 ὁτῆς
1164 487 1238 518 θείας
1267 487 1339 519 ὅλως
1368 487 1517 521 ἐκστάσεως
1542 489 1662 526 γεγονὼς
1690 489 1740 517 οὐκ
1767 488 1798 516 ἂν
1824 499 1893 516 ποτε

1065 531 1190 568 μεταθείη
1206 532 1275 570 πρὸς
1298 533 1329 560 τὸ
1353 531 1472 560 ἐναντίον
1487 531 1559 564 εἶδος
1570 537 1621 568 τῆς
1636 533 1734 572 ἀρετῆς
1748 532 1800 570 ἔξω
1827 534 1892 562 ἑαυ-

1062 578 1110 604 τοῦ
1126 575 1173 612 ὥν,
1189 576 1233 604 καὶ
1249 577 1313 608 Θεὸς
1330 577 1452 616 ἀτεχνῶς
1466 578 1595 616 γεγονώς.

1308 694 1357 726 νς’.
1381 695 1441 722 Ἔτι
1457 693 1519 732 περὶ
1534 695 1648 732 ἀρετῶν.

1099 749 1165 788 Τρία
1193 752 1277 778 ταῦτα
1306 750 1372 778 εἰσὶν
1403 750 1428 778 ἐν
1444 754 1503 782 ταῖς
1518 753 1632 789 ψυχαῖς,
1655 750 1781 788 δύναμις,
1797 751 1895 786 πάθος,

1063 792 1128 830 ἕξις.
1159 794 1209 822 Καὶ
1237 794 1323 828 πάθος
1353 795 1498 832 μὲνέστιν,
1527 795 1668 833 ἐπιθυμία,
1697 796 1775 833 ὀργὴ,
1797 794 1896 836 φόϐος,

1066 840 1174 879 φθόνος,
1202 839 1309 878 θάρσος⁹
1336 841 1419 878 χαρὰ,
1449 839 1538 878 φιλία,
1569 841 1657 878 μίσος,
1674 842 1769 876 πόθος,
1797 841 1894 876 ζῆλος,

1066 882 1153 916 ἔλεος.
1184 884 1303 921 Δύναμις
1332 883 1360 912 δὲ
1375 885 1429 912 ἐστι
1445 885 1505 917 καθ’
1519 885 1549 920 ἣν
1566 887 1712 920 παθητικοὶ
1728 885 1835 914 τούτων
1851 897 1895 924 γι-

1065 929 1178 965 νόμεθα,
1207 930 1264 956 οἷον
1287 930 1347 962 καθ’
1362 930 1395 965 ἢν
1419 928 1527 958 δυνατοὶ
1558 929 1714 968 ὀργισθῆναι
1729 930 1747 965 ἢ
1763 929 1894 966 λυπηθῆ-

1066 983 1110 1001 ναι
1133 973 1151 1008 ἢ
1176 973 1297 1008 ἐλεῆσαι.
1326 974 1399 1010 Ἓξις
1423 973 1462 1010 δὲ,
1487 975 1546 1002 καθ’
1562 976 1592 1009 ἢν
1609 975 1677 1013 πρὸς
1691 974 1724 1002 τὰ
1738 975 1812 1010 πάθη
1828 973 1894 1013 ἕχο-

1069 1028 1116 1055 μεν
1141 1017 1234 1049 καλῶς
1250 1018 1267 1053 ἢ
1283 1021 1384 1050 κακῶς.
1401 1019 1463 1046 Οἷον
1488 1019 1556 1057 πρὸς
1585 1019 1616 1047 τὸ
1632 1019 1791 1057 ὀργισθῆναι
1807 1019 1831 1047 εἰ
1849 1020 1896 1056 μὲν

1067 1062 1192 1102 σφοδρῶς
1220 1063 1238 1098 ἢ
1268 1063 1426 1100 ἀνειμένως,
1455 1066 1544 1095 κακῶς
1575 1062 1686 1101 ἔχομεν.
1716 1065 1843 1100 Ὁμοίως
1871 1063 1900 1092 δὲ

1069 1108 1136 1146 πρὸς
1160 1107 1194 1135 τὰ
1222 1107 1303 1136 ἄλλα.
1333 1109 1368 1136 Αἱ
1384 1108 1428 1135 οὖν
1447 1108 1536 1146 ἀρεταὶ
1554 1107 1615 1136 οὔτε
1639 1109 1712 1144 παίοη
1728 1109 1809 1143 εῗσὶν,
1838 1107 1901 1136 οὔτε

1070 1151 1209 1189 δυνάμεις,
1227 1151 1292 1180 ἀλλ’
1320 1151 1398 1188 ἔξεις.
1416 1153 1454 1182 Οὐ
1476 1153 1525 1191 γὰρ
1542 1152 1676 1191 λεγόμεϐα
1690 1154 1758 1181 κατὰ
1773 1155 1808 1182 τὰ
1823 1154 1898 1189 πάθη

1069 1196 1212 1225 σπουδαῖοι
1228 1197 1245 1232 ἢ
1262 1197 1372 1237 φαῦλοι·
1400 1198 1468 1226 κατὰ
1484 1197 1512 1226 δὲ
1535 1198 1582 1230 τὰς
1599 1199 1692 1236 ἀρετὰς
1709 1199 1754 1226 καὶ
1771 1199 1823 1230 τὰς
1849 1209 1902 1226 κτι-

1069 1242 1140 1276 κίας,
1169 1241 1307 1279 λεγόμεθα
1335 1241 1478 1270 σπουδαῖοι
1509 1243 1553 1270 καὶ
1584 1242 1693 1281 φαῦλοι.
1724 1244 1775 1271 Καὶ
1791 1241 1900 1282 φοϐού-

1072 1287 1139 1324 μεθα
1155 1286 1202 1323 μὲν
1231 1288 1247 1321 ἢ
1275 1287 1439 1324 ὀργιζόμεθα
1464 1288 1661 1326 ἀπροαιρέτως.
1687 1289 1719 1316 Αἱ
1743 1287 1771 1316 δὲ
1801 1288 1899 1325 ἀρεταὶ

1069 1331 1240 1370 προαιρέσεις
1279 1332 1358 1367 τινες,
1389 1331 1407 1366 ἢ
1441 1332 1491 1360 οὐκ
1523 1332 1584 1360 ἄνευ
1612 1332 1812 1370 προαιρέσεως.
1843 1333 1899 1360 Καὶ

1070 1377 1138 1404 κατὰ
1154 1377 1200 1413 μὶν
1225 1376 1259 1403 τὰ
1282 1378 1355 1412 πάθη
1372 1380 1504 1410 κινεῖσθαι
1536 1376 1683 1415 λεγόμεοα,
1704 1377 1773 1404 κατὰ
1787 1376 1818 1405 δὲ
1847 1378 1897 1409 τὰς

1070 1421 1168 1453 κακίας
1197 1421 1242 1448 καὶ
1265 1422 1314 1453 τὰς
1337 1421 1432 1460 ἀρετὰς
1463 1421 1493 1449 οὖ
1522 1422 1662 1457 κινεῖσθαι,
1693 1421 1766 1450 ἀλλὰ
1790 1420 1900 1450 διαχεῖ-

1072 1465 1132 1498 σθαί
1147 1476 1216 1497 πως.

1317 1538 1364 1572 νζ’.
1381 1538 1441 1566 "En
1457 1537 1518 1575 περὶ
1534 1537 1645 1575 ἀρετῶν.

1107 1595 1168 1624 *Οτι
1196 1595 1213 1630 ἡ
1243 1594 1290 1632 μὲν
1307 1593 1414 1631 ἀνδρεία
1444 1592 1561 1632 μεσότης
1577 1595 1659 1629 ἐστὶν,
1685 1595 1722 1627 ὡς
1738 1595 1784 1633 μὶν
1817 1596 1904 1634 ὑπερ-

1072 1637 1159 1675 ϐοΑῆς
1182 1641 1230 1667 τοῦ
1255 1640 1381 1676 θράσους,
1409 1640 1448 1671 ὡς
1477 1638 1505 1667 δὲ
1534 1639 1682 1677 ἐλλείψεως
1706 1643 1754 1675 τῆς
1780 1639 1905 1676 δειλίας,

1071 1684 1116 1712 καὶ
1141 1684 1197 1713 ἐστι
1222 1685 1285 1722 περὶ
1315 1683 1417 1724 φόϐους
1445 1685 1489 1713 καὶ
1510 1684 1606 1723 θάρῥη.
1637 1686 1691 1721 Τῆς
1706 1684 1735 1713 δὲ
1754 1686 1905 1724 σωφροσύ-

1071 1740 1129 1764 νης,
1161 1727 1301 1766 ὑπερϐολή
1325 1730 1372 1766 μὲν
1397 1731 1414 1764 ἡ
1441 1729 1583 1765 ἀκολασία,
1611 1727 1734 1767 ἔΛλειψις
1751 1728 1811 1765 δὶὴ
1829 1730 1907 1758 ἀναι-

1073 1774 1181 1809 σθησία,
1206 1774 1323 1811 λεγέσθω
1347 1774 1397 1812 γὰρ
1424 1774 1521 1806 οὕτως,
1546 1773 1610 1812 Περῖ
1638 1773 1711 1802 δόσιν
1742 1775 1904 1813 χρημάτων

1071 1818 1116 1847 καὶ
1133 1818 1228 1856 λῆψιν,
1255 1818 1372 1855 μεσότης
1396 1818 1443 1856 μὲν
1459 1820 1477 1853 ἡ
1494 1818 1693 1857 ἐλευθεριότης,
1711 1817 1856 1856 ὑπερϐολὴ
1874 1819 1904 1848 δὶ

1072 1864 1090 1898 ἡ
1118 1863 1230 1899 ἀσωτία,
1256 1862 1318 1898 ἤτοι
1338 1862 1444 1902 ἀφειδία
1467 1865 1515 1898 τῆς
1531 1864 1668 1901 χρήσεως,
1694 1863 1820 1900 ἔλλειψις
1838 1863 1868 1892 δὲ
1884 1865 1901 1899 ἡ

1072 1907 1247 1946 ἀνελευθερία
1270 1908 1333 1943 ἤτοι
1352 1907 1496 1948 φειδωλία.
1521 1908 1586 1946 Περὶ
1616 1907 1645 1936 δὲ
1670 1909 1825 1947 χρημάτων
1853 1920 1902 1945 με-

1073 1953 1154 1987 σότης
1181 1953 1227 1990 μὶν
1305 1952 1537 1990 μεγαλοπρέπεια,
1552 1950 1691 1990 ὑπερϐολή
1713 1952 1769 1988 δὲή
1787 1954 1902 1991 ἀπειρο.

1072 1996 1165 2032 καλία,
1188 1996 1310 2035 ἔλλειψις
1335 1997 1364 2025 δὲ
1391 1998 1408 2033 ἠ
1435 1998 1643 2036 μικροπρέπειι.
1673 1998 1739 2035 Περὶ
1755 1996 1785 2026 δὲ
1811 1996 1902 2036 ὄρεξιν

1071 2046 1167 2079 τιμῆς,
1183 2043 1197 2070 6
1213 2043 1259 2079 μὶν
1275 2040 1455 2080 ὑπερϐάλλων
1482 2045 1541 2074 ταῖς
1555 2042 1667 2080 ὀρέξεσι,
1698 2042 1862 2082 φιλότιμος,
1889 2043 1903 2071 ὁ

1074 2086 1101 2114 δὲ
1127 2086 1262 2115 ἐλλείπων
1293 2087 1482 2126 ἀφιλότιμος,
1515 2087 1529 2114 ὁ
1559 2085 1588 2114 δὲ
1618 2086 1711 2123 μέσος,
1740 2087 1901 2123 ἀνώνυμος.

1073 2131 1169 2160 Πολλὰ
1182 2132 1232 2170 γάρ
1249 2131 1299 2159 εἰσι
1315 2132 1462 2170 πράγματα
1477 2130 1564 2168 ὄνομα
1587 2131 1680 2169 κύριον
1706 2132 1791 2166 μήπω
1817 2131 1903 2169 ἐσχη-

1072 2187 1149 2204 κοτα.

1313 2234 1365 2269 νη’.
1381 2234 1441 2262 Ἔτι
1458 2233 1520 2272 περὶ
1537 2233 1650 2271 ἀρετῶν.

1108 2292 1171 2328 Περὶ
1188 2293 1237 2327 τήν
1254 2290 1395 2329 πραΰτητα
1412 2291 1547 2328 μεσότητα
1577 2291 1668 2327 οὖσαν,
1695 2291 1712 2326 ἡ
1737 2291 1785 2328 μὲν
1819 2292 1902 2330 ὑπερ-

1073 2334 1214 2364 ϐάλλουσα
1242 2337 1332 2372 κακία,
1362 2335 1512 2374 ὀργιλότης
1536 2337 1552 2372 ἡ
1570 2335 1598 2364 δὲ
1613 2335 1780 2364 ἐλλείπουσα
1795 2335 1902 2375 ἆοργη-

1072 2381 1126 2410 σία.
1159 2381 1224 2419 Περί
1239 2380 1268 2409 δὲ
1294 2381 1325 2409 τὸ
1351 2380 1463 2416 ἀληθὲς,
1492 2382 1506 2409 ὁ
1524 2381 1571 2418 μὶν
1589 2381 1669 2418 μέσος
1686 2380 1806 2416 ἀληθής,
1821 2382 1868 2409 καὶ
1883 2382 1901 2416 ἡ

1074 2425 1191 2462 μεσότης
1207 2425 1322 2461 ἀλήθεια
1351 2425 1484 2464 λεγέσθω,
1510 2427 1526 2461 ἠ
1553 2425 1582 2453 δὶ
1607 2425 1802 2464 προσποίησις,
1817 2427 1835 2461 ἡ
1854 2427 1903 2463 μὶν

1073 2470 1116 2498 ἐπὶ
1131 2471 1161 2498 τὸ
1185 2473 1276 2507 μεῖζον
1302 2470 1440 2505 ἀλαζονία,
1457 2471 1501 2498 καὶ
1526 2471 1540 2498 ὸ
1569 2469 1641 2508 ἔχων
1658 2471 1742 2505 αὐτὴν
1757 2470 1902 2506 alarm-.3

1072 2514 1101 2542 εὶ
1116 2515 1159 2542 ἐπὶ
1174 2515 1205 2543 τὸ
1221 2514 1331 2543 ἔλαττον
1359 2515 1492 2551 εἰρωνεία·
1515 2515 1561 2543 καὶ
1586 2516 1600 2543 6
1618 2514 1690 2553 ἔχων
1703 2515 1789 2550 αὐτὴν
1807 2515 1903 2554 εἴρων·

1072 2559 1146 2587 Ἐπεὶ
1163 2558 1191 2587 δὲ
1207 2559 1256 2587 δύο
1272 2559 1405 2594 ήδῦτητες
1428 2560 1506 2594 εἰσὶν,
1534 2561 1551 2595 ἠ
1586 2559 1634 2597 μὶν
1664 2559 1690 2587 ἐν
1718 2559 1825 2596 παιδίᾷ,
1842 2562 1860 2596 ἦ
1880 2560 1907 2589 δὶ

1071 2605 1096 2632 ἐν
1113 2607 1151 2640 τῷ
1177 2605 1238 2642 βίῳ,
1255 2605 1268 2632 6
1295 2605 1342 2641 μὲν
1359 2605 1396 2636 ὡς
1412 2603 1454 2632 δεῖ
1467 2604 1534 2640 ἡδὺς
1561 2603 1609 2638 ὢν,
1639 2604 1720 2642 φίλος
1736 2605 1781 2632 καὶ
1804 2606 1821 2640 ἦ
1843 2616 1907 2642 μεσ-

1071 2649 1136 2682 ότης
1160 2649 1247 2688 φιλία·
1277 2650 1290 2676 6
1321 2648 1348 2676 δὲ
1366 2647 1545 2687 ὑπερϐάλλων
1571 2649 1663 2685 κόλαξ,
1687 2650 1700 2676 ὁ
1716 2648 1745 2676 δὲ
1760 2649 1903 2677 ἐλλείπων

1071 2693 1177 2732 δύσερίς
1199 2705 1240 2725 τις
1264 2694 1307 2721 καὶ
1337 2693 1481 2725 δύσκολος.
1497 2697 1550 2729 Τῆς
1568 2694 1596 2722 δὲ
1609 2694 1634 2722 ἓν
1650 2693 1746 2730 παιδιᾷ
1761 2693 1904 2730 ἠδῦτητος

1069 2740 1086 2774 ἠ
1109 2739 1156 2776 μὲν
1184 2739 1311 2776 μεσότης,
1327 2739 1504 2776 εὐτραπελία,
1519 2739 1536 2775 ἡ
1553 2738 1581 2768 δὲ
1597 2737 1752 2778 ὑπερϐολὴ,
1769 2740 1902 2777 βωμολο-

1071 2783 1130 2822 χία,
1157 2784 1174 2819 ἠ
1201 2782 1229 2812 δὶ
1241 2782 1366 2822 ἔλλειψις
1382 2783 1517 2822 ἀγροικία.
1534 2784 1584 2812 Καὶ
1605 2785 1620 2812 ό
1633 2784 1681 2822 μὶν
1697 2783 1832 2821 αἴδιήμων
1851 2787 1899 2823 με.
