1951 3054
63 112 130 142 ’125

665 115 716 144 DE
739 113 888 145 OMNIFA
895 113 960 144 RIA
981 112 1190 144 DOCTRINA.

1728 110 1787 141 726

64 189 125 214 σος,
143 180 158 207 ὁ
193 178 222 207 δὲ
249 177 431 218 ὑπερϐάλλων
462 180 650 220 ἀναίσχυντος,
667 182 681 209 ὁ
705 180 734 209 δὲ
748 180 886 210 ἐλλείπων

980 182 1054 216 .tate,
1070 188 1208 209 excessus
1232 179 1263 207 in
1286 178 1476 213 scurrilitate,
1492 177 1522 206 in
1548 177 1710 206 rusticitate
1736 177 1786 206 de-

60 223 208 260 κατιπλήξ
226 225 240 253 ὁ
257 225 344 253 πάντα
359 224 490 262 αἰδούμεν
500 236 542 257 ος.

194 371 242 399 νθ’.
256 367 319 396 Τίνι
331 366 456 405 διαφέρει
474 367 550 405 ἀρχὴ
566 369 611 395 κοιὶ
623 372 759 407 στοιχεῖον
775 379 782 404 ;

104 413 137 441 Ἡ
156 412 203 448 μὲν
221 413 296 450 ἀρχὴ
312 412 363 440 οὐκ
384 410 444 450 ἔχει
466 423 492 439 τι
517 413 651 451 πρότερον
684 414 792 449 ἑαυτῆς,
811 414 901 452 ὥσπερ

68 457 87 492 ἠ
105 455 160 492 ὕλη
176 457 221 484 καὶ
238 457 270 485 τὸ
294 456 376 488 εἶδος.
393 458 432 486 Τὸ
455 456 484 485 δὲ
509 461 647 496 στοιχεῖον
669 459 796 490 σύνθετον
814 458 842 486 ὃν
857 459 901 486 καὶ

66 501 244 539 συγκείμενον
258 502 282 538 ἐξ
299 500 369 538 ὕλης
394 502 439 530 καὶ
458 501 559 537 εἷ’ὁους,
583 503 673 541 ἀρχὴν
694 502 752 541 ἔχει
767 505 815 538 τὴν
833 503 902 539 ὕλην

65 547 115 574 καὶ
129 547 161 574 τὸ
178 545 248 578 εἶδος
259 556 265 563 ·
276 544 332 574 ἔστι
349 546 379 574 δὲ
398 548 412 582 ἡ
430 546 485 583 ὕλη
504 550 616 586 πρᾶγμα
626 548 782 585 ἀσώματον,
795 548 902 580 ἄποιον,

68 590 148 628 λόγῳ
175 591 249 628 μόνῳ
288 591 520 629 ἑρμηνευόμενον,
549 593 675 628 αἰσθήσει
710 591 739 620 δὲ
770 594 807 630 μὴ
836 594 904 620 ὑπο-

65 635 206 672 κείμενον.
237 634 311 671 Αὕτη
342 636 386 664 οὖν
417 637 435 672 ἠ
462 635 516 672 ὕλη
548 637 601 664 ὑπὸ
633 639 741 676 μορφῆς
764 648 838 669 τινος
859 636 904 665 καὶ

68 681 218 718 σχήματος
238 681 407 717 τυπουμένη,
434 680 500 719 ὅπερ
525 681 581 709 ἐστὶ
607 681 637 709 τὸ
662 681 746 716 εἶδος,
762 685 907 719 σωματοῦ-

70 735 127 753 ται,
156 724 208 753 Καὶ
230 727 339 763 πρῶτον
368 726 416 762 μὲν
442 726 547 763 γίνεται
578 729 715 764 στοιχεῖον
735 726 754 761 ἤ
777 727 870 765 αἰθήρ,
886 726 904 762 ἤ

67 772 124 806 πῦρ
139 768 158 804 ἤ
176 768 289 808 ὕδωρ,ἤ
303 770 356 806 ἀὴρ
384 769 401 805 ἥ
422 772 470 808 γῆ.
492 773 608 799 Ἔπειτα
626 771 734 799 τούτων
757 773 812 799 τῶν
831 779 904 799 στοι·

67 815 155 852 χείων
182 813 397 851 συμπλακέντων
416 814 554 851 ἀλλήλοις
575 815 675 854 γίνεται
701 819 784 853 σῶμα
808 817 904 854 oin/05"

74 869 136 894 τον,
150 858 167 893 ἧ
183 858 309 897 ἔμψυχον
359 858 476 898 ἄψυχον,
493 859 537 887 καὶ
553 861 570 895 ἡ
589 861 636 897 μὲν
655 859 708 896 ὕλη
723 861 767 888 καὶ
782 861 813 888 τὸ
835 850 906 889 εἴδος

72 902 289 942 ἀρχοειδέστερα
302 907 356 932 τῶν
373 905 517 943 στοιχείων
534 905 596 940 eici,
611 906 646 933 τὰ
661 904 690 933 δὲ
705 909 829 944 στοιχεῖα
847 909 900 934 τῶν

67 947 168 976 ἄλλων
190 948 325 985 σωμάτων
345 948 587 988 στοιχειωδέστερα
603 959 610 966 ·
634 950 723 988 ἀρχὴν
738 949 766 978 δὲ
782 950 900 988 λέγομεν

66 993 121 1028 τὴν
135 993 218 1029 ὕλην,
233 994 289 1032 οὐχ
303 994 346 1021 δτι
369 993 418 1022 οὐκ
441 992 500 1032 ἔχει
529 994 600 1022 ἄλλο
627 995 772 1033 ὑπέρτερον
792 996 900 1033 ἑαυτῆς,

71 1037 147 1067 ἀλλὰ
161 1038 203 1067 ὅτι
215 1040 249 1067 τὰ
265 1040 379 1077 σώματα
395 1040 440 1068 ὑπ’
454 1041 539 1076 αὐτὴν
556 1041 680 1080 ἀνάγεται
692 1044 846 1080 προσεχῶς.

265 1174 295 1209 ξ’.
314 1175 382 1212 Περὶ
396 1176 451 1202 τῶν
465 1175 571 1213 ἀρχῶν,
586 1175 613 1203 τί
630 1175 707 1204 εἶ’σιν.

103 1218 194 1257 Ἀρχή
209 1221 263 1246 τῶν
291 1217 378 1247 ὄντων
405 1219 501 1257 πρώτη
538 1220 585 1256 μὶν
614 1221 659 1248 καὶ
688 1220 856 1259 ὐπεράρχιος
884 1221 898 1249 ὀ

64 1263 142 1295 Θεός.
172 1263 248 1291 Μετᾶ
278 1262 307 1291 δὲ
336 1264 400 1292 Θεὸν
441 1264 544 1292 πολλαὶ
580 1266 663 1303 ἀρχαὶ
697 1268 751 1293 τῶν
777 1268 896 1304 φυσικῶν

65 1307 234 1346 πραγμάτων
264 1308 328 1338 είσί.
362 1309 412 1336 Καὶ
436 1312 490 1337 τῶν
519 1310 567 1347 μὲν
597 1310 741 1348 στοιχείων
771 1311 854 1348 ἀρχαὶ
879 1311 896 1345 ἠ

69 1351 123 1388 ὕλη
140 1353 184 1380 καὶ
199 1353 230 1380 τὸ
242 1352 312 1385 εἶδος
327 1352 434 1392 εἷ’ρηται
449 1364 455 1370 ·
482 1357 537 1382 τῶν
562 1353 590 1382 δὲ
612 1356 740 1382 συνθέτων
761 1356 895 1392 σωμάτων

65 1397 135 1424 αὖτὰ
166 1397 211 1424 καὶ
238 1398 312 1426 ἀπλᾶ
336 1402 475 1437 στοιχεῖα,
506 1399 585 1428 Ἀλλ’
613 1400 638 1427 οἱ
667 1400 713 1437 μὲν
738 1399 820 1428 ἄλλοι
841 1402 895 1427 τῶν

67 1441 230 1481 φιλοσόφων
246 1441 418 1482 διῃρέθησαν.
445 1444 494 1471 Καὶ
517 1446 576 1477 τοῖς
601 1444 648 1481 μὲν
671 1443 758 1480 ἔδοξεν
775 1444 849 1482 ἀρχὴ
865 1445 896 1472 τὸ

71 1489 136 1524 πῦρ,
163 1486 207 1515 διὰ
234 1488 285 1522 τὴν
316 1486 428 1525 δύναμιν
454 1489 499 1516 καὶ
523 1489 554 1517 τὸ
578 1488 780 1518 καταναλίσκειν
810 1489 896 1517 πάντα

66 1530 105 1562 εἷς
126 1530 192 1559 αὐτό
208 1541 215 1548 ·
232 1535 290 1564 τοῖς
306 1531 334 1560 δὲ
350 1533 363 1560 ὁ
383 1532 448 1570 ἆήρ,
461 1532 563 1568 διὰτήν
576 1536 630 1561 τῶν
645 1534 720 1569 ζώων
739 1534 875 1570 ἀναπνοήν
886 1543 894 1551 '

956 227 1060 254 iectus.
1079 225 1310 254 Mediocritatem
1337 224 1439 252 itidem
1455 223 1527 252 colit
1552 222 1667 259 pudens
1686 222 1785 257 homo,

957 271 1072 299 excedit
1087 270 1256 307 impudens,
1271 269 1370 297 deﬁcit
1385 268 1509 305 pavidus
1525 270 1553 296 et
1569 267 1620 304 qui
1637 275 1787 303 nunquam

957 324 1015 344 non
1031 316 1142 352 pudore
1159 316 1369 343 commovetur.

957 370 1002 398 59.
1021 370 1156 404 Quomodo
1171 369 1307 405 differuth
1320 368 1493 403 principium
1510 368 1590 402 atque
1605 366 1790 394 elementum?

994 414 1172 450 Principium
1189 414 1262 442 nihil
1285 413 1371 441 habet
1387 412 1484 448 seipso
1509 412 1601 448 prius,
1619 413 1651 438 ut
1667 410 1791 438 materia

957 462 986 488 et
1001 461 1096 488 forma
1111 468 1117 487 :
1136 461 1165 487 at
1182 459 1360 487 elementum
1377 457 1573 493 compositum
1591 464 1623 484 ac
1639 463 1791 491 coagmen-

958 507 1052 533 tatum
1069 506 1112 532 est
1128 513 1160 532 ex
1188 503 1311 532 materia
1335 505 1363 530 et
1385 503 1489 537 forma,
1506 501 1703 537 principiique
1728 500 1790 528 loco

958 550 1047 578 habet
1062 549 1216 577 materiam
1231 551 1260 576 et
1276 548 1412 576 formam.
1424 547 1475 575 Est
1490 548 1587 574 autem
1605 545 1728 574 materia
1744 553 1791 573 res

958 593 1163 629 incorporalis,
1176 601 1280 629 expers
1296 591 1484 628 qualitatum,
1498 591 1560 618 sola
1575 590 1687 618 ratione
1703 589 1792 625 expli-

959 639 1064 672 canda,
1076 637 1212 665 sensibus
1227 639 1323 664 autem
1337 636 1457 664 minime
1469 634 1564 663 obvia.
1576 635 1648 662 Huic
1662 634 1791 662 materiae

959 683 1073 720 species
1090 683 1222 718 quaedam
1246 684 1334 716 atque
1350 682 1444 716 ﬁgura.
1470 682 1612 715 tanquam
1631 679 1724 707 forma
1739 687 1793 706 sua

959 727 1154 764 imprimitur,
1173 729 1261 762 atque
1276 726 1319 754 ita
1333 726 1366 753 ﬁt
1381 733 1500 761 corpus,
1517 726 1545 752 et
1562 724 1656 760 primo
1671 723 1791 759 quidem

960 773 1151 807 elementum,
1167 771 1212 800 vel
1228 771 1328 806 aether,
1344 769 1389 798 vel
1405 769 1494 805 ignis,
1511 768 1553 796 vel
1570 777 1656 804 aqua,
1670 767 1715 796 vel
1730 776 1789 801 aer,

960 818 1005 846 vel
1021 820 1108 845 terra.
1120 817 1229 845 Deinde
1245 814 1480 844 coalescentibus
1496 814 1576 842 hisce
1590 812 1742 841 elementis
1758 812 1790 839 iit

960 871 1067 898 corpus
1083 862 1292 898 compositum,
1309 861 1369 888 sive
1387 859 1551 887 animatum
1567 858 1627 886 sive
1642 857 1786 885 inanimu-

957 910 1033 936 tum.
1048 910 1088 935 Ac
1105 907 1226 935 materia
1241 909 1269 934 et
1286 906 1380 933 forma
1395 903 1514 940 quidem
1533 903 1629 939 magis
1644 902 1786 930 rationem

956 951 1093 988 principii
1117 951 1225 979 habent
1250 959 1337 986 quam
1364 949 1525 982 elementa;
1547 948 1691 976 elementa
1714 955 1781 975 vero

956 997 1051 1033 magis
1079 1004 1168 1032 quam
1199 995 1257 1023 alia
1286 1002 1415 1030 corpora.
1446 994 1590 1021 Ccsterum
1627 992 1781 1020 materiam

955 1041 1092 1078 principii
1108 1039 1227 1068 nomine
1240 1046 1459 1074 nuncupumus,
1472 1046 1530 1065 non
1544 1037 1624 1072 quod
1641 1035 1714 1064 nihil
1730 1035 1782 1064 ha-

954 1087 1004 1114 bet
1020 1084 1156 1122 principii
1179 1093 1270 1120 supra
1285 1092 1327 1118 se,
1344 1083 1394 1111 sed
1411 1082 1489 1118 quod
1508 1089 1632 1117 corpora
1652 1081 1784 1117 proxime

955 1131 1010 1159 sub
1026 1130 1076 1158 illa
1092 1129 1325 1158 constituuntur.

1149 1175 1194 1202 60.
1211 1175 1247 1202 De
1260 1173 1421 1210 principiis,
1438 1172 1505 1208 quid
1520 1172 1588 1199 sint.

990 1219 1171 1256 Principium
1188 1227 1284 1247 rerum
1303 1218 1432 1254 primum
1447 1219 1475 1245 et
1490 1225 1580 1253 super
1592 1215 1691 1244 omnia
1707 1214 1785 1251 prin-

952 1266 1028 1302 cipia
1053 1265 1182 1302 positum
1198 1267 1243 1292 est
1263 1267 1349 1299 Deus,
1368 1265 1434 1300 post
1449 1266 1540 1291 Deum
1564 1261 1658 1289 multa
1683 1268 1782 1288 rerum

953 1310 1133 1339 naturalium
1150 1312 1220 1338 sunt
1241 1309 1395 1345 principia.
1412 1310 1448 1336 Ac
1473 1307 1683 1336 elementorum
1699 1305 1782 1341 prin-

952 1356 1029 1392 cipia
1045 1355 1197 1383 materiam
1222 1362 1287 1382 esse
1304 1362 1337 1382 ac
1354 1354 1477 1381 formam
1500 1353 1563 1388 jam
1588 1351 1700 1379 dictum
1726 1352 1780 1378 est.

951 1401 1187 1437 Composilorum
1204 1408 1269 1427 vero
1292 1406 1450 1434 corporum
1466 1396 1612 1434 principia
1632 1398 1701 1423 sunt
1716 1395 1781 1431 ipsa

951 1445 1099 1481 simplicia
1120 1445 1277 1477 elementa,
1293 1444 1328 1471 de
1345 1443 1452 1479 quibus
1479 1440 1649 1478 philosophi
1677 1439 1725 1467 alii
1750 1440 1779 1467 in

951 1490 1065 1518 diversa
1088 1489 1233 1517 abierunt.
1250 1489 1322 1516 Nam
1349 1487 1525 1523 quibusdam
1548 1485 1624 1520 ignis
1640 1484 1722 1512 visus
1736 1486 1781 1512 est

951 1542 1015 1563 esse
1030 1533 1217 1570 principium,
1231 1534 1348 1568 propter
1363 1531 1534 1564 efficaciam,
1547 1532 1575 1558 et
1586 1529 1664 1565 quod
1682 1529 1780 1556 omnia

63 1579 123 1607 τοῖς
139 1575 168 1604 δὶ
181 1577 212 1604 τὸ
229 1577 302 1615 ὕδωρ
327 1576 372 1605 διὰ
394 1578 444 1612 τήν
468 1578 582 1616 γόνιμον
609 1579 698 1616 φύσιν.
715 1579 772 1606 Τισὶ
792 1577 820 1606 δὲ
833 1578 886 1606 τού¹

980 1603 981 1606 η
997 1578 1082 1606 illum
1098 1567 1355 1606 consummuntur.
1373 1575 1446 1603 Aliis
1462 1583 1520 1610 aer,
1538 1574 1677 1610 quoniam
1694 1573 1777 1601 illum

64 1631 119 1648 των
136 1621 179 1648 καὶ
196 1621 212 1657 ἠ
230 1625 265 1660 γῆ
282 1622 356 1660 ἀρχὴ
386 1620 469 1659 ἔδοξε,
495 1621 538 1650 διὰ
561 1623 592 1650 τὸ
621 1623 709 1651 πλείω
736 1626 790 1651 τῶν
815 1623 890 1658 ζώων

66 1665 119 1694 ὐπὸ
134 1667 185 1699 τῆς
213 1670 264 1704 γῆς
290 1668 442 1704 γεννᾶσθαι,
472 1668 517 1695 καὶ
541 1667 579 1699 είς
602 1668 685 1703 αὐτὴν
708 1668 891 1700 ἀναλύεσθαι·

64 1711 173 1748 Ἐτεροι
189 1709 218 1738 δὲ
233 1711 301 1739 αὐτᾶ
329 1711 361 1739 τὰ
382 1712 498 1750 τέσσαρα
528 1716 651 1751 στοιχεῖα
675 1714 762 1751 ἀρχὰς
775 1715 829 1741 τῶν
846 1711 892 1740 όν-

66 1765 121 1782 των
139 1755 320 1793 ἀπεφήναντο.
336 1756 451 1784 Πλάτων
480 1755 509 1784 δὶ
524 1758 611 1795 ἀρχὰς
635 1757 738 1795 εἷ’ρηκε,
754 1758 799 1785 τὸν
816 1758 892 1792 Θεὸν,

69 1799 107 1831 ὡς
124 1799 226 1836 πατέρα
247 1801 292 1828 καὶ
314 1802 445 1837 ποιητὴν,
467 1802 516 1837 τὴν
538 1801 606 1837 ὕὶην
622 1802 660 1833 ὡς
676 1801 828 1840 δεχομένην
843 1803 892 1836 τὴν

70 1843 266 1882 δημιουργίαν,
286 1845 331 1873 καὶ
354 1847 404 1881 τήν
428 1845 499 1874 ἰδέαν
517 1857 524 1864 ο
542 1845 615 1875 ῖδέαν
638 1846 667 1875 δὲ
683 1847 754 1885 λέγει
779 1846 892 1875 Πλάτων

66 1890 118 1924 τὴν
133 1890 245 1925 πρώτην
262 1887 365 1918 ἔννοιαν
381 1892 429 1918 τοῦ
453 1893 530 1927 Θεοῦ,
556 1891 601 1919 καὶ
624 1892 674 1926 τὴν
691 1892 809 1931 ἄῤῥητον
823 1892 892 1920 ἐκεί-

65 1945 116 1969 νην
133 1934 280 1973 φανταφίαν
306 1936 351 1963 καὶ
374 1935 557 1972 ἀνατύπωσιν,
581 1938 640 1964 καθ’
666 1935 699 1972 ἥν
724 1937 770 1964 τὸν
790 1936 891 1974 κόσμον

67 1977 297 2018 ἐδημιούργησεν.

366 2079 413 2115 ξα’.
430 2079 495 2117 Περὶ
515 2079 567 2116 ὕλη
574 2091 595 2112 ς.

113 2121 182 2157 ’Ύλη
194 2122 247 2150 ἐστὶ
263 2125 377 2161 πρᾶγμα
400 2124 457 2151 οἷον
483 2123 566 2152 εἰπεῖν
591 2124 686 2161 ἅῦλον,
703 2125 826 2162 uicerint
845 2127 891 2163 μὶν

70 2166 238 2204 ἀθεώρητον,
260 2166 364 2204 διανοίᾳ
388 2167 416 2196 δὲ
447 2169 516 2206 μόνῃ
540 2169 655 2204 ληπτόν.
673 2171 768 2209 Χεῖρον
784 2171 892 2199 πάντων

65 2211 121 2240 τῶν
145 2209 241 2246 ὄντων,
271 2213 406 2252 ἄμορφον,
439 2212 566 2250 ἀνείδεον,
590 2214 788 2250 ἀδιατύπωτον,
815 2216 893 2244 οὐσία

946 1624 1093 1659 respirant
1113 1621 1264 1650 animalia.
1282 1621 1354 1649 Aliis
1370 1628 1447 1656 aqua
1469 1621 1588 1655 propter
1603 1617 1777 1647 seminalem

947 1670 1095 1697 naturam.
1110 1666 1266 1695 Nonnullis
1281 1666 1387 1694 horum
1401 1664 1489 1692 etiam
1504 1666 1582 1692 terra
1599 1663 1778 1700 principium

946 1713 1011 1741 visa
1025 1714 1079 1746 est,
1092 1711 1231 1748 quoniam
1248 1710 1333 1747 plura
1345 1709 1486 1738 animalia
1500 1717 1534 1736 ex
1549 1708 1599 1736 illa
1615 1709 1778 1736 nascuntur

947 1759 976 1786 et
991 1758 1021 1785 in
1036 1757 1118 1785 illam
1131 1756 1237 1784 iterum
1255 1755 1452 1783 resolvuntur.
1465 1753 1569 1781 Cmteri
1581 1754 1707 1788 quatuor
1722 1751 1778 1779 ista

948 1810 1046 1830 rerum
1074 1809 1139 1829 esse
1165 1800 1309 1836 principia
1334 1800 1512 1827 statuerunt.
1529 1797 1610 1825 Plato
1633 1796 1776 1832 principia

947 1855 1012 1875 esse
1028 1846 1145 1875 docuit:
1161 1847 1263 1878 Deum,
1276 1847 1419 1880 tanquam
1435 1844 1548 1878 patrem
1564 1844 1593 1869 et
1608 1843 1773 1875 auctorem;

949 1891 1112 1924 materiam,
1130 1892 1163 1918 ut
1178 1898 1241 1926 quae
1255 1888 1411 1917 creationis
1427 1896 1502 1924 opus
1517 1887 1546 1914 in
1563 1895 1594 1914 se
1609 1885 1739 1922 recipiat,
1747 1887 1776 1913 et

948 1936 1147 1964 ideam.Vocat
1159 1937 1256 1962 autem
1269 1933 1364 1961 ideam
1378 1932 1502 1969 primum
1513 1930 1732 1967 conceptionem
1744 1930 1774 1957 in

948 1983 1014 2014 Deo,
1023 1982 1051 2008 et
1061 1979 1239 2008 inetfabilem
1251 1977 1491 2014 imaginationem
1502 1978 1590 2012 atque
1601 1974 1776 2004 eiformatio~

948 2033 1026 2060 nem,
1038 2025 1201 2053 secundum
1218 2032 1305 2060 quam
1322 2023 1467 2050 mundum
1484 2021 1552 2050 fecit
1566 2029 1599 2049 ac
1614 2019 1756 2048 condidit.

1240 2077 1285 2104 61.
1302 2078 1339 2105 De
1354 2077 1482 2104 materia.

984 2123 1104 2151 Materia
1119 2125 1163 2150 est
1179 2131 1235 2155 res,
1253 2124 1284 2149 ut
1299 2123 1339 2149 ita
1355 2121 1461 2154 dicam,
1477 2118 1694 2153 immaterialis,
1711 2125 1774 2153 quae

948 2176 1036 2196 sensu
1053 2176 1110 2196 non
1127 2167 1346 2203 comprehendi,
1364 2166 1413 2194 sed
1433 2165 1497 2194 sola
1516 2164 1692 2200 cogitatione
1707 2171 1773 2198 per-

948 2213 1004 2248 cipi
1034 2214 1140 2248 potest.
1169 2212 1306 2240 Omnium
1335 2211 1446 2238 entium
1480 2211 1681 2246 postremum,
1710 2207 1773 2234 sine

67 2255 194 2289 ἀνούσιος
222 2257 266 2285 καὶ
292 2256 406 2296 ὕμαρςις
435 2258 612 2297 ἀνύπαρκτος.
629 2261 690 2289 Ἐὰν
719 2262 769 2299 γὰρ
797 2260 886 2298 ἀνέλῃ‹

980 2265 1054 2292 rma,
1069 2256 1133 2284 sine
1158 2256 1264 2292 specie,
1280 2257 1344 2284 sine
1369 2256 1470 2291 ﬁgura,
1487 2253 1615 2282 essentia
1637 2251 1773 2280 essentia

67 2301 155 2338 τυχὸν
172 2301 224 2329 ἀπὸ
238 2304 291 2329 τῶν
307 2304 440 2339 σωμάτων
463 2303 511 2335 τὰς
526 2303 690 2340 ποσότητας,
710 2306 758 2337 τὰς
775 2306 893 2342 σχέσεις,

66 2345 115 2376 τὰς
131 2343 207 2382 ἔξεις,
222 2345 272 2378 τὰς
286 2347 400 2384 τροπὰς,
426 2349 474 2379 τὰς
498 2350 627 2385 κινήσεις,
652 2350 700 2382 τὰς
716 2349 892 2385 ἀλλοιώσεις,

66 2390 114 2420 τὰς
132 2388 301 2426 μεταϐολάς,
327 2394 379 2419 πᾶν
403 2389 494 2430 ἕτερον
518 2393 607 2421 ὸτιουν
633 2394 665 2421 τὸ
693 2393 892 2431 καταλειπόμε-

66 2444 113 2462 νον
127 2432 180 2469 ὕλη
198 2433 284 2464 ἐστίν.
306 2436 369 2464 Ἐὰν
397 2437 448 2474 γὰρ
474 2435 572 2474 ἀνέλῃς
600 2437 653 2465 ἀπὸ
680 2440 729 2465 τοῦ
745 2439 830 2476 πυρὸς
843 2439 892 2474 τὴν

67 2478 226 2516 θερμότητα
254 2480 300 2507 καὶ
324 2481 373 2515 τήν
395 2481 543 2519 ξηρότητα,
559 2482 604 2509 καὶ
620 2482 672 2510 ἀπὸ
687 2485 736 2510 τοῦ
751 2483 829 2520 ἀέρος
844 2483 892 2517 τήν

67 2523 226 2560 θερμότητα
249 2525 295 2553 καὶ
317 2526 367 2560 τὴν
401 2525 547 2563 ὑγρότητα,
576 2527 621 2554 καὶ
649 2527 702 2555 ἀπὸ
720 2530 769 2555 τοῦ
798 2527 895 2559 ὕδατος

66 2568 118 2602 τὴν
133 2568 297 2606 ψυχρότητα
311 2570 356 2597 καὶ
378 2571 428 2605 τὴν
452 2570 597 2609 ὑγρότητα,
613 2572 644 2599 τὸ
659 2570 774 2610 ἔσχατον
790 2572 892 2600 τούτων

69 2611 248 2652 ὑπολειφθὲν,
264 2613 317 2650 ὕλη
331 2613 413 2643 ἐστίν.

429 2660 492 2698 Ηερὶ
510 2660 615 2689 αἰτιῶν.

104 2701 199 2734 Αἰτίοις
215 2703 229 2730 ὁ
256 2703 303 2739 μὲν
328 2704 523 2742 Ἀριστοτέλης
545 2706 675 2743 τέςσαρας
697 2704 863 2743 δογματίζει,
880 2706 894 2734 ὁ

69 2745 99 2774 δὲ
115 2745 231 2775 Πλάτων
253 2746 289 2784 ἕξ.
308 2748 383 2776 Ἐστι
402 2748 430 2776 δὲ
446 2749 519 2777 αἰτία
529 2750 624 2787 πρώτη
640 2750 686 2787 μὶν
703 2752 720 2786 ἡ
737 2752 868 2787 ποιητική
886 2761 892 2768 ·

70 2791 161 2829 ὥσπερ
187 2793 238 2825 τῆς
260 2792 356 2829 κλίνης
383 2796 492 2831 πρῶτον
521 2794 606 2823 αἱτιον
634 2796 647 2823 ὁ
671 2794 841 2832 κλινοποιὸς,
858 2795 895 2829 ὡς

949 2310 1051 2338 expers
1067 2303 1095 2330 et
1111 2301 1279 2329 substantia
1293 2301 1356 2328 sine
1371 2299 1549 2328 substantia.
1564 2298 1593 2325 Si
1608 2298 1687 2326 enim
1704 2296 1772 2324 abs-

947 2347 1048 2375 trahas
1073 2355 1090 2374 a
1114 2354 1234 2382 corpore
1262 2345 1431 2381 qualitates,
1453 2343 1620 2376 relationes,
1641 2341 1771 2375 habitus,

949 2393 1062 2426 modos,
1096 2394 1206 2426 motus,
1240 2391 1438 2425 alterationes,
1471 2388 1660 2421 mutationes,
1694 2386 1773 2415 aliud

949 2437 1156 2473 quodcunque,
1174 2436 1251 2472 quod
1276 2434 1451 2463 remanserit
1474 2433 1598 2461 materia
1620 2434 1674 2461 est.
1691 2432 1734 2460 Ita
1748 2431 1774 2460 si

949 2483 984 2510 ab
999 2482 1067 2518 igne
1081 2490 1107 2509 v.
1122 2489 1150 2517 g.
1168 2481 1344 2509 abstraxeris
1361 2479 1487 2507 calorem
1501 2480 1530 2506 et
1545 2477 1722 2512 ariditatem,
1739 2476 1776 2504 ab

949 2535 1015 2554 aere
1038 2526 1165 2554 calorem
1191 2528 1219 2554 ct
1242 2524 1462 2559 humiditatem,
1479 2524 1514 2551 ab
1538 2531 1618 2559 aqua
1640 2522 1732 2558 frigus
1748 2523 1777 2549 et

949 2571 1168 2605 humiditatem,
1185 2572 1366 2607 postremum
1392 2569 1472 2605 quod
1497 2568 1632 2604 superest
1653 2566 1777 2595 materia

950 2618 1004 2645 est.

1251 2661 1295 2687 62.
1314 2660 1350 2687 De
1371 2659 1471 2686 causis.

985 2706 1094 2733 Causas
1118 2705 1292 2733 Aristoteles
1320 2705 1449 2740 quatuor
1477 2702 1576 2735 tradit,
1603 2701 1684 2730 Plato
1713 2709 1774 2730 sex.

950 2751 1047 2778 Prima
1062 2752 1106 2778 est
1122 2758 1211 2778 causa
1226 2749 1366 2784 efﬁciens,
1384 2749 1416 2776 ut
1435 2747 1501 2775 lecti
1517 2747 1611 2783 prima
1626 2754 1715 2774 causa
1729 2747 1774 2773 est

950 2795 999 2832 qui
1024 2803 1090 2824 eum
1121 2795 1248 2832 conﬁcit,
1264 2795 1388 2831 ejusque
1415 2795 1461 2822 est
1489 2794 1599 2820 auctor.
1615 2788 1772 2819 Materialis
