1949 3055
90 137 152 168 ’129

271 203 317 239 Ec’.
335 202 399 241 Περὶ
419 202 548 241 γενέσεως
563 203 608 230 καὶ
624 203 736 240 φθορᾶς.

131 247 236 280 Γίνεσις
250 248 356 285 λέγεται
370 249 387 282 ἡ
401 248 453 275 ἀπὸ
481 250 530 275 105
561 247 599 284 μὴ
622 246 699 279 ὄντος
730 247 767 278 εἷς
794 247 824 274 τὸ
853 248 918 275 εἴναι

99 289 250 328 μεταϐολή.
281 292 383 319 Γενεσιν
413 290 442 319 δὲ
468 302 538 322 τινες
565 292 608 318 καὶ
624 291 673 325 τήν
690 290 794 325 κίνησιν
812 290 918 327 ὠνομά-

91 346 167 370 κασι,
191 336 258 368 καθό
273 347 350 375 φασιν
369 336 420 364 ὑπὸ
433 337 536 374 γένεσιν
553 335 620 364 εἶναι
635 336 682 363 τὸν
707 335 824 372 κόσμιον,
848 333 920 363 τοῦτ’

91 379 176 416 ἔστιν,
206 381 258 408 ὑπὸ
286 381 402 416 κίνησιν.
431 381 525 418 Φθορὰ
538 379 566 408 δέ
581 379 651 408 ἐστιν
668 381 685 415 ἡ
702 380 755 408 ἀπὸ
777 383 826 408 τοῦ
842 378 918 411 ὄντος

91 425 133 456 εἰς
148 425 179 453 τὸ
203 426 240 462 μὴ
272 426 337 453 εἶναι
364 423 516 463 μεταϐολή.
542 427 597 454 Πᾶν
627 425 672 452 οὖν
688 425 719 452 τὸ
734 425 787 452 ἀπὸ
814 427 862 452 τοῦ
881 426 918 462 μή

94 470 162 497 εἶναι
185 470 342 508 γενόμενον,
368 471 414 498 καὶ
438 470 492 498 ἀπὸ
515 472 565 497 τοῦ
579 470 700 507 γενέσθαι
730 469 918 508 φθειρόμενον,

92 514 148 542 ὑπὸ
177 514 278 552 γένεσιν
296 515 351 543 ἐστὶ
372 515 416 542 καὶ
447 514 557 554 φθοράν.
585 515 660 543 Κατὰ
682 516 746 552 γοῦν
774 514 819 541 τὸν
850 514 918 550 ἡμὲ-

87 569 170 596 τιρον
195 557 276 597 λόγον
302 559 348 587 καὶ
372 562 413 596 τῷ
431 560 528 596 κόσμῳ
549 559 650 597 γένεσις
672 557 775 586 ἕπεται·
804 559 837 592 ἦν
866 558 918 595 γάρ

87 603 137 631 ὅτε
162 603 212 631 οὐκ
225 605 270 638 ἦν,
295 604 340 631 καὶ
364 602 436 632 ἔσται
459 603 503 631 ὅτε
532 604 584 631 οὐκ
609 601 692 631 ἔσται.
723 601 839 638 Λῧξησις
871 603 919 639 μὶν

87 647 139 676 οὖν
165 649 209 675 καὶ
224 647 377 679 ἀλλοίωσις
401 648 446 676 καὶ
462 648 533 688 φορὰ
556 648 600 676 καὶ
616 649 633 680 ἢ
650 648 702 675 ἀπὸ
717 648 804 675 τόπου
820 647 857 678 εἷς
871 649 918 675 16-

86 703 151 720 πων
175 690 321 729 μετάϐασις
347 694 468 728 κινήσεις
493 692 556 721 εἶσί.
582 692 685 724 Γινεσις
707 691 736 720 δὶ
755 692 799 719 καὶ
831 692 918 730 φθορᾶ

87 738 144 765 οὐκ
160 737 212 764 εἰσὶ
235 738 366 773 κινήσεις,
391 737 497 775 ἀθρόως
521 737 571 775 γὰρ
593 737 625 764 τὸ
649 737 794 775 γινόμενον
809 737 917 774 γὲγονι,

87 782 136 809 καὶ
150 783 181 810 τὸ
197 782 295 822 φθαρὶν
321 780 462 822 ἔφθαρται.

424 870 489 909 Περὶ
504 871 638 907 σωμάτων
644 892 650 899 .

128 915 216 952 Σῶμά
241 915 299 944 ἐστι
329 915 360 943 τὸ
389 915 492 947 πλάτος
509 913 572 953 ἕχον
599 915 644 942 καὶ
663 919 751 952 μῆκος
764 915 808 942 καί
826 914 918 953 βάθος.

87 960 142 988 Kal
158 959 213 988 ἔστι
242 963 329 997 μῆκος
347 961 394 997 μὲν
411 960 495 998 λόγου
519 961 612 998 χάριν,
626 959 659 987 τὸ
674 959 727 987 ἀπὸ
742 959 863 998 γιφαλῆς
881 959 919 990 ιίς

84 1004 172 1032 πόδα·
204 1004 308 1036 πλάτος
334 1003 363 1033 δὶ
377 1005 408 1032 τὸ
429 1005 482 1032 ἀπὸ
504 1008 554 1040 τῆς
571 1003 657 1040 δεξιᾶς
683 1004 778 1042 χειρὸς
801 1004 839 1035 εἷς
868 1004 917 1038 τὴν

85 1049 246 1087 ἀριστερὰν,
262 1050 280 1086 ἢ
295 1050 326 1077 τὸ
348 1049 490 1077 ἀνάπαλιν
520 1050 602 1087 βάθος
613 1048 642 1077 Si
656 1050 688 1076 τὸ
703 1049 755 1076 ἀπὸ
771 1051 824 1076 τῶν
841 1048 918 1086 στέρ-

84 1104 145 1121 νων
160 1092 204 1121 ἑπῖ
223 1094 257 1122 τὰ
271 1096 354 1128 νῶτα,
370 1093 388 1128 ἢ
404 1093 434 1121 τὸ
456 1092 588 1131 ἔμπαλιν.
603 1094 657 1122 Πᾶν
686 1093 700 1121 ὶ
721 1095 799 1130 σῶμα
814 1092 832 1127 ἢ
850 1091 918 1130 βειρῦ

86 1139 105 1173 ἢ
140 1138 242 1178 κοῦφόν
273 1138 338 1166 ἐστι.
363 1138 411 1166 Καὶ
437 1139 467 1166 τὸ
483 1138 531 1174 μὲν
558 1137 626 1176 βαρῦ
650 1138 725 1166 κάτω
738 1138 858 1176 φέρεται,
887 1137 918 1164 τὸ

86 1182 119 1211 δὶ
135 1185 236 1222 κοῦφον
252 1183 308 1211 ἄνω
337 1183 457 1222 φέρεται.
484 1183 569 1212 Τόποι
588 1182 617 1210 δὲ
632 1185 686 1210 τῶν
702 1182 836 1219 σωμάτων
866 1184 919 1209 τῶν

89 1228 142 1264 μὶν
171 1227 293 1265 κούφων,
321 1228 336 1255 ὁ
362 1227 417 1255 ἅνω
444 1229 492 1255 105
521 1227 622 1259 παντὸς
645 1228 742 1259 τόπος’
755 1229 810 1255 τῶν
825 1225 853 1254 δὲ
870 1227 919 1264 βα-

87 1272 161 1310 ρέων
177 1272 191 1300 ὁ
215 1273 300 1301 κάτω.
330 1271 378 1300 Καὲ
393 1270 562 1311 κουφότατον
591 1272 638 1309 μὶν
652 1273 684 1300 τὸ
703 1274 768 1309 πῦρ,
785 1271 822 1302 ὡς
838 1274 917 1298 πᾶσιν

90 1316 274 1352 ίπιπολάζον·
313 1316 463 1355 βαρύτατον
487 1315 516 1344 δὶ
540 1319 586 1354 γῆ,
609 1317 647 1347 ὡς
675 1319 741 1344 πᾶσι
770 1315 918 1352 ὑποκείμι-

86 1372 149 1390 νον.
179 1364 234 1389 Πᾶν
264 1360 293 1389 δὶ
318 1363 408 1399 σῶμα,
425 1361 451 1390 ἐν
480 1361 528 1398 μὶν
559 1363 598 1397 τῷ
622 1360 716 1397 οἶκείῳ
729 1361 808 1396 τόπῳ
822 1360 917 1394 ἑστὼς,

87 1405 154 1434 οὕτε
171 1406 238 1445 βαρὺ
268 1404 330 1434 οὔτι
354 1408 467 1445 κοῦφον
495 1404 540 1433 ὅτι
565 1404 593 1433 δὶ
621 1405 726 1442 ἀποστῇ
741 1407 794 1432 τῶν
811 1404 917 1432 οΐκιίων

87 1451 194 1486 τόπων,
218 1451 262 1478 καὶ
290 1450 386 1487 μάλλιι
401 1451 471 1489 πρὸς
485 1450 584 1481 αὐτοὺς
608 1450 726 1484 ἀπιὲναι,
755 1449 816 1477 τότε
833 1450 851 1485 ἢ
869 1449 917 1488 βα-

90 1495 197 1533 ρύτητα
211 1494 269 1534 ἔχει
286 1495 303 1531 ἢ
319 1495 485 1535 κουφότητα.

349 1549 398 1585 ξη’.
414 1548 479 1587 Περὶ
495 1547 660 1586 ἐλαχίστων.

125 1593 278 1632 Ἑλάχιστα
303 1594 381 1632 φασὶν
410 1594 436 1621 οἱ
467 1592 614 1632 φιλόσοφοι
639 1591 765 1628 σωμάτιά
791 1602 852 1619 τινα
881 1592 917 1619 ὧν

88 1639 141 1667 οὐκ
162 1637 232 1667 ἔστιν
256 1637 337 1676 ἕτερα
361 1637 632 1677 σμικρομερέστιρα.
667 1637 718 1666 Καὶ
747 1636 917 1669 ὑποτίθενται

89 1684 180 1722 ἀμιρῆ
210 1694 270 1711 τινα
289 1682 351 1718 ἤτοι
382 1686 554 1721 σμικρομξρῆ
581 1681 625 1710 καὶ
655 1681 750 1719 ἅογκα,
775 1679 837 1716 ἤτοι
853 1691 917 1718 σμι-

89 1728 260 1766 κρομεγὲθη,
289 1727 377 1765 ἀρχὰς
405 1730 459 1755 τῶν
487 1726 581 1755 ὅντῶν*
613 1727 700 1764 ἀρχὰς
723 1725 752 1753 δὲ
767 1726 797 1753 οὗ
813 1736 919 1759 ποιητι-

89 1773 149 1808 κάς,
177 1771 240 1800 ἀλλ’
271 1770 378 1803 ὑλικὰς.
409 1773 520 1809 Λίγιται
549 1771 630 1799 πάλιν
662 1770 806 1808 ἐλάχιστον
835 1770 918 1807 ἑτέρῳ

90 1817 181 1854 Λόγῳ,
209 1818 269 1844 οἷον
295 1816 472 1852 ἀριθμητικοὶ
503 1815 630 1854 λεγουσιν
659 1814 795 1853 ἀριθμοὺς
819 1814 919 1842 διπλα-

87 1862 166 1892 σίους
190 1859 235 1888 καὶ
250 1860 426 1897 τριπλασίους
451 1861 497 1888 καὶ
511 1861 620 1898 ἑτέρους
634 1859 785 1893 τοιούτους,
802 1860 860 1886 οἷον
878 1857 920 1886 δι-

88 1905 222 1940 πλάσιος,
238 1903 321 1943 λόγου
338 1906 430 1943 χάριν,
458 1905 472 1932 ὁ
501 1904 572 1932 ὀκτὼ
596 1905 645 1932 105
657 1904 783 1940 τὲσσαρα,
804 1902 848 1930 καὶ
864 1905 917 1930 τῶν

89 1949 141 1977 δύο
171 1949 185 1976 ὁ
211 1948 336 1986 τέσσαρα,
353 1948 398 1976 καὶ
412 1950 461 1976 τοῦ
489 1949 547 1979 ἑνὸς
564 1948 578 1976 ὁ
593 1946 655 1982 δύο,
680 1949 728 1974 105
743 1946 771 1974 δὲ
787 1945 834 1974 δύο
850 1947 918 1985 πρὸς

89 1994 122 2022 τὸ
149 1992 176 2021 ἓν
192 1992 337 2021 διπλασίου
363 1992 449 2030 λόγου
464 1992 514 2020 οὐκ
530 1991 584 2020 ἔστι
611 1990 803 2029 ὑποδεέστερος
816 1990 917 2030 ἕτερος.

86 2036 257 2075 Ἐλάχιστος
280 2038 326 2065 οὖν
350 2036 512 2072 διπλάσιος,
540 2038 554 2065 ὁ
584 2035 632 2065 δύο
656 2037 724 2075 πρὸς
746 2036 778 2064 τὸ
801 2034 848 2063 ἓν·
873 2036 918 2063 καὶ

93 2081 240 2120 ὶλάχιστος
270 2081 443 2120 τριπλάσιος,
474 2083 487 2110 ὁ
517 2082 578 2120 τρία
603 2081 672 2119 πρὸς
698 2081 729 2109 τὸ
750 2081 790 2109 ἓν.
806 2079 917 2119 Λίγεται

89 2126 237 2165 ἐλάχιστον
260 2127 304 2155 καὶ
332 2127 364 2154 τὸ
391 2127 448 2154 κατ’
478 2126 636 2162 εὖτελισμὸν
665 2124 821 2163 γενόμενον,
847 2124 919 2153 ἀλλὰ

88 2171 191 2209 κυρίως
220 2170 366 2210 ἐλάχιστον
394 2172 463 2199 κατά
491 2170 672 2210 φιλοσόφους,
692 2170 724 2198 τὸ
746 2169 916 2208 βραχύτατον

91 2215 230 2253 σωμᾶτιον
245 2215 416 2252 ὀνομᾶίζεται·

287 2314 332 2349 ξδ’.
357 2313 422 2352 Περὶ
438 2312 567 2354 διαφορᾶς
583 2314 718 2351 γνώσεως.

125 2358 225 2397 Πρώτη
252 2358 308 2386 ἐστὶ
329 2359 374 2386 καὶ
393 2357 549 2396 ὑψηλοτέρα
563 2360 617 2385 τῶν
631 2358 756 2396 γνώσεων
770 2358 880 2384 ἀπασῶν
896 2358 913 2392 ὴ

88 2403 137 2438 τῆς
161 2403 302 2441 προνοίας,
319 2403 381 2438 ἥτις
395 2402 465 2430 ἐστὶν
484 2402 599 2440 ἐνέργεια
611 2404 660 2430 τοῦ
676 2404 753 2431 Θεοῦ.
768 2402 800 2430 Ὀ
825 2402 914 2429 τοίνυν

88 2447 153 2478 Θεὸς
175 2448 241 2485 ὗπὶρ
264 2449 352 2475 πᾶντα
367 2448 400 2475 τὰ
428 2446 492 2475 ὅντα
519 2447 564 2475 καὶ
589 2447 654 2484 ὑπὲρ
683 2447 762 2474 αὐτὸν
792 2446 838 2474 τὸν
852 2445 913 2474 νοῦν

88 2490 160 2530 ἔχων
184 2493 234 2527 τήν
263 2491 390 2529 δύναμιν,
414 2492 459 2520 καὶ
487 2491 590 2529 κυρίως
617 2490 644 2519 ἓν
677 2491 820 2529 ὑπάρχων,
840 2490 915 2528 αὐτῷ

88 2534 116 2563 ὂὶ
130 2537 170 2572 τῷ
185 2536 225 2564 ἑνὶ
250 2537 328 2573 μόνῳ
356 2539 485 2575 προνοεῖν
516 2536 624 2574 λέγεται
653 2535 771 2564 πᾶντων-
801 2536 915 2574 Δευτὲρα

87 2579 116 2608 at
131 2581 186 2609 ἐστί
210 2584 311 2620 γνῶσις
335 2583 353 2616 ἡ
380 2582 460 2620 νοερὰ
475 2581 558 2609 αὐτοῦ
572 2583 620 2608 105
633 2579 774 2612 παντελῶς
788 2583 836 2608 τοῦ
858 2579 914 2608 ὀλι-

85 2627 140 2656 κῶς
165 2626 199 2654 τὰ
214 2625 300 2654 πάντα
313 2629 452 2658 νοοῦττος.
479 2626 565 2664 Τρίτη
598 2626 656 2660 μετ’
684 2625 768 2659 αὐτὴν
784 2627 881 2663 γνῶσις
896 2626 913 2660 ἡ

85 2672 133 2703 τῆς
154 2670 270 2708 λογικῆς
285 2672 364 2707 ἡμῶν
390 2672 494 2708 ψυχῆς,
517 2669 578 2704 ἥτις
594 2668 738 2707 διαιρεῖται
768 2669 806 2700 είς
837 2668 913 2705 δόξαν

86 2713 129 2741 καὶ
159 2714 326 2752 ἐπιστήμην.
357 2714 436 2743 Ἃλλ¹
465 2716 482 2750 ἡ
513 2715 559 2751 μὶν
576 2713 639 2750 δόξα
666 2716 720 2742 τῶν
742 2713 912 2751 κινουμένων

85 2757 139 2786 ἐστὶ
167 2761 280 2797 γνῶσις,
307 2759 372 2795 ἤτοι
399 2762 451 2788 τῶν
488 2756 782 2797 μιταϐαλλομὲνων,ἠ
813 2757 841 2786 Si
856 2758 914 2786 ἐπι-

82 2803 187 2841 σττςμη,
210 2806 264 2832 τῶν
293 2804 443 2842 ἀκινήτων,
461 2806 529 2842 οἷον,
553 2805 647 2842 ψυχῆς
674 2803 718 2832 καὶ
734 2805 782 2832 νοῦ
797 2803 912 2832 καὶτῶν

682 136 733 167 DE
755 135 974 167 OMNIFARIA
997 135 1210 166 DOGTR‘NA.

1743 139 1801 168 730

1123 202 1167 230 ϐϐ.
1184 202 1221 230 De
1234 203 1412 238 generatione
1424 205 1450 231 et
1465 204 1649 239 corruptione.

1010 246 1164 274 Generutio
1180 246 1288 274 dicitur
1304 247 1429 275 mutatio
1445 256 1461 275 a
1476 256 1533 276 non
1549 256 1613 276 esse
1629 248 1664 276 ad
1681 251 1800 277 esse:et

974 293 1043 318 sunt
1071 291 1121 327 qui
1147 292 1364 327 generationem
1390 292 1478 320 etiam
1504 295 1616 320 motum
1641 292 1800 329 appellant,

974 343 1032 370 quo
1047 344 1137 363 sensu
1162 336 1306 364 mundum
1331 337 1523 372 generationi,
1549 337 1602 365 hoc
1626 340 1670 366 est
1695 339 1798 372 motui,

975 380 1058 407 aiunt
1073 389 1136 407 esse
1152 380 1322 408 obnoxium.
1334 381 1487 416 Corruptio
1502 384 1603 409 contra
1617 385 1662 409 est
1678 382 1800 410 mutatio

974 424 1011 452 ab
1026 432 1090 452 esse
1105 425 1141 452 ad
1166 433 1222 452 non
1249 433 1322 453 esse.
1352 425 1497 461 Quidquid
1525 427 1625 463 igitur,
1652 435 1718 454 cum
1742 436 1798 455 non

974 471 1052 497 esset
1067 470 1141 503 lit,et
1157 478 1223 497 cum
1240 469 1347 497 existat
1361 470 1568 505 corrumpitur,
1578 471 1758 506 generationi
1773 474 1803 499 et

973 513 1154 549 corruptioui
1171 514 1279 542 dicitur
1294 514 1458 549 subjacere.
1476 515 1514 542 Ex
1528 518 1629 543 nostra
1643 516 1716 544 adeo
1731 524 1794 543 sen-

973 558 1064 585 tentia
1089 558 1124 585 ad
1142 559 1286 586 mundum
1303 559 1390 586 etiam
1408 559 1556 594 generatio
1573 559 1699 596 pertinet
1715 568 1721 587 :
1737 563 1800 588 erat

973 602 1052 629 enim
1068 603 1186 638 quando
1202 611 1257 630 non
1282 605 1354 637 erat,
1378 605 1407 630 ot
1429 603 1485 630 erit
1509 604 1625 638 quando
1651 612 1709 631 non
1734 604 1800 632 erit.

972 647 1112 674 Caeterum
1129 647 1329 683 augmentatio
1344 647 1464 683 quidem
1481 655 1513 675 ac
1530 648 1656 676 mutatio
1671 650 1699 676 et
1709 649 1801 684 agita-

973 691 1014 719 tio
1025 691 1099 718 etde
1112 691 1175 719 loco
1186 691 1215 719 in
1229 691 1324 719 locum
1337 691 1492 720 translatio
1503 695 1600 720 motus
1613 695 1693 727 sunt,
1710 701 1798 729 gene-

973 735 1047 763 ratio
1059 738 1157 763 autem
1169 738 1197 763 et
1207 736 1355 772 corruptio
1368 745 1425 764 non
1438 739 1507 764 sunt
1522 739 1632 772 motus,
1649 737 1800 765 continen-

974 782 1018 807 ter
1032 780 1110 807 enim
1127 789 1161 808 se
1176 780 1264 808 simul
1282 780 1314 808 lit
1329 781 1406 816 quod
1420 780 1494 816 ﬁt,et
1505 781 1705 818 corrumpitur
1721 782 1799 818 quod

974 825 1183 861 corrumpitur.

1245 870 1291 897 67.
1310 871 1346 898 De
1358 871 1529 904 corporibus.

1009 915 1119 949 Corpus
1135 916 1180 942 est
1201 915 1279 950 quod
1304 914 1392 942 habet
1416 914 1613 949 latitudinem,
1640 915 1801 951 longitudi-

974 966 1040 986 nem
1070 961 1098 986 et
1128 959 1371 995 profunditatem.
1391 959 1555 995 Longitudo
1584 959 1695 987 dicitur
1720 961 1800 988 verbi

974 1003 1068 1040 gratia
1081 1011 1098 1030 a
1112 1004 1208 1039 capite
1222 1004 1256 1031 ad
1275 1004 1374 1039 pedes,
1397 1003 1521 1032 latitudo
1544 1012 1560 1032 a
1586 1012 1674 1031 manu
1698 1005 1800 1033 dextra

973 1048 1009 1075 ad
1025 1048 1177 1075 sinistram
1195 1049 1245 1075 aut
1266 1048 1408 1081 vicissim,
1433 1048 1619 1084 profunditas
1643 1057 1659 1076 a
1684 1051 1801 1085 pectore

973 1093 1008 1120 ad
1032 1094 1147 1128 tergum
1164 1095 1214 1120 aut
1230 1092 1291 1121 vice
1305 1101 1398 1120 versa.
1416 1093 1508 1120 Omne
1524 1101 1630 1129 corpus
1645 1101 1732 1129 grave
1748 1096 1801 1122 aut

973 1136 1035 1164 leve
1050 1139 1105 1164 est.
1123 1136 1215 1164 Grave
1241 1137 1377 1165 deorsum
1405 1138 1508 1170 fertur,
1531 1137 1591 1165 leve
1617 1138 1713 1165 tendit
1735 1146 1800 1166 ειη-η

973 1190 1052 1209 sum.
1071 1182 1142 1210 Loca
1169 1190 1336 1218 corporum,
1362 1182 1469 1210 levium
1496 1183 1616 1219 quidem
1643 1191 1800 1219 supremus

973 1226 1119 1260 omnium,
1145 1226 1278 1262 gravium
1309 1227 1440 1254 inﬁmus.
1471 1230 1512 1253 An
1542 1226 1725 1255 levissimum
1755 1230 1801 1255 est

973 1270 1062 1307 ignis,
1079 1271 1130 1307 qui
1148 1271 1241 1298 fertur
1257 1279 1347 1307 super
1357 1271 1454 1299 omnia
1470 1279 1608 1307 corpora;
1632 1274 1710 1299 terra
1733 1279 1799 1307 gra-

973 1315 1139 1350 vissimum,
1165 1315 1302 1343 omnibus
1327 1315 1494 1351 subjacens.
1520 1316 1556 1343 At
1579 1324 1688 1352 corpus
1713 1324 1800 1344 omne

973 1360 1003 1388 in
1019 1360 1146 1388 naturali
1170 1368 1224 1387 suo
1249 1360 1443 1388 constitutum
1468 1360 1528 1387 loco
1556 1368 1609 1388 nec
1634 1368 1721 1397 grave
1746 1368 1798 1388 nec

973 1404 1035 1433 leve
1049 1407 1104 1437 est,
1125 1405 1243 1441 quando
1257 1406 1363 1432 'autem
1385 1414 1402 1433 a
1425 1404 1551 1432 naturali
1577 1405 1640 1433 loco
1665 1406 1750 1434 abest
1773 1408 1801 1433 et

973 1449 1008 1476 ad
1022 1457 1089 1477 eum
1106 1449 1210 1482 tendit,
1227 1451 1298 1477 tunc
1312 1449 1356 1477 vel
1372 1449 1512 1484 gravitate
1524 1449 1680 1486 preditum
1697 1451 1741 1478 est
1755 1449 1799 1477 vel

971 1493 1101 1522 levitate.

1145 1547 1190 1576 68.
1208 1547 1246 1575 De
1257 1547 1433 1584 parvissima
1447 1548 1625 1584 corpusculis.

1148 1571 1190 1576 μ.
1208 1571 1242 1575 -,
1257 1571 1302 1584 ,_.
1447 1571 1625 1584 ,μνη-η...

932 1571 954 1603 C
1008 1591 1185 1620 Parvissima
1201 1592 1260 1620 sive
1275 1591 1399 1620 minima
1414 1592 1581 1629 philosophi
1605 1594 1712 1620 vocant
1735 1600 1798 1620 cor-

973 1636 1094 1672 puscula
1111 1636 1243 1672 quaedam
1259 1637 1368 1672 quibus
1382 1637 1463 1664 nulla
1478 1637 1536 1665 alia
1557 1637 1692 1673 parviora
1717 1644 1799 1673 repe-

973 1681 1100 1715 riuntur,
1117 1683 1349 1717 supponuntque
1364 1681 1414 1709 illa
1440 1689 1504 1710 esse
1526 1681 1556 1709 in
1579 1681 1678 1709 nullas
1701 1683 1800 1717 partes

973 1725 1140 1759 divisibilia,
1164 1725 1365 1754 minutissima
1391 1728 1419 1754 et
1444 1727 1520 1754 mole
1544 1726 1696 1761 destituta,
1712 1728 1799 1762 atque

972 1769 1085 1803 exsilia,
1099 1770 1240 1806 principia
1255 1779 1483 1806 corporum,non
1499 1771 1656 1798 efﬁcientia
1671 1771 1721 1798 sed
1739 1779 1799 1798 ma-

972 1814 1096 1842 terialia.
1113 1814 1226 1842 Dicitur
1235 1817 1263 1842 et
1273 1814 1330 1842 alio
1343 1823 1431 1842 sensu
1445 1814 1652 1850 parvissimum
1665 1815 1727 1842 sive
1744 1814 1799 1842 mi-

974 1859 1088 1886 nimum
1106 1859 1182 1895 apud
1199 1858 1532 1894 arithmeticos,quando
1547 1860 1582 1887 de
1598 1859 1730 1887 numeris
1744 1859 1798 1886 du-

973 1902 1100 1938 plicibus
1116 1903 1160 1931 vel
1173 1902 1338 1939 triplicibus
1354 1905 1404 1931 aut
1419 1903 1485 1932 aliis
1500 1903 1646 1940 ejusmodi
1663 1905 1801 1939 tractant,

972 1947 1052 1975 verbi
1069 1947 1163 1983 gratia
1178 1950 1242 1974 octo
1259 1950 1329 1975 sunt
1341 1947 1464 1984 duplum
1481 1948 1802 1985 quaternarii,quatuor

972 1991 1090 2025 blnsrii,
1108 1991 1166 2019 duo
1181 1991 1287 2020 unarii.
1305 1991 1367 2020 Non
1384 1993 1471 2020 datur
1486 2001 1552 2020 vero
1568 1992 1643 2020 alius
1659 2000 1801 2021 numerus

972 2036 1082 2074 duplus
1097 2036 1174 2064 intra
1186 2036 1344 2072 binarium,
1362 2037 1505 2064 minimus
1521 2037 1612 2073 igitur
1625 2037 1734 2073 duplus
1757 2041 1802 2065 est

973 2081 1104 2109 biuarius
1119 2082 1250 2116 respectu
1270 2081 1402 2116 unitatis,
1420 2082 1462 2109 uti
1477 2081 1623 2110 ternarius
1643 2084 1689 2109 est
1713 2081 1799 2109 mini-

973 2134 1040 2154 mus
1055 2125 1162 2162 triplus
1177 2126 1212 2154 ad
1230 2126 1363 2155 eamdem
1380 2127 1650 2155 unitatem.Dicitur
1665 2129 1694 2154 et
1710 2126 1798 2154 mini-

973 2178 1054 2198 mum
1071 2170 1149 2206 quod
1166 2170 1201 2198 ad
1219 2170 1392 2199 tenuitatem
1407 2171 1558 2199 redactum
1575 2173 1628 2206 est,
1642 2171 1692 2199 sed
1710 2179 1798 2207 pecu-

971 2214 1037 2243 liari
1053 2215 1165 2242 ratione
1177 2214 1358 2252 philosophis
1370 2216 1577 2252 parvissimum
1590 2215 1799 2251 corpusculum

929 2257 953 2289 Ι)
971 2260 1012 2287 ita
1028 2260 1207 2287 nominatur.

1103 2312 1149 2339 69.
1166 2315 1206 2341 De
1222 2314 1307 2341 variis
1322 2313 1469 2349 gem-ribus
1484 2313 1658 2349 cognitionis.

1006 2356 1105 2384 Prima
1128 2359 1157 2385 et
1185 2357 1343 2385 sublimior
1365 2357 1569 2393 cognitionum
1596 2356 1729 2385 omnium
1755 2359 1801 2385 est

971 2401 1230 2438 providentiu,qun3
1246 2404 1290 2430 est
1305 2402 1380 2430 actio
1393 2403 1532 2430 veLDeus
1548 2401 1695 2438 siquidem
1711 2410 1802 2438 super

970 2446 1071 2474 omnia
1086 2455 1149 2482 qua:
1166 2448 1238 2474 sunt
1250 2449 1280 2474 et
1295 2455 1384 2483 super
1401 2446 1495 2483 ipsam
1513 2449 1642 2474 mentem
1668 2447 1801 2482 potentia

971 2490 1094 2526 pollens,
1109 2493 1136 2518 et
1160 2491 1276 2527 proprie
1298 2499 1390 2519 unum
1415 2491 1570 2525 exsistens,
1586 2490 1642 2518 hoc
1658 2490 1722 2527 ipso
1737 2490 1800 2519 solo

970 2543 1028 2563 uno
1043 2535 1181 2563 omnibus
1197 2535 1341 2571 providet.
1359 2535 1458 2564 Altera
1473 2535 1601 2572 cognitio
1617 2537 1661 2563 est
1681 2535 1799 2563 intelle-

969 2579 1150 2616 otualis,qua
1172 2588 1254 2608 mens
1267 2588 1407 2616 suprema
1424 2581 1559 2609 universe
1574 2579 1673 2608 omnia
1689 2579 1797 2607 intelli.

969 2625 1019 2660 git.
1036 2625 1132 2652 Tertia
1148 2626 1214 2661 post
1228 2625 1303 2652 hanc
1316 2627 1361 2653 est
1373 2625 1501 2661 cognitio
1517 2625 1546 2652 in
1560 2625 1659 2652 anima
1684 2627 1797 2659 nostra,

969 2678 1030 2705 qua:
1046 2669 1075 2697 in
1091 2669 1259 2705 opinionem
1274 2672 1302 2697 et
1317 2669 1470 2698 scientiam
1486 2669 1736 2705 distiuguitur.Ex
1751 2669 1800 2696 his

969 2714 1068 2750 opinio
1079 2716 1125 2742 est
1133 2714 1259 2750 cognitio
1268 2723 1366 2742 rerum
1375 2714 1528 2742 mobilium
1537 2713 1798 2748 mutabiliumque:

968 2759 1093 2788 scientia
1129 2757 1338 2793 immobilium,
1365 2760 1397 2787 ut
1424 2759 1540 2794 animos,
1565 2757 1684 2792 mentis,
1710 2758 1800 2792 atque

969 2804 1094 2833 aliorum
1110 2803 1267 2840 ejusmodi.
1280 2805 1388 2838 Quarta
1403 2806 1431 2833 et
1447 2806 1595 2840 postrema
1609 2800 1737 2838 cognitio
1752 2808 1784 2828 es
