  <div class='ocr_page' id='page_1' title='image "/cluster/home/n/w/nwhite01/storage/ocr_20150623/122/njp.32101077773016/389.png"; bbox 0 0 1951 3054; ppageno 0'>
   <div class='ocr_carea' id='block_1_1' title="bbox 131 90 185 120">
    <p class='ocr_par' dir='ltr' id='par_1_1' title="bbox 131 90 185 120">
     <span class='ocr_line' id='line_1_1' title="bbox 131 90 185 120; baseline -0.019 0"><span class='ocrx_word' id='word_1_1' title='bbox 131 90 185 120; x_wconf 87' lang='grc'>731</span> 
     </span>
    </p>
   </div>
   <div class='ocr_carea' id='block_1_2' title="bbox 793 85 1167 119">
    <p class='ocr_par' dir='ltr' id='par_1_2' title="bbox 793 85 1167 119">
     <span class='ocr_line' id='line_1_2' title="bbox 793 85 1167 119; baseline -0.005 0"><span class='ocrx_word' id='word_1_2' title='bbox 793 85 1008 119; x_wconf 78' lang='lat' dir='ltr'>MICHAELIS</span> <span class='ocrx_word' id='word_1_3' title='bbox 1031 86 1167 118; x_wconf 84' lang='lat' dir='ltr'>PSELLI</span> 
     </span>
    </p>
   </div>
   <div class='ocr_carea' id='block_1_3' title="bbox 1777 85 1842 116">
    <p class='ocr_par' dir='ltr' id='par_1_3' title="bbox 1777 85 1842 116">
     <span class='ocr_line' id='line_1_3' title="bbox 1777 85 1842 116; baseline 0.015 -1"><span class='ocrx_word' id='word_1_4' title='bbox 1777 85 1842 116; x_wconf 75' lang='grc'>’132</span> 
     </span>
    </p>
   </div>
   <div class='ocr_carea' id='block_1_4' title="bbox 128 149 963 191">
    <p class='ocr_par' dir='ltr' id='par_1_4' title="bbox 128 152 951 191">
     <span class='ocr_line' id='line_1_4' title="bbox 128 152 951 191; baseline -0.002 -9"><span class='ocrx_word' id='word_1_5' title='bbox 128 153 338 182; x_wconf 87' lang='lat' dir='ltr'>irrationabilis</span> <span class='ocrx_word' id='word_1_6' title='bbox 352 153 456 182; x_wconf 70' lang='lat' dir='ltr'>animae</span> <span class='ocrx_word' id='word_1_7' title='bbox 472 155 578 182; x_wconf 66' lang='lat' dir='ltr'>nostra</span> <span class='ocrx_word' id='word_1_8' title='bbox 594 154 722 183; x_wconf 83' lang='lat' dir='ltr'>sensalio</span> <span class='ocrx_word' id='word_1_9' title='bbox 738 156 774 190; x_wconf 53' lang='lat' dir='ltr'>et.</span> <span class='ocrx_word' id='word_1_10' title='bbox 785 152 951 191; x_wconf 75' lang='lat' dir='ltr'>phantasia,</span> 
     </span>
    </p>
   </div>
   <div class='ocr_carea' id='block_1_5' title="bbox 1053 149 1842 191">
    <p class='ocr_par' dir='ltr' id='par_1_5' title="bbox 1054 149 1842 190">
     <span class='ocr_line' id='line_1_5' title="bbox 1054 149 1842 190; baseline -0.001 -11"><span class='ocrx_word' id='word_1_11' title='bbox 1054 150 1151 181; x_wconf 71' lang='grc' dir='ltr'>οὖτων.</span> <span class='ocrx_word' id='word_1_12' title='bbox 1167 151 1284 188; x_wconf 75' lang='grc' dir='ltr'>Τετάρτῃ</span> <span class='ocrx_word' id='word_1_13' title='bbox 1295 154 1394 190; x_wconf 84' lang='grc' dir='ltr'>γνῶσις</span> <span class='ocrx_word' id='word_1_14' title='bbox 1410 150 1454 179; x_wconf 80' lang='grc' dir='ltr'>καὶ</span> <span class='ocrx_word' id='word_1_15' title='bbox 1470 149 1620 187; x_wconf 78' lang='grc' dir='ltr'>τελευταία,</span> <span class='ocrx_word' id='word_1_16' title='bbox 1633 151 1650 186; x_wconf 82' lang='grc' dir='ltr'><strong>ἡ</strong></span> <span class='ocrx_word' id='word_1_17' title='bbox 1665 154 1716 186; x_wconf 85' lang='grc' dir='ltr'>τῆς</span> <span class='ocrx_word' id='word_1_18' title='bbox 1731 150 1842 188; x_wconf 81' lang='grc' dir='ltr'>ἀλόγου</span> 
     </span>
    </p>
   </div>
   <div class='ocr_carea' id='block_1_6' title="bbox 128 198 632 235">
    <p class='ocr_par' dir='ltr' id='par_1_6' title="bbox 128 198 632 235">
     <span class='ocr_line' id='line_1_6' title="bbox 128 198 632 235; baseline 0 -7"><span class='ocrx_word' id='word_1_19' title='bbox 128 207 174 228; x_wconf 87' lang='lat' dir='ltr'>res</span> <span class='ocrx_word' id='word_1_20' title='bbox 186 198 378 235; x_wconf 86' lang='lat' dir='ltr'>particulares</span> <span class='ocrx_word' id='word_1_21' title='bbox 394 199 632 235; x_wconf 82' lang='lat' dir='ltr'>apprehendens.</span> 
     </span>
    </p>
   </div>
   <div class='ocr_carea' id='block_1_7' title="bbox 127 306 955 343">
    <p class='ocr_par' dir='ltr' id='par_1_7' title="bbox 127 306 955 343">
     <span class='ocr_line' id='line_1_7' title="bbox 127 306 955 343; baseline -0.002 -7"><span class='ocrx_word' id='word_1_22' title='bbox 127 309 173 336; x_wconf 90' lang='lat'>70.</span> <span class='ocrx_word' id='word_1_23' title='bbox 192 306 327 342; x_wconf 80' lang='lat' dir='ltr'>Quomodo</span> <span class='ocrx_word' id='word_1_24' title='bbox 342 314 448 342; x_wconf 85' lang='lat' dir='ltr'>semper</span> <span class='ocrx_word' id='word_1_25' title='bbox 463 311 592 342; x_wconf 76' lang='lat' dir='ltr'>operante</span> <span class='ocrx_word' id='word_1_26' title='bbox 603 308 665 341; x_wconf 86' lang='lat' dir='ltr'>Deo,</span> <span class='ocrx_word' id='word_1_27' title='bbox 690 315 745 336; x_wconf 82' lang='lat' dir='ltr'>non</span> <span class='ocrx_word' id='word_1_28' title='bbox 769 314 875 343; x_wconf 78' lang='lat' dir='ltr'>semper</span> <span class='ocrx_word' id='word_1_29' title='bbox 896 307 955 341; x_wconf 74' lang='lat' dir='ltr'>eius</span> 
     </span>
    </p>
   </div>
   <div class='ocr_carea' id='block_1_8' title="bbox 381 343 700 379">
    <p class='ocr_par' dir='ltr' id='par_1_8' title="bbox 381 343 700 379">
     <span class='ocr_line' id='line_1_8' title="bbox 381 343 700 379; baseline 0.003 -9"><span class='ocrx_word' id='word_1_30' title='bbox 381 343 529 371; x_wconf 81' lang='lat' dir='ltr'>reddimur</span> <span class='ocrx_word' id='word_1_31' title='bbox 540 345 700 379; x_wconf 76' lang='lat' dir='ltr'>participes.</span> 
     </span>
    </p>
   </div>
   <div class='ocr_carea' id='block_1_9' title="bbox 166 387 956 423">
    <p class='ocr_par' dir='ltr' id='par_1_9' title="bbox 166 387 956 423">
     <span class='ocr_line' id='line_1_9' title="bbox 166 387 956 423; baseline -0.003 -7"><span class='ocrx_word' id='word_1_32' title='bbox 166 387 304 422; x_wconf 83' lang='lat' dir='ltr'>Quamvis</span> <span class='ocrx_word' id='word_1_33' title='bbox 322 388 396 415; x_wconf 86' lang='lat' dir='ltr'>Deus</span> <span class='ocrx_word' id='word_1_34' title='bbox 412 396 527 423; x_wconf 83' lang='lat' dir='ltr'>semper</span> <span class='ocrx_word' id='word_1_35' title='bbox 537 387 768 423; x_wconf 79' lang='lat' dir='ltr'>operatur,illius</span> <span class='ocrx_word' id='word_1_36' title='bbox 783 389 882 414; x_wconf 82' lang='lat' dir='ltr'>tamen</span> <span class='ocrx_word' id='word_1_37' title='bbox 898 395 956 414; x_wconf 88' lang='lat' dir='ltr'>non</span> 
     </span>
    </p>
   </div>
   <div class='ocr_carea' id='block_1_10' title="bbox 132 431 957 470">
    <p class='ocr_par' dir='ltr' id='par_1_10' title="bbox 132 431 957 470">
     <span class='ocr_line' id='line_1_10' title="bbox 132 431 957 470; baseline -0.005 -8"><span class='ocrx_word' id='word_1_38' title='bbox 132 442 247 470; x_wconf 79' lang='lat' dir='ltr'>semper</span> <span class='ocrx_word' id='word_1_39' title='bbox 261 432 402 468; x_wconf 77' lang='lat' dir='ltr'>peticipes</span> <span class='ocrx_word' id='word_1_40' title='bbox 418 433 570 460; x_wconf 84' lang='lat' dir='ltr'>reddimur</span> <span class='ocrx_word' id='word_1_41' title='bbox 584 434 702 468; x_wconf 85' lang='lat' dir='ltr'>propter</span> <span class='ocrx_word' id='word_1_42' title='bbox 712 434 843 460; x_wconf 85' lang='lat' dir='ltr'>nostram</span> <span class='ocrx_word' id='word_1_43' title='bbox 856 431 957 467; x_wconf 86' lang='lat' dir='ltr'>inepti-</span> 
     </span>
    </p>
   </div>
   <div class='ocr_carea' id='block_1_11' title="bbox 131 476 958 513">
    <p class='ocr_par' dir='ltr' id='par_1_11' title="bbox 131 476 958 513">
     <span class='ocr_line' id='line_1_11' title="bbox 131 476 958 513; baseline -0.004 -6"><span class='ocrx_word' id='word_1_44' title='bbox 131 479 264 507; x_wconf 88' lang='lat' dir='ltr'>tudincm</span> <span class='ocrx_word' id='word_1_45' title='bbox 282 478 316 505; x_wconf 83' lang='lat' dir='ltr'>ad</span> <span class='ocrx_word' id='word_1_46' title='bbox 333 485 400 505; x_wconf 86' lang='lat' dir='ltr'>eum</span> <span class='ocrx_word' id='word_1_47' title='bbox 417 477 628 513; x_wconf 87' lang='lat' dir='ltr'>recipiendum.</span> <span class='ocrx_word' id='word_1_48' title='bbox 640 477 719 505; x_wconf 78' lang='lat' dir='ltr'>Sicut</span> <span class='ocrx_word' id='word_1_49' title='bbox 735 476 812 504; x_wconf 90' lang='lat' dir='ltr'>enim</span> <span class='ocrx_word' id='word_1_50' title='bbox 830 476 890 505; x_wconf 89' lang='lat' dir='ltr'>sole</span> <span class='ocrx_word' id='word_1_51' title='bbox 907 485 958 512; x_wconf 86' lang='lat' dir='ltr'>per</span> 
     </span>
    </p>
   </div>
   <div class='ocr_carea' id='block_1_12' title="bbox 132 521 958 557">
    <p class='ocr_par' dir='ltr' id='par_1_12' title="bbox 132 521 958 557">
     <span class='ocr_line' id='line_1_12' title="bbox 132 521 958 557; baseline -0.001 -7"><span class='ocrx_word' id='word_1_52' title='bbox 132 523 283 551; x_wconf 86' lang='lat' dir='ltr'>meridiem</span> <span class='ocrx_word' id='word_1_53' title='bbox 302 522 366 549; x_wconf 89' lang='lat' dir='ltr'>luce</span> <span class='ocrx_word' id='word_1_54' title='bbox 380 522 480 549; x_wconf 80' lang='lat' dir='ltr'>omnia</span> <span class='ocrx_word' id='word_1_55' title='bbox 495 521 634 557; x_wconf 88' lang='lat' dir='ltr'>implente</span> <span class='ocrx_word' id='word_1_56' title='bbox 649 530 707 549; x_wconf 93' lang='lat' dir='ltr'>non</span> <span class='ocrx_word' id='word_1_57' title='bbox 723 530 824 549; x_wconf 89' lang='lat' dir='ltr'>omnes</span> <span class='ocrx_word' id='word_1_58' title='bbox 840 522 868 549; x_wconf 91' lang='lat' dir='ltr'>in</span> <span class='ocrx_word' id='word_1_59' title='bbox 892 529 958 549; x_wconf 87' lang='lat' dir='ltr'>eum</span> 
     </span>
    </p>
   </div>
   <div class='ocr_carea' id='block_1_13' title="bbox 131 566 958 602">
    <p class='ocr_par' dir='ltr' id='par_1_13' title="bbox 131 566 958 602">
     <span class='ocr_line' id='line_1_13' title="bbox 131 566 958 602; baseline -0.001 -7"><span class='ocrx_word' id='word_1_60' title='bbox 131 566 241 596; x_wconf 87' lang='lat' dir='ltr'>intueri</span> <span class='ocrx_word' id='word_1_61' title='bbox 257 568 390 602; x_wconf 85' lang='lat' dir='ltr'>possunt,</span> <span class='ocrx_word' id='word_1_62' title='bbox 407 566 457 594; x_wconf 87' lang='lat' dir='ltr'>sed</span> <span class='ocrx_word' id='word_1_63' title='bbox 475 566 525 602; x_wconf 85' lang='lat' dir='ltr'>qui</span> <span class='ocrx_word' id='word_1_64' title='bbox 540 567 627 594; x_wconf 83' lang='lat' dir='ltr'>ﬁrma</span> <span class='ocrx_word' id='word_1_65' title='bbox 642 566 793 594; x_wconf 87' lang='lat' dir='ltr'>oculorum</span> <span class='ocrx_word' id='word_1_66' title='bbox 809 567 870 595; x_wconf 92' lang='lat' dir='ltr'>acie</span> <span class='ocrx_word' id='word_1_67' title='bbox 885 575 958 602; x_wconf 82' lang='lat' dir='ltr'>gau-</span> 
     </span>
    </p>
   </div>
   <div class='ocr_carea' id='block_1_14' title="bbox 133 611 958 647">
    <p class='ocr_par' dir='ltr' id='par_1_14' title="bbox 133 611 958 647">
     <span class='ocr_line' id='line_1_14' title="bbox 133 611 958 647; baseline -0.004 -6"><span class='ocrx_word' id='word_1_68' title='bbox 133 613 214 644; x_wconf 86' lang='lat' dir='ltr'>dent,</span> <span class='ocrx_word' id='word_1_69' title='bbox 230 611 271 639; x_wconf 81' lang='lat' dir='ltr'>ita</span> <span class='ocrx_word' id='word_1_70' title='bbox 286 619 337 639; x_wconf 86' lang='lat' dir='ltr'>nec</span> <span class='ocrx_word' id='word_1_71' title='bbox 353 611 403 639; x_wconf 86' lang='lat' dir='ltr'>Dei</span> <span class='ocrx_word' id='word_1_72' title='bbox 420 611 576 647; x_wconf 77' lang='lat' dir='ltr'>participes</span> <span class='ocrx_word' id='word_1_73' title='bbox 589 611 651 640; x_wconf 78' lang='lat' dir='ltr'>fieri</span> <span class='ocrx_word' id='word_1_74' title='bbox 666 619 766 640; x_wconf 88' lang='lat' dir='ltr'>omnes</span> <span class='ocrx_word' id='word_1_75' title='bbox 781 614 903 647; x_wconf 80' lang='lat' dir='ltr'>queunt,</span> <span class='ocrx_word' id='word_1_76' title='bbox 923 611 958 639; x_wconf 95' lang='lat' dir='ltr'>li-</span> 
     </span>
    </p>
   </div>
   <div class='ocr_carea' id='block_1_15' title="bbox 133 655 959 693">
    <p class='ocr_par' dir='ltr' id='par_1_15' title="bbox 133 655 959 693">
     <span class='ocr_line' id='line_1_15' title="bbox 133 655 959 693; baseline -0.001 -8"><span class='ocrx_word' id='word_1_77' title='bbox 133 659 179 685; x_wconf 88' lang='lat' dir='ltr'>cet</span> <span class='ocrx_word' id='word_1_78' title='bbox 188 655 237 684; x_wconf 89' lang='lat' dir='ltr'>ille</span> <span class='ocrx_word' id='word_1_79' title='bbox 248 656 352 691; x_wconf 84' lang='lat' dir='ltr'>quovis</span> <span class='ocrx_word' id='word_1_80' title='bbox 364 655 425 683; x_wconf 81' lang='lat' dir='ltr'>sole</span> <span class='ocrx_word' id='word_1_81' title='bbox 437 655 667 691; x_wconf 84' lang='lat' dir='ltr'>splendidiorem</span> <span class='ocrx_word' id='word_1_82' title='bbox 679 656 774 684; x_wconf 86' lang='lat' dir='ltr'>lucem</span> <span class='ocrx_word' id='word_1_83' title='bbox 788 656 959 693; x_wconf 81' lang='lat' dir='ltr'>intelligibi-</span> 
     </span>
    </p>
   </div>
   <div class='ocr_carea' id='block_1_16' title="bbox 133 700 960 736">
    <p class='ocr_par' dir='ltr' id='par_1_16' title="bbox 133 700 960 736">
     <span class='ocr_line' id='line_1_16' title="bbox 133 700 960 736; baseline 0 -6"><span class='ocrx_word' id='word_1_84' title='bbox 133 702 191 730; x_wconf 77' lang='lat' dir='ltr'>lein</span> <span class='ocrx_word' id='word_1_85' title='bbox 208 700 362 736; x_wconf 80' lang='lat' dir='ltr'>exeril,sed</span> <span class='ocrx_word' id='word_1_86' title='bbox 379 703 494 728; x_wconf 77' lang='lat' dir='ltr'>tantum</span> <span class='ocrx_word' id='word_1_87' title='bbox 511 700 552 728; x_wconf 83' lang='lat' dir='ltr'>illi</span> <span class='ocrx_word' id='word_1_88' title='bbox 569 702 620 736; x_wconf 90' lang='lat' dir='ltr'>qui</span> <span class='ocrx_word' id='word_1_89' title='bbox 636 701 864 730; x_wconf 76' lang='lat' dir='ltr'>intellectualem</span> <span class='ocrx_word' id='word_1_90' title='bbox 880 710 960 730; x_wconf 88' lang='lat' dir='ltr'>men-</span> 
     </span>
    </p>
   </div>
   <div class='ocr_carea' id='block_1_17' title="bbox 133 745 961 782">
    <p class='ocr_par' dir='ltr' id='par_1_17' title="bbox 133 745 961 782">
     <span class='ocr_line' id='line_1_17' title="bbox 133 745 961 782; baseline 0 -7"><span class='ocrx_word' id='word_1_91' title='bbox 133 747 172 776; x_wconf 86' lang='lat' dir='ltr'>tis</span> <span class='ocrx_word' id='word_1_92' title='bbox 189 745 308 774; x_wconf 82' lang='lat' dir='ltr'>oculum</span> <span class='ocrx_word' id='word_1_93' title='bbox 325 747 483 781; x_wconf 82' lang='lat' dir='ltr'>purgatum</span> <span class='ocrx_word' id='word_1_94' title='bbox 500 745 529 773; x_wconf 92' lang='lat' dir='ltr'>in</span> <span class='ocrx_word' id='word_1_95' title='bbox 546 746 645 774; x_wconf 81' lang='lat' dir='ltr'>anima</span> <span class='ocrx_word' id='word_1_96' title='bbox 660 755 714 774; x_wconf 87' lang='lat' dir='ltr'>sua</span> <span class='ocrx_word' id='word_1_97' title='bbox 730 748 845 782; x_wconf 83' lang='lat' dir='ltr'>gerunt.</span> <span class='ocrx_word' id='word_1_98' title='bbox 861 748 915 775; x_wconf 88' lang='lat' dir='ltr'>Sed</span> <span class='ocrx_word' id='word_1_99' title='bbox 932 749 961 775; x_wconf 88' lang='lat' dir='ltr'>et</span> 
     </span>
    </p>
   </div>
   <div class='ocr_carea' id='block_1_18' title="bbox 135 790 960 828">
    <p class='ocr_par' dir='ltr' id='par_1_18' title="bbox 135 790 960 828">
     <span class='ocr_line' id='line_1_18' title="bbox 135 790 960 828; baseline 0 -9"><span class='ocrx_word' id='word_1_100' title='bbox 135 791 204 828; x_wconf 85' lang='lat' dir='ltr'>ipsa.</span> <span class='ocrx_word' id='word_1_101' title='bbox 218 798 292 826; x_wconf 86' lang='lat' dir='ltr'>pura</span> <span class='ocrx_word' id='word_1_102' title='bbox 307 797 390 817; x_wconf 86' lang='lat' dir='ltr'>mens</span> <span class='ocrx_word' id='word_1_103' title='bbox 406 790 512 825; x_wconf 70' lang='lat' dir='ltr'>smpius</span> <span class='ocrx_word' id='word_1_104' title='bbox 527 790 555 817; x_wconf 88' lang='lat' dir='ltr'>in</span> <span class='ocrx_word' id='word_1_105' title='bbox 573 791 758 826; x_wconf 86' lang='lat' dir='ltr'>percipiendo</span> <span class='ocrx_word' id='word_1_106' title='bbox 772 791 869 820; x_wconf 89' lang='lat' dir='ltr'>divino</span> <span class='ocrx_word' id='word_1_107' title='bbox 884 792 960 819; x_wconf 87' lang='lat' dir='ltr'>labo-</span> 
     </span>
    </p>
   </div>
   <div class='ocr_carea' id='block_1_19' title="bbox 1008 195 1844 235">
    <p class='ocr_par' dir='ltr' id='par_1_19' title="bbox 1008 195 1844 235">
     <span class='ocr_line' id='line_1_19' title="bbox 1008 195 1844 235; baseline 0 -12"><span class='ocrx_word' id='word_1_108' title='bbox 1008 198 1113 234; x_wconf 81' lang='grc' dir='ltr'>ψυχῆς,</span> <span class='ocrx_word' id='word_1_109' title='bbox 1130 196 1254 231; x_wconf 62' lang='grc' dir='ltr'>αἴσθησις</span> <span class='ocrx_word' id='word_1_110' title='bbox 1268 198 1314 224; x_wconf 80' lang='grc' dir='ltr'>καὶ</span> <span class='ocrx_word' id='word_1_111' title='bbox 1327 198 1345 232; x_wconf 79' lang='grc' dir='ltr'>ἡ</span> <span class='ocrx_word' id='word_1_112' title='bbox 1360 195 1501 234; x_wconf 75' lang='grc' dir='ltr'>φαντασία,</span> <span class='ocrx_word' id='word_1_113' title='bbox 1520 198 1640 235; x_wconf 79' lang='grc' dir='ltr'>μερικῶν</span> <span class='ocrx_word' id='word_1_114' title='bbox 1667 196 1844 235; x_wconf 74' lang='grc' dir='ltr'>πραγμάτων</span> 
     </span>
    </p>
   </div>
   <div class='ocr_carea' id='block_1_20' title="bbox 1009 240 1287 278">
    <p class='ocr_par' dir='ltr' id='par_1_20' title="bbox 1009 240 1287 278">
     <span class='ocr_line' id='line_1_20' title="bbox 1009 240 1287 278; baseline 0.007 -10"><span class='ocrx_word' id='word_1_115' title='bbox 1009 240 1275 278; x_wconf 72' lang='grc' dir='ltr'>ἀντιλαμϐανόμεναι</span> <span class='ocrx_word' id='word_1_116' title='bbox 1281 262 1287 270; x_wconf 89' lang='grc'>.</span> 
     </span>
    </p>
   </div>
   <div class='ocr_carea' id='block_1_21' title="bbox 1009 303 1845 349">
    <p class='ocr_par' dir='ltr' id='par_1_21' title="bbox 1009 303 1845 349">
     <span class='ocr_line' id='line_1_21' title="bbox 1009 303 1845 349; baseline -0.001 -17"><span class='ocrx_word' id='word_1_117' title='bbox 1009 305 1041 342; x_wconf 92' lang='grc' dir='ltr'>ρ’.</span> <span class='ocrx_word' id='word_1_118' title='bbox 1059 307 1120 336; x_wconf 84' lang='grc' dir='ltr'>Πῶς</span> <span class='ocrx_word' id='word_1_119' title='bbox 1137 304 1188 332; x_wconf 88' lang='grc' dir='ltr'>οὐκ</span> <span class='ocrx_word' id='word_1_120' title='bbox 1203 304 1242 332; x_wconf 79' lang='grc' dir='ltr'>ἀεὶ</span> <span class='ocrx_word' id='word_1_121' title='bbox 1258 305 1408 349; x_wconf 65' lang='grc' dir='ltr'>μετέχομεγ</span> <span class='ocrx_word' id='word_1_122' title='bbox 1422 306 1470 331; x_wconf 73' lang='grc' dir='ltr'>τοῦ</span> <span class='ocrx_word' id='word_1_123' title='bbox 1498 306 1574 340; x_wconf 80' lang='grc' dir='ltr'>Θεοῦ,</span> <span class='ocrx_word' id='word_1_124' title='bbox 1599 303 1640 331; x_wconf 86' lang='grc' dir='ltr'>ἀεὶ</span> <span class='ocrx_word' id='word_1_125' title='bbox 1662 304 1845 343; x_wconf 80' lang='grc' dir='ltr'>ἀνεργοῦντος</span> 
     </span>
    </p>
   </div>
   <div class='ocr_carea' id='block_1_22' title="bbox 1377 350 1470 369">
    <p class='ocr_par' dir='ltr' id='par_1_22' title="bbox 1377 350 1470 369">
     <span class='ocr_line' id='line_1_22' title="bbox 1377 350 1470 369; baseline 0.011 -1"><span class='ocrx_word' id='word_1_126' title='bbox 1377 350 1470 369; x_wconf 87' lang='grc' dir='ltr'>αυτου.</span> 
     </span>
    </p>
   </div>
   <div class='ocr_carea' id='block_1_23' title="bbox 1047 384 1844 423">
    <p class='ocr_par' dir='ltr' id='par_1_23' title="bbox 1047 384 1844 423">
     <span class='ocr_line' id='line_1_23' title="bbox 1047 384 1844 423; baseline 0 -11"><span class='ocrx_word' id='word_1_127' title='bbox 1047 385 1082 412; x_wconf 79' lang='grc' dir='ltr'>Οὐ</span> <span class='ocrx_word' id='word_1_128' title='bbox 1105 385 1256 423; x_wconf 68' lang='grc' dir='ltr'>μετέχομεν</span> <span class='ocrx_word' id='word_1_129' title='bbox 1270 387 1310 414; x_wconf 82' lang='grc' dir='ltr'>ἀεὶ</span> <span class='ocrx_word' id='word_1_130' title='bbox 1334 388 1382 413; x_wconf 78' lang='grc' dir='ltr'>τοῦ</span> <span class='ocrx_word' id='word_1_131' title='bbox 1408 387 1486 419; x_wconf 78' lang='grc' dir='ltr'>Θεοῦ,</span> <span class='ocrx_word' id='word_1_132' title='bbox 1512 385 1535 413; x_wconf 85' lang='grc' dir='ltr'>εί</span> <span class='ocrx_word' id='word_1_133' title='bbox 1550 386 1594 412; x_wconf 78' lang='grc' dir='ltr'>καὶ</span> <span class='ocrx_word' id='word_1_134' title='bbox 1611 385 1651 412; x_wconf 81' lang='grc' dir='ltr'>ἀεὶ</span> <span class='ocrx_word' id='word_1_135' title='bbox 1668 384 1771 421; x_wconf 75' lang='grc' dir='ltr'>ἐνεργεῖ</span> <span class='ocrx_word' id='word_1_136' title='bbox 1797 385 1844 412; x_wconf 79' lang='grc' dir='ltr'>οὗ·</span> 
     </span>
    </p>
   </div>
   <div class='ocr_carea' id='block_1_24' title="bbox 1011 428 1843 468">
    <p class='ocr_par' dir='ltr' id='par_1_24' title="bbox 1011 428 1843 468">
     <span class='ocr_line' id='line_1_24' title="bbox 1011 428 1843 468; baseline -0.002 -10"><span class='ocrx_word' id='word_1_137' title='bbox 1011 441 1057 462; x_wconf 84' lang='grc' dir='ltr'>τος</span> <span class='ocrx_word' id='word_1_138' title='bbox 1089 428 1133 457; x_wconf 81' lang='grc' dir='ltr'>’ὁιά</span> <span class='ocrx_word' id='word_1_139' title='bbox 1169 431 1218 465; x_wconf 78' lang='grc' dir='ltr'>τήν</span> <span class='ocrx_word' id='word_1_140' title='bbox 1253 430 1388 468; x_wconf 70' lang='grc' dir='ltr'>ἡμετέραν</span> <span class='ocrx_word' id='word_1_141' title='bbox 1423 429 1668 465; x_wconf 76' lang='grc' dir='ltr'>ἀνεπιτηδειότητα</span> <span class='ocrx_word' id='word_1_142' title='bbox 1695 430 1763 467; x_wconf 74' lang='grc' dir='ltr'>πρὸς</span> <span class='ocrx_word' id='word_1_143' title='bbox 1790 430 1843 463; x_wconf 84' lang='grc' dir='ltr'>τήν</span> 
     </span>
    </p>
   </div>
   <div class='ocr_carea' id='block_1_25' title="bbox 1015 473 1842 515">
    <p class='ocr_par' dir='ltr' id='par_1_25' title="bbox 1015 473 1842 515">
     <span class='ocr_line' id='line_1_25' title="bbox 1015 473 1842 515; baseline -0.002 -11"><span class='ocrx_word' id='word_1_144' title='bbox 1015 476 1138 514; x_wconf 68' lang='grc' dir='ltr'>μέθεξιν.</span> <span class='ocrx_word' id='word_1_145' title='bbox 1179 477 1279 514; x_wconf 79' lang='grc' dir='ltr'>Ὠσπερ</span> <span class='ocrx_word' id='word_1_146' title='bbox 1318 478 1367 515; x_wconf 74' lang='grc' dir='ltr'>γὰρ</span> <span class='ocrx_word' id='word_1_147' title='bbox 1404 481 1454 506; x_wconf 80' lang='grc' dir='ltr'>τοῦ</span> <span class='ocrx_word' id='word_1_148' title='bbox 1480 477 1563 513; x_wconf 67' lang='grc' dir='ltr'>ἡλίου</span> <span class='ocrx_word' id='word_1_149' title='bbox 1589 476 1620 504; x_wconf 86' lang='grc' dir='ltr'>τὸ</span> <span class='ocrx_word' id='word_1_150' title='bbox 1650 473 1842 513; x_wconf 76' lang='grc' dir='ltr'>μεσημϐρινὸν</span> 
     </span>
    </p>
   </div>
   <div class='ocr_carea' id='block_1_26' title="bbox 1013 519 1843 560">
    <p class='ocr_par' dir='ltr' id='par_1_26' title="bbox 1013 519 1843 560">
     <span class='ocr_line' id='line_1_26' title="bbox 1013 519 1843 560; baseline -0.002 -11"><span class='ocrx_word' id='word_1_151' title='bbox 1013 522 1118 550; x_wconf 79' lang='grc' dir='ltr'>ἅπαντα</span> <span class='ocrx_word' id='word_1_152' title='bbox 1141 519 1410 560; x_wconf 75' lang='grc' dir='ltr'>καταλαμϐάνοντος,</span> <span class='ocrx_word' id='word_1_153' title='bbox 1438 523 1469 551; x_wconf 85' lang='grc' dir='ltr'>οὐ</span> <span class='ocrx_word' id='word_1_154' title='bbox 1496 522 1593 553; x_wconf 75' lang='grc' dir='ltr'>πάιτες</span> <span class='ocrx_word' id='word_1_155' title='bbox 1623 521 1661 552; x_wconf 83' lang='grc' dir='ltr'>εἰς</span> <span class='ocrx_word' id='word_1_156' title='bbox 1689 520 1769 549; x_wconf 75' lang='grc' dir='ltr'>αὐτὸν</span> <span class='ocrx_word' id='word_1_157' title='bbox 1797 520 1843 547; x_wconf 77' lang='grc' dir='ltr'>ἐν-</span> 
     </span>
    </p>
   </div>
   <div class='ocr_carea' id='block_1_27' title="bbox 1014 564 1843 607">
    <p class='ocr_par' dir='ltr' id='par_1_27' title="bbox 1014 564 1843 607">
     <span class='ocr_line' id='line_1_27' title="bbox 1014 564 1843 607; baseline -0.002 -13"><span class='ocrx_word' id='word_1_158' title='bbox 1014 567 1140 602; x_wconf 82' lang='grc' dir='ltr'>ατενίζειν</span> <span class='ocrx_word' id='word_1_159' title='bbox 1171 566 1307 602; x_wconf 72' lang='grc' dir='ltr'>δύνανται,</span> <span class='ocrx_word' id='word_1_160' title='bbox 1324 567 1387 596; x_wconf 83' lang='grc' dir='ltr'>ἀλλ’</span> <span class='ocrx_word' id='word_1_161' title='bbox 1403 569 1429 596; x_wconf 76' lang='grc' dir='ltr'>οἱ</span> <span class='ocrx_word' id='word_1_162' title='bbox 1445 567 1598 607; x_wconf 74' lang='grc' dir='ltr'>ἐῤῥωμὲνον</span> <span class='ocrx_word' id='word_1_163' title='bbox 1623 566 1668 594; x_wconf 87' lang='grc' dir='ltr'>τὸν</span> <span class='ocrx_word' id='word_1_164' title='bbox 1695 564 1843 604; x_wconf 79' lang='grc' dir='ltr'>ὀφθαλμὸν</span> 
     </span>
    </p>
   </div>
   <div class='ocr_carea' id='block_1_28' title="bbox 1014 609 1844 650">
    <p class='ocr_par' dir='ltr' id='par_1_28' title="bbox 1014 609 1844 650">
     <span class='ocr_line' id='line_1_28' title="bbox 1014 609 1844 650; baseline -0.005 -10"><span class='ocrx_word' id='word_1_165' title='bbox 1014 611 1133 650; x_wconf 72' lang='grc' dir='ltr'>ἔχοντες·</span> <span class='ocrx_word' id='word_1_166' title='bbox 1151 611 1236 643; x_wconf 75' lang='grc' dir='ltr'>οὕτως</span> <span class='ocrx_word' id='word_1_167' title='bbox 1251 612 1314 640; x_wconf 72' lang='grc' dir='ltr'>οὐδὲ</span> <span class='ocrx_word' id='word_1_168' title='bbox 1327 615 1376 640; x_wconf 67' lang='grc' dir='ltr'>τοῦ</span> <span class='ocrx_word' id='word_1_169' title='bbox 1392 615 1457 641; x_wconf 79' lang='grc' dir='ltr'>Θεοῦ</span> <span class='ocrx_word' id='word_1_170' title='bbox 1472 613 1569 643; x_wconf 76' lang='grc' dir='ltr'>πάντες</span> <span class='ocrx_word' id='word_1_171' title='bbox 1596 611 1719 648; x_wconf 66' lang='grc' dir='ltr'>μετέχειν</span> <span class='ocrx_word' id='word_1_172' title='bbox 1742 609 1844 638; x_wconf 72' lang='grc' dir='ltr'>δύναν-</span> 
     </span>
    </p>
   </div>
   <div class='ocr_carea' id='block_1_29' title="bbox 1013 654 1845 695">
    <p class='ocr_par' dir='ltr' id='par_1_29' title="bbox 1013 654 1845 695">
     <span class='ocr_line' id='line_1_29' title="bbox 1013 654 1845 695; baseline -0.004 -11"><span class='ocrx_word' id='word_1_173' title='bbox 1013 667 1067 691; x_wconf 88' lang='grc' dir='ltr'>ται,</span> <span class='ocrx_word' id='word_1_174' title='bbox 1092 656 1140 684; x_wconf 70' lang='grc' dir='ltr'>κᾶν</span> <span class='ocrx_word' id='word_1_175' title='bbox 1170 656 1270 688; x_wconf 82' lang='grc' dir='ltr'>ἐκεῖνος</span> <span class='ocrx_word' id='word_1_176' title='bbox 1299 657 1364 695; x_wconf 78' lang='grc' dir='ltr'>ὑπὲρ</span> <span class='ocrx_word' id='word_1_177' title='bbox 1390 657 1471 693; x_wconf 78' lang='grc' dir='ltr'>ἥλιον</span> <span class='ocrx_word' id='word_1_178' title='bbox 1503 657 1543 684; x_wconf 83' lang='grc' dir='ltr'>ἀεὶ</span> <span class='ocrx_word' id='word_1_179' title='bbox 1563 655 1594 684; x_wconf 85' lang='grc' dir='ltr'>τὸ</span> <span class='ocrx_word' id='word_1_180' title='bbox 1611 655 1709 690; x_wconf 84' lang='grc' dir='ltr'>νοητὸν</span> <span class='ocrx_word' id='word_1_181' title='bbox 1726 657 1784 694; x_wconf 77' lang='grc' dir='ltr'>φῶς</span> <span class='ocrx_word' id='word_1_182' title='bbox 1801 654 1845 690; x_wconf 69' lang='grc' dir='ltr'>ἐξ·</span> 
     </span>
    </p>
   </div>
   <div class='ocr_carea' id='block_1_30' title="bbox 1014 699 1845 741">
    <p class='ocr_par' dir='ltr' id='par_1_30' title="bbox 1014 699 1845 741">
     <span class='ocr_line' id='line_1_30' title="bbox 1014 699 1845 741; baseline -0.004 -11"><span class='ocrx_word' id='word_1_183' title='bbox 1014 702 1110 737; x_wconf 85' lang='grc' dir='ltr'>απλοῖ,</span> <span class='ocrx_word' id='word_1_184' title='bbox 1141 701 1214 730; x_wconf 74' lang='grc' dir='ltr'>ἀλλὰ</span> <span class='ocrx_word' id='word_1_185' title='bbox 1243 703 1322 738; x_wconf 86' lang='grc' dir='ltr'>μόνοι</span> <span class='ocrx_word' id='word_1_186' title='bbox 1351 703 1376 731; x_wconf 74' lang='grc' dir='ltr'>οἱ</span> <span class='ocrx_word' id='word_1_187' title='bbox 1389 704 1419 731; x_wconf 90' lang='grc' dir='ltr'>τὸ</span> <span class='ocrx_word' id='word_1_188' title='bbox 1434 703 1527 741; x_wconf 86' lang='grc' dir='ltr'>νοερὸν</span> <span class='ocrx_word' id='word_1_189' title='bbox 1544 700 1623 738; x_wconf 74' lang='grc' dir='ltr'>ὄμμα</span> <span class='ocrx_word' id='word_1_190' title='bbox 1636 699 1845 739; x_wconf 63' lang='grc' dir='ltr'>κεκαθαρμένον</span> 
     </span>
    </p>
   </div>
   <div class='ocr_carea' id='block_1_31' title="bbox 1014 744 1845 786">
    <p class='ocr_par' dir='ltr' id='par_1_31' title="bbox 1014 744 1845 786">
     <span class='ocr_line' id='line_1_31' title="bbox 1014 744 1845 786; baseline -0.004 -11"><span class='ocrx_word' id='word_1_191' title='bbox 1014 747 1040 775; x_wconf 81' lang='grc' dir='ltr'>ἐν</span> <span class='ocrx_word' id='word_1_192' title='bbox 1068 750 1102 785; x_wconf 83' lang='grc' dir='ltr'>τῇ</span> <span class='ocrx_word' id='word_1_193' title='bbox 1221 749 1357 786; x_wconf 65' lang='grc' dir='ltr'>φέροντες.</span> <span class='ocrx_word' id='word_1_194' title='bbox 1375 747 1481 785; x_wconf 73' lang='grc' dir='ltr'>Κεὶμνδι</span> <span class='ocrx_word' id='word_1_195' title='bbox 1503 746 1531 774; x_wconf 67' lang='grc' dir='ltr'>δὲ</span> <span class='ocrx_word' id='word_1_196' title='bbox 1546 745 1682 777; x_wconf 74' lang='grc' dir='ltr'>πολλάκις</span> <span class='ocrx_word' id='word_1_197' title='bbox 1698 745 1743 773; x_wconf 85' lang='grc' dir='ltr'>καὶ</span> <span class='ocrx_word' id='word_1_198' title='bbox 1760 744 1845 775; x_wconf 71' lang='grc' dir='ltr'>αὐτὸς</span> 
     </span>
    </p>
   </div>
   <div class='ocr_carea' id='block_1_32' title="bbox 1015 790 1846 830">
    <p class='ocr_par' dir='ltr' id='par_1_32' title="bbox 1015 790 1846 830">
     <span class='ocr_line' id='line_1_32' title="bbox 1015 790 1846 830; baseline -0.004 -10"><span class='ocrx_word' id='word_1_199' title='bbox 1015 793 1161 830; x_wconf 79' lang='grc' dir='ltr'>ὁκαοαρὸς</span> <span class='ocrx_word' id='word_1_200' title='bbox 1175 795 1236 824; x_wconf 75' lang='grc' dir='ltr'>νοῦς</span> <span class='ocrx_word' id='word_1_201' title='bbox 1253 793 1319 830; x_wconf 74' lang='grc' dir='ltr'>πρὸς</span> <span class='ocrx_word' id='word_1_202' title='bbox 1347 794 1397 828; x_wconf 86' lang='grc' dir='ltr'>τήν</span> <span class='ocrx_word' id='word_1_203' title='bbox 1424 793 1568 829; x_wconf 77' lang='grc' dir='ltr'>ἀντίληψιν</span> <span class='ocrx_word' id='word_1_204' title='bbox 1596 793 1650 819; x_wconf 85' lang='grc' dir='ltr'>τῶν</span> <span class='ocrx_word' id='word_1_205' title='bbox 1681 790 1759 822; x_wconf 82' lang='grc' dir='ltr'>θείων</span> <span class='ocrx_word' id='word_1_206' title='bbox 1792 790 1846 817; x_wconf 81' lang='grc' dir='ltr'>αὐ-</span> 
     </span>
    </p>
   </div>
   <div class='ocr_carea' id='block_1_33' title="bbox 134 832 963 876">
    <p class='ocr_par' dir='ltr' id='par_1_33' title="bbox 134 835 960 873">
     <span class='ocr_line' id='line_1_33' title="bbox 134 835 960 873; baseline 0 -8"><span class='ocrx_word' id='word_1_207' title='bbox 134 841 182 866; x_wconf 84' lang='lat' dir='ltr'>rat</span> <span class='ocrx_word' id='word_1_208' title='bbox 199 837 364 873; x_wconf 76' lang='lat' dir='ltr'>splendore,</span> <span class='ocrx_word' id='word_1_209' title='bbox 381 835 519 872; x_wconf 84' lang='lat' dir='ltr'>quoniam</span> <span class='ocrx_word' id='word_1_210' title='bbox 536 844 593 864; x_wconf 89' lang='lat' dir='ltr'>non</span> <span class='ocrx_word' id='word_1_211' title='bbox 610 836 729 864; x_wconf 87' lang='lat' dir='ltr'>omnino</span> <span class='ocrx_word' id='word_1_212' title='bbox 744 836 837 864; x_wconf 90' lang='lat' dir='ltr'>libera</span> <span class='ocrx_word' id='word_1_213' title='bbox 852 838 880 864; x_wconf 86' lang='lat' dir='ltr'>et</span> <span class='ocrx_word' id='word_1_214' title='bbox 905 836 960 865; x_wconf 85' lang='lat' dir='ltr'>im-</span> 
     </span>
    </p>
   </div>
   <div class='ocr_carea' id='block_1_34' title="bbox 1053 832 1847 876">
    <p class='ocr_par' dir='ltr' id='par_1_34' title="bbox 1053 832 1847 874">
     <span class='ocr_line' id='line_1_34' title="bbox 1053 832 1847 874; baseline -0.005 -10"><span class='ocrx_word' id='word_1_215' title='bbox 1053 848 1081 872; x_wconf 69' lang='grc' dir='ltr'>ιν,</span> <span class='ocrx_word' id='word_1_216' title='bbox 1111 837 1181 864; x_wconf 83' lang='grc' dir='ltr'>διότι</span> <span class='ocrx_word' id='word_1_217' title='bbox 1211 836 1260 864; x_wconf 73' lang='grc' dir='ltr'>οὐκ</span> <span class='ocrx_word' id='word_1_218' title='bbox 1283 835 1354 864; x_wconf 75' lang='grc' dir='ltr'>ἔστιν</span> <span class='ocrx_word' id='word_1_219' title='bbox 1379 836 1520 874; x_wconf 73' lang='grc' dir='ltr'>ἐλεύθερος</span> <span class='ocrx_word' id='word_1_220' title='bbox 1538 834 1600 863; x_wconf 72' lang='grc' dir='ltr'>οὐδὲ.</span> <span class='ocrx_word' id='word_1_221' title='bbox 1614 833 1783 862; x_wconf 85' lang='grc' dir='ltr'>παντάπασιν</span> <span class='ocrx_word' id='word_1_222' title='bbox 1799 832 1847 860; x_wconf 79' lang='grc' dir='ltr'>ἄϋ-</span> 
     </span>
    </p>
   </div>
   <div class='ocr_carea' id='block_1_35' title="bbox 135 881 957 918">
    <p class='ocr_par' dir='ltr' id='par_1_35' title="bbox 135 881 957 918">
     <span class='ocr_line' id='line_1_35' title="bbox 135 881 957 918; baseline 0 -8"><span class='ocrx_word' id='word_1_223' title='bbox 135 882 307 917; x_wconf 85' lang='lat' dir='ltr'>materialis,</span> <span class='ocrx_word' id='word_1_224' title='bbox 323 882 374 910; x_wconf 88' lang='lat' dir='ltr'>sed</span> <span class='ocrx_word' id='word_1_225' title='bbox 390 881 520 909; x_wconf 78' lang='lat' dir='ltr'>materiae</span> <span class='ocrx_word' id='word_1_226' title='bbox 539 882 568 909; x_wconf 86' lang='lat' dir='ltr'>et</span> <span class='ocrx_word' id='word_1_227' title='bbox 583 881 697 917; x_wconf 79' lang='lat' dir='ltr'>corpori</span> <span class='ocrx_word' id='word_1_228' title='bbox 722 883 767 909; x_wconf 86' lang='lat' dir='ltr'>est</span> <span class='ocrx_word' id='word_1_229' title='bbox 792 882 957 918; x_wconf 77' lang='lat' dir='ltr'>conjuncta.</span> 
     </span>
    </p>
   </div>
   <div class='ocr_carea' id='block_1_36' title="bbox 133 925 961 962">
    <p class='ocr_par' dir='ltr' id='par_1_36' title="bbox 133 925 961 962">
     <span class='ocr_line' id='line_1_36' title="bbox 133 925 961 962; baseline 0 -8"><span class='ocrx_word' id='word_1_230' title='bbox 133 926 195 955; x_wconf 88' lang='lat' dir='ltr'>Erit</span> <span class='ocrx_word' id='word_1_231' title='bbox 209 929 321 961; x_wconf 86' lang='lat' dir='ltr'>autem,</span> <span class='ocrx_word' id='word_1_232' title='bbox 338 926 455 962; x_wconf 80' lang='lat' dir='ltr'>quando</span> <span class='ocrx_word' id='word_1_233' title='bbox 471 928 536 961; x_wconf 83' lang='lat' dir='ltr'>post</span> <span class='ocrx_word' id='word_1_234' title='bbox 551 925 728 954; x_wconf 85' lang='lat' dir='ltr'>solutionem</span> <span class='ocrx_word' id='word_1_235' title='bbox 744 935 761 954; x_wconf 83' lang='grc' dir='ltr'>ο.</span> <span class='ocrx_word' id='word_1_236' title='bbox 787 934 907 962; x_wconf 88' lang='lat' dir='ltr'>corpore</span> <span class='ocrx_word' id='word_1_237' title='bbox 932 928 961 954; x_wconf 84' lang='lat' dir='ltr'>et</span> 
     </span>
    </p>
   </div>
   <div class='ocr_carea' id='block_1_37' title="bbox 134 969 959 1007">
    <p class='ocr_par' dir='ltr' id='par_1_37' title="bbox 134 969 959 1007">
     <span class='ocr_line' id='line_1_37' title="bbox 134 969 959 1007; baseline 0 -8"><span class='ocrx_word' id='word_1_238' title='bbox 134 973 286 1007; x_wconf 81' lang='lat' dir='ltr'>speratam</span> <span class='ocrx_word' id='word_1_239' title='bbox 302 970 530 1006; x_wconf 84' lang='lat' dir='ltr'>restitutionem,</span> <span class='ocrx_word' id='word_1_240' title='bbox 547 969 609 998; x_wconf 89' lang='lat' dir='ltr'>sine</span> <span class='ocrx_word' id='word_1_241' title='bbox 624 970 843 999; x_wconf 83' lang='lat' dir='ltr'>intermissione</span> <span class='ocrx_word' id='word_1_242' title='bbox 867 971 959 999; x_wconf 87' lang='lat' dir='ltr'>aciem</span> 
     </span>
    </p>
   </div>
   <div class='ocr_carea' id='block_1_38' title="bbox 135 1014 579 1044">
    <p class='ocr_par' dir='ltr' id='par_1_38' title="bbox 135 1014 579 1044">
     <span class='ocr_line' id='line_1_38' title="bbox 135 1014 579 1044; baseline -0.005 0"><span class='ocrx_word' id='word_1_243' title='bbox 135 1015 165 1044; x_wconf 86' lang='lat' dir='ltr'>in</span> <span class='ocrx_word' id='word_1_244' title='bbox 182 1018 273 1044; x_wconf 87' lang='lat' dir='ltr'>Deum</span> <span class='ocrx_word' id='word_1_245' title='bbox 288 1015 433 1043; x_wconf 84' lang='lat' dir='ltr'>intentam</span> <span class='ocrx_word' id='word_1_246' title='bbox 450 1014 579 1043; x_wconf 75' lang='lat' dir='ltr'>habebit.</span> 
     </span>
    </p>
   </div>
   <div class='ocr_carea' id='block_1_39' title="bbox 281 1069 812 1105">
    <p class='ocr_par' dir='ltr' id='par_1_39' title="bbox 281 1069 812 1105">
     <span class='ocr_line' id='line_1_39' title="bbox 281 1069 812 1105; baseline 0 -8"><span class='ocrx_word' id='word_1_247' title='bbox 281 1069 326 1097; x_wconf 77' lang='grc'>71.</span> <span class='ocrx_word' id='word_1_248' title='bbox 343 1070 414 1097; x_wconf 86' lang='lat' dir='ltr'>Num</span> <span class='ocrx_word' id='word_1_249' title='bbox 429 1069 495 1105; x_wconf 81' lang='lat' dir='ltr'>quid</span> <span class='ocrx_word' id='word_1_250' title='bbox 510 1070 539 1096; x_wconf 75' lang='lat' dir='ltr'>in</span> <span class='ocrx_word' id='word_1_251' title='bbox 554 1069 660 1105; x_wconf 82' lang='lat' dir='ltr'>angelis</span> <span class='ocrx_word' id='word_1_252' title='bbox 673 1070 708 1097; x_wconf 73' lang='grc' dir='ltr'>εει</span> <span class='ocrx_word' id='word_1_253' title='bbox 721 1070 812 1097; x_wconf 76' lang='lat' dir='ltr'>mali?</span> 
     </span>
    </p>
   </div>
   <div class='ocr_carea' id='block_1_40' title="bbox 169 1114 960 1150">
    <p class='ocr_par' dir='ltr' id='par_1_40' title="bbox 169 1114 960 1150">
     <span class='ocr_line' id='line_1_40' title="bbox 169 1114 960 1150; baseline 0 -8"><span class='ocrx_word' id='word_1_254' title='bbox 169 1114 326 1150; x_wconf 86' lang='lat' dir='ltr'>Gregorius</span> <span class='ocrx_word' id='word_1_255' title='bbox 342 1114 507 1150; x_wconf 85' lang='lat' dir='ltr'>Thoologus</span> <span class='ocrx_word' id='word_1_256' title='bbox 523 1114 658 1142; x_wconf 79' lang='lat' dir='ltr'>Oratione</span> <span class='ocrx_word' id='word_1_257' title='bbox 673 1114 702 1142; x_wconf 89' lang='lat' dir='ltr'>in</span> <span class='ocrx_word' id='word_1_258' title='bbox 727 1115 835 1143; x_wconf 84' lang='lat' dir='ltr'>Christi</span> <span class='ocrx_word' id='word_1_259' title='bbox 857 1115 960 1143; x_wconf 85' lang='lat' dir='ltr'>nativi-</span> 
     </span>
    </p>
   </div>
   <div class='ocr_carea' id='block_1_41' title="bbox 134 1158 959 1196">
    <p class='ocr_par' dir='ltr' id='par_1_41' title="bbox 134 1158 959 1196">
     <span class='ocr_line' id='line_1_41' title="bbox 134 1158 959 1196; baseline 0 -8"><span class='ocrx_word' id='word_1_260' title='bbox 134 1161 225 1188; x_wconf 81' lang='lat' dir='ltr'>tatem</span> <span class='ocrx_word' id='word_1_261' title='bbox 241 1158 358 1195; x_wconf 79' lang='lat' dir='ltr'>angelos</span> <span class='ocrx_word' id='word_1_262' title='bbox 375 1159 410 1186; x_wconf 87' lang='lat' dir='ltr'>ad</span> <span class='ocrx_word' id='word_1_263' title='bbox 425 1158 535 1186; x_wconf 84' lang='lat' dir='ltr'>malum</span> <span class='ocrx_word' id='word_1_264' title='bbox 552 1159 660 1187; x_wconf 83' lang='lat' dir='ltr'>moveri</span> <span class='ocrx_word' id='word_1_265' title='bbox 678 1167 763 1195; x_wconf 84' lang='lat' dir='ltr'>posse</span> <span class='ocrx_word' id='word_1_266' title='bbox 776 1161 871 1196; x_wconf 83' lang='lat' dir='ltr'>negat.</span> <span class='ocrx_word' id='word_1_267' title='bbox 897 1160 959 1188; x_wconf 93' lang='lat' dir='ltr'>Non</span> 
     </span>
    </p>
   </div>
   <div class='ocr_carea' id='block_1_42' title="bbox 136 1203 960 1240">
    <p class='ocr_par' dir='ltr' id='par_1_42' title="bbox 136 1203 960 1240">
     <span class='ocr_line' id='line_1_42' title="bbox 136 1203 960 1240; baseline 0.001 -8"><span class='ocrx_word' id='word_1_268' title='bbox 136 1204 278 1240; x_wconf 84' lang='lat' dir='ltr'>ignorans</span> <span class='ocrx_word' id='word_1_269' title='bbox 294 1206 391 1231; x_wconf 85' lang='lat' dir='ltr'>tamen</span> <span class='ocrx_word' id='word_1_270' title='bbox 409 1203 569 1238; x_wconf 86' lang='lat' dir='ltr'>diabolum,</span> <span class='ocrx_word' id='word_1_271' title='bbox 587 1203 708 1240; x_wconf 82' lang='lat' dir='ltr'>angelus</span> <span class='ocrx_word' id='word_1_272' title='bbox 724 1213 790 1232; x_wconf 91' lang='lat' dir='ltr'>cum</span> <span class='ocrx_word' id='word_1_273' title='bbox 807 1207 960 1239; x_wconf 78' lang='lat' dir='ltr'>esset,ma-</span> 
     </span>
    </p>
   </div>
   <div class='ocr_carea' id='block_1_43' title="bbox 142 1248 961 1283">
    <p class='ocr_par' dir='ltr' id='par_1_43' title="bbox 142 1248 961 1283">
     <span class='ocr_line' id='line_1_43' title="bbox 142 1248 961 1283; baseline 0.001 -7"><span class='ocrx_word' id='word_1_274' title='bbox 142 1248 203 1276; x_wconf 92' lang='lat' dir='ltr'>lum</span> <span class='ocrx_word' id='word_1_275' title='bbox 220 1249 328 1276; x_wconf 75' lang='lat' dir='ltr'>factum</span> <span class='ocrx_word' id='word_1_276' title='bbox 353 1256 428 1283; x_wconf 83' lang='lat' dir='ltr'>esse,</span> <span class='ocrx_word' id='word_1_277' title='bbox 455 1248 611 1276; x_wconf 75' lang='lat' dir='ltr'>difﬁculter</span> <span class='ocrx_word' id='word_1_278' title='bbox 635 1248 739 1276; x_wconf 80' lang='lat' dir='ltr'>saltem</span> <span class='ocrx_word' id='word_1_279' title='bbox 763 1249 830 1277; x_wconf 87' lang='lat' dir='ltr'>illos</span> <span class='ocrx_word' id='word_1_280' title='bbox 855 1250 961 1278; x_wconf 89' lang='lat' dir='ltr'>moveri</span> 
     </span>
    </p>
   </div>
   <div class='ocr_carea' id='block_1_44' title="bbox 143 1292 963 1330">
    <p class='ocr_par' dir='ltr' id='par_1_44' title="bbox 143 1292 963 1330">
     <span class='ocr_line' id='line_1_44' title="bbox 143 1292 963 1330; baseline 0.001 -9"><span class='ocrx_word' id='word_1_281' title='bbox 143 1301 230 1329; x_wconf 85' lang='lat' dir='ltr'>posse</span> <span class='ocrx_word' id='word_1_282' title='bbox 246 1292 352 1320; x_wconf 85' lang='lat' dir='ltr'>innuit.</span> <span class='ocrx_word' id='word_1_283' title='bbox 370 1295 406 1320; x_wconf 86' lang='lat' dir='ltr'>At</span> <span class='ocrx_word' id='word_1_284' title='bbox 429 1292 621 1328; x_wconf 73' lang='lat' dir='ltr'>sapientiores</span> <span class='ocrx_word' id='word_1_285' title='bbox 641 1293 818 1327; x_wconf 64' lang='lat' dir='ltr'>Grarcorum,</span> <span class='ocrx_word' id='word_1_286' title='bbox 843 1294 963 1330; x_wconf 83' lang='lat' dir='ltr'>angelos</span> 
     </span>
    </p>
   </div>
   <div class='ocr_carea' id='block_1_45' title="bbox 141 1337 963 1373">
    <p class='ocr_par' dir='ltr' id='par_1_45' title="bbox 141 1337 963 1373">
     <span class='ocr_line' id='line_1_45' title="bbox 141 1337 963 1373; baseline 0 -7"><span class='ocrx_word' id='word_1_287' title='bbox 141 1338 199 1366; x_wconf 86' lang='lat' dir='ltr'>Deo</span> <span class='ocrx_word' id='word_1_288' title='bbox 213 1337 364 1373; x_wconf 81' lang='lat' dir='ltr'>proximos</span> <span class='ocrx_word' id='word_1_289' title='bbox 381 1346 414 1365; x_wconf 91' lang='lat' dir='ltr'>ac</span> <span class='ocrx_word' id='word_1_290' title='bbox 430 1337 520 1365; x_wconf 89' lang='lat' dir='ltr'>veluti</span> <span class='ocrx_word' id='word_1_291' title='bbox 537 1338 565 1364; x_wconf 92' lang='lat' dir='ltr'>in</span> <span class='ocrx_word' id='word_1_292' title='bbox 581 1337 693 1365; x_wconf 81' lang='lat' dir='ltr'>foribus</span> <span class='ocrx_word' id='word_1_293' title='bbox 708 1338 871 1367; x_wconf 89' lang='lat' dir='ltr'>divinitatis</span> <span class='ocrx_word' id='word_1_294' title='bbox 895 1347 963 1366; x_wconf 90' lang='lat' dir='ltr'>con-</span> 
     </span>
    </p>
   </div>
   <div class='ocr_carea' id='block_1_46' title="bbox 137 1382 962 1420">
    <p class='ocr_par' dir='ltr' id='par_1_46' title="bbox 137 1382 962 1420">
     <span class='ocr_line' id='line_1_46' title="bbox 137 1382 962 1420; baseline 0.002 -10"><span class='ocrx_word' id='word_1_295' title='bbox 137 1383 257 1411; x_wconf 85' lang='lat' dir='ltr'>stitutos</span> <span class='ocrx_word' id='word_1_296' title='bbox 273 1382 462 1418; x_wconf 85' lang='lat' dir='ltr'>arbitrantes,</span> <span class='ocrx_word' id='word_1_297' title='bbox 479 1383 548 1410; x_wconf 89' lang='lat' dir='ltr'>mali</span> <span class='ocrx_word' id='word_1_298' title='bbox 566 1383 721 1419; x_wconf 84' lang='lat' dir='ltr'>purlicipes</span> <span class='ocrx_word' id='word_1_299' title='bbox 738 1383 799 1411; x_wconf 84' lang='lat' dir='ltr'>ﬁeri</span> <span class='ocrx_word' id='word_1_300' title='bbox 815 1392 902 1420; x_wconf 82' lang='lat' dir='ltr'>posse</span> <span class='ocrx_word' id='word_1_301' title='bbox 917 1385 962 1412; x_wconf 91' lang='lat' dir='ltr'>in-</span> 
     </span>
    </p>
   </div>
   <div class='ocr_carea' id='block_1_47' title="bbox 140 1427 962 1466">
    <p class='ocr_par' dir='ltr' id='par_1_47' title="bbox 140 1427 962 1466">
     <span class='ocr_line' id='line_1_47' title="bbox 140 1427 962 1466; baseline 0.002 -11"><span class='ocrx_word' id='word_1_302' title='bbox 140 1427 362 1456; x_wconf 82' lang='lat' dir='ltr'>ﬁciantur.Gum</span> <span class='ocrx_word' id='word_1_303' title='bbox 378 1427 456 1455; x_wconf 90' lang='lat' dir='ltr'>enim</span> <span class='ocrx_word' id='word_1_304' title='bbox 474 1427 583 1456; x_wconf 85' lang='lat' dir='ltr'>silentii</span> <span class='ocrx_word' id='word_1_305' title='bbox 599 1428 689 1455; x_wconf 90' lang='lat' dir='ltr'>divini</span> <span class='ocrx_word' id='word_1_306' title='bbox 704 1428 763 1456; x_wconf 85' lang='lat' dir='ltr'>sint</span> <span class='ocrx_word' id='word_1_307' title='bbox 778 1429 962 1466; x_wconf 86' lang='lat' dir='ltr'>interpretes,</span> 
     </span>
    </p>
   </div>
   <div class='ocr_carea' id='block_1_48' title="bbox 134 1472 963 1509">
    <p class='ocr_par' dir='ltr' id='par_1_48' title="bbox 134 1472 963 1509">
     <span class='ocr_line' id='line_1_48' title="bbox 134 1472 963 1509; baseline 0.002 -9"><span class='ocrx_word' id='word_1_308' title='bbox 134 1472 333 1508; x_wconf 85' lang='lat' dir='ltr'>bonitatisque</span> <span class='ocrx_word' id='word_1_309' title='bbox 349 1472 458 1507; x_wconf 87' lang='lat' dir='ltr'>nuntii,</span> <span class='ocrx_word' id='word_1_310' title='bbox 475 1473 632 1508; x_wconf 86' lang='lat' dir='ltr'>quomodo,</span> <span class='ocrx_word' id='word_1_311' title='bbox 649 1472 801 1509; x_wconf 85' lang='lat' dir='ltr'>inquiunt,</span> <span class='ocrx_word' id='word_1_312' title='bbox 813 1473 882 1501; x_wconf 87' lang='lat' dir='ltr'>muli</span> <span class='ocrx_word' id='word_1_313' title='bbox 899 1482 963 1502; x_wconf 85' lang='lat' dir='ltr'>esse</span> 
     </span>
    </p>
   </div>
   <div class='ocr_carea' id='block_1_49' title="bbox 1015 878 1849 918">
    <p class='ocr_par' dir='ltr' id='par_1_49' title="bbox 1015 878 1849 918">
     <span class='ocr_line' id='line_1_49' title="bbox 1015 878 1849 918; baseline -0.005 -8"><span class='ocrx_word' id='word_1_314' title='bbox 1015 881 1074 917; x_wconf 85' lang='grc' dir='ltr'>λος,</span> <span class='ocrx_word' id='word_1_315' title='bbox 1090 881 1153 910; x_wconf 82' lang='grc' dir='ltr'>ἀλλ’</span> <span class='ocrx_word' id='word_1_316' title='bbox 1167 879 1261 913; x_wconf 75' lang='grc' dir='ltr'>ἔνυλος</span> <span class='ocrx_word' id='word_1_317' title='bbox 1277 882 1322 909; x_wconf 89' lang='grc' dir='ltr'>καὶ</span> <span class='ocrx_word' id='word_1_318' title='bbox 1349 882 1516 918; x_wconf 83' lang='grc' dir='ltr'>σωματικός.</span> <span class='ocrx_word' id='word_1_319' title='bbox 1542 882 1636 908; x_wconf 79' lang='grc' dir='ltr'>Ἔσται</span> <span class='ocrx_word' id='word_1_320' title='bbox 1654 879 1682 908; x_wconf 78' lang='grc' dir='ltr'>δὶ</span> <span class='ocrx_word' id='word_1_321' title='bbox 1695 879 1750 914; x_wconf 74' lang='grc' dir='ltr'>ὅτι,</span> <span class='ocrx_word' id='word_1_322' title='bbox 1776 878 1849 915; x_wconf 81' lang='grc' dir='ltr'>μετᾶ</span> 
     </span>
    </p>
   </div>
   <div class='ocr_carea' id='block_1_50' title="bbox 1012 923 1846 964">
    <p class='ocr_par' dir='ltr' id='par_1_50' title="bbox 1012 923 1846 964">
     <span class='ocr_line' id='line_1_50' title="bbox 1012 923 1846 964; baseline -0.004 -10"><span class='ocrx_word' id='word_1_323' title='bbox 1012 927 1062 962; x_wconf 83' lang='grc' dir='ltr'>τὴν</span> <span class='ocrx_word' id='word_1_324' title='bbox 1087 929 1136 954; x_wconf 79' lang='grc' dir='ltr'>τοῦ</span> <span class='ocrx_word' id='word_1_325' title='bbox 1170 927 1296 964; x_wconf 84' lang='grc' dir='ltr'>σώματος</span> <span class='ocrx_word' id='word_1_326' title='bbox 1337 926 1469 954; x_wconf 82' lang='grc' dir='ltr'>ἀπόλυσιν</span> <span class='ocrx_word' id='word_1_327' title='bbox 1506 925 1551 953; x_wconf 81' lang='grc' dir='ltr'>καὶ</span> <span class='ocrx_word' id='word_1_328' title='bbox 1579 925 1629 960; x_wconf 80' lang='grc' dir='ltr'>τήν</span> <span class='ocrx_word' id='word_1_329' title='bbox 1658 923 1846 961; x_wconf 73' lang='grc' dir='ltr'>ἐλπιζομένην</span> 
     </span>
    </p>
   </div>
   <div class='ocr_carea' id='block_1_51' title="bbox 1014 970 1605 1007">
    <p class='ocr_par' dir='ltr' id='par_1_51' title="bbox 1014 970 1605 1007">
     <span class='ocr_line' id='line_1_51' title="bbox 1014 970 1605 1007; baseline -0.002 -8"><span class='ocrx_word' id='word_1_330' title='bbox 1014 970 1242 1007; x_wconf 78' lang='grc' dir='ltr'>ἀποκατάστασιν,</span> <span class='ocrx_word' id='word_1_331' title='bbox 1257 970 1389 1007; x_wconf 80' lang='grc' dir='ltr'>διηνεκῶς</span> <span class='ocrx_word' id='word_1_332' title='bbox 1405 971 1519 999; x_wconf 81' lang='grc' dir='ltr'>ἀτενίσει</span> <span class='ocrx_word' id='word_1_333' title='bbox 1535 972 1605 1006; x_wconf 79' lang='grc' dir='ltr'>Θεῷ.</span> 
     </span>
    </p>
   </div>
   <div class='ocr_carea' id='block_1_52' title="bbox 1175 1065 1679 1107">
    <p class='ocr_par' dir='ltr' id='par_1_52' title="bbox 1175 1065 1679 1107">
     <span class='ocr_line' id='line_1_52' title="bbox 1175 1065 1679 1107; baseline -0.002 -10"><span class='ocrx_word' id='word_1_334' title='bbox 1175 1070 1225 1099; x_wconf 89' lang='grc' dir='ltr'>οα’.</span> <span class='ocrx_word' id='word_1_335' title='bbox 1241 1069 1273 1098; x_wconf 84' lang='lat' dir='ltr'>El</span> <span class='ocrx_word' id='word_1_336' title='bbox 1289 1069 1344 1097; x_wconf 76' lang='grc' dir='ltr'>ἔστι</span> <span class='ocrx_word' id='word_1_337' title='bbox 1359 1080 1385 1096; x_wconf 85' lang='grc' dir='ltr'>τι</span> <span class='ocrx_word' id='word_1_338' title='bbox 1401 1068 1426 1097; x_wconf 77' lang='grc' dir='ltr'>ἐν</span> <span class='ocrx_word' id='word_1_339' title='bbox 1442 1067 1569 1107; x_wconf 69' lang='grc' dir='ltr'>ἀγγέλοις</span> <span class='ocrx_word' id='word_1_340' title='bbox 1584 1065 1679 1096; x_wconf 81' lang='grc' dir='ltr'>κακὸν.</span> 
     </span>
    </p>
   </div>
   <div class='ocr_carea' id='block_1_53' title="bbox 1050 1111 1849 1152">
    <p class='ocr_par' dir='ltr' id='par_1_53' title="bbox 1050 1111 1849 1152">
     <span class='ocr_line' id='line_1_53' title="bbox 1050 1111 1849 1152; baseline -0.008 -10"><span class='ocrx_word' id='word_1_341' title='bbox 1050 1115 1078 1142; x_wconf 90' lang='grc' dir='ltr'>Ὁ</span> <span class='ocrx_word' id='word_1_342' title='bbox 1110 1114 1156 1151; x_wconf 78' lang='grc' dir='ltr'>μὶν</span> <span class='ocrx_word' id='word_1_343' title='bbox 1173 1113 1306 1152; x_wconf 84' lang='grc' dir='ltr'>Θεολόγος</span> <span class='ocrx_word' id='word_1_344' title='bbox 1336 1114 1487 1152; x_wconf 80' lang='grc' dir='ltr'>Γρηγόριος</span> <span class='ocrx_word' id='word_1_345' title='bbox 1517 1113 1543 1140; x_wconf 78' lang='grc' dir='ltr'>ὲν</span> <span class='ocrx_word' id='word_1_346' title='bbox 1565 1115 1626 1143; x_wconf 85' lang='grc' dir='ltr'>τοῖς</span> <span class='ocrx_word' id='word_1_347' title='bbox 1650 1113 1699 1139; x_wconf 76' lang='grc' dir='ltr'>τοῦ</span> <span class='ocrx_word' id='word_1_348' title='bbox 1724 1111 1849 1149; x_wconf 71' lang='grc' dir='ltr'>Χριστοῦ</span> 
     </span>
    </p>
   </div>
   <div class='ocr_carea' id='block_1_54' title="bbox 1015 1154 1850 1198">
    <p class='ocr_par' dir='ltr' id='par_1_54' title="bbox 1015 1154 1850 1198">
     <span class='ocr_line' id='line_1_54' title="bbox 1015 1154 1850 1198; baseline -0.007 -11"><span class='ocrx_word' id='word_1_349' title='bbox 1015 1159 1166 1198; x_wconf 82' lang='grc' dir='ltr'>γενεθλίοις</span> <span class='ocrx_word' id='word_1_350' title='bbox 1184 1158 1311 1197; x_wconf 74' lang='grc' dir='ltr'>βούλεται</span> <span class='ocrx_word' id='word_1_351' title='bbox 1338 1159 1385 1196; x_wconf 70' lang='grc' dir='ltr'>μὲν</span> <span class='ocrx_word' id='word_1_352' title='bbox 1404 1159 1549 1193; x_wconf 78' lang='grc' dir='ltr'>ἀκινήτους</span> <span class='ocrx_word' id='word_1_353' title='bbox 1578 1157 1643 1184; x_wconf 82' lang='grc' dir='ltr'>εἶναι</span> <span class='ocrx_word' id='word_1_354' title='bbox 1671 1155 1735 1186; x_wconf 76' lang='grc' dir='ltr'>τοὺς</span> <span class='ocrx_word' id='word_1_355' title='bbox 1763 1154 1850 1192; x_wconf 64' lang='grc' dir='ltr'>ἀγγέη</span> 
     </span>
    </p>
   </div>
   <div class='ocr_carea' id='block_1_55' title="bbox 1016 1198 1848 1243">
    <p class='ocr_par' dir='ltr' id='par_1_55' title="bbox 1016 1198 1848 1243">
     <span class='ocr_line' id='line_1_55' title="bbox 1016 1198 1848 1243; baseline -0.007 -11"><span class='ocrx_word' id='word_1_356' title='bbox 1016 1204 1082 1236; x_wconf 78' lang='grc' dir='ltr'>λους</span> <span class='ocrx_word' id='word_1_357' title='bbox 1097 1205 1165 1243; x_wconf 85' lang='grc' dir='ltr'>πρὸς</span> <span class='ocrx_word' id='word_1_358' title='bbox 1188 1204 1219 1231; x_wconf 86' lang='grc' dir='ltr'>τὸ</span> <span class='ocrx_word' id='word_1_359' title='bbox 1247 1203 1341 1231; x_wconf 79' lang='grc' dir='ltr'>κακόν.</span> <span class='ocrx_word' id='word_1_360' title='bbox 1359 1202 1449 1235; x_wconf 78' lang='grc' dir='ltr'>Εἰδὼς</span> <span class='ocrx_word' id='word_1_361' title='bbox 1463 1201 1492 1230; x_wconf 74' lang='grc' dir='ltr'>δὲ</span> <span class='ocrx_word' id='word_1_362' title='bbox 1506 1203 1551 1230; x_wconf 85' lang='grc' dir='ltr'>τὸν</span> <span class='ocrx_word' id='word_1_363' title='bbox 1569 1199 1710 1236; x_wconf 67' lang='grc' dir='ltr'>διάϐολον,</span> <span class='ocrx_word' id='word_1_364' title='bbox 1725 1198 1848 1238; x_wconf 72' lang='grc' dir='ltr'>ἄγγελον</span> 
     </span>
    </p>
   </div>
   <div class='ocr_carea' id='block_1_56' title="bbox 1019 1244 1848 1287">
    <p class='ocr_par' dir='ltr' id='par_1_56' title="bbox 1019 1244 1848 1287">
     <span class='ocr_line' id='line_1_56' title="bbox 1019 1244 1848 1287; baseline -0.007 -10"><span class='ocrx_word' id='word_1_365' title='bbox 1019 1249 1065 1287; x_wconf 73' lang='grc' dir='ltr'>μὶν</span> <span class='ocrx_word' id='word_1_366' title='bbox 1091 1247 1166 1283; x_wconf 76' lang='grc' dir='ltr'>ὄντα,</span> <span class='ocrx_word' id='word_1_367' title='bbox 1195 1248 1278 1276; x_wconf 83' lang='grc' dir='ltr'>κακὸν</span> <span class='ocrx_word' id='word_1_368' title='bbox 1305 1247 1333 1275; x_wconf 77' lang='grc' dir='ltr'>δὲ</span> <span class='ocrx_word' id='word_1_369' title='bbox 1360 1248 1509 1286; x_wconf 77' lang='grc' dir='ltr'>γεγονότα,</span> <span class='ocrx_word' id='word_1_370' title='bbox 1535 1245 1714 1281; x_wconf 77' lang='grc' dir='ltr'>δυσκινήτους</span> <span class='ocrx_word' id='word_1_371' title='bbox 1743 1244 1848 1276; x_wconf 80' lang='grc' dir='ltr'>αὐτοὺς</span> 
     </span>
    </p>
   </div>
   <div class='ocr_carea' id='block_1_57' title="bbox 1018 1289 1849 1334">
    <p class='ocr_par' dir='ltr' id='par_1_57' title="bbox 1018 1289 1849 1334">
     <span class='ocr_line' id='line_1_57' title="bbox 1018 1289 1849 1334; baseline -0.007 -12"><span class='ocrx_word' id='word_1_372' title='bbox 1018 1294 1204 1334; x_wconf 78' lang='grc' dir='ltr'>ἀποφαίνεται.</span> <span class='ocrx_word' id='word_1_373' title='bbox 1231 1294 1264 1322; x_wconf 79' lang='grc' dir='ltr'>Οἱ</span> <span class='ocrx_word' id='word_1_374' title='bbox 1280 1292 1309 1321; x_wconf 75' lang='grc' dir='ltr'>δὲ</span> <span class='ocrx_word' id='word_1_375' title='bbox 1323 1293 1474 1331; x_wconf 76' lang='grc' dir='ltr'>σοφώτεροι</span> <span class='ocrx_word' id='word_1_376' title='bbox 1498 1294 1551 1320; x_wconf 85' lang='grc' dir='ltr'>τῶν</span> <span class='ocrx_word' id='word_1_377' title='bbox 1568 1291 1710 1326; x_wconf 75' lang='grc' dir='ltr'>Ἑλλήνων</span> <span class='ocrx_word' id='word_1_378' title='bbox 1726 1289 1753 1318; x_wconf 68' lang='grc' dir='ltr'>ἐν</span> <span class='ocrx_word' id='word_1_379' title='bbox 1770 1300 1849 1327; x_wconf 81' lang='grc' dir='ltr'>προ-</span> 
     </span>
    </p>
   </div>
   <div class='ocr_carea' id='block_1_58' title="bbox 1017 1333 1847 1376">
    <p class='ocr_par' dir='ltr' id='par_1_58' title="bbox 1017 1333 1847 1376">
     <span class='ocr_line' id='line_1_58' title="bbox 1017 1333 1847 1376; baseline -0.008 -9"><span class='ocrx_word' id='word_1_380' title='bbox 1017 1339 1110 1376; x_wconf 79' lang='grc' dir='ltr'>θύροις</span> <span class='ocrx_word' id='word_1_381' title='bbox 1135 1340 1184 1366; x_wconf 73' lang='grc' dir='ltr'>τοῦ</span> <span class='ocrx_word' id='word_1_382' title='bbox 1209 1337 1275 1366; x_wconf 76' lang='grc' dir='ltr'>Θεοῦ</span> <span class='ocrx_word' id='word_1_383' title='bbox 1303 1337 1366 1368; x_wconf 80' lang='grc' dir='ltr'>τοὺς</span> <span class='ocrx_word' id='word_1_384' title='bbox 1396 1336 1530 1375; x_wconf 76' lang='grc' dir='ltr'>ἀγγέλους</span> <span class='ocrx_word' id='word_1_385' title='bbox 1562 1336 1679 1366; x_wconf 73' lang='grc' dir='ltr'>ἑστῶτας</span> <span class='ocrx_word' id='word_1_386' title='bbox 1708 1333 1847 1370; x_wconf 69' lang='grc' dir='ltr'>οῗόμενοι,</span> 
     </span>
    </p>
   </div>
   <div class='ocr_carea' id='block_1_59' title="bbox 1019 1379 1847 1421">
    <p class='ocr_par' dir='ltr' id='par_1_59' title="bbox 1019 1379 1847 1421">
     <span class='ocr_line' id='line_1_59' title="bbox 1019 1379 1847 1421; baseline -0.007 -10"><span class='ocrx_word' id='word_1_387' title='bbox 1019 1384 1173 1421; x_wconf 82' lang='grc' dir='ltr'>ἀμετόχους</span> <span class='ocrx_word' id='word_1_388' title='bbox 1185 1382 1283 1414; x_wconf 81' lang='grc' dir='ltr'>αὐτοὺς</span> <span class='ocrx_word' id='word_1_389' title='bbox 1297 1385 1346 1410; x_wconf 80' lang='grc' dir='ltr'>τοῦ</span> <span class='ocrx_word' id='word_1_390' title='bbox 1372 1384 1455 1410; x_wconf 76' lang='grc' dir='ltr'>κακοῦ</span> <span class='ocrx_word' id='word_1_391' title='bbox 1483 1391 1556 1421; x_wconf 75' lang='grc' dir='ltr'>φασι.</span> <span class='ocrx_word' id='word_1_392' title='bbox 1579 1380 1650 1411; x_wconf 80' lang='grc' dir='ltr'>Τοὺς</span> <span class='ocrx_word' id='word_1_393' title='bbox 1679 1380 1731 1418; x_wconf 78' lang='grc' dir='ltr'>γὰρ</span> <span class='ocrx_word' id='word_1_394' title='bbox 1754 1379 1847 1416; x_wconf 77' lang='grc' dir='ltr'>ἀπαγ-</span> 
     </span>
    </p>
   </div>
   <div class='ocr_carea' id='block_1_60' title="bbox 1017 1423 1849 1467">
    <p class='ocr_par' dir='ltr' id='par_1_60' title="bbox 1017 1423 1849 1467">
     <span class='ocr_line' id='line_1_60' title="bbox 1017 1423 1849 1467; baseline -0.007 -11"><span class='ocrx_word' id='word_1_395' title='bbox 1017 1427 1166 1467; x_wconf 66' lang='grc' dir='ltr'>γέλλοντας</span> <span class='ocrx_word' id='word_1_396' title='bbox 1182 1428 1231 1462; x_wconf 82' lang='grc' dir='ltr'>τὴν</span> <span class='ocrx_word' id='word_1_397' title='bbox 1257 1427 1327 1460; x_wconf 80' lang='grc' dir='ltr'>θείαν</span> <span class='ocrx_word' id='word_1_398' title='bbox 1345 1427 1435 1465; x_wconf 80' lang='grc' dir='ltr'>σιγὴν,</span> <span class='ocrx_word' id='word_1_399' title='bbox 1460 1425 1504 1453; x_wconf 74' lang='grc' dir='ltr'>καὶ</span> <span class='ocrx_word' id='word_1_400' title='bbox 1525 1426 1557 1453; x_wconf 77' lang='grc' dir='ltr'>τὸ</span> <span class='ocrx_word' id='word_1_401' title='bbox 1578 1425 1676 1463; x_wconf 78' lang='grc' dir='ltr'>ἀγαθὸν</span> <span class='ocrx_word' id='word_1_402' title='bbox 1701 1423 1849 1463; x_wconf 74' lang='grc' dir='ltr'>ἐκφαίνον-</span> 
     </span>
    </p>
   </div>
   <div class='ocr_carea' id='block_1_61' title="bbox 1017 1468 1848 1511">
    <p class='ocr_par' dir='ltr' id='par_1_61' title="bbox 1017 1468 1848 1511">
     <span class='ocr_line' id='line_1_61' title="bbox 1017 1468 1848 1511; baseline -0.008 -10"><span class='ocrx_word' id='word_1_403' title='bbox 1017 1484 1076 1508; x_wconf 84' lang='grc' dir='ltr'>τας,</span> <span class='ocrx_word' id='word_1_404' title='bbox 1105 1475 1164 1504; x_wconf 80' lang='grc' dir='ltr'>πῶς</span> <span class='ocrx_word' id='word_1_405' title='bbox 1194 1472 1223 1500; x_wconf 82' lang='grc' dir='ltr'>ἂν</span> <span class='ocrx_word' id='word_1_406' title='bbox 1253 1473 1333 1511; x_wconf 80' lang='grc' dir='ltr'>φασὶν</span> <span class='ocrx_word' id='word_1_407' title='bbox 1362 1473 1430 1499; x_wconf 83' lang='grc' dir='ltr'>εἶναι</span> <span class='ocrx_word' id='word_1_408' title='bbox 1459 1470 1575 1504; x_wconf 71' lang='grc' dir='ltr'>κακοῦςς</span> <span class='ocrx_word' id='word_1_409' title='bbox 1598 1468 1848 1508; x_wconf 78' lang='grc' dir='ltr'>Ἀφομοιοῦσιγάρ</span> 
     </span>
    </p>
   </div>
   <div class='ocr_carea' id='block_1_62' title="bbox 135 1511 963 1556">
    <p class='ocr_par' dir='ltr' id='par_1_62' title="bbox 135 1516 962 1553">
     <span class='ocr_line' id='line_1_62' title="bbox 135 1516 962 1553; baseline 0.001 -8"><span class='ocrx_word' id='word_1_410' title='bbox 135 1516 280 1553; x_wconf 79' lang='lat' dir='ltr'>possunt?</span> <span class='ocrx_word' id='word_1_411' title='bbox 297 1516 469 1553; x_wconf 84' lang='lat' dir='ltr'>angelorum</span> <span class='ocrx_word' id='word_1_412' title='bbox 485 1516 593 1553; x_wconf 87' lang='lat' dir='ltr'>quippe</span> <span class='ocrx_word' id='word_1_413' title='bbox 609 1525 703 1553; x_wconf 81' lang='lat' dir='ltr'>genus</span> <span class='ocrx_word' id='word_1_414' title='bbox 716 1518 883 1546; x_wconf 83' lang='lat' dir='ltr'>assimilant</span> <span class='ocrx_word' id='word_1_415' title='bbox 893 1519 962 1553; x_wconf 87' lang='lat' dir='ltr'>Deo,</span> 
     </span>
    </p>
   </div>
   <div class='ocr_carea' id='block_1_63' title="bbox 1053 1511 1849 1556">
    <p class='ocr_par' dir='ltr' id='par_1_63' title="bbox 1065 1511 1849 1556">
     <span class='ocr_line' id='line_1_63' title="bbox 1065 1511 1849 1556; baseline -0.008 -11"><span class='ocrx_word' id='word_1_416' title='bbox 1065 1517 1207 1556; x_wconf 81' lang='grc' dir='ltr'>ἀγγελικὸν</span> <span class='ocrx_word' id='word_1_417' title='bbox 1233 1516 1318 1556; x_wconf 83' lang='grc' dir='ltr'>φῦλον</span> <span class='ocrx_word' id='word_1_418' title='bbox 1340 1519 1380 1553; x_wconf 79' lang='grc' dir='ltr'>τῷ</span> <span class='ocrx_word' id='word_1_419' title='bbox 1393 1516 1450 1552; x_wconf 79' lang='grc' dir='ltr'>Θεῷ</span> <span class='ocrx_word' id='word_1_420' title='bbox 1477 1515 1522 1554; x_wconf 82' lang='grc' dir='ltr'>ἀφ’</span> <span class='ocrx_word' id='word_1_421' title='bbox 1551 1513 1582 1542; x_wconf 79' lang='grc' dir='ltr'>οὗ</span> <span class='ocrx_word' id='word_1_422' title='bbox 1611 1514 1770 1551; x_wconf 75' lang='grc' dir='ltr'>ἐξήρτηται,</span> <span class='ocrx_word' id='word_1_423' title='bbox 1798 1511 1849 1540; x_wconf 68' lang='grc' dir='ltr'>ἵνα</span> 
     </span>
    </p>
   </div>
   <div class='ocr_carea' id='block_1_64' title="bbox 135 1562 963 1599">
    <p class='ocr_par' dir='ltr' id='par_1_64' title="bbox 135 1562 963 1599">
     <span class='ocr_line' id='line_1_64' title="bbox 135 1562 963 1599; baseline 0.004 -10"><span class='ocrx_word' id='word_1_424' title='bbox 135 1570 150 1589; x_wconf 85' lang='lat' dir='ltr'>a</span> <span class='ocrx_word' id='word_1_425' title='bbox 168 1570 224 1597; x_wconf 89' lang='lat' dir='ltr'>quo</span> <span class='ocrx_word' id='word_1_426' title='bbox 241 1562 395 1597; x_wconf 85' lang='lat' dir='ltr'>dependet,</span> <span class='ocrx_word' id='word_1_427' title='bbox 413 1563 445 1589; x_wconf 90' lang='lat' dir='ltr'>ut</span> <span class='ocrx_word' id='word_1_428' title='bbox 461 1570 512 1597; x_wconf 88' lang='lat' dir='ltr'>per</span> <span class='ocrx_word' id='word_1_429' title='bbox 525 1570 630 1597; x_wconf 84' lang='lat' dir='ltr'>puram</span> <span class='ocrx_word' id='word_1_430' title='bbox 647 1562 871 1591; x_wconf 87' lang='lat' dir='ltr'>similitudinem</span> <span class='ocrx_word' id='word_1_431' title='bbox 897 1572 963 1599; x_wconf 90' lang='lat' dir='ltr'>pro-</span> 
     </span>
    </p>
   </div>
   <div class='ocr_carea' id='block_1_65' title="bbox 135 1606 963 1642">
    <p class='ocr_par' dir='ltr' id='par_1_65' title="bbox 135 1606 963 1642">
     <span class='ocr_line' id='line_1_65' title="bbox 135 1606 963 1642; baseline 0.004 -9"><span class='ocrx_word' id='word_1_432' title='bbox 135 1606 291 1642; x_wconf 85' lang='lat' dir='ltr'>prietatem</span> <span class='ocrx_word' id='word_1_433' title='bbox 316 1606 380 1641; x_wconf 83' lang='lat' dir='ltr'>eius</span> <span class='ocrx_word' id='word_1_434' title='bbox 407 1606 500 1642; x_wconf 88' lang='lat' dir='ltr'>possit</span> <span class='ocrx_word' id='word_1_435' title='bbox 529 1606 700 1635; x_wconf 88' lang='lat' dir='ltr'>hominibus</span> <span class='ocrx_word' id='word_1_436' title='bbox 730 1609 830 1635; x_wconf 82' lang='lat' dir='ltr'>notam</span> <span class='ocrx_word' id='word_1_437' title='bbox 860 1609 963 1637; x_wconf 77' lang='lat' dir='ltr'>facere.</span> 
     </span>
    </p>
   </div>
   <div class='ocr_carea' id='block_1_66' title="bbox 135 1650 966 1689">
    <p class='ocr_par' dir='ltr' id='par_1_66' title="bbox 135 1650 966 1689">
     <span class='ocr_line' id='line_1_66' title="bbox 135 1650 966 1689; baseline 0.005 -11"><span class='ocrx_word' id='word_1_438' title='bbox 135 1650 264 1687; x_wconf 84' lang='lat' dir='ltr'>Angelos</span> <span class='ocrx_word' id='word_1_439' title='bbox 279 1659 364 1687; x_wconf 89' lang='lat' dir='ltr'>porro</span> <span class='ocrx_word' id='word_1_440' title='bbox 381 1653 485 1679; x_wconf 86' lang='lat' dir='ltr'>vocant</span> <span class='ocrx_word' id='word_1_441' title='bbox 499 1650 651 1679; x_wconf 83' lang='lat' dir='ltr'>universas</span> <span class='ocrx_word' id='word_1_442' title='bbox 667 1660 730 1688; x_wconf 81' lang='lat' dir='ltr'>qua:</span> <span class='ocrx_word' id='word_1_443' title='bbox 742 1652 797 1680; x_wconf 88' lang='lat' dir='ltr'>sub</span> <span class='ocrx_word' id='word_1_444' title='bbox 813 1652 871 1681; x_wconf 92' lang='lat' dir='ltr'>Deo</span> <span class='ocrx_word' id='word_1_445' title='bbox 885 1654 966 1689; x_wconf 71' lang='lat' dir='ltr'>fsunt</span> 
     </span>
    </p>
   </div>
   <div class='ocr_carea' id='block_1_67' title="bbox 136 1698 308 1732">
    <p class='ocr_par' dir='ltr' id='par_1_67' title="bbox 136 1698 308 1732">
     <span class='ocr_line' id='line_1_67' title="bbox 136 1698 308 1732; baseline 0 -8"><span class='ocrx_word' id='word_1_446' title='bbox 136 1698 308 1732; x_wconf 85' lang='lat' dir='ltr'>potestates.</span> 
     </span>
    </p>
   </div>
   <div class='ocr_carea' id='block_1_68' title="bbox 277 1739 827 1777">
    <p class='ocr_par' dir='ltr' id='par_1_68' title="bbox 277 1739 827 1777">
     <span class='ocr_line' id='line_1_68' title="bbox 277 1739 827 1777; baseline 0.005 -10"><span class='ocrx_word' id='word_1_447' title='bbox 277 1741 322 1768; x_wconf 84' lang='lat'>72.</span> <span class='ocrx_word' id='word_1_448' title='bbox 337 1739 412 1768; x_wconf 84' lang='lat' dir='ltr'>Num</span> <span class='ocrx_word' id='word_1_449' title='bbox 427 1741 615 1777; x_wconf 81' lang='lat' dir='ltr'>incorporalia</span> <span class='ocrx_word' id='word_1_450' title='bbox 629 1742 687 1770; x_wconf 69' lang='lat' dir='ltr'>sint</span> <span class='ocrx_word' id='word_1_451' title='bbox 701 1743 731 1770; x_wconf 79' lang='lat' dir='ltr'>in</span> <span class='ocrx_word' id='word_1_452' title='bbox 747 1743 802 1771; x_wconf 82' lang='lat' dir='ltr'>loco</span> <span class='ocrx_word' id='word_1_453' title='bbox 813 1742 827 1770; x_wconf 80' lang='lat'><strong>?</strong></span> 
     </span>
    </p>
   </div>
   <div class='ocr_carea' id='block_1_69' title="bbox 172 1785 968 1825">
    <p class='ocr_par' dir='ltr' id='par_1_69' title="bbox 172 1785 968 1825">
     <span class='ocr_line' id='line_1_69' title="bbox 172 1785 968 1825; baseline 0.006 -13"><span class='ocrx_word' id='word_1_454' title='bbox 172 1786 285 1821; x_wconf 87' lang='lat' dir='ltr'>Corpus</span> <span class='ocrx_word' id='word_1_455' title='bbox 300 1789 329 1813; x_wconf 86' lang='lat' dir='ltr'>et</span> <span class='ocrx_word' id='word_1_456' title='bbox 344 1785 527 1822; x_wconf 84' lang='lat' dir='ltr'>incorporale</span> <span class='ocrx_word' id='word_1_457' title='bbox 543 1786 597 1814; x_wconf 88' lang='lat' dir='ltr'>sibi</span> <span class='ocrx_word' id='word_1_458' title='bbox 614 1789 814 1823; x_wconf 85' lang='lat' dir='ltr'>opponuntur.</span> <span class='ocrx_word' id='word_1_459' title='bbox 831 1788 859 1816; x_wconf 87' lang='lat' dir='ltr'>Si</span> <span class='ocrx_word' id='word_1_460' title='bbox 875 1787 968 1825; x_wconf 85' lang='lat' dir='ltr'>igitur</span> 
     </span>
    </p>
   </div>
   <div class='ocr_carea' id='block_1_70' title="bbox 137 1827 966 1867">
    <p class='ocr_par' dir='ltr' id='par_1_70' title="bbox 137 1827 966 1867">
     <span class='ocr_line' id='line_1_70' title="bbox 137 1827 966 1867; baseline 0.004 -9"><span class='ocrx_word' id='word_1_461' title='bbox 137 1839 244 1866; x_wconf 88' lang='lat' dir='ltr'>corpus</span> <span class='ocrx_word' id='word_1_462' title='bbox 259 1830 288 1858; x_wconf 91' lang='lat' dir='ltr'>in</span> <span class='ocrx_word' id='word_1_463' title='bbox 304 1830 368 1858; x_wconf 81' lang='lat' dir='ltr'>loco</span> <span class='ocrx_word' id='word_1_464' title='bbox 383 1833 437 1864; x_wconf 84' lang='lat' dir='ltr'>est,</span> <span class='ocrx_word' id='word_1_465' title='bbox 455 1831 639 1867; x_wconf 85' lang='lat' dir='ltr'>incorporale</span> <span class='ocrx_word' id='word_1_466' title='bbox 653 1841 711 1860; x_wconf 90' lang='lat' dir='ltr'>non</span> <span class='ocrx_word' id='word_1_467' title='bbox 728 1834 773 1860; x_wconf 86' lang='lat' dir='ltr'>est</span> <span class='ocrx_word' id='word_1_468' title='bbox 787 1832 817 1861; x_wconf 93' lang='lat' dir='ltr'>in</span> <span class='ocrx_word' id='word_1_469' title='bbox 837 1833 911 1861; x_wconf 86' lang='lat' dir='ltr'>loco.</span> <span class='ocrx_word' id='word_1_470' title='bbox 936 1827 966 1861; x_wconf 69' lang='grc' dir='ltr'>εἰ</span> 
     </span>
    </p>
   </div>
   <div class='ocr_carea' id='block_1_71' title="bbox 137 1875 967 1911">
    <p class='ocr_par' dir='ltr' id='par_1_71' title="bbox 137 1875 967 1911">
     <span class='ocr_line' id='line_1_71' title="bbox 137 1875 967 1911; baseline 0.004 -8"><span class='ocrx_word' id='word_1_471' title='bbox 137 1876 215 1904; x_wconf 81' lang='lat' dir='ltr'>enim</span> <span class='ocrx_word' id='word_1_472' title='bbox 232 1875 281 1903; x_wconf 89' lang='lat' dir='ltr'>uni</span> <span class='ocrx_word' id='word_1_473' title='bbox 299 1875 502 1911; x_wconf 81' lang='lat' dir='ltr'>oppositorum</span> <span class='ocrx_word' id='word_1_474' title='bbox 513 1876 569 1904; x_wconf 82' lang='lat' dir='ltr'>erit</span> <span class='ocrx_word' id='word_1_475' title='bbox 581 1885 673 1905; x_wconf 90' lang='lat' dir='ltr'>unum</span> <span class='ocrx_word' id='word_1_476' title='bbox 686 1885 701 1905; x_wconf 91' lang='lat' dir='ltr'>e</span> <span class='ocrx_word' id='word_1_477' title='bbox 711 1878 876 1911; x_wconf 80' lang='lat' dir='ltr'>contrariis,</span> <span class='ocrx_word' id='word_1_478' title='bbox 883 1878 967 1907; x_wconf 88' lang='lat' dir='ltr'>alteri</span> 
     </span>
    </p>
   </div>
   <div class='ocr_carea' id='block_1_72' title="bbox 139 1919 966 1959">
    <p class='ocr_par' dir='ltr' id='par_1_72' title="bbox 139 1919 966 1959">
     <span class='ocr_line' id='line_1_72' title="bbox 139 1919 966 1959; baseline 0.005 -12"><span class='ocrx_word' id='word_1_479' title='bbox 139 1920 264 1948; x_wconf 87' lang='lat' dir='ltr'>alterum</span> <span class='ocrx_word' id='word_1_480' title='bbox 289 1919 356 1948; x_wconf 87' lang='lat' dir='ltr'>erit.</span> <span class='ocrx_word' id='word_1_481' title='bbox 385 1921 484 1956; x_wconf 83' lang='lat' dir='ltr'>Itaque</span> <span class='ocrx_word' id='word_1_482' title='bbox 510 1921 535 1949; x_wconf 91' lang='lat' dir='ltr'>si</span> <span class='ocrx_word' id='word_1_483' title='bbox 557 1922 671 1957; x_wconf 89' lang='lat' dir='ltr'>corpori</span> <span class='ocrx_word' id='word_1_484' title='bbox 697 1923 773 1957; x_wconf 90' lang='lat' dir='ltr'>quod</span> <span class='ocrx_word' id='word_1_485' title='bbox 790 1922 966 1959; x_wconf 86' lang='lat' dir='ltr'>incorporali</span> 
     </span>
    </p>
   </div>
   <div class='ocr_carea' id='block_1_73' title="bbox 139 1964 966 2004">
    <p class='ocr_par' dir='ltr' id='par_1_73' title="bbox 139 1964 966 2004">
     <span class='ocr_line' id='line_1_73' title="bbox 139 1964 966 2004; baseline 0.005 -12"><span class='ocrx_word' id='word_1_486' title='bbox 139 1964 321 1993; x_wconf 85' lang='lat' dir='ltr'>contrarium</span> <span class='ocrx_word' id='word_1_487' title='bbox 345 1967 390 1993; x_wconf 73' lang='lat' dir='ltr'>est</span> <span class='ocrx_word' id='word_1_488' title='bbox 414 1966 553 2001; x_wconf 87' lang='lat' dir='ltr'>competit</span> <span class='ocrx_word' id='word_1_489' title='bbox 574 1974 639 1994; x_wconf 86' lang='lat' dir='ltr'>esse</span> <span class='ocrx_word' id='word_1_490' title='bbox 654 1966 683 1994; x_wconf 92' lang='lat' dir='ltr'>in</span> <span class='ocrx_word' id='word_1_491' title='bbox 700 1966 773 2002; x_wconf 89' lang='lat' dir='ltr'>loco,</span> <span class='ocrx_word' id='word_1_492' title='bbox 790 1968 966 2004; x_wconf 86' lang='lat' dir='ltr'>incorporali</span> 
     </span>
    </p>
   </div>
   <div class='ocr_carea' id='block_1_74' title="bbox 140 2010 967 2050">
    <p class='ocr_par' dir='ltr' id='par_1_74' title="bbox 140 2010 967 2050">
     <span class='ocr_line' id='line_1_74' title="bbox 140 2010 967 2050; baseline 0.006 -13"><span class='ocrx_word' id='word_1_493' title='bbox 140 2011 286 2045; x_wconf 83' lang='lat' dir='ltr'>competet</span> <span class='ocrx_word' id='word_1_494' title='bbox 302 2018 359 2037; x_wconf 88' lang='lat' dir='ltr'>non</span> <span class='ocrx_word' id='word_1_495' title='bbox 376 2018 451 2038; x_wconf 86' lang='lat' dir='ltr'>esse.</span> <span class='ocrx_word' id='word_1_496' title='bbox 469 2010 541 2038; x_wconf 87' lang='lat' dir='ltr'>Nam</span> <span class='ocrx_word' id='word_1_497' title='bbox 558 2013 585 2038; x_wconf 86' lang='lat' dir='ltr'>et</span> <span class='ocrx_word' id='word_1_498' title='bbox 601 2019 664 2047; x_wconf 76' lang='lat' dir='ltr'>quae</span> <span class='ocrx_word' id='word_1_499' title='bbox 690 2012 805 2048; x_wconf 86' lang='lat' dir='ltr'>proprie</span> <span class='ocrx_word' id='word_1_500' title='bbox 831 2013 967 2050; x_wconf 88' lang='lat' dir='ltr'>incorpo-</span> 
     </span>
    </p>
   </div>
   <div class='ocr_carea' id='block_1_75' title="bbox 139 2053 966 2094">
    <p class='ocr_par' dir='ltr' id='par_1_75' title="bbox 139 2053 966 2094">
     <span class='ocr_line' id='line_1_75' title="bbox 139 2053 966 2094; baseline 0.006 -13"><span class='ocrx_word' id='word_1_501' title='bbox 139 2053 214 2082; x_wconf 84' lang='lat' dir='ltr'>ralia</span> <span class='ocrx_word' id='word_1_502' title='bbox 228 2056 307 2088; x_wconf 88' lang='lat' dir='ltr'>sunt,</span> <span class='ocrx_word' id='word_1_503' title='bbox 321 2055 523 2090; x_wconf 66' lang='lat' dir='ltr'>prmstantiora</span> <span class='ocrx_word' id='word_1_504' title='bbox 539 2060 708 2091; x_wconf 84' lang='lat' dir='ltr'>sunl,quam</span> <span class='ocrx_word' id='word_1_505' title='bbox 725 2059 757 2084; x_wconf 88' lang='lat' dir='ltr'>ut</span> <span class='ocrx_word' id='word_1_506' title='bbox 773 2057 832 2085; x_wconf 88' lang='lat' dir='ltr'>sint</span> <span class='ocrx_word' id='word_1_507' title='bbox 847 2058 876 2085; x_wconf 94' lang='lat' dir='ltr'>in</span> <span class='ocrx_word' id='word_1_508' title='bbox 892 2058 966 2094; x_wconf 86' lang='lat' dir='ltr'>loco,</span> 
     </span>
    </p>
   </div>
   <div class='ocr_carea' id='block_1_76' title="bbox 140 2098 967 2137">
    <p class='ocr_par' dir='ltr' id='par_1_76' title="bbox 140 2098 967 2137">
     <span class='ocr_line' id='line_1_76' title="bbox 140 2098 967 2137; baseline 0.008 -12"><span class='ocrx_word' id='word_1_509' title='bbox 140 2106 236 2134; x_wconf 84' lang='lat' dir='ltr'>neque</span> <span class='ocrx_word' id='word_1_510' title='bbox 251 2098 383 2127; x_wconf 87' lang='lat' dir='ltr'>localiter</span> <span class='ocrx_word' id='word_1_511' title='bbox 395 2099 568 2135; x_wconf 89' lang='lat' dir='ltr'>corporibus</span> <span class='ocrx_word' id='word_1_512' title='bbox 582 2103 651 2128; x_wconf 84' lang='lat' dir='ltr'>sunt</span> <span class='ocrx_word' id='word_1_513' title='bbox 663 2102 829 2137; x_wconf 68' lang='lat' dir='ltr'>praesentia,</span> <span class='ocrx_word' id='word_1_514' title='bbox 847 2104 898 2131; x_wconf 84' lang='lat' dir='ltr'>sed</span> <span class='ocrx_word' id='word_1_515' title='bbox 925 2112 967 2133; x_wconf 90' lang='lat' dir='ltr'>re-</span> 
     </span>
    </p>
   </div>
   <div class='ocr_carea' id='block_1_77' title="bbox 141 2143 967 2183">
    <p class='ocr_par' dir='ltr' id='par_1_77' title="bbox 141 2143 967 2183">
     <span class='ocr_line' id='line_1_77' title="bbox 141 2143 967 2183; baseline 0.006 -12"><span class='ocrx_word' id='word_1_516' title='bbox 141 2143 261 2178; x_wconf 86' lang='lat' dir='ltr'>latione,</span> <span class='ocrx_word' id='word_1_517' title='bbox 279 2144 320 2171; x_wconf 89' lang='lat' dir='ltr'>uti</span> <span class='ocrx_word' id='word_1_518' title='bbox 337 2144 437 2171; x_wconf 81' lang='lat' dir='ltr'>anima</span> <span class='ocrx_word' id='word_1_519' title='bbox 451 2147 518 2180; x_wconf 88' lang='lat' dir='ltr'>post</span> <span class='ocrx_word' id='word_1_520' title='bbox 541 2145 716 2174; x_wconf 87' lang='lat' dir='ltr'>solutionem</span> <span class='ocrx_word' id='word_1_521' title='bbox 742 2155 758 2174; x_wconf 88' lang='lat' dir='ltr'>a</span> <span class='ocrx_word' id='word_1_522' title='bbox 780 2155 910 2183; x_wconf 86' lang='lat' dir='ltr'>corpore,</span> <span class='ocrx_word' id='word_1_523' title='bbox 942 2149 967 2178; x_wconf 88' lang='lat' dir='ltr'>si</span> 
     </span>
    </p>
   </div>
   <div class='ocr_carea' id='block_1_78' title="bbox 1020 1558 1848 1601">
    <p class='ocr_par' dir='ltr' id='par_1_78' title="bbox 1020 1558 1848 1601">
     <span class='ocr_line' id='line_1_78' title="bbox 1020 1558 1848 1601; baseline -0.008 -10"><span class='ocrx_word' id='word_1_524' title='bbox 1020 1562 1065 1591; x_wconf 72' lang='grc' dir='ltr'>διὰ</span> <span class='ocrx_word' id='word_1_525' title='bbox 1092 1564 1140 1597; x_wconf 73' lang='grc' dir='ltr'>τῆς</span> <span class='ocrx_word' id='word_1_526' title='bbox 1155 1563 1320 1601; x_wconf 76' lang='grc' dir='ltr'>ἀκραιφνοῦς</span> <span class='ocrx_word' id='word_1_527' title='bbox 1345 1561 1511 1598; x_wconf 82' lang='grc' dir='ltr'>ὁμοιότητος</span> <span class='ocrx_word' id='word_1_528' title='bbox 1526 1558 1658 1598; x_wconf 74' lang='grc' dir='ltr'>ἐκφαίνειν</span> <span class='ocrx_word' id='word_1_529' title='bbox 1675 1558 1758 1586; x_wconf 76' lang='grc' dir='ltr'>αὐτοῦ</span> <span class='ocrx_word' id='word_1_530' title='bbox 1785 1560 1848 1588; x_wconf 79' lang='grc' dir='ltr'>τοῖς</span> 
     </span>
    </p>
   </div>
   <div class='ocr_carea' id='block_1_79' title="bbox 1019 1602 1849 1647">
    <p class='ocr_par' dir='ltr' id='par_1_79' title="bbox 1019 1602 1849 1647">
     <span class='ocr_line' id='line_1_79' title="bbox 1019 1602 1849 1647; baseline -0.008 -10"><span class='ocrx_word' id='word_1_531' title='bbox 1019 1609 1173 1647; x_wconf 83' lang='grc' dir='ltr'>ἀνθρώποις</span> <span class='ocrx_word' id='word_1_532' title='bbox 1196 1608 1246 1642; x_wconf 84' lang='grc' dir='ltr'>τήν</span> <span class='ocrx_word' id='word_1_533' title='bbox 1272 1606 1398 1642; x_wconf 80' lang='grc' dir='ltr'>ἷδιότητα</span> <span class='ocrx_word' id='word_1_534' title='bbox 1422 1605 1544 1641; x_wconf 78' lang='grc' dir='ltr'>δύνηται.</span> <span class='ocrx_word' id='word_1_535' title='bbox 1568 1603 1719 1642; x_wconf 75' lang='grc' dir='ltr'>Ἀγγὲλους</span> <span class='ocrx_word' id='word_1_536' title='bbox 1748 1602 1779 1631; x_wconf 73' lang='grc' dir='ltr'>δὶ</span> <span class='ocrx_word' id='word_1_537' title='bbox 1797 1603 1849 1634; x_wconf 72' lang='grc' dir='ltr'>τὰς</span> 
     </span>
    </p>
   </div>
   <div class='ocr_carea' id='block_1_80' title="bbox 1022 1650 1670 1691">
    <p class='ocr_par' dir='ltr' id='par_1_80' title="bbox 1022 1650 1670 1691">
     <span class='ocr_line' id='line_1_80' title="bbox 1022 1650 1670 1691; baseline -0.008 -10"><span class='ocrx_word' id='word_1_538' title='bbox 1022 1654 1088 1691; x_wconf 76' lang='grc' dir='ltr'>μετὰ</span> <span class='ocrx_word' id='word_1_539' title='bbox 1104 1653 1167 1681; x_wconf 81' lang='grc' dir='ltr'>Θεὸν</span> <span class='ocrx_word' id='word_1_540' title='bbox 1181 1653 1268 1684; x_wconf 83' lang='grc' dir='ltr'>πάσας</span> <span class='ocrx_word' id='word_1_541' title='bbox 1284 1651 1412 1688; x_wconf 80' lang='grc' dir='ltr'>δυνάμεις</span> <span class='ocrx_word' id='word_1_542' title='bbox 1426 1650 1670 1686; x_wconf 79' lang='grc' dir='ltr'>κατονομάζουσιν.</span> 
     </span>
    </p>
   </div>
   <div class='ocr_carea' id='block_1_81' title="bbox 1210 1739 1647 1780">
    <p class='ocr_par' dir='ltr' id='par_1_81' title="bbox 1210 1739 1647 1780">
     <span class='ocr_line' id='line_1_81' title="bbox 1210 1739 1647 1780; baseline -0.009 -10"><span class='ocrx_word' id='word_1_543' title='bbox 1210 1742 1261 1780; x_wconf 83' lang='grc' dir='ltr'>οβ’.</span> <span class='ocrx_word' id='word_1_544' title='bbox 1278 1742 1308 1770; x_wconf 83' lang='lat' dir='ltr'>El</span> <span class='ocrx_word' id='word_1_545' title='bbox 1325 1741 1351 1769; x_wconf 79' lang='grc' dir='ltr'>ἰν</span> <span class='ocrx_word' id='word_1_546' title='bbox 1366 1739 1443 1777; x_wconf 87' lang='grc' dir='ltr'>τόπῳ</span> <span class='ocrx_word' id='word_1_547' title='bbox 1456 1741 1490 1768; x_wconf 73' lang='grc' dir='ltr'>τὰ</span> <span class='ocrx_word' id='word_1_548' title='bbox 1505 1740 1647 1776; x_wconf 80' lang='grc' dir='ltr'>ἀσώματα,</span> 
     </span>
    </p>
   </div>
   <div class='ocr_carea' id='block_1_82' title="bbox 1056 1781 1847 1824">
    <p class='ocr_par' dir='ltr' id='par_1_82' title="bbox 1056 1781 1847 1824">
     <span class='ocr_line' id='line_1_82' title="bbox 1056 1781 1847 1824; baseline -0.008 -8"><span class='ocrx_word' id='word_1_549' title='bbox 1056 1788 1180 1818; x_wconf 85' lang='grc' dir='ltr'>Ἐναντία</span> <span class='ocrx_word' id='word_1_550' title='bbox 1195 1787 1246 1815; x_wconf 76' lang='grc' dir='ltr'>εἶσὶ</span> <span class='ocrx_word' id='word_1_551' title='bbox 1265 1788 1296 1815; x_wconf 77' lang='grc' dir='ltr'>τὸ</span> <span class='ocrx_word' id='word_1_552' title='bbox 1312 1789 1390 1824; x_wconf 79' lang='grc' dir='ltr'>σῶμα</span> <span class='ocrx_word' id='word_1_553' title='bbox 1418 1786 1462 1814; x_wconf 83' lang='grc' dir='ltr'>καὶ</span> <span class='ocrx_word' id='word_1_554' title='bbox 1493 1785 1524 1813; x_wconf 83' lang='grc' dir='ltr'>τὸ</span> <span class='ocrx_word' id='word_1_555' title='bbox 1553 1784 1709 1821; x_wconf 84' lang='grc' dir='ltr'>ἀσώματον.</span> <span class='ocrx_word' id='word_1_556' title='bbox 1736 1782 1770 1812; x_wconf 71' lang='lat' dir='ltr'>E’L‘</span> <span class='ocrx_word' id='word_1_557' title='bbox 1797 1781 1847 1810; x_wconf 80' lang='grc' dir='ltr'>οὖν</span> 
     </span>
    </p>
   </div>
   <div class='ocr_carea' id='block_1_83' title="bbox 1020 1827 1847 1869">
    <p class='ocr_par' dir='ltr' id='par_1_83' title="bbox 1020 1827 1847 1869">
     <span class='ocr_line' id='line_1_83' title="bbox 1020 1827 1847 1869; baseline -0.01 -7"><span class='ocrx_word' id='word_1_558' title='bbox 1020 1834 1051 1863; x_wconf 80' lang='grc' dir='ltr'>τὸ</span> <span class='ocrx_word' id='word_1_559' title='bbox 1081 1836 1161 1869; x_wconf 77' lang='grc' dir='ltr'>σῶμα</span> <span class='ocrx_word' id='word_1_560' title='bbox 1189 1832 1214 1860; x_wconf 85' lang='grc' dir='ltr'>ἐν</span> <span class='ocrx_word' id='word_1_561' title='bbox 1243 1831 1331 1868; x_wconf 82' lang='grc' dir='ltr'>τόπῳ,</span> <span class='ocrx_word' id='word_1_562' title='bbox 1358 1832 1390 1859; x_wconf 84' lang='grc' dir='ltr'>τὸ</span> <span class='ocrx_word' id='word_1_563' title='bbox 1418 1831 1562 1867; x_wconf 81' lang='grc' dir='ltr'>ἀσώματον</span> <span class='ocrx_word' id='word_1_564' title='bbox 1592 1829 1642 1857; x_wconf 76' lang='grc' dir='ltr'>οὐκ</span> <span class='ocrx_word' id='word_1_565' title='bbox 1656 1828 1681 1856; x_wconf 73' lang='grc' dir='ltr'>ἐν</span> <span class='ocrx_word' id='word_1_566' title='bbox 1696 1829 1784 1864; x_wconf 76' lang='grc' dir='ltr'>τόπῳ.</span> <span class='ocrx_word' id='word_1_567' title='bbox 1815 1827 1847 1855; x_wconf 75' lang='lat' dir='ltr'>El</span> 
     </span>
    </p>
   </div>
   <div class='ocr_carea' id='block_1_84' title="bbox 1021 1872 1849 1917">
    <p class='ocr_par' dir='ltr' id='par_1_84' title="bbox 1021 1872 1849 1917">
     <span class='ocr_line' id='line_1_84' title="bbox 1021 1872 1849 1917; baseline -0.01 -10"><span class='ocrx_word' id='word_1_568' title='bbox 1021 1879 1073 1917; x_wconf 75' lang='grc' dir='ltr'>γὰρ</span> <span class='ocrx_word' id='word_1_569' title='bbox 1106 1880 1145 1914; x_wconf 80' lang='grc' dir='ltr'>τῷ</span> <span class='ocrx_word' id='word_1_570' title='bbox 1172 1877 1283 1914; x_wconf 75' lang='grc' dir='ltr'>ἐναντίῳ</span> <span class='ocrx_word' id='word_1_571' title='bbox 1310 1877 1341 1905; x_wconf 88' lang='grc' dir='ltr'>τὸ</span> <span class='ocrx_word' id='word_1_572' title='bbox 1370 1876 1498 1912; x_wconf 82' lang='grc' dir='ltr'>ἐναντίον,</span> <span class='ocrx_word' id='word_1_573' title='bbox 1535 1874 1579 1902; x_wconf 81' lang='grc' dir='ltr'>καὶ</span> <span class='ocrx_word' id='word_1_574' title='bbox 1609 1876 1647 1910; x_wconf 81' lang='grc' dir='ltr'>τῷ</span> <span class='ocrx_word' id='word_1_575' title='bbox 1673 1873 1786 1909; x_wconf 76' lang='grc' dir='ltr'>ἐνανκίῳ</span> <span class='ocrx_word' id='word_1_576' title='bbox 1815 1872 1849 1899; x_wconf 81' lang='grc' dir='ltr'>τὸ</span> 
     </span>
    </p>
   </div>
   <div class='ocr_carea' id='block_1_85' title="bbox 1022 1917 1848 1958">
    <p class='ocr_par' dir='ltr' id='par_1_85' title="bbox 1022 1917 1848 1958">
     <span class='ocr_line' id='line_1_85' title="bbox 1022 1917 1848 1958; baseline -0.008 -7"><span class='ocrx_word' id='word_1_577' title='bbox 1022 1924 1152 1952; x_wconf 74' lang='grc' dir='ltr'>ἐνάντιον.</span> <span class='ocrx_word' id='word_1_578' title='bbox 1169 1923 1243 1956; x_wconf 84' lang='grc' dir='ltr'>Οἱον,</span> <span class='ocrx_word' id='word_1_579' title='bbox 1260 1921 1282 1950; x_wconf 78' lang='grc' dir='ltr'>εἰ</span> <span class='ocrx_word' id='word_1_580' title='bbox 1296 1924 1337 1958; x_wconf 78' lang='grc' dir='ltr'>τῷ</span> <span class='ocrx_word' id='word_1_581' title='bbox 1352 1921 1457 1958; x_wconf 84' lang='grc' dir='ltr'>σώματι</span> <span class='ocrx_word' id='word_1_582' title='bbox 1473 1919 1504 1948; x_wconf 81' lang='grc' dir='ltr'>τὸ</span> <span class='ocrx_word' id='word_1_583' title='bbox 1518 1919 1584 1947; x_wconf 76' lang='grc' dir='ltr'>εἶναι</span> <span class='ocrx_word' id='word_1_584' title='bbox 1596 1918 1621 1946; x_wconf 77' lang='grc' dir='ltr'>ἐν</span> <span class='ocrx_word' id='word_1_585' title='bbox 1632 1918 1720 1954; x_wconf 84' lang='grc' dir='ltr'>τόπῳ,</span> <span class='ocrx_word' id='word_1_586' title='bbox 1736 1917 1848 1953; x_wconf 76' lang='grc' dir='ltr'>ἐναντίῳ</span> 
     </span>
    </p>
   </div>
   <div class='ocr_carea' id='block_1_86' title="bbox 1022 1962 1850 2005">
    <p class='ocr_par' dir='ltr' id='par_1_86' title="bbox 1022 1962 1850 2005">
     <span class='ocr_line' id='line_1_86' title="bbox 1022 1962 1850 2005; baseline -0.01 -8"><span class='ocrx_word' id='word_1_587' title='bbox 1022 1967 1079 1997; x_wconf 75' lang='grc' dir='ltr'>ὄντι</span> <span class='ocrx_word' id='word_1_588' title='bbox 1090 1968 1130 2005; x_wconf 83' lang='grc' dir='ltr'>τῷ</span> <span class='ocrx_word' id='word_1_589' title='bbox 1145 1968 1282 2005; x_wconf 79' lang='grc' dir='ltr'>ἀσωμάτῳ</span> <span class='ocrx_word' id='word_1_590' title='bbox 1296 1967 1327 1994; x_wconf 86' lang='grc' dir='ltr'>τὸ</span> <span class='ocrx_word' id='word_1_591' title='bbox 1346 1966 1383 2004; x_wconf 83' lang='grc' dir='ltr'>μὴ</span> <span class='ocrx_word' id='word_1_592' title='bbox 1401 1966 1426 1993; x_wconf 78' lang='grc' dir='ltr'>ὲν</span> <span class='ocrx_word' id='word_1_593' title='bbox 1439 1965 1517 2002; x_wconf 85' lang='grc' dir='ltr'>τόπῳ</span> <span class='ocrx_word' id='word_1_594' title='bbox 1532 1965 1608 1993; x_wconf 72' lang='grc' dir='ltr'>εἶναι.</span> <span class='ocrx_word' id='word_1_595' title='bbox 1623 1963 1663 1992; x_wconf 79' lang='grc' dir='ltr'>Τὰ</span> <span class='ocrx_word' id='word_1_596' title='bbox 1679 1964 1730 2001; x_wconf 78' lang='grc' dir='ltr'>γὰρ</span> <span class='ocrx_word' id='word_1_597' title='bbox 1745 1962 1850 2000; x_wconf 80' lang='grc' dir='ltr'>κυρίως</span> 
     </span>
    </p>
   </div>
   <div class='ocr_carea' id='block_1_87' title="bbox 1023 2006 1848 2051">
    <p class='ocr_par' dir='ltr' id='par_1_87' title="bbox 1023 2006 1848 2051">
     <span class='ocr_line' id='line_1_87' title="bbox 1023 2006 1848 2051; baseline -0.01 -9"><span class='ocrx_word' id='word_1_598' title='bbox 1023 2014 1173 2051; x_wconf 85' lang='grc' dir='ltr'>ἀσώματα,</span> <span class='ocrx_word' id='word_1_599' title='bbox 1201 2012 1342 2051; x_wconf 84' lang='grc' dir='ltr'>κρεῖττὸνα</span> <span class='ocrx_word' id='word_1_600' title='bbox 1370 2011 1421 2038; x_wconf 77' lang='grc' dir='ltr'>εἶσι</span> <span class='ocrx_word' id='word_1_601' title='bbox 1449 2010 1566 2046; x_wconf 76' lang='grc' dir='ltr'>τούτου,</span> <span class='ocrx_word' id='word_1_602' title='bbox 1596 2009 1642 2036; x_wconf 84' lang='grc' dir='ltr'>καὶ</span> <span class='ocrx_word' id='word_1_603' title='bbox 1667 2010 1789 2039; x_wconf 81' lang='grc' dir='ltr'>τοπικῶς</span> <span class='ocrx_word' id='word_1_604' title='bbox 1817 2006 1848 2034; x_wconf 76' lang='grc' dir='ltr'>οὐ</span> 
     </span>
    </p>
   </div>
   <div class='ocr_carea' id='block_1_88' title="bbox 1022 2051 1848 2093">
    <p class='ocr_par' dir='ltr' id='par_1_88' title="bbox 1022 2051 1848 2093">
     <span class='ocr_line' id='line_1_88' title="bbox 1022 2051 1848 2093; baseline -0.01 -7"><span class='ocrx_word' id='word_1_605' title='bbox 1022 2059 1129 2093; x_wconf 74' lang='grc' dir='ltr'>πάρεισι</span> <span class='ocrx_word' id='word_1_606' title='bbox 1154 2060 1213 2088; x_wconf 85' lang='grc' dir='ltr'>τοῖς</span> <span class='ocrx_word' id='word_1_607' title='bbox 1242 2057 1361 2093; x_wconf 76' lang='grc' dir='ltr'>σώμασι,</span> <span class='ocrx_word' id='word_1_608' title='bbox 1376 2057 1411 2093; x_wconf 78' lang='grc' dir='ltr'>τῇ</span> <span class='ocrx_word' id='word_1_609' title='bbox 1427 2054 1456 2082; x_wconf 67' lang='grc' dir='ltr'>δὲ</span> <span class='ocrx_word' id='word_1_610' title='bbox 1471 2055 1563 2092; x_wconf 67' lang='grc' dir='ltr'>σχέσει</span> <span class='ocrx_word' id='word_1_611' title='bbox 1591 2052 1714 2091; x_wconf 77' lang='grc' dir='ltr'>πάρεισιν</span> <span class='ocrx_word' id='word_1_612' title='bbox 1740 2051 1848 2083; x_wconf 82' lang='grc' dir='ltr'>αὐτοῖς·</span> 
     </span>
    </p>
   </div>
   <div class='ocr_carea' id='block_1_89' title="bbox 1023 2096 1849 2140">
    <p class='ocr_par' dir='ltr' id='par_1_89' title="bbox 1023 2096 1849 2140">
     <span class='ocr_line' id='line_1_89' title="bbox 1023 2096 1849 2140; baseline -0.01 -9"><span class='ocrx_word' id='word_1_613' title='bbox 1023 2102 1080 2131; x_wconf 84' lang='grc' dir='ltr'>οἷόν</span> <span class='ocrx_word' id='word_1_614' title='bbox 1092 2114 1118 2130; x_wconf 82' lang='grc' dir='ltr'>τι</span> <span class='ocrx_word' id='word_1_615' title='bbox 1135 2101 1218 2140; x_wconf 69' lang='grc' dir='ltr'>λέγω·</span> <span class='ocrx_word' id='word_1_616' title='bbox 1246 2103 1264 2136; x_wconf 79' lang='grc' dir='ltr'>ἡ</span> <span class='ocrx_word' id='word_1_617' title='bbox 1292 2101 1368 2138; x_wconf 80' lang='grc' dir='ltr'>ψυχὴ</span> <span class='ocrx_word' id='word_1_618' title='bbox 1402 2100 1468 2137; x_wconf 73' lang='grc' dir='ltr'>μετὰ</span> <span class='ocrx_word' id='word_1_619' title='bbox 1497 2098 1628 2126; x_wconf 80' lang='grc' dir='ltr'>ἀπόλυσιν</span> <span class='ocrx_word' id='word_1_620' title='bbox 1657 2098 1706 2132; x_wconf 77' lang='grc' dir='ltr'>τήν</span> <span class='ocrx_word' id='word_1_621' title='bbox 1730 2096 1784 2124; x_wconf 82' lang='grc' dir='ltr'>ἀπὸ</span> <span class='ocrx_word' id='word_1_622' title='bbox 1799 2098 1849 2124; x_wconf 82' lang='grc' dir='ltr'>τοῦ</span> 
     </span>
    </p>
   </div>
   <div class='ocr_carea' id='block_1_90' title="bbox 1023 2142 1848 2184">
    <p class='ocr_par' dir='ltr' id='par_1_90' title="bbox 1023 2142 1848 2184">
     <span class='ocr_line' id='line_1_90' title="bbox 1023 2142 1848 2184; baseline -0.008 -9"><span class='ocrx_word' id='word_1_623' title='bbox 1023 2148 1160 2184; x_wconf 84' lang='grc' dir='ltr'>σώματος,</span> <span class='ocrx_word' id='word_1_624' title='bbox 1190 2146 1213 2174; x_wconf 84' lang='grc' dir='ltr'>εἷ</span> <span class='ocrx_word' id='word_1_625' title='bbox 1244 2146 1290 2182; x_wconf 70' lang='grc' dir='ltr'>μὲν</span> <span class='ocrx_word' id='word_1_626' title='bbox 1320 2147 1445 2182; x_wconf 78' lang='grc' dir='ltr'>καθαρῶς</span> <span class='ocrx_word' id='word_1_627' title='bbox 1473 2143 1620 2181; x_wconf 77' lang='grc' dir='ltr'>ἀπαλλαγῇ</span> <span class='ocrx_word' id='word_1_628' title='bbox 1650 2142 1696 2169; x_wconf 84' lang='grc' dir='ltr'>καὶ</span> <span class='ocrx_word' id='word_1_629' title='bbox 1726 2142 1848 2177; x_wconf 79' lang='grc' dir='ltr'>ἀπαθῶς,</span> 
     </span>
    </p>
   </div>
   <div class='ocr_carea' id='block_1_91' title="bbox 143 2185 963 2235">
    <p class='ocr_par' dir='ltr' id='par_1_91' title="bbox 143 2189 963 2235">
     <span class='ocr_line' id='line_1_91' title="bbox 143 2189 963 2235; baseline 0.009 -20"><span class='ocrx_word' id='word_1_630' title='bbox 143 2196 218 2235; x_wconf 73' lang='lat' dir='ltr'>pura</span> <span class='ocrx_word' id='word_1_631' title='bbox 244 2190 272 2217; x_wconf 85' lang='lat' dir='ltr'>et</span> <span class='ocrx_word' id='word_1_632' title='bbox 294 2189 447 2217; x_wconf 78' lang='lat' dir='ltr'>all&#39;ectibus</span> <span class='ocrx_word' id='word_1_633' title='bbox 473 2189 565 2218; x_wconf 83' lang='lat' dir='ltr'>libera</span> <span class='ocrx_word' id='word_1_634' title='bbox 579 2191 758 2226; x_wconf 85' lang='lat' dir='ltr'>discesserit,</span> <span class='ocrx_word' id='word_1_635' title='bbox 775 2201 831 2221; x_wconf 89' lang='lat' dir='ltr'>non</span> <span class='ocrx_word' id='word_1_636' title='bbox 848 2194 963 2222; x_wconf 75' lang='lat' dir='ltr'>habebit</span> 
     </span>
    </p>
   </div>
   <div class='ocr_carea' id='block_1_92' title="bbox 1053 2185 1851 2235">
    <p class='ocr_par' dir='ltr' id='par_1_92' title="bbox 1056 2185 1851 2230">
     <span class='ocr_line' id='line_1_92' title="bbox 1056 2185 1851 2230; baseline -0.009 -10"><span class='ocrx_word' id='word_1_637' title='bbox 1056 2203 1072 2220; x_wconf 88' lang='grc' dir='ltr'>κ</span> <span class='ocrx_word' id='word_1_638' title='bbox 1097 2191 1154 2230; x_wconf 82' lang='grc' dir='ltr'>ἔχει</span> <span class='ocrx_word' id='word_1_639' title='bbox 1183 2190 1275 2228; x_wconf 81' lang='grc' dir='ltr'>σχέσιν</span> <span class='ocrx_word' id='word_1_640' title='bbox 1298 2190 1366 2228; x_wconf 83' lang='grc' dir='ltr'>πρὸς</span> <span class='ocrx_word' id='word_1_641' title='bbox 1379 2190 1410 2217; x_wconf 87' lang='grc' dir='ltr'>τὸ</span> <span class='ocrx_word' id='word_1_642' title='bbox 1437 2191 1517 2225; x_wconf 82' lang='grc' dir='ltr'>σῶμα</span> <span class='ocrx_word' id='word_1_643' title='bbox 1534 2187 1549 2215; x_wconf 75' lang='grc' dir='ltr'>ὅ</span> <span class='ocrx_word' id='word_1_644' title='bbox 1568 2186 1761 2215; x_wconf 61' lang='grc' dir='ltr'>ἀπολέλοιπεν</span> <span class='ocrx_word' id='word_1_645' title='bbox 1780 2185 1804 2214; x_wconf 80' lang='grc' dir='ltr'>εί</span> <span class='ocrx_word' id='word_1_646' title='bbox 1821 2185 1851 2214; x_wconf 68' lang='grc' dir='ltr'>δὲ</span> 
     </span>
    </p>
   </div>
   <div class='ocr_carea' id='block_1_93' title="bbox 143 2232 967 2273">
    <p class='ocr_par' dir='ltr' id='par_1_93' title="bbox 143 2232 967 2273">
     <span class='ocr_line' id='line_1_93' title="bbox 143 2232 967 2273; baseline 0.008 -13"><span class='ocrx_word' id='word_1_647' title='bbox 143 2232 315 2261; x_wconf 85' lang='lat' dir='ltr'>relationem</span> <span class='ocrx_word' id='word_1_648' title='bbox 327 2234 362 2261; x_wconf 84' lang='lat' dir='ltr'>ad</span> <span class='ocrx_word' id='word_1_649' title='bbox 375 2242 482 2270; x_wconf 89' lang='lat' dir='ltr'>corpus</span> <span class='ocrx_word' id='word_1_650' title='bbox 494 2236 571 2270; x_wconf 89' lang='lat' dir='ltr'>quod</span> <span class='ocrx_word' id='word_1_651' title='bbox 584 2236 742 2273; x_wconf 86' lang='lat' dir='ltr'>reliquit.Si</span> <span class='ocrx_word' id='word_1_652' title='bbox 753 2246 820 2266; x_wconf 87' lang='lat' dir='ltr'>vero</span> <span class='ocrx_word' id='word_1_653' title='bbox 832 2239 967 2267; x_wconf 66' lang='lat' dir='ltr'>affectum</span> 
     </span>
    </p>
   </div>
   <div class='ocr_carea' id='block_1_94' title="bbox 143 2278 968 2316">
    <p class='ocr_par' dir='ltr' id='par_1_94' title="bbox 143 2278 968 2316">
     <span class='ocr_line' id='line_1_94' title="bbox 143 2278 968 2316; baseline 0.008 -11"><span class='ocrx_word' id='word_1_654' title='bbox 143 2278 311 2312; x_wconf 83' lang='lat' dir='ltr'>servaverit,</span> <span class='ocrx_word' id='word_1_655' title='bbox 324 2281 404 2307; x_wconf 80' lang='lat' dir='ltr'>amat</span> <span class='ocrx_word' id='word_1_656' title='bbox 416 2279 444 2307; x_wconf 91' lang='lat' dir='ltr'>id</span> <span class='ocrx_word' id='word_1_657' title='bbox 462 2279 549 2308; x_wconf 87' lang='lat' dir='ltr'>etiam</span> <span class='ocrx_word' id='word_1_658' title='bbox 566 2280 707 2316; x_wconf 86' lang='lat' dir='ltr'>solutum,</span> <span class='ocrx_word' id='word_1_659' title='bbox 724 2284 753 2310; x_wconf 86' lang='lat' dir='ltr'>et</span> <span class='ocrx_word' id='word_1_660' title='bbox 768 2283 876 2311; x_wconf 85' lang='lat' dir='ltr'>amoris</span> <span class='ocrx_word' id='word_1_661' title='bbox 892 2284 968 2312; x_wconf 84' lang='lat' dir='ltr'>rela-</span> 
     </span>
    </p>
   </div>
   <div class='ocr_carea' id='block_1_95' title="bbox 143 2323 968 2363">
    <p class='ocr_par' dir='ltr' id='par_1_95' title="bbox 143 2323 968 2363">
     <span class='ocr_line' id='line_1_95' title="bbox 143 2323 968 2363; baseline 0.008 -13"><span class='ocrx_word' id='word_1_662' title='bbox 143 2323 223 2351; x_wconf 75' lang='lat' dir='ltr'>tione</span> <span class='ocrx_word' id='word_1_663' title='bbox 236 2332 340 2352; x_wconf 85' lang='lat' dir='ltr'>versus</span> <span class='ocrx_word' id='word_1_664' title='bbox 355 2323 426 2351; x_wconf 90' lang='lat' dir='ltr'>illud</span> <span class='ocrx_word' id='word_1_665' title='bbox 443 2324 577 2359; x_wconf 83' lang='lat' dir='ltr'>fertur,et</span> <span class='ocrx_word' id='word_1_666' title='bbox 592 2325 760 2355; x_wconf 83' lang='lat' dir='ltr'>substantia</span> <span class='ocrx_word' id='word_1_667' title='bbox 781 2327 899 2363; x_wconf 87' lang='lat' dir='ltr'>quidem</span> <span class='ocrx_word' id='word_1_668' title='bbox 924 2331 968 2357; x_wconf 87' lang='lat' dir='ltr'>at-</span> 
     </span>
    </p>
   </div>
   <div class='ocr_carea' id='block_1_96' title="bbox 144 2368 967 2409">
    <p class='ocr_par' dir='ltr' id='par_1_96' title="bbox 144 2368 967 2409">
     <span class='ocr_line' id='line_1_96' title="bbox 144 2368 967 2409; baseline 0.007 -13"><span class='ocrx_word' id='word_1_669' title='bbox 144 2376 201 2405; x_wconf 87' lang='lat' dir='ltr'>que</span> <span class='ocrx_word' id='word_1_670' title='bbox 217 2368 345 2397; x_wconf 81' lang='lat' dir='ltr'>essentia</span> <span class='ocrx_word' id='word_1_671' title='bbox 360 2369 473 2405; x_wconf 87' lang='lat' dir='ltr'>corpori</span> <span class='ocrx_word' id='word_1_672' title='bbox 488 2369 670 2405; x_wconf 84' lang='lat' dir='ltr'>incorporale</span> <span class='ocrx_word' id='word_1_673' title='bbox 686 2379 744 2399; x_wconf 90' lang='lat' dir='ltr'>non</span> <span class='ocrx_word' id='word_1_674' title='bbox 760 2374 805 2400; x_wconf 83' lang='lat' dir='ltr'>est</span> <span class='ocrx_word' id='word_1_675' title='bbox 828 2380 967 2409; x_wconf 56' lang='lat' dir='ltr'>presens,</span> 
     </span>
    </p>
   </div>
   <div class='ocr_carea' id='block_1_97' title="bbox 145 2412 969 2454">
    <p class='ocr_par' dir='ltr' id='par_1_97' title="bbox 145 2412 969 2454">
     <span class='ocr_line' id='line_1_97' title="bbox 145 2412 969 2454; baseline 0.008 -14"><span class='ocrx_word' id='word_1_676' title='bbox 145 2412 250 2441; x_wconf 84' lang='lat' dir='ltr'>al‘fectu</span> <span class='ocrx_word' id='word_1_677' title='bbox 276 2415 374 2442; x_wconf 87' lang='lat' dir='ltr'>tamen</span> <span class='ocrx_word' id='word_1_678' title='bbox 398 2414 516 2450; x_wconf 85' lang='lat' dir='ltr'>quando</span> <span class='ocrx_word' id='word_1_679' title='bbox 537 2414 599 2442; x_wconf 87' lang='lat' dir='ltr'>vult</span> <span class='ocrx_word' id='word_1_680' title='bbox 621 2415 657 2443; x_wconf 85' lang='lat' dir='ltr'>ad</span> <span class='ocrx_word' id='word_1_681' title='bbox 685 2415 758 2444; x_wconf 86' lang='lat' dir='ltr'>illud</span> <span class='ocrx_word' id='word_1_682' title='bbox 787 2417 877 2446; x_wconf 76' lang='lat' dir='ltr'>veluti</span> <span class='ocrx_word' id='word_1_683' title='bbox 905 2427 969 2454; x_wconf 87' lang='lat' dir='ltr'>pro-</span> 
     </span>
    </p>
   </div>
   <div class='ocr_carea' id='block_1_98' title="bbox 147 2457 232 2494">
    <p class='ocr_par' dir='ltr' id='par_1_98' title="bbox 147 2457 232 2494">
     <span class='ocr_line' id='line_1_98' title="bbox 147 2457 232 2494; baseline 0.012 -9"><span class='ocrx_word' id='word_1_684' title='bbox 147 2457 232 2494; x_wconf 86' lang='lat' dir='ltr'>repit.</span> 
     </span>
    </p>
   </div>
   <div class='ocr_carea' id='block_1_99' title="bbox 347 2503 771 2534">
    <p class='ocr_par' dir='ltr' id='par_1_99' title="bbox 347 2503 771 2534">
     <span class='ocr_line' id='line_1_99' title="bbox 347 2503 771 2534; baseline 0.012 -5"><span class='ocrx_word' id='word_1_685' title='bbox 347 2503 391 2530; x_wconf 93' lang='lat'>73.</span> <span class='ocrx_word' id='word_1_686' title='bbox 408 2503 480 2531; x_wconf 85' lang='lat' dir='ltr'>Num</span> <span class='ocrx_word' id='word_1_687' title='bbox 494 2503 612 2532; x_wconf 78' lang='lat' dir='ltr'>materia</span> <span class='ocrx_word' id='word_1_688' title='bbox 626 2505 664 2532; x_wconf 74' lang='lat' dir='ltr'>sit</span> <span class='ocrx_word' id='word_1_689' title='bbox 680 2505 748 2534; x_wconf 86' lang='lat' dir='ltr'>bona</span> <span class='ocrx_word' id='word_1_690' title='bbox 758 2509 771 2534; x_wconf 74' lang='lat' dir='ltr'>r</span> 
     </span>
    </p>
   </div>
   <div class='ocr_carea' id='block_1_100' title="bbox 181 2547 971 2583">
    <p class='ocr_par' dir='ltr' id='par_1_100' title="bbox 181 2547 971 2583">
     <span class='ocr_line' id='line_1_100' title="bbox 181 2547 971 2583; baseline 0.008 -8"><span class='ocrx_word' id='word_1_691' title='bbox 181 2547 261 2576; x_wconf 81' lang='lat' dir='ltr'>Plato</span> <span class='ocrx_word' id='word_1_692' title='bbox 274 2547 467 2583; x_wconf 86' lang='lat' dir='ltr'>philosophus</span> <span class='ocrx_word' id='word_1_693' title='bbox 482 2547 510 2574; x_wconf 91' lang='lat' dir='ltr'>in</span> <span class='ocrx_word' id='word_1_694' title='bbox 527 2549 625 2577; x_wconf 68' lang='lat' dir='ltr'>Timaeo</span> <span class='ocrx_word' id='word_1_695' title='bbox 640 2551 791 2579; x_wconf 85' lang='lat' dir='ltr'>materiam</span> <span class='ocrx_word' id='word_1_696' title='bbox 806 2552 885 2580; x_wconf 86' lang='lat' dir='ltr'>velut</span> <span class='ocrx_word' id='word_1_697' title='bbox 910 2560 971 2581; x_wconf 87' lang='lat' dir='ltr'>ma-</span> 
     </span>
    </p>
   </div>
   <div class='ocr_carea' id='block_1_101' title="bbox 146 2591 968 2633">
    <p class='ocr_par' dir='ltr' id='par_1_101' title="bbox 146 2591 968 2633">
     <span class='ocr_line' id='line_1_101' title="bbox 146 2591 968 2633; baseline 0.007 -13"><span class='ocrx_word' id='word_1_698' title='bbox 146 2594 219 2620; x_wconf 87' lang='lat' dir='ltr'>trem</span> <span class='ocrx_word' id='word_1_699' title='bbox 235 2595 263 2620; x_wconf 88' lang='lat' dir='ltr'>ot</span> <span class='ocrx_word' id='word_1_700' title='bbox 279 2591 421 2619; x_wconf 87' lang='lat' dir='ltr'>nutricem</span> <span class='ocrx_word' id='word_1_701' title='bbox 437 2593 634 2628; x_wconf 80' lang='lat' dir='ltr'>generationis</span> <span class='ocrx_word' id='word_1_702' title='bbox 647 2602 745 2623; x_wconf 85' lang='lat' dir='ltr'>rerum</span> <span class='ocrx_word' id='word_1_703' title='bbox 767 2597 968 2633; x_wconf 85' lang='lat' dir='ltr'>pulchrarum,</span> 
     </span>
    </p>
   </div>
   <div class='ocr_carea' id='block_1_102' title="bbox 147 2636 970 2677">
    <p class='ocr_par' dir='ltr' id='par_1_102' title="bbox 147 2636 970 2677">
     <span class='ocr_line' id='line_1_102' title="bbox 147 2636 970 2677; baseline 0.01 -14"><span class='ocrx_word' id='word_1_704' title='bbox 147 2644 326 2671; x_wconf 82' lang='lat' dir='ltr'>causamque</span> <span class='ocrx_word' id='word_1_705' title='bbox 343 2636 451 2664; x_wconf 86' lang='lat' dir='ltr'>sociam</span> <span class='ocrx_word' id='word_1_706' title='bbox 468 2637 624 2667; x_wconf 85' lang='lat' dir='ltr'>creationis</span> <span class='ocrx_word' id='word_1_707' title='bbox 640 2640 743 2668; x_wconf 89' lang='lat' dir='ltr'>mundi</span> <span class='ocrx_word' id='word_1_708' title='bbox 759 2641 907 2677; x_wconf 86' lang='lat' dir='ltr'>praedicat;</span> <span class='ocrx_word' id='word_1_709' title='bbox 919 2643 970 2671; x_wconf 88' lang='lat' dir='ltr'>sed</span> 
     </span>
    </p>
   </div>
   <div class='ocr_carea' id='block_1_103' title="bbox 149 2680 972 2721">
    <p class='ocr_par' dir='ltr' id='par_1_103' title="bbox 149 2680 972 2721">
     <span class='ocr_line' id='line_1_103' title="bbox 149 2680 972 2721; baseline 0.007 -12"><span class='ocrx_word' id='word_1_710' title='bbox 149 2680 198 2709; x_wconf 89' lang='lat' dir='ltr'>ubi</span> <span class='ocrx_word' id='word_1_711' title='bbox 215 2680 328 2708; x_wconf 82' lang='lat' dir='ltr'>Eleates</span> <span class='ocrx_word' id='word_1_712' title='bbox 343 2681 449 2717; x_wconf 87' lang='lat' dir='ltr'>hospes</span> <span class='ocrx_word' id='word_1_713' title='bbox 465 2681 673 2719; x_wconf 82' lang='lat' dir='ltr'>loquitur,ipsa</span> <span class='ocrx_word' id='word_1_714' title='bbox 688 2693 776 2713; x_wconf 83' lang='lat' dir='ltr'>causa</span> <span class='ocrx_word' id='word_1_715' title='bbox 787 2686 972 2721; x_wconf 41' lang='lat' dir='ltr'>esse&#39;jdicitur</span> 
     </span>
    </p>
   </div>
   <div class='ocr_carea' id='block_1_104' title="bbox 148 2725 970 2768">
    <p class='ocr_par' dir='ltr' id='par_1_104' title="bbox 148 2725 970 2768">
     <span class='ocr_line' id='line_1_104' title="bbox 148 2725 970 2768; baseline 0.01 -16"><span class='ocrx_word' id='word_1_716' title='bbox 148 2725 374 2754; x_wconf 81' lang='lat' dir='ltr'>inordinationis</span> <span class='ocrx_word' id='word_1_717' title='bbox 390 2726 418 2754; x_wconf 88' lang='lat' dir='ltr'>in</span> <span class='ocrx_word' id='word_1_718' title='bbox 436 2727 583 2755; x_wconf 84' lang='lat' dir='ltr'>universo.</span> <span class='ocrx_word' id='word_1_719' title='bbox 599 2729 635 2755; x_wconf 88' lang='lat' dir='ltr'>At</span> <span class='ocrx_word' id='word_1_720' title='bbox 656 2729 684 2756; x_wconf 89' lang='lat' dir='ltr'>in</span> <span class='ocrx_word' id='word_1_721' title='bbox 710 2729 830 2758; x_wconf 85' lang='lat' dir='ltr'>Philebo</span> <span class='ocrx_word' id='word_1_722' title='bbox 855 2731 970 2768; x_wconf 84' lang='lat' dir='ltr'>dialogo</span> 
     </span>
    </p>
   </div>
   <div class='ocr_carea' id='block_1_105' title="bbox 148 2769 972 2813">
    <p class='ocr_par' dir='ltr' id='par_1_105' title="bbox 148 2769 972 2813">
     <span class='ocr_line' id='line_1_105' title="bbox 148 2769 972 2813; baseline 0.007 -14"><span class='ocrx_word' id='word_1_723' title='bbox 148 2779 212 2800; x_wconf 79' lang='lat' dir='ltr'>eam</span> <span class='ocrx_word' id='word_1_724' title='bbox 230 2778 247 2800; x_wconf 83' lang='lat' dir='ltr'>a</span> <span class='ocrx_word' id='word_1_725' title='bbox 259 2769 318 2800; x_wconf 85' lang='lat' dir='ltr'>Deo</span> <span class='ocrx_word' id='word_1_726' title='bbox 333 2773 477 2808; x_wconf 81' lang='lat' dir='ltr'>repetens,</span> <span class='ocrx_word' id='word_1_727' title='bbox 495 2772 627 2801; x_wconf 89' lang='lat' dir='ltr'>divinam</span> <span class='ocrx_word' id='word_1_728' title='bbox 643 2776 671 2801; x_wconf 86' lang='lat' dir='ltr'>et</span> <span class='ocrx_word' id='word_1_729' title='bbox 686 2774 766 2810; x_wconf 81' lang='lat' dir='ltr'>[quia</span> <span class='ocrx_word' id='word_1_730' title='bbox 788 2785 804 2805; x_wconf 83' lang='lat' dir='ltr'>a</span> <span class='ocrx_word' id='word_1_731' title='bbox 827 2775 885 2805; x_wconf 86' lang='lat' dir='ltr'>Deo</span> <span class='ocrx_word' id='word_1_732' title='bbox 908 2784 972 2813; x_wconf 65' lang='lat' dir='ltr'>pro-</span> 
     </span>
    </p>
   </div>
   <div class='ocr_carea' id='block_1_106' title="bbox 1024 2232 1846 2274">
    <p class='ocr_par' dir='ltr' id='par_1_106' title="bbox 1024 2232 1846 2274">
     <span class='ocr_line' id='line_1_106' title="bbox 1024 2232 1846 2274; baseline -0.009 -9"><span class='ocrx_word' id='word_1_733' title='bbox 1024 2237 1162 2274; x_wconf 80' lang='grc' dir='ltr'>ἐμπαθῶς,</span> <span class='ocrx_word' id='word_1_734' title='bbox 1194 2236 1283 2273; x_wconf 87' lang='grc' dir='ltr'>ἀγαπᾷ</span> <span class='ocrx_word' id='word_1_735' title='bbox 1310 2235 1376 2262; x_wconf 83' lang='grc' dir='ltr'>αὐτὸ</span> <span class='ocrx_word' id='word_1_736' title='bbox 1402 2234 1447 2262; x_wconf 81' lang='grc' dir='ltr'>καὶ</span> <span class='ocrx_word' id='word_1_737' title='bbox 1476 2232 1612 2266; x_wconf 71' lang='grc' dir='ltr'>διαλυθὲν,</span> <span class='ocrx_word' id='word_1_738' title='bbox 1641 2233 1684 2260; x_wconf 79' lang='grc' dir='ltr'>καὶ</span> <span class='ocrx_word' id='word_1_739' title='bbox 1710 2233 1728 2266; x_wconf 84' lang='grc' dir='ltr'><strong>ἡ</strong></span> <span class='ocrx_word' id='word_1_740' title='bbox 1751 2232 1846 2269; x_wconf 79' lang='grc' dir='ltr'>ἀγάπη</span> 
     </span>
    </p>
   </div>
   <div class='ocr_carea' id='block_1_107' title="bbox 1023 2275 1849 2320">
    <p class='ocr_par' dir='ltr' id='par_1_107' title="bbox 1023 2275 1849 2320">
     <span class='ocr_line' id='line_1_107' title="bbox 1023 2275 1849 2320; baseline -0.007 -11"><span class='ocrx_word' id='word_1_741' title='bbox 1023 2282 1117 2320; x_wconf 65' lang='grc' dir='ltr'>σχέσις</span> <span class='ocrx_word' id='word_1_742' title='bbox 1145 2281 1214 2318; x_wconf 83' lang='grc' dir='ltr'>πρὸς</span> <span class='ocrx_word' id='word_1_743' title='bbox 1241 2279 1318 2315; x_wconf 80' lang='grc' dir='ltr'>αὐτὸ,</span> <span class='ocrx_word' id='word_1_744' title='bbox 1343 2278 1388 2307; x_wconf 84' lang='grc' dir='ltr'>καὶ</span> <span class='ocrx_word' id='word_1_745' title='bbox 1416 2278 1561 2308; x_wconf 79' lang='grc' dir='ltr'>ὑποστάσει</span> <span class='ocrx_word' id='word_1_746' title='bbox 1592 2277 1639 2313; x_wconf 72' lang='grc' dir='ltr'>μὶν</span> <span class='ocrx_word' id='word_1_747' title='bbox 1668 2277 1686 2311; x_wconf 85' lang='grc' dir='ltr'><strong>ἡ</strong></span> <span class='ocrx_word' id='word_1_748' title='bbox 1715 2275 1849 2320; x_wconf 21' lang='grc' dir='ltr'>οὐσίᾳ,οὐ</span> 
     </span>
    </p>
   </div>
   <div class='ocr_carea' id='block_1_108' title="bbox 1023 2319 1850 2363">
    <p class='ocr_par' dir='ltr' id='par_1_108' title="bbox 1023 2319 1850 2363">
     <span class='ocr_line' id='line_1_108' title="bbox 1023 2319 1850 2363; baseline -0.008 -9"><span class='ocrx_word' id='word_1_749' title='bbox 1023 2319 1134 2363; x_wconf 84' lang='grc' dir='ltr'>πάρεστι</span> <span class='ocrx_word' id='word_1_750' title='bbox 1149 2326 1181 2353; x_wconf 87' lang='grc' dir='ltr'>τὸ</span> <span class='ocrx_word' id='word_1_751' title='bbox 1196 2325 1341 2362; x_wconf 84' lang='grc' dir='ltr'>ἀσώματον</span> <span class='ocrx_word' id='word_1_752' title='bbox 1357 2327 1397 2360; x_wconf 78' lang='grc' dir='ltr'>τῷ</span> <span class='ocrx_word' id='word_1_753' title='bbox 1412 2324 1530 2360; x_wconf 85' lang='grc' dir='ltr'>σώματι,</span> <span class='ocrx_word' id='word_1_754' title='bbox 1547 2321 1621 2360; x_wconf 68' lang='grc' dir='ltr'>ῥέπει</span> <span class='ocrx_word' id='word_1_755' title='bbox 1638 2320 1668 2349; x_wconf 68' lang='grc' dir='ltr'>δὲ</span> <span class='ocrx_word' id='word_1_756' title='bbox 1691 2320 1758 2359; x_wconf 77' lang='grc' dir='ltr'>πρὸς</span> <span class='ocrx_word' id='word_1_757' title='bbox 1782 2319 1850 2358; x_wconf 69' lang='grc' dir='ltr'>αὐτὸ</span> 
     </span>
    </p>
   </div>
   <div class='ocr_carea' id='block_1_109' title="bbox 1023 2369 1247 2408">
    <p class='ocr_par' dir='ltr' id='par_1_109' title="bbox 1023 2369 1247 2408">
     <span class='ocr_line' id='line_1_109' title="bbox 1023 2369 1247 2408; baseline -0.009 -9"><span class='ocrx_word' id='word_1_758' title='bbox 1023 2371 1085 2399; x_wconf 77' lang='grc' dir='ltr'>ὃταν</span> <span class='ocrx_word' id='word_1_759' title='bbox 1102 2369 1247 2408; x_wconf 83' lang='grc' dir='ltr'>βούληται.</span> 
     </span>
    </p>
   </div>
   <div class='ocr_carea' id='block_1_110' title="bbox 1273 2499 1599 2540">
    <p class='ocr_par' dir='ltr' id='par_1_110' title="bbox 1273 2499 1599 2540">
     <span class='ocr_line' id='line_1_110' title="bbox 1273 2499 1599 2540; baseline -0.006 -9"><span class='ocrx_word' id='word_1_760' title='bbox 1273 2502 1323 2540; x_wconf 91' lang='grc' dir='ltr'>ογ’.</span> <span class='ocrx_word' id='word_1_761' title='bbox 1349 2502 1380 2530; x_wconf 80' lang='lat' dir='ltr'>El</span> <span class='ocrx_word' id='word_1_762' title='bbox 1400 2500 1483 2529; x_wconf 85' lang='grc' dir='ltr'>καλὸν</span> <span class='ocrx_word' id='word_1_763' title='bbox 1499 2501 1517 2535; x_wconf 85' lang='grc' dir='ltr'><strong>ἡ</strong></span> <span class='ocrx_word' id='word_1_764' title='bbox 1534 2499 1599 2535; x_wconf 77' lang='grc' dir='ltr'>ὕλη.</span> 
     </span>
    </p>
   </div>
   <div class='ocr_carea' id='block_1_111' title="bbox 1060 2542 1854 2587">
    <p class='ocr_par' dir='ltr' id='par_1_111' title="bbox 1060 2542 1854 2587">
     <span class='ocr_line' id='line_1_111' title="bbox 1060 2542 1854 2587; baseline -0.008 -11"><span class='ocrx_word' id='word_1_765' title='bbox 1060 2547 1173 2576; x_wconf 84' lang='grc' dir='ltr'>Πλάτων</span> <span class='ocrx_word' id='word_1_766' title='bbox 1190 2549 1205 2576; x_wconf 79' lang='grc' dir='ltr'><strong>ὁ</strong></span> <span class='ocrx_word' id='word_1_767' title='bbox 1220 2546 1371 2587; x_wconf 70' lang='grc' dir='ltr'>φιλόσοφος</span> <span class='ocrx_word' id='word_1_768' title='bbox 1388 2547 1412 2575; x_wconf 81' lang='grc' dir='ltr'>ἐν</span> <span class='ocrx_word' id='word_1_769' title='bbox 1444 2546 1490 2582; x_wconf 76' lang='grc' dir='ltr'>μὶν</span> <span class='ocrx_word' id='word_1_770' title='bbox 1506 2547 1546 2581; x_wconf 80' lang='grc' dir='ltr'>τῷ</span> <span class='ocrx_word' id='word_1_771' title='bbox 1560 2543 1671 2581; x_wconf 81' lang='grc' dir='ltr'>Τιμαίῳ</span> <span class='ocrx_word' id='word_1_772' title='bbox 1688 2542 1795 2580; x_wconf 75' lang='grc' dir='ltr'>μητέρα</span> <span class='ocrx_word' id='word_1_773' title='bbox 1807 2543 1854 2571; x_wconf 83' lang='grc' dir='ltr'>καὶ</span> 
     </span>
    </p>
   </div>
   <div class='ocr_carea' id='block_1_112' title="bbox 1024 2587 1851 2629">
    <p class='ocr_par' dir='ltr' id='par_1_112' title="bbox 1024 2587 1851 2629">
     <span class='ocr_line' id='line_1_112' title="bbox 1024 2587 1851 2629; baseline -0.008 -8"><span class='ocrx_word' id='word_1_774' title='bbox 1024 2593 1133 2629; x_wconf 83' lang='grc' dir='ltr'>τιθηνὸν</span> <span class='ocrx_word' id='word_1_775' title='bbox 1161 2594 1211 2627; x_wconf 69' lang='grc' dir='ltr'>τῆς</span> <span class='ocrx_word' id='word_1_776' title='bbox 1248 2594 1302 2620; x_wconf 78' lang='grc' dir='ltr'>τῶν</span> <span class='ocrx_word' id='word_1_777' title='bbox 1341 2591 1433 2619; x_wconf 81' lang='grc' dir='ltr'>καλῶν</span> <span class='ocrx_word' id='word_1_778' title='bbox 1469 2589 1609 2628; x_wconf 76' lang='grc' dir='ltr'>γενέσεως,</span> <span class='ocrx_word' id='word_1_779' title='bbox 1638 2588 1683 2616; x_wconf 87' lang='grc' dir='ltr'>καὶ</span> <span class='ocrx_word' id='word_1_780' title='bbox 1710 2587 1851 2616; x_wconf 81' lang='grc' dir='ltr'>συναιτίαν</span> 
     </span>
    </p>
   </div>
   <div class='ocr_carea' id='block_1_113' title="bbox 1024 2631 1851 2674">
    <p class='ocr_par' dir='ltr' id='par_1_113' title="bbox 1024 2631 1851 2674">
     <span class='ocr_line' id='line_1_113' title="bbox 1024 2631 1851 2674; baseline -0.008 -8"><span class='ocrx_word' id='word_1_781' title='bbox 1024 2642 1074 2674; x_wconf 82' lang='grc' dir='ltr'>τῆς</span> <span class='ocrx_word' id='word_1_782' title='bbox 1102 2639 1150 2665; x_wconf 78' lang='grc' dir='ltr'>τοῦ</span> <span class='ocrx_word' id='word_1_783' title='bbox 1173 2635 1287 2673; x_wconf 21' lang='grc' dir='ltr'>κόσμου,</span> <span class='ocrx_word' id='word_1_784' title='bbox 1317 2635 1498 2674; x_wconf 69' lang='grc' dir='ltr'>δημιουργίας</span> <span class='ocrx_word' id='word_1_785' title='bbox 1528 2633 1611 2668; x_wconf 80' lang='grc' dir='ltr'>αὐτὴν</span> <span class='ocrx_word' id='word_1_786' title='bbox 1648 2631 1826 2672; x_wconf 63' lang='grc' dir='ltr'>ἀποφαίνεται</span> <span class='ocrx_word' id='word_1_787' title='bbox 1844 2642 1851 2650; x_wconf 88' lang='grc'>·</span> 
     </span>
    </p>
   </div>
   <div class='ocr_carea' id='block_1_114' title="bbox 1026 2677 1850 2716">
    <p class='ocr_par' dir='ltr' id='par_1_114' title="bbox 1026 2677 1850 2716">
     <span class='ocr_line' id='line_1_114' title="bbox 1026 2677 1850 2716; baseline -0.008 -6"><span class='ocrx_word' id='word_1_788' title='bbox 1026 2683 1052 2711; x_wconf 79' lang='grc' dir='ltr'>ἐν</span> <span class='ocrx_word' id='word_1_789' title='bbox 1082 2681 1110 2710; x_wconf 74' lang='grc' dir='ltr'>δὲ</span> <span class='ocrx_word' id='word_1_790' title='bbox 1140 2684 1199 2713; x_wconf 87' lang='grc' dir='ltr'>τοῖς</span> <span class='ocrx_word' id='word_1_791' title='bbox 1226 2681 1274 2709; x_wconf 69' lang='grc' dir='ltr'>τοὺ</span> <span class='ocrx_word' id='word_1_792' title='bbox 1306 2679 1432 2709; x_wconf 80' lang='grc' dir='ltr'>Ἐλεάτου</span> <span class='ocrx_word' id='word_1_793' title='bbox 1446 2681 1520 2716; x_wconf 68' lang='grc' dir='ltr'>ξένου</span> <span class='ocrx_word' id='word_1_794' title='bbox 1536 2678 1643 2715; x_wconf 81' lang='grc' dir='ltr'>λόγοις,</span> <span class='ocrx_word' id='word_1_795' title='bbox 1659 2677 1748 2705; x_wconf 76' lang='grc' dir='ltr'>αὶτίαν</span> <span class='ocrx_word' id='word_1_796' title='bbox 1763 2677 1850 2712; x_wconf 76' lang='grc' dir='ltr'>αὐτὴν</span> 
     </span>
    </p>
   </div>
   <div class='ocr_carea' id='block_1_115' title="bbox 1026 2721 1851 2766">
    <p class='ocr_par' dir='ltr' id='par_1_115' title="bbox 1026 2721 1851 2766">
     <span class='ocr_line' id='line_1_115' title="bbox 1026 2721 1851 2766; baseline -0.007 -11"><span class='ocrx_word' id='word_1_797' title='bbox 1026 2728 1098 2766; x_wconf 68' lang='grc' dir='ltr'>λέγει</span> <span class='ocrx_word' id='word_1_798' title='bbox 1125 2730 1175 2762; x_wconf 81' lang='grc' dir='ltr'>τῆς</span> <span class='ocrx_word' id='word_1_799' title='bbox 1203 2728 1251 2754; x_wconf 77' lang='grc' dir='ltr'>τοῦ</span> <span class='ocrx_word' id='word_1_800' title='bbox 1279 2726 1378 2757; x_wconf 80' lang='grc' dir='ltr'>παντὸς</span> <span class='ocrx_word' id='word_1_801' title='bbox 1404 2725 1523 2760; x_wconf 78' lang='grc' dir='ltr'>ἀταξίας.</span> <span class='ocrx_word' id='word_1_802' title='bbox 1551 2723 1594 2752; x_wconf 81' lang='grc' dir='ltr'>Ἐν</span> <span class='ocrx_word' id='word_1_803' title='bbox 1616 2721 1645 2750; x_wconf 73' lang='grc' dir='ltr'>δὲ</span> <span class='ocrx_word' id='word_1_804' title='bbox 1671 2724 1711 2759; x_wconf 78' lang='grc' dir='ltr'>τῷ</span> <span class='ocrx_word' id='word_1_805' title='bbox 1726 2721 1851 2760; x_wconf 81' lang='grc' dir='ltr'>διαλόγῳ</span> 
     </span>
    </p>
   </div>
   <div class='ocr_carea' id='block_1_116' title="bbox 1025 2766 1850 2810">
    <p class='ocr_par' dir='ltr' id='par_1_116' title="bbox 1025 2766 1850 2810">
     <span class='ocr_line' id='line_1_116' title="bbox 1025 2766 1850 2810; baseline -0.008 -9"><span class='ocrx_word' id='word_1_806' title='bbox 1025 2775 1065 2810; x_wconf 76' lang='grc' dir='ltr'>τῷ</span> <span class='ocrx_word' id='word_1_807' title='bbox 1088 2771 1254 2809; x_wconf 67' lang='grc' dir='ltr'>καλουμένῳ</span> <span class='ocrx_word' id='word_1_808' title='bbox 1270 2768 1399 2807; x_wconf 76' lang='grc' dir='ltr'>Φιλήϐῳ,</span> <span class='ocrx_word' id='word_1_809' title='bbox 1429 2769 1481 2798; x_wconf 84' lang='grc' dir='ltr'>ἀπὸ</span> <span class='ocrx_word' id='word_1_810' title='bbox 1510 2770 1577 2798; x_wconf 77' lang='grc' dir='ltr'>Θεοῦ</span> <span class='ocrx_word' id='word_1_811' title='bbox 1599 2767 1644 2801; x_wconf 77' lang='grc' dir='ltr'>καὶ</span> <span class='ocrx_word' id='word_1_812' title='bbox 1659 2766 1759 2803; x_wconf 80' lang='grc' dir='ltr'>ταύτην</span> <span class='ocrx_word' id='word_1_813' title='bbox 1779 2777 1850 2806; x_wconf 81' lang='grc' dir='ltr'>παρ-</span> 
     </span>
    </p>
   </div>
  </div>
