1949 3055
113 114 175 145 133

706 115 757 145 DE
780 115 1001 146 OMNIFAltlA
1023 115 1234 145 DOCTllINA.

1764 113 1824 145 731

111 179 198 218 άγων,
223 179 312 213 ἔνθεον
342 180 425 216 αὐτὴν
449 181 494 209 καὶ
521 181 620 220 ἀγαθὸν
648 180 692 209 διὰ
717 182 765 216 τὴν
798 181 850 208 ἀπὸ
874 182 941 209 Θεοῦ

1031 185 1085 210 tata
1100 183 1145 209 est
1162 181 1270 209 bonum
1285 180 1421 209 afﬁrmat.
1437 182 1546 209 Verum
1560 178 1681 207 Proclus
1698 178 1826 215 philoso-

113 225 232 263 γίννεσιν
264 225 449 264 ἀποφαίνεται.
474 226 601 263 Πρόκλος
629 225 658 253 δὲ
684 227 698 253 ὁ
719 225 868 265 φιλόσοφος
882 224 944 253 οὕτε

113 269 213 308 ἀγαθὸν
244 269 326 304 αὐτὴν
357 270 441 298 οἷέται
459 269 519 298 οὔτε
548 270 640 299 κακόν.
670 271 715 303 Ὡς
732 271 778 307 μὶν
794 271 845 308 γὰρ
862 268 943 308 ἔσχα-

114 325 161 341 τον
187 316 240 342 τῶν
271 312 355 342 ὄντων
385 315 429 343 καὶ
461 315 555 354 πόρῥω
570 318 618 343 τοῦ
647 315 760 354 ἀγαθοῦ,
778 315 827 343 οὐκ
843 315 942 352 ἀγαθὸν

116 357 203 396 λέγει.
235 358 271 390 ὡς
302 358 330 387 δὲ
359 359 446 387 αἰτίαν
482 359 693 398 δημιουργικὴν,
718 359 817 391 ἕντοῖς
834 360 943 398 ἀγαθοῖς

114 402 334 441 ἀναγκαζόμενος
357 405 468 438 τιθέναι,
497 405 581 441 μέσην
608 405 690 439 αὐτὴν
707 406 754 432 τοῦ
769 405 870 442 ἀγαθοῦ
899 403 943 431 καὶ

115 451 165 476 τοῦ
181 451 265 476 κακοῦ
281 449 364 481 τιθεὶς
381 449 522 486 ἀναγκαῖον
537 449 711 486 ἐπονομάζει.
730 449 769 477 Τὸ
784 449 834 486 γὰρ
857 447 943 479 ἐνδεὲς

116 493 202 528 αὐτῆς
215 495 269 521 τῶν
290 493 408 531 ἀγαθῶν,
434 494 569 522 συντελεῖν
587 493 659 531 λέγει
674 493 743 531 πρὸς
754 494 803 528 τὴν
819 495 872 520 τῶν
887 492 944 520 αἷσ-

119 540 210 574 θητῶν
226 538 424 576 δημιουργίαν,
438 538 504 577 ὅπερ
521 538 666 576 ἀναγκαῖόν
685 537 750 565 ἐστι.

134 594 183 625 03'.
200 596 265 634 Περὶ
280 600 331 632 τῆς
355 597 423 634 πρὸς
439 596 470 624 τὸ
484 599 560 624 Θεῖον
575 599 629 624 τῶν
646 597 730 623 ὄντων
747 595 925 634 ἐπιστροφῆς.

153 647 210 673 Τῶν
240 645 314 683 παρὰ
342 648 408 673 Θεοῦ
431 646 484 674 ἀπὸ
511 647 560 673 τοῦ
591 645 628 681 μὴ
659 643 736 677 ὄντος
761 645 797 675 εἰς
816 645 847 672 τὸ
876 645 942 671 εἶναι

118 690 327 728 παραχθέντων,
355 690 390 718 τὰ
418 691 465 726 μὲν
481 687 537 718 ἔστι
567 690 649 726 μόνον
663 687 738 723 ὄντα,
754 689 792 721 ὡς
805 689 838 717 τὰ
850 687 944 726 ἄψυχα

118 735 244 772 σώματα,
271 735 306 762 τὰ
321 733 349 762 δὲ
361 735 405 762 καὶ
426 733 489 762 ὄντα
503 734 548 762 καὶ
579 736 676 769 ζῶντα,
700 734 745 761 καὶ
769 736 890 770 νοοῦντα,
907 734 943 764 ὡς

117 780 146 808 αἱ
178 779 265 817 ψυχαὶ
295 780 340 807 καὶ
364 780 390 806 οἱ
406 779 477 810 νόες.
502 780 633 807 ’Έκαστον
663 777 710 806 οὖν
738 779 805 817 πρὸς
818 778 863 806 τὸν
880 778 944 806 θεὸν

117 824 165 863 ἀφ’
192 823 222 851 οὗ
248 825 380 862 παρήχθη
396 825 465 852 κατὰ
486 824 536 858 τήν
549 823 618 852 ἰδίαν
648 822 759 861 ὕπαρξιν
778 822 942 862 ἐπιστρέφει,

998 226 1075 262 phus
1099 234 1194 262 neque
1219 225 1327 254 bonam
1352 225 1433 252 illam
1460 226 1544 260 putat
1567 231 1661 259 neque
1686 222 1795 250 malam
1819 231 1826 251 :

998 273 1145 307 quatenus
1160 271 1237 299 enim
1254 270 1367 298 entium
1383 270 1518 297 intimum
1532 269 1612 302 sit,et
1627 277 1643 296 a
1659 268 1735 295 bono
1751 268 1828 303 prin-

999 315 1085 351 cipali
1102 315 1218 351 longius
1235 314 1474 345 remotum,haud
1484 313 1619 350 equidem
1631 313 1738 340 bonam
1750 320 1825 340 esse:

1000 362 1146 396 quatenus
1160 368 1226 387 vero
1242 367 1361 387 causam
1378 358 1591 394 demiurgicam
1603 356 1768 385 necessario
1781 365 1825 384 ac-

999 413 1118 432 censarc
1135 404 1219 432 bonis
1235 404 1359 440 cogitur,
1374 403 1500 431 mediam
1525 410 1588 430 eam
1614 401 1690 429 inter
1716 402 1825 429 bonum

999 449 1170 486 malumque
1187 449 1270 484 ponit
1280 451 1308 476 et
1320 447 1449 484 appellnt
1458 446 1826 475 necessitatem.Defectum

998 494 1076 522 enim
1092 494 1142 530 qui
1158 494 1186 521 in
1203 493 1253 521 illa
1266 495 1310 521 est
1334 492 1485 525 bonitatis,
1503 492 1634 519 conferre
1658 491 1699 518 ait
1723 491 1758 518 ad
1776 491 1816 518 fa-

999 539 1100 566 cienda
1116 538 1245 572 sensilia,
1263 538 1339 574 quod
1358 538 1456 573 ipsum
1473 536 1657 564 necessitatis
1672 537 1726 564 est.

1134 597 1178 623 74.
1195 597 1232 624 De
1243 597 1367 624 vemium
1382 595 1537 624 reversione
1553 594 1592 622 ad
1606 595 1701 622 Deum.

1035 646 1139 673 Rerum
1156 653 1229 681 quas
1241 645 1317 673 Deus
1327 653 1395 672 cum
1413 652 1470 672 non
1483 645 1582 671 essent
1598 643 1665 670 fecit
1675 642 1825 676 exsistere,

999 691 1057 719 alia
1065 693 1135 718 sunt
1145 691 1352 718 tantummodo
1366 690 1457 724 entia,
1469 690 1501 716 ut
1512 695 1634 724 corpora
1653 687 1826 720 inanimato,

999 735 1056 764 alia
1071 735 1149 763 entia
1171 737 1200 762 et
1224 735 1351 763 viventia
1375 742 1492 770 quoque
1516 735 1544 761 et
1568 732 1771 768 intelligentia,
1795 734 1828 759 ut

999 780 1103 808 anima:
1117 788 1151 808 ac
1166 782 1288 808 mentes.
1305 780 1347 807 Ad
1363 779 1456 807 Deum
1473 778 1563 815 igitur
1578 787 1594 806 a
1616 786 1673 814 quo
1698 777 1827 814 profecta

999 828 1070 853 sunt
1085 824 1204 860 singula
1230 832 1281 860 pro
1304 832 1364 852 suis
1390 823 1503 851 ratione
1525 822 1695 851 substantia:
1719 822 1826 850 iterum

116 869 150 897 τὸ
181 869 227 905 μὲν
259 870 326 903 ζῶον
341 869 387 896 καὶ
403 868 531 900 οὐσιῶδες
560 868 603 896 καὶ
629 867 788 906 γτωστικόν.
815 869 942 896 Ἔκαστον

1031 869 1284 903 ιηνοιειυιιιυιι,θίνο
1298 869 1406 897 animal
1424 869 1462 897 sit
1475 869 1584 900 vivum,
1605 868 1664 896 sive
1688 867 1827 896 substan-

117 913 170 952 γὰρ
197 912 234 945 ὡς
261 911 410 950 προῆλθεν⁴
440 912 511 940 οὕτω
535 913 579 940 καὶ
607 912 797 950 ἀπέστραπται.
813 913 901 941 Τοῦτο
919 911 947 940 δὲ

121 958 155 986 τὸ
170 956 350 997 φιλοσόφημα
364 957 409 985 καὶ
426 957 440 984 ὁ
456 957 606 996 φιλόσοφος
626 957 752 995 Πρόκλος
769 957 794 985 ἐν
818 959 876 988 τοῖς
901 967 947 984 κε-

121 1002 252 1042 φαλαίοις
268 1002 351 1030 αὐτοῦ
366 1001 457 1037 τίθησι
481 1002 525 1030 καὶ
552 1001 706 1039 διευκρινεῖ.
737 1001 785 1030 Καὶ
806 1001 860 1039 πρὸ
882 1001 948 1028 τού-

118 1057 169 1077 του
205 1047 219 1074 ὁ
253 1047 463 1084 Ἀρειοπαγίτης
493 1046 631 1078 Διονύσιος
660 1047 822 1085 σαφέστερον
849 1045 947 1074 τούτου

119 1089 270 1129 διακριϐοῖ,
285 1091 330 1119 καὶ
346 1091 416 1119 ἐστὶν
431 1091 445 1118 ὁ
462 1091 545 1128 λόγος
561 1093 614 1118 τῶν
627 1092 696 1119 πάνυ
707 1090 946 1127 σπουδαζομένων,

122 1136 287 1175 σαφέστατός
302 1146 332 1164 τε
345 1135 390 1164 καὶ
407 1133 598 1174 ἂκριϐέστατος
614 1136 662 1164 ὧν.

406 1225 451 1252 οε¹.
467 1225 531 1262 Περί
548 1225 661 1263 χρόνου.

157 1271 188 1300 Ὀ
217 1270 318 1309 χρόνος
349 1269 472 1302 ἐπινοίας
508 1269 678 1307 ἀνθρωπίνης
707 1269 761 1297 ἐστὶ
790 1269 880 1306 νόημα
902 1268 947 1296 καί

126 1313 223 1352 ὄνομα.
245 1314 356 1349 Ἐπειδὴ
383 1315 432 1353 γὰρ
457 1315 504 1351 μὲν
528 1315 625 1342 αἰώνια
641 1314 681 1342 ἀεὶ
698 1312 762 1342 ὅντα
774 1314 818 1342 καὶ
835 1313 948 1349 ἀκίνητά

124 1360 180 1389 im
198 1382 205 1395 ,
233 1360 268 1388 τὰ
292 1359 320 1388 δὲ
351 1360 402 1388 ὑπὸ
430 1359 535 1394 κίνησιν
565 1359 659 1397 ῥέοντα
687 1359 731 1387 καὶ
758 1359 946 1398 φθειρόμενα,

120 1405 186 1433 αὐτὸ
202 1403 235 1440 δὴ
246 1404 277 1432 τὸ
301 1403 397 1442 μέτρον
413 1407 462 1439 τῆς
477 1405 609 1439 κινήσεως
639 1401 738 1442 χρόνον
763 1403 906 1441 ὠνόμασαν
921 1404 947 1431 οἱ

121 1450 280 1488 φιλόσοφοι.
310 1448 381 1478 Οὐδὲ
405 1450 456 1487 γὰρ
481 1448 667 1487 αὐούπαρκτον
682 1451 796 1488 πρᾶγμα
811 1449 825 1476 ὁ
847 1448 948 1486 χρόνος

122 1493 206 1529 ἰστὶν,
238 1492 300 1521 οὐδὲ
327 1495 407 1530 σῶμα
435 1494 610 1533 φαινόμενον,
640 1493 702 1521 οὐδὲ
735 1493 878 1530 ἀσώματός
907 1503 947 1525 τις

1002 915 1042 943 tia
1056 915 1272 948 tantummodo,
1289 914 1349 942 sive
1365 914 1521 950 praeditum
1545 912 1695 941 intellectu
1720 921 1753 940 ac
1778 920 1827 940 co-

1002 960 1382 996 guitione.Unumquodque
1394 959 1472 987 enim
1484 958 1675 994 utiprocessit
1688 957 1727 985 ita
1738 957 1827 985 etiam

1003 1006 1088 1033 redit.
1118 1005 1198 1033 lianc
1225 1004 1460 1041 philosophicam
1490 1004 1732 1040 propositionem,
1758 1003 1826 1031 Pro-

1002 1049 1067 1078 clus
1083 1058 1198 1086 quoque
1209 1050 1354 1086 capitibus
1366 1050 1429 1078 suis
1444 1049 1572 1077 inseruit
1586 1048 1829 1084 discussitque,et

1002 1097 1070 1124 ante
1085 1103 1151 1123 eum
1171 1095 1324 1131 Dionysius
1340 1095 1512 1130 Areopagita
1527 1094 1685 1121 dilucidius
1695 1092 1784 1121 etiam
1800 1093 1830 1120 et

1003 1139 1168 1168 accuratius
1183 1139 1326 1175 exposuit,
1343 1139 1486 1175 singulari
1502 1138 1579 1166 enim
1596 1137 1829 1174 diligentia,per-

1002 1184 1157 1220 spicuitate
1173 1186 1200 1212 et
1215 1192 1286 1212 cura
1301 1184 1355 1212 hac
1371 1184 1406 1212 de
1422 1192 1452 1212 re
1468 1186 1512 1212 est
1528 1185 1756 1211 commentatus.

1294 1229 1339 1255 75.
1355 1229 1392 1256 De
1403 1232 1536 1264 tempore.

1039 1276 1168 1309 Tempus
1192 1281 1209 1300 a
1233 1273 1407 1308 cogitatione
1431 1273 1586 1301 hominum
1611 1272 1776 1308 concipitur
1801 1273 1830 1299 et

1003 1326 1111 1345 nomen
1128 1318 1250 1353 accepit.
1265 1319 1339 1346 Cum
1358 1317 1435 1346 enim
1461 1317 1522 1345 alite
1548 1326 1594 1345 res
1622 1317 1682 1345 sint
1705 1319 1829 1350 aeternae,

1003 1371 1067 1398 quas
1079 1371 1195 1398 semper
1208 1363 1352 1390 exsistunt
1364 1365 1492 1398 suntque
1508 1362 1685 1395 immobiles,
1696 1361 1760 1389 alia;
1775 1361 1830 1389 sub

1003 1407 1131 1435 motione
1142 1406 1308 1435 constitutae
1320 1409 1349 1435 et
1360 1410 1443 1435 ﬂuxa:
1455 1406 1730 1443 corruptibilesquc,
1746 1414 1829 1434 men-

1004 1453 1184 1482 surationem
1194 1453 1332 1480 motionis
1340 1451 1505 1488 philosophi
1514 1455 1625 1488 tempus
1633 1451 1830 1488 appellarunt.

1003 1497 1104 1532 Neque
1115 1497 1192 1524 enim
1203 1505 1248 1524 res
1259 1505 1311 1533 per
1322 1504 1354 1524 se
1365 1496 1531 1524 subsistens
1542 1498 1660 1532 tempus
1671 1498 1726 1530 est,
1740 1504 1834 1532 neque

122 1539 280 1573 ὖπόστασις,
308 1538 398 1575 ὥσπερ
425 1539 442 1574 ἡ
459 1538 537 1577 φύσις
565 1538 611 1566 καὶ
640 1540 657 1573 ἡ
688 1539 764 1576 ψυχή
781 1539 825 1566 καὶ
842 1539 942 1573 ι’)νοῦς1

1031 1550 1113 1577 )rpus
1127 1542 1204 1577 quod
1221 1541 1359 1570 sensibus
1375 1541 1485 1577 percipi
1510 1543 1616 1577 potest,
1641 1550 1736 1578 neque
1761 1541 1834 1569 sub-

119 1583 193 1612 ἀλλὰ
220 1585 333 1622 πρᾶγμα
360 1583 385 1610 ἐν
412 1583 518 1619 ἐπινοίᾳ
549 1594 617 1621 μονῃ
644 1583 782 1620 κείμνεον.
811 1584 841 1612 Ἡ
857 1583 946 1611 τοίνυν

120 1629 198 1667 ψυχὴ
226 1627 352 1656 ἐνωθεῖπα
380 1630 419 1664 τῷ
445 1628 593 1665 Κρείττονι.
624 1627 649 1656 ἐν
674 1628 714 1664 τῷ
742 1627 838 1656 ἐπῶτι
867 1628 945 1655 αἰῶνι

123 1673 206 1703 ἰστίν,
235 1672 381 1711 Ἀφειμὲνη
413 1671 441 1700 δὲ
466 1675 514 1700 τοῦ
543 1672 640 1704 αἰῶνος
656 1672 701 1700 καῖ
716 1672 778 1710 περί
792 1683 818 1700 τι
836 1676 950 1710 πρᾶγμα

119 1721 170 1753 τῆς
198 1717 327 1755 γενέσεως
346 1717 480 1752 κινηθεῐα,
511 1717 603 1755 χώραν
632 1719 672 1753 τῷ
699 1716 794 1753 χρόνῳ
825 1714 948 1744 δίδωσιν*

123 1761 203 1790 οὐδὲν
233 1762 279 1789 οὗν
307 1759 398 1797 ἕτερόν
428 1761 497 1789 ἐστιν
532 1762 545 1789 ὁ
573 1762 674 1799 χρόνος
702 1761 720 1796 ἢ
749 1762 847 1799 μέτρον
869 1761 946 1796 κινή-

122 1817 202 1838 σεως.

390 1898 438 1926 ος⁷.
456 1895 519 1931 Περὶ
536 1896 680 1930 κινήσεως.

160 1938 379 1974 Δῡσκατανόητόν
415 1949 440 1966 τι
476 1942 588 1976 πρᾶγμα
622 1940 639 1974 ἡ
669 1939 785 1974 κίνησις.
818 1941 892 1968 Ἐστι
919 1938 949 1966 δὲ.

121 1983 192 2015 εἶδός
222 1994 248 2011 τι
283 1983 328 2011 καὶ
357 1983 478 2021 ἐνέργεια
505 1983 665 2020 κινουμένου
695 1984 863 2022 πράγματος,
889 1985 947 2011 καθ’

128 2029 156 2056 ὀν
174 2028 274 2067 χρόνον
304 2031 429 2056 κινεῖται.
459 2029 524 2057 Οἷόν
553 2039 578 2056 τι
609 2027 693 2066 λέγω,
723 2026 818 2056 ἔστιτι
834 2033 949 2067 πρᾶγμα

121 2073 313 2110 αὐξανόμενον,
329 2072 374 2100 καὶ
390 2071 459 2100 ἄλλο
487 2071 699 2109 ἀλλοιούμενον,
728 2073 771 2100 καὶ
788 2072 857 2101 ἄλλο
873 2074 950 2113 φερό-

124 2127 215 2155 μενοΨ
241 2117 286 2145 καὶ
315 2120 362 2144 τοῦ
380 2117 427 2154 μὲν
457 2117 640 2154 αὐξανομένου
664 2117 768 2153 κίνησις
827 2116 948 2155 αὔξησις,

120 2165 170 2190 τοῦ
188 2161 216 2190 δὲ
231 2162 381 2201 φερομένου
407 2162 424 2197 ἡ
454 2162 533 2201 φορὰ,
550 2162 593 2189 καὶ
611 2161 684 2194 ὅλως
697 2165 747 2190 τοῦ
769 2163 916 2201 γενομένου
931 2164 948 2197 ἡ

121 2207 237 2246 γένεσις.
265 2208 356 2234 Ἔστιν
370 2207 415 2234 οὗν
432 2208 449 2241 ἡ
466 2206 584 2242 κίνησις,
601 2205 662 2234 οὕτε
679 2206 752 2245 ἀρχὴ
775 2206 835 2235 οὔτε
858 2207 949 2244 τέλος,

1005 1586 1117 1616 stantia
1134 1585 1338 1622 incorporalis,
1355 1588 1387 1613 ut
1402 1589 1517 1619 natura,
1534 1586 1642 1619 anima,
1660 1594 1743 1614 mens
1758 1593 1765 1613 ι
1783 1585 1833 1613 sed

1005 1631 1115 1666 aliquid
1132 1631 1161 1658 in
1177 1631 1240 1659 sola
1255 1631 1382 1666 posilum
1399 1631 1586 1667 cogitatione.
1603 1631 1724 1663 Quando
1745 1630 1834 1666 igitur

1004 1676 1105 1704 anima
1134 1679 1200 1710 Deo,
1222 1675 1373 1711 jungitur,
1400 1675 1430 1703 in
1458 1684 1517 1704 sevo
1545 1675 1643 1703 stabili
1674 1675 1835 1703 constituta

1004 1723 1065 1754 est;
1087 1728 1153 1748 cum
1178 1723 1276 1748 autem
1301 1728 1361 1748 aavo
1385 1719 1475 1747 veluti
1501 1719 1620 1753 emissa,
1646 1720 1681 1747 ad
1710 1728 1833 1756 genera-

1005 1765 1097 1793 tionis
1112 1764 1310 1793 conditionem
1327 1764 1574 1799 movetur,locum
1589 1764 1619 1792 in
1635 1773 1667 1792 se
1677 1765 1746 1793 facit
1760 1767 1836 1792 tem-

1005 1809 1214 1846 pori.Tempus
1228 1809 1318 1845 igitur
1333 1809 1406 1837 nihil
1423 1809 1503 1837 aliud
1520 1812 1565 1837 est
1577 1818 1665 1846 quam
1681 1817 1836 1838 mensura—

1004 1853 1045 1882 tio
1062 1853 1213 1882 motionis.

1320 1899 1364 1926 76.
1381 1899 1419 1925 De
1432 1900 1518 1926 motu.

1040 1944 1096 1972 Res
1122 1943 1252 1971 difﬁcilis
1275 1944 1419 1979 explicatu
1445 1946 1553 1971 motus.
1581 1943 1632 1971 Est
1659 1944 1736 1971 enim
1763 1944 1835 1972 ratio

1004 1989 1151 2025 quaedam,
1168 1990 1196 2016 et
1219 1988 1260 2016 rei
1285 1996 1348 2023 qua:
1376 1990 1520 2023 movetur,
1548 1989 1623 2016 actio
1646 1997 1678 2016 co
1705 1991 1835 2024 tempore

1005 2033 1082 2070 quod
1107 2035 1250 2060 movetur.
1276 2032 1321 2060 Uti
1347 2041 1373 2060 ν.
1391 2041 1418 2068 g.
1433 2035 1478 2060 est
1494 2032 1606 2068 aliquid
1624 2033 1702 2068 quod
1718 2033 1834 2066 crescit,

1003 2078 1082 2114 quod
1099 2077 1327 2113 mutatur,quod
1344 2077 1438 2105 fertur
1453 2077 1513 2105 sive
1529 2078 1667 2113 agitatur;
1681 2080 1770 2114 atque
1787 2077 1835 2106 ille

1005 2122 1124 2158 quidem
1143 2125 1241 2150 motus
1257 2130 1314 2157 quo
1330 2121 1435 2150 crescit
1461 2121 1584 2158 aliquid,
1610 2122 1718 2150 dicitur
1740 2123 1834 2149 incre-

1006 2171 1149 2200 mentum,
1166 2167 1258 2194 motio
1273 2167 1313 2194 rei
1330 2167 1444 2203 agitataa
1468 2166 1538 2194 latio
1563 2168 1624 2195 sive
1647 2167 1780 2203 agitatio,
1805 2170 1835 2195 et

1007 2211 1141 2239 universe
1157 2211 1198 2239 rei
1215 2211 1363 2239 nascentis
1380 2211 1538 2247 generatio.
1555 2212 1654 2240 Motus
1670 2211 1761 2247 igitur
1783 2219 1835 2239 nec

122 2251 200 2280 ἀλλὰ
213 2252 243 2279 τὸ
262 2251 359 2288 μεταξὺ
386 2251 498 2280 τούτων.
513 2254 566 2286 Τῆς
595 2251 646 2289 γὰρ
663 2250 872 2288 οἰκοδομήσεως
890 2250 942 2279 οὔτε

1031 2256 1184 2291 rincipium
1200 2259 1245 2284 est
1260 2264 1312 2283 nec
1329 2256 1406 2289 linis,
1426 2256 1476 2283 sed
1499 2256 1628 2283 medium
1653 2256 1729 2284 inter
1754 2258 1834 2284 utra-

122 2297 140 2332 ἦ
158 2296 232 2335 ἀρχὴ
260 2295 377 2332 κίνησις,
407 2294 483 2324 οὔπω
507 2297 558 2335 γὰρ
573 2296 722 2332 κεκίνηται·
740 2295 802 2324 οὔτε
816 2297 846 2324 τὸ
858 2296 950 2333 τέλος,

123 2341 260 2369 πέπαυται
279 2342 329 2380 γὰρ
344 2342 375 2368 τὸ
392 2339 573 2377 οἶκοδομηθέν
587 2351 593 2357 ’
609 2341 641 2369 τὸ
657 2340 686 2369 δὲ
700 2341 725 2369 ἐν
745 2341 819 2378 μέσῳ
834 2341 950 2376 τούτων,

123 2387 182 2413 οἷον
198 2386 218 2421 ἡ
232 2384 425 2422 οἰκοδόμησις,
441 2387 521 2413 τοῦτο
537 2385 641 2421 κίνησίς
657 2386 739 2415 ἐστιν.
756 2387 839 2424 Ὅπερ
856 2384 889 2421 δὴ
905 2386 950 2414 καὶ

122 2428 305 2470 ἐνδελέχειαν.
319 2429 510 2468 Ἀριστοτέλης
523 2430 676 2467 ὠνόμασεν.

402 2523 449 2555 οζ¹.
464 2520 530 2557 Πιρὶ
544 2520 672 2558 ἀνάγκης,

160 2563 297 2602 Ἀνάγκην
328 2564 506 2601 ὀνομάζουσιν
523 2565 548 2592 οἱ
576 2563 722 2604 φιλόσοφοι
749 2564 862 2603 δύναμιν
891 2577 951 2594 τινα

122 2610 324 2646 ἆναγκαστικήν
353 2612 400 2637 τοῦ
431 2609 660 2645 ἀποτελέσματος·
696 2611 753 2638 οἷόν
769 2622 796 2639 τι
821 2611 903 2650 λέγω*
933 2613 950 2646 ἡ

124 2651 292 2691 ἀστρολογία
318 2655 371 2681 τῶν
408 2652 512 2691 ἄστρων
542 2653 692 2691 σχημάτων
725 2655 880 2693 ἐξήρτηται,
908 2657 952 2683 καὶ

124 2698 181 2725 τῶν
214 2698 381 2735 ὕψωμάτων,
410 2698 456 2726 καὶ
485 2700 538 2726 τῶν
567 2697 681 2737 φάσεων.
707 2700 752 2727 καὶ
780 2702 834 2727 τῶν
851 2700 953 2728 οἰκοδε-

127 2744 236 2770 σποτῶν
260 2743 305 2770 καὶ
329 2745 383 2770 τῶν
408 2741 513 2771 ἄλλων.
543 2744 624 2771 Ὃταν
653 2743 698 2771 οὖν
714 2743 853 2782 συνδράμῃ
867 2745 952 2775 πάντα

128 2787 197 2825 πρὸς
225 2787 256 2815 τὸ
284 2787 416 2825 γενέσθαι,
452 2788 497 2815 καὶ
528 2786 612 2824 μηδέν
642 2799 667 2815 τι
693 2789 726 2823 ἦν
744 2789 901 2817 ἁντιπίπτον
932 2791 950 2826 ἢ

1008 2301 1115 2336 que.Ut
1130 2300 1159 2328 in
1175 2300 1366 2328 aedificatione
1383 2309 1435 2328 ncc-
1461 2300 1640 2337 principium
1665 2303 1709 2328 est
1734 2301 1835 2335 motio,

1007 2345 1141 2373 nondum
1169 2345 1245 2373 enim
1271 2348 1422 2379 movetur;
1449 2353 1542 2381 neque
1565 2345 1646 2379 ﬁnis,
1666 2346 1729 2381 jam
1756 2346 1834 2373 enim

1006 2390 1095 2418 desiit
1111 2390 1265 2424 aediﬁcari;
1281 2390 1332 2418 sed
1349 2391 1444 2418 media
1461 2390 1488 2417 in
1505 2390 1564 2424 his,
1580 2390 1734 2419 aediﬁcatio
1755 2399 1835 2418 nem-

1007 2443 1052 2471 pe,
1071 2435 1161 2462 motio
1178 2436 1233 2470 est,
1250 2443 1339 2471 quam
1356 2435 1442 2463 etiam
1468 2434 1671 2463 endelechiam
1694 2435 1835 2464 Aristoles

1007 2479 1198 2515 nuncupavit.

1281 2524 1325 2552 77.
1342 2524 1379 2552 De
1394 2525 1560 2553 necessitate.

1041 2568 1253 2596 Necessitatem
1288 2568 1455 2605 philosophi
1486 2569 1636 2605 appellant
1673 2569 1834 2604 potentiam

1007 2615 1138 2641 coactam
1162 2613 1197 2640 ad
1223 2613 1369 2647 eﬂectum,
1396 2614 1438 2641 uti
1460 2614 1618 2650 astrologia
1633 2614 1733 2642 omnia
1748 2615 1836 2642 refert

1008 2658 1044 2686 ad
1062 2659 1208 2686 astrorum
1225 2657 1561 2693 aspectus,altitudines,
1578 2659 1835 2694 apparentias,do-

1009 2702 1121 2730 minum
1138 2702 1279 2738 geniturae
1295 2705 1323 2730 et
1338 2701 1457 2730 similia.
1475 2702 1505 2729 Si
1528 2702 1618 2738 igitur
1641 2703 1741 2731 omnia
1765 2712 1834 2730 con-

1008 2750 1127 2775 currant
1143 2749 1174 2775 ut
1190 2747 1240 2775 ﬁat
1255 2746 1365 2783 aliquid
1379 2747 1422 2775 vel
1439 2755 1496 2775 non
1523 2747 1584 2781 ﬁat,
1610 2756 1661 2775 nec
1685 2748 1724 2776 sit
1747 2748 1833 2782 quid-

1008 2800 1098 2829 quam
1114 2792 1274 2821 adversans
1289 2792 1332 2821 vel
1348 2793 1538 2828 contrarium,
1555 2792 1611 2822 hoc
1626 2793 1831 2822 necessitatem
