1951 3054
127 113 188 144 Ἷ35

793 114 1008 147 MICHAELIS
1031 115 1165 146 PSELLI

1774 113 1840 145 736

128 181 429 218 uppellarunt,utpote
445 185 521 219 quod
538 185 639 213 evitari
656 188 685 214 et
700 185 807 214 mutari
819 185 954 221 nequeat.

1050 184 1195 221 ιικείμινον
1226 183 1344 222 ἀνάγκην
1373 186 1454 212 τοῦτο
1479 184 1630 221 εἰρήκασιν,
1655 183 1693 216 ὡς
1720 183 1839 221 ἀπαραί-

128 225 219 262 Cujus
235 235 302 254 vero
315 228 505 263 partieularia
521 231 635 258 tantum
648 230 733 266 signa
743 239 774 258 se
786 231 957 262 ofl'erunt,ut

130 271 191 298 ﬁeri
208 271 312 307 possit,
331 271 384 300 hoc
400 276 543 301 vocarunt
557 275 740 311 contingens,
761 274 850 302 veluti
877 273 954 309 quod

129 315 223 351 possit
239 315 299 342 fieri
325 319 350 343 et
373 323 430 343 non
454 317 556 352 possit.
583 318 700 354 Proprie
724 320 821 346 autem
845 318 955 345 contin-

130 367 202 396 gens
217 362 262 387 est
276 367 323 387 res
339 361 394 388 sub
411 360 530 390 arbitrio
546 365 644 390 nostro
659 363 765 398 posita,
790 364 819 390 et
844 361 955 397 aequale

129 413 162 432 ac
179 413 230 440 par
246 407 429 433 momentum
454 406 490 433 ad
517 406 688 435 alterutram
715 409 827 442 partem
853 414 954 434 secum

130 448 252 476 habens.

449 495 495 522 78.
513 496 550 522 De
563 496 632 530 fato.

166 538 227 567 Fati
243 539 369 567 rationes
384 539 408 568 si
425 540 492 575 quis
503 541 637 568 accurate
651 539 888 576 intelligat,unde
903 540 954 569 de-

131 584 266 620 pendeat,
284 592 406 620 quazque
422 585 485 619 ejus
499 584 537 612 sit
554 587 669 618 natura,
685 584 844 612 maximum
860 585 954 621 philo-

131 628 240 665 sophias
254 630 365 664 partem
383 629 683 665 comprehendit;nam
699 638 715 657 a
730 629 817 666 vulgo
837 629 955 666 quidem

132 673 337 708 contemnitur,
350 675 380 701 at
394 673 585 709 sapientiores
601 674 656 702 hoc
671 682 777 703 nomen
789 675 956 711 suspiciunt

132 721 160 747 et
175 719 330 746 mirantur.
348 718 384 746 Ut
398 727 464 747 vero
478 719 638 755 generatim
665 719 770 754 dicam,
794 719 887 748 fatum
911 721 957 748 est

132 766 239 791 natura
254 763 366 797 mundi,
385 772 448 799 quae
472 765 569 792 movet
592 771 730 799 corpora:
757 763 956 800 particulatim

133 810 232 836 autem
244 809 289 835 est
299 808 423 836 reﬂexus
435 808 557 844 quidam
573 808 673 836 radius
689 808 890 844 providentiae,
905 817 955 836 cu-

133 852 268 889 ratioque
283 861 347 889 quae
364 861 422 881 non
435 853 545 881 directo
561 855 643 881 motu
659 853 760 888 utitur,
778 853 821 882 uti
841 853 957 890 proprie

133 898 212 926 dicta
227 897 420 934 providentia,
438 898 487 926 sed
505 900 634 934 tempore
649 899 677 925 et
692 898 754 926 loco
770 898 806 926 ad
822 898 956 926 ell‘ectum

132 942 255 979 indiget,
272 943 349 970 unde
365 945 392 970 et
408 951 516 970 nomen
531 943 608 979 apud
625 943 739 971 Grecos
763 942 862 977 habet,
888 943 960 971 dici-

132 989 240 1023 turque
269 986 422 1024 εἱμαρμὲνη
458 987 543 1023 quasi
576 985 704 1023 εἰρομένη
738 988 799 1015 sive
832 996 960 1016 connexa

134 1032 268 1068 quaedam
286 1034 390 1059 natura
406 1033 434 1059 et
449 1031 622 1067 complicata
633 1040 667 1059 ex
677 1032 961 1068 pluribus.lncorpo-

133 1076 208 1104 rales
224 1076 314 1113 igitur
330 1084 376 1104 res
391 1076 446 1104 sub
462 1076 524 1104 sola
540 1078 610 1104 sunt
625 1076 817 1113 providentia,
839 1085 961 1112 corpora

134 1123 232 1150 autem
249 1121 304 1149 sub
321 1121 503 1158 providentia
520 1124 548 1149 et
565 1122 631 1149 fato.

366 1175 410 1202 79.
429 1175 464 1202 De
478 1176 591 1210 fortuna
606 1177 633 1202 et
648 1183 723 1203 casu.

172 1219 300 1247 Fortuna
329 1220 527 1247 accuratiores
557 1219 722 1256 philosophi
751 1229 809 1248 non
840 1228 960 1256 accepe-

135 1267 213 1298 runt,
232 1267 264 1292 ut
279 1264 457 1300 quibusdam
476 1273 649 1300 persuasum
666 1268 720 1299 est,
732 1273 783 1301 pro
800 1273 829 1293 re
845 1265 960 1293 irratio-

135 1309 226 1337 nabili
239 1309 302 1337 sine
315 1309 417 1337 ordine
430 1311 458 1336 et
472 1318 558 1345 nexu,
568 1310 618 1337 sed
634 1311 873 1338 statueruntesse
889 1318 959 1338 con-

136 1354 317 1382 secutionem
333 1354 516 1382 indeﬁnitam
532 1354 562 1382 in
587 1355 675 1383 rebus
702 1363 734 1382 ex
759 1355 908 1391 proposito
933 1356 961 1383 et

135 1401 254 1436 propter
269 1399 356 1427 tinem
371 1398 496 1434 aliquem
513 1399 668 1435 susceptis.
687 1399 768 1427 Verbi
784 1399 878 1435 gratia
893 1400 962 1427 exiit

136 1443 244 1479 aliquis
260 1443 345 1471 domo
360 1443 476 1472 lavandi
499 1451 597 1476 causa,
624 1443 678 1471 hoc
702 1452 736 1471 ex
761 1443 909 1480 proposito
933 1446 962 1472 et

136 1491 256 1524 propter
271 1488 400 1524 aliquem
416 1488 504 1516 linem
523 1488 600 1522 fecit,
617 1491 649 1516 ut
673 1496 779 1524 nempe
800 1488 830 1516 in
856 1489 961 1517 balneo

135 1532 293 1561 lavaretur.
321 1535 355 1561 At
379 1541 553 1568 progressus
578 1532 681 1560 incidit
708 1533 737 1560 in
762 1533 956 1562 thesaurum:

135 1577 226 1613 hujus
243 1577 420 1605 inventionis
444 1585 575 1611 causam,
601 1578 749 1606 fortunam
773 1577 959 1614 appellarunt

137 1622 295 1658 sapientes.
313 1622 398 1650 Casui
413 1630 480 1650 vero
495 1624 553 1650 tam
571 1622 599 1650 in
625 1622 849 1650 rationabilibus
871 1631 958 1657 quam

136 1666 388 1694 irrationabilibus
398 1666 494 1695 locum
507 1675 571 1694 esse
583 1667 732 1695 afﬁrmant
742 1676 748 1695 :
757 1667 785 1694 in
803 1667 960 1695 rationabi-

137 1711 216 1739 libus
232 1711 362 1747 quidem,
379 1714 411 1739 ut
427 1712 450 1740 si
466 1711 554 1739 homo
576 1711 726 1740 cultellum
749 1714 852 1740 tenens
876 1711 960 1740 illum

138 1756 276 1784 manibus
290 1756 421 1784 excidere
435 1757 573 1792 patiatur,
590 1756 695 1792 illeque
711 1759 808 1784 rectus
824 1757 963 1793 inﬁgatur

137 1803 237 1837 terris;
253 1800 283 1829 in
299 1800 549 1829 irrationabilibus
565 1809 643 1835 vero,
662 1802 693 1828 ut
709 1801 733 1829 si
749 1809 841 1836 equus
867 1802 962 1829 domi-

138 1855 209 1874 num
225 1846 397 1880 excusserit,
414 1848 442 1874 et
457 1845 502 1873 hic
515 1854 584 1873 casu
601 1846 727 1881 quodam
744 1846 853 1874 illwsus
870 1846 962 1875 abeat.

369 1900 412 1927 80.
430 1900 467 1928 De
481 1908 535 1928 (evo
550 1908 582 1927 ac
598 1901 729 1935 tempore.

174 1945 259 1973 Entia
274 1945 404 1980 quaedam
421 1947 451 1972 et
462 1945 658 1973 substantiam
671 1947 699 1972 et
709 1946 807 1972 actum
824 1947 965 1973 aaternum

137 1990 257 2024 habent,
273 1992 304 2016 ut
321 1997 415 2017 mens.
431 1989 524 2024 Hujus
540 1989 619 2017 enim
635 1992 663 2016 et
679 1988 846 2017 substantia
868 1989 967 2017 nescia

139 2035 246 2063 mutari
263 2037 291 2062 et
306 2036 388 2062 actus
404 2033 525 2061 minime
540 2033 732 2061 transitorius
747 2036 799 2061 aut
813 2034 966 2061 mutabilis

139 2079 286 2112 est,simul
301 2078 379 2106 enim
397 2079 424 2106 in
442 2087 473 2106 se
487 2078 587 2106 omnia
603 2086 686 2105 mons
702 2078 842 2112 possidet.
855 2079 888 2105 At
903 2083 969 2106 cor‘

140 2125 220 2161 poris
233 2126 261 2152 et
276 2123 442 2151 substantia
457 2125 485 2150 et
500 2122 628 2158 operatio
641 2122 819 2157 temporaria
841 2125 895 2150 est.
922 2123 968 2151 Sic

141 2178 168 2197 ν.
190 2177 217 2204 g.
242 2171 376 2196 nostrum
402 2176 508 2203 corpus
533 2167 731 2194 substantiam
759 2167 967 2202 temporariam

143 2214 240 2245 habet.
256 2212 398 2249 paulatim
421 2212 499 2240 enim
523 2213 647 2246 augetur
672 2219 678 2238 ε
705 2213 733 2238 οι
757 2211 966 2248 operationem,

144 2268 200 2288 non
212 2258 290 2287 enim
301 2257 390 2285 simul
399 2257 499 2285 omnia
509 2256 577 2291 agit.
595 2258 632 2282 At
653 2255 753 2283 anima
767 2256 965 2285 substantiam

142 2303 261 2340 quidem
278 2302 366 2330 habet
380 2304 529 2334 aeternam,
546 2308 640 2336 neque
657 2299 734 2327 enim
759 2300 868 2328 sensim
896 2304 964 2329 nata

141 2350 196 2381 est,
213 2347 412 2383 operationem
429 2347 527 2373 autem
543 2344 666 2380 tempori
683 2345 856 2380 subjectum,
869 2354 963 2382 neque

141 2392 220 2419 enim
237 2390 324 2419 simul
341 2390 440 2418 omnia
455 2389 572 2423 cogitat,
590 2388 640 2416 sed
657 2397 692 2416 ex
710 2397 768 2416 una
789 2389 963 2426 cogitatione

141 2435 343 2463 descenditad
360 2434 458 2462 aliam.
480 2433 549 2460 Tale
573 2433 658 2460 etiam
683 2436 729 2461 est
751 2433 867 2469 ccslum,
894 2436 963 2463 sub-

142 2479 251 2506 stantia
275 2478 416 2505 nimirum
441 2479 593 2509 seternum,
618 2477 669 2504 sed
693 2477 805 2506 ratione
827 2479 963 2508 motionis

143 2531 201 2551 suae
216 2522 342 2558 tempori
358 2524 386 2549 et
401 2522 499 2557 ipsum
515 2521 692 2555 subjectum.

359 2610 404 2637 81.
422 2612 460 2638 De
474 2611 595 2646 quinque
609 2612 743 2639 sensibus.

179 2655 258 2682 Visio
274 2655 434 2690 fit,quando
446 2663 481 2682 ex
491 2655 584 2683 oculis
599 2656 759 2691 procedens
773 2656 822 2685 lux
839 2658 966 2686 occurrit

143 2699 250 2728 lumini
273 2707 289 2727 ο
309 2699 483 2735 corporibus
496 2699 568 2727 visis
583 2701 782 2736 promananti,
795 2702 873 2737 quod
885 2702 963 2730 Plato

1009 229 1091 263 τητόν
1120 239 1149 255 τε
1174 228 1219 255 καὶ
1249 228 1424 265 ἀμετάθετον.
1453 229 1488 256 Τὸ
1518 227 1546 256 δὶ
1575 228 1601 256 ἐν
1633 231 1756 266 μερικοῖς
1785 238 1840 263 ση-

1012 273 1100 309 μείοις
1118 274 1169 308 τήν
1195 272 1308 310 δύναμιν
1324 270 1401 311 ἕχον,
1415 275 1496 301 τοῦτο
1525 272 1705 311 ἐνδεχόμενον
1730 273 1839 312 ἀπεφή-

1009 329 1099 353 ναντο,
1130 318 1167 350 ὡς
1197 316 1344 354 δυνάμενον
1371 318 1415 346 καὶ
1438 318 1560 356 γενέσθαι
1581 318 1626 345 καὶ
1649 318 1686 355 μὴ
1701 318 1838 356 γενέσθαι.

1010 361 1115 399 Κυρίως
1145 360 1173 389 δὲ
1196 360 1376 400 ἐνδεχόμενόν
1405 362 1471 398 ἐστι,
1495 362 1526 389 τὸ
1555 362 1607 389 ὑπὸ
1635 362 1684 396 τήν
1700 362 1840 399 ἡμετέραν

1009 407 1164 445 προαίρεσιν
1192 407 1315 443 κείμενον
1330 407 1384 444 ίκαὶ
1409 408 1458 442 τὴν
1479 407 1521 445 ἐφ’
1536 407 1647 443 ἑκάτερα
1660 407 1746 446 ῥοπὴν
1770 408 1838 443 ’ἰσην

1009 452 1052 478 καὶ
1070 451 1165 488 ὁμοίαν
1180 450 1340 489 δεχόμενον.

1253 497 1304 532 οη¹.
1326 497 1391 534 Περὶ
1412 497 1592 535 εἱμαρμένης,

1045 542 1098 576 Τήν
1121 541 1291 580 εἷμαρμένην
1318 541 1345 569 εἷ’
1373 553 1414 574 τις
1442 542 1521 580 γνοίη
1556 541 1603 569 σὺν
1629 540 1764 579 ἀκριϐείᾳ,
1792 542 1840 570 καὶ

1010 585 1069 614 ὅθεν
1098 586 1143 614 καὶ
1171 587 1253 614 ὁποία
1278 587 1326 622 τήν
1355 587 1444 626 φύσιν⁷
1470 586 1565 624 μερίδα
1594 587 1661 625 πρὸς
1676 587 1841 626 φιλοσοφίαν

1012 630 1139 669 μεγίστην
1169 630 1334 670 παρείληφε,
1364 631 1436 670 παρὰ
1466 632 1513 668 μὶν
1536 633 1586 669 γὰρ
1614 635 1673 664 τοῖς
1705 631 1840 666 πολλοῖς,

1010 677 1168 712 ἁτιμάζεται
1197 675 1330 713 τοῦνομα,
1359 677 1431 714 παρὰ
1460 675 1488 704 δὲ
1514 679 1572 708 τοῖς
1589 676 1756 716 σοφωτὲροις
1773 682 1840 709 θαυ-

1013 721 1144 758 μάζεται..
1161 722 1238 750 Ἔστι
1255 720 1285 748 δὶ
1298 724 1412 759 γενικῶς
1429 721 1525 755 εἰπεῖν,
1541 723 1558 756 ἡ
1575 721 1653 759 φύσις
1668 724 1716 749 τοῦ
1730 721 1841 758 κόσμου

1010 766 1028 800 ἠ
1055 767 1167 793 κινοῦσα
1194 766 1227 792 τὰ
1256 765 1379 802 σώματα·
1411 767 1478 793 κατὰ
1505 767 1585 803 μέρος
1601 764 1630 794 δὲ
1655 764 1766 803 δευτέρα
1796 775 1840 796 τις

1011 810 1140 847 προνοίας
1175 808 1314 847 ἓλλαμψις
1338 811 1382 838 καὶ
1413 810 1564 846 ἐπιστασία,
1594 810 1627 838 οὐ
1651 811 1709 838 καθ’
1733 810 1841 843 ιῦθεῖαν

1011 855 1061 889 τὴν
1086 856 1192 890 κίνησιν
1207 854 1319 892 ἔχουσα,
1349 854 1440 892 ὥσπερ
1469 856 1485 890 ἡ
1515 854 1618 893 κυρίως
1633 854 1688 882 ἐστὶ
1708 855 1839 892 πρόνοια,

1013 898 1087 927 ἀλλὰ
1118 898 1233 936 δεομένη
1275 901 1372 938 καιροῦ
1401 899 1445 927 καὶ
1473 899 1558 928 τόπου
1585 900 1623 931 εἰς
1651 898 1841 936 ἀποτέλεσμα,

1014 944 1072 972 ὅθεν
1100 944 1146 971 καὶ
1165 945 1317 982 εἱμαρμένη
1344 943 1452 982 λέγεται
1483 945 1520 976 ὡς
1549 944 1677 982 εἰρομένη
1700 955 1741 976 τις
1759 943 1843 981 φύσις

1014 988 1058 1017 καὶ
1077 987 1314 1026 συμπεπλεγμένη
1331 987 1376 1016 διὰ
1390 988 1514 1016 πολλῶν.
1527 988 1566 1017 Τὰ
1583 988 1630 1025 μὲν
1645 987 1691 1015 οῦν
1707 988 1845 1025 ἀσώματα

1015 1034 1066 1062 ὑπὸ
1081 1031 1208 1072 πρόνοιαν
1223 1033 1278 1062 ἐστὶ
1293 1033 1390 1071 μόνην·
1405 1034 1439 1062 τὰ
1454 1032 1483 1061 δὲ
1498 1033 1612 1070 σώματα
1629 1033 1680 1061 ὑπὸ
1706 1033 1842 1069 πρόνοιαν

1013 1079 1058 1107 καὶ
1075 1079 1256 1116 εἱμαρμένην.

1191 1177 1239 1206 σθ’.
1258 1177 1321 1215 Περὶ
1335 1176 1423 1215 τύχης
1437 1177 1482 1204 καὶ
1498 1177 1664 1214 αὐτομάτου.

1049 1222 1104 1256 Τὴν
1117 1221 1206 1259 τύχην
1223 1221 1286 1259 οὐχ,
1313 1221 1350 1253 ὡς
1377 1221 1520 1258 νομίζουσί
1547 1231 1626 1255 τινες,
1642 1221 1668 1248 οἱ
1683 1217 1847 1257 ἀκριϐέστε-

1015 1276 1058 1305 ροι
1085 1269 1139 1294 τῶν
1167 1265 1325 1305 φιλοσόφων
1351 1264 1473 1301 ἐδέξαντο
1490 1267 1547 1293 οἷον
1575 1264 1673 1304 ἄλογόν
1689 1275 1749 1293 τινα
1761 1265 1844 1304 φύσιν

1014 1311 1058 1339 καὶ
1090 1311 1127 1347 μὴ
1156 1310 1271 1348 ἔχουσαν
1296 1310 1381 1346 τάξιν,
1410 1309 1480 1348 μηδὲ
1495 1310 1602 1347 εἱρμὸν,
1630 1309 1703 1338 ἀλλά
1718 1320 1844 1348 παρακο-

1015 1355 1145 1392 λούθημα
1172 1354 1273 1391 ταύτην
1303 1355 1428 1392 ἀόριστον
1459 1354 1484 1382 ἐν
1513 1357 1571 1386 τοῖς
1589 1354 1657 1382 κατὰ
1671 1354 1844 1392 προαίρεσιν,

1014 1400 1060 1428 καὶ
1087 1398 1165 1427 ἕνεκά
1190 1410 1264 1431 τινος
1291 1399 1438 1438 γενομένην
1456 1398 1602 1437 ὡρίσαντο.
1633 1399 1698 1428 Οἷον
1715 1398 1845 1436 προελή-

1015 1444 1080 1473 lu“
1091 1455 1133 1476 τις
1159 1444 1190 1472 ἐκ
1209 1448 1259 1479 τῆς
1283 1443 1370 1476 οἰκίας
1385 1443 1563 1481 λουσόμενος·
1584 1443 1651 1479 αὕτη
1679 1444 1697 1478 ἡ
1722 1441 1846 1481 πρόοδος

1016 1488 1045 1517 ἐκ
1069 1489 1253 1526 προαιρέσεως
1281 1489 1326 1516 καὶ
1358 1487 1435 1517 ἕνεκά
1469 1499 1543 1520 τινος
1572 1488 1741 1526 πράγματος,
1769 1487 1846 1515 τοῦτ’

1016 1533 1087 1561 ἔστιν
1114 1536 1162 1561 τοῦ
1187 1533 1345 1562 λούσασθαι.
1371 1534 1436 1561 Εἶτα
1464 1532 1667 1571 προερχόμενος
1683 1530 1764 1570 ἔτυχε
1792 1538 1845 1567 Θη-

1015 1581 1114 1616 σαυρῷ-
1144 1578 1193 1613 τὴν
1224 1577 1269 1605 οῦν
1288 1577 1373 1605 αἰτίαν
1400 1581 1449 1613 τῆς
1479 1577 1610 1615 ιὺρέσεως
1637 1579 1688 1605 τοῦ
1704 1578 1846 1614 Θησαυροῦ

1013 1623 1103 1660 τύχην
1132 1622 1276 1660 ὠνόμασαν
1307 1623 1333 1650 οἱ
1362 1622 1451 1661 σοφοί.
1480 1622 1514 1650 Τὸ
1545 1622 1673 1659 μέντοιγε
1687 1621 1845 1658 αὐτόματον

1014 1668 1059 1696 καὶ
1075 1667 1101 1695 ἐν
1130 1670 1188 1699 τοῖς
1218 1667 1343 1705 λογικοῖς
1370 1668 1413 1695 καὶ
1444 1667 1471 1694 ἐν
1500 1670 1557 1698 τοῖς
1586 1665 1698 1705 ἀλόγοις
1712 1665 1846 1694 τιθέασιν.

1016 1713 1059 1739 Ἐν
1092 1712 1138 1748 μὶν
1165 1713 1224 1743 τοῖς
1250 1711 1386 1749 λογικοῖς,
1415 1711 1478 1738 ὅταν
1507 1709 1681 1749 μαχαιρίδων
1699 1710 1751 1738 ἀπό
1766 1720 1845 1741 τινος

1014 1758 1177 1794 κρατοῦντος
1193 1755 1366 1786 ἐκπεπτωκὸς
1394 1755 1451 1783 κατ’
1481 1754 1565 1793 ὀρθὸν
1597 1753 1732 1792 ὲμπαγιίη
1748 1755 1784 1786 τῆ

1018 1801 1043 1828 ἐν
1062 1799 1090 1828 δὲ
1104 1804 1162 1831 τοῖς
1177 1800 1299 1837 ἀλόγοις,
1317 1801 1379 1827 ὅταν
1395 1810 1435 1830 τις
1447 1799 1533 1830 ’ίππος
1547 1799 1593 1827 τὸν
1619 1798 1751 1834 δεσπότην
1778 1799 1853 1826 ἀπο-

1020 1843 1124 1881 ϐαλὼν,
1142 1845 1193 1872 ἀπὸ
1205 1845 1376 1881 ταυτομάτου
1392 1843 1548 1879 διασωθείη.

1223 1899 1259 1925 π’.
1278 1898 1342 1936 Περί
1358 1897 1456 1929 αἰῶνος
1471 1897 1516 1925 καὶ
1531 1896 1646 1934 χρόνου.

1055 1945 1112 1970 Τῶν
1138 1940 1220 1970 ὄντων
1244 1943 1278 1970 τὰ
1305 1942 1351 1979 μὶν
1377 1942 1421 1969 καὶ
1434 1942 1483 1976 τήν
1498 1940 1601 1977 οὐσίαν,
1631 1940 1676 1967 καὶ
1705 1940 1754 1975 τὴν
1772 1939 1850 1977 ἐνέρ-

1019 1998 1092 2026 γειαν
1119 1985 1178 2025 ἔχει
1208 1986 1329 2022 αἰώνιον,
1360 1987 1417 2014 οἷον
1444 1986 1458 2013 ὁ
1487 1987 1559 2016 νοῦς.
1580 1985 1682 2012 Τούτου
1697 1985 1749 2022 γὰρ
1765 1984 1812 2012 καὶ
1830 1985 1850 2018 ἡ

1022 2031 1100 2060 οὐσία
1137 2031 1273 2068 ἀκίνητος,
1307 2031 1351 2059 καὶ
1388 2032 1406 2066 ἡ
1436 2029 1557 2068 ἐνάργεια
1590 2027 1758 2066 ἁμετάὸατος
1783 2030 1850 2066 (7').

1020 2078 1107 2114 Ὁμοῦ
1130 2077 1180 2114 γὰρ
1209 2075 1267 2114 ἔχει
1296 2075 1322 2104 ἐν
1355 2075 1427 2112 αὖτῷ
1451 2074 1547 2102 πάντα.
1575 2075 1610 2101 Τὸ
1639 2072 1668 2101 δὲ
1693 2076 1774 2110 σῶμα
1802 2074 1851 2101 καὶ

1022 2122 1071 2156 τὴν
1102 2121 1196 2148 οὐσίαν
1231 2120 1364 2159 ἔγχρονον
1390 2119 1446 2158 ἔχει
1471 2119 1516 2146 καὶ
1543 2119 1592 2152 τήν
1622 2117 1764 2156 ἐνᾶργιιαν.
1782 2119 1852 2146 Οἴον

1023 2167 1066 2194 καὶ
1096 2166 1128 2193 τὸ
1154 2165 1288 2202 ἡμέτερον
1302 2167 1381 2201 σῶμα
1394 2164 1437 2191 καὶ
1450 2163 1499 2198 τὴν
1516 2162 1607 2191 οὖσίατ
1630 2162 1761 2200 ἔγχρονον
1779 2161 1853 2200 ἔχει,

982 2211 1065 2245 Βκαὶ
1086 2210 1154 2238 κατᾶ
1184 2209 1279 2247 μικρὸν
1310 2208 1459 2244 αὐξάνεται,
1489 2207 1534 2235 καὶ
1563 2208 1614 2242 τήν
1642 2207 1786 2245 ἐνέργειαν,
1817 2207 1852 2234 οὗ

1022 2256 1073 2294 γὰρ
1089 2255 1159 2291 ὁμοῦ
1174 2253 1278 2292 ἐνεργεῖ
1292 2253 1389 2282 πάντα.
1415 2253 1447 2281 Ἡ
1475 2251 1504 2280 δὶ
1530 2253 1607 2290 ψυχὴ
1629 2252 1696 2279 κατὰ
1721 2251 1768 2288 μὲν
1798 2252 1853 2286 τήν

1021 2299 1112 2328 οὐσίαν
1140 2298 1249 2330 αἰώνιός
1275 2297 1358 2333 ἐστιν,
1388 2295 1450 2325 οὐδὲ
1465 2297 1515 2335 γὰρ
1529 2296 1598 2324 κατὰ
1615 2296 1712 2334 μικρὸν
1735 2296 1853 2334 γεγένη-

1017 2355 1071 2372 ται·
1097 2343 1165 2372 κατὰ
1194 2342 1223 2371 δὲ
1250 2344 1300 2378 τὴν
1325 2342 1456 2381 ἐνέργειαν
1480 2342 1582 2379 χρόνου
1609 2341 1728 2379 μετέχει·
1749 2340 1780 2368 οὗ
1797 2340 1853 2379 γὰρ

1019 2390 1089 2426 ὁμοῦ
1119 2387 1178 2426 ἕχιι
1206 2387 1293 2415 πάντα
1316 2387 1350 2414 τὰ
1373 2387 1499 2423 νοήματα
1527 2386 1553 2413 ιν
1585 2386 1681 2422 ἑαυτῷ,
1707 2384 1770 2413 ἀλλ’
1801 2386 1841 2424 ἀφ

1018 2433 1110 2471 ἐτέρου
1153 2429 1303 2470 μεταϐαίνει
1342 2431 1380 2464 εἰς
1415 2429 1518 2469 ἕτερον.
1549 2430 1598 2458 Καὶ
1627 2430 1641 2458 ὁ
1671 2429 1786 2468 οὐρανὸς
1818 2428 1851 2458 δὶ

1016 2477 1140 2509 τοιοῦτός
1171 2477 1253 2511 ἔστιν,
1281 2476 1326 2504 καὶ
1355 2475 1466 2506 αἰώνιος
1494 2475 1541 2511 μὶν
1565 2474 1634 2502 κατᾶ
1658 2475 1709 2509 τὴν
1737 2473 1848 2509 οὐσίαν,

1017 2523 1085 2550 κατὰ
1124 2520 1153 2550 δὲ
1185 2523 1234 2557 τὴν
1271 2521 1375 2556 κίνησιν
1407 2520 1457 2547 ὑπὸ
1481 2519 1578 2558 χρόνον
1607 2518 1652 2547 καὶ
1681 2518 1762 2550 αὐτὸς
1787 2519 1851 2546 κεί-

1021 2577 1111 2605 μενος.

1191 2614 1244 2639 πα’.
1261 2610 1325 2648 Ηερῖ
1340 2613 1394 2638 τῶν
1411 2610 1490 2637 πέντε
1505 2609 1668 2644 αἰσθήσεων.

1052 2657 1083 2685 'll
1098 2657 1192 2694 ὅρασις
1206 2656 1312 2694 γίνεται
1325 2654 1387 2682 ὅταν
1403 2654 1435 2682 τὸ
1460 2653 1512 2681 ἀπὸ
1535 2655 1588 2680 τῶν
1613 2650 1764 2691 ὀφθαλμῶν
1789 2656 1852 2691 φῶς

1019 2700 1200 2740 ἰκφερόμενον
1241 2700 1392 2741 συναντήση
1439 2700 1478 2734 τῷ
1519 2697 1572 2725 ἀπὸ
1613 2699 1666 2725 τῶν
1711 2698 1851 2734 σωμάτων

938 2755 1052 2784 ΝΟΤΛΕ.

181 2789 232 2825 (7⁸)
246 2787 292 2817 ΑΙ.
307 2785 506 2826 άμετάϐλητος.
