1951 3054
89 93 144 123 737

673 91 725 122 DE
747 90 968 122 OMNIFARIA
991 91 1201 121 DOC’l‘RlNA.

1732 89 1790 120 738

86 157 238 196 συῤῥέοντι,
278 157 344 195 ὅπερ
372 157 386 184 ὁ
427 154 542 185 Πλάτων
587 155 713 193 ὀνομάζει
743 155 911 194 συναύγειαν.

1023 156 1126 193 ιύγειαν
1143 156 1280 192 appellat,
1298 165 1350 184 nos
1367 157 1612 184 corradiatiouem
1637 156 1697 183 sive
1721 164 1789 184 con-

89 202 237 238 Ἀκούομεν
262 202 302 238 τῷ
326 201 396 237 κενῷ
418 203 458 237 τῷ
488 201 562 232 ἐντὸς
591 204 639 229 τοῦ
650 201 731 237 ὠτὸς,
755 204 835 229 τοῦτο
859 201 910 238 γὰρ

88 246 201 275 εἶναιτὸ
218 245 336 284 διηχοῦν
360 246 428 273 κατὰ
448 246 497 280 τήν
520 247 568 273 τοῦ
592 245 745 282 πνεύματος
773 243 911 282 ἐμϐολήν.

89 290 287 330 Ὀσφραίνομεν
303 289 331 317 δὲ
345 292 384 326 τῷ
409 290 568 328 ἡγεμονικῷ
590 292 629 326 τῷ
653 288 710 318 ὄντι
735 290 760 318 ἐν
784 292 824 326 τῷ
838 290 913 327 έγκε-

90 337 180 374 φάλῳ,
211 334 319 363 ἕλκοντι
348 333 377 362 δὲ
414 333 458 361 διὰ
488 336 543 361 τῶν
567 334 708 362 ἀναπνοῶν
736 335 783 366 τὰς
815 334 912 370 ὀσμάς.

92 380 206 417 Γεύομεν
225 378 255 407 Si
267 382 302 416 τῇ
329 379 471 416 ἀραιοτητι
494 380 545 411 τῆς
573 378 701 416 γλώττης
716 379 760 406 καὶ
775 381 808 416 τῇ
827 379 913 416 μαλα-

91 425 195 460 κότητι,
216 425 260 452 καὶ
283 423 328 451 διὰ
347 424 378 451 τὸ
398 424 540 451 συνάπτειν
564 423 611 454 τὰς
640 423 692 451 ἀπὸ
718 426 766 451 τοῦ
788 424 914 460 σώματος

91 470 128 501 εἰς
145 469 229 503 αὐτὴν
257 465 360 507 φλέϐας
386 469 436 502 τὴν
464 468 554 507 φύσιν.
584 469 615 496 Ἡ
644 466 672 495 δὲ
702 469 778 506 φωνῆ
808 468 917 504 πνεῦμά

90 513 145 542 ἐστὶ
162 512 206 541 διὰ
220 516 269 541 τοῦ
284 513 429 550 στόματος,
455 513 507 540 ἀπὸ
533 512 653 544 διανοίας
665 513 795 550 ἠγμένον.
811 513 917 540 "Amo-

93 570 139 595 μεν
159 557 187 585 δὲ
211 557 270 594 ὅλῳ
295 560 334 594 τῷ
361 557 479 594 σώματι,
510 556 579 585 διότι
606 557 827 596 ἆποτιερατώσεις
853 556 916 592 εἶσὶ,

92 602 126 630 δι’
141 603 177 630 ὧν
194 603 356 639 αἱσθείνομεν
370 602 408 629 ὧν
423 602 573 638 ἀπτόμέθα.

154 661 210 698 πβ’.
228 659 261 689 Ei
276 659 376 696 ἀληθὲς
390 660 421 687 τὸ
434 657 694 698 καταϐασκαίνεσθαί
710 671 787 692 τινας
805 661 855 689 ὑπὸ

403 698 455 723 τῶν
474 696 613 734 ὁρώντων.

130 744 168 774 Οὖ
197 744 295 782 ψιῦδος
325 745 379 772 ἐστι
423 745 454 772 τὸ
496 745 741 784 καταμαραίνεσθαί
773 756 845 777 τινας
874 746 918 773 καὶ

93 786 351 816 καταϐασκαίνεσθαι
391 789 442 816 ὑπὸ
478 793 529 823 τῆς
567 792 621 816 τῶν
662 790 788 828 ὁρώντων
819 789 918 827 ὅψεως.

966 210 1084 229 cursum
1102 201 1253 234 radiorum
1269 201 1364 229 dicere
1390 209 1557 237 possumus.
1583 200 1725 228 Audimus
1740 207 1792 236 per

967 247 1120 273 caritatem
1146 254 1278 280 vacuam,
1306 254 1368 281 qua
1385 245 1414 273 in
1436 254 1505 273 aure
1520 246 1574 278 cst,
1590 245 1719 272 irruente
1731 245 1791 280 spi-

968 292 1025 319 ritu
1044 291 1426 328 personantem.0lfacimus
1440 293 1539 318 mente
1550 299 1613 326 que:
1628 290 1656 318 in
1674 291 1792 318 cerebro

969 336 1077 364 residet
1092 338 1120 364 et
1135 344 1186 372 per
1201 335 1350 372 spiracula
1366 336 1470 363 odores
1485 335 1617 363 attrahit.
1634 337 1793 362 Gustamus

969 381 1043 408 raris
1060 382 1087 408 et
1103 381 1241 408 mollibus
1252 380 1358 417 linguae
1370 380 1755 416 partibus,quaudoquidem
1766 381 1796 407 et

969 433 1058 453 venas
1071 426 1200 462 corporis
1214 427 1318 452 natura
1334 425 1368 452 ad
1388 425 1466 452 illam
1493 424 1640 452 adnexuit.
1670 424 1731 452 Vox
1751 426 1796 452 est

971 469 1094 505 spiritus
1111 478 1162 506 per
1173 478 1206 498 os
1229 472 1326 497 mente
1342 471 1459 497 auctore
1474 469 1612 497 emissus.
1630 469 1794 505 'l‘angimus

971 515 1032 542 toto
1061 522 1192 550 corpore,
1217 514 1325 550 quippe
1354 514 1400 542 cui
1430 514 1599 550 superﬁcies
1619 520 1646 542 et
1665 516 1796 541 extrema

972 560 1050 592 sunt,
1065 567 1116 594 per
1131 567 1194 594 qua:
1212 560 1356 586 sentimus
1377 567 1444 586 cum
1460 558 1668 595 contingimur.

973 662 1016 690 82.
1030 662 1100 690 Nam
1109 669 1204 689 verum
1219 662 1257 689 sit
1283 661 1391 697 aliquos
1418 669 1439 690 α
1452 661 1612 689 videntibus
1634 661 1770 697 fascinari
1784 661 1798 689 Τ

1009 747 1071 775 Non
1089 749 1132 775 est
1155 747 1316 775 mendaciis
1345 746 1553 775 ascribendum
1575 746 1719 782 quosdam
1736 746 1799 774 acie

974 793 1136 820 videntium
1167 795 1318 819 contactos
1341 799 1471 819 marcere
1503 794 1531 819 et
1558 790 1798 819 fascinari.Visio

97 833 285 866 Πολυκίνητος
301 834 353 871 γὰρ
367 834 384 868 ἡ
411 831 472 870 ὅψις
502 833 567 861 οὖσα
592 834 658 870 μετᾶ
672 834 825 871 πνεύματος
840 834 922 870 αὐτὴν

1028 846 1054 864 m
1071 845 1137 864 cum
1155 837 1257 872 spiritu
1274 845 1337 864 eam
1349 837 1500 864 emittente
1517 836 1634 864 mobilis
1650 836 1733 863 valde
1743 837 1797 871 est,

98 877 233 917 ἀφιέντος.
258 876 375 914 Πυρώδη
405 878 450 905 καὶ
481 879 649 914 θαυματικήν
686 889 746 906 τινα
775 878 923 917 διασπείρει

93 921 220 958 δύναμιν,
237 922 306 949 ὥστε
335 921 428 949 πολλὰ
452 923 495 950 καὶ
519 923 632 960 πάσχειν
655 923 700 950 rati
722 927 810 951 ποιεῖν
827 923 925 951 διἀὑ-

94 970 145 1001 τῆς
158 968 203 994 τὸν
219 965 373 1003 ἄνθρωπον.
400 967 453 994 Καὶ
479 969 531 994 τῶν
559 968 707 1005 ἐρωτικῶν,
729 968 745 995 ἃ
761 967 794 1003 δὴ
812 969 924 1006 μέγιστα

93 1011 138 1038 καὶ
168 1010 338 1050 σφοδρότατα
362 1012 511 1047 παθήματα
534 1013 584 1048 τῇς
612 1014 706 1050 ψυχῆς
732 1011 815 1048 ἔστιν,
832 1013 921 1051 ἀρχὴν

92 1057 109 1090 ἡ
126 1055 188 1093 ὅψις
205 1054 355 1090 ἐνδίδωσιν,
381 1056 450 1083 ὥστε
475 1056 530 1094 ῥεῖν
551 1056 596 1084 καὶ
611 1054 748 1088 λείϐεσθαι
762 1058 809 1085 τὸν
826 1058 924 1094 ἐρωτι-

90 1101 149 1136 κὸν,
165 1100 228 1128 ὅταν
253 1098 378 1138 ἐμϐλέπῃ
403 1103 461 1132 τοῖς
484 1101 595 1138 ἀγαθοῖς
617 1101 663 1128 καὶ
686 1102 794 1133 καλοῖς.
813 1103 848 1130 Τὸ
861 1104 924 1141 γὰρ,

97 1144 142 1172 διὰ
168 1147 223 1172 τῶν
252 1144 384 1182 ὀμμάτων
414 1144 553 1179 ἐκπίπτον,
584 1144 637 1173 εἴτε
663 1148 720 1183 φῶς
745 1146 798 1174 εἴτε
823 1147 925 1184 ῥεῦμαὸ

95 1189 159 1221 τοὺς
175 1189 293 1222 ἐρῶντας
319 1189 426 1225 ἐκτήκει
450 1189 495 1217 καὶ
519 1189 668 1224 ἀπόλλυσι,
689 1191 801 1226 τοιαύτη
819 1191 922 1228 γίνεται

99 1233 219 1266 διάδοσις
240 1234 286 1261 καὶ
310 1233 461 1269 ἀνάπληξις
489 1235 540 1262 ὑπὸ
564 1238 613 1269 τῆς
637 1233 737 1272 ὅψεως.
755 1236 788 1263 Αἱ
803 1236 854 1273 γὰρ
870 1239 924 1264 τῶν

105 1278 198 1306 καλῶν
214 1276 300 1315 ὄψεις,
319 1278 367 1305 κᾶν
392 1278 465 1316 πάγο
494 1279 635 1317 ποῤῥωθεν
662 1277 859 1314 ἀντιϐλέπωσι,
873 1283 926 1319 πῦρ

100 1322 127 1351 ἒν
153 1326 213 1354 ταῖς
240 1325 293 1350 τῶν
323 1322 461 1361 ἐρωτικῶν
491 1325 594 1361 ψυχαῖς
622 1324 780 1354 ἀνάπτουσι.
816 1325 867 1353 Καὶ
896 1326 928 1353 τὸ

100 1370 180 1404 σῶμα
196 1366 225 1395 δὲ
244 1370 299 1395 τῶν
323 1367 466 1404 ἐρωμένων
491 1368 536 1395 καὶ
561 1368 707 1406 ὁρωμένων
730 1368 879 1407 βλάπτεται
900 1369 926 1397 έν

101 1415 162 1444 ταῖς
176 1412 314 1444 τοιαύταις
336 1413 499 1452 ἀποφοραῖς.

271 1458 324 1495 πγ’.
341 1458 403 1494 ΙΙῷς
420 1457 448 1485 αἱ
463 1456 615 1494 συλλήψεις
630 1457 761 1496 γίνονται.

144 1502 176 1530 Ἡ
189 1501 327 1539 σύλληψις
350 1504 403 1530 τῶν
430 1501 505 1537 ζώων
526 1502 640 1540 γίνεται,
667 1504 712 1530 καὶ
738 1503 856 1540 μάλιστα
878 1506 918 1531 τῶ

99 1546 262 1584 ἀνθρώπων,
286 1546 348 1574 ὅταν
390 1545 558 1582 ὶπιτήδειος,
581 1547 626 1574 καὶ
664 1548 797 1586 ξηροτέρα
826 1548 931 1585 συμμέ-

101 1601 173 1629 τρως
200 1591 218 1626 ἡ
250 1592 341 1628 μήτρα
363 1601 474 1629 γενηται
513 1591 581 1629 πρὸς
615 1592 664 1626 τὴν
694 1591 855 1630 παραδοχὴν
884 1595 933 1620 τοῦ

103 1635 259 1673 σπέρματος
299 1635 353 1662 τῶν
400 1636 578 1672 καταμηνίων
612 1636 867 1673 συνεπισπωμένων
889 1637 926 1665 ἀπ

108 1680 209 1712 παντίς
233 1677 317 1717 ὄγκου
343 1680 425 1718 μέρος
448 1691 474 1707 τι
497 1682 546 1707 τοῦ
574 1683 692 1718 καθαροῦ
715 1679 843 1718 αἵματος.
861 1686 934 1719 Συμ-

102 1723 234 1753 ϐάλλεται
252 1723 280 1752 δὲ
303 1724 348 1752 καὶ
368 1725 400 1752 τὸ
425 1724 494 1760 θῆλυ
524 1725 592 1763 πρὸς
616 1726 665 1760 τὴν
695 1725 791 1761 κύησιν
815 1726 937 1764 ἐξυγραι-

102 1770 206 1806 νομένη
235 1770 285 1804 τήν
313 1771 416 1808 μήτραν
446 1768 472 1796 ἐν
501 1772 560 1800 ταῖς
586 1769 700 1806 μίξεσιν,
717 1772 734 1805 ἡ
767 1770 795 1798 δὲ
821 1771 935 1809 ὑγρασία

107 1813 176 1849 αὕτη
212 1813 366 1851 σπέρματος
397 1814 443 1850 μὲν
474 1813 524 1841 οὐκ
549 1811 607 1852 ἔχει
638 1813 730 1852 λόγον,
762 1816 816 1843 οἷον
839 1815 867 1843 δὲ
882 1815 935 1851 ὕλη

104 1858 208 1896 γίνεται
243 1860 277 1895 τῇ
314 1856 455 1895 καταϐολῇ
479 1862 529 1893 τῆς
553 1857 677 1896 ἀνδρείας
705 1859 799 1896 γονῆς,
829 1861 878 1887 Καὶ
906 1862 937 1888 τὸ

110 1903 158 1939 μὲν
193 1904 244 1930 τοῦ
273 1901 383 1941 ἄρρενος
407 1903 515 1939 σπέρμα
549 1903 586 1934 εἷς
613 1903 647 1930 τὰ
675 1904 841 1942 στερεώτεροι
868 1905 936 1941 μέρη

105 1949 155 1974 τοῦ
182 1947 309 1984 σώματος
348 1946 463 1984 ἐξαρκεῖ,
502 1948 557 1975 οἷον
598 1947 673 1982 ὀστᾶ,
712 1949 758 1976 καὶ
788 1952 869 1985 νεῦρα
894 1948 939 1976 καὶ

108 1988 213 2030 φλέϐας
235 1994 280 2019 καὶ
308 1991 451 2029 ἀρτηρίας,
477 1991 522 2018 καὶ
547 1992 580 2019 τὰ
602 1994 724 2020 τοιαῦτα.
749 1994 819 2021 Ἀπὸ
846 1993 875 2021 δὶ
892 1995 941 2021 τοῦ

108 2035 222 2071 θήλεος,
247 2035 285 2067 εἷς
314 2036 349 2063 τὰ
376 2035 508 2074 ὑγρότερα
542 2037 611 2074 μέρη
638 2039 686 2064 τοῦ
714 2038 857 2073 σώματος,
873 2040 943 2074 αἷμα

108 2079 183 2119 φημῖ
212 2081 256 2107 καὶ
283 2080 439 2120 ἀμφοτέρας
466 2081 513 2112 τὰς
538 2080 639 2118 χολάς.
667 2083 703 2109 ’Ἡ
729 2081 837 2119 μᾶλλον
853 2083 943 2110 πάντα.

110 2124 137 2160 ἐξ
154 2124 331 2162 ἀμφοτέρων,
349 2123 423 2152 ἀλλὰ
443 2125 477 2152 τὰ
506 2125 553 2161 μὲν
579 2127 628 2153 τοῦ
651 2124 761 2164 ἄρρενος
778 2125 860 2154 πλέον
874 2125 943 2164 ἔχειι

107 2169 143 2197 τὰ
159 2167 187 2196 δὲ
202 2170 250 2196 τοῦ
266 2168 366 2204 θήλεος
382 2168 422 2197 ἐπ’
436 2168 561 2198 ἕλλατον.

186 2225 242 2256 τπδ’.
258 2226 479 2266 Πόίξενᾼγίνονται
494 2229 548 2266 τῶν
565 2227 667 2266 γονέων
681 2228 707 2266 αἱ
723 2229 868 2265 ὁμοιώσεις

269 2263 314 2290 καί
330 2262 443 2301 αἴπρὺς
459 2262 577 2295 τούτους
583 2262 792 2301 ἀνομοιότητες.

151 2311 187 2338 Τὸ
211 2311 426 2349 ἀποκρινόμενον
457 2313 576 2350 σπέρμα,
606 2313 624 2348 ἤ
654 2314 706 2341 ἀπὸ
732 2316 781 2341 τοῦ
796 2313 904 2352 ἀνδρὸς,
927 2312 945 2349 ἤ

116 2356 173 2383 ἀπὸ
187 2357 237 2390 τῆς
251 2356 381 2393 γυναικός
396 2365 402 2373 ·
430 2357 462 2384 τὸ
489 2357 536 2393 μὶν
568 2357 621 2385 ἀπὸ
648 2360 696 2385 τοῦ
718 2357 826 2396 ἀνδρὸς,
847 2358 946 2397 λόγους

115 2400 176 2438 ἔχει
192 2402 245 2427 τῶν
269 2400 295 2427 ἐν
324 2400 398 2436 αὐτῷ
422 2401 496 2436 ἠθῶν
524 2401 569 2428 καὶ
598 2402 707 2440 τρόπων
735 2403 780 2430 καὶ
804 2406 854 2438 τῆς
880 2414 947 2441 μορ-

118 2446 184 2484 φῆς,
200 2444 245 2472 καὶ
261 2445 314 2472 ἀπὸ
332 2445 438 2482 μητρὸς
462 2444 490 2473 δὲ
516 2445 645 2479 ὡσαύτως
659 2457 665 2463 ·
683 2449 764 2476 Ὅταν
790 2447 835 2475 οὖν
865 2449 948 2487 ἄμφω

117 2489 155 2517 τὰ
179 2490 322 2526 σπέρματα
360 2492 511 2528 συγκραθῇ,
541 2490 564 2517 εἴ
598 2491 645 2527 μὲν
674 2491 716 2519 ἐπ’
737 2491 812 2528 (ίσης,
835 2490 892 2531 ἔχει
918 2493 949 2520 τὸ

117 2534 287 2571 γεννώμινον
318 2533 377 2570 ἷ¹σην
408 2535 453 2562 καὶ
482 2535 550 2572 πρὸς
581 2536 613 2563 τὸ
642 2535 721 2575 ἄρρεν
748 2537 792 2564 καὶ
822 2538 890 2575 πρὸς
918 2537 949 2565 τὸ

120 2577 193 2615 θῇλυ
208 2579 257 2612 τήν
275 2579 438 2616 ὁμοιότητα.
463 2580 544 2608 Ὃταν
571 2579 599 2607 δὲ
621 2581 652 2608 τὸ
675 2581 753 2619 ἅρῥεν
779 2583 950 2619 κατακρατή-

122 2634 161 2661 σῃ
175 2625 223 2651 τοῦ
248 2623 358 2658 θήλεος.
388 2626 428 2660 τῷ
458 2623 545 2662 ἅῤῥενι
575 2625 714 2663 παρέμοια
741 2627 776 2653 τὰ
804 2626 952 2663 τικτὸμενα

122 2666 320 2695 ἀποτελεῖται·
352 2668 414 2696 ὅταν
442 2667 471 2696 δὲ
497 2670 528 2697 τὸ
558 2669 629 2704 θῆλυ
657 2673 705 2698 τοῦ
726 2670 849 2709 ἆρῥενος,
876 2671 952 2699 ἀπει-

122 2712 250 2749 κασμένα
272 2712 341 2750 πρός
367 2713 417 2747 τήν
443 2714 556 2751 μητέρα.
581 2714 662 2743 Ὅταν
688 2714 716 2742 δὲ
742 2716 759 2750 ἡ
776 2715 802 2742 ἐν
817 2718 857 2752 τῷ
873 2717 953 2755 σπέρ-

126 2767 196 2796 ματι
213 2757 345 2795 θερμασία
369 2756 526 2796 ἔξατμισθῇ,
552 2757 640 2787 οὐδενὶ
667 2761 719 2788 τῶι
744 2759 846 2788 τοκέων
866 2759 953 2790 πλατ-

978 884 1007 909 et
1022 882 1118 916 ignem
1136 881 1349 916 miriﬁcamque
1364 881 1457 916 spirat
1466 881 1536 916 vim,
1557 883 1589 908 ut
1605 880 1697 908 multa
1712 881 1800 908 homo

980 934 1030 962 per
1042 926 1122 953 illam
1137 926 1251 953 efﬁcere
1267 934 1318 952 nec
1334 926 1432 952 minus
1444 925 1519 952 afﬁci
1536 933 1568 952 ac
1584 925 1644 960 pati
1661 925 1802 960 possit.Et

979 979 1061 998 amor
1076 970 1126 1006 qui
1142 970 1263 997 affectus
1279 970 1370 996 animi
1384 973 1428 996 est
1439 970 1583 997 maximus
1599 978 1632 996 ac
1645 970 1800 996 vehemen-

979 1014 1243 1046 tissimus,initium
1260 1014 1337 1049 capit
1352 1022 1368 1040 a
1382 1016 1546 1048 conspectu,
1558 1014 1657 1048 itaque
1667 1015 1802 1040 amantes

979 1060 1076 1086 ﬂuunt
1090 1058 1169 1086 velut
1183 1066 1216 1085 ac
1226 1057 1392 1092 liqueﬁunt,
1410 1059 1527 1093 quando
1540 1057 1677 1093 pulchros
1693 1065 1726 1084 ac
1741 1058 1801 1084 for-

981 1111 1079 1131 mosos
1094 1102 1203 1134 vident,
1222 1110 1289 1129 nam
1306 1110 1366 1137 qua
1396 1109 1447 1137 per
1474 1101 1573 1129 oculos
1593 1101 1694 1128 incidit
1707 1102 1735 1128 iu
1752 1109 1802 1129 eos

981 1147 1031 1175 lux
1046 1148 1106 1175 sive
1122 1147 1225 1174 effusio
1241 1146 1390 1174 radiorum
1406 1148 1539 1174 amantes
1564 1146 1658 1181 perdit
1674 1145 1802 1181 facitque

981 1192 1196 1223 contabescere,
1212 1194 1295 1218 tanta
1309 1193 1354 1217 est
1367 1199 1402 1217 ex
1416 1191 1479 1217 visu
1496 1190 1628 1217 alteratio
1643 1193 1672 1217 et
1687 1189 1805 1225 percul-

981 1236 1115 1265 sio.Nam
1133 1236 1328 1263 formosorum
1344 1238 1518 1270 conspectus
1534 1235 1649 1262 etiamsi
1666 1235 1806 1270 elongin-

982 1289 1040 1316 quo
1056 1280 1226 1316 respiciunt,
1243 1280 1341 1315 ignem
1358 1279 1386 1306 in
1403 1280 1567 1307 amantium
1584 1278 1691 1306 animis
1702 1287 1805 1307 accen-

982 1326 1066 1353 dunt.
1091 1325 1143 1352 Sed
1160 1328 1187 1352 et
1213 1332 1318 1359 corpus
1343 1326 1507 1351 amatorum
1523 1326 1807 1358 conspectorumque

984 1378 1033 1406 per
1048 1369 1193 1405 ejusmodi
1210 1369 1358 1396 radiorum
1381 1368 1554 1396 emissiones
1566 1368 1702 1396 afﬁcitur.

1161 1458 1206 1485 83.
1224 1457 1336 1492 Quando
1349 1458 1420 1493 fetus
1435 1458 1605 1492 concipiatur
1615 1458 1628 1484 ἰ’

1024 1503 1178 1539 Conceptio
1196 1503 1380 1537 animalium,
1396 1505 1424 1530 et
1434 1502 1588 1530 hominum
1614 1502 1738 1530 maxime
1764 1503 1808 1538 ﬁt,

990 1549 1105 1584 quando
1121 1549 1222 1575 uterus
1237 1549 1281 1575 est
1291 1547 1412 1575 idoneus
1427 1549 1456 1575 et
1482 1549 1642 1583 temperate
1661 1547 1757 1575 siccus
1772 1548 1809 1574 ad

988 1593 1188 1628 recipiendum
1206 1600 1324 1620 semen:
1342 1592 1501 1619 menstruis
1520 1600 1554 1619 ex
1570 1592 1704 1619 universa
1712 1599 1811 1619 massa

989 1640 1100 1674 partem
1118 1636 1182 1672 puri
1194 1636 1346 1671 sanguinis
1357 1636 1583 1664 attrahentibus.
1599 1636 1810 1663 Coni'ertetiam

989 1682 1099 1710 femina
1114 1682 1149 1709 ad
1165 1681 1552 1716 conceptionem,uterumin
1570 1688 1746 1716 congressus
1757 1680 1811 1707 hu-

990 1726 1155 1759 mectando,
1168 1726 1216 1760 qui
1232 1728 1331 1752 tamen
1344 1725 1449 1752 humor
1462 1733 1519 1752 non
1536 1725 1623 1752 habet
1635 1725 1757 1751 seminis
1769 1732 1814 1751 ra-

989 1770 1174 1805 tionem,sed
1190 1769 1431 1797 velutmateriam
1462 1770 1572 1804 prabet
1595 1769 1709 1803 dejecto
1739 1767 1816 1795 virili

991 1815 1107 1843 semini.
1122 1817 1219 1850 Atque
1234 1822 1329 1842 semen
1343 1814 1396 1840 viri
1413 1813 1592 1841 ﬁrmioribus
1604 1813 1734 1848 corporis
1750 1821 1815 1848 par-

991 1860 1071 1887 tibus
1087 1858 1299 1894 compouendis
1314 1858 1485 1892 insumitur,
1503 1860 1535 1884 ut
1555 1856 1683 1889 ossibus,
1710 1858 1817 1891 nervis,

993 1903 1086 1938 venis,
1103 1903 1230 1937 arteriis,
1246 1906 1274 1930 et
1303 1902 1469 1930 similibus:
1488 1902 1600 1929 femina:
1621 1904 1718 1929 autem
1734 1901 1818 1929 debi-

995 1949 1129 1981 lioribus,
1147 1947 1285 1983 sanguini
1303 1948 1442 1974 nimirum
1458 1949 1487 1974 et
1499 1947 1617 1982 utrique
1631 1946 1698 1974 bilis
1708 1946 1818 1982 generi.

996 1996 1052 2021 Aut
1070 1994 1166 2029 potius
1182 1994 1281 2021 omnia
1302 1993 1361 2020 hinc
1381 2000 1415 2020 ex
1429 1992 1561 2028 utrisque
1572 1991 1736 2019 seminibus
1751 1999 1822 2019 con-

998 2041 1090 2071 stant,
1103 2038 1157 2066 nisi
1174 2038 1250 2073 quod
1269 2037 1434 2065 masculum
1458 2036 1617 2072 praepollet,
1646 2035 1822 2064 femininum

1000 2084 1101 2111 minus
1116 2083 1205 2110 habet
1216 2083 1341 2110 virtutis.

994 2231 1039 2258 84.
1058 2230 1132 2259 Unde
1146 2231 1287 2266 contingat
1300 2229 1408 2266 similes
1430 2229 1470 2257 vel
1490 2229 1640 2266 dissimiles
1662 2227 1824 2264 parentibus

1301 2267 1380 2293 nasci
1398 2264 1499 2292 liberos
1513 2265 1526 2292 ‘I

1036 2317 1188 2344 Excretum
1204 2323 1305 2343 semen
1320 2314 1365 2342 vel
1389 2322 1406 2341 a
1434 2313 1494 2341 viro
1519 2315 1574 2349 est,
1602 2313 1647 2341 vel
1675 2312 1825 2341 afemiua.

1002 2360 1076 2388 Illud
1097 2360 1150 2388 viri
1166 2359 1195 2387 in
1213 2368 1243 2387 se
1259 2359 1345 2387 habet
1360 2358 1487 2386 rationes
1504 2366 1619 2386 morum
1636 2359 1664 2385 et
1677 2357 1784 2385 indolis
1794 2364 1827 2384 ac

1003 2406 1102 2433 formae
1119 2405 1184 2439 viri,
1200 2406 1230 2432 et
1244 2405 1298 2432 hoc
1314 2403 1427 2431 feminae
1442 2403 1586 2431 similiter.
1602 2402 1723 2435 Quando
1739 2401 1829 2438 igitur

1003 2453 1129 2486 utraque
1140 2449 1366 2486 permiscentur,
1380 2449 1405 2476 si
1418 2448 1533 2483 quidem
1554 2447 1714 2484 aequaliter,
1731 2447 1829 2474 infans

1004 2495 1054 2531 qui
1084 2495 1214 2522 nascitur
1238 2502 1272 2521 ex
1298 2493 1450 2528 utriusque
1476 2492 1604 2528 parentis
1633 2491 1830 2520 similitudine

1005 2540 1155 2576 aequaliter
1171 2538 1366 2575 purticipabit.
1383 2538 1411 2565 Si
1439 2540 1535 2565 autem
1562 2537 1700 2565 feminino
1723 2535 1828 2565 semini

1006 2584 1189 2622 prszvaiuerit
1210 2583 1386 2618 masculum,
1399 2583 1473 2619 patri
1488 2582 1599 2610 similia
1612 2585 1768 2610 nascentur
1781 2590 1787 2608 :
1804 2579 1829 2608 si

1007 2631 1108 2658 contra
1123 2628 1254 2656 masculo
1271 2627 1458 2661 femininum,
1484 2629 1607 2655 matrem
1635 2625 1830 2654 similitudine

1008 2675 1142 2702 referent.
1160 2673 1239 2706 Quod
1254 2672 1278 2700 si
1301 2671 1380 2699 calor
1404 2671 1454 2707 qui
1482 2674 1527 2699 cst
1553 2671 1582 2699 in
1613 2671 1724 2699 semine
1739 2668 1831 2704 exspi-

1009 2719 1124 2753 raverit,
1142 2717 1237 2746 neutri
1263 2718 1418 2754 parentum
1435 2715 1666 2744 conformabitur
1686 2714 1762 2751 quod
1779 2721 1831 2740 na-

1009 2764 1110 2793 scitur.
1136 2763 1249 2801 Saepius
1272 2762 1361 2792 etiam
1389 2761 1497 2790 femina
1513 2762 1588 2789 inter
1607 2758 1830 2795 concipiendum
