1949 3055
168 92 227 122 743

839 85 1047 116 MICHAELIS
1070 87 1206 120 PSELLI

1817 90 1879 120 7M

169 157 279 185 ratione
293 153 564 190 trudente,obliqua
575 153 669 190 figura
684 152 902 181 redditur.Cum
915 151 992 180 enim

1083 153 1120 189 >E1l
1151 153 1179 181 δὲ
1203 155 1306 192 γίνεται
1335 156 1352 190 ἠ
1386 155 1494 190 κίνησις
1521 153 1555 182 δι’
1578 153 1666 183 αἰτίαν
1680 155 1784 193 ἐτέραν,
1815 157 1878 184 ὅταν

168 209 255 229 omne
268 201 393 236 desuper
407 199 549 227 emissum
565 197 704 225 inferiora
719 199 809 232 petat,
821 196 898 232 ignis
926 204 993 224 vero

166 249 274 274 natura
284 245 390 272 habeat
400 247 431 271 ut
445 243 546 271 tendat
563 250 691 275 sursum,
705 241 856 278 pressione
873 242 994 276 cogente

167 291 203 319 ad
219 290 358 318 inferiora
371 288 499 321 tendere,
528 290 557 315 et
583 289 689 314 natura
714 286 847 314 vicissim
873 287 995 321 cogente

167 343 285 363 sursum
298 333 516 367 eniti,nascitur
528 332 616 359 mista
626 332 757 366 quadam
774 330 860 358 veluti
878 332 906 357 et
921 328 994 357 obli-

169 388 228 416 qua
244 379 347 407 motio.

168 478 212 505 92.
231 479 270 505 De
284 476 484 512 apparentibus
499 474 528 537 1'22
535 472 845 537 hewiobsanguinotentz‘s
859 471 994 500 coloribus

494 518 509 537 e
553 518 581 537 ια
595 519 604 537 ι
624 517 665 536 us.

494 517 519 538 ει
535 517 665 537 niauaus.

203 556 428 593 Seuguinolenti
459 554 571 583 colores
597 554 627 581 in
657 553 728 581 ccelo
759 551 993 588 conspiciuntur,

168 603 285 637 quando
300 602 395 629 nubes
412 600 495 636 nigra
510 600 545 626 ad
571 599 646 626 latus
662 598 822 634 splendidae
841 597 928 624 nubis
943 605 994 623 ex-

168 647 343 681 stiterit,neo
359 645 458 673 minus
474 644 675 681 quandoinfra
683 642 868 679 splendidam
886 641 993 669 nubem

168 691 262 719 nubes
278 691 425 727 nigricans
441 689 639 725 colligitur.Ac
651 696 718 715 cum
735 687 853 723 quidem
865 687 900 714 ad
916 686 994 713 latus

168 737 314 770 consistit,
330 739 401 764 tunc
416 735 512 763 visum
528 734 598 761 illud
615 733 758 769 contingit
783 740 834 768 per
849 731 995 759 refractio~

168 789 235 809 nem
252 779 520 808 radiornmﬂiatus
532 787 597 806 vero
609 778 668 805 sive
679 777 830 805 chasmata
842 778 995 812 apparent,

168 827 285 861 quando
302 825 383 860 nigra
394 824 608 860 splendidaque
619 823 712 850 nubes
722 822 823 849 eadem
839 820 993 856 superﬁcie

168 870 230 898 οωιὶ
245 869 466 901 consistunt,ita
482 870 514 895 ut
529 868 613 903 nigra
627 866 753 894 interius
767 864 993 900 stel,splandida

167 915 305 942 exterius.
322 914 404 941 Tunc
419 913 528 949 quippe
549 912 632 940 visus
647 913 746 938 noster
761 909 916 946 splendida
928 917 991 936 ma-

167 959 211 995 gis
227 961 388 994 occupatus
401 958 574 993 nigramque
590 956 703 983 tardius
728 954 992 990 comprehendens,

166 1003 282 1031 videtur
298 1002 354 1030 sibi
371 1002 481 1029 hiatum
497 1000 684 1035 videre,quod
694 998 991 1036 perimaginationem

167 1056 183 1075 θ.
199 1047 282 1082 nigro
298 1046 394 1074 colore
411 1046 558 1080 objectam
572 1045 689 1072 accidit.

250 1100 295 1127 93.
316 1102 355 1127 De
368 1099 562 1134 magnitudine
585 1098 662 1132 solis,
679 1097 755 1126 [una
770 1098 797 1125 et
812 1099 902 1124 terrae.

202 1144 251 1172 Sol
267 1145 302 1172 ad
317 1146 424 1172 terram
441 1152 476 1172 ex
490 1142 652 1171 Aristarchi
669 1142 709 1170 rei
734 1141 936 1170 astronomiae
946 1149 993 1177 pe-

167 1188 303 1217 ritissimi
320 1188 465 1217 sententia
481 1188 619 1224 majorem
633 1186 773 1214 rationem
790 1186 890 1218 habet.
903 1194 991 1221 quam

168 1233 262 1262 sexies
274 1233 539 1269 mille,octiugenta
554 1231 868 1267 etundesexaginta'ad
878 1232 991 1266 septem

170 1280 198 1306 et
213 1278 326 1314 viginti.
345 1278 548 1313 Diamcterque
576 1276 648 1305 solis
664 1276 698 1304 ad
716 1277 799 1303 terrea
816 1275 991 1303 diametrum

168 1323 309 1358 majorem
326 1322 414 1350 habet
428 1322 570 1350 rationem
583 1329 671 1358 quem
687 1320 868 1356 undeviginti
881 1319 915 1347 ad
925 1319 991 1347 tria.

169 1369 311 1395 Praeterea
326 1367 469 1394 diameter
480 1366 549 1394 solis
560 1366 703 1393 diametro
719 1365 795 1392 luna
811 1364 904 1399 major
915 1363 993 1400 plus-

168 1420 257 1448 quam
279 1411 479 1448 duodeviginti
494 1411 618 1438 vicibus.
632 1411 666 1438 Et
677 1409 719 1438 sol
740 1410 774 1437 ad
791 1409 891 1437 lunam
904 1409 993 1444 majo-

168 1464 230 1484 rem
246 1455 336 1483 habet
351 1455 493 1483 rationem
520 1463 607 1490 quam
621 1454 778 1490 quinquies
791 1453 882 1489 mille,
898 1453 991 1481 octin-

169 1502 256 1538 genta
270 1503 299 1528 et
313 1500 431 1536 triginta
444 1500 502 1527 duo
514 1500 550 1526 ad
563 1498 734 1526 unum.Hsac
747 1507 804 1526 non
819 1497 992 1534 simpliciter

168 1545 208 1572 ita
223 1548 250 1573 et
265 1545 328 1572 sine
343 1544 591 1572 demonstratione
602 1543 679 1579 apud
705 1542 865 1578 astrologos
890 1551 991 1578 propo-

169 1591 293 1621 nuntur,
310 1589 359 1616 sed
385 1588 569 1624 geometricis
584 1590 613 1615 et
622 1587 794 1615 certissimis
810 1588 993 1614 demonstra-

169 1633 301 1662 tionibus
312 1633 496 1668 conﬁrmata,
508 1633 544 1660 de
558 1633 667 1668 quibus
677 1632 773 1660 dicere
788 1640 844 1659 non
860 1631 995 1659 locusest

170 1679 199 1706 in
221 1679 355 1715 praesenti
374 1692 381 1713 ;
400 1679 498 1714 itaque
522 1678 586 1711 tibi,
617 1678 777 1713 imperator
800 1677 993 1712 divinissime,

168 1724 384 1760 propositiones
403 1724 562 1759 hascejum
575 1723 639 1751 sine
654 1722 904 1750 demonstratione
919 1721 994 1749 acci-

168 1777 236 1805 pere
252 1769 323 1797 satis
339 1768 437 1804 i'uerit,
454 1768 719 1796 demonstrationes
735 1769 832 1795 autem
849 1767 905 1795 alio
919 1769 994 1795 tcm-

169 1821 238 1849 pore
252 1822 270 1841 ο.
284 1822 330 1841 me
346 1814 490 1850 requires.

426 1859 471 1886 94.
486 1859 523 1886 De
537 1858 636 1894 eclipsi
645 1857 725 1886 solis.

209 1903 327 1939 Proprie
344 1903 425 1931 nulla
435 1905 480 1930 est
495 1903 565 1931 solis
580 1903 710 1939 eclipsis,
728 1910 820 1938 neque
840 1903 918 1930 enim
936 1910 993 1929 uu-

168 1958 254 1987 quam
271 1949 342 1977 solis
358 1948 456 1976 lumen
474 1948 659 1981 obscuratur,
676 1948 725 1975 sed
740 1947 825 1975 modo
841 1946 926 1974 nobis
948 1955 993 1974 oc-

168 1993 343 2023 cultatur.ld
359 2001 426 2020 vero
439 1991 555 2024 accidit,
568 1992 685 2025 quando
702 1991 731 2019 in
749 1991 834 2018 nodis
849 1990 993 2026 eclipticis

169 2040 239 2067 luna
254 2035 536 2075 perpendiculariter
550 2036 626 2064 infra
644 2036 734 2064 solem
761 2037 902 2063 versatur.
921 2037 991 2063 Cum

167 2084 246 2112 enim
262 2083 332 2110 luna
347 2082 424 2109 infra
444 2089 498 2109 nos
513 2080 617 2115 simus,
634 2080 684 2108 illa
706 2080 800 2108 oculis
817 2079 925 2108 nostris
945 2080 992 2107 lu-

168 2137 234 2156 men
247 2127 315 2156 solis
331 2126 457 2155 occultat
472 2134 504 2153 ac
514 2126 651 2153 subducit
663 2125 804 2153 Caeterum
821 2124 991 2160 astronomi,

167 2181 274 2209 corpus
290 2172 366 2200 lunae
378 2170 532 2199 duodecim
549 2170 650 2206 digitis
667 2172 883 2204 mensurantes,
900 2169 992 2196 inter-

1009 839 1033 873 Β

1007 1521 1029 1556 C

1051 196 1206 234 ὑποψύξεως
1222 199 1348 235 ὡθούσης
1362 200 1392 227 τὸ
1422 203 1519 237 σχῆμα
1547 200 1670 237 γένηται.
1688 199 1800 234 Ἐπειδὴ
1825 201 1879 238 γὰρ

1048 244 1100 268 πᾶν
1129 243 1160 270 τὸ
1188 243 1286 271 ἄνωθεν
1317 245 1527 281 ἄκοντιζόμενον
1557 245 1631 272 κάτω
1649 245 1770 283 φέρεται,
1799 244 1879 282 φύσει

1049 284 1078 312 δὲ
1101 283 1159 324 ἔχει
1187 288 1219 315 τὸ
1241 287 1294 326 πῦρ
1309 289 1358 322 τὴν
1374 287 1430 316 ἅνω
1446 289 1530 326 φορὰν
1548 287 1667 323 διώκειν,
1682 292 1732 324 τῆς
1749 289 1796 326 μὶν
1816 288 1879 321 eli-

1049 331 1121 367 ψεως
1151 331 1195 359 ἐπὶ
1227 333 1261 360 τὰ
1296 332 1370 361 κάτω
1410 333 1577 371 βιαζομένης
1605 334 1741 372 φέρεσθαι,
1768 337 1820 369 τῆς
1851 333 1880 361 δὲ

1049 374 1155 412 φύσεως
1182 375 1226 404 ἐπὶ
1255 378 1288 404 τὰ
1317 376 1372 405 ἅνω
1400 377 1625 415 ἀναγκαζούσης,
1655 379 1712 405 οἷον
1737 378 1810 414 μίξις
1836 389 1879 409 τις

1049 419 1150 456 γίνεται
1166 421 1211 448 καὶ
1228 421 1294 457 λοξὴ
1311 423 1328 457 ἡ
1345 422 1461 458 κίνησις.

1050 465 1092 502 ρβ¹
1106 466 1171 503 Περὶ
1187 469 1240 494 τῶν
1256 468 1429 506 φαινομένων
1443 467 1470 495 ἐν
1486 470 1526 504 τῷ
1541 467 1648 506 οὐρανῷ
1659 467 1818 506 χρωμάτων
1835 468 1878 496 αἱ-

1278 511 1412 548 ματωδῶν
1428 513 1472 540 καὶ
1490 513 1651 550 χασμάτων.

1086 556 1231 584 Φαίνονται
1255 555 1401 594 αἱματώδη
1418 557 1555 595 χρώματα
1569 556 1649 592 δῆθεν
1664 557 1690 584 ἐν
1704 559 1745 594 τῷ
1757 557 1877 595 οὐρανῷ,

1049 599 1111 628 ὅταν
1130 599 1210 638 μέγαν
1235 601 1316 640 νέφος
1341 601 1380 632 εἷς
1405 601 1439 629 τὰ
1463 600 1566 639 πλάγια
1591 604 1640 629 τοῦ
1661 601 1791 640 λαμπροῦ
1813 613 1878 640 τυγ-

1049 646 1130 682 χάνῃ·
1157 646 1201 673 καὶ
1219 645 1300 673 πάλιν
1325 645 1388 673 ὅταν
1403 644 1481 684 νέφος
1496 645 1670 684 μελάγχρουν
1684 647 1812 674 ὑποκάτω
1829 649 1877 674 τοῦ

1050 690 1178 726 λαμπροῦ
1194 689 1353 728 συναχθείη.
1371 689 1448 718 Ἀλλ’
1464 690 1487 717 εἰ
1506 691 1554 727 μὲν
1569 691 1606 721 εἰς
1619 690 1652 718 τὰ
1667 690 1770 728 πλάγια
1785 689 1829 726 εἴη
1846 691 1878 718 τὸ

1048 735 1139 772 νέφος,
1155 733 1259 769 τότεδὴ
1280 733 1348 762 κατὰ
1363 733 1504 762 διάκλασιν
1534 734 1624 772 αὗγῶν
1640 735 1742 773 γίνεται
1772 736 1790 770 ἡ
1807 735 1876 773 ὅρα-

1049 789 1099 810 σις.
1121 779 1251 816 Χάσματα
1267 777 1296 806 δὲ
1311 778 1443 818 φαίνεται,
1461 778 1523 806 ὅταν
1539 779 1569 806 τὸ
1587 779 1671 815 μέλαν
1687 780 1768 818 νέφος
1782 780 1829 807 καὶ
1842 780 1875 807 τὸ

1049 823 1175 860 λαμπρὸν
1205 823 1230 850 ἐν
1259 825 1299 859 τῷ
1314 822 1387 860 αὖτῷ
1416 824 1481 850 ὦσιν
1496 822 1625 860 ἐπιπέδῳ,
1646 824 1736 852 καὶτὸ
1753 825 1801 861 μὲν
1830 824 1878 861 μέ-

1048 868 1096 895 λαν
1121 864 1173 894 ἔσω
1189 868 1367 902 συνειστήκει,
1392 868 1424 895 τὸ
1450 866 1479 895 δὲ
1495 867 1622 905 λαμπρὸν
1644 867 1704 904 ἔξω.
1721 871 1878 903 Τηνικαῦτα

1048 911 1108 947 δέἡ
1138 910 1199 948 ὄψις
1227 914 1275 939 τοῦ
1305 912 1352 948 μὲν
1383 912 1513 950 λαμπροῦ
1535 911 1640 948 μᾶλλον
1671 910 1876 949 ἀντιλαμϐανο-

1049 955 1127 992 μένη,
1156 959 1206 983 τοῦ
1222 955 1251 983 δὲ
1271 955 1389 992 μέλανος
1407 955 1581 994 βραδύτερον,
1597 958 1692 994 χάσμα
1708 955 1784 984 δοκεῖ
1798 958 1876 995 ὁρᾷν,

1047 1000 1112 1038 ὅπερ
1128 1001 1200 1038 παρὰ
1213 1001 1262 1035 τὴν
1287 1001 1431 1040 φαντασίαν
1456 1003 1504 1028 τοῦ
1531 1001 1646 1037 μέλανος
1660 1001 1811 1039 χρώματος
1828 1001 1876 1039 γί-

1046 1055 1130 1074 νεται.

1109 1099 1158 1136 ργῖ
1172 1098 1236 1136 Περῖ
1252 1099 1380 1137 μεγέθους
1400 1098 1481 1134 ἡλίου
1496 1099 1541 1126 καὶ
1557 1098 1676 1135 σελήνης
1688 1099 1732 1127 καὶ
1748 1103 1810 1137 γῆς.

1082 1144 1110 1170 '0
1135 1143 1217 1178 ἥλιος
1231 1143 1299 1181 πρὸς
1326 1144 1375 1179 τὴν
1403 1145 1453 1182 γῆν
1478 1144 1545 1171 κατᾶ
1570 1143 1616 1171 τὸν
1632 1143 1877 1181 ἆστρονομικώτα-

1045 1198 1091 1215 τον
1121 1188 1314 1226 Ἀρίσταρχον,
1331 1187 1441 1224 μείζονα
1456 1185 1538 1225 λόγον
1565 1186 1624 1226 ἔχει
1640 1187 1656 1222 ἢ
1674 1187 1703 1215 δν
1718 1188 1752 1215 τὰ
1767 1187 1875 1223 ἐξακο-

1047 1233 1126 1271 χίλια
1155 1232 1300 1259 ὀκτακόσια
1327 1233 1495 1267 πεντήκοντα
1524 1231 1617 1266 ἐννέα,
1648 1232 1718 1270 πρὸς
1744 1232 1777 1260 τὰ
1806 1231 1877 1260 ἐτττᾶ

1046 1277 1090 1305 καὶ
1114 1275 1210 1305 εἷ’κοσι.
1235 1277 1267 1304 Ἠ
1281 1275 1309 1304 δὲ
1325 1274 1471 1314 διάμετρος
1486 1276 1567 1304 αὖτοῦ
1592 1277 1660 1314 πρὸς
1676 1281 1726 1312 τῆς
1740 1280 1792 1315 γῆς
1814 1275 1876 1304 διά-

1049 1332 1158 1359 μετρον,
1183 1322 1292 1358 μείζονα
1315 1321 1395 1360 λόγον
1423 1321 1492 1360 ἔχει,
1523 1322 1540 1357 ἢ
1558 1321 1586 1349 δν
1602 1322 1634 1349 τὰ
1650 1321 1791 1350 δεκαεννέα
1805 1322 1876 1360 πρὸς

1046 1366 1079 1393 τὰ
1101 1365 1173 1404 τρία.
1196 1366 1243 1394 Καὶ
1269 1365 1344 1398 αὖθις
1367 1367 1384 1401 ἡ
1415 1369 1463 1394 τοῦ
1489 1365 1571 1401 ἡλίου
1587 1365 1733 1405 διάμετρος
1747 1367 1796 1401 τῆς
1813 1365 1873 1393 δια-

1049 1410 1147 1448 μέτρου
1172 1414 1221 1446 τῆς
1242 1410 1372 1446 σελήνης,
1397 1411 1497 1447 μείζων
1525 1410 1596 1438 ἐστὶν
1625 1411 1642 1445 ἢ
1674 1409 1876 1439 ὀκτωκαιδεκα-

1046 1455 1181 1484 πλασίων.
1212 1455 1264 1483 Καὶ
1293 1455 1376 1483 πάλιν
1393 1456 1407 1482 ὁ
1422 1455 1503 1490 ἥλιος
1526 1456 1595 1493 τιτρὸς
1611 1456 1660 1489 τὴν
1676 1455 1795 1490 σελήνην
1813 1455 1876 1491 μεί-

1050 1503 1112 1535 ζονα
1142 1500 1224 1538 λόγον
1250 1498 1319 1538 ἔχει,
1349 1501 1367 1536 ἢ
1383 1501 1412 1528 ὂν
1428 1500 1461 1528 τὰ
1490 1500 1579 1538 ,εωλβ’
1604 1501 1673 1538 πρὸς
1685 1498 1725 1528 ἐν.
1740 1501 1832 1528 Ταῦτα
1848 1498 1878 1527 δὲ

1049 1545 1101 1582 οὔχ
1141 1544 1236 1576 ἀπλῶς
1275 1543 1360 1575 οὕτως
1395 1545 1440 1572 καὶ
1476 1544 1678 1575 ἀναποδείκτως
1714 1544 1789 1582 παρὰ
1815 1546 1877 1575 τοῖς

1049 1588 1228 1627 ἀστρολόγοις
1256 1588 1444 1627 προτείνεται,
1485 1588 1556 1617 ἀλλᾶ
1587 1590 1654 1626 μετὰ
1682 1591 1876 1626 γεωμετρικῶν

1048 1634 1092 1661 καὶ
1121 1633 1350 1672 ἀναντιῤῥητικῶν
1374 1632 1549 1669 ἀποδείξεων.
1580 1634 1645 1671 Περὶ
1671 1634 1708 1660 ὧν
1725 1633 1756 1661 οὐ
1779 1633 1876 1671 καιρὸς

1049 1681 1091 1705 νῦν
1122 1677 1220 1716 λέγειν,
1247 1677 1319 1705 ἀλλὰ
1348 1677 1390 1714 τὺ,
1420 1678 1539 1705 θειότατε
1557 1677 1680 1715 βασιλεῦ,
1701 1678 1735 1705 τὰ
1750 1675 1878 1716 προϐλή-

1051 1733 1121 1759 ματα
1149 1722 1349 1754 ἀναποδείκτως
1374 1733 1403 1750 τε
1429 1723 1467 1754 ὡς
1492 1722 1646 1760 δεξάμενος,
1662 1723 1709 1753 τὰς
1725 1721 1877 1759 ἀποδείξεις

1048 1767 1157 1806 ὕστερον
1171 1767 1292 1803 ἐπιζήτει
1310 1778 1352 1803 με.

1255 1855 1304 1895 ρδ’.
1320 1857 1386 1895 Περὶ
1401 1855 1548 1894 ἐκλείψεως
1562 1856 1656 1892 ἡλίου.

1084 1901 1122 1930 Οὖ
1138 1903 1240 1941 κυρίως
1256 1898 1378 1938 ἔκλειψις
1402 1900 1446 1928 ἐπὶ
1460 1903 1508 1928 τοῦ
1536 1900 1616 1936 ἡλίου
1628 1900 1739 1938 γίνεται.
1757 1900 1796 1929 0-3
1823 1901 1876 1939 γὰρ

1048 1945 1168 1974 ἐκλείπει
1195 1946 1260 1973 ποτὲ
1285 1946 1316 1973 τὸ
1345 1945 1461 1980 ἡλιακὸν
1488 1947 1566 1980 φῶς,
1597 1945 1663 1973 ἀλλ’
1687 1945 1876 1981 ἐπισκότησις.

1047 1991 1246 2018 Ἐπισκοτεῖται
1286 1989 1325 2027 δὲ,
1361 1990 1424 2018 ὅταν
1461 1990 1488 2018 ἐν
1516 1993 1574 2022 τοῖς
1602 1989 1789 2023 ἐκλειπτικοῖς
1816 2001 1875 2018 συν-

1050 2033 1075 2050 NL
1239 2035 1246 2044 ι
1302 2035 1306 2043 ι
1433 2035 1440 2045 θ
1464 2037 1478 2042 ~
1811 2035 1818 2045 ε
1865 2035 1872 2045 \

1048 2044 1160 2071 οισμοις
1183 2045 1250 2063 κατα
1275 2041 1386 2067 καοετον
1411 2046 1485 2071 αυτῳ
1509 2036 1526 2070 ἡ
1552 2034 1656 2071 σελήνη
1670 2035 1794 2073 γένηται.
1819 2038 1877 2063 Υπο

1047 2079 1147 2114 ταύτην
1172 2079 1222 2118 γὰρ
1249 2079 1396 2107 οἷ’κοΰντων
1418 2081 1509 2117 ἡμῶν,
1540 2079 1687 2115 ἐπισκιάζει
1707 2083 1766 2112 τοῖς
1781 2079 1876 2117 ὄμμα-

1048 2134 1087 2151 σιν
1118 2125 1197 2160 ἡμῶν
1213 2124 1243 2152 τὸ
1259 2123 1373 2159 ἡλιακὸν
1386 2127 1454 2162 φῶς.
1471 2123 1546 2159 Πλὴν
1563 2123 1669 2152 δώδεκα
1681 2123 1828 2156 δακτύλοις
1844 2124 1876 2152 τὸ

1048 2172 1127 2205 σῶμα
1162 2172 1211 2203 τῆς
1245 2167 1363 2204 σελήνης
1396 2168 1609 2207 διαμετροῦντος
1639 2169 1664 2196 oi.
1694 2168 1876 2207 ἀστρονόμοι,

168 2208 237 2246 dum
256 2217 307 2245 loti
320 2216 400 2244 illius
411 2215 535 2251 corpori,
552 2215 700 2243 interdum
718 2214 905 2250 paucioribus
924 2213 992 2250 digi-

1083 2223 1102 2240 τι
1133 2213 1180 2250 μὲν
1208 2212 1252 2240 ὅτε
1266 2212 1306 2250 τῷ
1330 2212 1389 2249 ὅλῳ
1414 2216 1463 2248 τῆς
1478 2212 1596 2249 σελήνης
1611 2214 1718 2250 σώματι
1734 2214 1780 2244 τὰς
1795 2213 1878 2248 ἡλια-

166 2263 206 2291 tis
221 2262 320 2290 radios
331 2261 403 2289 solis
433 2260 570 2296 intercipi
590 2260 758 2288 observant.
781 2259 902 2293 Quando
916 2259 994 2287 enim

167 2317 217 2344 per
232 2306 413 2343 superiorem
443 2305 575 2341 upsidem
606 2304 667 2332 sive
697 2306 807 2340 partem
824 2303 923 2332 circuli
948 2304 995 2331 sui

167 2352 221 2380 soli
237 2351 400 2388 propiorem
418 2350 485 2378 luna
501 2350 604 2384 fertur,
622 2348 727 2385 exigua
756 2352 837 2385 parte
858 2357 923 2377 eum
941 2349 994 2376 ob-

168 2398 305 2424 umbrare
317 2396 432 2423 videtur
448 2404 454 2428 ;
472 2403 539 2422 cum
559 2396 658 2421 autem
689 2393 856 2421 inferiorem
876 2393 992 2429 transit,

167 2441 310 2476 siquidem
325 2442 396 2468 tunc
410 2439 538 2466 maxima
553 2438 662 2466 nostris
670 2437 763 2466 oculis
775 2440 896 2474 apparet
910 2438 992 2474 luna,

166 2488 262 2514 totum
277 2485 405 2513 obstruit
421 2483 524 2511 solem.

425 2537 470 2564 95.
487 2537 524 2564 De
539 2536 637 2572 cclipsr'
652 2537 733 2564 lunae.

202 2583 304 2612 Deficit
318 2583 388 2610 luna
405 2582 522 2618 quando
538 2581 567 2609 in
598 2582 733 2610 umbram
763 2584 845 2610 terra:
875 2581 990 2610 incidit.

166 2629 255 2656 Terra
270 2627 348 2656 enim
364 2636 379 2654 a
396 2626 458 2654 sole
487 2625 656 2654 illuminata
680 2627 814 2654 umbram
840 2627 909 2655 facit
933 2635 989 2654 non

166 2671 491 2710 cylindrii‘ormem,sive
505 2670 602 2706 qualis
618 2674 663 2699 est
675 2671 769 2708 figura
780 2671 991 2707 columnae,sed

165 2726 228 2754 quas
245 2725 351 2745 conum
372 2717 468 2744 refert.
486 2718 582 2744 Conus
607 2725 692 2751 porro
718 2717 779 2744 sive
811 2716 930 2744 trochus
958 2725 993 2745 ex

164 2763 266 2791 latiore
276 2761 340 2790 b-usi
352 2761 382 2789 in
393 2763 512 2789 acutum
524 2759 644 2796 desinit,
657 2760 874 2797 talisqueterrae
887 2760 992 2790 umbra

1048 2257 1096 2288 κάς
1124 2257 1204 2295 αὐγὰς
1230 2258 1474 2295 ἀντιφράττουσιν,
1507 2255 1562 2285 ἔστι
1603 2256 1632 2285 δέ
1669 2257 1713 2285 ὅτε
1746 2257 1876 2285 ἐλάττοσι

1048 2301 1181 2331 κτούτων.
1209 2303 1274 2331 Ὃτε
1289 2302 1336 2338 μὶν
1366 2302 1418 2340 γὰρ
1431 2302 1480 2336 τήν
1508 2301 1683 2340 ὑψηλοτέραν
1699 2300 1783 2340 ἁψῖδα
1798 2303 1816 2336 ἡ
1830 2312 1877 2330 σι-

1049 2345 1120 2382 λήνη
1148 2346 1254 2385 φέρεται
1283 2346 1328 2373 καὶ
1356 2347 1406 2380 τῆν
1432 2345 1586 2384 ἐγγίζουσαν
1613 2349 1653 2384 τῷ
1674 2345 1760 2383 ﬁlim,
1790 2346 1878 2385 ὀλίγῳ

1049 2390 1126 2429 ὣέρει
1152 2390 1228 2419 δοκεῖ
1254 2393 1350 2419 τοῦτον
1376 2390 1552 2426 ἐπισκιάζειν·
1584 2391 1645 2419 ὅταν
1673 2389 1702 2418 δὶ
1723 2391 1878 2429 κατώτερον

1049 2434 1252 2472 δίεισιτ,ἐπιιδή
1270 2436 1418 2473 εὐμεγέθης
1432 2437 1580 2471 τηνικαῦτα
1590 2439 1648 2467 τοῖς
1662 2434 1783 2473 ὄμμασιν
1794 2436 1876 2473 ἡμῶν

1048 2480 1189 2517 ἐμπίπτει,
1206 2480 1310 2508 ἅπαντα
1323 2480 1369 2508 τὸν
1383 2479 1464 2515 ἥλιον
1480 2480 1679 2519 ἀντιφράττειν.

1241 2535 1290 2571 με’.
1310 2534 1374 2572 Περὶ
1388 2533 1534 2571 ἐκλείψεως
1552 2534 1682 2570 σελήνης.

1082 2578 1218 2607 Ἐκλείπει
1247 2581 1264 2613 ἡ
1294 2578 1396 2614 σελήνη
1428 2579 1466 2610 εἷς
1496 2580 1526 2606 τὸ
1557 2583 1607 2614 τῆς
1632 2583 1683 2616 γῆς
1704 2578 1879 2616 ἐμπίπτουσα

1046 2623 1172 2660 σκίασμα⁸
1198 2623 1370 2662 φωτιζομένη
1396 2624 1447 2661 γὰρ
1464 2624 1517 2651 οπὸ
1532 2626 1580 2652 τοῦ
1596 2622 1681 2659 ἡλίου
1704 2625 1721 2659 ἡ
1737 2627 1786 2661 γῆ,
1799 2624 1878 2651 σκιὰν

1045 2671 1130 2703 ποιεῖ,
1145 2667 1207 2696 ἀλλ’
1229 2667 1263 2696 οὐ
1285 2667 1475 2706 κυλινδρικήν,
1507 2669 1567 2696 οἷον
1595 2669 1625 2696 τὸ
1641 2670 1688 2696 τοῦ
1704 2668 1795 2700 κίονος
1822 2667 1881 2696 ἐστῖ

1047 2716 1153 2750 σχῆμα,
1168 2712 1241 2741 ἀλλὰ
1255 2712 1499 2748 κωνοειδῆ.Κῶνος
1516 2711 1545 2740 δὲ
1562 2714 1575 2740 ὁ
1592 2711 1738 2749 στρόϐιλος
1754 2712 1880 2751 λέγεται,

1046 2762 1120 2794 ὅστις
1150 2762 1202 2790 ἀπὸ
1215 2761 1345 2794 πλατείας
1371 2763 1476 2802 βάσεως
1502 2762 1542 2794 εἰς
1572 2762 1617 2799 ὀξὺ
1647 2762 1796 2801 ἀπολήγει.
1813 2766 1879 2793 Τοι-
