1951 3054
85 95 145 124 ’745

679 95 729 125 DE
752 95 968 126 OMNIFARIA
994 96 1203 128 DOCTRINA.

1735 101 1795 133 ’146

86 158 154 196 αὕτη
186 158 216 188 δὲ
239 161 257 196 ἡ
285 163 335 196 τῆς
364 163 415 198 γῆς
441 160 496 187 ἐστι
526 160 596 189 σκιά.
628 159 778 189 Διότιὸταοι
792 171 817 188 τι
835 161 906 198 σῶμι

989 164 1027 190 st.
1043 162 1115 191 Nam
1133 164 1250 200 quando
1261 165 1296 193 ab
1313 164 1434 201 aequalis
1445 165 1659 203 magnitudinis
1674 175 1795 204 corpore

88 205 141 233 ὑπὸ
171 205 345 244 ἷσομεγὲθους
381 205 531 244 φωτίζηται
570 206 715 243 σώματος,
750 204 912 243 κυλινδρικὴ

86 250 187 287 γίνεται
214 251 232 286 ἡ
263 251 335 278 σκιά·
366 250 427 278 ὅταν
459 249 488 278 δὶ
513 250 563 278 ὑπὸ
592 251 726 288 μείζονος,
750 249 912 286 κωνοειδής.

86 295 192 330 Μείζων
218 294 264 322 οὖν
280 295 294 323 ὁ
310 294 391 330 ⁴ἥλιος
414 299 463 330 τῆς
478 295 528 332 γῆς
543 293 592 330 ὣν,
615 295 660 323 καὶ
675 295 800 335 φωτίζων
818 295 911 329 αὐτὴν,

85 340 206 374 κωνικὴν
235 342 309 367 ποιεῖ
332 340 382 374 τήν
397 340 484 368 σκιάν.
508 341 589 368 Ὅταν
615 339 660 367 οὖν
676 340 714 371 εἷς
742 341 773 368 τὸ
798 344 848 375 τῆς
860 343 911 378 γῆς

86 385 206 421 σκίασμα
234 385 251 420 ἡ
282 385 384 420 σελήνη
413 384 530 422 ἐμπίσ-ῃ,
560 385 669 423 ἀμαυρὰ
695 386 763 422 ἡμῖν
791 385 911 423 φαίνεται

85 429 130 457 καὶ
156 431 213 458 οἷον
243 428 414 458 ἐκλείπουσα.
445 429 496 458 Καὶ
527 430 588 457 ὅταν
620 430 666 467 μὲν
696 430 735 462 εἰς
756 430 805 464 τήν
836 429 911 468 ῥίζαν

85 474 191 512 ἐμπέσῃ
221 478 270 510 τῆς
296 477 383 508 σκιᾶς,
412 474 524 505 τιλείως
551 474 697 503 ἐκλείπτει.
714 476 794 502 Ὅταν
818 474 846 502 δὲ
874 474 912 505 εἲς

82 521 134 555 τήν
171 520 305 559 κορυφὴνΙ
338 517 520 556 ἀμυδροτέρα,
560 518 629 546 διότι
669 522 719 554 τῆς
746 517 910 550 κωνοειὸοὖς

83 567 161 597 σκιᾶς
189 564 205 600 ἠ
234 564 281 601 μὲν
314 564 390 602 βάσις
420 562 584 602 πλατυτέρα³
612 564 630 599 ἠ
661 563 690 591 δὲ
704 564 811 603 κορυφή
845 563 909 601 βρα-

82 609 196 648 χυτὲρα.

315 654 367 693 ιβ’.
388 653 420 682 Εἰ
441 654 540 691 θερμὸς
556 654 570 680 ὁ
585 652 677 688 ἥλιος.

117 698 234 727 Πλάτων
254 699 301 736 μὲν
326 699 395 726 ἅπαν
421 699 451 726 τὸ
471 698 591 736 αἷῦἑριον
619 700 700 735 σῶμα
714 697 745 726 ἐκ
756 698 841 736 πυρὸς
864 697 909 725 καὶ

81 747 133 782 γῆς
158 744 202 771 καὶ
228 745 281 771 τῶν
312 742 410 780 ἐτέρων
440 742 487 770 δύο
520 743 663 780 στοιχείων
690 743 908 777 κατασκευάζων,

81 788 195 820 εἲκότως
223 787 253 815 ἂν
283 787 346 826 εἷίπῃ
362 788 461 826 Θερμὸν
481 788 527 815 τὸν
555 787 647 822 ἥλιον·
671 787 864 824 Ἀριστοτέλης
881 785 910 814 δὶ

81 832 173 871 ἕτερον
203 833 276 871 παρὰ
298 833 332 860 τὰ
359 835 483 871 στοιχεῖα
510 832 542 860 τὸ
565 834 688 860 τοιοῦτον
719 834 799 868 σῶμα
812 831 907 868 τιθεὶς,
923 846 946 878 Β

82 877 145 906 οὕτε
172 878 271 916 θερμὸν
302 877 373 915 λέγει
397 877 442 904 τὸν
471 876 563 913 ἥλιον,
580 875 636 904 οὔτ’
664 875 753 912 ἄλλην
774 877 907 911 ποιότητα

82 922 193 961 ἔχοντα.
224 921 304 951 Εἴποι
320 920 343 949 δ’
359 920 388 949 ἂν
404 921 591 960 ἐρωτώμενος,
620 923 682 952 Πῶς
700 922 737 958 μή
753 920 852 958 θερμὸς
869 919 905 948 ὣν

82 966 241 1006 θερμαίνει;
270 967 330 996 Ὃτι
355 966 517 1004 κινούμενος
544 966 575 993 τὸ
602 965 761 1003 ὑπίκκαυμα
775 968 850 992 ποιεῖ
862 965 907 993 καὶ

80 1013 126 1040 τὸν
154 1011 288 1050 περίγειον
303 1010 378 1049 ἀέρα,
408 1011 548 1038 κάντεῦθεν
575 1010 744 1048 θερμότητος
772 1013 823 1045 τῆς
840 1010 906 1037 ὑπο-

80 1057 209 1094 κειμίνης
241 1057 400 1088 καθίσταται
426 1055 512 1088 utine;
528 1076 535 1084 .
563 1056 615 1083 Τοῦ
642 1054 670 1083 δὲ
700 1054 906 1091 ὑπεκκαύματος

80 1101 126 1128 καί
154 1101 204 1136 τὴν
228 1102 306 1140 φύσιν
331 1101 375 1128 καὶ
404 1101 436 1128 τὸ
467 1098 563 1137 ὄνομα.
593 1101 674 1131 αὐτὸς
688 1103 796 1137 πρῶτος
813 1100 907 1139 ἐφεῦρε

80 1145 125 1173 καὶ
150 1145 301 1182 ὠνόμασεν.
332 1145 504 1182 ἰ’πὲκκαυμα
535 1144 580 1172 οῦν
612 1143 685 1182 λίγει
710 1145 758 1179 τήν
786 1144 906 1180 ἀναπεμ-

81 1190 204 1227 πομένην
231 1191 284 1218 ἀπὸ
297 1193 347 1225 τῆς
363 1192 412 1228 γῆς
429 1189 606 1226 ἀναθυμίασιν
623 1190 726 1228 θερμὴν
741 1189 785 1217 καὶ
811 1189 905 1227 ξηρὰν,

80 1236 126 1262 καὶ
156 1236 213 1263 οἷον
232 1234 374 1270 καπνώδη.
404 1234 478 1270 Αὕτη
508 1233 553 1262 οὖν
570 1235 587 1269 ἠ
605 1233 747 1269 κεπνώδης
760 1233 906 1270 ἀναθυμία-

81 1290 122 1310 σις
147 1280 230 1318 μέχρι
258 1283 308 1314 τῆς
334 1279 453 1315 σελήνης
481 1278 635 1316 ἀναγομίνη
665 1277 710 1306 διὰ
738 1278 904 1318 κουφότητα,

81 1325 139 1352 σῖτα
162 1325 309 1361 κινουμένη
335 1323 402 1352 κατὰ
428 1323 509 1362 μέρος
526 1323 630 1359 ἐξάπτει
646 1323 690 1351 καὶ
715 1324 754 1355 ὡς
776 1326 828 1360 πῦρ
845 1323 903 1362 φαί-

80 1380 164 1406 νεται,
191 1369 235 1396 κσὶ
253 1369 391 1406 θερμαίνει
420 1369 468 1404 τὴν
502 1369 684 1406 ὑποκειμένην
715 1367 816 1396 οὐσίαν.
846 1369 905 1395 ’Ότι

79 1413 107 1442 δὲ
123 1415 141 1450 ἠ
157 1413 263 1450 κίνησις
278 1413 434 1452 Θερμότητα
448 1416 532 1448 ποιεῖ,
549 1412 681 1449 δηλοῦσιν
696 1413 723 1441 αἱ
739 1411 828 1444 ἀκίδες
849 1415 903 1440 τῶν

79 1459 179 1497 βελῶν·
196 1460 230 1496 τῇ
245 1458 296 1497 γὰρ
311 1459 416 1494 κινήσει
431 1458 527 1486 λύουσι
542 1458 587 1486 τὸν
613 1458 784 1495 ἐπικείμενον
811 1457 904 1489 αὐτοῖς

80 1501 227 1540 μόλιϐδον.

261 1547 309 1586 [ιζ’.
327 1547 376 1578 Τίς
390 1548 407 1582 ἠ
425 1546 501 1575 οὐσία
515 1549 567 1575 τῶν
584 1547 714 1585 ἀστέρων.

113 1592 227 1622 Ηάντων
259 1595 314 1620 τῶν
352 1593 471 1629 ἀστέρων
506 1594 560 1620 τῶν
589 1592 618 1620 τέ
646 1603 676 1630 γε
704 1592 829 1620 ἀπλανῶν
858 1592 903 1620 καὶ

75 1637 223 1673 πλανητῶν
252 1638 321 1664 κατὰ
349 1638 394 1673 μὲν
425 1637 559 1665 Πλάτωνα
586 1637 635 1674 μία
660 1637 748 1671 οὐσία,
765 1638 781 1672 ἠ
799 1636 904 1675 διαυγε‹

77 1681 159 1719 στέρα
181 1684 235 1709 τῶν
262 1681 406 1720 στοιχείων
431 1682 517 1719 μερὶς,
541 1681 585 1709 καὶ
612 1682 643 1709 τὸ
668 1683 724 1709 οἷον
754 1681 904 1721 ἐξάφρισμα

75 1727 193 1761 τούτων,
223 1726 291 1754 κατᾶ
319 1725 347 1754 δὲ
375 1725 570 1764 Ἀριστοτέλην
600 1727 618 1762 ἦ
648 1725 752 1754 ἐπίνοια
770 1728 818 1754 τοῦ
833 1727 902 1764 πὲμ-

76 1782 147 1799 πτου
163 1771 300 1808 σώματος.
330 1771 368 1800 Οὐ
397 1771 447 1809 γὰρ
477 1771 633 1808 ἒξονομάζει
658 1772 707 1806 τὴν
737 1771 829 1799 οὐσίαν
857 1772 902 1799 αὐ-

73 1818 127 1843 τῶν
143 1838 149 1850 ,
181 1815 254 1844 ἀλλὰ
282 1816 328 1844 τὸν
358 1816 445 1844 πάντα
470 1816 599 1854 οὐρανὸν,
629 1815 673 1843 καὶ
700 1815 764 1847 τοὺς
791 1815 903 1854 ἀστᾶρας

75 1861 196 1892 ἅπαντας
220 1859 265 1888 διὰ
279 1861 329 1895 τήν
353 1860 484 1900 διάφορον
507 1861 612 1897 κίνησιν
637 1861 706 1898 πρὸς
721 1861 754 1888 τὰ
779 1863 903 1899 στοιχεῖα

72 1906 106 1933 τα
129 1906 258 1944 τέσσαρα,
286 1906 413 1942 πέμπτον
441 1908 521 1943 σῶμα
539 1905 628 1934 καλεῖ.
645 1907 706 1934 Τῶν
723 1904 752 1933 δὲ
778 1905 903 1943 συμπάν-

72 1960 127 1978 των
154 1951 286 1988 ἀστέρων,
311 1949 379 1978 ἑπτὰ
396 1951 477 1987 μόνον
495 1950 560 1978 εἰσὶν
584 1951 610 1978 οἱ
631 1949 779 1985 πλανῆται,
802 1951 903 1988 κυρίως

74 1993 102 2022 δὲ
131 1994 221 2029 πέντε,
239 1996 253 2023 ὁ
268 1995 320 2033 γὰρ
335 1994 416 2030 ¹ἥλιος
438 1995 483 2022 καὶ
498 1996 515 2030 ὴ
532 1995 634 2031 σελήνη
652 1995 682 2023 οὐ
704 1995 902 2030 πεπλάνηνται,

74 2038 139 2067 ἀλλ’
155 2040 181 2066 οἱ
197 2040 284 2075 πέντε,
301 2038 347 2067 διὰ
361 2040 392 2067 τὸ
403 2039 492 2068 δοκεῖν
508 2040 641 2075 ἱστᾶσθαι,
657 2040 702 2068 καὶ
715 2039 902 2076 ὑποποδίζειν,

74 2087 213 2119 πΛανῆται
229 2084 436 2121 ὠνομάσθησαν.

127 2182 184 2221 ιιηΖ
198 2181 266 2221 Περὶ
279 2184 330 2216 τῆς
341 2184 394 2212 τῶν
412 2183 530 2221 ἀστέρων
547 2185 631 2222 φορᾶς
647 2183 691 2211 καὶ
707 2183 849 2220 κινήσεως.

969 206 1094 236 alterum
1109 207 1307 244 illuminatur,
1323 210 1424 238 umbra
1435 210 1531 247 prodit
1543 211 1712 247 cylindrica,
1729 215 1758 241 at
1769 213 1794 241 si

968 259 985 279 ει
1001 253 1119 287 majore,
1149 253 1331 282 conitormis.
1356 254 1422 283 Jam
1452 256 1547 292 major
1570 256 1672 292 utique
1687 258 1731 285 est
1750 258 1794 285 sol

967 297 1081 333 tellure,
1093 297 1183 334 igitur
1193 299 1263 327 dum
1275 307 1339 327 eam
1351 299 1645 336 illuminat,conicam
1657 301 1792 331 umbram

967 342 1190 375 efﬁcit.Quando
1203 343 1292 379 igitur
1306 343 1336 371 in
1352 346 1434 372 terrae
1446 345 1580 373 umbram
1596 345 1700 374 incidit
1709 345 1791 380 luna,

967 386 1093 415 obscura
1107 387 1139 415 ﬁt
1147 396 1179 415 ac
1195 388 1284 416 veluti
1295 388 1482 417 doticiens.Et
1494 391 1611 425 quando
1621 390 1650 418 in
1660 391 1790 419 radicem

967 430 1027 458 sive
1042 431 1209 460 inferiorem
1227 433 1338 461 umbras
1354 433 1456 461 incidit
1470 437 1594 471 partem,
1607 435 1704 463 deﬁcit
1716 438 1787 464 tota.

965 476 1001 503 At
1016 477 1133 512 quando
1163 477 1190 504 in
1217 480 1328 514 partem
1352 487 1531 515 supremam,
1561 481 1632 507 tunc
1655 488 1713 508 non
1728 482 1790 510 tota

965 521 1140 548 obscuratur
1157 544 1164 556 ,
1189 522 1428 558 quandoquidem
1452 523 1481 551 in
1506 523 1659 552 coniformi
1684 525 1789 553 umbra

965 564 1045 592 basis
1060 564 1156 602 latior,
1173 566 1325 603 fastigium
1340 567 1495 604 angustius
1511 568 1686 606 breviusque
1701 572 1756 598 est.

1186 654 1231 683 96.
1247 657 1320 684 Num
1333 655 1374 683 sol
1388 656 1425 683 sit
1438 656 1545 684 calidus
1554 658 1567 684 ἵ

1000 699 1082 727 Plato
1097 699 1147 735 qui
1163 708 1249 727 omne
1265 700 1381 728 sceleste
1396 708 1502 736 corpus
1523 709 1558 729 ex
1570 700 1649 737 igne,
1669 704 1747 730 terra
1761 704 1789 730 et

965 745 1080 773 duobus
1096 745 1209 773 caeteris
1224 745 1378 774 elementis
1400 746 1560 782 componit,
1577 747 1680 775 merito
1696 748 1787 776 solem

964 790 1092 818 calidum
1119 790 1287 818 afﬁrmavit.
1317 792 1353 818 At
1381 790 1551 819 Aristoteles
1575 791 1653 819 aliud
1684 794 1789 829 praeter

963 835 1011 862 illa
1027 835 1171 862 elementa
1194 842 1299 871 corpus
1324 835 1395 863 ccelo
1419 835 1564 869 tribuens,
1589 844 1641 864 nec
1656 837 1785 865 calidum

961 888 1026 908 esse
1041 887 1094 907 nec
1108 879 1165 906 alia
1179 879 1231 907 tali
1247 879 1386 915 qualitate
1397 879 1550 916 praeditum
1563 880 1786 915 affirmat.Quod

961 925 986 953 si
1005 924 1110 952 dixerit
1124 923 1242 960 aliquis.
1268 924 1416 956 Quomodo
1432 923 1532 960 igitur,
1549 924 1574 952 si
1598 925 1711 953 calidus
1727 934 1785 954 non

961 971 1014 1003 est,
1032 969 1189 997 calefacit?
1212 969 1380 1005 respondet,
1406 969 1484 1004 quod
1500 969 1569 997 dum
1596 972 1727 998 movetur
1742 971 1786 999 sol

962 1014 1069 1043 excitat
1083 1012 1252 1049 ὑπέκκαυμα,
1267 1013 1326 1041 sive
1338 1012 1511 1049 fuliginosos
1527 1022 1659 1050 vapores,
1675 1023 1786 1043 aerem-

962 1067 1018 1095 que
1035 1058 1161 1086 vicinum
1178 1059 1272 1093 terrae,
1286 1060 1373 1094 atque
1397 1057 1466 1085 inde
1482 1058 1588 1086 caloris
1602 1058 1728 1095 subjecti
1742 1061 1788 1088 est

961 1105 1071 1131 auctor.
1098 1101 1270 1138 Ὑπέκκαυμα
1293 1102 1383 1130 veluti
1408 1102 1539 1130 fomitem
1564 1103 1689 1131 ﬂammae
1717 1112 1786 1132 con-

961 1148 1101 1184 cipicndac
1117 1147 1232 1184 primus
1248 1146 1320 1174 dixit
1332 1149 1360 1174 et
1382 1149 1519 1175 naturam
1541 1147 1606 1183 ejus
1632 1147 1788 1184 explicavit

961 1193 1140 1226 Aristoteles,
1159 1192 1328 1228 intelligens
1347 1200 1398 1228 per
1414 1191 1494 1220 illam
1519 1200 1642 1228 vapores
1661 1201 1695 1221 ex
1710 1195 1788 1222 terra

961 1238 1139 1274 prodeuntes
1155 1236 1264 1265 calidos
1280 1237 1430 1272 siccosque
1445 1245 1478 1265 ac
1494 1237 1582 1265 veluti
1599 1237 1785 1275 fuliginosos,

961 1282 1012 1318 qui
1028 1282 1063 1310 ad
1079 1282 1179 1309 lunam
1197 1289 1290 1317 usque
1302 1284 1419 1317 propter
1430 1280 1575 1309 levitatem
1587 1290 1672 1310 suam
1688 1283 1787 1311 ferun-

960 1329 1018 1361 tur,
1030 1330 1119 1363 atque
1132 1326 1201 1354 moti
1213 1328 1241 1353 et
1251 1326 1352 1362 agitati
1369 1333 1401 1353 ex
1418 1328 1502 1361 parte
1517 1327 1746 1361 succenduntur,
1758 1330 1787 1355 et

959 1372 1037 1408 ignis
1057 1371 1151 1398 instar
1175 1372 1317 1406 apparent
1343 1378 1376 1397 ao
1399 1371 1563 1405 subjectum
1588 1371 1786 1400 substantiam

960 1416 1143 1445 calefaciunt.
1159 1415 1238 1448 Quod
1253 1422 1321 1442 vero
1337 1417 1435 1442 motus
1447 1415 1573 1443 calorem
1587 1417 1719 1452 generet,
1736 1416 1786 1444 do-

958 1463 1024 1489 cent
1035 1460 1077 1488 vel
1094 1460 1268 1496 sagittarum
1285 1459 1582 1495 cuspides,siquidem
1599 1463 1696 1489 motus
1709 1461 1784 1489 cele-

960 1506 1045 1534 ritate
1060 1505 1216 1541 plumbum
1231 1503 1291 1531 illis
1307 1503 1479 1539 impositum
1496 1504 1619 1540 quueﬁt.

1096 1550 1143 1578 97.
1164 1549 1259 1583 Qualis
1273 1549 1310 1576 sit
1323 1552 1459 1576 astrorum
1474 1549 1628 1578 substantia
1638 1548 1652 1577 ?

994 1595 1133 1623 Omnium
1150 1593 1279 1622 siderum
1297 1593 1728 1631 inerrantium,errantiumque
1738 1603 1783 1623 se-

959 1641 1086 1668 cundum
1104 1638 1252 1667 Platonem
1269 1647 1328 1666 una
1343 1638 1510 1666 substantia
1524 1641 1578 1674 est,
1596 1647 1663 1675 pars
1680 1647 1785 1676 nempe

959 1684 1096 1714 subtilior
1111 1683 1350 1720 splendidiorque
1365 1685 1493 1719 quatuor
1516 1683 1739 1719 elementorum,
1755 1687 1788 1714 et

958 1729 1076 1758 illorum
1087 1728 1175 1757 voluti
1187 1727 1555 1764 despumatio.Aristoteles
1565 1737 1632 1756 vero
1644 1729 1782 1764 quintum

958 1775 1105 1811 quoddam
1122 1782 1227 1809 corpus
1243 1773 1278 1801 de
1294 1772 1352 1800 illis
1367 1772 1558 1808 cogitandum
1574 1772 1781 1808 relinquit,ne-

957 1828 1014 1856 que
1028 1819 1107 1847 enim
1124 1819 1256 1846 nominat
1266 1825 1328 1853 qua:
1339 1816 1378 1844 sit
1387 1816 1538 1844 stellarum
1550 1817 1781 1854 substantia,sed

957 1863 1063 1892 caelum
1079 1871 1166 1891 omne
1177 1862 1370 1897 universaque
1382 1860 1563 1897 sidera,quia
1573 1861 1686 1890 diverso
1698 1865 1780 1891 motu

957 1916 1046 1945 quam
1072 1907 1218 1936 elementa
1242 1907 1367 1941 quatuor
1392 1906 1514 1942 praedita
1537 1908 1616 1940 sunt,
1645 1907 1782 1942 quintum

958 1961 1063 1988 corpus
1079 1951 1217 1988 appellat.
1233 1950 1273 1977 Ex
1296 1950 1434 1977 omnibus
1450 1958 1535 1985 porro
1560 1950 1653 1978 stellis
1669 1953 1782 1987 septem

957 1996 1163 2026 tantummodo
1180 1997 1249 2022 sunt
1273 1993 1398 2030 planetas
1413 1995 1474 2022 sive
1497 1997 1640 2029 errantes,
1655 1995 1699 2023 vel
1715 2004 1784 2032 pro-

958 2041 1021 2079 prie
1037 2040 1168 2077 quinque
1191 2039 1408 2073 tantummodo,
1425 2038 1469 2066 sol
1493 2039 1571 2066 enim
1587 2041 1615 2067 et
1639 2039 1710 2068 luna
1725 2048 1783 2069 non

958 2088 1068 2120 errant,
1084 2087 1113 2113 at
1124 2084 1168 2112 illi
1180 2084 1311 2120 quinque
1326 2083 1396 2120 quia
1407 2084 1544 2112 videntur
1550 2084 1613 2119 jam
1628 2085 1707 2113 stare
1719 2084 1782 2120 jam

959 2129 1131 2168 retrogredi,
1147 2130 1278 2157 errantes
1294 2128 1365 2156 dicti
1382 2130 1462 2156 sunt.

1091 2182 1135 2210 98.
1154 2184 1193 2210 De
1206 2181 1357 2209 stellarum
1372 2181 1512 2209 rotatione
1527 2189 1560 2209 ac
1573 2185 1647 2210 motu

108 2217 147 2265 Ol:
160 2217 164 2218 7
176 2237 224 2273 μὶν
239 2217 244 2221 1
261 2236 391 2268 ἀπλανεῖς
427 2217 534 2274 deripe;
553 2217 558 2222 Ι
571 2217 684 2268 ὄίπαντες
712 2217 902 2275 ἐστηριγμένοι

993 2236 1089 2266 Stellae
1104 2236 1268 2264 inerrantes
1285 2235 1424 2263 universa:
1440 2235 1501 2263 ﬂxae
1517 2237 1599 2271 sunt,
1616 2238 1648 2264 ut
1664 2235 1706 2264 ait
1719 2235 1784 2263 Ari-

71 2279 162 2317 ὄντες,
191 2281 230 2313 ὡς
259 2281 452 2320 Ἀριστοτέλης
468 2282 548 2321 φησὶ,
563 2281 608 2309 καὶ
623 2284 663 2319 τῷ
683 2281 790 2319 οὐρανῷ
805 2283 904 2318 ἀμετα-

71 2326 161 2356 θέτως
205 2325 427 2363 συγκινούμενοι,
469 2324 617 2364 ἐπειδήπερ
659 2326 737 2357 οὗτος
774 2326 800 2361 ὶξ
839 2327 905 2353 ἁνα-

71 2369 165 2397 τολῶν
190 2369 228 2401 εἷς
258 2368 361 2407 δυσμὰς
387 2371 506 2408 φέρεται,
521 2371 571 2405 τὴν
599 2371 685 2405 αὐτὴν
714 2370 759 2398 καὶ
777 2369 904 2408 οὗτοιτῷ

72 2415 183 2453 οὐρανῷ
198 2416 334 2442 κινοῦνται
360 2415 478 2450 κίνησιν.
509 2415 542 2443 Οἱ
572 2413 600 2442 δὲ
623 2414 760 2450 πλανῆται
787 2414 831 2442 διὰ
853 2416 903 2450 τήν

73 2459 211 2487 ἀντίθετον
241 2460 387 2496 ἀντέρεισιν
404 2459 449 2487 καὶ
483 2459 645 2496 ἰσόσταθμον
664 2460 714 2487 ὑπὸ
739 2462 810 2499 σοφῇ
839 2471 905 2498 προ-

72 2503 144 2538 νοίν,
166 2502 213 2531 ’ἕνα
228 2505 266 2540 μὴ
284 2503 412 2543 σύρρηξις
443 2505 494 2532 ὑπὸ
523 2506 576 2532 τῶν
607 2504 694 2532 αὐτῶν
723 2503 902 2542 καταδρόμων

73 2549 119 2576 καὶ
144 2547 322 2586 κυλισμάτων
348 2550 469 2588 γένηται,
492 2549 560 2577 κατὰ
588 2550 637 2585 τὴν
669 2548 738 2577 ἰδίαν
763 2550 808 2577 καὶ
824 2561 905 2589 φυσι-

74 2594 126 2629 κήν
157 2594 260 2629 κίνησιν
295 2593 448 2626 ἐκδόσεως
465 2594 503 2626 εἷς
528 2593 663 2629 ἀνατολὴν
693 2595 830 2634 φέρονται.
859 2598 905 2622 Κι-

72 2641 185 2666 νοῦνται
199 2637 228 2666 δὲ
251 2638 297 2667 καὶ
322 2639 347 2677 ἐξ
374 2639 514 2667 ἁνατολῶν
538 2639 576 2670 εἷς
604 2637 690 2674 δόσιν,
707 2638 780 2667 ἀλλὰ
802 2641 841 2675 τῷ
855 2640 906 2667 οὖ-

75 2686 153 2722 ροινῷ
183 2684 462 2724 συμπεριφερόμενοι·
494 2683 553 2716 ὅθεν
584 2684 597 2711 ὁ
612 2683 694 2719 ἥλιος
709 2685 777 2711 κατὰ
793 2684 840 2720 μὲν
855 2685 904 2719 τὴν

74 2727 145 2757 ἰδίαν
171 2728 290 2764 κίνησιν,
314 2728 445 2767 τισσαρας
468 2728 539 2764 ὥρας
567 2727 673 2766 πλῆροι
698 2730 746 2756 τοῦ
770 2727 906 2765 ἐνιαυτοῦ,

72 2775 120 2802 νῦν
139 2773 188 2812 μὶν
207 2772 417 2812 βόρειοςμῦνδὲ
430 2772 521 2805 νότιος
533 2773 706 2812 κινούμενος·
721 2773 788 2806 καθὸ
802 2771 831 2802 δὶ
847 2784 906 2814 συγ-

241 2839 373 2871 Damon.
399 2840 455 2871 Gn.
477 2838 601 2871 CXXII.

958 2282 1088 2314 stoteles,
1105 2283 1134 2309 et
1147 2281 1210 2309 sine
1225 2279 1287 2308 ulla
1301 2279 1533 2316 transpositione
1548 2289 1607 2308 una
1628 2289 1696 2308 cum
1712 2279 1784 2308 caelo

959 2329 1123 2359 moventur,
1139 2325 1216 2360 quod
1234 2332 1301 2352 cum
1317 2324 1352 2352 ab
1369 2324 1482 2352 oriente
1498 2324 1608 2351 feratur
1622 2332 1724 2352 versus
1736 2332 1784 2352 oo-

959 2372 1117 2404 cidentem,
1141 2369 1242 2397 eadem
1260 2373 1288 2396 et
1311 2368 1366 2396 illas
1391 2377 1457 2396 cum
1485 2368 1556 2396 coelo
1582 2367 1711 2396 motione
1727 2368 1785 2396 cir-

959 2416 1174 2445 cumferuntur.
1192 2413 1316 2441 Planetas
1339 2421 1404 2440 vero
1421 2415 1539 2448 propter
1563 2413 1742 2441 contrarium
1758 2415 1787 2440 et

959 2460 1101 2496 aequalem
1125 2458 1269 2492 renixum,
1287 2466 1303 2485 a
1329 2457 1454 2493 sapienti
1479 2457 1672 2492 providentia,
1700 2465 1736 2486 ne
1753 2465 1788 2485 ex

959 2504 1106 2534 consimili
1123 2512 1211 2531 cursu
1227 2505 1255 2530 et
1270 2502 1416 2530 volutione
1439 2502 1592 2529 conﬂictus
1616 2504 1703 2537 esset,
1720 2511 1788 2538 pro-

960 2550 1023 2587 prio
1040 2551 1066 2577 et
1096 2547 1222 2576 naturali
1251 2549 1331 2574 motu
1361 2546 1496 2574 feruntur
1525 2547 1560 2574 ab
1590 2546 1742 2575 occidente
1757 2547 1788 2574 in

961 2595 1112 2623 orientem.
1130 2593 1314 2628 Quamquam
1330 2594 1358 2618 et
1377 2591 1432 2626 ipsi
1449 2599 1483 2618 ex
1506 2591 1619 2619 oriente
1635 2593 1790 2619 moventur

961 2640 991 2668 in
1006 2639 1197 2672 occidentem,
1223 2637 1271 2664 sed
1290 2644 1348 2663 una
1373 2644 1440 2663 cum
1456 2635 1527 2664 caelo
1548 2635 1787 2672 oircumagitati:

961 2685 1038 2713 unde
1054 2683 1096 2711 sol
1121 2681 1240 2718 propria
1255 2680 1383 2708 motione
1409 2683 1538 2716 quatuor
1560 2681 1630 2709 anni
1654 2683 1788 2717 tempora

960 2728 1072 2765 implet,
1095 2727 1158 2763 jam
1181 2726 1211 2754 in
1236 2725 1436 2762 septentrione
1457 2725 1522 2761 jam
1548 2725 1579 2754 in
1604 2725 1790 2754 meridionali

960 2775 1042 2812 parte
1056 2772 1235 2802 constitutus
1251 2783 1258 2807 ε
1270 2771 1356 2809 prout
1369 2778 1435 2799 vero
1447 2772 1582 2799 movetur
1593 2771 1695 2800 eodem
1707 2771 1788 2799 motu

1591 2835 1631 2866 24
