1951 3054
50 101 105 130 749
636 98 688 128 DE
709 97 930 128 OMNIFARIA
952 97 1160 128 DOCTRINA.
1692 97 1752 129 750

51 166 141 193 ποιεῖ’
171 163 234 192 ὅταν
268 162 297 190 δὶ
320 162 389 200 πρὸς
415 163 493 190 νότον
521 162 636 201 ἀπέλθῃ,
667 165 793 201 χειμῶνα
822 162 886 205 ἰρ-⁴

978 171 983 190 ι
1013 164 1147 190 versatur
1180 162 1210 190 in
1248 162 1357 198 ariete,
1395 163 1602 199 aequinoctium
1642 164 1751 194 efficit:

51 211 166 248 γάζεται,
195 209 240 236 καὶ
270 207 332 236 ὅταν
364 208 410 245 μὲν
436 207 504 235 κατὰ
526 207 573 235 τὸν
600 209 675 246 κριὸν
704 209 735 236 τὸ
771 206 868 242 ζώδιον

978 208 1042 235 mdo
1058 209 1156 235 autem
1182 215 1216 235 ex
1241 207 1362 236 adverso
1389 207 1504 244 positus
1527 209 1624 237 cancri
1653 209 1752 238 chelas

52 255 167 292 γένηται,
197 253 340 291 ἴσημερίαν
376 254 451 280 ποιεῖ
468 261 477 271 ο

52 298 240 337 διαπορεύηται
262 299 316 325 τῶν
340 296 453 335 χηλῶν,
479 297 640 335 μετοπώραν
664 298 709 325 καὶ
724 297 869 335 ἲσημερίαν

53 343 136 375 αὖθις.

53 407 100 444 ργ¹,
123 405 210 437 Πόσος
239 404 344 441 ἑκάστῳ
379 406 433 432 τῶν
468 403 616 444 πλανητῶν
656 405 669 432 ὁ
693 404 794 442 ’χρόνος
821 406 872 438 τῆς

387 439 516 479 περιοδου
534 450 540 475 ;

86 497 148 526 Τοῖς
183 494 333 530 πλανηταις
360 497 425 521 πᾶσι
464 493 531 521 κατὰ
569 493 619 528 τὴν
653 493 798 530 ἀναλογίαν
825 495 874 520 τοῦ

54 539 178 578 μεγέθους
201 541 254 566 τῶν
281 540 401 576 σφαιρῶν
423 537 468 565 καὶ
489 539 538 565 τοῦ
566 538 666 574 μέτρου
687 539 742 564 τῶν
756 537 875 564 ἀποστά-

53 584 117 612 σέων
133 583 252 621 χρόνους
278 583 448 620 ὡρισμένους
473 582 607 621 ἀφώρισιν
631 582 645 609 ὁ
668 582 744 615 Θεὸς,
759 584 814 609 τῶν
833 592 877 609 κι-

52 629 164 664 νήσεων.
188 627 237 655 Καὶ
254 627 267 654 ὁ
297 628 343 664 μὲν
369 626 473 664 Κρόνος
500 626 546 654 ἅτε
571 625 740 664 ὑψηλότερος
755 628 808 653 τῶν
826 626 877 653 ἅλ-

53 673 118 707 λων,
134 673 178 700 καὶ
196 673 306 710 μείζονα
320 671 421 699 κύκλον
447 671 662 709 περιερχόμενος
688 669 733 698 διὰ
746 680 877 708 τριακον-

53 718 156 748 ταετίας
179 717 230 752 τὴν
259 717 342 744 αὑτοῦ
369 714 496 753 περίοδον
526 714 673 752 ἐκπληροῖ.
699 716 729 744 'O
756 714 784 742 δὶ
812 714 876 745 Ζεὺς

55 761 129 794 uisio;
147 762 205 797 μετ’
220 760 300 788 αὐτὸν
323 758 359 787 ὢν
387 758 431 786 διὰ
456 758 645 789 δωδεκαετίας.
675 760 710 787 "O
735 769 766 795 γε
790 759 876 796 ’Ἄρης

55 806 99 834 διὰ
114 805 161 833 δύο
176 805 220 833 καὶ
247 804 370 841 ἡμίσεως
397 803 536 831 ἐνιαυτῶν.
552 806 596 840 Τῷ
626 802 654 831 δὲ
679 803 764 839 Ἡλίῳ
783 803 827 830 καὶ
843 804 878 840 τῇ

520 253 583 280 ὅταν
614 251 643 280 δὶ
671 253 729 280 κατ’
759 251 870 290 ἅντικρυ

981 252 1067 288 gerit,
1093 254 1282 287 autumnum,
1307 252 1491 288 alterumque
1519 253 1603 282 affert
1620 254 1753 289 asquino-

926 296 1029 325 otium.

929 404 989 432 103.
1006 404 1109 438 Quanti
1133 405 1263 440 temporis
1280 404 1414 468 ρςὲἰοέἰαξ
1436 405 1557 442 singulis
1585 406 1705 442 planetis
1719 407 1756 434 sit

1294 448 1318 467 rz
1339 449 1356 468 u
1370 449 1400 468 α.

1294 445 1387 468 nbula
1396 445 1400 467 Ξ

964 493 1096 529 Singulis
1112 493 1237 529 planetis
1263 496 1338 521 Deus
1358 496 1492 530 tempora
1517 494 1637 523 definita
1652 496 1758 523 statuit

931 539 1104 571 motionum,
1122 539 1285 565 secundum
1303 539 1520 574 proportionem
1541 539 1756 575 magnitudinis

931 583 1124 618 spherarum,
1153 586 1182 610 et
1205 592 1350 611 mensurae
1381 593 1439 620 qua
1462 585 1584 612 distant.
1612 585 1757 614 Saturnus

930 627 1022 662 igitur
1036 629 1178 662 tanquam
1195 628 1308 655 caeteris
1325 628 1482 656 sublimior
1501 631 1530 656 et
1542 630 1684 664 majorem
1708 630 1757 657 de-

932 672 1065 700 scribens
1081 671 1237 706 circulum,
1254 672 1373 709 triginta
1391 681 1536 701 annorum
1553 673 1649 709 spatio
1665 674 1759 710 perio-

932 716 1002 744 dum
1019 725 1102 744 suam
1118 716 1215 752 explet
1226 719 1254 744 et
1265 716 1400 745 absolvit.
1414 717 1530 753 Jupiter
1540 717 1595 753 ipsi
1608 718 1760 753 proximus

933 761 1018 788 annis
1034 761 1200 788 duodecim.
1231 762 1308 789 Mars
1336 762 1453 789 duobus
1480 764 1509 790 et
1536 762 1669 790 dimidio.
1687 762 1759 797 Soli,

932 805 1095 841 Venerique
1125 813 1157 833 ac
1184 805 1328 833 Mercurio
1358 806 1479 841 (aqualis
1509 807 1647 842 periodus
1671 806 1760 835 unius

56 849 199 890 Ἀφροδίτῃ
214 850 257 877 καὶ
284 851 323 885 τῷ
348 850 438 887 Ἐρμῆ
469 847 618 886 ῗσόδρομος
645 849 662 883 ἠ
687 847 814 885 περίοδος
833 847 878 875 καὶ

978 849 1002 877 ni
1017 852 1061 877 est
1086 850 1256 878 constituta.
1274 851 1357 878 Luna
1382 851 1586 887 undetrigenta
1609 851 1713 879 diebus
1732 853 1761 879 et

55 895 198 926 ἐνιαύσιος,
220 895 251 922 Ἢ
283 892 311 920 δὲ
340 892 449 928 Σέλήνη
480 891 525 920 διὰ
552 892 591 924 κθ¹
620 894 731 929 ἡμερῶν
756 892 824 929 πρὸς
843 892 878 928 τῇ

55 939 166 977 ἡμισείᾳ
199 938 421 966 ἀποκαθίσταται.
461 937 495 966 Εἴ
537 935 566 964 δέ
605 947 647 968 τις
679 936 878 973 μουσικώτερον

56 985 134 1012 ἅπτοι
148 984 194 1011 τὸν
218 985 271 1011 τῶν
296 982 427 1010 τοιούτων
451 981 579 1020 ἀριθμὸν,
602 981 652 1015 τήν
675 983 724 1008 τοῦ
744 985 881 1018 Δημιουρ-

55 1031 102 1066 γοῦ
131 1028 227 1067 σοφίαν
251 1026 416 1064 θαυμάσεται
452 1028 510 1057 πῶς
544 1026 657 1056 ἅπαντες
686 1025 712 1052 οἳ
737 1027 790 1052 τῶν
813 1034 881 1061 συμ-

57 1075 164 1111 φωνιῶν
195 1071 272 1110 λόγοι
300 1071 327 1099 ἐν
350 1073 408 1102 τοῖς
431 1070 568 1102 τοιούτοις
589 1069 775 1109 ἔμφαίνονται,
798 1070 812 1096 ὁ
837 1067 882 1096 διὰ

57 1120 159 1154 πασῶν,
177 1118 190 1144 ό
206 1115 251 1144 διὰ
264 1116 353 1149 πέντε,
370 1115 414 1143 καὶ
432 1114 476 1142 διὰ
489 1115 637 1152 τεσσάρων.

326 1159 376 1197 ρδ’.
395 1160 459 1197 Περὶ
475 1160 611 1196 κομήτου.

93 1208 121 1234 '0
136 1207 262 1243 κομήτης
278 1205 304 1232 ἐν
326 1207 366 1241 τῷ
391 1203 576 1240 ὑπεκκαύματι
595 1203 696 1241 γίνεται
712 1212 718 1219 ·
745 1202 807 1230 ὅταν
832 1203 882 1241 γὰρ

61 1251 160 1290 ἐξαφθῇ
176 1262 202 1278 τι
225 1251 306 1288 μέρος
322 1251 371 1277 τοῦ
396 1248 602 1285 ὑπεκκαύματος
628 1247 672 1276 διὰ
693 1248 741 1282 τὴν
765 1246 883 1283 κίνησιν,

59 1297 95 1328 ὡς
120 1296 279 1334 εἰρήκαμεν,
310 1294 354 1322 καὶ
380 1295 396 1329 ἡ
416 1294 462 1330 μὶν
489 1293 575 1328 λεπτὴ
598 1293 722 1320 σύστασις
749 1291 801 1327 (in,
823 1291 884 1319 δια-

57 1342 150 1380 τρὲχει
174 1339 252 1371 εὐθὺς
275 1340 306 1366 τὸ
336 1338 443 1377 ἐξαφθὲν
465 1338 534 1365 κατὰ
568 1336 701 1371 διάδοσιν,
722 1337 883 1373 καὶγίνεται

57 1387 71 1413 ὁ
87 1385 255 1421 καλούμενος
285 1382 400 1419 διᾴττων
425 1383 523 1420 ἀστήρ.
540 1382 572 1410 Εἰ
591 1381 620 1409 δὶ
635 1381 775 1419 παχυτέρα
791 1381 886 1418 εὑρεθῇ

56 1432 74 1466 ἡ
100 1428 167 1465 ὕλη,
191 1428 335 1466 κατὲχιται
360 1427 445 1455 ἐκιῖσε
470 1427 501 1454 τὸ
527 1426 635 1463 σπέρμα
658 1428 706 1453 τοῦ
729 1425 885 1464 ἐξαφθέντος

55 1475 154 1512 πυρὸς,
171 1473 214 1501 καὶ
231 1475 306 1500 ποιεῖ
327 1472 372 1499 τὸν
399 1472 537 1507 γομήτην,
563 1471 623 1498 Εἴσὶ
642 1469 671 1498 δὲ
685 1472 738 1498 τῶν
755 1471 884 1506 κομητῶν

53 1521 89 1547 τὰ
113 1519 245 1556 σχήματα
278 1515 405 1555 διάφορα,
436 1514 481 1543 διὰ
503 1516 554 1550 τήν
585 1514 713 1554 διάφορον
738 1517 788 1549 τῆς
817 1512 886 1549 ὕλης

56 1563 161 1600 ἔξαψιν,
190 1563 225 1591 ’Ἠ
251 1562 301 1599 γὰρ
327 1561 395 1588 κατὰ
420 1563 508 1597 μῆκος
539 1560 622 1596 μόνον
651 1559 721 1586 ἐστὶν
746 1559 763 1593 ἡ
780 1558 882 1595 ἔξαψις,

56 1608 102 1636 καὶ
118 1608 220 1646 γίνεται
236 1607 250 1633 ὁ
265 1605 435 1642 καλούμενος
463 1603 542 1635 δοκός
564 1614 570 1620 ·
605 1603 622 1638 ἤ
647 1604 715 1631 κατὰ
737 1606 825 1640 μῆκος
840 1603 886 1630 καὶ

56 1652 175 1688 πλάτος,
202 1652 246 1679 καὶ
272 1649 444 1678 ἀποτελεῖται
470 1650 483 1677 ὁ
508 1648 608 1686 κυρίως
637 1647 807 1684 καλούμενος
840 1657 887 1675 κο-

60 1699 165 1735 μήτης,
194 1695 212 1731 ἥ
247 1695 272 1724 ἰν
296 1695 382 1733 1βιὶθει
420 1694 478 1732 ἔχει
518 1694 573 1721 οἷον
612 1691 886 1731 ἆποσπινϐηρισμούς

53 1741 205 1777 uvae,va
234 1739 360 1768 καλεῖται
384 1739 539 1777 πωγωνίας.
565 1739 640 1766 ’Ἐστι
675 1737 703 1765 δὲ
727 1735 804 1775 ἕτερα
825 1737 886 1764 ὀνό-

57 1797 132 1824 ματα
147 1787 202 1813 τῶν
217 1787 348 1822 κομητῶν
364 1784 426 1822 περὶ
442 1783 478 1810 ὧν
495 1782 608 1820 ἐροῦμεν
623 1782 778 1820 προϊόντες.

149 1838 216 1877 Περὶ
257 1839 346 1874 ὑετοῦ,
384 1837 433 1877 καὶ.
454 1836 610 1877 ’χαλάζηῆ
640 1846 748 1874 χιονος,
777 1835 888 1872 πάχνης

390 1873 435 1901 καὶ
452 1871 560 1910 δρόσου.

94 1920 223 1957 Κομῆται
253 1919 301 1955 μὶν
329 1918 374 1946 καὶ
410 1917 550 1956 γαλαξίας,
583 1917 621 1944 ἔτι
651 1915 680 1944 δὶ
708 1914 813 1947 δοκίδςς
843 1915 888 1942 καὶ

57 1965 228 2001 διᾴττοντες,
243 1963 287 1991 καὶ
302 1963 325 1990 τ’
349 1961 423 1990 ἄλλα
445 1963 478 1989 τὰ
503 1961 644 1999 εἰρημένα,
661 1960 687 1988 ἐν
701 1963 736 1998 τῇ
751 1958 888 1988 καπνώδη

56 2010 184 2049 γίνονται
212 2007 411 2044 ἀναθυμιάσει·
449 2007 525 2037 ὑετὸς
561 2005 589 2033 δὲ
628 2005 673 2033 καὶ
705 2006 814 2043 χάλαζαι
843 2003 887 2031 καὶ

53 2054 130 2093 χιὼν
147 2053 193 2081 καὶ
217 2053 309 2091 πάχνη
332 2052 377 2079 καὶ
401 2051 497 2089 δρόσος
523 2051 548 2079 ἰν
568 2052 604 2087 τῇ
619 2048 739 2087 ἀτμώόει
757 2050 887 2088 ἀναφορᾷ,

56 2100 123 2134 ἥτις
142 2097 211 2135 μετὰ
232 2098 283 2132 τὴν
307 2095 437 2132 καπνώδη
465 2095 622 2134 διακέχυται
653 2095 720 2132 ὑγρά
743 2095 792 2129 τὴν
810 2093 886 2133 φύσιν

54 2144 87 2172 ἐκ
116 2146 170 2178 τῆς
198 2145 264 2180 γῆς,
292 2141 338 2168 καὶ
366 2140 434 2175 αὐτή
465 2139 665 2178 ἀναφερομένη.
691 2138 764 2174 Αὕτη
791 2139 840 2177 γὰρ
870 2139 887 2173 ἡ

55 2186 197 2224 ἆτμώδης
222 2185 399 2222 ἀναθυμίασις
424 2186 441 2220 ἡ
468 2185 536 2222 ὑγρὰ
559 2185 603 2211 καὶ
624 2184 723 2221 θερμὴ,
748 2182 766 2218 ἤ
789 2182 889 2210 ἄλλοι·

54 1841 102 1877 ρι’.

56 2235 141 2260 οὒται
156 2231 202 2259 καὶ
235 2227 434 2267 μεταϐάλλεται
461 2229 499 2261 εἷς
529 2228 614 2266 ὕδωρ,
637 2228 682 2256 καὶ
710 2227 733 2255 εἲ
759 2228 805 2264 μὶν
818 2227 890 2264 λαμ-
909 2224 926 2253 Ι)

56 2276 198 2315 πρότερον
224 2274 363 2309 κατέλθοι,
394 2275 468 2302 ὑετὸν
493 2276 579 2309 ποιεῖ,
601 2273 626 2300 εἴ
654 2272 683 2300 δὲ
711 2273 779 2300 κατὰ
808 2272 890 2310 μέρος

56 2321 179 2358 ἐνεχθῇ,
191 2318 293 2356 emata
309 2328 315 2335 '
329 2317 347 2354 ἥ
372 2320 505 2356 πήγνυται
538 2318 627 2355 μόνως
648 2318 691 2345 καὶ
709 2319 783 2345 ποιεῖ
798 2317 889 2354 χιόνα,

57 2365 76 2401 ἥ
96 2362 302 2402 μιταὸάλλεται
326 2363 470 2401 πρότερον,
500 2364 548 2395 εἷθ’
578 2362 663 2394 οὕτως
690 2363 823 2399 πήγνυται
846 2361 891 2388 καὶ

56 2410 168 2449 γίνεται
184 2409 304 2447 χάλαζα.
325 2407 360 2437 Εἴ
382 2408 430 2445 μὲν
459 2406 504 2435 οὖν
529 2406 583 2435 ἂνω
607 2408 741 2446 κουφισθῇ
767 2407 784 2441 ἡ
800 2405 893 2449 ἁίτμὶςἵ

58 2457 151 2482 ταῦτα
179 2455 264 2481 ποιεῖ.
294 2453 327 2482 Εἰ
354 2451 382 2480 δὲ
406 2452 431 2480 ἐν
455 2454 496 2489 τῷ
524 2452 653 2490 περιγείῳ
683 2450 760 2486 σταίη
789 2450 847 2487 ἀέρι
875 2448 893 2485 ἥ

60 2499 216 2536 πήγνυται,
244 2496 289 2524 καὶ
312 2497 415 2534 γίνεται
440 2497 454 2524 ὁ
480 2496 610 2534 παγετός.
635 2496 665 2524 Ὁ
691 2494 720 2522 δὲ
744 2493 896 2533 Ἀριστοτὲ-

61 2542 120 2579 λης
137 2541 224 2570 αἷίτιον
240 2541 344 2570 τούτων
360 2541 485 2570 ἁπάντων
500 2542 549 2576 τὴν
566 2541 642 2578 ψυξιν
659 2539 743 2578 λέγει.

360 2677 409 2714 ρς¹.
430 2678 497 2715 Πιρῖ
515 2673 614 2714 ἴριδος.

100 2722 137 2752 Ἦ
151 2723 208 2760 ἶρις
233 2723 264 2750 τὸ
287 2721 458 2759 καλούμενον
483 2721 559 2757 τόξον
590 2718 664 2759 παρὰ
687 2721 745 2750 τοῖς
769 2717 898 2755 πολλοῖς,

58 2767 102 2806 τῇ
130 2767 211 2807 φύσει
241 2767 290 2806 μὶν
318 2765 498 2794 ἀνυπόστατόν
523 2764 591 2802 ἐστι,
616 2764 660 2793 καὶ
685 2763 826 2806 φάντασμα
850 2764 899 2799 τῆς

935 894 1069 922 dimidia.
1085 896 1167 928 Quod
1183 895 1207 922 si
1223 895 1288 931 quis
1304 897 1417 923 musice
1433 904 1572 924 numeros
1588 896 1675 924 hosce
1690 905 1760 924 con-

935 939 1117 972 sideraverit,
1133 940 1308 975 sapientiam
1321 940 1484 968 Conditoris
1500 940 1762 977 mirabitur,siqui-

936 984 1002 1011 dem
1018 992 1121 1012 omnes
1136 984 1264 1012 rationes
1279 984 1465 1012 harmonicas
1480 985 1508 1012 in
1525 985 1584 1012 illis
1608 986 1764 1013 observare

936 1028 1013 1062 licet,
1031 1030 1173 1064 octavam,
1189 1028 1323 1064 quintam
1335 1031 1541 1064 quartumque.

1230 1162 1291 1189 104.
1308 1162 1344 1189 De
1358 1163 1470 1189 cometa.

973 1208 1091 1234 Cometa
1106 1208 1263 1242 generatur
1279 1214 1312 1233 ex
1329 1206 1485 1241 fuliginosa
1500 1206 1624 1234 materia
1637 1215 1645 1242 ;
1657 1209 1766 1243 quanto

939 1251 1017 1278 enim
1034 1259 1100 1286 pars
1117 1250 1206 1286 hujus
1223 1259 1274 1286 per
1289 1254 1414 1285 motum,
1432 1253 1463 1278 ut
1478 1251 1618 1285 diximus,
1644 1259 1766 1279 succen-

939 1296 1028 1329 ditur,
1046 1298 1074 1323 et
1088 1295 1206 1323 tenuior
1221 1295 1271 1323 illa
1286 1304 1442 1332 compages
1458 1296 1547 1323 fuerit
1562 1299 1767 1331 accensa,sta-

939 1341 991 1368 tim
1009 1339 1154 1376 procurrit
1181 1339 1318 1373 ulterius,
1346 1340 1439 1375 ﬁtque
1463 1340 1548 1368 stella
1577 1341 1686 1368 cadens
1707 1340 1768 1368 sive

941 1393 1029 1420 quam
1059 1385 1272 1412 discurrentem
1301 1385 1461 1420 appellant.
1489 1385 1518 1413 Si
1546 1393 1613 1412 vero
1642 1385 1767 1412 materia

940 1430 1029 1457 fuerit
1043 1429 1282 1461 crassior,somen
1297 1429 1374 1465 ignis
1390 1429 1522 1457 succensi
1532 1429 1572 1456 ibi
1587 1429 1766 1463 continetur,

940 1477 969 1501 et
983 1476 1127 1501 cometam
1139 1473 1239 1501 efﬁcit.
1263 1475 1338 1500 Sunt
1354 1475 1382 1500 et
1406 1473 1494 1500 varias
1509 1474 1609 1500 formae
1637 1475 1767 1500 cometa-

940 1526 1006 1546 rum
1023 1520 1141 1554 propter
1160 1518 1388 1545 diversimodam
1404 1517 1533 1545 materiis
1549 1517 1629 1545 illius
1643 1525 1767 1545 succen-

942 1564 1064 1590 sionem.
1081 1562 1153 1590 Nam
1170 1562 1304 1597 quaedam
1321 1563 1349 1589 in
1366 1561 1487 1597 longum
1512 1562 1600 1589 modo
1615 1562 1657 1595 ﬁt,
1674 1563 1703 1590 et
1716 1570 1769 1589 vo-

942 1612 1010 1638 cant
1025 1609 1204 1641 trabem,aut
1218 1608 1247 1634 in
1263 1607 1382 1641 longum
1399 1610 1427 1634 et
1442 1607 1545 1640 latum,
1559 1608 1637 1635 unde
1652 1608 1769 1643 proprie

942 1654 1038 1681 dictus
1053 1655 1168 1680 cometa
1197 1652 1339 1685 nascitur,
1355 1654 1407 1679 aut
1433 1652 1463 1679 iu
1480 1652 1658 1687 profundum
1680 1652 1770 1680 habet

942 1699 1085 1734 quasdam
1101 1696 1189 1725 voluti
1205 1696 1480 1730 descintillationes,
1495 1699 1524 1724 et
1545 1700 1663 1725 vocatur
1679 1705 1769 1733 pogo-

941 1743 1006 1770 nias
1022 1742 1082 1769 sive
1097 1741 1246 1768 barbatus.
1264 1741 1340 1768 Sunt
1351 1742 1378 1767 et
1394 1740 1455 1767 alia
1468 1743 1648 1768 cometarum
1664 1741 1769 1777 appel-

942 1786 1077 1821 lationes,
1095 1793 1168 1821 quas
1186 1792 1321 1812 sermone
1337 1785 1510 1819 procedente
1524 1785 1668 1812 dicemus.

987 1840 1048 1867 105.
1066 1839 1101 1867 De
1112 1838 1219 1875 pluvia,
1236 1837 1382 1873 grandine,
1398 1838 1472 1873 nive,
1487 1839 1592 1874 pruina
1607 1842 1632 1866 et
1646 1846 1719 1866 rore.

977 1920 1100 1948 Cometa;
1116 1918 1234 1954 quidem
1259 1918 1286 1945 ei
1310 1917 1439 1945 circulus
1463 1917 1587 1951 lacteus,
1611 1919 1769 1955 trabesque

943 1967 971 1992 et
984 1964 1073 1992 stellae
1089 1964 1225 1991 cadentes
1251 1962 1368 1997 aliaque
1390 1963 1425 1990 de
1441 1963 1549 1998 quibus
1569 1964 1631 1998 jam
1649 1964 1719 1996 dixi,
1735 1971 1770 1991 ex

944 2009 1111 2045 fuliginosis
1140 2007 1297 2043 vaporibus
1326 2011 1509 2036 nascuntur.
1536 2008 1637 2036 Pluvia
1670 2011 1769 2036 autem

943 2054 1125 2090 grandoque,
1150 2055 1179 2080 et
1194 2052 1244 2079 nix
1259 2060 1292 2079 ac
1318 2052 1424 2087 pruina
1444 2055 1473 2080 et
1494 2061 1541 2080 ros
1556 2060 1591 2080 ex
1613 2053 1771 2089 vaporibus

943 2097 1149 2126 exhalantibus
1166 2097 1197 2124 fit
1209 2099 1315 2124 natura
1330 2096 1697 2131 bumidis,efl‘undentibus
1708 2105 1772 2125 sese

943 2146 1011 2179 post
1026 2142 1201 2178 fuliginosos
1218 2141 1294 2175 illos,
1311 2143 1340 2169 et
1365 2149 1400 2168 ex
1415 2144 1492 2169 terra
1506 2142 1581 2178 ipsis
1603 2143 1691 2170 etiam
1707 2151 1774 2170 sur-

944 2196 1009 2216 sum
1026 2186 1264 2215 ascendentibus.
1276 2185 1324 2213 Ha:
1338 2187 1413 2213 enim
1428 2186 1628 2214 exhalationes
1640 2195 1774 2222 vapores-

945 2240 1002 2267 que
1017 2231 1130 2259 humidi
1148 2239 1181 2258 ac
1206 2230 1292 2258 calidi
1314 2233 1366 2258 aut
1388 2231 1416 2258 in
1434 2239 1542 2266 aquam
1571 2233 1723 2258 vertuntur
1744 2236 1775 2261 et

945 2279 1109 2310 mutantur,
1126 2284 1188 2310 quae
1204 2275 1228 2303 si
1245 2275 1429 2310 conspectior
1445 2276 1613 2308 descendat,
1627 2275 1695 2303 facit
1706 2275 1773 2311 plu-

945 2321 1033 2354 viam,
1051 2320 1075 2348 si
1093 2320 1262 2348 minutatim
1287 2319 1470 2353 demittatur,
1496 2327 1604 2353 rorem,
1621 2322 1671 2346 aut
1686 2320 1773 2347 modo

948 2364 1324 2398 concrescunt,faciuntque
1340 2364 1445 2397 nivem,
1462 2366 1513 2390 aut
1527 2363 1557 2390 in
1574 2371 1679 2399 squam
1692 2363 1774 2399 prius

949 2411 1104 2437 mutantur
1128 2417 1161 2436 ac
1186 2408 1290 2436 deinde
1317 2407 1539 2444 congelascunt,
1565 2409 1644 2435 unde
1662 2408 1774 2444 grando

951 2453 1094 2482 nascitur.
1114 2454 1176 2481 llaec
1191 2452 1267 2480 fiunt
1288 2453 1406 2488 quando
1430 2452 1547 2481 levitate
1562 2452 1631 2480 elati
1654 2460 1777 2488 vapores

951 2498 1040 2526 altius
1056 2498 1253 2526 ascenderunt
1267 2506 1273 2531 ;
1290 2497 1314 2525 si
1330 2505 1396 2525 vero
1413 2498 1442 2524 in
1465 2497 1597 2533 proximo
1613 2499 1697 2525 terrae
1712 2504 1778 2526 sere

952 2542 1128 2576 subsistant,
1156 2542 1255 2578 ibique
1284 2541 1458 2577 congelant,
1486 2544 1644 2578 generatur
1673 2541 1779 2578 pruina

952 2590 1095 2615 Caeterum
1110 2586 1284 2615 Aristoteles
1297 2586 1404 2614 horum
1428 2587 1562 2616 omnium
1581 2595 1702 2616 causam
1719 2588 1780 2615 sta-

953 2632 1010 2660 tuit
1024 2639 1088 2660 esse
1101 2631 1206 2667 frigus.

1263 2676 1324 2703 106.
1340 2676 1378 2704 De
1392 2676 1473 2704 iride.

990 2721 1044 2750 Iris
1059 2729 1146 2757 quem
1162 2721 1268 2758 vulgus
1282 2729 1383 2749 arcum
1398 2724 1492 2754 vocat,
1508 2723 1614 2750 natura
1629 2729 1688 2750 non
1708 2721 1780 2749 sub-

955 2767 1044 2804 sistit,
1060 2767 1111 2796 sed
1126 2765 1298 2803 imaginatio
1314 2767 1359 2795 est
1375 2765 1551 2802 videntium,
1566 2766 1637 2794 dum
1652 2765 1728 2794 radii
1743 2763 1780 2795 ab
