1949 3055
181 100 237 128 751

871 95 1082 127 MICHAELlS
1104 97 1242 128 PSELLI

1833 100 1889 129 752

181 164 275 193 oculis
291 164 320 192 in
345 164 425 192 illam
450 164 585 192 incidunt
609 172 642 192 ac
672 163 778 192 deinde
807 163 998 198 refringuntui

1093 163 1175 198 >ώσης
1204 161 1302 200 ὅψεως,
1332 163 1446 192 ἀκτίνων
1477 162 1529 191 ἀπὸ
1557 166 1611 191 τῶν
1637 163 1787 203 ὀφθαλμῶν
1808 174 1888 202 προσ‹

181 212 268 246 atque
284 209 323 237 ila
338 217 424 237 arcus
438 209 564 244 ﬁguram
592 209 733 236 referunt.
749 208 824 236 Vere
849 210 946 235 autem
963 216 1008 235 ar-

182 263 248 282 cum
262 256 452 291 repraesentat
466 254 687 290 iris,nunquam
699 254 779 282 enim
790 252 946 286 circulum,
958 252 1009 280 sed

183 307 297 335 semper
311 298 496 327 semicirculo
512 300 655 326 minorem
666 299 853 334 majoremve.
865 297 902 325 Ut
916 297 1010 332 pluri-

184 354 266 373 mum
282 354 299 372 a
313 344 384 379 sole,
399 345 495 372 rarius
505 345 593 372 etiam
607 353 623 371 a
638 344 708 371 luna
723 345 855 379 apparet,
870 345 898 371 et
913 343 948 370 de
964 342 1010 370 die

183 389 375 425 frequentius,
393 390 488 416 rarius
513 391 620 416 noctu:
639 388 746 423 saepius
772 395 860 423 prOpe
874 387 1008 414 horizon-

182 440 248 467 tem,
265 433 365 461 minus
381 433 547 467 frequenter
562 433 640 460 circa
651 431 927 459 meridianum.Non
944 439 1008 459 raro

181 478 270 507 simul
281 479 337 505 duo
347 477 569 512 conspiciuntur
578 476 783 511 irides,estque
796 475 922 512 singulis
930 475 1010 503 color

181 522 296 558 triplex.
324 521 446 549 Interior
469 529 542 548 zona
565 520 723 556 puniceum
748 520 844 555 habet,
861 520 952 547 altera
969 519 1008 546 vi-

181 567 285 602 ridem,
303 565 388 594 tertia
403 565 527 593 colorem
554 573 689 592 croceum
715 573 749 592 ac
775 564 863 592 veluti
881 564 1008 600 subpur-

181 619 316 648 pureum,
332 612 507 645 constatque
523 609 574 637 iris
592 609 788 645 inaequalibus
801 611 829 637 et
857 608 1009 637 dissimili-

181 658 236 685 bus
253 655 393 684 nubibus.

465 798 526 825 107.
543 798 580 825 De
599 797 708 824 halone.

216 844 311 872 Etiam
327 843 405 878 quod
421 843 452 870 in
467 841 623 870 sublunari
647 841 766 876 regione
781 842 902 876 apparet
923 839 1013 877 veluti
1027 850 1051 882 B

180 890 345 924 halonium,
362 891 474 916 tantum
490 888 532 915 ita
553 887 678 919 videtur,
701 893 795 920 neque
811 886 1008 913 substantiam

179 934 268 962 habet
284 933 443 970 propriam,
460 933 596 958 caeterum
612 931 706 957 multa
720 930 763 957 illi
774 933 844 958 sunt
858 929 942 957 iridis
957 938 1007 958 na-

179 982 251 1006 turas
271 976 428 1005 contraria.
453 975 644 1011 Frequentius
671 974 749 1002 enim
779 974 960 1010 conspicitur
975 977 1008 1002 ut

179 1023 306 1050 circulus
334 1021 488 1057 perfectus,
506 1019 583 1047 haud
608 1019 650 1046 ita
673 1026 750 1054 saepe
770 1018 867 1046 minor
887 1019 1005 1052 circulo,

179 1067 370 1101 crebriusque
387 1066 464 1093 circa
487 1064 588 1091 lunam
605 1071 694 1099 quam
715 1063 793 1091 circa
809 1063 911 1096 solem,
927 1066 956 1091 et
971 1065 1006 1091 de

178 1113 225 1140 die
236 1112 335 1139 minus
350 1110 516 1145 frequenter
527 1116 615 1144 quam
628 1109 663 1135 de
675 1110 768 1142 nocte,
784 1107 1005 1144 saepissimeque

178 1157 255 1185 circa
272 1155 479 1187 meridianum,
496 1155 526 1182 at
542 1161 630 1189 prope
656 1152 838 1180 horizontem
855 1156 1003 1181 rarenter:

177 1204 206 1229 et
220 1201 308 1229 unica
323 1208 440 1235 semper
468 1199 617 1234 uniusque
643 1197 759 1231 coloris,
776 1197 915 1225 nimirum
931 1197 1004 1225 albi-

177 1246 283 1280 cantis,
300 1254 333 1273 ac
346 1243 481 1273 consistit
491 1251 525 1271 ex
535 1243 664 1270 nubibus
674 1242 837 1278 zequalibus
847 1246 874 1270 et
894 1242 1004 1270 simila-

177 1292 270 1319 ribus.
282 1291 382 1319 Oritur
395 1292 423 1317 et
437 1289 501 1317 balo
512 1296 547 1316 ex
559 1287 678 1315 visionis
688 1287 870 1315 retractione.
885 1287 1005 1323 Oportet

179 1344 245 1364 vero
260 1336 288 1364 id
305 1335 383 1371 quod
398 1334 494 1361 visum
511 1332 646 1368 refringit
668 1339 732 1360 esse
748 1331 817 1359 lawe
832 1339 864 1359 ac
881 1331 1004 1366 pelluci-

177 1382 258 1413 dum,
275 1383 308 1408 ut
332 1379 373 1407 ibi
402 1378 515 1413 species
538 1377 665 1405 visibilis
694 1379 843 1412 appareat.
860 1376 1002 1404 Craterum

177 1425 294 1453 halonis
310 1431 427 1459 quoque
443 1422 572 1450 circulus
589 1423 617 1448 et
632 1420 715 1448 iridis
731 1421 825 1455 ﬁgura
840 1420 1003 1448 rationibus

176 1470 418 1498 demonstrantur
441 1466 638 1503 geometricis,
654 1473 728 1500 quas
753 1473 828 1500 aegre
843 1465 1003 1492 admittunt

175 1514 261 1551 regiae
278 1521 374 1542 aures.

470 1599 536 1627 108.
557 1601 595 1627 De
607 1599 704 1634 virgis.

213 1649 282 1682 Quae
298 1647 326 1674 in
340 1653 409 1674 aere
425 1645 567 1681 apparent
580 1645 722 1678 tanquam
737 1642 934 1678 virgas,neque
944 1642 1004 1670 luci

177 1693 308 1721 adversa:
323 1690 490 1719 consistunt
501 1690 594 1716 instar
608 1687 802 1722 iridis,neque
815 1687 1004 1722 perpendicu-

176 1737 276 1766 lariler
291 1739 406 1765 exstant
416 1734 471 1763 sub
488 1733 547 1767 illa,
564 1735 597 1760 ut
613 1733 690 1766 halo,
703 1734 876 1768 tantumque
886 1733 1004 1768 conspi-

177 1783 296 1811 ciuntur
310 1782 346 1809 de
361 1780 419 1814 die,
436 1782 464 1807 et
479 1778 556 1806 circa
570 1777 662 1805 solem
678 1777 776 1810 modo,
792 1779 821 1804 et
835 1777 913 1804 circa
928 1777 1003 1805 bori-

177 1829 291 1855 zontem
308 1825 434 1853 maxime
449 1821 672 1854 occidentalem,
684 1821 780 1848 rarius
795 1820 882 1848 etiam
899 1821 928 1848 in
945 1830 1003 1848 ms-

174 1872 298 1904 ridiano,
316 1871 449 1904 fiuntque
465 1877 499 1895 ex
515 1867 711 1902 inaequalibus
727 1869 756 1894 et
771 1866 1003 1894 dissimilaribus

174 1917 303 1944 nubibus
320 1914 440 1950 perinde
457 1914 489 1940 ut
505 1912 566 1939 iris.
585 1911 698 1938 Habent
713 1913 742 1938 et
760 1909 829 1944 ipsa
854 1910 1001 1945 triplicem

171 1958 409 1994 eolorem,multa
422 1958 501 1985 enim
514 1956 605 1991 virgis
621 1958 650 1982 et
661 1955 727 1982 iridi
740 1955 910 1982 communia
920 1958 1000 1990 sunt,

170 2007 290 2040 excepta
306 2003 477 2038 ﬁguraque
497 2000 565 2027 iridi
591 2001 635 2026 est
656 1998 845 2034 imperfectus
860 1999 999 2033 circulus,

170 2057 237 2077 cum
256 2049 341 2083 virgas
352 2047 412 2074 sint
423 2045 453 2073 in
465 2047 575 2072 rectam
592 2043 699 2071 lineam
711 2051 762 2070 con
769 2043 1001 2071 formatamFiunt

170 2101 237 2121 vero
253 2100 305 2128 per
328 2090 546 2122 refractionem,
563 2088 675 2116 visione
688 2095 724 2115 ex
747 2095 806 2114 una
827 2087 903 2114 nube
919 2087 998 2115 dela-

169 2138 255 2165 bente
270 2136 300 2164 in
316 2135 451 2168 alteram,
467 2135 555 2169 atque
571 2132 639 2160 inde
655 2132 778 2159 refracta
793 2131 829 2159 ad
845 2131 932 2159 aliam
944 2140 997 2160 nu-

167 2182 233 2210 bem
262 2180 478 2209 candicantem.
508 2177 628 2209 Quando
651 2176 750 2211 itaque
768 2176 940 2204 Aristotcles
962 2177 997 2205 de

1063 210 1232 243 πιπτουσῶν,
1259 209 1317 236 εἶτα
1344 207 1377 243 δή
1406 208 1619 245 ἀνακλωμένων,
1640 209 1684 236 καὶ
1701 209 1732 237 τὸ
1749 211 1798 236 τοῦ
1813 209 1888 244 τόξου

1064 255 1163 289 σχῆμα
1178 252 1378 291 ἐμφαινουσῶν-
1397 254 1473 281 ’Ἐστι
1500 252 1529 280 Si
1555 253 1592 284 ὡς
1619 253 1729 289 ἀληθῶς
1742 254 1818 289 τόξον
1846 254 1887 281 ἄν-

1062 307 1156 334 τικρυς
1181 297 1248 325 κατὰ
1287 298 1319 325 τὸ
1359 301 1465 336 σχῆμα,
1509 297 1643 326 οὐδέποτε
1685 299 1737 336 γὰρ
1771 298 1886 338 φαίνεται

1063 340 1236 378 κυκλοτερὲς,
1253 341 1317 369 ἀλλ’
1333 341 1350 376 ἤ
1370 341 1482 370 ἔλαττον
1504 341 1522 378 ἤ
1539 343 1621 371 πλέον
1635 343 1802 378 ἡμικύκλου.
1820 343 1887 372 Φαί-

1063 396 1136 413 νεται
1167 385 1196 413 δὲ
1223 387 1260 418 ὡς
1289 386 1332 414 ἐπὶ
1354 387 1385 414 τὸ
1410 387 1538 415 πλεῖστον
1570 388 1616 423 μὶν
1649 387 1703 415 ἀπὸ
1725 390 1773 415 τοῦ
1795 388 1888 423 ἡλίου,

1064 431 1184 462 σπανίως
1200 430 1228 458 δὲ
1251 431 1304 458 ἀπὸ
1327 433 1378 464 τῆς
1403 431 1532 467 σελήνης,
1560 432 1605 459 καὶ
1623 431 1741 468 μάλιστα
1758 433 1804 469 μὶν
1820 433 1888 469 ἡμὲ-

1065 485 1123 512 ρας,
1153 476 1274 507 σπανίως
1304 475 1333 503 δὲ
1360 477 1466 513 νυκτὸς,
1483 477 1528 504 καὶ
1552 475 1680 504 πλεῖστον
1707 477 1754 513 μὲν
1778 477 1822 504 ἐπὶ
1845 478 1890 505 τὸν

1065 519 1201 557 ὁρίζοντα,
1228 520 1348 552 σπανίως
1373 520 1401 548 δὲ
1425 521 1487 558 περὶ
1510 521 1556 548 τὸν
1574 519 1762 559 μεσημϐρινὸν
1777 521 1888 550 κύκλον.

1065 563 1206 596 Πολλάκις
1222 563 1251 592 δὲ
1265 564 1291 592 ἐν
1307 568 1398 602 ταυτῷ
1421 565 1465 593 καὶ
1484 564 1532 593 δύο
1548 565 1687 604 φαίνονται
1703 565 1797 604 ἴριδες.
1814 568 1889 596 Ἐστι

1065 606 1094 635 δὲ
1120 612 1192 636 πᾶσα
1220 610 1275 647 ἶρις
1299 609 1441 648 τρίχροος.
1478 611 1510 638 Ἡ
1550 611 1596 648 μὶν
1631 610 1683 649 γὰρ
1711 610 1785 643 ἐντὸς
1809 612 1889 646 αὐτῆς

1065 653 1137 688 ζώνη
1155 655 1265 692 φοινικῆ
1284 658 1290 670 ⁶
1306 655 1323 689 ἡ
1349 653 1378 681 δὲ
1407 653 1517 691 δευτέρα
1540 654 1681 692 πράσινος,
1711 656 1728 690 ἡ
1760 654 1789 683 δὲ
1809 655 1885 693 τρίτη

1064 697 1209 736 ἀλουργὸς,
1226 699 1270 725 καὶ
1299 700 1356 726 οἷον
1384 699 1589 738 ὑποπόρφυρος.
1615 699 1777 728 Συνίσταται
1802 699 1830 728 Si»:
1845 700 1888 728 ἐπὶ

1064 742 1222 780 ἀνωμάλοις
1238 743 1282 771 καὶ
1300 743 1511 781 ἀνομοιομερὲσι
1525 745 1625 783 νέφεσι.

1338 800 1387 834 ρζ.
1404 798 1470 834 Περί
1484 801 1534 832 τῆς
1549 797 1620 827 ἅλω.

1102 842 1152 868 Καὶ
1167 842 1197 869 τὸ
1212 841 1264 869 ὐπὸ
1284 843 1334 877 τὴν
1360 843 1478 878 σελήνην
1494 841 1523 870 δὶ
1546 843 1709 881 φαινόμενον
1735 844 1791 871 οἷον
1807 843 1881 872 ἀλώ-

1065 896 1135 922 νιον,
1161 887 1220 913 κατ’
1246 884 1360 924 ἔμφασίν
1391 886 1473 921 ἐστιν,
1490 886 1553 914 ὰλΛ’
1581 888 1614 915 οὐ
1642 888 1702 919 καθ’
1732 888 1887 922 ὑπόστασιν,

1062 930 1095 958 τὰ
1124 930 1229 958 ἰναντία
1255 930 1284 958 δὲ
1311 930 1370 968 ἔχει
1394 935 1445 966 τῆς
1484 931 1583 969 ἴριδος.
1613 932 1675 960 Ἐπὶ
1701 933 1748 969 μὲν
1778 933 1828 970 γὰρ
1856 933 1886 960 τὸ

1062 974 1191 1003 πλεῖστον
1216 974 1318 1006 κύκλος
1352 975 1473 1015 φαίνεται
1500 977 1617 1011 τέλειος,
1647 978 1830 1015 σπανιώτερον
1860 977 1887 1005 δὲ

1062 1018 1180 1047 ἐλάττων
1201 1019 1313 1048 κύκλου.
1337 1020 1385 1048 Καὶ
1407 1022 1469 1057 περὶ
1495 1021 1543 1057 μὲν
1559 1022 1608 1054 τήν
1625 1020 1743 1056 σελήνην
1760 1021 1887 1058 μάλιστα,

1061 1060 1174 1091 ἔλαττον
1190 1063 1218 1091 δὲ
1231 1065 1276 1091 καὶ
1300 1065 1362 1102 περὶ
1383 1065 1429 1092 τὸν
1455 1065 1535 1099 ἥλιον
1563 1065 1698 1103 φαίνεται,
1722 1066 1767 1093 καὶ
1792 1066 1887 1097 νυκτὸς

1063 1108 1109 1145 μὲν
1137 1108 1232 1142 πλέον,
1256 1106 1368 1136 ἔλαττον
1403 1108 1432 1137 δὲ
1453 1109 1568 1146 ἡμέρας.
1597 1111 1649 1138 Καὶ
1679 1110 1740 1147 περὶ
1772 1111 1821 1147 μὶν
1842 1111 1885 1139 τὸν

1063 1163 1129 1189 μεση
1137 1151 1249 1190 μῦρινὸν
1263 1152 1365 1181 κύκλον
1382 1154 1418 1185 ὡς
1435 1153 1477 1181 ἐπὶ
1502 1154 1534 1181 τὸ
1558 1157 1699 1188 πλεῖσσον,
1716 1156 1838 1186 σπανίως
1860 1154 1887 1183 δὲ

1060 1197 1122 1235 περὶ
1136 1198 1181 1225 τὸν
1208 1197 1343 1235 ὁρίζοντα.
1365 1198 1416 1227 Καὶ
1443 1198 1492 1234 μία
1512 1198 1552 1226 ἀεὶ
1576 1199 1621 1226 καὶ
1638 1209 1805 1237 μονοχροος,
1822 1199 1886 1234 ἤτοι

1061 1240 1155 1277 λευκὴ,
1183 1242 1226 1269 καὶ
1250 1243 1403 1270 συνίσταται
1430 1242 1473 1270 ἰπὶ
1499 1243 1617 1279 ὁμαλοῖς
1636 1244 1680 1271 καὶ
1707 1244 1886 1282 ὁμοιομερὲσι

1059 1287 1158 1325 νέφεσι.
1188 1286 1292 1314 Γίνεται
1322 1286 1352 1314 δὲ
1388 1288 1432 1315 καὶ
1471 1286 1539 1323 αὕτη
1577 1287 1602 1323 ἐξ
1632 1288 1806 1320 ἀνακλάσεως
1835 1292 1884 1324 τῆς

1059 1329 1157 1367 ὅψεως.
1180 1334 1226 1358 Δεῖ
1253 1330 1281 1359 ’δὲ
1306 1332 1337 1359 τὸ
1364 1329 1487 1366 ἕνοπτον,
1516 1333 1561 1370 ἀφ’
1588 1333 1618 1359 οὗ
1642 1332 1802 1367 ἀνακλᾶται,
1819 1334 1885 1361 εἶναι

1057 1375 1102 1403 καὶ
1130 1375 1204 1403 λιίον
1232 1376 1276 1403 καὶ
1302 1375 1436 1415 διαφανὲς,
1463 1376 1509 1404 ’ίνα
1548 1377 1633 1405 ἐκεῖσε
1662 1377 1827 1415 ἔμφαίνηται
1856 1379 1886 1406 τὸ

1058 1419 1172 1448 ε’ίὸωλον
1200 1423 1249 1448 τοῦ
1274 1421 1381 1458 ὁρατοῦ.
1409 1422 1484 1448 ’Ἐστι
1508 1420 1536 1449 δὶ
1562 1423 1579 1456 ἡ
1605 1412 1742 1457 ἀπόδειξις
1766 1412 1812 1450 καὶ
1836 1426 1885 1450 τοῦ

1055 1468 1105 1499 τῆς
1122 1464 1181 1492 ἅλω
1196 1464 1310 1500 κύκλου,
1332 1465 1377 1493 καὶ
1401 1468 1451 1493 τοῦ
1474 1469 1525 1501 τῆς
1546 1465 1638 1504 ’ίριδος
1657 1468 1804 1503 σχήματος
1817 1478 1884 1504 γεω-

1058 1510 1184 1547 μετρικὴ,
1214 1510 1259 1537 καὶ
1289 1508 1334 1537 διὰ
1359 1512 1439 1538 τοῦτο
1468 1510 1514 1538 καὶ
1542 1510 1721 1548 ὃυσπόριστος
1752 1511 1885 1550 βασιλικῇ

1058 1554 1129 1591 ἀκοῇ
1134 1576 1140 1582 .

1342 1600 1394 1637 ρη’.
1408 1600 1473 1637 Ηερί
1489 1597 1608 1638 ῥάϐδων.

1093 1644 1125 1671 Αὶ
1155 1642 1315 1680 φαινόμεναι
1344 1645 1401 1672 οἷον
1426 1641 1523 1682 ῥάϐδοι
1547 1645 1616 1672 κατὰ
1642 1645 1687 1672 τὸν
1719 1644 1794 1683 ἀέρα,
1822 1645 1885 1673 οὔτε

1057 1687 1218 1724 κατάντικρυ
1234 1688 1404 1716 συνίστανται
1427 1691 1475 1716 τοῦ
1500 1688 1640 1727 λαμπροῦ,
1664 1688 1754 1727 ὥσπερ
1769 1691 1787 1724 ἡ
1813 1689 1882 1727 ἶρις,

1058 1731 1118 1759 οὕτε
1146 1733 1214 1760 κατά
1238 1733 1360 1767 κάθετον,
1391 1732 1482 1771 ὥσπερ
1509 1734 1527 1767 ἡ
1557 1732 1642 1764 ἄλως.
1672 1733 1823 1762 Φαίνονται
1854 1733 1884 1762 δὶ

1056 1777 1162 1814 ἡμέρας
1179 1776 1273 1813 μόνον,
1302 1778 1346 1805 καὶ
1371 1777 1434 1813 περὶ
1461 1777 1506 1805 τὸν
1531 1776 1612 1812 ἥλιον
1643 1777 1738 1814 μόνον,
1753 1778 1799 1806 καὶ
1821 1779 1884 1816 περὶ

1055 1821 1101 1848 τὸν
1118 1821 1243 1858 ὁρίζοντα
1270 1821 1388 1858 μάλιστα
1412 1823 1458 1850 τὸν
1481 1821 1604 1858 suum,
1624 1820 1735 1851 ἔλαττον
1751 1821 1780 1850 δέ
1795 1824 1841 1850 καὶ
1858 1823 1886 1850 ἐν

1054 1868 1094 1901 τῆ)
1111 1864 1300 1904 μεσημϐρινῷ,
1329 1866 1373 1893 καὶ
1398 1866 1443 1893 ἐπῖ
1468 1866 1634 1903 ἀνωμάλων,
1655 1867 1700 1894 καὶ
1717 1867 1885 1904 ἀνομοιομε-

1057 1912 1109 1948 ρῶν
1137 1913 1222 1949 νεφῶν
1251 1910 1340 1947 ὥσπερ
1369 1911 1412 1938 καὶ
1439 1912 1455 1945 ἡ
1487 1912 1550 1948 ἶρις.
1583 1911 1645 1939 Eia?
1673 1910 1701 1938 δὲ
1721 1911 1852 1949 τρίχροοι
1874 1922 1880 1929 ⁸

1055 1955 1150 1988 πολλή
1165 1956 1214 1992 γὰρ
1231 1956 1389 1992 συγ-(ἐννιια
1403 1959 1463 1987 ταῖς
1483 1954 1593 1993 ῥάϐδοις
1612 1957 1656 1983 καὶ
1671 1958 1706 1993 τῇ
1723 1955 1788 1994 ἴριδι
1806 1955 1883 1990 πλὴν

1053 2001 1101 2026 τοῦ
1126 2001 1282 2037 σχήματος,
1296 1999 1336 2027 ὅτι
1353 2001 1369 2034 ἡ
1394 2000 1440 2036 μὲν
1465 2003 1520 2037 ἶρις
1541 2001 1764 2037 ἀπο-τετμημένος
1778 2000 1884 2032 κῦκλος

1055 2043 1137 2078 ἐστὶν,
1167 2044 1194 2071 αἱ
1224 2043 1253 2071 δὲ
1279 2042 1374 2082 ῥάϐδοι
1390 2045 1449 2076 καθ’
1478 2044 1625 2082 εὐθυωρίαν
1640 2044 1774 2073 τέτανται.
1792 2046 1886 2073 Γίνον-

1052 2098 1097 2115 ται
1126 2087 1154 2116 δὲ
1182 2089 1259 2116 αὗται
1286 2089 1354 2117 κατὰ
1386 2088 1532 2117 ἀνάκλασιν
1571 2090 1800 2128 προσπιπτούσης
1830 2094 1883 2125 τῆς

1053 2133 1151 2171 ὅψεως,
1179 2135 1231 2162 ἀπὸ
1261 2134 1357 2173 νέφους
1384 2134 1424 2167 εἰς
1450 2136 1544 2174 νέφος,
1573 2135 1696 2168 κάκεῖθεν
1714 2134 1885 2172 ἀνακλωμέ-

1051 2190 1101 2213 νης
1115 2179 1182 2216 πρὸς
1204 2177 1294 2216 ἕτερον
1319 2180 1398 2218 νέφος
1423 2179 1531 2209 λευκόν.
1554 2181 1635 2209 Ὅταν
1662 2179 1691 2208 δὲ
1719 2180 1788 2218 λέγῃ
1804 2182 1885 2216 Ἀρι-

166 2228 256 2264 virgis
271 2226 408 2262 loquens,
425 2224 466 2252 ait
481 2222 599 2256 refringi
616 2221 758 2249 visionem
775 2221 803 2249 in
829 2221 900 2254 sole,
917 2222 998 2251 noris

1093 2222 1184 2258 δτὲλης
1199 2224 1261 2261 περὶ
1281 2226 1334 2251 τῶν
1361 2221 1479 2262 ῥάϐδων,
1496 2225 1537 2252 ὅτι
1554 2223 1595 2252 ὶπ’
1610 2224 1698 2252 αὐτῶν
1728 2213 1884 2252 ἀνακλᾶται

166 2272 371 2300 candicantem
384 2269 492 2297 nubem
514 2268 570 2295 isto
586 2267 616 2294 in
641 2266 704 2294 loco
720 2266 838 2294 nomine
863 2266 934 2295 solis
950 2267 994 2295 iu-

167 2317 271 2354 telligi.

443 2366 504 2395 109.
525 2367 562 2394 De
574 2365 723 2401 parheliis.

201 2414 295 2443 Multa
310 2415 380 2441 sunt
396 2411 537 2449 parheliis
553 2409 723 2438 communia
739 2417 806 2436 cum
823 2409 993 2445 virgis,nam

164 2462 194 2488 et
208 2460 237 2488 bi
255 2467 305 2495 per
326 2461 528 2486 transversum
559 2464 575 2483 a
591 2455 656 2482 luce
680 2454 828 2487 oriuntur,
844 2456 872 2482 et
896 2455 932 2483 de
947 2455 993 2483 die

163 2503 361 2536 solummodo,
378 2510 430 2530 nec
447 2501 503 2529 nisi
520 2500 597 2528 circa
612 2499 714 2533 solem,
731 2500 760 2525 et
776 2498 902 2527 maxime
918 2499 993 2528 circa

162 2547 375 2578 occidentalem
399 2546 583 2574 horizontem
612 2544 656 2572 vel
677 2543 884 2572 meridianum.
901 2544 991 2573 Caete-

162 2603 227 2622 rum
238 2594 324 2629 virgae
336 2593 364 2620 in
377 2591 507 2620 nubibus
516 2588 710 2625 inaequalibus
720 2596 752 2615 ac
761 2588 991 2618 dissimilaribus

161 2641 338 2675 generantur
354 2637 474 2674 perinde
490 2638 522 2663 ut
538 2635 638 2669 irides,
656 2633 779 2670 parhelii
794 2636 890 2661 autem
907 2633 991 2662 halo-

160 2684 207 2712 nis
231 2685 261 2711 in
292 2682 414 2710 modum
439 2681 468 2708 in
495 2679 659 2716 mqualibus
683 2687 716 2706 ac
738 2677 931 2706 similaribus.
951 2680 991 2707 Ac

159 2731 246 2766 virgea
262 2727 381 2764 quidem
397 2725 506 2762 triplici
522 2724 618 2752 colore
638 2725 710 2752 sunt
734 2725 767 2750 ut
781 2721 858 2750 halo.
876 2722 916 2750 De
931 2723 990 2752 illis

157 2782 225 2806 vero
242 2773 395 2804 sciendum
420 2769 558 2808 est,quod
573 2771 644 2798 tunc
669 2767 804 2797 reti-actio
821 2775 836 2796 a
863 2768 942 2797 nube
957 2768 990 2798 ﬁt

1047 2269 1066 2303 ἡ
1095 2268 1156 2304 ὄψις
1170 2268 1238 2306 πρὸς
1250 2269 1296 2296 τὸν
1312 2267 1403 2303 ἥλιον,
1419 2271 1505 2306 γνῶθι
1521 2268 1562 2297 ὅτι
1578 2268 1659 2304 ἥλιον
1674 2271 1719 2297 νῦν
1736 2270 1767 2297 τὸ
1780 2269 1882 2297 λευκὸν

1048 2312 1128 2352 νέφος
1143 2311 1278 2341 ἐκάλεσεν.

1313 2367 1360 2404 ρθ¹.
1379 2366 1444 2404 Περὶ
1459 2366 1615 2404 παρηλίων.

1084 2410 1196 2446 Πολλὴν
1225 2413 1367 2439 κοινωνίαν
1397 2409 1507 2449 ἔχουσιν
1538 2412 1562 2439 οἱ
1590 2411 1723 2449 παρήλιοι
1738 2411 1809 2450 πρὸς
1830 2413 1884 2445 τὰς

1047 2454 1164 2494 ῥάϐδους
1180 2465 1186 2472 ·
1211 2455 1256 2483 καὶ
1279 2457 1329 2494 γὰρ
1351 2456 1396 2484 καὶ
1422 2456 1496 2484 οὗτοι
1522 2456 1552 2484 ἐκ
1576 2456 1701 2494 πλαγίων
1723 2459 1773 2484 τοῦ
1800 2457 1883 2494 λαμ.-

1046 2502 1116 2538 προῠ
1136 2500 1268 2538 γίνονται,
1294 2501 1338 2528 καὶ
1370 2501 1476 2538 ἡμέρας
1511 2501 1608 2538 μόνον,
1631 2501 1693 2539 πιρὶ
1721 2501 1767 2528 τὸν
1791 2500 1881 2536 ἥλιον

1048 2545 1141 2582 μόνον,
1158 2545 1203 2572 καὶ
1221 2545 1339 2581 μάλιστα
1362 2546 1425 2583 περὶ
1450 2546 1495 2573 τὸν
1521 2546 1646 2583 ὀριζοντα
1665 2546 1710 2573 τὸν
1728 2544 1847 2582 δυτιμὸν
1863 2546 1881 2581 ἤ

1045 2590 1090 2617 τὸν
1107 2587 1292 2626 μεσημϐρινὸν
1305 2599 1312 2606 ·
1336 2589 1410 2625 πλὴν
1427 2590 1454 2617 αἱ
1472 2591 1518 2627 μὶν
1543 2588 1641 2628 ῥάϐδοι
1657 2590 1699 2617 ἐπὶ
1716 2590 1879 2626 ἀνωμάλων

1045 2634 1163 2672 γίνονται
1186 2636 1285 2670 νεφῶν,
1315 2635 1360 2662 καὶ
1387 2635 1607 2672 ἀνομοιομερῶν,
1636 2634 1726 2672 ὥσπερ
1742 2636 1759 2669 ή
1789 2635 1850 2673 ἶρις
1870 2646 1876 2653 ·

1045 2680 1070 2706 oi
1101 2678 1128 2706 δὲ
1156 2678 1288 2716 παρήλιοι
1319 2678 1363 2706 ἐπὶ
1392 2679 1506 2716 ὁμαλῶν
1534 2680 1580 2707 καὶ
1603 2679 1792 2716 ὁμοιομερῶν,
1821 2680 1880 2708 ὥσ-

1044 2733 1095 2762 περ
1120 2725 1138 2759 ἡ
1163 2723 1247 2755 ἅλως.
1273 2723 1326 2752 Καὶ
1365 2724 1392 2752 αἱ
1432 2725 1480 2761 μὶν
1517 2722 1611 2763 ῥάϐδοι
1644 2724 1772 2762 τρίχροοι
1802 2725 1879 2753 κατὰ

1042 2769 1077 2799 τὰ
1102 2771 1153 2805 τῆς
1175 2767 1266 2808 *ίριδος
1306 2769 1454 2809 χρώματα,
1492 2770 1517 2799 ol
1559 2768 1588 2798 δὶ
1621 2768 1756 2808 παρήλιθι
1786 2768 1878 2808 μονό-
