1949 3055
59 153 125 184 153

654 153 705 184 DE
727 153 950 186 OMNIFAHIA
973 153 1183 185 DOCTRINA.

1713 153 1772 183 754

68 229 159 258 χροοι,
186 219 231 246 καὶ
260 218 354 247 λευκοὶ
369 218 437 246 κατὰ
451 218 482 246 τὸ
498 220 602 256 χρῶμα
616 222 666 254 τῆς
681 218 750 248 ἅλω.
767 219 832 258 Περὶ
860 219 889 248 δὲ

979 221 981 248 l
995 219 1098 255 solem,
1119 227 1187 248 cum
1199 219 1294 247 nubes
1309 219 1428 248 densior
1442 219 1487 247 est
1506 219 1535 247 et
1550 217 1672 246 solidior
1682 226 1771 255 quam

66 262 121 291 τῶδ
137 263 279 302 παρηλίων
313 260 413 291 ἐκεῖνοί
429 263 485 300 χρὴ
517 262 626 298 εἴδέναι,
656 263 698 292 ὅτι
712 265 730 300 ἡ
746 264 894 297 ἀνάκλασις

67 308 119 336 ἀπὸ
147 310 195 336 τοῦ
223 307 319 346 νέφους
343 307 445 346 γίνεται
462 309 530 346 πρὸς
546 309 591 336 τὸν
605 307 698 344 ἥλιον,
723 312 772 337 τοῦ
795 309 892 349 νέφους

65 351 228 389 πυκνοτέρου
256 351 333 384 ὄντος
359 353 404 380 καὶ
426 353 597 390 στερεμνίου,
624 353 698 392 παρὰ
721 354 753 381 τὸ
780 353 806 381 ιν
830 356 890 386 ταῖς

65 395 184 435 ῥάϐδοις,
208 397 384 434 καὶὸμαλοῦ.
413 398 461 425 Διὰ
475 399 525 436 γὰρ
541 400 621 426 τοῦτο
637 399 681 426 καί
706 398 803 430 λευκὸς
828 398 889 438 φαί-

947 265 977 294 in
993 265 1094 301 virgis,
1109 265 1248 301 laevisque
1263 266 1293 292 et
1304 264 1436 301 aequalis,
1447 263 1638 300 quamobrem
1655 267 1681 291 et
1696 263 1773 292 albi-

947 311 1030 339 cante
1041 310 1137 338 colore
1151 309 1302 347 parhclius
1313 308 1587 346 apparet,quoniam
1604 308 1639 336 ab
1651 307 1773 336 laevitate

946 354 997 383 illa
1013 363 1090 383 unus
1106 355 1245 391 idemque
1266 354 1345 382 color
1375 355 1521 388 servatur,
1536 355 1565 382 et
1594 361 1610 381 a
1625 353 1772 382 densitate

945 399 1040 435 magis
1056 399 1230 435 faciliusque
1246 399 1325 427 visus
1343 398 1522 434 refringitur.

64 452 134 469 νεται
152 442 165 470 ὁ
179 440 328 480 παρήλιος,
344 441 439 477 ἐπειδὴ
458 443 510 470 ἀπὸ
525 445 575 470 τοῦ
592 443 699 480 ὁμαλοῦ
713 441 740 471 ἓν
755 443 800 471 καὶ
816 445 896 471 τοῦτο
923 445 1025 481 χρῶμα
1037 441 1209 478 διασώζεται,
1225 443 1269 471 καὶ
1286 443 1338 470 ἀπὸ
1353 444 1402 470 τοῦ
1417 444 1520 470 πυκνοῦ
1537 441 1637 480 ῥᾳδίως
1663 440 1770 478 μᾶλλον

63 486 107 514 καὶ
124 486 265 523 συντόμως
283 486 431 515 ἀνακλᾶται
448 488 465 523 ἡ
484 485 557 524 ὄψις,

348 540 394 576 ρι’.
411 539 476 578 Περὶ
491 539 609 576 ἀνίμων.

95 593 126 621 Ὀ
155 592 254 629 ἄνεμος
283 592 333 620 οὐκ
358 592 428 620 ἔστιν
459 593 512 630 ἀὴρ
541 593 712 630 κινούμενος,
741 593 890 624 ὡςἸππο-

61 637 167 674 κράτησ
195 637 209 664 ὁ
239 638 317 669 Κῶος
337 637 427 675 ἰατρὸς
459 636 554 673 οἲεται,
584 637 647 665 ἀλλ’
662 637 692 665 ἐκ
715 641 764 672 τῆς
779 638 888 665 καπνώ-

62 681 124 712 δους
153 680 224 709 ἐστὶν
264 681 478 718 ἀναθυμιάσεως.
515 683 547 710 Ἡ
578 682 625 718 μὶν
656 682 708 720 γὰρ
734 684 782 709 τοῦ
811 682 889 720 ἆὲρος

60 726 167 762 κίνησις
195 725 308 758 ἔκλυτος
343 726 460 763 ὑπάρχει
489 726 533 754 καὶ
563 725 683 764 χαλαρὰ,
701 728 718 761 ἡ
736 725 764 754 ’ὀὶ
779 729 827 754 τοῦ
843 727 888 754 ἀν-

60 770 152 808 έμου,
181 771 326 808 τυραννικὴ
355 771 401 798 καὶ
431 771 573 809 βιαιοτάτῃ
592 793 599 805 ,
638 771 676 802 ὡς
705 769 836 806 δηλοῦσιν
864 771 889 798 οἱ

61 815 181 852 σεισμοὶ,
197 816 222 842 οἱ
237 818 374 846 κινοῦντες
394 816 445 850 τήν
467 817 528 853 γῆν,
546 814 623 842 οὐδὲν
640 816 691 853 γὰρ
711 814 801 853 ἕτερόν
818 815 888 843 ἐστιν

59 861 73 887 ὁ
89 860 216 896 σεισμὸς,
247 860 270 887 εἰ
297 861 335 896 μή
365 860 491 897 ὑπόγειος
518 859 628 896 ἄνεμος.
643 860 784 898 Τεσσάρων
801 858 830 887 δὲ
845 857 889 886 ὅν-

58 916 125 939 των,
156 906 192 936 ὡς
223 905 364 941 συντόμως
391 904 488 940 εἰπεῖν,
515 904 669 937 καθολικῶν
697 905 814 941 ἀνέμων,
841 905 890 932 ἀπ-
907 918 931 951 Β

60 949 190 985 ηλιώτης
230 950 276 986 μὲν
315 949 360 976 καὶ
398 949 511 988 ζέφυρος
541 949 591 976 οὐκ
620 949 671 976 εἰσὶ
701 948 891 988 σφοδρότατοι,

65 994 168 1032 βοῤῥᾶς
196 993 225 1022 δὲ
251 994 296 1022 καὶ
322 993 401 1025 νότος
425 994 663 1032 τυραννικώτερον
690 993 759 1021 διότι
787 993 813 1021 ἰν
845 993 893 1030 μὶν

61 1041 100 1074 τῷ
135 1039 236 1076 βορείῳ
264 1039 309 1066 καὶ
337 1039 420 1075 νοτίῳ
444 1038 535 1074 πόλῳ,
565 1037 637 1070 ἔνθεν
668 1038 682 1065 ὁ
706 1038 806 1076 βορρᾶς
820 1038 894 1065 καὶὸ

61 1083 145 1114 νότος
175 1086 246 1119 πνεῖ,
278 1084 316 1119 μὴ
345 1083 517 1120 γινόμενοςὸ
547 1082 629 1117 ἥλιος
661 1082 692 1110 οὐ
709 1083 895 1119 θιρμαίνειτὰ

63 1127 151 1155 ἰκεῖσε
175 1127 277 1166 χωρία,
310 1126 384 1155 ἀλλὰ
416 1127 489 1163 μένει
503 1128 605 1166 ψυχρά·
623 1128 718 1164 ψυχρὰ
733 1126 761 1154 δὲ
777 1125 839 1154 ὄντα
854 1127 894 1154 ἀεὶ

63 1171 164 1208 ἴνικμά
193 1172 272 1206 εἰσιν,
303 1172 373 1200 ὥστε
401 1169 513 1210 ὄμϐρων
541 1171 655 1199 πολλῶν
677 1173 830 1210 γενομένων
852 1171 895 1198 ἰὰ

61 1218 112 1251 τὴν
143 1217 232 1254 ψύξιν.
263 1217 339 1252 Εἶτα,
364 1220 414 1251 τῆς
450 1220 501 1254 γῆς
541 1214 692 1254 διαϐρόχου
734 1217 894 1254 γενομένης,

61 1261 158 1296 πολλὴ
195 1260 343 1297 καπνώδης
380 1261 558 1297 ἀναθυμίασις
598 1259 750 1295 ἐκδίδοται,
779 1262 823 1288 καὶ
851 1260 896 1288 διὰ

61 1308 156 1342 τοῦτο,
186 1305 300 1345 σφοδροὶ
328 1305 425 1343 ἄνεμοι
439 1306 582 1343 ζγίνονται,
610 1306 624 1333 ὁ
646 1305 746 1344 βοῤῥᾶς
762 1306 806 1333 καὶ
822 1306 836 1333 ὸ
851 1305 896 1333 νό-

62 1361 120 1382 τος.
155 1351 198 1379 Ἐν
229 1349 257 1378 δὶ
285 1353 342 1381 τοῖς
377 1350 549 1381 ἀνατολιγοῖς
569 1350 614 1378 καὶ
644 1349 762 1381 δυτικοῖς
778 1349 895 1388 χωρίοις

64 1395 228 1431 κινούμενος
256 1395 270 1422 ὁ
299 1394 382 1430 ἥλιος
407 1394 455 1421 οὐκ
471 1393 501 1430 ἐᾷ
522 1394 599 1431 ψύξιν
627 1394 749 1432 γίνεσθαι
774 1395 896 1430 πολλὴν,

65 1437 140 1471 ἔνθεν
173 1438 201 1466 δὲ
229 1438 291 1467 οὔτε
319 1438 406 1471 πολὺς
436 1439 511 1470 ὑετὸς
540 1438 650 1477 γίνεται,
675 1438 736 1467 οὕτε
758 1441 775 1474 ἡ
799 1438 894 1475 πολλή

66 1482 217 1519 καπνώδης
242 1484 430 1520 ἀναθυμίασις,
459 1483 505 1511 ἅτε
533 1487 583 1518 τῆς
601 1487 652 1521 γῆς
681 1485 719 1520 μή
750 1482 896 1522 διαϐρεχο-

70 1529 167 1565 μὲν-ης,
195 1528 238 1556 καὶ
264 1528 295 1556 οὐ
323 1529 442 1566 γίνονται
474 1527 519 1555 διὰ
547 1530 628 1556 τοῦτο
660 1529 754 1565 ἄνεμοι
783 1528 896 1567 σφοδροὶ

67 1573 200 1605 ἔντεῦθεν,
224 1572 301 1608 Πλὴν
327 1572 354 1600 ἄν
386 1572 433 1609 μὲν
463 1575 520 1604 τοῖς
554 1573 656 1604 νοτίοις
676 1573 767 1610 μέρεσι
796 1572 894 1601 πλεῖον

66 1618 115 1654 μὲν
147 1618 216 1646 ἐστιν
247 1619 264 1653 ἡ
291 1621 338 1655 γῆ,
367 1617 417 1645 οὐκ
445 1615 554 1654 ἔνικμος
583 1616 622 1652 δὶ,
652 1617 677 1645 ἒν
703 1621 762 1650 τοῖς
779 1618 895 1656 βορείοις

65 1663 148 1701 ὀλίγη
182 1663 241 1700 μὲν,
271 1662 335 1691 ἀλλ’
359 1659 480 1698 ἕνικμος.
504 1662 553 1689 Διὰ
567 1662 617 1700 γὰρ
636 1662 685 1697 τήν
700 1662 777 1699 ψύξιν
793 1661 893 1701 δμϐροι

63 1706 194 1745 γίνονται,
219 1708 263 1735 καὶ
280 1706 324 1735 διὰ
347 1707 378 1734 τὸ
404 1704 516 1744 ἕνικμον
542 1710 591 1742 τῆς
605 1711 656 1744 γῆς
672 1706 766 1742 πολλή
791 1707 894 1745 γίνεται

64 1753 81 1787 ἡ
108 1751 257 1788 καπνώδης
287 1751 471 1788 ἀναθυμίασις,
501 1750 564 1779 ἀλλ’
596 1751 627 1779 οὐ
658 1751 702 1779 διὰ
729 1752 760 1779 τὸ
789 1752 895 1787 πλῆθος

65 1797 162 1832 αὐτῆς.
193 1798 286 1826 Ἔνθεν
315 1807 358 1824 τοι
385 1796 429 1824 κοιἲ
458 1797 483 1823 οἳ
513 1795 626 1836 σφοδροὶ
651 1796 745 1833 ἄνεμοι
775 1796 827 1824 ἀπὸ
842 1799 895 1824 τῶν

63 1841 162 1870 νοτίων
195 1841 246 1868 εἰσὶ
272 1841 317 1868 καὶ
350 1843 403 1868 τῶν
434 1841 564 1879 ἀρκτῴων
596 1843 696 1877 μερῶν,
720 1841 758 1873 ὡς
784 1840 813 1867 ἂν
841 1841 896 1868 ἐκεῖ

63 1886 216 1924 γινομένης
253 1884 364 1920 πολλῆς
401 1884 562 1916 καπνώδους
605 1885 822 1921 ἀναθυμιάσεως.
852 1886 894 1914 Ἐν

63 1931 117 1969 γὰρ
148 1932 183 1967 τῇ
213 1929 333 1966 ἀνατολῇ
363 1930 407 1957 καὶ
438 1928 510 1957 δύσει
527 1929 558 1956 οὐ
573 1929 693 1967 γίνονται
709 1928 834 1967 σφοδροὶ,
850 1930 896 1957 ἅτε

62 1977 112 2004 τοῦ
142 1974 225 2009 ἡλίου
255 1973 460 2005 ἐκδαπανῶντος
488 1975 539 2008 τήν
556 1976 642 2001 ἐκεῖσε
669 1973 817 2012 γενομένην
833 1974 894 2001 ἀνα-

63 2020 206 2056 θυμίασιν,
236 2019 281 2046 καὶ
306 2019 356 2046 οὐκ
379 2018 477 2048 ἐῶντος
504 2019 666 2053 ὑποστῆναι,
691 2017 841 2046 Καλοῦνται
866 2018 895 2046 δὲ

65 2065 90 2091 οἱ
119 2065 167 2095 μὶν
185 2064 238 2091 ἀπὸ
254 2066 304 2098 τῆς
318 2062 418 2100 ἄρκτου
437 2063 540 2101 βορέαι,
557 2064 583 2090 el.
599 2062 627 2090 δὲ
641 2063 693 2090 ἀπὸ
711 2061 894 2101 μεσημϐρίας,

63 2109 154 2137 νότοι.
178 2108 255 2137 Δῗτία
271 2107 299 2135 δι
315 2107 371 2135 ἐστι
386 2111 436 2142 τῆς
460 2107 543 2143 λοξῆς
558 2109 607 2134 τοῦ
635 2107 735 2144 ἀνέμου
750 2109 893 2144 κινήσεως,

63 2154 81 2188 ἠ
97 2155 149 2180 τοῦ
165 2153 266 2184 παντὸς
285 2151 466 2190 κυκλοφορίι,
483 2152 534 2187 τὴν
559 2150 689 2187 καπνώδη
717 2151 893 2189 ἀναθυμίασιν

63 2197 187 2229 κάτωθεν
214 2197 342 2225 ἀνιοῦσαν
363 2196 506 2233 πλανῶσα,
531 2197 575 2224 καὶ
597 2195 663 2233 τῇδε
685 2195 792 2224 κάκεῖσε
817 2207 896 2234 μετα-

65 2243 197 2282 φὲρουσα.
224 2243 347 2270 Γίνονται
365 2240 393 2269 δὲ
418 2242 444 2269 οἱ
462 2241 564 2280 βόρειοι
591 2241 694 2277 ἒτησίαι
711 2240 804 2278 ἄνεμοι
828 2242 895 2279 μετὰ

1239 541 1300 568 110.
1317 541 1355 568 De
1373 541 1472 568 ventis.

979 593 1091 621 Ventus
1107 602 1164 621 non
1181 596 1226 621 est
1236 594 1365 629 agitatus
1380 594 1475 627 uer,ut
1490 593 1680 629 Hippocrates
1696 592 1771 620 Cous

945 638 1075 666 medicus
1109 637 1166 666 sibi
1195 637 1354 673 persuasit,
1383 639 1434 666 sed
1468 645 1503 666 ex
1541 645 1648 673 vapore
1686 639 1772 672 atque

943 682 1128 710 exhalatione
1157 685 1239 710 terra)
1270 682 1374 710 oritur.
1409 682 1492 710 Aeris
1531 682 1640 717 quippe
1674 683 1772 708 motus

944 728 1103 764 languidus
1114 730 1159 756 est
1169 736 1202 755 ac
1218 728 1372 761 remissus,
1385 727 1463 755 venti
1475 727 1647 763 tyrannicus
1665 734 1698 754 ac
1724 734 1771 754 ve-

945 772 1201 806 hementissimus,
1219 775 1250 800 ut
1271 773 1474 800 demonstrant
1498 773 1691 804 terraemotus,
1722 771 1773 807 qui

945 816 1018 844 nihil
1033 816 1112 844 aliud
1129 819 1200 844 sunt
1215 825 1304 852 quam
1316 816 1499 844 subterranei
1515 816 1677 844 venti.Cum
1693 824 1770 849 vero,

945 863 978 889 ut
988 861 1115 889 breviter
1126 861 1233 893 dicam,
1247 865 1374 897 quatuor
1384 862 1444 888 sint
1461 861 1537 888 venti
1559 859 1694 888 catholici
1711 860 1771 888 sive

946 905 1157 939 cardinales,ex
1169 906 1216 933 his
1225 905 1404 933 subsolanus
1419 914 1452 933 ac
1466 905 1610 941 zephyrus
1625 913 1683 932 non
1700 905 1771 932 adeo

946 949 1060 977 incitati
1072 953 1150 985 sunt,
1163 951 1214 978 sed
1230 950 1433 978 violentissimi
1446 950 1552 978 boreas
1563 952 1650 985 atque
1661 952 1768 977 auster.

948 995 1090 1028 Quoniam
1118 994 1257 1022 nimirum
1272 995 1305 1021 ad
1331 994 1590 1030 septentrionalem
1616 996 1703 1029 atque
1719 1002 1768 1020 au-

948 1039 1067 1066 stralem
1083 1039 1181 1074 polum
1205 1039 1253 1066 ubi
1275 1039 1378 1066 bereus
1402 1041 1431 1066 et
1454 1041 1554 1066 auster
1578 1038 1702 1074 spirant,
1727 1037 1771 1065 sol

948 1083 1064 1119 longius
1080 1084 1185 1111 absens
1196 1083 1246 1110 illa
1260 1091 1318 1111 non
1334 1082 1477 1118 calefacit,
1489 1083 1530 1110 ita
1546 1085 1578 1110 ut
1589 1082 1695 1118 frigida
1710 1091 1772 1110 ma-

948 1131 1056 1156 neant:
1074 1128 1238 1164 frigidaque
1250 1136 1316 1156 cum
1330 1128 1400 1163 sint,
1417 1136 1534 1163 semper
1557 1130 1627 1155 sunt
1641 1127 1774 1160 humido,

949 1172 1094 1200 imbribus
1106 1172 1243 1208 plurimis
1258 1174 1377 1208 propter
1391 1172 1579 1208 [rigiditatem
1603 1171 1643 1199 ibi
1668 1173 1774 1200 caden-

948 1217 1039 1244 tibus.
1056 1216 1128 1244 Hinc
1145 1216 1284 1252 deinceps
1299 1218 1377 1244 terra
1393 1216 1561 1244 humectata
1574 1216 1682 1244 multos
1693 1216 1775 1244 emit—

949 1261 983 1288 tit
999 1269 1119 1297 vapores
1135 1260 1405 1297 exhalationesque,
1422 1261 1499 1288 unde
1516 1261 1594 1289 venti
1618 1261 1774 1289 vehemen-

947 1307 992 1334 tes
1007 1308 1168 1334 nascuntur
1193 1306 1297 1334 boreas
1322 1307 1410 1342 atque
1442 1307 1552 1334 auster.
1583 1306 1618 1334 At
1643 1306 1722 1333 enim
1744 1306 1773 1333 in

950 1350 1142 1379 orientalibus
1159 1353 1246 1387 atque
1266 1350 1497 1379 occidentalibus
1511 1350 1645 1388 partibus
1657 1359 1775 1379 versans

950 1395 994 1423 sol
1008 1404 1064 1423 non
1077 1394 1187 1432 patitur
1197 1395 1325 1423 multum
1340 1395 1433 1432 frigus
1446 1396 1519 1431 fieri,
1529 1396 1606 1424 unde
1619 1404 1672 1424 nec
1685 1395 1774 1424 multa

950 1440 1058 1477 pluvia,
1075 1448 1128 1468 nec
1158 1439 1241 1468 multi
1259 1448 1381 1476 vapores
1406 1442 1492 1476 atque
1517 1440 1716 1468 exhalationes
1741 1449 1775 1468 ex

949 1487 1028 1513 terra
1042 1485 1149 1521 quippe
1165 1493 1221 1513 non
1239 1485 1310 1513 adeo
1326 1485 1506 1519 humectata,
1534 1485 1602 1513 bino
1627 1493 1679 1513 nec
1695 1486 1774 1514 venti

949 1530 1017 1558 inde
1042 1530 1200 1566 impetuosi
1225 1529 1348 1566 spirant.
1373 1531 1514 1558 Caeterum
1536 1530 1565 1558 in
1592 1530 1774 1558 australibus

952 1574 1085 1611 partibus
1097 1574 1162 1611 plus
1178 1574 1298 1610 quidem
1314 1576 1396 1602 terra
1407 1575 1514 1609 est,sed
1528 1574 1626 1603 minus
1642 1575 1776 1610 humida,

952 1620 982 1647 at
996 1619 1025 1646 in
1043 1618 1322 1654 septentrionalibus
1343 1627 1400 1647 non
1417 1619 1488 1647 adeo
1513 1618 1607 1647 multa
1621 1621 1666 1647 est
1689 1621 1777 1654 terra,

949 1664 998 1692 sed
1030 1664 1190 1691 admodum
1228 1663 1360 1691 humida.
1385 1666 1460 1691 Sane
1489 1673 1506 1692 a
1539 1664 1646 1700 frigore
1670 1664 1779 1691 imbres

949 1709 1094 1742 oriuntur,
1111 1710 1140 1735 et
1157 1717 1173 1735 a
1188 1710 1271 1735 terrae
1287 1708 1462 1736 humiditate
1487 1717 1544 1736 non
1565 1709 1600 1736 ab
1626 1709 1778 1744 magnitu-

950 1753 1016 1781 dine
1036 1753 1121 1781 multi
1149 1761 1270 1788 vapores
1298 1753 1454 1789 multaeque
1479 1753 1776 1781 exhalationes.Hinc

950 1799 1039 1826 etiam
1051 1797 1241 1825 vehementes
1255 1798 1332 1824 venti
1345 1807 1379 1825 ex
1407 1797 1586 1825 australibus
1598 1799 1625 1825 et
1651 1797 1778 1825 boreali-

950 1842 1005 1870 bus
1028 1841 1149 1868 veniunt
1167 1842 1311 1878 partibus,
1336 1841 1412 1877 quod
1439 1841 1479 1869 ibi
1504 1841 1588 1869 multi
1604 1850 1727 1878 vapores
1743 1850 1775 1869 ex

949 1887 1028 1914 terra
1042 1886 1188 1913 exhalant.
1208 1887 1238 1913 ln
1268 1886 1378 1914 oriente
1389 1888 1484 1914 autem
1499 1888 1528 1914 et
1543 1886 1692 1914 occidente
1717 1894 1775 1914 non

950 1932 1019 1959 sunt
1030 1930 1107 1958 venti
1118 1932 1179 1958 tam
1193 1930 1333 1966 immites,
1347 1931 1407 1959 sole
1420 1930 1561 1959 nimirum
1578 1939 1700 1967 vapores
1717 1931 1773 1958 ibi-

949 1976 1016 2003 dem
1032 1975 1209 2011 prodeuntes
1225 1978 1417 2004 consumente
1437 1983 1489 2004 ncc
1501 1975 1688 2011 permittente
1703 1975 1772 2003 sub-

949 2020 1062 2048 sistere.
1082 2022 1166 2048 Porro
1183 2022 1282 2048 ventos
1304 2021 1340 2048 ab
1356 2020 1556 2057 septentrione
1571 2019 1675 2048 ﬂantes
1690 2029 1775 2048 voca-

949 2073 1017 2093 mus
1033 2065 1146 2100 boreas,
1165 2065 1201 2092 ab
1219 2065 1340 2093 meridie
1357 2068 1440 2094 notos
1466 2065 1526 2093 sive
1541 2067 1666 2093 austros.
1684 2067 1777 2093 Causa

949 2109 1059 2146 obliqui
1071 2111 1225 2138 ventorum
1248 2113 1345 2138 motus
1375 2112 1421 2138 est
1449 2110 1668 2139 circumrotatio
1697 2110 1777 2138 orbis

949 2157 1107 2190 terrarum,
1127 2163 1190 2190 quae
1202 2163 1324 2190 vapores
1339 2155 1477 2183 deorsum
1494 2155 1646 2183 tendentes
1662 2154 1779 2182 divertit

949 2201 978 2227 et
988 2199 1045 2226 huc
1061 2199 1228 2235 atqueilluc
1257 2200 1406 2227 transfert.
1438 2199 1541 2227 Etesiis
1557 2199 1632 2227 venti
1653 2199 1777 2234 Septen-

948 2243 1089 2271 trionales
1105 2244 1217 2279 spirant
1229 2247 1291 2279 post
1315 2244 1417 2280 viginti
1435 2243 1497 2271 dies
1514 2245 1550 2271 ab
1566 2243 1665 2271 aestivo
1681 2243 1777 2270 solsti-

64 2288 175 2326 ἡμερας
202 2287 287 2314 εἳκοσι
315 2289 365 2322 τῆς
393 2287 499 2324 θερινῆς
527 2289 644 2323 τροπῆς,
674 2287 741 2322 μετᾶ
767 2287 816 2321 τὴν
845 2286 890 2314 toi

979 2296 999 2320 3,
1011 2290 1169 2323 ortumque
1185 2288 1408 2320 cauiculze,tuno
1420 2288 1567 2324 siquidem
1584 2287 1690 2315 solutis
1706 2287 1777 2315 nivi-

64 2333 219 2370 κυνάστρου
248 2330 390 2366 ἐπιτολήν.
416 2333 570 2366 Τηνικαῦτα
583 2331 634 2369 γὰρ
648 2334 698 2366 τῆς
715 2332 808 2369 χιόνος
833 2331 895 2359 λυο-

67 2377 166 2413 μένης,
195 2375 315 2413 γίνοιται
345 2375 423 2413 αὖραι
453 2375 556 2413 ψυχραὶ
587 2375 701 2412 βόρειοι,
718 2374 816 2406 α’ίτινες
832 2375 894 2412 ἐτη-

66 2421 121 2448 σίαι
149 2420 286 2458 λέγονται.
312 2419 374 2448 Eis”:
403 2419 430 2447 δὲ
455 2421 542 2447 νότιοι
572 2419 675 2455 ἒτησίαι
706 2420 744 2451 ὡς
768 2420 821 2447 ἀπὸ
849 2422 897 2448 τοῦ

65 2465 136 2504 πρὸς
163 2465 194 2492 τὸ
223 2468 273 2493 πᾶν
302 2465 392 2493 νότου.
410 2463 473 2492 ἀλλ’
488 2466 557 2501 ἡμῖν
573 2464 774 2500 ἀνεπαίσθητοι.
790 2465 851 2494 Εἷ¹σὶ
870 2465 898 2493 ἳὲ

64 2510 111 2538 καὶ
141 2510 195 2537 ἀπὸ
219 2512 268 2537 τοῦ
291 2510 349 2537 καθ’
371 2510 446 2546 ἡμᾶς
471 2509 550 2537 νότου
574 2508 678 2544 ἐτήσιοι
694 2508 800 2545 ἄνεμοι.
817 2510 897 2537 Οὗτοι

67 2554 96 2583 δὶς
115 2555 185 2592 μιτὰ
195 2551 385 2591 ἰϐδομήκοντα
409 2553 514 2590 ἡμέρας
528 2557 579 2588 τῆς
605 2557 766 2591 χειμερινῆς
793 2558 898 2592 τροπῆς

67 2599 202 2638 ἄρχονται
229 2602 317 2633 πνεῖν,
343 2601 393 2626 τοῦ
409 2598 491 2634 ἡλίου
507 2597 584 2630 ὄντος
601 2597 626 2626 ἐν
640 2599 756 2636 Ἰχθύσι.
781 2598 828 2626 Kal
844 2599 897 2626 ἀπὸ

69 2645 118 2682 μὶν
130 2645 354 2682 τῆςίσημερινῆς
379 2643 492 2678 δύσεως,
518 2644 608 2670 mre
630 2644 755 2682 ζέφυρος,
783 2644 836 2671 ἀπὸ
870 2642 898 2671 δὲ

67 2694 119 2725 τῆς
135 2688 302 2724 ἀνατολικῆς
318 2688 464 2728 ἰσημερίας
479 2690 540 2716 πνεῖ
553 2687 728 2723 ἀπηλιώτης.
754 2689 805 2717 Καὶ
822 2689 898 2721 αὖθις

69 2735 123 2762 ἀπὸ
137 2737 188 2762 τοῦ
212 2735 341 2772 ἀρκτικοῦ
368 2735 415 2771 μὶν
432 2732 520 2761 πόλου
544 2735 606 2760 πνεῖ
630 2733 644 2760 ὀ
668 2733 827 2771 ἀπαρκτίας,
843 2734 897 2761 ἀπὸ

70 2779 99 2808 δὶ
126 2781 178 2807 τοῦ
200 2779 279 2806 νότου
309 2781 371 2806 πνεῖ
399 2779 412 2806 ὁ
437 2778 527 2810 νότος,
554 2778 601 2805 Καὶ
619 2777 700 2805 πάλιν
717 2777 769 2805 ἀπὸ
787 2779 833 2815 μὲν
849 2782 899 2814 τῆς

71 2826 183 2863 θερινῆς
204 2823 340 2859 ἀνατολῆς
357 2826 419 2852 πνεῖ
442 2824 456 2852 ὁ
480 2823 598 2857 καικίας,
624 2822 678 2850 ἀπὸ
706 2821 735 2851 δὲ
759 2826 810 2858 τῆς
837 2833 897 2861 χιι-

950 2333 1006 2360 bus
1017 2340 1094 2360 auris
1109 2332 1221 2368 frigidae
1237 2332 1308 2360 ﬂant
1320 2332 1461 2365 boreales,
1474 2341 1548 2368 quas
1563 2332 1668 2360 etesias
1681 2332 1777 2368 appel-

949 2376 1020 2404 lant.
1037 2377 1154 2412 Spirant
1169 2379 1198 2405 et
1212 2377 1356 2405 australes
1379 2377 1476 2404 etesia:
1497 2377 1532 2404 ab
1548 2376 1668 2404 australi
1695 2380 1776 2412 parte

951 2421 1030 2449 orbis
1042 2424 1198 2454 terrarum,
1228 2422 1277 2449 sed
1295 2430 1344 2449 eas
1367 2430 1420 2449 nos
1435 2421 1584 2458 percipere
1597 2428 1655 2448 non
1669 2429 1776 2457 possu-

952 2474 1028 2494 mus.
1060 2466 1185 2494 Veniunt
1209 2469 1308 2494 tamen
1337 2469 1365 2494 et
1388 2474 1422 2494 ex
1447 2469 1528 2502 parte
1553 2465 1675 2493 australi
1692 2466 1777 2494 nobis

952 2510 1085 2546 propiore
1101 2511 1197 2538 etesia:
1213 2511 1355 2543 venti,sed
1373 2519 1436 2547 quas
1449 2513 1512 2547 post
1526 2510 1778 2547 septuagesimum

952 2555 1028 2583 diem
1036 2564 1053 2583 ει
1061 2555 1165 2583 bruma
1173 2555 1232 2583 sive
1240 2556 1362 2584 hiberno
1372 2556 1497 2584 solstitio
1506 2555 1651 2592 incipiunt
1658 2555 1780 2592 spirare,

952 2600 1071 2635 quando
1087 2599 1130 2627 sol
1143 2602 1187 2628 est
1213 2600 1242 2628 in
1259 2600 1402 2629 Piscibus.
1419 2601 1461 2628 Ab
1485 2600 1635 2628 occidente
1649 2600 1780 2636 aequino-

953 2644 1030 2672 ctiali
1044 2644 1095 2672 flet
1109 2645 1304 2682 Zephyrus,ab
1316 2646 1425 2673 oriente
1442 2645 1634 2681 aequinoctiali
1647 2645 1781 2673 subsola-

954 2698 1032 2717 nus:
1054 2692 1142 2726 atque
1171 2699 1187 2718 a
1215 2690 1464 2727 septentrionibus
1489 2690 1549 2718 sive
1577 2690 1684 2718 aretico
1713 2689 1779 2726 polo

953 2737 1110 2771 aparctias,
1128 2744 1144 2763 a
1160 2735 1281 2763 meridie
1296 2738 1405 2763 auster.
1432 2736 1474 2763 Ab
1503 2735 1614 2763 oriente
1630 2733 1776 2763 solstitiali

953 2779 1052 2808 nativo
1065 2780 1194 2815 eieciam,
1217 2789 1234 2808 a
1252 2780 1378 2808 brumali
1406 2788 1511 2808 occasu
1541 2779 1600 2807 liba
1624 2782 1736 2807 vocant.
1755 2778 1776 2804 A

953 2823 1079 2853 brumali
1094 2825 1204 2854 oriente
1228 2825 1322 2862 spirat
1345 2833 1434 2854 eurus
1458 2824 1517 2853 sive
1542 2823 1709 2859 vulturnus,
1738 2821 1776 2849 ab
