1949 3055
180 151 239 183 ’155

850 149 1062 183 MIGHAELIS
1082 151 1221 182 PSELLI

1832 147 1894 178 756

185 226 290 248 occasu
311 218 458 247 solstitiali
474 218 573 247 aestivo
588 221 720 256 argestes
734 227 821 254 quem
835 219 1008 247 Ptolemaeus
1024 219 1036 253 Α

1126 219 1178 252 ηνῆς
1204 215 1307 248 δύσεως
1335 218 1396 244 πνεῖ
1421 216 1434 244 ὁ
1450 214 1509 253 λίψ.
1526 215 1578 244 Καὶ
1594 214 1647 243 ἀπὸ
1668 214 1715 252 μὶν
1729 218 1780 250 τῆς
1795 224 1893 252 χειμε-

186 263 538 300 appellatjapyga.Atque
554 264 584 291 bi
596 266 660 292 octo
675 264 754 292 venti
770 272 784 292 e
796 263 940 291 diametro
956 263 1012 291 sibi

186 309 312 336 invicem
327 311 526 344 opponuntur.
545 308 628 336 Alius
656 311 760 336 ventus
776 311 820 336 est
840 309 876 336 ab
893 317 951 336 una
967 316 1011 336 se-

188 353 284 381 ctione
302 352 360 389 poli
376 353 487 386 arctici,
517 359 545 380 et
569 355 689 380 vocatur
714 353 815 380 boreas
832 352 891 379 sive
906 360 1012 386 meses,

190 397 307 432 spirans
322 398 398 424 inter
407 398 525 425 czeciam
542 397 770 433 aparctiaznque.
787 397 869 424 Alius
879 405 912 424 ex
923 396 1013 424 altera

189 441 363 478 poliarctici
389 442 518 470 sectione
547 444 575 469 et
603 444 724 469 vocatur
752 442 906 476 thraecias,
938 441 1015 468 inter

188 487 349 522 aparctiam
362 488 450 522 atque
476 487 626 522 japygem.
654 485 735 513 Alius
764 494 797 513 ex
813 485 940 513 sectione
956 494 1015 512 una

189 530 399 567 poliaustralis
419 531 469 558 ﬂat
492 532 662 565 euronotus,
690 531 806 558 medius
820 531 896 558 inter
910 538 1012 557 eurum

190 577 277 611 atque
293 577 438 604 austrum.
455 575 491 603 Et
506 575 582 603 alius
598 575 724 611 denique
749 583 783 602 ex
810 575 940 602 scctione
957 574 1013 610 poli

191 619 331 648 australis
346 619 438 647 altera
450 619 688 654 libonotus,inter
699 621 833 647 austrum
850 618 1016 653 ωηο-,ἀίω

191 666 240 692 tus
251 663 341 692 etiam
358 664 532 692 Pboenicius.
549 666 643 699 Atque
657 664 789 692 boreales
806 663 924 699 quidem
940 662 1017 690 venti

190 709 357 743 frequentes
369 711 449 742 sunt,
467 709 567 736 minus
593 708 701 736 intenst
722 711 830 742 tamen,
848 709 986 743 quoniam
1001 716 1017 734 a

192 753 277 782 valde
291 752 422 781 humidis
436 754 551 789 spirant
566 753 745 790 regionibus.
756 753 906 780 Australes
919 753 1018 780 minus

194 798 362 834 frequentes
377 800 496 834 propter
515 798 660 825 defectum
689 798 827 832 materiae,
844 797 1019 825 intensiores

193 850 262 870 vero
273 845 393 878 propter
404 844 548 869 terrarum
562 851 595 869 ex
604 842 1018 877 quibusveniuntsicoitatem.

193 887 234 915 Ex
249 887 295 914 his
310 886 404 914 ventis
420 886 548 914 nubilosi
560 895 623 914 esse
638 887 734 914 solent
749 886 862 922 caecias,
875 887 977 914 boreas
992 888 1019 914 et

193 931 339 967 aparctias
357 940 363 959 :
380 931 542 967 fulgurales
559 931 674 967 boreas,
701 931 859 967 aparctias,
875 931 1019 958 thrascias

193 977 221 1004 et
236 976 421 1012 argestes.Ex
438 976 514 1004 nube
526 984 730 1012 prorumpens,
743 975 916 1011 couepbiam
928 975 1018 1003 Graeci

195 1019 402 1056 appellant,cst
413 1020 515 1048 boreas
526 1023 554 1048 et
565 1021 658 1048 nubes
669 1021 817 1048 obducens
830 1029 924 1048 meses
936 1024 1022 1056 alque

197 1064 533 1101 aparclias.Grandinem
551 1065 634 1092 atl'ert
650 1065 804 1101 apsretias,
820 1065 1024 1101 thrasciasque

199 1112 229 1137 et
243 1111 373 1145 argestes
386 1118 392 1138 :
408 1111 512 1137 aestum
526 1112 636 1142 auster,
651 1110 796 1146 zephyrus
820 1112 908 1147 atque
924 1119 1023 1138 eurus.

202 1156 342 1182 Ceterum
354 1154 500 1191 zephyros
516 1157 621 1182 natura
636 1155 754 1191 quidem
768 1155 954 1191 suefrigidus
970 1157 1024 1189 est,

203 1201 350 1236 quatenus
361 1201 459 1227 autem
475 1199 504 1227 in
517 1199 886 1235 aestatespirat,ascititium
903 1199 1027 1228 calorem

207 1244 339 1272 obtinet:
371 1244 473 1271 boreas
501 1252 568 1271 vero
597 1243 817 1271 exbalationum
844 1244 1030 1271 multitudine

206 1289 301 1316 nubes
316 1297 432 1324 semper
448 1289 632 1322 absorbet,ac
647 1289 834 1316 serenitatem
847 1288 1030 1322 inducit,nisi

208 1332 333 1369 frigidus
346 1332 449 1360 fuerit:
464 1333 488 1361 si
504 1341 570 1360 vero
586 1333 674 1360 fuerit
690 1333 949 1368 frigidus,vspores
958 1333 1031 1369 spis-

207 1381 254 1407 sat
269 1378 464 1413 indensatque
479 1380 635 1414 antequam
647 1379 754 1406 nubem
785 1381 978 1412 summoveat,
993 1378 1031 1406 fa-

206 1423 305 1459 citque
320 1423 458 1459 pluviam.
473 1424 567 1458 Atque
596 1423 732 1450 contrarii
749 1423 865 1459 quidem
881 1424 959 1451 venti
971 1423 1031 1459 spi-

207 1476 272 1495 rare
287 1467 389 1495 eodem
402 1468 530 1503 tempore
548 1475 604 1494 non
623 1469 756 1502 possunt.
773 1467 825 1499 Qui
843 1475 929 1503 porro
955 1467 1032 1503 apud

208 1521 262 1540 nos
277 1512 327 1539 ﬂat
343 1513 515 1545 auster,non
531 1511 621 1547 apolo
633 1512 754 1539 australi
771 1512 831 1539 sive
843 1514 944 1540 austro
954 1512 1034 1540 orbis

207 1558 353 1584 terrarum
370 1555 526 1591 spirat,sed
540 1556 575 1583 ab
590 1555 688 1583 aestivo
699 1556 819 1592 tropico.

496 1646 558 1673 111.
577 1648 615 1674 De
630 1646 757 1682 lyphtmc.

249 1689 371 1726 Typhon
382 1690 459 1718 venti
475 1698 567 1726 genus
582 1692 626 1718 est
637 1691 713 1726 quod
726 1690 869 1719 Homerus
881 1691 1034 1727 procellam

213 1736 307 1768 vocat,
323 1734 496 1762 Aristoteles
511 1735 680 1771 typhonem.
696 1735 774 1771 quod
792 1736 901 1763 densus
917 1736 963 1764 hic
976 1737 1037 1772 spi-

216 1779 290 1808 ritus
300 1778 395 1806 τύπτει
419 1781 448 1807 et
477 1780 610 1807 verberat
624 1788 656 1807 ac
678 1781 836 1815 prosternit
851 1781 994 1817 quidquid
1011 1782 1037 1809 ei

215 1833 246 1854 se
260 1824 407 1853 obtulerit.
421 1826 513 1852 Causa
530 1824 594 1859 ejus
610 1828 679 1852 sunt
690 1825 847 1852 crassiores
860 1834 980 1860 vapores
988 1826 1037 1854 de-

214 1878 304 1906 super
319 1878 335 1897 e
365 1869 493 1897 nubibus
521 1872 600 1896 recta
623 1870 760 1897 deorsum
783 1870 993 1898 descendentes
1007 1871 1037 1898 in

213 1917 321 1942 terram
338 1913 382 1942 vel
398 1914 427 1941 in
444 1922 535 1948 mare,
552 1914 600 1949 qui
632 1914 660 1941 in
676 1914 861 1941 resistentem
877 1916 1038 1950 quamdam

214 1959 378 1986 incidentes
393 1958 546 1986 materiam
559 1961 636 1985 retro
647 1958 807 1993 pelluntur.
836 1960 958 1991 Quando
975 1961 1037 1993 qui-

214 2003 281 2030 dem
297 2010 364 2030 vero
377 2011 550 2037 repercussa
575 2002 678 2029 horum
705 2011 772 2038 pars
798 2005 916 2038 propter
939 2011 1039 2030 succe-

215 2047 316 2075 dentes
345 2047 418 2074 alios
449 2054 572 2082 vapores
598 2054 749 2082 resurgere
788 2048 970 2082 prohibetur,
1001 2048 1038 2075 ad

214 2091 334 2127 obliqua
347 2092 481 2118 feruntur
495 2091 750 2126 perfringuntque,
779 2094 866 2126 etque
895 2092 982 2119 etiam
999 2093 1038 2120 ibi

214 2135 437 2164 occurrentibus
448 2143 509 2170 qua:
522 2135 688 2163 renituntur
703 2134 769 2162 aliis
785 2136 1038 2170 partibus,iterum

214 2181 426 2216 disperguntur
448 2179 618 2215 faciuntque
651 2179 773 2207 helicem
812 2180 873 2208 sive
899 2181 1038 2208 vorticem

212 2225 302 2259 venti,
319 2225 398 2260 quia
412 2226 491 2252 terra
505 2226 533 2251 et
549 2233 564 2251 n
581 2224 653 2251 mari
670 2223 699 2251 in
712 2225 838 2252 sublime
855 2225 950 2252 attolit
966 2234 1039 2260 quie-

1068 265 1144 300 ρινῆς
1175 261 1311 296 ἀνατολῆς
1341 259 1434 296 ἔξεισιν
1466 261 1479 288 ὁ
1496 259 1586 297 εὖρος,
1611 260 1664 287 ἀπὸ
1680 259 1708 287 δὲ
1720 263 1770 295 τῆς
1785 260 1895 297 θερινῆς

1068 305 1170 338 δύσεως
1201 308 1263 333 πνεῖ
1300 307 1443 344 ἀργέστης,
1472 305 1501 332 ὃν
1538 305 1552 332 ὁ
1592 304 1765 341 Πτολεμαῖος
1795 304 1896 341 ἰάπυγα

1068 351 1277 389 προσαγορεύει.
1309 350 1362 378 Καῖ
1386 350 1460 377 οὗτοι
1493 349 1540 386 μὶν
1567 350 1593 376 οἱ
1624 349 1696 377 ὀκτὼ
1711 349 1807 386 ἄνεμοι
1827 349 1896 376 κατὰ

1069 395 1213 432 διάμετρον
1229 395 1362 430 ἀλλήλων
1390 394 1465 422 εἰσίν.
1489 394 1601 430 Ἕτερος
1619 393 1647 421 δὲ
1657 392 1757 430 ἄνεμος
1776 393 1830 420 ἀπὸ
1845 396 1896 427 τῆς

1071 443 1133 476 μιᾶς
1165 441 1253 476 τομῆς
1282 439 1337 467 ἐστι
1363 441 1412 466 τοῦ
1429 439 1555 476 ἀρκτικοῦ
1585 438 1684 473 πόλου,
1701 438 1746 465 καὶ
1771 438 1897 465 καλεῖται

1071 485 1168 523 βορέας
1216 485 1233 519 ἢ
1284 484 1388 521 μέσης,
1433 482 1530 520 μεταξὺ
1571 483 1659 511 πνέων
1701 482 1808 510 καικίου
1851 482 1897 509 καὶ

1070 529 1235 568 ἀπαρκτίου,
1265 528 1370 559 *Αλλος
1398 527 1426 556 δὲ
1455 529 1508 556 ἀπὸ
1531 530 1581 564 τῆς
1610 527 1700 563 ἄλλης
1727 530 1817 564 τομῆς
1846 529 1898 554 τοῦ

1071 576 1209 613 ἀρκτικοῦ¹
1240 575 1283 602 καὶ
1309 574 1432 602 καλεῖται
1458 574 1536 605 οὗτος
1567 573 1705 612 θρασκίας,
1736 571 1835 609 μεταξὺ
1861 570 1897 598 ὢν

1071 619 1220 658 ἀπαρκτίου
1256 620 1300 647 καὶ
1339 619 1464 658 ἶάπυγος,
1504 618 1589 646 Πάλιν
1621 617 1650 646 δὶ
1675 617 1727 645 ἀπὸ
1754 620 1804 652 τῆς
1835 619 1900 653 μιᾶς

1069 669 1159 701 τομῆς
1172 666 1221 692 τοῦ
1245 664 1337 692 νοτίου
1364 663 1453 691 πόλου
1482 666 1543 691 πνεῖ
1559 664 1572 691 ὁ
1588 662 1731 700 εὐρόνοτος
1747 661 1845 699 μεταξὺ
1862 659 1898 687 ὤν

1072 708 1152 747 εὔρου
1184 709 1229 737 καὶ
1267 709 1358 737 νότου.
1399 709 1465 737 Ἀπὸ
1503 708 1532 736 δὲ
1563 712 1615 743 τῆς
1644 707 1737 745 ἐτέρας
1764 709 1856 743 τομῆς
1887 707 1900 733 ὁ

1072 751 1227 788 λιϐὁνοτος,
1253 753 1350 790 μεταξὺ
1375 751 1410 780 ὢν
1439 751 1517 785 λιϐὸς
1529 753 1574 780 καὶ
1588 752 1678 788 νότου,
1694 751 1724 783 ὅς
1739 751 1784 778 καὶ
1801 754 1900 778 Φοινι-

1072 798 1133 830 κίας
1156 798 1289 827 καλεῖται.
1315 798 1366 826 Καὶ
1390 798 1423 825 τὰ
1448 798 1497 834 μὶν
1522 798 1614 836 βόρεια
1637 796 1788 832 πνεύματα,
1805 793 1902 823 πολλὰ

1076 843 1134 879 μὲν,
1164 843 1214 870 οὐκ
1245 842 1336 870 εὔτονα
1365 841 1403 876 δὲ,
1430 841 1474 870 διὰ
1495 843 1527 870 τὸ
1544 842 1597 869 ἀπὸ
1623 840 1734 876 πολλῆς
1749 840 1901 878 ὑγρότητος

1074 890 1163 915 πνεῖν·
1183 888 1216 915 τὰ
1231 886 1259 915 δὲ
1269 888 1345 915 νότια
1358 887 1436 926 ὀλίγα
1449 888 1496 922 μὲν
1511 886 1556 914 διὰ
1570 888 1618 922 τήν
1635 884 1736 913 ἔνδειαν
1751 887 1801 918 τῆς
1817 884 1900 919 ὕλης⁷

1073 930 1167 959 εὔτονα
1191 931 1220 959 δὲ
1244 930 1288 959 διὰ
1309 932 1358 966 τὴν
1383 935 1433 967 τῆς
1454 935 1507 969 γῆς
1532 931 1679 968 ξηρότητα.
1706 929 1814 957 Τούτων
1843 931 1898 956 τῶν

1074 976 1180 1013 ἀνέμων
1219 975 1371 1015 ἑπινὲφελοι
1412 977 1459 1013 μὶν
1497 976 1603 1006 καικίας
1641 975 1685 1002 καὶ
1714 974 1823 1012 βορέας,
1851 975 1901 1000 ἀπ-

1077 1021 1207 1059 αρκτίας·
1236 1021 1398 1058 ἆστραπαῖοι
1424 1020 1453 1048 δξ
1483 1021 1580 1058 βορέας
1597 1043 1604 1055 ,
1631 1019 1801 1057 ἀπαρκτίας,
1838 1024 1905 1055 θρα-

1078 1065 1153 1097 σκίας
1188 1066 1231 1093 καὶ
1271 1065 1415 1103 ἀργέστης.
1449 1065 1590 1104 Ἐκνεφίας
1619 1063 1648 1092 δὲ
1686 1064 1700 1091 ὀ
1731 1063 1833 1102 βοῤῥᾶς
1861 1063 1907 1090 καὶ

1079 1109 1238 1149 νεφελώδης
1256 1110 1303 1146 μὲν
1332 1110 1418 1145 μέσης
1440 1109 1485 1137 καὶ
1502 1108 1664 1146 ἀπαρκτίας,
1682 1106 1852 1146 χαλαζώδης
1883 1105 1911 1134 δὲ

1083 1155 1233 1192 ἀπαρκτίας
1262 1154 1306 1182 καὶ
1337 1154 1464 1191 θρασκίας
1484 1154 1529 1181 καὶ
1553 1153 1696 1192 ἁργέστης,
1725 1151 1911 1189 καυματώδης

1083 1198 1112 1226 δὲ
1139 1199 1217 1230 νότος
1244 1199 1290 1226 καὶ
1321 1199 1434 1237 ζέφυρος
1448 1199 1493 1225 καὶ
1509 1198 1597 1234 εὖρος·
1625 1199 1655 1227 Ὁ
1671 1196 1700 1225 δὲ
1717 1197 1834 1236 ζέφυρος
1855 1197 1915 1224 κατ’
1948 1196 1949 1199 “

1084 1243 1177 1271 οὐσίαν
1211 1243 1257 1280 μέν
1285 1243 1340 1270 ἐστι
1365 1243 1483 1280 ψυχρὸς,
1500 1243 1566 1270 καθὸ
1589 1241 1617 1270 δὲ
1643 1242 1667 1270 ἒν
1697 1244 1736 1277 τῷ
1758 1242 1831 1279 θέρει
1856 1244 1915 1268 πνεῖ

1084 1287 1262 1324 νοθευόμενος
1287 1287 1467 1325 θερμαίνεται,
1493 1287 1507 1314 ὁ
1524 1285 1553 1313 δὲ
1579 1285 1676 1323 βορέας
1691 1284 1735 1312 διὰ
1749 1285 1781 1312 τὸ
1804 1284 1914 1318 πλῆθος

1084 1336 1133 1367 τῆς
1149 1332 1354 1368 ἀναθυμιάσεως
1381 1331 1420 1358 ἀεὶ
1442 1328 1573 1358 ἀποσοϐεῖ
1594 1331 1627 1358 τὰ
1645 1330 1723 1369 νέφη,
1746 1329 1792 1356 καὶ
1821 1327 1913 1356 εὐδίαν

1086 1380 1170 1411 ποιεῖ,
1195 1376 1268 1409 πλὴν
1299 1374 1360 1403 ὅταν
1394 1376 1432 1412 μὴ
1461 1374 1582 1412 ψυχρός
1617 1375 1640 1402 εἰ
1670 1373 1698 1402 δὲ
1726 1374 1769 1409 εἴη
1794 1374 1913 1411 ψυγρξις,

1086 1422 1200 1459 παχύνει
1226 1422 1276 1455 τὴν
1306 1419 1406 1457 ἀτμίδα
1428 1421 1491 1458 πρὶν
1506 1420 1523 1455 ἢ
1538 1417 1709 1454 ἀποσοϐῆσαι
1724 1419 1755 1445 τὸ
1770 1419 1852 1457 νὲφος
1868 1418 1913 1444 καὶ

1087 1469 1161 1494 ποιεῖ
1198 1465 1288 1494 ὑετόν.
1320 1465 1370 1492 Καὶ
1396 1465 1422 1492 οἱ
1449 1465 1496 1502 μὶν
1524 1464 1581 1492 κατ’
1611 1463 1734 1502 ἄντικρυς
1760 1462 1858 1499 ἄνεμοι
1883 1462 1913 1489 οὗ

1089 1511 1212 1539 δύνανται
1228 1511 1285 1547 ἅμα
1310 1512 1396 1544 πνεῖν,
1425 1512 1455 1538 Ὁ
1481 1508 1510 1536 δὲ
1535 1509 1595 1540 καθ’
1619 1509 1692 1545 ἡμᾶς
1705 1507 1784 1538 νότος
1799 1507 1850 1534 οὐκ
1861 1507 1915 1534 ἀπὸ

1088 1557 1167 1584 νότου
1197 1558 1245 1583 τοῦ
1261 1555 1361 1586 παντὸς
1385 1556 1456 1591 πνεῖ,
1481 1553 1544 1582 ἀλλ’
1569 1554 1621 1581 ἀπὸ
1640 1555 1689 1581 τοῦ
1714 1554 1822 1591 θερινοῦ
1851 1562 1916 1590 τρο-

1049 1589 1071 1622 C
1089 1603 1183 1630 πικοῦ.

1357 1645 1417 1683 pta’.
1434 1643 1498 1682 Περὶ
1512 1645 1647 1681 τυφῶνος.

1126 1691 1154 1717 '0
1181 1692 1272 1729 τυφῶν
1302 1688 1402 1725 ἄνεμός
1425 1688 1507 1722 ἐστιν,
1523 1689 1553 1716 ’ὸν
1570 1689 1583 1715 ὁ
1601 1688 1647 1724 μὲν
1658 1689 1783 1723 ’Όμηρος
1799 1685 1919 1714 Θόελλπν

1093 1735 1236 1772 ὀνομάζει,
1263 1735 1277 1762 ὁ
1308 1732 1336 1761 δὲ
1362 1732 1555 1771 Ἀριστοτὲλης
1571 1733 1624 1760 ἀπὸ
1648 1734 1696 1760 τοῦ
1711 1731 1787 1770 παχὺ
1804 1732 1871 1759 εἶναι
1888 1733 1919 1758 τὸ

1091 1782 1207 1816 πνεῦμα,
1234 1779 1278 1807 καὶ
1308 1780 1365 1806 οἷον
1394 1778 1493 1806 τύπτον
1523 1778 1554 1805 τὸ
1584 1777 1754 1814 παρατυχὸν,
1783 1778 1919 1814 τυφῶνα.

1092 1824 1169 1853 Αίτία
1199 1823 1226 1851 δὲ
1254 1823 1364 1858 τούτου,
1380 1823 1460 1859 ἀτμὶς
1488 1825 1591 1860 παχεῖα
1619 1820 1719 1853 ἄνωθεν
1737 1821 1789 1848 ἀπὸ
1803 1823 1858 1848 τῶν
1875 1831 1918 1847 νε-

1093 1872 1148 1907 φῶν
1178 1869 1314 1907 φερομένη
1343 1868 1401 1895 κατ’
1431 1866 1491 1894 εὐθὺ
1520 1866 1564 1894 ἐπὶ
1589 1867 1621 1893 τὸ
1647 1866 1784 1899 κάταντες,
1814 1864 1919 1899 ἢκατὲ

1091 1918 1141 1948 τῆς
1174 1915 1323 1950 θαλάσσης,
1364 1914 1426 1948 ἥτις
1462 1913 1664 1951 προσπταίουσα
1695 1912 1748 1939 τινὶ
1777 1911 1919 1947 ἀντιτύπῳ

1093 1959 1206 1996 ὀνόματι
1233 1958 1418 1986 ἀναπάλλεται
1447 1958 1484 1988 εἷς
1508 1957 1640 1985 τούπίσω.
1671 1954 1782 1990 Ἐπειδὴ
1814 1954 1844 1983 δὲ
1866 1967 1919 1982 κως

1093 2004 1186 2032 λύεται
1212 2004 1244 2031 τὸ
1273 2002 1508 2039 ἀντιπαλλύμενον
1534 2001 1616 2029 αὐτοῦ
1645 2001 1726 2038 μέρος
1742 2001 1780 2032 εἷς
1796 2000 1920 2028 τούπίσω

1093 2048 1294 2075 ἀναπάλλεσοαι
1335 2048 1386 2074 ὑπὸ
1427 2049 1476 2074 τοῦ
1517 2044 1625 2073 ὄπισθεν
1667 2044 1920 2076 ἐπακολουθοῦντος

1093 2093 1176 2120 αὐτοῦ
1195 2093 1304 2130 μέρους,
1331 2091 1373 2119 ἰπὶ
1390 2091 1424 2118 τὰ
1447 2090 1551 2128 πλάγια
1564 2089 1718 2124 διακλᾶται,
1736 2090 1792 2117 sive
1811 2090 1921 2126 κάκεῖσε

1094 2137 1230 2172 ἀντιτύπῳ
1246 2137 1429 2171 συναντήσασα
1460 2136 1547 2173 μέρει,
1573 2135 1656 2163 πάλιν
1672 2133 1858 2172 σκορπίζεται,
1871 2134 1921 2161 ’καὶ

1093 2182 1196 2219 γίνεται
1211 2181 1279 2217 ἓλιξ,
1295 2180 1360 2215 ἤτοι
1376 2181 1511 2219 συστροφὴ
1527 2182 1576 2207 τοῦ
1592 2180 1703 2216 ἀνέμου,
1720 2179 1922 2216 μετεωρίζουσι

1093 2227 1136 2253 καὶ
1151 2226 1203 2253 ἀπὸ
1219 2229 1268 2260 τῆς
1283 2229 1344 2262 γῆς,
1361 2224 1405 2252 καὶ
1423 2225 1475 2252 ἀπὸ
1489 2228 1539 2259 τῆς
1554 2223 1689 2259 θαλάττης
1704 2224 1738 2251 τὲ
1754 2222 1922 2261 ἐπιτυχόντα

213 2277 330 2306 cunque
345 2278 466 2305 corpora
482 2268 774 2304 apprehenderit.Hic
790 2273 1035 2305 cstventusquem

1126 2281 1213 2307 ιματα.
1227 2270 1312 2301 Οὗτός
1327 2270 1396 2297 ἐστιν
1409 2270 1422 2296 ὁ
1438 2268 1537 2306 ἄνεμος
1554 2269 1568 2296 ὁ
1589 2267 1761 2305 καλούμενος
1783 2269 1860 2305 παρά
1883 2279 1920 2294 τι-

212 2314 346 2343 nonnulli
362 2314 520 2350 typhonem
541 2312 699 2348 appellant.

498 2372 560 2399 112.
578 2371 614 2399 De
628 2371 770 2407 emphia.

248 2421 412 2457 Ecnepbias
424 2420 511 2448 etiam
525 2428 619 2455 genus
635 2422 688 2454 est,
703 2429 866 2456 parumque
880 2429 897 2448 θ.
911 2421 1038 2457 typhone

217 2465 378 2493 diversum.
395 2465 449 2492 Sed
466 2472 523 2491 non
540 2464 671 2492 cernitur
687 2465 855 2501 ecnepbias,
871 2465 964 2493 oculis
984 2474 1038 2494 au-

211 2512 271 2538 tem
288 2510 415 2537 sentitur
429 2509 528 2545 typho,
551 2511 650 2544 utpote
670 2510 718 2544 qui
747 2510 963 2538 crassissimum
979 2519 1036 2538 ma-

213 2554 329 2587 teriam,
350 2561 472 2589 vapores
489 2552 662 2588 fuliginosos
692 2562 725 2581 ex
745 2555 822 2581 nube
838 2563 935 2582 secum
949 2555 1035 2583 vehit.

214 2597 392 2634 Ecnepbiam
408 2597 485 2633 sopit
500 2597 608 2634 pluvia,
626 2598 675 2626 sed
688 2598 807 2634 typbnni
824 2601 1036 2635 compescendo

212 2643 309 2678 impar
322 2644 376 2676 est,
395 2642 444 2678 qui
473 2651 489 2670 a
509 2642 617 2670 boreali
642 2645 728 2671 vento
757 2644 871 2671 tollitur
887 2647 913 2671 et
929 2645 1036 2671 exstin-

212 2687 322 2723 guitur.
339 2686 415 2714 Nihil
441 2686 518 2714 aliud
542 2695 626 2723 porro
650 2690 694 2715 est
709 2688 866 2724 ernephias
878 2689 1035 2717 vehemens

214 2739 302 2768 quam
319 2731 451 2768 typb0,et
466 2731 553 2767 typho
578 2732 721 2760 remissus
745 2733 820 2760 haud
845 2734 977 2761 diversus
990 2736 1035 2762 est

214 2777 250 2804 ab
261 2776 410 2812 ecnephia.
442 2776 553 2812 Saepius
569 2779 596 2804 et
625 2784 659 2804 ex
675 2777 789 2813 frigidis
805 2778 864 2805 oris
881 2786 931 2813 per
941 2779 1035 2807 calida

213 2821 277 2850 locs.
293 2821 438 2858 spirantes
454 2823 482 2849 et
497 2821 613 2850 alterati
628 2822 706 2850 venti
723 2822 795 2850 ﬂant
806 2822 946 2857 calidum,
957 2825 986 2851 et
1001 2832 1035 2852 ex

1092 2326 1145 2342 νων
1160 2317 1261 2353 τυφὼν.

1355 2373 1418 2410 ριβ¹.
1433 2372 1498 2409 Περὶ
1518 2371 1651 2409 ἐκνεφίου.

1127 2422 1246 2458 ’Ἄνεμός
1267 2421 1321 2449 ἐστι
1345 2421 1390 2448 καὶ
1420 2422 1434 2449 ὁ
1460 2421 1581 2460 ἐκνεφίας
1612 2419 1708 2458 σχεδὸν
1739 2420 1752 2448 ὁ
1777 2419 1859 2452 αὐτὸς
1883 2423 1922 2455 τῷ

1090 2469 1204 2505 τυφῶνι.
1222 2465 1298 2500 Πλὴν
1317 2467 1331 2493 ὁ
1350 2466 1396 2502 μὶν
1421 2465 1543 2505 ἐκνεφίας
1561 2465 1614 2503 οὐχ
1630 2466 1737 2503 ὁρᾶται,
1755 2465 1768 2492 ὁ
1785 2463 1814 2492 δὶ
1828 2467 1921 2504 τυφῖυιι

1091 2511 1209 2548 ὁρᾶται,
1246 2509 1289 2537 διὰ
1312 2511 1343 2538 τὸ
1372 2510 1610 2548 πογυμιρεστέραν
1637 2509 1729 2537 οὐσίαν
1759 2509 1922 2546 συνεφέλκε-

1091 2556 1150 2582 σθαι
1180 2554 1209 2582 ἐκ
1237 2557 1285 2582 τοῦ
1306 2555 1401 2594 νέφους
1415 2555 1464 2590 τὴν
1489 2554 1618 2590 καπνώδη
1649 2554 1842 2590 ἀναθυμίασιν.
1872 2554 1921 2582 Καὶ

1090 2601 1134 2627 τὸν
1164 2599 1285 2638 ἐκνεφίαν
1315 2600 1393 2627 παύει
1421 2600 1507 2632 ὑετὸς,
1522 2600 1567 2626 τὸν
1585 2599 1613 2627 δέ
1629 2601 1738 2638 τυφῶνα
1753 2598 1808 2636 οὐχ
1828 2598 1921 2629 ἱκανός

1089 2644 1145 2672 ἐστι
1176 2647 1285 2678 παῦσαι,
1313 2643 1374 2672 ἀλλ’
1401 2645 1415 2672 ὁ
1446 2644 1542 2682 βορέας
1570 2644 1649 2672 αὐτὸν
1685 2641 1918 2672 κατασϐέννυσιν.

1089 2689 1174 2718 Οὐδὲν
1209 2688 1238 2717 δὶ
1265 2688 1355 2728 ἕτερόν
1383 2688 1452 2716 ἐστιν
1480 2689 1613 2728 ἐκνεφίας,
1642 2689 1659 2723 ἢ
1688 2690 1779 2727 τυφῶν
1797 2687 1918 2716 ἒπιτετω

1090 2735 1179 2771 μένος.
1209 2734 1254 2762 καὶ
1281 2735 1342 2761 ὅσον
1370 2734 1417 2771 μὶν
1442 2734 1509 2761 κατὰ
1536 2734 1567 2761 τὸ
1583 2732 1653 2764 εἶδος
1668 2733 1764 2760 ταυτόν
1781 2731 1854 2760 ἐστιν
1872 2733 1915 2760 ἰκ-

1088 2778 1178 2816 νεφίας
1195 2779 1239 2806 καὶ
1254 2781 1356 2818 τυφῶν,
1372 2778 1440 2806 κατὰ
1464 2777 1492 2805 δί
1517 2779 1567 2813 τὴν
1598 2778 1716 2805 ἐπίτασιν
1743 2777 1787 2805 καὶ
1824 2776 1915 2805 ἄνεσιν

1089 2823 1270 2863 διαφέρουσιν.
1301 2823 1331 2852 Ὀ
1361 2822 1407 2859 μὶν
1437 2823 1487 2862 γὰρ
1513 2825 1604 2862 τυφῶν
1633 2821 1828 2860 ἐπιτεταμίνος
1843 2821 1915 2850 ἐστὶν
