1951 3054
159 127 222 158 ’159

829 129 1041 162 MICHAELIS
1063 129 1201 161 PSELLI

1812 129 1833 158 ¹ι
1836 128 1878 158 60

161 194 352 231 simplicitate
364 195 715 234 Bubiimior,quaacunque
725 205 790 226 vero
806 197 883 226 infra
893 197 978 226 Deun:

1068 198 1112 226 )σα
1140 195 1168 224 δὶ
1196 196 1262 232 μετὰ
1288 195 1370 232 Θεὸν,
1401 194 1431 222 οὗ
1456 193 1556 233 κυρίως
1582 192 1622 230 ἓν,
1653 192 1726 222 ἀλλᾶ
1751 193 1798 223 διὰ
1822 195 1876 229 τήν

162 242 304 274 sunt,non
317 241 432 277 proprie
448 244 518 270 sunt
534 251 636 277 unum,
654 243 704 270 sed
719 244 837 278 propter
847 242 986 270 unionem

161 285 457 322 etparticipationem
474 295 508 314 ex
524 296 592 321 uno,
623 288 664 315 ita
690 287 839 315 dicuntur.
868 287 942 316 Nam
959 288 988 314 et

162 336 247 356 mens
264 337 356 357 unum
365 332 449 358 estet
464 331 568 358 multa.
585 332 732 367 Quotquot
746 331 822 359 enim
840 334 910 358 sunt
930 339 986 366 res,

161 374 205 401 tot
219 373 308 401 etiam
321 382 404 402 mens
419 377 474 409 est,
497 384 565 404 nam
582 378 611 403 et
635 376 768 413 exempla
784 376 901 403 illorum
913 376 942 402 in
957 383 988 403 se

162 417 301 446 continet.
319 418 410 447 Etiam
426 420 541 454 animae,
560 429 624 456 quae
648 423 676 448 et
699 420 792 449 multo
805 419 900 456 magis
915 419 987 448 divi-

161 461 220 490 dua
235 464 288 497 est,
305 464 449 500 contingit
466 464 557 492 multa
575 473 705 500 esse,nec
721 466 820 493 minus
836 465 988 493 elementis

162 514 196 534 ac
234 507 417 543 corporibus.
462 510 704 546 Quandoquidem
729 510 820 547 igitur
846 513 987 538 accuratae

162 551 279 580 unionie
286 551 373 581 etiam
384 554 513 582 mundus
526 557 569 582 est
578 555 887 591 particeps,propterea
895 563 987 583 unum

161 595 336 632 appellatur,
354 599 382 625 et
411 599 548 635 quoniam
573 600 719 635 perfectus
738 602 783 628 est
798 608 875 628 unus
891 602 919 627 et
944 608 987 628 so-

159 638 284 675 lus,‘neo
299 642 385 670 multi
400 645 470 671 sunt
481 644 595 672 mundi.

462 690 523 716 117.
542 689 577 717 De
592 698 685 718 vacuo.

195 729 329 760 Vaouum
345 740 403 760 non
415 734 582 768 omnes,sed
593 734 683 769 aliqui
695 734 724 762 in
737 734 855 770 scriptis
868 734 931 761 suis
941 734 986 761 in-

159 775 268 803 duxere
280 778 368 811 atque
379 778 567 805 nominavere
579 778 900 814 philosophi,aiunlque
913 778 985 805 illud

160 828 226 848 esse
240 821 320 848 omni
337 822 495 856 spoliatum
513 823 984 858 corpore.velutiinvisibilequod-

160 864 228 892 dam
245 865 376 900 chaos,et
390 868 457 894 ante
468 867 612 894 mundum
627 867 716 895 fuisse
732 868 985 902 slatuunt,deinde

159 908 312 937 elementis
324 910 538 946 prodeuntibus
546 911 650 939 etcmlo
664 912 921 940 circumrotatione
932 921 986 939 sua

163 959 285 988 corpora
302 953 401 982 omnia
416 954 572 991 colligente
587 964 620 984 ac
631 956 986 992 constringente,vacuum

163 997 279 1032 quidem
297 997 376 1032 intus
401 999 534 1028 relictum
561 1000 674 1028 nullum
698 1001 800 1035 fuisse,
830 1003 910 1029 extra
924 1000 988 1029 cozli

162 1049 230 1070 vero
246 1042 390 1071 ambitum
407 1051 492 1072 omne
508 1053 634 1074 vacuum
647 1054 722 1080 esse,
740 1047 817 1082 quod
837 1046 987 1074 inﬁnitum

163 1086 193 1114 in
209 1087 324 1116 infinito
341 1089 436 1124 spatio
450 1089 518 1118 licet
542 1090 681 1127 cogitare.
707 1091 788 1119 Hanc
811 1091 987 1119 sententiam

162 1132 282 1161 omnino
299 1133 393 1169 rejicit
405 1134 620 1169 Aristoteles,et
636 1144 782 1172 nusquam
795 1135 925 1164 admittit
940 1144 988 1163 va-

162 1185 262 1213 cuum,
280 1186 374 1213 neque
389 1177 468 1207 intra
481 1180 624 1208 mundum
642 1189 738 1216 neque
753 1183 843 1208 extra.
860 1181 894 1208 At
908 1180 988 1208 Cleo-

160 1221 261 1249 medes
277 1222 473 1258 philosophus
488 1223 565 1251 intra
595 1225 740 1253 mundum
755 1225 875 1260 reperiri
891 1227 988 1261 negat,

161 1267 241 1294 extra
252 1275 318 1296 vero
326 1266 409 1296 illum
417 1268 479 1296 dari
493 1270 818 1305 vncuum,vehementer
828 1269 988 1305 contendit,

479 1358 540 1386 118.
558 1359 595 1386 De
611 1359 676 1387 loco.

198 1403 293 1431 Locus
308 1404 472 1432 secundum
488 1403 622 1433 vocabuli
633 1405 691 1433 vim
717 1407 761 1433 est
775 1405 897 1442 aliquid,
910 1405 987 1442 quod

162 1455 269 1484 corpus
282 1446 325 1474 vel
337 1455 397 1475 rem
409 1447 621 1484 incorporalem
634 1451 730 1485 potest
744 1449 986 1486 complecti.Quo-

162 1492 243 1521 niam
259 1491 351 1528 igitur
366 1493 489 1521 materia
504 1493 709 1529 complectitur
724 1494 989 1529 formam,materia

160 1537 261 1566 formas
275 1545 340 1573 quae
356 1545 402 1565 ros
414 1537 607 1574 incorporalis
620 1542 674 1574 est,
692 1539 785 1575 possit
809 1539 865 1567 dici
893 1539 985 1568 locus.

164 1581 212 1610 Sic
228 1582 356 1616 spatium
373 1582 522 1610 desertum
547 1591 579 1610 ac
593 1591 728 1619 vacuum,
746 1583 985 1620 quandoquidem

161 1634 284 1661 corpora
297 1626 425 1661 recipere
441 1630 547 1662 potest,
564 1636 621 1655 non
636 1628 711 1655 male
733 1627 816 1656 locus
832 1637 985 1665 corporum

161 1671 285 1698 dicetur.
315 1671 434 1707 Proprie
453 1679 520 1699 vero
550 1672 632 1700 locus
661 1675 706 1701 est
729 1676 894 1701 extremum
910 1675 987 1710 quod

161 1714 252 1743 ambit
267 1723 408 1750 corpora;
422 1715 461 1742 ita
474 1724 524 1743 aer
534 1716 626 1744 ambit
640 1725 762 1752 corpora
778 1717 986 1751 naturalis,sed

161 1767 219 1787 non
233 1760 471 1795 aerquicunque,
503 1769 559 1788 non
586 1761 664 1788 enim
692 1761 741 1789 ille
756 1762 804 1797 qui
835 1763 988 1791 montibus

161 1803 314 1832 sublimior
340 1807 369 1832 et
399 1805 549 1840 proximus
574 1805 645 1833 ccelo
657 1807 767 1840 est,sed
783 1807 904 1834 inferior
922 1808 987 1842 eius

161 1856 230 1884 pars
246 1856 299 1875 nos
311 1848 414 1877 ambit.
433 1848 498 1876 Hum
512 1849 603 1885 igitur
613 1850 688 1878 aeris
701 1851 871 1887 superﬁcies
886 1860 986 1888 corpo-

161 1900 227 1920 rum
243 1895 412 1920 nostrorum
424 1895 467 1921 est
483 1893 575 1921 locus.

198 1945 260 1973 119.
276 1946 314 1974 De
324 1950 422 1982 spatio,
435 1946 505 1983 quod
519 1948 679 1984 philosophi
693 1948 786 1986 χώραν
800 1949 949 1985 appellant.

197 1989 379 2018 Arithmetici
387 1990 479 2027 χώραν
491 1994 594 2019 vocant
604 1992 789 2021 intervallum
804 1993 987 2030 intelligibile

161 2034 237 2061 inter
249 2035 479 2069 numeros,inter
496 2045 585 2064 unum
607 2037 790 2071 elduo,inter
805 2039 862 2066 duo
879 2041 907 2066 et
919 2039 985 2073 tria,

161 2080 289 2114 quatuor
303 2081 391 2115 atque
400 2080 441 2107 ita
452 2080 748 2117 deinceps.Quoniam
757 2083 835 2110 enim
848 2091 903 2110 non
917 2092 985 2110 con-

159 2122 260 2150 tinuus
276 2126 320 2151 est
335 2132 525 2153 numerorum
537 2126 619 2161 ordo,
643 2128 694 2154 sed
710 2127 868 2160 discretus,
894 2128 984 2155 inter-

159 2166 236 2195 valla
259 2167 335 2195 inter
364 2177 503 2197 numeros
527 2169 621 2206 χώρας
651 2170 848 2206 appellarunt.
875 2172 929 2200 Sed
959 2174 987 2199 et

159 2211 254 2249 χώραν
271 2215 376 2241 vocant
392 2213 633 2250 philosophorum
652 2215 740 2250 aliqui
771 2219 881 2251 partem
899 2225 931 2244 ac
943 2225 984 2245 ve-

1002 1573 1024 1606 Ο

1042 239 1137 268 ἕνωσιν
1163 240 1205 268 καὶ
1221 240 1342 278 μετοχήν
1358 242 1407 267 τοῦ
1433 240 1503 275 ἑνὸς,
1529 239 1602 266 οὓτω
1630 239 1875 278 πρασαγοριύεται.

1042 286 1094 314 Καὶ
1124 287 1175 324 γὰρ
1204 286 1247 313 καὶ
1278 286 1292 313 ὁ
1307 288 1370 316 νοῦς
1394 283 1421 312 ἓν
1438 285 1493 312 ἐστι
1508 285 1551 312 καὶ
1569 284 1671 313 πολλά.
1688 285 1758 313 Ὅσα
1772 285 1828 322 γὰρ
1845 285 1878 311 τὰ

1043 328 1117 365 ὅντα,
1147 332 1265 358 τοσαῦτα
1292 330 1337 357 καὶ
1367 330 1381 356 ὁ
1408 331 1479 366 νοῦς,
1509 329 1567 356 ἐπεὶ
1590 328 1635 356 καί
1664 327 1878 367 παραδείγματι

1041 374 1144 402 τούτων
1174 374 1199 402 ὲν
1216 375 1302 411 ἑαυτῷ
1328 375 1461 412 περιὲχει.
1477 373 1574 401 Πολλὰ
1594 373 1639 400 καὶ
1655 374 1671 408 ἡ
1697 374 1774 411 ψυχὴ
1792 372 1877 410 (διαι-

1043 419 1105 457 ρετὴ
1130 420 1182 458 γὰρ
1209 419 1310 456 πολλῷ
1333 418 1440 456 πλέον)⁷
1455 419 1490 446 τὰ
1506 419 1631 456 στοιχεῖά
1644 428 1674 446 τι
1697 418 1742 446 καὶ
1768 419 1803 446 τὰ
1818 419 1874 445 σώ-

1044 475 1124 501 ματα.
1151 463 1228 492 Ἀλλ’
1245 462 1338 498 ἐπειδή
1355 463 1478 496 ἐνώσεως
1502 461 1633 502 ἀκριϐοῦς
1662 463 1707 490 καὶ
1723 463 1737 491 ὁ
1767 463 1875 500 κόσμος

1041 509 1250 545 κεκοινώνηκεν,
1267 507 1292 536 ἕν
1308 507 1352 536 διὰ
1365 509 1415 543 τὴν
1435 507 1530 536 ἕνωσιν
1556 507 1730 545 ὀνομάζεται,
1755 507 1801 535 καὶ
1830 507 1876 534 διὰ

1041 554 1091 589 τὴν
1106 553 1266 590 τελειότητα
1280 555 1334 581 τῶν
1348 552 1493 592 στοιχείων
1507 552 1589 581 αὐτοῦ
1605 554 1642 584 εἷς
1654 553 1709 581 ἐστι
1725 551 1769 580 καὶ
1788 551 1876 590 μόνος

1042 598 1106 628 ἀλλ’
1120 598 1150 627 οὐ
1166 597 1264 636 κόσμοι
1278 597 1392 627 πολλοί.

1329 688 1391 725 ριζ.
1407 687 1471 725 Περὶ
1487 689 1575 716 κενοῦ.

1075 733 1110 760 Τὸ
1138 733 1214 760 κενὸν
1245 732 1275 760 οὗ
1305 733 1413 767 πάντες,
1441 731 1505 760 ἀλλ’
1534 731 1599 759 ἔνιοι
1626 733 1679 759 τῶν
1708 731 1872 770 φιλοσόφων

1040 777 1194 816 ἐσήνεγκάν
1223 788 1252 805 τι
1275 779 1315 813 τῷ
1343 775 1417 816 λόγῳ
1445 776 1491 804 καὶ
1518 777 1702 813 ὠνομάκασιν.
1732 777 1870 816 Ἀποφαί-

1038 831 1129 849 νονται
1158 821 1186 849 δὲ
1209 824 1291 850 τοῦτο
1319 822 1418 853 παντὸς
1444 822 1571 858 σώματος
1598 819 1701 857 ἔρημον
1719 843 1726 855 ,
1758 821 1817 848 οἷον

1039 867 1108 903 χάος
1138 866 1265 904 ἀόρατον.
1296 866 1348 894 Καὶ
1374 866 1437 904 φασὶ
1467 868 1548 893 τοῦτο
1577 866 1792 903 προϋποκεῖσθαι
1821 868 1872 893 τοῦ

1040 911 1155 947 κόσμου.
1183 911 1248 939 Εἶτα
1279 913 1332 938 τῶν
1359 910 1503 948 στοιχείων
1520 910 1670 949 γεγονότων
1685 910 1731 937 καὶ
1754 911 1804 937 τοῦ
1822 910 1873 937 οὖ-

1847 832 1873 848 τι

1042 957 1121 993 ροινοῦ
1150 957 1183 992 τῇ
1214 955 1383 994 κυκλοφορίᾳ
1404 955 1437 982 τὰ
1458 954 1572 991 σώματα
1597 954 1683 982 πάντα
1707 954 1870 993 sumpt-{an

1040 1011 1097 1037 τος,
1124 1001 1200 1027 κενὸν
1232 1000 1277 1037 μὲν
1308 1000 1383 1031 ἐντὸς
1417 998 1502 1036 μηδὲν
1531 998 1749 1037 ἀπολελεῖφθαι,
1778 999 1809 1026 τὸ
1842 997 1872 1026 δὲ

1042 1045 1118 1077 ἐκτὸς
1144 1046 1193 1079 τῆς
1223 1042 1274 1079 ἔξω
1301 1044 1474 1082 περιφερείας
1500 1044 1583 1072 αὐτοῦ
1599 1043 1665 1071 ὅλον
1693 1043 1770 1071 κενὸν
1789 1042 1871 1079 εἶναι,

1043 1088 1153 1127 ἄπειρον
1181 1089 1206 1116 ἐν
1238 1088 1342 1126 ἀπείρῳ
1370 1089 1447 1124 τόπῳ
1477 1087 1715 1127 ἐμφανταζόμενον
1733 1109 1740 1116 .
1769 1090 1874 1114 Τοῦτον

1043 1133 1072 1162 δὲ
1098 1135 1143 1161 τὸν
1174 1133 1256 1171 λόγον
1288 1132 1480 1171 Ἀριστοτέλης
1508 1133 1556 1170 μὲν
1573 1133 1754 1170 ἀπογινώσκει
1771 1133 1875 1159 παντά-

1043 1189 1119 1213 πασι,
1149 1179 1194 1206 καὶ
1224 1177 1353 1215 οὐδαμῶς
1381 1177 1482 1210 τίθεται
1509 1176 1570 1205 οὔτε
1585 1177 1661 1208 ἐντὸς
1690 1179 1737 1204 τοῦ
1753 1176 1874 1213 κόσμου,

1043 1222 1104 1251 οὔτε
1134 1222 1219 1255 ἰκτός*
1251 1221 1417 1259 Κλεομήδης
1448 1221 1476 1250 δὲ
1505 1223 1519 1250 ό
1546 1221 1708 1260 φιλόσοφος,
1733 1220 1807 1252 ἐντὸς
1825 1221 1874 1257 μὲν

1042 1270 1090 1297 τοῦ
1116 1267 1221 1304 κόσμου
1239 1266 1269 1295 οὔ
1286 1277 1367 1306 φησιν
1383 1267 1449 1295 εἶναι
1469 1267 1556 1299 κενὸν,
1578 1265 1655 1298 ἐκτὸς
1686 1264 1714 1293 δὶ
1741 1266 1787 1293 καὶ
1804 1266 1878 1293 πάνυ

1045 1313 1178 1352 βιάζεται.

1329 1356 1392 1394 ριη’.
1407 1355 1472 1394 Περὶ
1487 1356 1583 1384 τόπου.

1078 1403 1106 1429 '0
1132 1403 1216 1433 τόπος
1240 1401 1278 1433 ὡς
1304 1402 1328 1428 τ’
1355 1399 1460 1438 οὕνομα
1476 1399 1569 1437 δηλοῖ,
1586 1401 1701 1439 πρᾶγμά
1717 1399 1772 1428 ἔστι
1787 1399 1879 1428 δεκτι-

1041 1448 1088 1475 κὸν
1105 1446 1242 1484 σώματος,
1270 1447 1288 1481 ἢ
1320 1446 1466 1483 ἀσωμάτου
1496 1445 1612 1484 φύσεως.
1629 1445 1705 1472 Ἐπεὶ
1721 1445 1766 1472 οὖν
1783 1446 1801 1480 ἡ
1818 1444 1875 1480 ὕλη

1040 1492 1072 1520 τὸ
1100 1490 1170 1523 εἶδος
1198 1490 1315 1529 δέχεται,
1331 1491 1415 1522 τόπος
1428 1489 1538 1528 λέγοιτο
1554 1489 1585 1518 ἃν
1599 1490 1617 1525 ἡ
1634 1489 1687 1525 ὕλη
1704 1491 1752 1517 τοῦ
1769 1488 1875 1519 εἴδους·

1041 1536 1184 1572 ἀσώματον
1213 1535 1242 1563 δὲ
1265 1536 1296 1563 τὸ
1325 1534 1414 1567 εῖδος.
1446 1533 1558 1570 Ηάλιν,
1589 1534 1646 1562 ἐπεὶ
1673 1535 1703 1561 τὸ
1734 1532 1879 1570 διάστημα

1044 1580 1147 1620 ἔρημον
1179 1580 1207 1609 ὅν
1224 1580 1269 1609 καὶ
1286 1581 1372 1616 κενὸν,
1393 1580 1508 1617 σώματα
1536 1578 1644 1607 δύναται
1666 1577 1802 1614 δέξασθαι,
1827 1579 1878 1606 τό·

1042 1638 1093 1657 πος
1123 1627 1257 1663 σωμάτων
1289 1624 1330 1661 ε’ἷη
1361 1625 1391 1653 ἂν
1406 1625 1437 1652 τὸ
1454 1623 1602 1660 διάστημα.
1619 1623 1724 1662 Κυρίως
1741 1622 1770 1651 δὶ
1785 1623 1878 1655 τόπος

1042 1670 1097 1698 ἐστὶ
1126 1671 1157 1698 τὸ
1188 1670 1303 1708 ἔσχατον
1332 1671 1380 1697 τοῦ
1403 1669 1581 1707 περιέχοντος
1599 1669 1682 1706 μέρος
1697 1668 1730 1695 τὰ
1745 1668 1878 1704 σώματα.

1042 1716 1115 1752 Οἴον,
1133 1716 1146 1743 ὁ
1162 1715 1214 1752 ἀήρ
1231 1714 1353 1753 περιέχει
1370 1715 1402 1741 τὰ
1418 1713 1516 1753 φυσικὶ
1529 1713 1652 1750 σώματα,
1670 1712 1733 1740 ἀλλ’
1749 1712 1781 1740 οὐ
1796 1716 1850 1744 πᾶς
1865 1714 1880 1740 ὁ

1041 1760 1104 1798 ἀήρ·
1122 1760 1152 1787 οὐ
1167 1760 1217 1798 γὰρ
1233 1759 1277 1787 καὶ
1294 1760 1307 1786 ὁ
1323 1758 1349 1786 ἐν
1366 1761 1424 1790 τοῖς
1439 1757 1542 1796 ὄρεσιν,
1558 1759 1575 1793 ἢ
1594 1758 1607 1786 ὁ
1630 1756 1747 1793 πλησίον
1763 1759 1814 1786 τοῦ
1829 1758 1879 1785 οὐ-

1042 1807 1132 1842 ρανοῦ,
1150 1804 1222 1832 ἀλλὰ
1234 1805 1264 1831 τὸ
1285 1803 1399 1841 ἔσχατον
1427 1804 1509 1841 μέρος
1529 1802 1612 1830 αὐτοῦ
1636 1802 1759 1840 περιέχει
1784 1802 1876 1838 ἥμᾶς·

1041 1849 1108 1884 αὕτη
1126 1848 1171 1876 οὖν
1185 1850 1202 1883 ἡ
1218 1851 1266 1876 τοῦ
1281 1848 1361 1886 ἀὶρυς
1378 1847 1529 1887 ἐπιφάνεια,
1543 1848 1628 1880 τόπος
1648 1847 1702 1874 ἐστὶ
1720 1849 1773 1874 τῶν
1802 1848 1877 1883 ἡμε-

1040 1894 1124 1932 τέρων
1138 1904 1177 1921 σω
1182 1893 1285 1931 μάτων.

1323 1947 1383 1984 pit)’.
1403 1946 1469 1983 Περὶ
1483 1946 1588 1983 χώρας.

1077 1992 1158 2029 Χώρα
1176 1990 1231 2019 ἐστὶ
1256 1991 1325 2018 κατᾶ
1338 1989 1403 2022 τοὺς
1418 1989 1628 2028 ἀριθμητικοὺς.
1656 1989 1687 2018 τὸ
1701 1990 1801 2025 νοητὸν
1818 1992 1877 2018 τῶν

1041 2036 1165 2075 ἀριῢμῶν
1193 2034 1340 2072 διάστημα,
1365 2036 1424 2063 οἷον
1450 2034 1482 2062 τὸ
1497 2034 1595 2071 μεταξὺ
1610 2037 1658 2062 τοῦ
1675 2035 1731 2065 ἑνὸς
1753 2035 1798 2062 καὶ
1819 2037 1876 2062 τῶν

1043 2080 1103 2116 δύο,
1128 2081 1172 2109 καὶ
1187 2082 1235 2108 τοῦ
1264 2080 1336 2118 τρία,
1351 2078 1397 2107 καί
1424 2081 1472 2107 τοῦ
1487 2079 1612 2117 τέσσαρα,
1636 2078 1680 2107 καὶ
1695 2081 1745 2106 τοῦ
1762 2079 1875 2118 Ξφεξῆς.

1040 2125 1116 2154 Ἐπεὶ
1146 2125 1198 2163 γὰρ
1228 2125 1260 2153 οὐ
1288 2125 1406 2162 συνεχής
1436 2123 1507 2151 ἐστιν
1534 2125 1550 2159 ἡ
1579 2124 1652 2159 τάξις
1667 2125 1720 2151 τῶν
1733 2123 1876 2161 ἀριθμῶν,

1041 2168 1212 2207 διαστήματα
1229 2169 1323 2208 χώρας
1347 2168 1550 2205 ἐπωνομάκασι.
1573 2169 1673 2207 Χώραν
1688 2167 1771 2196 πάλιν
1801 2170 1878 2201 τινες

1039 2217 1092 2242 τῶν
1115 2213 1272 2253 φιλοσόφων
1290 2214 1413 2252 εἰρήκασι
1430 2213 1479 2247 τήν
1498 2213 1612 2251 μερικὴν
1628 2215 1676 2240 τοῦ
1691 2212 1876 2250 περιέχοντος

160 2257 214 2284 luti
230 2257 378 2294 regionem
396 2258 571 2294 receptaculi
586 2268 693 2295 corpus
705 2261 903 2296 capientis,uti
917 2261 975 2289 doli

1068 2271 1072 2286 ι
1102 2261 1182 2295 σῶμα
1209 2259 1357 2296 περιοχὴν,
1387 2259 1446 2285 οἷον
1461 2258 1475 2285 ὁ
1488 2257 1567 2289 πίθος
1581 2256 1701 2296 περιέχει
1717 2257 1763 2284 τὸν
1784 2257 1873 2286 οἶνον.

161 2302 238 2338 quod
255 2302 332 2338 capit
345 2303 457 2330 vinum.
475 2303 506 2331 Si
518 2304 595 2330 enim
627 2307 754 2339 ponatur
767 2308 898 2333 ventrem
916 2306 986 2333 dolii

161 2348 367 2375 tantummodo
381 2347 448 2375 vino
464 2347 657 2384 plenum,non
672 2349 791 2384 quidem
807 2352 898 2378 totum
917 2350 986 2378 dolii

161 2398 279 2426 corpus,
297 2392 347 2419 sed
360 2393 474 2420 tantum
489 2395 590 2420 venter
601 2393 666 2428 ejus
681 2393 917 2422 circumferentia
933 2403 987 2423 sua

159 2435 261 2463 vinum
278 2436 509 2471 comprehendit,
519 2439 605 2472 atque
616 2438 786 2473 hujusmodi
799 2441 909 2475 partem
922 2440 986 2476 phi-

159 2479 274 2515 losophi
292 2480 410 2515 quidam
427 2480 521 2518 χώραν
539 2482 687 2517 regionem
699 2485 813 2518 vocant,
827 2491 913 2519 quam
927 2493 985 2512 non

159 2523 286 2553 absurde
301 2524 408 2560 aliquis
424 2525 512 2552 etiam
529 2525 623 2553 locum
642 2526 842 2562 appellaverit.

319 2577 381 2606 120.
402 2579 474 2608 Num
488 2579 607 2607 mundus
617 2581 654 2608 sit
669 2581 823 2609 animatus.

188 2621 294 2650 Nostra
301 2622 334 2650 ch
340 2622 529 2652 ristianorum
537 2625 684 2653 sententia
692 2634 726 2653 ne
735 2626 859 2654 summis
867 2626 984 2663 quidem

156 2667 279 2696 auribus
293 2668 421 2696 admittit
437 2669 601 2697 animatum
626 2678 691 2699 esse
717 2671 870 2706 mundum,
897 2679 984 2707 quem

155 2712 340 2750 providentia
354 2714 511 2749 gubernari
525 2715 669 2743 novimus.
687 2716 726 2743 Ac
746 2716 983 2752 praestantissimi

157 2757 323 2794 philosophi
340 2758 421 2787 Plato
437 2761 465 2787 et
482 2759 775 2797 Aristoteles,quique
792 2760 984 2797 bossequun—

156 2804 216 2838 tur,
232 2805 260 2831 et
285 2803 384 2833 anima
409 2805 438 2833 et
453 2806 550 2834 mente
579 2805 735 2841 praeditum
757 2814 822 2835 esse
838 2806 982 2835 mundum

1040 2303 1205 2335 Ὑποκείσθω
1222 2302 1251 2330 δὲ
1266 2303 1279 2330 ό
1296 2304 1369 2334 οἶνος
1383 2302 1445 2340 περὶ
1461 2301 1572 2337 κοίλης,
1589 2301 1653 2330 ἀλλ’
1668 2301 1722 2339 οὐχ
1741 2300 1808 2329 ὅλον
1840 2303 1873 2330 τὸ

1040 2350 1119 2385 σῶμα
1134 2349 1182 2375 τοῦ
1197 2348 1277 2380 πίθου
1291 2348 1337 2375 τὸν
1353 2347 1422 2375 οἶνον
1440 2344 1558 2383 ἐδέξατο,
1573 2346 1645 2375 ἀλλὰ
1661 2346 1731 2384 μόνη
1748 2347 1766 2381 ἦ
1782 2345 1871 2383 κοιλίη

1040 2392 1121 2420 αὐτοῦ
1136 2392 1302 2432 περιφέρεια.
1328 2393 1416 2421 Τοῦτο
1441 2393 1505 2429 γοῦν
1527 2391 1558 2419 τὸ
1585 2391 1666 2429 μέρος
1691 2391 1786 2429 χώραν
1804 2391 1873 2430 φασὶ

1039 2440 1092 2465 τῶν
1110 2436 1268 2477 φιλοσόφων
1282 2437 1362 2468 τινὲς.
1379 2435 1436 2466 Οὐκ
1450 2436 1602 2468 ἀπεικότως
1623 2434 1652 2463 δὲ
1665 2437 1745 2463 τοῦτο
1761 2436 1807 2464 καὶ
1824 2438 1872 2464 τό-

1039 2493 1089 2510 πον
1105 2493 1148 2514 τις
1165 2482 1334 2518 ὀνομάσειεν.

1247 2581 1298 2617 ρκ’.
1314 2579 1347 2608 Ei
1365 2579 1490 2617 ἔμψυχος
1505 2580 1519 2607 ό
1535 2579 1652 2616 κόσμος.

1073 2627 1104 2656 Ὀ
1137 2626 1183 2664 μὶν
1211 2626 1269 2653 καθ’
1292 2626 1366 2662 ἡμᾶς
1392 2624 1485 2662 λόγος,
1502 2623 1565 2652 οὐδὲ
1580 2626 1732 2663 ἀκροθιγῶς
1746 2625 1778 2652 τὸ
1803 2625 1872 2652 ὠσὶν

1039 2671 1164 2709 ἔμψυχον
1196 2671 1263 2698 εἶναι
1286 2670 1332 2698 τὸν
1357 2669 1460 2706 κόσμον
1486 2669 1639 2707 προσίεται,
1668 2669 1784 2708 προνοίᾳ
1801 2670 1869 2706 μέν·

1038 2727 1114 2754 τοιγε
1139 2714 1338 2752 διοικούμενον.
1355 2715 1388 2743 Οἱ
1405 2713 1434 2742 δὶ
1447 2715 1609 2752 τελεώτεροι
1622 2716 1676 2742 τῶν
1692 2713 1868 2753 φιλοσόφων⁷

1038 2760 1151 2789 Πλάτων
1176 2760 1219 2788 καὶ
1250 2758 1453 2797 Ἀριστοτέλης,
1481 2759 1526 2787 καὶ
1555 2759 1613 2787 ὅσοι
1632 2759 1741 2790 τούτοις
1758 2759 1866 2795 ἐπηκο-

1038 2805 1186 2841 λούθησαν,
1214 2804 1258 2832 καὶ
1287 2802 1423 2842 ἔμψυχον,
1448 2804 1493 2832 καὶ
1514 2803 1603 2832 ἔννουν
1633 2806 1727 2844 σαφῶς
1756 2803 1865 2843 ἀπεφή-
