1951 3054
71 122 129 154 ’161

668 126 718 158 DE
739 126 961 160 OMNIFARIA
982 128 1193 160 DOGTRINA.

1724 126 1784 159 762

72 199 166 218 ναντο.
184 189 355 230 Ἐγκλιῖσθαι
371 189 400 219 δὶ
423 190 454 219 οὗ
476 191 524 225 τὰς
544 193 635 231 ψυχὰς
651 192 677 222 ἔν
693 203 721 221 τε
736 195 775 230 τῷ
791 193 898 231 οὐρανῷ

981 197 1052 223 Jerte
1073 197 1219 224 statuunt.
1229 194 1329 232 Neque
1340 194 1453 223 animas
1468 194 1565 223 inesse
1579 193 1649 222 coalo
1664 195 1693 221 et
1707 194 1784 222 infra

73 234 119 262 καί
150 238 210 266 ταῖς
248 235 441 273 ὑποκειμέναις
471 237 608 276 σφαίραις,
637 237 701 266 ἀλλ’
727 238 860 267 ἀνάπαλιν
874 239 908 266 τὰ

75 280 192 316 σώματα
206 283 260 308 τῶν
287 281 431 318 θειοτέρων
458 283 594 319 ἠρτῆσθαι
622 281 774 320 ὃιωρίκασι.
801 286 906 311 Διακεῖ-

76 330 138 357 σθαι
176 325 268 360 μέντοι
292 327 337 353 καὶ
364 325 416 354 ὑπὸ
445 327 523 365 φύσιν
554 327 622 355 αὖτά
645 328 828 365 νενομίκασιν,
859 328 908 356 οὐκ

74 368 244 398 ἀντικεῖσθαι
277 370 403 408 μέντοιγε
441 373 489 407 τὴν
521 371 599 411 φύσιν
630 370 691 400 οὕτε
717 376 778 404 ταῖς
805 375 908 411 ψυχαῖς

77 413 206 454 τούτωνφ
223 414 285 443 οὔτε
308 418 366 447 ταῖς
390 419 496 454 νοεραῖς
519 415 679 452 ὂιατάξεσιν,
702 417 764 446 ἀλλ’
787 418 830 445 ὑπ’
859 418 905 446 αὐ-

72 461 129 486 τῶν
161 459 280 496 μάλιστα
303 460 523 490 καθευούτεσθαι.
551 461 630 490 Ἀλλ’
659 461 721 490 οὐδέ
751 461 905 498 δεομεῖσθαι

72 503 122 534 τὰς
134 503 236 541 ψυχὰς,
261 503 279 539 ἤ
306 504 370 536 τοὺς
394 507 458 536 νοῦς
481 508 539 537 τοῖς
566 506 670 533 τούτων
693 506 821 543 ᾠήθησαν
852 506 906 534 σώ-

74 558 168 585 μασιν,
209 548 273 577 ἀλλ’
301 549 346 577 ὐπ’
388 549 497 578 ἐκείνων
542 550 696 586 ἐξάπτεσθαι
739 552 783 579 καὶ
822 561 906 579 κατα-

73 591 243 629 λάμπεσθαι.

165 647 234 684 ρκα¹⁸
248 646 281 675 Εἰ
297 647 443 685 ἀγέννητος
459 647 472 675 ὀ
487 648 592 685 κόσμος
607 648 653 676 καὶ
670 647 815 688 ἄφθαρτος.

109 689 180 719 Οὔτε
208 691 352 729 ἀγὲννητος
379 693 443 730 παρ’
481 693 549 729 ἡμῖν
582 693 596 720 ὁ
628 693 730 729 κόσμος
755 692 904 728 δοξάζεται,

73 734 138 762 οὔτε
151 736 298 774 ἄφθαρτος,
328 737 504 774 γεγεννῆσθαί
533 748 563 765 τε
589 739 642 775 γὰρ
668 737 746 766 αὐτὸν
769 737 842 776 παρὰ
855 741 904 773 τῆς

74 782 183 816 Γρασῆς
217 781 262 808 καὶ
304 782 487 820 φθαρήσεσθαι
529 784 737 819 μεμαθήκαμεν.
779 783 904 820 Ἀριστο-

73 823 158 859 τέλης
174 823 202 852 δὲ
226 826 271 852 καὶ
296 825 444 864 ἀγέννητον
469 826 547 854 αὐτὸν
571 827 616 854 καί
641 826 776 865 ἄφθαρτον
791 827 903 859 τίθεται.

73 867 191 896 Πλάτων
209 868 237 897 δὲ
252 873 331 908 γεννᾷ
357 871 406 906 μὶν
432 870 511 898 αὐτὸν
538 870 565 898 ἐν
589 871 707 908 Τιμαίῳ,
729 871 903 910 ἀποφαίνεται

73 911 103 940 δὲ
135 912 206 949 μηδὲ
221 915 403 953 φθαρήσεσθαι
425 915 470 942 τὸν
496 914 600 943 ἅπαντα
619 916 732 954 χρόνον.
745 916 794 943 Καὶ
811 915 905 950 ἐπειδὴ

75 957 223 985 ἀντίκειται
249 959 334 994 αὐτῷ,
360 958 401 987 ὅτι
425 959 550 991 σύνθετος
579 959 615 987 ὣν
645 961 690 988 καὶ
715 961 904 998 φθαρήσεται¹

73 1005 126 1029 πᾶν
156 1003 206 1040 γὰρ
241 1003 272 1031 τὸ
319 1003 444 1036 σύνθετον
487 1005 532 1032 καὶ
562 1003 690 1032 διαλυτὸν
719 1004 905 1032 διαστέλλεται

78 1045 177 1083 λέγων,
203 1046 244 1074 ὅτι
268 1046 330 1075 ὅσον
357 1048 404 1085 μὶν
433 1047 479 1076 ἰπὶ
505 1049 554 1083 τήν
585 1049 674 1086 φύσιν,
705 1050 822 1087 φθαρτός
838 1050 904 1083 ἐστι,

74 1092 155 1127 σῶμα
183 1092 233 1130 γὰρ
264 1092 295 1120 οὐ
324 1096 413 1131 χωρεῖ
441 1091 594 1128 ἀϊὸιότητα,
626 1093 699 1122 ἀλλὰ
725 1096 755 1122 οὸ
772 1093 905 1133 ἄφθαρτον

73 1134 238 1167 ἰπεισάκτως
261 1138 334 1173 παρὰ
371 1140 418 1164 τοῦ
455 1138 709 1174 Θεοῦικομίζεται.
747 1139 779 1168 Ὁ
817 1138 846 1167 δὲ
873 1150 905 1178 γι

74 1179 199 1217 Πρόκλος
215 1180 241 1208 ἰν
257 1184 316 1212 τοῖς
346 1181 520 1219 ἐξηγητικοῖς
544 1185 604 1214 τοῖς
627 1184 696 1221 πρὸς
725 1183 839 1220 Τίμαιον
853 1183 903 1211 λό-

75 1234 146 1262 γοις,
174 1228 289 1262 πιιρᾶτα
314 1225 446 1254 δεικνύναι
484 1227 649 1265 βιαιότερον,
673 1225 714 1255 ὅτι
745 1227 816 1265 μηδὲ
843 1239 903 1267 γεν-

77 1268 159 1304 νητὸν
181 1269 195 1296 ὁ
222 1269 335 1298 Πλάτων
351 1270 397 1299 τὸν
419 1271 522 1308 κόσμον
546 1270 645 1308 οἶίεταιί
665 1271 682 1307 ἥ
701 1272 807 1309 μᾶλλον
822 1273 905 1301 εἰπεῖν

79 1312 265 1351 ἀποφαίνεται,
304 1316 372 1343 κατά
407 1314 436 1343 δὶ
473 1316 505 1344 τὸ
544 1316 680 1353 σύνθετον,
710 1316 816 1354 ἐπινοίᾳ
843 1328 903 1356 γιν-

79 1357 170 1386 νητόν.

75 1368 170 1394 νητον.

278 1495 348 1533 ρκβ⁷.
365 1495 396 1524 El
412 1495 536 1534 τρέφεται
554 1496 567 1523 ὁ
582 1495 697 1532 κόσμος.

111 1538 149 1565 Οὐ
160 1538 255 1577 πόῤῥω
284 1550 331 1576 μοι
361 1540 484 1575 εὐηθείας
513 1541 581 1568 εἷναι
611 1539 735 1568 δοκοῦσιν
759 1541 785 1568 οἱ
809 1540 903 1580 τρέφε-

75 1583 135 1610 σθαι
150 1583 196 1611 τὸν
223 1584 327 1621 κὸσμον
355 1582 605 1621 ὑπολαμϐάνοντες,
635 1584 688 1612 siin
714 1585 827 1623 οὐρανὸν
857 1572 903 1613 κό-
919 1572 942 1606 C'

75 1637 143 1663 σμον
169 1629 403 1664 κατονομάζουσιν
426 1630 463 1661 ὡς
489 1630 504 1656 ὁ
530 1629 645 1657 Πλάτων
670 1629 696 1656 ἐν
718 1632 758 1665 τῷ
782 1630 906 1666 Τιμαίῳ,

75 1670 130 1699 ιῖτε
147 1675 214 1708 μετὰ
237 1675 286 1700 τοῦ
310 1673 416 1711 αἰθέρος
441 1673 485 1701 καὶ
507 1674 541 1701 τὰ
566 1677 701 1711 στοιχεῖα.
729 1674 761 1702 El.
785 1674 837 1711 γὰρ
865 1685 907 1702 τε-

75 1715 214 1748 λιώτατος
230 1718 244 1745 6
267 1718 372 1755 κόσμος
395 1721 453 1746 κατ’
480 1718 590 1753 αὐτοὺς,
620 1718 738 1755 μάλιστα
762 1717 790 1746 δὶ
805 1719 847 1746 καὶ
866 1718 906 1746 ἀί-

76 1759 147 1797 διος,
163 1764 223 1794 πῶς
237 1762 268 1789 ἂν
285 1761 394 1798 δεηθείη
419 1766 524 1802 τροφῆς
540 1772 546 1798 ;
564 1764 603 1792 Τὸ
630 1764 681 1801 γὰρ
697 1763 790 1794 ἀτελὲς
804 1763 848 1790 καὶ
864 1763 906 1791 ἐν-

77 1803 134 1836 δεὲς
149 1806 285 1844 τρέφεται.
314 1806 396 1835 ἈΛλ’
422 1808 488 1845 οὐχί
513 1807 557 1835 καὶ
586 1807 618 1835 τὸ
646 1806 752 1845 πλῆρες
771 1808 815 1835 καὶ
833 1808 905 1835 ἀνεν-

77 1848 147 1881 δεές.
177 1851 206 1879 Εἰ
237 1850 266 1878 δὲ
288 1851 320 1879 τὸ
359 1852 456 1891 τρέφον
489 1853 648 1889 προσθήκην
678 1854 718 1888 τῷ
745 1851 905 1891 τρεφομένῳ

75 1897 152 1922 ποιεῖ
177 1895 221 1923 καὶ
252 1895 373 1932 αὔξησιν.
403 1897 533 1932 αὐξηθείη
562 1897 591 1924 ἂν
620 1898 665 1924 καὶ
689 1896 792 1933 κόσμος
807 1897 904 1936 τρεφό-

79 1950 173 1976 μενος,
198 1939 272 1968 ἀλλὰ
296 1941 341 1968 καὶ
371 1941 459 1978 φθίνοι
488 1941 650 1978 κινούμενος
679 1941 748 1969 ὥστε
774 1941 904 1978 μείζωνὸ

76 1983 181 2020 κόσμος
197 1984 292 2012 ἑαυτοῦ
321 1984 366 2012 καὶ
394 1984 513 2013 ἐλάττων
540 1985 672 2022 γενέσθαι.
689 1987 777 2014 Τοῦτο
794 1984 822 2012 δὲ
836 1985 906 2022 πρὸς

75 2031 116 2065 τῷ
131 2029 226 2065 ἀτόπῳ
242 2029 286 2057 καὶ
313 2029 424 2067 γελοῖον
451 2029 588 2067 ἄντικρυς,
610 2029 643 2057 Εἴ
667 2030 712 2058 οὗν
738 2028 799 2057 οὔτε
822 2029 904 2066 αὐξή-

76 2084 144 2104 σεως
170 2072 212 2101 δεῖ
237 2076 277 2110 τῷ
303 2072 400 2111 κόσμῳ
426 2073 488 2102 οὔτε
512 2075 663 2110 κενώσεως,
690 2075 722 2102 οὐ
751 2077 853 2114 τροφῆς
873 2073 903 2102 ἂν

77 2118 152 2154 αὖτῷ
166 2117 258 2153 δεήσοι
274 2118 350 2147 ποτε.

294 2218 358 2256 ρκγ’.
376 2218 440 2256 Περῖ
457 2217 558 2255 τάξεως
571 2218 689 2254 κόσμου.

961 240 1064 276 positis
1080 240 1268 276 sphaeris,sed
1281 249 1296 268 e
1308 239 1454 268 contrario
1470 247 1591 275 corpora
1602 239 1638 266 ab
1654 238 1712 266 illis
1720 241 1784 266 tan-

960 293 1050 320 quam
1075 285 1267 312 divinioribus
1294 285 1458 320 dependere
1482 284 1673 311 arbitrantur.
1690 284 1786 318 Atque

961 332 1071 357 naturae
1084 330 1203 366 quidem
1220 330 1308 357 etiam
1325 329 1456 364 subjecta
1472 328 1523 355 illa
1539 330 1653 364 putant,
1666 327 1716 354 sed
1733 335 1784 354 na-

960 376 1056 402 turam
1072 383 1129 402 non
1146 374 1292 402 adversari
1308 373 1426 401 illorum
1443 373 1597 400 animabus
1613 373 1784 399 autmenta-

960 417 1038 445 libus
1054 418 1178 454 legibus,
1210 419 1260 446 sed
1290 418 1326 445 ab
1354 418 1413 445 illis
1442 417 1568 444 maxime
1588 416 1673 451 dirigi
1691 423 1785 451 neque

961 463 1075 490 animas
1089 466 1138 491 aut
1152 466 1263 490 mentes
1292 463 1327 490 ab
1344 462 1514 498 corporibus
1530 461 1588 489 illis
1609 461 1671 489 suis
1689 460 1786 488 existi-

960 510 1081 535 marunt
1097 508 1275 544 alligari,sed
1289 508 1324 535 ub
1336 507 1393 535 illis
1408 507 1504 543 potius
1521 514 1667 543 suspensa
1682 513 1747 534 esse
1758 507 1786 533 et

959 551 1101 580 illustrari
1118 561 1250 589 corpora.

980 651 1040 678 121.
1057 651 1128 679 Num
1143 651 1262 678 mundus
1281 652 1420 686 ingenitus
1435 652 1473 677 sit
1490 653 1517 678 et
1533 650 1763 684 incorruptibilis.

996 695 1095 730 Neque
1110 695 1259 730 ingenitus
1276 704 1370 731 neque
1387 694 1620 730 incorruptibilie
1637 695 1714 729 apud
1731 702 1783 721 nos

960 741 1137 769 christianos
1153 741 1280 769 mundus
1293 749 1357 768 esse
1373 741 1504 773 docetur,
1521 747 1608 775 quem
1634 741 1663 766 et
1673 740 1783 766 factum

959 793 1024 814 esse
1039 788 1068 813 et
1079 787 1242 822 periturum
1258 794 1274 813 e
1294 786 1445 821 Scriptura
1459 784 1628 812 didicimus.
1644 783 1784 811 Aristote-

958 829 1002 857 les
1017 838 1083 857 vero
1098 834 1127 858 et
1142 830 1305 865 ingenitum
1321 830 1405 857 illum
1421 832 1449 856 et
1464 828 1719 864 incorruptibilem
1734 836 1784 863 po-

960 874 1100 902 nit.Plato
1117 875 1146 902 in
1164 875 1263 903 Timavo
1278 875 1369 902 tradit
1384 882 1450 901 eum
1468 873 1600 909 genitum
1616 881 1691 906 esse,
1701 872 1782 900 nullo

962 919 1064 946 autem'
1073 922 1201 954 tempore
1215 918 1528 954 corrumpendum.Cui
1540 917 1679 953 quoniam
1695 916 1783 952 obiici

961 965 1067 998 potest,
1079 964 1155 999 quod
1173 971 1237 990 cum
1255 963 1294 991 sit
1317 963 1499 998 compositus
1515 962 1602 989 etiam
1616 969 1784 997 corrumpe-

960 1011 1020 1041 tur,
1033 1007 1176 1043 quidquid
1194 1007 1272 1034 enim
1289 1007 1484 1042 compositum
1500 1009 1544 1034 est
1559 1007 1647 1033 etiam
1663 1005 1784 1033 dissolvi

959 1055 1064 1088 potest,
1082 1052 1187 1088 exeipit
1198 1052 1246 1079 ille
1262 1060 1295 1079 ac
1309 1052 1477 1088 respondet,
1494 1051 1573 1086 quod
1589 1052 1701 1077 natura;
1725 1057 1783 1077 sum

960 1097 1072 1124 ratione
1087 1097 1189 1131 utique
1214 1096 1251 1123 sit
1279 1095 1480 1131 corruptibilis
1509 1095 1650 1129 mundus,
1677 1102 1783 1129 corpus

958 1141 1035 1169 enim
1053 1141 1167 1169 nullum
1184 1141 1213 1168 in
1229 1148 1259 1168 se
1276 1141 1380 1168 habere
1400 1139 1674 1175 sempiternitatem,
1687 1139 1737 1166 sed
1767 1147 1784 1165 a

958 1185 1016 1214 Deo
1032 1185 1179 1221 accepisse
1194 1193 1316 1221 esseque
1327 1184 1368 1211 illi
1395 1184 1618 1220 superadditum
1633 1185 1663 1211 ut
1684 1182 1722 1210 sit
1737 1182 1783 1209 in-

957 1231 1166 1266 corruptibilis.
1181 1230 1301 1259 Proclus
1316 1230 1345 1258 in
1361 1229 1582 1258 commentariis
1611 1229 1670 1256 sive
1685 1227 1782 1264 expla-

957 1277 1128 1304 nationibus
1144 1275 1206 1304 suis
1222 1276 1251 1304 in
1268 1277 1411 1304 Timaeum
1427 1274 1507 1302 omni
1521 1273 1706 1302 contentione
1718 1275 1781 1300 stu-

957 1321 1006 1349 det
1017 1321 1230 1355 demonstrare,
1247 1320 1322 1356 quod
1340 1328 1392 1348 nec
1403 1320 1532 1356 genitum
1549 1318 1631 1345 Plato
1640 1317 1783 1345 mundum

957 1365 1147 1399 senserit,sed
1164 1367 1294 1400 tempore
1305 1364 1424 1400 quidem
1436 1363 1599 1399 ingenitum
1615 1363 1781 1398 esseputat,

956 1410 1000 1438 vel
1018 1412 1049 1437 ut
1069 1410 1177 1437 rectius
1193 1409 1288 1437 dicam
1305 1409 1479 1437 conﬁrmare
1490 1406 1697 1441 annititur,sed
1710 1414 1783 1442 qua-

957 1458 1044 1482 tenus
1060 1454 1240 1490 compositus
1255 1453 1452 1490 est,genitum
1470 1452 1539 1480 licet
1554 1453 1692 1488 cogitare.

1137 1500 1198 1527 122.
1227 1499 1299 1527 Num
1316 1497 1437 1526 mundus
1450 1498 1604 1525 nutriatur.

994 1543 1056 1572 Non
1073 1544 1159 1579 longe
1175 1543 1246 1571 mibi
1277 1544 1313 1571 ab
1331 1543 1449 1570 insania
1463 1542 1600 1570 videntur
1615 1541 1718 1569 abesse
1734 1539 1784 1575 qui

961 1589 1105 1616 mundum
1119 1588 1225 1616 nutriri
1241 1587 1422 1622 existimant,
1443 1587 1504 1614 sive
1528 1586 1633 1614 malum
1659 1586 1786 1612 tantum-

960 1633 1046 1661 modo
1062 1633 1165 1660 mundi
1183 1632 1301 1660 nomine
1312 1631 1513 1667 sppellunt,ut
1529 1631 1557 1658 in
1575 1631 1680 1659 Timwo
1692 1629 1784 1663 Plato,

960 1678 1020 1705 sive
1037 1685 1095 1705 una
1119 1685 1184 1704 cum
1211 1676 1283 1704 ccelo
1310 1676 1398 1704 ctiam
1427 1678 1554 1711 quatuor
1574 1674 1728 1702 elementa.
1756 1673 1782 1700 Si

960 1722 1050 1754 enim,
1068 1724 1100 1749 ut
1111 1721 1167 1756 ipsi
1181 1722 1323 1754 sentiunt,
1336 1720 1571 1756 perfectissimus
1588 1722 1632 1746 cst
1644 1718 1785 1752 mundus,

961 1767 1088 1794 maxime
1104 1769 1193 1801 atque
1208 1771 1346 1798 aeternus,
1362 1765 1411 1799 qui
1436 1764 1495 1792 licri
1513 1766 1607 1799 potest
1622 1765 1654 1790 ut
1665 1762 1729 1789 cibo
1740 1762 1784 1789 in-

959 1811 1057 1846 digeat
1073 1813 1084 1838 Ρ
1099 1811 1232 1837 Nutritur
1244 1810 1353 1845 quippe
1366 1809 1444 1844 quod
1467 1808 1667 1843 imperfectum
1684 1809 1729 1834 est
1756 1808 1784 1833 et

959 1855 1106 1890 indigens,
1119 1863 1175 1883 non
1191 1862 1258 1881 vero
1274 1854 1392 1890 plenum
1405 1853 1482 1888 quod
1499 1854 1584 1884 est,et
1599 1852 1645 1878 cui
1661 1850 1741 1878 nulla
1755 1858 1784 1878 re

959 1902 1003 1927 est
1019 1908 1102 1935 opus.
1115 1899 1187 1926 Nam
1205 1899 1228 1926 si
1257 1907 1307 1934 per
1335 1898 1551 1924 nutrimentum
1581 1895 1606 1924 ei
1621 1895 1669 1931 qui
1696 1895 1784 1922 alitur

960 1944 1078 1972 additur
1093 1943 1203 1979 aliquid
1238 1945 1265 1970 ct
1280 1942 1495 1970 incrementum
1520 1941 1642 1975 accedit,
1672 1941 1785 1967 crescet

958 1988 1046 2016 etiam
1064 1988 1193 2015 mundus
1206 1988 1229 2015 si
1242 1986 1426 2022 alitur,autsi
1442 1986 1581 2013 alimento
1597 1984 1784 2017 dostituatur,

960 2032 1202 2061 marcescet.Erit
1231 2032 1331 2068 itaque
1357 2031 1452 2065 major
1477 2030 1585 2065 seipse
1614 2030 1664 2056 aut
1689 2028 1785 2055 minor

961 2078 1100 2111 mundus,
1117 2077 1194 2113 quod
1211 2076 1365 2112 perspicue
1381 2075 1543 2103 absurdum
1569 2082 1602 2101 ac
1615 2072 1782 2101 ridiculum.

959 2123 1053 2155 Quare
1065 2122 1089 2149 si
1105 2129 1157 2149 nec
1182 2120 1355 2148 incrementi
1386 2127 1438 2147 nec
1468 2118 1666 2147 evacuationis
1694 2124 1784 2152 capax

959 2167 1091 2194 mundus
1105 2168 1160 2200 est,
1171 2173 1265 2200 neque
1282 2164 1462 2192 nutrimento
1479 2171 1611 2198 unquam
1629 2160 1783 2197 indigebit.

1198 2218 1259 2245 123.
1279 2219 1316 2244 De
1330 2217 1429 2244 mundi
1435 2216 1540 2243 ordine.

115 2263 250 2291 Ἐναντίοι
269 2253 338 2301 πρὸς
362 2253 505 2298 ἀλλήλους
531 2262 559 2290 οἷ’
581 2253 635 2290 τῶν
651 2262 803 2298 Ἐλλήνων
824 2263 902 2301 σοφοὶ

995 2264 1157 2292 Graecorum
1175 2261 1342 2299 philosophi
1352 2262 1380 2288 in
1391 2260 1568 2288 collocandis
1581 2258 1681 2286 mundi
1695 2257 1784 2294 parti-

80 2308 113 2336 τᾶ
140 2308 208 2346 μέρη
235 2310 284 2335 τοῦ
313 2308 418 2344 κόσμου
439 2308 551 2336 τιθέασι.
576 2308 615 2336 Τὸ
645 2306 673 2335 δὲ
697 2307 808 2342 ἀληθὶς,
825 2308 839 2335 ὁ
856 2308 903 2344 μὶν

81 2351 204 2389 οὐρανὸς,
234 2351 271 2383 ὡς
301 2352 427 2389 μὲγιςτον
455 2353 535 2388 σῶμα
561 2352 605 2378 καὶ
632 2350 775 2385 κυκλικὸν,
802 2351 848 2378 καὶ
871 2351 905 2379 τὰ

80 2399 204 2434 στοιχεῖα
219 2399 320 2434 χωρεῖν
336 2396 381 2423 καὶ
403 2395 524 2434 συνέχειν
546 2395 693 2432 δυνάμενον
710 2395 784 2426 me;
799 2395 902 2423 τούτων

79 2440 285 2477 ἐξῳκοδόμητιι
304 2450 310 2457 ·
342 2441 394 2469 ὑπὸ
424 2439 452 2468 δὲ
481 2441 530 2476 τὴν
567 2440 666 2476 κοίλην
694 2441 776 2468 αὐτοῦ
805 2439 903 2478 ἐπιφά-

80 2496 163 2521 νειαν,
179 2486 275 2524 πρῶτα
305 2486 353 2522 μὶν
380 2485 414 2512 τὰ
434 2485 542 2520 ἀπλανῆ
572 2488 627 2512 τῶν
657 2483 760 2523 ἄστρων
788 2486 903 2523 τετάχα-

80 2541 133 2565 ται,
148 2530 224 2558 καὶὸ
252 2529 383 2565 ζωδιακὸς
408 2529 521 2564 κύκλος,
546 2530 601 2557 εἶτα
630 2531 658 2557 αἱ
685 2532 739 2557 τῶν
757 2529 903 2567 πλανωμὲ-

79 2586 131 2603 νων
147 2574 251 2613 ἄστρων
280 2574 392 2613 σφαῖραί
419 2584 450 2603 τι
475 2576 519 2602 καὶ
549 2576 640 2614 φοραὶ,
659 2575 696 2602 ὧν
723 2576 740 2609 ἡ
757 2574 858 2610 σελήνη
873 2575 904 2602 τὸ

79 2620 234 2648 τελευταῖον
252 2629 259 2636 ⁵
293 2619 345 2647 ὑπὸ
374 2618 404 2647 δὲ
439 2619 539 2655 ταύτην
579 2619 656 2652 εὐθὺς
684 2619 716 2647 τὸ
746 2619 905 2656 ὑπέκκαυμα

82 2665 169 2700 οἷονὴ
197 2667 246 2692 τοῦ
273 2665 358 2701 πυρὸς
384 2663 510 2701 δύναμις,
537 2665 594 2692 ιῖτα
626 2665 640 2692 6
671 2663 735 2702 ἀὴρ,
764 2664 809 2691 καὶ
838 2675 904 2702 μετιρ

81 2710 183 2738 τούτων
205 2710 236 2738 τὸ
265 2709 401 2747 ποιχεὶον
430 2711 479 2737 τοῦ
512 2707 619 2744 ὕδατος,
636 2707 791 2736 τελευταῖον
819 2707 847 2737 δὲ
874 2709 905 2736 τὸ

83 2759 130 2790 τῆς
155 2757 207 2793 γῆς
243 2756 323 2791 σῶμα
363 2753 584 2791 τεθεμελίωται·
615 2753 659 2782 καὶ
688 2755 775 2781 πάντα
805 2754 851 2791 μὶν
878 2753 904 2782 ἕν

84 2803 161 2829 πᾶσιν
178 2799 261 2836 ἆστίν,
280 2798 391 2828 ἕκαστον
414 2797 443 2828 δὶ
466 2801 520 2828 τῶν
545 2798 690 2838 στοιχείων
706 2798 826 2834 ὀλότητά
841 2809 904 2828 τινα

959 2309 1014 2337 bus
1031 2309 1086 2336 sibi
1102 2308 1174 2344 ipsis
1191 2308 1315 2334 invicem
1329 2307 1532 2334 adversantur.
1550 2304 1625 2331 Vera
1639 2302 1784 2330 sententia

959 2356 1003 2382 est
1017 2354 1095 2389 quod
1111 2352 1216 2381 coelum
1230 2354 1371 2387 tanquam
1389 2350 1551 2378 maximum
1568 2356 1675 2383 corpus
1686 2349 1715 2375 et
1727 2347 1783 2374 cir-

959 2398 1067 2430 culare,
1084 2400 1171 2433 atque
1187 2396 1333 2424 elementa
1348 2394 1502 2431 complecti
1521 2402 1554 2421 ac
1570 2392 1719 2421 continere
1734 2400 1783 2427 sp-

957 2445 1035 2475 tum,
1063 2446 1144 2469 extra
1167 2441 1217 2468 illa
1247 2442 1391 2469 structum
1408 2442 1462 2467 est.
1478 2439 1537 2466 Sub
1553 2438 1643 2472 hujus
1659 2444 1786 2464 concava

957 2488 1110 2523 superﬁcie
1119 2486 1240 2522 primum
1250 2484 1368 2520 quidem
1378 2481 1635 2512 inerrantesstella
1644 2481 1785 2508 ordinata:

958 2534 1040 2566 sunt,
1056 2535 1085 2559 et
1099 2531 1235 2558 zodiacus
1260 2529 1407 2557 circulus:
1437 2529 1577 2563 deinceps
1599 2526 1784 2562 planetarum

959 2577 1044 2604 orbes
1055 2584 1088 2603 ac
1112 2574 1224 2605 circuli.
1255 2582 1380 2609 quorum
1411 2573 1513 2600 intima
1535 2574 1580 2599 est
1598 2571 1669 2598 luna
1685 2578 1692 2597 :
1709 2570 1785 2596 intra

960 2622 1035 2649 hanc
1051 2620 1150 2647 statim
1170 2617 1413 2653 bnéxxaupaiilud
1430 2617 1490 2645 sive
1505 2613 1785 2651 {uliginosaexhala-

958 2666 998 2694 tio
1015 2665 1163 2693 ﬂammam
1175 2663 1328 2698 concipere
1344 2664 1421 2698 apta,
1433 2661 1503 2689 hinc
1519 2669 1578 2694 aer,
1603 2662 1632 2687 et
1648 2658 1786 2693 deinceps

960 2718 1040 2746 aqua:
1056 2709 1246 2742 elementum,
1265 2715 1297 2735 ac
1315 2708 1463 2743 postremo
1479 2705 1542 2733 loco
1572 2707 1649 2732 terra
1665 2703 1785 2731 fundata

960 2758 1015 2784 est.
1032 2755 1078 2783 Sic
1088 2753 1186 2781 omnia
1195 2752 1333 2780 omnibus
1342 2751 1454 2786 insunt,
1466 2752 1494 2778 et
1502 2750 1680 2778 elementum
1690 2747 1783 2784 quod-

961 2809 1017 2838 que
1027 2799 1247 2830 universitatem
1265 2798 1424 2835 quamdam
1441 2797 1501 2826 sive
1525 2795 1685 2830 totitatem,
1699 2795 1730 2822 ut
1744 2792 1785 2821 ita
