1951 3054
156 149 216 180 ’163

827 151 1038 183 MICHAELIS
1059 151 1196 183 PSELLI

1804 153 1869 185 764

156 215 263 251 dicam,
279 215 367 244 habet
386 215 655 253 circumscriptam,
686 219 711 245 el
737 217 836 246 omnia
859 217 976 246 invicen

1064 217 1298 256 εριγεγραμμίνην
1325 215 1395 255 ἔχιι,
1423 215 1467 244 καὶ
1495 217 1583 244 πάντα
1607 205 1746 252 ἀλλήλοις
1775 216 1866 257 ἔγκοι-

155 263 226 289 sunt
242 261 480 297 superimposita.

171 315 233 342 124.
251 315 308 349 Qua
323 323 405 343 causa
415 317 451 343 sit
475 317 612 344 mundum
626 316 700 345 hunc
715 318 802 344 totum
820 316 962 344 inclinari.

188 395 474 432 Mirorphilosophos
495 398 638 432 quosdam
669 397 870 425 existimantes
889 405 980 424 mun-

153 440 224 467 dum
241 439 303 467 loco
316 449 369 468 suo
385 441 539 475 excidisse,
556 442 704 476 situmque
716 448 803 476 quom
820 441 947 477 primum
965 449 981 468 a

154 484 309 512 Conditore
327 487 477 519 acceperat
494 484 832 521 perdidisse,polumque
843 486 914 513 adeo
929 486 979 512 bo-

154 528 260 556 realem
278 529 307 556 in
324 528 454 556 altiorem
469 532 579 564 partem
597 529 719 565 elatum,
734 531 891 558 australem
915 539 979 558 vero

152 573 324 608 depressum
355 573 430 600 intra
455 576 573 608 terram,
586 577 613 601 et
627 574 858 610 aequinoctialem
875 584 978 602 zonam

149 625 252 645 versus
260 617 410 645 meridiem
419 617 591 646 inclinatam
600 619 979 655 esse.Usqueadeoneigno-

149 664 216 689 rant
232 663 307 698 quod
323 671 373 698 pro
390 663 502 690 diverso
514 663 666 690 climatum
693 664 762 695 situ,
778 664 834 699 poli
849 665 909 699 jam
928 673 977 691 su-

148 714 202 742 pra
215 706 396 734 horizontem
413 710 634 741 versantur,nec
650 708 797 735 inmundo
813 708 976 744 quidquam

147 751 212 778 ideo
231 753 363 778 mutatur
380 753 431 779 aut
458 752 672 787 transponitur,
688 753 825 788 quodque
850 753 978 780 australe

152 795 238 823 clima
254 795 444 822 habitandum
473 796 586 823 sortitis
606 795 691 831 polus
722 796 846 824 borealis
862 805 978 830 semper

152 840 333 875 conspicitur
348 842 376 867 et
387 841 533 876 capitibus
553 849 653 868 eorum
674 842 815 876 imminet,
838 843 976 870 australis

150 884 299 912 veroini‘ra
312 886 418 912 terram
429 885 781 921 occultaturNeutiquam
792 887 881 922 igitur
890 895 975 914 mun-
993 905 1015 937 Β

151 930 206 957 dus
223 929 250 956 in
266 929 386 956 alteram
400 932 511 965 partem
525 930 681 958 inclinatus
693 932 801 963 est,sed
818 931 976 959 habitatio-

151 983 221 1002 num
240 975 326 1010 situs,
342 975 562 1003 inclinationem
578 976 633 1003 sibi
647 976 834 1011 imaginatur.

155 1028 215 1056 125.
233 1028 368 1062 Quomodo
394 1029 454 1064 quis
469 1037 517 1064 per
541 1029 696 1057 Graecorum
717 1030 978 1058 demonstrationem

253 1066 424 1100 perspectum
441 1064 541 1092 habere
562 1066 651 1102 possit
667 1066 765 1093 mundi
779 1067 873 1101 finem.

190 1111 227 1136 De
239 1108 341 1136 ultima
358 1109 404 1136 die
420 1111 448 1137 et
461 1109 543 1142 hora,
561 1110 722 1137 secundum
753 1111 864 1138 dictum
884 1111 978 1138 Evan-

153 1153 233 1188 gelii,
265 1161 350 1180 nemo
377 1154 455 1181 novit
484 1154 540 1182 nisi
567 1154 661 1187 Pater,
682 1157 710 1182 et
734 1157 894 1183 comternus
922 1155 979 1191 ipsi

153 1197 256 1230 Filius,
273 1200 300 1225 et
320 1197 447 1233 Spiritus
477 1207 492 1225 e
523 1199 606 1226 Patre
633 1200 802 1234 procedens.
826 1201 861 1227 At
888 1200 978 1227 Graeci

152 1241 242 1270 etiam
258 1241 333 1269 hanc
345 1242 418 1269 scire
435 1242 515 1270 vanis
527 1244 710 1271 contendunt
721 1244 979 1272 demonstrationi-

151 1285 339 1313 bus.Saturni
357 1287 484 1313 maxime
501 1286 638 1322 periodus
652 1289 696 1314 est
711 1296 855 1315 annorum
868 1288 979 1315 ducen-

152 1331 249 1357 torum
267 1330 418 1365 sexaginta
434 1330 574 1366 quinque.
604 1332 684 1358 Jovis
714 1332 798 1359 annis
821 1332 921 1368 viginti
952 1335 980 1359 et

155 1376 280 1408 Septem,
297 1374 395 1401 Martis
421 1375 554 1402 ducentis
583 1376 731 1411 octoginta
753 1380 890 1412 quatuor,
906 1377 981 1404 Solis

147 1417 236 1445 Amille
251 1418 474 1454 quadringentis
488 1428 545 1447 uno
561 1421 589 1446 et
604 1421 890 1455 sexaginta,Veneris
903 1421 981 1449 mille

161 1463 384 1499 quadringentis
400 1472 457 1490 uno
472 1467 501 1491 et
517 1464 744 1500 quinquaginta,
762 1465 896 1493 Mercurii
911 1475 980 1501 qua-

160 1507 325 1543 dringentis
342 1508 491 1544 octoginta
507 1511 534 1536 et
550 1511 624 1543 octo,
637 1509 724 1536 Lunae
739 1510 864 1545 denique
879 1510 980 1546 viginti

160 1552 290 1588 quinque
306 1553 458 1580 annis.Scd
471 1561 579 1589 magna
596 1554 696 1581 mundi
713 1555 850 1589 periodus
862 1554 981 1582 obsolvi-

157 1597 206 1623 tur
222 1596 307 1624 annis
317 1596 423 1624 millies
438 1597 645 1633 septingenties
656 1607 688 1625 ac
700 1599 894 1634 quinquagies
902 1599 980 1626 mille

158 1641 187 1667 et
202 1642 246 1668 ter
261 1641 340 1668 mille
356 1649 389 1669 ac
406 1641 558 1677 ducentis;
575 1642 624 1669 illo
636 1644 767 1678 tempore
777 1644 909 1671 omnium
922 1643 980 1678 pla-

157 1687 293 1713 netarum
317 1686 484 1721 conjunctio
501 1687 548 1714 fiet
576 1688 605 1714 in
622 1687 764 1715 tricesimo
775 1689 867 1723 gradu
884 1688 982 1716 cancri

157 1729 201 1757 vel
213 1731 308 1765 primo
324 1730 429 1765 leonis,
459 1733 546 1766 atque
571 1734 642 1758 tunc
671 1732 827 1760 universali
852 1733 981 1760 mundus

157 1774 297 1801 obruetur
308 1775 502 1803 diluvio.Post
517 1777 669 1803 absolutas
686 1777 821 1812 periodos
833 1777 981 1805 minorum

157 1819 186 1846 in
198 1819 323 1854 planetis
335 1828 491 1853 annorum,
509 1821 700 1855 particulares
719 1821 856 1848 accidunt
871 1821 981 1849 eluvio-

157 1871 209 1891 nes
225 1863 403 1899 ;unicuique
419 1864 495 1892 enim
507 1865 658 1892 stellarum
675 1868 835 1893 errantium
852 1866 983 1901 maximi,

158 1908 246 1935 medii
261 1911 291 1935 et
306 1909 436 1936 minores
453 1909 521 1936 anni
536 1910 638 1936 tributi
655 1913 733 1937 sunt.

157 1953 210 1978 τῶν
241 1952 371 1989 ἀστέρων⁹
417 1953 441 1979 οἱ
478 1953 584 1990 μερικοὶ
622 1953 811 1990 κατακλυσμοὶ
852 1954 981 1992 γίνονται.

158 1996 202 2022 καὶ
219 1995 350 2023 ἐλάττονα
363 1995 408 2032 ἔτη
427 1997 596 2035 παράκειται.

159 2050 220 2078 126.
236 2051 370 2085 Quanam
379 2052 480 2079 mundi
506 2052 603 2080 dextra
618 2053 683 2085 sint,
700 2060 830 2089 qumnam
858 2053 983 2081 sinistra.

194 2104 238 2131 Ab
250 2104 360 2133 oriente
375 2114 512 2133 occasum
534 2114 635 2134 versus
661 2106 863 2142 spectantibus
884 2107 985 2135 dextra

160 2149 263 2176 mundi
280 2154 350 2178 sunt
361 2151 613 2185 septentrionalia,
625 2150 768 2178 australia
783 2150 911 2178 sinistra.
930 2152 983 2179 Sed

159 2193 195 2220 ab
212 2194 360 2222 occidente
376 2195 577 2230 spectantibus
606 2195 640 2223 ad
666 2195 821 2228 orientem,
846 2196 985 2223 australia

159 2238 259 2266 dextra
270 2241 351 2272 sunt,
363 2239 485 2267 sinistra
501 2239 740 2276 septentrionalia
757 2249 764 2268 :
778 2240 920 2276 facietque
931 2241 982 2268 ob-

159 2291 248 2311 versa:
263 2286 332 2311 sunt
346 2284 543 2312 occidentales
568 2284 631 2312 coeli
649 2287 756 2320 partes,
773 2286 809 2313 ad
826 2285 890 2313 iilas
905 2285 983 2313 enim

159 2327 251 2355 fertur
279 2328 303 2356 si
329 2328 395 2364 quis
412 2329 557 2364 procedat,
589 2332 654 2364 post
679 2331 792 2364 tergum
818 2338 883 2358 vero
913 2333 983 2358 sunt

159 2371 326 2406 orientales,
343 2373 379 2400 ab
405 2373 452 2400 his
481 2374 559 2400 enim
584 2373 700 2401 recedit.
715 2374 794 2405 Quod
812 2374 836 2402 si
848 2375 981 2410 requiras

157 2424 290 2450 quaenam
305 2416 458 2452 superiora
472 2419 542 2444 sunt
556 2417 585 2444 in
602 2417 683 2450 coelo,
693 2426 756 2453 qua:
774 2419 919 2454 inferiora,
930 2420 981 2447 alii

158 2460 277 2496 quidem
295 2461 461 2496 philosophi
477 2469 540 2496 quae
555 2470 645 2497 supra
659 2465 747 2498 caput
762 2466 894 2491 nostrum
913 2467 982 2492 sunt

157 2503 309 2540 superiora
325 2507 469 2539 statuunt,
487 2514 551 2541 qua:
566 2505 612 2533 his
627 2510 697 2534 sunt
725 2509 858 2544 opposita
874 2509 982 2536 habent

157 2557 210 2584 pro
224 2548 462 2576 interioribusAt
471 2550 709 2586 Aristotelesjam
722 2554 815 2579 totum
832 2553 936 2580 ccelum
949 2556 982 2581 ut

157 2593 293 2629 superius
309 2596 442 2629 respectu
458 2596 540 2622 terrre
552 2596 787 2631 considerat,jam
799 2598 877 2633 quod
894 2607 981 2633 supe-

156 2638 219 2666 rius
234 2638 345 2665 vocavit
361 2639 485 2675 appellat
500 2639 632 2674 inferius,
651 2649 682 2668 ac
692 2641 834 2677 vicissim,
850 2650 902 2670 nec
918 2643 981 2671 sine

156 2681 297 2719 praclara
312 2685 339 2710 et
355 2684 471 2711 erudita
487 2685 745 2713 demonstratione.

299 2728 358 2755 127.
383 2728 420 2755 De
433 2729 555 2764 partium
580 2732 663 2758 terra
674 2731 835 2758 mutatione.

191 2774 292 2800 Partes
305 2774 388 2800 terrae
396 2772 557 2801 altorantur
564 2774 676 2802 ratione
687 2774 830 2803 siccitatis
845 2778 874 2804 et
884 2776 978 2804 humi-

156 2817 267 2854 ditatis,
285 2825 349 2847 cum
365 2825 400 2846 ex
423 2817 554 2847 humidis
581 2818 657 2847 ﬁunt
682 2819 763 2848 siccae
783 2819 828 2849 vel
839 2827 873 2849 ex
893 2821 979 2850 siccis

1035 272 1090 290 ται.

1037 315 1102 353 ρκδ’.
1133 315 1178 346 Τίς
1207 317 1224 350 ἡ
1254 314 1328 342 αἰτία
1350 318 1445 355 τοῦτον
1472 316 1518 343 τὸν
1547 316 1651 353 κόσμον
1679 315 1745 345 ὅλον
1774 316 1868 355 ἐγκλι-

1402 352 1492 386 θῆναι.

1072 395 1206 432 Θᾶυμάζω
1228 398 1281 423 τῶν
1305 396 1463 435 φιλοσόφων
1489 395 1567 423 ἆνίων
1596 397 1642 424 τὸν
1657 397 1760 433 κόσμον
1783 408 1866 434 ματα-

1034 442 1136 476 πεσεῖν,
1165 439 1209 467 καὶ
1225 441 1273 474 τήν
1290 440 1402 478 πρώτην
1422 439 1557 477 οὶομένιυν
1574 439 1754 479 δημιουργίαν
1772 441 1867 479 ὥσπερ

1035 483 1213 521 έξοτισθεῖσαν
1241 487 1291 518 τῆς
1316 484 1418 516 οίκείας
1450 485 1560 520 τάξεως,
1590 486 1635 512 καὶ
1662 486 1707 513 τὸν
1738 486 1784 522 μὲν
1814 487 1863 524 βά-

1035 539 1106 567 ρειον
1131 529 1217 557 πόλον
1264 531 1489 567 μετεωρισοῆναι,
1519 528 1647 567 ὕπόγειον
1683 529 1712 558 δὶ
1740 532 1867 567 γενέσθαι

1032 574 1078 601 τὸν
1107 574 1208 608 νότιον,
1234 575 1279 601 καὶ
1302 574 1352 608 τὴν
1379 573 1540 611 ίσημερινήν
1559 575 1647 609 ζώνην
1672 573 1714 601 ἐπὶ
1741 575 1790 609 τὴν
1815 585 1866 611 με·

1034 615 1169 654 σημῧρίαν
1193 617 1411 654 μετεγκλιοῆναι.
1441 620 1574 645 Τοσοῦτον
1600 618 1652 655 γὰρ
1680 619 1865 655 ἠγνοήκασιν,

1033 661 1074 689 ὅτι
1102 662 1176 699 παρὰ
1189 663 1239 696 τὴν
1265 660 1394 699 διάφορον
1415 664 1470 689 τῶν
1493 661 1635 698 κΛιμάτων
1653 663 1724 694 θέσιν
1738 663 1764 690 οἱ
1778 661 1867 690 πόλοι

1032 708 1078 733 νῦν
1111 706 1157 742 μὶν
1183 705 1227 733 ἐπὶ
1257 708 1304 733 τοῦ
1345 706 1481 744 ὁρίζοντος
1513 706 1616 734 κύκλου
1647 707 1785 742 ἑστήκασι,
1818 706 1865 734 καὶ

1033 751 1197 787 ἀμετάθετον
1226 751 1258 778 τὸ
1286 754 1337 778 πᾶν
1368 749 1539 788 διατηροῦτι,
1554 754 1613 782 τοῖς
1644 750 1673 779 δὲ
1701 752 1732 779 τὸ
1755 751 1866 789 βόριιον

1031 794 1118 831 κλίμα
1135 794 1268 832 λαχοῦσιν
1293 795 1388 828 οἰκεῖν,
1415 796 1428 822 ὁ
1459 796 1505 831 μὲν
1522 795 1608 822 ἐκεῖσε
1623 794 1710 826 πόλος
1725 795 1864 832 μετέωρος

1032 840 1165 876 φαίνεται,
1192 840 1235 867 καὶ
1266 840 1407 878 ἀειφανής,
1435 840 1448 866 ὁ
1479 839 1508 866 δὲ
1535 840 1626 870 νότιος
1652 839 1704 867 ὑπὸ
1733 840 1783 874 τὴν
1808 843 1864 877 γῆν

1032 885 1190 921 κρύπτεται²
1207 885 1244 914 Οὐ
1277 884 1421 921 μετεκλίθη
1450 886 1514 922 γοῦν
1544 885 1558 911 ὁ
1587 885 1691 921 κόσμος
1721 883 1862 912 ἰπ¹οὗόὶν

1032 929 1125 967 μέρος,
1165 928 1228 956 ἀλλ’
1260 930 1277 964 ἡ
1306 930 1359 957 τῶν
1386 929 1520 964 οἰκήσεων
1552 930 1624 961 θέσις
1655 930 1782 968 φαντάζιι
1812 929 1863 964 τὴν

1031 973 1152 1012 ἔγκλισιν
1159 996 1165 1002 .

1033 1028 1094 1065 ρκέ.
1113 1028 1198 1055 Ηόοεν
1215 1026 1244 1054 ἂίν
1266 1038 1308 1056 τις
1324 1027 1410 1065 ’γνοίη
1439 1026 1616 1065 Ἑλληνικαῖς
1645 1025 1798 1062 ἀποδιῖξεσι
1813 1027 1865 1061 τήν

1299 1063 1403 1099 κόσμου
1419 1063 1586 1092 συντέλειαν.

1069 1109 1133 1145 Περὶ
1150 1111 1200 1142 τῆς
1225 1107 1382 1139 τελευταίας
1405 1109 1512 1144 ἡμέρας
1528 1107 1573 1135 καὶ
1590 1108 1673 1145 ὥρας⁶
1688 1106 1779 1139 οὐδεὶς
1795 1106 1866 1140 οἶδε.

1033 1152 1100 1180 κατὰ
1120 1153 1170 1187 τὴν
1196 1154 1244 1179 τοῦ
1274 1151 1444 1189 Εὐαγγιλῐου
1474 1152 1579 1191 φωνὴν,
1609 1152 1632 1179 εἱ
1661 1153 1699 1188 μή
1727 1152 1740 1179 ὁ
1766 1152 1866 1188 Πατήρ

1033 1197 1078 1224 καὶ
1106 1197 1120 1224 ὁ
1136 1196 1273 1228 συναὶόιος
1304 1196 1399 1233 ἐκείνῳ
1428 1197 1500 1230 Υἱὸς,
1527 1197 1572 1224 καὶ
1595 1197 1627 1224 τὸ
1654 1198 1763 1233 Πνεῦμα
1783 1197 1817 1224 τὸ
1834 1196 1865 1223 ἐκ

1036 1244 1084 1269 τοῦ
1114 1242 1217 1279 Πατρὸς
1247 1241 1473 1279 ἐκπορευόμενον.
1497 1241 1632 1276 Ἕλληνες
1662 1240 1690 1268 δὲ
1720 1239 1867 1279 βιάζονται

1039 1287 1084 1314 καὶ
1099 1286 1200 1321 ταύτην
1224 1285 1322 1314 εἰδέναι
1344 1285 1389 1314 διὰ
1415 1288 1496 1313 κενῶν
1524 1284 1696 1321 ἀποδείξεων.
1712 1286 1743 1314 Ὁ
1760 1286 1866 1323 Κρόνος

1034 1333 1109 1358 ποιεῖ
1135 1330 1185 1364 τὴν
1208 1331 1336 1368 μεγίστην
1366 1329 1582 1358 ἀποκατάστασιν
1611 1329 1646 1357 δι’
1676 1330 1741 1357 ἐτῶν
1771 1329 1867 1357 διακο-

1035 1374 1098 1402 σίων
1116 1374 1245 1410 ἐξήκοντα
1260 1375 1302 1402 καὶ
1320 1375 1398 1402 πέντε
1415 1384 1421 1391 ·
1439 1375 1453 1402 ὁ
1468 1375 1531 1406 Ζεὺς
1548 1374 1592 1402 διὰ
1607 1373 1690 1402 εἴκοσι
1706 1374 1751 1401 καὶ
1768 1375 1838 1402 ἑπτά
1857 1385 1864 1390 ·

1034 1420 1120 1457 ’Ἄρης
1137 1418 1165 1446 δὲ
1191 1418 1235 1446 διὰ
1259 1417 1403 1446 διακοσίων
1430 1418 1602 1456 ὀγδοήκοντα
1630 1419 1698 1456 πρὸς
1724 1421 1783 1450 τοῖς
1800 1418 1866 1446 τέσ-

1036 1473 1128 1501 σαρσιν
1148 1473 1153 1480 ’
1177 1463 1191 1490 ὁ
1216 1462 1314 1494 ’Ἥλιος
1337 1462 1381 1490 διὰ
1405 1462 1506 1501 χιλίων
1530 1463 1708 1500 τετρακοσίων
1731 1463 1866 1498 ἑξήκοντα

1035 1508 1104 1546 πρὸς
1135 1510 1174 1544 τῷ
1194 1506 1232 1534 ἐνί
1249 1517 1255 1524 ·
1283 1506 1428 1546 Ἀφροδίτη
1452 1506 1496 1535 διὰ
1522 1507 1622 1545 χιλίων
1647 1507 1740 1535 ἑκατὸν
1763 1508 1866 1542 πεντή-

1036 1563 1117 1580 κοντα
1132 1552 1200 1590 πρὸς
1215 1554 1257 1588 ⁷τῷ
1281 1552 1319 1579 ἑνί
1332 1562 1338 1568 ’
1364 1553 1469 1590 Ἑρμῆς
1493 1551 1538 1580 διὰ
1562 1552 1743 1589 τετρακοσίων
1759 1551 1867 1589 ὀγδοῆ-

1036 1607 1118 1625 κοντα
1144 1596 1187 1623 καὶ
1219 1595 1289 1623 ὀκτώ
1304 1606 1311 1613 ’
1338 1598 1355 1631 ὴ
1382 1596 1488 1632 Σελήνη
1512 1595 1547 1624 δι’
1569 1596 1635 1624 ἐτῶν
1659 1595 1744 1624 εἴκοσι
1760 1596 1843 1624 πέντι
1861 1607 1868 1613 ·

1035 1634 1066 1669 ἸΙ
1096 1639 1125 1669 δὲ
1148 1641 1268 1677 κοσμική
1294 1641 1509 1672 ἀποκατάστασις
1533 1641 1635 1679 γίνεται
1671 1640 1787 1669 δι’ὲτῶν
1819 1652 1871 1678 μυ-

1037 1686 1138 1724 ριάδων
1153 1686 1246 1713 ἑκατὸν
1272 1683 1464 1722 ἐϐδομήκοντα
1488 1686 1533 1713 καὶ
1558 1687 1637 1713 πέντε
1661 1686 1729 1723 πρὸς
1754 1696 1868 1724 τρισχι-

1037 1731 1108 1762 λίοις
1138 1729 1297 1764 διακοσίοις,
1322 1731 1367 1758 καὶ
1395 1732 1457 1758 τότι
1484 1730 1589 1768 γίνεται
1619 1729 1731 1761 σύνοδος
1752 1732 1866 1758 πάντων

1036 1778 1090 1802 τῶν
1105 1774 1223 1811 ἀστέρων
1239 1775 1307 1802 κατὰ
1330 1775 1379 1809 τήν
1404 1775 1569 1811 τριακοστὴν
1597 1778 1695 1813 μοῖραν
1715 1777 1764 1802 τοῦ
1793 1786 1868 1812 καρ-

1037 1819 1122 1854 κίνου,
1139 1819 1156 1854 ἥ
1171 1819 1222 1853 τὴν
1247 1820 1358 1856 πρώτην
1388 1819 1484 1857 μοίραν
1513 1822 1560 1847 τοῦ
1587 1818 1705 1854 λέοντος,
1728 1820 1774 1847 καὶ
1789 1830 1869 1855 τηνι-

1037 1867 1122 1892 καῦτα
1135 1863 1235 1901 γίνεται
1253 1864 1266 1891 ὁ
1291 1865 1428 1898 παντελὴς
1452 1866 1502 1891 τοῦ
1528 1865 1634 1901 κὸσμου
1655 1862 1864 1901 κατακλυσμὸς.

1038 1910 1110 1936 Κατὰ
1139 1908 1167 1935 δὲ
1194 1909 1244 1942 τὴν
1276 1908 1489 1936 ὰποκατάστασιν
1527 1911 1582 1936 τῶν
1611 1909 1765 1946 ὶλαχίστων
1796 1909 1867 1936 ἑτῶν

1024 1955 1146 1989 Ἐκάστῳ
1187 1953 1238 1991 γὰρ
1276 1953 1366 1990 ἀστέρι
1409 1953 1536 1991 πλανήτῃ
1579 1954 1693 1990 μέγιστα
1720 1954 1765 1981 καὶ
1796 1954 1869 1990 μέσα

1039 2052 1106 2089 ρκς’.
1133 2051 1197 2079 Τίνα
1226 2050 1299 2086 δεξιά
1331 2053 1379 2078 τοῦ
1409 2051 1525 2088 κόσμου,
1554 2051 1599 2078 καὶ
1636 2062 1695 2078 τινα
1725 2051 1868 2089 ἀριστερά.

1073 2108 1136 2136 Τοῖς
1167 2104 1212 2142 μὲν
1236 2104 1261 2139 ἐξ
1286 2103 1425 2133 ἀνατολῶν
1451 2105 1520 2143 πρὸς
1545 2104 1618 2132 δύσιν
1653 2105 1762 2142 ὁρῶσιν,
1791 2103 1869 2140 δεξιὰ

1037 2152 1086 2177 τοῦ
1101 2149 1206 2186 κόσμου
1238 2150 1306 2187 μέρη
1334 2149 1366 2176 τὰ
1397 2148 1500 2186 βόρεια,
1527 2149 1655 2186 ἀριστερὰ
1676 2148 1704 2176 δὲ
1730 2149 1764 2176 τὰ
1777 2149 1867 2176 νότια.

1037 2197 1100 2226 Τοῖς
1111 2193 1134 2221 δ’
1149 2194 1201 2220 ἀπὸ
1216 2197 1266 2228 τῆς
1289 2192 1389 2224 δύσεως
1410 2193 1477 2231 πρὸς
1501 2194 1550 2227 τήν
1566 2193 1699 2228 ἆνατολήν
1719 2193 1866 2231 βλέπουσι,

1039 2238 1111 2274 δεξιᾶ
1145 2239 1191 2275 μὶν
1221 2238 1254 2266 τὰ
1277 2239 1352 2265 νότια
1390 2238 1517 2275 ἀριστερὰ
1561 2237 1590 2265 δὲ
1617 2238 1650 2265 τὰ
1681 2237 1784 2275 βόρεια.
1813 2238 1867 2265 Καὶ

999 2277 1190 2320 Βέμπρόσθια
1223 2283 1269 2319 μὲν
1297 2285 1345 2310 τοῦ
1374 2281 1491 2319 οὐρανοῦ
1518 2282 1551 2309 τᾶ
1579 2281 1690 2318 ἑσπέρια
1715 2283 1797 2318 μέρη,
1822 2282 1867 2310 ὅτι

1036 2328 1105 2367 πρὸς
1122 2330 1207 2355 ταῦτα
1229 2327 1336 2367 φέρεται
1364 2326 1534 2363 κινούμενος,
1560 2327 1668 2358 ὀπίσθια
1697 2325 1725 2354 δὲ
1739 2326 1772 2354 τὰ
1788 2327 1846 2363 ἑῷα
1858 2337 1864 2343 ·

1036 2373 1081 2400 ἀπ’
1097 2373 1204 2400 ἒκεινων
1219 2373 1270 2410 γὰρ
1297 2372 1425 2410 ὁρμᾶται.
1453 2370 1521 2400 Τίνα
1551 2370 1580 2398 δὲ
1595 2371 1669 2398 κάτῶ
1684 2373 1733 2399 τοῦ
1749 2371 1866 2408 οὐρανοῦ

1035 2419 1080 2446 καί
1095 2429 1156 2446 τινα
1174 2417 1240 2452 ἅνω,
1267 2417 1292 2445 oi.
1319 2417 1366 2454 μὶν
1393 2416 1475 2444 ἄλλοι
1501 2419 1553 2444 τῶν
1580 2417 1736 2455 φιλοςοφων
1751 2416 1783 2444 τὸ
1815 2417 1865 2454 μὶν

1038 2464 1104 2501 ὑπὲρ
1119 2463 1241 2501 κεφαλὴν
1266 2464 1346 2500 ἡμῶν
1372 2461 1550 2500 ἡμισφαίριον
1580 2461 1633 2489 ἅνω
1656 2461 1771 2496 τιθέασι,
1786 2462 1819 2489 τὸ
1836 2461 1867 2490 δὶ

1036 2507 1171 2539 ἀντίθετον
1192 2507 1276 2541 κάτω,
1308 2505 1501 2543 Ἀριστοτέλης
1528 2505 1556 2533 δὲ
1579 2508 1622 2533 νῦν
1653 2506 1701 2542 μὶν
1727 2505 1793 2533 ὅλον
1817 2506 1866 2533 τὸν

1037 2552 1148 2590 οὐρανὸν
1165 2551 1220 2579 ὄίνω
1235 2555 1286 2587 τῆς
1309 2553 1359 2590 γῆς
1379 2551 1568 2590 ἀποφαίνεται,
1593 2551 1638 2578 νῦν
1659 2549 1687 2578 δὲ
1708 2553 1783 2579 κάτω
1797 2550 1868 2587 ἄνω,

1036 2597 1108 2632 πλὴν
1128 2596 1195 2634 μετὰ
1210 2597 1360 2633 θαυμασίας
1375 2595 1419 2624 καὶ
1437 2595 1609 2634 λογιωτάτης
1622 2594 1796 2633 ἀποδείξεως.

1127 2732 1192 2769 ρκζ’.
1218 2731 1283 2768 Ηερὶ
1302 2728 1456 2767 μεταϐολῆς
1475 2731 1529 2757 τῶν
1545 2730 1596 2764 τῆσ
1605 2733 1655 2767 γῆς
1672 2731 1773 2767 μερῶν.

1073 2774 1247 2804 Μιταϐάλλει
1271 2776 1306 2803 τὰ
1336 2776 1404 2813 μέρη
1421 2779 1471 2810 τῆς
1496 2777 1547 2813 γῆς
1568 2774 1637 2801 κατὰ
1657 2774 1689 2802 τὸ
1718 2774 1868 2812 ξηρότερον

1035 2821 1081 2850 καὶ
1112 2821 1268 2860 ὑγρότερον,
1302 2820 1355 2848 ἀπὸ
1385 2819 1431 2858 μὲν
1464 2819 1547 2858 ὑγροῦ
1575 2816 1708 2858 ξηρότερα
1735 2819 1867 2858 γινόμενα
