1951 3054
86 133 149 164 ’165

683 133 734 164 DE
756 133 976 166 OMNIFARIA
996 135 1205 166 DOCTRINA.

1738 133 1799 164 766

87 197 135 226 καί
165 196 218 225 ἀπὸ
245 196 329 235 ξηροῦ
362 195 551 235 ὗγραινόμενα·
583 195 733 235 Συμϐαινει
750 197 779 226 δὶ
802 197 847 226 καί
872 200 921 234 τήν

1025 202 1120 229 ωίᾶω.
1137 202 1287 238 Contingit
1301 204 1329 230 et
1341 211 1375 230 ex
1390 201 1464 231 mari
1486 201 1548 230 ﬁeri
1573 202 1681 229 terram
1705 200 1798 228 conti—

88 241 227 275 θάλατταν
249 240 438 279 ἠπειροῦσθαι,
468 242 513 269 καὶ
541 243 591 277 τὴν
621 241 735 280 ἤπειρον
765 242 920 271 θαλαττοῢ-

88 293 166 319 σθαι.
187 287 235 314 Καὶ
264 286 291 314 ἐν
324 286 371 323 μὶν
387 288 427 322 τῷ
444 286 557 324 μεγάλῳ
580 289 696 324 χειμῶνι
713 289 730 322 ἡ
747 285 862 325 ἤπειρος
875 289 920 315 Θα-

89 331 250 365 λαττοῦται,
281 330 306 358 ἐν
337 329 366 358 δὲ
379 333 419 367 τῷ
447 330 558 369 μεγάλῳ
585 331 655 369 θὲρει
672 333 689 366 ἡ
704 331 825 359 θάλασσα
839 333 921 368 ἠπει-

90 379 198 415 ροῦται-
225 376 258 405 0i.
282 376 315 403 αὗ
331 376 452 412 ποταμοὶ
478 376 504 403 ἑν
522 375 596 412 αἰτίᾳ
613 376 664 403 εἰσὶ
678 379 727 404 τοῦ
742 380 791 412 τῆν
807 380 857 415 γῆν
873 381 922 412 τῆς

90 421 232 457 θαλάσσης
261 422 438 458 γῦμνοῦσθαι.
471 418 676 458 Ἐμϐάλλοντες
705 422 754 459 γὰρ
771 422 809 453 εἰς
837 422 920 456 αὐτὴν

89 469 133 503 τῷ
161 465 297 505 ἐπιφέρειν
327 466 378 500 τήν
398 464 458 493 ἰλὺν
487 466 582 501 ἥϊὸνας
616 468 735 501 ποιοῦσι,
762 467 807 494 καὶ
837 467 923 498 οὕτως

92 511 273 548 ἀπογαιοῦται
304 510 318 538 ὁ
334 511 458 547 ποταμὸς
474 510 586 541 ἆκεῖνος.
604 511 650 545 Μὴ
678 508 870 542 εἷσϐάλλοντες
895 510 924 538 δὶ

90 558 203 584 ποιοῦσι
218 556 268 590 τὴν
282 558 332 593 γῆν
351 554 561 587 θαλαττοῦσθαι’
580 553 644 582 ἀλλ’
662 554 773 586 ἐνταῦθα
793 555 922 593 ἡπειρου-

93 600 162 638 μένη
177 601 195 635 ἡ
222 599 352 634 Θάλασσα,
379 599 488 627 ὠθεῖται
514 598 552 630 εἷς
567 600 616 634 τὴν
639 600 781 636 ἀντιπέραν
798 598 922 637 ἤπειρον,

91 645 140 673 καὶ
157 643 287 672 θαλαττοῖ
301 643 412 680 ταύτην·
432 644 455 672 εἴ
471 643 500 671 δὲ
527 643 576 681 μὴ,
606 643 766 671 παλινοστεῖ
790 643 822 671 τὸ
850 643 923 682 ὕδωρ

92 690 171 722 αὖθις
187 688 232 717 ἐπὶ
246 689 293 716 τὸν
310 688 410 716 οἷκιῖον
425 689 522 724 τόπον,
536 688 581 716 καὶ
598 687 779 716 ϐαλαττοῦται
795 688 877 716 πάλιν
893 689 924 715 τὸ

95 733 310 772 ἠπειρούμενον,

357 778 427 817 ρκη’.
444 777 511 816 Περὶ
527 780 656 815 σεισμῶν.

131 824 183 851 Τὸν
211 823 321 860 σεισμὸν
350 825 424 850 ποιεῖ
454 822 502 859 μὶν
528 823 541 850 ὁ
571 822 648 857 Θεὸς,
675 819 765 860 ὥσπερ
793 821 826 857 δὴ
842 822 887 849 καὶ
902 821 926 849 τ’

97 867 171 896 ἄλλα
201 867 361 904 σύμπαντα,
390 867 458 894 κατὰ
487 867 516 894 τὸ
533 890 541 903 ,
571 867 599 893 Ὀ
626 864 781 894 ἐπιϐλέπων
808 865 852 893 ἐπὶ
875 866 925 900 τὴν

98 915 164 951 γῆν,
192 913 236 940 καὶ
267 914 354 940 ποιῶν
371 912 455 946 αὐτὴν
477 911 597 949 τρέμειν.
632 912 769 948 Προσεχὲς
790 909 819 938 δὲ
832 910 930 938 τούτου

106 955 192 984 αἵτιον
211 979 218 991 ,
246 956 278 984 τὸ
308 955 534 992 ἆναπεμπόμενον
565 955 618 983 ἀπὸ
644 958 694 988 τῆς
721 959 773 993 γῆς
799 957 906 991 πνεῦμα
922 977 929 990 ,

104 1001 168 1029 ὅταν
196 999 261 1029 εἷ’σω
289 1000 370 1038 τύχοι
400 1000 460 1039 ῥυὶν
484 1001 516 1028 τὸ
546 999 596 1035 ἔξω
624 999 870 1036 ἀναθυμιούμενοψ
887 999 931 1027 διὰ

102 1048 187 1074 ταῦτα
203 1045 247 1073 καὶ
262 1045 392 1082 νηνεμίας
405 1045 526 1082 γίνονται
542 1045 567 1071 οἳ
592 1043 714 1071 ’πλεῖστοι
738 1043 782 1071 καὶ
810 1044 931 1081 μέγιστοι

101 1093 157 1118 τῶν
172 1091 303 1127 σεισμῶν,
332 1089 520 1117 κατακλείεται
549 1089 599 1126 γὰρ
626 1090 775 1121 τηνικαῦτα
801 1089 852 1116 ὑπὸ
879 1091 929 1125 γῆν

101 1136 134 1163 τὸ
160 1133 247 1162 α’ίτιον
275 1136 328 1161 τῶν
354 1136 483 1170 σεισμῶν.
510 1134 631 1161 Γίνονται
647 1132 675 1160 ὂὶ
687 1133 863 1171 ἰσχυρότεροι
876 1135 929 1160 τῶν

103 1182 231 1217 σεισμῶν,
260 1178 328 1207 ὅπου
353 1180 370 1214 ἡ
388 1178 509 1210 θάλασσα
525 1177 633 1216 ῥοώδης
647 1178 692 1205 καὶ
709 1178 726 1213 ἠ
743 1178 822 1216 χώρα
838 1179 929 1216 σομφὴ

102 1225 148 1253 καὶ
173 1224 307 1262 ὕπαντρος
322 1245 328 1252 .
352 1223 402 1251 Διά
429 1223 480 1261 γὰρ
508 1223 558 1257 τὴν
583 1222 745 1260 στερεότητα
770 1223 801 1250 τὸ
827 1225 933 1259 πνεῦμα

101 1268 244 1307 γινόμενον
257 1267 386 1307 σφοδρὸν,
404 1267 510 1303 μᾶλλον
526 1266 591 1294 σείει
606 1267 654 1301 τὴν
669 1270 732 1304 γῆν.
750 1265 783 1294 A'i
797 1277 826 1294 τε
841 1269 930 1304 χῶραι

104 1313 165 1342 ὅσαι
186 1313 310 1352 σομφοῦς
325 1311 419 1351 ἔχουσι
435 1312 497 1343 τοὺς
508 1311 581 1339 κάτω
596 1311 710 1346 τόπους,
726 1311 798 1339 πολὺ
814 1310 931 1349 δεχόμε-

104 1370 144 1388 νοι
161 1361 267 1395 πνεῦμα
287 1357 401 1385 σείονται
420 1356 538 1394 μᾶλλον,
556 1357 597 1384 ὅτι
613 1355 694 1391 ἥλιος
717 1355 865 1394 ἀχλυώδης
887 1356 931 1384 καὶ

103 1405 228 1443 ἀμαυρὸς
242 1405 304 1432 τότε
327 1404 461 1444 φαίνεται,
489 1402 668 1438 ὑπονὸστησιν
696 1403 855 1441 ἀρχομένου
883 1405 932 1430 τοῦ

104 1450 259 1487 πνεύματος
272 1449 309 1481 εἰς
325 1450 373 1484 τὴν
390 1451 442 1486 γῆν
466 1450 515 1476 τοῦ
541 1446 700 1480 διαΛύοντος
723 1448 769 1475 τὸν
799 1447 864 1485 ἀᾶρα
888 1447 932 1475 καὶ

107 1494 290 1534 διακρίνοντος
296 1515 302 1521 .

262 1548 327 1585 ρκθ’.
342 1546 407 1584 Περὶ
422 1548 470 1574 τοῦ
485 1545 607 1583 μεγάλου
627 1547 778 1583 χειμῶνος.

977 248 1105 281 nantem,
1134 248 1162 274 et
1187 249 1295 274 terram
1321 247 1428 274 mutari
1454 247 1481 274 in
1507 254 1598 274 mare.
1623 245 1695 272 Nam
1720 247 1748 272 et
1769 245 1800 272 in

977 299 1085 326 magna
1100 291 1196 319 hiems
1213 291 1287 319 mari
1312 294 1390 319 terra
1415 292 1560 323 obruitur,
1586 292 1614 318 et
1637 289 1666 317 in
1692 297 1800 325 magna

976 338 1077 364 aestate
1102 344 1182 363 mare
1207 335 1379 364 exsiccatur.
1407 335 1500 364 Fluvii
1523 343 1638 371 quoque
1662 334 1691 361 in
1712 341 1800 360 causa

977 382 1094 408 suntut
1111 380 1182 408 mari
1204 381 1332 408 nudetur
1355 383 1431 408 terra
1449 388 1456 407 ε
1473 381 1544 408 dum
1567 379 1644 406 enim
1672 378 1701 405 in
1727 377 1798 405 illud

977 425 1105 453 inﬂuunt
1121 433 1280 461 secumque
1296 426 1448 454 adducunt
1462 424 1668 455 limum,littus
1684 423 1800 457 augent,

977 479 1034 506 qua
1049 470 1159 498 ratione
1175 470 1260 498 etiam
1278 470 1383 498 fluvius
1398 469 1543 506 ejusmodi
1559 469 1589 496 in
1604 471 1711 496 terram
1726 466 1797 500 abit;

978 515 1023 542 sin
1039 523 1105 542 vero
1121 523 1179 542 non
1194 515 1443 549 influant,faciunt
1458 517 1577 549 terram,
1592 513 1664 541 mari
1681 510 1798 540 obduci.

978 559 1033 587 Sed
1051 561 1111 587 tum
1137 567 1217 588 mare
1241 560 1402 588 continenti
1427 560 1532 587 cedens
1557 559 1593 586 ad
1618 556 1798 585 contrarium

978 603 1061 631 littus
1079 604 1193 639 pellitur
1209 604 1298 639 idque
1321 604 1419 631 obruit
1437 613 1442 632 :
1459 604 1535 639 quod
1563 603 1587 631 si
1612 611 1669 630 non
1694 600 1799 637 possit,

980 649 1104 676 recurrit
1119 649 1226 676 iterum
1244 649 1278 675 ad
1294 657 1381 676 suum
1397 648 1505 681 locum,
1522 650 1550 675 et
1565 656 1628 682 quae
1640 647 1702 681 jam
1724 648 1801 672 terra

980 693 1133 721 continens
1149 693 1225 720 facta
1240 695 1312 728 erat,
1329 692 1410 720 illam
1427 693 1531 720 iterum
1548 691 1647 728 opplet
1661 693 1690 718 et
1714 697 1799 717 occu~

981 740 1040 774 pat.

1213 783 1273 810 128.
1291 783 1326 810 De
1340 784 1423 811 terra}
1437 782 1565 810 motibus.

1016 830 1219 862 Terraemotus,
1234 831 1267 855 ut
1290 828 1421 855 omnium
1446 827 1475 854 in
1500 829 1617 860 natura,
1638 829 1738 853 auctor
1761 825 1805 852 est

983 872 1068 904 Deus,
1085 873 1246 899 secundum
1264 872 1335 899 illud
1352 873 1391 907 (9)
1409 881 1414 898 :
1433 872 1488 906 Qui
1507 872 1615 906 respicit
1635 871 1664 897 in
1688 874 1803 902 terram,

984 918 1106 952 facitque
1115 925 1177 944 eum
1187 916 1368 944 tremere.Sed
1382 917 1514 952 proxima
1525 923 1613 943 causa
1623 917 1666 942 est
1677 914 1804 941 emissus

986 969 1019 989 ex
1035 963 1111 988 terra
1126 963 1242 995 ventus,
1259 961 1375 996 quando
1392 960 1471 987 intus
1487 959 1588 996 agitari
1604 958 1746 994 contingit
1761 967 1807 985 va—

986 1014 1071 1041 pores
1085 1005 1212 1032 exhalari
1229 1005 1341 1040 solitos,
1358 1005 1549 1040 quamobrem
1566 1006 1594 1032 et
1608 1003 1806 1031 vehementis-

987 1050 1053 1078 simi
1070 1054 1099 1077 et
1115 1050 1235 1077 maximi
1251 1052 1431 1077 terrmmotns
1447 1051 1517 1076 sunt
1532 1048 1610 1076 nullo
1634 1050 1720 1075 vento
1745 1047 1806 1082 spi-

986 1097 1079 1128 rante,
1095 1094 1156 1121 hrec
1171 1094 1248 1122 enim
1266 1102 1353 1121 causa
1370 1096 1468 1120 motus
1493 1102 1509 1120 a
1534 1096 1611 1120 terra
1635 1091 1806 1119 includitur.

986 1139 1130 1175 Fiuutque
1147 1139 1185 1166 ibi
1201 1138 1409 1166 concussiones
1425 1137 1640 1173 gruviores,ubi
1656 1145 1736 1164 mare
1751 1136 1809 1163 ﬂu-

986 1186 1120 1211 ctuosum
1138 1186 1167 1211 et
1182 1186 1259 1211 terra
1275 1183 1360 1219 plena
1375 1183 1507 1210 cavernis
1523 1185 1567 1210 est
1587 1190 1619 1209 ac
1635 1182 1782 1209 meatibus
1801 1190 1806 1208 :

987 1229 1109 1264 spiritus
1125 1228 1202 1256 enim
1218 1228 1302 1255 firmo
1320 1228 1382 1255 loco
1397 1227 1532 1255 inclusus
1554 1226 1587 1254 fit
1611 1225 1810 1254 vehementior

989 1274 1140 1310 magisque
1157 1276 1263 1300 terram
1281 1273 1383 1309 quatit,
1409 1275 1437 1299 et
1460 1271 1593 1307 regiones
1618 1271 1725 1307 quibus
1747 1270 1811 1298 loca

987 1318 1062 1345 inira
1079 1317 1251 1355 terran1_itn
1278 1317 1423 1344 meatibus
1449 1316 1554 1343 referta
1578 1318 1656 1349 sunt,
1683 1314 1809 1342 multum

987 1365 1105 1390 ventum
1115 1362 1398 1398 capiunt,magisque
1406 1361 1685 1388 concutiuntterram
1693 1359 1810 1396 quando

988 1408 1030 1435 sol
1049 1407 1177 1434 nubibus
1190 1407 1329 1442 obseptus
1345 1409 1372 1434 et
1387 1407 1531 1434 obscurus
1546 1407 1671 1438 est,nam
1689 1403 1811 1440 spiritus

988 1451 1037 1480 ille
1054 1452 1153 1479 subire
1169 1451 1350 1479 extrinsecus
1365 1453 1472 1478 terram
1491 1450 1596 1477 iterum
1622 1448 1735 1485 incipit,
1761 1448 1810 1484 qui

989 1504 1086 1524 aerem
1102 1496 1235 1524 dissolvit
1249 1504 1281 1523 ac
1297 1504 1434 1523 serenum
1452 1495 1556 1522 reddit.

1229 1550 1287 1576 120.
1305 1549 1340 1576 De
1356 1557 1459 1584 magna
1476 1549 1569 1576 hieme.

140 1592 232 1630 Μέγας
260 1574 326 1619 ὶστὶγ
341 1574 447 1630 γείμὼν
470 1574 551 1625 ’ἡνίκα
575 1574 682 1621 πάντες.
699 1591 725 1617 οἱ
740 1574 877 1625 πλανῆται
906 1591 923 1618 ἐπ

1025 1595 1132 1630 Magna
1147 1594 1242 1621 hiems
1257 1597 1302 1622 est
1318 1574 1435 1629 quando
1452 1602 1553 1621 omnes
1569 1593 1693 1629 planetas
1712 1593 1741 1620 in
1768 1592 1812 1619 hi-

104 1639 255 1675 χειμερινῷ
278 1635 368 1672 ζωδίῳ
393 1635 530 1673 γίνονται,
559 1635 585 1662 ἐν
615 1633 743 1672 ὑδροχόῳ
771 1634 796 1662 ἐν
828 1635 931 1673 ἷχθύσι”

108 1682 176 1719 μίγα
205 1680 234 1708 δὲ
259 1681 350 1716 Θέρος,
381 1679 443 1707 ὅταν
473 1680 570 1708 πάντες
597 1679 623 1706 ἐν
654 1682 753 1717 θερινῷ
770 1678 860 1716 ζωδίῳ
889 1680 935 1717 γέ-

105 1735 206 1754 νοιντο*
236 1725 262 1752 ἐν
292 1724 382 1752 λέοντι
411 1724 457 1760 μὲν
473 1724 627 1762 γινόμενος,
656 1727 731 1751 ποιεῖ
746 1725 834 1762 θέρος,
851 1724 877 1751 ἐν
893 1725 934 1751 αἱ-

107 1771 216 1809 γοκὲρῳ
232 1768 260 1797 δὶ
274 1771 409 1807 χειμῶνα.
427 1769 521 1797 Ἔνθεν
549 1768 594 1796 καὶ
621 1767 741 1800 ἐνιαυτὸς
769 1768 935 1806 ὠνόμασται,

109 1815 154 1844 8ιά
168 1815 198 1843 τὸ
212 1814 249 1845 εἰς
271 1814 303 1842 τὸ
333 1813 398 1841 αὐτὸ
415 1814 504 1851 φέρειν
521 1814 567 1840 τὸν
581 1812 672 1849 ἣλιον,
697 1812 749 1841 ἀπό
764 1813 814 1850 γὰρ
830 1814 877 1840 τοῦ
893 1813 937 1841 αὒ-

109 1863 157 1889 τοῦ
171 1860 210 1892 εἲς
223 1860 253 1888 τὸ
275 1859 340 1887 αὐτὸ
357 1858 567 1886 ἀποκαθίσταται
597 1859 611 1885 ὸ
638 1859 760 1897 φωστήρ.
792 1859 839 1886 Καὶ
870 1858 937 1886 πάν-

111 1916 155 1936 τες
173 1905 219 1941 μὲν
238 1903 284 1931 οὖν
298 1903 367 1930 κατὰ
390 1903 511 1940 κορυφὴν
528 1903 608 1939 ἡμῶν
639 1903 781 1940 γενόμενοι
811 1903 837 1929 ot
866 1902 936 1930 πλα-

111 1954 190 1985 νῆται
205 1951 314 1977 ποιοῦσι
333 1949 400 1986 μέγα
412 1948 498 1985 θέρος,
508 1948 687 1985 ἀφιστάμενοι
703 1947 732 1975 δὶ
746 1947 776 1975 in
791 1947 938 1986 διαμέτρου

113 1997 224 2023 ποιοῦσι
243 1994 325 2031 μίγαν
340 1995 477 2030 χειμῶνα.
495 1993 544 2019 Καὶ
560 1991 585 2019 ἐν
605 1992 651 2029 μὲν
671 1995 710 2029 τῷ
740 1993 851 2031 μεγάλῳ
880 2003 938 2031 χει-

115 2041 184 2076 μῶνι
199 2040 380 2066 Θαλαττοῦται
398 2039 415 2072 ἡ
431 2036 559 2074 ἤπειρος,
574 2037 600 2064 ἐν
616 2036 644 2065 δὲ
664 2040 705 2074 τῷ
729 2037 839 2075 μεγάλῳ
870 2038 940 2076 θέρει

112 2086 274 2122 ἡπειροῦται
288 2084 305 2117 ἡ
321 2082 453 2110 Θάλασσα.

149 2137 201 2175 ρλ’.
229 2137 277 2164 Διά
292 2136 317 2164 τί
335 2135 459 2172 ἁλμυρὸν
475 2135 505 2162 τὸ
519 2138 569 2169 τῆς
584 2135 720 2170 θαλάττης
736 2135 810 2174 ὕδωρ
826 2135 904 2164 ἐστιν.

150 2181 290 2220 Ἀλμυρόν
318 2180 372 2208 ἐστι
396 2180 428 2208 τὸ
444 2179 587 2212 θαλάττιον
612 2179 696 2218 ὕδωρ,
714 2179 783 2208 διότι
799 2182 816 2215 ἡ
832 2182 941 2208 καπνώ-

113 2227 163 2262 δης
179 2225 358 2262 ἀναθυμίασις
374 2222 492 2255 ἄπεπτος
515 2223 581 2251 οὖσα
610 2224 688 2252 οὐσία
713 2225 943 2262 παρεμπίπτουσα

111 2273 146 2307 τῇ
176 2269 296 2306 θαλάσςῃ
329 2270 404 2295 ποιεῖ
431 2267 514 2301 αὐτὴν
545 2267 670 2306 ἁλμυρὰν
699 2269 743 2296 καὶ
761 2270 880 2306 βαρεῖαν.
911 2270 942 2296 Ἡ

115 2314 184 2348 αὐτὴ
201 2312 229 2341 δὲ
245 2312 422 2348 ἀναθυμίασις
439 2312 568 2348 ἀπόγειος
584 2313 715 2350 γινομένη
729 2313 774 2340 καὶ
792 2312 940 2350 μιγνυμένη

114 2361 172 2390 τοῖς
203 2360 317 2396 θερινοῖς
341 2357 386 2384 καὶ
421 2360 621 2394 μετοπωρινοῖς
653 2357 739 2388 ὑετοῖς
755 2361 830 2385 ποιεῖ
843 2358 942 2389 αὐτοὺς

116 2402 305 2441 ἀλμυρούςΌὶ
322 2401 351 2429 δὲ
363 2401 482 2437 ποταμοὶ
501 2400 531 2428 οὐ
547 2402 683 2439 πάσχουσι
699 2403 748 2437 τὴν
765 2401 944 2440 ἀλμυρότητα

118 2446 161 2475 διὰ
188 2447 238 2481 τήν
269 2447 405 2473 ἄπαυστον
437 2444 526 2472 αὐτῶν
555 2445 654 2483 ῥεῦσιν.
673 2447 730 2484 Χρή
747 2447 797 2484 γὰρ
815 2447 943 2479 στάσεως,

117 2492 162 2519 ἱνα
189 2491 299 2528 γένηται
327 2491 344 2524 ἡ
373 2492 468 2527 κρᾶσις
482 2493 532 2524 τῆς
552 2489 712 2522 καπνώδους
740 2491 944 2527 ἀναθυμιάσεως

115 2537 175 2566 τοῖς
201 2533 391 2570 ὑποκειμένοις
406 2532 509 2561 ὕδασιν.
531 2532 624 2562 Α’ίτιον
640 2533 669 2561 δὲ
688 2537 738 2567 τῆς
754 2533 946 2572 ἀλμυρότητος

115 2580 159 2607 καὶ
189 2580 202 2606 ὁ
229 2577 322 2614 ἥλιος.
338 2579 380 2615 Τῇ
393 2577 444 2616 γὰρ
465 2577 551 2614 οἰκείᾳ
568 2579 716 2616 Θερμότητι
731 2579 880 2616 ἐξατμίζων
895 2581 945 2615 τὴν

115 2622 265 2656 θάλασσαν,
295 2622 341 2649 καὶ
369 2622 399 2649 τὸ
428 2621 594 2660 γλυκύτερον
625 2623 708 2660 α’ίρων
734 2624 778 2652 καὶ
808 2624 945 2663 κουφίζων

117 2667 186 2704 πρὸς
206 2667 252 2695 τὸν
264 2667 340 2704 ἀέρα,
356 2665 430 2693 κάτω
445 2665 633 2705 ἀλμυρότερον
662 2668 691 2703 ἐᾷ
717 2668 762 2696 καὶ
789 2669 946 2707 βαρύτερον.

119 2712 180 2740 Ὀτι
211 2710 240 2739 δὶ
254 2710 408 2748 παχύτερόν
433 2709 488 2738 ἐστι
512 2711 543 2739 τὸ
564 2712 709 2744 θαλάττιον
739 2712 812 2752 ὕδωρ
828 2716 881 2741 τῶν
898 2725 947 2742 πο-

157 2802 198 2838 (9)
213 2801 287 2830 Psal.
305 2810 366 2838 cm,
381 2801 426 2829 32.

989 1639 1079 1666 berno
1095 1642 1180 1666 erunt
1196 1638 1279 1674 signo
1290 1639 1410 1671 zodiaci,
1428 1639 1457 1666 in
1474 1638 1596 1674 aquario
1611 1637 1653 1665 vel
1671 1637 1811 1672 piscibus.

990 1683 1096 1720 Magna
1111 1684 1172 1711 sive
1190 1683 1287 1719 magni
1305 1683 1374 1711 anni
1390 1687 1476 1710 aestas
1491 1685 1545 1716 est,
1569 1683 1686 1718 quando
1712 1690 1814 1709 omnes

991 1728 1163 1756 convenient
1188 1729 1309 1763 planetae
1333 1728 1362 1754 in
1386 1727 1469 1762 signo
1494 1727 1601 1754 aestivo.
1624 1727 1678 1754 Sed
1695 1727 1812 1761 quidem

991 1772 1020 1800 in
1039 1774 1119 1800 leone
1135 1772 1314 1799 constitutus
1329 1772 1508 1804 estatem,iu
1521 1771 1673 1806 sagittario
1688 1770 1814 1797 hiemem

992 1816 1147 1844 tacit.llinc
1163 1819 1191 1843 et
1216 1825 1311 1843 annus
1336 1815 1453 1846 ἐνιαυτὸς
1479 1816 1595 1847 Graecis,
1620 1815 1695 1850 quod
1722 1814 1813 1842 solem

993 1860 1030 1892 εἰς
1044 1860 1074 1887 τὸ
1090 1859 1154 1887 αὐτό
1168 1860 1196 1887 in
1213 1861 1348 1888 eumdem
1364 1860 1460 1888 locum
1478 1860 1594 1894 referat,
1611 1860 1647 1887 ab
1663 1867 1718 1886 uno
1735 1857 1814 1886 enim

993 1908 1101 1942 puncto
1118 1905 1146 1932 in
1163 1905 1239 1932 idem
1257 1907 1398 1940 punctum
1415 1905 1457 1932 sol
1485 1905 1569 1932 redit.
1598 1904 1705 1932 Omnes
1725 1903 1816 1939 igitur

992 1950 1114 1986 planetae
1125 1958 1215 1986 supra
1227 1952 1359 1977 nostrum
1373 1949 1506 1977 verticem
1518 1949 1669 1977 constituti
1681 1957 1815 1984 magnam

995 1995 1101 2023 facient
1116 1997 1259 2028 aestatem,
1275 2003 1290 2021 θ
1306 1995 1448 2022 diametro
1464 1998 1560 2021 autem
1576 2003 1592 2022 a
1606 1994 1690 2021 nobis
1715 1994 1816 2021 remoti

995 2047 1097 2067 omnes
1115 2047 1251 2074 magnam
1268 2038 1404 2066 hiemem.
1415 2039 1448 2066 Et
1462 2039 1490 2066 in
1508 2047 1614 2074 magna
1628 2039 1724 2066 hieme
1739 2040 1819 2066 terra

996 2083 1070 2111 mari
1082 2083 1267 2117 obruetur,ut
1276 2083 1304 2110 in
1318 2091 1424 2118 magna
1432 2085 1515 2111 aetate
1524 2083 1719 2111 exsiccabitur
1728 2090 1818 2110 mare.

1138 2136 1200 2164 430.
1218 2137 1308 2170 Quare
1320 2137 1408 2164 maris
1423 2144 1503 2172 aqua
1517 2138 1595 2165 salsas
1609 2138 1675 2165 sint.

1034 2184 1117 2217 Aqua
1140 2181 1253 2208 marina
1279 2181 1356 2209 salsa
1380 2185 1435 2216 est,
1461 2181 1597 2216 quoniam
1628 2189 1750 2217 vapores
1777 2181 1820 2208 fu—

997 2226 1070 2253 mosi
1088 2228 1229 2261 tanquam
1245 2227 1367 2254 materiu
1383 2234 1440 2254 non
1455 2226 1527 2254 satis
1544 2229 1626 2254 cocta
1650 2235 1683 2254 ac
1709 2226 1822 2262 digesta

1000 2271 1073 2297 mari
1090 2270 1252 2298 incidentes
1267 2279 1331 2298 eam
1353 2271 1459 2299 salsum
1485 2279 1660 2306 gravemque
1686 2271 1821 2298 reddunt.

997 2314 1113 2342 Similes
1125 2315 1326 2343 exhalationes
1341 2325 1355 2343 ε
1372 2318 1448 2343 terra
1460 2316 1539 2343 factae
1552 2316 1705 2350 mistazque
1717 2315 1824 2342 aestivis

999 2361 1026 2386 et
1043 2359 1268 2387 autumnalibus
1284 2360 1402 2395 pluviis,
1419 2360 1512 2387 salsas
1528 2369 1577 2388 eas
1594 2359 1827 2387 reddunt.Fluvii

999 2406 1097 2431 autem
1122 2404 1270 2432 salsedine
1294 2413 1351 2432 non
1381 2405 1551 2432 at'liciuntur
1575 2407 1693 2440 propter
1716 2406 1826 2431 ﬂuxum

1000 2457 1086 2476 suum
1099 2449 1282 2476 continuum.
1299 2449 1460 2477 Stabilitate
1476 2449 1556 2477 enim
1572 2457 1646 2484 opus
1662 2451 1752 2484 est,ut
1768 2449 1828 2476 fu»

1001 2501 1089 2520 mosae
1104 2495 1158 2520 ulla:
1174 2493 1372 2522 exhalationes
1387 2494 1527 2529 subjectis
1539 2494 1624 2529 aquis
1636 2494 1826 2522 misceantur.

1001 2537 1166 2565 Salsedinis
1177 2538 1264 2565 etiam
1278 2547 1368 2566 causa
1379 2541 1422 2566 est
1435 2539 1488 2566 sol.
1505 2538 1606 2566 Calore
1616 2539 1693 2566 enim
1708 2547 1761 2566 suo
1778 2547 1826 2566 va-

1001 2590 1087 2618 pores
1101 2591 1115 2609 e
1127 2583 1197 2610 mari
1209 2583 1328 2610 eliciens
1340 2583 1544 2619 dulcioresque
1556 2585 1653 2619 partes
1669 2583 1785 2611 elevans
1799 2587 1828 2611 et

1001 2626 1138 2654 attollens
1155 2627 1182 2654 in
1200 2635 1312 2661 auram,
1330 2627 1466 2656 salsiores
1481 2631 1509 2656 et
1532 2629 1679 2665 graviores
1703 2628 1827 2655 inferius

1003 2671 1155 2707 relinquit.
1180 2672 1260 2702 Quod
1290 2680 1357 2700 vero
1382 2673 1503 2700 marinae
1528 2681 1609 2708 aqua
1635 2672 1827 2700 ﬂuviatilibus

1004 2716 1163 2744 crassiores
1179 2718 1259 2749 sunt,
1275 2716 1310 2744 ad
1327 2725 1448 2746 sensum
1463 2717 1560 2754 ipsum
1576 2720 1652 2753 pate;
1670 2725 1734 2752 quae
1749 2717 1826 2744 enim
