1951 3054
135 69 189 97 ’771

806 63 1014 94 MIGHAELIS
1036 62 1172 93 PSELLI

1781 66 1843 95 772

136 141 186 161 nes
202 132 230 160 in
249 132 357 168 quibus
373 132 449 159 veris
464 133 595 167 tempore
611 130 772 167 plurimum
789 130 911 167 pluit,ut
926 130 954 157 in

1049 129 1118 156 aith
1133 129 1330 167 ἀναγκαιότερα
1353 131 1410 161 τοῖς
1439 129 1574 168 σπέρμασι
1590 130 1643 168 πρὸ
1666 132 1716 158 τοῦ
1732 131 1842 169 θέρους.

134 177 244 211 Sicilia,
260 177 370 205 multos
385 178 414 205 et
426 176 518 204 bonos
534 176 632 204 ferunt
643 176 768 204 fructus.

327 312 387 340 138.
407 313 443 340 De
462 311 577 340 lacubus
592 310 767 346 quibusdam.

171 359 249 386 Mare
265 358 342 393 quod
358 356 446 393 vulgo
461 359 582 384 vocatur
596 356 743 383 Mortuum
759 355 787 382 in
805 354 960 382 Palestina

137 402 353 430 crassissimam
370 402 501 429 omnium
519 409 662 436 aquarum
680 399 758 427 vehit
786 401 814 426 et
830 398 960 426 salsissi-

138 447 270 482 mam,ita
288 451 316 474 ul
328 446 470 482 quidquid
487 446 515 473 in
533 445 610 474 illam
624 445 774 479 injiciatur
789 444 961 480 supernatet

137 500 189 519 nec
205 491 420 526 submergatur.
438 492 545 518 Omnes
561 498 647 526 porro
659 498 740 525 aquas
756 489 840 517 salsae
857 487 899 516 vel
916 496 962 516 ac-

138 540 167 564 tu
185 536 228 563 vel
245 537 386 572 potestate
401 534 501 562 calidas
517 536 585 562 sunt
602 544 608 562 :
627 537 769 570 potestate
793 534 912 570 quidem
930 534 962 560 ut

138 581 242 617 Tyriae,
259 582 324 608 actu
350 588 415 607 vero
443 582 475 607 ut
499 588 562 615 quae
587 582 655 606 sunt
679 579 810 606 Gabaris.
828 579 862 606 Et
882 577 960 614 apud

137 625 290 653 ()mbricos
305 624 384 660 regio
396 624 595 659 estlimosa,in
610 632 667 660 qua
680 623 823 659 plurimus
831 623 962 650 nascitur

135 671 242 706 juncus
255 672 280 697 et
296 669 527 705 calamus,quem
541 671 657 696 urentes
668 669 801 704 regiones
815 667 916 695 incola:
928 675 961 694 ao

138 715 303 751 redigentes
319 714 346 741 in
363 714 639 749 cinerem,eumque
653 721 719 741 cum
737 712 822 748 aquis
838 720 963 748 coquen-

137 762 192 794 tes,
209 759 298 787 salem
317 761 484 786 concretum
502 757 720 793 reperiunt.Sed
733 759 760 785 et
774 756 906 784 Sirbonis
920 756 962 784 la-

140 811 191 831 cus
207 803 304 830 salsus
319 803 374 835 est,
390 804 418 829 et
434 803 576 837 quantum
605 801 690 837 aquis
714 801 791 828 inest
806 799 962 835 crassitiei,

138 849 254 874 tantum
271 847 359 874 etiam
376 846 532 873 salsedinis
542 846 644 873 adesse
659 845 787 879 solet,ita
801 844 962 873 utcrassis-

141 891 221 920 sima;
237 899 358 927 qumque
374 890 545 918 salsissime:
561 891 630 918 sint.
649 892 750 926 Itaque
765 893 791 918 et
808 898 887 917 mare
900 888 961 917 sal-

141 945 207 964 sum
225 938 280 970 est,
293 938 391 972 utpote
407 944 550 969 crassum,
569 935 708 971 quoniam
724 935 781 971 ipsi
797 934 963 962 admiscen-

143 983 190 1008 tur
203 980 352 1017 fuliginosi
370 983 397 1008 et
412 979 592 1008 crassissimi
607 987 740 1016 vapores.

439 1079 499 1106 139.
516 1079 553 1106 De
567 1079 670 1113 ﬂuviis.

180 1126 307 1152 Amonte
318 1124 470 1159 Pannaryo
479 1123 508 1150 in
521 1123 591 1150 Asia
600 1124 736 1150 oriuntur
746 1121 966 1156 ﬂuviiBactrus,

145 1170 291 1205 Choaspes
302 1171 330 1196 et
342 1169 456 1195 Araxes.
475 1168 514 1194 Ex
523 1167 651 1195 Caucaso
663 1169 761 1194 monte
773 1166 875 1194 Phasis
888 1166 967 1193 mul-

146 1214 222 1249 tique
238 1215 265 1240 ct
282 1213 378 1247 magni
394 1211 471 1239 ﬂuvii
488 1211 546 1239 alii.
567 1213 615 1239 Est
628 1220 713 1247 porro
729 1211 878 1238 Caucasus
906 1219 966 1239 οω-

145 1258 226 1285 nium
243 1257 386 1284 montium
399 1264 500 1284 versus
515 1255 661 1283 Orientem
692 1255 825 1283 aestivum
843 1259 870 1282 et
882 1255 966 1291 jugo-

146 1311 210 1330 rum
227 1301 417 1329 multitudine
432 1302 460 1328 et
473 1300 629 1327 altitudine
645 1300 802 1328 maximus.
828 1300 868 1327 Ex
884 1299 967 1335 Pyre-

146 1353 219 1379 nzno,
235 1345 291 1380 (ll)
306 1347 350 1372 est
366 1344 390 1372 is
417 1352 501 1371 mons
517 1344 546 1371 in
562 1344 670 1371 Celtica
695 1344 813 1380 regione
838 1344 873 1371 ad
890 1343 966 1371 occi-

146 1392 263 1418 dentem
279 1389 525 1425 aequinoctialem)
543 1390 674 1417 nascitur
690 1391 769 1422 Ister,
787 1390 837 1425 qui
853 1398 904 1424 per
925 1392 967 1417 to-

145 1438 205 1463 tam
221 1435 366 1470 Europam
384 1434 501 1469 proﬂuit
516 1434 545 1461 in
561 1434 705 1461 Euxinum
717 1437 847 1470 pontum.
861 1434 891 1461 In
904 1434 968 1469 ipso

145 1479 344 1515 septentrione
360 1478 437 1505 ultra
445 1481 604 1505 extremam
619 1478 765 1514 Scythiam
775 1481 889 1505 montes
898 1480 968 1505 sunt

1011 174 1091 202 ’Όθεν
1115 175 1132 209 ἡ
1158 172 1288 201 πλεῖστον
1312 173 1413 210 ὗομὲνη
1433 175 1482 201 τοῦ
1510 173 1589 213 ἔαρος
1611 175 1701 214 χώρα,
1720 176 1843 212 καθάπερ

1013 218 1038 245 ἐν
1070 217 1193 254 Σικελίᾳ,
1221 216 1346 250 πολλοὺς
1373 219 1418 246 καὶ
1447 218 1565 257 ἀγαθοὺς
1595 219 1717 258 καρποὺς
1747 218 1844 248 ἀναδί-

1015 261 1108 291 δωσιν.

1235 307 1306 346 ρλη’.
1322 309 1388 347 Περί
1403 319 1482 336 τινων
1501 309 1616 346 λιμνὼν.

1050 353 1081 379 Ἡ
1105 352 1152 389 μὲν
1175 352 1334 390 καλουμένη
1359 354 1432 391 παρὰ
1454 357 1513 385 τοῖς
1534 353 1653 386 πολλοῖς
1677 355 1770 393 Νικρᾶ
1792 356 1844 382 θά-

1016 395 1102 424 λασσα
1125 398 1142 432 ἡ
1169 397 1194 424 ἓν
1227 397 1404 436 Παλαιστίνῃ,
1425 398 1569 436 παχυτάτη
1600 398 1666 426 οὖσα
1682 423 1690 436 ,
1719 400 1846 438 ἁλμυρο-

1014 441 1081 476 τάτη
1099 441 1154 469 ἐστὶ
1179 442 1285 470 πάντων
1310 441 1424 480 ὑδάτων,
1444 443 1489 471 καὶ
1513 446 1564 471 πᾶν
1583 443 1614 471 τὸ
1630 442 1844 482 ἐμϐαλλόμενον

1016 485 1042 514 ἐν
1071 486 1138 524 αὐτῇ
1166 489 1246 523 σῶμα
1269 488 1412 519 ἆνωθεῖται
1439 487 1491 515 ύπὸ
1519 490 1568 516 τοῦ
1594 487 1700 525 ὕδατος,
1731 490 1777 517 καὶ
1808 490 1843 517 οὑ

1015 531 1118 568 γίνεται
1144 530 1324 570 ὑποϐρύχιον.
1351 535 1406 560 Πᾶν
1434 532 1464 560 δὲ
1492 532 1565 570 ὕδωρ
1591 532 1713 571 ἁλμυρὸν
1741 534 1844 572 θερμὸν

1019 575 1065 612 μέν
1082 575 1152 603 ἐστιν
1169 575 1186 610 ἢ
1210 574 1320 613 δυνάμει
1346 576 1363 611 ἢ
1389 576 1517 615 ἐνεργείᾳ’
1542 576 1654 614 δυνάμει
1682 578 1729 614 μὲν
1753 579 1792 610 ὡς
1811 579 1848 606 τὰ

1016 621 1043 647 ὲν
1060 619 1152 658 Τύρῳ,
1175 620 1295 658 ἄνεργείᾳ
1317 619 1345 648 δὲ
1369 620 1407 652 ὠς
1432 621 1459 649 ἐν
1485 620 1628 660 Γαδάροις.
1647 623 1698 651 Καὶ
1724 622 1750 650 ἐν
1773 623 1848 659 Ὀμ-

1017 662 1124 701 ϐρικοῖς
1139 665 1219 702 χώρα
1243 665 1313 692 ἐστὶν
1331 665 1465 702 ίλυώδης,
1488 666 1514 694 ἐν
1562 666 1683 704 κάλαμοι
1699 667 1744 695 καὶ
1760 670 1846 705 σχοῖ-

1017 719 1059 736 νοι
1073 709 1191 747 γίνονται
1212 709 1348 738 πλεῖστοι·
1364 710 1476 742 τούτους
1502 712 1623 742 καίοντες
1644 712 1670 739 οἱ
1684 713 1733 746 τῆς
1750 712 1848 750 χώρας

1017 753 1062 781 καὶ
1092 753 1317 792 ὰποτεφροῦντες,
1344 754 1389 781 καὶ
1418 755 1468 789 τὴν
1495 754 1593 794 τέφραν
1623 755 1661 786 είς
1689 754 1762 794 ὕδωρ
1793 756 1846 795 ἆφ-

1018 798 1111 834 ἑψοτες
1137 799 1167 825 τὸ
1192 798 1321 836 ἐπιπαγὶν
1345 798 1411 830 ἅλάς
1435 799 1598 836 εὑρίσκουσι.
1621 800 1673 827 Καὶ
1689 801 1706 834 ὴ
1733 797 1848 838 Σερϐω-

1017 843 1092 878 νίτης
1110 841 1139 870 δὲ
1153 842 1254 879 λίμνην
1271 842 1380 880 ἁλμυρά
1394 843 1460 871 ἐστι’
1477 844 1522 871 καὶ
1547 844 1609 871 ὅσον
1636 844 1666 872 ἂν
1683 844 1847 882 ἐπιγείνεται

1018 889 1036 922 ἡ
1051 889 1100 915 τοῦ
1124 886 1221 918 ὕδατος
1245 888 1382 925 παχύτης,
1407 890 1535 916 τοσοῦτον
1560 889 1606 916 καὶ
1633 889 1650 923 ἡ
1672 889 1849 926 ἁλμυρότης,

1019 933 1057 963 ὡς
1072 932 1184 960 εἶναιτὸ
1208 932 1364 970 παχύτατον
1389 933 1590 970 ἀλμυρότατον.
1617 933 1668 962 Καὶ
1684 935 1702 969 ἡ
1723 933 1848 962 θάλασσα

1020 976 1064 1004 οὖν
1091 976 1200 1015 ἁλμυρά
1215 977 1280 1012 ἐστι,
1296 976 1365 1005 διότι
1387 981 1502 1015 παχεῖα,
1527 977 1572 1006 διὰ
1596 978 1628 1006 τὸ
1652 979 1849 1017 συμμεμῖχθαι

1020 1022 1088 1059 αὐτῇ
1105 1023 1153 1056 τήν
1168 1020 1297 1057 καπνώδη
1312 1023 1489 1059 ἀναθυμίασιν
1505 1022 1664 1061 παχυτάτην
1679 1022 1771 1051 οὖσαν.

1278 1075 1345 1113 ρλθὶ
1363 1075 1429 1113 Περὶ
1444 1078 1586 1113 ποταμῶν.

1056 1120 1123 1148 Ἀπὸ
1147 1121 1194 1147 τοῦ
1220 1119 1375 1158 Πανναρύου
1399 1119 1571 1157 καλουμένου
1596 1119 1676 1160 ὅρους
1702 1123 1751 1149 τοῦ
1767 1119 1851 1152 ὄντος

1021 1164 1046 1192 ἐν
1062 1166 1095 1201 τῇ
1113 1164 1192 1200 Ἀσίᾳ
1207 1163 1296 1202 ῥέουσι
1311 1165 1430 1201 ποταμοὶ
1447 1165 1461 1192 ὸ
1483 1165 1602 1203 Βάκτρος
1625 1166 1669 1194 καὶ
1685 1167 1699 1193 ὁ
1715 1166 1851 1201 Χοάσπης

1020 1209 1066 1236 καῖ
1081 1210 1096 1236 ὁ
1121 1209 1248 1246 Ἀράξης.
1265 1209 1312 1237 Ἐκ
1334 1208 1362 1237 δὲ
1385 1212 1433 1237 τοῦ
1454 1211 1595 1238 Καυκάσου
1621 1209 1700 1249 ὅρους
1715 1211 1729 1238 ὁ
1747 1210 1849 1245 Φάσις,

1022 1253 1103 1281 ἄλλοι
1118 1265 1146 1281 τε
1161 1252 1263 1281 πολλοὶ
1280 1253 1370 1292 ῥέουσι
1383 1253 1458 1282 πολὺ
1468 1255 1536 1287 καθὰ
1547 1254 1653 1290 πλῆθος
1669 1255 1714 1282 καὶ
1733 1254 1852 1293 μέγεθος

1024 1295 1253 1336 ὑπερϐάλλοντες.
1275 1299 1305 1327 Ὁ
1328 1297 1356 1325 δὲ
1378 1299 1518 1332 Καύκασος
1543 1300 1667 1338 μέγιστον
1697 1298 1761 1337 ὅρος
1791 1302 1849 1327 τῶν

1021 1343 1090 1381 πρὸς
1103 1344 1152 1377 τήν
1177 1344 1234 1370 Ἕω
1256 1343 1305 1377 τὴν
1329 1345 1437 1379 θερινὴν
1453 1345 1496 1371 καί
1515 1343 1616 1380 πλήθει
1640 1344 1685 1372 καὶ
1708 1343 1782 1381 ὕψει.
1800 1345 1851 1373 Ἐκ

1023 1387 1051 1415 δὶ
1079 1391 1127 1422 τῆς
1158 1387 1275 1425 Πυρίνης
1303 1389 1393 1425 (τοῦτο
1420 1387 1447 1416 δέ
1476 1387 1546 1416 ἐστιν
1571 1387 1634 1427 ὅρρς
1655 1389 1723 1426 πρὸς
1741 1389 1851 1425 ουσμὴν

1021 1433 1070 1466 τὴν
1087 1432 1260 1470 ἰσημερινήν,
1277 1431 1304 1460 ἐν
1328 1435 1362 1470 τῇ
1389 1432 1522 1470 Κιλτικῇ)
1539 1433 1643 1472 ῥέουσιν
1660 1433 1675 1461 ὅ
1690 1444 1719 1461 τε
1739 1435 1852 1472 Ἴστρος

1023 1476 1057 1504 δι’
1087 1476 1155 1512 ὅλης
1184 1477 1231 1511 νῆς
1256 1477 1392 1515 Εὐρώπης
1422 1478 1460 1509 εἰς
1488 1478 1533 1505 τὸν
1563 1477 1686 1513 Εὔξεινον
1716 1478 1821 1506 Πόντον
1840 1500 1848 1507 .

144 1513 389 1560 Riphai,maximi
409 1523 615 1557 altissimiquo.
627 1513 765 1550 lnrAfrica
780 1531 814 1550 ex
829 1523 965 1558 [Ethiopi-

1046 1522 1080 1548 ’π’
1095 1521 1178 1556 αὐτὴν
1196 1520 1224 1548 δὲ
1238 1513 1410 1559 τήν-ἄρκτον
1436 1521 1503 1560 ὖπὲρ
1527 1524 1576 1555 τῆς
1592 1522 1711 1560 ἐσχάτης
1730 1521 1852 1554 Σκυθίας

145 1567 187 1595 cis
203 1567 350 1594 montibus
366 1567 501 1594 oriuntur
517 1566 596 1593 ﬂuvii
613 1566 818 1602 EgonNeosis
835 1569 863 1594 et
877 1566 967 1594 Chre-

147 1614 247 1639 metes.
264 1611 347 1638 Nilus
363 1619 396 1638 ex
412 1613 509 1638 monte
526 1613 646 1646 Argyro,
663 1611 780 1638 Acheloi
807 1611 935 1647 origines
952 1618 968 1637 a

146 1656 247 1689 Pindo,
264 1655 427 1691 Strymonis
452 1657 481 1682 et
504 1655 591 1682 Hebri
620 1664 636 1683 a
658 1655 798 1683 Scombro
822 1657 901 1689 sunt,
917 1655 968 1691 qui

149 1702 260 1728 montes
277 1701 345 1727 sunt
360 1700 389 1726 in
407 1699 525 1727 Graecia.

1023 1566 1049 1593 αἱ
1071 1565 1238 1602 καλούμεναι
1261 1566 1367 1594 Ῥίπται
1391 1566 1469 1594 εἰσίν·
1492 1567 1519 1594 αἱ
1547 1565 1576 1594 δὲ
1599 1567 1703 1594 Ῥίπται
1730 1568 1853 1605 ὑπερμε-

1022 1611 1088 1647 γέθη
1118 1610 1162 1637 καὶ
1183 1609 1353 1647 ὑψηλότατα.
1385 1611 1448 1648 Περὶ
1479 1610 1508 1638 δὶ
1535 1612 1584 1646 τὴν
1615 1609 1719 1646 Λιϐύην
1744 1611 1775 1639 ἐκ
1793 1613 1851 1638 τῶν

1023 1654 1190 1683 Αἰθιοπικῶν
1217 1655 1299 1693 ὀρῶν,
1316 1656 1330 1682 ὁ
1346 1655 1447 1693 Αῒγὼν,
1470 1656 1514 1683 καὶ
1540 1656 1553 1683 ὁ
1570 1657 1673 1691 Νήοσις
1692 1655 1736 1683 καὶ
1753 1656 1767 1683 ὁ
1781 1656 1852 1694 Χρε-

1026 1700 1117 1736 μὲτης.
1134 1701 1186 1726 Τοῦ
1202 1698 1230 1726 δὶ
1249 1699 1347 1727 Νείλου
1370 1700 1401 1727 τὸ
1427 1699 1513 1738 ῥεῦμα
1528 1699 1558 1728 ἐκ
1576 1702 1627 1728 τοῦ
1649 1701 1786 1738 Ἀργυροῦ
1802 1700 1856 1728 κά-

146 1755 228 1772 τεισιν
245 1742 335 1782 ὄρους.
354 1744 403 1771 Καὶ
420 1745 434 1771 ὁ
452 1744 498 1780 μὲν
511 1743 652 1783 Ἀχελῷος
668 1744 697 1772 ὲκ
711 1743 818 1772 Πίνδού.
835 1745 848 1771 ὁ
869 1743 897 1771 δὲ
913 1744 1045 1782 Στρυμὼν
1061 1747 1105 1772 καί
1123 1745 1136 1772 ὁ
1151 1742 1252 1782 Ἕϐρος
1269 1744 1299 1772 ἐκ
1312 1747 1362 1772 τοῦ
1380 1743 1537 1783 Σκόμϐρου.
1554 1746 1624 1784 Ὀρη
1642 1744 1670 1773 ’δὲ
1684 1747 1768 1773 ταῦτα
1789 1745 1858 1784 περῖ

145 1789 189 1816 τὸν
206 1788 369 1824 Ἑλληνικὸν
384 1789 479 1823 τόπον,

370 1843 430 1870 MO.
445 1846 484 1871 De
497 1844 663 1872 incremento
678 1844 744 1872 Νίιε.

179 1887 263 1915 Nilus
278 1887 421 1924 originem
438 1888 526 1916 habet
541 1897 575 1916 ex
586 1889 711 1917 summis
724 1889 873 1925 Ethiopiae
885 1891 913 1917 et
924 1889 969 1916 ul-

145 1932 227 1960 timis
242 1932 345 1960 Africa:
363 1933 505 1968 partibus,
522 1933 570 1961 ubi
582 1933 669 1961 clima
685 1933 829 1962 Orientale
850 1933 969 1968 desinit,

145 1976 305 2012 incipitque
323 1977 470 2004 meridies.
487 1977 664 2006 Intumescit
682 1977 765 2005 Nilus
780 1977 878 2005 aestivo
895 1980 969 2005 tem-

147 2029 226 2056 pore,
244 2029 301 2048 non
318 2023 350 2048 ut
369 2021 546 2057 quibusdam
574 2030 747 2057 persuasum
769 2025 814 2050 est
839 2022 915 2057 quod
932 2021 969 2049 ab

145 2065 250 2093 Etesiis
266 2068 367 2093 contra
382 2066 566 2101 spirantibus
581 2075 662 2101 aquas
678 2066 758 2094 illius
774 2065 968 2102 repellantur,

145 2117 212 2136 cum
230 2109 259 2136 hi
275 2110 332 2145 ipsi
345 2110 425 2138 venti
442 2110 541 2145 potius
556 2111 633 2138 circa
649 2110 792 2146 tropicum
805 2110 938 2137 mstivum
953 2118 970 2137 a

145 2153 364 2189 septentrionali
383 2158 463 2191 parte
477 2155 630 2182 meridiem
646 2163 747 2182 versus
760 2163 863 2182 omnes
876 2155 969 2182 nubes

145 2199 319 2227 contrahant
334 2202 363 2228 et
379 2198 647 2235 propellant,donec
662 2199 691 2227 in
707 2200 784 2227 Zona
800 2199 908 2227 torrida
918 2207 969 2227 cu-

148 2243 262 2271 mulatae
278 2252 343 2272 cum
360 2244 486 2271 ulterius
502 2243 635 2279 progredi
648 2243 829 2278 inhibentur,
843 2243 969 2279 copiosis

148 2288 251 2323 pluviis
267 2289 491 2324 erumpentibus
506 2288 588 2316 Nilus
615 2289 712 2324 turget
736 2289 969 2324 concitaturque,
985 2280 1009 2312 D

148 2340 201 2360 nec
216 2333 296 2360 alveo
311 2342 363 2360 suo
381 2333 523 2361 contineri
540 2342 571 2361 se
587 2333 707 2368 patitur.
734 2335 811 2361 Tunc
836 2333 972 2361 dulcissi-

150 2385 201 2403 mae
219 2377 251 2404 ad
269 2380 368 2412 potum
387 2379 457 2404 sunt
482 2377 537 2404 Nili
563 2385 655 2412 aquze,
677 2379 777 2412 utpote
802 2376 970 2404 cmlestibus

149 2421 232 2456 aquis
244 2424 334 2448 aucta)
351 2423 378 2448 et
394 2420 519 2448 maxime
534 2421 687 2455 salubres;
705 2430 760 2449 non
779 2421 906 2457 amplius
923 2429 969 2449 ca-

149 2465 211 2492 lidae
228 2465 347 2500 quidem
364 2465 406 2492 uti
421 2465 515 2500 initio,
533 2465 584 2492 sed
600 2467 696 2493 tamen
708 2466 803 2494 adhuc
820 2469 852 2494 ut
866 2465 903 2493 ab
919 2465 971 2494 tali

150 2508 243 2543 initio,
261 2509 375 2544 tepidae.

1159 1845 1213 1880 ρμ¹.
1230 1843 1293 1881 Περὶ
1310 1846 1361 1878 τῆς
1376 1845 1423 1871 τοῦ
1439 1843 1539 1871 Νείλου
1555 1841 1720 1875 ἀναϐάσεως.

1060 1888 1090 1916 Ὀ
1116 1886 1215 1919 Νεῖλος
1243 1888 1291 1918 τὰς
1322 1888 1370 1924 μὲν
1398 1888 1484 1926 ἀρχὰς
1514 1891 1563 1924 τῆς
1592 1888 1706 1926 ῥύσεως,
1737 1888 1767 1916 ἐκ
1796 1890 1853 1916 τῶν

1026 1930 1115 1970 ἄκρων
1133 1932 1179 1968 μὶν
1206 1934 1256 1965 τῆς
1282 1931 1440 1966 Αἴθιοπίας,
1471 1932 1594 1971 ἐσχάτων
1620 1931 1648 1960 δὲ
1672 1934 1721 1968 τῆς
1745 1930 1856 1969 Λιϐύης

1025 1974 1170 2013 λαμϐάνει,
1187 1977 1253 2009 καθὸ
1271 1977 1352 2014 μέρος
1365 1977 1397 2005 τὸ
1412 1976 1500 2014 κλίμα
1518 1977 1549 2005 τὸ
1564 1976 1724 2005 ἀνατολικὸν
1741 1977 1857 2012 ἀπολῆ-

1024 2031 1070 2058 γον
1101 2021 1191 2058 ἀρχήν
1212 2020 1246 2058 τῇ
1277 2019 1435 2059 μεσημϐρίᾳ
1460 2020 1581 2049 δίδωσιν.
1606 2021 1719 2057 Αύξεται
1741 2020 1770 2049 δὶ
1785 2022 1858 2050 κατὰ

1024 2065 1074 2099 τὴν
1091 2065 1198 2103 θερινὴν
1215 2065 1298 2101 ὥραν,
1316 2065 1379 2103 οὐχ,
1397 2065 1435 2097 ὣς
1458 2076 1529 2097 τινες
1555 2066 1697 2102 ᾠήθησαν,
1713 2066 1782 2103 πρὸς
1797 2068 1854 2094 τῶν

1025 2108 1139 2144 ἐτησίων
1169 2109 1275 2145 ἀνέμων
1306 2108 1415 2147 ἅντικρυ
1445 2110 1578 2137 πνεόντων
1608 2109 1855 2146 ἀνακοπτόμενος,

1025 2152 1087 2181 ἀλλ’
1104 2153 1192 2181 αὐτῶν
1210 2152 1239 2181 δὶ
1261 2155 1364 2181 τούτων
1388 2156 1443 2181 τῶν
1466 2154 1572 2191 ἀνέμων
1597 2154 1666 2182 κατὰ
1684 2155 1790 2192 τροπήν
1804 2155 1858 2189 τὴν

1025 2198 1132 2236 θερινὴν
1159 2198 1211 2225 ἀπὸ
1231 2200 1285 2226 τῶν
1310 2198 1440 2236 ἀρκτῴων
1467 2198 1510 2226 ἐπὶ
1534 2199 1584 2234 τὴν
1609 2196 1782 2236 μεσημϐρίαν
1799 2200 1854 2226 πὰν

1024 2242 1100 2282 νίφος
1125 2241 1295 2270 ἐλαυνόντων
1316 2244 1359 2270 καὶ
1385 2242 1540 2277 ὠθούντων,
1561 2242 1612 2274 ἕως
1629 2243 1671 2271 ἐπὶ
1688 2244 1738 2278 τὴν
1755 2254 1858 2271 κεκαυ-

1027 2287 1110 2324 μένην
1134 2287 1220 2322 ζώνην
1247 2287 1406 2322 συναύξωσι,
1431 2288 1491 2320 καθ’
1515 2288 1545 2322 ἢν
1569 2291 1621 2322 τῆς
1645 2287 1740 2325 πρόσω
1767 2291 1856 2326 φορᾶς

1026 2332 1231 2366 ἀνακόπτονται,
1255 2332 1300 2359 καὶ
1326 2332 1387 2360 τότε
1415 2330 1524 2370 λάϐρων
1554 2333 1636 2360 ὑετῶν
1662 2332 1860 2370 ῥηγνυμένων,-

1027 2376 1138 2413 ὀργᾶται
1169 2376 1183 2403 ὑ
1212 2376 1312 2408 Νεῖλος
1341 2377 1385 2404 καὶ
1414 2377 1539 2413 ποταμὸς
1557 2377 1623 2404 εἶναι
1649 2377 1700 2405 οὐκ
1715 2378 1856 2415 ἀνέχεται.

1027 2421 1072 2448 Διὸ
1096 2423 1168 2448 πιεῖν
1190 2421 1219 2448 τὲ
1244 2421 1299 2448 ἐστι
1323 2420 1504 2459 γλυκύτατος,
1532 2422 1577 2449 ἅτε
1594 2421 1619 2457 ἐξ
1644 2420 1756 2460 ὄμϐρων
1773 2421 1856 2460 ούρα-

1025 2465 1088 2492 νίων
1115 2465 1336 2503 χορηγούμενος,
1358 2466 1404 2493 καί
1432 2467 1518 2504 θιγεῖν
1549 2466 1779 2504 προσηνέστατος,
1805 2466 1861 2494 οὐκ.

1026 2508 1064 2537 ἔτι
1094 2512 1139 2546 μὲν
1170 2511 1269 2547 θερμὸς
1296 2511 1334 2542 ὡς
1358 2509 1417 2538 ὅθεν
1443 2509 1555 2549 ἤρξατο,
1573 2509 1612 2538 ἔτι
1638 2509 1666 2538 δὲ
1682 2510 1802 2549 χλιαρὸς
1819 2512 1861 2544 ὡς

1026 2554 1126 2587 ἐκεῖθεν
1140 2554 1299 2593 ἀρξάμενος.

934 2631 1054 2663 ΝΟΤίΕ.

187 2690 246 2733 (lt)_
259 2691 408 2722 Abuobam
425 2692 548 2723 dixisset
563 2702 628 2724 cum
645 2693 758 2730 Tacito,
773 2693 891 2730 Avieno,
918 2693 1013 2724 Plinio
1037 2695 1066 2723 et
1089 2694 1167 2723 aliis.
1189 2695 1243 2724 Sed
1268 2695 1384 2725 videtur
1404 2695 1449 2725 hic
1473 2695 1503 2725 in
1518 2697 1616 2725 Graeco
1641 2695 1753 2733 aliquid
1780 2696 1862 2726 desi-

151 2725 257 2757 derari.
