1951 3054
77 64 140 94 1'13

673 64 723 94 DE
745 63 962 95 OMNlFARlA
986 64 1196 95 DOCTRINA.

1731 69 1791 98 774

81 130 156 168 ρμα’.
185 128 234 157 Διὰ
249 129 276 157 τί
306 128 388 166 μόνος
414 130 549 168 Δποταμῶν
580 129 594 156 δ
618 129 717 161 Νεῖλος
747 128 830 168 αὔρας
859 129 908 157 οὐκ

1003 130 1042 157 At.
1061 130 1153 164 Quare
1167 131 1241 158 solus
1255 139 1271 158 ε
1284 132 1377 167 fluviis
1392 132 1471 160 Nilus
1484 140 1568 161 auras
1581 142 1636 162 non
1651 136 1768 164 emittat.

408 165 581 193 ἀναδίδωσιν.

117 219 211 252 Μόνος
238 221 370 256 ποταμῶν
399 219 413 246 ὁ
442 219 544 250 Νεῖλος
573 218 655 257 αὔρας
683 219 731 247 οὐκ
750 218 907 254 ἀναδίδωσι,

81 263 154 292 διότι
170 266 224 292 τῶν
251 266 337 302 νεφῶν
365 264 417 291 ἀπὸ
441 267 492 299 τῆς
517 263 662 296 ΑἶὉιοπίας
689 265 762 302 παρὰ
776 266 828 291 τῶν
846 263 909 299 ἐτη-

81 309 147 337 σίων
176 308 283 345 ἀνέμων
313 307 378 346 ἄχρι
411 306 583 346 μεσημϐρίαν
615 308 813 346 ἐλαυνομένων,
864 308 909 345 ἰμ-

81 353 270 392 πιριεχομένη
291 352 388 380 τούτου
414 352 495 390 ἀτμὶς
521 353 573 380 ὑπὸ
597 355 646 380 τοῦ
670 353 737 380 κατὰ
754 353 800 380 τὸν
825 353 908 380 τόπον

80 397 239 435 πυρώδους,
283 398 372 425 ἅπασα
409 397 600 434 ἐξικμάζεται,
643 397 784 425 κάντεῦθεν
832 398 909 425 ὑετοῦ

81 442 192 470 πολλοῦ
221 441 445 481 καταφερομένου
475 443 488 469 ὁ
515 441 616 472 Νεῖλος
640 445 689 476 τῆς
705 442 807 473 οῗκείας
823 439 910 480 ὅχοης

82 486 289 524 ἐξανιστάμενος
330 489 446 525 γεωργεῖ
485 487 532 518 τὰς
571 486 697 524 ἀρούρας,
726 487 771 514 καὶ
799 486 911 518 εἰκότως

81 530 167 568 αὔρας
196 531 246 559 οὐκ
275 530 442 566 ἀναδίδοται,
457 534 507 566 τῆς
522 529 635 568 ἀτμίδος
650 531 738 566 ποὶσης
754 531 909 566 ἐκτακείσης

82 575 129 603 διὰ
159 576 326 614 θερμότητα,
359 575 429 604 Οὐδὲ
457 576 490 610 ἦν
519 576 532 603 ὁ
557 575 655 607 Νεῖλος
684 575 830 613 αὐξόμενος
858 575 910 603 ἀπὸ

81 621 179 658 χιόνος
208 620 376 657 τηκομένης,
407 620 444 652 ὥς
457 630 527 651 τινες
541 623 594 648 τῶν
610 621 728 659 φυσικῶν
752 620 910 659 φιλοσόφων

81 666 224 701 ᾠήθησαν.
239 665 318 693 ’Όθεν
334 663 392 692 οὐδ’
419 662 473 691 ἔστι
505 664 578 692 αἰτία
606 664 775 702 ἀληθεστέρα
789 668 838 700 τῆς
863 666 911 692 τοῢ

82 712 210 746 ποταμοῦ
237 706 409 743 ἀναϐάσεως,
439 709 483 736 καὶ
512 711 560 737 τοῦ
591 709 628 746 μὴ
658 709 742 747 αὕρας
771 708 795 745 ἐξ
828 709 910 736 αὐτοῦ

83 752 268 785 ἀναδίδοσθαι.

225 798 299 836 ρμβ’.
317 798 380 834 Περὶ
397 800 450 825 τῶν
467 798 601 836 μεγίστων
620 798 776 836 βασιλειῶν.

123 842 224 880 Πρώτη
257 845 311 870 τῶν
337 841 563 880 διωνομασμένων
583 842 729 881 βασιλειῶν
746 844 762 878 ἡ
779 845 832 870 τῶν
850 843 912 871 Ἀσ-

88 887 200 926 συρίων,
228 888 285 924 μεθ’
314 888 344 922 ἣν
374 888 391 922 ἠ
421 886 543 923 Μηδικὴ,
571 887 674 923 ἐκείνην
704 898 733 915 τε
760 887 912 915 καθελοῦσα

85 933 132 960 καὶ
164 932 274 969 μείζονα
303 931 458 960 δυναστείαν
487 930 732 971 περιϐαλλομένη.
757 933 856 970 Πέρσαι
884 930 913 959 δὲ

87 976 202 1012 Μήδους
228 977 505 1014 καταγωνισάμενοι,
533 980 583 1012 τῆς
616 977 661 1013 μὲν
694 977 784 1008 Ἀσίας
815 976 912 1014 ὀλίγου

84 1021 140 1049 δεῖν
170 1021 260 1057 πάσης
283 1021 462 1054 τελευτῶντες
488 1021 636 1059 ἐκράτησαν
655 1030 661 1037 ⁸
688 1022 911 1059 ἐπιχειρήσαντες

87 1065 115 1094 δὶ
130 1066 174 1094 καὶ
189 1068 247 1097 τοῖς
263 1066 436 1104 Εὐρωπαίοις
452 1063 552 1093 ἔθνεσιν
574 1065 604 1093 οὐ
620 1064 713 1093 πολλὰ
728 1067 910 1104 ὑπηγάγοντο.

85 1111 184 1149 Χρόνῳ
201 1110 229 1138 δὲ
257 1110 287 1137 οὗ
318 1109 418 1146 πολλῷ
439 1110 547 1138 πλείονι
563 1109 706 1138 διακοσίων
720 1109 786 1138 ἐτῶν
804 1110 910 1147 ἔμειναν

85 1155 130 1183 ἐπὶ
159 1158 208 1190 τῆς
240 1155 351 1193 ἀρχῆς.
380 1156 411 1184 Ἠ
442 1153 470 1182 δὲ
500 1153 663 1192 μακεδονικῆ
694 1154 833 1183 δυναστεία
860 1155 909 1190 τῆν

82 1202 192 1238 Περσῶν
223 1200 313 1238 ἀρχὴν
341 1198 494 1227 καθελοῦσα
526 1199 592 1237 ἄχρι
621 1199 744 1237 δευτέρας
772 1200 789 1235 ἢ
816 1200 910 1237 τρίτης

85 1244 181 1284 ἴσχυσε
209 1244 353 1283 προελθεῖν
384 1247 492 1283 γενεῖις.
533 1245 565 1272 Ἡ
602 1243 630 1271 δέ
658 1244 800 1281 Ῥωμαίων
830 1244 912 1276 πόλις

82 1290 189 1326 ἀπάσης
217 1290 264 1327 μὶν
291 1291 373 1328 άρχεῖ
400 1293 471 1328 γῆς,
502 1289 552 1325 ὅση
584 1290 622 1327 μή
650 1288 800 1327 ἀνέμϐατός
828 1290 910 1327 ἐστιν,

83 1334 147 1362 ἀλλ’
176 1335 228 1362 ὑπὸ
257 1335 408 1372 ἀνθρώπων
439 1335 563 1363 οἰκεῖται.
595 1334 685 1370 Ηάσης
716 1333 744 1361 δὲ
758 1337 852 1372 κρατεῖ
865 1336 911 1362 θα-

83 1379 198 1416 λάττης,
218 1380 264 1407 καὶ
279 1380 365 1414 αὐτῆς
381 1383 431 1415 τῆς
448 1378 631 1416 ὠκεανίτιδος,
655 1380 699 1407 καὶ
716 1380 764 1415 ὅση
785 1379 912 1408 πλεῖσθαι

82 1423 226 1459 ἀδύνατος,

353 1469 427 1506 ρμγ’.
449 1469 515 1507 Περὶ
536 1471 643 1507 χυμῶν.

118 1515 162 1543 Ἐν
191 1516 232 1551 τῷ
260 1513 332 1552 γένει
363 1512 447 1542 ὅντων
478 1516 531 1542 τῶν
563 1516 657 1552 κυμῶν
684 1513 728 1542 ἕνα
754 1514 836 1552 μόνον
868 1502 949 1543 τὸνί]

83 1558 206 1596 ἁλμυρὸν
232 1557 275 1585 ἐπ’
297 1557 405 1589 οὐδενὸς
430 1560 535 1596 καρποῦ
561 1559 667 1596 ὁρῶμεν
684 1559 839 1597 γινόμενον·
865 1560 912 1588 τὸν

85 1603 131 1640 μὲν
169 1603 222 1640 γὰρ
259 1603 355 1641 πικρὸν
393 1603 484 1641 χυμὸν
515 1604 533 1638 ἡ
571 1602 649 1631 ἐλαία
678 1603 763 1643 φέρει,
793 1604 838 1632 καὶ
867 1605 912 1632 τὸν

83 1648 213 1687 στρυφνὸν
239 1648 266 1675 αἱ
296 1645 542 1687 φοινικοϐάλανοι,
573 1648 618 1675 καὶ
648 1648 695 1676 τὸν
723 1649 855 1687 αὐστηρὸν
885 1650 913 1677 αἱ

86 1691 159 1730 ῥοαὶ,
187 1692 232 1720 καὶ
261 1692 306 1720 τὸν
334 1692 435 1730 γλυκὺν
462 1692 493 1720 τὸ
508 1691 582 1728 μέλι,
599 1693 642 1720 καὶ
658 1693 703 1720 τὸν
718 1693 778 1728 ὀξὺν
790 1696 843 1721 τῶν
860 1695 913 1730 μή·

86 1735 143 1764 λωι
173 1736 249 1771 ἔνια,
276 1737 321 1764 καὶ
349 1737 395 1765 τὸν
425 1736 523 1775 δριμὺν
548 1737 640 1764 πολλὰ
667 1740 719 1764 τῶν
750 1739 912 1776 σπερμάτων

86 1782 131 1808 καὶ
154 1783 209 1809 τῶν
235 1781 329 1819 ῥιζῶν·
360 1782 374 1808 ὁ
404 1780 432 1808 δὲ
449 1781 571 1818 ἁλμυρὸς
586 1782 675 1819 χυμὸς
691 1781 735 1809 ἀπ’
750 1781 859 1814 οὐδενός
873 1783 914 1820 γί-

86 1836 170 1854 νεται.
203 1825 278 1853 Διότι
307 1827 324 1861 ἡ
354 1825 473 1858 θάλασσα
508 1825 676 1862 διηθουμένη
704 1826 749 1854 διὰ
775 1830 859 1864 φυτοῦ
882 1828 913 1855 τὸ

85 1869 211 1908 ἁλμυρὸν
241 1868 405 1898 ἀποϐάλλει·
435 1869 535 1908 γεῶδες
547 1870 597 1909 γὰρ
613 1871 657 1898 καὶ
675 1872 832 1909 παχυμερές
846 1871 914 1908 ἐστι,

84 1914 129 1942 καὶ
143 1913 169 1941 ἐν
188 1914 291 1951 ἑκάστῳ
305 1916 359 1942 τῶν
375 1917 465 1950 φυτῶν
479 1915 510 1942 τὸ
526 1914 649 1953 ἁλμυρὸν
665 1915 738 1954 ὕδωρ
754 1917 798 1944 καὶ
814 1917 914 1949 θαλάτ-

83 1969 143 1986 τιον
168 1958 381 1995 ἇλλοιούμενον,
404 1960 456 1994 τὴν
486 1960 532 1996 μὲν
554 1959 732 1998 ἆλμυρότητα
747 1961 913 1997 ἀποτίθεται,

83 2003 176 2042 ἑτέραν
224 2003 252 2031 δὶ
299 2002 503 2040 μεταλαμϐάνει
550 2004 694 2040 ποιότητα,
745 2008 811 2033 "Ara
861 2007 913 2045 γὰρ

84 2049 244 2087 παχύτατον
259 2049 289 2076 ’ὸν
302 2049 334 2076 τὸ
351 2048 473 2087 ἁλμυρὸν
490 2049 522 2076 οὐ
546 2048 654 2077 δύναται
675 2050 727 2078 ἀπὸ
751 2053 804 2078 τῶν
833 2051 915 2089 ῥιζῶν

85 2094 126 2126 εἷς
141 2093 205 2125 τοὺς
219 2092 339 2125 κλάδους
356 2093 575 2131 μετεωρίζεσθαι,
592 2094 614 2121 εἶ
632 2095 669 2132 μὴ
686 2095 731 2122 σὺν
747 2097 781 2132 τῇ
791 2096 913 2134 ἁλμυρό-

85 2150 149 2174 τητι
166 2137 295 2176 ἁποϐαλῇ
311 2139 356 2166 καὶ
372 2139 420 2174 τὴν
440 2138 588 2177 βαρύτητα.

88 2191 160 2230 ρμδ’.
199 2192 274 2220 Διατί
311 2189 537 2231 παραϐάλλουσιν
577 2191 644 2224 ἅλας
681 2193 707 2220 οἱ
737 2196 831 2231 νομεῖς
859 2186 956 2226 τοῖςΠ

425 2229 588 2266 θρέμμασιν.

124 2270 199 2298 Διότι
211 2271 260 2305 τὴν
283 2269 403 2308 ὅριξινὴ
422 2269 558 2310 δριμύτης
587 2271 751 2308 ἐκκαλεῖται,
781 2273 826 2301 καὶ
855 2273 920 2305 τοὺς

87 2315 192 2353 πόρους
233 2315 441 2352 ἀναστομοῦσα,
483 2315 537 2344 ὧδε
574 2319 649 2344 ποιεῖ
671 2319 705 2354 τῇ
732 2320 820 2357 τροιῖῇ
851 2318 919 2356 πρὸς

86 2359 226 2388 ἀνάδοσιν.
254 2361 289 2389 Ἦ
317 2359 424 2397 μᾶλλον
453 2361 554 2399 ὑγιείας
579 2360 657 2389 ἕνεκα
683 2361 728 2390 τὸν
745 2362 799 2390 ἅλα
815 2361 919 2390 διδόασι

85 2407 146 2436 τοῖς
175 2405 342 2442 βοσκήμασι.
373 2408 454 2433 Νοσεῖ
474 2405 525 2443 γὰρ
539 2406 572 2433 τὰ
587 2406 731 2444 θρέμματα
746 2409 919 2445 πιαινόμενα,

87 2449 137 2484 τήν
156 2448 184 2477 δὲ
199 2449 320 2486 πιμελὴν
342 2451 471 2485 τήκουσιν
498 2451 526 2477 οἱ
552 2450 614 2482 ἅλες
630 2451 675 2478 καὶ
702 2450 856 2490 διαχέουσιν
870 2463 875 2469 ·
901 2453 919 2488 ἡ

87 2494 139 2531 γὰρ
155 2493 287 2522 κολλῶσα
301 2495 346 2522 καὶ
363 2494 509 2522 συνδέουσα
535 2495 565 2522 τὸ
583 2494 670 2533 δέρμα
685 2495 803 2533 πιμελὴ,
832 2497 919 2532 λεπτή

87 2537 134 2565 καὶ
154 2538 267 2574 ἀσθενὴς
299 2539 351 2568 ὑπὸ
382 2538 550 2577 δριμύτητος
573 2540 689 2578 γίνεται,
717 2541 763 2568 καὶ
791 2542 823 2568 τὸ
853 2543 921 2578 αἷμα

91 2580 121 2609 δὶ
147 2584 202 2610 τῶν
222 2582 254 2610 τὸ
283 2582 350 2614 ἅλας
365 2582 583 2621 διαλειχόντων,
613 2583 783 2614 λεπτύνεται.
812 2586 860 2613 Καὶ
887 2586 922 2613 τὰ

998 218 1084 246 Solus
1097 225 1111 246 e
1127 219 1223 246 ﬂuviis
1240 219 1323 247 Nilus
1339 229 1426 248 auras
1442 229 1500 249 non
1516 222 1634 257 emittit,
1648 225 1786 259 quoniam

963 263 992 290 in
1010 262 1138 290 nubibus
1153 264 1188 291 ab
1204 264 1348 300 [Ethiopia
1374 274 1467 301 usque
1492 275 1544 302 per
1566 267 1671 295 etesias
1698 270 1788 296 meri-

964 307 1042 334 diem
1058 316 1160 335 versus
1175 309 1326 344 propulsis
1346 318 1470 346 vapores
1485 319 1587 339 omnes
1601 321 1618 339 a
1643 313 1789 341 caloribus

963 351 1043 379 illius
1059 351 1113 379 loci
1129 353 1358 387 abusumuntur,
1370 356 1457 390 atque
1472 355 1575 383 exinde
1591 356 1697 391 pluviis
1713 357 1788 384 mul-

965 396 1002 423 tis
1026 397 1199 425 cadentibus
1228 397 1311 425 Nilus
1340 398 1419 435 ripas
1448 407 1518 427 suas
1542 408 1678 436 egressus
1703 410 1789 437 agros

965 440 1112 475 fecundat,
1129 450 1181 469 nec
1196 442 1304 470 mirum
1321 447 1365 470 est
1380 444 1454 479 quod
1479 453 1565 472 auras
1589 445 1697 474 emittit
1721 446 1789 474 nul-

964 484 1018 519 las,
1035 486 1192 521 vaporibus
1209 487 1346 515 omnibus
1363 497 1377 515 n
1395 488 1490 517 calore
1505 490 1566 524 jam
1593 491 1786 527 consumptis.

965 529 1063 564 Neque
1080 538 1156 564 vero,
1174 532 1251 566 quod
1271 531 1453 568 philosophis
1469 533 1648 569 quibusdam
1667 544 1790 571 persua-
1827 561 1831 566 .

965 582 1032 601 sum
1048 577 1102 609 est,
1125 583 1142 602 a
1167 575 1283 602 nivibus
1308 575 1474 612 liquefactis
1497 581 1621 614 augetur
1643 582 1671 607 et
1696 583 1787 608 incre-

967 620 1098 645 mentum
1115 619 1193 654 capit
1207 619 1300 654 Nilus,
1315 621 1420 656 [neque
1443 621 1537 649 verior
1560 622 1610 650 illa
1633 631 1722 651 causa
1744 626 1789 652 est

966 671 1103 691 aurarum
1120 663 1267 691 nullarum
1285 672 1301 691 a
1316 664 1380 692 Nilo
1396 666 1489 693 emitti
1507 667 1669 703 solitarum,
1686 669 1786 704 iquam

965 707 1149 735 incrementi.

1191 799 1249 826 142.
1266 799 1302 827 De
1317 799 1408 835 regnis
1423 802 1565 830 maximis.

1004 842 1131 870 Primum
1162 843 1317 872 celebrium
1349 853 1505 881 regnorum
1542 847 1596 874 fuit
1624 848 1788 885 Assyrium,

967 888 1035 915 inde
1047 888 1188 915 Medicum
1207 889 1282 924 quod
1300 890 1436 924 superius
1449 889 1521 918 illud
1535 892 1679 924 evertit,et
1694 886 1800 929 majus-

967 932 1122 968 imperium
1140 933 1196 960 sibi
1213 934 1400 968 comparavii.
1420 934 1510 962 Persae
1527 936 1593 963 inde
1614 936 1713 965 Medos
1739 939 1789 965 de-

967 977 1124 1011 bellarunt,
1137 980 1165 1004 et
1194 977 1263 1005 Asia
1289 980 1502 1014 propemodum
1533 983 1592 1008 tota
1618 982 1787 1018 subjugata,

967 1021 1061 1048 conati
1078 1024 1147 1049 sunt
1163 1022 1318 1058 Europeans
1334 1023 1422 1050 etiam
1448 1024 1581 1052 nationes
1607 1033 1789 1062 oppugnare,

966 1073 1075 1102 paucas
1089 1068 1186 1094 tamen
1204 1067 1395 1102 subegerunt,
1412 1068 1667 1105 principatumque
1687 1073 1790 1099 tenue-

966 1113 1033 1137 runt
1049 1119 1105 1137 non
1122 1110 1214 1138 multo
1231 1112 1341 1146 majore
1366 1120 1454 1147 quam
1480 1113 1672 1141 ducentorum
1698 1123 1788 1143 anno-

966 1163 1031 1182 rum
1050 1155 1155 1190 spatio.
1173 1155 1364 1183 Macedonum
1382 1156 1538 1192 imperium
1556 1157 1657 1186 Persas
1681 1160 1789 1194 princi-

966 1201 1034 1236 patu
1052 1199 1167 1234 dejncit,
1185 1201 1212 1226 et
1228 1200 1261 1227 ad
1280 1201 1439 1228 aecrndam
1454 1202 1496 1229 vel
1512 1203 1629 1230 tertiam
1650 1203 1697 1231 vix
1721 1212 1789 1240 pro-

965 1244 1085 1271 ductum
1101 1246 1146 1271 est
1160 1245 1388 1279 generationem.
1405 1245 1480 1273 Urbs
1497 1246 1587 1274 Roma
1602 1248 1679 1275 omni
1697 1250 1789 1283 terrae,

967 1297 1024 1324 qua
1042 1297 1096 1316 non
1114 1289 1248 1316 inacessa
1263 1291 1317 1322 est,
1334 1291 1362 1317 et
1387 1290 1422 1317 ab
1446 1290 1617 1320 hominibus
1641 1292 1789 1327 incolitur,

967 1333 1103 1369 imperat,
1121 1336 1148 1361 et
1164 1334 1215 1361 toti
1232 1334 1305 1361 mari
1323 1336 1409 1370 atque
1425 1342 1544 1369 oceano,
1561 1336 1647 1364 etiam
1665 1345 1723 1372 qua
1739 1346 1790 1365 na-

965 1377 1103 1414 vigabilis
1115 1386 1180 1406 esse
1193 1378 1310 1406 desinit.

1235 1469 1296 1495 143.
1313 1469 1350 1496 De
1366 1469 1524 1504 saporibus.

1008 1513 1047 1541 Ex
1065 1522 1202 1550 saporum
1220 1513 1308 1541 variis
1324 1514 1481 1549 generibus
1505 1513 1600 1542 solum
1626 1514 1736 1543 salsum
1762 1516 1791 1544 in

968 1560 1048 1589 nullo
1070 1560 1164 1587 lrnctu
1191 1557 1321 1594 generari
1348 1558 1550 1591 observamus,
1567 1567 1700 1587 amarum
1713 1560 1792 1588 enim

968 1606 1044 1634 oliva
1066 1605 1130 1638 fert,
1157 1602 1369 1638 astringentem
1398 1602 1482 1638 glans
1507 1603 1702 1639 unguentaria
1725 1604 1792 1641 (12),

968 1650 1105 1679 acerbum
1129 1647 1237 1675 malum
1263 1647 1415 1683 punicum,
1439 1647 1555 1675 dulcem
1582 1648 1647 1682 me],
1675 1649 1792 1677 acidum

969 1704 1055 1732 poma
1073 1693 1217 1729 quaedam,
1235 1692 1445 1720 mordicantem
1463 1692 1556 1720 multa
1572 1693 1695 1729 semina,
1717 1694 1793 1721 mul-

968 1743 1062 1776 taaque
1074 1738 1198 1766 radices.
1215 1737 1317 1765 Salsus
1334 1745 1399 1764 vero
1415 1737 1521 1764 humor
1537 1737 1563 1764 in
1582 1737 1661 1765 nullo
1685 1738 1793 1774 reperi-

969 1787 1027 1812 tur.
1044 1785 1137 1817 Quare
1156 1784 1183 1810 et
1194 1790 1271 1818 aqua
1288 1781 1401 1809 marina
1417 1781 1534 1817 quando
1559 1781 1688 1817 plantam
1714 1783 1795 1810 subit

969 1830 1089 1864 alitque,
1107 1826 1282 1856 salsedinem
1299 1826 1441 1861 relinquit
1454 1834 1516 1861 quae
1533 1828 1631 1854 terrete
1647 1829 1675 1854 et
1689 1835 1794 1855 crassa:

970 1875 1079 1901 naturas
1095 1874 1150 1906 est,
1167 1873 1194 1899 et
1218 1870 1247 1898 in
1272 1869 1403 1906 qualibet
1427 1870 1527 1906 planta
1552 1878 1634 1906 aqua}
1660 1871 1743 1898 salsae
1767 1873 1796 1898 et

970 1917 1089 1945 marina:
1107 1919 1241 1943 naturain
1259 1916 1383 1948 mutant,
1393 1915 1629 1951 salsedinemque
1644 1916 1796 1951 deponunt

969 1965 996 1990 et
1013 1961 1098 1990 aliam
1115 1960 1244 1987 indolem
1262 1959 1397 1986 induunt.
1415 1960 1564 1992 Quatenus
1587 1961 1664 1987 enim
1684 1960 1796 1988 salsum

969 2007 1076 2035 crassis
1100 2005 1183 2033 valde
1208 2005 1323 2032 constat
1350 2003 1514 2040 particulis,
1542 2013 1600 2032 non
1625 2007 1723 2040 potest
1746 2013 1797 2040 per

969 2051 1081 2079 radices
1097 2051 1126 2078 in
1143 2057 1240 2077 ramos
1265 2048 1367 2084 attolli,
1385 2048 1441 2076 nisi
1465 2048 1642 2077 salsedinem
1670 2048 1795 2085 gravita-

970 2099 1086 2131 temque
1102 2095 1234 2131 abjiciat.

1022 2193 1081 2222 144.
1099 2195 1192 2228 Quare
1207 2193 1331 2227 pastores
1341 2191 1486 2226 pecoribus
1501 2191 1586 2218 salem
1599 2192 1754 2227 praebeant.

1010 2273 1152 2306 Quoniam
1168 2280 1234 2300 acor
1250 2270 1413 2307 appetitum
1430 2270 1546 2304 excitat,
1563 2278 1710 2306 porosque
1732 2279 1800 2306 ape-

976 2318 1103 2354 rit,quod
1121 2317 1190 2344 facit
1205 2316 1239 2343 ad
1258 2315 1407 2342 meliorem
1426 2314 1683 2349 digestionem.Vel
1700 2315 1800 2351 potius

975 2361 1153 2390 valetudinis
1169 2369 1258 2388 causa
1274 2361 1345 2387 dant
1358 2359 1447 2386 salem
1466 2359 1630 2394 pecoribus,
1648 2367 1711 2395 qua
1737 2360 1800 2396 pin-

976 2407 1100 2443 guedine
1116 2405 1292 2441 quandoque
1307 2403 1496 2437 laborant,sal
1514 2405 1612 2431 autem
1628 2403 1758 2432 absumit
1771 2407 1799 2432 et

976 2451 1090 2488 digerit.
1107 2450 1255 2486 Pinguedo
1271 2449 1349 2476 enim
1366 2456 1430 2484 qua
1446 2447 1558 2483 pellem
1584 2449 1800 2484 constipaverat

976 2499 1004 2524 et
1019 2496 1190 2528 adduxerat,
1208 2495 1243 2522 ab
1259 2501 1341 2521 acore
1358 2493 1407 2520 illo
1422 2494 1572 2528 tenuatur,
1594 2497 1620 2520 et
1644 2493 1799 2527 minuitur,

977 2544 1004 2569 et
1019 2541 1141 2577 sanguis
1156 2539 1301 2576 pecudum
1319 2537 1410 2566 salem
1423 2537 1715 2573 lamberejussarum
1735 2539 1800 2566 red-

977 2587 1057 2614 ditur
1072 2585 1218 2614 subtilior.
1234 2583 1329 2612 Etiam
1346 2583 1380 2610 ad
1399 2583 1599 2618 generandum
1622 2583 1749 2619 aptiores
1772 2585 1801 2612 et

889 2649 1006 2678 NOT/E.

130 2698 187 2736 (t2)
204 2699 484 2740 Phgsnicohalanum
496 2702 587 2731 Graeci
609 2703 787 2740 recentiores
804 2705 918 2740 ponunt

95 2743 148 2773 pro
165 2736 367 2772 myrobalano,
397 2737 444 2765 cui
473 2738 585 2767 fructus
614 2738 729 2778 στυφοὺς
758 2736 818 2769 sive
842 2749 917 2779 στρυ-

994 2701 1041 2733 οὺς
1057 2711 1120 2731 esse
1137 2703 1262 2730 testatur
1275 2698 1447 2735 Aristoteles
1463 2698 1539 2732 lib.i,
1551 2698 1590 2726 De
1606 2698 1800 2735 plantis.Vide

989 2748 1014 2769 ο.
1032 2739 1167 2768 Bedmum
1183 2747 1200 2766 a
1213 2735 1312 2774 Stapel
1328 2735 1364 2764 ad
1379 2734 1616 2772 Theophrastum
1631 2744 1660 2772 p.
1675 2735 1720 2764 97.
