1951 3054
88 74 149 103 777

682 76 732 106 DE
755 75 975 107 OMNlFAltIA
1000 76 1212 108 DOCTRINA.

1739 79 1798 110 778

82 136 247 176 χωόμενος,
263 138 410 177 ἐξυγραίνιι
426 140 479 178 γὰρ
495 139 582 167 αὐτῶν
608 140 652 168 καὶ
669 140 717 168 οὑκ
728 139 758 176 ἐᾷ
773 141 846 180 παρὰ
860 143 911 168 τῶν

1000 144 1040 171 ite
1055 145 1186 171 aestatem
1208 143 1347 171 cadentes
1365 144 1543 177 conducunt,
1560 144 1708 180 siquidem
1726 145 1800 174 illud

87 186 198 222 θερμῶν
224 185 385 221 πνευμάτων
415 184 606 222 θερμαίνεσθαί
634 196 664 213 τι
691 187 735 213 καὶ
760 185 916 225 φλέγεσθαι,

89 227 136 257 διὰ
149 231 233 256 ταῦτα
248 229 374 267 εὔχονται
390 231 448 260 τοῖς
466 228 577 267 δωριοῖς
593 231 678 264 κακὴν
693 230 796 267 χόρτου
817 241 917 268 συγκο-

92 273 189 311 μιόήν.

88 335 174 370 ρμη’.
202 332 277 360 Διατί
305 333 323 367 ἡ
354 330 466 370 ἄρκτος
484 331 532 359 οὐκ
560 332 641 360 ἐσθίει
669 332 703 360 τὰ
733 332 826 361 δίκτυα
853 332 916 360 ὅταν

419 367 578 403 ἁλίσκηται.

125 422 208 449 Λύκοι
240 422 287 458 μὲν
316 421 362 449 καὶ
391 420 470 460 ἄρνες
504 421 549 449 καὶ
577 422 601 448 τ’
630 421 704 449 ἄλλα
729 424 784 449 τῶν
812 423 914 460 θηρίων

85 465 262 503 διαμάσσεται
291 466 323 494 τὰ
353 465 458 503 δίκτυα⁷
488 466 551 494 ὅταν
569 465 594 493 ἐν
610 466 719 497 τούτοις
742 467 863 504 γένηται.
883 468 914 495 Ἡ

84 511 115 539 δὲ
145 510 243 550 ἄρκτος
270 510 334 542 τοὺς
364 510 478 543 ὀδόντας
507 510 609 549 ἔχουσα
625 510 689 538 εἴσω
715 512 763 538 τοῦ
780 511 915 547 στόματος

81 557 183 591 ἥκιστα
198 557 265 593 πρὸς
278 556 313 583 τὰ
327 555 386 583 λίνα
415 555 569 592 ἐξικνεῖται.
595 556 774 593 Παραπὲμπει
803 556 853 593 γὰρ
882 557 915 583 τὰ

81 600 168 639 χείλη
199 600 243 628 ’διᾶ
270 601 361 637 πάχος
389 601 434 627 καὶ
467 600 588 638 μέγεθος,
619 601 637 635 ἢ
657 599 763 636 μᾶλλον
783 600 914 638 ἰσχύουσα

80 649 143 676 ταῖς
172 644 250 683 χερσῖ
277 644 380 680 διασπᾷ
407 645 453 672 τὸν
484 645 599 682 βρόχον,
630 645 675 671 καὶ
689 647 748 676 ταῖς
768 645 820 681 μὴν
835 645 914 682 χερσὶ

83 689 187 725 διασπᾷ
209 687 255 717 ’τὸ
294 689 379 724 λίνον,
416 691 455 725 τῷ
490 688 518 716 δὶ
546 689 661 725 στόματι
694 689 825 725 ἀμύνεται
850 689 914 722 τοὺς

84 734 246 765 διώκοντας·
278 734 296 770 ἢ
321 733 363 761 ὅτι
392 734 419 761 αἱ
447 732 683 771 περικυλινδήσεις
710 733 828 770 μάλιστα
845 735 913 772 βοη-

84 780 163 806 θοῦσι
193 779 261 815 αὐτῇ
286 779 354 816 πρὸς
370 778 418 812 τὴν
436 778 577 817 ἀποφυγὴν
595 777 745 805 διασπῶσαι
761 778 792 805 τὸ
806 777 912 806 δίκτυον

973 187 1154 220 humectant,
1179 195 1231 215 nec
1261 188 1434 223 permittunt
1462 187 1535 216 illud
1565 197 1583 216 θ,
1610 188 1800 218 calidioribus

972 232 1067 260 ventis
1082 234 1155 260 testu
1171 232 1247 260 afﬁci
1260 234 1292 260 'et
1307 232 1363 266 uri,
1381 232 1449 260 hinc
1466 232 1545 261 Dorii
1563 232 1675 261 malum
1688 234 1800 270 grami-

973 277 1019 304 nis
1035 278 1208 313 proventum
1224 278 1373 313 exoptant.

1058 336 1118 363 148.
1134 337 1228 371 Quare
1242 343 1308 364 ursa
1323 335 1500 377 non_arrodiz
1518 337 1589 364 retia
1604 336 1714 373 quando

1322 377 1440 407 capitur.

1007 425 1081 461 Lupi
1111 427 1138 453 et
1172 425 1239 462 agni
1269 425 1391 461 aliaeque
1419 425 1520 453 bestias
1551 426 1694 454 arrodunt
1726 426 1798 455 retia

971 470 1088 505 quando
1115 469 1175 497 illis
1205 470 1379 497 constrictas
1410 478 1441 497 se
1471 471 1611 498 sentiunt.
1629 471 1703 499 Ursa
1730 479 1798 500 vero

970 514 1072 541 dentes
1103 514 1228 542 interius
1255 514 1284 541 in
1311 514 1444 542 faucibus
1470 515 1579 543 habens
1609 515 1708 543 minus
1737 515 1798 544 illis

969 557 1045 585 valet
1060 559 1198 586 adversus
1223 558 1328 592 linum,
1346 559 1422 594 quod
1439 558 1524 586 labiis
1547 562 1665 595 propter
1678 559 1796 588 illorum

970 602 1134 630 crassitiem
1151 605 1180 630 et
1194 603 1428 638 magnitudinem
1452 604 1562 638 patitur
1574 604 1706 632 excidere
1723 613 1730 633 :
1747 606 1798 633 aut

967 655 1035 674 vero
1059 646 1198 682 quoniam
1222 647 1316 682 magis
1340 647 1417 674 valet
1442 648 1635 676 anterioribus
1661 649 1795 684 pedibus,

968 690 1028 718 illis
1044 691 1164 727 laqueos
1181 691 1335 726 dirumpit,
1353 694 1439 726 atque
1456 692 1528 720 adeo
1543 692 1616 720 retia
1631 701 1759 729 quoque,
1770 695 1799 722 et

969 743 1018 764 ore
1033 736 1163 763 defendit
1188 744 1218 763 se
1244 736 1387 763 adversus
1404 739 1613 772 persequentes
1631 745 1637 765 :
1654 740 1704 765 aut
1728 739 1798 774 quia

968 779 1163 808 volutationes
1178 788 1277 808 ursam
1296 781 1423 808 maxime
1435 782 1540 816 juvant
1551 784 1583 809 ut
1593 782 1714 810 evadere
1729 791 1797 818 pos-

84 824 132 852 καὶ
163 823 338 861 ῥηγνύουσαι,
366 822 424 850 ὅθεν
451 822 588 853 πολλάκις
616 821 831 860 περικυλιομένη
855 827 911 855 τοῖς

1000 827 1017 859 t,
1043 825 1235 853 discindendo
1267 827 1354 861 atque
1379 825 1591 862 disrumpendo
1616 829 1694 861 rete,
1720 835 1797 863 saepe

87 869 204 906 βρόχοις
231 867 330 905 διαιρεῖ
357 867 469 898 τούτους
498 867 542 894 καὶ
558 867 661 904 τέμνει,
681 868 736 895 εἶτα
752 867 851 905 ῥᾳδίως
867 867 910 896 ἰκ-

83 911 200 948 κυϐιο-τᾷ
214 913 258 940 καὶ
276 913 399 947 σώζεται.
416 911 533 939 Πολλῶν
552 911 597 939 οὖν
607 913 674 949 αὐτῇ
687 910 771 939 ὄντων
788 913 910 949 ἀμυντη-

84 958 152 995 ρίων
167 957 212 985 καὶ
228 957 359 996 ἀφορμῶν
374 956 411 987 εἷς
438 955 585 995 διαφυγὴν,
606 959 664 987 τοῖς
690 956 809 993 μάλιστα
831 957 910 996 ἴσχυ-

83 1003 208 1040 ροτὲροις
235 1005 349 1040 χρῆται,
365 1001 410 1029 καὶ
426 999 604 1028 διολισθαίνιι
632 1003 680 1028 τοῦ
696 1001 803 1039 βρόχου
821 1002 864 1040 ὑφ’
879 1001 911 1029 οὗ

82 1047 227 1085 κατέχεται
232 1068 239 1076 .

83 1111 158 1148 ρμθ’.
175 1109 250 1138 Διατί
274 1110 292 1145 ἡ
321 1108 410 1141 τευθὶς
440 1109 605 1172 φοὶινοίμένη,
634 1110 749 1146 σημεῖον
771 1112 911 1147 χειμῶνος

484 1156 513 1172 στ
531 1167 536 1172 .

484 1156 536 1173 στι.

120 1200 152 1228 Ἠ
180 1200 268 1230 τευθὶς
297 1197 421 1236 ἱχθῦδιόν
450 1198 505 1226 ἐστι
529 1197 603 1225 λεῖον
627 1198 676 1232 τὴν
691 1197 845 1237 ὶπιφαὶνειαν
861 1201 911 1233 τῆς

85 1245 196 1282 σαρκὸς,
226 1244 285 1277 ὅθεν
314 1243 358 1271 καὶ
388 1242 525 1281 μαλάχιον
555 1243 730 1279 ὠνόμασται.
757 1242 912 1270 Ψιλότατον

85 1290 138 1328 γὰρ
169 1289 197 1317 ὅν
227 1288 272 1316 καὶ
303 1289 372 1325 μήτε,
401 1288 525 1326 ὀστράκῳ
554 1286 822 1325 συγκαλυπτόμενον,
844 1288 913 1324 μήτε

85 1333 200 1371 δέρματι
216 1333 425 1371 περιεχόμενον,
443 1334 511 1369 μήτε
540 1331 631 1360 λεπίδι
654 1332 828 1369 σκεπόμενον,
846 1333 913 1369 μετὰ

82 1381 138 1407 τῶν
179 1377 325 1416 μαλαχίων
361 1378 518 1415 τετάχαται.
554 1377 658 1414 Γυμνὸν
687 1376 732 1404 οὖν
760 1377 838 1404 παντὶ
866 1377 911 1405 καὶ

82 1423 199 1454 ἀσκεπὶς
230 1422 259 1450 ὅν
289 1422 497 1460 προαισθάνεται
525 1420 560 1448 δι’
576 1421 716 1453 εὐπάθειαν
739 1423 787 1449 τοῖ’)
803 1423 912 1458 χειμῶ-

83 1479 138 1499 νος.
170 1468 229 1495 ’ὀοεν
260 1466 400 1504 ἐξάλλεται
435 1466 571 1504 φεύγουσα
583 1466 614 1494 τὸ
644 1465 732 1504 ψύχος
759 1465 803 1493 καὶ
822 1467 872 1500 τὴν
887 1465 912 1493 ἐν

967 869 1043 896 enim
1060 878 1127 897 cum
1139 878 1173 897 eo
1185 878 1216 897 se
1227 869 1460 898 circumvolvens
1476 870 1504 898 id
1518 870 1596 898 laxat
1607 880 1639 899 ac
1652 871 1796 907 refringit,

966 922 998 941 ac
1022 914 1128 942 deinde
1152 914 1236 941 facile
1260 914 1375 950 prosilit
1401 917 1489 950 atque
1513 924 1545 942 se
1568 918 1678 944 tuetur.
1695 916 1796 952 Itaque

966 966 1032 986 cum
1047 959 1140 986 multa
1154 958 1260 985 habeat
1271 958 1380 993 quibus
1392 967 1422 986 se
1438 959 1706 994 possitdefendere,
1719 960 1796 988 mul-

965 1004 1053 1038 taque
1069 1003 1104 1030 ad
1121 1003 1318 1037 effugiendum
1331 1002 1448 1036 auxilia,
1462 1003 1678 1031 robustissimis
1689 1004 1794 1038 utitur,

964 1047 1162 1083 laqueumque
1176 1055 1235 1082 quo
1251 1049 1367 1075 tenetur
1382 1046 1482 1083 ligata,
1499 1048 1673 1084 perrumpit.

1020 1109 1081 1137 149.
1100 1109 1192 1143 Quare
1207 1108 1294 1144 latigo
1307 1117 1394 1143 super
1410 1110 1490 1145 aquis
1506 1111 1566 1138 visa
1580 1111 1691 1146 signum
1705 1112 1743 1139 sit

1293 1146 1471 1181 tempestatis.

1001 1198 1101 1235 Loligo
1127 1198 1288 1234 pisciculus
1304 1200 1348 1226 est
1370 1198 1526 1234 superficie
1551 1199 1681 1236 corporis
1704 1200 1794 1234 laevis,

967 1244 1044 1272 unde
1057 1245 1085 1271 et
1102 1241 1235 1279 μαλάκιον
1249 1252 1266 1271 a
1278 1242 1398 1271 mollitie
1410 1243 1589 1279 appellatur;
1603 1245 1701 1273 nudus
1714 1245 1794 1273 enim

967 1296 1018 1316 nec
1035 1288 1178 1320 munitus,
1194 1289 1277 1320 testa,
1295 1295 1347 1315 nec
1363 1290 1429 1315 cute
1451 1288 1584 1324 indutus,
1601 1297 1653 1316 nec
1667 1298 1794 1325 squama

966 1335 1127 1367 contectus,
1151 1332 1291 1359 mollibus
1316 1335 1497 1360 accensetur.
1514 1333 1617 1361 Nudus
1641 1333 1740 1369 itaque
1765 1337 1796 1362 et

967 1377 1088 1405 minime
1102 1379 1196 1404 tectus
1222 1377 1292 1404 adeo
1309 1385 1375 1404 cum
1392 1377 1441 1409 sit,
1459 1377 1542 1405 facile
1564 1378 1695 1406 afﬁcitur
1719 1387 1794 1414 pras-

966 1422 1113 1458 seutitque
1138 1424 1355 1457 tempestatem,
1372 1422 1449 1449 unde
1475 1422 1590 1457 prosilit
1604 1425 1636 1450 ut
1658 1423 1750 1459 frigus
1767 1425 1795 1451 et

967 1467 1056 1494 maris
1072 1467 1270 1494 turbationem
1284 1474 1347 1501 quae
1361 1465 1392 1493 in
1410 1466 1501 1493 fundo
1516 1471 1560 1494 est.
1573 1467 1704 1502 effugiat,
1719 1470 1747 1494 et
1762 1468 1792 1495 iu

84 1512 160 1550 βάθει
193 1512 318 1550 ταραχὴν
347 1514 396 1546 τῆς
423 1510 571 1546 θαλάσσης,
595 1509 639 1537 καὶ
670 1509 708 1541 εἰς
734 1510 783 1544 τὴν
813 1509 909 1548 ἐπιφά-

1005 1519 1084 1538 mma
1097 1519 1173 1546 aqua
1184 1513 1327 1546 pronalat.
1337 1511 1459 1542 Quando
1473 1511 1563 1546 igitur
1574 1511 1651 1539 hunc
1665 1511 1794 1547 piscicu-

82 1567 155 1584 νειαν
184 1558 233 1584 τοῦ
257 1555 354 1586 ὕδατος
382 1555 555 1592 ἀνανήχεται.
569 1555 651 1582 Ὅταν
678 1553 723 1581 οὖν
739 1554 770 1581 τὸ
784 1553 909 1591 ῗχθύδιον

82 1602 166 1628 τοῦτο
192 1600 340 1627 θεάσωνται
370 1599 396 1626 οἱ
417 1599 613 1636 θαλαττουργοὶ
625 1599 659 1634 τῇ
685 1597 805 1635 θαλάσσῃ
822 1597 911 1636 νηχό-

87 1655 180 1682 μενον,
210 1646 337 1682 χειμῶνα
364 1642 568 1680 τεκμαίρονται,
586 1642 676 1679 ὥσπερ
692 1642 754 1669 ὅταν
772 1641 849 1669 ἴδωσι
865 1642 909 1669 τὸν

83 1689 231 1718 πολύποδα
244 1693 295 1723 τῆς
310 1688 407 1726 πέτρας
422 1688 631 1726 περιεχόμενον,
653 1687 757 1723 ἀνέμων
779 1689 912 1723 σημεοῦν-

83 1745 128 1762 ται
143 1734 238 1773 φοράν.
256 1733 475 1770 Ἐγκατέσπειρεν
490 1732 541 1769 γὰρ
562 1733 576 1759 ὁ
596 1733 660 1762 Θεὸς
673 1735 731 1762 τοῖς
759 1733 838 1766 ζώοις
864 1731 910 1759 δυ-

81 1779 178 1816 νάμεις
192 1778 407 1817 προγνωστικὰς,
422 1776 457 1804 δι’
473 1776 508 1804 ὦν
524 1777 558 1804 τὰ.
573 1778 695 1814 σωτήρια
711 1775 840 1804 διώκουσι
864 1776 910 1804 καὶ

81 1825 115 1851 τὰ
131 1823 204 1859 λυπη
210 1823 243 1860 ρὰ
257 1821 444 1862 διαφεύγουσι.

82 1890 129 1925 ρν”.
146 1885 221 1914 Διατί
233 1886 277 1914 τὸν
294 1886 341 1925 μὶν
359 1882 777 1925 σῖτονὲν’πηλώδειιφυτεύομεν
795 1886 842 1922 γῇ,
858 1884 907 1919 τὴν

313 1920 343 1949 δὲ
361 1921 457 1958 κριθὴν
475 1920 500 1948 ἐν
521 1921 675 1957 καταξήρῳ.

117 1977 148 2005 'O
175 1978 250 2006 σῖτος
279 1975 377 2013 πικρὸς
405 1973 447 2002 ὅτι
475 1974 520 2002 καὶ
551 1972 687 2010 ξυλώδης,
704 1972 794 2011 χαύνη
813 1972 841 2001 δὲ
863 1974 908 2001 καὶ

81 2020 261 2056 ιῦδιάσηπτος
289 2021 306 2054 ἡ
336 2020 428 2058 κριθή.
456 2019 534 2051 Ὀθεν
565 2018 664 2049 ἐκεῖνος
695 2018 741 2055 μὲν
772 2017 908 2055 μαλαττό-

83 2076 162 2103 μενος
186 2065 230 2092 καὶ
260 2063 432 2103 χολούμενος
460 2064 510 2091 ὑπὸ
537 2065 586 2091 τοῦ
616 2063 697 2102 ὑγροῦ
716 2062 833 2100 μάλιστα
849 2063 910 2103 φύε-

80 2121 136 2139 ται.
160 2112 199 2147 Τῇ
216 2108 244 2137 δὲ
256 2111 337 2148 κριθῇ
358 2108 402 2136 διὰ
417 2107 558 2146 μανότητα
571 2107 709 2147 σύμφορόν
738 2108 794 2136 ἐστι
809 2109 840 2135 τὸ
862 2109 909 2144 ξη-

82 2155 203 2194 ρότερον¹
230 2155 287 2182 ὅθεν
318 2154 475 2192 πυροφόρος
501 2153 581 2190 μὲνὴ
610 2152 680 2180 πίων
703 2152 748 2180 καὶ
771 2153 907 2191 βαθύγεως

965 1556 1026 1583 lum
1043 1557 1137 1583 nautae
1152 1555 1195 1583 vel
1216 1555 1376 1591 piscatores
1393 1555 1466 1582 mari
1490 1558 1732 1591 supernatantem
1747 1556 1792 1584 vi-

965 1601 1045 1634 dent,
1061 1602 1266 1635 tempestatem
1279 1599 1468 1635 pressagiunt,
1479 1600 1520 1627 uti
1532 1603 1684 1628 ventorum
1697 1601 1793 1628 immi-

965 1645 1098 1673 nentium
1111 1645 1226 1680 signum
1239 1646 1293 1676 est,
1306 1644 1329 1671 si
1344 1643 1517 1680 polypodem
1532 1645 1792 1674 animadverterint

965 1693 1053 1726 petrae
1070 1689 1277 1717 adhaerentem.
1292 1689 1482 1716 Inseminavit
1495 1689 1573 1717 enim
1588 1689 1664 1717 Deus
1677 1690 1791 1717 anima-

964 1734 1044 1762 libus
1060 1733 1228 1761 facultatem
1245 1733 1393 1768 ejusmodi
1410 1733 1622 1769 pramotricem,
1637 1734 1721 1769 cujus
1737 1743 1791 1770 ope

964 1780 1118 1816 profutura
1142 1780 1374 1813 prosequuntur,
1397 1780 1425 1804 et
1449 1785 1514 1813 quas
1539 1786 1641 1806 nocere
1666 1781 1792 1813 possunt

964 1823 1090 1859 fugiunt.

965 1886 1025 1914 150.
1044 1886 1134 1920 Quare
1147 1886 1318 1921 frumentum
1339 1885 1368 1911 in
1390 1884 1488 1921 lutoso,
1503 1885 1635 1913 hordeum
1656 1885 1687 1913 in
1707 1885 1789 1914 arido

1254 1921 1423 1948 conserimus
1437 1920 1504 1948 solo.

999 1975 1141 2008 Quoniam
1154 1974 1290 2003 frumenti
1302 1974 1404 2011 planta
1414 1983 1513 2002 amara
1525 1983 1558 2003 ac
1569 1974 1724 2004 surculosa
1734 1976 1788 2011 est,

962 2020 1064 2049 hordei
1079 2022 1177 2048 autem
1192 2019 1258 2047 laxa
1284 2021 1312 2047 et
1338 2019 1463 2056 fungosa
1478 2028 1599 2055 quaeque
1623 2019 1708 2048 facile
1722 2028 1788 2048 cor-

963 2064 1121 2101 rumpitur,
1133 2064 1210 2092 uude
1227 2063 1299 2091 illud
1316 2064 1352 2092 ab
1369 2064 1491 2092 humido
1506 2064 1671 2092 emollitum
1686 2073 1789 2093 succo-

963 2119 1020 2146 que
1035 2109 1190 2146 impletum
1215 2109 1324 2145 optime
1339 2109 1455 2144 crescit,
1472 2109 1581 2137 hordeo
1606 2111 1704 2138 autem
1721 2109 1791 2145 quia
1809 2138 1811 2140 ,

963 2154 1072 2183 laxiore
1096 2156 1202 2182 natura
1218 2156 1272 2189 est,
1289 2154 1383 2190 magis
1408 2154 1545 2182 conducit
1567 2156 1646 2182 terra
1660 2154 1766 2182 siccior
1782 2162 1789 2182 :

82 2199 195 2238 ἄρουρα,
229 2198 393 2238 κριθοφόρος
434 2197 462 2226 δὶ
499 2199 517 2233 ἠ
557 2196 720 2235 λεπτόγιως.
752 2197 826 2225 Διότι
853 2200 907 2226 τῶν

1005 2201 1039 2228 de
1054 2202 1082 2228 et
1098 2199 1215 2235 pinguis
1231 2208 1263 2227 ac
1279 2199 1445 2235 profundus
1461 2207 1530 2235 ager
1554 2200 1665 2228 bonum
1681 2199 1791 2235 profert

81 2243 244 2281 σπερμάτων
265 2243 299 2271 τὰ
327 2243 428 2281 ισχυρὰ
449 2242 578 2273 πλείονος
593 2244 697 2280 τροφῆς
714 2241 809 2277 δεῖται,
832 2243 866 2270 τὰ
880 2242 909 2271 δὲ

82 2289 180 2324 ἀσθενῆ
210 2288 375 2325 λεπτοτέρας
413 2288 456 2315 καὶ
488 2287 620 2326 ἑλαφρῆς.
650 2288 849 2325 Ἀσθενὲστερον
880 2287 909 2316 δὲ

82 2335 99 2369 ἠ
125 2334 206 2369 κριθή
234 2334 277 2361 καὶ
311 2332 466 2370 μανότερον,
497 2331 555 2359 ὃθεν
586 2331 615 2359 οὐ
645 2332 782 2368 φέρει-τήν
799 2332 909 2368 πολλὴν

81 2378 186 2416 τροφὴν
214 2379 258 2405 καὶ
287 2379 408 2416 βαρεῖαν,
434 2377 555 2413 Ἑκάστῳ
581 2377 631 2415 γὰρ
663 2376 835 2414 βλαστήματι
865 2378 909 2405 καὶ

82 2423 187 2459 ἑκάστῳ
222 2423 350 2461 φυομὲνῳ
384 2421 478 2460 χόρτῳ
509 2421 527 2456 ἢ
568 2421 702 2459 σπέρματι
731 2421 909 2458 κατάλληλον

83 2467 140 2505 χρή
168 2468 217 2502 τὴν
250 2466 430 2502 ὑποκειμένην
464 2465 709 2503 παρασκευάζεσθαι
743 2470 806 2504 γῆν,
837 2466 910 2498 ὅπως

83 2513 107 2549 ᾧ
134 2513 225 2550 χαίρει
251 2510 375 2546 ἕκαστον,
390 2511 480 2547 τούτῳ
493 2511 661 2549 τρεφόμενον
677 2510 800 2547 αὔξηται.
818 2511 910 2548 Χαίριι

83 2556 114 2585 δὲ
137 2557 172 2584 τὰ
202 2557 248 2594 μὶν
274 2559 333 2588 τοῖς
349 2557 454 2594 ξηροῖς,
469 2555 503 2583 τὰ
518 2554 547 2583 δὲ
561 2558 619 2587 τοῖς
637 2556 739 2594 ὑγροῖς,
761 2556 794 2583 τὰ
809 2555 838 2584 δὲ
851 2560 910 2588 τοίς

83 2604 207 2639 θερμοῖς.

82 2661 150 2700 ρνα’.
167 2660 244 2688 Διατί
259 2661 276 2695 ἠ
295 2660 419 2700 ἄμπελος
433 2659 665 2700 οξνῳμροιινιομὲνη
685 2659 802 2697 μάλιστα
819 2661 860 2696 τῷ
885 2658 912 2695 ἆξ

331 2697 426 2731 αὐτῆς,
451 2695 665 2734 ἀναξηραίνεται.

121 2751 183 2782 ’Ὁτι
212 2751 227 2779 ὁ
253 2749 367 2790 ἄκρατος
398 2749 547 2784 στυπτικὴν
571 2746 644 2788 ἔχων
678 2749 755 2790 φύσιν
792 2747 912 2777 ἐνδύεται

249 2817 378 2847 ΡΑι-ιιοι..
405 2815 460 2846 Gs.
485 2814 606 2846 CXXII.

963 2246 1156 2279 frumentum,
1173 2245 1271 2271 tenuis
1291 2244 1445 2271 hordeum.
1459 2243 1578 2271 Semina
1605 2243 1726 2271 robusta
1741 2252 1790 2271 co-

964 2289 1090 2326 piosiore
1113 2289 1294 2316 nutrimento
1311 2288 1455 2324 indigent,
1473 2288 1636 2316 inﬁrmiora
1659 2288 1792 2316 tenuiore

964 2343 997 2362 ac
1012 2334 1127 2362 leviore.
1145 2334 1194 2361 Est
1209 2335 1308 2361 autem
1325 2333 1467 2360 hordeum
1481 2333 1567 2369 longe
1583 2332 1732 2360 inﬁrmius
1749 2341 1792 2360 ra-

964 2379 1094 2414 riusque,
1109 2378 1184 2406 unde
1198 2386 1254 2405 non
1271 2377 1324 2405 fert
1338 2377 1552 2404 nutrimentum
1564 2385 1651 2413 grave
1666 2385 1699 2405 ac
1716 2377 1791 2405 mul-

964 2426 1039 2451 tum.
1051 2423 1149 2451 Cuivis
1168 2422 1245 2449 enim
1274 2422 1378 2456 plantm
1402 2422 1533 2449 herbaeve
1550 2421 1682 2450 nascenti
1698 2431 1731 2450 ac
1747 2430 1792 2450 se-

965 2467 1038 2495 mini
1062 2469 1270 2503 congruentem
1288 2469 1393 2493 tsrram
1410 2466 1554 2501 subjicere
1579 2469 1667 2502 atque
1693 2468 1794 2503 aptare

965 2513 1089 2548 oportet,
1107 2514 1139 2538 ut
1155 2519 1213 2546 qua
1229 2510 1379 2545 quodlibet
1399 2511 1517 2546 gaudet,
1534 2511 1562 2538 in
1583 2510 1638 2538 hac
1654 2510 1750 2539 alatur
1765 2512 1795 2538 et

966 2556 1123 2589 adolescat,
1136 2557 1224 2591 prout
1234 2554 1291 2582 alia
1306 2555 1395 2590 sicco,
1405 2554 1528 2584 humido
1545 2555 1614 2592 alia,
1627 2555 1684 2584 alia
1698 2555 1793 2584 calido

966 2601 1148 2629 delectantur
1162 2600 1235 2628 solo.

993 2660 1054 2687 151.
1072 2659 1161 2693 Quare
1175 2659 1238 2686 vitis
1252 2658 1463 2696 vino‘irrigata,
1479 2660 1606 2687 maxime
1620 2659 1697 2696 quod
1712 2659 1772 2695 ipsa

1246 2693 1345 2740 edidit,
1361 2699 1513 2723 exarescat.
1534 2707 1536 2709 π

1003 2749 1145 2782 Quoniam
1175 2757 1289 2778 merum
1313 2747 1340 2777 vi
1366 2757 1420 2777 sua
1445 2749 1569 2786 styptica
1594 2749 1654 2778 sive
1678 2750 1793 2778 contra-

1556 2804 1633 2843 '25
