  <div class='ocr_page' id='page_1' title='image "/cluster/home/n/w/nwhite01/storage/ocr_20150623/122/njp.32101077773016/414.png"; bbox 0 0 1948 3056; ppageno 0'>
   <div class='ocr_carea' id='block_1_1' title="bbox 77 116 132 146">
    <p class='ocr_par' dir='ltr' id='par_1_1' title="bbox 77 116 132 146">
     <span class='ocr_line' id='line_1_1' title="bbox 77 116 132 146; baseline 0 0"><span class='ocrx_word' id='word_1_1' title='bbox 77 116 132 146; x_wconf 84' lang='lat'><strong>781</strong></span> 
     </span>
    </p>
   </div>
   <div class='ocr_carea' id='block_1_2' title="bbox 670 115 1195 147">
    <p class='ocr_par' dir='ltr' id='par_1_2' title="bbox 670 115 1195 147">
     <span class='ocr_line' id='line_1_2' title="bbox 670 115 1195 147; baseline 0 -1"><span class='ocrx_word' id='word_1_2' title='bbox 670 116 720 146; x_wconf 89' lang='lat' dir='ltr'><strong>DE</strong></span> <span class='ocrx_word' id='word_1_3' title='bbox 742 115 962 146; x_wconf 79' lang='lat' dir='ltr'><strong>OMNIFARIA</strong></span> <span class='ocrx_word' id='word_1_4' title='bbox 984 116 1195 147; x_wconf 79' lang='lat' dir='ltr'><strong>DOCTliINA.</strong></span> 
     </span>
    </p>
   </div>
   <div class='ocr_carea' id='block_1_3' title="bbox 1725 115 1785 146">
    <p class='ocr_par' dir='ltr' id='par_1_3' title="bbox 1725 115 1785 146">
     <span class='ocr_line' id='line_1_3' title="bbox 1725 115 1785 146; baseline 0.033 -2"><span class='ocrx_word' id='word_1_5' title='bbox 1725 115 1785 146; x_wconf 74' lang='grc'><strong>’182</strong></span> 
     </span>
    </p>
   </div>
   <div class='ocr_carea' id='block_1_4' title="bbox 76 194 891 232">
    <p class='ocr_par' dir='ltr' id='par_1_4' title="bbox 76 194 889 232">
     <span class='ocr_line' id='line_1_4' title="bbox 76 194 889 232; baseline -0.001 -9"><span class='ocrx_word' id='word_1_6' title='bbox 76 198 188 223; x_wconf 77' lang='grc' dir='ltr'>ποιοῦσι</span> <span class='ocrx_word' id='word_1_7' title='bbox 214 195 245 223; x_wconf 75' lang='grc' dir='ltr'><strong>τὸ</strong></span> <span class='ocrx_word' id='word_1_8' title='bbox 270 195 354 232; x_wconf 72' lang='grc' dir='ltr'>ὔδωρ.</span> <span class='ocrx_word' id='word_1_9' title='bbox 371 195 417 222; x_wconf 84' lang='grc' dir='ltr'>Διὸ</span> <span class='ocrx_word' id='word_1_10' title='bbox 440 194 486 222; x_wconf 76' lang='grc' dir='ltr'>καὶ</span> <span class='ocrx_word' id='word_1_11' title='bbox 511 197 654 232; x_wconf 77' lang='grc' dir='ltr'>χειμῶνος</span> <span class='ocrx_word' id='word_1_12' title='bbox 669 194 694 221; x_wconf 83' lang='grc' dir='ltr'>οἶ</span> <span class='ocrx_word' id='word_1_13' title='bbox 717 195 836 232; x_wconf 76' lang='grc' dir='ltr'>ποταμοὶ</span> <span class='ocrx_word' id='word_1_14' title='bbox 852 195 889 231; x_wconf 76' lang='grc' dir='ltr'><strong>ψυ</strong></span> 
     </span>
    </p>
   </div>
   <div class='ocr_carea' id='block_1_5' title="bbox 994 194 1785 232">
    <p class='ocr_par' dir='ltr' id='par_1_5' title="bbox 997 194 1785 230">
     <span class='ocr_line' id='line_1_5' title="bbox 997 194 1785 230; baseline 0 -7"><span class='ocrx_word' id='word_1_15' title='bbox 997 197 1072 224; x_wconf 89' lang='lat' dir='ltr'><strong>rant.</strong></span> <span class='ocrx_word' id='word_1_16' title='bbox 1087 195 1221 224; x_wconf 86' lang='lat' dir='ltr'><strong>Similem</strong></span> <span class='ocrx_word' id='word_1_17' title='bbox 1236 196 1273 224; x_wconf 88' lang='lat' dir='ltr'><strong>ob</strong></span> <span class='ocrx_word' id='word_1_18' title='bbox 1288 203 1409 224; x_wconf 82' lang='lat' dir='ltr'><strong>causam</strong></span> <span class='ocrx_word' id='word_1_19' title='bbox 1439 194 1546 223; x_wconf 87' lang='lat' dir='ltr'><strong>hiemis</strong></span> <span class='ocrx_word' id='word_1_20' title='bbox 1556 196 1689 230; x_wconf 77' lang='lat' dir='ltr'><strong>tempore</strong></span> <span class='ocrx_word' id='word_1_21' title='bbox 1704 195 1785 224; x_wconf 86' lang='lat' dir='ltr'><strong>ﬂuvii</strong></span> 
     </span>
    </p>
   </div>
   <div class='ocr_carea' id='block_1_6' title="bbox 77 239 902 278">
    <p class='ocr_par' dir='ltr' id='par_1_6' title="bbox 77 239 902 278">
     <span class='ocr_line' id='line_1_6' title="bbox 77 239 902 278; baseline -0.002 -10"><span class='ocrx_word' id='word_1_22' title='bbox 77 241 208 278; x_wconf 78' lang='grc' dir='ltr'>χρότεροι</span> <span class='ocrx_word' id='word_1_23' title='bbox 232 242 283 277; x_wconf 80' lang='grc' dir='ltr'><strong>τῇς</strong></span> <span class='ocrx_word' id='word_1_24' title='bbox 309 239 445 275; x_wconf 72' lang='grc' dir='ltr'>θαλάττης</span> <span class='ocrx_word' id='word_1_25' title='bbox 469 239 600 278; x_wconf 85' lang='grc' dir='ltr'>γίνονται·</span> <span class='ocrx_word' id='word_1_26' title='bbox 627 239 716 277; x_wconf 78' lang='grc' dir='ltr'>ἰσχύει</span> <span class='ocrx_word' id='word_1_27' title='bbox 739 240 792 278; x_wconf 73' lang='grc' dir='ltr'><strong>γὰρ</strong></span> <span class='ocrx_word' id='word_1_28' title='bbox 811 239 837 267; x_wconf 82' lang='grc' dir='ltr'>ἐν</span> <span class='ocrx_word' id='word_1_29' title='bbox 853 239 902 267; x_wconf 76' lang='grc' dir='ltr'><strong>αὖ-</strong></span> 
     </span>
    </p>
   </div>
   <div class='ocr_carea' id='block_1_7' title="bbox 75 283 904 323">
    <p class='ocr_par' dir='ltr' id='par_1_7' title="bbox 75 283 904 323">
     <span class='ocr_line' id='line_1_7' title="bbox 75 283 904 323; baseline -0.002 -10"><span class='ocrx_word' id='word_1_30' title='bbox 75 288 136 316; x_wconf 82' lang='grc' dir='ltr'>τοῖς</span> <span class='ocrx_word' id='word_1_31' title='bbox 151 286 166 312; x_wconf 81' lang='grc' dir='ltr'>ὁ</span> <span class='ocrx_word' id='word_1_32' title='bbox 186 285 292 322; x_wconf 81' lang='grc' dir='ltr'>ψυχρὸς</span> <span class='ocrx_word' id='word_1_33' title='bbox 318 285 371 323; x_wconf 72' lang='grc' dir='ltr'>ἀήρ</span> <span class='ocrx_word' id='word_1_34' title='bbox 398 284 603 321; x_wconf 70' lang='grc' dir='ltr'><strong>ἀνακλώμενος,</strong></span> <span class='ocrx_word' id='word_1_35' title='bbox 621 284 646 312; x_wconf 71' lang='grc' dir='ltr'>ἐν</span> <span class='ocrx_word' id='word_1_36' title='bbox 671 283 701 312; x_wconf 76' lang='grc' dir='ltr'>δὶ</span> <span class='ocrx_word' id='word_1_37' title='bbox 722 287 757 321; x_wconf 82' lang='grc' dir='ltr'>τῇ</span> <span class='ocrx_word' id='word_1_38' title='bbox 782 284 904 321; x_wconf 75' lang='grc' dir='ltr'>θαλάσσῃ</span> 
     </span>
    </p>
   </div>
   <div class='ocr_carea' id='block_1_8' title="bbox 77 327 904 367">
    <p class='ocr_par' dir='ltr' id='par_1_8' title="bbox 77 327 904 367">
     <span class='ocr_line' id='line_1_8' title="bbox 77 327 904 367; baseline -0.001 -11"><span class='ocrx_word' id='word_1_39' title='bbox 77 328 123 356; x_wconf 74' lang='grc' dir='ltr'>διὰ</span> <span class='ocrx_word' id='word_1_40' title='bbox 140 329 222 367; x_wconf 76' lang='grc' dir='ltr'>βάθος</span> <span class='ocrx_word' id='word_1_41' title='bbox 247 328 370 357; x_wconf 70' lang='grc' dir='ltr'>ἆκλύεται</span> <span class='ocrx_word' id='word_1_42' title='bbox 395 329 463 367; x_wconf 79' lang='grc' dir='ltr'>πρὸς</span> <span class='ocrx_word' id='word_1_43' title='bbox 489 328 572 365; x_wconf 73' lang='grc' dir='ltr'>μηδὶν</span> <span class='ocrx_word' id='word_1_44' title='bbox 600 327 767 366; x_wconf 76' lang='grc' dir='ltr'>ἀντερείδων.</span> <span class='ocrx_word' id='word_1_45' title='bbox 791 328 904 360; x_wconf 72' lang='grc' dir='ltr'>’Ἄλλως</span> 
     </span>
    </p>
   </div>
   <div class='ocr_carea' id='block_1_9' title="bbox 74 371 902 413">
    <p class='ocr_par' dir='ltr' id='par_1_9' title="bbox 74 371 902 413">
     <span class='ocr_line' id='line_1_9' title="bbox 74 371 902 413; baseline 0 -13"><span class='ocrx_word' id='word_1_46' title='bbox 74 383 106 401; x_wconf 81' lang='grc' dir='ltr'>τι</span> <span class='ocrx_word' id='word_1_47' title='bbox 119 374 164 401; x_wconf 83' lang='grc' dir='ltr'><strong>καὶ</strong></span> <span class='ocrx_word' id='word_1_48' title='bbox 181 374 196 401; x_wconf 79' lang='grc' dir='ltr'><strong>ὁ</strong></span> <span class='ocrx_word' id='word_1_49' title='bbox 210 371 344 410; x_wconf 74' lang='grc' dir='ltr'>μόλιϐδος</span> <span class='ocrx_word' id='word_1_50' title='bbox 358 376 412 401; x_wconf 84' lang='grc' dir='ltr'>τῶν</span> <span class='ocrx_word' id='word_1_51' title='bbox 439 384 515 413; x_wconf 79' lang='grc' dir='ltr'>φυσει</span> <span class='ocrx_word' id='word_1_52' title='bbox 532 375 644 411; x_wconf 65' lang='grc' dir='ltr'>ψυχρῶν</span> <span class='ocrx_word' id='word_1_53' title='bbox 671 373 753 407; x_wconf 80' lang='grc' dir='ltr'>ἐστιν,</span> <span class='ocrx_word' id='word_1_54' title='bbox 769 372 799 400; x_wconf 70' lang='grc' dir='ltr'><strong>οἷ’</strong></span> <span class='ocrx_word' id='word_1_55' title='bbox 810 383 839 400; x_wconf 75' lang='grc' dir='ltr'>τι</span> <span class='ocrx_word' id='word_1_56' title='bbox 851 373 902 410; x_wconf 73' lang='grc' dir='ltr'>χά-</span> 
     </span>
    </p>
   </div>
   <div class='ocr_carea' id='block_1_10' title="bbox 76 417 844 456">
    <p class='ocr_par' dir='ltr' id='par_1_10' title="bbox 76 417 844 456">
     <span class='ocr_line' id='line_1_10' title="bbox 76 417 844 456; baseline -0.001 -10"><span class='ocrx_word' id='word_1_57' title='bbox 76 417 152 450; x_wconf 67' lang='grc' dir='ltr'>λικες</span> <span class='ocrx_word' id='word_1_58' title='bbox 167 421 201 455; x_wconf 82' lang='grc' dir='ltr'><strong>τῇ</strong></span> <span class='ocrx_word' id='word_1_59' title='bbox 218 418 366 454; x_wconf 76' lang='grc' dir='ltr'>πυκνότητι</span> <span class='ocrx_word' id='word_1_60' title='bbox 382 419 413 446; x_wconf 83' lang='grc' dir='ltr'>τὸ</span> <span class='ocrx_word' id='word_1_61' title='bbox 429 419 535 456; x_wconf 77' lang='grc' dir='ltr'>ψυχρὸν</span> <span class='ocrx_word' id='word_1_62' title='bbox 552 417 597 446; x_wconf 66' lang='grc' dir='ltr'>διὰ</span> <span class='ocrx_word' id='word_1_63' title='bbox 614 418 693 456; x_wconf 75' lang='grc' dir='ltr'>βάθος</span> <span class='ocrx_word' id='word_1_64' title='bbox 709 419 844 445; x_wconf 72' lang='grc' dir='ltr'>ποιοῦσιν.</span> 
     </span>
    </p>
   </div>
   <div class='ocr_carea' id='block_1_11' title="bbox 77 521 901 568">
    <p class='ocr_par' dir='ltr' id='par_1_11' title="bbox 77 521 901 568">
     <span class='ocr_line' id='line_1_11' title="bbox 77 521 901 568; baseline -0.002 -18"><span class='ocrx_word' id='word_1_65' title='bbox 77 525 136 561; x_wconf 85' lang='grc' dir='ltr'>ρνι¹.</span> <span class='ocrx_word' id='word_1_66' title='bbox 166 521 214 550; x_wconf 71' lang='grc' dir='ltr'>Διὰ</span> <span class='ocrx_word' id='word_1_67' title='bbox 238 523 300 550; x_wconf 79' lang='grc' dir='ltr'>τινα</span> <span class='ocrx_word' id='word_1_68' title='bbox 319 521 406 568; x_wconf 58' lang='grc' dir='ltr'>αἰτίαν</span> <span class='ocrx_word' id='word_1_69' title='bbox 433 521 547 568; x_wconf 62' lang='grc' dir='ltr'>ἀχύροις</span> <span class='ocrx_word' id='word_1_70' title='bbox 573 522 617 550; x_wconf 75' lang='grc' dir='ltr'>καὶ</span> <span class='ocrx_word' id='word_1_71' title='bbox 642 521 762 559; x_wconf 77' lang='grc' dir='ltr'><strong>Ιἱματίοις</strong></span> <span class='ocrx_word' id='word_1_72' title='bbox 785 522 802 557; x_wconf 80' lang='grc' dir='ltr'>ἡ</span> <span class='ocrx_word' id='word_1_73' title='bbox 831 522 901 560; x_wconf 87' lang='grc' dir='ltr'>χιὼν</span> 
     </span>
    </p>
   </div>
   <div class='ocr_carea' id='block_1_12' title="bbox 381 553 599 598">
    <p class='ocr_par' dir='ltr' id='par_1_12' title="bbox 381 553 599 598">
     <span class='ocr_line' id='line_1_12' title="bbox 381 553 599 598; baseline 0 -12"><span class='ocrx_word' id='word_1_74' title='bbox 381 553 599 598; x_wconf 59' lang='grc' dir='ltr'>διαφυλάττεται.</span> 
     </span>
    </p>
   </div>
   <div class='ocr_carea' id='block_1_13' title="bbox 114 610 901 650">
    <p class='ocr_par' dir='ltr' id='par_1_13' title="bbox 114 610 901 650">
     <span class='ocr_line' id='line_1_13' title="bbox 114 610 901 650; baseline -0.001 -11"><span class='ocrx_word' id='word_1_75' title='bbox 114 612 271 649; x_wconf 77' lang='grc' dir='ltr'>Θαυμαστὸν</span> <span class='ocrx_word' id='word_1_76' title='bbox 302 610 378 639; x_wconf 82' lang='grc' dir='ltr'>δοκεῖ</span> <span class='ocrx_word' id='word_1_77' title='bbox 405 611 427 640; x_wconf 82' lang='grc' dir='ltr'><strong>εί</strong></span> <span class='ocrx_word' id='word_1_78' title='bbox 466 612 498 640; x_wconf 72' lang='grc' dir='ltr'><strong>τὰ</strong></span> <span class='ocrx_word' id='word_1_79' title='bbox 538 611 691 650; x_wconf 74' lang='grc' dir='ltr'>θερμότατα</span> <span class='ocrx_word' id='word_1_80' title='bbox 726 610 828 648; x_wconf 68' lang='grc' dir='ltr'>ἄχυρον</span> <span class='ocrx_word' id='word_1_81' title='bbox 856 610 901 638; x_wconf 77' lang='grc' dir='ltr'>καὶ</span> 
     </span>
    </p>
   </div>
   <div class='ocr_carea' id='block_1_14' title="bbox 77 654 901 695">
    <p class='ocr_par' dir='ltr' id='par_1_14' title="bbox 77 654 901 695">
     <span class='ocr_line' id='line_1_14' title="bbox 77 654 901 695; baseline -0.002 -11"><span class='ocrx_word' id='word_1_82' title='bbox 77 657 187 693; x_wconf 74' lang='grc' dir='ltr'>ἱμάτιον</span> <span class='ocrx_word' id='word_1_83' title='bbox 216 657 358 684; x_wconf 70' lang='grc' dir='ltr'>συνεκτικὰ</span> <span class='ocrx_word' id='word_1_84' title='bbox 380 659 436 684; x_wconf 81' lang='grc' dir='ltr'>τῶν</span> <span class='ocrx_word' id='word_1_85' title='bbox 452 657 632 695; x_wconf 72' lang='grc' dir='ltr'><strong>ψυχροτάτων</strong></span> <span class='ocrx_word' id='word_1_86' title='bbox 655 655 736 685; x_wconf 76' lang='grc' dir='ltr'>ἐστΐν,</span> <span class='ocrx_word' id='word_1_87' title='bbox 762 656 818 684; x_wconf 74' lang='grc' dir='ltr'><strong>Οὐκ</strong></span> <span class='ocrx_word' id='word_1_88' title='bbox 844 654 901 693; x_wconf 76' lang='grc' dir='ltr'>ἔχει</span> 
     </span>
    </p>
   </div>
   <div class='ocr_carea' id='block_1_15' title="bbox 77 700 901 740">
    <p class='ocr_par' dir='ltr' id='par_1_15' title="bbox 77 700 901 740">
     <span class='ocr_line' id='line_1_15' title="bbox 77 700 901 740; baseline -0.001 -11"><span class='ocrx_word' id='word_1_89' title='bbox 77 701 106 729; x_wconf 74' lang='grc' dir='ltr'>δὲ</span> <span class='ocrx_word' id='word_1_90' title='bbox 123 702 219 736; x_wconf 72' lang='grc' dir='ltr'>οὕτως,</span> <span class='ocrx_word' id='word_1_91' title='bbox 247 701 309 729; x_wconf 88' lang='grc' dir='ltr'>ἀλλ’</span> <span class='ocrx_word' id='word_1_92' title='bbox 338 703 362 729; x_wconf 79' lang='grc' dir='ltr'>εἴ</span> <span class='ocrx_word' id='word_1_93' title='bbox 385 701 465 733; x_wconf 82' lang='grc' dir='ltr'>αὐτὸς</span> <span class='ocrx_word' id='word_1_94' title='bbox 494 701 758 740; x_wconf 73' lang='grc' dir='ltr'>παραλογιζόμενος.</span> <span class='ocrx_word' id='word_1_95' title='bbox 787 700 826 730; x_wconf 71' lang='grc' dir='ltr'><strong>Οὐ</strong></span> <span class='ocrx_word' id='word_1_96' title='bbox 851 701 901 739; x_wconf 68' lang='grc' dir='ltr'>γὰρ</span> 
     </span>
    </p>
   </div>
   <div class='ocr_carea' id='block_1_16' title="bbox 78 747 903 786">
    <p class='ocr_par' dir='ltr' id='par_1_16' title="bbox 78 747 903 786">
     <span class='ocr_line' id='line_1_16' title="bbox 78 747 903 786; baseline 0 -12"><span class='ocrx_word' id='word_1_97' title='bbox 78 747 156 786; x_wconf 64' lang='grc' dir='ltr'>φύσει</span> <span class='ocrx_word' id='word_1_98' title='bbox 181 747 280 785; x_wconf 77' lang='grc' dir='ltr'>θερμὸν</span> <span class='ocrx_word' id='word_1_99' title='bbox 304 747 335 775; x_wconf 75' lang='grc' dir='ltr'><strong>τὸ</strong></span> <span class='ocrx_word' id='word_1_100' title='bbox 358 747 478 784; x_wconf 73' lang='grc' dir='ltr'>ἱμάτιον,</span> <span class='ocrx_word' id='word_1_101' title='bbox 505 747 548 775; x_wconf 74' lang='grc' dir='ltr'><strong>καὶ</strong></span> <span class='ocrx_word' id='word_1_102' title='bbox 576 747 627 785; x_wconf 82' lang='grc' dir='ltr'>γὰρ</span> <span class='ocrx_word' id='word_1_103' title='bbox 652 747 666 774; x_wconf 78' lang='grc' dir='ltr'><strong>ὁ</strong></span> <span class='ocrx_word' id='word_1_104' title='bbox 690 747 775 784; x_wconf 81' lang='grc' dir='ltr'>χιτὼν</span> <span class='ocrx_word' id='word_1_105' title='bbox 797 747 903 785; x_wconf 73' lang='grc' dir='ltr'>ψυχρὸς</span> 
     </span>
    </p>
   </div>
   <div class='ocr_carea' id='block_1_17' title="bbox 78 790 901 830">
    <p class='ocr_par' dir='ltr' id='par_1_17' title="bbox 78 790 901 830">
     <span class='ocr_line' id='line_1_17' title="bbox 78 790 901 830; baseline 0 -11"><span class='ocrx_word' id='word_1_106' title='bbox 78 793 147 829; x_wconf 75' lang='grc' dir='ltr'>ἡμῖν</span> <span class='ocrx_word' id='word_1_107' title='bbox 162 792 325 829; x_wconf 73' lang='grc' dir='ltr'>προσπίπτει</span> <span class='ocrx_word' id='word_1_108' title='bbox 350 792 381 819; x_wconf 86' lang='grc' dir='ltr'><strong>τὸ</strong></span> <span class='ocrx_word' id='word_1_109' title='bbox 406 794 514 830; x_wconf 79' lang='grc' dir='ltr'>πρῶτον</span> <span class='ocrx_word' id='word_1_110' title='bbox 539 790 738 828; x_wconf 66' lang='grc' dir='ltr'><strong>ἐνδυσαμένοις,</strong></span> <span class='ocrx_word' id='word_1_111' title='bbox 760 793 816 820; x_wconf 66' lang='grc' dir='ltr'>εἶτα</span> <span class='ocrx_word' id='word_1_112' title='bbox 841 791 901 828; x_wconf 64' lang='grc' dir='ltr'>μὲν·</span> 
     </span>
    </p>
   </div>
   <div class='ocr_carea' id='block_1_18' title="bbox 75 833 903 876">
    <p class='ocr_par' dir='ltr' id='par_1_18' title="bbox 75 833 903 876">
     <span class='ocr_line' id='line_1_18' title="bbox 75 833 903 876; baseline -0.001 -12"><span class='ocrx_word' id='word_1_113' title='bbox 75 847 120 864; x_wconf 87' lang='grc' dir='ltr'><strong>τοι</strong></span> <span class='ocrx_word' id='word_1_114' title='bbox 148 836 284 875; x_wconf 73' lang='grc' dir='ltr'>θερμαίνει</span> <span class='ocrx_word' id='word_1_115' title='bbox 309 840 358 871; x_wconf 84' lang='grc' dir='ltr'><strong>τῆς</strong></span> <span class='ocrx_word' id='word_1_116' title='bbox 387 837 431 876; x_wconf 77' lang='grc' dir='ltr'><strong>ἀφ’</strong></span> <span class='ocrx_word' id='word_1_117' title='bbox 459 838 538 874; x_wconf 76' lang='grc' dir='ltr'>ἡμῶν</span> <span class='ocrx_word' id='word_1_118' title='bbox 569 833 736 874; x_wconf 81' lang='grc' dir='ltr'><strong>θερμότητος</strong></span> <span class='ocrx_word' id='word_1_119' title='bbox 763 836 903 873; x_wconf 75' lang='grc' dir='ltr'>ἐμπιπλά-</span> 
     </span>
    </p>
   </div>
   <div class='ocr_carea' id='block_1_19' title="bbox 958 239 1785 277">
    <p class='ocr_par' dir='ltr' id='par_1_19' title="bbox 958 239 1785 277">
     <span class='ocr_line' id='line_1_19' title="bbox 958 239 1785 277; baseline 0 -10"><span class='ocrx_word' id='word_1_120' title='bbox 958 240 1124 276; x_wconf 83' lang='lat' dir='ltr'><strong>i&#39;rigidiores</strong></span> <span class='ocrx_word' id='word_1_121' title='bbox 1148 244 1218 268; x_wconf 85' lang='lat' dir='ltr'><strong>sunt</strong></span> <span class='ocrx_word' id='word_1_122' title='bbox 1233 249 1323 277; x_wconf 87' lang='lat' dir='ltr'><strong>quam</strong></span> <span class='ocrx_word' id='word_1_123' title='bbox 1337 248 1427 276; x_wconf 85' lang='lat' dir='ltr'><strong>mare,</strong></span> <span class='ocrx_word' id='word_1_124' title='bbox 1439 248 1488 269; x_wconf 87' lang='lat' dir='ltr'><strong>aer</strong></span> <span class='ocrx_word' id='word_1_125' title='bbox 1503 240 1581 268; x_wconf 88' lang='lat' dir='ltr'><strong>enim</strong></span> <span class='ocrx_word' id='word_1_126' title='bbox 1606 240 1731 276; x_wconf 79' lang='lat' dir='ltr'><strong>frigidus</strong></span> <span class='ocrx_word' id='word_1_127' title='bbox 1754 239 1785 267; x_wconf 88' lang='lat' dir='ltr'><strong>in</strong></span> 
     </span>
    </p>
   </div>
   <div class='ocr_carea' id='block_1_20' title="bbox 957 284 1786 322">
    <p class='ocr_par' dir='ltr' id='par_1_20' title="bbox 957 284 1786 322">
     <span class='ocr_line' id='line_1_20' title="bbox 957 284 1786 322; baseline 0 -10"><span class='ocrx_word' id='word_1_128' title='bbox 957 285 1016 313; x_wconf 82' lang='lat' dir='ltr'><strong>illis</strong></span> <span class='ocrx_word' id='word_1_129' title='bbox 1029 285 1154 313; x_wconf 86' lang='lat' dir='ltr'><strong>reﬂexus</strong></span> <span class='ocrx_word' id='word_1_130' title='bbox 1177 286 1313 322; x_wconf 59' lang='lat' dir='ltr'><strong>praevalet</strong></span> <span class='ocrx_word' id='word_1_131' title='bbox 1341 285 1437 322; x_wconf 85' lang='lat' dir='ltr'><strong>magis</strong></span> <span class='ocrx_word' id='word_1_132' title='bbox 1458 293 1548 321; x_wconf 90' lang='lat' dir='ltr'><strong>quam</strong></span> <span class='ocrx_word' id='word_1_133' title='bbox 1577 284 1607 312; x_wconf 89' lang='lat' dir='ltr'><strong>in</strong></span> <span class='ocrx_word' id='word_1_134' title='bbox 1632 284 1718 319; x_wconf 83' lang='lat' dir='ltr'><strong>mari,</strong></span> <span class='ocrx_word' id='word_1_135' title='bbox 1735 284 1786 312; x_wconf 88' lang='lat' dir='ltr'><strong>ubi</strong></span> 
     </span>
    </p>
   </div>
   <div class='ocr_carea' id='block_1_21' title="bbox 957 329 1786 366">
    <p class='ocr_par' dir='ltr' id='par_1_21' title="bbox 957 329 1786 366">
     <span class='ocr_line' id='line_1_21' title="bbox 957 329 1786 366; baseline 0 -9"><span class='ocrx_word' id='word_1_136' title='bbox 957 332 1076 366; x_wconf 75' lang='lat' dir='ltr'><strong>propter</strong></span> <span class='ocrx_word' id='word_1_137' title='bbox 1096 331 1326 366; x_wconf 66' lang='lat' dir='ltr'><strong>profunditatem</strong></span> <span class='ocrx_word' id='word_1_138' title='bbox 1349 331 1466 358; x_wconf 90' lang='lat' dir='ltr'><strong>nullum</strong></span> <span class='ocrx_word' id='word_1_139' title='bbox 1481 330 1512 358; x_wconf 88' lang='lat' dir='ltr'><strong>in</strong></span> <span class='ocrx_word' id='word_1_140' title='bbox 1537 329 1662 358; x_wconf 88' lang='lat' dir='ltr'><strong>solidum</strong></span> <span class='ocrx_word' id='word_1_141' title='bbox 1678 336 1786 366; x_wconf 82' lang='lat' dir='ltr'><strong>corpus</strong></span> 
     </span>
    </p>
   </div>
   <div class='ocr_carea' id='block_1_22' title="bbox 957 374 1785 411">
    <p class='ocr_par' dir='ltr' id='par_1_22' title="bbox 957 374 1785 411">
     <span class='ocr_line' id='line_1_22' title="bbox 957 374 1785 411; baseline 0.001 -10"><span class='ocrx_word' id='word_1_142' title='bbox 957 374 1124 407; x_wconf 88' lang='lat' dir='ltr'><strong>incidit,sed</strong></span> <span class='ocrx_word' id='word_1_143' title='bbox 1140 375 1444 411; x_wconf 83' lang='lat' dir='ltr'><strong>dissolvitur.Alioqui</strong></span> <span class='ocrx_word' id='word_1_144' title='bbox 1460 374 1617 411; x_wconf 87' lang='lat' dir='ltr'><strong>plumbum</strong></span> <span class='ocrx_word' id='word_1_145' title='bbox 1629 374 1718 402; x_wconf 84' lang='lat' dir='ltr'><strong>etiam</strong></span> <span class='ocrx_word' id='word_1_146' title='bbox 1730 382 1785 402; x_wconf 92' lang='lat' dir='ltr'><strong>ua-</strong></span> 
     </span>
    </p>
   </div>
   <div class='ocr_carea' id='block_1_23' title="bbox 957 418 1786 456">
    <p class='ocr_par' dir='ltr' id='par_1_23' title="bbox 957 418 1786 456">
     <span class='ocr_line' id='line_1_23' title="bbox 957 418 1786 456; baseline 0 -10"><span class='ocrx_word' id='word_1_147' title='bbox 957 421 1024 446; x_wconf 89' lang='lat' dir='ltr'><strong>tura</strong></span> <span class='ocrx_word' id='word_1_148' title='bbox 1039 419 1178 455; x_wconf 81' lang='lat' dir='ltr'><strong>frigidum</strong></span> <span class='ocrx_word' id='word_1_149' title='bbox 1188 422 1244 453; x_wconf 83' lang='lat' dir='ltr'><strong>est,</strong></span> <span class='ocrx_word' id='word_1_150' title='bbox 1256 422 1285 448; x_wconf 88' lang='lat' dir='ltr'><strong>et</strong></span> <span class='ocrx_word' id='word_1_151' title='bbox 1300 419 1398 448; x_wconf 80' lang='lat' dir='ltr'><strong>silices</strong></span> <span class='ocrx_word' id='word_1_152' title='bbox 1415 422 1533 456; x_wconf 78' lang='lat' dir='ltr'><strong>propter</strong></span> <span class='ocrx_word' id='word_1_153' title='bbox 1544 419 1720 447; x_wconf 87' lang='lat' dir='ltr'><strong>densitatem</strong></span> <span class='ocrx_word' id='word_1_154' title='bbox 1735 418 1786 447; x_wconf 87' lang='lat' dir='ltr'><strong>fri-</strong></span> 
     </span>
    </p>
   </div>
   <div class='ocr_carea' id='block_1_24' title="bbox 957 464 1259 500">
    <p class='ocr_par' dir='ltr' id='par_1_24' title="bbox 957 464 1259 500">
     <span class='ocr_line' id='line_1_24' title="bbox 957 464 1259 500; baseline 0.003 -8"><span class='ocrx_word' id='word_1_155' title='bbox 957 473 1013 500; x_wconf 75' lang='lat' dir='ltr'><strong>gus</strong></span> <span class='ocrx_word' id='word_1_156' title='bbox 1027 464 1056 492; x_wconf 91' lang='lat' dir='ltr'><strong>in</strong></span> <span class='ocrx_word' id='word_1_157' title='bbox 1068 465 1127 492; x_wconf 89' lang='lat' dir='ltr'><strong>imo</strong></span> <span class='ocrx_word' id='word_1_158' title='bbox 1137 465 1259 493; x_wconf 85' lang='lat' dir='ltr'><strong>faciunt.</strong></span> 
     </span>
    </p>
   </div>
   <div class='ocr_carea' id='block_1_25' title="bbox 1029 523 1716 560">
    <p class='ocr_par' dir='ltr' id='par_1_25' title="bbox 1029 523 1716 560">
     <span class='ocr_line' id='line_1_25' title="bbox 1029 523 1716 560; baseline 0 -9"><span class='ocrx_word' id='word_1_159' title='bbox 1029 524 1090 551; x_wconf 90' lang='lat'><strong>155.</strong></span> <span class='ocrx_word' id='word_1_160' title='bbox 1103 525 1198 559; x_wconf 76' lang='lat' dir='ltr'><strong>Quare</strong></span> <span class='ocrx_word' id='word_1_161' title='bbox 1205 524 1295 560; x_wconf 78' lang='lat' dir='ltr'><strong>paleis</strong></span> <span class='ocrx_word' id='word_1_162' title='bbox 1314 528 1341 552; x_wconf 80' lang='lat' dir='ltr'><strong>et</strong></span> <span class='ocrx_word' id='word_1_163' title='bbox 1353 524 1523 552; x_wconf 71' lang='lat' dir='ltr'><strong>vestimentis</strong></span> <span class='ocrx_word' id='word_1_164' title='bbox 1538 523 1649 560; x_wconf 72' lang='lat' dir='ltr'><strong>injectis</strong></span> <span class='ocrx_word' id='word_1_165' title='bbox 1663 524 1716 552; x_wconf 64' lang='grc' dir='ltr'><strong>πίω</strong></span> 
     </span>
    </p>
   </div>
   <div class='ocr_carea' id='block_1_26' title="bbox 1269 562 1461 588">
    <p class='ocr_par' dir='ltr' id='par_1_26' title="bbox 1269 562 1461 588">
     <span class='ocr_line' id='line_1_26' title="bbox 1269 562 1461 588; baseline 0 -1"><span class='ocrx_word' id='word_1_166' title='bbox 1269 562 1461 588; x_wconf 78' lang='lat' dir='ltr'><strong>conservatur.</strong></span> 
     </span>
    </p>
   </div>
   <div class='ocr_carea' id='block_1_27' title="bbox 993 611 1785 649">
    <p class='ocr_par' dir='ltr' id='par_1_27' title="bbox 993 611 1785 649">
     <span class='ocr_line' id='line_1_27' title="bbox 993 611 1785 649; baseline 0.001 -9"><span class='ocrx_word' id='word_1_167' title='bbox 993 612 1099 640; x_wconf 88' lang='lat' dir='ltr'><strong>Mirum</strong></span> <span class='ocrx_word' id='word_1_168' title='bbox 1115 613 1205 641; x_wconf 90' lang='lat' dir='ltr'><strong>videri</strong></span> <span class='ocrx_word' id='word_1_169' title='bbox 1217 613 1309 649; x_wconf 82' lang='lat' dir='ltr'><strong>possit</strong></span> <span class='ocrx_word' id='word_1_170' title='bbox 1322 614 1398 648; x_wconf 90' lang='lat' dir='ltr'><strong>quod</strong></span> <span class='ocrx_word' id='word_1_171' title='bbox 1406 612 1594 641; x_wconf 77' lang='lat' dir='ltr'><strong>calidissimas</strong></span> <span class='ocrx_word' id='word_1_172' title='bbox 1606 620 1651 641; x_wconf 83' lang='lat' dir='ltr'><strong>res</strong></span> <span class='ocrx_word' id='word_1_173' title='bbox 1660 614 1692 640; x_wconf 87' lang='lat' dir='ltr'><strong>ut</strong></span> <span class='ocrx_word' id='word_1_174' title='bbox 1701 611 1785 649; x_wconf 80' lang='lat' dir='ltr'><strong>palea</strong></span> 
     </span>
    </p>
   </div>
   <div class='ocr_carea' id='block_1_28' title="bbox 958 657 1783 694">
    <p class='ocr_par' dir='ltr' id='par_1_28' title="bbox 958 657 1783 694">
     <span class='ocr_line' id='line_1_28' title="bbox 958 657 1783 694; baseline 0 -9"><span class='ocrx_word' id='word_1_175' title='bbox 958 659 986 684; x_wconf 87' lang='lat' dir='ltr'><strong>et</strong></span> <span class='ocrx_word' id='word_1_176' title='bbox 1002 657 1208 685; x_wconf 82' lang='lat' dir='ltr'><strong>vestimentum</strong></span> <span class='ocrx_word' id='word_1_177' title='bbox 1228 657 1435 694; x_wconf 81' lang='lat' dir='ltr'><strong>frigidissimas</strong></span> <span class='ocrx_word' id='word_1_178' title='bbox 1451 659 1637 686; x_wconf 83' lang='lat' dir='ltr'><strong>conservant.</strong></span> <span class='ocrx_word' id='word_1_179' title='bbox 1657 657 1711 685; x_wconf 86' lang='lat' dir='ltr'><strong>Sed</strong></span> <span class='ocrx_word' id='word_1_180' title='bbox 1725 665 1783 685; x_wconf 91' lang='lat' dir='ltr'><strong>non</strong></span> 
     </span>
    </p>
   </div>
   <div class='ocr_carea' id='block_1_29' title="bbox 956 701 1784 738">
    <p class='ocr_par' dir='ltr' id='par_1_29' title="bbox 956 701 1784 738">
     <span class='ocr_line' id='line_1_29' title="bbox 956 701 1784 738; baseline 0 -10"><span class='ocrx_word' id='word_1_181' title='bbox 956 701 997 729; x_wconf 82' lang='lat' dir='ltr'><strong>ita</strong></span> <span class='ocrx_word' id='word_1_182' title='bbox 1009 710 1039 729; x_wconf 84' lang='lat' dir='ltr'><strong>se</strong></span> <span class='ocrx_word' id='word_1_183' title='bbox 1051 701 1147 736; x_wconf 80' lang='lat' dir='ltr'><strong>habet,</strong></span> <span class='ocrx_word' id='word_1_184' title='bbox 1163 710 1263 730; x_wconf 92' lang='lat' dir='ltr'><strong>verum</strong></span> <span class='ocrx_word' id='word_1_185' title='bbox 1291 702 1354 737; x_wconf 89' lang='lat' dir='ltr'><strong>ipse</strong></span> <span class='ocrx_word' id='word_1_186' title='bbox 1370 701 1420 738; x_wconf 90' lang='lat' dir='ltr'><strong>qui</strong></span> <span class='ocrx_word' id='word_1_187' title='bbox 1450 702 1490 730; x_wconf 83' lang='lat' dir='ltr'><strong>ita</strong></span> <span class='ocrx_word' id='word_1_188' title='bbox 1515 701 1634 737; x_wconf 86' lang='lat' dir='ltr'><strong>judicas</strong></span> <span class='ocrx_word' id='word_1_189' title='bbox 1663 701 1784 729; x_wconf 87' lang='lat' dir='ltr'><strong>falleris.</strong></span> 
     </span>
    </p>
   </div>
   <div class='ocr_carea' id='block_1_30' title="bbox 957 746 1784 783">
    <p class='ocr_par' dir='ltr' id='par_1_30' title="bbox 957 746 1784 783">
     <span class='ocr_line' id='line_1_30' title="bbox 957 746 1784 783; baseline 0 -9"><span class='ocrx_word' id='word_1_190' title='bbox 957 747 1056 783; x_wconf 83' lang='lat' dir='ltr'><strong>Neque</strong></span> <span class='ocrx_word' id='word_1_191' title='bbox 1067 747 1145 775; x_wconf 90' lang='lat' dir='ltr'><strong>enim</strong></span> <span class='ocrx_word' id='word_1_192' title='bbox 1158 749 1263 775; x_wconf 81' lang='lat' dir='ltr'><strong>natura</strong></span> <span class='ocrx_word' id='word_1_193' title='bbox 1279 746 1408 774; x_wconf 88' lang='lat' dir='ltr'><strong>calidum</strong></span> <span class='ocrx_word' id='word_1_194' title='bbox 1425 749 1470 774; x_wconf 90' lang='lat' dir='ltr'><strong>est</strong></span> <span class='ocrx_word' id='word_1_195' title='bbox 1484 747 1706 779; x_wconf 83' lang='lat' dir='ltr'><strong>vestimentum,</strong></span> <span class='ocrx_word' id='word_1_196' title='bbox 1716 753 1784 774; x_wconf 87' lang='lat' dir='ltr'><strong>nam</strong></span> 
     </span>
    </p>
   </div>
   <div class='ocr_carea' id='block_1_31' title="bbox 957 790 1783 828">
    <p class='ocr_par' dir='ltr' id='par_1_31' title="bbox 957 790 1783 828">
     <span class='ocr_line' id='line_1_31' title="bbox 957 790 1783 828; baseline 0 -8"><span class='ocrx_word' id='word_1_197' title='bbox 957 792 1123 821; x_wconf 84' lang='lat' dir='ltr'><strong>ettunicam</strong></span> <span class='ocrx_word' id='word_1_198' title='bbox 1141 792 1236 828; x_wconf 88' lang='lat' dir='ltr'><strong>primo</strong></span> <span class='ocrx_word' id='word_1_199' title='bbox 1251 799 1304 820; x_wconf 90' lang='lat' dir='ltr'><strong>nos</strong></span> <span class='ocrx_word' id='word_1_200' title='bbox 1321 800 1388 819; x_wconf 90' lang='lat' dir='ltr'><strong>cum</strong></span> <span class='ocrx_word' id='word_1_201' title='bbox 1401 799 1465 819; x_wconf 88' lang='lat' dir='ltr'><strong>eam</strong></span> <span class='ocrx_word' id='word_1_202' title='bbox 1482 791 1636 819; x_wconf 82' lang='lat' dir='ltr'><strong>induimus</strong></span> <span class='ocrx_word' id='word_1_203' title='bbox 1645 790 1783 827; x_wconf 79' lang='lat' dir='ltr'><strong>frigidam</strong></span> 
     </span>
    </p>
   </div>
   <div class='ocr_carea' id='block_1_32' title="bbox 957 835 1786 872">
    <p class='ocr_par' dir='ltr' id='par_1_32' title="bbox 957 835 1786 872">
     <span class='ocr_line' id='line_1_32' title="bbox 957 835 1786 872; baseline -0.001 -8"><span class='ocrx_word' id='word_1_204' title='bbox 957 837 1112 870; x_wconf 79' lang='lat' dir='ltr'><strong>sentimus,</strong></span> <span class='ocrx_word' id='word_1_205' title='bbox 1124 836 1229 864; x_wconf 86' lang='lat' dir='ltr'><strong>deinde</strong></span> <span class='ocrx_word' id='word_1_206' title='bbox 1244 837 1364 864; x_wconf 90' lang='lat' dir='ltr'><strong>demum</strong></span> <span class='ocrx_word' id='word_1_207' title='bbox 1381 835 1524 869; x_wconf 77' lang='lat' dir='ltr'><strong>calefacit,</strong></span> <span class='ocrx_word' id='word_1_208' title='bbox 1536 835 1656 872; x_wconf 86' lang='lat' dir='ltr'><strong>impleta</strong></span> <span class='ocrx_word' id='word_1_209' title='bbox 1672 835 1786 864; x_wconf 87' lang='lat' dir='ltr'><strong>scilicet</strong></span> 
     </span>
    </p>
   </div>
   <div class='ocr_carea' id='block_1_33' title="bbox 77 880 891 920">
    <p class='ocr_par' dir='ltr' id='par_1_33' title="bbox 77 880 891 920">
     <span class='ocr_line' id='line_1_33' title="bbox 77 880 891 920; baseline -0.001 -11"><span class='ocrx_word' id='word_1_210' title='bbox 77 892 188 918; x_wconf 77' lang='grc' dir='ltr'>σμινος,</span> <span class='ocrx_word' id='word_1_211' title='bbox 214 881 259 909; x_wconf 85' lang='grc' dir='ltr'><strong>καὶ</strong></span> <span class='ocrx_word' id='word_1_212' title='bbox 297 882 353 918; x_wconf 74' lang='grc' dir='ltr'><strong>ἅμα</strong></span> <span class='ocrx_word' id='word_1_213' title='bbox 390 880 574 919; x_wconf 67' lang='grc' dir='ltr'>περιστέλλων</span> <span class='ocrx_word' id='word_1_214' title='bbox 612 881 655 908; x_wconf 73' lang='grc' dir='ltr'><strong>καὶ</strong></span> <span class='ocrx_word' id='word_1_215' title='bbox 685 881 730 908; x_wconf 80' lang='grc' dir='ltr'>τὸν</span> <span class='ocrx_word' id='word_1_216' title='bbox 758 880 808 916; x_wconf 76' lang='grc' dir='ltr'><strong>ἔξω</strong></span> <span class='ocrx_word' id='word_1_217' title='bbox 838 881 891 920; x_wconf 74' lang='grc' dir='ltr'><strong>ἆὲρ‹</strong></span> 
     </span>
    </p>
   </div>
   <div class='ocr_carea' id='block_1_34' title="bbox 994 880 1783 920">
    <p class='ocr_par' dir='ltr' id='par_1_34' title="bbox 994 881 1783 917">
     <span class='ocr_line' id='line_1_34' title="bbox 994 881 1783 917; baseline 0 -9"><span class='ocrx_word' id='word_1_218' title='bbox 994 881 1053 909; x_wconf 87' lang='lat' dir='ltr'><strong>lore</strong></span> <span class='ocrx_word' id='word_1_219' title='bbox 1078 890 1094 908; x_wconf 91' lang='lat' dir='ltr'><strong>a</strong></span> <span class='ocrx_word' id='word_1_220' title='bbox 1121 888 1242 917; x_wconf 87' lang='lat' dir='ltr'><strong>corpore</strong></span> <span class='ocrx_word' id='word_1_221' title='bbox 1266 883 1367 909; x_wconf 88' lang='lat' dir='ltr'><strong>nostro</strong></span> <span class='ocrx_word' id='word_1_222' title='bbox 1383 881 1568 916; x_wconf 80' lang='lat' dir='ltr'><strong>procedente,</strong></span> <span class='ocrx_word' id='word_1_223' title='bbox 1583 883 1612 909; x_wconf 87' lang='lat' dir='ltr'><strong>et</strong></span> <span class='ocrx_word' id='word_1_224' title='bbox 1631 882 1783 908; x_wconf 81' lang='lat' dir='ltr'><strong>externum</strong></span> 
     </span>
    </p>
   </div>
   <div class='ocr_carea' id='block_1_35' title="bbox 75 924 902 963">
    <p class='ocr_par' dir='ltr' id='par_1_35' title="bbox 75 924 902 963">
     <span class='ocr_line' id='line_1_35' title="bbox 75 924 902 963; baseline -0.001 -10"><span class='ocrx_word' id='word_1_225' title='bbox 75 928 125 953; x_wconf 77' lang='grc' dir='ltr'><strong>τοῦ</strong></span> <span class='ocrx_word' id='word_1_226' title='bbox 166 926 304 963; x_wconf 80' lang='grc' dir='ltr'>σώματος.</span> <span class='ocrx_word' id='word_1_227' title='bbox 343 927 445 963; x_wconf 74' lang='grc' dir='ltr'>’Ὠσπερ</span> <span class='ocrx_word' id='word_1_228' title='bbox 488 924 534 953; x_wconf 70' lang='grc' dir='ltr'>οὖν</span> <span class='ocrx_word' id='word_1_229' title='bbox 577 927 651 962; x_wconf 75' lang='grc' dir='ltr'>ἡμᾶς</span> <span class='ocrx_word' id='word_1_230' title='bbox 689 926 902 963; x_wconf 76' lang='grc' dir='ltr'>θερμαινόμενον</span> 
     </span>
    </p>
   </div>
   <div class='ocr_carea' id='block_1_36' title="bbox 77 970 903 1008">
    <p class='ocr_par' dir='ltr' id='par_1_36' title="bbox 77 970 903 1008">
     <span class='ocr_line' id='line_1_36' title="bbox 77 970 903 1008; baseline 0 -10"><span class='ocrx_word' id='word_1_231' title='bbox 77 970 216 1007; x_wconf 77' lang='grc' dir='ltr'>θερμαίνει</span> <span class='ocrx_word' id='word_1_232' title='bbox 242 971 272 998; x_wconf 77' lang='grc' dir='ltr'>τὸ</span> <span class='ocrx_word' id='word_1_233' title='bbox 301 971 426 1007; x_wconf 63' lang='grc' dir='ltr'>ἱμάτιον,</span> <span class='ocrx_word' id='word_1_234' title='bbox 457 970 528 998; x_wconf 70' lang='grc' dir='ltr'>οὕτω</span> <span class='ocrx_word' id='word_1_235' title='bbox 558 971 717 1008; x_wconf 73' lang='grc' dir='ltr'><strong>ψυχόμενον</strong></span> <span class='ocrx_word' id='word_1_236' title='bbox 742 971 791 1005; x_wconf 76' lang='grc' dir='ltr'><strong>τήν</strong></span> <span class='ocrx_word' id='word_1_237' title='bbox 820 970 903 1008; x_wconf 75' lang='grc' dir='ltr'>χιόνα</span> 
     </span>
    </p>
   </div>
   <div class='ocr_carea' id='block_1_37' title="bbox 76 1014 900 1055">
    <p class='ocr_par' dir='ltr' id='par_1_37' title="bbox 76 1014 900 1055">
     <span class='ocr_line' id='line_1_37' title="bbox 76 1014 900 1055; baseline 0.001 -13"><span class='ocrx_word' id='word_1_238' title='bbox 76 1015 235 1053; x_wconf 66' lang='grc' dir='ltr'>περιψύχει.</span> <span class='ocrx_word' id='word_1_239' title='bbox 256 1015 380 1053; x_wconf 64' lang='grc' dir='ltr'>Ψύχεται</span> <span class='ocrx_word' id='word_1_240' title='bbox 405 1014 434 1043; x_wconf 70' lang='grc' dir='ltr'>δὲ</span> <span class='ocrx_word' id='word_1_241' title='bbox 463 1015 510 1042; x_wconf 77' lang='grc' dir='ltr'><strong>ὑπ’</strong></span> <span class='ocrx_word' id='word_1_242' title='bbox 533 1015 656 1055; x_wconf 74' lang='grc' dir='ltr'>ἀφιείσης</span> <span class='ocrx_word' id='word_1_243' title='bbox 680 1017 785 1052; x_wconf 69' lang='grc' dir='ltr'>πνεῦμα</span> <span class='ocrx_word' id='word_1_244' title='bbox 801 1014 900 1043; x_wconf 83' lang='grc' dir='ltr'>λεπτὸν</span> 
     </span>
    </p>
   </div>
   <div class='ocr_carea' id='block_1_38' title="bbox 75 1059 902 1098">
    <p class='ocr_par' dir='ltr' id='par_1_38' title="bbox 75 1059 902 1098">
     <span class='ocr_line' id='line_1_38' title="bbox 75 1059 902 1098; baseline 0 -11"><span class='ocrx_word' id='word_1_245' title='bbox 75 1062 158 1087; x_wconf 77' lang='grc' dir='ltr'>τοῦτο</span> <span class='ocrx_word' id='word_1_246' title='bbox 181 1059 231 1097; x_wconf 71' lang='grc' dir='ltr'>γὰρ</span> <span class='ocrx_word' id='word_1_247' title='bbox 257 1059 364 1098; x_wconf 71' lang='grc' dir='ltr'>συνέχει</span> <span class='ocrx_word' id='word_1_248' title='bbox 393 1061 442 1095; x_wconf 74' lang='grc' dir='ltr'>τὴν</span> <span class='ocrx_word' id='word_1_249' title='bbox 473 1061 552 1097; x_wconf 75' lang='grc' dir='ltr'>πῆξιν</span> <span class='ocrx_word' id='word_1_250' title='bbox 585 1059 668 1095; x_wconf 79' lang='grc' dir='ltr'>αὐτῆς</span> <span class='ocrx_word' id='word_1_251' title='bbox 692 1059 902 1098; x_wconf 77' lang='grc' dir='ltr'>ἐγκατακεκλει-</span> 
     </span>
    </p>
   </div>
   <div class='ocr_carea' id='block_1_39' title="bbox 77 1103 902 1142">
    <p class='ocr_par' dir='ltr' id='par_1_39' title="bbox 77 1103 902 1142">
     <span class='ocr_line' id='line_1_39' title="bbox 77 1103 902 1142; baseline 0 -10"><span class='ocrx_word' id='word_1_252' title='bbox 77 1105 190 1141; x_wconf 66' lang='grc' dir='ltr'>σμένον.</span> <span class='ocrx_word' id='word_1_253' title='bbox 208 1104 386 1136; x_wconf 76' lang='grc' dir='ltr'>’Λπελθόντος</span> <span class='ocrx_word' id='word_1_254' title='bbox 402 1103 430 1132; x_wconf 79' lang='grc' dir='ltr'>δὲ</span> <span class='ocrx_word' id='word_1_255' title='bbox 444 1107 493 1132; x_wconf 75' lang='grc' dir='ltr'><strong>τοῦ</strong></span> <span class='ocrx_word' id='word_1_256' title='bbox 516 1105 670 1142; x_wconf 66' lang='grc' dir='ltr'>πνεύματος</span> <span class='ocrx_word' id='word_1_257' title='bbox 691 1103 762 1142; x_wconf 68' lang='grc' dir='ltr'>ὕδωρ</span> <span class='ocrx_word' id='word_1_258' title='bbox 780 1104 845 1132; x_wconf 75' lang='grc' dir='ltr'>οὖσα</span> <span class='ocrx_word' id='word_1_259' title='bbox 862 1105 902 1142; x_wconf 67' lang='grc' dir='ltr'>ῥεῖ</span> 
     </span>
    </p>
   </div>
   <div class='ocr_carea' id='block_1_40' title="bbox 76 1148 902 1185">
    <p class='ocr_par' dir='ltr' id='par_1_40' title="bbox 76 1148 902 1185">
     <span class='ocr_line' id='line_1_40' title="bbox 76 1148 902 1185; baseline 0.001 -9"><span class='ocrx_word' id='word_1_260' title='bbox 76 1149 122 1176; x_wconf 86' lang='grc' dir='ltr'><strong>καὶ</strong></span> <span class='ocrx_word' id='word_1_261' title='bbox 152 1148 305 1184; x_wconf 73' lang='grc' dir='ltr'><strong>διατήκεται</strong></span> <span class='ocrx_word' id='word_1_262' title='bbox 334 1150 379 1177; x_wconf 64' lang='grc' dir='ltr'><strong>καὶ</strong></span> <span class='ocrx_word' id='word_1_263' title='bbox 408 1149 523 1182; x_wconf 67' lang='grc' dir='ltr'>ἀπανοιῖ</span> <span class='ocrx_word' id='word_1_264' title='bbox 545 1150 576 1177; x_wconf 78' lang='grc' dir='ltr'><strong>τὸ</strong></span> <span class='ocrx_word' id='word_1_265' title='bbox 604 1149 710 1184; x_wconf 56' lang='grc' dir='ltr'>λευκὸν,</span> <span class='ocrx_word' id='word_1_266' title='bbox 727 1149 793 1185; x_wconf 74' lang='grc' dir='ltr'>ὅπερ</span> <span class='ocrx_word' id='word_1_267' title='bbox 821 1149 902 1184; x_wconf 78' lang='grc' dir='ltr'>ἡτοῦ</span> 
     </span>
    </p>
   </div>
   <div class='ocr_carea' id='block_1_41' title="bbox 75 1192 902 1232">
    <p class='ocr_par' dir='ltr' id='par_1_41' title="bbox 75 1192 902 1232">
     <span class='ocr_line' id='line_1_41' title="bbox 75 1192 902 1232; baseline 0.001 -12"><span class='ocrx_word' id='word_1_268' title='bbox 75 1193 230 1230; x_wconf 69' lang='grc' dir='ltr'>πνεύματος</span> <span class='ocrx_word' id='word_1_269' title='bbox 260 1194 330 1231; x_wconf 79' lang='grc' dir='ltr'>πρὸς</span> <span class='ocrx_word' id='word_1_270' title='bbox 353 1194 384 1221; x_wconf 78' lang='grc' dir='ltr'>τὸ</span> <span class='ocrx_word' id='word_1_271' title='bbox 410 1194 492 1232; x_wconf 82' lang='grc' dir='ltr'>ὑγρὸν</span> <span class='ocrx_word' id='word_1_272' title='bbox 521 1193 642 1230; x_wconf 64' lang='grc' dir='ltr'>ἀνάμιξις</span> <span class='ocrx_word' id='word_1_273' title='bbox 669 1192 798 1232; x_wconf 65' lang='grc' dir='ltr'>ἀφρώδης</span> <span class='ocrx_word' id='word_1_274' title='bbox 826 1204 902 1231; x_wconf 83' lang='grc' dir='ltr'>γινο-</span> 
     </span>
    </p>
   </div>
   <div class='ocr_carea' id='block_1_42' title="bbox 77 1237 902 1277">
    <p class='ocr_par' dir='ltr' id='par_1_42' title="bbox 77 1237 902 1277">
     <span class='ocr_line' id='line_1_42' title="bbox 77 1237 902 1277; baseline -0.001 -11"><span class='ocrx_word' id='word_1_275' title='bbox 77 1239 144 1274; x_wconf 75' lang='grc' dir='ltr'>μένη</span> <span class='ocrx_word' id='word_1_276' title='bbox 161 1241 286 1276; x_wconf 73' lang='grc' dir='ltr'>παρεῖχε,</span> <span class='ocrx_word' id='word_1_277' title='bbox 301 1238 346 1265; x_wconf 86' lang='grc' dir='ltr'><strong>καὶ</strong></span> <span class='ocrx_word' id='word_1_278' title='bbox 361 1239 392 1266; x_wconf 83' lang='grc' dir='ltr'>τὸ</span> <span class='ocrx_word' id='word_1_279' title='bbox 417 1238 519 1276; x_wconf 75' lang='grc' dir='ltr'>ἄχυρον</span> <span class='ocrx_word' id='word_1_280' title='bbox 537 1237 582 1266; x_wconf 68' lang='grc' dir='ltr'><strong>διὰ</strong></span> <span class='ocrx_word' id='word_1_281' title='bbox 599 1238 756 1277; x_wconf 65' lang='grc' dir='ltr'>κουφότητα</span> <span class='ocrx_word' id='word_1_282' title='bbox 771 1237 902 1275; x_wconf 78' lang='grc' dir='ltr'>μαλακῶς</span> 
     </span>
    </p>
   </div>
   <div class='ocr_carea' id='block_1_43' title="bbox 75 1282 588 1321">
    <p class='ocr_par' dir='ltr' id='par_1_43' title="bbox 75 1282 588 1321">
     <span class='ocr_line' id='line_1_43' title="bbox 75 1282 588 1321; baseline 0.002 -11"><span class='ocrx_word' id='word_1_283' title='bbox 75 1282 238 1320; x_wconf 73' lang='grc' dir='ltr'>περιπῖπτον</span> <span class='ocrx_word' id='word_1_284' title='bbox 254 1282 285 1310; x_wconf 70' lang='grc' dir='ltr'>οὗ</span> <span class='ocrx_word' id='word_1_285' title='bbox 302 1282 413 1321; x_wconf 69' lang='grc' dir='ltr'>θρύπτει</span> <span class='ocrx_word' id='word_1_286' title='bbox 427 1283 473 1310; x_wconf 85' lang='grc' dir='ltr'>τὸν</span> <span class='ocrx_word' id='word_1_287' title='bbox 490 1283 588 1320; x_wconf 77' lang='grc' dir='ltr'>πάγον.</span> 
     </span>
    </p>
   </div>
   <div class='ocr_carea' id='block_1_44' title="bbox 957 925 1782 961">
    <p class='ocr_par' dir='ltr' id='par_1_44' title="bbox 957 925 1782 961">
     <span class='ocr_line' id='line_1_44' title="bbox 957 925 1782 961; baseline 0 -9"><span class='ocrx_word' id='word_1_288' title='bbox 957 934 1053 954; x_wconf 80' lang='lat' dir='ltr'><strong>acrem</strong></span> <span class='ocrx_word' id='word_1_289' title='bbox 1069 925 1105 953; x_wconf 85' lang='lat' dir='ltr'><strong>ab</strong></span> <span class='ocrx_word' id='word_1_290' title='bbox 1119 926 1170 953; x_wconf 92' lang='lat' dir='ltr'><strong>illo</strong></span> <span class='ocrx_word' id='word_1_291' title='bbox 1181 932 1284 954; x_wconf 85' lang='lat' dir='ltr'><strong>arcens</strong></span> <span class='ocrx_word' id='word_1_292' title='bbox 1301 932 1334 953; x_wconf 90' lang='lat' dir='ltr'><strong>ac</strong></span> <span class='ocrx_word' id='word_1_293' title='bbox 1355 925 1510 961; x_wconf 83' lang='lat' dir='ltr'><strong>repellens.</strong></span> <span class='ocrx_word' id='word_1_294' title='bbox 1527 925 1782 957; x_wconf 81' lang='lat' dir='ltr'><strong>Quemadmodum</strong></span> 
     </span>
    </p>
   </div>
   <div class='ocr_carea' id='block_1_45' title="bbox 956 969 1784 1006">
    <p class='ocr_par' dir='ltr' id='par_1_45' title="bbox 956 969 1784 1006">
     <span class='ocr_line' id='line_1_45' title="bbox 956 969 1784 1006; baseline 0 -8"><span class='ocrx_word' id='word_1_295' title='bbox 956 970 1047 1006; x_wconf 83' lang='lat' dir='ltr'><strong>igitur</strong></span> <span class='ocrx_word' id='word_1_296' title='bbox 1058 970 1197 998; x_wconf 86' lang='lat' dir='ltr'><strong>calefacta</strong></span> <span class='ocrx_word' id='word_1_297' title='bbox 1221 970 1308 998; x_wconf 82' lang='lat' dir='ltr'><strong>vestis</strong></span> <span class='ocrx_word' id='word_1_298' title='bbox 1326 978 1379 998; x_wconf 86' lang='lat' dir='ltr'><strong>nos</strong></span> <span class='ocrx_word' id='word_1_299' title='bbox 1411 969 1556 1003; x_wconf 72' lang='lat' dir='ltr'><strong>calefacit,</strong></span> <span class='ocrx_word' id='word_1_300' title='bbox 1573 969 1616 998; x_wconf 89' lang='lat' dir='ltr'><strong>sic</strong></span> <span class='ocrx_word' id='word_1_301' title='bbox 1632 969 1784 1005; x_wconf 85' lang='lat' dir='ltr'><strong>frigefacta</strong></span> 
     </span>
    </p>
   </div>
   <div class='ocr_carea' id='block_1_46' title="bbox 956 1013 1782 1051">
    <p class='ocr_par' dir='ltr' id='par_1_46' title="bbox 956 1013 1782 1051">
     <span class='ocr_line' id='line_1_46' title="bbox 956 1013 1782 1051; baseline -0.004 -8"><span class='ocrx_word' id='word_1_302' title='bbox 956 1015 1038 1043; x_wconf 81' lang='lat' dir='ltr'><strong>nives</strong></span> <span class='ocrx_word' id='word_1_303' title='bbox 1053 1014 1335 1051; x_wconf 78' lang='lat' dir='ltr'><strong>refrigerat.Frigeiit</strong></span> <span class='ocrx_word' id='word_1_304' title='bbox 1348 1017 1447 1042; x_wconf 87' lang='lat' dir='ltr'><strong>autem</strong></span> <span class='ocrx_word' id='word_1_305' title='bbox 1458 1014 1567 1042; x_wconf 88' lang='lat' dir='ltr'><strong>emisso</strong></span> <span class='ocrx_word' id='word_1_306' title='bbox 1582 1015 1618 1042; x_wconf 89' lang='lat' dir='ltr'><strong>ab</strong></span> <span class='ocrx_word' id='word_1_307' title='bbox 1630 1013 1688 1042; x_wconf 82' lang='lat' dir='ltr'><strong>illis</strong></span> <span class='ocrx_word' id='word_1_308' title='bbox 1699 1013 1782 1042; x_wconf 86' lang='lat' dir='ltr'><strong>tenui</strong></span> 
     </span>
    </p>
   </div>
   <div class='ocr_carea' id='block_1_47' title="bbox 956 1057 1781 1096">
    <p class='ocr_par' dir='ltr' id='par_1_47' title="bbox 956 1057 1781 1096">
     <span class='ocr_line' id='line_1_47' title="bbox 956 1057 1781 1096; baseline -0.004 -8"><span class='ocrx_word' id='word_1_309' title='bbox 956 1059 1126 1096; x_wconf 88' lang='lat' dir='ltr'><strong>spiritn,qui</strong></span> <span class='ocrx_word' id='word_1_310' title='bbox 1141 1060 1212 1087; x_wconf 88' lang='lat' dir='ltr'><strong>dum</strong></span> <span class='ocrx_word' id='word_1_311' title='bbox 1229 1068 1246 1087; x_wconf 91' lang='lat' dir='ltr'><strong>a</strong></span> <span class='ocrx_word' id='word_1_312' title='bbox 1260 1061 1338 1088; x_wconf 86' lang='lat' dir='ltr'><strong>veste</strong></span> <span class='ocrx_word' id='word_1_313' title='bbox 1353 1059 1487 1087; x_wconf 88' lang='lat' dir='ltr'><strong>inclusus</strong></span> <span class='ocrx_word' id='word_1_314' title='bbox 1501 1059 1653 1092; x_wconf 83' lang='lat' dir='ltr'><strong>retinetur,</strong></span> <span class='ocrx_word' id='word_1_315' title='bbox 1669 1066 1720 1086; x_wconf 86' lang='lat' dir='ltr'><strong>eas</strong></span> <span class='ocrx_word' id='word_1_316' title='bbox 1734 1057 1781 1085; x_wconf 83' lang='lat' dir='ltr'><strong>in-</strong></span> 
     </span>
    </p>
   </div>
   <div class='ocr_carea' id='block_1_48' title="bbox 956 1102 1783 1141">
    <p class='ocr_par' dir='ltr' id='par_1_48' title="bbox 956 1102 1783 1141">
     <span class='ocr_line' id='line_1_48' title="bbox 956 1102 1783 1141; baseline -0.002 -9"><span class='ocrx_word' id='word_1_317' title='bbox 956 1106 1054 1141; x_wconf 76' lang='lat' dir='ltr'><strong>tegras</strong></span> <span class='ocrx_word' id='word_1_318' title='bbox 1070 1113 1103 1132; x_wconf 86' lang='lat' dir='ltr'><strong>ac</strong></span> <span class='ocrx_word' id='word_1_319' title='bbox 1118 1107 1284 1140; x_wconf 82' lang='lat' dir='ltr'><strong>compactae</strong></span> <span class='ocrx_word' id='word_1_320' title='bbox 1297 1103 1517 1132; x_wconf 66' lang='lat' dir='ltr'><strong>conservatﬂic</strong></span> <span class='ocrx_word' id='word_1_321' title='bbox 1533 1103 1611 1131; x_wconf 88' lang='lat' dir='ltr'><strong>enim</strong></span> <span class='ocrx_word' id='word_1_322' title='bbox 1627 1103 1669 1130; x_wconf 86' lang='lat' dir='ltr'><strong>sic</strong></span> <span class='ocrx_word' id='word_1_323' title='bbox 1685 1102 1783 1138; x_wconf 85' lang='lat' dir='ltr'><strong>exspi-</strong></span> 
     </span>
    </p>
   </div>
   <div class='ocr_carea' id='block_1_49' title="bbox 957 1148 1787 1184">
    <p class='ocr_par' dir='ltr' id='par_1_49' title="bbox 957 1148 1787 1184">
     <span class='ocr_line' id='line_1_49' title="bbox 957 1148 1787 1184; baseline -0.002 -7"><span class='ocrx_word' id='word_1_324' title='bbox 957 1151 1001 1177; x_wconf 96' lang='lat' dir='ltr'><strong>ret</strong></span> <span class='ocrx_word' id='word_1_325' title='bbox 1015 1151 1044 1177; x_wconf 84' lang='lat' dir='ltr'><strong>et</strong></span> <span class='ocrx_word' id='word_1_326' title='bbox 1058 1148 1222 1183; x_wconf 84' lang='lat' dir='ltr'><strong>cvolaverit,</strong></span> <span class='ocrx_word' id='word_1_327' title='bbox 1248 1149 1298 1176; x_wconf 84' lang='lat' dir='ltr'><strong>nix</strong></span> <span class='ocrx_word' id='word_1_328' title='bbox 1315 1149 1342 1176; x_wconf 92' lang='lat' dir='ltr'><strong>in</strong></span> <span class='ocrx_word' id='word_1_329' title='bbox 1368 1157 1461 1184; x_wconf 85' lang='lat' dir='ltr'><strong>aquas</strong></span> <span class='ocrx_word' id='word_1_330' title='bbox 1487 1157 1503 1176; x_wconf 81' lang='grc' dir='ltr'><strong>θ</strong></span> <span class='ocrx_word' id='word_1_331' title='bbox 1532 1148 1640 1184; x_wconf 86' lang='lat' dir='ltr'><strong>quibus</strong></span> <span class='ocrx_word' id='word_1_332' title='bbox 1669 1148 1787 1175; x_wconf 85' lang='lat' dir='ltr'><strong>constat</strong></span> 
     </span>
    </p>
   </div>
   <div class='ocr_carea' id='block_1_50' title="bbox 957 1192 1787 1230">
    <p class='ocr_par' dir='ltr' id='par_1_50' title="bbox 957 1192 1787 1230">
     <span class='ocr_line' id='line_1_50' title="bbox 957 1192 1787 1230; baseline -0.002 -9"><span class='ocrx_word' id='word_1_333' title='bbox 957 1193 1114 1230; x_wconf 83' lang='lat' dir='ltr'><strong>liquefacta</strong></span> <span class='ocrx_word' id='word_1_334' title='bbox 1129 1194 1255 1227; x_wconf 69' lang='lat' dir='ltr'><strong>diffluat,</strong></span> <span class='ocrx_word' id='word_1_335' title='bbox 1271 1193 1460 1228; x_wconf 82' lang='lat' dir='ltr'><strong>alboremque</strong></span> <span class='ocrx_word' id='word_1_336' title='bbox 1475 1201 1564 1221; x_wconf 89' lang='lat' dir='ltr'><strong>suum</strong></span> <span class='ocrx_word' id='word_1_337' title='bbox 1580 1192 1669 1220; x_wconf 88' lang='lat' dir='ltr'><strong>veluti</strong></span> <span class='ocrx_word' id='word_1_338' title='bbox 1684 1192 1787 1220; x_wconf 85' lang='lat' dir='ltr'><strong>ﬂorem</strong></span> 
     </span>
    </p>
   </div>
   <div class='ocr_carea' id='block_1_51' title="bbox 958 1237 1788 1274">
    <p class='ocr_par' dir='ltr' id='par_1_51' title="bbox 958 1237 1788 1274">
     <span class='ocr_line' id='line_1_51' title="bbox 958 1237 1788 1274; baseline -0.002 -8"><span class='ocrx_word' id='word_1_339' title='bbox 958 1239 1081 1271; x_wconf 89' lang='lat' dir='ltr'><strong>amittet,</strong></span> <span class='ocrx_word' id='word_1_340' title='bbox 1107 1238 1227 1274; x_wconf 84' lang='lat' dir='ltr'><strong>perinde</strong></span> <span class='ocrx_word' id='word_1_341' title='bbox 1251 1240 1284 1265; x_wconf 91' lang='lat' dir='ltr'><strong>ut</strong></span> <span class='ocrx_word' id='word_1_342' title='bbox 1299 1238 1447 1266; x_wconf 89' lang='lat' dir='ltr'><strong>evanescit</strong></span> <span class='ocrx_word' id='word_1_343' title='bbox 1462 1246 1494 1265; x_wconf 87' lang='lat' dir='ltr'><strong>ac</strong></span> <span class='ocrx_word' id='word_1_344' title='bbox 1511 1237 1585 1273; x_wconf 85' lang='lat' dir='ltr'><strong>perit</strong></span> <span class='ocrx_word' id='word_1_345' title='bbox 1601 1245 1708 1273; x_wconf 80' lang='lat' dir='ltr'><strong>spuma</strong></span> <span class='ocrx_word' id='word_1_346' title='bbox 1723 1244 1788 1271; x_wconf 68' lang='lat' dir='ltr'><strong>qua</strong></span> 
     </span>
    </p>
   </div>
   <div class='ocr_carea' id='block_1_52' title="bbox 958 1280 1790 1318">
    <p class='ocr_par' dir='ltr' id='par_1_52' title="bbox 958 1280 1790 1318">
     <span class='ocr_line' id='line_1_52' title="bbox 958 1280 1790 1318; baseline -0.002 -8"><span class='ocrx_word' id='word_1_347' title='bbox 958 1281 1118 1318; x_wconf 77' lang='lat' dir='ltr'><strong>spiramine</strong></span> <span class='ocrx_word' id='word_1_348' title='bbox 1128 1289 1195 1309; x_wconf 89' lang='lat' dir='ltr'><strong>cum</strong></span> <span class='ocrx_word' id='word_1_349' title='bbox 1211 1289 1287 1317; x_wconf 84' lang='lat' dir='ltr'><strong>aqua</strong></span> <span class='ocrx_word' id='word_1_350' title='bbox 1316 1281 1455 1317; x_wconf 81' lang='lat' dir='ltr'><strong>permisto</strong></span> <span class='ocrx_word' id='word_1_351' title='bbox 1471 1284 1539 1309; x_wconf 89' lang='lat' dir='ltr'><strong>nata</strong></span> <span class='ocrx_word' id='word_1_352' title='bbox 1569 1281 1672 1309; x_wconf 87' lang='lat' dir='ltr'><strong>fuerat.</strong></span> <span class='ocrx_word' id='word_1_353' title='bbox 1689 1280 1745 1309; x_wconf 86' lang='lat' dir='ltr'><strong>Sed</strong></span> <span class='ocrx_word' id='word_1_354' title='bbox 1760 1281 1790 1308; x_wconf 87' lang='lat' dir='ltr'><strong>et</strong></span> 
     </span>
    </p>
   </div>
   <div class='ocr_carea' id='block_1_53' title="bbox 75 1324 1782 1364">
    <p class='ocr_par' dir='ltr' id='par_1_53' title="bbox 75 1324 1782 1364">
     <span class='ocr_line' id='line_1_53' title="bbox 75 1324 1782 1364; baseline -0.001 -9"><span class='ocrx_word' id='word_1_355' title='bbox 75 1328 171 1364; x_wconf 85' lang='lat' dir='ltr'><strong>palea,</strong></span> <span class='ocrx_word' id='word_1_356' title='bbox 187 1328 328 1364; x_wconf 86' lang='lat' dir='ltr'><strong>quoniam</strong></span> <span class='ocrx_word' id='word_1_357' title='bbox 344 1327 469 1364; x_wconf 86' lang='lat' dir='ltr'><strong>perlevis</strong></span> <span class='ocrx_word' id='word_1_358' title='bbox 483 1330 540 1363; x_wconf 85' lang='lat' dir='ltr'><strong>est,</strong></span> <span class='ocrx_word' id='word_1_359' title='bbox 558 1327 686 1356; x_wconf 88' lang='lat' dir='ltr'><strong>molliter</strong></span> <span class='ocrx_word' id='word_1_360' title='bbox 700 1327 817 1356; x_wconf 85' lang='lat' dir='ltr'><strong>nivibus</strong></span> <span class='ocrx_word' id='word_1_361' title='bbox 831 1327 1018 1363; x_wconf 87' lang='lat' dir='ltr'><strong>incumbens,</strong></span> <span class='ocrx_word' id='word_1_362' title='bbox 1037 1327 1202 1355; x_wconf 84' lang='lat' dir='ltr'><strong>consistens</strong></span> <span class='ocrx_word' id='word_1_363' title='bbox 1215 1327 1278 1361; x_wconf 86' lang='lat' dir='ltr'><strong>ejus</strong></span> <span class='ocrx_word' id='word_1_364' title='bbox 1307 1326 1373 1362; x_wconf 82' lang='lat' dir='ltr'><strong>gelu</strong></span> <span class='ocrx_word' id='word_1_365' title='bbox 1391 1335 1449 1355; x_wconf 92' lang='lat' dir='ltr'><strong>non</strong></span> <span class='ocrx_word' id='word_1_366' title='bbox 1465 1325 1610 1362; x_wconf 86' lang='lat' dir='ltr'><strong>dissolvit,</strong></span> <span class='ocrx_word' id='word_1_367' title='bbox 1629 1326 1681 1354; x_wconf 87' lang='lat' dir='ltr'><strong>sed</strong></span> <span class='ocrx_word' id='word_1_368' title='bbox 1706 1324 1782 1354; x_wconf 81' lang='lat' dir='ltr'><strong>inte-</strong></span> 
     </span>
    </p>
   </div>
   <div class='ocr_carea' id='block_1_54' title="bbox 75 1372 330 1409">
    <p class='ocr_par' dir='ltr' id='par_1_54' title="bbox 75 1372 330 1409">
     <span class='ocr_line' id='line_1_54' title="bbox 75 1372 330 1409; baseline 0 -9"><span class='ocrx_word' id='word_1_369' title='bbox 75 1380 162 1409; x_wconf 84' lang='lat' dir='ltr'><strong>grum</strong></span> <span class='ocrx_word' id='word_1_370' title='bbox 178 1372 330 1409; x_wconf 87' lang='lat' dir='ltr'><strong>relinquit.</strong></span> 
     </span>
    </p>
   </div>
   <div class='ocr_carea' id='block_1_55' title="bbox 319 1429 663 1468">
    <p class='ocr_par' dir='ltr' id='par_1_55' title="bbox 319 1429 663 1468">
     <span class='ocr_line' id='line_1_55' title="bbox 319 1429 663 1468; baseline 0 -10"><span class='ocrx_word' id='word_1_371' title='bbox 319 1430 382 1468; x_wconf 80' lang='grc' dir='ltr'>ρνς’,</span> <span class='ocrx_word' id='word_1_372' title='bbox 398 1430 428 1458; x_wconf 84' lang='grc' dir='ltr'>Τί</span> <span class='ocrx_word' id='word_1_373' title='bbox 442 1429 497 1458; x_wconf 79' lang='grc' dir='ltr'>ἐστι</span> <span class='ocrx_word' id='word_1_374' title='bbox 516 1429 663 1468; x_wconf 81' lang='grc' dir='ltr'>βούλιμος.</span> 
     </span>
    </p>
   </div>
   <div class='ocr_carea' id='block_1_56' title="bbox 114 1482 906 1522">
    <p class='ocr_par' dir='ltr' id='par_1_56' title="bbox 114 1482 906 1522">
     <span class='ocr_line' id='line_1_56' title="bbox 114 1482 906 1522; baseline 0 -12"><span class='ocrx_word' id='word_1_375' title='bbox 114 1482 254 1520; x_wconf 80' lang='grc' dir='ltr'>Βούλιμος</span> <span class='ocrx_word' id='word_1_376' title='bbox 279 1483 386 1521; x_wconf 63' lang='grc' dir='ltr'>λέγεται</span> <span class='ocrx_word' id='word_1_377' title='bbox 419 1484 433 1512; x_wconf 80' lang='grc' dir='ltr'><strong>ὁ</strong></span> <span class='ocrx_word' id='word_1_378' title='bbox 465 1484 546 1522; x_wconf 67' lang='grc' dir='ltr'>μέγας</span> <span class='ocrx_word' id='word_1_379' title='bbox 571 1483 654 1520; x_wconf 82' lang='grc' dir='ltr'>λιμὸς</span> <span class='ocrx_word' id='word_1_380' title='bbox 679 1485 738 1511; x_wconf 78' lang='grc' dir='ltr'>οἷον</span> <span class='ocrx_word' id='word_1_381' title='bbox 766 1483 906 1520; x_wconf 71' lang='grc' dir='ltr'>πούλιμός</span> 
     </span>
    </p>
   </div>
   <div class='ocr_carea' id='block_1_57' title="bbox 75 1525 905 1565">
    <p class='ocr_par' dir='ltr' id='par_1_57' title="bbox 75 1525 905 1565">
     <span class='ocr_line' id='line_1_57' title="bbox 75 1525 905 1565; baseline 0.001 -10"><span class='ocrx_word' id='word_1_382' title='bbox 75 1539 131 1562; x_wconf 78' lang='grc' dir='ltr'>τις,</span> <span class='ocrx_word' id='word_1_383' title='bbox 154 1529 226 1556; x_wconf 81' lang='grc' dir='ltr'>τοῦτ’</span> <span class='ocrx_word' id='word_1_384' title='bbox 247 1525 301 1556; x_wconf 76' lang='grc' dir='ltr'>ἔστι</span> <span class='ocrx_word' id='word_1_385' title='bbox 327 1528 414 1560; x_wconf 78' lang='grc' dir='ltr'>πολὺς</span> <span class='ocrx_word' id='word_1_386' title='bbox 439 1528 534 1565; x_wconf 84' lang='grc' dir='ltr'>λιμός.</span> <span class='ocrx_word' id='word_1_387' title='bbox 551 1527 725 1564; x_wconf 83' lang='grc' dir='ltr'>Βουλιμιῶσι</span> <span class='ocrx_word' id='word_1_388' title='bbox 754 1527 782 1556; x_wconf 79' lang='grc' dir='ltr'>δὲ</span> <span class='ocrx_word' id='word_1_389' title='bbox 808 1529 834 1556; x_wconf 80' lang='grc' dir='ltr'>οἱ</span> <span class='ocrx_word' id='word_1_390' title='bbox 861 1527 905 1556; x_wconf 77' lang='grc' dir='ltr'><strong>διὰ</strong></span> 
     </span>
    </p>
   </div>
   <div class='ocr_carea' id='block_1_58' title="bbox 1209 1428 1542 1464">
    <p class='ocr_par' dir='ltr' id='par_1_58' title="bbox 1209 1428 1542 1464">
     <span class='ocr_line' id='line_1_58' title="bbox 1209 1428 1542 1464; baseline 0 -7"><span class='ocrx_word' id='word_1_391' title='bbox 1209 1429 1272 1457; x_wconf 84' lang='lat'><strong>156.</strong></span> <span class='ocrx_word' id='word_1_392' title='bbox 1290 1429 1361 1464; x_wconf 75' lang='lat' dir='ltr'><strong>Quid</strong></span> <span class='ocrx_word' id='word_1_393' title='bbox 1375 1429 1413 1457; x_wconf 70' lang='lat' dir='ltr'><strong>sit</strong></span> <span class='ocrx_word' id='word_1_394' title='bbox 1423 1428 1542 1457; x_wconf 74' lang='lat' dir='ltr'><strong>bulimos</strong></span> 
     </span>
    </p>
   </div>
   <div class='ocr_carea' id='block_1_59' title="bbox 995 1479 1791 1519">
    <p class='ocr_par' dir='ltr' id='par_1_59' title="bbox 995 1479 1791 1519">
     <span class='ocr_line' id='line_1_59' title="bbox 995 1479 1791 1519; baseline -0.005 -8"><span class='ocrx_word' id='word_1_395' title='bbox 995 1483 1127 1512; x_wconf 90' lang='lat' dir='ltr'><strong>Bulimos</strong></span> <span class='ocrx_word' id='word_1_396' title='bbox 1152 1482 1311 1512; x_wconf 84' lang='lat' dir='ltr'><strong>vehemens</strong></span> <span class='ocrx_word' id='word_1_397' title='bbox 1326 1483 1418 1511; x_wconf 87' lang='lat' dir='ltr'><strong>fames</strong></span> <span class='ocrx_word' id='word_1_398' title='bbox 1433 1484 1488 1518; x_wconf 87' lang='lat' dir='ltr'><strong>est,</strong></span> <span class='ocrx_word' id='word_1_399' title='bbox 1520 1481 1603 1519; x_wconf 89' lang='lat' dir='ltr'><strong>quasi</strong></span> <span class='ocrx_word' id='word_1_400' title='bbox 1619 1479 1757 1518; x_wconf 74' lang='grc' dir='ltr'>πούλιμος</span> <span class='ocrx_word' id='word_1_401' title='bbox 1773 1489 1791 1510; x_wconf 80' lang='lat' dir='ltr'><strong>a,</strong></span> 
     </span>
    </p>
   </div>
   <div class='ocr_carea' id='block_1_60' title="bbox 959 1526 1789 1564">
    <p class='ocr_par' dir='ltr' id='par_1_60' title="bbox 959 1526 1789 1564">
     <span class='ocr_line' id='line_1_60' title="bbox 959 1526 1789 1564; baseline -0.001 -10"><span class='ocrx_word' id='word_1_402' title='bbox 959 1526 1048 1559; x_wconf 72' lang='grc' dir='ltr'>πολὺς</span> <span class='ocrx_word' id='word_1_403' title='bbox 1065 1527 1178 1557; x_wconf 87' lang='lat' dir='ltr'><strong>multus</strong></span> <span class='ocrx_word' id='word_1_404' title='bbox 1194 1529 1222 1556; x_wconf 91' lang='lat' dir='ltr'><strong>et</strong></span> <span class='ocrx_word' id='word_1_405' title='bbox 1237 1526 1320 1564; x_wconf 85' lang='grc' dir='ltr'>λιμὸς</span> <span class='ocrx_word' id='word_1_406' title='bbox 1335 1527 1413 1564; x_wconf 89' lang='lat' dir='ltr'><strong>quod</strong></span> <span class='ocrx_word' id='word_1_407' title='bbox 1434 1527 1542 1555; x_wconf 84' lang='lat' dir='ltr'><strong>famem</strong></span> <span class='ocrx_word' id='word_1_408' title='bbox 1558 1526 1716 1563; x_wconf 82' lang='lat' dir='ltr'><strong>signiﬁcat.</strong></span> <span class='ocrx_word' id='word_1_409' title='bbox 1733 1526 1789 1554; x_wconf 89' lang='lat' dir='ltr'><strong>Ve-</strong></span> 
     </span>
    </p>
   </div>
   <div class='ocr_carea' id='block_1_61' title="bbox 78 1571 891 1611">
    <p class='ocr_par' dir='ltr' id='par_1_61' title="bbox 78 1571 891 1611">
     <span class='ocr_line' id='line_1_61' title="bbox 78 1571 891 1611; baseline 0.002 -13"><span class='ocrx_word' id='word_1_410' title='bbox 78 1573 172 1609; x_wconf 87' lang='grc' dir='ltr'>χιόνος</span> <span class='ocrx_word' id='word_1_411' title='bbox 191 1571 308 1609; x_wconf 73' lang='grc' dir='ltr'>μάλιστα</span> <span class='ocrx_word' id='word_1_412' title='bbox 330 1572 401 1600; x_wconf 75' lang='grc' dir='ltr'>πολὺ</span> <span class='ocrx_word' id='word_1_413' title='bbox 428 1571 592 1611; x_wconf 84' lang='grc' dir='ltr'>βαδίζοντες·</span> <span class='ocrx_word' id='word_1_414' title='bbox 618 1572 757 1610; x_wconf 78' lang='grc' dir='ltr'>Πάσχουσι</span> <span class='ocrx_word' id='word_1_415' title='bbox 779 1571 807 1601; x_wconf 77' lang='grc' dir='ltr'><strong>ὂὶ</strong></span> <span class='ocrx_word' id='word_1_416' title='bbox 822 1575 891 1600; x_wconf 77' lang='grc' dir='ltr'><strong>τοῦτι</strong></span> 
     </span>
    </p>
   </div>
   <div class='ocr_carea' id='block_1_62' title="bbox 994 1571 1790 1611">
    <p class='ocr_par' dir='ltr' id='par_1_62' title="bbox 996 1571 1790 1609">
     <span class='ocr_line' id='line_1_62' title="bbox 996 1571 1790 1609; baseline -0.004 -8"><span class='ocrx_word' id='word_1_417' title='bbox 996 1573 1125 1601; x_wconf 83' lang='lat' dir='ltr'><strong>meutius</strong></span> <span class='ocrx_word' id='word_1_418' title='bbox 1135 1575 1234 1601; x_wconf 89' lang='lat' dir='ltr'><strong>autem</strong></span> <span class='ocrx_word' id='word_1_419' title='bbox 1244 1573 1379 1601; x_wconf 77' lang='lat' dir='ltr'><strong>ssuriunt</strong></span> <span class='ocrx_word' id='word_1_420' title='bbox 1395 1572 1445 1609; x_wconf 89' lang='lat' dir='ltr'><strong>qui</strong></span> <span class='ocrx_word' id='word_1_421' title='bbox 1458 1581 1510 1609; x_wconf 88' lang='lat' dir='ltr'><strong>per</strong></span> <span class='ocrx_word' id='word_1_422' title='bbox 1525 1572 1605 1600; x_wconf 88' lang='lat' dir='ltr'><strong>nives</strong></span> <span class='ocrx_word' id='word_1_423' title='bbox 1621 1571 1790 1607; x_wconf 86' lang='lat' dir='ltr'><strong>frequenter</strong></span> 
     </span>
    </p>
   </div>
   <div class='ocr_carea' id='block_1_63' title="bbox 76 1616 902 1655">
    <p class='ocr_par' dir='ltr' id='par_1_63' title="bbox 76 1616 902 1655">
     <span class='ocr_line' id='line_1_63' title="bbox 76 1616 902 1655; baseline 0.001 -11"><span class='ocrx_word' id='word_1_424' title='bbox 76 1617 124 1644; x_wconf 90' lang='grc' dir='ltr'><strong>καὶ</strong></span> <span class='ocrx_word' id='word_1_425' title='bbox 151 1616 232 1644; x_wconf 83' lang='grc' dir='ltr'>’ίπποι</span> <span class='ocrx_word' id='word_1_426' title='bbox 260 1617 305 1644; x_wconf 85' lang='grc' dir='ltr'><strong>καὶ</strong></span> <span class='ocrx_word' id='word_1_427' title='bbox 333 1617 459 1653; x_wconf 77' lang='grc' dir='ltr'>ἡμίονοι,</span> <span class='ocrx_word' id='word_1_428' title='bbox 486 1617 530 1645; x_wconf 84' lang='grc' dir='ltr'><strong>καὶ</strong></span> <span class='ocrx_word' id='word_1_429' title='bbox 553 1616 672 1654; x_wconf 81' lang='grc' dir='ltr'>μάλιστα</span> <span class='ocrx_word' id='word_1_430' title='bbox 695 1617 757 1644; x_wconf 72' lang='grc' dir='ltr'>ὅταν</span> <span class='ocrx_word' id='word_1_431' title='bbox 788 1616 902 1655; x_wconf 78' lang='grc' dir='ltr'>ἰσχάδας</span> 
     </span>
    </p>
   </div>
   <div class='ocr_carea' id='block_1_64' title="bbox 76 1660 901 1698">
    <p class='ocr_par' dir='ltr' id='par_1_64' title="bbox 76 1660 901 1698">
     <span class='ocr_line' id='line_1_64' title="bbox 76 1660 901 1698; baseline 0 -9"><span class='ocrx_word' id='word_1_432' title='bbox 76 1661 124 1689; x_wconf 81' lang='grc' dir='ltr'><strong>καὶ</strong></span> <span class='ocrx_word' id='word_1_433' title='bbox 149 1661 226 1698; x_wconf 75' lang='grc' dir='ltr'>μῆλα</span> <span class='ocrx_word' id='word_1_434' title='bbox 253 1661 415 1698; x_wconf 83' lang='grc' dir='ltr'>κομίζωσιν.</span> <span class='ocrx_word' id='word_1_435' title='bbox 443 1663 477 1690; x_wconf 76' lang='grc' dir='ltr'><strong>Ὀ</strong></span> <span class='ocrx_word' id='word_1_436' title='bbox 508 1660 536 1689; x_wconf 69' lang='grc' dir='ltr'>δὲ</span> <span class='ocrx_word' id='word_1_437' title='bbox 566 1662 788 1698; x_wconf 64' lang='grc' dir='ltr'>θαυμασιώτατόν</span> <span class='ocrx_word' id='word_1_438' title='bbox 819 1662 901 1697; x_wconf 61' lang='grc' dir='ltr'><strong>ἐτι-τιν⁷</strong></span> 
     </span>
    </p>
   </div>
   <div class='ocr_carea' id='block_1_65' title="bbox 76 1706 900 1746">
    <p class='ocr_par' dir='ltr' id='par_1_65' title="bbox 76 1706 900 1746">
     <span class='ocr_line' id='line_1_65' title="bbox 76 1706 900 1746; baseline 0.001 -13"><span class='ocrx_word' id='word_1_439' title='bbox 76 1706 128 1734; x_wconf 81' lang='grc' dir='ltr'><strong>οὐκ</strong></span> <span class='ocrx_word' id='word_1_440' title='bbox 148 1706 307 1744; x_wconf 74' lang='grc' dir='ltr'>ἀνθρώπους</span> <span class='ocrx_word' id='word_1_441' title='bbox 335 1706 428 1743; x_wconf 71' lang='grc' dir='ltr'>μόνον,</span> <span class='ocrx_word' id='word_1_442' title='bbox 447 1706 518 1734; x_wconf 70' lang='grc' dir='ltr'>ἀλλὰ</span> <span class='ocrx_word' id='word_1_443' title='bbox 532 1706 577 1734; x_wconf 83' lang='grc' dir='ltr'><strong>καὶ</strong></span> <span class='ocrx_word' id='word_1_444' title='bbox 593 1708 680 1743; x_wconf 78' lang='grc' dir='ltr'>κτήνη</span> <span class='ocrx_word' id='word_1_445' title='bbox 702 1706 900 1746; x_wconf 58' lang='grc' dir='ltr'>ἀναρρώννυσιν</span> 
     </span>
    </p>
   </div>
   <div class='ocr_carea' id='block_1_66' title="bbox 77 1750 904 1790">
    <p class='ocr_par' dir='ltr' id='par_1_66' title="bbox 77 1750 904 1790">
     <span class='ocr_line' id='line_1_66' title="bbox 77 1750 904 1790; baseline 0.001 -12"><span class='ocrx_word' id='word_1_446' title='bbox 77 1750 158 1789; x_wconf 72' lang='grc' dir='ltr'>ἄρτος</span> <span class='ocrx_word' id='word_1_447' title='bbox 182 1751 288 1778; x_wconf 76' lang='grc' dir='ltr'>πάντων</span> <span class='ocrx_word' id='word_1_448' title='bbox 313 1750 456 1788; x_wconf 66' lang='grc' dir='ltr'>ἐδωδίμων</span> <span class='ocrx_word' id='word_1_449' title='bbox 489 1751 617 1788; x_wconf 73' lang='grc' dir='ltr'>μάλιστα,</span> <span class='ocrx_word' id='word_1_450' title='bbox 639 1752 707 1779; x_wconf 65' lang='grc' dir='ltr'>ὥστε</span> <span class='ocrx_word' id='word_1_451' title='bbox 734 1751 782 1779; x_wconf 75' lang='grc' dir='ltr'><strong>κᾶν</strong></span> <span class='ocrx_word' id='word_1_452' title='bbox 810 1751 904 1790; x_wconf 82' lang='grc' dir='ltr'>ἐλάχι-</span> 
     </span>
    </p>
   </div>
   <div class='ocr_carea' id='block_1_67' title="bbox 77 1795 902 1835">
    <p class='ocr_par' dir='ltr' id='par_1_67' title="bbox 77 1795 902 1835">
     <span class='ocr_line' id='line_1_67' title="bbox 77 1795 902 1835; baseline 0 -11"><span class='ocrx_word' id='word_1_453' title='bbox 77 1806 140 1824; x_wconf 85' lang='grc' dir='ltr'>στον</span> <span class='ocrx_word' id='word_1_454' title='bbox 168 1795 212 1823; x_wconf 73' lang='grc' dir='ltr'>ἐὰν</span> <span class='ocrx_word' id='word_1_455' title='bbox 243 1796 374 1834; x_wconf 59' lang='grc' dir='ltr'>ψάγωσιν,</span> <span class='ocrx_word' id='word_1_456' title='bbox 403 1796 481 1827; x_wconf 68' lang='grc' dir='ltr'>εὐθὺς</span> <span class='ocrx_word' id='word_1_457' title='bbox 511 1795 635 1824; x_wconf 72' lang='grc' dir='ltr'>ἵστανται</span> <span class='ocrx_word' id='word_1_458' title='bbox 660 1797 705 1824; x_wconf 80' lang='grc' dir='ltr'><strong>καὶ</strong></span> <span class='ocrx_word' id='word_1_459' title='bbox 737 1795 902 1835; x_wconf 79' lang='grc' dir='ltr'>βαδίζουσι,</span> 
     </span>
    </p>
   </div>
   <div class='ocr_carea' id='block_1_68' title="bbox 75 1839 903 1878">
    <p class='ocr_par' dir='ltr' id='par_1_68' title="bbox 75 1839 903 1878">
     <span class='ocr_line' id='line_1_68' title="bbox 75 1839 903 1878; baseline 0.001 -11"><span class='ocrx_word' id='word_1_460' title='bbox 75 1840 258 1878; x_wconf 72' lang='grc' dir='ltr'>περιψύχεται</span> <span class='ocrx_word' id='word_1_461' title='bbox 281 1840 332 1877; x_wconf 68' lang='grc' dir='ltr'>γὰρ</span> <span class='ocrx_word' id='word_1_462' title='bbox 355 1839 476 1878; x_wconf 74' lang='grc' dir='ltr'>ἴσχυρῶς</span> <span class='ocrx_word' id='word_1_463' title='bbox 499 1840 544 1867; x_wconf 81' lang='grc' dir='ltr'><strong>καὶ</strong></span> <span class='ocrx_word' id='word_1_464' title='bbox 568 1843 715 1868; x_wconf 75' lang='grc' dir='ltr'>πυκνοῦται</span> <span class='ocrx_word' id='word_1_465' title='bbox 732 1841 766 1868; x_wconf 74' lang='grc' dir='ltr'><strong>τὰ</strong></span> <span class='ocrx_word' id='word_1_466' title='bbox 790 1843 903 1878; x_wconf 84' lang='grc' dir='ltr'>σώματα</span> 
     </span>
    </p>
   </div>
   <div class='ocr_carea' id='block_1_69' title="bbox 75 1883 902 1924">
    <p class='ocr_par' dir='ltr' id='par_1_69' title="bbox 75 1883 902 1924">
     <span class='ocr_line' id='line_1_69' title="bbox 75 1883 902 1924; baseline 0.002 -13"><span class='ocrx_word' id='word_1_467' title='bbox 75 1887 131 1912; x_wconf 83' lang='grc' dir='ltr'><strong>τῶν</strong></span> <span class='ocrx_word' id='word_1_468' title='bbox 165 1883 328 1921; x_wconf 85' lang='grc' dir='ltr'>βαδιζόντων</span> <span class='ocrx_word' id='word_1_469' title='bbox 358 1883 402 1912; x_wconf 71' lang='grc' dir='ltr'><strong>διὰ</strong></span> <span class='ocrx_word' id='word_1_470' title='bbox 435 1884 548 1922; x_wconf 84' lang='grc' dir='ltr'>χιόνος,</span> <span class='ocrx_word' id='word_1_471' title='bbox 575 1885 717 1917; x_wconf 71' lang='grc' dir='ltr'>κάντεῦθεν</span> <span class='ocrx_word' id='word_1_472' title='bbox 744 1886 775 1913; x_wconf 82' lang='grc' dir='ltr'>τὸ</span> <span class='ocrx_word' id='word_1_473' title='bbox 803 1886 902 1924; x_wconf 78' lang='grc' dir='ltr'>θερμὸν</span> 
     </span>
    </p>
   </div>
   <div class='ocr_carea' id='block_1_70' title="bbox 77 1927 904 1969">
    <p class='ocr_par' dir='ltr' id='par_1_70' title="bbox 77 1927 904 1969">
     <span class='ocr_line' id='line_1_70' title="bbox 77 1927 904 1969; baseline 0.002 -13"><span class='ocrx_word' id='word_1_474' title='bbox 77 1927 178 1961; x_wconf 76' lang='grc' dir='ltr'>ἔσωθεν</span> <span class='ocrx_word' id='word_1_475' title='bbox 204 1929 461 1967; x_wconf 76' lang='grc' dir='ltr'>ἀντιπεριοτάμενον</span> <span class='ocrx_word' id='word_1_476' title='bbox 490 1929 624 1957; x_wconf 76' lang='grc' dir='ltr'>ἀναλίσκει</span> <span class='ocrx_word' id='word_1_477' title='bbox 648 1930 698 1964; x_wconf 77' lang='grc' dir='ltr'><strong>τήν</strong></span> <span class='ocrx_word' id='word_1_478' title='bbox 716 1930 832 1969; x_wconf 68' lang='grc' dir='ltr'>τροφὴν,</span> <span class='ocrx_word' id='word_1_479' title='bbox 847 1930 904 1958; x_wconf 73' lang='grc' dir='ltr'>εἶτα</span> 
     </span>
    </p>
   </div>
   <div class='ocr_carea' id='block_1_71' title="bbox 77 1973 903 2012">
    <p class='ocr_par' dir='ltr' id='par_1_71' title="bbox 77 1973 903 2012">
     <span class='ocr_line' id='line_1_71' title="bbox 77 1973 903 2012; baseline 0.004 -12"><span class='ocrx_word' id='word_1_480' title='bbox 77 1973 275 2010; x_wconf 76' lang='grc' dir='ltr'>ἐπιλειπούσης</span> <span class='ocrx_word' id='word_1_481' title='bbox 305 1973 388 2008; x_wconf 75' lang='grc' dir='ltr'>αὐτῆς</span> <span class='ocrx_word' id='word_1_482' title='bbox 417 1973 506 2012; x_wconf 84' lang='grc' dir='ltr'>ὥσπερ</span> <span class='ocrx_word' id='word_1_483' title='bbox 530 1975 562 2002; x_wconf 80' lang='grc' dir='ltr'><strong>τὸ</strong></span> <span class='ocrx_word' id='word_1_484' title='bbox 586 1977 639 2012; x_wconf 69' lang='grc' dir='ltr'>πῦρ</span> <span class='ocrx_word' id='word_1_485' title='bbox 661 1975 903 2012; x_wconf 78' lang='grc' dir='ltr'>ἀπομαραίνεσθαι.</span> 
     </span>
    </p>
   </div>
   <div class='ocr_carea' id='block_1_72' title="bbox 77 2017 903 2058">
    <p class='ocr_par' dir='ltr' id='par_1_72' title="bbox 77 2017 903 2058">
     <span class='ocr_line' id='line_1_72' title="bbox 77 2017 903 2058; baseline 0.001 -12"><span class='ocrx_word' id='word_1_486' title='bbox 77 2019 125 2046; x_wconf 84' lang='grc' dir='ltr'>Διὸ</span> <span class='ocrx_word' id='word_1_487' title='bbox 144 2021 256 2046; x_wconf 65' lang='grc' dir='ltr'>πιινῶσι</span> <span class='ocrx_word' id='word_1_488' title='bbox 285 2017 388 2057; x_wconf 71' lang='grc' dir='ltr'>σφόδρα</span> <span class='ocrx_word' id='word_1_489' title='bbox 419 2019 444 2046; x_wconf 77' lang='grc' dir='ltr'>οἱ</span> <span class='ocrx_word' id='word_1_490' title='bbox 472 2021 554 2047; x_wconf 76' lang='grc' dir='ltr'>τοῦτο</span> <span class='ocrx_word' id='word_1_491' title='bbox 580 2019 723 2056; x_wconf 64' lang='grc' dir='ltr'>παθόντες,</span> <span class='ocrx_word' id='word_1_492' title='bbox 747 2019 792 2047; x_wconf 78' lang='grc' dir='ltr'><strong>καὶ</strong></span> <span class='ocrx_word' id='word_1_493' title='bbox 814 2020 903 2058; x_wconf 73' lang='grc' dir='ltr'>βραχὺ</span> 
     </span>
    </p>
   </div>
   <div class='ocr_carea' id='block_1_73' title="bbox 76 2062 905 2101">
    <p class='ocr_par' dir='ltr' id='par_1_73' title="bbox 76 2062 905 2101">
     <span class='ocr_line' id='line_1_73' title="bbox 76 2062 905 2101; baseline 0.002 -11"><span class='ocrx_word' id='word_1_494' title='bbox 76 2063 216 2094; x_wconf 79' lang='grc' dir='ltr'>παντελῶς</span> <span class='ocrx_word' id='word_1_495' title='bbox 245 2062 413 2101; x_wconf 74' lang='grc' dir='ltr'>ἐμφαγόντες</span> <span class='ocrx_word' id='word_1_496' title='bbox 451 2063 528 2096; x_wconf 73' lang='grc' dir='ltr'>εὐθὺς</span> <span class='ocrx_word' id='word_1_497' title='bbox 565 2063 782 2100; x_wconf 77' lang='grc' dir='ltr'>ἀναλάμπουσιν.</span> <span class='ocrx_word' id='word_1_498' title='bbox 811 2065 845 2094; x_wconf 74' lang='grc' dir='ltr'><strong>Οἱ</strong></span> <span class='ocrx_word' id='word_1_499' title='bbox 875 2063 905 2092; x_wconf 79' lang='grc' dir='ltr'>δὲ</span> 
     </span>
    </p>
   </div>
   <div class='ocr_carea' id='block_1_74' title="bbox 73 2107 902 2149">
    <p class='ocr_par' dir='ltr' id='par_1_74' title="bbox 73 2107 902 2149">
     <span class='ocr_line' id='line_1_74' title="bbox 73 2107 902 2149; baseline 0.001 -13"><span class='ocrx_word' id='word_1_500' title='bbox 73 2109 125 2143; x_wconf 77' lang='grc' dir='ltr'>τὴν</span> <span class='ocrx_word' id='word_1_501' title='bbox 142 2107 317 2146; x_wconf 76' lang='grc' dir='ltr'>βουλιμίασιν</span> <span class='ocrx_word' id='word_1_502' title='bbox 331 2109 417 2140; x_wconf 79' lang='grc' dir='ltr'>πάθος</span> <span class='ocrx_word' id='word_1_503' title='bbox 428 2108 454 2136; x_wconf 80' lang='grc' dir='ltr'>ἐν</span> <span class='ocrx_word' id='word_1_504' title='bbox 469 2110 602 2147; x_wconf 76' lang='grc' dir='ltr'>στομάχῳ</span> <span class='ocrx_word' id='word_1_505' title='bbox 613 2109 676 2149; x_wconf 78' lang='grc' dir='ltr'>φασὶ</span> <span class='ocrx_word' id='word_1_506' title='bbox 688 2108 732 2137; x_wconf 71' lang='grc' dir='ltr'><strong>διὰ</strong></span> <span class='ocrx_word' id='word_1_507' title='bbox 748 2108 902 2148; x_wconf 72' lang='grc' dir='ltr'>συνδρομήν</span> 
     </span>
    </p>
   </div>
   <div class='ocr_carea' id='block_1_75' title="bbox 74 2152 502 2191">
    <p class='ocr_par' dir='ltr' id='par_1_75' title="bbox 74 2152 502 2191">
     <span class='ocr_line' id='line_1_75' title="bbox 74 2152 502 2191; baseline 0 -11"><span class='ocrx_word' id='word_1_508' title='bbox 74 2154 179 2190; x_wconf 74' lang='grc' dir='ltr'>θερμοῦ</span> <span class='ocrx_word' id='word_1_509' title='bbox 193 2152 377 2191; x_wconf 75' lang='grc' dir='ltr'>λιιποψυχίαν</span> <span class='ocrx_word' id='word_1_510' title='bbox 394 2155 502 2183; x_wconf 78' lang='grc' dir='ltr'>ποιοῦν.</span> 
     </span>
    </p>
   </div>
   <div class='ocr_carea' id='block_1_76' title="bbox 957 1615 1788 1655">
    <p class='ocr_par' dir='ltr' id='par_1_76' title="bbox 957 1615 1788 1655">
     <span class='ocr_line' id='line_1_76' title="bbox 957 1615 1788 1655; baseline -0.004 -9"><span class='ocrx_word' id='word_1_511' title='bbox 957 1619 1012 1646; x_wconf 87' lang='lat' dir='ltr'><strong>iter</strong></span> <span class='ocrx_word' id='word_1_512' title='bbox 1025 1618 1230 1655; x_wconf 82' lang='lat' dir='ltr'><strong>faciunt,quod</strong></span> <span class='ocrx_word' id='word_1_513' title='bbox 1246 1620 1275 1646; x_wconf 91' lang='lat' dir='ltr'><strong>et</strong></span> <span class='ocrx_word' id='word_1_514' title='bbox 1290 1617 1357 1654; x_wconf 85' lang='lat' dir='ltr'><strong>equi</strong></span> <span class='ocrx_word' id='word_1_515' title='bbox 1374 1617 1506 1646; x_wconf 81' lang='lat' dir='ltr'><strong>sentiunt</strong></span> <span class='ocrx_word' id='word_1_516' title='bbox 1522 1619 1551 1645; x_wconf 88' lang='lat' dir='ltr'><strong>et</strong></span> <span class='ocrx_word' id='word_1_517' title='bbox 1566 1616 1649 1651; x_wconf 89' lang='lat' dir='ltr'><strong>muli,</strong></span> <span class='ocrx_word' id='word_1_518' title='bbox 1661 1615 1788 1644; x_wconf 78' lang='lat' dir='ltr'><strong>maxime</strong></span> 
     </span>
    </p>
   </div>
   <div class='ocr_carea' id='block_1_77' title="bbox 957 1660 1783 1699">
    <p class='ocr_par' dir='ltr' id='par_1_77' title="bbox 957 1660 1783 1699">
     <span class='ocr_line' id='line_1_77' title="bbox 957 1660 1783 1699; baseline -0.004 -8"><span class='ocrx_word' id='word_1_519' title='bbox 957 1663 1074 1699; x_wconf 83' lang='lat' dir='ltr'><strong>quando</strong></span> <span class='ocrx_word' id='word_1_520' title='bbox 1086 1663 1198 1691; x_wconf 76' lang='lat' dir='ltr'><strong>caricas</strong></span> <span class='ocrx_word' id='word_1_521' title='bbox 1214 1663 1257 1691; x_wconf 86' lang='lat' dir='ltr'><strong>vel</strong></span> <span class='ocrx_word' id='word_1_522' title='bbox 1288 1671 1373 1699; x_wconf 88' lang='lat' dir='ltr'><strong>poma</strong></span> <span class='ocrx_word' id='word_1_523' title='bbox 1388 1664 1516 1699; x_wconf 87' lang='lat' dir='ltr'><strong>portant.</strong></span> <span class='ocrx_word' id='word_1_524' title='bbox 1533 1661 1615 1695; x_wconf 88' lang='lat' dir='ltr'><strong>Quod</strong></span> <span class='ocrx_word' id='word_1_525' title='bbox 1641 1668 1708 1689; x_wconf 89' lang='lat' dir='ltr'><strong>vero</strong></span> <span class='ocrx_word' id='word_1_526' title='bbox 1724 1660 1783 1688; x_wconf 88' lang='lat' dir='ltr'><strong>mi-</strong></span> 
     </span>
    </p>
   </div>
   <div class='ocr_carea' id='block_1_78' title="bbox 958 1705 1789 1742">
    <p class='ocr_par' dir='ltr' id='par_1_78' title="bbox 958 1705 1789 1742">
     <span class='ocr_line' id='line_1_78' title="bbox 958 1705 1789 1742; baseline -0.005 -6"><span class='ocrx_word' id='word_1_527' title='bbox 958 1708 1082 1736; x_wconf 80' lang='lat' dir='ltr'><strong>randum</strong></span> <span class='ocrx_word' id='word_1_528' title='bbox 1100 1708 1226 1736; x_wconf 79' lang='lat' dir='ltr'><strong>maxime</strong></span> <span class='ocrx_word' id='word_1_529' title='bbox 1250 1712 1305 1742; x_wconf 79' lang='lat' dir='ltr'><strong>est,</strong></span> <span class='ocrx_word' id='word_1_530' title='bbox 1322 1716 1379 1736; x_wconf 93' lang='lat' dir='ltr'><strong>non</strong></span> <span class='ocrx_word' id='word_1_531' title='bbox 1406 1707 1541 1735; x_wconf 88' lang='lat' dir='ltr'><strong>homines</strong></span> <span class='ocrx_word' id='word_1_532' title='bbox 1570 1706 1657 1734; x_wconf 90' lang='lat' dir='ltr'><strong>modo</strong></span> <span class='ocrx_word' id='word_1_533' title='bbox 1681 1705 1732 1733; x_wconf 90' lang='lat' dir='ltr'><strong>sed</strong></span> <span class='ocrx_word' id='word_1_534' title='bbox 1759 1706 1789 1733; x_wconf 89' lang='lat' dir='ltr'><strong>et</strong></span> 
     </span>
    </p>
   </div>
   <div class='ocr_carea' id='block_1_79' title="bbox 954 1750 1786 1788">
    <p class='ocr_par' dir='ltr' id='par_1_79' title="bbox 954 1750 1786 1788">
     <span class='ocr_line' id='line_1_79' title="bbox 954 1750 1786 1788; baseline -0.005 -7"><span class='ocrx_word' id='word_1_535' title='bbox 954 1753 1091 1788; x_wconf 84' lang='lat' dir='ltr'><strong>jumenta</strong></span> <span class='ocrx_word' id='word_1_536' title='bbox 1106 1753 1182 1781; x_wconf 88' lang='lat' dir='ltr'><strong>inter</strong></span> <span class='ocrx_word' id='word_1_537' title='bbox 1197 1761 1299 1781; x_wconf 88' lang='lat' dir='ltr'><strong>omnes</strong></span> <span class='ocrx_word' id='word_1_538' title='bbox 1315 1753 1396 1781; x_wconf 89' lang='lat' dir='ltr'><strong>cibos</strong></span> <span class='ocrx_word' id='word_1_539' title='bbox 1428 1760 1503 1788; x_wconf 88' lang='lat' dir='ltr'><strong>pane</strong></span> <span class='ocrx_word' id='word_1_540' title='bbox 1532 1750 1658 1779; x_wconf 82' lang='lat' dir='ltr'><strong>maxime</strong></span> <span class='ocrx_word' id='word_1_541' title='bbox 1681 1750 1786 1778; x_wconf 83' lang='lat' dir='ltr'><strong>conﬁr-</strong></span> 
     </span>
    </p>
   </div>
   <div class='ocr_carea' id='block_1_80' title="bbox 959 1795 1785 1833">
    <p class='ocr_par' dir='ltr' id='par_1_80' title="bbox 959 1795 1785 1833">
     <span class='ocr_line' id='line_1_80' title="bbox 959 1795 1785 1833; baseline -0.004 -8"><span class='ocrx_word' id='word_1_542' title='bbox 959 1800 1078 1825; x_wconf 88' lang='lat' dir='ltr'><strong>mantur</strong></span> <span class='ocrx_word' id='word_1_543' title='bbox 1093 1800 1121 1825; x_wconf 89' lang='lat' dir='ltr'><strong>et</strong></span> <span class='ocrx_word' id='word_1_544' title='bbox 1136 1798 1212 1825; x_wconf 86' lang='lat' dir='ltr'><strong>vires</strong></span> <span class='ocrx_word' id='word_1_545' title='bbox 1232 1797 1387 1833; x_wconf 84' lang='lat' dir='ltr'><strong>recipiunt,</strong></span> <span class='ocrx_word' id='word_1_546' title='bbox 1399 1805 1431 1825; x_wconf 85' lang='lat' dir='ltr'><strong>ac</strong></span> <span class='ocrx_word' id='word_1_547' title='bbox 1447 1797 1472 1825; x_wconf 90' lang='lat' dir='ltr'><strong>si</strong></span> <span class='ocrx_word' id='word_1_548' title='bbox 1485 1796 1526 1824; x_wconf 87' lang='lat' dir='ltr'><strong>vel</strong></span> <span class='ocrx_word' id='word_1_549' title='bbox 1537 1795 1690 1832; x_wconf 77' lang='lat' dir='ltr'><strong>paululum</strong></span> <span class='ocrx_word' id='word_1_550' title='bbox 1705 1803 1739 1822; x_wconf 83' lang='lat' dir='ltr'><strong>ex</strong></span> <span class='ocrx_word' id='word_1_551' title='bbox 1751 1802 1785 1822; x_wconf 90' lang='lat' dir='ltr'><strong>eo</strong></span> 
     </span>
    </p>
   </div>
   <div class='ocr_carea' id='block_1_81' title="bbox 959 1839 1782 1877">
    <p class='ocr_par' dir='ltr' id='par_1_81' title="bbox 959 1839 1782 1877">
     <span class='ocr_line' id='line_1_81' title="bbox 959 1839 1782 1877; baseline -0.005 -7"><span class='ocrx_word' id='word_1_552' title='bbox 959 1842 1150 1877; x_wconf 82' lang='lat' dir='ltr'><strong>comederint,</strong></span> <span class='ocrx_word' id='word_1_553' title='bbox 1165 1842 1253 1870; x_wconf 85' lang='lat' dir='ltr'><strong>erecti</strong></span> <span class='ocrx_word' id='word_1_554' title='bbox 1272 1842 1378 1870; x_wconf 84' lang='lat' dir='ltr'><strong>iterum</strong></span> <span class='ocrx_word' id='word_1_555' title='bbox 1391 1843 1472 1869; x_wconf 86' lang='lat' dir='ltr'><strong>stant</strong></span> <span class='ocrx_word' id='word_1_556' title='bbox 1499 1842 1528 1869; x_wconf 91' lang='lat' dir='ltr'><strong>et</strong></span> <span class='ocrx_word' id='word_1_557' title='bbox 1542 1839 1782 1877; x_wconf 83' lang='lat' dir='ltr'><strong>progrediuntur.</strong></span> 
     </span>
    </p>
   </div>
   <div class='ocr_carea' id='block_1_82' title="bbox 958 1885 1786 1923">
    <p class='ocr_par' dir='ltr' id='par_1_82' title="bbox 958 1885 1786 1923">
     <span class='ocr_line' id='line_1_82' title="bbox 958 1885 1786 1923; baseline -0.004 -9"><span class='ocrx_word' id='word_1_558' title='bbox 958 1887 1066 1914; x_wconf 88' lang='lat' dir='ltr'><strong>Eorum</strong></span> <span class='ocrx_word' id='word_1_559' title='bbox 1083 1895 1168 1923; x_wconf 88' lang='lat' dir='ltr'><strong>porro</strong></span> <span class='ocrx_word' id='word_1_560' title='bbox 1185 1886 1236 1922; x_wconf 87' lang='lat' dir='ltr'><strong>qui</strong></span> <span class='ocrx_word' id='word_1_561' title='bbox 1254 1895 1305 1923; x_wconf 89' lang='lat' dir='ltr'><strong>per</strong></span> <span class='ocrx_word' id='word_1_562' title='bbox 1335 1886 1415 1914; x_wconf 88' lang='lat' dir='ltr'><strong>nives</strong></span> <span class='ocrx_word' id='word_1_563' title='bbox 1440 1886 1495 1914; x_wconf 87' lang='lat' dir='ltr'><strong>iter</strong></span> <span class='ocrx_word' id='word_1_564' title='bbox 1524 1885 1646 1920; x_wconf 84' lang='lat' dir='ltr'><strong>faciunt,</strong></span> <span class='ocrx_word' id='word_1_565' title='bbox 1663 1891 1786 1920; x_wconf 88' lang='lat' dir='ltr'><strong>corpora</strong></span> 
     </span>
    </p>
   </div>
   <div class='ocr_carea' id='block_1_83' title="bbox 959 1929 1784 1967">
    <p class='ocr_par' dir='ltr' id='par_1_83' title="bbox 959 1929 1784 1967">
     <span class='ocr_line' id='line_1_83' title="bbox 959 1929 1784 1967; baseline -0.005 -7"><span class='ocrx_word' id='word_1_566' title='bbox 959 1931 1146 1960; x_wconf 85' lang='lat' dir='ltr'><strong>vehementer</strong></span> <span class='ocrx_word' id='word_1_567' title='bbox 1161 1931 1332 1959; x_wconf 83' lang='lat' dir='ltr'><strong>afﬁciuntur</strong></span> <span class='ocrx_word' id='word_1_568' title='bbox 1347 1931 1454 1967; x_wconf 81' lang='lat' dir='ltr'><strong>frigore</strong></span> <span class='ocrx_word' id='word_1_569' title='bbox 1469 1932 1497 1958; x_wconf 89' lang='lat' dir='ltr'><strong>et</strong></span> <span class='ocrx_word' id='word_1_570' title='bbox 1507 1930 1723 1965; x_wconf 86' lang='lat' dir='ltr'><strong>constipantur,</strong></span> <span class='ocrx_word' id='word_1_571' title='bbox 1740 1929 1784 1956; x_wconf 81' lang='lat' dir='ltr'><strong>at-</strong></span> 
     </span>
    </p>
   </div>
   <div class='ocr_carea' id='block_1_84' title="bbox 959 1974 1788 2012">
    <p class='ocr_par' dir='ltr' id='par_1_84' title="bbox 959 1974 1788 2012">
     <span class='ocr_line' id='line_1_84' title="bbox 959 1974 1788 2012; baseline -0.005 -8"><span class='ocrx_word' id='word_1_572' title='bbox 959 1985 1017 2012; x_wconf 88' lang='lat' dir='ltr'><strong>que</strong></span> <span class='ocrx_word' id='word_1_573' title='bbox 1033 1976 1101 2004; x_wconf 90' lang='lat' dir='ltr'><strong>inde</strong></span> <span class='ocrx_word' id='word_1_574' title='bbox 1116 1976 1196 2004; x_wconf 84' lang='lat' dir='ltr'><strong>calor</strong></span> <span class='ocrx_word' id='word_1_575' title='bbox 1207 1976 1385 2004; x_wconf 82' lang='lat' dir='ltr'><strong>intrinsecus</strong></span> <span class='ocrx_word' id='word_1_576' title='bbox 1402 1975 1542 2004; x_wconf 85' lang='lat' dir='ltr'><strong>resistens</strong></span> <span class='ocrx_word' id='word_1_577' title='bbox 1566 1974 1715 2002; x_wconf 85' lang='lat' dir='ltr'><strong>consumit</strong></span> <span class='ocrx_word' id='word_1_578' title='bbox 1731 1981 1788 2001; x_wconf 92' lang='lat' dir='ltr'><strong>nu-</strong></span> 
     </span>
    </p>
   </div>
   <div class='ocr_carea' id='block_1_85' title="bbox 960 2016 1790 2058">
    <p class='ocr_par' dir='ltr' id='par_1_85' title="bbox 960 2016 1790 2058">
     <span class='ocr_line' id='line_1_85' title="bbox 960 2016 1790 2058; baseline -0.005 -10"><span class='ocrx_word' id='word_1_579' title='bbox 960 2021 1145 2056; x_wconf 89' lang='lat' dir='ltr'><strong>trimentum,</strong></span> <span class='ocrx_word' id='word_1_580' title='bbox 1173 2029 1231 2058; x_wconf 88' lang='lat' dir='ltr'><strong>quo</strong></span> <span class='ocrx_word' id='word_1_581' title='bbox 1261 2021 1418 2057; x_wconf 87' lang='lat' dir='ltr'><strong>absumpto</strong></span> <span class='ocrx_word' id='word_1_582' title='bbox 1436 2028 1494 2048; x_wconf 88' lang='lat' dir='ltr'><strong>una</strong></span> <span class='ocrx_word' id='word_1_583' title='bbox 1523 2027 1591 2047; x_wconf 87' lang='lat' dir='ltr'><strong>cum</strong></span> <span class='ocrx_word' id='word_1_584' title='bbox 1618 2017 1713 2046; x_wconf 82' lang='lat' dir='ltr'><strong>calore</strong></span> <span class='ocrx_word' id='word_1_585' title='bbox 1737 2016 1790 2045; x_wconf 87' lang='lat' dir='ltr'><strong>illa</strong></span> 
     </span>
    </p>
   </div>
   <div class='ocr_carea' id='block_1_86' title="bbox 959 2062 1789 2101">
    <p class='ocr_par' dir='ltr' id='par_1_86' title="bbox 959 2062 1789 2101">
     <span class='ocr_line' id='line_1_86' title="bbox 959 2062 1789 2101; baseline -0.005 -7"><span class='ocrx_word' id='word_1_586' title='bbox 959 2066 1098 2094; x_wconf 83' lang='lat' dir='ltr'><strong>deﬁciunt</strong></span> <span class='ocrx_word' id='word_1_587' title='bbox 1124 2075 1158 2094; x_wconf 79' lang='lat' dir='ltr'><strong>ac</strong></span> <span class='ocrx_word' id='word_1_588' title='bbox 1174 2068 1317 2094; x_wconf 83' lang='lat' dir='ltr'><strong>marcent.</strong></span> <span class='ocrx_word' id='word_1_589' title='bbox 1347 2066 1394 2094; x_wconf 89' lang='lat' dir='ltr'><strong>Sic</strong></span> <span class='ocrx_word' id='word_1_590' title='bbox 1420 2065 1521 2101; x_wconf 89' lang='lat' dir='ltr'><strong>itaque</strong></span> <span class='ocrx_word' id='word_1_591' title='bbox 1535 2063 1630 2092; x_wconf 72' lang='lat' dir='ltr'><strong>affecti</strong></span> <span class='ocrx_word' id='word_1_592' title='bbox 1653 2062 1789 2092; x_wconf 81' lang='lat' dir='ltr'><strong>esuriant</strong></span> 
     </span>
    </p>
   </div>
   <div class='ocr_carea' id='block_1_87' title="bbox 958 2107 1790 2147">
    <p class='ocr_par' dir='ltr' id='par_1_87' title="bbox 958 2107 1790 2147">
     <span class='ocr_line' id='line_1_87' title="bbox 958 2107 1790 2147; baseline -0.006 -8"><span class='ocrx_word' id='word_1_593' title='bbox 958 2111 1155 2146; x_wconf 84' lang='lat' dir='ltr'><strong>vehementer,</strong></span> <span class='ocrx_word' id='word_1_594' title='bbox 1172 2113 1200 2139; x_wconf 90' lang='lat' dir='ltr'><strong>et</strong></span> <span class='ocrx_word' id='word_1_595' title='bbox 1215 2110 1257 2139; x_wconf 86' lang='lat' dir='ltr'><strong>vel</strong></span> <span class='ocrx_word' id='word_1_596' title='bbox 1279 2110 1432 2147; x_wconf 88' lang='lat' dir='ltr'><strong>paululum</strong></span> <span class='ocrx_word' id='word_1_597' title='bbox 1448 2110 1507 2138; x_wconf 90' lang='lat' dir='ltr'><strong>cibi</strong></span> <span class='ocrx_word' id='word_1_598' title='bbox 1531 2109 1556 2138; x_wconf 88' lang='lat' dir='ltr'><strong>si</strong></span> <span class='ocrx_word' id='word_1_599' title='bbox 1580 2108 1721 2145; x_wconf 89' lang='lat' dir='ltr'><strong>ceperint,</strong></span> <span class='ocrx_word' id='word_1_600' title='bbox 1738 2107 1790 2135; x_wconf 89' lang='lat' dir='ltr'><strong>ite-</strong></span> 
     </span>
    </p>
   </div>
   <div class='ocr_carea' id='block_1_88' title="bbox 958 2153 1781 2191">
    <p class='ocr_par' dir='ltr' id='par_1_88' title="bbox 958 2153 1781 2191">
     <span class='ocr_line' id='line_1_88' title="bbox 958 2153 1781 2191; baseline -0.005 -7"><span class='ocrx_word' id='word_1_601' title='bbox 958 2164 1024 2183; x_wconf 86' lang='lat' dir='ltr'><strong>rum</strong></span> <span class='ocrx_word' id='word_1_602' title='bbox 1040 2155 1220 2184; x_wconf 84' lang='lat' dir='ltr'><strong>reﬁciuntur.</strong></span> <span class='ocrx_word' id='word_1_603' title='bbox 1237 2157 1312 2184; x_wconf 92' lang='lat' dir='ltr'><strong>Sunt</strong></span> <span class='ocrx_word' id='word_1_604' title='bbox 1335 2158 1364 2184; x_wconf 88' lang='lat' dir='ltr'><strong>et</strong></span> <span class='ocrx_word' id='word_1_605' title='bbox 1380 2155 1430 2191; x_wconf 89' lang='lat' dir='ltr'><strong>qui</strong></span> <span class='ocrx_word' id='word_1_606' title='bbox 1455 2161 1554 2183; x_wconf 88' lang='lat' dir='ltr'><strong>acrem</strong></span> <span class='ocrx_word' id='word_1_607' title='bbox 1582 2153 1658 2182; x_wconf 78' lang='lat' dir='ltr'><strong>hanc</strong></span> <span class='ocrx_word' id='word_1_608' title='bbox 1675 2153 1781 2181; x_wconf 82' lang='lat' dir='ltr'><strong>famem</strong></span> 
     </span>
    </p>
   </div>
   <div class='ocr_carea' id='block_1_89' title="bbox 74 2197 1784 2237">
    <p class='ocr_par' dir='ltr' id='par_1_89' title="bbox 74 2197 1784 2237">
     <span class='ocr_line' id='line_1_89' title="bbox 74 2197 1784 2237; baseline -0.001 -11"><span class='ocrx_word' id='word_1_609' title='bbox 74 2197 245 2234; x_wconf 87' lang='lat' dir='ltr'><strong>passionem</strong></span> <span class='ocrx_word' id='word_1_610' title='bbox 259 2198 290 2227; x_wconf 89' lang='lat' dir='ltr'><strong>in</strong></span> <span class='ocrx_word' id='word_1_611' title='bbox 305 2199 459 2228; x_wconf 83' lang='lat' dir='ltr'><strong>stomacho</strong></span> <span class='ocrx_word' id='word_1_612' title='bbox 476 2207 541 2228; x_wconf 82' lang='lat' dir='ltr'><strong>esse</strong></span> <span class='ocrx_word' id='word_1_613' title='bbox 552 2199 645 2234; x_wconf 87' lang='lat' dir='ltr'><strong>aiunt,</strong></span> <span class='ocrx_word' id='word_1_614' title='bbox 661 2199 712 2236; x_wconf 85' lang='lat' dir='ltr'><strong>qui</strong></span> <span class='ocrx_word' id='word_1_615' title='bbox 725 2199 761 2228; x_wconf 90' lang='lat' dir='ltr'><strong>ob</strong></span> <span class='ocrx_word' id='word_1_616' title='bbox 776 2199 902 2228; x_wconf 83' lang='lat' dir='ltr'><strong>ca10rem</strong></span> <span class='ocrx_word' id='word_1_617' title='bbox 917 2198 960 2228; x_wconf 90' lang='lat' dir='ltr'><strong>illi</strong></span> <span class='ocrx_word' id='word_1_618' title='bbox 975 2200 1165 2236; x_wconf 85' lang='lat' dir='ltr'><strong>conjunctum</strong></span> <span class='ocrx_word' id='word_1_619' title='bbox 1181 2200 1259 2234; x_wconf 81' lang='lat' dir='ltr'><strong>facit,</strong></span> <span class='ocrx_word' id='word_1_620' title='bbox 1290 2203 1323 2229; x_wconf 92' lang='lat' dir='ltr'><strong>ut</strong></span> <span class='ocrx_word' id='word_1_621' title='bbox 1347 2199 1513 2237; x_wconf 84' lang='lat' dir='ltr'><strong>deliquium</strong></span> <span class='ocrx_word' id='word_1_622' title='bbox 1527 2199 1620 2228; x_wconf 88' lang='lat' dir='ltr'><strong>animi</strong></span> <span class='ocrx_word' id='word_1_623' title='bbox 1648 2197 1784 2227; x_wconf 87' lang='lat' dir='ltr'><strong>homines</strong></span> 
     </span>
    </p>
   </div>
   <div class='ocr_carea' id='block_1_90' title="bbox 75 2243 237 2279">
    <p class='ocr_par' dir='ltr' id='par_1_90' title="bbox 75 2243 237 2279">
     <span class='ocr_line' id='line_1_90' title="bbox 75 2243 237 2279; baseline 0 -7"><span class='ocrx_word' id='word_1_624' title='bbox 75 2243 237 2279; x_wconf 84' lang='lat' dir='ltr'><strong>patiantur.</strong></span> 
     </span>
    </p>
   </div>
   <div class='ocr_carea' id='block_1_91' title="bbox 113 2301 891 2346">
    <p class='ocr_par' dir='ltr' id='par_1_91' title="bbox 113 2301 866 2346">
     <span class='ocr_line' id='line_1_91' title="bbox 113 2301 866 2346; baseline 0 -16"><span class='ocrx_word' id='word_1_625' title='bbox 113 2302 178 2340; x_wconf 85' lang='grc' dir='ltr'>ρνζ’.</span> <span class='ocrx_word' id='word_1_626' title='bbox 193 2301 240 2334; x_wconf 84' lang='grc' dir='ltr'>Τίς</span> <span class='ocrx_word' id='word_1_627' title='bbox 256 2303 273 2338; x_wconf 83' lang='grc' dir='ltr'><strong>ἡ</strong></span> <span class='ocrx_word' id='word_1_628' title='bbox 289 2301 411 2346; x_wconf 60' lang='lat' dir='ltr'><strong>ai1i3t8i&#39;</strong></span> <span class='ocrx_word' id='word_1_629' title='bbox 425 2304 458 2338; x_wconf 75' lang='grc' dir='ltr'>ἢν</span> <span class='ocrx_word' id='word_1_630' title='bbox 475 2301 611 2346; x_wconf 66' lang='grc' dir='ltr'>ιῖξθρυπτα</span> <span class='ocrx_word' id='word_1_631' title='bbox 623 2302 726 2346; x_wconf 73' lang='grc' dir='ltr'>γίνεται</span> <span class='ocrx_word' id='word_1_632' title='bbox 743 2302 777 2330; x_wconf 84' lang='grc' dir='ltr'><strong>τὰ</strong></span> <span class='ocrx_word' id='word_1_633' title='bbox 790 2302 815 2330; x_wconf 71' lang='grc' dir='ltr'>ἐν</span> <span class='ocrx_word' id='word_1_634' title='bbox 831 2303 866 2340; x_wconf 78' lang='grc' dir='ltr'><strong>τῇ</strong></span> 
     </span>
    </p>
   </div>
   <div class='ocr_carea' id='block_1_92' title="bbox 994 2301 1788 2346">
    <p class='ocr_par' dir='ltr' id='par_1_92' title="bbox 994 2302 1788 2346">
     <span class='ocr_line' id='line_1_92' title="bbox 994 2302 1788 2346; baseline -0.003 -15"><span class='ocrx_word' id='word_1_635' title='bbox 994 2303 1011 2330; x_wconf 91' lang='lat'>7</span> <span class='ocrx_word' id='word_1_636' title='bbox 1025 2304 1093 2340; x_wconf 87' lang='lat'><strong>(13).</strong></span> <span class='ocrx_word' id='word_1_637' title='bbox 1110 2305 1200 2339; x_wconf 80' lang='lat' dir='ltr'><strong>Quare</strong></span> <span class='ocrx_word' id='word_1_638' title='bbox 1213 2311 1310 2346; x_wconf 59' lang='lat' dir='ltr'><strong>carnes</strong></span> <span class='ocrx_word' id='word_1_639' title='bbox 1323 2312 1358 2332; x_wconf 68' lang='lat' dir='ltr'><strong>ex</strong></span> <span class='ocrx_word' id='word_1_640' title='bbox 1367 2303 1420 2346; x_wconf 55' lang='lat' dir='ltr'><strong>ﬁco</strong></span> <span class='ocrx_word' id='word_1_641' title='bbox 1436 2303 1538 2346; x_wconf 69' lang='lat' dir='ltr'><strong>qrborc</strong></span> <span class='ocrx_word' id='word_1_642' title='bbox 1552 2309 1690 2339; x_wconf 56' lang='lat' dir='ltr'><strong>suspensa</strong></span> <span class='ocrx_word' id='word_1_643' title='bbox 1715 2302 1788 2329; x_wconf 81' lang='lat' dir='ltr'><strong>tene-</strong></span> 
     </span>
    </p>
   </div>
   <div class='ocr_carea' id='block_1_93' title="bbox 287 2339 698 2378">
    <p class='ocr_par' dir='ltr' id='par_1_93' title="bbox 287 2339 698 2378">
     <span class='ocr_line' id='line_1_93' title="bbox 287 2339 698 2378; baseline 0.002 -12"><span class='ocrx_word' id='word_1_644' title='bbox 287 2341 355 2376; x_wconf 76' lang='grc' dir='ltr'>συκῇ</span> <span class='ocrx_word' id='word_1_645' title='bbox 370 2339 577 2378; x_wconf 69' lang='grc' dir='ltr'>κρεμαννύμενα</span> <span class='ocrx_word' id='word_1_646' title='bbox 590 2339 698 2377; x_wconf 67' lang='grc' dir='ltr'>κρέατα.</span> 
     </span>
    </p>
   </div>
   <div class='ocr_carea' id='block_1_94' title="bbox 113 2390 904 2430">
    <p class='ocr_par' dir='ltr' id='par_1_94' title="bbox 113 2390 904 2430">
     <span class='ocr_line' id='line_1_94' title="bbox 113 2390 904 2430; baseline 0.001 -10"><span class='ocrx_word' id='word_1_647' title='bbox 113 2391 153 2420; x_wconf 85' lang='grc' dir='ltr'>Τὸ</span> <span class='ocrx_word' id='word_1_648' title='bbox 167 2391 248 2430; x_wconf 83' lang='grc' dir='ltr'>φυτὸν</span> <span class='ocrx_word' id='word_1_649' title='bbox 265 2392 282 2426; x_wconf 85' lang='grc' dir='ltr'><strong>ἡ</strong></span> <span class='ocrx_word' id='word_1_650' title='bbox 309 2395 376 2427; x_wconf 82' lang='grc' dir='ltr'>συκῆ</span> <span class='ocrx_word' id='word_1_651' title='bbox 400 2392 525 2420; x_wconf 79' lang='grc' dir='ltr'>ἁπάντων</span> <span class='ocrx_word' id='word_1_652' title='bbox 549 2391 604 2420; x_wconf 74' lang='grc' dir='ltr'>ἰστί</span> <span class='ocrx_word' id='word_1_653' title='bbox 620 2390 821 2428; x_wconf 75' lang='grc' dir='ltr'>ὀπωδέστατον,</span> <span class='ocrx_word' id='word_1_654' title='bbox 843 2394 904 2430; x_wconf 76' lang='grc' dir='ltr'>θερ-</span> 
     </span>
    </p>
   </div>
   <div class='ocr_carea' id='block_1_95' title="bbox 79 2435 905 2475">
    <p class='ocr_par' dir='ltr' id='par_1_95' title="bbox 79 2435 905 2475">
     <span class='ocr_line' id='line_1_95' title="bbox 79 2435 905 2475; baseline 0.002 -12"><span class='ocrx_word' id='word_1_655' title='bbox 79 2436 131 2472; x_wconf 85' lang='grc' dir='ltr'><strong>μὸν</strong></span> <span class='ocrx_word' id='word_1_656' title='bbox 145 2436 190 2463; x_wconf 80' lang='grc' dir='ltr'>οὖν</span> <span class='ocrx_word' id='word_1_657' title='bbox 215 2438 322 2473; x_wconf 78' lang='grc' dir='ltr'>πνεῦμα</span> <span class='ocrx_word' id='word_1_658' title='bbox 342 2436 388 2464; x_wconf 81' lang='grc' dir='ltr'><strong>καὶ</strong></span> <span class='ocrx_word' id='word_1_659' title='bbox 410 2435 493 2474; x_wconf 65' lang='grc' dir='ltr'>δριμὺ</span> <span class='ocrx_word' id='word_1_660' title='bbox 517 2437 562 2464; x_wconf 83' lang='grc' dir='ltr'><strong>καὶ</strong></span> <span class='ocrx_word' id='word_1_661' title='bbox 577 2437 710 2473; x_wconf 83' lang='grc' dir='ltr'>τμητικὸν</span> <span class='ocrx_word' id='word_1_662' title='bbox 726 2437 834 2475; x_wconf 79' lang='grc' dir='ltr'>ἀφίησι,</span> <span class='ocrx_word' id='word_1_663' title='bbox 857 2438 905 2465; x_wconf 78' lang='grc' dir='ltr'>Καὶ</span> 
     </span>
    </p>
   </div>
   <div class='ocr_carea' id='block_1_96' title="bbox 77 2480 907 2519">
    <p class='ocr_par' dir='ltr' id='par_1_96' title="bbox 77 2480 907 2519">
     <span class='ocr_line' id='line_1_96' title="bbox 77 2480 907 2519; baseline 0.004 -12"><span class='ocrx_word' id='word_1_664' title='bbox 77 2482 160 2507; x_wconf 82' lang='grc' dir='ltr'>τοῦτο</span> <span class='ocrx_word' id='word_1_665' title='bbox 187 2480 297 2518; x_wconf 76' lang='grc' dir='ltr'>Θρύπτει</span> <span class='ocrx_word' id='word_1_666' title='bbox 327 2481 373 2508; x_wconf 84' lang='grc' dir='ltr'><strong>καὶ</strong></span> <span class='ocrx_word' id='word_1_667' title='bbox 410 2481 533 2509; x_wconf 75' lang='grc' dir='ltr'>πεπαίνει</span> <span class='ocrx_word' id='word_1_668' title='bbox 567 2482 619 2516; x_wconf 76' lang='grc' dir='ltr'>τὴν</span> <span class='ocrx_word' id='word_1_669' title='bbox 646 2481 732 2517; x_wconf 71' lang='grc' dir='ltr'>σάρκα</span> <span class='ocrx_word' id='word_1_670' title='bbox 759 2484 807 2509; x_wconf 79' lang='grc' dir='ltr'>τοῦ</span> <span class='ocrx_word' id='word_1_671' title='bbox 836 2480 907 2519; x_wconf 77' lang='grc' dir='ltr'>ὅρνι-</span> 
     </span>
    </p>
   </div>
   <div class='ocr_carea' id='block_1_97' title="bbox 1282 2340 1467 2376">
    <p class='ocr_par' dir='ltr' id='par_1_97' title="bbox 1282 2340 1467 2376">
     <span class='ocr_line' id='line_1_97' title="bbox 1282 2340 1467 2376; baseline -0.005 -8"><span class='ocrx_word' id='word_1_672' title='bbox 1282 2341 1370 2368; x_wconf 74' lang='lat' dir='ltr'><strong>riores</strong></span> <span class='ocrx_word' id='word_1_673' title='bbox 1389 2340 1467 2376; x_wconf 75' lang='lat' dir='ltr'><strong>ﬁant.</strong></span> 
     </span>
    </p>
   </div>
   <div class='ocr_carea' id='block_1_98' title="bbox 996 2391 1789 2428">
    <p class='ocr_par' dir='ltr' id='par_1_98' title="bbox 996 2391 1789 2428">
     <span class='ocr_line' id='line_1_98' title="bbox 996 2391 1789 2428; baseline -0.005 -6"><span class='ocrx_word' id='word_1_674' title='bbox 996 2394 1081 2422; x_wconf 88' lang='lat' dir='ltr'><strong>Ficus</strong></span> <span class='ocrx_word' id='word_1_675' title='bbox 1103 2394 1235 2422; x_wconf 89' lang='lat' dir='ltr'><strong>omnium</strong></span> <span class='ocrx_word' id='word_1_676' title='bbox 1263 2394 1403 2422; x_wconf 75' lang='lat' dir='ltr'><strong>fruticem</strong></span> <span class='ocrx_word' id='word_1_677' title='bbox 1432 2393 1631 2428; x_wconf 87' lang='lat' dir='ltr'><strong>arborumque</strong></span> <span class='ocrx_word' id='word_1_678' title='bbox 1661 2391 1789 2419; x_wconf 80' lang='lat' dir='ltr'><strong>maxime</strong></span> 
     </span>
    </p>
   </div>
   <div class='ocr_carea' id='block_1_99' title="bbox 961 2435 1790 2474">
    <p class='ocr_par' dir='ltr' id='par_1_99' title="bbox 961 2435 1790 2474">
     <span class='ocr_line' id='line_1_99' title="bbox 961 2435 1790 2474; baseline -0.005 -7"><span class='ocrx_word' id='word_1_679' title='bbox 961 2448 1049 2468; x_wconf 86' lang='lat' dir='ltr'><strong>succo</strong></span> <span class='ocrx_word' id='word_1_680' title='bbox 1065 2439 1208 2473; x_wconf 81' lang='lat' dir='ltr'><strong>abundat,</strong></span> <span class='ocrx_word' id='word_1_681' title='bbox 1226 2439 1324 2474; x_wconf 84' lang='lat' dir='ltr'><strong>itaque</strong></span> <span class='ocrx_word' id='word_1_682' title='bbox 1340 2438 1477 2474; x_wconf 86' lang='lat' dir='ltr'><strong>spiritum</strong></span> <span class='ocrx_word' id='word_1_683' title='bbox 1495 2446 1529 2465; x_wconf 82' lang='lat' dir='ltr'><strong>ex</strong></span> <span class='ocrx_word' id='word_1_684' title='bbox 1547 2445 1579 2465; x_wconf 83' lang='lat' dir='ltr'><strong>se</strong></span> <span class='ocrx_word' id='word_1_685' title='bbox 1594 2436 1704 2464; x_wconf 84' lang='lat' dir='ltr'><strong>emittit</strong></span> <span class='ocrx_word' id='word_1_686' title='bbox 1718 2435 1790 2464; x_wconf 85' lang='lat' dir='ltr'><strong>call-</strong></span> 
     </span>
    </p>
   </div>
   <div class='ocr_carea' id='block_1_100' title="bbox 962 2480 1788 2519">
    <p class='ocr_par' dir='ltr' id='par_1_100' title="bbox 962 2480 1788 2519">
     <span class='ocr_line' id='line_1_100' title="bbox 962 2480 1788 2519; baseline -0.005 -7"><span class='ocrx_word' id='word_1_687' title='bbox 962 2484 1044 2518; x_wconf 91' lang='lat' dir='ltr'><strong>dum,</strong></span> <span class='ocrx_word' id='word_1_688' title='bbox 1061 2491 1157 2511; x_wconf 86' lang='lat' dir='ltr'><strong>acrem</strong></span> <span class='ocrx_word' id='word_1_689' title='bbox 1174 2485 1203 2511; x_wconf 90' lang='lat' dir='ltr'><strong>et</strong></span> <span class='ocrx_word' id='word_1_690' title='bbox 1218 2483 1367 2511; x_wconf 85' lang='lat' dir='ltr'><strong>incidendi</strong></span> <span class='ocrx_word' id='word_1_691' title='bbox 1397 2483 1423 2510; x_wconf 88' lang='lat' dir='ltr'><strong>vi</strong></span> <span class='ocrx_word' id='word_1_692' title='bbox 1439 2482 1607 2519; x_wconf 77' lang='lat' dir='ltr'><strong>praeditum.</strong></span> <span class='ocrx_word' id='word_1_693' title='bbox 1631 2483 1726 2516; x_wconf 80' lang='lat' dir='ltr'><strong>Atque</strong></span> <span class='ocrx_word' id='word_1_694' title='bbox 1739 2480 1788 2508; x_wconf 82' lang='lat' dir='ltr'><strong>hic</strong></span> 
     </span>
    </p>
   </div>
   <div class='ocr_carea' id='block_1_101' title="bbox 76 2524 891 2565">
    <p class='ocr_par' dir='ltr' id='par_1_101' title="bbox 76 2525 891 2564">
     <span class='ocr_line' id='line_1_101' title="bbox 76 2525 891 2564; baseline 0.002 -12"><span class='ocrx_word' id='word_1_695' title='bbox 76 2525 133 2560; x_wconf 82' lang='grc' dir='ltr'>Θος,</span> <span class='ocrx_word' id='word_1_696' title='bbox 150 2525 210 2557; x_wconf 79' lang='grc' dir='ltr'>ὅθεν</span> <span class='ocrx_word' id='word_1_697' title='bbox 225 2527 280 2553; x_wconf 81' lang='grc' dir='ltr'>τῶν</span> <span class='ocrx_word' id='word_1_698' title='bbox 303 2525 408 2562; x_wconf 80' lang='grc' dir='ltr'>ταύρων</span> <span class='ocrx_word' id='word_1_699' title='bbox 433 2526 448 2553; x_wconf 87' lang='grc' dir='ltr'>ὁ</span> <span class='ocrx_word' id='word_1_700' title='bbox 471 2526 669 2564; x_wconf 66' lang='grc' dir='ltr'>χαλεπώτατος</span> <span class='ocrx_word' id='word_1_701' title='bbox 695 2528 764 2563; x_wconf 78' lang='grc' dir='ltr'>συκῇ</span> <span class='ocrx_word' id='word_1_702' title='bbox 789 2526 891 2564; x_wconf 83' lang='grc' dir='ltr'>προσδε</span> 
     </span>
    </p>
   </div>
   <div class='ocr_carea' id='block_1_102' title="bbox 994 2524 1791 2565">
    <p class='ocr_par' dir='ltr' id='par_1_102' title="bbox 994 2524 1791 2565">
     <span class='ocr_line' id='line_1_102' title="bbox 994 2524 1791 2565; baseline -0.004 -9"><span class='ocrx_word' id='word_1_703' title='bbox 994 2529 1075 2565; x_wconf 71' lang='grc' dir='ltr'><strong>ὼίεὶι</strong></span> <span class='ocrx_word' id='word_1_704' title='bbox 1089 2537 1122 2557; x_wconf 87' lang='lat' dir='ltr'><strong>ac</strong></span> <span class='ocrx_word' id='word_1_705' title='bbox 1136 2528 1225 2556; x_wconf 90' lang='lat' dir='ltr'><strong>veluti</strong></span> <span class='ocrx_word' id='word_1_706' title='bbox 1243 2528 1394 2564; x_wconf 88' lang='lat' dir='ltr'><strong>percoquit</strong></span> <span class='ocrx_word' id='word_1_707' title='bbox 1407 2528 1468 2556; x_wconf 83' lang='lat' dir='ltr'><strong>avis</strong></span> <span class='ocrx_word' id='word_1_708' title='bbox 1483 2535 1620 2564; x_wconf 64' lang='lat' dir='ltr'><strong>appensa</strong></span> <span class='ocrx_word' id='word_1_709' title='bbox 1632 2524 1791 2562; x_wconf 86' lang='lat' dir='ltr'><strong>carnes,si-</strong></span> 
     </span>
    </p>
   </div>
   <div class='ocr_carea' id='block_1_103' title="bbox 860 2591 975 2620">
    <p class='ocr_par' dir='ltr' id='par_1_103' title="bbox 860 2591 975 2620">
     <span class='ocr_line' id='line_1_103' title="bbox 860 2591 975 2620; baseline 0.009 -1"><span class='ocrx_word' id='word_1_710' title='bbox 860 2591 975 2620; x_wconf 75' lang='lat' dir='ltr'><strong>NOT/E.</strong></span> 
     </span>
    </p>
   </div>
   <div class='ocr_carea' id='block_1_104' title="bbox 112 2649 904 2685">
    <p class='ocr_par' dir='ltr' id='par_1_104' title="bbox 112 2649 904 2685">
     <span class='ocr_line' id='line_1_104' title="bbox 112 2649 904 2685; baseline 0.004 -9"><span class='ocrx_word' id='word_1_711' title='bbox 112 2649 167 2684; x_wconf 88' lang='lat'><strong>(13)</strong></span> <span class='ocrx_word' id='word_1_712' title='bbox 184 2649 228 2677; x_wconf 81' lang='lat' dir='ltr'><strong>Ita</strong></span> <span class='ocrx_word' id='word_1_713' title='bbox 241 2649 271 2677; x_wconf 91' lang='lat' dir='ltr'><strong>in</strong></span> <span class='ocrx_word' id='word_1_714' title='bbox 285 2658 353 2684; x_wconf 84' lang='lat' dir='ltr'><strong>ms.,</strong></span> <span class='ocrx_word' id='word_1_715' title='bbox 370 2657 428 2685; x_wconf 90' lang='lat' dir='ltr'><strong>quo</strong></span> <span class='ocrx_word' id='word_1_716' title='bbox 443 2657 517 2677; x_wconf 85' lang='lat' dir='ltr'><strong>usus</strong></span> <span class='ocrx_word' id='word_1_717' title='bbox 532 2649 792 2685; x_wconf 66' lang='lat' dir='ltr'><strong>sum,questiones</strong></span> <span class='ocrx_word' id='word_1_718' title='bbox 805 2650 848 2678; x_wconf 80' lang='lat' dir='ltr'><strong>hae</strong></span> <span class='ocrx_word' id='word_1_719' title='bbox 858 2658 904 2679; x_wconf 87' lang='lat' dir='ltr'><strong>ca-</strong></span> 
     </span>
    </p>
   </div>
   <div class='ocr_carea' id='block_1_105' title="bbox 74 2684 905 2722">
    <p class='ocr_par' dir='ltr' id='par_1_105' title="bbox 74 2684 905 2722">
     <span class='ocr_line' id='line_1_105' title="bbox 74 2684 905 2722; baseline 0.002 -9"><span class='ocrx_word' id='word_1_720' title='bbox 74 2684 186 2721; x_wconf 87' lang='lat' dir='ltr'><strong>pitibus</strong></span> <span class='ocrx_word' id='word_1_721' title='bbox 198 2694 269 2714; x_wconf 70' lang='lat' dir='ltr'><strong>ccvu</strong></span> <span class='ocrx_word' id='word_1_722' title='bbox 285 2684 520 2722; x_wconf 61' lang='lat' dir='ltr'><strong>distinguuntur,</strong></span> <span class='ocrx_word' id='word_1_723' title='bbox 536 2684 630 2722; x_wconf 80' lang='lat' dir='ltr'><strong>neque</strong></span> <span class='ocrx_word' id='word_1_724' title='bbox 646 2688 744 2722; x_wconf 84' lang='lat' dir='ltr'><strong>tamen</strong></span> <span class='ocrx_word' id='word_1_725' title='bbox 765 2686 905 2722; x_wconf 85' lang='lat' dir='ltr'><strong>pauciora</strong></span> 
     </span>
    </p>
   </div>
   <div class='ocr_carea' id='block_1_106' title="bbox 74 2721 904 2758">
    <p class='ocr_par' dir='ltr' id='par_1_106' title="bbox 74 2721 904 2758">
     <span class='ocr_line' id='line_1_106' title="bbox 74 2721 904 2758; baseline 0.002 -9"><span class='ocrx_word' id='word_1_726' title='bbox 74 2724 251 2758; x_wconf 82' lang='lat' dir='ltr'><strong>argumenta</strong></span> <span class='ocrx_word' id='word_1_727' title='bbox 266 2721 417 2750; x_wconf 80' lang='lat' dir='ltr'><strong>continent</strong></span> <span class='ocrx_word' id='word_1_728' title='bbox 427 2730 516 2758; x_wconf 86' lang='lat' dir='ltr'><strong>quam</strong></span> <span class='ocrx_word' id='word_1_729' title='bbox 532 2721 737 2758; x_wconf 17' lang='lat' dir='ltr'><strong>eodexrAllatii</strong></span> <span class='ocrx_word' id='word_1_730' title='bbox 754 2721 904 2751; x_wconf 85' lang='lat' dir='ltr'><strong>divisusin</strong></span> 
     </span>
    </p>
   </div>
   <div class='ocr_carea' id='block_1_107' title="bbox 75 2757 906 2794">
    <p class='ocr_par' dir='ltr' id='par_1_107' title="bbox 75 2757 906 2794">
     <span class='ocr_line' id='line_1_107' title="bbox 75 2757 906 2794; baseline 0.002 -9"><span class='ocrx_word' id='word_1_731' title='bbox 75 2758 171 2793; x_wconf 80' lang='lat' dir='ltr'><strong>capita</strong></span> <span class='ocrx_word' id='word_1_732' title='bbox 185 2761 318 2791; x_wconf 82' lang='lat' dir='ltr'><strong>cxcm,ut</strong></span> <span class='ocrx_word' id='word_1_733' title='bbox 333 2766 367 2786; x_wconf 86' lang='lat' dir='ltr'><strong>ex</strong></span> <span class='ocrx_word' id='word_1_734' title='bbox 381 2757 572 2793; x_wconf 84' lang='lat' dir='ltr'><strong>titulissupra</strong></span> <span class='ocrx_word' id='word_1_735' title='bbox 585 2757 855 2794; x_wconf 66' lang='lat' dir='ltr'><strong>(ool.524)ascriptis</strong></span> <span class='ocrx_word' id='word_1_736' title='bbox 864 2759 906 2787; x_wconf 85' lang='lat' dir='ltr'><strong>vi-</strong></span> 
     </span>
    </p>
   </div>
   <div class='ocr_carea' id='block_1_108' title="bbox 75 2793 904 2831">
    <p class='ocr_par' dir='ltr' id='par_1_108' title="bbox 75 2793 904 2831">
     <span class='ocr_line' id='line_1_108' title="bbox 75 2793 904 2831; baseline 0.002 -9"><span class='ocrx_word' id='word_1_737' title='bbox 75 2794 171 2823; x_wconf 83' lang='lat' dir='ltr'><strong>debis.</strong></span> <span class='ocrx_word' id='word_1_738' title='bbox 199 2794 300 2830; x_wconf 83' lang='lat' dir='ltr'><strong>itaque</strong></span> <span class='ocrx_word' id='word_1_739' title='bbox 314 2802 350 2822; x_wconf 88' lang='lat' dir='ltr'><strong>ne</strong></span> <span class='ocrx_word' id='word_1_740' title='bbox 366 2795 433 2831; x_wconf 90' lang='lat' dir='ltr'><strong>quis</strong></span> <span class='ocrx_word' id='word_1_741' title='bbox 448 2794 631 2823; x_wconf 85' lang='lat' dir='ltr'><strong>existimaret</strong></span> <span class='ocrx_word' id='word_1_742' title='bbox 647 2801 693 2822; x_wconf 89' lang='lat' dir='ltr'><strong>me</strong></span> <span class='ocrx_word' id='word_1_743' title='bbox 711 2793 810 2822; x_wconf 79' lang='lat' dir='ltr'><strong>minus</strong></span> <span class='ocrx_word' id='word_1_744' title='bbox 826 2794 904 2824; x_wconf 86' lang='lat' dir='ltr'><strong>inte-</strong></span> 
     </span>
    </p>
   </div>
   <div class='ocr_carea' id='block_1_109' title="bbox 960 2648 1791 2688">
    <p class='ocr_par' dir='ltr' id='par_1_109' title="bbox 960 2648 1791 2688">
     <span class='ocr_line' id='line_1_109' title="bbox 960 2648 1791 2688; baseline -0.004 -9"><span class='ocrx_word' id='word_1_745' title='bbox 960 2659 1045 2688; x_wconf 90' lang='lat' dir='ltr'><strong>grum</strong></span> <span class='ocrx_word' id='word_1_746' title='bbox 1059 2651 1137 2679; x_wconf 86' lang='lat' dir='ltr'><strong>istud</strong></span> <span class='ocrx_word' id='word_1_747' title='bbox 1154 2651 1239 2679; x_wconf 86' lang='lat' dir='ltr'><strong>Pselli</strong></span> <span class='ocrx_word' id='word_1_748' title='bbox 1252 2650 1434 2688; x_wconf 18' lang='lat' dir='ltr'><strong>ropusculum</strong></span> <span class='ocrx_word' id='word_1_749' title='bbox 1448 2650 1529 2688; x_wconf 82' lang='lat' dir='ltr'><strong>dare,</strong></span> <span class='ocrx_word' id='word_1_750' title='bbox 1544 2649 1574 2678; x_wconf 90' lang='lat' dir='ltr'><strong>in</strong></span> <span class='ocrx_word' id='word_1_751' title='bbox 1589 2648 1791 2688; x_wconf 19' lang='lat' dir='ltr'><strong>titulc‘capita</strong></span> 
     </span>
    </p>
   </div>
   <div class='ocr_carea' id='block_1_110' title="bbox 959 2684 1794 2723">
    <p class='ocr_par' dir='ltr' id='par_1_110' title="bbox 959 2684 1794 2723">
     <span class='ocr_line' id='line_1_110' title="bbox 959 2684 1794 2723; baseline -0.004 -9"><span class='ocrx_word' id='word_1_752' title='bbox 959 2684 1043 2716; x_wconf 61' lang='lat' dir='ltr'><strong>ﬁxam</strong></span> <span class='ocrx_word' id='word_1_753' title='bbox 1061 2688 1230 2720; x_wconf 86' lang='lat' dir='ltr'><strong>memoravi,</strong></span> <span class='ocrx_word' id='word_1_754' title='bbox 1251 2684 1319 2715; x_wconf 80' lang='lat' dir='ltr'><strong>licet</strong></span> <span class='ocrx_word' id='word_1_755' title='bbox 1336 2695 1386 2723; x_wconf 93' lang='lat' dir='ltr'><strong>pro</strong></span> <span class='ocrx_word' id='word_1_756' title='bbox 1403 2684 1546 2715; x_wconf 81' lang='lat' dir='ltr'><strong>divisione</strong></span> <span class='ocrx_word' id='word_1_757' title='bbox 1562 2694 1651 2723; x_wconf 81' lang='lat' dir='ltr'><strong>quam</strong></span> <span class='ocrx_word' id='word_1_758' title='bbox 1682 2685 1710 2712; x_wconf 90' lang='lat' dir='ltr'><strong>in</strong></span> <span class='ocrx_word' id='word_1_759' title='bbox 1720 2684 1794 2723; x_wconf 71' lang='lat' dir='ltr'><strong>Lin-</strong></span> 
     </span>
    </p>
   </div>
   <div class='ocr_carea' id='block_1_111' title="bbox 960 2722 1792 2760">
    <p class='ocr_par' dir='ltr' id='par_1_111' title="bbox 960 2722 1792 2760">
     <span class='ocr_line' id='line_1_111' title="bbox 960 2722 1792 2760; baseline -0.004 -9"><span class='ocrx_word' id='word_1_760' title='bbox 960 2724 1160 2760; x_wconf 82' lang='lat' dir='ltr'><strong>denbrogiano</strong></span> <span class='ocrx_word' id='word_1_761' title='bbox 1175 2722 1344 2760; x_wconf 81' lang='lat' dir='ltr'><strong>apographo</strong></span> <span class='ocrx_word' id='word_1_762' title='bbox 1359 2723 1465 2760; x_wconf 86' lang='lat' dir='ltr'><strong>reperi,</strong></span> <span class='ocrx_word' id='word_1_763' title='bbox 1482 2731 1540 2752; x_wconf 89' lang='lat' dir='ltr'><strong>non</strong></span> <span class='ocrx_word' id='word_1_764' title='bbox 1555 2722 1642 2760; x_wconf 86' lang='lat' dir='ltr'><strong>plura.</strong></span> <span class='ocrx_word' id='word_1_765' title='bbox 1656 2722 1729 2750; x_wconf 81' lang='lat' dir='ltr'><strong>sunt</strong></span> <span class='ocrx_word' id='word_1_766' title='bbox 1743 2727 1792 2746; x_wconf 81' lang='lat' dir='ltr'><strong>oa-</strong></span> 
     </span>
    </p>
   </div>
   <div class='ocr_carea' id='block_1_112' title="bbox 961 2760 1226 2796">
    <p class='ocr_par' dir='ltr' id='par_1_112' title="bbox 961 2760 1226 2796">
     <span class='ocr_line' id='line_1_112' title="bbox 961 2760 1226 2796; baseline 0.004 -9"><span class='ocrx_word' id='word_1_767' title='bbox 961 2760 1022 2796; x_wconf 82' lang='lat' dir='ltr'><strong>pita</strong></span> <span class='ocrx_word' id='word_1_768' title='bbox 1038 2768 1125 2796; x_wconf 85' lang='lat' dir='ltr'><strong>quam</strong></span> <span class='ocrx_word' id='word_1_769' title='bbox 1141 2767 1226 2788; x_wconf 69' lang='lat' dir='ltr'><strong>cnvn.</strong></span> 
     </span>
    </p>
   </div>
  </div>
