1948 3056
85 109 145 140 ’185

709 111 905 143 SOLUTION
910 110 954 142 ES
977 113 1167 148 QU/EDAM.

1737 115 1796 145 786

89 185 162 212 ματα
188 173 389 215 διαμεριρισται
405 197 414 210 ,
443 175 488 203 καὶ
525 175 608 214 μίχρι
637 174 709 208 τίνος
737 176 854 204 οίκοῦσιν
886 176 906 204 oi

998 177 1129 214 :cidente,
1146 187 1204 215 quo
1221 179 1250 207 in
1266 179 1464 215 septenlrione
1479 187 1511 206 ac
1527 179 1557 207 in
1579 182 1660 215 parte
1674 181 1797 210 australi

87 219 238 257 ἅνθρωποι,
268 220 312 248 καὶ
340 219 366 248 τί
398 221 445 258 μὲν
470 220 502 248 τὸ
529 220 613 259 πέρας
629 224 679 256 τῆς
696 221 721 249 ἐν
735 223 769 259 τῇ
786 220 858 249 δύσει
874 222 916 248 oi.-

85 266 206 301 κήσεως,
222 264 249 292 τί
265 264 294 293 δὲ
309 266 340 293 τὸ
370 265 395 292 ἐν
411 268 451 302 τῷ
468 265 565 304 βοῤῥᾷ,
580 266 626 294 καὶ
650 267 675 294 τί
692 267 723 294 τὸ
739 266 763 295 ἐν
779 269 819 304 τῷ
833 267 913 303 νότῳ·

86 311 132 338 Ἐν
149 309 178 338 δὲ
201 312 240 346 τῷ
259 309 374 348 δευτέρῳ
398 310 460 348 περὶ
485 309 594 346 ὕδατος,
626 311 670 339 καὶ
693 311 842 348 θαλάσσης,
870 312 914 339 καὶ

84 355 176 392 ἀέρος,
202 354 246 382 καὶ
272 355 366 392 πυρὸς,
391 356 436 383 καὶ
461 356 616 394 ἀστραπῶν,
641 357 686 384 καὶ
713 357 844 394 βροντῶν,
870 356 914 394 καί

83 402 233 437 κεραυνῶν,
259 400 304 427 καὶ
328 403 470 437 κομητῶν,
496 400 541 428 καὶ
567 401 663 435 ὑετῶν,
678 402 723 429 καί
740 401 854 439 χιόνων.
869 393 914 429 καιὶ

84 443 222 482 χαλάζης,
249 445 293 472 καὶ
322 447 377 472 τῶν
409 445 525 481 ὁμοίων.
556 446 598 473 Ἐν
630 445 658 474 δὲ
688 448 728 482 τῷ
751 446 834 484 τρίτῳ
849 450 910 484 περὶ

80 491 136 517 τῶν
153 488 284 526 οὐρανίων
302 489 438 527 σωμάτων
453 490 498 517 καὶ
514 490 618 529 φύσεως
639 491 737 525 αὐτῶν,
763 491 807 518 καὶ
832 492 911 529 μεγὲ-

80 540 145 566 θους
161 533 243 569 ἡλίου
259 534 304 562 καὶ
322 535 451 572 σελήνης,
463 535 508 563 καὶ
523 537 655 572 κινήσεως
664 539 717 564 τῶν
733 536 908 574 ἀστέρων.Ἐν

78 577 108 606 δὲ
122 581 162 615 τῷ
175 579 297 617 τετάρτῳ
309 580 370 617 περὶ
386 579 467 617 ὕλης,
483 580 572 612 εἱδους
587 581 631 608 καὶ
643 581 748 618 φύσεως
760 581 804 608 καὶ
815 583 908 618 ψυχῆς

77 623 124 650 καὶ
139 625 196 652 νοῦ.
214 624 257 653 Ἔν
275 622 304 652 δὲ
318 626 358 661 τῷ
372 625 491 662 πεμπτῳ
503 625 566 664 περὶ
581 629 631 661 τῆς
652 626 764 664 πρώτης
787 627 840 654 τῶν
863 623 907 653 ὅν-

79 679 135 696 των
151 668 249 701 αῒτίας.

203 750 237 780 α’,
253 749 318 789 Περὶ
333 752 382 778 τοῦ
398 750 466 779 ε’ίναι
481 751 532 786 τὴν
546 752 598 790 γῆν
611 750 780 791 σφαιροειδῆ.

117 821 182 859 Περὶ
203 823 251 849 τοῦ
281 821 470 861 σφαιροειδοῦς
500 823 646 861 σχήματος
657 827 706 858 τῆς
735 827 788 861 γῆς
802 810 906 851 πολλαἶ

969 223 1049 251 terra
1065 223 1226 251 habitetur.
1244 224 1275 251 In
1292 224 1421 252 secundo
1432 224 1528 260 capite
1542 225 1579 252 de
1607 233 1694 261 aqua,
1709 227 1793 263 mari,

969 275 1047 302 aere,
1059 268 1137 304 igne,
1154 268 1332 305 fulguribus,
1358 269 1480 302 tonitru,
1505 269 1637 304 fulmine,
1660 272 1792 305 cometis,

969 312 1076 348 pluvia,
1095 315 1169 347 nive,
1186 313 1329 349 grandine
1345 316 1373 341 et
1401 313 1550 341 similibus
1566 323 1663 342 sermo
1678 315 1743 343 erit.
1760 317 1792 344 In

968 358 1053 385 tertio
1069 358 1175 386 deinde
1186 358 1263 386 circa
1279 366 1401 394 corpora
1416 358 1546 386 cmlestia
1569 367 1729 396 eorumque
1745 369 1792 389 na-

968 402 1165 436 turam,eirca
1193 402 1264 430 solis
1286 411 1319 430 ac
1343 403 1416 430 lunae
1434 404 1680 440 magnitudinem,
1697 408 1791 433 astro-

967 455 1094 483 rumque
1110 450 1222 475 motum
1238 448 1449 483 disquiremus.
1468 450 1499 476 In
1517 451 1630 484 quarto,
1641 450 1677 478 de
1697 453 1791 478 mate-

966 491 1020 525 ria,
1035 493 1070 520 de
1084 494 1194 520 naturae
1207 494 1235 520 et
1251 493 1355 520 animm
1371 493 1538 529 mentisque
1568 494 1660 522 forma
1681 497 1790 523 tracta-

965 536 1077 564 bimus.
1095 537 1235 570 Quintum
1254 538 1379 573 denique
1394 538 1429 566 de
1443 538 1628 575 primordiali
1657 540 1789 568 omnium

965 589 1054 609 causa
1067 582 1210 610 rationem
1226 582 1338 610 reddet.

1178 750 1204 778 Ι.
1218 751 1328 779 Terram
1343 751 1491 779 rotundam
1507 759 1573 779 esse.

998 822 1099 851 Plures
1114 825 1184 850 sunt
1198 824 1280 851 terra:
1297 822 1487 850 rotunditatis
1502 823 1768 852 demonstrationes
1781 833 1789 859 ;

82 864 234 902 ἀποδείξεις
263 866 327 900 είσί,
360 865 478 903 μάλιστα
495 866 535 903 δὲ,
562 867 603 896 ὅτι
634 867 783 904 ιπιλάμπει
800 869 814 896 ὁ
830 867 906 903 ἥλιος

998 876 1090 895 larum
1103 867 1279 903 gravissima
1296 868 1432 902 estquod
1462 868 1505 895 sol
1521 868 1642 896 orientis
1653 868 1788 904 partibus

81 913 141 942 τοῖς
168 914 218 946 τῆς
247 910 382 946 ἀνατολῆς
401 912 492 950 μέρεσι
505 913 636 950 πρότερον
665 915 719 940 τῶν
736 912 762 940 ἐν
775 914 809 950 τῇ
826 912 910 947 δύσει,

85 955 132 983 καὶ
160 954 204 983 διὰ
228 958 311 984 τοῦτο
338 954 530 993 προλαμϐάνει
558 957 599 985 ἀεὶ
628 958 646 992 ἡ
675 958 765 995 ἡμέρα
792 959 865 994 παρά
882 969 912 986 τε

84 1003 143 1032 τοῖς
172 1000 271 1035 Σίνοις,
296 1001 340 1028 καὶ
369 1003 403 1037 τῇ
420 1000 540 1038 Περσίδι,
567 1002 684 1033 καὶτοῖς
699 1001 784 1029 ἐκεῖσε
799 1000 910 1034 ἔθνεσιν.

84 1045 150 1074 ’Ὀτε
177 1045 227 1083 γάρ
255 1045 310 1073 ἐστι
341 1043 500 1083 μεσημϐρία
529 1046 555 1073 ἂν
579 1049 638 1078 τοῖς
655 1046 755 1081 Σίνοις,
781 1045 850 1074 ἔστιν
870 1047 911 1074 ἒν-

83 1092 170 1122 ταῦθα
196 1088 287 1128 πρωῒα
305 1112 312 1124 ,
341 1089 386 1117 καὶ
416 1089 460 1118 ὅτε
488 1090 514 1118 ἂν
540 1089 650 1127 Περσίδι
680 1091 749 1118 ἐστὶν
781 1091 837 1129 ὥρα
865 1102 909 1119 τι·

81 1134 179 1172 τάρτη,
209 1132 278 1162 ἔστιν
303 1134 415 1162 ἇνταῦθα
443 1136 551 1172 πρώτη,
567 1136 613 1163 καὶ
630 1133 770 1174 ἀναλόγως
784 1139 846 1167 τοῦς
860 1140 910 1171 τῆς

81 1177 119 1206 ἕω
147 1179 192 1206 καὶ
221 1183 270 1214 τῆς
297 1178 397 1211 δύσεως
414 1178 611 1216 διαστήματος.
630 1180 661 1208 E’z'
677 1179 706 1208 at
718 1192 761 1211 τις
777 1180 848 1208 εἷ’ποι
863 1181 909 1208 καὶ

84 1223 166 1255 πόθεν
194 1222 280 1258 δῆλον
310 1223 351 1251 ὅτι
367 1223 423 1252 ἔστι
439 1224 470 1252 τὸ
484 1227 621 1260 τοιοῦτον,
637 1225 681 1252 καὶ
697 1225 739 1253 ὅτι
753 1225 797 1252 ἐπὶ
813 1228 908 1253 τοσοῦ-

83 1278 130 1295 τον
161 1266 333 1306 διαφέρουσιν
347 1269 374 1295 αὶ
389 1269 470 1305 ὧραι,
487 1269 524 1300 ὡς
539 1267 566 1296 ἔν
580 1280 634 1297 τινι
650 1270 697 1306 μὲν
711 1270 788 1306 τόπῳ
803 1270 907 1308 ἡμέραν

85 1313 165 1346 εἶναι,
197 1312 224 1340 ἂν
243 1312 327 1349 ὶτὲρῳ
354 1311 382 1340 δὲ
410 1312 501 1346 νύκτα,
530 1313 575 1341 καὶ
603 1314 651 1345 τὰς
679 1314 751 1351 ὥρας
777 1314 909 1352 προλαμ-

85 1354 175 1384 ϐάνειν
197 1357 242 1385 καὶ
272 1357 510 1394 (inambulare),
539 1359 580 1385 ὅτι
596 1359 709 1397 φανερὸν
725 1361 805 1387 τοῦτο
829 1360 908 1397 γεγο-

82 1411 124 1429 νεν
163 1400 193 1428 ἐκ
221 1403 275 1429 τῶν
312 1402 436 1436 ἡλιακῶν
470 1402 516 1430 καὶ
553 1402 717 1438 σεληνιακῶν
749 1403 906 1441 ἰκλείψεων.

84 1446 224 1484 Ἐτηρήθη
250 1446 312 1484 γὰρ,
343 1445 388 1475 ὅτε
411 1447 513 1484 γίνεται
541 1448 559 1482 ἡ
589 1446 709 1484 ἔκλειψις
737 1447 821 1484 ⁴ἡλίου
848 1449 907 1476 καθ’

83 1491 156 1528 ὥραν
185 1490 314 1527 τετάρτην
351 1490 377 1518 ἐν
406 1493 440 1528 τῇ
472 1491 592 1528 Περσίδι,
621 1492 742 1530 φαίνεται
766 1494 835 1528 ἡμῖν
863 1493 907 1520 ἐν-

80 1536 174 1571 ταῦθα,
204 1535 242 1566 ὡς
271 1535 356 1563 ἐκεῖσε
384 1534 634 1573 προλαμϐανούσης
662 1540 711 1571 τῆς
740 1537 941 1586 ἡμέρας.Τὸο

83 1579 148 1607 αὐτὸ
177 1579 222 1620 καὶ
251 1579 295 1608 ἐπὶ
322 1582 376 1608 τῶν
404 1581 483 1619 ὡρῶν
498 1584 549 1616 τῆς
575 1582 671 1614 νυκτὸς
699 1581 742 1609 ἐπὶ
771 1582 824 1609 τῶν
855 1586 904 1618 τῆς

81 1623 200 1660 σελήνης
228 1624 386 1662 ἐκλείψεων·
418 1626 435 1660 ἡ
463 1626 515 1663 γὰρ
544 1626 677 1663 κυρτότης
690 1629 738 1654 τοῦ
767 1637 903 1664 σφαιροει-

79 1668 143 1700 δοῦς
173 1670 316 1708 σχήματος
343 1672 392 1702 τῆς
415 1674 468 1707 γῆς
497 1671 668 1708 ἀντιφράττει
696 1674 755 1702 τοῖς
784 1670 904 1702 δυτικοῖς

80 1712 266 1750 μᾶρεσιν,ἓως
282 1713 313 1741 οὗ
338 1714 433 1751 ὑψωθῇ
457 1715 502 1742 καὶ
527 1714 570 1742 ἐπὶ
594 1715 697 1742 τούτων
721 1716 735 1742 ὁ
751 1715 841 1750 ἥλιος.
873 1716 904 1743 Ei

77 1758 129 1795 γὰρ
159 1759 197 1795 μὴ
223 1760 242 1793 ἠ
266 1762 302 1796 γῆ
320 1758 507 1797 σφαιροειδὴς,
524 1759 587 1787 ἀλλ’
601 1759 727 1790 ἐπίπεδος
742 1760 787 1787 καὶ
803 1760 904 1788 ἐκτετα-

81 1802 149 1839 μένη
171 1803 240 1830 κατὰ.
265 1806 366 1839 μῆκος,
391 1802 443 1839 ὅλη
476 1803 506 1831 ἃν
533 1804 603 1840 ὁμοῦ
632 1804 859 1840 ἐφωτίζετο.¹’οτι
876 1804 905 1833 δὲ

78 1847 163 1884 κύρτή
183 1847 253 1874 ἔστιν
282 1849 300 1882 ἠ
328 1848 428 1882 ταύτης
459 1848 608 1887 ἐπιφάνεια,
632 1847 717 1883 δῆλον
740 1848 770 1876 ἐκ
795 1849 902 1877 τούτου·

78 1892 124 1919 ὅτε
139 1892 191 1929 γὰρ
216 1890 336 1928 πλέομεν
354 1891 380 1919 ἐν
397 1891 510 1930 πελάγει
540 1892 690 1926 θαλάσσης,
706 1895 814 1930 πρῶτον
836 1894 902 1930 ἡμῖν

77 1937 105 1963 αἱ
130 1935 277 1973 ἀκρώρειαι
305 1938 359 1964 τῶν
390 1937 460 1974 ὀρῶν
491 1937 640 1975 φαίνονται·
658 1938 850 1975 προσιγγίσασι
876 1937 904 1965 δὲ

76 1982 111 2018 τῇ
137 1982 173 2018 γῆ
196 1980 318 2018 φαίνεται
349 1981 393 2008 καὶ
416 1981 450 2008 τὰ
471 1982 619 2019 κατώτερα’
647 1982 690 2009 καί
720 1981 819 2009 πλοῖον
850 1982 903 2010 ἀπὸ

75 2028 128 2063 γῆς
164 2023 265 2056 ἰδόντες
301 2025 415 2062 μηκόθεν
445 2025 472 2053 ἐν
496 2025 618 2064 πελάγει,
644 2028 752 2064 πρῶτον
776 2026 810 2054 τὰ
833 2027 904 2054 ἱστία

31 2080 35 2083 Α
76 2070 194 2107 ὁρῶμεν,
219 2072 274 2097 τῶν
297 2068 402 2098 λοιπῶν
427 2073 474 2098 τοῦ
489 2070 589 2098 πλοίου
607 2074 695 2108 μερῶν
712 2071 820 2110 ἀφανῶν
834 2073 902 2107 ἡμῖν

75 2115 277 2152 τυγχανόντων⁸
313 2114 522 2150 πλησιαζόντων
558 2114 597 2150 δὲ,
631 2116 676 2143 καὶ
713 2116 747 2143 τὰ
782 2115 900 2144 κάτωθεν

77 2159 147 2196 μιρη
178 2159 222 2186 ὑπ’
251 2157 312 2196 ὄψιν
338 2159 450 2197 γίνεται·
481 2158 548 2188 ὅπεσ
573 2160 624 2188 οὐκ
653 2159 682 2188 ἂν
700 2158 901 2196 συνέϐαινεν,εἰ

77 2203 116 2240 μὴ
145 2204 242 2241 κυρτὸν
272 2204 304 2238 ἧν
334 2205 365 2232 τὸ
394 2209 492 2242 σχῆμα
519 2207 568 2232 τοῦ
598 2204 708 2239 ὕδατος,
733 2207 767 2242 τῇ
794 2208 830 2243 γῇ
855 2205 900 2233 καὶ

74 2248 141 2276 αὐτὸ
169 2248 412 2286 συσφαιρούμενυν.
440 2249 472 2278 Et
505 2249 555 2287 γὰρ
588 2251 625 2286 μή
657 2250 699 2284 ἦν·
716 2252 840 2277 τοιοῦτον
868 2251 898 2278 τὸ

75 2295 174 2330 σχῆμα
200 2296 250 2328 τῆς
279 2293 344 2331 γῆς,
370 2293 467 2325 πάντες
498 2294 528 2322 ἂν
559 2295 585 2322 οἱ
611 2294 720 2332 ἀστέρες
747 2294 898 2334 ὲφαίνοντο”

73 2339 120 2364 νῦν
136 2335 165 2364 δὶ
180 2336 224 2364 διὰ
238 2337 270 2365 τὸ
283 2338 351 2374 πρὸς
368 2338 468 2376 βοῤῥᾶν
498 2338 566 2366 εἶναι
593 2340 644 2374 τήν
672 2339 806 2377 ἡμετέραν
824 2338 900 2374 οἷ’κη-

76 2391 117 2408 σιν
144 2381 208 2413 τοὺς
239 2382 286 2418 μὲν
315 2382 427 2419 ἀστέρας
457 2385 504 2410 τοῦ
536 2383 645 2421 βορείου
674 2382 762 2411 πόλου
779 2383 898 2421 ὁρῶμεν,

72 2425 138 2457 τοὺς
166 2424 195 2453 δὲ
224 2424 249 2454 ἐν
265 2427 337 2462 νότῳ
361 2426 414 2465 οὐχ
439 2428 557 2464 ὁρῶμεν.
573 2427 642 2456 Ἰδοὺ
658 2428 709 2466 γὰρ
726 2429 740 2455 ὁ
756 2426 897 2463 Κὰνωϐος,

74 2470 203 2508 μέγιστος
230 2469 266 2498 ὢν
296 2470 395 2509 ἆπήρ,
424 2470 450 2499 ἐν
480 2472 528 2509 μὲν
545 2475 579 2510 τῇ
609 2472 739 2511 Λίγύπτῳ
767 2473 896 2511 φαίνεται,

72 2513 104 2542 οὗ
133 2514 215 2551 μόνον
240 2514 335 2552 οὗτος,
348 2514 420 2543 ἀλλὰ
433 2516 478 2543 καὶ
493 2517 519 2543 oi
540 2516 632 2544 λοιποὶ
648 2517 805 2555 νοτιώτεροι
819 2516 897 2545 ἀστέ-

70 2568 126 2596 ρες·
159 2558 183 2586 εἴ
206 2558 234 2587 Si
258 2559 284 2587 ἐν
309 2559 350 2597 τῷ
375 2560 449 2598 μέσῳ
472 2561 517 2596 ἦν,
542 2560 605 2589 ἀλλ’
630 2559 725 2600 ἔρρεπε
750 2563 818 2599 πρὸς
847 2563 895 2597 τὴν

70 2602 219 2639 ἀνατολὴν,
253 2603 424 2643 ἀνίσχοντος,
457 2605 486 2633 ἃν
520 2608 568 2633 τοῦ
601 2606 693 2642 ἡλίου,
731 2606 896 2644 βραχύτεραι

70 2647 192 2687 ἐγένοντο
217 2649 244 2676 αἱ
267 2651 321 2677 τῶν
347 2650 540 2687 φωτιζομὲνων
574 2651 658 2686 σκιαὶ,
693 2651 832 2690 πόρῥωθεν
869 2650 897 2678 δὲ

73 2693 205 2730 μείζονες·
247 2693 319 2722 ἀλλὰ
359 2696 414 2732 μὴν
451 2695 497 2723 καὶ
529 2695 563 2723 τὰ
592 2695 773 2724 ἀνατέλλοντα
810 2695 897 2724 πάντα

73 2738 185 2776 μείζονα
209 2738 332 2772 ἐφαίνετο
355 2740 381 2768 ἐν
405 2742 439 2778 τῇ
464 2740 595 2778 ἀνατολῇ,
624 2741 661 2773 ὡς
681 2740 799 2776 πλησίον
814 2741 896 2776 αὐτῆς

70 2785 152 2820 ἡμῶν
182 2781 279 2812 ὄντων·
305 2782 421 2822 δυόμεναι
445 2783 474 2814 δὲ
499 2785 638 2814 ἐλάττονα·
667 2785 689 2814 εἶ
714 2784 743 2814 δὲ
764 2787 833 2826 πρὸς
845 2786 895 2821 τήν

965 912 1043 940 lucet
1055 912 1136 948 prius
1156 920 1245 947 quam
1274 912 1458 946 occidentis;
1477 920 1566 946 quare
1593 912 1682 940 etiam
1709 913 1787 949 apud

965 956 1104 985 Sinenses
1115 959 1144 984 et
1159 958 1263 984 Persas
1278 958 1307 983 et
1321 956 1515 983 ﬁnitimarum
1527 958 1679 992 regionum
1695 957 1789 985 homi-

965 1009 1018 1030 nes
1034 1001 1178 1028 maturius
1193 1000 1324 1028 lucescit.
1349 1001 1469 1033 Quando
1495 1001 1574 1028 enim
1603 1002 1680 1036 apud
1703 1001 1788 1030 sinas

965 1046 1103 1074 meridies
1118 1047 1172 1078 est,
1186 1045 1234 1072 hic
1261 1047 1377 1080 tempus
1400 1047 1444 1072 est
1460 1045 1650 1079 matutinum,
1672 1048 1700 1073 et
1716 1046 1786 1074 dum

964 1090 993 1118 in
1006 1090 1105 1118 Persia
1121 1092 1226 1125 quarta
1240 1089 1313 1117 hora
1325 1091 1380 1123 est,
1396 1089 1444 1116 hic
1460 1089 1564 1125 prima,
1580 1092 1608 1118 et
1628 1090 1670 1118 sic
1687 1098 1788 1118 secun-

963 1135 1034 1162 dum
1051 1134 1172 1162 orientis
1183 1136 1270 1169 atque
1281 1134 1440 1161 occidentis
1456 1134 1638 1162 distantiam.
1665 1134 1746 1167 Quod
1762 1135 1786 1163 si

963 1179 1029 1216 quis
1041 1179 1188 1215 quaesierit
1218 1179 1294 1206 unde
1310 1181 1448 1213 appareat
1459 1178 1513 1206 hoc
1537 1179 1577 1206 ita
1592 1187 1666 1214 esse,
1682 1181 1711 1207 et
1734 1188 1787 1207 cur

963 1226 1044 1252 tanta
1059 1223 1098 1251 sit
1110 1223 1250 1255 horarum
1261 1222 1478 1254 diti‘erentia,ita
1494 1226 1524 1250 ut
1539 1223 1593 1250 hoc
1608 1224 1711 1252 inloco
1724 1224 1786 1252 dies

962 1269 1010 1302 sit,
1028 1269 1056 1296 in
1077 1267 1127 1295 illo
1156 1276 1223 1302 nox,
1247 1267 1384 1307 horisque
1408 1275 1486 1295 nunc
1513 1268 1677 1304 praecipites
1707 1277 1785 1296 nunc

961 1315 1105 1344 tardiores
1119 1314 1190 1348 sint,
1202 1313 1285 1347 scito,
1302 1322 1317 1342 e
1332 1313 1403 1342 solis
1420 1316 1448 1342 et
1462 1314 1541 1342 luna)
1553 1313 1714 1350 eclipsibus
1730 1315 1785 1344 hoc

961 1359 1296 1397 pateﬁeri.Compertum
1313 1358 1422 1386 habent
1430 1359 1574 1393 ejusmodi
1587 1367 1683 1387 rerum
1699 1360 1786 1395 periti

960 1405 1037 1441 quod
1053 1403 1124 1432 solis
1135 1403 1252 1439 eclipsis
1267 1406 1373 1438 quarta
1383 1403 1412 1430 in
1428 1403 1547 1431 Perside
1561 1403 1724 1440 hora,apud
1733 1413 1786 1433 nos

962 1449 1057 1485 prima
1069 1447 1162 1476 evenit
1174 1447 1267 1483 ;qu0d
1279 1447 1356 1475 idem
1368 1447 1465 1483 quoad
1478 1447 1565 1475 horas
1582 1450 1743 1476 nocturnas
1756 1449 1786 1477 in

961 1493 1038 1521 Iunis
1053 1492 1155 1528 eclipsi
1171 1492 1287 1520 accidit.
1300 1492 1409 1527 Figures
1425 1491 1533 1519 etenim
1551 1495 1628 1520 terra
1638 1492 1786 1528 sphaericaa

961 1538 1090 1566 curvitas
1101 1537 1270 1572 regionibus
1281 1536 1511 1564 occidentalibus
1522 1543 1554 1564 se
1560 1537 1787 1572 opponit,donec

961 1582 1004 1610 sol
1020 1590 1137 1618 quoque
1147 1589 1180 1609 eo
1211 1589 1304 1616 usque
1319 1580 1467 1609 evehatur.
1480 1581 1510 1608 Si
1535 1581 1615 1608 enim
1634 1583 1711 1610 terra
1726 1591 1784 1610 non

959 1627 1096 1661 rotunda,
1112 1627 1162 1654 sed
1179 1626 1267 1661 plana
1279 1628 1307 1653 et
1323 1624 1410 1661 longa
1425 1627 1512 1661 esset,
1529 1627 1591 1653 tota
1605 1626 1693 1654 simul
1713 1626 1783 1655 illu-

959 1673 1111 1700 straretur.
1133 1670 1255 1698 Curvam
1278 1678 1394 1706 quoque
1416 1678 1480 1698 eam
1507 1678 1571 1698 esse
1600 1671 1628 1698 id
1657 1673 1783 1700 testatur

959 1717 1036 1753 quod
1048 1716 1071 1744 si
1086 1716 1116 1743 in
1132 1716 1206 1743 mari
1221 1715 1404 1750 navigamus,
1421 1716 1565 1743 montium
1587 1716 1680 1751 primo
1696 1725 1781 1745 cacu-

959 1761 1041 1789 mina
1055 1769 1087 1788 se
1101 1760 1256 1793 exhibent;
1270 1760 1319 1786 ubi
1334 1763 1433 1787 autem
1448 1760 1484 1787 ad
1497 1763 1604 1788 terram
1624 1762 1782 1797 appropin-

959 1813 1096 1841 quamus,
1127 1806 1223 1839 partes
1252 1804 1404 1831 inferiores
1429 1803 1539 1831 sensim
1567 1808 1718 1841 apparent.
1735 1806 1783 1834 Sic

960 1849 1046 1877 etiam
1058 1849 1175 1884 quando
1201 1848 1299 1876 navim
1317 1848 1346 1875 in
1377 1848 1450 1876 mari
1467 1848 1502 1876 de
1517 1850 1595 1876 terra
1610 1850 1782 1885 aspicimus,

959 1893 1022 1921 vela
1037 1893 1132 1929 primo
1161 1893 1309 1920 cernimus
1339 1892 1410 1920 dum
1426 1895 1535 1920 caeteras
1551 1893 1658 1929 navigii
1683 1897 1782 1930 partes

959 1938 1112 1967 oculorum
1127 1938 1218 1966 aciem
1234 1937 1361 1974 fugiunt.
1380 1938 1500 1970 Quando
1511 1940 1608 1966 autem
1624 1940 1781 1975 appropin-

959 1986 1029 2019 quat
1038 1983 1240 2017 na\'is,cmterae
1255 1990 1371 2018 quoque
1380 1984 1477 2018 partes
1485 1983 1539 2010 sub
1546 1983 1780 2012 oculosveniunt.

958 2029 1039 2062 Quod
1049 2036 1105 2055 non
1114 2027 1251 2061 eveniret,
1269 2027 1293 2055 si
1304 2035 1361 2055 non
1373 2029 1452 2054 esset
1461 2036 1549 2055 curva
1561 2028 1644 2055 undae
1657 2029 1780 2064 superﬁ-

959 2073 1018 2101 cies
1029 2073 1154 2100 formam
1165 2071 1284 2107 spherae
1301 2080 1360 2099 una
1369 2080 1436 2100 cum
1446 2074 1525 2100 terra
1534 2072 1656 2101 habens.
1673 2073 1735 2101 Nisi
1747 2081 1781 2101 ee.

956 2119 1034 2145 esset
1051 2119 1131 2145 terrae
1147 2117 1251 2150 forma,
1268 2116 1367 2144 omnia
1382 2119 1460 2145 astra
1485 2117 1572 2145 simul
1594 2120 1779 2153 apparerent.

956 2162 1040 2190 Nunc
1056 2164 1154 2190 autem
1164 2169 1231 2189 cum
1239 2161 1274 2188 ad
1285 2161 1516 2196 septentrionem
1524 2162 1782 2196 incolamus,astra

959 2207 1079 2242 quidem
1095 2205 1332 2242 septentrionalis
1349 2206 1407 2242 poli
1428 2206 1599 2242 aspicimus.
1615 2207 1687 2235 Ecce
1701 2207 1779 2235 enim

914 2239 936 2271 D
952 2239 1101 2287 Canopus,
1125 2239 1239 2278 astrum
1269 2239 1441 2286 maximum,
1459 2239 1487 2278 in
1509 2251 1631 2288 [Egypto
1646 2254 1779 2288 apparet,

955 2303 1009 2323 nec
1024 2297 1140 2323 tantum
1156 2295 1294 2328 illud,sed
1309 2298 1337 2323 ct
1353 2301 1456 2323 caetera
1471 2304 1534 2331 quae
1547 2296 1641 2332 magis
1665 2297 1701 2324 ad
1719 2303 1779 2324 me-

954 2339 1060 2367 ridiem
1076 2343 1155 2373 sunt,
1177 2341 1266 2367 astra.
1283 2340 1313 2367 Si
1342 2348 1409 2368 vero
1438 2340 1468 2367 in
1485 2340 1581 2368 medio
1605 2342 1684 2368 esset
1710 2340 1778 2374 sita,

954 2385 1005 2412 sed
1022 2384 1057 2412 ad
1073 2384 1213 2412 orientem
1231 2386 1370 2420 vergeret,
1387 2387 1555 2420 emergente
1584 2384 1653 2419 sole,
1665 2385 1776 2412 brevio-

954 2437 1000 2457 res
1012 2429 1115 2457 ﬁerent
1128 2437 1229 2457 eorum
1243 2437 1306 2464 quis
1317 2428 1524 2456 illuminantur
1540 2429 1661 2462 umbrae,
1676 2437 1777 2458 eorum

954 2475 1051 2501 autem
1068 2482 1131 2509 quae
1148 2472 1250 2509 procul
1261 2476 1339 2507 sunt,
1357 2474 1492 2509 majores.
1521 2475 1581 2501 Imo
1611 2476 1640 2501 et
1654 2473 1778 2503 orientia

953 2518 1053 2546 omnia
1068 2521 1148 2546 astra
1163 2518 1276 2554 majora
1290 2519 1318 2546 in
1335 2518 1446 2546 oriente
1461 2521 1646 2554 apparerent,
1668 2519 1777 2556 quippe

953 2571 1020 2591 cum
1047 2563 1089 2591 eis
1113 2563 1263 2599 propiores
1293 2571 1448 2598 essemus;
1479 2563 1642 2592 accidentia
1678 2569 1776 2593 aulem

952 2607 1079 2636 minora.
1101 2607 1131 2636 Si
1150 2616 1216 2635 vero
1246 2608 1282 2635 ad
1312 2607 1492 2636 occidentem
1518 2611 1647 2645 vergeret
1675 2612 1776 2638 nostra

952 2652 1042 2688 regio,
1068 2652 1214 2680 contraria
1227 2652 1346 2680 omnino
1375 2653 1576 2689 contingerent
1592 2662 1600 2689 ε
1617 2653 1640 2681 si
1657 2662 1722 2682 vero
1738 2655 1775 2683 ad

951 2697 1179 2732 septentrionem
1195 2696 1397 2731 inclinaretur,
1408 2698 1442 2725 ad
1454 2697 1529 2726 hanc
1546 2701 1658 2735 partem
1674 2702 1774 2728 exten-

950 2741 1090 2769 derentur
1105 2750 1202 2770 rerum
1215 2750 1278 2779 qua
1294 2741 1358 2770 luce
1370 2743 1588 2779 perfunduntur
1608 2744 1728 2778 umbras,
1745 2746 1773 2772 et

951 2787 976 2816 si
988 2788 1023 2816 ad
1036 2788 1199 2825 meridiem,
1228 2788 1374 2817 similiter.
1402 2789 1485 2818 Nunc
1512 2791 1620 2825 autem,
1636 2797 1703 2818 cum
1728 2788 1771 2818 sol
