1951 3054
169 118 226 150 ’18⁸1

834 117 1044 149 MlCHAELlS
1065 118 1200 148 PSEI.”

1817 116 1883 146 788

167 185 272 220 oritur,
289 184 325 213 ad
342 184 524 214 occidentem
537 186 660 221 vergunt
681 185 803 220 umbrae,
820 193 887 214 cum
899 187 994 214 autem

1089 194 1128 212 σιν
1146 182 1251 222 ἔρῥιπε,
1283 182 1316 210 τὰ
1342 181 1446 211 τούτων
1462 181 1568 210 ιναντίοι
1580 182 1695 220 ἕγένετο·
1725 182 1769 210 καὶ
1798 180 1826 210 εἴ
1852 182 1883 220 γ⁸

166 230 284 265 occidit,
303 231 338 259 ad
358 230 511 258 orientem.

1049 229 1118 266 πρὸς
1149 228 1248 267 βορῥᾶν
1275 226 1375 262 ἔκλινε,
1392 227 1461 266 πρὸς
1474 229 1556 255 τοῦτο
1572 225 1602 255 ἂν
1618 227 1648 254 τὸ
1677 226 1758 264 μέρος
1773 226 1882 254 ἀπετεί-

165 284 244 303 νοντο
261 274 301 302 ἀεὶ
318 275 350 302 αἱ
366 276 419 302 τῶν
435 275 628 314 φωτιζομένων
646 274 728 311 σκιαὶ²
743 273 800 310 καὶ,
817 274 839 302 εἷ
854 274 921 310 πρὸς
940 272 1122 312 μεσημϐρίαν,
1144 273 1259 310 ὁμοίως.
1285 275 1339 300 Νὖν
1357 271 1397 308 δὲ,
1421 272 1616 303 ἀνατέλλοντος
1641 274 1689 299 τοῦ
1713 271 1805 307 ἡλίου,
1837 271 1881 299 ἐπὶ

168 318 242 348 δόσιν
264 319 459 347 ἀποκλίνουσιν
479 320 506 347 αἱ
524 319 607 354 σκιαὶ,
624 318 757 356 δυομένου
771 318 809 354 δὲ,
826 319 894 357 πρὸς
908 317 1053 354 ἀνατολήν.

380 375 407 402 2.
425 378 461 403 De
480 378 560 402 terrae
575 374 781 409 magnitudine.

204 428 244 456 De
260 429 343 455 terrae
354 428 556 464 magnitudine
572 427 671 455 multa:
694 428 813 455 fuerunt
822 426 994 463 opiniones;

168 473 331 500 docuerunt
359 480 424 499 vero
455 472 594 508 deinceps
618 480 720 499 omnes
737 472 908 499 universum
932 471 996 506 ejus

168 516 314 544 ambitum
339 524 404 544 esse
429 516 593 544 stadiorum
618 517 758 551 (250,000)
791 516 942 544 ducenties
970 520 997 545 et

167 560 366 596 quinquagies
377 560 457 588 mille
472 570 478 594 ;
496 559 571 588 illud
588 562 686 588 autem
712 569 763 596 per
787 560 996 596 geometricam

169 604 340 632 methodum
356 605 646 633 demonstraverunt.
667 605 805 633 Nonnulli
821 607 920 633 autem
944 605 995 633 de-

169 649 266 678 mensi
289 651 360 677 sunt
389 649 419 677 in
440 652 518 678 terra
543 653 657 678 tantum
683 650 825 686 spatium,
853 652 997 686 quantum

167 694 246 722 intra
262 694 410 722 coelestem
422 695 546 730 gradum
563 695 833 730 comprehenditur,
845 697 874 722 et
898 695 950 722 hoc
965 694 994 722 in

169 739 236 772 360;
249 740 353 774 postea
364 738 529 767 cmlestium
542 740 689 775 graduum
701 747 857 767 numerum
868 739 922 766 hoc
930 747 997 774 spa-

169 783 210 810 tio
226 782 470 818 multiplicantes,
483 791 550 810 eum
562 786 645 811 terrze
661 791 749 819 quem
763 784 892 811 diximus
908 783 999 811 ambi-

170 829 236 855 tum
253 827 438 855 invenerunt.
456 827 559 855 Nostra
571 835 636 855 vero
653 828 730 862 regio
744 827 773 855 in
790 830 872 863 parte
887 830 1001 864 septen-

168 870 288 898 trionali
317 871 373 898 sita
399 873 444 898 est
468 881 475 905 ;
509 874 719 908 proptereaque
747 872 873 900 borealis
911 871 998 908 polus

170 923 286 950 semper
302 915 426 943 visibilis
441 917 485 943 est
501 925 508 950 ;
526 916 664 951 regioque
689 916 740 943 ille
756 924 843 952 quam
860 916 996 944 ultimam

176 961 313 988 novimus
328 968 429 988 versus
443 960 584 988 orientem
600 962 645 988 est
660 961 731 989 urbs
746 962 880 996 quaedam
897 961 998 988 Sinen-

175 1004 254 1033 sium
265 1005 384 1033 nomine
398 1005 475 1033 Sera.
493 1004 574 1033 Ultra
589 1013 687 1041 quam,
710 1008 742 1034 ut
756 1006 906 1042 inquiunt,
916 1005 996 1033 lacu-

175 1057 219 1077 nis
235 1051 305 1077 sunt
318 1051 347 1077 et
362 1049 478 1084 calami,
494 1058 589 1086 neque
604 1051 673 1078 inde
701 1050 778 1078 ultra
804 1051 838 1078 ad
856 1051 997 1079 orientem

173 1093 210 1121 iri
222 1096 341 1129 potest;
360 1094 496 1122 Sinenses
526 1103 593 1123 vero
615 1095 657 1123 illi
687 1096 812 1124 maxime
841 1095 997 1124 orientales

173 1141 272 1174 partes
287 1138 508 1167 incolunt.Sunt
520 1142 619 1167 autem
635 1148 736 1168 omnes
752 1141 884 1168 doctrina
895 1140 996 1175 Graeci,

173 1183 229 1210 nisi
243 1184 488 1219 quodjustissimi
504 1185 630 1212 sunt.Ad
647 1185 827 1213 occidentem
841 1194 907 1213 vero
918 1185 998 1213 habi-

173 1227 272 1255 tabilis
282 1230 361 1256 terra
375 1228 452 1256 ultra
463 1228 633 1264 Hispaniam
659 1230 722 1257 ﬁnit
738 1231 773 1258 ad
788 1230 997 1258 occidentalem

171 1272 319 1300 Oceanum
335 1273 365 1300 in
395 1281 482 1309 quem
508 1274 606 1301 inﬂuit
633 1277 766 1302 nostrum
790 1275 889 1311 ipsum
906 1283 996 1302 mare.

171 1316 289 1345 Distant
305 1317 384 1345 mille
399 1317 576 1346 milliaribus
587 1327 604 1346 a
615 1319 803 1347 terrainsulas
816 1328 879 1355 quae
896 1319 998 1347 Fortu-

173 1364 247 1390 nata;
262 1362 478 1398 dicuntur,quae
495 1363 578 1399 prius
590 1363 726 1391 habitata:
742 1366 771 1392 et
781 1364 817 1392 ob
833 1364 907 1392 aeris
923 1366 997 1392 tem-

172 1406 282 1442 periem
297 1409 326 1434 et
348 1415 433 1434 suam
459 1407 639 1435 fertilitatem
664 1408 801 1443 quassitm,
831 1417 909 1436 nunc
934 1410 997 1444 jam

172 1458 230 1478 non
246 1450 329 1479 cultas
354 1455 433 1479 sunt.
460 1452 569 1480 Versus
598 1453 857 1488 septentrionalem
885 1456 997 1489 partem

171 1494 343 1523 habitabilis
353 1497 432 1524 terra
445 1496 539 1524 Thule
561 1496 661 1525 insula
684 1497 805 1531 ﬁnitur;
831 1505 894 1533 quae
918 1498 997 1525 enim

1231 372 1264 410 β’.
1282 372 1346 408 Περὶ
1361 373 1409 399 τοῦ
1427 371 1558 409 μεγέθους
1572 374 1623 406 τῆς
1638 372 1698 408 γῆς·

1087 425 1153 463 Περὶ
1183 423 1212 453 δὲ
1236 427 1285 452 τοῦ
1316 425 1446 463 μεγέθους
1474 428 1524 460 τῆς
1552 428 1602 462 γῆς
1630 423 1734 453 πολλαὶ
1753 425 1883 463 γέγονασι

1052 469 1136 506 δόξαι,
1167 471 1340 507 ἀπεφήναντο
1370 468 1399 497 δὲ
1428 469 1538 508 ὕστερον
1567 471 1675 501 πάντες,
1706 470 1742 501 ὡς
1764 468 1884 497 σταδίων

1054 513 1191 552 μυριάδων
1222 514 1292 542 ἐστὶν
1324 513 1409 542 εἷ’κοσι
1434 515 1480 542 καὶ
1508 515 1623 549 πένταὴ
1640 514 1692 549 ὅλη
1714 516 1881 551 περίμετρος

1052 559 1146 594 αὐτῆς,
1176 558 1361 594 ἀποδείξαντες
1377 558 1405 588 δὲ
1424 559 1454 586 τὸ
1467 561 1592 587 τοιοῦτον
1608 557 1652 586 διὰ
1669 557 1791 595 μεθόδων
1806 569 1882 596 γεω·
1907 566 1911 569 ’

1054 606 1199 641 μετρικῶν.
1224 605 1299 636 Τινὲς
1328 602 1357 631 δὶ
1385 606 1513 631 τοσοῦτον
1532 604 1712 641 μετρήσαντες
1740 601 1883 639 διάστημα

1052 648 1077 677 έν
1105 651 1139 686 τῇ
1155 652 1201 687 γῇ,
1230 650 1298 677 ὥστε
1326 648 1565 686 παραλλάττισθαι
1597 648 1659 685 μίαν
1675 651 1772 687 μοῖραν
1788 647 1814 676 ἐν
1841 650 1883 683 τῷ

1053 693 1168 731 οὐρανῷ,
1195 694 1240 721 καὶ
1267 696 1347 721 τοῦτο
1363 694 1406 721 ἐπὶ
1434 694 1481 729 τε,
1496 692 1560 727 ἤτοι
1574 693 1623 727 τήν
1637 695 1691 720 τῶν
1710 695 1814 730 μοιρῶν
1830 695 1882 720 τοῦ

1052 737 1168 776 οὔροινοὺ
1204 741 1344 774 ποσότητα
1384 737 1681 773 πολυπλασιάσαντις,
1718 738 1794 775 εὖρον
1828 738 1880 771 τὴν

1052 783 1216 820 περίμετρον
1243 785 1294 816 τῆς
1320 787 1373 820 γῆς
1392 783 1537 817 τοσαύτην.
1569 782 1607 813 ὡς
1634 781 1759 818 εἴπομεν.
1789 782 1820 809 Ἡ
1851 780 1882 809 δὶ

1053 828 1174 864 ἡμετέρα
1201 826 1306 863 οἷ’κησις
1337 827 1406 854 ἐστὶν
1423 827 1449 854 ὲν
1474 829 1513 863 τῷ
1541 827 1641 864 βορείῳ
1658 827 1743 863 μέρει,
1773 826 1819 854 καὶ
1836 825 1883 853 διὰ

1051 875 1132 900 τοῦτο
1162 873 1175 900 ὁ
1207 873 1253 909 μὶν
1281 872 1388 910 βόρειος
1415 871 1502 903 πόλος
1524 871 1595 899 ἔστὶν
1625 872 1764 908 ἀειφανής*
1794 872 1841 898 καὶ
1862 873 1880 905 ἡ

1052 916 1206 954 δγνωσμὲνη
1239 916 1347 952 οἴκησις
1375 916 1401 944 ἰν
1416 918 1451 953 τῇ
1467 918 1503 953 γῇ
1519 915 1587 944 κατὰ
1615 916 1663 950 τήν
1678 914 1813 950 ἀνατολὴν
1831 915 1879 951 μὶν

1050 961 1163 996 τελευτᾷ
1192 961 1218 989 ἂν
1245 961 1325 989 πόλει
1353 962 1407 989 τινὶ
1435 963 1490 988 τῶν
1520 960 1607 988 Σίνων
1637 959 1775 997 λεγομένῃ
1790 961 1879 997 Σήρᾳ.

1051 1007 1088 1035 Τὸ
1116 1009 1179 1044 γοῦν
1210 1005 1333 1034 ἐπέκεινα
1353 1005 1462 1041 ταύτης,
1495 1006 1532 1036 ὡς
1561 1006 1726 1042 ἱστοροῦσιν,
1755 1004 1882 1041 τέλματα

1051 1050 1103 1078 εῒσι
1131 1051 1176 1079 καὶ
1205 1050 1336 1087 κάλαμοι,
1365 1051 1409 1078 καὶ
1440 1048 1531 1081 δίοδος
1546 1050 1590 1078 ἀπ’
1607 1049 1691 1084 αὐτῆς
1705 1048 1883 1077 ἀνατολικω-

1051 1095 1114 1133 τέρα
1144 1096 1193 1123 οὐκ
1219 1094 1302 1128 ἔστιν,
1332 1096 1358 1122 οἱ
1388 1094 1416 1122 δὲ
1433 1098 1509 1122 Σῖνοι
1523 1095 1597 1122 οὗτοι
1612 1095 1646 1122 τὰ
1660 1093 1883 1132 ἀνατολικώτιρα

1054 1141 1122 1178 μέρη
1150 1142 1198 1168 τοῦ
1227 1141 1333 1176 κόσμου
1363 1139 1497 1167 οἷκοῦσιν*
1528 1138 1580 1166 εἶσὶ
1601 1138 1629 1166 δὶ
1657 1139 1755 1169 πάντες
1770 1137 1882 1173 ’Ἐλλη-

1051 1195 1094 1216 νες
1122 1185 1153 1212 τὸ
1179 1183 1276 1221 δόγμα,
1307 1183 1381 1219 πλὴν
1411 1183 1479 1211 πάνυ
1509 1182 1686 1212 δικαιότατοι.
1702 1183 1777 1212 Κατὰ
1790 1182 1820 1210 δὴ
1832 1183 1883 1217 τὴν

1053 1229 1128 1257 δόσιν
1162 1229 1276 1265 τελευτᾷ
1308 1230 1326 1264 ἡ
1367 1228 1475 1263 οἴκησις
1511 1228 1632 1256 ἐπέκεινα
1665 1230 1715 1260 τῆς
1744 1228 1882 1259 Ἱσπανίας

1051 1274 1120 1312 πρὸς
1149 1276 1190 1310 τῷ
1205 1272 1306 1309 δυτικῷ
1320 1272 1442 1309 ὠκεανῷ,
1473 1273 1511 1305 sic
1536 1273 1565 1300 ’ὀν
1597 1270 1731 1308 εμϐάλλει
1761 1271 1831 1306 αὕτη
1863 1273 1880 1307 ἡ

1051 1319 1110 1350 καθ’
1139 1320 1213 1355 ἡμᾶς
1239 1317 1371 1350 θάλασσα.
1400 1317 1549 1355 Ἀπέχουσι
1575 1316 1603 1345 δὶ
1618 1317 1679 1344 ὅσον
1707 1315 1811 1354 χιλίων
1835 1327 1880 1353 μι-

1053 1362 1120 1391 λίων
1148 1362 1285 1400 διάστημα
1309 1362 1361 1390 ἀπὸ
1376 1366 1426 1397 τῆς
1442 1364 1495 1400 γῆς
1510 1363 1538 1390 αἱ
1554 1361 1700 1400 λεγόμεναι
1713 1363 1767 1389 τῶν
1785 1363 1880 1389 Μακα-

1053 1417 1107 1445 ρων
1138 1411 1228 1443 νῆσοι,
1256 1407 1356 1439 α’ίτινες
1370 1407 1433 1445 πρὶν
1451 1407 1609 1444 οἰκούμεναι
1639 1407 1714 1434 οὖσαι
1743 1406 1788 1434 καὶ
1819 1406 1880 1433 ἐπί-

1053 1454 1147 1492 φθονοι
1164 1451 1209 1480 διά
1222 1463 1251 1480 τε
1263 1452 1312 1486 τὴν
1329 1451 1470 1489 εὐκρασίαν
1492 1454 1542 1479 τοῦ
1567 1451 1645 1489 ἀέρος
1668 1451 1712 1478 καὶ
1736 1451 1789 1486 τήο
1805 1450 1880 1478 πολ-

1053 1496 1104 1532 λὴν
1131 1497 1268 1536 εὐφορίαν,
1297 1498 1342 1524 νῦν
1369 1496 1494 1531 ἀοίκητοί
1521 1495 1582 1524 εἶσι.
1612 1495 1684 1523 Κατὰ
1712 1494 1740 1523 δὶ
1767 1496 1799 1523 τὸ
1829 1495 1880 1533 ἀρ-

171 1538 313 1567 ulteriora
327 1542 397 1567 sunt
408 1540 444 1567 ob
461 1543 563 1568 ventos
579 1549 636 1568 non
649 1541 830 1569 habitantur.
846 1542 888 1570 Ad
906 1542 993 1570 meri-

1087 1544 1137 1578 ῷον
1165 1541 1246 1578 μέρος
1259 1541 1417 1579 περαιοῦται
1445 1542 1462 1575 ἡ
1479 1539 1585 1575 οἴκησις
1600 1540 1627 1568 ἐν
1650 1539 1725 1575 Θόλη
1741 1542 1775 1578 τῇ
1791 1541 1880 1576 νήσῳ·

172 1583 250 1611 diem
267 1585 364 1612 autem
382 1584 515 1612 incolunt
526 1585 661 1614 homines
684 1594 776 1621 usque
800 1587 836 1614 ad
866 1587 998 1622 aequino-

169 1627 287 1656 ctialem
307 1628 449 1656 circulum
471 1639 478 1663 ;
505 1630 556 1657 sed
586 1630 709 1665 hujusce
749 1631 877 1666 regionis
897 1631 997 1664 incolae

169 1674 240 1700 sunt
255 1672 387 1701 barbarae
403 1676 644 1709 gentes,quorum
657 1675 732 1702 cutis
744 1675 826 1710 nigro
837 1675 932 1704 colore
943 1679 997 1705 est.

170 1716 224 1748 Qui
239 1725 306 1744 vero
322 1717 458 1745 habitant
474 1719 528 1746 sub
540 1719 775 1754 aequinoctialem
788 1720 997 1752 circulum.no-

170 1763 231 1790 otes
247 1762 356 1790 habent
370 1763 475 1791 diebus
487 1772 603 1799 semper
614 1764 750 1800 aequales.
768 1766 858 1798 Quam
885 1768 997 1801 partem

169 1806 261 1842 igitur
274 1814 413 1835 vocamus
429 1807 588 1843 Orientem,
606 1817 663 1837 non
681 1812 726 1837 est
739 1809 906 1843 oriens,aed
923 1811 998 1838 occi-

171 1851 254 1879 dens.
272 1852 305 1879 Et
329 1859 393 1888 quae
423 1852 559 1888 plurimis
589 1853 726 1881 videntur
741 1854 895 1882 orientales
910 1855 998 1883 urbes

172 1896 354 1932 esse,quales
369 1897 470 1925 Iberia
485 1900 513 1925 et
521 1898 707 1934 Medias,ipsaa
715 1899 997 1933 suntoccidentales,

171 1940 240 1976 quia
255 1943 325 1969 sunt
346 1941 376 1969 in
393 1944 476 1977 parte
492 1944 576 1970 terra:
592 1943 779 1971 occidentali.
797 1944 917 1972 Initium
943 1953 996 1972 au-

170 1987 228 2013 tem
240 1985 427 2013 orientalium
441 1987 568 2022 partium
585 1990 630 2015 est
642 1989 719 2015 ultra
730 1988 824 2024 ipsam
836 1989 994 2016 Persidem.

170 2028 258 2057 Terra
270 2037 336 2057 vero
353 2038 369 2057 ιι
382 2031 488 2065 priscis
503 2030 689 2067 philosophis
703 2032 733 2059 in
750 2035 862 2068 septem
880 2033 996 2061 climata

169 2072 264 2102 divisa
283 2076 327 2102 est
355 2075 409 2102 hoc
435 2075 534 2103 modo.
558 2076 830 2104 Animadvertentes
854 2077 932 2105 enim
952 2077 994 2105 illi

169 2125 272 2146 omnes
287 2118 366 2147 locos
378 2120 429 2155 qui
446 2122 516 2148 sunt
527 2121 622 2156 magis
635 2121 670 2148 ed
687 2121 916 2157 septentrionem
935 2122 994 2156 siti,

170 2163 332 2190 maximum
348 2163 425 2192 diem
442 2164 584 2199 majorem
600 2165 707 2193 habere
718 2173 806 2201 quam
823 2165 877 2193 loci
895 2174 995 2194 versus

171 2208 324 2237 meridiem
340 2209 432 2244 siti,et
447 2210 482 2238 ab
493 2210 668 2246 aequinoctio
684 2211 712 2238 in
726 2214 823 2246 partes
831 2211 993 2246 ulteriores,

171 2252 302 2289 neglecto
311 2254 464 2283 semihorae
481 2258 650 2291 augmento,
667 2256 720 2283 has
736 2256 867 2291 regiones
882 2264 914 2283 eo
926 2265 994 2292 spa-

170 2297 211 2326 tio
222 2299 258 2326 ab
281 2298 456 2335 aequinoctio
481 2300 625 2328 distantes
641 2301 780 2336 primum,
796 2300 883 2328 clima
898 2301 994 2337 appel-

171 2343 314 2379 laverunt,
328 2345 353 2372 ei
365 2344 477 2373 Merues
493 2353 597 2373 nomen
609 2345 804 2381 imponentes.
833 2346 884 2373 Est
908 2354 994 2381 porro

172 2387 267 2416 Meroe
282 2388 354 2417 urbs
366 2389 535 2425 Ethiopica.
544 2392 575 2418 In
588 2390 642 2417 hoc
658 2393 756 2418 autem
772 2390 889 2418 climate
900 2390 994 2418 maxi-

171 2440 220 2460 ma
233 2433 294 2460 dies
305 2436 351 2461 est
379 2434 520 2462 tredecim
549 2435 700 2462 horarum.
726 2435 835 2463 Deinde
863 2435 995 2464 animad-

168 2478 314 2505 vertentes
340 2478 391 2505 ubi
421 2478 548 2506 maxime
571 2479 633 2507 dies
657 2479 895 2515 sesquitredecim
911 2480 995 2508 hora-

169 2529 235 2549 rum
251 2524 337 2557 esset,
354 2522 444 2558 hujus
472 2523 600 2559 regionis
624 2524 686 2552 dies
714 2525 876 2552 secundum
906 2524 994 2552 clima

169 2566 400 2603 appellaverunt,
431 2567 517 2604 eique
550 2577 656 2598 nomen
691 2570 800 2606 Syenes
837 2570 991 2597 dederunt.

168 2611 257 2639 Porro
268 2611 361 2647 Syene
385 2614 430 2640 est
457 2613 528 2641 urbe
552 2613 649 2642 media
669 2614 745 2642 inter
773 2614 949 2650 Ethiopian!
965 2616 993 2642 et

167 2656 335 2693 Egyptum.
357 2657 435 2685 Idem
449 2660 547 2685 autem
565 2658 695 2686 fecerunt
710 2659 745 2686 de
764 2660 848 2686 tertio
863 2659 991 2694 climate,

169 2701 245 2736 quod
258 2709 273 2728 e
284 2702 403 2730 nomine
413 2702 560 2730 inferioris
570 2703 684 2740 [Egypti
709 2703 826 2738 dicitur,
855 2704 991 2739 quodque

169 2745 327 2775 maximam
340 2747 417 2776 diem
433 2749 652 2783 quattuordecim
673 2748 814 2776 horarum
830 2748 926 2777 habet.
951 2751 992 2776 Δο

169 2790 305 2820 similiter
316 2792 352 2820 de
366 2794 468 2829 quarto
483 2801 499 2822 a
515 2793 616 2823 Rhodo
645 2793 841 2829 nominatum,
857 2794 992 2830 quodque

1051 1587 1085 1614 τὰ
1109 1587 1160 1624 γὰρ
1189 1588 1340 1624 περαιτέρω
1365 1585 1467 1620 ταύτης
1495 1585 1610 1620 ἀοίκητα
1638 1583 1682 1612 διὰ
1709 1585 1757 1619 τὴν
1788 1587 1880 1622 ψῦξιν,

1053 1632 1128 1659 Κατὰ
1151 1630 1180 1658 δὲ
1208 1632 1256 1664 τήν
1276 1628 1448 1667 μεσημϐρίαν
1478 1630 1597 1657 οἳκοῠσιν
1625 1629 1764 1665 ἅνθρωποι
1794 1629 1879 1667 ἄχρις

1052 1675 1134 1703 αὐτοῦ
1161 1677 1210 1703 τοῦ
1240 1675 1398 1713 iet-quq:in
1426 1673 1540 1702 κύκλου·
1571 1673 1633 1702 ἀλλ’
1663 1674 1728 1701 είσὶν
1745 1674 1771 1702 οἱ
1791 1673 1881 1702 ἐκεῖσε

1053 1721 1190 1751 οἰκοῦντες
1227 1717 1349 1758 βάρϐαρα
1379 1718 1441 1754 ἔθνη
1483 1719 1528 1746 καὶ
1561 1718 1665 1756 μέλανα
1686 1719 1736 1753 τήν
1766 1719 1879 1756 χροιάν.

1051 1766 1130 1794 Ὂσοι
1159 1763 1188 1792 δὲ
1217 1764 1336 1792 οἰκοῦσιν
1369 1765 1420 1792 ὑπὸ
1447 1765 1492 1791 τὸν
1524 1764 1681 1801 ἱσημερινὸν
1706 1762 1820 1799 κόχλον,
1837 1763 1879 1791 ἀεὶ

1050 1811 1097 1841 τὰς
1127 1810 1222 1841 νύκτας
1247 1807 1358 1848 ἔχουσιν
1383 1810 1445 1840 ἳσας
1460 1812 1519 1840 ταῖς
1543 1808 1671 1846 ἡμέραις.
1687 1809 1719 1837 Ἦ
1735 1809 1782 1836 οὗν
1800 1808 1879 1847 λεγο-

1054 1856 1120 1891 μένη
1149 1857 1213 1891 παρ’
1240 1856 1321 1891 ἡμῶν
1352 1853 1469 1888 ἀνατολή
1496 1853 1548 1881 οὐκ
1561 1852 1631 1880 ἔστιν
1648 1853 1779 1887 ἀνατολὴ,
1796 1853 1819 1880 εἱ
1839 1854 1877 1889 μὴ

1052 1898 1144 1931 δόσις·
1179 1898 1253 1926 ἀλλὰ
1280 1899 1325 1926 καὶ
1355 1898 1433 1926 αὐταὶ
1461 1899 1490 1926 αἱ
1517 1896 1644 1925 δοκοῦσαι
1672 1900 1731 1928 τοῖς
1756 1896 1879 1929 πολλοῖς

1051 1943 1283 1980 ἀνατολικώτεραι
1304 1942 1412 1978 πόλεις,
1443 1943 1496 1970 οἷαι
1523 1943 1550 1970 αἱ
1566 1946 1615 1977 τῆς
1629 1939 1749 1979 Ἰϐηρίας
1764 1941 1812 1969 καὶ
1825 1944 1878 1974 τῆς

1051 1988 1170 2023 Μηδίας⁷
1200 1987 1245 2015 καὶ
1276 1986 1352 2015 αὗται
1382 1986 1487 2014 δυτικαὶ
1517 1986 1670 2024 ὑπάρχουσι
1688 1984 1731 2013 διὰ
1745 1986 1777 2013 τὸ
1794 1985 1821 2013 ἂν
1837 1989 1879 2021 τῷ

1051 2032 1152 2069 δυτικῷ
1182 2033 1256 2071 μέρει
1280 2034 1330 2065 τῆς
1357 2031 1521 2068 οῗκουμένης
1538 2032 1614 2059 εἶναι.
1642 2031 1671 2059 ἸΙ
1689 2029 1718 2058 δὲ
1730 2031 1806 2068 ἀρχή
1823 2033 1879 2058 τῶν

1051 2077 1289 2115 ἂνατολικωτέρων
1309 2079 1398 2114 μερῶν
1427 2076 1471 2104 καὶ
1494 2076 1577 2110 αὐτῆς
1591 2079 1641 2110 τῆς
1665 2075 1781 2112 Περσίας
1805 2075 1877 2103 ἐστὶν

1049 2121 1186 2150 ἐπέκεινα,
1217 2121 1429 2159 Διαμεμέρισται
1459 2118 1487 2147 δὶ
1513 2121 1531 2154 ἡ
1561 2119 1707 2156 οἰκουμένη
1741 2117 1794 2146 ὑπὸ
1822 2121 1876 2146 τῶν

1050 2165 1136 2194 πάλαι
1165 2168 1254 2204 σοφῶν
1286 2165 1324 2196 εἷς
1351 2165 1385 2192 τὰ
1409 2165 1476 2192 ἑπτὰ
1502 2163 1624 2200 κλίματα
1635 2163 1753 2200 τοιούτῳ
1766 2164 1877 2201 τρόπῳ.

1050 2209 1164 2241 Ἰδόντες
1193 2210 1244 2248 γὰρ
1274 2209 1360 2244 οὗτοι,
1391 2211 1427 2240 ὼς
1444 2209 1503 2236 δσαι
1518 2209 1608 2246 χῶραι
1626 2208 1677 2236 εἱσι
1695 2208 1877 2246 βορειότεραι,

1050 2254 1143 2293 ἔχουσι
1169 2255 1218 2289 τὴν
1251 2254 1379 2291 μεγίστην
1407 2253 1512 2291 ἡμέραν
1542 2252 1653 2289 μείζονα
1681 2254 1735 2280 τῶν
1747 2254 1878 2280 νοτιωτέ-

1050 2309 1113 2336 ριόν⁹
1140 2298 1184 2327 καὶ
1201 2298 1253 2326 ἀπὸ
1270 2298 1312 2333 ἱση
1321 2300 1430 2335 μερινοῡ
1452 2297 1495 2325 ἐπὶ
1527 2297 1560 2324 τὰ
1584 2296 1655 2329 ἔνθεν
1687 2296 1768 2334 μέρη,
1784 2296 1879 2324 ἐάσαν-

1047 2354 1090 2375 τες
1134 2342 1244 2379 αὔξησιν
1285 2342 1443 2380 ἡμιωρίου,
1484 2341 1612 2370 ἐκάλεσαν
1654 2342 1703 2372 τὰς
1741 2341 1876 2374 τοσαύτην

1049 2388 1196 2416 ἀπόστασιν
1212 2387 1367 2426 ἀπεχούσας
1382 2389 1430 2414 τοῦ
1453 2386 1615 2423 ἰσημερινοῦ
1642 2388 1751 2424 πρῶτον
1776 2385 1876 2422 κλίμα,

1049 2433 1229 2469 ὁνομάσσντες
1254 2432 1322 2460 αὐτὸ
1346 2430 1390 2459 διὰ
1407 2430 1528 2469 Μερόης.
1545 2431 1673 2468 ’Υπάρχει
1701 2429 1729 2457 δὲ
1744 2431 1762 2465 ἡ
1779 2431 1876 2468 Μερόη

1049 2477 1132 2508 πόλις
1160 2477 1319 2512 Αίοιοπική’
1347 2476 1401 2504 ἔστι
1419 2475 1448 2504 δὲ
1473 2475 1498 2504 έν
1527 2478 1567 2511 τῷ
1592 2475 1710 2511 τοιούτῳ
1724 2474 1843 2511 κλίματι
1860 2476 1877 2510 ἠ

1051 2523 1163 2560 μεγίστη
1190 2521 1281 2559 ἡμέρα
1310 2521 1388 2558 ὡρῶν
1420 2521 1462 2558 ιγ’.
1492 2520 1556 2548 Εἶτα
1571 2519 1653 2547 πάλιν
1685 2518 1801 2556 ἰδόντες,
1816 2518 1879 2552 ἔνθα

1048 2569 1119 2595 εστὶν
1148 2568 1165 2602 ἡ
1197 2566 1308 2604 μεγίστη
1339 2566 1430 2603 ἡμέρα
1459 2565 1538 2603 diqu
1557 2568 1588 2603 ιγ’
1607 2565 1631 2599 ὑ,
1648 2564 1792 2601 ὠνόμασαν
1827 2565 1878 2596 τὰς

1048 2612 1148 2640 ἐκεῖθεν
1174 2611 1279 2648 ἡμέρας
1308 2610 1396 2646 κλίμα
1427 2610 1461 2648 β’,
1487 2609 1532 2637 καὶ
1561 2609 1689 2637 ἐκάλεσαν
1717 2608 1800 2636 τοῦτο
1832 2608 1878 2637 διὰ

1049 2658 1168 2692 Συήνης.
1198 2657 1230 2684 Ἠ
1259 2655 1288 2682 δὲ
1318 2656 1409 2689 Συήνη
1427 2654 1481 2682 ἐστὶ
1509 2653 1591 2685 πόλις
1607 2653 1632 2681 ἐν
1651 2654 1812 2691 μεταιχμίῳ
1826 2658 1877 2689 τῆς

1046 2702 1212 2736 Αἰθιοπικῆς
1239 2700 1284 2728 καὶ
1313 2699 1502 2737 Αἰγυπτιακῆς
1529 2700 1622 2737 χώρας
1641 2720 1648 2727 .
1686 2698 1721 2726 Τὸ
1750 2698 1818 2726 αὐτὸ
1847 2697 1876 2726 δὲ

1047 2747 1175 2782 ἐποίησαν
1199 2745 1245 2773 καὶ
1274 2744 1316 2772 ἐπὶ
1345 2745 1394 2772 τοῦ
1418 2743 1511 2782 τρίτου
1540 2743 1686 2781 κλίματος,
1714 2742 1746 2770 τὸ
1762 2741 1808 2770 διὰ
1823 2747 1875 2778 τῆς

1046 2791 1119 2820 κάτω
1148 2791 1242 2829 χώρας
1261 2788 1400 2827 Αίγύπτου
1416 2787 1576 2826 λεγόμενον,
1589 2788 1640 2823 τήν
1659 2787 1789 2825 μεγίστην
1806 2785 1873 2826 ἔχον
