1948 3056
132 130 190 160 ⁸791

804 127 976 159 MlCHAEL
1013 134 1037 179 Ι

1787 126 1849 156 ’192

136 198 213 226 rium
229 197 271 226 ita
285 196 398 226 excedit
414 198 446 224 ut
461 195 617 232 crystallus
633 203 716 232 aqua)
731 196 899 224 humorem.
911 195 962 223 Ille

1064 198 1103 226 ab:
1135 198 1191 223 οἷον
1218 192 1371 233 ὑπερϐολὴ,
1395 195 1516 230 καθάπερ
1537 194 1552 221 ὁ
1573 192 1746 232 κρύσταλλος
1763 191 1849 230 ὗπιρ-

138 245 236 271 autem
252 242 371 270 subtilis
387 244 416 269 et
425 243 587 277 temperato
598 241 694 269 calore
705 241 856 277 praeditus,
868 249 964 276 neque

139 290 253 320 urente,
265 287 345 315 illius
356 286 446 314 simili
461 287 511 322 qui
523 287 607 314 nobis
623 288 668 314 est
688 286 847 322 ingenitus.
865 285 963 313 Nubes

138 340 205 360 vero
216 332 409 360 eﬂ'ormantur
429 339 463 358 ex
479 333 557 358 terra
571 333 599 358 et
615 331 699 362 mari,
714 330 871 365 vaporibus
897 338 964 357 sur-

139 385 205 405 sum
222 377 293 404 solis
306 377 409 403 ardore
424 376 561 408 sublatis,
578 375 607 402 in
631 375 698 403 altis
723 374 893 410 regionibus
913 374 963 401 ba-

139 430 203 450 rum
218 421 333 457 frigoris
347 429 436 448 causa
452 420 583 448 densatis
598 422 626 447 et
641 422 671 447 in
687 428 792 455 aquam
807 418 963 447 conversis.

139 466 322 494 Addubitant
334 473 402 493 vero
430 465 567 492 nonnulli
595 465 742 500 quomodo
767 464 878 500 trigidae
907 463 966 491 sint

137 511 181 538 hae
204 513 301 546 partes
326 509 505 545 superiores,
530 509 665 545 quamvis
692 508 746 536 soli
774 508 965 544 proximiores

139 555 209 583 sint.
225 555 376 591 Oporteret
391 553 468 581 enim
495 556 528 580 ut
552 556 670 589 propter
693 553 764 581 solis
785 553 964 580 vicinitatem

139 600 200 628 sint
215 599 325 628 calida.
341 600 376 627 Et
398 599 524 626 dicimus
546 598 637 626 solem
659 599 757 634 ipsum
783 607 834 634 per
852 606 884 626 se
908 606 965 625 non

139 653 203 673 esse
215 644 440 677 calidissimum,
455 646 487 671 ut
498 643 617 678 quidam
629 643 804 679 opinantur;
818 643 867 671 sed
881 643 906 670 is
919 651 965 670 ca-

138 689 184 718 lor
198 697 286 725 quem
302 688 350 716 hic
369 689 524 721 sentimus,
543 696 593 723 per
608 689 673 723 ejus
687 688 837 716 radiorum
855 687 890 715 ad
908 690 965 714 ter-

140 743 204 762 ram
217 733 402 761 reﬂexionem
415 733 596 768 producitur.
608 735 644 760 Et
654 733 708 760 hoc
722 733 910 760 manifestum
923 733 966 759 est

141 787 176 806 ex
199 778 396 806 maximorum
421 777 566 805 montium
598 777 767 805 verticibus,
797 777 855 804 Soli
885 776 964 804 enim

141 823 306 855 viciniores,
334 821 499 857 frigidiores
525 824 594 849 sunt
620 830 708 856 quam
734 821 814 857 regio
834 820 963 848 inferior.

1019 238 1090 275 ϐολὴ
1116 239 1292 278 ψυχρότητος
1315 239 1422 270 ὕδατος·
1445 239 1531 266 ἐκεῖνο
1552 237 1581 266 δὶ
1605 237 1785 275 λεπτομερὲς,
1800 236 1849 264 καὶ

1019 284 1148 322 εὔκρατον
1179 285 1228 318 τὴν
1260 284 1413 322 θερμότητα
1447 282 1524 322 ἔχον,
1559 283 1604 311 καὶ
1633 282 1664 310 οὗ
1688 281 1849 317 καυστικδν,

1019 329 1138 367 καθάπερ
1176 329 1221 356 καὶ
1254 329 1285 357 τὸ
1320 329 1346 356 ἰν
1384 329 1447 365 ὑμῖν
1483 327 1601 367 ἔμφυτον
1623 326 1735 365 θερμόν.
1758 326 1797 354 Τὰ
1819 325 1851 353 δὲ

1019 374 1085 412 νέφη
1113 375 1283 401 συνίστανται
1308 374 1360 401 ἀπὸ
1375 377 1425 408 τῆς
1440 377 1491 411 γῆς
1514 373 1559 401 καὶ
1585 372 1735 407 θαλάσσης,
1751 371 1848 407 ἀτμῶν

1019 418 1194 455 ἀναγομένων
1221 419 1272 446 ὑπὸ
1293 422 1343 453 τῆς
1362 420 1410 445 τοῦ
1437 417 1521 452 ἡλίου
1546 417 1726 455 θερμότητος,
1748 416 1794 443 καὶ
1820 415 1848 442 έν

1019 465 1059 500 τῷ
1083 462 1138 490 ἄνω
1162 463 1239 499 τόπῳ
1263 464 1456 500 πυκνουμένων
1480 461 1524 490 διὰ
1547 462 1596 497 τὴν
1625 461 1710 489 ἐκεῖσε
1743 460 1850 498 ψυχρό-

1019 518 1098 543 τητα,
1124 508 1168 536 καὶ
1194 508 1230 539 εἰς
1261 506 1333 544 ὕδωρ
1360 507 1580 544 ἀλλοιουμένων.
1606 507 1791 544 Ἐπαποροῦσι
1820 503 1850 532 δέ

1019 562 1101 587 τινες,
1118 555 1176 583 πῶς
1193 553 1243 580 εἶσι
1260 553 1353 590 ψυχρὰ
1366 553 1400 579 τὰ
1422 551 1476 579 ἅνω
1494 551 1576 589 μέρη,
1594 550 1700 588 μᾶλλον
1716 552 1755 586 τῷ
1771 549 1849 586 ἡλίῳ

1020 597 1244 635 προσεγγίζοντα·
1277 596 1330 624 ἔδει
1354 598 1405 635 γὰρ
1420 599 1503 624 ταῦτα
1527 597 1614 634 θερμὰ
1638 596 1705 623 εἶναι
1729 594 1774 622 διὰ
1798 595 1850 628 τήν

1020 642 1088 679 πρὸς
1110 642 1156 669 τὸν
1181 642 1263 676 ἥλιον
1290 641 1424 679 ἰγγύτητα
1461 641 1510 668 Καὶ
1537 651 1634 680 φαμεν,
1663 640 1704 667 ὅτι
1729 640 1743 667 ὁ
1766 637 1851 673 ἥλιος

1021 686 1101 718 αὐτὸς
1128 687 1186 718 καθ’
1213 686 1305 713 ἑαυτὸν
1336 686 1369 713 οὐ
1399 685 1566 722 θερμότατος
1597 685 1683 719 ἔστιν,
1714 685 1751 715 ὥς
1776 693 1849 714 τινες

1022 729 1272 767 ὑπολαμϐάνουσιν,
1290 729 1353 758 ἀλλ’
1379 731 1395 765 ἡ
1423 730 1559 768 θερμότης
1582 729 1696 761 ἐνταῦθα
1724 728 1851 767 ἐμφαίνε-

1019 787 1062 804 ται
1088 775 1132 804 διὰ
1155 777 1204 811 τήν
1234 778 1286 803 τῶν
1314 776 1428 803 ἀκτίνων
1458 775 1540 802 αὐτοῦ
1570 776 1638 813 πρὸς
1652 775 1703 809 τὴν
1719 777 1771 811 γῆν
1788 774 1850 801 ἀντ-

1020 820 1176 848 ανάκλασιν·
1206 821 1250 848 καὶ
1275 822 1355 848 τοῦτο
1383 819 1468 854 δῆλον
1488 819 1518 848 ἐκ
1540 822 1594 847 τῶν
1617 819 1775 857 ἀκρωρειῶν
1790 820 1847 846 τῶν

140 867 240 894 Pluvia
254 874 320 894 vero
337 866 493 893 maximam
511 866 594 893 offert
610 866 836 894 similitudinem
849 873 914 893 cum
931 873 964 892 eo

1064 865 1154 903 (ίστων
1194 866 1283 902 ὁρῶν·
1325 864 1466 902 ἐγγύτεραι
1507 865 1558 901 γὰρ
1595 863 1672 891 οὖσαι
1702 863 1771 899 πρὸς
1798 863 1845 889 τὸν

1137 911 1142 919 ι
1214 909 1220 919 ι
1334 912 1344 917 -
1407 910 1410 917 ι
1458 909 1481 919 ..1
1537 908 1544 919 9
1640 911 1667 919 ,-
1717 909 1742 919 ll
1755 906 1845 919 ',\,_-_

139 919 244 947 vapore
259 910 309 946 qui
320 918 354 937 ex
364 909 487 946 aquisin
501 910 644 938 lebetibus
660 910 808 938 calefactis
823 910 961 938 efﬁcitur.

138 955 168 983 Si
184 955 251 991 quis
267 955 347 982 enim
362 963 411 982 eos
427 954 564 990 operculo
581 954 708 988 claudat,
725 955 859 983 ascendit
873 963 964 989 vapor

138 1001 173 1027 ad
189 1008 297 1035 corpus
313 999 459 1035 operiens,
476 999 505 1026 in
522 1007 613 1035 eoque
628 999 778 1033 densatur,
793 999 827 1026 ﬁt
842 1007 916 1034 aqua
934 1001 964 1026 et

137 1053 256 1072 rursum
271 1043 301 1071 in
317 1043 442 1071 lebetem
458 1043 568 1071 deﬂuit.
586 1043 639 1071 Nix
654 1046 752 1072 autem
764 1052 822 1072 non
831 1046 876 1071 est
886 1051 963 1079 aqua

137 1088 301 1124 congelata,
318 1089 368 1116 sed
383 1096 418 1116 ex
431 1088 508 1116 nube
529 1087 650 1116 humida
673 1087 765 1116 oritur
789 1096 853 1124 quae
880 1090 961 1116 ante-

139 1142 229 1170 quam
246 1141 363 1168 prorsus
387 1133 417 1160 in
439 1141 548 1168 aquam
572 1135 712 1168 vertatur,
742 1133 912 1169 congelatur
935 1134 963 1160 et

136 1178 254 1212 decidit,
271 1180 300 1205 et
318 1177 427 1205 idcirco
444 1177 600 1212 fungosam
625 1180 654 1205 et
678 1180 796 1205 tenuem
817 1176 963 1213 composi-

136 1224 247 1251 tionem
263 1223 361 1250 habet.
386 1223 501 1250 Grando
529 1230 596 1250 vero
627 1223 770 1250 formatur
794 1231 861 1250 cum
887 1230 963 1257 aqua

138 1267 320 1304 congelatur,
332 1266 507 1303 priusquam
521 1266 549 1294 in
563 1270 672 1295 terram
680 1267 830 1295 deciderit.
844 1267 872 1294 Si
884 1267 962 1294 enim

138 1311 239 1349 procul
255 1320 272 1339 a
287 1316 363 1339 terra
390 1311 441 1338 fiat
455 1311 630 1347 congelatio,
658 1311 766 1339 decidit
791 1311 963 1346 sphaericam

139 1357 265 1393 speciem
281 1355 424 1391 praebens,
441 1355 547 1383 solutis
563 1355 663 1391 magni
680 1355 823 1384 intervalli
852 1355 964 1383 ratione

139 1402 204 1436 ejus
216 1400 454 1429 extremitatibus
465 1410 474 1432 ;
486 1400 510 1428 si
523 1403 621 1428 autem
637 1409 725 1436 prope
735 1402 842 1428 terram
857 1408 964 1436 conge-

141 1446 228 1481 letur,
240 1445 349 1473 decidit
361 1445 492 1473 diversas
510 1444 621 1472 habens
636 1445 746 1480 figuras
764 1446 792 1472 ct
807 1444 901 1472 varias
917 1453 963 1472 ex-

139 1491 313 1518 tremitates.
326 1489 357 1517 In
369 1498 433 1517 aere
445 1490 505 1516 haec
517 1489 616 1516 omnia
627 1489 712 1522 ﬁunt,
734 1489 838 1521 nubes,
855 1488 963 1525 pluvia,

140 1535 201 1567 nix,
218 1535 339 1570 grando.
356 1534 470 1561 Similia
485 1536 584 1561 autem
608 1533 668 1561 illis
690 1533 854 1561 formantur
877 1542 966 1569 prope

1017 910 1109 946 ἥλιον,
1130 909 1296 947 ψυχρότεραι
1311 912 1366 936 τῶν
1380 909 1499 940 κὰτωθέν
1523 908 1574 936 εἶσι
1599 911 1699 946 μερῶν.
1717 906 1847 936 Μάλιστα

1017 954 1046 982 δὶ
1067 953 1184 988 ἔοικε-τὸ
1205 957 1259 982 τῶν
1284 955 1366 981 ὑετῶν
1391 953 1430 990 τῷ
1453 953 1588 991 γινομένῳ
1612 953 1691 984 πάθει
1715 952 1759 980 ἐπὶ
1784 951 1838 979 τῶν

1017 999 1236 1037 θερμαινομένων
1281 997 1384 1026 ὑδάτων
1421 998 1448 1025 ἐν
1481 1001 1539 1030 τοῖς
1573 995 1696 1032 λέϐησιν·
1731 997 1754 1024 εἰ
1789 996 1840 1034 γὰρ

1017 1043 1145 1080 ἐπίπωμα
1171 1045 1246 1079 θήσει
1267 1054 1309 1074 τις
1338 1043 1457 1078 τούτοις,
1484 1042 1624 1080 ἀνέρχεται
1647 1042 1660 1069 ὁ
1684 1041 1771 1078 ἀτμὸς
1798 1039 1843 1068 ἰπὶ

1016 1088 1047 1116 τὸ
1083 1087 1222 1116 καλύπτον
1260 1090 1350 1124 σῶμα,
1388 1088 1433 1115 καὶ
1472 1086 1635 1121 συνίσταται,
1665 1085 1710 1113 καὶ
1739 1085 1843 1124 γίνεται

1017 1131 1101 1170 ὕδωρ,
1132 1133 1176 1160 καὶ
1206 1131 1280 1163 αὖθις
1309 1132 1438 1170 καταρῥεῖ
1470 1131 1514 1159 ἐπὶ
1541 1132 1587 1159 τὸν
1612 1128 1726 1165 λέϐητα.
1750 1131 1784 1158 Ἥ
1816 1128 1846 1156 δὶ

1017 1178 1088 1216 χιὼν
1112 1177 1166 1215 οὐχ
1181 1176 1253 1214 ὕδωρ
1277 1177 1332 1204 ἐστὶ
1361 1177 1497 1213 πεπηγὸς,
1523 1175 1596 1203 ἀλλὰ
1610 1175 1734 1213 [γίνεται]
1749 1174 1846 1213 νέφους

1017 1222 1163 1260 καθύγρου,
1200 1222 1264 1260 πρὶν
1299 1222 1402 1249 τέκιιον
1441 1221 1478 1252 είς
1513 1220 1587 1258 ὕδωρ
1623 1217 1841 1257 μεταϐληθῆναι,

1017 1267 1192 1303 πηγνυμένου
1217 1267 1263 1294 καὶ
1286 1265 1502 1303 κατερχομένου.
1525 1265 1573 1292 Καὶ
1598 1263 1642 1291 διὰ
1655 1266 1736 1291 τοῦτο
1753 1263 1844 1302 χαύνη

1018 1312 1073 1339 ἐστὶ
1096 1312 1144 1346 τὴν
1176 1311 1301 1338 σύστασιν
1333 1311 1376 1338 καὶ
1413 1311 1504 1348 ἀραιά.
1527 1310 1558 1339 Ἦ
1584 1308 1613 1337 8t
1636 1308 1745 1347 χάλαζα
1772 1308 1844 1346 γίνε-

1017 1367 1071 1391 ται,
1097 1355 1142 1383 ὅτε
1158 1357 1172 1383 ὀ
1200 1356 1286 1390 ὑετὸς,
1313 1355 1376 1393 πρὶν
1408 1355 1452 1382 ἐπὶ
1478 1355 1527 1388 τὴν
1552 1358 1602 1392 γῆν
1632 1353 1771 1386 κατέλθοι,
1798 1352 1844 1380 καὶ

1018 1402 1101 1439 παγῇ.
1136 1401 1183 1428 Καὶ
1213 1400 1236 1428 εἷ
1266 1401 1313 1437 μὶν
1342 1399 1483 1438 πόρῥῶθεν
1512 1403 1561 1434 τῆς
1577 1398 1753 1436 γῆςὴπῆξις
1768 1397 1847 1435 γένη-

1019 1456 1075 1480 ται,
1098 1444 1258 1483 κατέρχεται
1280 1445 1311 1472 τὸ
1336 1448 1433 1482 σχῆμα
1457 1443 1645 1483 σφαιροειδὴς,
1675 1441 1719 1470 διὰ
1734 1441 1846 1470 πολλοῦ

1019 1493 1067 1517 τοῦ
1093 1490 1277 1526 διαστήματος
1297 1492 1345 1517 τοῦ
1361 1490 1387 1517 ἑν
1400 1492 1440 1525 τῷ
1468 1489 1540 1525 μέσῳ
1565 1487 1759 1524 ἀναλυομένων
1789 1486 1845 1514 τῶν

1019 1534 1119 1570 ταύσης
1149 1534 1261 1572 ἐξιιχῶν·
1292 1534 1313 1562 εί
1344 1533 1371 1561 δὲ
1397 1533 1514 1569 πλησίον
1543 1534 1616 1569 παγῇ
1632 1535 1681 1567 τῆς
1705 1535 1766 1569 γῆς,
1781 1541 1847 1559 κατ-

140 1582 248 1607 terram
265 1587 271 1611 ;
290 1578 360 1605 nubi
381 1577 499 1613 quidem
516 1577 622 1605 similis
638 1577 754 1610 nebula,
778 1578 880 1614 pluviae
907 1586 964 1612 ros,

1064 1589 1129 1616 εεται
1155 1578 1431 1616 ἑτεροσχημάτιστος,
1459 1577 1504 1605 καὶ
1521 1576 1667 1615 διαφόρους
1683 1575 1786 1614 ἔχουσα
1801 1576 1849 1606 τὰς

141 1624 200 1652 nivi
217 1623 332 1658 pruina.
348 1622 485 1658 grandini
500 1629 568 1649 vero
581 1621 700 1658 glacies.
719 1623 846 1658 Fulgura
867 1626 964 1650 autem

141 1671 170 1696 et
180 1668 310 1695 tonitrua
326 1667 455 1694 nubibus
472 1667 548 1694 inter
564 1675 594 1694 se
610 1666 798 1702 pulsantibus
822 1676 880 1695 non
903 1668 966 1695 efﬁ-

143 1712 271 1746 ciuntur,
285 1711 335 1739 sed
349 1711 467 1747 quando
477 1713 582 1738 ventus
589 1711 702 1739 calidus
709 1720 758 1739 eas
770 1711 967 1747 oircumdans,

143 1757 216 1784 dum
227 1757 297 1791 ipsa;
309 1756 472 1783 densantur
483 1758 511 1782 et
522 1755 967 1792 refrigerantur,peroppositio-

145 1809 212 1829 nem
225 1793 437 1829 inflammatur.
450 1799 545 1828 Altero
564 1800 642 1827 enim
662 1803 831 1836 superante,
847 1801 969 1829 alterum

145 1846 270 1882 aufugit.
287 1845 348 1874 Etsi
364 1845 441 1873 enim
457 1853 574 1873 sursum
589 1845 667 1880 ignis
683 1845 784 1880 fertur,
804 1848 902 1874 tamen
919 1846 969 1873 fri-

145 1899 214 1926 gore
229 1890 305 1926 quod
319 1898 441 1918 sursum
457 1892 503 1917 cst
515 1892 634 1917 coactus
645 1893 673 1917 et
687 1890 811 1918 nubium
824 1890 970 1918 densitate

146 1936 180 1963 ad
197 1935 337 1962 inferiora
350 1934 453 1962 tendit.
466 1934 496 1961 Si
508 1936 607 1962 autem
623 1943 730 1970 parvus
745 1937 774 1962 et
787 1936 858 1963 levis
868 1936 907 1963 sit
922 1944 969 1962 ca-

146 1980 199 2014 lor,
212 1979 308 2007 solum
325 1979 424 2014 fulgur
438 1981 467 2006 et
485 1978 594 2006 tonitru
611 1979 701 2007 efﬁcit
715 1990 722 2014 ;
739 1980 764 2007 si
781 1982 879 2007 autem
894 1980 969 2007 mul-

146 2028 195 2052 tus
211 2026 240 2052 et
253 2024 373 2058 ardens,
390 2023 513 2050 fulmen.
530 2023 618 2052 Porro
630 2024 729 2059 fulgur
743 2025 879 2060 praecedit
893 2025 971 2052 toni-

146 2071 205 2103 tru,
223 2068 358 2104 quamvis
386 2068 588 2104 producantur
614 2068 713 2102 simul,
739 2070 775 2096 ob
800 2072 971 2105 sequentem

147 2121 277 2141 causam.
295 2112 391 2144 Visus,
408 2112 458 2147 qui
474 2121 615 2140 sensuum
633 2113 746 2148 primus
760 2116 815 2149 est,
838 2115 972 2149 protinus

148 2158 227 2185 videt
241 2157 321 2193 quod
333 2156 447 2184 visibile
462 2159 523 2191 est;
548 2157 667 2185 auditus
683 2160 780 2185 autem
808 2161 874 2194 post
896 2162 973 2186 tem-

150 2211 205 2239 pus
221 2202 298 2239 quod
314 2201 444 2230 audibile
458 2204 503 2230 est
517 2202 649 2238 percipit.
666 2203 881 2239 Proptereaque
891 2204 973 2239 prius

1022 1624 1127 1660 ἐξοχάς.
1158 1624 1210 1651 Καὶ
1240 1623 1265 1650 ἐν
1299 1624 1346 1659 μὲν
1375 1625 1414 1658 τῷ
1431 1621 1487 1660 ἀέρι
1510 1622 1630 1659 γίνονται
1646 1623 1741 1657 ταῦτα,
1757 1621 1849 1659 νέφος,

1024 1669 1110 1702 ὑετὸς,
1140 1669 1222 1706 χιὼν,
1249 1667 1367 1706 χάλαζαι
1397 1667 1480 1704 ὅμοια
1509 1666 1537 1694 δὲ
1564 1665 1673 1697 τούτοις
1687 1666 1789 1703 γίνεται
1803 1665 1850 1693 καὶ

1022 1713 1090 1750 πρὸς
1103 1715 1137 1749 τῇ
1153 1714 1200 1749 γῇ,
1225 1715 1264 1748 τῷ
1293 1713 1339 1747 μὲν
1364 1712 1436 1751 νέφει
1460 1711 1594 1749 ἀνάλογον
1667 1709 1791 1748 ὀμίχλη,
1807 1713 1850 1746 τῷ

1023 1757 1052 1786 δὲ
1068 1759 1136 1793 ὑετῷ
1152 1759 1169 1792 ὴ
1186 1757 1293 1795 δρόσος,
1309 1759 1343 1793 τῇ
1358 1756 1386 1784 δὲ
1401 1757 1475 1794 χιόνι
1490 1758 1507 1792 ἡ
1523 1757 1628 1794 πάχνη,
1643 1758 1678 1793 τῇ
1694 1755 1724 1783 Si
1738 1755 1851 1793 χαλάζῃ

1024 1803 1037 1830 ὁ
1061 1802 1244 1840 κρύσταλλος.
1269 1803 1306 1831 Αἱ
1335 1801 1364 1830 δὲ
1386 1802 1518 1840 ἀστραπαὶ
1542 1802 1586 1829 καὶ
1610 1802 1637 1828 αἱ
1659 1800 1770 1838 βρονταὶ
1798 1801 1851 1828 οὐκ

1024 1847 1218 1875 ἀποτελοῦνται
1249 1847 1470 1884 συγκρουομένων
1502 1845 1639 1881 ἀλλήλοις
1665 1847 1720 1873 τῶν
1747 1847 1849 1883 νεφῶν,

1024 1891 1087 1920 ἀλλ’
1111 1890 1155 1920 ὅτε
1180 1891 1287 1922 τούτοις
1311 1892 1409 1929 θερμὸν
1443 1893 1549 1928 πνεῦμα
1583 1890 1755 1928 περισχεθὶν,
1793 1892 1848 1916 τῶν

1024 1939 1109 1975 νεφῶν
1140 1936 1367 1973 συμπιλουμένων
1391 1936 1436 1964 καὶ
1461 1935 1635 1974 ψυχομένων,
1653 1933 1698 1962 διὰ
1711 1935 1761 1969 τὴν
1777 1933 1852 1961 ἐναν-

1024 1981 1116 2009 τίωσιν
1148 1982 1308 2019 ἑκπυριαθῇ.
1348 1980 1576 2019 Ἐπικρατοῦντος
1612 1980 1663 2017 γὰρ
1698 1981 1747 2006 τοῦ
1776 1978 1853 2006 ἐναν-

1025 2026 1095 2059 τίου,
1123 2026 1154 2053 τὸ
1180 2026 1298 2053 ἐναντίον
1325 2025 1456 2064 ἐκφεύγει*
1486 2025 1508 2052 εἶ
1533 2026 1584 2063 γὰρ
1613 2025 1656 2052 καὶ
1688 2023 1732 2051 ἀπὶ
1746 2034 1780 2051 τα
1795 2025 1853 2051 ἀνω

1026 2068 1096 2098 ἔστιν
1125 2072 1143 2105 ἡ
1172 2072 1221 2097 τοῦ
1249 2070 1333 2108 πυρὸς
1362 2070 1441 2109 φορὰ,
1472 2069 1535 2097 ἀλλ’
1559 2068 1605 2096 οὖν
1622 2067 1783 2107 βιαζόμενον
1799 2068 1853 2096 ὑπὸ

1026 2119 1076 2150 τῆς
1106 2114 1160 2142 ἅνω
1190 2115 1293 2152 ψύξεως
1321 2115 1366 2142 καὶ
1394 2118 1443 2149 τῆς
1471 2113 1526 2142 τῶν
1550 2117 1636 2153 νεφῶν
1672 2114 1852 2148 πυκνότητος,

1028 2159 1207 2187 ἐκτινάσσιται
1237 2159 1281 2187 ἐπὶ
1309 2160 1342 2187 τὰ
1370 2158 1487 2186 κάτωθεν
1505 2168 1511 2174 ·
1549 2158 1594 2185 καὶ
1626 2157 1649 2185 εἰ
1680 2158 1727 2194 μὶν
1756 2156 1853 2194 ὀλίγον

1028 2204 1083 2231 έστὶ
1110 2204 1155 2231 καὶ
1183 2202 1266 2238 ἤπιον
1297 2204 1348 2241 [τὸ]
1364 2203 1474 2239 θερμὸν,
1489 2205 1564 2230 ποιεῖ
1586 2202 1671 2239 μόνην
1687 2202 1736 2236 τὴν
1754 2202 1853 2238 ἀστρα-

150 2247 284 2274 videmus
314 2246 422 2282 fulgur,
453 2246 560 2274 deinde
588 2255 655 2274 vero
682 2248 792 2275 tonitru
823 2249 971 2277 audimus.

1064 2261 1080 2283 ιν
1105 2250 1175 2286 ὀμοῦ
1199 2248 1243 2276 καὶ
1270 2249 1396 2286 βροντήν·
1421 2248 1444 2275 εἰ
1464 2246 1492 2275 δὲ
1520 2246 1593 2275 πολὺ
1613 2247 1658 2274 καὶ
1672 2246 1854 2284 θερμότατον,

149 2292 222 2320 Visu
233 2294 331 2320 autem
343 2291 477 2319 auditum
490 2293 619 2327 praestari
635 2292 680 2319 vel
691 2301 725 2319 ex
748 2301 780 2320 eo
796 2296 874 2328 patet
895 2295 972 2328 quod

151 2337 180 2365 in
197 2336 388 2372 remigatione
403 2345 499 2364 remos
522 2345 628 2372 aquam
656 2337 807 2372 pulsantes
831 2338 974 2373 videmus,

151 2385 180 2410 et
195 2385 297 2418 postea.
320 2382 450 2410 sonitum
474 2390 508 2409 ex
535 2382 699 2418 pulsatione
725 2383 866 2411 emissum
890 2385 973 2412 audi-

153 2434 231 2454 UIUB.

1028 2294 1132 2331 γίνεται
1164 2293 1302 2330 κεραυνός.
1343 2295 1504 2331 ΙΙροηγιῖται
1543 2291 1571 2320 δὲ
1597 2293 1615 2327 ἡ
1645 2291 1767 2329 ἀστραπὴ
1801 2295 1854 2325 τῆς

1031 2339 1158 2376 βροντῆς,
1183 2336 1239 2374 ἅμα
1260 2337 1344 2374 ταύτῃ
1367 2337 1513 2375 γενομένη,
1542 2335 1585 2364 διὰ
1607 2337 1736 2370 τοιαύτην
1751 2335 1853 2364 αἰτίαν.

1028 2385 1060 2411 Ἡ
1086 2381 1159 2420 ὄψις,
1176 2383 1272 2419 πρώτη
1297 2384 1350 2409 τῶν
1380 2382 1530 2416 αἰσθήσεων
1555 2380 1632 2416 οὖσα,
1651 2381 1778 2418 ἀχρόνως
1804 2381 1856 2418 ὁρᾷ

1029 2427 1059 2454 τὸ
1087 2427 1194 2464 ὁρατὸν,
1223 2429 1240 2462 ἡ
1271 2426 1300 2454 ὂὶ
1327 2427 1394 2460 ἀλιοή
1425 2425 1470 2453 διὰ
1497 2426 1598 2464 χρόνου
1625 2425 1777 2453 αΐσθάνεται
1803 2424 1856 2452 τοῦ

150 2469 293 2496 ἀκοῠστοῦ·
310 2468 355 2496 καὶ
371 2467 416 2496 διὰ
430 2469 510 2496 τοῦτο
523 2471 631 2504 πρῶτον
646 2470 753 2507 ὁρῶμεν
769 2471 799 2498 τὸ
814 2474 864 2505 τῆς
878 2470 1017 2508 ἀστραπῆς
1033 2474 1100 2510 φῶς,
1118 2472 1174 2499 εἶτα
1188 2470 1323 2507 ἀκούομεν
1339 2474 1389 2506 τῆς
1405 2471 1531 2508 βροντῆς.
1555 2471 1615 2499 Ὅτι
1642 2469 1671 2498 δὲ
1692 2472 1858 2507 προηγεῖται

150 2514 166 2548 ἡ
181 2511 244 2550 ὄψις
257 2516 306 2547 τῆς
320 2513 418 2548 ἀκοῆσ,
433 2512 517 2548 δῆλον
534 2514 578 2540 καὶ
594 2513 624 2542 ἐκ
637 2517 685 2542 τοῦ
702 2515 764 2553 ὁρᾷν
783 2517 857 2552 ἡμᾶς
872 2516 896 2543 έν
912 2519 972 2548 ταῖς
988 2515 1178 2552 κωπηλασίαις
1193 2517 1240 2547 τὰς
1256 2517 1350 2548 κώπας
1374 2516 1405 2543 τὸ
1430 2515 1502 2552 ὕδωρ
1527 2514 1690 2549 τυπτούσας,
1710 2514 1755 2542 καὶ
1787 2514 1858 2551 μετὰ

148 2560 228 2585 τοῦτο
243 2557 376 2594 ἀκούομεν
392 2559 440 2585 τυῦ
456 2556 558 2585 δούπου
574 2561 622 2586 τοῦ
638 2559 667 2586 ἐκ
682 2559 781 2589 αὐτῶν.

398 2615 427 2641 5.
441 2616 481 2642 De
495 2618 579 2643 terra:
592 2616 724 2643 motibus.

186 2666 227 2694 Ne
239 2665 335 2694 simus
347 2675 439 2694 causa
451 2675 517 2703 quas
532 2670 614 2696 terra:
632 2671 730 2696 motus
750 2668 850 2704 efﬁcit,
867 2668 973 2704 ignari,

151 2710 303 2738 sciendum
321 2713 365 2738 est
380 2719 414 2738 ex
435 2714 512 2739 terra
533 2712 672 2741 calefacta
691 2713 784 2741 emitti
810 2721 931 2749 vapores
946 2715 975 2740 et

153 2755 360 2783 exbalationes.
382 2756 479 2792 Vapor
498 2759 595 2785 autem
617 2760 661 2785 est
684 2758 823 2786 humidus
844 2758 974 2785 medius-

153 2808 210 2837 que
225 2800 302 2829 inter
316 2808 423 2837 aquam
439 2803 469 2830 et
481 2803 602 2838 terram,
622 2802 767 2830 exhalatio
780 2810 847 2830 vero
862 2806 905 2830 est
929 2810 974 2830 ca-

1313 2618 1342 2644 c'.
1358 2614 1423 2652 Περὶ
1439 2616 1569 2651 σεισμῶν.

1064 2669 1122 2697 Ἵνα
1152 2666 1180 2695 δὲ
1210 2668 1248 2704 μὴ
1265 2668 1383 2704 ἀμύητοι
1399 2669 1472 2705 ὦμεν
1489 2671 1538 2703 τῆς
1551 2669 1605 2695 τῶν
1622 2668 1740 2703 σεισμῶν
1755 2666 1858 2702 αἰτίας,

1030 2712 1128 2747 ica-160v,
1155 2711 1196 2740 ὅτι
1221 2712 1250 2739 ἐκ
1272 2716 1322 2746 τῆς
1349 2714 1400 2750 γῆς
1423 2713 1641 2750 θερμαινομίνης
1667 2711 1858 2748 ἀναπέμπεται

1029 2757 1113 2794 ἀτμὸς
1143 2757 1188 2784 καὶ
1216 2757 1403 2794 ἀναθυμίασις.
1435 2758 1512 2786 ’Ἐστι
1529 2756 1557 2784 δὶ
1572 2757 1586 2784 ὁ
1612 2756 1659 2793 μὶν
1673 2756 1758 2793 ἀτμὸς
1774 2756 1858 2795 ὑγρὸς

1027 2802 1072 2829 καὶ
1113 2801 1194 2838 μέσος
1230 2799 1326 2832 ὕδατος
1364 2800 1408 2829 καὶ
1435 2801 1534 2840 ἀέρος·
1570 2802 1588 2837 ἡ
1618 2799 1647 2829 δὶ
1674 2801 1858 2837 ἀναθυμίασις
