1948 3056
77 114 146 144 ’193

711 109 954 142 SOLUTIONES
976 111 1167 147 ΟΠιΕΒΑΜ.

1743 114 1799 144 794

77 178 188 217 θερμὴ,
205 178 250 206 καὶ
265 178 343 216 ξηρὰ,
373 176 418 204 καὶ
444 177 614 213 ὀξυκίνητος,
642 175 667 213 ἐξ
691 176 725 212 ἧς
749 174 783 211 δὴ
807 176 850 203 καὶ
867 185 910 203 κι-

1002 177 1030 205 la
1045 179 1073 205 et
1088 178 1166 206 sicca
1196 180 1225 206 et
1248 179 1330 208 valde
1356 179 1483 214 mobilis,
1509 188 1569 216 qua
1591 183 1724 209 movetur
1751 190 1802 210 aer

79 226 174 251 νεῖται
191 224 205 251 6
231 223 283 261 ἀὴρ
308 222 352 250 καὶ
375 220 572 250 ἀποτελοῦνται
598 221 624 249 ol.
648 220 754 258 ἄνεμοι.
780 221 845 249 "Ou
870 219 916 248 οὖν

80 267 156 304 αὕτη
174 269 191 303 ἡ
218 268 397 304 ἀναθυμίασις
422 268 456 303 τῇ
538 264 735 303 ἆναποκλεισθῇ
772 265 817 292 καὶ
847 265 917 292 ἂνω-

78 313 171 351 φερής
211 311 276 339 οὖσα
316 312 384 348 ζητῇ
425 309 523 338 ὡσανεὶ
560 309 650 338 δίοδον
681 309 810 345 ἐξελθεῖν,
848 312 918 337 κινεῖ

77 361 173 385 πᾶσαν
203 359 253 391 τὴν
281 356 484 394 παρακειμένην
523 359 587 393 γῆν,
626 353 748 382 κελεύσει
786 354 844 390 Θείᾳ
872 355 917 382 καὶ

77 401 242 438 οἶκονομίᾳ.
277 399 380 436 Μηδεὶς
409 399 437 428 δὲ
475 399 628 436 ξινιζέσθω,
665 402 723 431 πῶς
761 401 777 434 ἡ
803 399 915 435 τοιαύτη

78 446 276 483 ἀναθυμίασις,
308 444 396 479 λεπτή
427 444 503 479 οὖσα,
531 445 582 478 τήν
610 445 660 482 γὴν
690 446 769 478 κινεῖ,
790 454 916 481 παχυμε-

78 491 210 529 ρεστὲραν
226 490 306 518 οὖσαν
323 500 329 507 ·
353 489 413 517 ’ἰδοῦ
438 490 490 528 γὰρ
521 490 547 516 οἱ
576 488 688 528 σφοδροὶ
720 487 827 525 ἄνεμοι,
857 488 915 515 κοιί-

76 546 159 575 τοιγε
185 533 241 563 ἅνω
268 535 317 570 τήν
349 533 440 562 δίοδον
468 531 589 572 ἔχοντες,
616 532 710 572 δένδρα
735 543 765 560 τε
780 532 915 570 ἐκριζοῦσι

78 581 128 608 xxi
173 579 262 611 οἲκίας
298 578 434 610 πολλάκις
477 575 692 606 καταϐάλλουσι.
733 576 859 605 Μάλιστα
887 575 916 604 δὲ

78 625 157 654 ἔοικε
184 625 215 653 τὸ
230 627 353 653 τοιοῦτον
371 625 456 656 πάθος
480 627 530 658 τῆς
549 626 602 660 γῆς
616 625 656 658 τῷ
671 624 807 659 σπασμῷ’
825 621 915 659 ὥσπερ

79 671 136 709 γῖιρ
153 669 198 698 διὰ
212 670 311 698 τούτου
326 672 438 697 κινεῖται
465 669 496 696 τὸ
522 670 611 704 σῶμα,
642 666 713 695 οὕτω
738 667 794 701 καὶ,
823 666 914 704 βιαζο-

81 715 173 752 μένης
197 713 314 750 ἰξελθιῖν
339 717 388 748 τῆς
422 713 639 749 ἀναθυμιάσεως,
664 713 681 746 ἡ
707 715 755 749 γῆ.
778 710 914 747 Νηνεμίας

80 759 112 787 δὲ
140 758 224 794 οὔσης
254 759 279 786 οἱ
309 758 434 786 πλεῖστοι
469 757 514 785 καὶ
552 757 675 795 μέγιστοι
710 756 831 794 γίνονται
860 757 914 783 τῶν

84 806 221 840 σεισμῶν,
249 802 293 831 καὶ
325 802 392 839 μετᾶ
411 802 475 834 τοὺς
503 801 631 838 σεισμοὺς
658 801 695 832 ὡς
721 800 764 828 ἐπὶ
792 800 822 827 τὸ
842 799 914 828 πολὺ

79 848 159 876 πνέει
189 847 287 885 ἄνεμος
317 846 443 887 σφοδρὸς,
469 845 703 885 διαῤῥηγνυμὲνης
725 849 776 880 τῆς
795 849 846 882 γῆς
863 846 914 872 ὑπὸ

83 897 137 928 τῆς
155 893 247 931 βιαίας
275 892 323 920 τοῦ
348 891 501 928 πνιύματος
524 892 657 926 κινήσεως
673 901 679 905 ·
695 890 739 917 καὶ
756 890 851 920 νυκτὸς
879 889 916 921 ὡς

83 938 130 965 ἐπὶ
161 938 193 965 τὸ
221 937 350 965 πλεῖστον
380 936 494 974 γίνεται,
521 935 538 970 ἤ
563 936 680 973 ἡμέρας,
711 933 755 962 διὰ
774 934 806 962 τὸ
830 934 856 962 ἐν
880 936 915 971 τῇ

81 983 160 1010 νυκτὶ
187 982 319 1020 ψύχεσθαι
344 981 389 1009 καὶ
414 980 578 1008 πυκνοῦσϐαί
603 980 652 1014 τήν
681 983 731 1014 τῆς
755 983 806 1017 γῆς
823 978 916 1018 ἐπιφά-

82 1038 169 1061 νειαν,
195 1026 240 1054 καὶ
269 1026 404 1058 κλείεσθαι
435 1024 510 1053 ἔνδον
538 1025 588 1060 τὴν
619 1024 806 1061 ἀναθυμίασιν.
842 1027 915 1060 Προο

83 1075 219 1110 ηγοῦνται
243 1070 271 1099 δὲ
299 1074 352 1099 τῶν
380 1073 497 1108 σεισμῶν
521 1068 645 1108 ῥαγδαῖοι
673 1069 757 1104 ὑετοὶ,
783 1068 826 1096 καὶ
849 1068 916 1105 μετᾶ

81 1119 166 1145 τοῦτο
191 1115 308 1154 αὐχμοί.
335 1115 393 1143 Εἲσὶ
423 1114 451 1143 Si
479 1114 586 1152 μερικοὶ
616 1113 660 1142 καὶ
692 1114 742 1141 οὐκ
765 1113 809 1141 ἐπὶ
826 1113 914 1149 πάσης

85 1163 137 1196 τῆς
160 1164 222 1199 γῆς.
250 1161 340 1196 Ἀπαξ
365 1160 415 1199 γὰρ
442 1162 514 1187 πᾶσα
543 1160 560 1194 ἠ
588 1162 624 1196 γῆ
650 1159 762 1194 ἐκινήθη
793 1157 837 1185 ἐπὶ
866 1159 915 1185 τοῦ

87 1205 227 1243 σωτηρίου
253 1203 356 1238 πάθους
393 1207 441 1232 τοῦ
477 1203 577 1241 Κυρίου
618 1204 710 1240 ἡμῶν,
750 1203 831 1230 αὐτοῦ
866 1204 915 1230 τοῦ

83 1252 198 1289 κέντρου
223 1251 371 1281 σιισῢὲντος
395 1253 444 1285 τῆς
470 1251 532 1288 γῆς.
556 1249 611 1276 Οὖκ
630 1250 656 1276 ἐν
684 1248 757 1286 πάσῃ
784 1247 813 1275 δὲ
835 1248 915 1286 χώρᾳ

83 1295 205 1333 γίνονται
222 1296 342 1332 σεισμοὶ,
359 1294 422 1322 ἀλλ’
436 1294 461 1322 ἐν
484 1294 526 1325 αἷς
551 1294 644 1332 σομφὴ
668 1293 713 1320 καὶ
734 1291 914 1331 σηραγγώδης

82 1341 157 1368 ἑστῖν
188 1341 205 1375 ἡ
237 1343 272 1378 γῆ
291 1349 297 1355 “
315 1340 357 1366 καὶ
391 1339 416 1367 ἐν
444 1339 496 1366 τινὶ
530 1339 577 1375 μὶν
592 1339 724 1375 συνεχῶς,
751 1336 777 1364 ἂν
793 1338 844 1364 τινὶ
863 1336 914 1374 [δι]

85 1383 205 1415 σπανίως
223 1394 229 1400 “
259 1384 303 1411 καὶ
319 1381 398 1420 ἓαρος
422 1383 466 1411 καὶ
493 1381 667 1422 φθινοπώρου
685 1380 803 1418 μᾶλλον,
819 1381 837 1416 ἥ
853 1391 914 1419 χει-

87 1431 181 1466 μῶνος
197 1428 241 1456 καῖ
257 1429 363 1467 Θέρους.
387 1427 464 1456 Ἀλλ’
488 1427 510 1455 εί
533 1427 577 1455 καὶ
603 1427 679 1466 φύσει
701 1426 754 1453 τινὶ
769 1426 912 1464 ἐνεργεῖται

83 1476 179 1507 ταῦτα,
209 1472 281 1500 ἀλλὰ
310 1474 376 1501 Θιοῦ
413 1472 499 1500 νεύσει
537 1472 581 1499 καὶ
616 1471 781 1509 προμηθείᾳ.
811 1472 912 1508 Ὥσπερ

82 1519 135 1557 γὶρ
160 1516 222 1545 οὔτε
248 1517 334 1550 ὑετὸς,
364 1515 425 1545 οὕτε
451 1517 533 1555 χιὼν,
558 1515 620 1544 οὔτε
642 1515 823 1555 κρύσταλλος,
851 1515 912 1543 οὔτε

973 223 1002 249 et
1017 222 1211 257 perﬁciuntur
1226 223 1312 252 venti.
1338 224 1460 256 Quando
1486 224 1578 260 igitur
1603 224 1801 254 exhalationes

971 265 1028 293 illae
1054 269 1129 294 terra
1153 267 1382 302 concluduntur,
1410 271 1439 297 et
1461 277 1581 297 sursum
1607 269 1674 297 latze
1689 270 1799 298 exitum

972 313 1118 346 quierunt,
1133 314 1240 339 terram
1258 321 1375 340 omnem
1391 313 1649 349 circumjecentem
1671 323 1801 343 commo-

971 358 1049 388 vent,
1068 358 1122 383 Deo
1145 356 1440 386 sic'administrante
1463 361 1492 386 et
1516 359 1685 387 mandante.
1709 359 1800 388 Nemo

973 402 1072 428 autem
1099 401 1223 429 miretur
1247 403 1325 437 quod
1342 402 1397 430 illa:
1414 403 1624 436 exbalationes,
1640 412 1706 432 cum
1722 404 1800 432 leves

972 444 1042 476 sint,
1068 447 1173 473 terram
1196 446 1361 474 densiorem
1388 450 1533 475 moveant.
1559 448 1660 476 Nonne
1675 449 1754 476 enim
1771 451 1801 478 et

971 489 1159 517 vehementes
1170 491 1259 523 venti,
1276 491 1329 519 etsi
1341 492 1417 519 viam
1431 500 1522 528 supra
1537 495 1644 520 terram
1661 493 1800 528 habeant,

972 533 1091 561 arbores
1119 535 1285 570 eradicent,
1315 536 1477 572 domosque
1507 537 1615 573 sapius
1644 538 1798 573 dejiciunt.

972 577 1053 609 Quod
1080 580 1178 606 autem
1200 581 1277 607 terra
1293 582 1364 608 tunc
1380 580 1490 617 patitur
1505 581 1690 610 convulsioni
1703 582 1800 610 simile

971 625 1027 650 est.
1055 623 1308 656 Quemadmodum
1338 625 1416 652 enim
1444 626 1633 654 convulsione
1667 629 1800 655 movetur

970 675 1087 703 corpus,
1105 668 1183 695 itaet
1197 670 1275 696 terra
1300 670 1420 705 quando
1444 670 1522 698 exire
1548 670 1693 698 exhalatio
1718 672 1798 707 cogi-

971 714 1029 740 tur.
1056 712 1173 740 Maximi
1203 716 1300 741 autem
1327 716 1409 741 terra
1435 717 1534 742 motus
1558 716 1634 742 ﬁunt
1657 723 1725 743 cum
1749 724 1800 744 aer

971 757 1151 792 tranquillus
1162 760 1216 792 est,
1234 761 1261 786 et
1273 761 1339 794 post
1350 761 1433 786 terra:
1447 761 1544 787 motus
1560 759 1734 795 plerumque
1750 761 1801 789 ﬁat

971 805 1075 829 ventus
1090 801 1255 836 vehemens,
1274 806 1351 830 terra
1374 803 1500 831 violenta
1524 804 1645 839 spiritus
1666 813 1798 833 commo-

971 845 1051 873 tione
1065 846 1208 874 diﬂ‘racta.
1225 846 1261 874 Et
1276 849 1359 874 nocte
1375 848 1450 875 ﬁunt
1469 848 1600 876 crebrius
1625 857 1714 884 quam
1739 849 1796 883 die,

971 889 1039 925 quia
1051 894 1135 918 nocte
1146 893 1230 923 terrae
1241 891 1412 927 superﬁcies
1425 892 1518 928 magis
1535 893 1666 929 frigescit
1680 896 1708 921 et
1723 894 1797 921 den-

970 937 1062 969 satur,
1079 935 1337 972 exhalationesque
1354 936 1434 964 intus
1450 937 1678 965 concluduntur.
1701 938 1796 966 Terrae

971 982 1069 1007 autem
1105 983 1201 1008 motus
1234 981 1408 1017 impetuosaa
1437 982 1542 1017 pluviae
1571 982 1740 1018 precedunt
1770 986 1798 1011 et

971 1024 1074 1052 deinde
1090 1033 1124 1052 ex
1139 1024 1232 1052 calore
1248 1026 1378 1053 siccitas.
1404 1026 1479 1054 Sunt
1501 1035 1567 1054 vero
1592 1027 1796 1062 particulares,

971 1069 1063 1105 (terrae
1081 1071 1192 1104 motus)
1208 1078 1303 1106 neque
1319 1079 1370 1107 per
1390 1070 1555 1099 universam
1580 1073 1687 1099 terram
1710 1071 1796 1100 ﬁunt.

969 1113 1064 1142 Semel
1089 1114 1167 1142 enim
1193 1115 1331 1143 universa
1364 1117 1440 1143 terra
1465 1117 1545 1143 mota
1567 1118 1621 1151 est,
1646 1115 1796 1144 Passionis

969 1158 1128 1187 Salvatoris
1142 1159 1258 1187 Domini
1274 1160 1367 1187 nostri
1383 1162 1524 1196 tempore,
1542 1161 1605 1196 ipso
1628 1163 1710 1189 terra
1731 1169 1797 1190 con-

969 1205 1014 1231 tro
1030 1203 1148 1238 agitato.
1164 1204 1264 1240 Neque
1280 1205 1354 1232 ﬁunt
1376 1204 1405 1232 in
1429 1205 1508 1232 omni
1535 1205 1663 1241 regione,
1690 1206 1739 1233 sed
1765 1205 1795 1233 in

969 1247 1016 1275 his
1032 1248 1216 1276 solummodo
1232 1249 1262 1276 in
1279 1249 1387 1284 quibus
1412 1251 1489 1277 terra
1512 1251 1556 1277 est
1582 1249 1742 1286 spongiosa
1768 1252 1796 1278 et

969 1292 1096 1327 rimosa;
1113 1293 1182 1320 etin
1199 1293 1376 1328 quibusdam
1394 1293 1545 1328 continuo,
1572 1294 1601 1321 in
1627 1294 1692 1321 aliis
1718 1302 1795 1329 raro,

968 1339 997 1364 et
1007 1345 1072 1365 vere
1083 1339 1170 1374 atque
1181 1340 1323 1366 autumno
1333 1339 1431 1374 potius
1441 1347 1528 1374 quam
1541 1338 1676 1366 hiemeac
1684 1340 1795 1367 aestate.

968 1382 1028 1410 Etsi
1040 1383 1167 1418 quadam
1180 1385 1290 1410 natura:
1301 1382 1364 1419 lege
1376 1383 1435 1410 haec
1447 1382 1621 1416 efﬁciantur,
1639 1383 1688 1411 sed
1705 1383 1794 1411 etiam

968 1426 1018 1454 Dei
1034 1427 1184 1454 voluntate
1199 1429 1228 1455 et
1243 1428 1437 1463 providentia.
1448 1428 1702 1460 Quemadmodum
1716 1428 1795 1456 enim

968 1480 1062 1507 neque
1089 1471 1187 1508 pluvia
1215 1480 1310 1508 neque
1340 1472 1398 1506 nix,
1429 1480 1523 1509 neque
1552 1472 1671 1508 glacies,
1701 1481 1798 1509 neque

968 1517 1077 1544 fulmen
1091 1517 1202 1553 absque
1215 1517 1343 1546 nubibus
1359 1517 1508 1551 decidunt,
1526 1518 1577 1545 sed
1595 1517 1795 1546 mediantibus

84 1555 216 1600 κεραυνὸς
244 1561 416 1600 κατέρχεται,
449 1562 486 1598 μὴ
522 1558 598 1593 ὄντος
629 1562 736 1599 νέφους,
768 1560 839 1588 ἀλλὰ
870 1560 910 1588 διὰ

1007 1562 1030 1590 is
1060 1561 1190 1589 divinum
1222 1561 1380 1589 consilium
1410 1562 1571 1598 perﬁcitur,
1597 1564 1629 1589 ut
1653 1562 1688 1589 ab
1710 1562 1794 1589 initio

85 1607 169 1644 μέσου
183 1606 281 1635 τούτου
303 1607 333 1634 τὸ
348 1606 374 1634 ἐν
401 1605 509 1637 τούτοις
533 1607 604 1634 θεῖον
635 1606 798 1644 πρόσταγμα
824 1605 911 1633 τελεῖ-

84 1662 140 1687 ται,
157 1652 194 1684 ὡς
209 1652 331 1690 ἀρχῆθεν
349 1652 362 1679 6
373 1652 548 1689 Δημιουργὸς
568 1650 728 1687 εὐδόκησεν,
745 1649 831 1681 οὕτως
850 1648 913 1677 οὐδὲ

84 1697 98 1724 6
116 1697 227 1733 σεισμὸς
239 1697 302 1724 ἄνευ
317 1696 405 1728 αἰτίας
429 1699 544 1735 φυσικῆς
568 1695 614 1723 καὶ
642 1695 715 1728 θείας
744 1695 911 1733 βουλήσεως.

289 1759 321 1790 ς’.
339 1759 405 1795 Περὶ
420 1761 549 1795 κομητῶν
571 1758 701 1797 ἀστέρων.

121 1817 153 1844 Οἱ
169 1815 197 1843 δὲ
222 1819 342 1852 κομῆται
364 1815 494 1852 γίνονται,
524 1816 730 1852 ἀναθυμιάσεως
755 1816 837 1852 ὑγρᾶς
849 1815 911 1843 ἀνα-

85 1860 200 1898 χθείσης
228 1859 267 1890 ait;
299 1860 331 1887 τὸ
360 1859 529 1896 ὑπέκκαυμα,
563 1860 670 1888 κάκεῖσε
699 1859 912 1898 πιριπλακείσης

90 1904 165 1942 μέρει
189 1904 243 1931 τινὶ
265 1906 312 1931 τοῦ
338 1903 423 1931 ὶκιῖσε
447 1904 542 1941 πυρὸς,
558 1905 601 1932 καὶ
630 1904 712 1932 οἱονεὶ
739 1908 842 1943 τροφῆς
868 1905 912 1931 καὶ

92 1948 162 1983 ὕλης
177 1948 267 1985 τούτῳ
291 1947 513 1986 χρηματισάσης.
537 1949 641 1976 Γίνεται
666 1947 695 1976 δὲ
717 1951 797 1976 τοῦτο
822 1949 853 1976 τὸ
864 1949 913 1976 τοῦ

86 1994 212 2030 κομήτου
228 1994 324 2030 σχῆμα
337 1995 473 2027 τοιοῦτον,
500 1994 556 2020 οἶον
580 1993 651 2031 τύχῃ
674 1994 706 2021 τὸ
720 1993 912 2029 ἀναθυμιώμε-

85 2048 131 2066 νον
145 2038 391 2075 ὲσχηματισμὶνον.
421 2037 482 2066 Εἰσὶ
507 2037 536 2065 δὲ
563 2037 660 2076 σχεδὸν
685 2038 711 2065 οἱ
733 2036 844 2068 πλείους
860 2047 910 2076 φα-

87 2083 173 2114 νέντες
187 2082 266 2119 τέρας
279 2083 410 2120 πονηρόν,

382 2145 413 2180 ζ’.
427 2144 491 2182 Περὶ
507 2144 627 2181 ἀνέμων.

123 2202 227 2238 Διπλῆς
243 2201 337 2238 οὔσης,
364 2203 401 2234 ὡς
429 2202 539 2242 ἔφαμεν,
562 2206 611 2237 τῆς
635 2201 910 2244 ἆναθυμιάσεῳς,κοιὶ

968 1606 1096 1634 Creatori
1121 1606 1220 1634 visum
1245 1609 1300 1641 est,
1328 1607 1370 1635 ita
1394 1615 1488 1642 neque
1513 1606 1617 1634 accidit
1633 1608 1715 1634 terrae
1732 1615 1794 1635 mo-

967 1653 1016 1680 tus
1030 1651 1093 1679 sine
1108 1659 1197 1679 causa
1212 1651 1334 1688 physica
1349 1653 1377 1680 et
1393 1651 1491 1680 divina
1506 1651 1667 1680 voluntate.

1269 1759 1296 1786 6.
1313 1759 1349 1786 De
1365 1759 1487 1786 cometis.

1002 1818 1125 1844 Cometes
1141 1817 1215 1845 ﬁunt
1229 1824 1263 1844 ex
1278 1816 1435 1852 vaporibus
1450 1817 1480 1843 in
1497 1816 1686 1852 fuliginosam
1699 1818 1794 1844 mate-

967 1862 1041 1889 riam
1059 1862 1200 1894 mutatis;
1228 1861 1278 1897 qui
1304 1861 1393 1895 hujus
1418 1861 1548 1888 materim
1574 1861 1650 1896 parti
1676 1861 1794 1888 cuidam

967 1905 1108 1941 implicati
1124 1905 1219 1933 eidem
1236 1905 1409 1932 alimentum
1427 1907 1455 1932 et
1471 1905 1623 1932 materiam
1653 1904 1793 1940 prabent.

967 1951 1015 1978 Est
1030 1952 1127 1977 autem
1145 1951 1265 1977 cometae
1278 1950 1371 1977 forma
1387 1957 1438 1984 pro
1453 1957 1595 1984 vaporum
1619 1949 1792 1984 quantitate.

966 1997 1042 2024 Sunt
1070 1997 1166 2022 autem
1197 1994 1340 2030 plerique,
1366 2001 1433 2021 cum
1464 1996 1617 2029 apparent,
1643 1993 1791 2021 funestum

966 2039 1145 2076 prodigium.

1278 2145 1305 2173 7.
1321 2145 1360 2173 De
1373 2146 1473 2173 ventis.

1002 2204 1113 2240 Duplex
1128 2205 1182 2235 est.
1200 2205 1231 2231 ut
1247 2203 1386 2238 diximus,
1403 2202 1656 2237 exhalatio,altera
1672 2202 1790 2238 quidem

91 2251 145 2283 τῆς
163 2248 211 2285 μὲν
230 2248 322 2286 ὑγρᾶς,
337 2251 387 2282 τῆς
409 2240 551 2286 ’ὀὶ-ξηρᾶς,
577 2247 606 2275 ἐκ
630 2248 676 2284 μὲν
701 2251 750 2282 τῆς
775 2240 855 2285 ὑγρᾶς
871 2247 910 2285 γί-

1002 2250 1101 2283 lmida,
1113 2249 1205 2276 altera
1216 2250 1314 2276 autem
1326 2249 1412 2275 sicca.
1427 2249 1466 2275 Ex
1477 2248 1600 2274 humida
1613 2247 1688 2274 ﬁunt
1699 2246 1793 2274 imber

87 2303 175 2321 νονται
190 2293 222 2320 τὰ
237 2293 303 2332 νέφη
321 2293 365 2319 καὶ
380 2293 410 2319 τὸ
438 2291 522 2329 ὕδωρ,
545 2293 574 2320 ἐκ
599 2291 627 2320 δὶ
653 2296 702 2327 τῆς
720 2292 800 2329 ξηρὰς
817 2293 842 2319 οἱ
858 2290 912 2320 ἅνε-

89 2348 145 2374 μοι.
160 2336 219 2365 Εἰσὶ
235 2335 264 2364 δὲ
278 2337 323 2364 τὸν
351 2336 466 2374 ἀριθμὸν
494 2337 538 2375 ιβ’.
556 2337 602 2365 Ἐκ
625 2337 671 2373 μὲν
688 2337 739 2374 γὰρ
750 2339 799 2371 τῆς
814 2337 910 2373 ἱσημε-

89 2383 164 2418 ρινῆς
193 2380 329 2416 ἀνατολῆς
352 2384 412 2409 πνεῖ
451 2382 465 2408 6
499 2380 681 2420 ἀφηλιώτης·
710 2381 856 2417 ἰξεναντῖοις
883 2380 912 2408 δὲ

87 2426 182 2455 τούτου
198 2425 268 2454 ἰστὶν
281 2427 295 2454 ὁ
319 2426 436 2465 Ζέφυρος
462 2426 487 2454 ἐν
514 2428 547 2463 τῇ
571 2425 644 2453 δύσει
662 2435 668 2441 “
696 2426 747 2453 ἀπὸ
764 2424 792 2453 δὶ
803 2429 852 2461 τῆς
869 2431 910 2458 θε-

91 2475 166 2509 ρινῆς
182 2470 315 2506 ἀνατολῆς
332 2471 345 2498 6
360 2470 645 2506 Καικίας·ἰξιναντίας
662 2469 690 2498 δὲ
704 2471 802 2498 τούτου
819 2470 910 2498 ἐστὶνὸ

94 2516 179 2552 Ἰάτιυξ
197 2526 202 2532 ·
219 2516 271 2543 ἀπὸ
285 2514 313 2543 δὲ
327 2518 377 2550 τῆς
397 2519 571 2553 χιιμιρινῆς,
586 2516 599 2543 6
612 2514 699 2552 Εὖρος
713 2515 744 2542 οὗ
765 2515 882 2547 ἐναντίος
897 2515 910 2543 ὁ

91 2561 155 2599 Ᾱίψ·
169 2561 222 2589 ἀπὸ
232 2559 260 2588 δὲ
273 2571 340 2597 μεση
347 2557 444 2598 μϐρίας
455 2561 469 2588 ὁ
485 2560 572 2591 Νότος
584 2570 589 2576 ·
600 2559 688 2587 ἀπὸδὲ
700 2559 787 2598 Βορῥᾶ
800 2560 813 2587 ὀ
824 2560 910 2597 ἀπαρ-

88 2606 145 2637 κίας
163 2615 168 2621 ·
188 2605 268 2642 μέσος
283 2604 312 2633 δι
320 2604 369 2633 τοῦ
386 2604 474 2633 Νότου
483 2605 528 2632 καὶ
541 2606 588 2632 τοῦ
600 2603 688 2642 Εῧρου
705 2604 774 2632 ἰστὶν
791 2604 893 2642 Εὖρόνο
903 2620 910 2625 -

89 2661 133 2682 τος
144 2660 150 2666 “
166 2650 209 2678 καὶ
228 2649 308 2687 μέσος
324 2649 438 2679 Καικίου
454 2650 499 2677 καὶ
525 2649 674 2687 ἀπαρκτίου
695 2649 708 2676 ὁ
722 2649 827 2688 Βορῥᾶς
842 2659 848 2665 ’
864 2648 908 2676 καὶ

93 2695 169 2732 μέσος
183 2694 270 2722 Νότου
285 2694 329 2722 καὶ
346 2691 428 2725 Λιΰὸς
450 2695 463 2722 6
480 2691 627 2725 Λιϐόνοτος
644 2704 650 2710 ·
666 2694 710 2722 καὶ
729 2693 809 2731 μίσος
825 2693 910 2732 ἀπαρ-

91 2739 162 2767 κτίου
177 2740 223 2767 καὶ
240 2739 364 2778 Ἰάπυγος
380 2740 393 2766 6
409 2738 554 2777 Θρασκίας.

967 2296 995 2322 et
1010 2302 1097 2329 aqua,
1114 2301 1129 2320 e
1143 2294 1222 2321 sicca
1237 2301 1303 2320 vero
1328 2292 1415 2319 venti.
1442 2292 1519 2319 Sunt
1544 2294 1640 2319 autem
1669 2299 1792 2318 numero

967 2339 1132 2367 duodecim.
1148 2340 1191 2365 Ex
1205 2336 1400 2372 aequinoctiali
1414 2337 1524 2364 oriente
1541 2335 1634 2371 spirat
1657 2334 1791 2362 subsola-

968 2392 1032 2411 nus.
1051 2383 1090 2410 Ex
1105 2383 1238 2418 opposito
1248 2384 1346 2410 autem
1363 2383 1408 2409 est
1423 2381 1568 2417 zephyros
1584 2380 1613 2407 in
1630 2379 1789 2408 occidente.

966 2430 1005 2455 Ex
1033 2427 1130 2455 reslivo
1158 2427 1268 2455 oriente
1301 2427 1396 2463 spirat
1429 2425 1552 2459 CIL-clas;
1580 2432 1615 2452 ex
1644 2424 1790 2452 contrario

966 2475 1064 2500 autem
1080 2472 1182 2508 Iapyx;
1200 2480 1235 2498 ex
1250 2471 1373 2500 hiberno
1399 2471 1511 2499 oriente
1535 2470 1640 2502 Eurus,
1665 2469 1712 2497 cui
1737 2477 1791 2505 op-

967 2518 1080 2553 positus
1101 2519 1146 2544 est
1169 2516 1294 2544 Africus.
1320 2517 1342 2543 A
1368 2515 1491 2544 meridie
1515 2515 1625 2548 Notus;
1642 2522 1659 2542 a
1673 2515 1791 2549 septen-

966 2562 1060 2590 trione
1074 2562 1179 2589 ventus
1203 2560 1449 2596 septentrionalis.
1474 2559 1586 2588 Medius
1601 2561 1700 2587 autem
1716 2558 1793 2586 inter

965 2606 1072 2634 Notum
1087 2607 1115 2634 et
1129 2607 1239 2633 Eurum
1254 2605 1490 2640 estEurouotus;
1507 2603 1623 2632 medius
1639 2611 1705 2631 vero
1716 2603 1792 2630 inter

965 2651 1086 2679 Cinciam
1108 2652 1136 2678 et
1150 2649 1410 2686 septentrionalem
1428 2652 1546 2678 ventum
1565 2650 1610 2677 est
1623 2649 1748 2681 Boreas;
1763 2650 1792 2675 et

966 2696 1081 2724 medius
1097 2695 1173 2723 inter
1183 2694 1291 2722 Notum
1307 2696 1336 2722 et
1357 2694 1490 2722 Africum
1515 2696 1559 2722 est
1583 2693 1789 2726 Africonotue;

965 2743 994 2769 et
1009 2741 1124 2769 medius
1139 2739 1217 2768 inter
1231 2741 1351 2768 ventum
1368 2738 1626 2776 septentrionalem
1640 2739 1668 2766 et
1683 2737 1789 2772 Iapyga

965 2787 1010 2815 est
1023 2785 1189 2814 Thrascias.
