1948 3056
102 111 161 143 801

727 111 971 142 SULUTIONES
996 111 1170 147 QU/EDAM
1178 134 1184 140 .

1752 113 1812 144 802

107 179 201 216 μάτων
233 178 384 216 ἐκόσμησεν
400 201 407 214 ,
435 178 469 206 τὲ
490 179 606 218 τέσσαρα
632 181 755 216 στοιχεῖα
776 178 820 205 καὶ
850 177 930 205 αὐτὸν

1022 180 1131 207 amenta
1145 181 1173 207 et
1187 178 1283 215 ipsum
1296 178 1401 206 caelum
1414 180 1441 206 et
1453 186 1650 215 quiscumque
1664 179 1693 206 in
1707 187 1740 207 eo
1751 188 1805 208 con

104 224 151 252 τὸν
189 223 317 262 οὐρανὸν,
354 223 399 251 καὶ
427 224 461 251 τὰ
488 223 513 251 ἐν
544 224 618 260 αὐτῷ
646 223 739 251 πάντα·
762 222 929 261 τελειότερον

104 268 155 306 γὰρ
177 269 209 296 τὸ
223 270 346 296 τοιοῦτον
365 272 462 306 σ’χῆμα
476 271 529 296 τῶν
547 268 650 296 λοιπῶν
668 269 827 306 σχημάτων·
845 268 932 295 πάντα

105 313 159 352 γὰρ
182 314 216 340 τὰ
236 312 393 352 πολυγώνια
416 314 548 351 σχήματα
577 312 754 350 διαιρούμενα
785 310 877 350 ἕτερόν
904 322 930 340 τι

105 356 236 385 ἀποτελεῖ
257 361 365 396 σχῆμα,
388 358 402 385 ὁ
429 356 458 385 δὲ
482 358 583 389 κύκλος
607 356 794 396 διαιρούμενος
807 357 861 394 οὐχ
872 355 931 384 ξτε-

104 401 151 439 ρόν
173 412 199 429 τι
229 401 374 429 ἀποτελεῖ·
413 401 469 438 ἅμα
508 400 536 429 δὲ
564 401 609 429 καὶ
635 401 820 431 ἀπλούστατός
850 400 931 435 ἐστιν,

104 446 142 478 ὡς
170 446 221 473 ὑπὸ
243 448 306 482 μιᾶς
333 449 466 484 γραμμῆς
489 446 699 483 περιεχόμενος,
725 445 769 472 καὶ
792 444 836 472 διὰ
850 447 932 472 τοῦτο

102 493 143 528 τῷ
159 491 196 518 lvi
209 490 341 531 ἐμφερής.
367 491 591 530 Σχηματίζονται
620 489 648 518 δὲ
662 491 688 518 οἱ
711 489 847 525 πλανῆται
863 490 932 527 πρὸς

103 535 246 572 ἀλλήλους
271 536 350 564 πέντε
379 537 515 574 σχήμασι,
547 534 663 572 συνόδῳ,
690 535 932 573 ἐξαγώνῳ,τετρα-

102 582 195 619 γώνῳ,
223 581 352 619 τριγώνῳ
380 582 425 609 καὶ
456 580 606 619 διαμέτρῳ,
635 583 687 608 Τοὖ
714 581 766 618 γὰρ
797 579 933 615 ζωδιακοῦ

101 625 206 654 κύκλου
222 625 260 657 εἷς
278 626 313 664 ιβ’
336 627 467 663 τμήματα
483 625 665 664 διῃρημένου,
689 624 733 652 ὅτε
752 624 836 664 τύχῃ,
853 625 867 652 ὁ
885 625 932 662 μὶν

101 671 142 702 εἷς
157 670 242 708 ἀστὴρ
257 671 330 708 ἀρχή
346 681 421 702 τινος
437 670 611 708 τμήματος,ὁ
621 669 649 697 δὲ
661 668 753 707 ἵτερος
766 669 791 697 ἐν
809 671 844 706 τῇ
859 670 933 707 ἀρχῇ

100 717 150 743 τοῦ
166 714 212 743 ἀπ’
237 715 319 743 αὐτοῦ
342 715 448 753 τρίτου,
473 715 643 754 ἔξαγωνίζιιν
668 715 749 742 αὐτὸν
767 714 884 753 λέγεταιι
911 714 934 742 εἰ

103 758 133 787 δὲ
147 759 173 788 ἐν
186 761 222 797 τῇ
238 759 312 798 ἀρχῇ
327 761 376 787 τοῦ
393 760 441 787 ἀπ’
457 759 539 787 αὐτοῦ
555 760 694 797 τετάρτου,
719 758 934 797 τετραγωνίζειν·

103 803 128 833 εἰ
144 803 172 832 δὶ
187 804 217 832 ἀν
234 806 268 842 τῇ
284 804 358 842 ἀρχῇ
381 806 430 832 τοῦ
454 804 501 832 ἀπ’
524 805 609 832 αὐτοῦ
642 805 778 841 πέμπτου,
807 803 934 842 τριγωνί-

104 851 168 884 ζειν·
195 849 218 877 ιῖ
244 847 272 877 δὲ
300 848 327 876 ἐν
354 851 389 886 τῇ
416 849 490 887 ἀρχῇ
505 851 554 876 τοῦ
569 849 615 876 ἀπ’
630 849 712 876 αὐτοῦ
728 846 858 886 ἑϐδόμου,
874 847 932 876 δια-

105 896 223 931 μιτριῖψ
238 893 264 921 εἴ
277 892 305 921 δὲ
322 893 348 922 ἐν
362 895 396 931 τῇ
412 894 481 931 αὐτῇ
499 893 583 931 μοίρᾳ
598 893 659 929 ὦσι,
674 893 836 921 συνοδεύειν·
854 894 885 921 τὸ
902 892 930 920 δὲ

101 938 168 966 αὐτὸ
182 938 227 966 καὶ
242 937 286 967 ἰπὶ
301 940 355 966 τῶν
371 937 476 966 λοιπῶν
493 941 594 975 μερῶν.
606 940 695 967 Ταῦτα
710 937 738 965 δὲ
754 938 786 965 τὰ
801 939 932 975 σχήματα

101 983 156 1011 ἀπὸ
171 985 224 1011 τῶν
241 985 380 1020 μουσικῶν
397 982 526 1018 εἷληπται
541 982 644 1021 λόγων,
660 982 697 1014 ὡς
714 981 889 1020 Πτολεμαῖος
903 981 929 1010 ἂν

100 1029 137 1066 τῇ
150 1024 321 1066 τετραϐίόλῳ
333 1026 477 1056 δείκνυσιν.

259 1086 310 1123 κγ’.
329 1085 393 1124 Περὶ
408 1088 457 1120 τῆς
471 1087 526 1113 τῶν
540 1084 657 1122 ἀστέρων
673 1086 769 1123 φορᾶς.

139 1135 171 1164 Ἦ
199 1135 270 1173 φορὰ
291 1137 347 1162 τῶν
371 1134 490 1173 ἀστέρων
517 1134 588 1162 ιστὶν
610 1133 663 1162 ἀπὸ
681 1132 784 1166 δύσεως
798 1134 840 1162 ἐπὶ
865 1135 930 1162 ἀνα-

101 1178 200 1215 τολήν.
231 1177 310 1206 Ἀλλ’
338 1180 356 1214 ὴ
388 1179 435 1215 μὲν
470 1181 524 1206 τῶν
554 1178 621 1206 ἔπτὰ
645 1178 792 1214 πλανητῶν
820 1181 930 1217 ταχεῖα.

104 1223 326 1252 Λποκαθίσταται
353 1224 404 1261 γὰρ
433 1224 450 1258 ἡ
483 1223 531 1260 μὲν
555 1222 657 1259 σελήνη
688 1222 734 1251 διὰ
747 1225 859 1262 ἡμερῶν
888 1226 932 1259 κη’

104 1264 224 1306 ἔγγιστα·
255 1267 269 1294 ὁ
298 1265 327 1294 δὲ
350 1267 455 1305 Ἑρμῆς
485 1265 530 1294 διὰ
561 1269 654 1303 μηνῶν
682 1267 732 1302 τξι¹
746 1268 791 1294 καὶ
803 1268 929 1304 τέταρτον

107 1312 210 1350 ἡμέρας
240 1315 312 1348 μιᾶς·
343 1312 358 1340 ὁ
387 1311 416 1339 δὲ
444 1313 530 1347 Ἄρης
557 1311 602 1339 διὰ
630 1310 677 1339 δύο
706 1312 792 1348 ἥμισυ
813 1312 888 1339 ἐτῶνι
915 1313 930 1340 ὁ

104 1355 135 1384 δὲ
158 1355 222 1388 Ζεὺς
247 1355 282 1384 δι’
297 1356 365 1384 ἆτᾶιν
383 1356 427 1394 ιβ’·
445 1356 459 1383 ὁ
471 1354 500 1384 δὶ
519 1356 624 1393 Κρόνος
641 1355 675 1383 δι’
691 1356 757 1383 ἑτῶν
773 1357 929 1394 τριάκοντα.

103 1402 138 1430 Ol.
167 1399 197 1428 δὶ
223 1400 364 1435 ἀπλανεῖς,
391 1400 417 1428 ἰν
447 1403 482 1438 τῇ
509 1401 638 1428 ἀνωτάτω
663 1399 747 1437 ὄντες⁷
763 1401 871 1440 σφαίρᾳ,
888 1412 930 1429 κι-

102 1446 211 1473 νοῦνται
238 1447 289 1481 τήν
319 1445 380 1482 μίαν
416 1448 513 1483 μοῖραν
541 1445 609 1473 κατὰ
640 1446 688 1481 μὲν
708 1447 770 1477 τοὸς
794 1445 929 1478 παλαιοὺς

105 1489 140 1518 δι’
165 1490 231 1518 ἰτων
257 1491 362 1527 ἕκατον,
377 1491 445 1517 κατὰ
466 1488 494 1517 δὲ
507 1489 571 1521 τοὺς
584 1490 732 1527 νεωτέρους
748 1488 783 1517 δι’
799 1490 864 1517 ἐτων
879 1490 927 1526 Eg’.

105 1534 156 1563 Καὶ
183 1535 215 1563 τὸ
245 1532 473 1573 παραδοξότατον,
503 1532 544 1561 ὅτι
573 1535 605 1561 οὐ
621 1535 683 1571 περὶ
705 1535 750 1563 τὸν
763 1536 812 1562 τοῦ
827 1535 929 1573 παρόν-

102 1589 150 1610 τος
164 1577 253 1606 πόλου
267 1579 408 1606 ποιοῦνται
423 1579 472 1613 τὴν
497 1577 614 1613 κίνησιν,
632 1577 704 1605 ἀλλὰ
720 1578 787 1606 κατὰ
814 1579 863 1613 τὴν
878 1581 927 1606 τοῦ

105 1622 189 1658 ἡλίου
218 1622 300 1658 λοξὴν
329 1623 453 1660 πορείαν.
481 1623 524 1658 Ἐξ
541 1621 571 1649 οὗ
600 1621 698 1659 δῆλον,
718 1624 755 1654 ὡς
770 1624 784 1650 ὁ
804 1624 868 1654 Θεὸς
884 1623 930 1651 τὸν

106 1667 188 1703 ἥλιον
218 1667 245 1694 ἰν
273 1669 312 1703 τῷ
340 1667 445 1703 οὐρανῷ
469 1667 506 1698 ὡς
530 1667 655 1705 ἀρχηγοῦ
675 1667 884 1703 τέθεικι,τάξιι.
900 1668 931 1697 Ὁ

110 1712 158 1749 μὶν
175 1712 220 1740 οὖν
237 1711 429 1749 Ἀριστοτᾶλης
447 1712 479 1739 τὸ
507 1711 606 1742 αὐτοὺς
632 1714 762 1744 κινεῖσθαι
785 1713 845 1745 καθ’
870 1713 931 1740 ἔαυ-

107 1755 172 1788 τοὺς
185 1756 248 1788 τοὺς
273 1756 385 1794 ἀστέρας
413 1756 444 1784 οὗ
473 1755 861 1794 προσδέχεται,πτοούμενος,
893 1758 930 1794 μή

103 1811 171 1829 ποτε
195 1801 371 1838 ἀναιρεθῶσιν
392 1799 466 1836 αὐτῷ
492 1800 519 1827 αἱ
541 1800 602 1842 περὶ
626 1803 675 1828 τοῧ
688 1800 814 1837 πέμπτου
836 1802 930 1838 σώμα-

102 1855 149 1877 τος
166 1845 317 1878 ὐποθίσεις,
341 1845 378 1875 ὡς
398 1844 551 1881 τεμνόντων
571 1847 625 1872 τῶν
648 1845 766 1882 ἀστέρων
792 1845 823 1872 τὸ
848 1845 931 1884 οὐρά-

101 1900 161 1917 νιον
187 1891 277 1925 σῶμα,
303 1888 423 1926 καθάπερ
448 1888 475 1915 ιὶί
493 1899 553 1916 τινα
576 1888 656 1927 ὑγρὰν
681 1889 794 1916 οὐσίαν“
835 1889 931 1917 ὑποτί-

101 1940 166 1969 θησι
201 1932 230 1961 δὶ
261 1933 308 1964 τὰς
338 1932 529 1964 ἀνελιττούσας
564 1932 691 1964 κινούσας
719 1933 820 1964 αὐτοὺς
845 1944 934 1970 πεπη,

99 1977 217 2017 γμένους
240 1975 327 2009 ὄντας.
344 1978 377 2006 Οἱ
392 1976 421 2004 δὲ
438 1978 496 2014 μετ’
511 1977 591 2005 αὐτὸν
615 1980 747 2010 κινεῖσθαι
766 1978 813 2015 μὲν
831 1978 931 2010 αὐτοὺς

101 2023 161 2050 καθ’
197 2022 308 2053 ἑαυτοὺς
341 2020 480 2057 ἆδόξασαν,
515 2021 589 2056 πλὴν
624 2022 688 2053 τοὺς
719 2021 859 2058 πλανήτας
887 2023 933 2056 ἰπὶ

100 2067 209 2095 κύκλων
232 2067 278 2094 καὶ
301 2066 331 2094 in
353 2066 467 2104 κὲντρου
498 2067 562 2104 φασὶ
595 2067 747 2094 κινεῖσθαι.
777 2067 929 2096 Πλάττουσι

99 2112 153 2150 γὰρ
178 2112 291 2151 σφαίρας
321 2111 370 2142 τὰς
396 2111 443 2147 μὲν
470 2112 508 2148 μή
529 2112 560 2138 τὸ
585 2111 649 2138 αὐτὸ
672 2111 781 2149 κέντρον
813 2111 932 2150 ἆχούσας

98 2158 135 2193 τῇ
159 2158 206 2194 γῇ,
232 2155 305 2184 ἀλλὰ
330 2156 398 2192 πρὸς
425 2155 472 2193 μὲν
503 2157 543 2191 τῷ
570 2155 608 2183 ἑνὶ
634 2156 708 2193 μέρει
726 2155 930 2191 πλησιαζούσας

99 2201 180 2238 αὐτῇ,
204 2201 274 2238 πρὸς
298 2199 326 2228 δὲ
347 2203 388 2237 τῷ
411 2200 495 2239 ἑτέ-,ρῳ
520 2200 693 2238 πορρώτερον
720 2200 810 2236 οὔσας,
832 2200 861 2232 ἃς
887 2201 930 2229 ικ-

988 224 1129 252 tinentnr.
1147 223 1304 252 Perfectior
1327 226 1373 251 est
1395 224 1474 251 enim
1498 223 1557 251 hinc
1581 224 1675 252 forma
1701 225 1813 253 caeteris

987 268 1135 296 omnibus.
1155 268 1264 296 Omnes
1288 276 1394 304 nempe
1418 268 1565 304 angulosze
1591 268 1689 296 formae
1713 269 1812 297 divisae

988 313 1074 341 aliam
1091 313 1216 340 formam
1231 312 1381 346 efﬁciunt;
1398 312 1527 340 circulus
1542 321 1610 340 vero
1626 313 1737 341 divisus
1755 322 1813 341 non

988 357 1075 385 aliam
1090 357 1213 385 formam
1229 357 1327 385 efﬁcit.
1345 358 1378 384 Et
1393 357 1483 385 simul
1500 357 1741 394 simplicissimus
1759 361 1813 392 est,

987 404 1089 437 utpote
1114 410 1173 430 una
1200 402 1277 429 linea
1306 402 1538 437 comprehensus
1559 405 1589 430 et
1616 402 1681 430 ideo
1701 403 1813 431 .unitati

988 446 1105 474 similis.
1120 446 1318 474 Eﬂ‘ormantur
1349 449 1445 474 autem
1473 446 1597 482 planetae
1624 448 1660 474 ad
1688 447 1812 475 invicem

988 490 1117 527 quinque
1134 491 1246 525 formis,
1270 498 1443 526 congressu,
1466 490 1638 526 sexangula,
1663 492 1813 527 quadran-

988 535 1056 571 gulo
1071 538 1099 563 et
1112 534 1267 563 diametro.
1283 535 1401 563 Zodiaci
1416 535 1493 563 enim
1511 536 1621 563 circulo
1648 536 1677 563 in
1702 537 1812 564 duode-

989 579 1045 607 cim
1062 582 1159 616 partes
1174 579 1277 611 diviso.
1304 587 1370 607 cum
1398 580 1504 607 accidit
1528 583 1559 607 ut
1583 589 1675 608 unum
1699 584 1813 609 astrum

989 624 1143 659 cujusdam
1159 624 1312 651 divisionis
1326 623 1442 651 initium
1460 625 1508 657 sit,
1524 626 1553 652 et
1567 624 1645 652 aliud
1663 626 1752 653 situm
1775 625 1813 653 sit

990 669 1019 695 in
1036 668 1180 704 principio
1195 669 1287 696 tertiae
1301 668 1338 696 ab
1354 668 1403 695 illa
1419 668 1582 702 divisionis,
1607 670 1715 697 dicitur
1739 670 1812 698 illud

989 712 1180 748 sexangulum
1197 713 1305 747 facere;
1323 713 1347 740 si
1364 713 1393 740 in
1410 713 1553 749 principio
1568 716 1678 749 quartae
1702 715 1738 742 ab
1762 714 1814 742 illa

989 757 1155 791 divisionis,
1165 757 1400 793 quadrangulum
1412 757 1507 785 facere
1518 758 1635 792 dicitur;
1645 759 1670 786 si
1684 758 1713 786 in
1731 760 1812 795 prin-

989 802 1064 838 cipio
1080 803 1198 838 quintis,
1211 802 1408 838 trisngulum;
1426 802 1452 829 si
1468 802 1495 829 in
1512 803 1654 838 principio
1670 804 1812 840 septima,

990 847 1167 875 diametrum
1184 847 1278 875 facere
1294 846 1411 874 dicitur.
1428 846 1455 874 Si
1473 847 1502 874 in
1518 848 1619 875 eodem
1636 849 1729 884 gradu
1756 849 1814 876 sita

987 892 1057 925 sint.
1083 891 1223 919 dicuntur
1247 891 1395 927 congredi.
1422 893 1514 927 Atque
1539 892 1616 920 idem
1645 893 1679 920 de
1700 893 1813 921 caeteris

986 937 1131 973 partibus.
1149 938 1196 964 He
1213 939 1311 964 autem
1329 936 1427 964 forms:
1442 944 1476 964 ex
1502 937 1624 965 musicis
1648 938 1813 966 rationibus

985 981 1144 1016 ducuntur,
1171 983 1202 1009 ut
1225 981 1399 1009 Ptolemzeus
1422 981 1452 1008 in
1477 981 1540 1010 suis
1573 984 1700 1017 quatuor
1729 982 1812 1011 libris

986 1027 1123 1055 ostendit.

1216 1085 1261 1113 23.
1279 1087 1319 1112 De
1334 1090 1474 1113 aurorum
1488 1086 1573 1113 motu.

1022 1134 1107 1162 Astra
1123 1134 1257 1162 feruntur
1271 1134 1307 1162 ab
1323 1134 1471 1162 occidente
1487 1135 1523 1162 ad
1539 1129 1812 1172 orientem.SefiWI-J

987 1178 1172 1215 planetarum
1201 1179 1320 1215 quidem
1346 1179 1499 1207 translatio
1525 1179 1627 1215 rapida
1651 1183 1704 1208 est.
1730 1181 1812 1209 Luna

986 1223 1066 1251 enim
1088 1231 1209 1251 cursum
1231 1232 1319 1251 suum
1344 1223 1462 1251 coniicit
1487 1223 1590 1259 viginti
1617 1229 1680 1252 octo
1706 1225 1811 1252 diebus

987 1267 1118 1302 circiter;
1137 1268 1297 1296 Mercurius
1314 1268 1468 1296 mensibus
1480 1268 1533 1296 365
1548 1271 1578 1296 et
1592 1273 1696 1304 quarta
1721 1269 1810 1298 unius

987 1311 1043 1339 diei
1059 1315 1158 1348 parte;
1175 1312 1253 1340 Mars
1269 1313 1384 1340 duobus
1401 1313 1487 1340 annis
1502 1315 1531 1340 et
1547 1313 1680 1347 dimidio;
1697 1314 1813 1350 Jupiter

986 1357 1158 1391 duodecim;
1182 1358 1326 1385 Saturnus
1350 1357 1437 1385 annis
1464 1357 1594 1393 triginta.
1620 1357 1717 1385 Stellae
1743 1366 1810 1386 vero

985 1402 1046 1429 ﬁxa
1059 1410 1123 1437 quae
1138 1402 1168 1429 in
1184 1409 1323 1437 suprema
1338 1401 1452 1437 sphaera
1466 1403 1547 1436 sunt,
1564 1404 1718 1430 moventur
1741 1402 1810 1438 plu-

983 1446 1064 1474 rimas
1079 1446 1166 1474 annis
1178 1449 1294 1474 centum
1307 1447 1390 1481 juxta
1404 1448 1525 1480 veteres,
1536 1447 1623 1482 juxta
1635 1448 1811 1476 recentiores

985 1494 1081 1519 autem
1096 1491 1181 1519 annis
1195 1492 1240 1518 66.
1266 1491 1310 1526 Et,
1336 1491 1414 1526 quod
1441 1491 1535 1527 magis
1560 1492 1730 1520 mirandum
1755 1494 1809 1528 est,

985 1543 1043 1563 non
1059 1536 1134 1563 circa
1150 1535 1250 1572 polum
1276 1544 1364 1563 suum
1389 1538 1553 1569 moventur,
1579 1536 1629 1564 sed
1655 1536 1810 1573 obliquum

986 1579 1056 1608 solis
1071 1580 1127 1608 iter
1141 1582 1316 1616 sequuntur.
1339 1579 1420 1608 Unde
1444 1582 1525 1616 patet
1547 1580 1639 1608 Deum
1663 1580 1754 1609 solem
1778 1581 1809 1609 in

987 1625 1058 1652 calo
1082 1627 1114 1652 ut
1138 1625 1242 1652 ducem
1274 1624 1418 1660 posuisse.
1443 1625 1614 1652 Aristoteles
1640 1625 1731 1662 igitur
1754 1635 1810 1654 non

986 1669 1117 1697 admittit
1131 1672 1210 1697 astra
1225 1678 1276 1705 per
1291 1669 1390 1705 seipse.
1406 1669 1639 1703 moveri,timens
1654 1679 1690 1698 ne
1705 1670 1814 1699 tollan-

986 1715 1034 1741 tur
1049 1722 1108 1741 suaa
1125 1714 1160 1741 de
1175 1714 1278 1749 quinto
1293 1721 1413 1749 corpore
1429 1713 1616 1750 hypotheses,
1633 1714 1716 1751 quasi
1733 1717 1813 1743 astra

987 1760 1086 1785 secent
1101 1758 1217 1786 caeleste
1232 1766 1339 1794 corpus
1354 1760 1386 1785 ut
1400 1759 1559 1793 quamdam
1576 1758 1728 1787 humidam
1745 1759 1812 1788 sub-

988 1802 1144 1836 stantiam;
1166 1802 1307 1838 supponit
1330 1806 1425 1830 antem
1451 1802 1553 1830 stellas
1580 1802 1722 1831 volubiles
1748 1811 1811 1839 quas

988 1849 1139 1874 concretas
1155 1846 1355 1874 moveant.Alii
1368 1854 1434 1874 vero
1446 1849 1512 1882 post
1521 1846 1604 1874 illum
1616 1848 1727 1883 opinati
1742 1851 1812 1876 sunt

989 1893 1070 1919 astra
1085 1899 1136 1926 per
1151 1891 1250 1927 seipse
1265 1891 1381 1924 moveri,
1396 1891 1524 1926 exceptis
1540 1891 1675 1926 planetis,
1691 1900 1765 1928 quos
1780 1893 1810 1920 in

989 1935 1089 1963 orbem
1105 1938 1134 1963 et
1149 1938 1231 1963 extra
1245 1937 1376 1963 centrum
1395 1944 1481 1963 suum
1500 1936 1607 1963 moveri
1618 1936 1811 1965 dicuntJma—

988 1980 1128 2015 ginantur
1142 1980 1220 2008 enim
1236 1980 1366 2016 spbaras
1392 1979 1465 2007 alias
1491 1988 1547 2007 non
1574 1981 1650 2008 idem
1677 1984 1808 2010 centrum

989 2032 1054 2052 cum
1070 2028 1147 2053 terra
1159 2025 1330 2059 habere,sed
1347 2032 1405 2051 una
1420 2027 1502 2060 parte
1516 2033 1580 2052 esse
1604 2027 1687 2053 terrae
1714 2026 1809 2061 proxi-

989 2079 1052 2098 mas
1075 2072 1104 2098 et
1127 2069 1218 2097 altera
1242 2069 1359 2105 longius
1382 2069 1501 2103 abesse;
1526 2078 1600 2106 quas
1632 2070 1811 2099 excentricas

986 2123 1138 2149 vocavere;
1156 2117 1184 2142 et
1199 2114 1270 2142 alias
1285 2122 1319 2141 ex
1334 2114 1396 2150 ipso
1411 2114 1574 2142 excentrico
1599 2123 1704 2150 parvas
1726 2115 1810 2143 volu-

986 2162 1032 2188 tas
1048 2159 1076 2187 in
1093 2159 1201 2195 quibus
1217 2159 1350 2186 incedere
1375 2158 1507 2195 planetas
1531 2159 1643 2192 dicunt,
1672 2168 1745 2196 quos
1771 2160 1809 2188 ob

987 2205 1062 2232 hanc
1090 2212 1208 2232 causam
1239 2203 1488 2239 supracirculares
1519 2204 1716 2232 nominavere.
1744 2205 1809 2232 Haec

99 2246 229 2283 κὰντρους
258 2244 402 2272 ἐκάλεσαν·
428 2245 474 2272 καὶ
500 2243 592 2282 ῐτερας
620 2245 665 2272 ἀπ’
694 2245 776 2272 αὐτοῦ
805 2247 855 2273 τσῦ
881 2245 926 2273 ἐκ·

1022 2251 1080 2276 tem
1095 2249 1186 2276 coacti
1197 2251 1266 2276 sunt
1277 2256 1442 2284 supponere
1451 2249 1671 2284 maximumque
1680 2248 1809 2276 laborem

97 2290 210 2328 κέντρου
241 2290 340 2328 μικρὰς
368 2289 548 2326 κυλιομὲνας,
572 2289 612 2328 ἐφ’
642 2289 678 2316 ὦν
709 2287 852 2327 βεϐηκέναι
878 2290 924 2318 λέ-

95 2345 174 2373 γουσι
200 2334 263 2366 τοὺς
292 2333 456 2369 πλανήτας,
485 2334 530 2365 οὕς
560 2333 724 2366 ὲπικύκλους
753 2335 897 2371 ὠνόμασαν
916 2357 923 2364 ,

95 2380 315 2418 Ἠναγκάσθησαν
346 2377 375 2406 δὲ
400 2381 485 2406 ταῦτα
515 2378 681 2413 ὑποθέσθαι,
721 2379 765 2406 καὶ
793 2378 922 2407 πλεῖστον

99 2424 206 2462 μόχθον
235 2424 280 2451 καὶ
305 2424 387 2451 πόνον
403 2424 550 2458 ὑποστῆναι
567 2423 605 2455 εἷς
634 2424 705 2460 [τὴν]
721 2426 774 2451 τῶν
790 2423 922 2451 τοιούτων

98 2468 249 2496 ὑποθέσεων
280 2467 404 2496 σύστασιν
433 2467 478 2495 διὰ
501 2468 551 2502 τὴν
579 2468 708 2503 τοιαύτην
726 2468 824 2497 αἰτίαν.
842 2467 923 2499 Θεοὺς

95 2513 146 2552 γ”.π
175 2512 311 2548 Έλληνες
342 2512 406 2544 τοὺς
432 2512 543 2547 ἀστέρας
574 2513 639 2539 εἶναι
669 2512 848 2549 νομίζοντες,
878 2513 924 2540 καὶ

97 2558 212 2595 ὁρῶντες
228 2557 341 2588 τούτους
358 2556 384 2584 ἐν
399 2559 437 2592 τῷ
462 2555 593 2584 διοδεύειν
618 2558 667 2591 τήν
696 2557 799 2584 οἱκεῖαν
814 2558 924 2595 πορείαν

96 2603 137 2642 ἐφ’
166 2603 284 2641 ἡμέραις
313 2603 384 2630 τισὶν
414 2602 574 2639 ἱσταμένους
603 2603 839 2638 άμετακινήτους,
870 2603 926 2630 εἶτα

96 2647 142 2676 hri
167 2649 201 2675 τὰ
228 2645 336 2676 ὅπισθεν
367 2646 588 2682 ἀναποδίζοντας,
617 2648 672 2674 εἶτα
687 2648 769 2674 πάΛιν
786 2647 926 2684 στηρίζον-

95 2703 144 2724 τας
173 2692 218 2720 καὶ
246 2692 326 2724 εὐθὺς
352 2691 584 2729 προποδίζοντας,
615 2691 762 2729 ἀλλοτρίαν
778 2692 856 2723 θείων
872 2702 925 2719 eu)-

99 2737 192 2775 μάτων
208 2737 258 2773 τὴν
279 2736 409 2773 τοιαύτην
424 2735 544 2772 πλάνην,
574 2736 704 2764 ὑπέθεντο
726 2736 774 2768 τὰς
798 2737 925 2769 τοιαύτας

99 2782 250 2819 ὑποθέσεις,
270 2782 338 2823 πρὸς
366 2781 398 2811 τὸ
421 2780 503 2819 δεῖξαι
534 2779 618 2820 μηδίν
642 2792 668 2811 τι
693 2783 816 2812 τοιοῦτον
841 2782 926 2817 πάθος

980 2296 1008 2321 et
1026 2301 1140 2328 poenam
1155 2294 1305 2320 insumere
1322 2293 1357 2320 ad
1382 2291 1486 2320 talium
1512 2292 1711 2328 hypotheseon
1738 2301 1808 2320 con-

980 2337 1175 2365 firmationem
1205 2338 1323 2373 propter
1345 2339 1514 2371 sequentem
1540 2336 1693 2364 rationem.
1710 2338 1809 2365 Grece

980 2382 1059 2410 enim
1077 2381 1177 2409 stellas
1191 2389 1256 2408 esse
1271 2382 1342 2409 deos
1357 2381 1522 2415 credentes,
1535 2383 1563 2408 et
1579 2389 1628 2408 eas
1645 2384 1808 2418 cernentes,

982 2427 1053 2454 dum
1078 2426 1227 2462 proprium
1251 2425 1306 2452 iter
1330 2427 1513 2461 peragerent,
1530 2425 1618 2453 certis
1633 2425 1737 2453 diebus
1753 2426 1809 2454 im-

983 2473 1077 2499 motas
1092 2473 1181 2503 stare,
1198 2469 1263 2497 dein
1280 2470 1473 2503 retrocedere,
1499 2469 1565 2497 dcin
1591 2478 1709 2498 rursum
1735 2470 1808 2498 fixas

981 2518 1058 2544 stare
1074 2518 1102 2543 et
1114 2515 1212 2543 statim
1230 2515 1397 2550 procedere;
1410 2514 1488 2542 hunc
1512 2516 1658 2542 errantem
1685 2523 1806 2543 cursum

980 2560 1080 2588 divina
1095 2567 1216 2595 corpora
1231 2559 1420 2587 dedecentem
1437 2559 1611 2594 cogitantes,
1636 2559 1690 2586 has
1715 2559 1808 2595 hypo-

980 2605 1079 2632 theses
1094 2603 1246 2639 imaginsti
1263 2605 1343 2636 sunt,
1362 2605 1392 2630 ut
1412 2603 1600 2630 ostenderent
1625 2612 1683 2630 non
1708 2603 1809 2631 stellas

981 2649 1031 2677 illa
1047 2649 1117 2685 pati,
1133 2649 1183 2676 sed
1209 2656 1260 2683 per
1284 2648 1514 2676 excentricarum
1539 2650 1567 2675 et
1591 2648 1809 2684 supracircula-

980 2693 1056 2721 rium
1073 2692 1256 2729 sphaerarnm
1273 2694 1387 2719 motum
1402 2691 1492 2720 videri
1509 2693 1594 2720 nobis
1609 2693 1682 2721 ﬁxas
1696 2701 1760 2721 esse
1781 2694 1810 2721 et

980 2738 1245 2771 retrocedere,cum
1262 2736 1335 2764 nihil
1350 2737 1521 2773 hujusmodi
1538 2737 1607 2774 ipsae
1624 2739 1807 2774 paterentur.

979 2784 1013 2813 Et
1027 2784 1099 2813 dum
1115 2782 1241 2820 aequales
1257 2781 1411 2811 voluerunt
1426 2782 1519 2811 facere
1531 2781 1692 2811 ccelestium
1705 2789 1808 2819 corpo-
