1948 3056
73 89 132 120 805

697 93 941 124 SOLUTIONES
964 94 1105 129 QUXEDA
1113 95 1152 124 Μ.

1724 95 1783 126 806

75 155 209 192 κωνοειδῆ
240 159 359 185 ποιεῖται
381 158 430 191 τήν
467 157 555 192 σκιὰν,
580 156 699 185 ἰλάττων
724 157 806 185 αὐτοῦ
830 158 900 185 ἔστιν

999 162 1018 187 tt
1033 168 1049 187 ε
1065 160 1125 188 sole
1146 159 1326 193 illuminata.
1352 159 1412 189 sole
1434 160 1531 189 minor
1559 163 1613 189 est.
1629 162 1720 190 Terra
1734 170 1783 190 au-

75 202 138 229 Ὂτι
156 201 186 230 δὲ
201 203 218 236 ἡ
235 206 271 240 γῆ
287 201 420 237 κωνοειδῆ
446 205 565 230 ποιεῖται
586 206 634 237 τῆν
660 203 748 238 σκιὰν,
773 203 858 237 δῆλον
875 203 905 230 ἐκ

75 248 130 274 τῶν
147 251 196 281 τῆς
213 246 333 282 σελήνης
359 246 518 284 ἐκλείψεων.
544 249 606 276 Ὅτε
628 248 678 286 γὰρ
695 247 809 285 ἐλλείψῃ
823 248 848 275 ὲν
864 250 903 284 τῷ

75 290 200 328 ἀπογείῳ
216 291 309 327 αὐτῆς,
337 291 477 330 πόρρωθέν
506 292 560 319 ἐστι
585 296 634 327 τῆς
659 294 721 330 γῆς,
737 293 780 320 καὶ
797 293 905 330 ταχίως

75 335 256 373 ἂκλάμπεται,
280 336 317 368 ὡς
341 336 372 364 τὸ
402 337 651 375 λεπτομερέστερον
683 337 764 375 μέρος
791 336 904 374 διερχο-

77 382 144 418 μένη
161 385 211 415 τῆς
228 384 303 412 σκιᾶς
321 391 327 397 ·
355 379 400 409 ὅτε
420 381 449 410 δὲ
473 381 499 410 ἐν
525 384 564 418 τῷ
587 379 902 420 περιγείῳ,ἐμϐραδύνιι

74 427 109 462 τῇ
139 425 270 462 ἐκλείψει,
299 425 336 457 ὡς
373 426 405 454 τὸ
449 425 602 464 παχύτερον
642 427 723 463 μέρος
751 430 801 461 τῆς
829 429 904 457 σκιᾶς

77 469 256 508 διερχομένη.
272 471 312 500 Οὐ
330 472 384 508 μὴν
400 470 474 499 ἀλλὰ
485 471 530 499 καὶ
553 471 584 499 ἐκ
610 470 722 499 πολλῶν
737 471 830 499 ἄλλων
848 469 904 498 δεί‹

76 526 169 543 κνυται
189 515 224 543 τὰ
250 518 432 553 περατοῦσοαι
454 516 485 544 τὸ
513 520 563 552 τῆς
587 519 640 554 γῆς
670 516 779 551 σκίσμα.
810 515 904 553 Εἰγὰρ

76 559 118 587 ἐπ’
146 559 257 597 ἄπειρον
278 561 387 598 προῄει,
407 560 539 595 ἐσκότιζεν
569 560 598 588 ἃν
625 561 674 589 οὐκ
703 560 812 599 ὀλίγους
836 559 903 591 τοὺς

75 605 207 642 ἀστέρων,
235 605 280 632 καὶ
309 607 369 638 καθ’
383 606 497 641 ἑκάστην
523 606 605 633 νύκτα
628 605 761 633 ἐκλείπειν
789 605 902 635 τούτους

76 649 160 677 ἐποίει
179 659 185 665 ·
208 651 251 678 νῦν
277 649 306 677 δὲ
331 649 362 678 οὐ
395 650 514 689 φαίνεταί
540 661 565 678 τι
589 652 724 679 τοιοῦτον.
750 650 814 686 Περὶ
843 648 904 677 ταύ-

77 705 128 730 της
140 693 168 722 δὲ
179 696 228 729 τῆς
245 697 322 726 σκιᾶς
338 706 404 734 φησι
417 695 461 723 καὶ
477 696 491 723 ὁ
507 697 636 731 ποιητής.

78 746 122 773 Ἐν
139 743 161 772 δ’
177 744 250 772 ἔπειγ’
267 744 376 782 ὠκὶανῷ
392 744 518 783 λαμπρὸν
534 745 600 784 φάος
617 743 738 779 ἠελίοιο,

75 789 178 818 ’Ἑλκον
194 789 277 817 νύκτα
295 789 423 826 μέλαιναν
442 790 486 817 ἐπὶ
500 789 629 826 ζείδωρον
646 788 774 827 ἄρουραν.

79 847 170 876 ’Λλλὰ
182 847 227 875 καὶ
244 847 273 875 ἔκ
286 846 366 875 τοῦδε
388 847 474 882 δῆλον
498 848 528 875 τὸ
552 849 600 875 τοῦ
623 847 707 883 ἡλίου
734 847 845 884 μέγεθος
863 856 869 863 ·
886 848 904 882 ἡ
920 850 944 882 Β

79 891 180 928 σελήνη
212 891 264 919 ὕπὸ
290 893 335 919 τὸν
366 892 472 930 θερινὸν
505 895 592 920 κεῖται
617 893 747 930 τροπικόν
765 901 772 909 ’
804 893 904 919 ὁπόταν

78 934 125 964 οὖν
142 938 156 964 ὁ
178 936 259 971 ἥλιος
286 936 373 964 ἐκεῖσε
392 938 511 975 γίνηται,
537 937 606 964 κατὰ
630 934 801 974 μεσημϐρίαν
826 936 905 964 ἄσκια

75 984 151 1009 ποιεῖ
178 982 212 1009 τὰ
237 981 323 1009 ἐκεῖσε
350 982 463 1018 σώματα
494 981 538 1009 ἐπὶ
571 980 694 1012 σταδίους
719 982 904 1019 τριακοσίους.

76 1027 179 1063 ’Ἡγουν
195 1026 209 1053 ὁ
224 1025 337 1059 κύκλος,
359 1026 387 1053 ὃν
410 1024 596 1064 διαπορεύεται
612 1027 626 1054 ὁ
641 1026 732 1061 ἥλιος,
751 1025 904 1063 μυριοπλα-

77 1071 142 1098 σίων
158 1070 214 1098 ἐστὶ
229 1074 279 1105 τῆς
297 1072 359 1108 γῆς,
385 1071 430 1098 καὶ
455 1071 486 1098 τὸ
513 1071 595 1108 μὲρος
617 1073 666 1098 τοῦ
688 1070 792 1098 κύκλου
807 1070 904 1098 τούτου

76 1115 204 1154 ὕπερὲχει
219 1116 250 1142 τὸ
263 1117 313 1143 τοῦ
336 1114 420 1149 ἡλίου
450 1115 561 1154 μέγεθος
579 1124 586 1132 '
612 1114 811 1153 μυριοπλάσιον
837 1115 905 1143 εἶναι

77 1159 120 1187 δεῖ
139 1161 187 1187 τοῦ
212 1158 382 1194 δηλωθέντος
405 1163 456 1194 τῆς
479 1163 532 1197 γῆς
553 1161 699 1196 τμήματος
715 1169 722 1176 ·
752 1160 783 1187 τὸ
813 1159 841 1187 δὲ
856 1162 904 1187 τοῦ

76 1204 160 1240 ἡλίου
175 1206 274 1242 σχῆμα
297 1202 337 1231 ὅτι
359 1204 414 1231 ἐστὶ
434 1203 616 1242 σφαιροειδὲς¹
639 1204 769 1235 ὡσαύτως
792 1204 903 1232 καὶτῶν

77 1249 183 1277 λοιπῶν
200 1249 227 1276 ἐν
252 1248 359 1285 οὐρανῷ
385 1248 532 1284 σώματων,
556 1247 709 1287 πρόδηλον,
733 1249 769 1280 ὡς
785 1249 902 1286 εἶ’ρηται,

76 1294 121 1322 καὶ
139 1293 299 1332 σαφέστερον
316 1293 342 1320 ὲν
356 1295 395 1329 τῷ
411 1293 473 1330 περὶ
485 1294 631 1330 σχήματος
647 1293 725 1330 λόγῳ
746 1293 902 1331 ῥηθήσεται.

231 1338 280 1372 κζ’.
294 1338 359 1375 Περὶ
374 1341 424 1372 τῆς
435 1340 482 1365 τοῦ
494 1337 577 1372 ἡλίου
594 1337 752 1375 ἐκλείψεως.

113 1385 207 1412 Ἡτοῦ
229 1382 313 1419 ἡλίου
336 1381 457 1420 ἔκλειψις
482 1384 594 1420 γίνεταιί
621 1384 666 1411 ὅτε
693 1385 710 1419 ἡ
740 1383 842 1419 σελήνη
857 1384 903 1411 τὸν

79 1427 161 1463 ἥλιον
176 1427 202 1456 ἐν
217 1427 321 1464 συνόδῳ
347 1427 502 1466 ὕποδράμη,
529 1429 567 1465 μὴ
593 1427 695 1466 ἔχουσα
715 1428 820 1460 πλάτος
835 1429 904 1466 πρὸς

76 1473 123 1500 τὸν
156 1472 286 1508 ζωδιακὸν
315 1472 428 1501 κύκλὸν·
456 1475 608 1508 Τηνικαῦτα
649 1474 700 1511 γὰρ
733 1473 904 1512 ἀντιφράττει

77 1521 139 1549 ταῖς
168 1517 272 1545 ἀκτίσιν
298 1517 390 1551 αὐτοῦ,
419 1515 489 1545 ὥστε
511 1518 548 1554 μὴ
572 1515 735 1546 καταλαϐεῖν
763 1518 812 1552 τὴν
838 1521 902 1556 γῆν.

79 1562 130 1590 Διᾶ
149 1564 233 1590 τοῦτο
253 1562 295 1590 ἀεὶ
310 1561 336 1589 ἄν
359 1560 465 1598 συνόδῳ
487 1562 588 1600 γίνεται
608 1563 626 1597 ἡ
648 1562 751 1597 ἡλιακὴ
769 1560 901 1599 ἔκλειψις.

79 1606 154 1640 πλὴν
187 1610 236 1641 τῆς
259 1606 408 1644 γενομένης
438 1606 482 1634 ἐπὶ
510 1609 558 1634 τοῦ
585 1608 722 1644 σωτηρίου
738 1607 839 1638 πάθους
854 1609 902 1634 τοῦ

78 1651 183 1689 Κυρίου
212 1652 292 1687 ἡμῶν
323 1650 409 1686 ἐκείνη
438 1651 489 1688 γὰρ
518 1650 678 1688 παραδόξως
699 1650 724 1678 ἐν
740 1651 903 1687 πανσελήνῳ

78 1697 200 1734 γέγονεν.
214 1695 248 1723 Αἱ
272 1694 301 1722 δὲ
319 1695 454 1732 ἰκλείψιις
478 1696 544 1723 ποτὶ
568 1696 615 1732 μὲν
639 1695 769 1731 καθόλου,
792 1696 858 1724 ποτὲ
875 1694 904 1723 δὶ

81 1739 190 1777 μερικαὶ
205 1739 323 1777 γίνονται
342 1749 348 1755 ·
375 1739 494 1772 καθόλου
520 1740 578 1776 μὲν,
605 1740 649 1768 ὅτε
671 1740 736 1771 ὅλος
761 1740 904 1775 ὁὴλιακὸς

79 1785 182 1816 κύκλος
212 1783 400 1820 ἐπισκοτισθῇ,
435 1785 503 1812 κατὰ
531 1785 641 1811 κάθετον
675 1784 821 1822 γεγονότων
850 1787 904 1812 τῶν

79 1831 196 1868 κέντρων
213 1831 262 1856 τοῦ
285 1839 314 1856 τε
334 1827 417 1863 ἡλίου
438 1829 480 1856 καὶ
501 1833 551 1863 τῆς
571 1829 688 1864 σελήνης
705 1839 711 1845 ’
730 1829 837 1866 μερικαὶ
867 1828 905 1865 δὲ,

80 1874 127 1902 ὅτε
154 1874 235 1910 μέρος
258 1873 356 1900 τούτου
381 1872 505 1910 ἐκλείψῃ.
531 1873 588 1901 Οὐκ
612 1873 638 1900 ἰν
661 1873 733 1910 πάσῃ
762 1873 790 1900 δὲ
813 1875 847 1910 τῇ
864 1874 906 1900 οἳ-

77 1920 201 1955 κουμὲνῃ
229 1918 243 1945 ὁ
272 1916 353 1952 ἥλιος
392 1916 526 1944 ἐκλείπων
559 1917 691 1954 φαίνεται,
721 1917 794 1945 ἀλλὰ
834 1918 908 1955 παρὰ

83 1964 256 2001 μὲρεσιτισι.
274 1962 322 1989 Καὶ
348 1962 398 2000 γὰρ
423 1961 534 1989 ἐνταῦθα
558 1962 601 1989 ἰπὶ
626 1966 675 1997 τῆς
699 1964 747 1989 τοῦ
765 1961 907 1999 Κομνηνοῦ

80 2007 221 2047 βασιλείας
250 2006 315 2037 ὅλος
340 2007 466 2044 ἑκλείψας
489 2008 558 2044 πρὸς
583 2005 709 2042 δυσμαῖς,
724 2007 748 2034 ἰν
776 2007 907 2044 Αίγύπτῳ

81 2053 137 2090 οὐχ
149 2051 222 2083 ὅλως
238 2051 370 2087 ὲξᾷλιπεν,
399 2051 436 2083 ὡς
459 2051 545 2079 ἐκεῖσε
568 2052 761 2089 παραγεγονὼς
785 2049 906 2089 ἠκριϐω-

82 2097 184 2134 σάμην.
201 2097 232 2123 Οἳ
249 2097 294 2124 οὗν
313 2096 500 2132 μαθηματικοὶ
524 2095 585 2124 ὅσον
611 2096 678 2123 κατὰ
700 2097 731 2124 τὸ
748 2097 908 2135 φαινόμενον

81 2142 122 2174 είς
153 2142 189 2179 ιβ’
215 2140 366 2172 δακτύλους
393 2141 442 2175 τήν
477 2140 561 2176 ἡλίου
586 2141 630 2168 καὶ
660 2139 777 2176 σελήνης
805 2140 907 2168 διεῖλον

82 2185 239 2225 ἐπιφάνειαν
259 2196 264 2202 ·
281 2186 327 2213 καὶ
343 2185 366 2213 εἰ
396 2186 443 2222 μὶν
470 2187 529 2217 καθ’
553 2185 640 2222 ἥμισυ
657 2186 769 2223 γένηται
784 2187 802 2220 ἡ
819 2183 909 2213 ἔκλει-

959 207 1017 233 tem
1047 206 1182 233 umbram
1213 205 1241 233 in
1267 206 1391 234 formam
1413 206 1478 234 coni
1504 206 1625 242 produci
1649 214 1683 234 ex
1705 206 1784 235 lunts

958 250 1173 278 defectionibus
1189 250 1380 279 manifestum
1407 253 1461 279 est.
1486 251 1559 279 Cum
1584 251 1662 279 enim
1686 251 1784 279 deﬁcit

958 295 988 322 in
1005 303 1058 323 sua
1075 304 1201 323 mamma
1216 304 1233 323 a
1246 297 1323 323 terra
1340 295 1491 330 distantia,
1512 299 1582 323 tunc
1606 296 1664 324 cito
1680 304 1784 324 rursus

957 339 1155 373 illuminatur,
1171 348 1203 369 eo
1226 341 1304 376 quod
1327 341 1525 377 angustiorem
1542 341 1653 369 umbrae
1669 343 1783 377 partem

959 385 1075 413 transit.
1092 385 1213 418 Quando
1229 387 1326 413 autem
1351 385 1380 413 in
1406 394 1460 413 sua
1482 385 1603 414 minima
1616 394 1632 414 ει
1648 388 1725 414 terra
1739 385 1782 413 di-

959 430 1080 464 stantia,
1107 430 1323 458 diuturniorem
1348 430 1543 458 defectionem
1567 430 1689 467 patitur,
1715 430 1785 466 quia

958 473 1093 502 latiorem
1119 475 1231 502 umbras
1258 481 1370 511 partem
1407 475 1523 503 transit.
1560 477 1594 502 Et
1618 484 1651 503 ex
1681 474 1784 503 multis

958 519 1024 546 aliis
1039 519 1206 547 ostenditur
1217 519 1368 548 terminari
1384 521 1467 547 terras
1496 520 1642 548 umbram.
1659 520 1689 548 Si
1706 520 1784 548 enim

959 563 988 591 in
1004 564 1154 591 inﬁnitum
1171 564 1351 599 procederet,
1377 565 1568 592 obumbraret
1590 573 1649 593 non
1675 573 1784 600 paucas

959 608 1103 640 stellas,et
1114 608 1239 644 singulis
1252 609 1388 636 noctibus
1399 617 1500 637 earum
1512 610 1684 638 defectionis
1695 618 1785 638 causa

959 653 1113 687 existeret;
1130 653 1203 680 nihil
1218 656 1316 681 autem
1333 654 1504 690 hujusmodi
1518 663 1596 682 nunc
1611 657 1738 690 apparet.
1746 657 1784 682 De

958 697 1009 725 illa
1033 700 1132 726 autem
1158 698 1263 726 umbra
1290 700 1376 734 poeta
1404 698 1475 726 dicit
1491 706 1498 725 :
1516 698 1657 726 «Oceano
1681 699 1786 727 incidit

957 742 1071 770 clarum
1086 742 1157 771 solis
1182 743 1293 777 lumen,
1319 746 1433 771 noctem
1453 743 1608 771 obscuram
1634 743 1785 772 adducens

958 787 988 814 in
1006 787 1116 815 fertiles
1141 795 1238 823 agros.
1257 798 1270 814 ε
1295 788 1351 816 Sed
1363 796 1397 816 ex
1423 788 1478 815 hoc
1497 796 1614 824 quoque
1629 788 1786 817 manifesta

959 834 1004 860 est
1028 831 1100 860 solis
1133 832 1307 868 magnitudo
1333 840 1340 860 :
1367 832 1446 860 Luna
1471 833 1525 860 sub
1550 832 1649 861 aestivo
1674 833 1785 868 tropico

957 877 1036 912 jacet
1051 884 1059 905 :
1074 876 1295 912 quandoigitur
1321 876 1364 904 sol
1388 876 1458 904 illuc
1483 877 1626 912 pervenit,
1643 877 1784 906 umbroso

960 921 1030 948 facit
1044 929 1078 949 ea
1093 929 1156 957 quae
1182 920 1242 949 illic
1267 921 1324 949 sita
1345 923 1415 949 sunt
1441 930 1564 958 corpora
1584 924 1784 950 trecentorum

960 966 1123 994 stadiorum
1139 965 1244 1002 spatio.
1261 965 1393 994 Circulos
1409 974 1494 1002 porro
1517 974 1604 1002 quem
1630 966 1672 994 sol
1687 969 1785 994 trans-

959 1010 992 1044 it,
1007 1011 1102 1038 decies
1119 1010 1224 1038 millies
1247 1011 1341 1046 major
1361 1013 1440 1038 terra
1464 1014 1519 1045 est,
1545 1013 1573 1038 et
1599 1010 1702 1039 circuli
1726 1011 1783 1038 hu-

956 1055 1007 1090 jus
1024 1058 1136 1091 partem
1153 1063 1217 1091 qua;
1242 1056 1312 1083 solis
1337 1055 1574 1091 magnitudinem
1592 1058 1671 1084 tenet
1686 1055 1784 1083 decies

959 1099 1067 1128 millies
1084 1101 1224 1135 majorem
1241 1109 1306 1128 esse
1318 1103 1431 1136 oportet
1448 1109 1536 1136 quam
1560 1101 1783 1136 praeiudicatum

959 1147 1042 1172 terra;
1063 1145 1204 1181 spatium.
1228 1145 1305 1172 Solis
1330 1148 1428 1173 autem
1456 1145 1581 1173 formam
1604 1145 1724 1181 sphaerae
1741 1144 1783 1173 si-

959 1189 1060 1216 milem
1071 1198 1135 1217 esse
1151 1192 1220 1217 utet
1231 1193 1400 1217 caeterorum
1418 1189 1447 1217 in
1464 1189 1536 1217 crelo
1551 1197 1708 1225 corporum
1722 1197 1783 1217 ma-

959 1234 1099 1261 nifestum
1116 1236 1169 1269 est,
1187 1236 1218 1261 ut
1233 1234 1372 1268 diximus,
1400 1236 1429 1262 et
1450 1233 1560 1262 clarius
1584 1234 1614 1262 in
1630 1236 1730 1262 nostro
1748 1234 1784 1262 de

959 1279 1054 1306 forma
1069 1287 1155 1314 opere
1170 1279 1288 1307 dicitur.

1214 1341 1260 1368 27.
1276 1341 1313 1368 De
1328 1341 1395 1368 solis
1408 1340 1523 1376 defectu.

994 1385 1069 1414 Solis
1084 1385 1206 1413 defectio
1222 1385 1339 1418 accidit,
1353 1386 1472 1421 quando
1497 1385 1568 1413 luna
1593 1385 1685 1414 solem
1701 1385 1782 1414 subit

959 1430 988 1458 in
1005 1438 1175 1466 congressu,
1196 1439 1252 1457 non
1279 1430 1390 1458 habens
1412 1430 1598 1458 latitudinem
1622 1430 1657 1458 ad
1682 1430 1782 1458 zodia-

960 1483 1037 1502 cum.
1071 1475 1153 1502 Tunc
1181 1474 1259 1502 enim
1285 1475 1349 1509 ejus
1375 1475 1464 1502 radiis
1488 1474 1656 1510 opponitur,
1682 1474 1724 1502 ita
1748 1475 1782 1502 ut

960 1520 996 1546 ad
1014 1521 1120 1547 terram
1145 1527 1202 1546 non
1226 1519 1406 1554 perveniant.
1432 1519 1497 1546 Ideo
1523 1527 1640 1555 semper
1655 1518 1683 1546 in
1709 1527 1781 1546 con-

959 1572 1061 1601 gressu
1085 1564 1191 1591 accidit
1214 1563 1285 1591 solis
1315 1563 1450 1596 defectio,
1482 1566 1603 1599 excepta
1625 1566 1724 1591 tamen
1749 1571 1783 1592 ea

958 1617 1022 1644 quas
1035 1608 1184 1636 Passionis
1202 1608 1316 1636 Domini
1332 1608 1424 1636 nostri
1440 1610 1571 1643 tempore
1595 1608 1711 1636 accidit.
1729 1608 1783 1636 Illa

958 1653 1036 1682 enim
1057 1653 1150 1689 plenae
1173 1653 1250 1680 luna:
1274 1654 1405 1689 tempore
1428 1652 1603 1680 mirabiliter
1627 1652 1702 1681 facta
1727 1655 1782 1681 est.

959 1699 1140 1726 Defectioues
1163 1706 1230 1725 vero
1255 1697 1326 1726 solis
1351 1706 1429 1725 nunc
1453 1697 1615 1733 completas,
1640 1705 1718 1725 nunc
1737 1697 1782 1725 in-

959 1742 1111 1779 completae
1125 1743 1200 1770 ﬁunt
1218 1751 1224 1769 :
1253 1743 1402 1777 completas
1425 1742 1544 1777 quidem
1571 1742 1687 1776 quando
1703 1744 1783 1769 totus

960 1787 1065 1816 solaris
1080 1786 1208 1814 circulus
1224 1787 1428 1819 obumbratur,
1446 1786 1517 1814 solis
1531 1788 1559 1813 et
1580 1786 1656 1813 luna:
1672 1786 1783 1814 centris

961 1831 1124 1860 secundum
1142 1830 1248 1858 lineam
1273 1829 1545 1866 perpendicularem
1573 1830 1655 1863 sitis;
1673 1830 1783 1858 incom-

962 1876 1046 1912 pletae
1057 1883 1123 1902 vero
1138 1875 1255 1910 quando
1280 1874 1369 1909 hujus
1396 1882 1462 1909 pars
1485 1877 1600 1901 tantum
1624 1874 1786 1901 obumbra-

962 1924 1019 1948 tur.
1045 1919 1107 1947 Non
1133 1922 1231 1947 autem
1257 1927 1309 1954 per
1333 1921 1426 1946 totum
1451 1922 1559 1946 terram
1577 1918 1619 1946 sol
1646 1918 1786 1946 deﬁciens

962 1966 1092 2000 apparet,
1123 1964 1172 1991 sed
1201 1966 1318 1991 tantum
1355 1963 1534 1999 quibusdam
1557 1963 1587 1990 in
1621 1962 1703 1990 locis.
1730 1962 1786 1990 Re-

962 2011 1070 2045 gnante
1083 2009 1160 2036 enim
1182 2007 1329 2035 Comneno
1354 2010 1435 2035 totus
1460 2008 1490 2035 in
1515 2007 1665 2035 occidente
1680 2006 1723 2034 sol
1739 2007 1786 2034 de-

963 2053 1041 2088 fecit,
1057 2053 1088 2080 in
1103 2053 1225 2089 Egypto
1242 2060 1299 2079 non
1325 2051 1446 2080 omnino
1472 2051 1589 2085 defecit,
1616 2053 1646 2078 ut
1668 2059 1721 2087 ego
1746 2050 1786 2078 ibi

962 2100 1034 2126 tune
1048 2106 1168 2126 versans
1192 2097 1397 2125 animadverti.
1421 2096 1621 2124 Mathematici
1649 2096 1739 2131 igitur
1753 2104 1789 2123 ex

964 2144 1176 2180 apparentibus
1190 2143 1374 2179 superﬁciem
1392 2142 1462 2171 solis
1478 2145 1506 2170 et
1530 2142 1606 2170 lunas
1630 2142 1660 2169 in
1677 2141 1789 2169 duode-

965 2188 1022 2215 cim
1038 2188 1144 2223 digitos
1169 2188 1332 2215 diviserunt
1348 2197 1355 2221 ;
1372 2187 1397 2215 si
1422 2187 1541 2224 quidem
1567 2187 1690 2214 defectio
1705 2185 1788 2213 dlmi<

80 2233 140 2269 ψις,
157 2229 337 2266 ἐξαδάκτυλον
362 2230 463 2265 ταύτην
487 2230 668 2266 ὀνομάζουσιν
684 2240 691 2246 ·
717 2229 741 2257 εἴ
758 2229 786 2258 δὲ
799 2230 868 2257 κατὰ
878 2229 908 2257 τὸ

999 2235 1080 2266 aest,
1105 2240 1170 2259 eam
1195 2239 1259 2259 esse
1283 2240 1333 2259 sex
1355 2231 1514 2266 digitorum
1539 2231 1661 2264 dicunt;
1679 2230 1704 2257 si
1719 2237 1785 2257 vero

81 2276 184 2314 τρίτον,
227 2274 454 2314 τετραδάκτυλον,
493 2275 538 2302 καὶ
581 2274 724 2314 ἀναλόγως
773 2275 818 2303 ἐπὶ
857 2277 911 2303 τῶν

83 2320 202 2349 λοιπῶν.

82 2377 137 2410 κη’.
177 2374 244 2411 Περὶ
288 2372 383 2404 οὐσίας
426 2372 479 2411 καὶν
515 2375 663 2411 φωτισμῶν
708 2371 828 2408 σελήνης
867 2371 912 2399 καὶ

425 2410 579 2446 σχήματος.

122 2454 156 2482 Ei
175 2454 219 2482 καὶ
250 2454 275 2481 οἱ
304 2453 521 2491 Ἀριστοτελικοὶ
542 2454 666 2489 πέμπτον
694 2453 820 2484 ὑπέθεντο
835 2455 914 2489 σῶμα

83 2499 130 2527 τὸν
146 2498 272 2535 οὐρανὸν,
293 2497 356 2525 ἀλλ’
381 2497 428 2525 οὖν
454 2497 632 2534 ὁμολογοῦσι,
661 2498 728 2535 μέρη
760 2497 806 2533 μὲν
831 2497 914 2524 αὐτοῦ

84 2545 153 2571 εἶναι
169 2542 322 2580 παχύτερα,
336 2542 381 2570 καὶ
402 2542 519 2579 μάλιστα
538 2543 571 2569 τὰ
585 2544 618 2579 τῇ
639 2544 673 2579 γῆ
689 2542 913 2579 προσεγγίζοντα,

87 2588 157 2626 μερη
187 2586 215 2615 δὲ
236 2586 398 2624 λεπτότερα,
427 2587 460 2614 τὰ
481 2586 579 2613 ἄνωθεν
605 2586 649 2613 καὶ
676 2586 837 2624 πορῥώτερα
865 2589 914 2620 τῆς

84 2636 148 2670 γῆς.
165 2633 196 2660 Ἠ
215 2634 281 2669 γοῦν
304 2631 417 2667 σελήνη,
437 2633 476 2667 τῷ
500 2631 527 2658 ἐν
542 2631 642 2669 γενέσει
659 2631 703 2658 καὶ
720 2632 806 2669 φθορᾷ
824 2630 915 2666 τούτῳ

85 2677 184 2714 κόσμῳ
217 2675 419 2712 πλησιάζουσα,
461 2675 511 2703 οὐκ
550 2677 665 2712 ἄμοιρος
692 2674 749 2702 οὐδ’
776 2675 914 2712 ἀμέτοχος

85 2721 254 2761 κατελείφθη
284 2723 338 2748 τῶν
366 2721 466 2749 τούτου
497 2722 599 2754 κακῶν,
628 2719 701 2748 ἀλλὰ
727 2722 843 2757 παχεῖαν
870 2719 915 2746 καὶ

86 2767 186 2796 ὡσανεὶ
215 2763 304 2805 γεώδη
335 2766 385 2802 τὴν
417 2765 562 2794 ὑπόστασιν
591 2763 661 2804 ἔχει.
689 2764 743 2794 Καὶ
767 2763 798 2793 οὐ
826 2763 915 2800 πᾶντη

965 2276 1052 2304 tertia
1067 2278 1149 2312 parte
1164 2275 1235 2303 solis
1250 2278 1303 2309 est,
1320 2279 1448 2311 quatuor
1462 2275 1634 2311 digitorum,
1663 2276 1689 2302 et
1705 2272 1789 2301 simi-

965 2320 1031 2348 liter
1045 2321 1080 2348 de
1096 2320 1207 2348 caeteris
1223 2320 1429 2348 divisionibus.

1054 2374 1098 2401 ‘28.
1116 2374 1153 2401 De
1165 2375 1333 2408 substantia,
1349 2374 1455 2401 lumine
1467 2374 1492 2401 et
1505 2374 1595 2408 forma
1612 2371 1700 2400 lunae.

1005 2454 1065 2482 Etsi
1080 2453 1253 2481 Aristotelici
1270 2455 1438 2489 supponant
1454 2452 1559 2480 coelum
1574 2459 1638 2480 esse
1654 2451 1791 2487 quintum

969 2507 1086 2535 corpus,
1114 2501 1213 2526 tamen
1237 2498 1435 2531 consentiunt,
1460 2499 1558 2532 partes
1583 2496 1704 2532 quidem
1727 2495 1792 2530 ejus

969 2542 1041 2570 alias
1066 2550 1130 2570 esse
1152 2542 1310 2570 crassiores
1334 2542 1558 2577 praesertimque
1582 2548 1672 2576 prope
1687 2542 1794 2567 terram

970 2589 1052 2621 sitas,
1069 2588 1140 2616 alias
1155 2597 1221 2616 vero
1237 2588 1370 2620 leviores,
1389 2596 1437 2615 eas
1463 2595 1568 2622 nempe
1593 2595 1656 2622 quae
1673 2593 1793 2613 sursum

969 2637 1038 2661 sunt
1052 2635 1080 2660 et
1096 2633 1190 2667 magis
1206 2641 1223 2660 θ.
1236 2634 1314 2660 terra
1328 2635 1445 2659 remotae
1475 2632 1558 2659 Luna
1581 2631 1682 2667 igitur,
1695 2630 1748 2658 toti
1765 2629 1794 2657 in

969 2677 1156 2713 generatione
1172 2680 1200 2704 et
1214 2677 1401 2713 corruptione
1416 2676 1484 2703 huic
1495 2676 1605 2704 mundo
1619 2675 1793 2712 propinqua,

969 2722 1059 2757 hujus
1076 2730 1191 2758 quoque
1207 2722 1310 2749 mundi
1325 2720 1470 2749 malorum
1496 2729 1554 2748 non
1579 2728 1682 2756 expers
1698 2725 1794 2754 neque

970 2766 1113 2795 immunis
1129 2767 1291 2795 constituta
1305 2769 1362 2801 est,
1378 2766 1430 2794 sed
1443 2773 1574 2794 crassam
1590 2767 1619 2793 et
1635 2763 1719 2801 quasi
1735 2764 1794 2790 ter-
