  <div class='ocr_page' id='page_1' title='image "/cluster/home/n/w/nwhite01/storage/ocr_20150623/122/njp.32101077773016/427.png"; bbox 0 0 1951 3054; ppageno 0'>
   <div class='ocr_carea' id='block_1_1' title="bbox 187 87 246 117">
    <p class='ocr_par' dir='ltr' id='par_1_1' title="bbox 187 87 246 117">
     <span class='ocr_line' id='line_1_1' title="bbox 187 87 246 117; baseline -0.017 0"><span class='ocrx_word' id='word_1_1' title='bbox 187 87 246 117; x_wconf 84' lang='grc'>807</span> 
     </span>
    </p>
   </div>
   <div class='ocr_carea' id='block_1_2' title="bbox 850 80 1225 112">
    <p class='ocr_par' dir='ltr' id='par_1_2' title="bbox 850 80 1225 112">
     <span class='ocr_line' id='line_1_2' title="bbox 850 80 1225 112; baseline 0.003 -1"><span class='ocrx_word' id='word_1_2' title='bbox 850 80 1064 111; x_wconf 80' lang='lat' dir='ltr'>MICHAELIS</span> <span class='ocrx_word' id='word_1_3' title='bbox 1087 81 1225 112; x_wconf 85' lang='lat' dir='ltr'>PSELLI</span> 
     </span>
    </p>
   </div>
   <div class='ocr_carea' id='block_1_3' title="bbox 1838 79 1896 110">
    <p class='ocr_par' dir='ltr' id='par_1_3' title="bbox 1838 79 1896 110">
     <span class='ocr_line' id='line_1_3' title="bbox 1838 79 1896 110; baseline 0 0"><span class='ocrx_word' id='word_1_4' title='bbox 1838 79 1896 110; x_wconf 86' lang='lat'>808</span> 
     </span>
    </p>
   </div>
   <div class='ocr_carea' id='block_1_4' title="bbox 186 143 997 184">
    <p class='ocr_par' dir='ltr' id='par_1_4' title="bbox 186 147 997 184">
     <span class='ocr_line' id='line_1_4' title="bbox 186 147 997 184; baseline -0.009 -3"><span class='ocrx_word' id='word_1_5' title='bbox 186 154 309 181; x_wconf 86' lang='lat' dir='ltr'>restrem</span> <span class='ocrx_word' id='word_1_6' title='bbox 326 151 412 180; x_wconf 81' lang='lat' dir='ltr'>habet</span> <span class='ocrx_word' id='word_1_7' title='bbox 437 149 646 179; x_wconf 76' lang='lat' dir='ltr'>substantiam.</span> <span class='ocrx_word' id='word_1_8' title='bbox 670 148 770 184; x_wconf 84' lang='lat' dir='ltr'>Neque</span> <span class='ocrx_word' id='word_1_9' title='bbox 794 155 862 176; x_wconf 87' lang='lat' dir='ltr'>vero</span> <span class='ocrx_word' id='word_1_10' title='bbox 889 147 997 175; x_wconf 82' lang='lat' dir='ltr'>omnim</span> 
     </span>
    </p>
   </div>
   <div class='ocr_carea' id='block_1_5' title="bbox 1089 143 1895 184">
    <p class='ocr_par' dir='ltr' id='par_1_5' title="bbox 1089 143 1895 184">
     <span class='ocr_line' id='line_1_5' title="bbox 1089 143 1895 184; baseline 0 -10"><span class='ocrx_word' id='word_1_11' title='bbox 1089 146 1158 182; x_wconf 65' lang='grc' dir='ltr'>διαιλή</span> <span class='ocrx_word' id='word_1_12' title='bbox 1180 145 1216 175; x_wconf 80' lang='grc' dir='ltr'>δι’</span> <span class='ocrx_word' id='word_1_13' title='bbox 1231 146 1298 176; x_wconf 75' lang='grc' dir='ltr'>ὅλου</span> <span class='ocrx_word' id='word_1_14' title='bbox 1313 148 1396 183; x_wconf 75' lang='grc' dir='ltr'>αὐτῆς</span> <span class='ocrx_word' id='word_1_15' title='bbox 1418 149 1466 175; x_wconf 80' lang='grc' dir='ltr'>τοῦ</span> <span class='ocrx_word' id='word_1_16' title='bbox 1491 146 1617 184; x_wconf 76' lang='grc' dir='ltr'>σώματός</span> <span class='ocrx_word' id='word_1_17' title='bbox 1644 146 1727 181; x_wconf 80' lang='grc' dir='ltr'>ἐστιν,</span> <span class='ocrx_word' id='word_1_18' title='bbox 1753 145 1818 174; x_wconf 80' lang='grc' dir='ltr'>ἀλλ’</span> <span class='ocrx_word' id='word_1_19' title='bbox 1843 143 1895 174; x_wconf 77' lang='grc' dir='ltr'>ἔστι</span> 
     </span>
    </p>
   </div>
   <div class='ocr_carea' id='block_1_6' title="bbox 184 193 1012 234">
    <p class='ocr_par' dir='ltr' id='par_1_6' title="bbox 184 193 1012 234">
     <span class='ocr_line' id='line_1_6' title="bbox 184 193 1012 234; baseline -0.008 -8"><span class='ocrx_word' id='word_1_20' title='bbox 184 198 305 234; x_wconf 66' lang='lat' dir='ltr'>aequalis</span> <span class='ocrx_word' id='word_1_21' title='bbox 322 199 366 225; x_wconf 87' lang='lat' dir='ltr'>est</span> <span class='ocrx_word' id='word_1_22' title='bbox 382 205 433 232; x_wconf 85' lang='lat' dir='ltr'>per</span> <span class='ocrx_word' id='word_1_23' title='bbox 447 198 541 223; x_wconf 90' lang='lat' dir='ltr'>totum</span> <span class='ocrx_word' id='word_1_24' title='bbox 560 202 647 222; x_wconf 87' lang='lat' dir='ltr'>suum</span> <span class='ocrx_word' id='word_1_25' title='bbox 672 202 792 229; x_wconf 88' lang='lat' dir='ltr'>corpus,</span> <span class='ocrx_word' id='word_1_26' title='bbox 809 193 858 221; x_wconf 86' lang='lat' dir='ltr'>sed</span> <span class='ocrx_word' id='word_1_27' title='bbox 877 193 1012 229; x_wconf 70' lang='lat' dir='ltr'>quaedam</span> 
     </span>
    </p>
   </div>
   <div class='ocr_carea' id='block_1_7' title="bbox 183 236 1014 279">
    <p class='ocr_par' dir='ltr' id='par_1_7' title="bbox 183 236 1014 279">
     <span class='ocr_line' id='line_1_7' title="bbox 183 236 1014 279; baseline -0.008 -8"><span class='ocrx_word' id='word_1_28' title='bbox 183 244 248 279; x_wconf 79' lang='lat' dir='ltr'>ejus</span> <span class='ocrx_word' id='word_1_29' title='bbox 264 245 362 279; x_wconf 85' lang='lat' dir='ltr'>partes</span> <span class='ocrx_word' id='word_1_30' title='bbox 387 241 451 268; x_wconf 88' lang='lat' dir='ltr'>luce</span> <span class='ocrx_word' id='word_1_31' title='bbox 475 241 576 268; x_wconf 83' lang='lat' dir='ltr'>carent</span> <span class='ocrx_word' id='word_1_32' title='bbox 597 241 626 266; x_wconf 87' lang='lat' dir='ltr'>et</span> <span class='ocrx_word' id='word_1_33' title='bbox 648 239 779 266; x_wconf 74' lang='lat' dir='ltr'>obscurae</span> <span class='ocrx_word' id='word_1_34' title='bbox 805 240 884 271; x_wconf 84' lang='lat' dir='ltr'>sunt,</span> <span class='ocrx_word' id='word_1_35' title='bbox 910 236 1014 264; x_wconf 70' lang='lat' dir='ltr'>medim</span> 
     </span>
    </p>
   </div>
   <div class='ocr_carea' id='block_1_8' title="bbox 185 282 1014 322">
    <p class='ocr_par' dir='ltr' id='par_1_8' title="bbox 185 282 1014 322">
     <span class='ocr_line' id='line_1_8' title="bbox 185 282 1014 322; baseline -0.01 -6"><span class='ocrx_word' id='word_1_36' title='bbox 185 288 306 316; x_wconf 79' lang='lat' dir='ltr'>scilicet.</span> <span class='ocrx_word' id='word_1_37' title='bbox 323 287 355 314; x_wconf 89' lang='lat' dir='ltr'>Et</span> <span class='ocrx_word' id='word_1_38' title='bbox 371 285 620 322; x_wconf 80' lang='lat' dir='ltr'>quemadmodum</span> <span class='ocrx_word' id='word_1_39' title='bbox 648 292 682 311; x_wconf 87' lang='lat' dir='ltr'>ea</span> <span class='ocrx_word' id='word_1_40' title='bbox 711 291 774 319; x_wconf 71' lang='lat' dir='ltr'>quas</span> <span class='ocrx_word' id='word_1_41' title='bbox 805 284 970 310; x_wconf 88' lang='lat' dir='ltr'>nascuntur</span> <span class='ocrx_word' id='word_1_42' title='bbox 985 282 1014 309; x_wconf 89' lang='lat' dir='ltr'>et</span> 
     </span>
    </p>
   </div>
   <div class='ocr_carea' id='block_1_9' title="bbox 186 325 1013 368">
    <p class='ocr_par' dir='ltr' id='par_1_9' title="bbox 186 325 1013 368">
     <span class='ocr_line' id='line_1_9' title="bbox 186 325 1013 368; baseline -0.011 -7"><span class='ocrx_word' id='word_1_43' title='bbox 186 333 416 368; x_wconf 87' lang='lat' dir='ltr'>corrumpuntur</span> <span class='ocrx_word' id='word_1_44' title='bbox 448 329 566 357; x_wconf 87' lang='lat' dir='ltr'>initium</span> <span class='ocrx_word' id='word_1_45' title='bbox 604 330 633 356; x_wconf 85' lang='lat' dir='ltr'>et</span> <span class='ocrx_word' id='word_1_46' title='bbox 664 328 892 360; x_wconf 80' lang='lat' dir='ltr'>incrementum,</span> <span class='ocrx_word' id='word_1_47' title='bbox 922 327 950 354; x_wconf 85' lang='lat' dir='ltr'>et</span> <span class='ocrx_word' id='word_1_48' title='bbox 971 325 1013 352; x_wconf 86' lang='lat' dir='ltr'>vi-</span> 
     </span>
    </p>
   </div>
   <div class='ocr_carea' id='block_1_10' title="bbox 185 369 1014 414">
    <p class='ocr_par' dir='ltr' id='par_1_10' title="bbox 185 369 1014 414">
     <span class='ocr_line' id='line_1_10' title="bbox 185 369 1014 414; baseline -0.01 -9"><span class='ocrx_word' id='word_1_49' title='bbox 185 386 284 414; x_wconf 81' lang='lat' dir='ltr'>gorem</span> <span class='ocrx_word' id='word_1_50' title='bbox 317 378 346 404; x_wconf 89' lang='lat' dir='ltr'>et</span> <span class='ocrx_word' id='word_1_51' title='bbox 376 374 554 403; x_wconf 78' lang='lat' dir='ltr'>debilitatem</span> <span class='ocrx_word' id='word_1_52' title='bbox 585 373 703 407; x_wconf 83' lang='lat' dir='ltr'>habent,</span> <span class='ocrx_word' id='word_1_53' title='bbox 739 371 780 399; x_wconf 90' lang='lat' dir='ltr'>ita</span> <span class='ocrx_word' id='word_1_54' title='bbox 802 374 831 399; x_wconf 88' lang='lat' dir='ltr'>et</span> <span class='ocrx_word' id='word_1_55' title='bbox 855 371 930 398; x_wconf 71' lang='lat' dir='ltr'>lunae</span> <span class='ocrx_word' id='word_1_56' title='bbox 963 369 1014 398; x_wconf 84' lang='lat' dir='ltr'>lux</span> 
     </span>
    </p>
   </div>
   <div class='ocr_carea' id='block_1_11' title="bbox 186 415 1012 454">
    <p class='ocr_par' dir='ltr' id='par_1_11' title="bbox 186 415 1012 454">
     <span class='ocr_line' id='line_1_11' title="bbox 186 415 1012 454; baseline -0.008 -5"><span class='ocrx_word' id='word_1_57' title='bbox 186 422 276 450; x_wconf 86' lang='lat' dir='ltr'>ﬁniet.</span> <span class='ocrx_word' id='word_1_58' title='bbox 293 421 394 454; x_wconf 85' lang='lat' dir='ltr'>Neque</span> <span class='ocrx_word' id='word_1_59' title='bbox 408 428 474 447; x_wconf 88' lang='lat' dir='ltr'>vero</span> <span class='ocrx_word' id='word_1_60' title='bbox 496 418 682 446; x_wconf 85' lang='lat' dir='ltr'>solummodo</span> <span class='ocrx_word' id='word_1_61' title='bbox 708 419 819 444; x_wconf 70' lang='lat' dir='ltr'>caeteris</span> <span class='ocrx_word' id='word_1_62' title='bbox 845 415 1012 443; x_wconf 62' lang='lat' dir='ltr'>caelestibus</span> 
     </span>
    </p>
   </div>
   <div class='ocr_carea' id='block_1_12' title="bbox 184 461 1013 502">
    <p class='ocr_par' dir='ltr' id='par_1_12' title="bbox 184 461 1013 502">
     <span class='ocr_line' id='line_1_12' title="bbox 184 461 1013 502; baseline -0.008 -8"><span class='ocrx_word' id='word_1_63' title='bbox 184 466 357 502; x_wconf 84' lang='lat' dir='ltr'>corporibus</span> <span class='ocrx_word' id='word_1_64' title='bbox 373 464 501 500; x_wconf 62' lang='lat' dir='ltr'>egetsed</span> <span class='ocrx_word' id='word_1_65' title='bbox 518 465 546 490; x_wconf 86' lang='lat' dir='ltr'>et</span> <span class='ocrx_word' id='word_1_66' title='bbox 557 462 715 498; x_wconf 78' lang='lat' dir='ltr'>aliquando</span> <span class='ocrx_word' id='word_1_67' title='bbox 730 462 757 489; x_wconf 90' lang='lat' dir='ltr'>iu</span> <span class='ocrx_word' id='word_1_68' title='bbox 776 461 912 489; x_wconf 81' lang='lat' dir='ltr'>umbram</span> <span class='ocrx_word' id='word_1_69' title='bbox 929 463 1013 488; x_wconf 70' lang='lat' dir='ltr'>terra:</span> 
     </span>
    </p>
   </div>
   <div class='ocr_carea' id='block_1_13' title="bbox 183 506 1011 542">
    <p class='ocr_par' dir='ltr' id='par_1_13' title="bbox 183 506 1011 542">
     <span class='ocr_line' id='line_1_13' title="bbox 183 506 1011 542; baseline -0.008 -4"><span class='ocrx_word' id='word_1_70' title='bbox 183 510 297 538; x_wconf 84' lang='lat' dir='ltr'>incidit.</span> <span class='ocrx_word' id='word_1_71' title='bbox 315 508 417 537; x_wconf 81' lang='lat' dir='ltr'>Deﬁcit</span> <span class='ocrx_word' id='word_1_72' title='bbox 433 510 531 535; x_wconf 87' lang='lat' dir='ltr'>autem</span> <span class='ocrx_word' id='word_1_73' title='bbox 548 515 605 535; x_wconf 90' lang='lat' dir='ltr'>non</span> <span class='ocrx_word' id='word_1_74' title='bbox 624 509 737 534; x_wconf 84' lang='lat' dir='ltr'>tantum</span> <span class='ocrx_word' id='word_1_75' title='bbox 756 506 851 542; x_wconf 85' lang='lat' dir='ltr'>quoad</span> <span class='ocrx_word' id='word_1_76' title='bbox 878 507 1011 532; x_wconf 85' lang='lat' dir='ltr'>nostrum</span> 
     </span>
    </p>
   </div>
   <div class='ocr_carea' id='block_1_14' title="bbox 184 550 1009 591">
    <p class='ocr_par' dir='ltr' id='par_1_14' title="bbox 184 550 1009 591">
     <span class='ocr_line' id='line_1_14' title="bbox 184 550 1009 591; baseline -0.007 -9"><span class='ocrx_word' id='word_1_77' title='bbox 184 557 346 591; x_wconf 80' lang='lat' dir='ltr'>aspectum,</span> <span class='ocrx_word' id='word_1_78' title='bbox 362 553 412 580; x_wconf 83' lang='lat' dir='ltr'>sed</span> <span class='ocrx_word' id='word_1_79' title='bbox 428 555 455 580; x_wconf 87' lang='lat' dir='ltr'>et</span> <span class='ocrx_word' id='word_1_80' title='bbox 470 552 534 588; x_wconf 87' lang='lat' dir='ltr'>ipsa</span> <span class='ocrx_word' id='word_1_81' title='bbox 558 551 721 579; x_wconf 87' lang='lat' dir='ltr'>secundum</span> <span class='ocrx_word' id='word_1_82' title='bbox 749 550 899 586; x_wconf 90' lang='lat' dir='ltr'>proprium</span> <span class='ocrx_word' id='word_1_83' title='bbox 922 557 1009 577; x_wconf 89' lang='lat' dir='ltr'>suum</span> 
     </span>
    </p>
   </div>
   <div class='ocr_carea' id='block_1_15' title="bbox 182 594 1010 631">
    <p class='ocr_par' dir='ltr' id='par_1_15' title="bbox 182 594 1010 631">
     <span class='ocr_line' id='line_1_15' title="bbox 182 594 1010 631; baseline -0.007 -4"><span class='ocrx_word' id='word_1_84' title='bbox 182 600 293 628; x_wconf 90' lang='lat' dir='ltr'>lumen.</span> <span class='ocrx_word' id='word_1_85' title='bbox 311 598 394 627; x_wconf 84' lang='lat' dir='ltr'>Illam</span> <span class='ocrx_word' id='word_1_86' title='bbox 410 600 507 625; x_wconf 84' lang='lat' dir='ltr'>autem</span> <span class='ocrx_word' id='word_1_87' title='bbox 526 605 542 624; x_wconf 86' lang='lat' dir='ltr'>a</span> <span class='ocrx_word' id='word_1_88' title='bbox 568 597 628 624; x_wconf 89' lang='lat' dir='ltr'>sole</span> <span class='ocrx_word' id='word_1_89' title='bbox 653 596 750 623; x_wconf 89' lang='lat' dir='ltr'>lumen</span> <span class='ocrx_word' id='word_1_90' title='bbox 773 595 902 631; x_wconf 81' lang='lat' dir='ltr'>recipere</span> <span class='ocrx_word' id='word_1_91' title='bbox 918 594 1010 622; x_wconf 87' lang='lat' dir='ltr'>mani-</span> 
     </span>
    </p>
   </div>
   <div class='ocr_carea' id='block_1_16' title="bbox 183 640 1011 678">
    <p class='ocr_par' dir='ltr' id='par_1_16' title="bbox 183 640 1011 678">
     <span class='ocr_line' id='line_1_16' title="bbox 183 640 1011 678; baseline -0.008 -6"><span class='ocrx_word' id='word_1_92' title='bbox 183 645 292 672; x_wconf 86' lang='lat' dir='ltr'>festum</span> <span class='ocrx_word' id='word_1_93' title='bbox 317 645 363 671; x_wconf 89' lang='lat' dir='ltr'>est</span> <span class='ocrx_word' id='word_1_94' title='bbox 385 642 430 670; x_wconf 85' lang='lat' dir='ltr'>vel</span> <span class='ocrx_word' id='word_1_95' title='bbox 457 641 612 678; x_wconf 83' lang='lat' dir='ltr'>paululum</span> <span class='ocrx_word' id='word_1_96' title='bbox 637 640 874 668; x_wconf 75' lang='lat' dir='ltr'>observantibus.</span> <span class='ocrx_word' id='word_1_97' title='bbox 891 640 1011 675; x_wconf 84' lang='lat' dir='ltr'>Semper</span> 
     </span>
    </p>
   </div>
   <div class='ocr_carea' id='block_1_17' title="bbox 184 683 1010 724">
    <p class='ocr_par' dir='ltr' id='par_1_17' title="bbox 184 683 1010 724">
     <span class='ocr_line' id='line_1_17' title="bbox 184 683 1010 724; baseline -0.008 -7"><span class='ocrx_word' id='word_1_98' title='bbox 184 689 263 717; x_wconf 82' lang='lat' dir='ltr'>enim</span> <span class='ocrx_word' id='word_1_99' title='bbox 292 690 403 724; x_wconf 85' lang='lat' dir='ltr'>partem</span> <span class='ocrx_word' id='word_1_100' title='bbox 430 686 629 713; x_wconf 86' lang='lat' dir='ltr'>illuminatam</span> <span class='ocrx_word' id='word_1_101' title='bbox 655 686 688 712; x_wconf 88' lang='lat' dir='ltr'>ad</span> <span class='ocrx_word' id='word_1_102' title='bbox 715 683 807 712; x_wconf 87' lang='lat' dir='ltr'>solem</span> <span class='ocrx_word' id='word_1_103' title='bbox 830 684 925 718; x_wconf 88' lang='lat' dir='ltr'>vertit,</span> <span class='ocrx_word' id='word_1_104' title='bbox 943 683 1010 710; x_wconf 90' lang='lat' dir='ltr'>ubi-</span> 
     </span>
    </p>
   </div>
   <div class='ocr_carea' id='block_1_18' title="bbox 183 727 1009 768">
    <p class='ocr_par' dir='ltr' id='par_1_18' title="bbox 183 727 1009 768">
     <span class='ocr_line' id='line_1_18' title="bbox 183 727 1009 768; baseline -0.007 -7"><span class='ocrx_word' id='word_1_105' title='bbox 183 741 300 768; x_wconf 88' lang='lat' dir='ltr'>cunque</span> <span class='ocrx_word' id='word_1_106' title='bbox 312 733 360 760; x_wconf 86' lang='lat' dir='ltr'>sit.</span> <span class='ocrx_word' id='word_1_107' title='bbox 377 732 449 759; x_wconf 87' lang='lat' dir='ltr'>Cum</span> <span class='ocrx_word' id='word_1_108' title='bbox 466 731 544 758; x_wconf 86' lang='lat' dir='ltr'>enim</span> <span class='ocrx_word' id='word_1_109' title='bbox 560 732 605 757; x_wconf 88' lang='lat' dir='ltr'>est</span> <span class='ocrx_word' id='word_1_110' title='bbox 622 729 698 756; x_wconf 84' lang='lat' dir='ltr'>infra</span> <span class='ocrx_word' id='word_1_111' title='bbox 714 730 818 763; x_wconf 86' lang='lat' dir='ltr'>solem,</span> <span class='ocrx_word' id='word_1_112' title='bbox 834 730 941 756; x_wconf 85' lang='lat' dir='ltr'>etcum</span> <span class='ocrx_word' id='word_1_113' title='bbox 959 727 1009 756; x_wconf 93' lang='lat' dir='ltr'>illo</span> 
     </span>
    </p>
   </div>
   <div class='ocr_carea' id='block_1_19' title="bbox 182 773 1010 813">
    <p class='ocr_par' dir='ltr' id='par_1_19' title="bbox 182 773 1010 813">
     <span class='ocr_line' id='line_1_19' title="bbox 182 773 1010 813; baseline -0.007 -8"><span class='ocrx_word' id='word_1_114' title='bbox 182 776 381 813; x_wconf 85' lang='lat' dir='ltr'>eongreditur,</span> <span class='ocrx_word' id='word_1_115' title='bbox 407 776 471 810; x_wconf 84' lang='lat' dir='ltr'>ejus</span> <span class='ocrx_word' id='word_1_116' title='bbox 499 778 596 810; x_wconf 87' lang='lat' dir='ltr'>partes</span> <span class='ocrx_word' id='word_1_117' title='bbox 621 782 685 809; x_wconf 67' lang='lat' dir='ltr'>qua</span> <span class='ocrx_word' id='word_1_118' title='bbox 709 773 744 800; x_wconf 89' lang='lat' dir='ltr'>ad</span> <span class='ocrx_word' id='word_1_119' title='bbox 771 781 823 800; x_wconf 86' lang='lat' dir='ltr'>nos</span> <span class='ocrx_word' id='word_1_120' title='bbox 855 774 1010 800; x_wconf 87' lang='lat' dir='ltr'>vertuntur</span> 
     </span>
    </p>
   </div>
   <div class='ocr_carea' id='block_1_20' title="bbox 182 817 1008 855">
    <p class='ocr_par' dir='ltr' id='par_1_20' title="bbox 182 817 1008 855">
     <span class='ocr_line' id='line_1_20' title="bbox 182 817 1008 855; baseline -0.008 -5"><span class='ocrx_word' id='word_1_121' title='bbox 182 822 315 850; x_wconf 63' lang='lat' dir='ltr'>obscurae</span> <span class='ocrx_word' id='word_1_122' title='bbox 331 823 412 853; x_wconf 89' lang='lat' dir='ltr'>sunt,</span> <span class='ocrx_word' id='word_1_123' title='bbox 430 828 492 855; x_wconf 71' lang='lat' dir='ltr'>quae</span> <span class='ocrx_word' id='word_1_124' title='bbox 509 827 576 846; x_wconf 89' lang='lat' dir='ltr'>vero</span> <span class='ocrx_word' id='word_1_125' title='bbox 591 826 693 845; x_wconf 87' lang='lat' dir='ltr'>versus</span> <span class='ocrx_word' id='word_1_126' title='bbox 706 817 809 850; x_wconf 88' lang='lat' dir='ltr'>solem,</span> <span class='ocrx_word' id='word_1_127' title='bbox 834 817 1008 844; x_wconf 72' lang='lat' dir='ltr'>illuminataa</span> 
     </span>
    </p>
   </div>
   <div class='ocr_carea' id='block_1_21' title="bbox 181 861 1009 899">
    <p class='ocr_par' dir='ltr' id='par_1_21' title="bbox 181 861 1009 899">
     <span class='ocr_line' id='line_1_21' title="bbox 181 861 1009 899; baseline -0.007 -5"><span class='ocrx_word' id='word_1_128' title='bbox 181 868 261 894; x_wconf 84' lang='lat' dir='ltr'>sunt.</span> <span class='ocrx_word' id='word_1_129' title='bbox 278 865 400 896; x_wconf 83' lang='lat' dir='ltr'>Quando</span> <span class='ocrx_word' id='word_1_130' title='bbox 417 866 514 891; x_wconf 86' lang='lat' dir='ltr'>autem</span> <span class='ocrx_word' id='word_1_131' title='bbox 530 863 686 899; x_wconf 80' lang='lat' dir='ltr'>paululum</span> <span class='ocrx_word' id='word_1_132' title='bbox 703 870 720 889; x_wconf 85' lang='lat' dir='ltr'>a</span> <span class='ocrx_word' id='word_1_133' title='bbox 731 862 792 889; x_wconf 90' lang='lat' dir='ltr'>sole</span> <span class='ocrx_word' id='word_1_134' title='bbox 803 861 1009 897; x_wconf 83' lang='lat' dir='ltr'>discedit,pars</span> 
     </span>
    </p>
   </div>
   <div class='ocr_carea' id='block_1_22' title="bbox 181 906 1009 946">
    <p class='ocr_par' dir='ltr' id='par_1_22' title="bbox 181 906 1009 946">
     <span class='ocr_line' id='line_1_22' title="bbox 181 906 1009 946; baseline -0.006 -8"><span class='ocrx_word' id='word_1_135' title='bbox 181 911 245 946; x_wconf 84' lang='lat' dir='ltr'>ejus</span> <span class='ocrx_word' id='word_1_136' title='bbox 260 908 445 945; x_wconf 87' lang='lat' dir='ltr'>aliquantula</span> <span class='ocrx_word' id='word_1_137' title='bbox 460 908 564 944; x_wconf 85' lang='lat' dir='ltr'>incipit</span> <span class='ocrx_word' id='word_1_138' title='bbox 584 907 760 940; x_wconf 86' lang='lat' dir='ltr'>illuminari,</span> <span class='ocrx_word' id='word_1_139' title='bbox 777 909 805 934; x_wconf 87' lang='lat' dir='ltr'>et</span> <span class='ocrx_word' id='word_1_140' title='bbox 824 907 857 934; x_wconf 91' lang='lat' dir='ltr'>ﬁt</span> <span class='ocrx_word' id='word_1_141' title='bbox 872 906 1009 941; x_wconf 87' lang='lat' dir='ltr'>utrinque</span> 
     </span>
    </p>
   </div>
   <div class='ocr_carea' id='block_1_23' title="bbox 182 950 1011 989">
    <p class='ocr_par' dir='ltr' id='par_1_23' title="bbox 182 950 1011 989">
     <span class='ocr_line' id='line_1_23' title="bbox 182 950 1011 989; baseline -0.005 -7"><span class='ocrx_word' id='word_1_142' title='bbox 182 957 321 989; x_wconf 80' lang='lat' dir='ltr'>curvata;</span> <span class='ocrx_word' id='word_1_143' title='bbox 349 962 416 981; x_wconf 91' lang='lat' dir='ltr'>cum</span> <span class='ocrx_word' id='word_1_144' title='bbox 455 955 551 981; x_wconf 85' lang='lat' dir='ltr'>autem</span> <span class='ocrx_word' id='word_1_145' title='bbox 590 951 685 988; x_wconf 83' lang='lat' dir='ltr'>magis</span> <span class='ocrx_word' id='word_1_146' title='bbox 725 951 871 985; x_wconf 85' lang='lat' dir='ltr'>discessit,</span> <span class='ocrx_word' id='word_1_147' title='bbox 917 950 1011 987; x_wconf 85' lang='lat' dir='ltr'>magis</span> 
     </span>
    </p>
   </div>
   <div class='ocr_carea' id='block_1_24' title="bbox 180 996 1009 1032">
    <p class='ocr_par' dir='ltr' id='par_1_24' title="bbox 180 996 1009 1032">
     <span class='ocr_line' id='line_1_24' title="bbox 180 996 1009 1032; baseline -0.005 -5"><span class='ocrx_word' id='word_1_148' title='bbox 180 999 365 1027; x_wconf 79' lang='lat' dir='ltr'>illuminatur</span> <span class='ocrx_word' id='word_1_149' title='bbox 379 1001 408 1026; x_wconf 87' lang='lat' dir='ltr'>et</span> <span class='ocrx_word' id='word_1_150' title='bbox 427 998 460 1025; x_wconf 89' lang='lat' dir='ltr'>ﬁt</span> <span class='ocrx_word' id='word_1_151' title='bbox 485 997 639 1025; x_wconf 86' lang='lat' dir='ltr'>dimidiata</span> <span class='ocrx_word' id='word_1_152' title='bbox 668 998 696 1024; x_wconf 89' lang='lat' dir='ltr'>et</span> <span class='ocrx_word' id='word_1_153' title='bbox 721 1005 840 1024; x_wconf 83' lang='lat' dir='ltr'>rursum</span> <span class='ocrx_word' id='word_1_154' title='bbox 869 996 1009 1032; x_wconf 87' lang='lat' dir='ltr'>utrinque</span> 
     </span>
    </p>
   </div>
   <div class='ocr_carea' id='block_1_25' title="bbox 180 1041 1009 1078">
    <p class='ocr_par' dir='ltr' id='par_1_25' title="bbox 180 1041 1009 1078">
     <span class='ocr_line' id='line_1_25' title="bbox 180 1041 1009 1078; baseline -0.006 -6"><span class='ocrx_word' id='word_1_155' title='bbox 180 1047 300 1073; x_wconf 83' lang='lat' dir='ltr'>curvata</span> <span class='ocrx_word' id='word_1_156' title='bbox 316 1045 422 1071; x_wconf 88' lang='lat' dir='ltr'>etcum</span> <span class='ocrx_word' id='word_1_157' title='bbox 438 1042 548 1070; x_wconf 85' lang='lat' dir='ltr'>directe</span> <span class='ocrx_word' id='word_1_158' title='bbox 560 1042 764 1078; x_wconf 88' lang='lat' dir='ltr'>opponitur,ﬁt</span> <span class='ocrx_word' id='word_1_159' title='bbox 779 1041 875 1077; x_wconf 88' lang='lat' dir='ltr'>plena.</span> <span class='ocrx_word' id='word_1_160' title='bbox 888 1041 1009 1073; x_wconf 85' lang='lat' dir='ltr'>Quando</span> 
     </span>
    </p>
   </div>
   <div class='ocr_carea' id='block_1_26' title="bbox 180 1087 1009 1123">
    <p class='ocr_par' dir='ltr' id='par_1_26' title="bbox 180 1087 1009 1123">
     <span class='ocr_line' id='line_1_26' title="bbox 180 1087 1009 1123; baseline -0.006 -6"><span class='ocrx_word' id='word_1_161' title='bbox 180 1089 286 1117; x_wconf 89' lang='lat' dir='ltr'>deinde</span> <span class='ocrx_word' id='word_1_162' title='bbox 308 1088 485 1116; x_wconf 77' lang='lat' dir='ltr'>diametrum</span> <span class='ocrx_word' id='word_1_163' title='bbox 511 1089 722 1123; x_wconf 82' lang='lat' dir='ltr'>przetergressa</span> <span class='ocrx_word' id='word_1_164' title='bbox 745 1089 789 1114; x_wconf 83' lang='lat' dir='ltr'>est</span> <span class='ocrx_word' id='word_1_165' title='bbox 811 1087 931 1122; x_wconf 86' lang='lat' dir='ltr'>apparet</span> <span class='ocrx_word' id='word_1_166' title='bbox 946 1094 1009 1113; x_wconf 91' lang='lat' dir='ltr'>rur-</span> 
     </span>
    </p>
   </div>
   <div class='ocr_carea' id='block_1_27' title="bbox 181 1131 1010 1168">
    <p class='ocr_par' dir='ltr' id='par_1_27' title="bbox 181 1131 1010 1168">
     <span class='ocr_line' id='line_1_27' title="bbox 181 1131 1010 1168; baseline -0.006 -6"><span class='ocrx_word' id='word_1_167' title='bbox 181 1142 248 1162; x_wconf 85' lang='lat' dir='ltr'>sum</span> <span class='ocrx_word' id='word_1_168' title='bbox 274 1133 413 1168; x_wconf 85' lang='lat' dir='ltr'>utrinque</span> <span class='ocrx_word' id='word_1_169' title='bbox 441 1135 571 1164; x_wconf 83' lang='lat' dir='ltr'>curvata.</span> <span class='ocrx_word' id='word_1_170' title='bbox 610 1133 639 1159; x_wconf 85' lang='lat' dir='ltr'>et</span> <span class='ocrx_word' id='word_1_171' title='bbox 664 1131 767 1159; x_wconf 88' lang='lat' dir='ltr'>deinde</span> <span class='ocrx_word' id='word_1_172' title='bbox 792 1131 956 1164; x_wconf 87' lang='lat' dir='ltr'>dimidiata,</span> <span class='ocrx_word' id='word_1_173' title='bbox 981 1131 1010 1158; x_wconf 89' lang='lat' dir='ltr'>et</span> 
     </span>
    </p>
   </div>
   <div class='ocr_carea' id='block_1_28' title="bbox 181 1175 1008 1214">
    <p class='ocr_par' dir='ltr' id='par_1_28' title="bbox 181 1175 1008 1214">
     <span class='ocr_line' id='line_1_28' title="bbox 181 1175 1008 1214; baseline -0.004 -9"><span class='ocrx_word' id='word_1_174' title='bbox 181 1180 283 1214; x_wconf 89' lang='lat' dir='ltr'>postea</span> <span class='ocrx_word' id='word_1_175' title='bbox 309 1177 421 1211; x_wconf 87' lang='lat' dir='ltr'>lunata,</span> <span class='ocrx_word' id='word_1_176' title='bbox 437 1178 466 1204; x_wconf 83' lang='lat' dir='ltr'>et</span> <span class='ocrx_word' id='word_1_177' title='bbox 490 1177 608 1203; x_wconf 90' lang='lat' dir='ltr'>demum</span> <span class='ocrx_word' id='word_1_178' title='bbox 637 1184 702 1203; x_wconf 91' lang='lat' dir='ltr'>cum</span> <span class='ocrx_word' id='word_1_179' title='bbox 728 1175 789 1203; x_wconf 85' lang='lat' dir='ltr'>sole</span> <span class='ocrx_word' id='word_1_180' title='bbox 804 1175 1008 1208; x_wconf 68' lang='lat' dir='ltr'>congrediens.</span> 
     </span>
    </p>
   </div>
   <div class='ocr_carea' id='block_1_29' title="bbox 180 1220 1006 1254">
    <p class='ocr_par' dir='ltr' id='par_1_29' title="bbox 180 1220 1006 1254">
     <span class='ocr_line' id='line_1_29' title="bbox 180 1220 1006 1254; baseline -0.004 -4"><span class='ocrx_word' id='word_1_181' title='bbox 180 1222 265 1250; x_wconf 88' lang='lat' dir='ltr'>nobis</span> <span class='ocrx_word' id='word_1_182' title='bbox 292 1220 449 1249; x_wconf 84' lang='lat' dir='ltr'>invisibilis</span> <span class='ocrx_word' id='word_1_183' title='bbox 474 1220 516 1247; x_wconf 88' lang='lat' dir='ltr'>ﬁt.</span> <span class='ocrx_word' id='word_1_184' title='bbox 543 1220 763 1247; x_wconf 80' lang='lat' dir='ltr'>Addubitabant</span> <span class='ocrx_word' id='word_1_185' title='bbox 790 1222 904 1247; x_wconf 85' lang='lat' dir='ltr'>veteres</span> <span class='ocrx_word' id='word_1_186' title='bbox 935 1227 1006 1254; x_wconf 89' lang='lat' dir='ltr'>quo-</span> 
     </span>
    </p>
   </div>
   <div class='ocr_carea' id='block_1_30' title="bbox 181 1264 1007 1300">
    <p class='ocr_par' dir='ltr' id='par_1_30' title="bbox 181 1264 1007 1300">
     <span class='ocr_line' id='line_1_30' title="bbox 181 1264 1007 1300; baseline -0.004 -6"><span class='ocrx_word' id='word_1_187' title='bbox 181 1267 268 1294; x_wconf 87' lang='lat' dir='ltr'>modo</span> <span class='ocrx_word' id='word_1_188' title='bbox 282 1268 311 1293; x_wconf 87' lang='lat' dir='ltr'>et</span> <span class='ocrx_word' id='word_1_189' title='bbox 326 1265 425 1293; x_wconf 83' lang='lat' dir='ltr'>lumen</span> <span class='ocrx_word' id='word_1_190' title='bbox 442 1264 567 1300; x_wconf 82' lang='lat' dir='ltr'>accipiat</span> <span class='ocrx_word' id='word_1_191' title='bbox 591 1266 619 1292; x_wconf 88' lang='lat' dir='ltr'>ct</span> <span class='ocrx_word' id='word_1_192' title='bbox 634 1264 734 1292; x_wconf 75' lang='lat' dir='ltr'>lumen</span> <span class='ocrx_word' id='word_1_193' title='bbox 761 1264 790 1291; x_wconf 92' lang='lat' dir='ltr'>in</span> <span class='ocrx_word' id='word_1_194' title='bbox 817 1267 925 1291; x_wconf 86' lang='lat' dir='ltr'>terram</span> <span class='ocrx_word' id='word_1_195' title='bbox 940 1264 1007 1291; x_wconf 86' lang='lat' dir='ltr'>mit-</span> 
     </span>
    </p>
   </div>
   <div class='ocr_carea' id='block_1_31' title="bbox 181 1308 1008 1345">
    <p class='ocr_par' dir='ltr' id='par_1_31' title="bbox 181 1308 1008 1345">
     <span class='ocr_line' id='line_1_31' title="bbox 181 1308 1008 1345; baseline -0.004 -7"><span class='ocrx_word' id='word_1_196' title='bbox 181 1313 233 1338; x_wconf 88' lang='lat' dir='ltr'>tat.</span> <span class='ocrx_word' id='word_1_197' title='bbox 249 1312 282 1338; x_wconf 89' lang='lat' dir='ltr'>Et</span> <span class='ocrx_word' id='word_1_198' title='bbox 293 1310 343 1338; x_wconf 74' lang='lat' dir='ltr'>alii</span> <span class='ocrx_word' id='word_1_199' title='bbox 367 1310 486 1345; x_wconf 85' lang='lat' dir='ltr'>quidem</span> <span class='ocrx_word' id='word_1_200' title='bbox 507 1309 644 1336; x_wconf 84' lang='lat' dir='ltr'>dicebant</span> <span class='ocrx_word' id='word_1_201' title='bbox 667 1309 731 1344; x_wconf 83' lang='lat' dir='ltr'>ejus</span> <span class='ocrx_word' id='word_1_202' title='bbox 757 1308 858 1336; x_wconf 89' lang='lat' dir='ltr'>lumen</span> <span class='ocrx_word' id='word_1_203' title='bbox 887 1316 938 1344; x_wconf 89' lang='lat' dir='ltr'>per</span> <span class='ocrx_word' id='word_1_204' title='bbox 965 1316 1008 1336; x_wconf 87' lang='lat' dir='ltr'>re-</span> 
     </span>
    </p>
   </div>
   <div class='ocr_carea' id='block_1_32' title="bbox 180 1352 1006 1390">
    <p class='ocr_par' dir='ltr' id='par_1_32' title="bbox 180 1352 1006 1390">
     <span class='ocr_line' id='line_1_32' title="bbox 180 1352 1006 1390; baseline -0.004 -7"><span class='ocrx_word' id='word_1_205' title='bbox 180 1355 334 1383; x_wconf 83' lang='lat' dir='ltr'>ﬂexionem</span> <span class='ocrx_word' id='word_1_206' title='bbox 352 1353 486 1390; x_wconf 85' lang='lat' dir='ltr'>produci,</span> <span class='ocrx_word' id='word_1_207' title='bbox 503 1354 752 1389; x_wconf 81' lang='lat' dir='ltr'>quemadmodum</span> <span class='ocrx_word' id='word_1_208' title='bbox 773 1354 801 1380; x_wconf 90' lang='lat' dir='ltr'>et</span> <span class='ocrx_word' id='word_1_209' title='bbox 829 1353 857 1380; x_wconf 92' lang='lat' dir='ltr'>in</span> <span class='ocrx_word' id='word_1_210' title='bbox 878 1352 1006 1389; x_wconf 89' lang='lat' dir='ltr'>speculis</span> 
     </span>
    </p>
   </div>
   <div class='ocr_carea' id='block_1_33' title="bbox 179 1397 1007 1434">
    <p class='ocr_par' dir='ltr' id='par_1_33' title="bbox 179 1397 1007 1434">
     <span class='ocr_line' id='line_1_33' title="bbox 179 1397 1007 1434; baseline -0.004 -7"><span class='ocrx_word' id='word_1_211' title='bbox 179 1402 208 1427; x_wconf 90' lang='lat' dir='ltr'>et</span> <span class='ocrx_word' id='word_1_212' title='bbox 223 1400 251 1427; x_wconf 92' lang='lat' dir='ltr'>in</span> <span class='ocrx_word' id='word_1_213' title='bbox 277 1399 391 1427; x_wconf 87' lang='lat' dir='ltr'>levibus</span> <span class='ocrx_word' id='word_1_214' title='bbox 416 1398 588 1434; x_wconf 88' lang='lat' dir='ltr'>corporibus</span> <span class='ocrx_word' id='word_1_215' title='bbox 610 1398 660 1431; x_wconf 87' lang='lat' dir='ltr'>ﬁt;</span> <span class='ocrx_word' id='word_1_216' title='bbox 685 1397 734 1425; x_wconf 92' lang='lat' dir='ltr'>alii</span> <span class='ocrx_word' id='word_1_217' title='bbox 754 1406 821 1425; x_wconf 85' lang='lat' dir='ltr'>vero</span> <span class='ocrx_word' id='word_1_218' title='bbox 844 1398 1007 1425; x_wconf 87' lang='lat' dir='ltr'>docuerunt</span> 
     </span>
    </p>
   </div>
   <div class='ocr_carea' id='block_1_34' title="bbox 179 1441 1006 1478">
    <p class='ocr_par' dir='ltr' id='par_1_34' title="bbox 179 1441 1006 1478">
     <span class='ocr_line' id='line_1_34' title="bbox 179 1441 1006 1478; baseline -0.004 -7"><span class='ocrx_word' id='word_1_219' title='bbox 179 1451 244 1472; x_wconf 84' lang='lat' dir='ltr'>eam</span> <span class='ocrx_word' id='word_1_220' title='bbox 261 1452 311 1478; x_wconf 89' lang='lat' dir='ltr'>per</span> <span class='ocrx_word' id='word_1_221' title='bbox 326 1442 536 1470; x_wconf 86' lang='lat' dir='ltr'>admissionem</span> <span class='ocrx_word' id='word_1_222' title='bbox 550 1444 578 1470; x_wconf 86' lang='lat' dir='ltr'>et</span> <span class='ocrx_word' id='word_1_223' title='bbox 593 1442 732 1469; x_wconf 86' lang='lat' dir='ltr'>unionem</span> <span class='ocrx_word' id='word_1_224' title='bbox 761 1441 921 1469; x_wconf 80' lang='lat' dir='ltr'>illuminari</span> <span class='ocrx_word' id='word_1_225' title='bbox 936 1450 942 1468; x_wconf 91' lang='lat'><strong>:</strong></span> <span class='ocrx_word' id='word_1_226' title='bbox 961 1443 1006 1470; x_wconf 86' lang='lat' dir='ltr'>at-</span> 
     </span>
    </p>
   </div>
   <div class='ocr_carea' id='block_1_35' title="bbox 179 1486 1005 1524">
    <p class='ocr_par' dir='ltr' id='par_1_35' title="bbox 179 1486 1005 1524">
     <span class='ocr_line' id='line_1_35' title="bbox 179 1486 1005 1524; baseline -0.001 -9"><span class='ocrx_word' id='word_1_227' title='bbox 179 1496 236 1524; x_wconf 89' lang='lat' dir='ltr'>que</span> <span class='ocrx_word' id='word_1_228' title='bbox 250 1496 314 1515; x_wconf 90' lang='lat' dir='ltr'>eam</span> <span class='ocrx_word' id='word_1_229' title='bbox 331 1487 492 1514; x_wconf 78' lang='lat' dir='ltr'>illuminari</span> <span class='ocrx_word' id='word_1_230' title='bbox 509 1495 560 1522; x_wconf 82' lang='lat' dir='ltr'>per</span> <span class='ocrx_word' id='word_1_231' title='bbox 589 1486 786 1520; x_wconf 83' lang='lat' dir='ltr'>reﬁexionem,</span> <span class='ocrx_word' id='word_1_232' title='bbox 803 1486 838 1514; x_wconf 90' lang='lat' dir='ltr'>ab</span> <span class='ocrx_word' id='word_1_233' title='bbox 860 1487 924 1522; x_wconf 88' lang='lat' dir='ltr'>ipsa</span> <span class='ocrx_word' id='word_1_234' title='bbox 939 1495 1005 1522; x_wconf 89' lang='lat' dir='ltr'>pro-</span> 
     </span>
    </p>
   </div>
   <div class='ocr_carea' id='block_1_36' title="bbox 1068 191 1896 232">
    <p class='ocr_par' dir='ltr' id='par_1_36' title="bbox 1068 191 1896 232">
     <span class='ocr_line' id='line_1_36' title="bbox 1068 191 1896 232; baseline -0.001 -13"><span class='ocrx_word' id='word_1_235' title='bbox 1068 192 1129 220; x_wconf 84' lang='grc' dir='ltr'>τινὰ</span> <span class='ocrx_word' id='word_1_236' title='bbox 1144 193 1206 231; x_wconf 78' lang='grc' dir='ltr'>παρ’</span> <span class='ocrx_word' id='word_1_237' title='bbox 1231 193 1300 230; x_wconf 82' lang='grc' dir='ltr'>αὐτῇ</span> <span class='ocrx_word' id='word_1_238' title='bbox 1332 194 1400 230; x_wconf 71' lang='grc' dir='ltr'>μέρη</span> <span class='ocrx_word' id='word_1_239' title='bbox 1427 194 1516 232; x_wconf 72' lang='grc' dir='ltr'>φωτὸς</span> <span class='ocrx_word' id='word_1_240' title='bbox 1542 191 1639 220; x_wconf 79' lang='grc' dir='ltr'>ἅδεκτα</span> <span class='ocrx_word' id='word_1_241' title='bbox 1664 192 1708 220; x_wconf 81' lang='grc' dir='ltr'>καὶ</span> <span class='ocrx_word' id='word_1_242' title='bbox 1735 191 1850 228; x_wconf 69' lang='grc' dir='ltr'>μέλανα,</span> <span class='ocrx_word' id='word_1_243' title='bbox 1865 191 1896 218; x_wconf 73' lang='grc' dir='ltr'>τὰ</span> 
     </span>
    </p>
   </div>
   <div class='ocr_carea' id='block_1_37' title="bbox 1069 234 1894 275">
    <p class='ocr_par' dir='ltr' id='par_1_37' title="bbox 1069 234 1894 275">
     <span class='ocr_line' id='line_1_37' title="bbox 1069 234 1894 275; baseline -0.001 -11"><span class='ocrx_word' id='word_1_244' title='bbox 1069 234 1113 264; x_wconf 82' lang='grc' dir='ltr'>διὰ</span> <span class='ocrx_word' id='word_1_245' title='bbox 1144 238 1226 274; x_wconf 72' lang='grc' dir='ltr'>μέσου</span> <span class='ocrx_word' id='word_1_246' title='bbox 1258 238 1340 274; x_wconf 78' lang='grc' dir='ltr'>αὐτῆς</span> <span class='ocrx_word' id='word_1_247' title='bbox 1357 247 1364 253; x_wconf 92' lang='grc'><strong>·</strong></span> <span class='ocrx_word' id='word_1_248' title='bbox 1399 238 1443 265; x_wconf 80' lang='grc' dir='ltr'>καὶ</span> <span class='ocrx_word' id='word_1_249' title='bbox 1486 237 1577 275; x_wconf 80' lang='grc' dir='ltr'>ὥσπερ</span> <span class='ocrx_word' id='word_1_250' title='bbox 1605 236 1638 264; x_wconf 81' lang='grc' dir='ltr'>τὰ</span> <span class='ocrx_word' id='word_1_251' title='bbox 1666 235 1692 264; x_wconf 76' lang='grc' dir='ltr'>ἐν</span> <span class='ocrx_word' id='word_1_252' title='bbox 1719 236 1823 274; x_wconf 72' lang='grc' dir='ltr'>γενέσει</span> <span class='ocrx_word' id='word_1_253' title='bbox 1852 236 1894 263; x_wconf 73' lang='grc' dir='ltr'>καὶ</span> 
     </span>
    </p>
   </div>
   <div class='ocr_carea' id='block_1_38' title="bbox 1069 281 1895 320">
    <p class='ocr_par' dir='ltr' id='par_1_38' title="bbox 1069 281 1895 320">
     <span class='ocr_line' id='line_1_38' title="bbox 1069 281 1895 320; baseline -0.006 -8"><span class='ocrx_word' id='word_1_254' title='bbox 1069 284 1155 320; x_wconf 69' lang='grc' dir='ltr'>φθορᾷ</span> <span class='ocrx_word' id='word_1_255' title='bbox 1183 281 1284 320; x_wconf 72' lang='grc' dir='ltr'>ἀρχὴν,</span> <span class='ocrx_word' id='word_1_256' title='bbox 1312 283 1356 310; x_wconf 83' lang='grc' dir='ltr'>καὶ</span> <span class='ocrx_word' id='word_1_257' title='bbox 1381 281 1502 318; x_wconf 70' lang='grc' dir='ltr'>αῧξησιν,</span> <span class='ocrx_word' id='word_1_258' title='bbox 1528 282 1574 309; x_wconf 86' lang='grc' dir='ltr'>καὶ</span> <span class='ocrx_word' id='word_1_259' title='bbox 1601 281 1704 318; x_wconf 75' lang='grc' dir='ltr'>ἀκμὴν,</span> <span class='ocrx_word' id='word_1_260' title='bbox 1733 281 1779 308; x_wconf 78' lang='grc' dir='ltr'>καὶ</span> <span class='ocrx_word' id='word_1_261' title='bbox 1807 291 1895 318; x_wconf 69' lang='grc' dir='ltr'>παρα-</span> 
     </span>
    </p>
   </div>
   <div class='ocr_carea' id='block_1_39' title="bbox 1067 325 1894 365">
    <p class='ocr_par' dir='ltr' id='par_1_39' title="bbox 1067 325 1894 365">
     <span class='ocr_line' id='line_1_39' title="bbox 1067 325 1894 365; baseline -0.001 -12"><span class='ocrx_word' id='word_1_262' title='bbox 1067 327 1153 362; x_wconf 80' lang='grc' dir='ltr'>κμὴν,</span> <span class='ocrx_word' id='word_1_263' title='bbox 1184 326 1256 354; x_wconf 74' lang='grc' dir='ltr'>οὕτω</span> <span class='ocrx_word' id='word_1_264' title='bbox 1280 327 1325 355; x_wconf 81' lang='grc' dir='ltr'>καὶ</span> <span class='ocrx_word' id='word_1_265' title='bbox 1357 327 1457 363; x_wconf 75' lang='grc' dir='ltr'>ταύτης</span> <span class='ocrx_word' id='word_1_266' title='bbox 1483 325 1603 354; x_wconf 75' lang='grc' dir='ltr'>τελεῖται</span> <span class='ocrx_word' id='word_1_267' title='bbox 1633 327 1647 353; x_wconf 83' lang='grc' dir='ltr'>ὁ</span> <span class='ocrx_word' id='word_1_268' title='bbox 1677 325 1894 365; x_wconf 74' lang='grc' dir='ltr'>φωτισμός.Καὶ</span> 
     </span>
    </p>
   </div>
   <div class='ocr_carea' id='block_1_40' title="bbox 1069 369 1893 408">
    <p class='ocr_par' dir='ltr' id='par_1_40' title="bbox 1069 369 1893 408">
     <span class='ocr_line' id='line_1_40' title="bbox 1069 369 1893 408; baseline -0.001 -10"><span class='ocrx_word' id='word_1_269' title='bbox 1069 371 1100 398; x_wconf 83' lang='grc' dir='ltr'>οὐ</span> <span class='ocrx_word' id='word_1_270' title='bbox 1118 371 1200 408; x_wconf 75' lang='grc' dir='ltr'>μόνον</span> <span class='ocrx_word' id='word_1_271' title='bbox 1217 371 1243 399; x_wconf 76' lang='grc' dir='ltr'>ἒν</span> <span class='ocrx_word' id='word_1_272' title='bbox 1271 372 1379 403; x_wconf 79' lang='grc' dir='ltr'>τούτοις</span> <span class='ocrx_word' id='word_1_273' title='bbox 1406 370 1520 400; x_wconf 80' lang='grc' dir='ltr'>ἐνδεῖται</span> <span class='ocrx_word' id='word_1_274' title='bbox 1543 373 1596 399; x_wconf 83' lang='grc' dir='ltr'>τῶν</span> <span class='ocrx_word' id='word_1_275' title='bbox 1623 370 1728 398; x_wconf 82' lang='grc' dir='ltr'>λοιπῶν</span> <span class='ocrx_word' id='word_1_276' title='bbox 1759 369 1893 408; x_wconf 68' lang='grc' dir='ltr'>οὐρανίων</span> 
     </span>
    </p>
   </div>
   <div class='ocr_carea' id='block_1_41' title="bbox 1067 415 1895 454">
    <p class='ocr_par' dir='ltr' id='par_1_41' title="bbox 1067 415 1895 454">
     <span class='ocr_line' id='line_1_41' title="bbox 1067 415 1895 454; baseline -0.001 -12"><span class='ocrx_word' id='word_1_277' title='bbox 1067 417 1213 452; x_wconf 73' lang='grc' dir='ltr'>σωμάτων,</span> <span class='ocrx_word' id='word_1_278' title='bbox 1243 416 1315 444; x_wconf 72' lang='grc' dir='ltr'>ἀλλὰ</span> <span class='ocrx_word' id='word_1_279' title='bbox 1343 417 1388 444; x_wconf 82' lang='grc' dir='ltr'>καὶ</span> <span class='ocrx_word' id='word_1_280' title='bbox 1413 416 1541 454; x_wconf 81' lang='grc' dir='ltr'>ἐμπίπτει</span> <span class='ocrx_word' id='word_1_281' title='bbox 1571 416 1657 444; x_wconf 77' lang='grc' dir='ltr'>ἐνίοτε</span> <span class='ocrx_word' id='word_1_282' title='bbox 1679 418 1718 452; x_wconf 82' lang='grc' dir='ltr'>τῷ</span> <span class='ocrx_word' id='word_1_283' title='bbox 1747 415 1895 452; x_wconf 71' lang='grc' dir='ltr'>σκιάσμιτι</span> 
     </span>
    </p>
   </div>
   <div class='ocr_carea' id='block_1_42' title="bbox 1066 458 1894 500">
    <p class='ocr_par' dir='ltr' id='par_1_42' title="bbox 1066 458 1894 500">
     <span class='ocr_line' id='line_1_42' title="bbox 1066 458 1894 500; baseline -0.001 -13"><span class='ocrx_word' id='word_1_284' title='bbox 1066 461 1115 494; x_wconf 75' lang='grc' dir='ltr'>τῆς</span> <span class='ocrx_word' id='word_1_285' title='bbox 1129 464 1180 498; x_wconf 81' lang='grc' dir='ltr'>γῆς</span> <span class='ocrx_word' id='word_1_286' title='bbox 1197 471 1202 477; x_wconf 91' lang='grc'><strong>·</strong></span> <span class='ocrx_word' id='word_1_287' title='bbox 1225 461 1343 489; x_wconf 75' lang='grc' dir='ltr'>ἐκλείπει</span> <span class='ocrx_word' id='word_1_288' title='bbox 1375 460 1403 489; x_wconf 72' lang='grc' dir='ltr'>δὲ</span> <span class='ocrx_word' id='word_1_289' title='bbox 1430 462 1460 489; x_wconf 74' lang='grc' dir='ltr'>οὒ</span> <span class='ocrx_word' id='word_1_290' title='bbox 1490 462 1558 500; x_wconf 78' lang='grc' dir='ltr'>πρὸς</span> <span class='ocrx_word' id='word_1_291' title='bbox 1579 461 1628 495; x_wconf 81' lang='grc' dir='ltr'>τὴν</span> <span class='ocrx_word' id='word_1_292' title='bbox 1655 460 1790 499; x_wconf 77' lang='grc' dir='ltr'>ἡμετέραν</span> <span class='ocrx_word' id='word_1_293' title='bbox 1819 458 1894 497; x_wconf 68' lang='grc' dir='ltr'>ὄψιν,</span> 
     </span>
    </p>
   </div>
   <div class='ocr_carea' id='block_1_43' title="bbox 1066 505 1895 544">
    <p class='ocr_par' dir='ltr' id='par_1_43' title="bbox 1066 505 1895 544">
     <span class='ocr_line' id='line_1_43' title="bbox 1066 505 1895 544; baseline 0 -12"><span class='ocrx_word' id='word_1_294' title='bbox 1066 505 1185 543; x_wconf 80' lang='grc' dir='ltr'>καθάπερ</span> <span class='ocrx_word' id='word_1_295' title='bbox 1211 506 1224 533; x_wconf 81' lang='grc' dir='ltr'><strong>ὁ</strong></span> <span class='ocrx_word' id='word_1_296' title='bbox 1249 505 1341 543; x_wconf 73' lang='grc' dir='ltr'>ἥλιος,</span> <span class='ocrx_word' id='word_1_297' title='bbox 1369 506 1432 534; x_wconf 80' lang='grc' dir='ltr'>ἀλλ’</span> <span class='ocrx_word' id='word_1_298' title='bbox 1454 506 1521 542; x_wconf 80' lang='grc' dir='ltr'>αὐτὴ</span> <span class='ocrx_word' id='word_1_299' title='bbox 1544 507 1612 534; x_wconf 72' lang='grc' dir='ltr'>κατὰ</span> <span class='ocrx_word' id='word_1_300' title='bbox 1636 506 1667 533; x_wconf 78' lang='grc' dir='ltr'>τὸ</span> <span class='ocrx_word' id='word_1_301' title='bbox 1697 506 1795 533; x_wconf 81' lang='grc' dir='ltr'>οἱκεῖον</span> <span class='ocrx_word' id='word_1_302' title='bbox 1825 507 1895 544; x_wconf 79' lang='grc' dir='ltr'>φῶς,</span> 
     </span>
    </p>
   </div>
   <div class='ocr_carea' id='block_1_44' title="bbox 1067 549 1896 589">
    <p class='ocr_par' dir='ltr' id='par_1_44' title="bbox 1067 549 1896 589">
     <span class='ocr_line' id='line_1_44' title="bbox 1067 549 1896 589; baseline -0.001 -12"><span class='ocrx_word' id='word_1_303' title='bbox 1067 549 1108 577; x_wconf 72' lang='grc' dir='ltr'>ὅτι</span> <span class='ocrx_word' id='word_1_304' title='bbox 1124 550 1195 588; x_wconf 80' lang='grc' dir='ltr'>παρὰ</span> <span class='ocrx_word' id='word_1_305' title='bbox 1210 553 1258 578; x_wconf 71' lang='grc' dir='ltr'>τοῦ</span> <span class='ocrx_word' id='word_1_306' title='bbox 1277 551 1359 586; x_wconf 79' lang='grc' dir='ltr'>ἡΛίου</span> <span class='ocrx_word' id='word_1_307' title='bbox 1378 550 1485 589; x_wconf 66' lang='grc' dir='ltr'>δέχεται</span> <span class='ocrx_word' id='word_1_308' title='bbox 1509 552 1541 578; x_wconf 89' lang='grc' dir='ltr'>τὸ</span> <span class='ocrx_word' id='word_1_309' title='bbox 1567 553 1636 589; x_wconf 76' lang='grc' dir='ltr'>φῶς,</span> <span class='ocrx_word' id='word_1_310' title='bbox 1663 549 1748 586; x_wconf 80' lang='grc' dir='ltr'>δῆλον</span> <span class='ocrx_word' id='word_1_311' title='bbox 1775 550 1896 579; x_wconf 74' lang='grc' dir='ltr'>καὶτοῖς</span> 
     </span>
    </p>
   </div>
   <div class='ocr_carea' id='block_1_45' title="bbox 1066 595 1892 634">
    <p class='ocr_par' dir='ltr' id='par_1_45' title="bbox 1066 595 1892 634">
     <span class='ocr_line' id='line_1_45' title="bbox 1066 595 1892 634; baseline 0 -12"><span class='ocrx_word' id='word_1_312' title='bbox 1066 595 1188 623; x_wconf 84' lang='grc' dir='ltr'>ὁπωσονν</span> <span class='ocrx_word' id='word_1_313' title='bbox 1213 595 1391 633; x_wconf 69' lang='grc' dir='ltr'>τετηρηκόσιν</span> <span class='ocrx_word' id='word_1_314' title='bbox 1414 605 1420 611; x_wconf 77' lang='grc'><strong><em>⁸</em></strong></span> <span class='ocrx_word' id='word_1_315' title='bbox 1451 595 1491 623; x_wconf 76' lang='grc' dir='ltr'>ἀεὶ</span> <span class='ocrx_word' id='word_1_316' title='bbox 1528 596 1579 634; x_wconf 71' lang='grc' dir='ltr'>γὰρ</span> <span class='ocrx_word' id='word_1_317' title='bbox 1619 595 1649 622; x_wconf 84' lang='grc' dir='ltr'>τὸ</span> <span class='ocrx_word' id='word_1_318' title='bbox 1677 595 1892 634; x_wconf 71' lang='grc' dir='ltr'>’πεφωτισμένον</span> 
     </span>
    </p>
   </div>
   <div class='ocr_carea' id='block_1_46' title="bbox 1068 639 1892 679">
    <p class='ocr_par' dir='ltr' id='par_1_46' title="bbox 1068 639 1892 679">
     <span class='ocr_line' id='line_1_46' title="bbox 1068 639 1892 679; baseline 0 -12"><span class='ocrx_word' id='word_1_319' title='bbox 1068 639 1148 676; x_wconf 73' lang='grc' dir='ltr'>μέρος</span> <span class='ocrx_word' id='word_1_320' title='bbox 1177 641 1244 678; x_wconf 80' lang='grc' dir='ltr'>πρὸς</span> <span class='ocrx_word' id='word_1_321' title='bbox 1273 641 1318 668; x_wconf 83' lang='grc' dir='ltr'>τὸν</span> <span class='ocrx_word' id='word_1_322' title='bbox 1353 640 1433 675; x_wconf 74' lang='grc' dir='ltr'>ἥλιον</span> <span class='ocrx_word' id='word_1_323' title='bbox 1467 639 1536 679; x_wconf 75' lang='grc' dir='ltr'>ἔχει,</span> <span class='ocrx_word' id='word_1_324' title='bbox 1575 640 1637 668; x_wconf 73' lang='grc' dir='ltr'>ἔνθα</span> <span class='ocrx_word' id='word_1_325' title='bbox 1674 640 1719 668; x_wconf 78' lang='grc' dir='ltr'>καὶ</span> <span class='ocrx_word' id='word_1_326' title='bbox 1759 640 1892 678; x_wconf 75' lang='grc' dir='ltr'>ὑπάρχει.</span> 
     </span>
    </p>
   </div>
   <div class='ocr_carea' id='block_1_47' title="bbox 1065 683 1893 722">
    <p class='ocr_par' dir='ltr' id='par_1_47' title="bbox 1065 683 1893 722">
     <span class='ocr_line' id='line_1_47' title="bbox 1065 683 1893 722; baseline 0 -11"><span class='ocrx_word' id='word_1_327' title='bbox 1065 685 1188 717; x_wconf 78' lang='grc' dir='ltr'>Κάτωθεν</span> <span class='ocrx_word' id='word_1_328' title='bbox 1215 685 1265 722; x_wconf 73' lang='grc' dir='ltr'>γὰρ</span> <span class='ocrx_word' id='word_1_329' title='bbox 1291 685 1357 712; x_wconf 77' lang='grc' dir='ltr'>οὖσα</span> <span class='ocrx_word' id='word_1_330' title='bbox 1386 687 1434 712; x_wconf 80' lang='grc' dir='ltr'>τοῦ</span> <span class='ocrx_word' id='word_1_331' title='bbox 1456 685 1550 720; x_wconf 73' lang='grc' dir='ltr'>ἡλίου,</span> <span class='ocrx_word' id='word_1_332' title='bbox 1567 685 1611 712; x_wconf 77' lang='grc' dir='ltr'>ὅτε</span> <span class='ocrx_word' id='word_1_333' title='bbox 1635 683 1782 722; x_wconf 75' lang='grc' dir='ltr'>συνοδεόσῃ</span> <span class='ocrx_word' id='word_1_334' title='bbox 1808 684 1893 720; x_wconf 78' lang='grc' dir='ltr'>αὐτῷ,</span> 
     </span>
    </p>
   </div>
   <div class='ocr_carea' id='block_1_48' title="bbox 1064 729 1894 768">
    <p class='ocr_par' dir='ltr' id='par_1_48' title="bbox 1064 729 1894 768">
     <span class='ocr_line' id='line_1_48' title="bbox 1064 729 1894 768; baseline 0 -12"><span class='ocrx_word' id='word_1_335' title='bbox 1064 729 1097 756; x_wconf 77' lang='grc' dir='ltr'>τὰ</span> <span class='ocrx_word' id='word_1_336' title='bbox 1126 730 1173 766; x_wconf 71' lang='grc' dir='ltr'>μὲν</span> <span class='ocrx_word' id='word_1_337' title='bbox 1200 730 1266 766; x_wconf 77' lang='grc' dir='ltr'>πρὸς</span> <span class='ocrx_word' id='word_1_338' title='bbox 1295 730 1369 766; x_wconf 69' lang='grc' dir='ltr'>ἡμᾶς</span> <span class='ocrx_word' id='word_1_339' title='bbox 1398 729 1481 764; x_wconf 80' lang='grc' dir='ltr'>αὐτῆς</span> <span class='ocrx_word' id='word_1_340' title='bbox 1508 729 1577 767; x_wconf 66' lang='grc' dir='ltr'>μέρη</span> <span class='ocrx_word' id='word_1_341' title='bbox 1608 729 1745 768; x_wconf 80' lang='grc' dir='ltr'>ἀφώτιπά</span> <span class='ocrx_word' id='word_1_342' title='bbox 1767 729 1835 763; x_wconf 67' lang='grc' dir='ltr'>ἐστι,</span> <span class='ocrx_word' id='word_1_343' title='bbox 1859 729 1894 756; x_wconf 73' lang='grc' dir='ltr'>τά</span> 
     </span>
    </p>
   </div>
   <div class='ocr_carea' id='block_1_49' title="bbox 1066 773 1893 814">
    <p class='ocr_par' dir='ltr' id='par_1_49' title="bbox 1066 773 1893 814">
     <span class='ocr_line' id='line_1_49' title="bbox 1066 773 1893 814; baseline 0 -14"><span class='ocrx_word' id='word_1_344' title='bbox 1066 773 1093 800; x_wconf 76' lang='grc' dir='ltr'>δὲ</span> <span class='ocrx_word' id='word_1_345' title='bbox 1108 774 1176 811; x_wconf 79' lang='grc' dir='ltr'>πρὸς</span> <span class='ocrx_word' id='word_1_346' title='bbox 1189 774 1234 801; x_wconf 83' lang='grc' dir='ltr'>τὸν</span> <span class='ocrx_word' id='word_1_347' title='bbox 1261 773 1341 809; x_wconf 75' lang='grc' dir='ltr'>ἥλιον</span> <span class='ocrx_word' id='word_1_348' title='bbox 1363 775 1555 814; x_wconf 74' lang='grc' dir='ltr'>πεφωτισμένα</span> <span class='ocrx_word' id='word_1_349' title='bbox 1572 785 1578 791; x_wconf 81' lang='grc'><em>’</em></span> <span class='ocrx_word' id='word_1_350' title='bbox 1596 774 1641 802; x_wconf 75' lang='grc' dir='ltr'>ὅτε</span> <span class='ocrx_word' id='word_1_351' title='bbox 1665 773 1693 802; x_wconf 62' lang='grc' dir='ltr'>δὲ</span> <span class='ocrx_word' id='word_1_352' title='bbox 1719 775 1825 811; x_wconf 80' lang='grc' dir='ltr'>ἀποστῇ</span> <span class='ocrx_word' id='word_1_353' title='bbox 1844 776 1893 801; x_wconf 67' lang='grc' dir='ltr'>τοῦ</span> 
     </span>
    </p>
   </div>
   <div class='ocr_carea' id='block_1_50' title="bbox 1064 817 1892 857">
    <p class='ocr_par' dir='ltr' id='par_1_50' title="bbox 1064 817 1892 857">
     <span class='ocr_line' id='line_1_50' title="bbox 1064 817 1892 857; baseline 0.001 -12"><span class='ocrx_word' id='word_1_354' title='bbox 1064 817 1146 853; x_wconf 76' lang='grc' dir='ltr'>ἡλίου</span> <span class='ocrx_word' id='word_1_355' title='bbox 1163 817 1319 856; x_wconf 78' lang='grc' dir='ltr'>ἐλάχιστον,</span> <span class='ocrx_word' id='word_1_356' title='bbox 1352 818 1464 857; x_wconf 75' lang='grc' dir='ltr'>ἄρχεται</span> <span class='ocrx_word' id='word_1_357' title='bbox 1497 819 1591 855; x_wconf 84' lang='grc' dir='ltr'>μόριόν</span> <span class='ocrx_word' id='word_1_358' title='bbox 1613 830 1639 846; x_wconf 91' lang='grc' dir='ltr'>τι</span> <span class='ocrx_word' id='word_1_359' title='bbox 1666 821 1714 846; x_wconf 80' lang='grc' dir='ltr'>τοῦ</span> <span class='ocrx_word' id='word_1_360' title='bbox 1733 819 1802 856; x_wconf 74' lang='grc' dir='ltr'>πρὸς</span> <span class='ocrx_word' id='word_1_361' title='bbox 1817 819 1892 855; x_wconf 78' lang='grc' dir='ltr'>ἡμᾶς</span> 
     </span>
    </p>
   </div>
   <div class='ocr_carea' id='block_1_51' title="bbox 1067 862 1893 901">
    <p class='ocr_par' dir='ltr' id='par_1_51' title="bbox 1067 862 1893 901">
     <span class='ocr_line' id='line_1_51' title="bbox 1067 862 1893 901; baseline 0.001 -12"><span class='ocrx_word' id='word_1_362' title='bbox 1067 863 1166 899; x_wconf 67' lang='grc' dir='ltr'>μέρους</span> <span class='ocrx_word' id='word_1_363' title='bbox 1195 863 1279 898; x_wconf 82' lang='grc' dir='ltr'>αὐτῆς</span> <span class='ocrx_word' id='word_1_364' title='bbox 1315 863 1536 901; x_wconf 68' lang='grc' dir='ltr'>καταυγάζεσθαι,</span> <span class='ocrx_word' id='word_1_365' title='bbox 1567 862 1613 890; x_wconf 84' lang='grc' dir='ltr'>καὶ</span> <span class='ocrx_word' id='word_1_366' title='bbox 1644 863 1745 901; x_wconf 83' lang='grc' dir='ltr'>γίνεται</span> <span class='ocrx_word' id='word_1_367' title='bbox 1785 873 1893 900; x_wconf 73' lang='grc' dir='ltr'>μηνοει-</span> 
     </span>
    </p>
   </div>
   <div class='ocr_carea' id='block_1_52' title="bbox 1065 905 1892 947">
    <p class='ocr_par' dir='ltr' id='par_1_52' title="bbox 1065 905 1892 947">
     <span class='ocr_line' id='line_1_52' title="bbox 1065 905 1892 947; baseline 0.002 -14"><span class='ocrx_word' id='word_1_368' title='bbox 1065 905 1115 942; x_wconf 74' lang='grc' dir='ltr'>δής</span> <span class='ocrx_word' id='word_1_369' title='bbox 1132 917 1138 923; x_wconf 87' lang='grc'><strong>·</strong></span> <span class='ocrx_word' id='word_1_370' title='bbox 1170 908 1225 934; x_wconf 70' lang='grc' dir='ltr'>εἶτα</span> <span class='ocrx_word' id='word_1_371' title='bbox 1246 907 1288 935; x_wconf 71' lang='grc' dir='ltr'>ἐπὶ</span> <span class='ocrx_word' id='word_1_372' title='bbox 1315 908 1399 935; x_wconf 69' lang='grc' dir='ltr'>πλίον</span> <span class='ocrx_word' id='word_1_373' title='bbox 1436 908 1584 943; x_wconf 72' lang='grc' dir='ltr'>ἀποστᾶσα,</span> <span class='ocrx_word' id='word_1_374' title='bbox 1612 906 1696 935; x_wconf 72' lang='grc' dir='ltr'>πλέον</span> <span class='ocrx_word' id='word_1_375' title='bbox 1734 907 1892 947; x_wconf 49' lang='grc' dir='ltr'>φωτίζεται,</span> 
     </span>
    </p>
   </div>
   <div class='ocr_carea' id='block_1_53' title="bbox 1064 950 1894 992">
    <p class='ocr_par' dir='ltr' id='par_1_53' title="bbox 1064 950 1894 992">
     <span class='ocr_line' id='line_1_53' title="bbox 1064 950 1894 992; baseline 0.001 -14"><span class='ocrx_word' id='word_1_376' title='bbox 1064 951 1108 978; x_wconf 75' lang='grc' dir='ltr'>καὶ</span> <span class='ocrx_word' id='word_1_377' title='bbox 1137 951 1240 990; x_wconf 80' lang='grc' dir='ltr'>γίνεται</span> <span class='ocrx_word' id='word_1_378' title='bbox 1269 950 1431 990; x_wconf 79' lang='grc' dir='ltr'>διχὸτομος,</span> <span class='ocrx_word' id='word_1_379' title='bbox 1461 953 1506 980; x_wconf 79' lang='grc' dir='ltr'>καὶ</span> <span class='ocrx_word' id='word_1_380' title='bbox 1535 951 1618 980; x_wconf 82' lang='grc' dir='ltr'>πάλιν</span> <span class='ocrx_word' id='word_1_381' title='bbox 1644 952 1825 992; x_wconf 70' lang='grc' dir='ltr'>ἀμφίκυρτος,</span> <span class='ocrx_word' id='word_1_382' title='bbox 1847 952 1894 979; x_wconf 81' lang='grc' dir='ltr'>καὶ</span> 
     </span>
    </p>
   </div>
   <div class='ocr_carea' id='block_1_54' title="bbox 1065 994 1892 1035">
    <p class='ocr_par' dir='ltr' id='par_1_54' title="bbox 1065 994 1892 1035">
     <span class='ocr_line' id='line_1_54' title="bbox 1065 994 1892 1035; baseline 0 -13"><span class='ocrx_word' id='word_1_383' title='bbox 1065 994 1245 1034; x_wconf 81' lang='grc' dir='ltr'>διαμετροῦσα</span> <span class='ocrx_word' id='word_1_384' title='bbox 1288 996 1482 1032; x_wconf 65' lang='grc' dir='ltr'>πανσᾶληνος·</span> <span class='ocrx_word' id='word_1_385' title='bbox 1534 997 1590 1024; x_wconf 75' lang='grc' dir='ltr'>εἶτα</span> <span class='ocrx_word' id='word_1_386' title='bbox 1627 996 1800 1035; x_wconf 76' lang='grc' dir='ltr'>παρελθοῦσα</span> <span class='ocrx_word' id='word_1_387' title='bbox 1841 996 1892 1031; x_wconf 79' lang='grc' dir='ltr'>τήν</span> 
     </span>
    </p>
   </div>
   <div class='ocr_carea' id='block_1_55' title="bbox 1065 1038 1892 1081">
    <p class='ocr_par' dir='ltr' id='par_1_55' title="bbox 1065 1038 1892 1081">
     <span class='ocr_line' id='line_1_55' title="bbox 1065 1038 1892 1081; baseline 0.001 -15"><span class='ocrx_word' id='word_1_388' title='bbox 1065 1038 1219 1077; x_wconf 78' lang='grc' dir='ltr'>διάμετρον,</span> <span class='ocrx_word' id='word_1_389' title='bbox 1250 1041 1346 1078; x_wconf 73' lang='grc' dir='ltr'>ὀρειταῖ</span> <span class='ocrx_word' id='word_1_390' title='bbox 1369 1041 1444 1072; x_wconf 78' lang='grc' dir='ltr'>αὖθις</span> <span class='ocrx_word' id='word_1_391' title='bbox 1469 1041 1649 1081; x_wconf 69' lang='grc' dir='ltr'>ἀμφίκυρτος,</span> <span class='ocrx_word' id='word_1_392' title='bbox 1677 1041 1722 1068; x_wconf 77' lang='grc' dir='ltr'>καὶ</span> <span class='ocrx_word' id='word_1_393' title='bbox 1747 1039 1832 1068; x_wconf 79' lang='grc' dir='ltr'>πάλιν</span> <span class='ocrx_word' id='word_1_394' title='bbox 1851 1039 1892 1068; x_wconf 82' lang='grc' dir='ltr'>δι-</span> 
     </span>
    </p>
   </div>
   <div class='ocr_carea' id='block_1_56' title="bbox 1064 1084 1893 1123">
    <p class='ocr_par' dir='ltr' id='par_1_56' title="bbox 1064 1084 1893 1123">
     <span class='ocr_line' id='line_1_56' title="bbox 1064 1084 1893 1123; baseline 0.001 -11"><span class='ocrx_word' id='word_1_395' title='bbox 1064 1084 1198 1121; x_wconf 79' lang='grc' dir='ltr'>χότομος,</span> <span class='ocrx_word' id='word_1_396' title='bbox 1219 1085 1264 1113; x_wconf 85' lang='grc' dir='ltr'>καὶ</span> <span class='ocrx_word' id='word_1_397' title='bbox 1290 1087 1357 1122; x_wconf 82' lang='grc' dir='ltr'>μετά</span> <span class='ocrx_word' id='word_1_398' title='bbox 1383 1088 1467 1113; x_wconf 73' lang='grc' dir='ltr'>ταῦτα</span> <span class='ocrx_word' id='word_1_399' title='bbox 1495 1084 1655 1123; x_wconf 79' lang='grc' dir='ltr'>μηνοειδὴς,</span> <span class='ocrx_word' id='word_1_400' title='bbox 1672 1085 1717 1113; x_wconf 80' lang='grc' dir='ltr'>καὶ</span> <span class='ocrx_word' id='word_1_401' title='bbox 1732 1086 1814 1117; x_wconf 75' lang='grc' dir='ltr'>τέλος</span> <span class='ocrx_word' id='word_1_402' title='bbox 1831 1096 1893 1112; x_wconf 85' lang='grc' dir='ltr'>συν-</span> 
     </span>
    </p>
   </div>
   <div class='ocr_carea' id='block_1_57' title="bbox 1064 1128 1893 1170">
    <p class='ocr_par' dir='ltr' id='par_1_57' title="bbox 1064 1128 1893 1170">
     <span class='ocr_line' id='line_1_57' title="bbox 1064 1128 1893 1170; baseline 0 -13"><span class='ocrx_word' id='word_1_403' title='bbox 1064 1128 1195 1157; x_wconf 70' lang='grc' dir='ltr'>οδεύουσα</span> <span class='ocrx_word' id='word_1_404' title='bbox 1223 1133 1263 1166; x_wconf 80' lang='grc' dir='ltr'>τῷ</span> <span class='ocrx_word' id='word_1_405' title='bbox 1306 1130 1391 1167; x_wconf 83' lang='grc' dir='ltr'>ἡλίῳ,</span> <span class='ocrx_word' id='word_1_406' title='bbox 1420 1130 1525 1170; x_wconf 77' lang='grc' dir='ltr'>ἀφανὴς</span> <span class='ocrx_word' id='word_1_407' title='bbox 1545 1132 1612 1168; x_wconf 78' lang='grc' dir='ltr'>ἡμῖν</span> <span class='ocrx_word' id='word_1_408' title='bbox 1641 1129 1893 1168; x_wconf 80' lang='grc' dir='ltr'>γίνεται.¹Επηπό-</span> 
     </span>
    </p>
   </div>
   <div class='ocr_carea' id='block_1_58' title="bbox 1063 1173 1890 1213">
    <p class='ocr_par' dir='ltr' id='par_1_58' title="bbox 1063 1173 1890 1213">
     <span class='ocr_line' id='line_1_58' title="bbox 1063 1173 1890 1213; baseline 0.001 -12"><span class='ocrx_word' id='word_1_409' title='bbox 1063 1184 1126 1211; x_wconf 87' lang='grc' dir='ltr'>ρουν</span> <span class='ocrx_word' id='word_1_410' title='bbox 1155 1173 1184 1202; x_wconf 67' lang='grc' dir='ltr'>δὲ</span> <span class='ocrx_word' id='word_1_411' title='bbox 1212 1175 1238 1202; x_wconf 72' lang='grc' dir='ltr'>οἱ</span> <span class='ocrx_word' id='word_1_412' title='bbox 1268 1175 1392 1213; x_wconf 82' lang='grc' dir='ltr'>ἀρχαῖοι,</span> <span class='ocrx_word' id='word_1_413' title='bbox 1427 1174 1487 1206; x_wconf 81' lang='grc' dir='ltr'>πῶς</span> <span class='ocrx_word' id='word_1_414' title='bbox 1526 1173 1634 1213; x_wconf 70' lang='grc' dir='ltr'>δέχεται</span> <span class='ocrx_word' id='word_1_415' title='bbox 1673 1175 1719 1202; x_wconf 82' lang='grc' dir='ltr'>καὶ</span> <span class='ocrx_word' id='word_1_416' title='bbox 1755 1174 1890 1211; x_wconf 69' lang='grc' dir='ltr'>ἐκπέμπει</span> 
     </span>
    </p>
   </div>
   <div class='ocr_carea' id='block_1_59' title="bbox 1063 1218 1892 1258">
    <p class='ocr_par' dir='ltr' id='par_1_59' title="bbox 1063 1218 1892 1258">
     <span class='ocr_line' id='line_1_59' title="bbox 1063 1218 1892 1258; baseline 0.001 -12"><span class='ocrx_word' id='word_1_417' title='bbox 1063 1218 1176 1251; x_wconf 76' lang='grc' dir='ltr'>ἐνταῦθα</span> <span class='ocrx_word' id='word_1_418' title='bbox 1199 1220 1230 1246; x_wconf 78' lang='grc' dir='ltr'>τὸ</span> <span class='ocrx_word' id='word_1_419' title='bbox 1253 1221 1321 1258; x_wconf 78' lang='grc' dir='ltr'>φῶς.</span> <span class='ocrx_word' id='word_1_420' title='bbox 1344 1220 1396 1247; x_wconf 89' lang='grc' dir='ltr'>Καὶ</span> <span class='ocrx_word' id='word_1_421' title='bbox 1425 1220 1450 1247; x_wconf 72' lang='grc' dir='ltr'>οἱ</span> <span class='ocrx_word' id='word_1_422' title='bbox 1477 1220 1523 1256; x_wconf 77' lang='grc' dir='ltr'>μὶν</span> <span class='ocrx_word' id='word_1_423' title='bbox 1547 1218 1657 1258; x_wconf 77' lang='grc' dir='ltr'>ἔφασαν,</span> <span class='ocrx_word' id='word_1_424' title='bbox 1682 1219 1750 1247; x_wconf 81' lang='grc' dir='ltr'>κατά</span> <span class='ocrx_word' id='word_1_425' title='bbox 1775 1219 1892 1247; x_wconf 76' lang='grc' dir='ltr'>ἀντανά-</span> 
     </span>
    </p>
   </div>
   <div class='ocr_carea' id='block_1_60' title="bbox 1062 1263 1893 1301">
    <p class='ocr_par' dir='ltr' id='par_1_60' title="bbox 1062 1263 1893 1301">
     <span class='ocr_line' id='line_1_60' title="bbox 1062 1263 1893 1301; baseline 0 -11"><span class='ocrx_word' id='word_1_426' title='bbox 1062 1263 1157 1291; x_wconf 79' lang='grc' dir='ltr'>κλασιν</span> <span class='ocrx_word' id='word_1_427' title='bbox 1185 1264 1305 1301; x_wconf 78' lang='grc' dir='ltr'>γίνεσθαι</span> <span class='ocrx_word' id='word_1_428' title='bbox 1329 1264 1429 1299; x_wconf 66' lang='grc' dir='ltr'>ταύτης</span> <span class='ocrx_word' id='word_1_429' title='bbox 1457 1267 1525 1301; x_wconf 79' lang='grc' dir='ltr'>φῶς,</span> <span class='ocrx_word' id='word_1_430' title='bbox 1551 1264 1640 1301; x_wconf 80' lang='grc' dir='ltr'>ὥσπερ</span> <span class='ocrx_word' id='word_1_431' title='bbox 1664 1265 1707 1292; x_wconf 79' lang='grc' dir='ltr'>καὶ</span> <span class='ocrx_word' id='word_1_432' title='bbox 1734 1264 1778 1292; x_wconf 76' lang='grc' dir='ltr'>ἐπί</span> <span class='ocrx_word' id='word_1_433' title='bbox 1794 1264 1893 1292; x_wconf 75' lang='grc' dir='ltr'>τετῶν</span> 
     </span>
    </p>
   </div>
   <div class='ocr_carea' id='block_1_61' title="bbox 1062 1307 1891 1346">
    <p class='ocr_par' dir='ltr' id='par_1_61' title="bbox 1062 1307 1891 1346">
     <span class='ocr_line' id='line_1_61' title="bbox 1062 1307 1891 1346; baseline 0 -11"><span class='ocrx_word' id='word_1_434' title='bbox 1062 1308 1220 1346; x_wconf 81' lang='grc' dir='ltr'>κατόπτρων</span> <span class='ocrx_word' id='word_1_435' title='bbox 1245 1309 1289 1336; x_wconf 85' lang='grc' dir='ltr'>καὶ</span> <span class='ocrx_word' id='word_1_436' title='bbox 1308 1311 1363 1337; x_wconf 81' lang='grc' dir='ltr'>τῶν</span> <span class='ocrx_word' id='word_1_437' title='bbox 1387 1309 1467 1337; x_wconf 78' lang='grc' dir='ltr'>λείων</span> <span class='ocrx_word' id='word_1_438' title='bbox 1491 1309 1594 1346; x_wconf 88' lang='grc' dir='ltr'>γίννται</span> <span class='ocrx_word' id='word_1_439' title='bbox 1619 1310 1753 1345; x_wconf 81' lang='grc' dir='ltr'>σωμάτων</span> <span class='ocrx_word' id='word_1_440' title='bbox 1773 1319 1778 1325; x_wconf 93' lang='grc'><strong>·</strong></span> <span class='ocrx_word' id='word_1_441' title='bbox 1808 1308 1836 1336; x_wconf 77' lang='grc' dir='ltr'>οἱ</span> <span class='ocrx_word' id='word_1_442' title='bbox 1864 1307 1891 1336; x_wconf 71' lang='grc' dir='ltr'>δὲ</span> 
     </span>
    </p>
   </div>
   <div class='ocr_carea' id='block_1_62' title="bbox 1061 1351 1888 1393">
    <p class='ocr_par' dir='ltr' id='par_1_62' title="bbox 1061 1351 1888 1393">
     <span class='ocr_line' id='line_1_62' title="bbox 1061 1351 1888 1393; baseline 0.001 -13"><span class='ocrx_word' id='word_1_443' title='bbox 1061 1354 1118 1385; x_wconf 81' lang='grc' dir='ltr'>καθ’</span> <span class='ocrx_word' id='word_1_444' title='bbox 1136 1352 1276 1391; x_wconf 77' lang='grc' dir='ltr'>ὑποδοχὴν</span> <span class='ocrx_word' id='word_1_445' title='bbox 1301 1354 1345 1381; x_wconf 84' lang='grc' dir='ltr'>καὶ</span> <span class='ocrx_word' id='word_1_446' title='bbox 1366 1353 1462 1381; x_wconf 85' lang='grc' dir='ltr'>’ὲνωσιν</span> <span class='ocrx_word' id='word_1_447' title='bbox 1487 1351 1578 1389; x_wconf 74' lang='grc' dir='ltr'>ἔδοξαν</span> <span class='ocrx_word' id='word_1_448' title='bbox 1605 1353 1688 1388; x_wconf 79' lang='grc' dir='ltr'>αὐτὴν</span> <span class='ocrx_word' id='word_1_449' title='bbox 1713 1353 1888 1393; x_wconf 78' lang='grc' dir='ltr'>φωτίζεσθαι,</span> 
     </span>
    </p>
   </div>
   <div class='ocr_carea' id='block_1_63' title="bbox 1061 1398 1891 1436">
    <p class='ocr_par' dir='ltr' id='par_1_63' title="bbox 1061 1398 1891 1436">
     <span class='ocr_line' id='line_1_63' title="bbox 1061 1398 1891 1436; baseline 0 -11"><span class='ocrx_word' id='word_1_450' title='bbox 1061 1398 1104 1425; x_wconf 81' lang='grc' dir='ltr'>καὶ</span> <span class='ocrx_word' id='word_1_451' title='bbox 1135 1399 1166 1426; x_wconf 77' lang='grc' dir='ltr'>τὸ</span> <span class='ocrx_word' id='word_1_452' title='bbox 1184 1399 1231 1434; x_wconf 69' lang='grc' dir='ltr'>μὲν</span> <span class='ocrx_word' id='word_1_453' title='bbox 1256 1399 1315 1426; x_wconf 81' lang='grc' dir='ltr'>κατ’</span> <span class='ocrx_word' id='word_1_454' title='bbox 1337 1398 1532 1427; x_wconf 77' lang='grc' dir='ltr'>ἀντανάκλασιν</span> <span class='ocrx_word' id='word_1_455' title='bbox 1558 1399 1603 1426; x_wconf 83' lang='grc' dir='ltr'>ἀπ’</span> <span class='ocrx_word' id='word_1_456' title='bbox 1633 1398 1716 1433; x_wconf 78' lang='grc' dir='ltr'>αὐτῆς</span> <span class='ocrx_word' id='word_1_457' title='bbox 1741 1399 1891 1436; x_wconf 64' lang='grc' dir='ltr'>γινομένην</span> 
     </span>
    </p>
   </div>
   <div class='ocr_carea' id='block_1_64' title="bbox 1061 1442 1892 1481">
    <p class='ocr_par' dir='ltr' id='par_1_64' title="bbox 1061 1442 1892 1481">
     <span class='ocr_line' id='line_1_64' title="bbox 1061 1442 1892 1481; baseline 0.001 -12"><span class='ocrx_word' id='word_1_458' title='bbox 1061 1443 1187 1481; x_wconf 78' lang='grc' dir='ltr'>φωτίζειν</span> <span class='ocrx_word' id='word_1_459' title='bbox 1212 1442 1295 1478; x_wconf 74' lang='grc' dir='ltr'>αὐτήν</span> <span class='ocrx_word' id='word_1_460' title='bbox 1314 1453 1320 1460; x_wconf 91' lang='grc'><strong>·</strong></span> <span class='ocrx_word' id='word_1_461' title='bbox 1356 1443 1465 1470; x_wconf 79' lang='grc' dir='ltr'>πιθανὸν</span> <span class='ocrx_word' id='word_1_462' title='bbox 1495 1444 1542 1480; x_wconf 75' lang='grc' dir='ltr'>μὲν</span> <span class='ocrx_word' id='word_1_463' title='bbox 1571 1445 1628 1474; x_wconf 82' lang='grc' dir='ltr'>τοῖς</span> <span class='ocrx_word' id='word_1_464' title='bbox 1657 1442 1808 1478; x_wconf 77' lang='grc' dir='ltr'>πλείστοις⁷</span> <span class='ocrx_word' id='word_1_465' title='bbox 1842 1443 1892 1470; x_wconf 78' lang='grc' dir='ltr'>οὐκ</span> 
     </span>
    </p>
   </div>
   <div class='ocr_carea' id='block_1_65' title="bbox 1061 1485 1892 1524">
    <p class='ocr_par' dir='ltr' id='par_1_65' title="bbox 1061 1485 1892 1524">
     <span class='ocr_line' id='line_1_65' title="bbox 1061 1485 1892 1524; baseline 0.001 -10"><span class='ocrx_word' id='word_1_466' title='bbox 1061 1485 1161 1522; x_wconf 71' lang='grc' dir='ltr'>ἀληθὲς</span> <span class='ocrx_word' id='word_1_467' title='bbox 1192 1486 1230 1515; x_wconf 71' lang='grc' dir='ltr'>δά.</span> <span class='ocrx_word' id='word_1_468' title='bbox 1267 1488 1456 1524; x_wconf 73' lang='grc' dir='ltr'>Ἐτηρήθησαν</span> <span class='ocrx_word' id='word_1_469' title='bbox 1485 1488 1512 1514; x_wconf 73' lang='grc' dir='ltr'>αἱ</span> <span class='ocrx_word' id='word_1_470' title='bbox 1540 1487 1749 1518; x_wconf 77' lang='grc' dir='ltr'>ἀντανακλάσεις</span> <span class='ocrx_word' id='word_1_471' title='bbox 1779 1487 1835 1515; x_wconf 78' lang='grc' dir='ltr'>ἀπό</span> <span class='ocrx_word' id='word_1_472' title='bbox 1864 1498 1892 1515; x_wconf 75' lang='grc' dir='ltr'>τε</span> 
     </span>
    </p>
   </div>
   <div class='ocr_carea' id='block_1_66' title="bbox 177 1520 997 1569">
    <p class='ocr_par' dir='ltr' id='par_1_66' title="bbox 177 1520 997 1567">
     <span class='ocr_line' id='line_1_66' title="bbox 177 1520 997 1567; baseline -0.004 -7"><span class='ocrx_word' id='word_1_473' title='bbox 177 1520 329 1560; x_wconf 60' lang='lat' dir='ltr'>cedentem</span> <span class='ocrx_word' id='word_1_474' title='bbox 358 1531 489 1567; x_wconf 82' lang='lat' dir='ltr'>plerique</span> <span class='ocrx_word' id='word_1_475' title='bbox 509 1520 671 1566; x_wconf 69' lang='lat' dir='ltr'>opinantur</span> <span class='ocrx_word' id='word_1_476' title='bbox 695 1530 827 1566; x_wconf 84' lang='lat' dir='ltr'>quidem.</span> <span class='ocrx_word' id='word_1_477' title='bbox 860 1520 997 1562; x_wconf 25' lang='lat' dir='ltr'>Qwuod‘ta-</span> 
     </span>
    </p>
   </div>
   <div class='ocr_carea' id='block_1_67' title="bbox 1089 1520 1890 1569">
    <p class='ocr_par' dir='ltr' id='par_1_67' title="bbox 1089 1531 1890 1569">
     <span class='ocr_line' id='line_1_67' title="bbox 1089 1531 1890 1569; baseline -0.001 -11"><span class='ocrx_word' id='word_1_478' title='bbox 1089 1533 1113 1558; x_wconf 71' lang='grc' dir='ltr'>ὸν</span> <span class='ocrx_word' id='word_1_479' title='bbox 1146 1531 1280 1568; x_wconf 82' lang='grc' dir='ltr'>μεγίστων</span> <span class='ocrx_word' id='word_1_480' title='bbox 1309 1532 1355 1558; x_wconf 79' lang='grc' dir='ltr'>καὶ</span> <span class='ocrx_word' id='word_1_481' title='bbox 1384 1531 1536 1569; x_wconf 70' lang='grc' dir='ltr'>ἐλαχίστων</span> <span class='ocrx_word' id='word_1_482' title='bbox 1559 1531 1693 1568; x_wconf 88' lang='grc' dir='ltr'>σωμάτων</span> <span class='ocrx_word' id='word_1_483' title='bbox 1720 1532 1758 1568; x_wconf 86' lang='grc' dir='ltr'>μή</span> <span class='ocrx_word' id='word_1_484' title='bbox 1791 1531 1890 1559; x_wconf 78' lang='grc' dir='ltr'>πλεῖον</span> 
     </span>
    </p>
   </div>
   <div class='ocr_carea' id='block_1_68' title="bbox 178 1575 1004 1604">
    <p class='ocr_par' dir='ltr' id='par_1_68' title="bbox 178 1575 1004 1604">
     <span class='ocr_line' id='line_1_68' title="bbox 178 1575 1004 1604; baseline -0.002 0"><span class='ocrx_word' id='word_1_485' title='bbox 178 1585 246 1604; x_wconf 89' lang='lat' dir='ltr'>men</span> <span class='ocrx_word' id='word_1_486' title='bbox 274 1579 318 1604; x_wconf 85' lang='lat' dir='ltr'>est</span> <span class='ocrx_word' id='word_1_487' title='bbox 347 1576 464 1604; x_wconf 84' lang='lat' dir='ltr'>falsum.</span> <span class='ocrx_word' id='word_1_488' title='bbox 498 1575 689 1603; x_wconf 70' lang='lat' dir='ltr'>Observatum</span> <span class='ocrx_word' id='word_1_489' title='bbox 713 1578 758 1602; x_wconf 91' lang='lat' dir='ltr'>est</span> <span class='ocrx_word' id='word_1_490' title='bbox 795 1575 965 1603; x_wconf 83' lang='lat' dir='ltr'>reﬂexiones</span> <span class='ocrx_word' id='word_1_491' title='bbox 986 1584 1004 1603; x_wconf 82' lang='lat' dir='ltr'>a</span> 
     </span>
    </p>
   </div>
   <div class='ocr_carea' id='block_1_69' title="bbox 178 1619 1002 1656">
    <p class='ocr_par' dir='ltr' id='par_1_69' title="bbox 178 1619 1002 1656">
     <span class='ocr_line' id='line_1_69' title="bbox 178 1619 1002 1656; baseline -0.002 -8"><span class='ocrx_word' id='word_1_492' title='bbox 178 1622 317 1650; x_wconf 79' lang='lat' dir='ltr'>maximis</span> <span class='ocrx_word' id='word_1_493' title='bbox 333 1624 361 1649; x_wconf 89' lang='lat' dir='ltr'>et</span> <span class='ocrx_word' id='word_1_494' title='bbox 373 1620 505 1648; x_wconf 87' lang='lat' dir='ltr'>minimis</span> <span class='ocrx_word' id='word_1_495' title='bbox 532 1619 703 1656; x_wconf 88' lang='lat' dir='ltr'>corporibus</span> <span class='ocrx_word' id='word_1_496' title='bbox 728 1621 920 1655; x_wconf 81' lang='lat' dir='ltr'>procedentes</span> <span class='ocrx_word' id='word_1_497' title='bbox 945 1628 1002 1647; x_wconf 91' lang='lat' dir='ltr'>non</span> 
     </span>
    </p>
   </div>
   <div class='ocr_carea' id='block_1_70' title="bbox 178 1664 1002 1705">
    <p class='ocr_par' dir='ltr' id='par_1_70' title="bbox 178 1664 1002 1705">
     <span class='ocr_line' id='line_1_70' title="bbox 178 1664 1002 1705; baseline -0.005 -9"><span class='ocrx_word' id='word_1_498' title='bbox 178 1669 245 1705; x_wconf 86' lang='lat' dir='ltr'>plus</span> <span class='ocrx_word' id='word_1_499' title='bbox 260 1675 347 1703; x_wconf 90' lang='lat' dir='ltr'>quam</span> <span class='ocrx_word' id='word_1_500' title='bbox 372 1667 429 1694; x_wconf 92' lang='lat' dir='ltr'>duo</span> <span class='ocrx_word' id='word_1_501' title='bbox 454 1665 549 1693; x_wconf 82' lang='lat' dir='ltr'>stadia</span> <span class='ocrx_word' id='word_1_502' title='bbox 574 1668 709 1692; x_wconf 69' lang='lat' dir='ltr'>transwe.</span> <span class='ocrx_word' id='word_1_503' title='bbox 727 1665 781 1692; x_wconf 87' lang='lat' dir='ltr'>Sed</span> <span class='ocrx_word' id='word_1_504' title='bbox 799 1666 827 1692; x_wconf 89' lang='lat' dir='ltr'>et</span> <span class='ocrx_word' id='word_1_505' title='bbox 851 1664 936 1692; x_wconf 83' lang='lat' dir='ltr'>aliter</span> <span class='ocrx_word' id='word_1_506' title='bbox 951 1664 1002 1692; x_wconf 82' lang='lat' dir='ltr'>de—</span> 
     </span>
    </p>
   </div>
   <div class='ocr_carea' id='block_1_71' title="bbox 177 1709 1003 1744">
    <p class='ocr_par' dir='ltr' id='par_1_71' title="bbox 177 1709 1003 1744">
     <span class='ocr_line' id='line_1_71' title="bbox 177 1709 1003 1744; baseline -0.007 -3"><span class='ocrx_word' id='word_1_507' title='bbox 177 1714 369 1741; x_wconf 82' lang='lat' dir='ltr'>monstratur.</span> <span class='ocrx_word' id='word_1_508' title='bbox 386 1711 494 1738; x_wconf 89' lang='lat' dir='ltr'>Omnes</span> <span class='ocrx_word' id='word_1_509' title='bbox 511 1709 727 1742; x_wconf 86' lang='lat' dir='ltr'>reﬁexiones,ut</span> <span class='ocrx_word' id='word_1_510' title='bbox 742 1709 771 1736; x_wconf 91' lang='lat' dir='ltr'>in</span> <span class='ocrx_word' id='word_1_511' title='bbox 788 1709 892 1744; x_wconf 76' lang='lat' dir='ltr'>opticis</span> <span class='ocrx_word' id='word_1_512' title='bbox 903 1711 1003 1736; x_wconf 87' lang='lat' dir='ltr'>osten-</span> 
     </span>
    </p>
   </div>
   <div class='ocr_carea' id='block_1_72' title="bbox 177 1753 1004 1792">
    <p class='ocr_par' dir='ltr' id='par_1_72' title="bbox 177 1753 1004 1792">
     <span class='ocr_line' id='line_1_72' title="bbox 177 1753 1004 1792; baseline -0.006 -8"><span class='ocrx_word' id='word_1_513' title='bbox 177 1756 347 1792; x_wconf 86' lang='lat' dir='ltr'>ditur,ﬁuut</span> <span class='ocrx_word' id='word_1_514' title='bbox 362 1763 414 1791; x_wconf 91' lang='lat' dir='ltr'>per</span> <span class='ocrx_word' id='word_1_515' title='bbox 429 1762 527 1790; x_wconf 66' lang='lat' dir='ltr'>aequos</span> <span class='ocrx_word' id='word_1_516' title='bbox 539 1753 683 1789; x_wconf 84' lang='lat' dir='ltr'>angulos;</span> <span class='ocrx_word' id='word_1_517' title='bbox 700 1753 776 1788; x_wconf 89' lang='lat' dir='ltr'>quod</span> <span class='ocrx_word' id='word_1_518' title='bbox 795 1761 818 1780; x_wconf 80' lang='lat' dir='ltr'>si</span> <span class='ocrx_word' id='word_1_519' title='bbox 833 1753 873 1780; x_wconf 88' lang='lat' dir='ltr'>ita</span> <span class='ocrx_word' id='word_1_520' title='bbox 887 1753 922 1780; x_wconf 87' lang='lat' dir='ltr'>de</span> <span class='ocrx_word' id='word_1_521' title='bbox 933 1753 1004 1780; x_wconf 88' lang='lat' dir='ltr'>luna</span> 
     </span>
    </p>
   </div>
   <div class='ocr_carea' id='block_1_73' title="bbox 177 1798 1002 1835">
    <p class='ocr_par' dir='ltr' id='par_1_73' title="bbox 177 1798 1002 1835">
     <span class='ocr_line' id='line_1_73' title="bbox 177 1798 1002 1835; baseline -0.004 -6"><span class='ocrx_word' id='word_1_522' title='bbox 177 1801 269 1835; x_wconf 88' lang='lat' dir='ltr'>ﬁeret,</span> <span class='ocrx_word' id='word_1_523' title='bbox 289 1808 407 1828; x_wconf 82' lang='lat' dir='ltr'>necesse</span> <span class='ocrx_word' id='word_1_524' title='bbox 431 1801 519 1833; x_wconf 86' lang='lat' dir='ltr'>esset,</span> <span class='ocrx_word' id='word_1_525' title='bbox 544 1801 577 1826; x_wconf 88' lang='lat' dir='ltr'>ut</span> <span class='ocrx_word' id='word_1_526' title='bbox 601 1798 719 1833; x_wconf 79' lang='lat' dir='ltr'>quando</span> <span class='ocrx_word' id='word_1_527' title='bbox 745 1798 906 1825; x_wconf 84' lang='lat' dir='ltr'>secundum</span> <span class='ocrx_word' id='word_1_528' title='bbox 931 1798 1002 1826; x_wconf 86' lang='lat' dir='ltr'>solis</span> 
     </span>
    </p>
   </div>
   <div class='ocr_carea' id='block_1_74' title="bbox 177 1842 1002 1880">
    <p class='ocr_par' dir='ltr' id='par_1_74' title="bbox 177 1842 1002 1880">
     <span class='ocr_line' id='line_1_74' title="bbox 177 1842 1002 1880; baseline -0.006 -6"><span class='ocrx_word' id='word_1_529' title='bbox 177 1846 352 1874; x_wconf 76' lang='lat' dir='ltr'>diametrum</span> <span class='ocrx_word' id='word_1_530' title='bbox 368 1844 397 1872; x_wconf 87' lang='lat' dir='ltr'>in</span> <span class='ocrx_word' id='word_1_531' title='bbox 416 1843 501 1880; x_wconf 87' lang='lat' dir='ltr'>plena</span> <span class='ocrx_word' id='word_1_532' title='bbox 525 1843 596 1871; x_wconf 88' lang='lat' dir='ltr'>luna</span> <span class='ocrx_word' id='word_1_533' title='bbox 621 1843 677 1871; x_wconf 88' lang='lat' dir='ltr'>sita</span> <span class='ocrx_word' id='word_1_534' title='bbox 706 1844 761 1874; x_wconf 88' lang='lat' dir='ltr'>est,</span> <span class='ocrx_word' id='word_1_535' title='bbox 787 1842 860 1870; x_wconf 85' lang='lat' dir='ltr'>radii</span> <span class='ocrx_word' id='word_1_536' title='bbox 883 1851 941 1870; x_wconf 91' lang='lat' dir='ltr'>non</span> <span class='ocrx_word' id='word_1_537' title='bbox 965 1843 1002 1870; x_wconf 86' lang='lat' dir='ltr'>ad</span> 
     </span>
    </p>
   </div>
   <div class='ocr_carea' id='block_1_75' title="bbox 178 1886 1001 1926">
    <p class='ocr_par' dir='ltr' id='par_1_75' title="bbox 178 1886 1001 1926">
     <span class='ocr_line' id='line_1_75' title="bbox 178 1886 1001 1926; baseline -0.004 -8"><span class='ocrx_word' id='word_1_538' title='bbox 178 1891 286 1918; x_wconf 84' lang='lat' dir='ltr'>terram</span> <span class='ocrx_word' id='word_1_539' title='bbox 298 1890 482 1926; x_wconf 83' lang='lat' dir='ltr'>frangantur,</span> <span class='ocrx_word' id='word_1_540' title='bbox 507 1888 556 1916; x_wconf 90' lang='lat' dir='ltr'>sed</span> <span class='ocrx_word' id='word_1_541' title='bbox 578 1888 612 1915; x_wconf 86' lang='lat' dir='ltr'>ad</span> <span class='ocrx_word' id='word_1_542' title='bbox 639 1887 742 1915; x_wconf 84' lang='lat' dir='ltr'>solem.</span> <span class='ocrx_word' id='word_1_543' title='bbox 766 1887 801 1914; x_wconf 86' lang='lat' dir='ltr'>Et</span> <span class='ocrx_word' id='word_1_544' title='bbox 825 1886 923 1914; x_wconf 65' lang='lat' dir='ltr'>multm</span> <span class='ocrx_word' id='word_1_545' title='bbox 940 1886 1001 1915; x_wconf 69' lang='lat' dir='ltr'>alia:</span> 
     </span>
    </p>
   </div>
   <div class='ocr_carea' id='block_1_76' title="bbox 178 1932 1001 1969">
    <p class='ocr_par' dir='ltr' id='par_1_76' title="bbox 178 1932 1001 1969">
     <span class='ocr_line' id='line_1_76' title="bbox 178 1932 1001 1969; baseline -0.001 -8"><span class='ocrx_word' id='word_1_546' title='bbox 178 1934 444 1963; x_wconf 81' lang='lat' dir='ltr'>demonstrationes</span> <span class='ocrx_word' id='word_1_547' title='bbox 478 1933 688 1969; x_wconf 64' lang='lat' dir='ltr'>praecedentem</span> <span class='ocrx_word' id='word_1_548' title='bbox 718 1932 1001 1960; x_wconf 84' lang='lat' dir='ltr'>demonstrationem</span> 
     </span>
    </p>
   </div>
   <div class='ocr_carea' id='block_1_77' title="bbox 176 1977 1002 2014">
    <p class='ocr_par' dir='ltr' id='par_1_77' title="bbox 176 1977 1002 2014">
     <span class='ocr_line' id='line_1_77' title="bbox 176 1977 1002 2014; baseline -0.004 -7"><span class='ocrx_word' id='word_1_549' title='bbox 176 1980 338 2008; x_wconf 83' lang='lat' dir='ltr'>confutant.</span> <span class='ocrx_word' id='word_1_550' title='bbox 355 1979 496 2014; x_wconf 86' lang='lat' dir='ltr'>Superest</span> <span class='ocrx_word' id='word_1_551' title='bbox 518 1977 610 2013; x_wconf 82' lang='lat' dir='ltr'>igitur</span> <span class='ocrx_word' id='word_1_552' title='bbox 625 1979 657 2004; x_wconf 90' lang='lat' dir='ltr'>ut</span> <span class='ocrx_word' id='word_1_553' title='bbox 682 1985 733 2012; x_wconf 86' lang='lat' dir='ltr'>per</span> <span class='ocrx_word' id='word_1_554' title='bbox 748 1977 958 2004; x_wconf 85' lang='lat' dir='ltr'>admissionem</span> <span class='ocrx_word' id='word_1_555' title='bbox 974 1978 1002 2005; x_wconf 89' lang='lat' dir='ltr'>et</span> 
     </span>
    </p>
   </div>
   <div class='ocr_carea' id='block_1_78' title="bbox 173 2021 1001 2057">
    <p class='ocr_par' dir='ltr' id='par_1_78' title="bbox 173 2021 1001 2057">
     <span class='ocr_line' id='line_1_78' title="bbox 173 2021 1001 2057; baseline -0.005 -6"><span class='ocrx_word' id='word_1_556' title='bbox 173 2024 313 2052; x_wconf 89' lang='lat' dir='ltr'>unionem</span> <span class='ocrx_word' id='word_1_557' title='bbox 330 2031 396 2050; x_wconf 90' lang='lat' dir='ltr'>cum</span> <span class='ocrx_word' id='word_1_558' title='bbox 414 2022 484 2049; x_wconf 84' lang='lat' dir='ltr'>solis</span> <span class='ocrx_word' id='word_1_559' title='bbox 500 2021 564 2048; x_wconf 87' lang='lat' dir='ltr'>luce</span> <span class='ocrx_word' id='word_1_560' title='bbox 580 2021 759 2053; x_wconf 79' lang='lat' dir='ltr'>illuminata,</span> <span class='ocrx_word' id='word_1_561' title='bbox 774 2023 858 2048; x_wconf 72' lang='lat' dir='ltr'>teme</span> <span class='ocrx_word' id='word_1_562' title='bbox 884 2029 1001 2057; x_wconf 87' lang='lat' dir='ltr'>quoque</span> 
     </span>
    </p>
   </div>
   <div class='ocr_carea' id='block_1_79' title="bbox 173 2065 1001 2100">
    <p class='ocr_par' dir='ltr' id='par_1_79' title="bbox 173 2065 1001 2100">
     <span class='ocr_line' id='line_1_79' title="bbox 173 2065 1001 2100; baseline -0.005 -4"><span class='ocrx_word' id='word_1_563' title='bbox 173 2069 272 2096; x_wconf 90' lang='lat' dir='ltr'>lumen</span> <span class='ocrx_word' id='word_1_564' title='bbox 289 2067 416 2095; x_wconf 84' lang='lat' dir='ltr'>emittat.</span> <span class='ocrx_word' id='word_1_565' title='bbox 431 2067 483 2094; x_wconf 89' lang='lat' dir='ltr'>Sed</span> <span class='ocrx_word' id='word_1_566' title='bbox 502 2065 562 2093; x_wconf 70' lang='lat' dir='ltr'>haec</span> <span class='ocrx_word' id='word_1_567' title='bbox 585 2065 693 2092; x_wconf 89' lang='lat' dir='ltr'>moveri</span> <span class='ocrx_word' id='word_1_568' title='bbox 716 2067 812 2100; x_wconf 87' lang='lat' dir='ltr'>potest</span> <span class='ocrx_word' id='word_1_569' title='bbox 828 2065 1001 2100; x_wconf 81' lang='lat' dir='ltr'>difﬁcultas,</span> 
     </span>
    </p>
   </div>
   <div class='ocr_carea' id='block_1_80' title="bbox 173 2109 1001 2145">
    <p class='ocr_par' dir='ltr' id='par_1_80' title="bbox 173 2109 1001 2145">
     <span class='ocr_line' id='line_1_80' title="bbox 173 2109 1001 2145; baseline -0.004 -5"><span class='ocrx_word' id='word_1_570' title='bbox 173 2113 197 2140; x_wconf 86' lang='lat' dir='ltr'>si</span> <span class='ocrx_word' id='word_1_571' title='bbox 213 2113 289 2140; x_wconf 59' lang='lat' dir='ltr'>luna</span> <span class='ocrx_word' id='word_1_572' title='bbox 304 2111 510 2139; x_wconf 85' lang='lat' dir='ltr'>immisceatur</span> <span class='ocrx_word' id='word_1_573' title='bbox 522 2110 594 2138; x_wconf 80' lang='lat' dir='ltr'>solis</span> <span class='ocrx_word' id='word_1_574' title='bbox 610 2109 723 2143; x_wconf 88' lang='lat' dir='ltr'>lumen,</span> <span class='ocrx_word' id='word_1_575' title='bbox 738 2112 885 2145; x_wconf 87' lang='lat' dir='ltr'>oporteret</span> <span class='ocrx_word' id='word_1_576' title='bbox 897 2112 929 2137; x_wconf 91' lang='lat' dir='ltr'>ut</span> <span class='ocrx_word' id='word_1_577' title='bbox 941 2112 1001 2138; x_wconf 78' lang='lat' dir='ltr'>tota</span> 
     </span>
    </p>
   </div>
   <div class='ocr_carea' id='block_1_81' title="bbox 171 2153 998 2191">
    <p class='ocr_par' dir='ltr' id='par_1_81' title="bbox 171 2153 998 2191">
     <span class='ocr_line' id='line_1_81' title="bbox 171 2153 998 2191; baseline -0.004 -7"><span class='ocrx_word' id='word_1_578' title='bbox 171 2156 392 2184; x_wconf 83' lang='lat' dir='ltr'>illuminaretur</span> <span class='ocrx_word' id='word_1_579' title='bbox 406 2158 433 2183; x_wconf 90' lang='lat' dir='ltr'>et</span> <span class='ocrx_word' id='word_1_580' title='bbox 450 2155 565 2191; x_wconf 87' lang='lat' dir='ltr'>plenam</span> <span class='ocrx_word' id='word_1_581' title='bbox 584 2154 681 2181; x_wconf 86' lang='lat' dir='ltr'>lucem</span> <span class='ocrx_word' id='word_1_582' title='bbox 703 2153 843 2181; x_wconf 88' lang='lat' dir='ltr'>continuo</span> <span class='ocrx_word' id='word_1_583' title='bbox 869 2153 998 2181; x_wconf 85' lang='lat' dir='ltr'>haberet.</span> 
     </span>
    </p>
   </div>
   <div class='ocr_carea' id='block_1_82' title="bbox 1058 1573 1891 1607">
    <p class='ocr_par' dir='ltr' id='par_1_82' title="bbox 1058 1573 1891 1607">
     <span class='ocr_line' id='line_1_82' title="bbox 1058 1573 1891 1607; baseline 0.001 -5"><span class='ocrx_word' id='word_1_584' title='bbox 1058 1573 1106 1602; x_wconf 69' lang='grc' dir='ltr'>δύο</span> <span class='ocrx_word' id='word_1_585' title='bbox 1132 1574 1249 1602; x_wconf 78' lang='grc' dir='ltr'>διιοῦσαι</span> <span class='ocrx_word' id='word_1_586' title='bbox 1278 1574 1403 1604; x_wconf 79' lang='grc' dir='ltr'>σταδίων.</span> <span class='ocrx_word' id='word_1_587' title='bbox 1434 1575 1521 1604; x_wconf 81' lang='grc' dir='ltr'>Ἀλλὰ</span> <span class='ocrx_word' id='word_1_588' title='bbox 1549 1576 1593 1603; x_wconf 76' lang='grc' dir='ltr'>καὶ</span> <span class='ocrx_word' id='word_1_589' title='bbox 1624 1574 1717 1607; x_wconf 69' lang='grc' dir='ltr'>ἄλλως</span> <span class='ocrx_word' id='word_1_590' title='bbox 1737 1596 1743 1603; x_wconf 89' lang='grc'>.</span> <span class='ocrx_word' id='word_1_591' title='bbox 1760 1579 1847 1603; x_wconf 73' lang='grc' dir='ltr'>πᾶσαι</span> <span class='ocrx_word' id='word_1_592' title='bbox 1865 1578 1891 1604; x_wconf 73' lang='grc' dir='ltr'><strong>αἱ</strong></span> 
     </span>
    </p>
   </div>
   <div class='ocr_carea' id='block_1_83' title="bbox 1057 1619 1888 1655">
    <p class='ocr_par' dir='ltr' id='par_1_83' title="bbox 1057 1619 1888 1655">
     <span class='ocr_line' id='line_1_83' title="bbox 1057 1619 1888 1655; baseline 0.002 -9"><span class='ocrx_word' id='word_1_593' title='bbox 1057 1619 1266 1651; x_wconf 75' lang='grc' dir='ltr'>ἀντάνακλάτεις</span> <span class='ocrx_word' id='word_1_594' title='bbox 1295 1620 1346 1655; x_wconf 69' lang='grc' dir='ltr'>ἀεὶ,</span> <span class='ocrx_word' id='word_1_595' title='bbox 1377 1620 1413 1651; x_wconf 81' lang='grc' dir='ltr'>ὡς</span> <span class='ocrx_word' id='word_1_596' title='bbox 1443 1619 1469 1647; x_wconf 80' lang='grc' dir='ltr'>ἐν</span> <span class='ocrx_word' id='word_1_597' title='bbox 1500 1623 1554 1651; x_wconf 87' lang='grc' dir='ltr'>εοῖς</span> <span class='ocrx_word' id='word_1_598' title='bbox 1584 1620 1708 1652; x_wconf 79' lang='grc' dir='ltr'>ὅπτικοῖς</span> <span class='ocrx_word' id='word_1_599' title='bbox 1737 1619 1888 1655; x_wconf 83' lang='grc' dir='ltr'>δείκνυται,</span> 
     </span>
    </p>
   </div>
   <div class='ocr_carea' id='block_1_84' title="bbox 1056 1663 1888 1702">
    <p class='ocr_par' dir='ltr' id='par_1_84' title="bbox 1056 1663 1888 1702">
     <span class='ocr_line' id='line_1_84' title="bbox 1056 1663 1888 1702; baseline 0.001 -10"><span class='ocrx_word' id='word_1_600' title='bbox 1056 1667 1114 1692; x_wconf 76' lang='grc' dir='ltr'>κατ’</span> <span class='ocrx_word' id='word_1_601' title='bbox 1143 1663 1201 1696; x_wconf 62' lang='grc' dir='ltr'>ἴσας</span> <span class='ocrx_word' id='word_1_602' title='bbox 1226 1664 1325 1702; x_wconf 75' lang='grc' dir='ltr'>γωνίας</span> <span class='ocrx_word' id='word_1_603' title='bbox 1355 1664 1533 1700; x_wconf 73' lang='grc' dir='ltr'>ἀνακλῶνται,</span> <span class='ocrx_word' id='word_1_604' title='bbox 1563 1664 1607 1692; x_wconf 82' lang='grc' dir='ltr'>καὶ</span> <span class='ocrx_word' id='word_1_605' title='bbox 1642 1665 1664 1692; x_wconf 73' lang='grc' dir='ltr'>εἰ</span> <span class='ocrx_word' id='word_1_606' title='bbox 1693 1668 1823 1693; x_wconf 73' lang='grc' dir='ltr'>τοιοῦτον</span> <span class='ocrx_word' id='word_1_607' title='bbox 1854 1665 1888 1701; x_wconf 69' lang='grc' dir='ltr'>ἤν</span> 
     </span>
    </p>
   </div>
   <div class='ocr_carea' id='block_1_85' title="bbox 1058 1706 1888 1747">
    <p class='ocr_par' dir='ltr' id='par_1_85' title="bbox 1058 1706 1888 1747">
     <span class='ocr_line' id='line_1_85' title="bbox 1058 1706 1888 1747; baseline 0.002 -11"><span class='ocrx_word' id='word_1_608' title='bbox 1058 1709 1100 1736; x_wconf 79' lang='grc' dir='ltr'>ἐπὶ</span> <span class='ocrx_word' id='word_1_609' title='bbox 1128 1713 1178 1744; x_wconf 80' lang='grc' dir='ltr'>τῆς</span> <span class='ocrx_word' id='word_1_610' title='bbox 1197 1708 1324 1744; x_wconf 77' lang='grc' dir='ltr'>σελήνης,</span> <span class='ocrx_word' id='word_1_611' title='bbox 1341 1706 1407 1744; x_wconf 74' lang='grc' dir='ltr'>ἔδει,</span> <span class='ocrx_word' id='word_1_612' title='bbox 1428 1708 1472 1736; x_wconf 70' lang='grc' dir='ltr'>ὅτε</span> <span class='ocrx_word' id='word_1_613' title='bbox 1497 1709 1564 1737; x_wconf 78' lang='grc' dir='ltr'>κατὰ</span> <span class='ocrx_word' id='word_1_614' title='bbox 1589 1708 1734 1747; x_wconf 76' lang='grc' dir='ltr'>διάμετρόν</span> <span class='ocrx_word' id='word_1_615' title='bbox 1763 1709 1822 1737; x_wconf 77' lang='grc' dir='ltr'>ἐστι</span> <span class='ocrx_word' id='word_1_616' title='bbox 1839 1712 1888 1738; x_wconf 78' lang='grc' dir='ltr'>τοῦ</span> 
     </span>
    </p>
   </div>
   <div class='ocr_carea' id='block_1_86' title="bbox 1057 1752 1883 1792">
    <p class='ocr_par' dir='ltr' id='par_1_86' title="bbox 1057 1752 1883 1792">
     <span class='ocr_line' id='line_1_86' title="bbox 1057 1752 1883 1792; baseline 0.002 -12"><span class='ocrx_word' id='word_1_617' title='bbox 1057 1752 1139 1788; x_wconf 81' lang='grc' dir='ltr'>ἡλίου</span> <span class='ocrx_word' id='word_1_618' title='bbox 1168 1753 1194 1780; x_wconf 81' lang='grc' dir='ltr'>ἐν</span> <span class='ocrx_word' id='word_1_619' title='bbox 1219 1753 1392 1790; x_wconf 71' lang='grc' dir='ltr'>πανσελήνῳ,</span> <span class='ocrx_word' id='word_1_620' title='bbox 1424 1754 1461 1790; x_wconf 79' lang='grc' dir='ltr'>μὴ</span> <span class='ocrx_word' id='word_1_621' title='bbox 1479 1755 1552 1781; x_wconf 85' lang='grc' dir='ltr'>κάτω</span> <span class='ocrx_word' id='word_1_622' title='bbox 1569 1753 1611 1781; x_wconf 66' lang='grc' dir='ltr'>ἐπὶ</span> <span class='ocrx_word' id='word_1_623' title='bbox 1627 1755 1676 1788; x_wconf 79' lang='grc' dir='ltr'>τὴν</span> <span class='ocrx_word' id='word_1_624' title='bbox 1693 1758 1744 1792; x_wconf 83' lang='grc' dir='ltr'>γῆν</span> <span class='ocrx_word' id='word_1_625' title='bbox 1761 1754 1883 1782; x_wconf 77' lang='grc' dir='ltr'>ἀνακλᾶ-</span> 
     </span>
    </p>
   </div>
   <div class='ocr_carea' id='block_1_87' title="bbox 1057 1797 1885 1838">
    <p class='ocr_par' dir='ltr' id='par_1_87' title="bbox 1057 1797 1885 1838">
     <span class='ocr_line' id='line_1_87' title="bbox 1057 1797 1885 1838; baseline 0.001 -13"><span class='ocrx_word' id='word_1_626' title='bbox 1057 1803 1117 1829; x_wconf 68' lang='grc' dir='ltr'>σθαι</span> <span class='ocrx_word' id='word_1_627' title='bbox 1131 1798 1179 1829; x_wconf 78' lang='grc' dir='ltr'>τὰς</span> <span class='ocrx_word' id='word_1_628' title='bbox 1196 1798 1313 1834; x_wconf 84' lang='grc' dir='ltr'>ἀκτίνας,</span> <span class='ocrx_word' id='word_1_629' title='bbox 1334 1797 1407 1825; x_wconf 81' lang='grc' dir='ltr'>ἀλλὰ</span> <span class='ocrx_word' id='word_1_630' title='bbox 1431 1797 1499 1836; x_wconf 86' lang='grc' dir='ltr'>πρὸς</span> <span class='ocrx_word' id='word_1_631' title='bbox 1521 1798 1567 1825; x_wconf 87' lang='grc' dir='ltr'>τὸν</span> <span class='ocrx_word' id='word_1_632' title='bbox 1591 1797 1683 1833; x_wconf 75' lang='grc' dir='ltr'>ἥλιον.</span> <span class='ocrx_word' id='word_1_633' title='bbox 1715 1799 1764 1826; x_wconf 70' lang='grc' dir='ltr'>Καὶ</span> <span class='ocrx_word' id='word_1_634' title='bbox 1794 1797 1885 1838; x_wconf 75' lang='grc' dir='ltr'>ἕτεραι</span> 
     </span>
    </p>
   </div>
   <div class='ocr_carea' id='block_1_88' title="bbox 1056 1841 1884 1880">
    <p class='ocr_par' dir='ltr' id='par_1_88' title="bbox 1056 1841 1884 1880">
     <span class='ocr_line' id='line_1_88' title="bbox 1056 1841 1884 1880; baseline 0.001 -11"><span class='ocrx_word' id='word_1_635' title='bbox 1056 1841 1160 1870; x_wconf 81' lang='grc' dir='ltr'>πολλαὶ</span> <span class='ocrx_word' id='word_1_636' title='bbox 1186 1842 1280 1878; x_wconf 74' lang='grc' dir='ltr'>δείξεις</span> <span class='ocrx_word' id='word_1_637' title='bbox 1308 1842 1485 1880; x_wconf 63' lang='grc' dir='ltr'>ἀνατρέπουσι</span> <span class='ocrx_word' id='word_1_638' title='bbox 1512 1843 1612 1878; x_wconf 73' lang='grc' dir='ltr'>ταύτην</span> <span class='ocrx_word' id='word_1_639' title='bbox 1639 1843 1689 1878; x_wconf 81' lang='grc' dir='ltr'>τὴν</span> <span class='ocrx_word' id='word_1_640' title='bbox 1715 1841 1805 1879; x_wconf 73' lang='grc' dir='ltr'>δόξαν.</span> <span class='ocrx_word' id='word_1_641' title='bbox 1824 1844 1884 1871; x_wconf 80' lang='grc' dir='ltr'>Λεί-</span> 
     </span>
    </p>
   </div>
   <div class='ocr_carea' id='block_1_89' title="bbox 1056 1885 1887 1925">
    <p class='ocr_par' dir='ltr' id='par_1_89' title="bbox 1056 1885 1887 1925">
     <span class='ocr_line' id='line_1_89' title="bbox 1056 1885 1887 1925; baseline 0.002 -11"><span class='ocrx_word' id='word_1_642' title='bbox 1056 1897 1133 1914; x_wconf 81' lang='grc' dir='ltr'>πεται</span> <span class='ocrx_word' id='word_1_643' title='bbox 1159 1886 1263 1923; x_wconf 83' lang='grc' dir='ltr'>τοίνυν,</span> <span class='ocrx_word' id='word_1_644' title='bbox 1292 1888 1350 1919; x_wconf 74' lang='grc' dir='ltr'>καθ’</span> <span class='ocrx_word' id='word_1_645' title='bbox 1387 1886 1529 1925; x_wconf 79' lang='grc' dir='ltr'>ὑποδοχήν</span> <span class='ocrx_word' id='word_1_646' title='bbox 1560 1887 1605 1915; x_wconf 81' lang='grc' dir='ltr'>καὶ</span> <span class='ocrx_word' id='word_1_647' title='bbox 1634 1885 1729 1916; x_wconf 71' lang='grc' dir='ltr'>ἕνωσιν</span> <span class='ocrx_word' id='word_1_648' title='bbox 1755 1888 1826 1925; x_wconf 79' lang='grc' dir='ltr'>πρὸς</span> <span class='ocrx_word' id='word_1_649' title='bbox 1856 1889 1887 1916; x_wconf 82' lang='grc' dir='ltr'>τὸ</span> 
     </span>
    </p>
   </div>
   <div class='ocr_carea' id='block_1_90' title="bbox 1056 1930 1887 1970">
    <p class='ocr_par' dir='ltr' id='par_1_90' title="bbox 1056 1930 1887 1970">
     <span class='ocr_line' id='line_1_90' title="bbox 1056 1930 1887 1970; baseline 0.002 -12"><span class='ocrx_word' id='word_1_650' title='bbox 1056 1931 1171 1966; x_wconf 78' lang='grc' dir='ltr'>ἡλιακὸν</span> <span class='ocrx_word' id='word_1_651' title='bbox 1188 1934 1245 1970; x_wconf 81' lang='grc' dir='ltr'>φῶς</span> <span class='ocrx_word' id='word_1_652' title='bbox 1269 1931 1352 1966; x_wconf 82' lang='grc' dir='ltr'>αὐτὴν</span> <span class='ocrx_word' id='word_1_653' title='bbox 1380 1930 1621 1968; x_wconf 69' lang='grc' dir='ltr'>ἐπιλαμπιιμένην,</span> <span class='ocrx_word' id='word_1_654' title='bbox 1649 1931 1817 1968; x_wconf 67' lang='grc' dir='ltr'>ἐπιλάμπειν</span> <span class='ocrx_word' id='word_1_655' title='bbox 1844 1933 1887 1960; x_wconf 65' lang='grc' dir='ltr'>διαέ</span> 
     </span>
    </p>
   </div>
   <div class='ocr_carea' id='block_1_91' title="bbox 1055 1974 1887 2015">
    <p class='ocr_par' dir='ltr' id='par_1_91' title="bbox 1055 1974 1887 2015">
     <span class='ocr_line' id='line_1_91' title="bbox 1055 1974 1887 2015; baseline 0.001 -12"><span class='ocrx_word' id='word_1_656' title='bbox 1055 1979 1113 2007; x_wconf 78' lang='grc' dir='ltr'>τοῖς</span> <span class='ocrx_word' id='word_1_657' title='bbox 1127 1975 1202 2013; x_wconf 78' lang='grc' dir='ltr'>τῇδε.</span> <span class='ocrx_word' id='word_1_658' title='bbox 1224 1976 1385 2013; x_wconf 76' lang='grc' dir='ltr'>’Δπορήσειε</span> <span class='ocrx_word' id='word_1_659' title='bbox 1402 1974 1426 2003; x_wconf 80' lang='grc' dir='ltr'>δ’</span> <span class='ocrx_word' id='word_1_660' title='bbox 1448 1975 1477 2003; x_wconf 82' lang='grc' dir='ltr'>ἅν</span> <span class='ocrx_word' id='word_1_661' title='bbox 1501 1986 1554 2012; x_wconf 82' lang='grc' dir='ltr'>τις,</span> <span class='ocrx_word' id='word_1_662' title='bbox 1577 1976 1599 2003; x_wconf 81' lang='grc' dir='ltr'>εἷ</span> <span class='ocrx_word' id='word_1_663' title='bbox 1624 1977 1752 2015; x_wconf 70' lang='grc' dir='ltr'>κέκραται</span> <span class='ocrx_word' id='word_1_664' title='bbox 1769 1977 1841 2013; x_wconf 76' lang='grc' dir='ltr'>αὐτῇ</span> <span class='ocrx_word' id='word_1_665' title='bbox 1857 1977 1887 2004; x_wconf 85' lang='grc' dir='ltr'>τὸ</span> 
     </span>
    </p>
   </div>
   <div class='ocr_carea' id='block_1_92' title="bbox 1055 2019 1886 2059">
    <p class='ocr_par' dir='ltr' id='par_1_92' title="bbox 1055 2019 1886 2059">
     <span class='ocr_line' id='line_1_92' title="bbox 1055 2019 1886 2059; baseline 0 -11"><span class='ocrx_word' id='word_1_666' title='bbox 1055 2020 1170 2056; x_wconf 73' lang='grc' dir='ltr'>ἡλιακὸν</span> <span class='ocrx_word' id='word_1_667' title='bbox 1188 2023 1256 2058; x_wconf 76' lang='grc' dir='ltr'>φῶς,</span> <span class='ocrx_word' id='word_1_668' title='bbox 1273 2019 1342 2055; x_wconf 80' lang='grc' dir='ltr'>ὅλην</span> <span class='ocrx_word' id='word_1_669' title='bbox 1368 2019 1420 2048; x_wconf 75' lang='grc' dir='ltr'>ἔδει</span> <span class='ocrx_word' id='word_1_670' title='bbox 1446 2021 1530 2056; x_wconf 77' lang='grc' dir='ltr'>αὐτὴν</span> <span class='ocrx_word' id='word_1_671' title='bbox 1556 2020 1729 2059; x_wconf 76' lang='grc' dir='ltr'>φωτίζεσθαι,</span> <span class='ocrx_word' id='word_1_672' title='bbox 1745 2022 1791 2048; x_wconf 81' lang='grc' dir='ltr'>καὶ</span> <span class='ocrx_word' id='word_1_673' title='bbox 1808 2020 1886 2056; x_wconf 82' lang='grc' dir='ltr'>πλη-</span> 
     </span>
    </p>
   </div>
   <div class='ocr_carea' id='block_1_93' title="bbox 1055 2064 1886 2103">
    <p class='ocr_par' dir='ltr' id='par_1_93' title="bbox 1055 2064 1886 2103">
     <span class='ocr_line' id='line_1_93' title="bbox 1055 2064 1886 2103; baseline 0.002 -11"><span class='ocrx_word' id='word_1_674' title='bbox 1055 2069 1138 2103; x_wconf 80' lang='grc' dir='ltr'>σιφαῆ</span> <span class='ocrx_word' id='word_1_675' title='bbox 1168 2064 1300 2100; x_wconf 81' lang='grc' dir='ltr'>διηνεκῶς</span> <span class='ocrx_word' id='word_1_676' title='bbox 1324 2066 1401 2092; x_wconf 79' lang='grc' dir='ltr'>εἷναι.</span> <span class='ocrx_word' id='word_1_677' title='bbox 1428 2068 1479 2093; x_wconf 79' lang='grc' dir='ltr'>Καὶ</span> <span class='ocrx_word' id='word_1_678' title='bbox 1505 2064 1619 2103; x_wconf 77' lang='grc' dir='ltr'>λέγομεν</span> <span class='ocrx_word' id='word_1_679' title='bbox 1641 2065 1711 2103; x_wconf 75' lang='grc' dir='ltr'>πρὸς</span> <span class='ocrx_word' id='word_1_680' title='bbox 1731 2067 1826 2101; x_wconf 75' lang='grc' dir='ltr'>τοῦτο,</span> <span class='ocrx_word' id='word_1_681' title='bbox 1844 2065 1886 2094; x_wconf 78' lang='grc' dir='ltr'>ὅτι</span> 
     </span>
    </p>
   </div>
   <div class='ocr_carea' id='block_1_94' title="bbox 1055 2109 1884 2148">
    <p class='ocr_par' dir='ltr' id='par_1_94' title="bbox 1055 2109 1884 2148">
     <span class='ocr_line' id='line_1_94' title="bbox 1055 2109 1884 2148; baseline -0.001 -10"><span class='ocrx_word' id='word_1_682' title='bbox 1055 2109 1127 2138; x_wconf 77' lang='grc' dir='ltr'>πολὺ</span> <span class='ocrx_word' id='word_1_683' title='bbox 1142 2111 1173 2138; x_wconf 82' lang='grc' dir='ltr'>τὸ</span> <span class='ocrx_word' id='word_1_684' title='bbox 1200 2110 1282 2148; x_wconf 82' lang='grc' dir='ltr'>βάθος</span> <span class='ocrx_word' id='word_1_685' title='bbox 1307 2109 1366 2148; x_wconf 66' lang='grc' dir='ltr'>ἔχει</span> <span class='ocrx_word' id='word_1_686' title='bbox 1394 2110 1439 2137; x_wconf 79' lang='grc' dir='ltr'>καὶ</span> <span class='ocrx_word' id='word_1_687' title='bbox 1472 2110 1605 2146; x_wconf 83' lang='grc' dir='ltr'>μεγίστην</span> <span class='ocrx_word' id='word_1_688' title='bbox 1627 2111 1678 2145; x_wconf 82' lang='grc' dir='ltr'>τὴν</span> <span class='ocrx_word' id='word_1_689' title='bbox 1709 2109 1860 2148; x_wconf 80' lang='grc' dir='ltr'>διάμετρον</span> <span class='ocrx_word' id='word_1_690' title='bbox 1878 2121 1884 2126; x_wconf 88' lang='grc'>·</span> 
     </span>
    </p>
   </div>
   <div class='ocr_carea' id='block_1_95' title="bbox 1054 2154 1888 2192">
    <p class='ocr_par' dir='ltr' id='par_1_95' title="bbox 1054 2154 1888 2192">
     <span class='ocr_line' id='line_1_95' title="bbox 1054 2154 1888 2192; baseline 0.001 -11"><span class='ocrx_word' id='word_1_691' title='bbox 1054 2155 1098 2182; x_wconf 75' lang='grc' dir='ltr'>καὶ</span> <span class='ocrx_word' id='word_1_692' title='bbox 1127 2154 1172 2182; x_wconf 71' lang='grc' dir='ltr'>διὰ</span> <span class='ocrx_word' id='word_1_693' title='bbox 1198 2157 1278 2182; x_wconf 82' lang='grc' dir='ltr'>τοῦτο</span> <span class='ocrx_word' id='word_1_694' title='bbox 1293 2155 1324 2182; x_wconf 82' lang='grc' dir='ltr'>οὐ</span> <span class='ocrx_word' id='word_1_695' title='bbox 1343 2155 1426 2192; x_wconf 73' lang='grc' dir='ltr'>μέχρι</span> <span class='ocrx_word' id='word_1_696' title='bbox 1441 2154 1530 2190; x_wconf 80' lang='grc' dir='ltr'>πάσης</span> <span class='ocrx_word' id='word_1_697' title='bbox 1554 2155 1581 2182; x_wconf 80' lang='grc' dir='ltr'>αἱ</span> <span class='ocrx_word' id='word_1_698' title='bbox 1608 2157 1656 2182; x_wconf 78' lang='grc' dir='ltr'>τοῦ</span> <span class='ocrx_word' id='word_1_699' title='bbox 1677 2154 1761 2190; x_wconf 74' lang='grc' dir='ltr'>ἡλίου</span> <span class='ocrx_word' id='word_1_700' title='bbox 1778 2155 1888 2186; x_wconf 81' lang='grc' dir='ltr'>ἀκτῖνες</span> 
     </span>
    </p>
   </div>
   <div class='ocr_carea' id='block_1_96' title="bbox 171 2198 997 2240">
    <p class='ocr_par' dir='ltr' id='par_1_96' title="bbox 171 2198 997 2236">
     <span class='ocr_line' id='line_1_96' title="bbox 171 2198 997 2236; baseline -0.002 -8"><span class='ocrx_word' id='word_1_701' title='bbox 171 2202 213 2229; x_wconf 86' lang='lat' dir='ltr'>Ad</span> <span class='ocrx_word' id='word_1_702' title='bbox 228 2201 258 2228; x_wconf 87' lang='lat' dir='ltr'>id</span> <span class='ocrx_word' id='word_1_703' title='bbox 275 2201 487 2236; x_wconf 83' lang='lat' dir='ltr'>respondemus</span> <span class='ocrx_word' id='word_1_704' title='bbox 503 2207 568 2226; x_wconf 85' lang='lat' dir='ltr'>eam</span> <span class='ocrx_word' id='word_1_705' title='bbox 585 2198 850 2234; x_wconf 75' lang='lat' dir='ltr'>profundissimam</span> <span class='ocrx_word' id='word_1_706' title='bbox 859 2206 924 2226; x_wconf 84' lang='lat' dir='ltr'>esse</span> <span class='ocrx_word' id='word_1_707' title='bbox 939 2206 997 2226; x_wconf 86' lang='lat' dir='ltr'>ma-</span> 
     </span>
    </p>
   </div>
   <div class='ocr_carea' id='block_1_97' title="bbox 1089 2198 1886 2240">
    <p class='ocr_par' dir='ltr' id='par_1_97' title="bbox 1089 2198 1886 2234">
     <span class='ocr_line' id='line_1_97' title="bbox 1089 2198 1886 2234; baseline 0.003 -8"><span class='ocrx_word' id='word_1_708' title='bbox 1089 2201 1231 2234; x_wconf 67' lang='grc' dir='ltr'>ικνοῦνται,</span> <span class='ocrx_word' id='word_1_709' title='bbox 1261 2198 1326 2227; x_wconf 77' lang='grc' dir='ltr'>ἀλλ’</span> <span class='ocrx_word' id='word_1_710' title='bbox 1349 2199 1393 2226; x_wconf 67' lang='grc' dir='ltr'>ἐπὶ</span> <span class='ocrx_word' id='word_1_711' title='bbox 1418 2198 1547 2227; x_wconf 70' lang='grc' dir='ltr'>πλεῖστον</span> <span class='ocrx_word' id='word_1_712' title='bbox 1578 2198 1706 2234; x_wconf 79' lang='grc' dir='ltr'>διιοῦσαι,</span> <span class='ocrx_word' id='word_1_713' title='bbox 1737 2199 1886 2228; x_wconf 75' lang='grc' dir='ltr'>παύονται.</span> 
     </span>
    </p>
   </div>
   <div class='ocr_carea' id='block_1_98' title="bbox 172 2243 998 2281">
    <p class='ocr_par' dir='ltr' id='par_1_98' title="bbox 172 2243 998 2281">
     <span class='ocr_line' id='line_1_98' title="bbox 172 2243 998 2281; baseline -0.005 -8"><span class='ocrx_word' id='word_1_714' title='bbox 172 2246 342 2281; x_wconf 85' lang='lat' dir='ltr'>ximumque</span> <span class='ocrx_word' id='word_1_715' title='bbox 358 2244 464 2271; x_wconf 80' lang='lat' dir='ltr'>habere</span> <span class='ocrx_word' id='word_1_716' title='bbox 481 2243 668 2270; x_wconf 85' lang='lat' dir='ltr'>diametrum.</span> <span class='ocrx_word' id='word_1_717' title='bbox 691 2243 725 2269; x_wconf 87' lang='lat' dir='ltr'>Et</span> <span class='ocrx_word' id='word_1_718' title='bbox 741 2243 806 2270; x_wconf 90' lang='lat' dir='ltr'>ideo</span> <span class='ocrx_word' id='word_1_719' title='bbox 833 2251 890 2270; x_wconf 89' lang='lat' dir='ltr'>non</span> <span class='ocrx_word' id='word_1_720' title='bbox 907 2245 998 2270; x_wconf 81' lang='lat' dir='ltr'>totam</span> 
     </span>
    </p>
   </div>
   <div class='ocr_carea' id='block_1_99' title="bbox 171 2287 999 2322">
    <p class='ocr_par' dir='ltr' id='par_1_99' title="bbox 171 2287 999 2322">
     <span class='ocr_line' id='line_1_99' title="bbox 171 2287 999 2322; baseline -0.005 -4"><span class='ocrx_word' id='word_1_721' title='bbox 171 2293 327 2318; x_wconf 85' lang='lat' dir='ltr'>transeunt</span> <span class='ocrx_word' id='word_1_722' title='bbox 336 2289 446 2317; x_wconf 80' lang='lat' dir='ltr'>salares</span> <span class='ocrx_word' id='word_1_723' title='bbox 464 2287 600 2321; x_wconf 84' lang='lat' dir='ltr'>radii,sed</span> <span class='ocrx_word' id='word_1_724' title='bbox 618 2289 773 2322; x_wconf 88' lang='lat' dir='ltr'>postquam</span> <span class='ocrx_word' id='word_1_725' title='bbox 790 2295 855 2314; x_wconf 90' lang='lat' dir='ltr'>eam</span> <span class='ocrx_word' id='word_1_726' title='bbox 871 2288 999 2314; x_wconf 85' lang='lat' dir='ltr'>maxima</span> 
     </span>
    </p>
   </div>
   <div class='ocr_carea' id='block_1_100' title="bbox 172 2331 999 2372">
    <p class='ocr_par' dir='ltr' id='par_1_100' title="bbox 172 2331 999 2372">
     <span class='ocr_line' id='line_1_100' title="bbox 172 2331 999 2372; baseline -0.004 -9"><span class='ocrx_word' id='word_1_727' title='bbox 172 2338 253 2372; x_wconf 81' lang='lat' dir='ltr'>parte</span> <span class='ocrx_word' id='word_1_728' title='bbox 268 2334 461 2366; x_wconf 85' lang='lat' dir='ltr'>transierunt,</span> <span class='ocrx_word' id='word_1_729' title='bbox 479 2332 632 2359; x_wconf 87' lang='lat' dir='ltr'>ﬁniuntur.</span> <span class='ocrx_word' id='word_1_730' title='bbox 659 2331 836 2371; x_wconf 66' lang='lat' dir='ltr'>Spbaaricam</span> <span class='ocrx_word' id='word_1_731' title='bbox 852 2340 919 2359; x_wconf 89' lang='lat' dir='ltr'>vero</span> <span class='ocrx_word' id='word_1_732' title='bbox 934 2340 999 2360; x_wconf 82' lang='lat' dir='ltr'>esse</span> 
     </span>
    </p>
   </div>
   <div class='ocr_carea' id='block_1_101' title="bbox 172 2375 998 2414">
    <p class='ocr_par' dir='ltr' id='par_1_101' title="bbox 172 2375 998 2414">
     <span class='ocr_line' id='line_1_101' title="bbox 172 2375 998 2414; baseline -0.006 -7"><span class='ocrx_word' id='word_1_733' title='bbox 172 2380 237 2414; x_wconf 84' lang='lat' dir='ltr'>ejus</span> <span class='ocrx_word' id='word_1_734' title='bbox 253 2380 373 2406; x_wconf 84' lang='lat' dir='ltr'>formam</span> <span class='ocrx_word' id='word_1_735' title='bbox 402 2380 478 2413; x_wconf 86' lang='lat' dir='ltr'>patet</span> <span class='ocrx_word' id='word_1_736' title='bbox 494 2385 529 2404; x_wconf 86' lang='lat' dir='ltr'>ex</span> <span class='ocrx_word' id='word_1_737' title='bbox 552 2377 616 2411; x_wconf 88' lang='lat' dir='ltr'>ejus</span> <span class='ocrx_word' id='word_1_738' title='bbox 642 2376 764 2411; x_wconf 85' lang='lat' dir='ltr'>lumine,</span> <span class='ocrx_word' id='word_1_739' title='bbox 791 2376 815 2403; x_wconf 91' lang='lat' dir='ltr'>si</span> <span class='ocrx_word' id='word_1_740' title='bbox 831 2375 909 2403; x_wconf 90' lang='lat' dir='ltr'>enim</span> <span class='ocrx_word' id='word_1_741' title='bbox 926 2376 998 2403; x_wconf 89' lang='lat' dir='ltr'>disci</span> 
     </span>
    </p>
   </div>
   <div class='ocr_carea' id='block_1_102' title="bbox 174 2419 997 2455">
    <p class='ocr_par' dir='ltr' id='par_1_102' title="bbox 174 2419 997 2455">
     <span class='ocr_line' id='line_1_102' title="bbox 174 2419 997 2455; baseline -0.002 -5"><span class='ocrx_word' id='word_1_742' title='bbox 174 2424 297 2451; x_wconf 83' lang='lat' dir='ltr'>formam</span> <span class='ocrx_word' id='word_1_743' title='bbox 320 2423 451 2455; x_wconf 88' lang='lat' dir='ltr'>haberet,</span> <span class='ocrx_word' id='word_1_744' title='bbox 475 2421 565 2448; x_wconf 85' lang='lat' dir='ltr'>simul</span> <span class='ocrx_word' id='word_1_745' title='bbox 589 2429 622 2447; x_wconf 90' lang='lat' dir='ltr'>ac</span> <span class='ocrx_word' id='word_1_746' title='bbox 644 2419 674 2447; x_wconf 87' lang='lat' dir='ltr'>in</span> <span class='ocrx_word' id='word_1_747' title='bbox 698 2428 761 2447; x_wconf 85' lang='lat' dir='ltr'>eam</span> <span class='ocrx_word' id='word_1_748' title='bbox 788 2420 899 2448; x_wconf 77' lang='lat' dir='ltr'>soleres</span> <span class='ocrx_word' id='word_1_749' title='bbox 925 2420 997 2448; x_wconf 85' lang='lat' dir='ltr'>radii</span> 
     </span>
    </p>
   </div>
   <div class='ocr_carea' id='block_1_103' title="bbox 171 2464 999 2499">
    <p class='ocr_par' dir='ltr' id='par_1_103' title="bbox 171 2464 999 2499">
     <span class='ocr_line' id='line_1_103' title="bbox 171 2464 999 2499; baseline -0.002 -5"><span class='ocrx_word' id='word_1_750' title='bbox 171 2464 660 2499; x_wconf 84' lang='lat' dir='ltr'>inciderent,illuminaretur,nulla</span> <span class='ocrx_word' id='word_1_751' title='bbox 667 2464 807 2492; x_wconf 85' lang='lat' dir='ltr'>curvitate</span> <span class='ocrx_word' id='word_1_752' title='bbox 815 2464 931 2492; x_wconf 90' lang='lat' dir='ltr'>luminis</span> <span class='ocrx_word' id='word_1_753' title='bbox 938 2465 999 2492; x_wconf 90' lang='lat' dir='ltr'>ol&#39;ﬁ-</span> 
     </span>
    </p>
   </div>
   <div class='ocr_carea' id='block_1_104' title="bbox 172 2509 999 2545">
    <p class='ocr_par' dir='ltr' id='par_1_104' title="bbox 172 2509 999 2545">
     <span class='ocr_line' id='line_1_104' title="bbox 172 2509 999 2545; baseline 0 -7"><span class='ocrx_word' id='word_1_754' title='bbox 172 2511 358 2544; x_wconf 84' lang='lat' dir='ltr'>ciente,nunc</span> <span class='ocrx_word' id='word_1_755' title='bbox 367 2513 464 2537; x_wconf 81' lang='lat' dir='ltr'>autem</span> <span class='ocrx_word' id='word_1_756' title='bbox 472 2517 538 2536; x_wconf 87' lang='lat' dir='ltr'>cum</span> <span class='ocrx_word' id='word_1_757' title='bbox 547 2509 795 2545; x_wconf 75' lang='lat' dir='ltr'>sitsphaarica,per</span> <span class='ocrx_word' id='word_1_758' title='bbox 802 2513 899 2545; x_wconf 86' lang='lat' dir='ltr'>partes</span> <span class='ocrx_word' id='word_1_759' title='bbox 909 2510 999 2538; x_wconf 82' lang='lat' dir='ltr'>radiis</span> 
     </span>
    </p>
   </div>
   <div class='ocr_carea' id='block_1_105' title="bbox 171 2553 998 2590">
    <p class='ocr_par' dir='ltr' id='par_1_105' title="bbox 171 2553 998 2590">
     <span class='ocr_line' id='line_1_105' title="bbox 171 2553 998 2590; baseline -0.001 -7"><span class='ocrx_word' id='word_1_760' title='bbox 171 2555 396 2584; x_wconf 83' lang='lat' dir='ltr'>illuminatureo</span> <span class='ocrx_word' id='word_1_761' title='bbox 403 2554 477 2590; x_wconf 90' lang='lat' dir='ltr'>quod</span> <span class='ocrx_word' id='word_1_762' title='bbox 486 2553 618 2581; x_wconf 83' lang='lat' dir='ltr'>ofﬁciunt</span> <span class='ocrx_word' id='word_1_763' title='bbox 625 2554 721 2581; x_wconf 69' lang='lat' dir='ltr'>formae</span> <span class='ocrx_word' id='word_1_764' title='bbox 729 2563 787 2582; x_wconf 62' lang='lat' dir='ltr'>sum</span> <span class='ocrx_word' id='word_1_765' title='bbox 795 2554 936 2582; x_wconf 86' lang='lat' dir='ltr'>curvitate</span> <span class='ocrx_word' id='word_1_766' title='bbox 944 2563 998 2582; x_wconf 68' lang='lat' dir='ltr'>ca:-</span> 
     </span>
    </p>
   </div>
   <div class='ocr_carea' id='block_1_106' title="bbox 171 2599 998 2635">
    <p class='ocr_par' dir='ltr' id='par_1_106' title="bbox 171 2599 998 2635">
     <span class='ocr_line' id='line_1_106' title="bbox 171 2599 998 2635; baseline -0.001 -8"><span class='ocrx_word' id='word_1_767' title='bbox 171 2602 240 2627; x_wconf 71' lang='lat' dir='ltr'>terze</span> <span class='ocrx_word' id='word_1_768' title='bbox 247 2599 443 2634; x_wconf 70' lang='lat' dir='ltr'>partes.Lunw</span> <span class='ocrx_word' id='word_1_769' title='bbox 455 2600 554 2626; x_wconf 87' lang='lat' dir='ltr'>autem</span> <span class='ocrx_word' id='word_1_770' title='bbox 563 2599 735 2634; x_wconf 82' lang='lat' dir='ltr'>magnitudo</span> <span class='ocrx_word' id='word_1_771' title='bbox 747 2599 844 2626; x_wconf 88' lang='lat' dir='ltr'>minor</span> <span class='ocrx_word' id='word_1_772' title='bbox 851 2601 897 2627; x_wconf 89' lang='lat' dir='ltr'>est</span> <span class='ocrx_word' id='word_1_773' title='bbox 908 2607 998 2635; x_wconf 87' lang='lat' dir='ltr'>quam</span> 
     </span>
    </p>
   </div>
   <div class='ocr_carea' id='block_1_107' title="bbox 170 2643 998 2679">
    <p class='ocr_par' dir='ltr' id='par_1_107' title="bbox 170 2643 998 2679">
     <span class='ocr_line' id='line_1_107' title="bbox 170 2643 998 2679; baseline 0.001 -7"><span class='ocrx_word' id='word_1_774' title='bbox 170 2643 366 2678; x_wconf 78' lang='lat' dir='ltr'>terras,tricies</span> <span class='ocrx_word' id='word_1_775' title='bbox 380 2644 489 2677; x_wconf 86' lang='lat' dir='ltr'>novies,</span> <span class='ocrx_word' id='word_1_776' title='bbox 503 2643 588 2679; x_wconf 82' lang='lat' dir='ltr'>juxta</span> <span class='ocrx_word' id='word_1_777' title='bbox 603 2643 676 2672; x_wconf 88' lang='lat' dir='ltr'>alios</span> <span class='ocrx_word' id='word_1_778' title='bbox 689 2651 765 2677; x_wconf 88' lang='lat' dir='ltr'>vero,</span> <span class='ocrx_word' id='word_1_779' title='bbox 782 2643 870 2672; x_wconf 90' lang='lat' dir='ltr'>vicies</span> <span class='ocrx_word' id='word_1_780' title='bbox 888 2644 998 2673; x_wconf 85' lang='lat' dir='ltr'>novies.</span> 
     </span>
    </p>
   </div>
   <div class='ocr_carea' id='block_1_108' title="bbox 427 2701 738 2737">
    <p class='ocr_par' dir='ltr' id='par_1_108' title="bbox 427 2701 738 2737">
     <span class='ocr_line' id='line_1_108' title="bbox 427 2701 738 2737; baseline 0.003 -8"><span class='ocrx_word' id='word_1_781' title='bbox 427 2702 472 2730; x_wconf 83' lang='lat'>29.</span> <span class='ocrx_word' id='word_1_782' title='bbox 483 2701 520 2730; x_wconf 79' lang='lat' dir='ltr'>De</span> <span class='ocrx_word' id='word_1_783' title='bbox 534 2701 606 2729; x_wconf 60' lang='lat' dir='ltr'>luna</span> <span class='ocrx_word' id='word_1_784' title='bbox 621 2701 738 2737; x_wconf 77' lang='lat' dir='ltr'>defectu.</span> 
     </span>
    </p>
   </div>
   <div class='ocr_carea' id='block_1_109' title="bbox 208 2750 997 2788">
    <p class='ocr_par' dir='ltr' id='par_1_109' title="bbox 208 2750 997 2788">
     <span class='ocr_line' id='line_1_109' title="bbox 208 2750 997 2788; baseline 0.001 -8"><span class='ocrx_word' id='word_1_785' title='bbox 208 2750 311 2781; x_wconf 84' lang='lat' dir='ltr'>Deﬁcit</span> <span class='ocrx_word' id='word_1_786' title='bbox 326 2752 423 2780; x_wconf 81' lang='lat' dir='ltr'>autem</span> <span class='ocrx_word' id='word_1_787' title='bbox 446 2750 516 2780; x_wconf 85' lang='lat' dir='ltr'>luna</span> <span class='ocrx_word' id='word_1_788' title='bbox 542 2751 658 2788; x_wconf 80' lang='lat' dir='ltr'>quando</span> <span class='ocrx_word' id='word_1_789' title='bbox 680 2750 788 2780; x_wconf 84' lang='lat' dir='ltr'>directe</span> <span class='ocrx_word' id='word_1_790' title='bbox 813 2758 848 2779; x_wconf 88' lang='lat' dir='ltr'>ex</span> <span class='ocrx_word' id='word_1_791' title='bbox 863 2751 997 2788; x_wconf 80' lang='lat' dir='ltr'>opposito</span> 
     </span>
    </p>
   </div>
   <div class='ocr_carea' id='block_1_110' title="bbox 1053 2243 1930 2283">
    <p class='ocr_par' dir='ltr' id='par_1_110' title="bbox 1053 2243 1930 2283">
     <span class='ocr_line' id='line_1_110' title="bbox 1053 2243 1930 2283; baseline 0 -11"><span class='ocrx_word' id='word_1_792' title='bbox 1053 2246 1113 2273; x_wconf 80' lang='grc' dir='ltr'>Ὅτι</span> <span class='ocrx_word' id='word_1_793' title='bbox 1144 2243 1172 2271; x_wconf 70' lang='grc' dir='ltr'>δὲ</span> <span class='ocrx_word' id='word_1_794' title='bbox 1201 2243 1377 2283; x_wconf 70' lang='grc' dir='ltr'>σφαιροειδής</span> <span class='ocrx_word' id='word_1_795' title='bbox 1405 2243 1460 2271; x_wconf 79' lang='grc' dir='ltr'>ἐστι</span> <span class='ocrx_word' id='word_1_796' title='bbox 1484 2244 1515 2271; x_wconf 85' lang='grc' dir='ltr'>τὸ</span> <span class='ocrx_word' id='word_1_797' title='bbox 1546 2247 1652 2281; x_wconf 83' lang='grc' dir='ltr'>σχῆμα,</span> <span class='ocrx_word' id='word_1_798' title='bbox 1678 2243 1762 2279; x_wconf 79' lang='grc' dir='ltr'>δῆλον</span> <span class='ocrx_word' id='word_1_799' title='bbox 1786 2243 1886 2272; x_wconf 80' lang='grc' dir='ltr'>ἐκτῶν</span> <span class='ocrx_word' id='word_1_800' title='bbox 1924 2267 1930 2274; x_wconf 81' lang='lat'>.</span> 
     </span>
    </p>
   </div>
   <div class='ocr_carea' id='block_1_111' title="bbox 1053 2287 1888 2327">
    <p class='ocr_par' dir='ltr' id='par_1_111' title="bbox 1053 2287 1888 2327">
     <span class='ocr_line' id='line_1_111' title="bbox 1053 2287 1888 2327; baseline -0.001 -10"><span class='ocrx_word' id='word_1_801' title='bbox 1053 2289 1153 2325; x_wconf 73' lang='grc' dir='ltr'>ταύτης</span> <span class='ocrx_word' id='word_1_802' title='bbox 1184 2290 1343 2327; x_wconf 79' lang='grc' dir='ltr'>φωτισμῶν.</span> <span class='ocrx_word' id='word_1_803' title='bbox 1372 2288 1404 2316; x_wconf 76' lang='lat' dir='ltr'>Ei’</span> <span class='ocrx_word' id='word_1_804' title='bbox 1433 2288 1484 2326; x_wconf 73' lang='grc' dir='ltr'>γὰρ</span> <span class='ocrx_word' id='word_1_805' title='bbox 1512 2288 1545 2322; x_wconf 84' lang='grc' dir='ltr'>ἧν</span> <span class='ocrx_word' id='word_1_806' title='bbox 1575 2287 1740 2324; x_wconf 64' lang='grc' dir='ltr'>διησειδῆς,</span> <span class='ocrx_word' id='word_1_807' title='bbox 1764 2287 1822 2325; x_wconf 79' lang='grc' dir='ltr'>ἅμα</span> <span class='ocrx_word' id='word_1_808' title='bbox 1846 2292 1888 2326; x_wconf 72' lang='grc' dir='ltr'>τῷ</span> 
     </span>
    </p>
   </div>
   <div class='ocr_carea' id='block_1_112' title="bbox 1054 2332 1886 2372">
    <p class='ocr_par' dir='ltr' id='par_1_112' title="bbox 1054 2332 1886 2372">
     <span class='ocr_line' id='line_1_112' title="bbox 1054 2332 1886 2372; baseline -0.001 -11"><span class='ocrx_word' id='word_1_809' title='bbox 1054 2336 1216 2370; x_wconf 82' lang='grc' dir='ltr'>προσπεσεῖν</span> <span class='ocrx_word' id='word_1_810' title='bbox 1247 2332 1315 2370; x_wconf 76' lang='grc' dir='ltr'>αὐτῇ</span> <span class='ocrx_word' id='word_1_811' title='bbox 1352 2333 1399 2363; x_wconf 79' lang='grc' dir='ltr'>τὰς</span> <span class='ocrx_word' id='word_1_812' title='bbox 1430 2332 1548 2367; x_wconf 69' lang='grc' dir='ltr'>ἡλιακὰς</span> <span class='ocrx_word' id='word_1_813' title='bbox 1585 2333 1694 2364; x_wconf 81' lang='grc' dir='ltr'>ἀκτῖνας</span> <span class='ocrx_word' id='word_1_814' title='bbox 1723 2333 1886 2372; x_wconf 68' lang='grc' dir='ltr'>ἐφωτίζετο,</span> 
     </span>
    </p>
   </div>
   <div class='ocr_carea' id='block_1_113' title="bbox 1056 2376 1888 2416">
    <p class='ocr_par' dir='ltr' id='par_1_113' title="bbox 1056 2376 1888 2416">
     <span class='ocr_line' id='line_1_113' title="bbox 1056 2376 1888 2416; baseline 0 -12"><span class='ocrx_word' id='word_1_815' title='bbox 1056 2377 1172 2415; x_wconf 77' lang='grc' dir='ltr'>μηδενὸς</span> <span class='ocrx_word' id='word_1_816' title='bbox 1187 2377 1416 2415; x_wconf 78' lang='grc' dir='ltr'>ὶπιπροσθοῦντος</span> <span class='ocrx_word' id='word_1_817' title='bbox 1440 2377 1618 2414; x_wconf 73' lang='grc' dir='ltr'>κυρτώματος</span> <span class='ocrx_word' id='word_1_818' title='bbox 1636 2387 1642 2394; x_wconf 77' lang='grc'><em>“</em></span> <span class='ocrx_word' id='word_1_819' title='bbox 1668 2379 1712 2404; x_wconf 74' lang='grc' dir='ltr'>νῦν</span> <span class='ocrx_word' id='word_1_820' title='bbox 1738 2376 1778 2412; x_wconf 72' lang='grc' dir='ltr'>δὲ,</span> <span class='ocrx_word' id='word_1_821' title='bbox 1806 2387 1888 2416; x_wconf 73' lang='grc' dir='ltr'>σφαι-</span> 
     </span>
    </p>
   </div>
   <div class='ocr_carea' id='block_1_114' title="bbox 1055 2421 1887 2460">
    <p class='ocr_par' dir='ltr' id='par_1_114' title="bbox 1055 2421 1887 2460">
     <span class='ocr_line' id='line_1_114' title="bbox 1055 2421 1887 2460; baseline -0.001 -11"><span class='ocrx_word' id='word_1_822' title='bbox 1055 2421 1164 2457; x_wconf 75' lang='grc' dir='ltr'>ροειδὴς</span> <span class='ocrx_word' id='word_1_823' title='bbox 1194 2421 1270 2456; x_wconf 75' lang='grc' dir='ltr'>οὖσα,</span> <span class='ocrx_word' id='word_1_824' title='bbox 1300 2422 1368 2449; x_wconf 69' lang='grc' dir='ltr'>κατά</span> <span class='ocrx_word' id='word_1_825' title='bbox 1403 2422 1485 2459; x_wconf 70' lang='grc' dir='ltr'>μέρος</span> <span class='ocrx_word' id='word_1_826' title='bbox 1518 2421 1662 2460; x_wconf 71' lang='grc' dir='ltr'>φωτίζεται</span> <span class='ocrx_word' id='word_1_827' title='bbox 1689 2425 1749 2453; x_wconf 72' lang='grc' dir='ltr'>ταῖς</span> <span class='ocrx_word' id='word_1_828' title='bbox 1782 2422 1887 2457; x_wconf 72' lang='grc' dir='ltr'>ἀκτῖσι,</span> 
     </span>
    </p>
   </div>
   <div class='ocr_carea' id='block_1_115' title="bbox 1055 2465 1888 2504">
    <p class='ocr_par' dir='ltr' id='par_1_115' title="bbox 1055 2465 1888 2504">
     <span class='ocr_line' id='line_1_115' title="bbox 1055 2465 1888 2504; baseline 0.001 -11"><span class='ocrx_word' id='word_1_829' title='bbox 1055 2465 1099 2494; x_wconf 68' lang='grc' dir='ltr'>διὰ</span> <span class='ocrx_word' id='word_1_830' title='bbox 1113 2467 1144 2494; x_wconf 84' lang='grc' dir='ltr'>τὸ</span> <span class='ocrx_word' id='word_1_831' title='bbox 1160 2468 1333 2504; x_wconf 71' lang='grc' dir='ltr'>ἐπιπροσθεῖν</span> <span class='ocrx_word' id='word_1_832' title='bbox 1357 2467 1390 2494; x_wconf 78' lang='grc' dir='ltr'>τὰ</span> <span class='ocrx_word' id='word_1_833' title='bbox 1415 2465 1500 2494; x_wconf 86' lang='grc' dir='ltr'>λοιπά</span> <span class='ocrx_word' id='word_1_834' title='bbox 1524 2467 1593 2504; x_wconf 71' lang='grc' dir='ltr'>μὲρη</span> <span class='ocrx_word' id='word_1_835' title='bbox 1617 2468 1651 2503; x_wconf 84' lang='grc' dir='ltr'>τῇ</span> <span class='ocrx_word' id='word_1_836' title='bbox 1671 2467 1822 2504; x_wconf 85' lang='grc' dir='ltr'>κυρτότητι</span> <span class='ocrx_word' id='word_1_837' title='bbox 1839 2469 1888 2494; x_wconf 75' lang='grc' dir='ltr'>τοῦ</span> 
     </span>
    </p>
   </div>
   <div class='ocr_carea' id='block_1_116' title="bbox 1053 2509 1888 2550">
    <p class='ocr_par' dir='ltr' id='par_1_116' title="bbox 1053 2509 1888 2550">
     <span class='ocr_line' id='line_1_116' title="bbox 1053 2509 1888 2550; baseline 0 -11"><span class='ocrx_word' id='word_1_838' title='bbox 1053 2510 1179 2539; x_wconf 81' lang='grc' dir='ltr'>τοιούτου</span> <span class='ocrx_word' id='word_1_839' title='bbox 1208 2512 1364 2549; x_wconf 81' lang='grc' dir='ltr'>σχήματος.</span> <span class='ocrx_word' id='word_1_840' title='bbox 1390 2511 1425 2537; x_wconf 87' lang='grc' dir='ltr'>Τὸ</span> <span class='ocrx_word' id='word_1_841' title='bbox 1468 2509 1497 2538; x_wconf 76' lang='grc' dir='ltr'>ὃὶ</span> <span class='ocrx_word' id='word_1_842' title='bbox 1537 2514 1588 2546; x_wconf 88' lang='grc' dir='ltr'>τῆς</span> <span class='ocrx_word' id='word_1_843' title='bbox 1621 2511 1741 2547; x_wconf 78' lang='grc' dir='ltr'>σελήνης</span> <span class='ocrx_word' id='word_1_844' title='bbox 1770 2511 1888 2550; x_wconf 65' lang='grc' dir='ltr'>μέγεθος</span> 
     </span>
    </p>
   </div>
   <div class='ocr_carea' id='block_1_117' title="bbox 1054 2555 1888 2593">
    <p class='ocr_par' dir='ltr' id='par_1_117' title="bbox 1054 2555 1888 2593">
     <span class='ocr_line' id='line_1_117' title="bbox 1054 2555 1888 2593; baseline 0.001 -10"><span class='ocrx_word' id='word_1_845' title='bbox 1054 2555 1166 2583; x_wconf 70' lang='grc' dir='ltr'>ἔλαττόν</span> <span class='ocrx_word' id='word_1_846' title='bbox 1192 2555 1246 2583; x_wconf 74' lang='grc' dir='ltr'>ἐστι</span> <span class='ocrx_word' id='word_1_847' title='bbox 1270 2559 1320 2590; x_wconf 81' lang='grc' dir='ltr'>τῆς</span> <span class='ocrx_word' id='word_1_848' title='bbox 1343 2558 1395 2593; x_wconf 82' lang='grc' dir='ltr'>γῆς</span> <span class='ocrx_word' id='word_1_849' title='bbox 1418 2555 1463 2583; x_wconf 76' lang='grc' dir='ltr'>καὶ</span> <span class='ocrx_word' id='word_1_850' title='bbox 1499 2555 1551 2582; x_wconf 85' lang='grc' dir='ltr'>ὑπὸ</span> <span class='ocrx_word' id='word_1_851' title='bbox 1580 2556 1723 2593; x_wconf 79' lang='grc' dir='ltr'>τριάκοντα</span> <span class='ocrx_word' id='word_1_852' title='bbox 1748 2555 1888 2584; x_wconf 71' lang='grc' dir='ltr'>ἰνναπλά-</span> 
     </span>
    </p>
   </div>
   <div class='ocr_carea' id='block_1_118' title="bbox 1054 2599 1711 2635">
    <p class='ocr_par' dir='ltr' id='par_1_118' title="bbox 1054 2599 1711 2635">
     <span class='ocr_line' id='line_1_118' title="bbox 1054 2599 1711 2635; baseline 0 -7"><span class='ocrx_word' id='word_1_853' title='bbox 1054 2611 1123 2635; x_wconf 84' lang='grc' dir='ltr'>σιον,</span> <span class='ocrx_word' id='word_1_854' title='bbox 1139 2600 1207 2628; x_wconf 82' lang='grc' dir='ltr'>κατὰ</span> <span class='ocrx_word' id='word_1_855' title='bbox 1220 2599 1248 2627; x_wconf 72' lang='grc' dir='ltr'>δέ</span> <span class='ocrx_word' id='word_1_856' title='bbox 1263 2611 1337 2631; x_wconf 79' lang='grc' dir='ltr'>τινας</span> <span class='ocrx_word' id='word_1_857' title='bbox 1352 2600 1403 2628; x_wconf 67' lang='grc' dir='ltr'>ὐπὸ</span> <span class='ocrx_word' id='word_1_858' title='bbox 1419 2599 1503 2627; x_wconf 57' lang='grc' dir='ltr'>εἷειοσι</span> <span class='ocrx_word' id='word_1_859' title='bbox 1520 2599 1711 2629; x_wconf 68' lang='grc' dir='ltr'>ζνναπλάσιον.</span> 
     </span>
    </p>
   </div>
   <div class='ocr_carea' id='block_1_119' title="bbox 1245 2702 1685 2741">
    <p class='ocr_par' dir='ltr' id='par_1_119' title="bbox 1245 2702 1685 2741">
     <span class='ocr_line' id='line_1_119' title="bbox 1245 2702 1685 2741; baseline 0 -10"><span class='ocrx_word' id='word_1_860' title='bbox 1245 2704 1294 2732; x_wconf 84' lang='grc' dir='ltr'>κθ’.</span> <span class='ocrx_word' id='word_1_861' title='bbox 1311 2703 1377 2741; x_wconf 82' lang='grc' dir='ltr'>Περὶ</span> <span class='ocrx_word' id='word_1_862' title='bbox 1392 2703 1540 2741; x_wconf 72' lang='grc' dir='ltr'>ὶκλείψεως</span> <span class='ocrx_word' id='word_1_863' title='bbox 1557 2702 1685 2739; x_wconf 70' lang='grc' dir='ltr'>σελήνης.</span> 
     </span>
    </p>
   </div>
   <div class='ocr_carea' id='block_1_120' title="bbox 1089 2751 1887 2792">
    <p class='ocr_par' dir='ltr' id='par_1_120' title="bbox 1089 2751 1887 2792">
     <span class='ocr_line' id='line_1_120' title="bbox 1089 2751 1887 2792; baseline 0.001 -10"><span class='ocrx_word' id='word_1_864' title='bbox 1089 2752 1225 2782; x_wconf 79' lang='grc' dir='ltr'>Ἐκλείπιι</span> <span class='ocrx_word' id='word_1_865' title='bbox 1255 2751 1283 2782; x_wconf 76' lang='grc' dir='ltr'>δὲ</span> <span class='ocrx_word' id='word_1_866' title='bbox 1310 2754 1328 2789; x_wconf 86' lang='grc' dir='ltr'>ἡ</span> <span class='ocrx_word' id='word_1_867' title='bbox 1354 2751 1456 2790; x_wconf 78' lang='grc' dir='ltr'>σελήνη</span> <span class='ocrx_word' id='word_1_868' title='bbox 1478 2753 1546 2782; x_wconf 81' lang='grc' dir='ltr'>κατὰ</span> <span class='ocrx_word' id='word_1_869' title='bbox 1570 2752 1714 2792; x_wconf 78' lang='grc' dir='ltr'>διάμὲτρον</span> <span class='ocrx_word' id='word_1_870' title='bbox 1742 2756 1784 2790; x_wconf 84' lang='grc' dir='ltr'>τῷ</span> <span class='ocrx_word' id='word_1_871' title='bbox 1805 2753 1887 2791; x_wconf 77' lang='grc' dir='ltr'>ἡλίῳ</span> 
     </span>
    </p>
   </div>
  </div>
