1948 3056
144 104 201 134 811
818 100 913 130 MICH

1089 99 1185 130 iELLl
1797 99 1858 129 812

704 243 773 272 ΤΟΥ
793 243 1067 271 ΠΑΝΥΠΕΡΤΑΤΟΥ
1087 242 1293 271 ΦΙΛΟΣΟΦΟΥ

321 334 650 399 ΚΥΡΙΟΥ
697 332 1051 397 ΜΙΚΑΗΛ
1091 332 1265 397 ΤΟΥ
1307 331 1669 397 ΨΕΛΛΟΥ

840 449 956 478 ΣΤΙΧΟΙ
975 449 1156 478 ΠΟΛΙΤΙΚΟΙ

547 525 635 551 ΠΡΟΣ
655 525 723 551 TON
742 523 895 550 ΒΑΣΙΛΕΑ
915 522 1041 550 ΚΥΡΙΟΝ
1061 522 1203 550 ΜΙΧΑΗΛ
1222 522 1294 550 TON
1315 522 1452 551 ΛΟΥΚΑΝ

719 612 870 660 ΠΕΡΙ
920 610 1275 659 ΔΟΓΜΑΤΟΣ.

799 794 925 826 SUMMI
951 788 1194 825 PHILOSOPHI

296 887 674 966 DOMINI
729 885 1296 963 MIGHAELIS
1356 886 1716 964 PSELLI

797 1015 974 1046 VERSUS
1007 1014 1205 1045 POLITICI

462 1095 521 1127 AD
541 1094 747 1126 DOMINUM
764 1093 1086 1125 IMPERATOREM
1107 1093 1374 1126 MICHAELEM
1392 1094 1545 1126 DUCAM

756 1176 847 1222 DE
902 1174 1252 1222 DOGMATE

190 1277 357 1312 (MEERMAN,
369 1275 520 1304 Thuaurus
533 1275 609 1304 luris
620 1277 691 1303 tom.
705 1276 726 1303 Ι.
743 1274 826 1311 Hasse
841 1274 982 1303 comitum
1000 1274 1066 1302 1751
1084 1273 1133 1302 fol.
1148 1290 1181 1296 —
1195 1274 1469 1310 Inter-pretationem
1482 1276 1614 1304 nostram
1633 1274 1817 1311 addidimus)

147 1430 252 1466 Accipe
268 1431 296 1458 et
310 1429 537 1457 fundamentum
553 1431 721 1457 nostrorum
737 1428 910 1464 dogmatum

1026 1427 1113 1464 Δέχου
1128 1426 1172 1454 καὶ
1187 1427 1234 1454 κὸν
1251 1425 1377 1463 θεμέλιον
1393 1429 1446 1455 τῶν
1463 1428 1523 1459 καθ’
1537 1428 1611 1464 ἡμᾶς
1627 1425 1782 1465 δογμάτωνΙ

149 1474 316 1507 Concisum,
332 1476 360 1502 et
375 1473 574 1510 synopticum,
586 1475 613 1501 et
632 1473 899 1508 circumscriptum.

1030 1471 1181 1508 Σύντῡμον⁷
1198 1471 1242 1498 καὶ
1259 1472 1431 1506 συνοπτιχὸν,
1447 1471 1491 1499 καὶ
1507 1472 1770 1510 περιγεγραμμένον,

150 1518 247 1546 Deum
264 1526 418 1554 cognosce,
432 1517 561 1550 domine,
578 1525 733 1553 corporum
751 1517 919 1552 incoporeor

945 1523 974 1543 m
1029 1515 1093 1543 Θεὸν
1107 1515 1231 1552 γίνωσκε,
1249 1514 1377 1549 δέσποτα,
1395 1519 1529 1553 σωμάτων
1552 1516 1714 1553 ἀσωμάτων,

152 1562 416 1598 Contemporalem,
431 1562 581 1589 infinitum
594 1562 797 1589 universorum
814 1562 921 1588 creato:

1031 1559 1202 1597 Σύγχρονον,
1216 1558 1407 1596 ἀτελεύτητον,
1422 1563 1476 1588 τῶν
1493 1559 1566 1588 ὅλων
1585 1561 1749 1596 ὑποστάτην,

152 1607 360 1642 Incorporeum
377 1606 573 1639 indeﬁnitum,
591 1607 696 1634 natura
712 1605 902 1639 invisibilem,

1030 1604 1200 1640 Ἀσώματον,
1217 1604 1353 1641 ἀόριστον,
1370 1604 1576 1642 ἀσχημάτιστον
1593 1605 1679 1644 φύσει,

153 1651 300 1685 Liberum,
313 1650 477 1678 substantia
488 1649 826 1686 incomprehensibilem,
836 1649 922 1685 operil

1090 1659 1140 1675 :‘tov
1173 1649 1232 1685 μὶν,
1262 1648 1352 1680 οὐςίαν
1382 1648 1519 1685 ἄληπτον,
1549 1649 1653 1685 ληπτὸν
1687 1653 1747 1682 ταῖς
1787 1650 1859 1688 ἐνερ-

687 1693 938 1730 [cognoscibilem.
1714 1695 1822 1733 [γείαις,

151 1741 247 1768 Unum
265 1741 293 1768 et
307 1739 364 1768 tria
377 1739 478 1775 simul,
491 1747 582 1767 unum
599 1739 762 1767 secundum
779 1739 917 1766 substant

924 1738 974 1766 iam
1030 1738 1096 1764 Ἕνα
1111 1736 1155 1764 καὶ
1170 1737 1233 1775 τρία
1247 1738 1305 1764 κατ’
1318 1737 1409 1772 αὐτὸν,
1426 1737 1471 1765 ἕνα
1489 1738 1536 1774 μὶν
1552 1739 1586 1774 τῇ
1604 1738 1693 1774 οὐσίᾳ,

149 1785 217 1813 Tria
231 1785 395 1813 secundum
420 1785 583 1816 substrata,
609 1783 653 1811 vel
669 1783 693 1811 si
715 1783 795 1816 libet,
812 1783 918 1811 secund

1031 1781 1100 1819 Τρία
1112 1784 1171 1812 ταῖς
1188 1782 1363 1810 ὑποστάσεσιν
1375 1804 1382 1817 ,
1401 1782 1423 1810 sl
1442 1781 1547 1820 βούλει,
1563 1782 1608 1809 καὶ
1624 1783 1794 1818 προσώποις.

808 1836 939 1856 ειιεοῐιειε.

774 1829 920 1864 [personas

151 1874 232 1902 Unus
248 1882 376 1910 namque
391 1873 422 1901 in
438 1874 533 1902 tribus
549 1873 648 1901 existit
658 1875 734 1900 Deus
752 1873 885 1908 personis
901 1880 907 1899 ε

1033 1870 1125 1902 Μονὰς
1140 1871 1192 1908 γὰρ
1208 1871 1422 1909 τρισυπόστατος
1440 1872 1453 1898 ὁ
1469 1871 1534 1902 Θεὸς
1550 1873 1719 1910 χρηματίζει
1736 1881 1742 1888 ·

151 1919 247 1952 Pater,
266 1919 356 1947 Filius
372 1921 400 1946 et
415 1919 543 1954 Spiritus
561 1920 681 1946 sanctus
702 1917 920 1945 consubstantia

914 1917 975 1945 slis.
1033 1917 1138 1952 Πατὶρ,
1155 1916 1227 1951 Υἱὸς,
1243 1916 1287 1943 καὶ
1305 1916 1379 1954 ἅγιον
1398 1915 1546 1953 ὁμοούσιον
1562 1917 1683 1953 Πνεῦμα.

153 1963 236 1991 Unus
251 1965 337 1991 Pater
351 1965 379 1991 et
394 1963 457 1991 sine
473 1963 617 1999 principio
639 1963 733 1996 Pater,
750 1962 922 1998 gubernatox

1033 1961 1124 1991 Μόνος
1140 1961 1232 1998 Πατήρ
1245 1960 1289 1988 καὶ
1305 1959 1425 1999 ἄναρχος
1440 1961 1453 1988 ὁ
1469 1962 1563 1999 Πατήρ
1580 1961 1763 2000 στεφηφόρος,

155 2007 234 2035 Unus
250 2007 342 2035 Filius
357 2009 385 2035 et
401 2016 459 2035 non
475 2008 538 2035 sine
571 2007 716 2043 principio
732 2007 896 2033 secundum
913 2015 924 2033 ε

1045 2005 1124 2037 dove:
1139 2005 1200 2036 Υἱὸς
1215 2005 1259 2032 καὶ
1275 2005 1324 2032 οὐκ
1337 2006 1464 2044 ἄναρχος,
1479 2007 1514 2043 τῇ
1531 2007 1608 2044 σαρκὶ
1626 2005 1707 2034 αὐτοῦ
1722 2006 1814 2042 πέλει,

751 2050 828 2085 [nem
846 2058 941 2078 suam.

155 2095 335 2132 Principium
351 2095 415 2130 ejus
431 2095 513 2123 Pater
528 2104 535 2123 :
549 2096 612 2131 jam
626 2088 694 2122 vero
709 2094 734 2122 si
750 2094 786 2122 ad
802 2097 924 2130 tempori

1004 2110 1018 2143 Β
1034 2094 1121 2131 Ἀρχή
1137 2093 1164 2121 δὲ
1180 2094 1278 2143 τοέτου
1294 2095 1308 2122 ὁ
1324 2095 1429 2131 Πατὴρ,
1445 2094 1468 2122 εἰ
1485 2093 1514 2122 δὲ
1532 2096 1581 2130 τὴν
1597 2096 1650 2124 ἀπὸ
1664 2096 1773 2134 χρόνων

155 2140 235 2168 Velis
252 2139 428 2177 principium
443 2139 550 2168 referre
568 2140 630 2175 ipse
644 2147 762 2175 quoque
773 2139 917 2175 principio

1036 2139 1139 2176 Ἀρχὴν
1156 2136 1306 2176 λαμϐάνειν
1323 2138 1448 2177 βούλοιο,
1461 2139 1507 2166 καὶ
1523 2139 1644 2178 ἄναρχος
1659 2141 1800 2179 τυγχάνει.

877 2184 942 2220 [ret.

154 2229 291 2267 Spiritus,
308 2231 428 2258 sanctus
444 2229 583 2257 nimirum
594 2228 720 2265 Spiritus
731 2230 758 2256 et
772 2229 847 2256 Deus
858 2228 923 2256 subi

1035 2229 1155 2264 Πνεῦμα,
1172 2228 1202 2255 τὸ
1216 2230 1326 2264 Πνεῦμα
1342 2228 1418 2266 ἅγιον
1435 2229 1479 2256 καὶ
1496 2229 1560 2260 Θεὸς
1577 2229 1636 2257 κατ’
1649 2229 1753 2266 οὐσίαν,

386 2276 393 2280 “
813 2272 942 2308 ftialiter.

153 2320 195 2348 Ex
211 2319 294 2348 Patre
309 2327 481 2355 processum
498 2319 585 2347 habet
600 2326 690 2354 supra
706 2320 845 2345 naturam

1036 2317 1084 2345 Ἐκ
1098 2319 1145 2344 τοῦ
1162 2317 1265 2354 Πατρὸς
1280 2317 1330 2351 τήν
1346 2316 1464 2355 πρόοδον
1485 2317 1612 2355 ἐσχηκὼς
1630 2318 1696 2356 ὑπὲρ
1712 2319 1793 2357 φύσιν

154 2365 217 2392 Non
233 2367 331 2392 autem
347 2373 381 2392 ex
396 2365 468 2393 Filio
483 2364 551 2392 licet
567 2363 673 2391 modus
688 2362 727 2390 sit
743 2362 873 2399 ignotus.

1034 2363 1218 2399 Ἐκπορευτὴν
1236 2361 1290 2398 οὐχ
1305 2362 1407 2398 υἱϊκὴν,
1422 2361 1470 2389 κᾶν
1486 2362 1624 2400 ἄγνωστος
1641 2363 1655 2390 ὁ
1669 2363 1784 2400 τρόπος,

156 2409 284 2440 Quodvis
300 2409 420 2444 quidem
436 2407 605 2437 substantia
625 2407 701 2443 (est),
718 2407 775 2435 tria
790 2408 888 2435 autem
904 2415 922 2434 u

936 2415 981 2435 lus
1035 2407 1185 2438 Υπόστασις
1204 2406 1251 2443 μὶν
1266 2404 1390 2441 ἕκαστον,
1408 2408 1446 2438 εἷς
1463 2405 1492 2434 δὲ
1507 2407 1574 2439 Θεὸς
1588 2407 1622 2435 τὰ
1635 2407 1705 2445 τρία.

846 2452 943 2487 [Deus.

159 2496 241 2524 Unus
258 2497 349 2525 Filius
365 2497 536 2525 incarnatus
548 2499 592 2525 est
607 2497 637 2524 in
653 2497 710 2524 fine
725 2496 910 2531 saeculorum,

1036 2495 1126 2527 Μόνος
1143 2494 1171 2523 δὲ
1182 2496 1242 2526 Υἱὸς
1258 2495 1424 2534 σεσάρχωται
1440 2497 1465 2524 ἐν
1481 2495 1554 2524 τέλει
1570 2499 1624 2525 τῶν
1638 2497 1756 2533 αἰώνων,

162 2542 193 2568 Et
209 2543 343 2569 naturam
360 2541 472 2578 accepit
489 2544 620 2569 nostram
637 2549 671 2568 ex
682 2541 807 2577 Virgine,

1036 2540 1084 2568 Καὶ
1102 2539 1179 2577 φύσιν
1197 2538 1343 2568 ἆνελάϐετο
1358 2542 1407 2576 τὴν
1424 2542 1504 2577 ἡμῶν
1520 2540 1550 2569 ἐκ
1569 2541 1719 2579 Παρθένου,

160 2586 370 2620 Essentialiter,
388 2595 444 2615 non
462 2587 609 2620 simulate,
627 2589 743 2620 natura,
759 2595 815 2614 non
833 2586 929 2622 specie

1036 2582 1196 2619 Οὐσιωδῶς,
1220 2585 1252 2612 οὐ
1268 2588 1411 2623 σχετικῶς,
1428 2585 1514 2620 φύσει,
1531 2585 1564 2613 οὐ
1581 2586 1710 2625 φαντασίᾳ

158 2631 199 2658 Ex
214 2631 409 2668 ssnguinibus
432 2632 607 2661 venerandis
630 2631 825 2660 sanctissimas
841 2631 927 2667 Virgil

1109 2631 1163 2656 τῶν
1189 2629 1312 2666 αἱμάτων
1334 2632 1387 2657 τῶν
1414 2633 1518 2658 σεπτῶν
1547 2634 1596 2665 τῆς
1627 2634 1766 2669 παναγοῦς
1792 2633 1868 2670 Παρ-

1725 2675 1828 2713 [θὲνου.

159 2721 223 2749 Alia
239 2722 336 2749 autem
350 2723 394 2750 est
409 2722 584 2757 substantia,
601 2723 628 2749 et
640 2721 696 2749 alia
712 2722 849 2749 essentia.

1036 2717 1128 2753 ’Ἄλλη
1147 2717 1170 2746 δ’
1184 2718 1254 2746 ἐστιν
1276 2717 1432 2751 ὑπόστασις,
1446 2717 1491 2744 καὶ
1507 2715 1597 2754 ἓτιρον
1614 2716 1702 2747 οὐσία.

159 2766 293 2795 Essentia
307 2766 427 2803 quidem
443 2766 609 2794 communis
629 2766 804 2795 substantia
819 2765 928 2802 species

892 2765 944 2799 les,
1036 2763 1067 2791 'H
1085 2763 1131 2799 μὲν
1149 2763 1225 2791 οὺσία
1239 2763 1270 2790 τὸ
1285 2762 1375 2790 κοινὸν
1392 2762 1565 2794 ὑποστάσεως
1581 2760 1661 2798 εἶδος,
