1948 3056
83 135 141 164 813
709 128 862 161 VERSUS
885 129 936 159 DE
957 128 1155 160 DOGMATE.
1730 129 1790 161 8M

83 200 118 228 Ἠ
133 198 162 227 ὃὶ
176 196 320 229 ὑπόστασίς
335 195 406 224 ἐστιν
420 196 447 224 ’ὲν
463 195 610 234 πρόσωπον
625 194 671 223 καὶ
689 196 783 229 μόνον.

85 244 125 273 Τὸ
141 244 187 280 μὶν
202 243 253 281 γὰρ
267 246 316 277 τῆς
331 241 468 276 θεότητος,
483 244 534 276 τῆς
555 240 766 278 ἀνθρωπότητός
780 250 820 276 τε,

84 289 242 325 Δηλωτικὸν
256 292 306 322 τῆς
321 286 424 326 φύσεως
441 287 486 314 καὶ
502 286 592 314 οὐσίαν
608 286 740 324 τυγχάνει

83 335 113 363 Ὁ
130 333 158 361 δὲ
173 334 276 369 Πατὴρ,
292 332 335 360 καὶ
352 332 424 367 Υἱὸς,
440 331 484 359 καὶ
499 331 530 358 τὸ
547 331 620 369 ἅγιον
637 331 757 367 Πνεῦμα,

83 379 131 406 Καὶ
147 378 280 416 πρόσωπα
294 375 440 414 πεφύκασι,
457 377 501 403 καὶ
519 377 572 412 μὴν
589 375 633 402 καὶ
651 376 822 406 ὑποστάσεις.

80 424 112 452 Ὀ
128 422 274 460 σαργωθεὶς
290 422 382 449 τοίνυν
395 421 457 452 Υἱὸς
473 421 622 458 ἀτρέπτως,
635 420 810 457 ἀσυγχύτους.

80 468 120 497 Οὐ
136 469 282 505 σχετικῶς,
299 466 337 498 ὡς
352 465 475 502 εἴπομεν,
494 463 556 492 οὔτε
573 466 627 502 μὴν
642 465 710 492 κατὰ
728 464 819 503 φύσιν,

80 567 125 599 Ὠς
140 567 154 594 6
170 564 258 597 δεινὸς
273 569 419 603 Νεποριος
435 561 572 594 δυσσεϐῶς
589 561 751 601 παρελήρει,

80 611 188 646 Ἦνώθη
204 611 262 638 καθ’
280 609 424 638 ὑπόστασιν
440 611 479 645 τῷ
493 607 684 646 προληφθείσῃ
701 606 789 645 φύσει,

80 657 138 685 Μία
155 655 246 693 μείνας
263 654 420 688 ὑπόστασις,
435 654 470 691 τῇ
487 652 545 689 θείᾳ
559 652 603 680 καὶ
618 651 719 686 τελεία,

80 702 124 730 Ἑν
140 699 187 728 δύο
204 699 231 728 δὲ
245 702 305 730 ταῖς
322 699 429 738 φύσεσιν
444 696 588 728 οὖσιωδῶς
605 695 756 734 τυγχάνων.

80 745 157 773 Οὕτω
173 743 205 780 δὴ
221 744 266 772 καὶ
280 741 477 782 πρεσϐεύομεν,
494 741 581 773 οὕτως
598 741 791 779 ὁμολογοῦμεν

80 790 136 821 Τὰς
152 788 200 816 δύο
216 789 307 828 φύσεις
322 787 444 823 ἀληθῶς,
461 787 532 819 θείαν
550 786 595 814 καὶ
612 785 799 823 ἀνθρωπίνην,

81 833 234 870 ’Δλλήλαις
249 833 308 860 καθ’
325 831 468 860 ὑπόστασιν
485 831 626 869 ἀτρέπτως
642 830 798 866 ἐνωθείσας,

79 933 211 967 Ἑκάστην
229 930 413 959 ἀναλλοίωτον
432 928 520 966 μένειν
535 928 560 956 ἐν
575 930 609 965 τῇ
626 929 729 964 ἐνώσει,

80 979 127 1006 Ἐκ
140 976 168 1005 δί
181 979 235 1005 τῶν
252 975 299 1004 δύο
315 975 419 1016 φύσεων
439 975 501 1012 μίαν
515 973 715 1007 ἀποτελεῖσθαι,

82 1023 210 1051 Σύνθετον
223 1022 273 1056 τὴν
291 1020 434 1048 ὑπόστασιν
450 1028 456 1035 “
475 1019 545 1047 οὕτω
561 1018 676 1049 πίστεως
697 1017 771 1056 ὅρος.

81 1068 291 1104 Ὁμολογοῦμεν
307 1067 451 1102 τοιγαροῦν
467 1066 515 1092 τοῦ
532 1064 636 1101 [ἰατρὸς
651 1063 712 1090 Υἰὸν
726 1061 783 1098 ἕνα,

80 1113 154 1140 Κατὰ
169 1112 219 1146 τὴν
236 1110 438 1148 ἐνανθρώπησιν
452 1109 502 1144 τήν
518 1107 636 1147 ἄρρητον
651 1109 699 1136 τοῦ
712 1108 814 1144 Λόγου,

80 1157 134 1186 Καὶ
149 1156 195 1184 τὸν
210 1155 288 1183 αὐτὸν
304 1155 365 1182 Υίὸν
377 1156 468 1193 σαφῶς
484 1152 625 1191 ἄνθρωπον
641 1152 796 1190 πεφυκέναι,

80 1204 148 1231 "Eva.
160 1201 274 1239 Χριστὸν
289 1201 335 1228 καὶ
348 1201 446 1236 Κύριον
461 1201 596 1236 μονογενῆ
612 1197 657 1226 καὶ
672 1196 771 1235 Λόγον,

80 1300 166 1330 ’Όλον
183 1299 246 1327 Θεὸν
263 1299 307 1326 καὶ
324 1297 467 1336 ἄνθρωπον
480 1299 515 1334 τῇ
531 1296 580 1333 μίᾳ
596 1295 750 1324 ὑποστάσει.

81 1347 217 1374 ’Ἠνωνται
245 1346 311 1381 γοῦν
341 1343 368 1370 αἱ
395 1345 444 1370 τοῦ
468 1343 587 1380 Χριστοῦ
616 1340 718 1380 φύσεις,
744 1338 806 1367 ἀλλ’
829 1338 907 1376 ἀσυγ-

757 1384 820 1422 [χύτ
824 1394 871 1418 ως,

81 1445 218 1472 ’Ἠνωνται
232 1443 291 1470 καθ’
308 1441 464 1475 ὑπόστασιν,
481 1439 610 1477 διῄρηται
627 1437 656 1466 δὲ
670 1438 752 1466 πάλιν

82 1491 127 1524 Τῷ
141 1487 234 1526 τρόπῳ
248 1488 297 1522 τῆς
314 1485 456 1524 διαφορᾶς,
474 1484 546 1519 Ξίλλη
564 1485 630 1512 Θεοῦ
644 1484 696 1521 γὰρ
710 1483 800 1521 φύσις,

83 1533 137 1562 Καὶ
153 1532 225 1568 ἄλλη
242 1531 464 1568 ἀνθρωπότητος,
481 1531 519 1561 εἴς
537 1528 565 1556 δὲ
577 1528 603 1556 ἐν
618 1528 720 1566 ἀμφοῖν
737 1527 836 1565 Λόγος,

85 1624 136 1654 Εἷς
151 1622 242 1650 τοίνυν
259 1621 330 1649 ἐστὶν
346 1621 360 1648 6
375 1620 500 1657 Χριστὸς,
518 1619 532 1646 6
548 1617 577 1646 δὶ
590 1618 670 1648 αὐτὸς
685 1617 730 1644 καὶ
743 1616 801 1652 δύο,

84 1669 135 1699 Εἷς
152 1668 198 1704 μὶν
214 1666 264 1704 γὰρ
279 1666 328 1700 τήν
346 1665 502 1699 ὑπόστασιν,
517 1662 591 1691 ἀλλὰ
610 1661 726 1693 διπλοῦς
745 1662 795 1696 τήν
819 1660 909 1700 φύσιν.

83 1768 130 1797 Ὠς
145 1762 328 1804 πρεσϐεύομεν
344 1762 436 1794 καλῶς
449 1764 499 1790 τοῦ
514 1760 631 1799 Χριστοῦ
647 1760 694 1788 δύο
718 1759 820 1799 φύσεις,

86 1811 166 1841 Οὕτω
179 1810 224 1838 καὶ
244 1808 292 1836 δύο
308 1808 425 1845 λὲγομεν
442 1806 556 1844 φυσικὰς
571 1805 714 1843 ἐνεργείας,

86 1855 139 1884 Καὶ
157 1854 204 1882 δύο
217 1855 250 1882 τὰ
265 1854 407 1889 θελήματα
419 1853 540 1891 φυσικῶς
556 1850 722 1888 ἐνεργοῦντα.

85 1899 174 1930 Οὐσία
191 1899 238 1934 μὶν
255 1897 301 1925 οὖν
314 1897 360 1925 καὶ
375 1896 468 1935 μορφή
483 1895 528 1922 καὶ
545 1894 622 1933 φύσις
637 1894 662 1922 ὲν
677 1896 718 1930 τῷ
733 1893 821 1932 Λόγῳ,

86 1948 211 1979 ’Ἁτομον
227 1941 255 1970 δὲ
269 1941 313 1969 καὶ
328 1940 474 1978 πρόσωπον
489 1939 517 1966 ἓν
532 1939 577 1965 σὺν
590 1940 624 1975 τῇ
639 1938 794 1966 ὑποστάσει.

85 1990 141 2024 Τὴν
160 1988 245 2024 σάρκα
261 1985 290 2014 δὲ
302 1987 352 2020 τὴν
365 1986 414 2012 τοῦ
429 1986 496 2012 Θεοῦ
514 1984 658 2010 ὑπόστασιν
675 1983 713 2019 μὴ
730 1982 803 2020 λέγε,

86 2034 157 2071 Λέγι
171 2032 222 2070 γὰρ
239 2030 428 2064 ἰνυπόσ-τατον,
443 2025 553 2065 ἀκριϐὶς
567 2028 618 2066 γὰρ
632 2027 664 2054 τὸ
684 2025 782 2064 δόγμα.

85 2133 121 2160 Τὸ
135 2131 164 2159 δὲ
177 2141 207 2170 γε
222 2129 397 2157 ἑνυπόστατον
413 2125 635 2163 πολυσήμαντον,
654 2126 726 2161 ἄναξ,

86 2178 162 2207 Ἐστι
178 2176 227 2213 γὰρ
243 2173 420 2202 ὲνυπόστατον
430 2173 461 2200 τὸ
477 2171 577 2206 ἀληθὲς
595 2172 731 2209 ὑπάρχον,

87 2222 138 2251 Καὶ
153 2220 227 2251 αὖθις
244 2218 421 2247 ἐνυπόστατον
435 2217 466 2245 τὸ
485 2216 573 2244 κοινὸν
586 2219 634 2251 τῆς
650 2215 752 2251 οὐσίας,

87 2270 189 2304 ’Ήγουν
204 2265 235 2292 τὸ
251 2263 331 2297 εἶδος,
343 2261 469 2297 δέσποτα,
486 2262 517 2289 τὸ
532 2261 575 2289 ἰπὶ
590 2263 648 2291 τοῖς
663 2260 777 2298 ἀτόμοις

88 2310 288 2348 Πραγματικῶς
306 2307 463 2346 ὑφεστηκὸς,
479 2306 510 2334 οὐ
525 2305 594 2343 ψιλῇ
610 2305 725 2341 ἐπινοίᾳ.

88 2357 165 2383 Ἐστι
182 2353 211 2381 ὃὶ
224 2353 403 2381 ἐνυπόστατον
418 2351 462 2379 καὶ
479 2349 563 2378 πλέον
580 2349 764 2388 φροντιστέον,

88 2401 177 2437 "One?
193 2398 249 2426 ἐστί
265 2395 439 2435 συγκείμενον
458 2396 514 2432 μετ’
531 2394 618 2422 ἄλλοι)
635 2393 777 2433 διαφόρου,

90 2444 165 2473 Κατὰ
179 2441 283 2476 οὐσίαν,
298 2440 425 2475 δέσποτα,
440 2439 477 2471 είς
494 2439 618 2467 σύστασιν
635 2439 784 2476 προσώπου

88 2489 168 2520 Ἑνὸς
182 2487 228 2516 καὶ
245 2486 416 2516 ὑποστάσεως
434 2486 496 2521 μιᾶς
510 2483 624 2522 γένεσιν,
638 2482 700 2519 ἄναξ
717 2492 723 2499 ·

88 2535 124 2562 T6
142 2533 188 2570 μὶν
205 2532 255 2570 γὰρ
271 2530 449 2559 ινυπόστατον
462 2530 586 2556 τοιοῦτον
600 2526 678 2565 ἔσχεν
695 2527 770 2563 ὅρον,

87 2578 248 2607 Ὑπόστασις
264 2574 293 2603 δὶ
307 2576 409 2612 πέφυκε
421 2571 669 2611 κυριολογουμὲνη,

88 2626 205 2661 Πρᾶγμα
220 2619 415 2654 ίδιοσύστατον,
430 2618 456 2645 ἓν
476 2616 580 2654 μᾶλλον
597 2616 744 2654 πρόσωπόν
759 2627 796 2644 τε.

88 2721 229 2751 Ἐνούσιον
246 2718 275 2746 δὲ
290 2719 391 2757 πέρυκε
404 2716 435 2744 τὸ
450 2716 540 2744 κοινὸν
551 2718 601 2750 τῆς
617 2714 720 2749 οὐσίας,

90 2767 167 2803 Ἔξις
182 2764 297 2798 ποιότης
311 2762 432 2800 ἔμμονος
448 2760 493 2789 καὶ
510 2757 732 2797 δυσμετάϐλητός
747 2770 804 2791 πως
819 2768 824 2775 ·

91 2812 191 2849 Ἐξιως
206 2808 300 2840 ἄλλως
316 2807 432 2844 ἀριθμὸς
448 2805 558 2835 ἓκσὶστον
574 2805 641 2833 κατὰ
656 2804 733 2844 φύσιν

923 196 950 230 Α
966 195 1140 223 Substantia
1156 198 1254 223 antem
1270 197 1315 224 est
1331 204 1390 224 una
1405 204 1438 224 ac
1454 195 1518 224 sola
1530 203 1664 232 persona.

964 240 1105 268 Divinitas
1117 240 1196 268 enim
1212 243 1300 276 atque
1316 240 1490 269 humanitas

963 285 1104 312 Naturam
1119 288 1147 313 et
1160 285 1319 313 essentiam
1336 285 1433 313 indica
1442 288 1463 312 t.

963 331 1048 356 Pater
1066 329 1155 357 Filius
1172 332 1200 357 et
1214 329 1343 365 Spiritus
1359 333 1480 358 sanctus

965 374 998 401 Et
1013 383 1141 409 personae
1159 378 1238 408 sunt,
1255 377 1283 402 et
1299 375 1485 402 substantiae.

965 427 1055 455 Filius
1073 428 1160 462 igitur
1175 427 1379 463 incorporatus
1386 427 1790 462 immutabiliter,inconfuse.

963 472 1025 499 Non
1040 472 1189 506 simulate,
1205 473 1246 500 uti
1263 473 1402 508 diximus,
1419 481 1514 509 neque
1529 473 1692 500 secundum
1703 474 1789 499 natu-

1667 517 1752 553 [τθωι

962 570 1048 598 Velut
1063 571 1153 598 miser
1166 571 1318 599 Nestorius
1334 570 1424 607 impie
1439 570 1604 604 blateravit,

962 614 1069 643 Unitus
1081 617 1125 642 est
1139 616 1375 643 substantialiter
1390 623 1458 643 cum
1475 617 1595 652 accepta
1610 623 1708 649 carne,

962 658 1025 687 Una
1040 667 1164 687 manens
1180 660 1347 688 substantia
1363 660 1462 687 divina
1478 662 1506 688 et
1517 660 1656 695 perfecta,

962 705 994 732 In
1009 704 1124 731 duabus
1142 707 1240 731 autem
1256 704 1370 732 naturis
1384 703 1583 732 essentisliter
1597 704 1738 732 existens.

962 749 1004 776 Ita
1021 749 1148 784 profecto
1165 748 1327 782 sancimus,
1342 748 1381 776 ita
1395 749 1570 776 conﬁtemur

962 793 1102 820 Naturam
1120 796 1276 829 utramque
1291 801 1356 821 vere
1367 793 1496 821 divinam
1513 801 1545 821 ac
1562 793 1723 821 humanam

961 837 1020 864 Sibi
1036 837 1160 865 invicem
1184 837 1420 866 substantialiter
1435 840 1463 866 et
1477 837 1702 865 immutabiliter
1717 837 1786 865 uni-

1673 883 1745 916 [tam

960 934 1203 971 Unamquamque
1219 936 1249 963 in
1266 935 1373 963 unione
1388 943 1506 963 manere
1521 944 1579 963 non
1592 937 1747 970 mutatam;

958 980 996 1007 Ex
1013 984 1135 1015 utraque
1150 982 1248 1008 autem
1261 983 1365 1008 natura
1381 989 1469 1008 unam
1483 980 1683 1008 consummari

958 1024 1156 1059 Compositam
1172 1024 1368 1053 substantiam
1381 1033 1386 1052 :
1399 1024 1440 1052 ita
1455 1024 1522 1052 fidei
1536 1024 1691 1052 terminus.

959 1069 1137 1096 Confitemur
1151 1069 1241 1105 igitur
1257 1069 1350 1097 Patris
1370 1069 1474 1097 Filium
1492 1077 1594 1103 unum,

959 1113 1125 1140 Secundum
1142 1113 1295 1141 infandam
1312 1113 1398 1141 Verbi
1413 1113 1657 1146 incarnationem,

960 1157 1161 1193 Eumdemque
1179 1157 1285 1185 Filium
1301 1160 1401 1193 aperte
1413 1158 1563 1186 hominem
1580 1166 1644 1186 esse
1661 1158 1782 1192 factum,

961 1201 1056 1229 Unum
1081 1202 1230 1230 Christum
1246 1205 1275 1230 et
1290 1202 1446 1230 Dominum
1463 1203 1649 1239 unigenitum
1668 1205 1697 1230 et
1709 1202 1783 1230 Ver-

1654 1247 1749 1283 [bum,

961 1300 1066 1327 Totum
1081 1300 1173 1328 Deum
1185 1302 1214 1328 et
1228 1300 1367 1328 hominen
1381 1301 1410 1328 in
1427 1309 1487 1328 una
1502 1300 1678 1329 substantia.

962 1343 1054 1372 Unitas
1071 1345 1161 1381 igitur
1175 1347 1247 1373 sunt
1263 1345 1371 1373 Christi
1388 1347 1510 1379 natura,
1527 1345 1578 1373 sed
1594 1344 1759 1379 inconfuse,

963 1442 1057 1470 Unitae
1072 1443 1233 1470 secundum
1243 1442 1558 1472 substantiam.divisaa
1571 1444 1669 1470 autem
1682 1451 1785 1472 rursus

964 1487 1086 1514 Ratione
1102 1487 1287 1515 diﬁ‘erentiaa:
1301 1486 1358 1515 alia
1368 1487 1446 1515 enim
1460 1487 1509 1515 Dei
1526 1490 1641 1521 natura,

963 1532 998 1559 Et
1012 1531 1070 1559 alia
1086 1531 1287 1567 humanitatis,
1304 1540 1395 1559 unum
1412 1534 1510 1560 autem
1529 1532 1557 1560 in
1575 1535 1700 1568 utraque
1717 1532 1786 1561 Ver-

1657 1578 1749 1613 [bum,

965 1621 1068 1657 Itaque
1083 1629 1161 1648 unus
1176 1622 1220 1648 est
1235 1620 1379 1654 Christus,
1396 1621 1445 1649 sed
1462 1620 1539 1649 idem
1555 1621 1643 1649 etiam
1654 1622 1732 1650 duo:

964 1665 1045 1694 Unus
1060 1665 1139 1694 enim
1156 1666 1318 1693 secundum
1334 1665 1545 1701 substantiam,
1561 1666 1669 1702 duplex
1684 1674 1789 1694 secun-

1505 1711 1587 1745 [dum
1605 1713 1751 1739 naturam.

964 1765 1047 1793 sicut
1063 1765 1136 1792 bene
1151 1764 1302 1792 sancimus
1318 1764 1392 1791 duas
1406 1763 1515 1792 Christi
1533 1766 1668 1797 naturas,

966 1808 1006 1836 lta
1023 1809 1096 1835 duas
1107 1816 1224 1844 quoque
1241 1808 1368 1835 dicimus
1383 1808 1568 1843 operationes
1583 1807 1729 1835 naturales

964 1855 998 1880 Et
1013 1853 1086 1880 duas
1101 1852 1265 1880 voluntates
1281 1851 1455 1879 naturaliter
1470 1854 1634 1888 operuntes.

966 1897 1097 1924 Essentia
1113 1896 1204 1932 igitur
1219 1898 1248 1923 et
1265 1897 1358 1924 forma
1373 1898 1401 1924 et
1418 1898 1524 1924 natura
1537 1895 1567 1923 in
1581 1895 1688 1928 Verbo,

964 1941 1027 1969 Una
1042 1943 1139 1968 autem
1157 1940 1345 1968 indivisibilis
1361 1949 1486 1976 persona
1502 1948 1569 1968 cum
1584 1940 1752 1968 substantia

965 1986 1086 2013 Carnem
1101 1985 1159 2013 noli
1178 1985 1224 2013 Dei
1242 1985 1438 2013 substantiam
1455 1984 1611 2021 appellare,

963 2030 1018 2059 Sed
1041 2030 1237 2058 substantiale
1263 2030 1511 2066 dicas:expresse
1537 2030 1614 2058 enim
1642 2029 1684 2057 sic
1699 2029 1789 2058 habet

1625 2074 1754 2110 [dogma.

965 2127 1166 2156 Substantiale
1181 2128 1276 2156 varias
1296 2127 1385 2156 habet
1400 2127 1641 2164 significationes,
1658 2127 1791 2162 domine,

965 2173 1015 2200 Esi.
1028 2173 1107 2200 enim
1121 2173 1316 2200 substantiale
1332 2173 1409 2208 quod
1427 2181 1527 2200 revera
1543 2172 1689 2205 subsistit,

965 2217 998 2244 Et
1013 2217 1121 2244 iterum
1138 2217 1332 2245 substantiale
1348 2219 1392 2244 est
1407 2225 1563 2244 commune
1574 2216 1718 2251 essentia,

926 2251 949 2284 D
965 2261 1014 2288 Vel
1031 2261 1156 2296 species,
1172 2270 1188 2288 ο
1204 2261 1373 2297 imperator,
1392 2262 1421 2289 in
1443 2261 1603 2288 individuis

967 2305 1125 2333 Aelualiter
1141 2305 1317 2340 subsistens,
1335 2314 1392 2334 non
1405 2305 1468 2333 sola
1479 2305 1664 2341 cogitatione.

967 2351 1018 2379 Est
1033 2353 1130 2378 autem
1145 2350 1340 2378 substantiale
1357 2359 1441 2386 porro
1458 2350 1682 2386 intelligendum

967 2396 1047 2428 Quod
1063 2396 1107 2423 est
1119 2395 1232 2423 unitum
1248 2404 1314 2423 cum
1331 2395 1389 2423 alia
1404 2395 1518 2423 diverso

967 2440 1134 2468 Secundum
1148 2440 1319 2473 essentiam,
1331 2440 1459 2474 domine,
1471 2440 1501 2467 in
1511 2439 1649 2468 unionem
1661 2447 1792 2476 personis

968 2484 1060 2512 Unius
1074 2487 1102 2512 et
1116 2484 1260 2521 originem
1277 2485 1366 2512 unius
1382 2484 1568 2513 substantias.

968 2529 1029 2556 Tali
1046 2529 1155 2557 ratione
1171 2529 1249 2557 enim
1270 2529 1466 2557 substantiale
1481 2529 1598 2556 deﬁniri
1614 2528 1713 2557 debet.

968 2573 1123 2601 Suhtantia
1138 2576 1235 2601 autem
1251 2582 1312 2609 qua:
1329 2574 1446 2609 proprie
1462 2573 1570 2601 dicitur

969 2618 1019 2645 Est
1048 2626 1094 2646 res
1118 2626 1168 2654 per
1197 2626 1228 2646 se
1256 2618 1433 2653 subsistens,
1458 2617 1501 2646 vel
1518 2619 1616 2654 potius
1645 2626 1704 2646 una
1727 2626 1794 2654 per-

1660 2662 1757 2699 [sona.

968 2716 1034 2744 Jam
1050 2724 1114 2743 vero
1131 2715 1326 2744 substantiale
1341 2718 1385 2744 est
1400 2723 1557 2744 commune
1567 2716 1721 2750 essentia};

969 2760 1093 2789 Habitus
1109 2762 1153 2789 est
1169 2760 1296 2797 qualitas
1313 2761 1479 2789 immensus
1493 2762 1522 2789 et
1543 2759 1591 2789 vix
1605 2759 1791 2796 separabilis,

969 2805 1061 2833 Aliter
1075 2805 1193 2834 habitus
1209 2807 1254 2834 est
1269 2805 1399 2841 cujusvis
1413 2806 1576 2834 secundum
1589 2807 1736 2832 naturam.
