1951 3054
156 120 215 157 διδ

155 184 296 213 Universa
310 182 466 212 actualitas
475 183 505 210 in
521 181 622 210 anima
635 183 665 209 et
678 189 810 217 corpore,

154 231 197 258 Ita
211 231 244 257 ut
257 228 375 256 habitus
391 228 416 256 si
431 227 587 255 actualitas
601 225 778 254 communis.

151 274 291 302 Praeterea
307 273 374 301 audi
391 282 399 299 :
415 272 542 300 Verbum
557 272 744 299 incarnatum

149 319 299 353 Nostram,
312 326 380 345 cum
400 317 486 344 homo
504 317 595 348 ﬁeret,
609 315 756 351 accipiens
772 322 903 348 carnem,

149 364 269 391 Factum
280 365 325 390 est
336 359 700 396 exsecratio,quantumvis
712 357 974 391 cssethenedictio,

821 113 1033 146 MlCHAELIS
1056 113 1191 143 PSELLI

989 180 1017 213 Α
1030 177 1202 215 Ὁλόκληρος
1218 176 1336 212 ἰνεργεια
1351 173 1377 202 ἐν
1392 175 1468 211 ψυχῇ
1485 171 1592 209 σώματί
1608 181 1647 207 τε,

1029 221 1103 257 ’Ἐξις
1119 220 1147 249 δὲ
1160 223 1177 256 ἡ
1193 220 1311 258 ἐνέργεια
1325 221 1373 246 τοῦ
1388 219 1481 246 κοινοῦ
1497 216 1599 255 πέφυκέ
1614 226 1684 247 πως.

1029 267 1101 304 Πρὸς
1112 266 1221 297 τούτοις
1237 257 1303 292 πᾶσι
1318 263 1434 301 γίνωσκε
1449 272 1455 279 ’
1471 263 1484 289 ὁ
1510 260 1657 299 σαρκωθεὶς
1681 260 1734 298 γὰρ
1755 257 1866 296 Λόγος,

1030 303 1087 344 Τῆν
1104 309 1237 347 ἡμετέραν
1254 305 1418 346 προσλαϐὼν
1436 307 1460 334 ἐν
1475 308 1513 342 τῷ
1528 307 1691 342 σαρκοῦσθαι
1705 303 1809 342 σάρκα,

1030 355 1139 392 Κατάρα
1154 353 1334 392 ἐχρημάτισε,
1350 352 1493 390 τυγχάνων
1510 349 1641 388 εὖλογία,“

1803 102 1866 133 816

149 407 184 435 Et
199 409 349 435 mortuum
375 407 420 434 est
440 392 570 432 hominis
599 404 707 439 instar,
724 403 792 431 licet
808 403 922 430 immorl

1031 400 1082 428 Καὶ
1097 399 1223 435 τέθνηκεν
1240 399 1276 429 ὡς
1293 396 1443 435 ἄνθρωπος,
1461 396 1592 427 ἀθάνατος
1608 393 1645 421 ὢν
1661 392 1751 432 φύσει,

811 447 939 483 [natura,

149 497 268 523 lncruce
283 496 406 522 mortem
423 501 476 522 sua
491 494 595 529 sponte
610 491 744 520 subiens.

150 539 319 568 Resurrexit
333 541 431 567 autem
447 537 534 566 tertia
548 536 605 570 die,
619 536 716 564 soluto
729 536 853 570 inferno,

149 585 186 612 Et
200 587 264 612 tum
281 585 310 612 in
327 583 416 611 caelos
431 581 585 611 evectusin
597 581 700 617 gloria,

149 631 246 665 Atque
262 629 369 656 iterum
385 628 482 656 veniet
496 635 564 654 cum
581 626 670 654 Patre
682 629 710 654 et
726 626 836 662 Spiritu
853 628 954 653 sancto

147 674 284 702 Judicare
298 676 419 701 cunctos
432 673 548 708 etjuste
561 674 590 701 et
609 671 748 699 humane.

147 719 213 746 Haec
226 725 345 746 summa
360 725 461 745 eorum
478 726 541 752 quae
557 716 690 752 theologi
708 716 814 743 docent

146 764 180 791 Et
190 763 303 796 dicunt,
319 762 448 796 domine,
462 762 497 789 de
512 762 724 790 incarnatione.

146 808 245 842 Longa
259 807 379 842 quidem
397 815 433 834 ac
449 806 568 834 difﬁcile
586 806 719 834 doctrina
735 807 780 832 est
795 805 978 840 dogmatum,

147 852 206 886 Ego
222 858 289 878 vero
309 850 440 877 collectis
455 849 486 877 in
502 853 584 877 tuam
603 849 763 878 utilitatem
781 848 977 884 planioribus,

147 894 182 921 Et
198 893 377 929 plenissime
391 896 419 921 et
432 893 548 921 concise
563 894 617 921 tibi
632 893 764 929 exposui.

150 938 268 974 Oportet
284 938 362 966 enim
380 937 588 973 imperatorem
604 938 663 966 alia
679 937 799 974 quidem
818 945 916 972 nosse,

149 985 224 1010 Ante
232 983 332 1010 omnia
343 984 441 1010 autem
451 982 603 1010 veritatem
613 983 784 1018 dogmatum
796 984 978 1015 nostrorum,

151 1027 183 1054 Iu
200 1027 310 1063 quibus
325 1026 493 1063 principum
513 1035 546 1054 ac
561 1027 787 1054 fundamentum
800 1025 917 1062 imperii
933 1026 979 1053 ni-

847 1070 942 1106 [titur.

149 1117 253 1152 Accipe
267 1116 357 1144 etiam
374 1124 531 1144 numerum
547 1118 719 1144 sanctarum
734 1115 924 1152 synodorum.

148 1163 217 1193 Qum
231 1164 333 1189 contra
348 1160 458 1196 impios
472 1160 599 1188 collecta:
615 1162 695 1194 sunt,
713 1169 729 1188 ο
745 1160 874 1192 domine,

149 1205 323 1240 Seplemque
339 1205 460 1232 omnino
476 1208 680 1232 numerantur.
697 1205 800 1232 Nicaea

147 1250 216 1276 Divo
227 1249 424 1277 Constantino
438 1252 578 1285 regnante

148 1294 184 1320 Et
194 1293 405 1329 archiepiscopi
419 1294 511 1322 fasces
523 1296 640 1322 tenente
653 1293 907 1330 Constantinopoli

149 1338 344 1374 Metrophane
361 1346 478 1366 summe
497 1339 656 1366 reverenda
668 1340 695 1366 et
705 1338 979 1366 enimnetscientia.

150 1384 190 1410 Ea
204 1382 301 1410 insani
321 1382 463 1418 repressit
479 1382 610 1418 linguam
628 1382 689 1410 Arii

154 1427 209 1459 Qui
225 1426 377 1454 Trinitatis
388 1426 727 1455 consubstantialitatem
744 1427 930 1463 impugnavit

154 1471 188 1498 Et
203 1473 369 1498 creaturam
386 1471 578 1507 Demiurgum
592 1471 682 1506 impie
692 1479 725 1499 ac
742 1472 847 1499 misere
862 1471 945 1504 dixit,

158 1515 295 1551 Patrique
320 1515 500 1550 inferiorem,
527 1515 595 1543 licet
619 1518 725 1544 natura
744 1516 847 1544 eodem
873 1516 982 1544 honore

794 1560 941 1596 [dignum,

152 1613 287 1640 Secunda
302 1614 400 1640 autem
418 1613 517 1640 habita
532 1615 577 1640 est
585 1615 754 1641 sanctarum
771 1613 961 1649 synodorum,

161 1657 207 1685 Uti
221 1665 318 1685 omnes
333 1657 463 1691 tradunt,
482 1657 734 1693 Constantinopoli

158 1701 211 1729 Cui
224 1701 346 1729 feliciter
356 1704 426 1729 tunc
438 1704 562 1736 praeerat
574 1701 755 1730 Theodosius
771 1705 894 1738 Magnus

156 1747 194 1774 Et
205 1746 359 1773 Nectarius
375 1746 592 1781 patriarchatus
608 1754 729 1773 munere
741 1747 925 1783 fungebatur.

161 1791 224 1818 Haac
242 1790 444 1818 Macedoniam
460 1790 604 1817 radicitus
619 1790 728 1818 evulsit

160 1834 213 1867 Qui
229 1834 370 1870 Spiritum
386 1836 521 1862 sanctum
539 1835 711 1870 sejungebat
727 1835 838 1863 frustra

161 1880 203 1906 Ab
220 1879 280 1907 alta
292 1878 449 1907 Divinitate
469 1882 498 1906 et
524 1883 686 1906 creaturam
705 1880 874 1915 blaspheme
890 1881 986 1908 nomi-

839 1925 950 1962 [nabat.

165 1968 232 1996 Jam
249 1975 314 1995 vero
331 1968 416 1995 tertia
431 1968 560 2003 synodus
576 1968 682 2003 Ephesi
699 1968 845 2003 convenit,

166 2012 239 2040 Cum
246 2012 538 2047 Theodosiusjunior
549 2014 621 2040 bene
629 2014 667 2039 im
674 2014 786 2047 perium
799 2014 986 2050 gubernaret,

167 2056 274 2084 Contra
288 2057 471 2084 insensatnm
489 2065 521 2084 ac
538 2057 681 2084 miserum
697 2057 861 2085 Nestorium

165 2101 219 2134 Qui
235 2101 285 2128 Dei
301 2101 533 2129 incarnationem
549 2109 606 2129 non
620 2101 738 2130 omnino
754 2103 924 2138 accipiebat.

163 2145 218 2173 Sed
235 2154 341 2182 purum
355 2145 504 2173 hominem
520 2146 670 2174 Christum
684 2146 760 2174 male
776 2147 902 2183 dicebat,

161 2236 194 2262 Et
209 2234 315 2262 Christi
333 2238 462 2268 Matrem,
479 2243 536 2262 non
554 2234 603 2262 Dei
617 2234 739 2262 Matrem
756 2235 922 2271 appellabat

157 2279 293 2315 Viginem
310 2279 440 2314 Mariam,
457 2288 520 2315 qua!
536 2282 580 2307 est
592 2279 713 2307 Domina
729 2279 862 2315 Deipara.

161 2324 270 2355 Quarta
289 2325 419 2360 synodus
432 2327 530 2352 autem
542 2323 726 2352 Chalcedone
742 2325 862 2358 exstitit,

161 2368 308 2396 Marciano
324 2370 498 2404 imperatore
513 2371 626 2403 sceptra
643 2368 738 2396 Romen
753 2371 878 2397 tenente.

160 2412 306 2441 Numerus
317 2417 485 2441 sanctorum
503 2413 796 2449 venerandorumque
808 2413 926 2442 Patrum

155 2457 288 2492 Triginta
304 2458 359 2485 fuit
370 2467 459 2494 super
471 2457 618 2492 ducentis,

154 2501 301 2529 Adversus
313 2502 437 2537 impium
454 2502 612 2538 Eutychem
628 2504 656 2530 et
674 2502 855 2538 Dioscorum,

155 2545 208 2576 Qui
224 2546 314 2582 impie
330 2555 436 2582 corpus
466 2546 580 2574 Domini
608 2547 727 2574 nonnisi
744 2547 872 2582 speciem
890 2548 980 2577 Fuisse

702 2591 942 2628 (contendebant.

154 2643 260 2676 Quinta
276 2646 373 2672 autem
390 2644 490 2673 habita
505 2646 550 2672 est
564 2645 814 2681 Constantinopoli
828 2655 834 2674 :

155 2688 289 2723 Quinque
308 2697 396 2723 super
411 2689 564 2725 sexaginta
579 2691 607 2716 et
623 2691 740 2716 centum
754 2689 854 2717 Patres

156 2734 186 2759 ln
203 2740 236 2759 ea
251 2736 460 2767 convenerunt,
478 2736 508 2761 et
523 2732 790 2761 Chalcedonensem

152 2777 301 2812 Synodum
317 2779 457 2814 tanquam
479 2777 695 2814 pientissimam
712 2781 902 2814 agnoverunt.

1030 489 1095 518 Ἐπὶ
1111 490 1228 526 σταυροῦ
1238 488 1288 522 τήν
1304 487 1433 524 νέκρωσιν
1451 483 1568 515 ὑποστὰς
1584 482 1726 514 ἑκουσίως.

1033 534 1143 569 Ἀνέστη
1161 532 1191 560 δὲ
1204 533 1355 570 τριήμερος
1369 533 1415 558 τὸν
1432 527 1499 565 ᾅδην
1515 527 1679 562 καταλύσας,

1034 579 1099 606 Εἶτα
1113 578 1158 606 καὶ
1174 576 1342 612 ἀνελήλυθεν
1358 575 1397 606 εἷς
1414 573 1547 612 οὐρανοὺς
1561 572 1587 600 ἐν
1605 571 1682 609 δόξῃ,

1033 623 1083 650 Καὶ
1096 622 1171 653 αὖθις
1187 621 1246 657 ἥξει
1262 620 1308 648 σὺν
1324 620 1409 657 Πατρὶ
1424 619 1470 646 καὶ
1485 618 1620 654 Πνεύματι
1634 615 1705 654 ἁγίῳ

1036 669 1129 705 Κρῖναι
1146 665 1258 696 δικαίως
1274 666 1393 694 ἅπαντας
1409 664 1479 699 ὁμοῦ
1492 662 1537 690 καὶ
1558 660 1774 700 φιλανθρώπως.

1034 714 1119 739 Τοῦτο
1135 708 1371 749 συγκεφαλαίωσις
1385 710 1438 734 τῶν
1454 705 1678 743 θεολογουμένων

1035 755 1085 783 Καὶ
1101 755 1268 792 λεγομένων,
1284 751 1413 786 δέσποτα,
1429 751 1468 782 εἲς
1483 751 1533 785 τήν
1550 748 1719 785 οἰκονομίαν,

1036 799 1127 830 Πολὺς
1143 799 1194 837 γὰρ
1211 798 1255 826 καὶ
1272 796 1420 832 δυσνόητος
1436 796 1450 822 ὁ
1468 795 1551 833 λόγος
1567 796 1620 821 τῶν
1637 792 1796 831 δογμάτων.

1037 844 1116 873 Ἀλλ’
1131 843 1184 882 ἐγὼ
1198 843 1232 871 τὰ
1243 841 1392 881 σαφέστερα
1407 839 1538 876 συλλέξας
1554 849 1596 866 σοι
1617 836 1792 876 προσφόρως,

994 872 1018 904 Β
1034 872 1087 918 Καὶ
1103 872 1300 927 πληρεστάτωις
1314 872 1413 924 εἷ’ρηκα
1428 872 1504 922 ὁμοῦ.
1514 895 1543 912 τε
1557 883 1602 912 καὶ
1619 872 1774 927 συντόμως.

1035 937 1080 962 Δεῖ
1094 934 1144 972 γὰρ
1160 925 1206 961 τὸν
1225 931 1406 971 βασιλεύοντα
1421 930 1466 958 καὶ
1481 930 1503 956 τ’
1521 928 1594 957 ἄλλα
1611 928 1657 965 μὶν
1667 925 1786 972 εἰδέναι,

1033 979 1072 1007 Τὸ
1087 970 1111 1006 δ’
1127 970 1229 1014 ἄληθὶξ
1241 979 1279 1009 ὡς
1298 975 1417 1014 μάλιστα
1430 977 1484 1002 τῶν
1501 974 1560 1006 καθ’
1575 974 1648 1010 ἡμᾶς
1665 970 1810 1009 δογμάτων
1824 978 1832 986 ·

1035 1024 1123 1061 Ἀρχὴ
1140 1023 1190 1062 γὰρ
1207 1022 1287 1050 τοῦτο
1302 1021 1347 1050 καί
1365 1019 1467 1060 κρηπὶς
1484 1018 1602 1056 ὑπάρχει
1626 1015 1777 1055 βασιλείας.

1071 1112 1188 1140 Γίνωσκε
1203 1111 1249 1139 καὶ
1260 1111 1307 1139 τὸν
1323 1102 1510 1149 ἀριθμὸνῖθῦξν
1530 1108 1610 1144 ἱερῶν
1628 1103 1760 1139 συνόδων,

1034 1157 1147 1186 Ὀπόσαι
1162 1157 1231 1184 κατὰ
1245 1153 1380 1183 δυσσεϐὦν
1397 1153 1600 1193 έκροτήῦὴῡαν,
1615 1150 1688 1187 ἅναξ,

1035 1201 1119 1229 Ἑπτὰ
1134 1203 1216 1228 πᾶσαι
1233 1201 1365 1239 πεφύκασι
1382 1210 1388 1216 ·
1405 1200 1501 1237 πρώτη
1519 1199 1542 1227 δ’
1559 1193 1624 1234 ὴκέν
1642 1193 1742 1229 Νικαίᾳ

1035 1247 1092 1275 Τοῦ
1108 1245 1181 1273 θείου
1198 1238 1400 1283 βασιλεύοντος,
1417 1244 1544 1279 δέσποτα,
1561 1238 1783 1283 Κωνσῖἶαδτίνου»

1036 1291 1084 1319 Καὶ
1102 1289 1345 1328 ἀρχιερατεύοντος
1360 1289 1385 1316 ἐν
1403 1281 1713 1318 Κωνσταντινουπόλείλ

1035 1337 1090 1362 Τοῦ
1105 1326 1289 1362 πανσεϐάστου
1304 1334 1349 1361 καὶ
1362 1335 1440 1371 ψυχῇ
1453 1333 1498 1361 καὶ
1512 1332 1588 1372 λόγῳ
1604 1326 1805 1372 Μητροφᾶυρυ-

1035 1379 1108 1415 Αὕτη
1122 1380 1172 1414 τήν
1187 1379 1312 1417 γλῶτταν
1329 1377 1408 1415 ἔτεμε
1423 1381 1471 1406 τοῦ
1489 1378 1618 1414 μανέντος
1636 1379 1759 1416 Ἀρείου,

1035 1425 1088 1459 Τὴν
1103 1423 1306 1460 ὁμοουσιότητα
1320 1423 1465 1459 τέμνοντος
1480 1424 1530 1457 τῆς
1544 1421 1674 1460 Τριάδος,

1036 1468 1084 1496 Καέ
1099 1468 1200 1504 κτίσμα
1213 1468 1260 1496 τὸν
1274 1468 1448 1505 Δημιουργὸν
1463 1465 1660 1499 δυσσεϐοῦντος
1675 1467 1798 1503 ἀθλίως,

1037 1512 1184 1540 Ἐλάττονά
1197 1523 1226 1540 τε
1239 1515 1288 1540 τοῦ
1302 1512 1420 1551 Πατρὸς,
1437 1513 1482 1540 τὸν
1500 1512 1624 1549 ἶσότιμον
1645 1513 1737 1552 φύσει.

1036 1612 1067 1639 Ἡ
1082 1610 1110 1638 δὲ
1124 1609 1233 1647 δευτέρα
1249 1610 1342 1648 γέγονε
1357 1612 1410 1638 τῶν
1431 1611 1512 1648 ἱερῶν
1524 1609 1654 1646 συνόδων,

1037 1656 1081 1687 Ὠς
1096 1656 1249 1692 ἱστοροῦσιν
1264 1655 1390 1689 ἅπαντες,
1404 1654 1430 1682 ἐν
1448 1654 1748 1692 Κωνσταντινουπόλει,

1037 1703 1088 1731 Ἢς
1105 1700 1118 1727 ὁ
1136 1699 1183 1736 μὶν
1197 1698 1340 1731 Θεοδόσιος
1352 1699 1425 1737 ἦρχε
1439 1698 1532 1730 καλῶς
1549 1699 1562 1726 ὁ
1580 1699 1674 1736 μέγας,

1039 1744 1185 1782 Νεκτάριος
1201 1742 1224 1771 δ’
1239 1743 1382 1781 ἀρχιερεὺς
1398 1743 1528 1781 ἐτύγχανε
1542 1745 1581 1780 τῷ
1596 1744 1665 1772 τότε.

1065 1788 1078 1799 υ
1149 1789 1155 1797 1
1292 1788 1297 1798 Υ
1378 1788 1384 1797 Ἰ
1409 1787 1414 1796 Ι
1528 1787 1534 1798 ι

1040 1792 1113 1824 Αυτη
1130 1799 1175 1816 τον
1193 1787 1356 1816 Μακεδονιον
1373 1798 1506 1815 ανεσπασε
1522 1788 1638 1826 ριζόθεν,

1039 1834 1077 1862 Τὸ
1092 1834 1201 1869 Πνεῦμα
1215 1833 1246 1860 τὸ
1261 1832 1389 1870 πανάγιον
1406 1832 1605 1870 ἀλλοτριοῦντα
1623 1834 1710 1870 μάτην

1040 1881 1094 1913 Τῆς
1111 1877 1221 1915 ὑψηλῆς
1238 1877 1383 1913 Θεότητος,
1398 1877 1442 1904 καὶ
1458 1877 1558 1914 κτίσμα
1575 1876 1808 1917 βλασφημοῦντα.

1041 1968 1071 1995 Ἣ
1089 1966 1117 1994 δέ
1131 1977 1163 2004 γε
1177 1966 1254 2004 τρίτη
1272 1965 1384 1998 σύνοδος
1399 1966 1509 2003 γέγονεν
1527 1966 1552 1994 ἐν
1568 1967 1684 2004 Ἐφέσῳ,

1042 2010 1186 2039 Θεοδοσίου
1201 2013 1249 2038 τοῦ
1267 2013 1366 2048 μικροῦ
1382 2009 1561 2045 δεσπόζοντος
1575 2011 1667 2046 ἀξίως,

1042 2056 1114 2083 Κατὰ
1128 2058 1176 2083 τοῦ
1194 2055 1393 2095 ματαιόφρονος
1406 2055 1451 2083 καὶ
1468 2054 1557 2083 δεινοῦ
1573 2057 1732 2094 Νεστορίου,

1041 2101 1094 2135 Τὴν
1109 2103 1157 2128 τοῦ
1172 2102 1239 2127 Θεοῦ
1256 2102 1294 2136 μὴ
1310 2100 1443 2138 σάρκωσιν
1460 2100 1516 2128 οὐδ’
1531 2099 1605 2131 ὅλως
1622 2099 1783 2138 δεχομένου,

1042 2144 1128 2174 Ἀλλὰ
1151 2144 1232 2182 ψιλὸν
1263 2145 1309 2181 μὲν
1340 2143 1481 2182 ἄνθρωπον
1509 2145 1554 2172 τὸν
1593 2145 1706 2183 Χριστὸν
1737 2145 1866 2184 βλασφη-

1689 2191 1827 2226 [μοῦντος,

999 2237 1022 2269 D
1041 2234 1090 2262 Καὶ
1107 2235 1289 2272 Χριστοτόκον
1303 2233 1442 2272 λέγοντος,
1455 2233 1519 2262 ἀλλ’
1535 2233 1599 2271 οὐχὶ
1615 2234 1757 2268 Θεοτόκον,

1037 2280 1093 2314 Τήν
1111 2277 1241 2307 Θεοτὸκον
1259 2279 1405 2306 Δέσποιναν
1421 2279 1466 2306 καὶ
1487 2278 1592 2316 Μαρίαν
1609 2278 1757 2317 Παρθένον.

1037 2325 1067 2350 Ἠ
1085 2322 1114 2351 δὲ
1127 2324 1242 2361 τετάρτη
1260 2323 1370 2354 σύνοδος
1384 2321 1447 2358 ἔστη
1465 2323 1491 2350 ἐν
1502 2322 1668 2358 Χαλκηδόνι,

1036 2369 1146 2404 Ῥώμης
1159 2368 1192 2395 τὰ
1207 2372 1332 2406 σκῆπτρα
1348 2368 1474 2407 φέροντος
1493 2369 1649 2405 Μαρκιάνου
1667 2367 1810 2398 δεσπότου,

1036 2413 1066 2440 Ὁ
1081 2411 1105 2440 δ’
1123 2413 1237 2449 ἀριθμὸς
1253 2415 1306 2440 τῶν
1321 2413 1403 2450 ἱερῶν
1418 2412 1462 2439 καὶ
1479 2409 1615 2440 σεϐαστῶν
1633 2411 1758 2451 Πατέρων

1035 2457 1186 2495 Τριάκοντα
1201 2458 1363 2492 συνέστησαν
1378 2457 1447 2494 πρὸς
1463 2459 1521 2488 τοῖς
1539 2455 1703 2492 διακοσίοις,

1035 2502 1101 2530 Κατ’
1118 2501 1257 2539 Εὐτυχοῦς
1271 2503 1320 2529 τοῦ
1337 2498 1492 2534 δυσσεϐοῦς,
1509 2501 1553 2528 καὶ
1577 2501 1645 2529 κατὰ
1661 2501 1810 2538 Διοσκόρου

1035 2546 1074 2575 Τὸ
1090 2549 1169 2583 σῶμα
1184 2546 1215 2573 τὸ
1230 2546 1391 2574 Δεσποτικὸν
1409 2542 1548 2577 δυσσεϐῶς
1563 2546 1764 2584 φαντασὲὶντων.

1034 2646 1065 2673 'lI
1082 2643 1141 2681 ὂέγε
1156 2645 1268 2681 πέμπτη
1285 2645 1395 2682 γέγονεν
1414 2643 1439 2672 ἰν
1462 2644 1749 2673 Κωνσταντινουπόλιι
1766 2653 1772 2660 ·

1034 2689 1115 2716 Πέντε
1132 2688 1160 2716 δὲ
1175 2689 1243 2726 πρὸς
1257 2689 1387 2724 ἑξήκοντα
1400 2689 1445 2716 καὶ
1463 2688 1556 2716 ἑκατὸν
1574 2689 1690 2728 Πατέρις

1032 2733 1076 2760 Ἐν
1093 2733 1176 2769 ταύτῃ
1190 2733 1433 2770 συνηθροίσθησαν,
1450 2733 1495 2760 καὶ
1508 2734 1558 2768 τὴν
1575 2733 1602 2761 ἑν
1619 2733 1777 2770 Χαλκηδόνι

1032 2775 1150 2804 Σόνοόον
1166 2777 1264 2814 ἐκρυτή
1269 2783 1352 2812 θησαν
1369 2775 1683 2816 ὡςιπανιυσιϐιστᾶτην.
