1948 3056
113 126 167 156 817

127 191 277 227 Απήλασάν
291 203 320 220 τε
333 190 449 224 εὐσεϐῶς
463 195 516 221 τῶν
533 193 611 221 θείων
627 191 783 231 περιϐόλων

115 236 246 274 Εὖάγριον
261 237 305 265 καὶ
322 237 440 274 Δίδυμον
459 238 525 275 μετὰ
539 240 587 266 τοῦ
603 239 768 277 Ὠριγὲνους,

115 280 227 318 Ἀνδρος
243 281 520 319 προτελευτήσαντας,
537 282 610 310 ἀλλὰ
626 283 865 321 συγγραψαμένους

115 326 185 353 Νόθα
199 326 244 353 καὶ
261 326 320 361 ξένα
336 325 461 364 δόγματα
480 329 531 362 τῆς
547 328 620 360 θείας
634 328 810 363 Ἐκκλησίας.

116 369 254 406 Σωμάτων
273 371 321 407 μὶν
337 372 479 399 ἀνάστασιν
494 375 540 400 νῦν
559 373 606 409 μὶν
621 372 723 407 ἀνῆλον
740 372 824 407 ὅλως,

115 461 165 487 Νῦν
181 458 210 487 δὲ
223 459 458 498 παρεδογμάτισαν
475 460 577 499 ἔγερσιν
594 461 761 498 ἀλλοτρίων,

114 502 200 540 Ἀδάμ
214 515 243 532 τι
257 505 302 532 καὶ
318 504 480 543 παράδεισον
496 505 600 541 ἰξεῖπον
616 506 779 541 ἀσωμάτως.

114 548 162 576 Καὶ
176 548 256 580 τέλος
273 549 452 587 συνεπὲραναν
467 551 516 584 τὴν
530 549 642 578 κόλασιν
659 549 685 577 ἐν
701 549 806 587 χρόνῳ,

114 593 162 621 Καὶ
176 595 230 621 τῶν
248 592 385 630 δαιμόνων
401 594 532 632 ἔγραψαν,
549 595 616 633 ipsi!
632 593 874 624 ἀποκαταστάσεις.

113 682 228 718 ’Λνῆλον
242 683 288 711 τὸν
306 683 445 721 Θεόδωρον
461 684 506 711 τὸν
521 687 571 718 τῆς
586 684 782 720 Μοψουεστίας,

113 728 297 765 Μυσταγωγὸν
313 729 481 766 τυγχάνοντα
494 730 542 756 τοῦ
557 727 644 756 δεινοῦ
661 728 823 766 Νεστορίου,

114 772 163 800 Καὶ
174 773 223 806 τὴν
238 773 306 810 πρὸς
322 774 407 809 Μάριν
423 774 556 811 πρότεραν
572 772 720 807 ἐπιστολὴν
737 775 785 800 τοὺ
801 769 871 808 Ἴϐα,

112 817 178 844 Ὅσα
192 827 221 844 τε
235 818 418 855 συνεγράψατο
433 818 501 845 κατὰ
516 816 656 856 Κυρίλλου
667 817 752 845 πάλαι

110 863 138 887 ‘0
154 861 241 899 Κύρου
256 861 432 900 Θιοδώρητος
448 863 505 893 ἴσος
521 862 547 889 ἐν
564 861 715 900 ὑποκρίσει.

112 905 144 933 Ἠ
160 904 182 932 δ’
197 903 260 941 ἕκτη
276 906 358 934 πάλιν
375 905 486 938 σύνοδος
503 907 528 934 ἒν
544 905 828 934 Κωνσταντινουπὸλει

114 950 230 985 Συνέστη
246 950 291 977 καὶ
308 949 431 989 διὲῥρηξε
447 949 568 988 δόγματα
580 952 740 988 Θεομάχων,

112 994 155 1021 Ὧν
172 995 197 1021 οἱ
212 994 361 1032 προστάται
377 994 468 1033 λόγιοι
479 996 524 1023 καὶ
535 995 637 1023 πολλοὶ
651 996 693 1022 καὶ
712 994 845 1031 ποικίλοι,

110 1040 140 1066 Ὁ
154 1042 203 1073 τῆς
220 1041 312 1076 Φαρᾶς
326 1039 478 1076 Θεόδωρος,
494 1039 626 1077 Ὀνώριος
643 1040 657 1067 ὁ
672 1039 792 1076 Ῥώμης,

114 1082 198 1119 Κύρος
213 1082 416 1122 Ἀλεξανδρείας
431 1095 471 1120 τε,
489 1083 604 1122 Σέργιός
619 1094 647 1111 τε
661 1083 706 1111 καὶ
723 1083 839 1121 Πύρῥος.

114 1127 163 1154 Καὶ
189 1127 296 1160 Παῦλος
323 1128 337 1155 ὁ
365 1129 559 1165 Σαμοσατεὺς,
598 1129 666 1166 πρὸς
694 1127 803 1159 τούτοις
832 1126 860 1155 δὲ
890 1127 935 1155 καὶ

774 1171 900 1209 [Πέτρος,

113 1217 251 1255 Μακάριος
268 1217 282 1245 ὁ
297 1216 392 1249 ἅθλιος
406 1217 451 1244 καὶ
468 1217 603 1256 Στέφανος
619 1217 686 1254 πρὸς
700 1216 801 1252 τούτῳ,

114 1262 152 1291 Οὐ
168 1260 216 1289 δύο
231 1261 322 1301 φύσεις
337 1261 461 1299 λέγοντες
477 1263 525 1289 τοῦ
537 1262 720 1299 σαρκωθὲντος
737 1259 836 1299 Λόγου,

115 1306 185 1335 Μίαν
202 1305 231 1334 δὲ
242 1317 303 1334 τινα
318 1306 449 1341 σύνθεσιν,
466 1305 598 1343 ἆνὲργειαν
612 1304 641 1333 δὲ
657 1305 731 1342 μίαν,

114 1395 167 1423 Σὺν
181 1395 289 1425 τούτοις
303 1393 492 1432 Πολυχρόνιον
508 1393 663 1422 ἀπέκτειναν
677 1393 802 1429 τελείως,

116 1439 169 1468 Καὶ
183 1438 231 1466 δύο
246 1437 424 1477 ἐδογμάτισαν
440 1441 488 1466 τοῦ
505 1438 690 1476 σαρκωθέντος
706 1439 794 1476 Λόγου

113 1485 166 1514 Τὰς
183 1483 276 1520 φύσεις
292 1484 328 1514 ὡς
345 1481 527 1518 πανευσεϐεῖς,
545 1483 582 1514 ὡς
598 1482 627 1510 δὲ
641 1483 685 1510 καὶ
700 1483 748 1514 τὰς
764 1481 899 1518 θελήσεις.

114 1529 146 1556 ἸΙ
163 1526 192 1555 δὶ
207 1525 312 1564 ἑϐδόμη
329 1528 437 1565 γέγονεν
451 1527 575 1565 ἐσχάτως
590 1528 615 1555 ἐν
632 1527 739 1562 Nimia,

115 1573 285 1607 Πεντήκοντα
298 1571 433 1607 συνῆλθον
444 1572 495 1610 γὰρ
511 1572 580 1610 πρὸς
594 1575 652 1603 τοῖς
668 1571 833 1609 τριακοσίοις
850 1572 898 1608 (1),

114 1617 203 1654 Λογὰς
215 1616 241 1644 ἐν
254 1616 338 1654 ταύτῃ
355 1614 470 1644 εὐσεϐῶν
486 1617 623 1656 θεοφόρων
640 1616 776 1653 ΙΙατέρων,

115 1661 237 1699 Εἰρήνης
251 1665 300 1696 τῆς
316 1660 475 1692 δεσπότιδος
488 1661 550 1689 τότε
571 1660 782 1699 βασιλευούσης,

117 1705 170 1733 Σὺν
187 1705 377 1742 Κωνσταντίνῳ
390 1705 430 1742 τῷ
449 1706 501 1742 υἱῷ
515 1706 560 1733 καὶ
575 1707 627 1742 νέῳ
642 1705 814 1744 πεφηφόρῳ.

114 1750 165 1778 Καὶ
180 1750 227 1782 τὰς
241 1750 346 1781 εἰκόνας
360 1750 407 1781 τὰς
423 1751 519 1781 σεπτὰς
533 1750 672 1782 ἑθέσπισαν
688 1753 829 1786 τιμᾶσθαι,

111 1795 212 1826 Καλῶς
229 1793 251 1822 δ’
266 1795 460 1831 ἀναθιμάτισαν
476 1794 540 1827 τοὺς
556 1792 750 1826 δυσσιεοῦντας
765 1792 836 1822 τότεί

110 1883 254 1912 Βασίλειον
269 1883 415 1912 ἐπίσκοπον
429 1884 475 1912 τὸν
492 1882 556 1912 ὅντα
572 1883 706 1918 Πισιδίας,

110 1929 225 1967 Ἐφέσου
241 1928 384 1956 Θιοδόσιον
401 1928 535 1956 Σισίννῖον
555 1929 601 1956 τὸν
627 1929 746 1967 Πέργης,
802 1930 934 1965 [μῶντας.

111 1973 229 2006 Ἀλλους
256 1984 285 2001 τε
320 1972 466 2004 πλείστους
494 1973 542 2005 τὰς
571 1974 670 2005 σεπτὰς
701 1972 804 2004 εἴκόνας
833 1974 871 2010 μὴ
897 1983 937 2000 τι-

151 2064 190 2099 (λΙ)
205 2063 384 2098 Ἐεακοσίοις.

674 129 726 158 DE
747 128 955 160 DEMONUM
979 127 1243 159 OPERATlONE.

946 196 973 229 Α
990 195 1163 230 Rejecerunt
1181 195 1227 231 pio
1243 195 1342 223 animo
1358 203 1374 223 a
1389 194 1496 223 divinis
1511 194 1665 222 liminibus

1754 129 1813 158 818

991 239 1145 275 Evagrium
1160 244 1246 274 atque
1262 239 1419 275 Didymum
1433 248 1500 267 cum
1516 239 1639 275 Origene

991 284 1055 318 Qui,
1074 284 1141 312 licet
1152 284 1214 319 jam
1230 285 1348 316 mortui.
1365 286 1465 311 tamen
1482 283 1719 320 conscripserant

990 328 1096 364 Spuria
1111 330 1139 355 et
1154 337 1170 355 θ
1185 329 1236 356 Dei
1254 328 1380 356 Ecclesia
1399 328 1493 357 aliena
1508 329 1655 363 dogmata.

990 372 1074 400 Nunc
1098 373 1217 408 quidem
1243 380 1399 408 corporum
1424 373 1670 401 resurrectionem
1695 381 1818 409 prorsus

1616 416 1788 454 [negabant,

990 461 1073 489 Nunc
1088 469 1154 490 vero
1176 462 1431 490 resuscitationem
1452 461 1577 490 aliorum
1598 462 1816 490 fabulabantur.

990 506 1083 534 Adam
1102 515 1188 542 porro
1204 509 1232 534 et
1252 507 1421 542 paradisum
1438 507 1607 542 incorporee
1622 507 1816 542 accipiebant,

990 551 1025 578 Et
1040 559 1140 586 poenas
1156 551 1297 587 temporis
1313 551 1458 579 limitibus
1472 551 1663 587 deﬁniebant,

990 597 1161 623 Demonum
1188 604 1316 631 quoque,
1340 596 1417 624 heul
1445 596 1660 624 restitutionem
1684 595 1715 623 in
1739 595 1815 624 inte-

1541 641 1644 676 [grurn
1660 640 1814 668 docebant.

990 685 1179 713 Sustulerunt
1192 685 1377 713 Theodorum
1401 685 1638 720 Mopsuestenum

991 730 1045 762 Qui
1064 730 1162 758 miseri
1180 729 1306 758 Nestorii
1323 730 1418 757 fuerat
1434 731 1603 765 praeceptor,

991 775 1025 801 Et
1041 775 1166 810 primam
1183 775 1238 802 Iba:
1255 775 1290 802 ad
1308 773 1412 802 Marim
1429 773 1593 809 epistolam,

991 819 1026 846 Et
1039 827 1221 854 quaecunque
1243 821 1346 846 contra
1360 819 1501 854 Cyrillum
1517 817 1733 853 conscripserat
1746 818 1816 846 olim

991 864 1055 899 Cyri
1072 863 1286 897 Theodoretus,
1302 863 1450 899 hypocrisi
1466 863 1544 890 haud
1562 862 1691 890 inferior.

991 908 1076 935 Sexta
1092 908 1226 944 Synodus
1244 908 1350 935 iterum
1366 907 1620 943 Constantinopoli

991 952 1130 980 Convenit
1146 954 1174 980 et
1190 952 1316 980 abolevit
1336 952 1475 988 dogmata
1490 951 1744 980 Theomachorum

991 998 1118 1029 Quorum
1135 997 1225 1024 duces
1241 997 1319 1024 docti
1336 999 1365 1024 et
1379 997 1465 1024 multi
1481 998 1509 1024 et
1522 996 1607 1029 varii,

991 1041 1090 1069 Pharae
1107 1042 1290 1074 Theodorus,
1306 1041 1450 1069 Honorius
1466 1041 1575 1074 Roma,

991 1086 1081 1121 Cyrus
1096 1085 1285 1120 Alexandriae,
1301 1086 1420 1121 Sergius
1436 1088 1465 1114 et
1479 1085 1619 1122 Pyrrhus,

989 1130 1106 1158 Necnon
1125 1130 1232 1158 Paulus
1249 1129 1474 1163 Samosatensis,
1491 1132 1630 1165 praeterea
1645 1129 1758 1163 Petrus,

991 1219 1079 1247 Miser
1092 1219 1237 1247 Macarius
1251 1221 1339 1253 atque
1355 1221 1468 1252 Petrus,

989 1263 1051 1291 Non
1069 1264 1143 1291 duas
1157 1264 1244 1291 Verbi
1258 1262 1401 1291 incnrnati
1417 1265 1537 1290 naturas
1552 1263 1700 1295 dicebant,

989 1309 1043 1336 Sed
1077 1316 1166 1336 unam
1199 1308 1358 1343 quamdam
1391 1307 1635 1343 compositionem
1664 1314 1813 1342 unamque

1610 1350 1778 1385 [actionem.

990 1398 1062 1425 Cum
1078 1397 1125 1424 his
1142 1397 1261 1425 omnino
1276 1398 1478 1433 represserunt
1493 1395 1734 1432 Polycbronium,

991 1444 1085 1477 Atque
1099 1442 1172 1469 duas
1187 1444 1348 1469 sanxerunt
1363 1441 1509 1469 incarnati
1528 1440 1612 1468 Verbi

992 1485 1128 1519 Naturae,
1146 1488 1246 1521 utpote
1262 1486 1312 1522 pii.
1329 1486 1406 1513 sicut
1420 1487 1449 1513 et
1463 1486 1537 1513 duas
1553 1484 1730 1512 voluntates.

991 1530 1121 1566 Septima
1136 1530 1262 1566 denique
1276 1530 1378 1558 habita
1393 1532 1437 1558 est
1452 1530 1564 1557 Niceten.

991 1575 1209 1610 Quinquaginta
1224 1574 1264 1601 ibi
1282 1583 1442 1602 convenere
1457 1582 1546 1610 super
1560 1573 1709 1607 trecentis,

993 1620 1095 1647 Manus
1109 1619 1201 1647 electa
1218 1620 1330 1655 piorum
1346 1628 1380 1647 ac
1395 1619 1601 1655 religiosorum
1618 1618 1748 1653 Patrum,

991 1665 1053 1696 Quo
1069 1666 1197 1698 tempore
1213 1664 1295 1692 Irene
1310 1664 1482 1700 imperatrix
1496 1663 1680 1699 gubernabat

992 1709 1063 1736 Cum
1079 1708 1270 1736 Constantino
1287 1707 1346 1736 tilio
1362 1716 1462 1736 recens
1478 1710 1626 1736 coronato.

991 1753 1026 1780 Et
1042 1752 1185 1788 imagines
1199 1761 1297 1780 sacras
1311 1752 1500 1780 honorandae
1515 1753 1686 1784 sanxerunt,

990 1797 1114 1832 Riteque
1147 1796 1332 1824 anathemate
1373 1796 1562 1831 perculerunt
1596 1796 1706 1831 impios
1739 1794 1818 1822 illius

1660 1839 1782 1874 [aetatis,

991 1885 1134 1914 Basiliam
1149 1885 1199 1921 qui
1219 1885 1331 1913 Pisidiae
1347 1884 1503 1920 episcopus
1519 1887 1590 1918 erat,

990 1930 1189 1958 Theodosium
1205 1930 1322 1965 Ephesi,
1339 1929 1504 1957 Sisinnium
1522 1929 1628 1965 Perga),

989 1974 1127 2010 Aliosque
1152 1974 1314 2010 permultos
1339 1982 1437 2002 sacras
1467 1974 1611 2010 imagines
1640 1980 1699 2000 non
1723 1972 1818 2000 hono-

1658 2018 1781 2053 [rantes.

464 2204 1030 2282 MIGHAELIS
1117 2206 1476 2298 PSELLI

869 2328 1066 2359 DIALOGUS

354 2413 464 2475 DE
518 2412 1060 2475 OPERATIONE
1116 2412 1567 2476 DXEMONUM

644 2586 930 2637 GAULMINI
971 2592 1280 2636 PBXEFATIO.

142 2681 244 2711 Amice
267 2680 367 2713 lector,
384 2677 512 2706 Psellum
536 2675 602 2714 Περὶ
625 2675 754 2713 ινιργειας
779 2675 875 2712 δαιμόν

993 2684 1051 2705 ωδε
1075 2685 1227 2713 nunquam
1253 2679 1340 2705 antea
1364 2677 1489 2712 editum,
1510 2685 1587 2704 nunc
1613 2677 1739 2712 primum
1764 2675 1815 2703 tibi

103 2729 217 2757 damus
233 2725 285 2762 (a);
302 2725 388 2752 notas
398 2726 538 2759 praeterea
552 2729 625 2757 quas
637 2721 762 2757 singulis
775 2721 879 2749 diebus
896 2730 947 2757 pro
957 2730 1049 2758 penso
1060 2729 1216 2758 operarum
1229 2721 1414 2758 scripsimus.
1428 2722 1458 2750 In
1473 2721 1532 2749 illis
1543 2721 1612 2757 quid
1629 2719 1814 2756 praestiterim

143 2791 183 2828 (a)
200 2788 328 2823 Parisiis,
344 2786 423 2815 1615.
