1948 3056
162 121 222 149 sie
829 122 1041 153 MICHAELIS
1066 123 1199 153 PSELLI
1807 117 1867 148 820

162 187 193 212 tu
211 193 263 220 pro
279 186 405 214 candore
432 188 484 214 tuo
509 187 668 222 judicabis,
685 194 738 223 ego
763 195 814 224 pro
839 188 985 216 modestia
1008 196 1073 217 mea
1097 188 1149 216 tibi
1173 187 1321 215 indicabo.
1340 187 1472 216 Auctoris
1497 186 1648 223 ipsissima
1672 184 1760 213 verba
1785 191 1871 220 quam

163 230 318 257 emendata
334 232 366 258 ut
380 231 502 259 haberes
518 232 645 260 maxime
660 231 774 266 curavi;
791 233 840 260 sed
866 242 901 260 ne
926 233 980 261 hoc
996 233 1113 269 quidem
1135 241 1184 268 per
1200 240 1354 268 operarum
1381 240 1455 264 quas
1481 239 1538 259 non
1564 230 1676 267 inspexi
1692 229 1869 258 celeritatem

162 274 256 302 licuit.
283 275 351 307 Quae
376 278 513 312 corrupta
537 277 567 304 in
592 285 672 304 man.
689 279 773 305 erant
788 278 954 311 emendavi;
977 286 1041 313 qua:
1068 277 1210 310 difﬁcilia,
1226 276 1365 313 explicui;
1392 285 1455 312 quae
1482 275 1666 312 interpolata,
1682 274 1798 303 restitui
1823 274 1872 301 sed

164 326 272 354 magna
287 318 329 345 tui
346 317 464 353 ﬁducia,
481 320 537 348 mei
556 320 677 356 majore.

673 375 842 408 Religentem
857 382 914 402 esse
927 376 1034 410 oportet
1049 374 1210 410 religiosum
1224 375 1302 410 nefas
1319 374 1366 409 (b).

200 424 342 460 Equidem
359 425 407 453 odi
421 433 494 453 cane
508 426 593 462 pejus
610 428 638 454 et
655 435 750 462 angue
766 426 832 454 illos
848 426 994 461 homines,
1010 426 1059 462 qui
1079 427 1230 462 auspicato
1253 426 1345 454 libros
1370 427 1495 454 tractant
1515 428 1543 453 et
1557 425 1593 453 de
1608 425 1714 452 mendo
1729 424 1758 451 in
1775 423 1875 459 aliquo

163 468 238 497 libro
255 471 396 504 tanquam
414 470 450 497 de
465 470 591 498 mustela
605 471 636 498 in
651 471 697 498 via
716 470 852 506 judicant
869 479 874 498 :
891 470 1071 506 ignavissimi
1090 470 1258 499 mortalium
1274 470 1324 506 qui
1349 470 1404 498 hoc
1428 470 1525 498 adhuc
1545 469 1689 502 nesciunt,
1705 468 1783 504 quod
1799 466 1875 494 nihil

163 513 272 541 sciunt.

660 562 721 589 Non
737 561 789 588 tali
803 560 913 589 auxilio
926 568 977 589 nec
990 560 1178 597 defensoribus
1193 561 1253 588 istis

663 597 776 632 ’Iempus
792 599 863 633 eget.

198 647 228 676 Si
244 647 410 684 interfecto,
426 650 459 677 ut
474 652 587 686 vocant,
603 649 666 677 loco
682 650 830 678 medicina
845 650 931 684 facta,
949 650 974 678 si
990 650 1050 678 leve
1065 650 1134 686 quid
1153 650 1364 686 interpugendo
1381 651 1531 684 sanatum,

663 700 728 730 Τόδ’
744 702 799 730 ἐστὶ
815 702 915 738 πολλῷ
932 705 1025 739 μεῖζον
1041 704 1058 738 ἢ
1075 703 1174 740 Τροίαν
1191 702 1261 730 ἑλεῖν
1279 704 1324 739 (ε).

163 753 262 790 Longe
277 754 362 783 aliter
376 763 477 783 omnes
493 755 622 784 melioris
642 756 750 784 mentis
777 757 916 791 scribent,
932 758 960 784 et
985 765 1040 785 nos
1064 757 1160 784 conati
1184 765 1288 784 sumus
1311 756 1447 785 scribere.
1465 756 1519 784 Sed
1538 755 1696 783 omiseram
1722 762 1795 790 pene
1813 761 1881 789 qum

163 797 221 825 duo
237 798 365 827 maxima
390 800 419 827 in
446 799 500 828 hoc
524 800 665 837 opusculo
691 801 823 837 praestiti,
840 801 1011 829 brevitatem
1029 804 1058 829 et
1073 801 1258 829 modestiam.
1276 801 1437 836 Utramque
1461 800 1605 834 invenies,
1621 799 1670 835 qui
1697 798 1823 826 candide
1845 797 1881 824 dc

163 843 288 878 utraque
304 843 422 871 senties.
440 844 582 873 Caeterum
598 845 763 882 theologica
776 848 805 874 et
819 846 1034 882 philosophica,
1051 854 1115 881 quae
1131 854 1216 881 quam
1232 845 1359 881 plurima
1374 847 1454 879 sunt,
1470 845 1535 872 ideo
1551 852 1609 871 non
1626 843 1723 879 attigi,
1739 842 1810 878 quia
1822 841 1880 869 hoc

162 887 267 915 fuisset
283 886 368 924 μάζαν
394 888 437 926 ὑφ’
452 888 545 927 ἑτέρου
572 890 747 926 μεμαγμένην
771 890 899 926 ἁρπάζειν
917 892 931 926 (ι

1107 891 1214 918 andide
1229 890 1328 918 lector.
1353 890 1408 917 Sed
1433 889 1489 917 hoc
1513 892 1652 924 praeterea
1676 890 1703 915 te
1729 887 1876 915 monitum

161 931 237 963 volo:
254 940 342 960 usum
359 941 406 961 me
418 934 534 962 duobus
559 943 638 962 man.
656 935 819 969 codicibus,
837 937 929 963 altero
944 943 1008 963 meo
1033 938 1062 962 et
1084 935 1175 962 altero
1192 934 1388 962 eruditissimi
1405 933 1534 962 Federiei
1560 932 1683 965 Morelli,
1700 931 1747 960 cui
1772 930 1878 959 multis

163 976 333 1004 nominibus
349 977 477 1005 multum
495 987 541 1006 me
557 979 661 1006 debere
676 979 824 1014 proﬁteor.
837 980 891 1007 Sed
908 982 936 1007 et
950 979 1114 1016 symbolam
1129 979 1262 1014 contulit,
1274 979 1458 1006 characteres
1470 977 1608 1005 Arabicos
1624 984 1704 1011 suos,
1716 976 1781 1003 Gul.
1798 975 1875 1004 Lebé

161 1021 373 1057 typographus,
386 1022 430 1049 vir
444 1023 613 1059 linguarum
630 1024 818 1052 orientalium
835 1024 1082 1057 studiosissimus,
1095 1026 1134 1058 et,
1148 1024 1172 1051 si
1189 1023 1248 1051 haec
1264 1023 1371 1051 saecula
1386 1023 1599 1059 permitterent,
1612 1021 1738 1049 eximius
1753 1020 1872 1048 illarum

162 1067 339 1101 propagator
353 1066 482 1095 futurus.

198 1137 239 1173 (b)
253 1137 358 1166 Versus
374 1147 407 1166 ex
422 1139 544 1174 antiquo
573 1139 702 1167 carmine
727 1140 871 1168 memoria
894 1140 967 1167 hercl

1104 1140 1131 1166 ‘r.
1148 1140 1200 1167 368
1216 1147 1223 1167 :
1239 1139 1317 1166 Τοῦτ’
1332 1136 1387 1170 ἔσθ’
1402 1138 1507 1174 ἑκάστῳ
1524 1140 1616 1174 μεῖζον
1672 1137 1774 1174 Τροίαν
1790 1135 1873 1174 ξᾼςῖν.

163 1171 331 1210 ᾱίρῆυξνθρ.
349 1175 382 1201 Α.
400 1175 472 1202 Gell.
489 1171 522 1202 Ν.
538 1176 593 1203 Att.
610 1175 672 1202 419.

1106 1175 1119 1210 ἓ)
1134 1178 1187 1203 Est
1201 1175 1277 1210 inter
1292 1175 1389 1202 Suida
1403 1171 1513 1210 Adagi'a
1524 1171 1566 1209 'ix,
1583 1174 1629 1208 66,
1645 1171 1759 1200 ἐπὶ’τῶν
1790 1171 1875 1200 ἀλλο-

200 1209 235 1245 (c)
250 1209 426 1248 Hic'versus
439 1214 483 1248 est
497 1210 744 1248 interrPr‘overbia
761 1211 882 1248 metrica
896 1220 913 1238 v
927 1211 969 1248 87f

717 1211 744 1248 ia
761 1211 882 1248 metrica
896 1220 913 1238 v
927 1211 990 1248 872,
1046 1211 1134 1246 τρίοις
1147 1210 1241 1241 πόνοις
1257 1209 1486 1248 ἐγκαυχωμένωνὶ.

163 1242 318 1281 formatus,
346 1247 378 1273 ut
401 1246 526 1280 videtur,
553 1247 589 1274 ad
618 1246 814 1274 imitationem
845 1242 993 1283 Euripidei

415 1390 837 1455 MIXAHA
915 1391 1117 1456 ΤΟΥ

915 1391 1117 1456 ΤΟΥ
1190 1389 1616 1482 ΨΕΛΛΟΥ

974 1506 1053 1532 ΠΕΡΙ

619 1587 968 1635 ΕΝΕΡΓΕΙΑΣ
987 1576 1026 1612 (1)
1080 1587 1417 1636 ΔΑΙΜΟΝΩΝ

850 1686 1176 1735 ΔΙΑΛΟΓΟΣ.

520 1788 1086 1924 MIGHAELfs
1140 1846 1500 1924 PSELLI

914 1971 1111 2003 DIALOGUS

310 2048 393 2096 DE
439 2048 771 2096 DEMONUM
821 2048 1098 2095 ENEBGIA
1147 2048 1265 2096 SEU
1315 2048 1708 2097 OPEBATIONE

622 2142 734 2174 Contra
751 2142 897 2173 Manetem
912 2147 940 2172 et
952 2141 1099 2174 Euchz’tas
1115 2152 1166 2173 seu
1180 2143 1404 2175 Entlzusiastas.

852 2275 973 2300 DIALOGI
994 2277 1137 2300 PERSONE
1161 2277 1168 2299 Ζ

572 2335 788 2363 ΤΙΜΟΘΕΟΣ.
818 2335 935 2370 ΘΡᾼΞ.
956 2351 990 2356 -
1008 2335 1263 2364 TIMOTHEUS.
1293 2336 1446 2365 THRAX.

865 2460 981 2489 CAPUT
998 2461 1154 2489 PRIMUM.

247 2507 284 2535 De
298 2505 421 2534 Euchitis
435 2509 462 2534 et
477 2505 672 2534 Enthusz'astis.
692 2505 893 2544 "magicorum
908 2506 1266 2544 dogmalamucogm'lionem
1284 2508 1342 2542 piis
1357 2515 1410 2534 non
1431 2508 1526 2535 minus
1538 2507 1676 2543 prodesse,
1691 2515 1775 2544 quam

754 2542 966 2576 pharmacorum
981 2541 1128 2570 lelhalium
1142 2542 1264 2570 medicis.

195 2600 415 2629 TIMOTHEUS.
443 2600 572 2636 Longum
597 2599 670 2635 jam,
691 2608 707 2627 ο
732 2599 838 2634 Thrax,
866 2602 964 2637 tempu

1095 2602 1253 2628 ΙΜΟΘΕΟΣ.
1282 2600 1406 2638 Κρόνιος,
1433 2601 1455 2628 ὧ
1484 2603 1562 2639 Θρᾷξ,
1588 2600 1631 2629 ἐπὶ
1656 2601 1687 2628 τὸ
1712 2602 1864 2636 Βυζάντιον

159 2645 332 2681 interfluit,
349 2654 383 2673 ex
398 2653 456 2681 quo
472 2645 643 2682 Byzantium
660 2653 718 2673 non
734 2645 849 2673 venisti.
1039 2645 1168 2680 ἆπαντᾷς.

854 2703 1032 2731 GAULMINI
1051 2703 1168 2733 NOT/E.

199 2756 237 2792 (1)
253 2753 391 2792 ῘΕνὲργεξα
416 2762 484 2781 vera
514 2761 576 2792 vox.
606 2753 719 2792 Chr-yet.
743 2752 900 2792 homil._4,
925 2755 968 2792 ῌει

1104 2765 1116 2780 ν
1132 2754 1149 2788 ἡ
1166 2753 1296 2791 ἐνέργεια.
1316 2753 1352 2781 Τὸ
1376 2752 1550 2791 ἐνεργεῖσθαι,
1567 2754 1624 2781 ἀντὶ
1647 2756 1695 2782 τοῦ
1724 2753 1871 2792 δαιμονᾶν,

164 2786 279 2820 ἆχᾶτάλ.
299 2786 439 2820 ;’¹’Ᾱλυσις
455 2788 561 2825 πονηρὰ
582 2788 626 2815 καὶ
643 2786 754 2826 χῖκλεπὴ
778 2790 831 2815 τῶν
858 2786 933 2824 δαίμ(

913 2786 995 2815 ιόνίυν
1051 2786 1164 2825 pridem
1180 2786 1305 2818 es't'cum
1321 2790 1374 2818 viri
1389 2786 1466 2819 docti
1480 2786 1682 2820 observarunt.
