1948 3056
100 90 160 121 863

768 88 982 121 MICHAELIS
1003 87 1140 120 PSELLI

1745 87 1807 117 864

94 155 288 191 judicandum
313 158 367 184 est.
385 155 565 185 Intrinsecus
589 157 667 184 enim
683 165 738 185 sua
758 157 788 184 in
803 164 910 191 corpori

1021 165 1027 180 μ
1055 153 1128 189 αύτῷ
1147 163 1213 180 ποτε
1241 151 1324 189 δόξῃ,
1354 153 1397 180 καὶ
1428 152 1496 190 πρὸς
1531 151 1614 179 ἀσκοῦ
1645 152 1806 188 μεταπίπτει

100 201 197 228 varias
217 200 346 229 colorum
370 201 482 237 species
504 202 664 236 emittunt;
690 210 724 230 ex
751 209 808 237 quo
835 201 876 235 ﬁt,
894 203 926 228 ut

101 253 203 273 eorum
219 245 354 282 quisque,
370 247 579 275 transformato
595 247 625 274 in
651 253 859 283 quamcunque
875 253 925 273 vo-

103 289 189 317 luerit
205 290 328 326 ﬁguram
345 299 476 326 corpore,
498 291 660 327 colorisque
677 291 842 327 cujuspiam
859 297 925 325 spe-

101 334 144 362 cie
160 335 189 361 in
205 334 334 370 corporis
365 336 550 372 superﬁciem
567 336 696 368 inducta,
711 343 788 362 nunc
804 334 924 370 quidem

100 378 155 405 viri
181 379 278 414 specie
301 382 452 415 appareat,
478 388 556 407 nunc
580 380 609 408 in
643 379 776 407 mulieris
801 379 924 406 formam

101 424 335 457 transmutetur;
354 424 424 459 quin
449 426 483 452 ut
497 424 541 452 leo
567 425 724 458 animetur,
741 426 774 452 ut
795 422 924 459 pardalis

102 466 224 499 insiliat,
242 469 274 495 ut
298 476 369 503 aper
383 468 487 502 irruat,
503 471 532 496 et
546 469 570 496 si
595 469 713 505 quando
730 468 755 496 ei
771 467 924 504 placuerit,

102 511 132 538 in
159 512 234 539 utris
259 512 383 548 ﬁguram
409 515 595 541 convertatur
615 522 622 542 :
648 513 720 549 quin
745 514 777 540 ut
800 511 925 540 catellus

102 555 296 584 adblandiens
312 565 368 585 non
396 566 461 585 raro
477 558 654 594 apparuerit.
671 558 803 593 Cumque
823 557 854 584 in
870 556 924 584 has

103 607 206 628 omnes
219 601 326 629 formas
338 601 462 630 subinde
473 605 614 637 transeat,
630 611 732 630 earum
743 604 841 629 tamen
858 600 923 628 nul-

980 202 1088 235 σχῆμα·
1118 197 1163 225 καὶ
1193 198 1231 228 ὡς
1260 198 1389 235 κυνάριον
1405 196 1459 229 ἔσθ’
1488 196 1542 232 ὅπη
1563 197 1804 234 προσηνυζόμενον

979 241 1064 278 ἔδοξε.
1089 243 1141 270 Καὶ
1156 243 1243 273 πάσας
1272 242 1369 273 ταύτας
1393 241 1440 273 τὰς
1469 241 1574 281 μορφὰς
1596 239 1730 278 ἀμείϐων,
1760 241 1807 269 ού-

980 285 1078 323 δεμίαν
1102 286 1205 314 τούτων
1232 284 1353 323 ἔμμονον
1374 284 1442 324 ἔχει.
1460 287 1500 315 Οὐ
1515 286 1565 323 γάρ
1581 285 1635 313 ἐστι
1652 286 1762 324 περῥὸν
1775 287 1807 314 τὸ

980 333 1060 368 σῶμα
1095 332 1171 359 τουτὶ
1195 332 1227 358 τὸ
1260 330 1415 368 δαιμόνιον,
1441 331 1510 358 ὥστε
1537 331 1638 368 στέγειν
1666 330 1692 358 ἐν
1717 331 1806 366 ἑαστῷ

978 377 1013 403 τὰ
1027 376 1164 415 ληφθέντα
1188 375 1259 411 εἴδη·
1284 375 1357 410 ἀλλ’,
1383 375 1398 403 ’ὀ
1422 373 1579 412 συμϐαίνειν
1596 375 1672 414 φιλεῖ
1695 375 1736 403 ἐπ’
1762 375 1807 403 ἀὲ-

980 431 1026 458 ρος
1052 421 1115 460 φερε
1129 421 1174 448 καὶ
1191 419 1301 455 ὕδατος,
1316 420 1364 448 κᾶν
1381 422 1485 459 χρῶμα
1509 419 1618 458 ἐγχέῃς,
1633 421 1681 448 κᾶν
1710 424 1808 459 σχῆμα

978 465 1112 503 ἐγγράψῃς
1126 467 1192 503 (11),
1210 465 1308 496 εὐθέως
1330 464 1465 504 διαχεῖται
1483 465 1528 493 καὶ
1548 464 1700 493 διαλύεται·
1724 467 1806 493 τοῦτο

980 508 1012 544 δὴ
1028 509 1060 538 τὰ
1075 510 1162 542 πάθος
1172 511 1215 538 καὶ
1233 510 1277 538 ἐπὶ
1294 509 1433 547 δαιμόνων
1445 509 1510 548 ὀρᾷν
1534 509 1601 539 ἔστι.
1618 510 1671 538 Καὶ
1683 509 1734 548 γὰρ
1758 510 1805 537 καὶ

979 554 1022 582 ἐπὶ
1046 555 1149 582 τούτων
1176 554 1352 583 διολισθαίνει
1375 556 1421 582 καὶ
1440 557 1544 593 χρῶμα
1566 554 1611 582 καὶ
1637 558 1734 592 σχῆμα
1758 554 1804 582 καὶ

980 598 1051 631 εἶδος
1065 601 1156 627 ὁτιοῦν
1171 603 1224 627 τῶν
1241 598 1338 628 ὄντων.

103 643 162 672 lam
180 649 351 681 perpetuam
367 647 464 674 habet.
481 649 539 675 Nec
553 647 632 674 enim
646 647 740 674 solida
756 647 850 682 ﬁgura
863 648 907 673 est
921 655 927 680 ;
949 645 1000 673 sed
1016 646 1092 681 quod
1109 646 1146 674 ab
1162 653 1236 679 aere,
1253 645 1333 673 verbi
1349 644 1453 682 gratia,
1470 647 1500 673 et
1526 645 1562 673 ab
1587 653 1665 680 aqua
1688 644 1808 672 contin-

101 696 170 724 gere
185 689 270 725 solet,
287 691 347 718 sive
363 690 489 719 colorem
506 691 542 719 iis
569 691 720 726 infundas,
743 690 803 718 sive
827 690 950 725 ﬁguram
974 690 1114 723 delinees,
1141 690 1240 718 statim
1266 690 1358 718 effluit
1381 692 1469 725 atque
1496 689 1683 723 diﬁ‘unditur,
1704 689 1807 717 eodem

103 741 225 770 prorsus
241 735 328 762 modo
344 735 491 764 daemones
504 736 592 764 etiam
608 744 639 764 se
655 735 761 763 habere
776 737 892 763 constat
908 744 914 763 :
928 735 1073 771 siquidem
1088 737 1117 763 et
1131 735 1161 762 in
1178 735 1215 763 iis
1230 734 1318 768 color,
1336 735 1429 771 ﬁgura
1450 736 1480 762 et
1493 734 1602 771 quaevis
1625 742 1726 762 eorum
1742 742 1809 770 quae

102 780 171 806 sunt
186 779 279 808 forma
295 780 451 808 evanescit.

848 878 964 907 CAPUT
982 879 1060 906 XIX.

334 928 425 963 Quare
440 928 608 957 daemonium
623 937 674 965 quo
690 930 825 957 vexantur
837 935 986 964 puerpera
998 929 1090 963 [arma
1104 929 1279 964 potissimum
1292 927 1425 956 muliebri
1437 928 1582 964 appareat.

140 986 205 1012 Haec
220 987 300 1019 sunt,
317 985 479 1021 Timotheo,
505 995 570 1022 qua:
586 987 712 1021 Marcus,
738 986 910 1022 probabilite

1021 986 1120 1017 Ταῦτα,
1143 984 1268 1021 Τιμόθεε,
1294 984 1413 1022 Μάρκος,
1443 984 1480 1015 ὡς
1510 983 1559 1021 ἐμὲ
1587 982 1703 1019 εἷκάσαι,
1728 989 1813 1015 πιθα-

106 1029 237 1064 quidem,
262 1033 294 1057 ut
317 1031 453 1066 conjicio,
479 1031 646 1059 edisseruit.
669 1031 736 1058 Jam
766 1034 795 1059 te
820 1031 931 1058 nullius

106 1076 173 1109 post
187 1074 246 1101 hac
272 1075 427 1102 conturbet
451 1076 555 1109 oratio,
571 1078 712 1112 tanquam
741 1075 831 1103 maris
856 1075 929 1103 illud

106 1118 280 1154 feminaeque
296 1119 454 1147 discrimen
470 1120 653 1148 daemonibus
675 1120 755 1148 insit.
770 1120 835 1147 Haec
851 1120 930 1147 enim

105 1162 134 1189 in
151 1162 211 1190 illis
237 1163 380 1191 duntaxat
396 1167 549 1200 apparent,
564 1173 664 1192 eorum
691 1167 790 1192 autem
816 1164 930 1192 nullum

106 1206 135 1234 in
152 1207 256 1235 iisdem
273 1208 432 1244 perdurare
455 1209 626 1237 habitumve
650 1209 832 1237 contraxisse
852 1209 930 1236 vide-

106 1254 164 1278 tur.
183 1252 305 1280 Proinde
320 1253 392 1281 illud
409 1262 528 1290 quoque
543 1254 757 1287 daemonium,a
772 1262 829 1289 quo
844 1262 929 1289 puer-

108 1303 177 1330 pera
190 1296 264 1324 male
280 1300 381 1325 vexata
397 1297 586 1334 est,qualibet
602 1299 629 1325 in
648 1299 742 1326 forma
759 1298 872 1325 feminae
883 1306 931 1333 ap-

107 1341 247 1376 paruerit,
269 1349 304 1369 ne
318 1344 416 1370 tamen
439 1342 497 1370 tale
511 1351 586 1376 esse,
602 1345 690 1378 atque
706 1343 745 1370 ita
760 1350 792 1370 se
804 1342 928 1376 habere;

107 1386 157 1413 sed
190 1385 282 1414 solam
312 1387 494 1415 mulierculas
518 1387 642 1423 ﬁguram
676 1386 770 1415 oculis
794 1386 930 1414 exhibere

106 1432 187 1465 puta.

141 1474 287 1503 TIMOTH.
305 1475 359 1508 Qui
384 1484 450 1503 vero
467 1476 508 1510 ﬁt,
529 1484 545 1503 ο
559 1476 666 1510 Thrax,
681 1477 714 1504 ut
728 1475 782 1503 hoc
797 1475 884 1503 aliam
901 1477 930 1502 et

107 1518 195 1546 aliam
211 1520 336 1555 ﬁguram
352 1520 477 1548 subinde
494 1529 551 1548 non
577 1522 720 1554 assumat,
737 1520 927 1556 quemadmo-

105 1564 176 1590 dum
201 1564 250 1590 alii
278 1564 435 1596 damones.
461 1565 512 1592 sed
543 1573 659 1600 semper
683 1565 759 1592 idem
783 1564 926 1592 videatur.

105 1607 257 1643 Siquidem
285 1617 330 1636 me
345 1617 361 1636 a
377 1609 523 1645 plerisque
548 1609 650 1638 audire
675 1608 796 1637 memini
813 1608 926 1636 femini-

105 1651 197 1679 forme
212 1653 389 1680 damoaium
405 1654 557 1690 puerperis
571 1655 710 1682 omnibus
724 1661 875 1690 apparere.

142 1696 275 1725 THRAX.
292 1697 327 1725 Et
342 1697 442 1734 hujus,
457 1707 474 1726 ο
490 1699 652 1728 Timothee.
669 1707 789 1726 causam
807 1706 863 1726 non
880 1697 926 1725 in-

105 1741 274 1769 credibilem
310 1743 424 1771 Marcus
457 1743 604 1771 afferebat.
619 1744 725 1771 Aiebat
758 1743 835 1772 enim
869 1751 927 1771 non

106 1794 208 1814 omnes
233 1787 381 1815 daemonas
405 1788 536 1823 ejusdem
560 1788 713 1824 potestatis
728 1791 757 1816 et
771 1788 928 1817 voluntatis

105 1839 169 1859 esse
186 1832 354 1868 participes,
370 1833 420 1860 sed
450 1841 507 1861 non
525 1841 628 1869 parum
653 1833 833 1862 discriminis
852 1833 929 1861 inter

106 1884 156 1904 eos
172 1876 226 1905 hac
249 1877 337 1905 etiam
354 1877 383 1905 in
410 1886 440 1905 re
455 1886 530 1906 esse.
547 1879 622 1906 Sunt
645 1879 724 1906 enim
740 1878 790 1914 qui
817 1878 929 1906 ratione

107 1925 234 1954 careant,
259 1926 284 1949 ut
311 1922 388 1949 inter
411 1922 575 1950 animantia
598 1923 760 1959 composita
784 1923 929 1958 mortique

108 1966 244 1993 obnoxia.
262 1966 335 1998 Quia
359 1969 391 1993 ut
406 1967 434 1994 in
460 1966 506 1994 his
531 1966 630 2001 homo,
647 1975 714 1995 cum
739 1968 778 1995 sit
793 1967 930 1994 facultate

108 2009 275 2038 intellectus
300 2013 328 2038 et
361 2011 484 2038 rationis
518 2012 658 2047 participe
691 2011 841 2047 praeditus,
865 2011 930 2038 ideo

109 2054 320 2090 generaliorem
332 2055 516 2091 imaginandi
527 2056 583 2083 vim
596 2055 693 2090 habet,
710 2065 772 2091 quas
784 2057 820 2084 ad
831 2057 932 2084 omnia

112 2100 170 2126 fere
186 2099 339 2127 sensibilis
361 2100 537 2135 extenditur,
561 2104 621 2128 tam
648 2109 682 2129 ea
706 2109 770 2136 quae
794 2101 823 2128 in
848 2100 930 2134 cmlo,

112 2152 201 2179 quam
227 2152 290 2180 quae
315 2144 393 2172 circa
414 2147 523 2173 terram
539 2147 568 2173 et
592 2145 621 2172 in
645 2148 723 2173 terra
745 2145 933 2181 sunt;equis

111 2191 209 2217 autem
224 2191 254 2217 et
276 2189 382 2223 bobus,
406 2191 435 2217 et
459 2189 570 2218 caeteris
596 2189 626 2217 id
650 2197 754 2226 genus,
779 2190 934 2226 specialior

111 2233 245 2269 quaedam
270 2234 349 2262 inest
373 2233 555 2270 imaginandi
576 2234 620 2262 vis
646 2242 652 2262 :
679 2234 787 2271 quippe
811 2243 874 2271 quas
897 2235 932 2263 ad

111 2285 211 2306 eorum
242 2279 384 2307 nonnulla
416 2279 599 2313 extendatur,
625 2287 689 2315 quae
723 2279 934 2315 imaginatione

109 2323 410 2359 comprehenduntur,
427 2325 456 2351 et
479 2331 657 2359 compascua
676 2322 731 2350 sibi
759 2324 933 2359 animantia,

988 1032 1042 1060 νὼς
1057 1028 1153 1057 διεῖλε.
1170 1030 1219 1057 Καί
1236 1040 1264 1057 σε
1289 1030 1320 1057 τὸ
1350 1030 1402 1057 ἀπὸ
1423 1027 1503 1057 τοῦδε
1532 1027 1627 1065 μηδείς
1655 1027 1813 1065 ταρπτὲτω

988 1072 1084 1111 λόγος,
1114 1075 1151 1105 ὡς
1175 1073 1314 1110 δαίμοσιν¹
1326 1074 1437 1108 ἐνούσης
1458 1075 1507 1108 τῆς
1521 1073 1589 1100 κατᾶ
1616 1073 1647 1100 τὸ
1669 1072 1748 1110 ἆρῥεν
1764 1071 1812 1099 καὶ

987 1118 1059 1154 θῆλυ
1089 1118 1242 1158 διαφορᾶς·
1271 1121 1355 1146 ταῦτα
1377 1119 1426 1156 γὰρ
1455 1117 1481 1146 ἐν
1512 1118 1620 1149 τούτοις
1651 1115 1734 1155 μέχρι
1762 1119 1813 1144 τοῦ

987 1163 1138 1202 φαίνισθαι·
1166 1164 1282 1200 μόνιμον
1309 1162 1338 1190 δὲ
1368 1163 1413 1190 καὶ
1435 1163 1495 1195 καθ’
1517 1161 1569 1198 ἕξιν
1599 1162 1703 1190 τούτων
1733 1160 1813 1189 οὐδὲν

987 1208 1014 1235 ἐν
1030 1208 1122 1239 αὐτοῖς
1149 1207 1215 1237 ἐστι.
1246 1207 1292 1235 Διὸ
1315 1207 1360 1235 καί
1383 1208 1414 1235 τὸ
1436 1209 1472 1244 τῇ
1497 1206 1580 1244 λεχοῖ
1600 1206 1812 1244 παρενοχλήσαν

988 1252 1143 1290 δαιμόνιον,
1167 1253 1192 1281 εἷ
1213 1253 1332 1291 γυναιξὶν
1355 1252 1470 1291 ἐμφερὲς
1496 1252 1597 1289 ὡρᾶτο,
1624 1252 1663 1288 μὴ
1686 1252 1812 1278 τοιοῦτον

987 1299 1056 1325 εἶναι
1082 1298 1126 1325 καὶ
1155 1298 1214 1329 καθ’
1237 1295 1290 1333 ἴξιν
1317 1297 1388 1332 οἴου,
1413 1297 1493 1334 μόνον
1515 1295 1544 1324 δὲ
1572 1299 1670 1333 σχῆμα
1697 1295 1814 1333 γυναίου

987 1339 1204 1380 προϐάλλεσθαι.

1019 1477 1136 1505 ΤΙΜΟΘ.
1153 1479 1215 1508 Πῶς
1245 1475 1284 1511 δὲ,
1300 1476 1322 1503 ὦ
1343 1477 1423 1513 Θρᾷξ,
1449 1475 1500 1503 οὐκ
1528 1474 1631 1502 ἄλλοτε
1652 1475 1721 1511 πρὸς
1737 1473 1809 1502 ἄλλο

983 1521 1029 1548 καὶ
1059 1520 1129 1549 ἄλλο
1153 1524 1251 1559 σχῆμα
1277 1523 1444 1557 μεταχωρεῖ,
1474 1520 1593 1556 καθάπερ
1609 1519 1635 1547 o't
1651 1518 1733 1546 ἄλλοι
1750 1517 1808 1546 δαί-

986 1576 1079 1602 μονες,
1094 1565 1167 1594 ἀλλὰ
1180 1567 1305 1593 τοιοῦτον
1322 1565 1349 1597 ἐς
1363 1565 1403 1593 ἀεὶ
1421 1566 1535 1602 (Spirat;
1560 1563 1610 1592 Καὶ
1624 1565 1675 1602 γὰρ
1691 1562 1809 1591 πολλῶν

982 1610 1149 1642 κατακούσας
1180 1608 1237 1648 ἔχω
1254 1633 1262 1646 ,
1288 1609 1466 1648 θηλύμορφον
1492 1609 1592 1640 πάσαις
1619 1611 1680 1639 ταῖς
1709 1607 1806 1645 λιχοῖς

983 1655 1105 1692 ὁρᾶσθαι.

1018 1702 1120 1735 eras.
1137 1698 1187 1728 Καὶ
1201 1699 1310 1734 τούτου,
1335 1699 1460 1736 Τιμόθεε,
1487 1699 1538 1732 τὴν
1555 1697 1643 1726 αἲτίαν
1666 1697 1680 1724 ὁ
1695 1697 1808 1735 Μάρκος

983 1744 1033 1771 οὐκ
1061 1744 1189 1776 ἀπίθανον
1221 1742 1393 1771 ἀποδέδωκεν
1411 1765 1418 1772 .
1454 1744 1526 1782 Ἔφη
1556 1743 1607 1780 γὰρ
1635 1742 1674 1778 μή
1703 1742 1806 1771 πάντας

983 1787 1111 1825 δαίμονας
1136 1787 1275 1825 δυνάμεως
1299 1788 1346 1816 καὶ
1373 1789 1533 1825 βουλήσεως
1559 1790 1609 1821 τῆς
1632 1786 1716 1819 αὐτῆς
1742 1796 1808 1822 μετ-

983 1832 1068 1871 έχειν,
1093 1831 1157 1860 ἀλλ’
1171 1834 1239 1861 εἶναι
1256 1832 1363 1867 πολλὴν
1381 1832 1467 1860 αὐτῶν
1495 1832 1544 1859 κάν
1558 1831 1648 1867 τούτῳ
1663 1830 1809 1868 παραλλα-

983 1879 1044 1915 γήν·
1071 1876 1172 1914 ἄλογον
1194 1878 1244 1916 γὰρ
1267 1876 1338 1915 ἔχειν
1365 1877 1403 1909 ὡς
1426 1876 1538 1904 ἐπὶτῶν
1564 1876 1669 1911 θνητῶν
1684 1875 1729 1902 καὶ
1746 1885 1807 1901 συν-

985 1923 1068 1954 θέτων
1104 1923 1190 1957 ζώων.
1218 1923 1261 1953 Ὠς
1293 1922 1344 1960 γὰρ
1373 1921 1399 1948 ἒν
1432 1920 1552 1954 τούτοις,
1577 1921 1721 1958 ἅνθρωπος
1747 1919 1806 1955 μὲν,

987 1967 1109 2004 μετέχων
1134 1965 1271 2003 δυνάμεως
1302 1968 1393 2002 νοερᾶς
1416 1976 1446 1993 τε
1468 1965 1513 1992 καὶ
1538 1962 1685 2003 ἔμφρονος,
1712 1961 1751 1991 ἔτι
1779 1973 1810 1990 τε

984 2010 1029 2037 καὶ
1052 2011 1102 2044 τήν
1126 2011 1308 2049 φανταστικὴν
1324 2009 1489 2047 ὁλικωτέραν
1506 2008 1563 2046 ἔχει
1579 2010 1647 2045 (12),
1663 2009 1730 2046 πρὸς
1746 2008 1811 2035 πάν-

985 2065 1018 2082 τα
1031 2054 1128 2093 σχεδὸν
1147 2055 1345 2092 ἐξηπλωμὲνην
1365 2055 1400 2082 τὰ
1422 2054 1548 2089 αἰσθητὰ,
1576 2053 1609 2081 τά
1624 2063 1653 2081 τε
1676 2053 1734 2081 κατ’
1763 2052 1810 2080 ού-

987 2100 1066 2137 ρανὸν
1091 2101 1136 2127 καὶ
1160 2100 1210 2127 ὅσα
1234 2100 1295 2137 περὶ
1317 2103 1370 2138 γῆν
1391 2110 1421 2127 τε
1442 2099 1487 2127 καὶ
1514 2098 1557 2126 ἰπὶ
1581 2102 1642 2136 γῆς·
1666 2097 1752 2126 ἵππος
1782 2095 1812 2124 δὲ

986 2145 1031 2172 καὶ
1049 2145 1114 2182 βοῦς
1129 2145 1174 2172 καὶ
1189 2145 1223 2172 τὰ
1243 2144 1352 2176 τούτοις
1365 2144 1530 2181 ὁμόστοιχα,
1554 2143 1737 2181 μιρικωτέραν
1765 2141 1812 2170 καὶ

987 2189 1056 2226 πρὸς
1084 2186 1143 2216 ἔνια
1165 2191 1219 2217 τῶν
1243 2191 1400 2228 φανταστῶν
1422 2188 1603 2226 ἐνεργοῦσαν,
1630 2187 1664 2215 τὰ
1690 2187 1813 2223 σύννομα

987 2233 1033 2261 καὶ
1054 2235 1104 2268 τὴν
1128 2233 1230 2273 φάτνην
1253 2233 1297 2261 καὶ
1325 2233 1390 2264 τοὺς
1415 2233 1596 2269 κτησαμένους
1618 2231 1811 2269 γινώσκουσαν·

989 2276 1100 2315 ἐμπίδες
1124 2277 1153 2306 δὶ
1178 2278 1223 2306 καὶ
1253 2280 1329 2315 μυῖαι
1356 2277 1400 2305 καὶ
1423 2276 1564 2312 σκώληκες
1589 2275 1813 2312 ἆπεστενωμὲνην

989 2321 1083 2361 ἔχουσι
1098 2323 1199 2359 ταύτην
1223 2323 1269 2352 καὶ
1294 2322 1490 2361 ἀδιάρθρωτον,
1520 2323 1589 2358 μήτε
1616 2321 1689 2356 ἀπήν
1710 2320 1815 2354 εἰδότος

107 2375 237 2404 praesepe
263 2376 507 2404 possessoresque
536 2377 606 2396 suos
631 2371 807 2404 cognoscat;
825 2367 910 2396 culice

1021 2369 1101 2396 άστου
1115 2368 1221 2396 τούτων
1247 2368 1281 2402 ἧς
1311 2366 1484 2403 ἐξελήλυθεν,
1516 2367 1586 2404 μήτε
1612 2366 1696 2393 τόπον
1710 2367 1737 2393 οἷ
1765 2376 1814 2394 πο-

802 2426 980 2455 GAULMlNI
1005 2427 1118 2455 NOTIE.

108 2472 162 2508 τῷν
191 2470 305 2508 ἱκιινεῖτο
333 2470 401 2508 κατᾲ
428 2471 459 2497 τὸ
484 2469 694 2508 ’ίδιογῌσχῆμα-
718 2469 818 2508 ὁΔλὲων
833 2468 934 2508 ἔϐρυχε

111 2507 197 2544 ρὲλων
227 2505 360 2544 ἐπελθεῖν,
384 2507 398 2533 ὁ
419 2508 522 2544 ταῦρος.
542 2505 629 2544 ἐδόκει
648 2505 807 2544 κερματίζειν,
834 2507 848 2533 ὁ
873 2505 934 2544 sei;

109 2539 198 2578 ἕρπων
216 2543 265 2569 οὐκ
279 2539 384 2580 ἔφθανε,
399 2542 444 2569 καὶ
461 2539 477 2569 ὅ
491 2542 573 2580 λύκος
588 2539 687 2579 ὁρμῶπί
703 2539 838 2580 ἐπείχετο.
871 2539 932 2571 Μίλ-

109 2580 137 2615 gi
155 2580 256 2615 nuperi
272 2582 371 2607 tamen
387 2586 420 2606 ex
432 2579 534 2607 formis
550 2580 668 2608 ordines
683 2579 864 2616 agnoscunt:
881 2579 931 2616 sed

110 2617 256 2644 veteribus
271 2616 416 2652 cuiusque
432 2616 531 2643 formas
547 2616 623 2652 magi
645 2616 735 2651 fuere,
765 2616 815 2651 qui
830 2615 867 2642 ab
880 2615 933 2652 illa

112 2652 205 2695 forma
220 2652 248 2679 in
264 2650 376 2695 similes
387 2654 566 2695 potestatem
580 2650 932 2695 οἰοχρὶεδιξαῑζμρρὶμάγρι

111 2686 248 2725 λεόντων,
278 2687 358 2725 μάγοι
385 2686 472 2725 ὄφεων
503 2686 694 2725 Babyloniis:_
715 2687 871 2725 Jamblich.
895 2686 932 2714 'in

111 2723 214 2764 Ijhotio
228 2724 304 2764 (cod.
315 2723 381 2764 94);
398 2723 568 2764 serpentum
577 2725 671 2764 etiam
688 2723 775 2764 hodie
788 2723 818 2764 in
832 2723 931 2764 Aloys.

112 2758 297 2794 Cadamdsto,
313 2760 372 2788 imo
387 2763 416 2789 st
431 2758 560 2796 piscium
575 2759 605 2787 in
621 2759 690 2787 Polo
718 2759 828 2787 Veneto
857 2759 932 2787 Lon-

989 2479 1060 2508 gum
1075 2474 1154 2500 esset
1165 2472 1264 2500 omnia
1280 2470 1428 2507 prosequi.

1027 2509 1083 2544 (11)
1101 2508 1224 2536 Prorsus
1239 2503 1333 2544 tangit
1359 2503 1497 2542 adagium
1521 2505 1559 2536 ιῐς
1587 2503 1670 2544 ὕδωρ.
1688 2504 1814 2544 γράφειν,

988 2541 1079 2579 quod
1092 2545 1202 2572 Arabes
1227 2541 1344 2577 habent,
1362 2541 1467 2578 aquom
1480 2543 1595 2578 pingere
1614 2550 1621 2569 :
1651 2541 1769 2568 Centur.
1787 2543 1815 2575 2,

1094 2580 1226 2653 %3pponit
1246 2606 1420 2653 'élijtépav
1450 2612 1638 2653 (ίῆανταςττικῆν¹
1662 2612 1811 2653 ἆνθρωπων

985 2649 1207 2688 rarissimi—1);.th
1221 2652 1274 2678 τῶν
1285 2649 1378 2678 ’ἷππων
1395 2652 1423 2678 et
1436 2649 1560 2688 aliorum
1591 2649 1789 2688 animantium
1802 2658 1810 2682 ;

987 2683 1086 2723 inepte
1115 2683 1246 2723 prorsus,
1276 2688 1300 2715 si
1325 2687 1367 2714 ita
1389 2686 1520 2727 scripsit.
1548 2685 1616 2720 Lege
1631 2683 1811 2721 ὁλικώτεραν.

988 2722 1192 2752 Geueraliorem
1204 2723 1415 2759 interpretatur
1428 2724 1584 2757 Interpres,
1600 2720 1684 2748 bene.

1576 2741 1584 2756 ,
1600 2740 1684 2748 νυν...
