1948 3056
179 121 239 151 879

847 119 1058 151 MICHAELIS
1081 119 1214 150 PSELLl

1831 120 1892 152 880

182 186 301 215 Bacchis
336 189 364 215 et
393 187 599 222 Mimallones,
638 190 667 216 et
704 188 824 224 quidam
863 193 1004 215 resonans

1099 184 1148 212 ἰοί
1165 185 1371 223 μητριάζοντες,
1398 184 1550 217 Κλώδωνές
1572 196 1601 213 τε
1625 185 1670 213 καὶ
1696 185 1892 223 Μιμαλλόνες,

182 231 263 259 lebes
291 231 484 268 Thesprotius
519 234 548 260 et
583 233 760 260 Dodonaeum
789 232 938 264 ahenum;
979 232 1007 258 et

184 276 311 312 Corybas
335 276 412 304 alius
439 278 467 304 et
495 277 584 305 Cures
614 276 706 312 alter,
737 277 905 304 daemonum
940 274 1006 302 imi-

184 322 332 348 tamenta.
364 323 432 348 Post
461 322 559 349 Baubo
589 330 674 349 crura
702 321 840 356 detegens
869 323 897 347 et
923 319 1005 346 femi-

186 373 274 392 neum
298 365 418 400 inguen;
442 365 484 393 sic
509 366 588 393 enim
614 366 754 401 pudorem
779 364 933 392 nominant
956 363 1006 391 de-

185 409 288 437 decore
316 410 431 443 aﬂ'ecti;
461 412 490 437 et
505 410 547 438 sic
574 410 604 437 in
635 409 817 445 turpitudine
834 408 1006 445 mysterium

185 453 363 481 dissolvunt.

195 505 197 508 ’
220 506 518 534 4.1ncantamentum
544 509 643 534 autem
672 515 720 534 ars
748 509 794 534 est
822 506 906 534 vanis
930 506 1008 533 circa

183 551 349 578 materiales
363 553 392 578 et
409 553 562 579 terrestres
577 552 724 579 daemones
747 551 1007 587 imaginationibus

182 594 351 630 indulgens,
377 599 405 623 et
431 603 532 623 eorum
555 595 772 631 inspectoribus
797 596 918 623 umbras
943 597 1006 622 tum

182 639 334 666 exinteris
362 639 511 667 adducens
539 642 602 667 tum
631 648 666 668 ex
686 640 745 668 alto
771 640 920 667 deducens
944 647 1007 667 eas-

183 691 240 718 que
269 683 381 711 noxias.
409 683 442 711 Et
471 684 605 719 quaedam
635 692 774 720 corporea
798 684 1008 719 phantasmata

184 736 233 755 eas
267 728 535 763 contemplantibus
559 729 711 765 supponit.
739 731 770 756 Et
796 729 861 755 aliis
887 729 1005 764 quidem

185 771 282 799 fluxus
301 772 416 808 aliquos
442 772 509 800 inde
536 773 714 800 ﬂuctuantes
730 772 832 804 mittit,
849 772 916 799 aliis
940 780 1006 800 vero

184 816 367 844 vinculorum
383 816 559 844 solutionem
579 819 608 844 et
633 816 753 844 delicias
776 819 803 844 et
828 817 938 852 gratias
952 825 1005 844 an-

1059 229 1104 256 καί
1135 240 1178 261 τις
1207 230 1287 268 ἠχῶν
1316 227 1400 265 λέϐης
1429 231 1629 267 Θεσπρώτειος,
1656 231 1702 258 καὶ
1727 229 1891 258 Δωδωναῖον

1061 272 1203 310 χαλκεῖονλ
1230 273 1275 301 καὶ
1300 271 1426 312 Κορύϐας
1455 273 1553 310 ἄλλος,
1579 275 1624 302 καὶ
1650 274 1756 312 Κούρης
1786 273 1892 313 ἕτερος,

1062 316 1199 354 δαιμόνων
1215 319 1373 355 μιμήματα.
1396 319 1454 357 Ἐφ’
1478 319 1518 349 οἷς
1540 320 1558 353 ἠ
1582 316 1678 346 Βιυϐὼ
1699 319 1765 350 τοὺς
1783 319 1891 357 μηροὺς

1061 361 1270 400 ἀνασυραμένη,
1300 362 1344 390 καὶ
1374 363 1388 390 ὁ
1416 365 1568 399 γυναικεῖος
1598 363 1690 394 κτιίς’
1734 363 1809 391 οὕτω
1840 364 1888 401 γὰρ

1062 405 1224 443 ὀνομάζουσι
1235 407 1285 441 τὴν
1301 405 1369 434 αἰδῶ
1385 407 1588 444 αἰσχυνόμενοι.
1606 407 1655 435 Καὶ
1670 406 1756 438 οὕτως
1786 408 1813 435 ὲν
1831 408 1888 435 αἱσ-

1062 452 1124 487 χρῷ
1138 451 1187 485 τήν
1203 450 1314 485 τελετὴν
1330 451 1520 479 καταλύουσιν.

1098 503 1129 532 δ’.
1152 504 1184 532 Ἦ
1208 504 1319 542 γοητεία
1335 502 1363 531 δὲ
1377 504 1432 531 ἐστι
1447 504 1532 542 τέχνη
1549 514 1591 535 τις
1607 504 1669 541 περὶ
1688 505 1752 537 τοὺς
1775 504 1889 536 ἑνύλους

1061 548 1106 576 καὶ
1135 549 1263 586 χθονίους
1292 547 1424 584 δαίμονας
1457 551 1727 588 φαντασιοσκοποῦσα
1754 552 1816 580 τοῖς
1846 550 1888 577 ἑπ-

1063 593 1157 624 όπταις
1186 593 1220 620 τὰ
1247 592 1350 620 τούτων
1380 591 1481 620 εἷ’ὃωλα
1507 592 1552 620 καὶ
1575 594 1639 624 τοὺς
1666 593 1713 630 μὶν
1739 594 1832 631 ὥσπερ
1864 593 1889 629 ἐξ

1062 635 1128 672 ’ᾲδου
1161 636 1306 674 ἀνάγουσα,
1342 636 1406 668 τοὺς
1443 636 1472 664 δὲ
1511 637 1607 674 ὑψόθεν
1643 636 1808 675 κατάγουσα,
1844 637 1891 665 καὶ

1061 681 1174 712 τούτους
1194 681 1361 712 κατωτικούς
1380 703 1387 709 .
1412 681 1464 710 Καὶ
1503 679 1635 708 είδωλικᾶ
1664 681 1728 709 ἄττα
1760 681 1890 719 ὑφίστησι

1061 726 1238 765 φαντάσματα
1261 729 1321 757 τοῖς
1350 727 1465 764 θεωροῖς
1493 727 1546 753 τῶν
1577 725 1721 754 τοιούτων.
1749 727 1800 753 Καὶ
1830 729 1892 757 τοῖς

1063 771 1112 806 μὶτ
1152 770 1273 808 ῥεύματά
1311 781 1371 797 τινα
1409 770 1509 803 ἐκεῖθεν
1539 770 1706 807 κυμαίνοντα
1737 770 1893 809 ἀπαφίησι’

1060 817 1118 847 τοῖς
1147 813 1175 842 δὲ
1209 814 1315 852 δεσμῶν
1355 815 1456 846 ἀνέσεις
1485 815 1530 842 καί
1564 815 1667 854 τρυφὰς
1697 814 1742 842 καὶ
1771 815 1890 853 χάριτας

185 860 312 888 nuntiat.
330 860 388 888 llas
404 863 500 888 autem
525 861 672 896 potentias
697 863 798 889 evocat
823 861 1004 889 carminibus

1096 859 1267 897 αγγέλλεται.
1285 858 1429 897 Ἐππὶγιται
1445 858 1473 887 δὲ
1487 860 1534 892 τὰς
1549 859 1675 892 τοιαύτας
1690 858 1819 897 δυνάμεις
1842 859 1889 887 καὶ

186 905 327 940 repetitis.

218 950 245 977 5.
262 949 367 985 Magna
383 951 480 977 autem
496 950 605 977 Graecis
630 950 782 978 videbatur
807 950 930 978 multam
947 950 1004 978 vim

182 993 300 1022 habere.
317 995 388 1022 Eam
405 994 539 1022 ultimam
556 995 738 1023 medicinalis
752 995 879 1023 scientia
891 999 1004 1031 partem

181 1046 246 1066 esse
262 1038 373 1066 dicunt.
390 1039 574 1074 Investigans
590 1039 669 1067 enim
698 1040 833 1067 omnium
860 1039 1003 1067 subluna-

183 1082 260 1110 rium
286 1083 519 1110 substantiarum
545 1086 573 1111 et
598 1086 733 1111 naturam
762 1086 791 1111 et
819 1083 1004 1119 qualitatem,

182 1125 395 1154 elementorum
423 1135 529 1163 nempe
550 1136 710 1163 eorumque
734 1128 874 1163 partium,
892 1129 1004 1155 anima-

181 1170 255 1198 lium
284 1171 507 1206 quorumlibet,
536 1172 705 1207 plantarum
745 1180 906 1207 earumque
944 1173 1004 1200 t‘ru-

183 1215 464 1251 ctuum,lapidum,
491 1215 661 1252 herbarum,
687 1218 715 1244 et
744 1225 802 1243 uno
832 1216 918 1244 verbo
943 1224 1004 1244 om-

183 1259 267 1287 nium
307 1268 403 1287 rerum
443 1260 641 1288 substantiam
669 1263 696 1289 et
725 1261 903 1296 potentiam,
937 1261 1006 1289 inde

183 1313 237 1332 sua
266 1308 412 1341 operatur.
443 1305 662 1333 Oblectamenta
684 1306 820 1342 proponit
848 1306 1005 1334 sanitatem

183 1349 358 1384 efﬁcientia,
387 1349 559 1386 speciesque
597 1350 811 1378 diversissimas
851 1351 1005 1386 producit,

183 1394 212 1420 et
240 1392 298 1420 alia
337 1393 551 1421 medicamenta
588 1394 724 1421 morbum
761 1394 934 1422 efﬁcientia.
968 1396 1005 1422 A-

183 1436 271 1472 quila:
303 1439 332 1465 et
365 1437 506 1465 dracones
552 1438 654 1465 efﬁcax
686 1438 745 1466 illis
779 1442 863 1466 erant
893 1439 928 1466 ad
955 1447 1005 1467 sa~

182 1481 304 1509 nitatem
351 1482 508 1517 sumptio;
554 1481 622 1510 feles
656 1484 753 1510 autem
788 1485 816 1511 et
854 1491 942 1510 canes
977 1485 1006 1511 et

182 1525 258 1553 corvi
288 1525 394 1561 vigilia
427 1525 569 1561 symbola.
595 1528 665 1554 Cera
697 1535 762 1554 vero
792 1530 820 1554 et
849 1528 942 1555 lutum
971 1528 1002 1555 in

183 1571 384 1598 membrorum
413 1570 617 1598 confictionem
645 1570 871 1599 adhibebantur.
907 1573 1004 1608 Appa-

185 1622 247 1642 rere
279 1614 368 1642 etiam
402 1614 472 1641 facit
499 1614 576 1651 ignis
609 1615 736 1643 ccelestis
769 1616 944 1644 editionem.
973 1617 1008 1644 Et

185 1660 290 1694 sponte
320 1659 476 1686 subrident
511 1661 615 1687 statum
646 1663 672 1687 et
701 1660 797 1688 subito
831 1661 899 1696 igne
932 1660 1007 1689 lam-

186 1703 277 1739 pades
299 1703 509 1730 accenduntur.
530 1703 742 1739 Complectitur
771 1713 888 1740 quoque
916 1707 1007 1733 totam

186 1747 396 1775 astronomiam
425 1749 453 1775 et
479 1747 572 1776 multa
607 1756 658 1784 per
696 1756 758 1776 eam
789 1752 818 1776 et
853 1751 947 1785 potest
981 1752 1009 1778 et

186 1792 309 1828 perﬁcit.

218 1846 245 1874 6.
262 1846 365 1880 Omen,
383 1848 414 1874 ut
429 1845 507 1874 istud
534 1854 640 1874 nomen
668 1846 788 1881 indicat,
805 1848 850 1875 est
862 1847 1005 1875 malorum

183 1890 350 1918 dtemonum
369 1891 524 1918 invocatio.
542 1890 587 1918 Fit
613 1893 712 1918 autem
741 1899 808 1919 cum
830 1891 872 1919 sol
893 1893 928 1920 ad
946 1901 1005 1920 me-

182 1935 283 1963 ridiem
302 1937 432 1963 recenter
447 1943 550 1963 versus
565 1938 620 1969 est,
639 1936 716 1963 diem
734 1937 881 1971 minuens,
894 1939 1005 1965 noctem

181 1987 247 2007 vero
275 1980 435 2015 adaugens.
466 1979 631 2014 Opinantur
659 1980 738 2007 enim
769 1980 860 2008 Graeci
890 1981 1004 2009 nullum

181 2023 378 2051 materialium
398 2024 564 2051 daemonum
594 2024 665 2052 solis
694 2025 791 2052 radios
808 2026 882 2052 bono
906 2026 1004 2053 animo

181 2067 299 2095 habere.
329 2068 398 2095 Inde
428 2068 513 2095 nobis
542 2071 629 2096 noctu
659 2068 783 2096 insidias
808 2071 938 2103 struunt,
958 2070 1004 2098 die

178 2110 312 2139 insidiari
331 2120 387 2139 non
404 2112 542 2140 valentes.
556 2112 676 2144 Quando
690 2113 779 2148 igitur
794 2113 893 2141 lumen
910 2114 1003 2151 magis

176 2156 408 2191 septentrionale
450 2159 505 2189 est,
530 2165 584 2184 sua
622 2157 736 2192 operari
770 2161 930 2193 nequeunt,
975 2162 1004 2187 et

177 2201 294 2236 quando
310 2201 345 2228 ad
372 2201 525 2228 meridiem
549 2201 671 2228 vertitur
687 2204 714 2229 et
731 2202 762 2229 ﬁt
778 2202 862 2238 quasi
892 2203 1002 2232 demis-

1060 902 1159 940 ᾅσμασι
1175 904 1218 931 καὶ
1235 903 1395 941 ἐπᾷσμασιν.

1095 949 1124 977 ε’,
1153 949 1185 977 Ἠ
1202 948 1230 976 δέ
1252 959 1282 986 γε
1308 949 1406 986 μαγεία
1427 947 1619 984 πολυδύναμόν
1646 960 1672 976 τι
1702 953 1802 987 χρῆμα
1827 953 1886 981 τοῖς

1059 992 1194 1028 Ἕλλησιν
1227 991 1319 1028 ἔδοξε.
1350 992 1455 1030 Μερίδα
1482 995 1546 1031 γοῦν
1578 993 1646 1020 εἶναι
1671 994 1772 1029 ταύτην
1803 995 1884 1031 φασὶν

1060 1036 1177 1075 ἐσχάτην
1216 1040 1266 1072 τῆς
1302 1038 1440 1074 ἱερατικῆς
1474 1036 1649 1073 ἐπιστήμης.
1688 1038 1887 1075 Ἀνιχνεύουσα

1059 1082 1111 1120 γὰρ
1134 1084 1188 1109 τῶν
1213 1082 1264 1109 ὑπὸ
1287 1082 1338 1116 τὴν
1360 1081 1478 1117 σελήνην
1504 1083 1612 1109 πάντων
1647 1084 1697 1117 τήν
1726 1093 1756 1110 τε
1789 1083 1885 1110 οὐσίαν

1059 1126 1104 1153 καὶ
1129 1126 1208 1165 φύσιν
1232 1126 1277 1153 καί
1294 1124 1408 1162 δύναμιν
1435 1126 1479 1153 καὶ
1496 1125 1642 1161 ποιότητα,
1667 1125 1742 1164 λέγω
1758 1125 1787 1154 ’δὲ
1811 1137 1887 1155 στοι-

1060 1170 1143 1208 χείων
1169 1170 1214 1198 καὶ
1229 1173 1282 1197 τῶν
1298 1169 1402 1198 τούτων
1419 1173 1518 1207 μερῶν,
1543 1171 1619 1206 ζώων
1635 1181 1664 1198 τε
1689 1170 1887 1207 παντοδαπῶν,

1060 1217 1149 1253 φυτῶν
1169 1214 1214 1242 καὶ
1238 1217 1291 1242 τῶν
1315 1214 1433 1247 ἐντεῦθεν
1458 1217 1590 1253 καρπῶν,
1618 1215 1723 1251 λίθων,
1753 1216 1887 1254 βοτανῶν,

1060 1259 1104 1286 καὶ
1120 1259 1216 1290 ἁπλῶς
1236 1259 1331 1294 εἰπεῖν,
1360 1260 1460 1291 παντὸς
1487 1259 1650 1297 πράγματος
1681 1260 1826 1288 ὁπόστασίν
1858 1271 1887 1287 τε

1059 1303 1104 1330 καὶ
1134 1302 1247 1340 δύναμιν
1266 1325 1273 1337 ,
1304 1302 1423 1331 ὲντεῦθεν
1464 1304 1515 1342 ἄρα
1543 1305 1577 1332 τὰ
1606 1305 1702 1339 ἑαυτῆς
1733 1304 1883 1342 ἐργάζεται.

1060 1347 1219 1385 Ἀγάλματά
1245 1358 1274 1375 τε
1297 1347 1441 1387 ὖφίστησιν
1471 1348 1563 1386 ὑγείας
1594 1350 1790 1386 περιποιητικᾶι
1807 1372 1814 1384 ,
1839 1350 1884 1377 καὶ

1060 1394 1190 1431 σχήματα
1227 1396 1345 1420 ποιεῖται
1383 1392 1552 1429 παντοδαπὰ,
1589 1394 1634 1421 καὶ
1671 1395 1804 1422 νοσοποιὰ
1833 1394 1882 1430 δη-

1062 1439 1254 1475 μιουργήματα
1282 1436 1373 1475 ἕτερα.
1404 1438 1452 1465 Καὶ
1483 1438 1556 1465 ἀετοῖ
1587 1438 1635 1474 μὶν
1664 1439 1709 1466 καὶ
1736 1437 1883 1476 δράκοντες

1061 1482 1195 1520 βιώσιμος
1214 1482 1307 1514 αὐτοῖς
1321 1482 1388 1520 πρὸς
1411 1481 1500 1520 ὑγείαν
1532 1482 1669 1514 ὑπόθεσις
1700 1482 1825 1520 αἴλουροι
1854 1483 1884 1511 δί

1060 1528 1104 1553 καί
1120 1526 1195 1558 κύνες
1209 1527 1253 1554 καὶ
1268 1526 1380 1563 κόρακες
1409 1527 1596 1564 ἀγρυπνητικὰ
1624 1525 1762 1564 σύμϐολα.
1793 1528 1884 1564 Κηρὸς

1063 1569 1091 1598 δὲ
1106 1571 1150 1598 καὶ
1166 1570 1255 1606 πηλὸς
1271 1571 1308 1602 είς
1323 1571 1371 1602 τὰς
1386 1573 1439 1598 τῶν
1467 1571 1568 1608 μορίων
1599 1571 1768 1608 συμπλάσεις
1796 1582 1885 1609 πειρα-

1063 1612 1260 1651 λαμϐάνονται.
1278 1615 1410 1650 Φαντάζει
1425 1614 1454 1642 δὲ
1469 1614 1606 1647 πολλάκις
1622 1615 1667 1643 καὶ
1691 1616 1777 1653 πυρὸς
1803 1616 1887 1654 οὐρα-

1062 1659 1120 1686 νίου
1136 1658 1265 1690 ἐκδόσεις.
1296 1660 1348 1687 Καὶ
1379 1658 1518 1696 διαμειδιᾷ
1547 1660 1594 1696 μὶν
1623 1659 1664 1699 ἐφ’
1680 1661 1781 1688 ἑαυτῶν
1797 1660 1885 1698 ἀγάλ-

1065 1714 1158 1740 ματα,
1193 1704 1258 1742 πυρὶ
1288 1703 1316 1731 δὲ
1346 1703 1492 1741 αὐτομάτῳ
1521 1703 1663 1740 λαμπάδες
1698 1704 1886 1734 ἀνάπτονται.

1063 1748 1242 1786 Ιῐιριᾶζωσται
1259 1747 1288 1776 δὶ
1301 1749 1346 1775 καὶ
1370 1749 1420 1783 τὴν
1448 1749 1629 1785 ἀστρονομίαν
1655 1749 1810 1786 σύμπασαν,
1842 1750 1887 1777 καὶ

1062 1791 1155 1820 πολλὰ
1167 1791 1211 1819 διὰ
1225 1792 1326 1828 ταύτης
1340 1792 1385 1819 καὶ
1403 1791 1512 1820 δύναται
1527 1793 1571 1820 καὶ
1588 1792 1726 1822 ἀποτελεῖ.

1097 1847 1128 1878 ς’.
1155 1844 1267 1883 Κλῃδὼν
1302 1844 1330 1873 δὲ
1359 1845 1414 1873 ἔστι
1443 1845 1580 1883 δαιμόνων
1607 1849 1748 1884 πονηρῶν,
1777 1847 1815 1878 ὡς
1839 1848 1886 1875 καὶ

1061 1891 1128 1919 αὐτὸ
1150 1890 1234 1926 δηλοῖ
1258 1889 1381 1928 τοῦνομα
1409 1890 1588 1928 πρόσκλησις.
1615 1891 1741 1919 Τελεῖται
1771 1890 1800 1919 δὲ
1826 1893 1886 1929 ἄρτι

1060 1936 1228 1973 τρεπομένου
1256 1934 1324 1970 πρός
1355 1936 1432 1963 νότον
1462 1934 1563 1970 ἡλίου,
1592 1936 1636 1963 καὶ
1667 1938 1807 1972 μειοῦντος
1838 1937 1884 1974 μὶν

1060 1981 1175 2018 ἡμέραν,
1204 1981 1253 2015 τήν
1277 1979 1359 2007 νύκτα
1387 1978 1416 2007 δὲ
1440 1979 1612 2014 αὖξάνοντος.
1637 1979 1805 2016 Ἑλληνικῆς
1834 1982 1885 2019 γᾶρ

1060 2024 1116 2052 ἆστι
1133 2023 1212 2059 δόξης
1226 2024 1258 2052 τὸ
1275 2023 1376 2061 μηδένα
1399 2026 1452 2051 τῶν
1480 2024 1583 2052 ἑνύλων
1610 2023 1747 2062 δαιμόνων
1777 2025 1884 2064 θαρρεῖν

1059 2070 1105 2100 τὰς
1120 2071 1167 2096 τοῦ
1187 2068 1271 2103 ἡλίου
1294 2068 1391 2106 αὐγάς.
1416 2072 1510 2101 Ἔνθεν
1535 2079 1578 2097 τοι
1603 2070 1648 2097 καὶ
1673 2069 1884 2108 νυκτιλοχοῦσιν

1058 2115 1138 2150 ἡμῖν,
1170 2113 1256 2151 λοχᾷν
1294 2113 1400 2151 ἡμέρας
1437 2114 1474 2149 μὴ
1504 2112 1682 2151 ἐξισχύοντες.
1711 2116 1767 2143 Τοῦ
1794 2115 1884 2142 τοίνυν

1058 2162 1202 2198 φωπῆρος
1242 2158 1416 2197 βορειοτὲρου
1458 2160 1655 2196 τυγχάνοντος,
1694 2160 1732 2196 μή
1761 2160 1831 2187 πάνυ
1858 2171 1883 2187 τι

1058 2202 1202 2240 δυνάμενοι
1231 2203 1264 2230 τὲ
1291 2204 1392 2231 ἑαυτῶν
1416 2202 1543 2240 ἱνεργεῖν,
1567 2203 1686 2238 ὁπηνίκα
1709 2205 1778 2242 πρὸς
1806 2205 1884 2232 νότον

176 2235 236 2273 sior
250 2245 328 2281 apud
349 2254 402 2273 nos
432 2253 491 2281 aer,
517 2248 587 2273 tunc
613 2254 683 2273 suos
711 2246 838 2282 impetus
854 2249 891 2281 et,
909 2250 942 2275 ut
961 2248 1002 2277 ita

1096 2250 1146 2281 ιπῆ
1162 2247 1206 2275 κοιῖ
1223 2247 1306 2275 οἱονςὶ
1331 2247 1533 2286 κατηφέστατος
1554 2248 1567 2275 ὁ
1594 2248 1657 2286 περὶ
1686 2249 1760 2284 ἡμᾶς
1782 2248 1884 2286 γίνεται

176 2289 272 2318 dicam
289 2289 431 2317 circuitus
457 2298 516 2317 sua:
546 2289 666 2317 malitia:
696 2290 887 2319 manifestant
909 2295 937 2319 et
954 2292 1000 2320 in-

172 2335 267 2363 vocati
297 2335 502 2363 iuvocantibus
518 2336 669 2363 obediunt.
706 2336 740 2363 Et
771 2345 847 2364 nunc
880 2338 999 2373 quidem

173 2380 313 2416 mysteria
320 2380 506 2416 auspicantes
515 2381 648 2408 nesciunt
663 2380 855 2410 invocationis
862 2390 998 2417 carmen;

173 2423 286 2451 utinam
313 2433 465 2460 nunquam
492 2424 632 2452 scierint!
666 2424 748 2460 Ignes
773 2434 840 2453 vero
870 2428 996 2462 quodam

171 2467 280 2495 circulo
310 2468 510 2496 describentes
540 2476 573 2496 ex
602 2468 721 2496 ﬂamma
747 2469 897 2498 exsiliunt.
929 2474 997 2500 Erat

172 2511 244 2539 illud
275 2512 403 2547 antiqua:
435 2512 657 2548 bacchationis,
687 2521 723 2541 ne
751 2514 846 2542 dicam
886 2515 996 2544 furoris

173 2564 251 2591 pars.
268 2555 409 2584 Dicebant
437 2555 516 2583 enim
546 2557 636 2584 Graeci
663 2560 732 2585 tunc
759 2559 911 2588 manifeste
928 2569 994 2589 cum

170 2600 376 2628 invocantibus
405 2600 616 2629 descendentes
641 2603 789 2638 potentias
818 2606 993 2640 conversari,

168 2653 234 2672 cum
252 2653 339 2682 supra
357 2648 445 2681 caput
470 2654 519 2673 aer
548 2646 708 2674 nebulosus
725 2650 802 2676 esset
817 2651 846 2676 et
861 2657 992 2678 crassam

169 2689 290 2718 haberet
318 2690 525 2718 substantiam.
554 2691 687 2719 Circnlus
718 2700 784 2721 vero
819 2693 876 2721 vim
905 2694 994 2723 habet

168 2735 325 2763 retinendi.
365 2735 520 2762 lnvocatus
550 2738 650 2764 autem
680 2736 818 2773 dmmon,
849 2740 991 2774 tanquam

165 2779 408 2816 circumscriptus
436 2779 552 2808 videtur
578 2782 607 2807 et
635 2781 817 2816 continetur,
847 2786 991 2818 quantum

1056 2293 1120 2331 ἀὴρ,
1135 2294 1282 2328 τηνικαῦτα
1297 2291 1489 2330 προεξάλματά
1504 2302 1563 2320 τινα
1585 2293 1641 2328 καὶ,
1672 2292 1758 2324 οὕτως
1784 2293 1882 2328 εἰπεῖν,

1054 2335 1300 2375 προκυλινδήματα
1327 2340 1377 2371 τῆς
1406 2339 1480 2375 σφῶν
1502 2336 1596 2368 κακίας
1620 2337 1781 2376 δμφαίνουσι
1799 2361 1806 2374 ,
1837 2339 1880 2366 καὶ

1054 2382 1219 2418 καλούμενοι
1248 2383 1306 2412 τοῖς
1337 2380 1485 2418 κλήτορσιν
1517 2381 1712 2410 ὑπακούουσιν.
1742 2381 1826 2410 ’Λλλ⁷
1856 2382 1882 2410 οἵ

1052 2437 1084 2464 γε
1113 2429 1158 2454 νῦν
1196 2429 1246 2461 τῆς
1280 2424 1393 2459 τελετῆς
1432 2425 1647 2463 προεξάρχοντες
1680 2427 1730 2460 τήν
1755 2426 1802 2462 μὶν
1831 2431 1881 2462 τῆς

1051 2471 1176 2506 κλήσεως
1214 2470 1263 2497 οὐκ
1305 2468 1390 2497 ἴσασιν
1430 2468 1550 2505 ἐπῳδὴν,
1581 2468 1652 2505 μηδὲ
1677 2469 1773 2498 είδοῖὲν
1800 2481 1878 2499 ποτε·

1051 2515 1123 2554 πυρᾶ
1139 2514 1167 2543 δὲ
1191 2513 1284 2542 πολλὰ
1307 2513 1402 2550 κύκλῳ
1424 2515 1477 2541 τινὶ
1503 2515 1716 2553 περιγράφοντις
1739 2515 1880 2550 ἐξάλονται

1049 2564 1098 2596 τῆς
1114 2559 1230 2599 φλογός.
1249 2559 1300 2588 Ἢν
1324 2557 1352 2586 δὲ
1364 2559 1409 2586 καὶ
1422 2560 1502 2586 τοῦτο
1518 2560 1568 2591 τῆς
1583 2558 1701 2590 παλαιᾶς
1717 2560 1879 2598 βρακχείας,

1047 2604 1093 2632 ’ἱνα
1120 2606 1157 2642 μὴ
1184 2603 1256 2642 λέγω
1281 2603 1378 2640 μανίας
1407 2603 1494 2640 μερίς,
1517 2604 1637 2636 Ἔφασαν
1653 2603 1704 2642 γὰρ
1729 2603 1878 2639 Ἕλληνες,

1049 2648 1229 2687 ὁμιχλώδους
1258 2650 1306 2675 τοῦ
1337 2648 1403 2685 ὑπὲρ
1431 2647 1553 2687 κεφαλὴν
1578 2648 1658 2686 ἀέρος
1691 2650 1877 2686 τυγχάνοντος

1048 2694 1092 2722 καῖ
1116 2696 1233 2731 παχεῖαν
1262 2693 1311 2727 τήν
1338 2692 1462 2720 σύστασιν
1488 2690 1602 2730 ἔχοντος
1619 2715 1626 2728 ,
1656 2693 1704 2724 τὰς
1728 2693 1877 2725 κατιούσας

1048 2739 1176 2776 δυνάμεις
1216 2737 1372 2776 εἲλικρινῶς
1403 2740 1462 2768 τοῖς
1491 2736 1620 2764 καλοῦσιν
1649 2737 1767 2774 ὁμιλεῖν·
1799 2739 1813 2766 ὁ
1845 2738 1875 2767 δέ

1046 2795 1077 2822 γι
1105 2782 1207 2814 κύκλος
1236 2785 1359 2820 κατοχῆς
1380 2781 1438 2820 ἔχει
1467 2780 1592 2818 δύναμιν.
1621 2782 1653 2811 Ὁ
1670 2782 1722 2820 γὰρ
1752 2792 1876 2819 προσκι-
