1948 3056
136 91 198 123 883
805 93 927 123 MICHA
934 91 1018 123 ELIS
1041 92 1176 123 PSELLI
1789 89 1852 119 884

770 239 1214 322 PSELLUS

524 447 890 514 LAPIDUM
955 447 1455 515 VlB'l’UTlBUS

326 567 407 598 CUM
430 565 544 596 NOTlS
567 566 671 596 PHIL.
693 565 775 596 JAC.
800 564 994 596 MAUSSAC!
1017 566 1067 596 ET
1088 565 1198 596 JOAN.
1221 565 1414 596 STEPHANI
1436 563 1651 595 BERNARDL

477 649 626 686 (Lugduni
642 650 829 685 Batavorum,
846 649 922 685 apud
938 649 1106 686 Philippum
1122 650 1211 678 Bonk.
1229 649 1407 684 MDCCXLV,
1423 649 1510 685 in-8.)

290 799 363 830 Viro
377 799 572 829 nobilissimo
587 808 623 829 ac
638 799 849 830 eruditissimo
864 799 1002 829 Arthuro
1018 799 1167 828 Freeman
1184 797 1214 828 S.
1231 799 1267 828 D.
1283 798 1317 827 P.
1334 797 1363 828 J.
1380 797 1488 837 Steph.
1504 796 1692 827 Bernardus.

176 866 213 894 Ut
227 868 256 894 te
271 866 377 901 eligere
402 875 459 894 non
486 866 691 900 dubitaverim,
707 866 752 893 vir
776 866 970 900 nobilissime,
987 866 1072 901 cujus
1097 865 1208 893 nomini
1233 864 1341 892 librum
1367 864 1444 892 hunc
1469 863 1672 897 inscriberem,
1689 863 1769 895 facit,
1785 865 1850 890 tum

142 910 302 947 singularis
317 914 386 938 tuus
402 919 472 947 erga
496 919 542 938 me
567 919 659 943 amor,
676 919 733 946 quo
749 919 795 938 me
818 919 934 946 semper
949 919 980 938 es
995 913 1180 946 prosecutus,
1196 912 1225 938 et
1245 909 1360 937 stabilis
1384 917 1418 936 ac
1443 909 1537 942 ﬁrma,
1554 917 1619 945 qua)
1644 909 1720 936 inter
1735 916 1789 936 nos
1805 907 1852 934 in-

143 955 279 983 tercessit
295 955 495 989 familiaritas;
513 958 576 983 tum
599 955 686 983 etiam
705 955 797 983 mirus
813 957 882 983 tuus
904 964 937 982 ac
961 963 1045 983 rarus
1070 955 1188 982 omnino
1203 954 1232 981 in
1249 953 1361 981 litteras
1380 953 1527 989 politiores
1551 953 1690 989 impetus,
1707 954 1739 980 ut
1763 952 1854 980 hocce

144 1009 213 1028 meas
231 1000 260 1027 in
275 1003 304 1027 te
319 1000 510 1028 observantiae
527 1000 730 1028 testimonium
756 1000 809 1027 tibi
835 1000 912 1027 haud
937 999 1086 1035 ingratum
1104 999 1174 1031 fore,
1191 1007 1249 1025 non
1265 1006 1337 1025 vane
1362 997 1509 1034 colligam.
1527 997 1713 1025 lnhumanus
1729 1005 1854 1033 prorsus

143 1045 257 1072 viderer
271 1047 296 1072 si
312 1044 401 1072 ullam
419 1053 550 1080 unquam
577 1045 759 1072 occasionem
778 1044 942 1080 praeterlabi
960 1044 1099 1077 sinerem,
1117 1052 1175 1079 qua
1198 1043 1250 1070 tibi
1275 1045 1392 1078 gratum
1408 1043 1542 1070 animum
1560 1041 1706 1070 declarare
1722 1049 1852 1076 possem,

142 1089 291 1124 imprimis
307 1098 371 1117 cum
390 1089 532 1125 opusculo
549 1089 617 1117 huic
635 1089 712 1117 tenui
729 1098 762 1116 ac
780 1089 920 1117 levidensi
935 1098 994 1116 non
1018 1097 1122 1124 parum
1148 1087 1314 1124 splendoris
1331 1095 1365 1114 ex
1380 1087 1498 1115 dotibus
1522 1086 1582 1115 tuis
1605 1086 1730 1122 egregiis
1754 1086 1852 1113 conci-

141 1133 240 1161 lietur.
253 1134 344 1162 Hilari
362 1134 481 1166 idcirco,
494 1142 603 1170 quaeso,
618 1134 710 1161 fronte
727 1134 854 1162 Psellum
871 1133 950 1161 hunc
965 1134 1074 1169 excipe,
1086 1132 1163 1168 quod
1180 1132 1251 1159 mihi
1264 1132 1390 1168 quodam
1403 1132 1489 1160 modo
1501 1131 1629 1159 dolorem
1645 1131 1734 1158 istum
1750 1130 1853 1165 leniet,

143 1186 230 1214 quem
247 1179 437 1213 persentisco,
456 1178 504 1206 ubi
521 1179 600 1206 brevi
621 1187 667 1206 me
682 1178 740 1206 ista
754 1178 902 1214 voluptate
918 1178 1062 1214 privatum
1085 1177 1119 1204 iri
1142 1177 1288 1211 recordor,
1304 1184 1393 1212 quam
1409 1184 1443 1203 ex
1457 1175 1638 1203 doctissimis
1652 1175 1712 1203 tuis
1728 1183 1760 1202 ac
1777 1174 1855 1202 mira

142 1222 288 1251 suavitate
302 1223 428 1250 conditis
442 1223 740 1251 sermocinationibus
753 1223 891 1259 percipio.
904 1223 1096 1258 Summopere
1108 1230 1174 1249 vero
1190 1224 1218 1249 te
1232 1229 1310 1257 rogo,
1324 1223 1356 1248 ut
1371 1221 1506 1248 eumdem
1521 1228 1664 1254 amorem,
1675 1227 1762 1255 quem
1780 1218 1854 1246 mihi

143 1267 281 1303 praesenti
298 1269 423 1296 testatus
439 1275 481 1303 es,
497 1268 585 1296 etiam
607 1268 720 1296 absenti
736 1276 850 1296 servare
865 1267 954 1302 velis;
972 1275 1024 1303 ego
1039 1275 1106 1294 vero
1129 1274 1185 1294 non
1209 1266 1312 1302 patiar,
1329 1268 1362 1293 ut
1376 1265 1538 1302 quidquam
1555 1265 1590 1292 de
1605 1264 1736 1292 amicitia
1752 1266 1856 1291 nostra

143 1312 336 1339 imminutum
352 1320 417 1340 esse
432 1311 576 1339 videatur.
592 1311 669 1339 Vale.

178 1356 347 1384 Scribebam
364 1356 498 1392 Lugduni
514 1358 613 1384 Batav.
631 1356 725 1392 pridie
741 1355 863 1384 Kalend.
879 1356 960 1384 Junii
976 1356 1154 1384 MDCGXLV.

283 1486 358 1516 Viro
373 1486 545 1516 clarissimo
562 1485 702 1517 Gilberto
717 1486 882 1517 Gaulmino
899 1487 1045 1526 quaestori
1065 1487 1229 1517 Molinenci
1250 1486 1328 1516 Phil.
1346 1487 1411 1517 Jac.
1429 1485 1607 1516 Maussacus
1623 1484 1656 1514 S.
1672 1485 1710 1514 D.

179 1553 220 1579 En
245 1552 309 1585 tibi,
326 1552 481 1579 Gaulmine
504 1552 549 1579 vir
574 1552 827 1587 prrestantissime,
845 1552 971 1581 Psellum
996 1555 1094 1586 tuum,
1110 1561 1196 1589 quem
1222 1560 1315 1588 nuper
1341 1551 1453 1579 nomini
1476 1554 1537 1582 tuo.
1554 1551 1623 1578 dum
1649 1558 1708 1578 una
1731 1549 1856 1577 Lutetia:

143 1604 329 1624 versaremur
343 1596 502 1624 dicandum
527 1596 752 1624 destinaveram.
772 1597 844 1624 Tum
874 1597 957 1625 illum
975 1598 1039 1625 dico
1055 1606 1111 1625 non
1139 1600 1196 1624 tam
1222 1598 1300 1632 quod
1330 1596 1382 1624 tibi
1407 1605 1441 1624 ex
1466 1595 1675 1632 pollicitatione
1700 1594 1852 1630 debeatur,

144 1649 233 1676 quam
258 1641 328 1676 quia
353 1649 438 1668 nemo
464 1640 570 1669 melius
600 1643 628 1668 te
658 1641 831 1677 dignitatem
847 1642 912 1677 ejus
928 1644 956 1669 et
970 1642 1171 1670 excellentiam
1202 1642 1293 1675 novit,
1309 1642 1398 1676 quod,
1415 1641 1470 1669 etsi
1499 1640 1619 1668 laudum
1648 1639 1853 1673 virtutumque

142 1688 261 1712 tuarum
280 1688 439 1721 perpetuus
465 1694 556 1721 prmco
574 1694 630 1713 non
656 1694 764 1720 essem,
781 1687 938 1722 probarent
963 1689 1060 1714 tamen
1078 1687 1151 1714 satis
1166 1687 1268 1714 breves
1284 1686 1339 1714 illis
1355 1686 1534 1721 eruditaeque
1550 1687 1635 1716 notae,
1652 1692 1726 1720 quas
1751 1683 1853 1719 paucis

144 1730 248 1757 diebus
264 1732 292 1758 et
307 1738 410 1757 omnes
426 1730 510 1757 amici
535 1730 575 1757 tui
602 1731 698 1758 sciunt
721 1731 852 1758 ell'utiisti
879 1731 975 1767 potius
992 1739 1080 1767 quam
1109 1731 1270 1761 meditatus
1285 1739 1316 1758 es
1332 1731 1361 1758 in
1377 1729 1622 1758 obscurissimum
1638 1729 1769 1764 ejusdem
1785 1735 1856 1755 auc-

143 1775 217 1802 toris
231 1775 266 1802 de
282 1775 449 1803 daemonum
466 1775 634 1811 operatione
660 1775 800 1803 libellum.
817 1776 932 1804 Poterat
948 1776 1026 1804 hunc
1043 1776 1160 1812 quidem
1186 1775 1317 1804 amicitia
1332 1778 1434 1803 nostra
1448 1783 1506 1802 non
1521 1773 1688 1811 πρόσκαιρος
1708 1773 1777 1808 jure
1798 1771 1856 1799 sibi

143 1818 292 1846 vindicare
318 1827 324 1846 :
351 1819 400 1846 sed
431 1819 557 1847 eruditio
581 1821 633 1847 tua
657 1828 714 1847 non
735 1819 877 1856 vulgaris,
893 1822 922 1847 et
944 1820 1096 1856 ingenium
1122 1825 1202 1847 extra
1228 1819 1360 1847 omnium
1384 1818 1570 1854 ingeniorum
1599 1817 1694 1845 aleam
1725 1815 1855 1852 positum

145 1866 318 1899 extorquere
336 1863 427 1891 valuit
452 1864 487 1891 ab
514 1864 616 1891 invito.
633 1864 684 1891 Est
708 1864 755 1891 hic
781 1867 892 1898 auctor,
910 1868 941 1892 ut
969 1873 1026 1893 non
1053 1867 1079 1893 tc
1103 1865 1186 1898 latet;
1219 1864 1385 1892 Platonicus
1413 1863 1550 1899 insignis,
1566 1865 1594 1890 et
1608 1863 1657 1898 qui
1674 1870 1707 1890 ex
1725 1860 1858 1897 professo

145 1916 202 1935 non
229 1910 345 1936 tantum
371 1908 521 1936 Platonem
547 1909 680 1936 imitatur
694 1908 869 1944 eloquendo,
884 1910 935 1936 sed
962 1909 1206 1945 philosophando.
1224 1909 1322 1936 Latuit
1350 1912 1446 1936 autem
1476 1907 1621 1935 hactenus
1645 1907 1700 1934 iste
1724 1905 1799 1932 liber
1822 1905 1859 1931 de

145 1952 278 1988 lapidum
302 1952 547 1988 virtutibus,qui,
574 1961 609 1980 ne
635 1954 705 1989 quid
735 1954 944 1981 assentationis
974 1955 1067 1989 gratia
1091 1954 1190 1981 videar
1213 1953 1333 1984 dixisse.
1349 1952 1613 1981 excellentissimus
1643 1953 1698 1983 est,
1725 1952 1754 1978 et
1782 1949 1859 1976 inter

145 1996 308 2033 praecipuos
333 1997 398 2032 ejus
423 1997 537 2024 labores
564 2006 597 2024 ac
621 1998 697 2024 fctus
723 2000 851 2025 meretur
876 1997 1056 2033 prmcipuum
1082 1998 1211 2025 nancisci
1235 1998 1341 2026 locum.
1359 1997 1432 2025 Eum
1458 1997 1515 2024 mei
1539 1995 1635 2032 gratia
1657 1995 1784 2023 Jacobus
1798 1994 1857 2020 Sir-

145 2041 278 2068 mundus
292 2049 307 2068 e
323 2041 462 2068 societate
485 2041 566 2075 Jesu,
583 2041 626 2068 vir
643 2041 713 2068 mihi
739 2041 949 2075 amicissimus,
966 2044 995 2069 et
1010 2041 1056 2069 his
1071 2042 1187 2074 litteris,
1204 2050 1268 2077 quea
1295 2050 1348 2069 nos
1374 2041 1519 2068 humanos
1544 2040 1664 2072 faciunt,
1681 2048 1740 2066 non
1756 2038 1858 2066 leviter

145 2084 266 2118 tinctus,
282 2093 296 2112 e
311 2085 401 2112 veleri
419 2085 548 2120 quodam
569 2085 668 2113 codice
691 2085 857 2121 descripsit,
874 2089 902 2112 et
917 2086 1098 2122 descriptum
1126 2086 1284 2113 liberaliter
1296 2085 1534 2117 communicavit,
1551 2085 1601 2112 sed
1628 2084 1700 2112 adeo
1726 2083 1857 2110 scatebat

147 2129 262 2157 mendis
279 2128 327 2156 ille
351 2129 450 2164 codex,
467 2132 500 2156 ut
515 2129 580 2164 ipsa
595 2130 722 2157 soricina
747 2130 841 2157 mania
858 2133 937 2158 esset
952 2131 1115 2158 confossior
1132 2140 1138 2158 :
1155 2131 1246 2158 tantis
1261 2131 1337 2158 enim
1355 2129 1497 2165 repletum
1523 2129 1577 2156 hoc
1593 2128 1741 2164 exemplar
1755 2127 1856 2155 confu-

147 2173 282 2201 sionibus
314 2173 421 2207 inveni,
439 2175 471 2201 ut
486 2174 621 2209 quamvis
635 2174 670 2201 de
686 2174 833 2209 lapidibus
850 2174 936 2211 longe
952 2175 1027 2203 inter
1053 2183 1083 2203 se
1107 2175 1232 2203 diversis
1263 2178 1330 2211 agat
1358 2176 1468 2208 auctor,
1486 2177 1583 2202 tamen
1600 2174 1670 2209 quia
1697 2172 1857 2208 aliquando

148 2227 212 2254 qua;
228 2218 284 2246 sibi
300 2219 447 2246 contraria
463 2220 547 2246 erant
561 2218 590 2246 in
609 2227 699 2245 unum
717 2219 895 2253 coaluerant,
912 2219 998 2247 nullm
1019 2219 1104 2255 plane
1119 2219 1337 2248 contrarietatis
1362 2222 1434 2247 notua
1459 2221 1644 2255 apparerent.
1658 2218 1798 2253 Magnum
1814 2218 1859 2244 est

147 2263 251 2298 fateor,
265 2263 301 2291 sb
317 2264 466 2291 erroribus
480 2263 529 2298 qui
545 2266 674 2290 veterum
704 2263 792 2290 libros
808 2264 954 2298 obsident,
971 2273 1021 2292 eos
1037 2272 1162 2300 purgare
1177 2267 1205 2292 et
1221 2265 1357 2297 liberare,
1375 2264 1424 2291 sed
1442 2263 1629 2292 confusiones
1651 2262 1758 2298 quibus
1773 2268 1858 2288 mens

148 2308 277 2336 auctoris
292 2308 478 2341 obscuratur,
495 2308 566 2335 ordo
581 2309 611 2335 et
626 2307 717 2335 series
739 2309 833 2343 operis
852 2308 998 2343 turbatur,
1016 2309 1183 2344 similiaque
1208 2311 1340 2335 monstra
1364 2308 1494 2343 domare,
1512 2308 1608 2343 majus
1624 2306 1696 2334 illud
1711 2313 1785 2341 opus
1801 2307 1856 2332 est.

149 2353 229 2385 Quod
246 2355 276 2380 tu
295 2353 383 2388 proba
400 2352 489 2386 nosti,
506 2352 545 2380 mi
570 2352 737 2385 Gaulmine.
753 2352 803 2388 qui
831 2353 859 2380 in
885 2353 952 2381 istis
977 2353 1048 2381 adeo
1074 2362 1104 2381 es
1127 2350 1369 2389 τριϐωνευόμενος,
1387 2355 1419 2380 ut
1434 2361 1448 2380 e
1466 2351 1652 2388 paucissimis
1676 2350 1726 2386 qui
1749 2350 1779 2376 in
1803 2349 1857 2376 hoc

148 2397 230 2424 senio
254 2397 420 2424 litterarum
448 2397 524 2425 idem
550 2397 660 2424 dolium
686 2399 812 2430 versant,
830 2405 886 2425 non
903 2406 1003 2425 verear
1018 2400 1046 2425 te
1062 2398 1223 2434 principem
1247 2397 1436 2432 constituere,
1451 2397 1519 2424 licet
1544 2405 1607 2425 eam
1632 2398 1745 2423 atatem
1761 2394 1858 2422 adhuc

148 2449 206 2468 non
223 2441 366 2476 attigeris,
384 2450 443 2477 qua
468 2442 594 2476 majores
610 2441 746 2468 dicimur.
765 2442 859 2469 Tanto
882 2442 959 2469 enim
978 2443 1085 2477 ingenii
1102 2442 1236 2469 acumine
1252 2441 1355 2477 polles,
1367 2444 1399 2469 ut
1418 2450 1482 2477 quas
1498 2441 1547 2469 alii
1564 2443 1751 2468 assccuturos
1766 2446 1797 2466 se
1812 2438 1858 2465 vix

147 2486 258 2513 audent
281 2486 336 2513 sibi
369 2485 499 2521 polliceri
527 2485 687 2513 multorum
712 2494 856 2514 annorum
873 2487 1030 2520 curriculo,
1047 2490 1074 2514 te
1097 2487 1270 2514 brevissimo
1300 2487 1406 2522 spatio,
1431 2486 1496 2522 ipso
1525 2485 1666 2522 temporis
1698 2486 1807 2519 puncto
1831 2485 1858 2510 et

147 2532 298 2557 momento
313 2538 346 2557 ea
361 2538 418 2557 non
441 2529 535 2557 solum
557 2530 696 2566 attingas,
714 2531 764 2558 sed
781 2534 809 2558 et
823 2531 910 2567 longe
927 2532 1038 2567 maiora
1052 2534 1081 2559 et
1096 2531 1269 2559 difﬁciliora.
1287 2530 1396 2558 Omnes
1419 2531 1507 2558 hodie
1530 2531 1582 2566 qui
1605 2529 1711 2557 litteris
1728 2535 1858 2564 operam.

146 2575 180 2600 ut
194 2574 289 2608 decet,
305 2576 428 2609 navant,
445 2576 474 2601 et
491 2574 705 2602 humanitatem
724 2583 812 2611 quam
831 2576 915 2611 pauci
932 2579 1074 2603 noverunt
1088 2575 1200 2609 colunt,
1217 2575 1259 2602 vel
1275 2575 1311 2602 ad
1328 2575 1458 2610 plurium
1474 2575 1643 2611 linguarum
1660 2572 1858 2609 cognitionem

145 2619 296 2655 pervenire
321 2619 463 2653 gestiunt,
480 2622 512 2647 ut
527 2628 614 2647 omne
638 2629 732 2656 genus
757 2623 908 2648 auctorum
926 2621 1007 2649 bonae
1034 2625 1108 2648 noue
1132 2621 1276 2649 familiare
1301 2620 1357 2648 sibi
1383 2621 1504 2648 reddere
1527 2622 1647 2656 queant,
1663 2623 1687 2647 et
1706 2617 1859 2646 historiam

146 2664 182 2691 ab
203 2671 265 2698 ovo,
284 2666 315 2691 ut
344 2664 462 2697 dicitur,
478 2673 572 2700 usque
602 2666 638 2692 ad
669 2666 756 2701 mala,
773 2666 822 2701 qui
854 2665 976 2693 ultimus
1000 2667 1125 2694 studiosi
1151 2668 1179 2693 et
1204 2665 1348 2701 sapientis
1375 2665 1506 2693 hominis
1535 2673 1642 2701 scopus
1671 2671 1736 2691 esse
1764 2662 1860 2693 debet,

146 2708 361 2744 perfectissime
386 2712 493 2743 tenere,
510 2710 553 2737 vel
581 2711 720 2738 scientias
745 2714 963 2743 consectantur,
986 2711 1201 2746 philosophiam
1227 2711 1303 2745 dico,
1321 2709 1510 2746 theologiam,
1526 2709 1713 2742 medicinam,
1730 2706 1773 2734 vel
1798 2714 1859 2734 ma-

146 2753 322 2782 thematicas
337 2753 522 2789 disciplinas,
539 2757 591 2782 aut
610 2755 690 2789 juris
715 2757 816 2782 artem.
834 2755 941 2783 Eorum
958 2754 1010 2791 qui
1032 2755 1063 2783 in
1079 2756 1271 2784 scientiarum
1287 2754 1452 2790 cognitione
1476 2754 1673 2782 immorantur
1687 2753 1765 2780 bona
1779 2759 1858 2787 pars,
