1948 3056
86 104 154 135 885
583 104 771 136 LlBELLUS
794 103 845 134 DE
866 103 1044 134 LAPIDUM
1066 103 1314 133 VlRTUTlBUS.
1744 100 1804 131 886

86 169 224 206 linguas,
241 169 305 198 sine
321 169 429 206 quibus
446 169 556 197 frustra
570 169 709 206 cupimus
724 170 810 203 scire,
820 169 935 205 ignorat
949 171 978 197 et
992 169 1077 196 bonis
1092 176 1124 196 ac
1140 167 1365 196 humanioribus
1379 167 1485 195 litteris
1499 169 1544 195 est
1559 166 1758 201 destituta,ila
1774 168 1805 194 ut

86 214 124 242 id
142 214 295 242 hominum
320 223 413 250 genus
438 214 548 242 imitari
565 218 592 242 et
607 223 708 242 eorum
723 213 845 250 vestigia
862 222 1002 250 premere,
1018 214 1072 241 hoc
1088 213 1128 241 sit
1143 221 1259 248 semper
1273 212 1346 240 velle
1365 212 1501 240 cascutire
1525 214 1554 239 et
1578 220 1645 239 cum
1670 210 1803 239 barbarie

87 258 215 286 luctari.
233 259 437 295 Reliquorum,
452 267 578 295 quorum
602 258 729 295 pusillus
745 261 789 287 est
805 267 957 290 numerus,
974 258 1050 286 bona
1065 258 1142 285 enim
1167 258 1264 285 mente
1288 256 1374 293 pauci
1398 256 1511 293 praediti
1535 258 1606 284 sunt
1629 256 1659 283 in
1684 255 1802 290 litteris,

87 311 161 339 quae
186 303 328 331 hodierna
357 306 400 331 est
430 304 523 332 nostri
550 303 647 332 seculi
674 303 837 339 supinitas,
854 311 943 331 unum
969 305 996 330 te
1022 302 1098 337 novi,
1113 301 1278 336 Gaulmine,
1294 301 1344 337 qui
1370 300 1467 336 plures
1493 300 1611 334 linguas
1639 299 1758 333 calleas,
1775 302 1804 327 et

87 355 198 376 earum
215 348 374 384 cognitioni
390 348 492 376 sedulo
508 349 640 384 quotidie
661 348 828 376 incumbas.
845 348 948 376 Mirata
962 349 1006 374 est
1022 347 1091 375 olim
1115 346 1244 374 Athenaai
1260 348 1329 374 tetas
1344 354 1432 373 aurea
1447 348 1476 373 et
1488 345 1654 373 cultissima
1668 345 1802 372 homines

87 389 272 429 διγλώττους·
289 393 354 420 vide
378 394 483 422 amabo
508 395 535 421 te
559 393 630 429 quid
657 395 756 420 nostra
781 393 854 420 ferre

1035 391 1084 426 sit,
1101 399 1164 427 quae
1187 391 1283 418 virum
1312 399 1370 418 non
1399 387 1547 427 δίγλωττον
1575 390 1729 424 duntaxat,
1751 389 1801 417 sed

86 436 301 474 πεντάγλωττον
317 437 416 471 habet,
432 447 518 473 quem
537 437 623 473 priori
649 438 691 464 illi
715 437 821 464 saeculo
845 438 984 472 opponat.
1001 439 1039 464 De
1063 438 1091 464 te
1115 436 1229 471 loquor,
1247 434 1411 470 Gaulmine,
1428 443 1514 470 quem
1540 443 1642 462 omnes
1658 434 1709 470 qui
1724 436 1751 461 to
1768 434 1804 461 de

87 481 169 510 facie
185 484 340 516 noverunt,
357 482 455 510 sciunt
475 482 620 510 Arabismi
645 482 888 514 scientissimum,
905 481 1080 516 Hebraismi,
1096 480 1252 515 Turcismi,
1268 480 1304 507 de
1321 478 1430 515 linguis
1449 478 1525 507 enim
1543 480 1641 506 Graeca
1656 481 1684 506 et
1700 478 1804 506 Latina

87 527 165 563 quid
182 527 288 555 attinet
302 527 381 564 loqui
393 529 404 555 Ρ
418 535 485 556 cum
502 527 531 554 in
548 526 589 555 eis
604 529 702 554 tantos
726 527 872 562 profectus
893 527 956 561 jam
972 525 1085 558 feceris,
1103 528 1134 552 ut
1150 525 1233 560 pauci
1258 524 1309 559 qui
1333 527 1428 552 tecum
1455 523 1568 559 possint
1593 523 1757 558 comparari
1773 522 1802 550 in

85 579 196 598 earum
222 571 388 607 cognitione
412 571 572 607 supersint,
588 570 637 606 qui
652 573 680 598 te
694 573 812 606 superet
827 578 921 598 nemo.
939 569 1024 597 Novit
1048 569 1102 596 hoc
1127 569 1216 604 probe
1241 568 1353 603 pridem
1379 570 1500 595 senatus
1525 566 1699 594 Parisiensis
1715 575 1731 594 a
1746 575 1803 602 quo

85 623 160 643 cum
178 616 381 650 prefectursm
398 618 478 643 tuam
502 615 663 649 ambiebas,
679 615 770 642 tantis
785 617 924 642 oneratus
939 622 971 641 es
987 613 1136 645 laudibus,
1153 615 1186 640 ut
1211 613 1240 640 in
1267 612 1495 647 magistratuum
1520 620 1677 639 numerum
1703 614 1804 638 contra

84 667 182 695 quam
198 662 298 687 vetant
312 660 402 694 hujus
418 659 533 695 imperii
558 659 649 695 leges,
665 662 692 687 te
707 659 770 687 sine
794 658 965 694 probatione
979 657 1168 693 cooptaverit.
1185 656 1271 684 Nulla
1286 659 1384 684 autem
1400 664 1501 684 earum
1517 655 1685 692 linguarum
1702 655 1802 683 Orien-

82 704 197 732 talium
214 706 268 737 est,
283 703 328 730 καὶ
342 705 425 731 τοῦτο
442 703 671 740 θαυμαστότατον,
688 712 778 739 quam
804 703 851 731 inti

1032 710 1147 730 menses
1171 702 1335 737 perdiscere
1360 709 1417 728 non
1444 700 1550 736 possis,
1567 700 1728 728 dummodo
1745 700 1801 727 fido

84 748 178 777 liceat
193 749 236 776 uti
264 749 315 776 tibi
341 751 528 785 praeceptore,
545 751 602 776 tam
617 749 714 776 tenaci
730 748 872 776 memoria
893 748 1015 784 gaudes,
1031 749 1114 774 tanta
1137 746 1268 774 discendi
1293 748 1322 774 et
1346 745 1460 773 litteras
1483 745 1629 773 tractandi
1654 744 1802 780 cupidine.

84 792 175 821 Faxit
189 793 266 820 Deus
277 793 327 829 qui
344 801 398 820 nos
413 796 440 820 et
457 796 558 820 nostra
568 793 668 820 omnia
683 794 837 828 temperat,
851 794 884 819 ut
894 791 1050 819 Nestoreos
1061 794 1095 818 ad
1110 790 1150 818 rei
1164 789 1312 817 litterariae
1328 790 1544 817 incrementum
1560 796 1681 824 superes
1697 795 1802 820 annos,

84 839 119 864 et
136 837 220 864 tarda
236 837 275 864 sit
290 837 340 864 illa
361 837 434 871 dies,
450 845 514 873 qum
531 840 558 865 te
573 837 659 864 nobis
671 836 785 873 eripiet.
803 836 880 871 Vale,
896 837 936 863 mi
961 835 1126 866 Gaulmine,
1143 834 1206 862 vive
1222 834 1252 861 in
1268 836 1421 866 aeternum,
1437 834 1465 860 et
1481 833 1588 868 pignus
1604 832 1681 860 istud
1699 831 1803 859 amici-

83 882 139 908 tiae
154 881 184 909 in
200 883 228 909 te
239 884 346 909 nostrae
362 881 559 909 certissimum
575 883 682 917 accipe.
697 881 806 908 Tutare
822 889 875 908 nos
891 881 925 908 ab
942 879 1108 907 invidorum
1126 878 1246 914 linguis,
1259 880 1287 905 et
1302 877 1530 905 tumultuarium
1546 876 1659 903 huncce
1672 876 1802 903 laborem

85 928 228 953 nostrum
244 925 433 954 limatissimo
457 925 575 962 ingenio
591 929 640 953 tuo
656 925 763 961 excole,
780 925 886 961 perﬁce
910 926 998 960 atque
1013 923 1124 951 adorna
1138 922 1216 950 curis
1233 921 1291 949 tuis
1308 930 1314 949 :
1331 929 1396 957 qua:
1411 920 1488 948 enim
1505 928 1558 948 nos
1572 920 1643 948 dum
1659 919 1798 956 procede-

84 969 163 998 bant
178 978 270 1006 opera:
297 970 484 1006 scripsimus,
500 970 735 998 emendationem
759 969 858 1006 potius
872 968 1001 998 auctoris
1016 971 1044 996 et
1060 966 1331 1003 interpretationem
1355 967 1499 1002 spectant,
1513 973 1602 1001 quam
1625 965 1798 993 il.ustratio-

85 1014 214 1043 tionem.
231 1015 340 1043 Iterum
356 1015 431 1043 vale.

128 1059 169 1087 Ex
184 1068 293 1088 musaeo
308 1061 418 1088 nostro.
434 1059 545 1088 Tolosa
561 1059 681 1088 Kalend.
698 1058 889 1095 Septembris.
906 1060 989 1086 Anno
1009 1056 1146 1086 MDCXV.

559 1182 680 1213 Lectori
696 1181 848 1212 benevolo
864 1181 896 1211 S.
913 1182 950 1210 D.
967 1180 996 1211 J.
1015 1179 1124 1219 Steph.
1141 1179 1328 1209 Bernardus.

125 1249 166 1276 De
183 1249 268 1276 Pselli
291 1249 383 1277 nostri
409 1248 469 1276 vita
491 1249 614 1285 ejusque
639 1248 769 1284 scriptis,
785 1256 843 1276 non
860 1250 903 1275 est
919 1247 994 1283 quod
1013 1247 1175 1282 quidquam
1201 1253 1371 1279 memorem,
1388 1245 1525 1274 benevole
1550 1245 1651 1278 lector,
1668 1253 1735 1272 cum
1751 1244 1803 1272 illa

87 1301 155 1329 qua
171 1293 227 1321 huc
243 1296 376 1330 spectant
405 1294 521 1321 abunde
546 1293 682 1328 cognosci
698 1295 805 1328 queant
820 1301 854 1320 ex
871 1292 975 1320 Leonis
992 1291 1086 1319 Allatii
1103 1291 1155 1318 viri
1173 1290 1335 1318 doctissimi
1352 1290 1482 1318 Diatribe
1506 1290 1541 1317 de
1565 1289 1679 1323 Psellis,
1694 1298 1711 1317 a
1726 1289 1785 1317 cele

87 1337 220 1366 berrimo
243 1338 355 1366 Joanne
381 1338 444 1365 Alb.
463 1338 594 1366 Fabricio
610 1339 716 1366 iterum
733 1337 812 1365 edita
833 1342 903 1365 tom.
922 1337 941 1365 V
956 1336 1133 1364 Bibliotheca:
1158 1335 1264 1363 Grzrcw.
1282 1335 1411 1363 Breviter
1435 1336 1548 1362 tantum
1575 1335 1731 1362 recensebo
1753 1333 1804 1361 illa

89 1390 158 1418 quas
174 1383 209 1410 de
225 1382 279 1410 hoc
294 1383 329 1410 de
353 1382 484 1419 lapidum
510 1382 668 1410 virtutibus
691 1382 790 1410 libello
807 1382 954 1409 mouenda
979 1381 1088 1415 habeo;
1106 1384 1167 1408 tum
1184 1381 1271 1408 ctiam
1289 1380 1359 1416 quid
1375 1379 1438 1416 ipse
1462 1380 1496 1408 ad
1523 1388 1625 1407 novam
1650 1379 1726 1406 hanc
1741 1379 1802 1406 edi-

89 1426 204 1454 tionem
221 1427 407 1461 contulerim,
424 1435 577 1463 exponam.
595 1427 708 1454 Primus
724 1427 801 1454 hunc
820 1426 953 1454 libellum
971 1425 1000 1453 in
1018 1426 1112 1453 lucem
1133 1425 1230 1453 emisit
1244 1424 1384 1452 Claudius
1399 1424 1613 1459 Ancantherus,
1633 1426 1664 1451 ut
1679 1426 1804 1451 testatur

92 1470 253 1499 Lindenius
279 1471 316 1499 De
339 1472 450 1507 scriptis
475 1471 555 1505 Μαι,
571 1480 598 1506 ρ.
617 1480 657 1499 m.
672 1472 734 1499 546.
752 1471 944 1499 Nomenclator
959 1473 1147 1502 Gemmarum,
1163 1477 1224 1505 quae
1248 1470 1335 1504 magis
1352 1470 1383 1497 in
1397 1478 1450 1496 usu
1465 1471 1541 1502 sunt,
1557 1477 1619 1496 cum
1643 1468 1800 1496 earumdem

91 1515 251 1549 medicinis,
276 1525 419 1552 nunquam
446 1516 573 1551 antehac,
590 1516 661 1552 quod
688 1517 756 1543 sciri
785 1516 875 1544 adhuc
901 1516 1023 1551 potuerit
1049 1515 1150 1549 editus,
1167 1514 1280 1542 Claudio
1295 1514 1470 1542 Ancanthero
1498 1513 1604 1541 medico
1624 1515 1649 1541 et
1676 1513 1803 1541 Czsareo

91 1561 222 1588 historico
248 1569 283 1589 ea:
308 1560 410 1590 erco.
428 1562 604 1589 Accesserant
619 1562 740 1597 ejusdem
755 1561 929 1589 Ancantheri
947 1562 978 1588 in
994 1560 1068 1588 hunc
1083 1560 1209 1587 libellum
1225 1562 1297 1587 notz
1322 1559 1413 1587 breues
1437 1567 1493 1586 non
1517 1559 1706 1594 infructuosae.
1724 1557 1803 1593 Typis

91 1605 326 1641 Otlhomurianis,
353 1606 433 1639 1594,
458 1605 531 1633 in-8.
557 1605 666 1634 Prediit
690 1606 827 1640 deinceps
851 1614 909 1633 una
934 1614 1000 1633 cum
1030 1605 1186 1633 Plutarcho
1201 1605 1238 1632 De
1261 1605 1425 1639 ﬂuminibus
1448 1612 1519 1631 cura
1549 1603 1675 1639 Philippi
1700 1602 1803 1630 Jacobi

90 1649 249 1680 Maussaci,
266 1651 316 1686 qui
333 1650 444 1686 primus
459 1659 526 1678 eum
542 1653 638 1678 Graece
653 1650 755 1683 edidit,
772 1650 872 1678 addita
886 1650 1018 1678 versione
1034 1653 1062 1677 et
1082 1650 1168 1684 nolis,
1184 1649 1306 1683 Tolosae,
1322 1649 1399 1676 l615.
1417 1648 1491 1676 in-8.
1508 1647 1673 1676 Transtulit
1688 1655 1804 1683 quoque

92 1694 173 1722 hunc
185 1694 272 1722 Pselli
287 1694 420 1722 libellum
442 1694 471 1722 in
495 1695 632 1722 Latinum
662 1697 690 1722 et
715 1694 849 1722 Italicum
875 1702 1041 1722 sermonem
1072 1693 1253 1722 anatomicus
1268 1693 1463 1720 dcxterrimus
1479 1691 1627 1720 Adrianus
1656 1691 1804 1728 Spigelius

94 1739 173 1774 quod
203 1739 290 1767 refert
320 1741 372 1767 Leo
402 1739 527 1767 Allalius
556 1739 585 1767 in
616 1739 742 1767 Diatribe
771 1747 834 1775 cap.
861 1739 906 1772 47,
933 1747 959 1774 p.
984 1739 1029 1766 3t.
1057 1738 1184 1774 Ejusdem
1218 1737 1370 1772 Libellum,
1401 1737 1436 1764 de
1470 1736 1612 1772 Lapidum
1642 1735 1800 1763 virtutibus

92 1783 240 1819 Philippus
267 1783 386 1812 Iacobus
414 1784 569 1812 Maussacus
596 1785 704 1819 primus
733 1784 865 1818 vulgavit,
896 1783 992 1811 Latine
1019 1784 1101 1810 vertit
1128 1785 1153 1810 et
1182 1782 1337 1810 emendavit
1363 1781 1453 1809 editus
1476 1783 1516 1809 est
1546 1781 1648 1809 Tolosae
1671 1779 1761 1807 Graece
1778 1781 1804 1806 et

93 1828 192 1855 Latine
210 1835 284 1855 anno
313 1828 394 1860 1615,
413 1828 439 1855 8.
470 1829 566 1856 Verum
597 1827 725 1856 libellum
755 1827 828 1855 hunc
857 1831 919 1855 ante
944 1827 1115 1855 Maussacum
1143 1827 1240 1854 Latine
1268 1828 1295 1854 et
1323 1826 1417 1853 Italiae
1443 1825 1590 1853 redditum
1620 1825 1654 1852 ab
1683 1824 1806 1852 Adriano

93 1871 215 1907 Spigelio
242 1872 404 1908 philosopho
428 1876 455 1900 et
481 1872 594 1907 medico,
621 1875 647 1899 et
671 1873 811 1908 gymnasii
834 1872 968 1900 Patavini
994 1872 1162 1904 anatomico,
1187 1871 1263 1906 apud
1288 1870 1437 1898 liberalem
1462 1871 1589 1898 Cremam
1613 1868 1806 1904 philosophum

94 1924 128 1944 ac
151 1916 288 1943 medicum
317 1917 492 1944 larvisinum
519 1918 782 1951 przslantissimum
817 1917 973 1944 conservari
1006 1916 1041 1943 ad
1070 1916 1142 1943 hunc
1178 1915 1268 1950 diem,
1305 1915 1421 1950 epistola
1449 1923 1498 1942 sua
1533 1914 1624 1948 mihi,
1661 1914 1806 1949 utriusque

96 1961 306 1996 amicissimus,
334 1961 451 1990 Jacobus
476 1961 624 1997 Philippus
657 1961 833 1988 Tltomasinus
867 1961 1045 1996 signiﬁcavit.
1087 1961 1186 1988 Libelli
1213 1962 1278 1988 item
1311 1960 1438 1987 meminit
1477 1959 1652 1987 (.‘asaubonus
1680 1959 1710 1985 in
1738 1958 1809 1986 AElii

95 2006 244 2042 Spartiani
267 2007 437 2035 Antoninum
463 2006 638 2035 Caraeallam
653 2007 739 2034 notis.
761 2007 795 2034 Et
816 2007 910 2034 Justus
931 2006 1067 2042 Rycquius
1096 2006 1125 2033 in
1151 2006 1235 2040 Epist.
1251 2005 1387 2033 Centurio
1410 2012 1480 2032 nova
1508 2005 1592 2039 Epist.
1608 2004 1653 2037 29,
1671 2004 1702 2031 in.
1726 2003 1807 2031 Sars-

95 2051 158 2086 gica
183 2051 349 2079 bibliotheca
371 2052 445 2079 inter
465 2051 524 2079 alia
547 2051 677 2087 opuscula
699 2052 890 2087 manuscripta
905 2051 985 2078 illum
999 2059 1026 2078 se
1039 2050 1140 2079 vidisse
1161 2051 1257 2086 refert.
1285 2050 1348 2077 Hec
1372 2049 1426 2077 Leo
1451 2048 1574 2076 Allatius
1587 2048 1642 2076 loc.
1660 2048 1709 2075 cit.
1724 2048 1807 2076 Nun-

97 2104 186 2131 quam
202 2104 279 2131 vero,
297 2096 374 2132 quod
400 2096 504 2131 sciam,
519 2095 640 2132 Spigelii
656 2096 749 2124 versio
766 2095 860 2123 lucem
876 2096 998 2131 aspexit.
1015 2095 1054 2123 Ex
1069 2095 1239 2131 apographo
1254 2094 1355 2123 Jacobi
1370 2094 1518 2121 Sirmondi
1543 2101 1574 2121 se
1597 2092 1676 2121 hunc
1695 2092 1804 2120 librum

96 2139 233 2176 vulgasse
250 2140 359 2168 fatetur
382 2140 554 2169 Maussacus
580 2140 610 2168 in
634 2141 759 2177 epistola
782 2140 957 2168 dedicatoria
973 2140 1007 2168 ad
1024 2140 1185 2168 Gilbertum
1202 2139 1405 2167 Gaulminum.
1421 2138 1562 2166 Caeterum
1586 2146 1622 2165 an
1648 2136 1762 2165 Psellus
1778 2139 1806 2165 et

98 2184 234 2219 quisnam
250 2184 306 2212 iste
322 2185 420 2220 luerit,
437 2193 473 2212 an
489 2193 556 2213 vero
572 2184 649 2213 alius
674 2185 764 2220 hujus
789 2184 880 2212 libelli
905 2186 1007 2212 auctor
1022 2184 1198 2213 statuendus
1212 2183 1262 2219 sit,
1278 2182 1416 2218 disquirit
1442 2181 1498 2210 Leo
1523 2181 1644 2209 Allatius
1669 2180 1724 2209 loo.
1741 2181 1804 2215 cit.,

98 2235 163 2263 cap.
183 2229 225 2261 10,
240 2236 268 2264 ρ.
282 2229 309 2256 8.

134 2272 285 2300 Meditanti
301 2281 368 2301 vero
384 2273 457 2301 mihi
473 2274 569 2301 denuo
593 2273 669 2300 hunc
693 2273 824 2300 libellum
840 2273 971 2309 vulgare,
985 2272 1048 2300 sola
1064 2281 1127 2300 sese
1143 2272 1214 2300 mihi
1231 2271 1340 2300 obtulit
1362 2271 1450 2298 editio
1475 2269 1630 2304 Maussaci,
1645 2277 1709 2305 quas
1725 2269 1805 2298 Grae-

99 2325 167 2345 cum
191 2319 303 2345 textum
326 2318 452 2353 sisteret,
469 2326 559 2354 quam
586 2317 648 2346 sola
673 2317 794 2353 proinde
818 2318 901 2353 sequi
927 2317 1032 2348 debui;
1049 2325 1144 2352 neque
1159 2317 1246 2344 etiam
1273 2316 1308 2344 cl.
1325 2314 1501 2343 Ancantheri
1524 2314 1687 2342 versionem
1711 2313 1805 2341 oculis

99 2361 226 2390 lustrare
240 2361 334 2393 licuit,
349 2362 486 2397 quamvis
501 2362 530 2389 id
546 2361 630 2389 valde
655 2364 816 2397 optassem,
832 2360 980 2397 imprimis
995 2369 1062 2388 cum
1087 2361 1258 2388 Maussacus
1273 2368 1346 2387 usus
1359 2359 1397 2386 sit
1412 2358 1511 2386 codice
1535 2357 1630 2385 lacero
1645 2357 1804 2385 admodum

99 2414 133 2434 ac
148 2406 263 2440 mutilo,
281 2415 344 2442 qua:
360 2415 407 2434 res
421 2407 483 2434 viro
498 2406 700 2434 eruditissimo
717 2405 870 2441 imposuit,
888 2409 920 2433 ut
935 2404 1007 2434 miré
1023 2406 1155 2441 qumdam
1181 2405 1243 2432 loca
1258 2403 1437 2440 explicuerit.
1454 2402 1594 2436 Quamvis
1619 2404 1715 2429 autem
1731 2401 1806 2429 nihil

99 2454 204 2490 praeter
219 2451 365 2480 Maussaci
388 2451 546 2479 editionem
574 2451 609 2478 ad
635 2459 741 2478 manus
757 2453 845 2482 esset,
862 2451 938 2486 quod
957 2450 1028 2478 mihi
1046 2450 1150 2478 fuisset
1173 2450 1360 2484 alljumento;
1385 2447 1539 2483 sperabam
1565 2449 1661 2474 tamen
1688 2447 1748 2474 fore
1774 2449 1807 2474 ut

100 2497 230 2526 maculas
246 2497 270 2524 si
286 2505 344 2524 non
358 2504 473 2529 omnes,
489 2495 588 2523 saltim
604 2495 747 2531 plurimas
771 2495 912 2528 eluerem,
928 2495 952 2522 si
974 2495 1142 2530 scriptores,
1158 2494 1208 2530 qui
1223 2494 1324 2522 eodem
1342 2495 1513 2528 argumenlo
1528 2491 1661 2527 occupati
1677 2491 1805 2526 fuerunt,

100 2541 281 2570 consulerem
308 2543 395 2576 atque
421 2539 594 2572 conferrem.
610 2539 687 2574 quod
704 2541 848 2574 quantum
866 2539 937 2566 mihi
955 2539 1098 2574 profuerit
1115 2542 1158 2571 tu,
1175 2539 1282 2571 Lector,
1296 2536 1454 2572 judicabis.
1472 2537 1503 2563 In
1528 2535 1605 2563 notis
1630 2535 1730 2563 studui
1755 2544 1806 2571 po-

100 2585 247 2614 tissimum
272 2593 368 2612 naevos
392 2584 571 2619 abstergere,
587 2583 638 2619 qui
653 2583 754 2611 sensui
769 2584 925 2611 verborum
942 2591 976 2611 ac
992 2583 1120 2610 auctoris
1136 2583 1224 2610 monti
1240 2583 1401 2615 ollicerent,
1417 2589 1450 2608 ac
1476 2581 1523 2608 ubi
1551 2580 1578 2607 id
1602 2589 1660 2607 non
1685 2588 1806 2616 prorsus

101 2627 311 2668 ἀπροσδιόνυσον
327 2628 491 2661 videbatur,
506 2627 572 2655 aliis
586 2635 702 2662 quoque
719 2627 888 2655 auotoribus
904 2627 1033 2664 aliquam
1051 2627 1145 2654 lucem
1168 2627 1318 2654 all‘undere
1332 2625 1436 2661 sategi.
1449 2625 1491 2652 Tu
1507 2633 1573 2653 vero
1588 2624 1619 2652 B.
1635 2625 1666 2652 L.
1683 2626 1806 2652 conatus

102 2675 188 2704 hosce
204 2673 271 2702 boni
289 2672 426 2707 consule;
444 2673 486 2700 sic
502 2672 537 2700 ad
554 2671 638 2708 plura
654 2672 795 2700 tentanda
810 2672 927 2700 animus
943 2672 1017 2700 mihi
1032 2672 1196 2706 adjicietur.
1213 2671 1293 2698 Vale.
