  <div class='ocr_page' id='page_1' title='image "/cluster/home/n/w/nwhite01/storage/ocr_20150623/122/njp.32101077773016/478.png"; bbox 0 0 1951 3054; ppageno 0'>
   <div class='ocr_carea' id='block_1_1' title="bbox 73 101 131 131">
    <p class='ocr_par' dir='ltr' id='par_1_1' title="bbox 73 101 131 131">
     <span class='ocr_line' id='line_1_1' title="bbox 73 101 131 131; baseline 0 -1"><span class='ocrx_word' id='word_1_1' title='bbox 73 101 131 131; x_wconf 83' lang='grc'><strong>901</strong></span> 
     </span>
    </p>
   </div>
   <div class='ocr_carea' id='block_1_2' title="bbox 74 165 288 172">
    <p class='ocr_par' dir='ltr' id='par_1_2' title="bbox 74 165 288 172">
     <span class='ocr_line' id='line_1_2' title="bbox 74 165 288 172; baseline 0 -1"><span class='ocrx_word' id='word_1_2' title='bbox 74 165 288 172; x_wconf 71' lang='lat'><strong>__._.——__</strong></span> 
     </span>
    </p>
   </div>
   <div class='ocr_carea' id='block_1_3' title="bbox 522 98 1338 136">
    <p class='ocr_par' dir='ltr' id='par_1_3' title="bbox 522 98 1338 136">
     <span class='ocr_line' id='line_1_3' title="bbox 522 98 1338 136; baseline -0.002 -7"><span class='ocrx_word' id='word_1_3' title='bbox 522 99 574 129; x_wconf 88' lang='lat' dir='ltr'><strong>DE</strong></span> <span class='ocrx_word' id='word_1_4' title='bbox 597 99 796 130; x_wconf 73' lang='lat' dir='ltr'><strong>GBEGORIO</strong></span> <span class='ocrx_word' id='word_1_5' title='bbox 818 99 1041 135; x_wconf 80' lang='lat' dir='ltr'><strong>THEOLOGO,</strong></span> <span class='ocrx_word' id='word_1_6' title='bbox 1064 98 1229 136; x_wconf 84' lang='lat' dir='ltr'><strong>BASILIO,</strong></span> <span class='ocrx_word' id='word_1_7' title='bbox 1253 99 1338 130; x_wconf 84' lang='lat' dir='ltr'><strong>ETC.</strong></span> 
     </span>
    </p>
   </div>
   <div class='ocr_carea' id='block_1_4' title="bbox 1723 102 1781 133">
    <p class='ocr_par' dir='ltr' id='par_1_4' title="bbox 1723 102 1781 133">
     <span class='ocr_line' id='line_1_4' title="bbox 1723 102 1781 133; baseline -0.034 0"><span class='ocrx_word' id='word_1_8' title='bbox 1723 102 1781 133; x_wconf 77' lang='lat'><strong>902</strong></span> 
     </span>
    </p>
   </div>
   <div class='ocr_carea' id='block_1_5' title="bbox 744 245 1121 293">
    <p class='ocr_par' dir='ltr' id='par_1_5' title="bbox 744 245 1121 293">
     <span class='ocr_line' id='line_1_5' title="bbox 744 245 1121 293; baseline 0 0"><span class='ocrx_word' id='word_1_9' title='bbox 744 245 869 293; x_wconf 91' lang='grc' dir='ltr'><strong>ΤΟΥ</strong></span> <span class='ocrx_word' id='word_1_10' title='bbox 911 245 1121 293; x_wconf 86' lang='grc' dir='ltr'><strong>ΑΥΤΟΥ</strong></span> 
     </span>
    </p>
   </div>
   <div class='ocr_carea' id='block_1_6' title="bbox 538 355 1317 384">
    <p class='ocr_par' dir='ltr' id='par_1_6' title="bbox 538 355 1317 384">
     <span class='ocr_line' id='line_1_6' title="bbox 538 355 1317 384; baseline 0 0"><span class='ocrx_word' id='word_1_11' title='bbox 538 356 771 384; x_wconf 81' lang='grc' dir='ltr'><strong>ΧΑΡΑΚΤΗΡΕΣ</strong></span> <span class='ocrx_word' id='word_1_12' title='bbox 809 355 998 384; x_wconf 79' lang='grc' dir='ltr'><strong>ΓΡΗΓΟΥΙΟΥ</strong></span> <span class='ocrx_word' id='word_1_13' title='bbox 1033 355 1098 383; x_wconf 80' lang='grc' dir='ltr'><strong>ΤΟΥ</strong></span> <span class='ocrx_word' id='word_1_14' title='bbox 1135 355 1317 384; x_wconf 75' lang='grc' dir='ltr'><strong>ΘΕΟΔΟΓΟΥ</strong></span> 
     </span>
    </p>
   </div>
   <div class='ocr_carea' id='block_1_7' title="bbox 697 412 1171 448">
    <p class='ocr_par' dir='ltr' id='par_1_7' title="bbox 697 412 1171 448">
     <span class='ocr_line' id='line_1_7' title="bbox 697 412 1171 448; baseline -0.004 -7"><span class='ocrx_word' id='word_1_15' title='bbox 697 414 763 441; x_wconf 84' lang='grc' dir='ltr'><strong>ΤΟΥ</strong></span> <span class='ocrx_word' id='word_1_16' title='bbox 787 412 952 441; x_wconf 78' lang='grc' dir='ltr'><strong>ΜΕΓΑΛΟΥ</strong></span> <span class='ocrx_word' id='word_1_17' title='bbox 971 413 1171 448; x_wconf 79' lang='grc' dir='ltr'><strong>ΒΑΣΙΛΕΙΟΥ⁹</strong></span> 
     </span>
    </p>
   </div>
   <div class='ocr_carea' id='block_1_8' title="bbox 489 472 1373 507">
    <p class='ocr_par' dir='ltr' id='par_1_8' title="bbox 489 472 1373 507">
     <span class='ocr_line' id='line_1_8' title="bbox 489 472 1373 507; baseline 0 -6"><span class='ocrx_word' id='word_1_18' title='bbox 489 473 558 501; x_wconf 84' lang='grc' dir='ltr'><strong>ΤΟΥ</strong></span> <span class='ocrx_word' id='word_1_19' title='bbox 576 472 839 507; x_wconf 82' lang='grc' dir='ltr'><strong>ΧΡΥΣΟΣΤΟΜΟΥ,</strong></span> <span class='ocrx_word' id='word_1_20' title='bbox 859 474 918 499; x_wconf 81' lang='grc' dir='ltr'><strong>ΚΑΙ</strong></span> <span class='ocrx_word' id='word_1_21' title='bbox 932 472 1120 500; x_wconf 81' lang='grc' dir='ltr'><strong>ΓΡΗΓΟΡΙΟΥ</strong></span> <span class='ocrx_word' id='word_1_22' title='bbox 1139 473 1205 500; x_wconf 85' lang='grc' dir='ltr'><strong>ΤΟΥ</strong></span> <span class='ocrx_word' id='word_1_23' title='bbox 1223 475 1373 502; x_wconf 79' lang='grc' dir='ltr'><strong>ΝΥΣΣΗΣ.</strong></span> 
     </span>
    </p>
   </div>
   <div class='ocr_carea' id='block_1_9' title="bbox 914 574 954 581">
    <p class='ocr_par' dir='ltr' id='par_1_9' title="bbox 914 574 954 581">
     <span class='ocr_line' id='line_1_9' title="bbox 914 574 954 581; baseline -0.025 0"><span class='ocrx_word' id='word_1_24' title='bbox 914 574 954 581; x_wconf 81' lang='grc'><strong>,-</strong></span> 
     </span>
    </p>
   </div>
   <div class='ocr_carea' id='block_1_10' title="bbox 792 651 1075 699">
    <p class='ocr_par' dir='ltr' id='par_1_10' title="bbox 792 651 1075 699">
     <span class='ocr_line' id='line_1_10' title="bbox 792 651 1075 699; baseline -0.007 -1"><span class='ocrx_word' id='word_1_25' title='bbox 792 651 1075 699; x_wconf 90' lang='lat' dir='ltr'><strong>EJUSDEM</strong></span> 
     </span>
    </p>
   </div>
   <div class='ocr_carea' id='block_1_11' title="bbox 570 756 1299 793">
    <p class='ocr_par' dir='ltr' id='par_1_11' title="bbox 570 756 1299 793">
     <span class='ocr_line' id='line_1_11' title="bbox 570 756 1299 793; baseline -0.001 -6"><span class='ocrx_word' id='word_1_26' title='bbox 570 757 617 786; x_wconf 82' lang='lat' dir='ltr'><strong>Gil</strong></span> <span class='ocrx_word' id='word_1_27' title='bbox 624 759 644 787; x_wconf 82' lang='lat' dir='ltr'><strong>A</strong></span> <span class='ocrx_word' id='word_1_28' title='bbox 652 756 856 787; x_wconf 74' lang='lat' dir='ltr'><strong>RACTERES</strong></span> <span class='ocrx_word' id='word_1_29' title='bbox 879 756 1066 787; x_wconf 78' lang='lat' dir='ltr'><strong>GREGOlllI</strong></span> <span class='ocrx_word' id='word_1_30' title='bbox 1088 756 1140 785; x_wconf 80' lang='grc' dir='ltr'><strong>ΤΗ</strong></span> <span class='ocrx_word' id='word_1_31' title='bbox 1147 756 1299 793; x_wconf 81' lang='lat' dir='ltr'><strong>EOLOGI,</strong></span> 
     </span>
    </p>
   </div>
   <div class='ocr_carea' id='block_1_12' title="bbox 782 818 1090 853">
    <p class='ocr_par' dir='ltr' id='par_1_12' title="bbox 782 818 1090 853">
     <span class='ocr_line' id='line_1_12' title="bbox 782 818 1090 853; baseline -0.003 -5"><span class='ocrx_word' id='word_1_32' title='bbox 782 818 925 849; x_wconf 83' lang='lat' dir='ltr'><strong>BASlLIl</strong></span> <span class='ocrx_word' id='word_1_33' title='bbox 950 818 1090 853; x_wconf 76' lang='lat' dir='ltr'><strong>MAGNI,</strong></span> 
     </span>
    </p>
   </div>
   <div class='ocr_carea' id='block_1_13' title="bbox 431 880 1441 913">
    <p class='ocr_par' dir='ltr' id='par_1_13' title="bbox 431 880 1441 913">
     <span class='ocr_line' id='line_1_13' title="bbox 431 880 1441 913; baseline -0.002 0"><span class='ocrx_word' id='word_1_34' title='bbox 431 883 463 912; x_wconf 88' lang='lat' dir='ltr'><strong>S.</strong></span> <span class='ocrx_word' id='word_1_35' title='bbox 487 882 653 913; x_wconf 83' lang='lat' dir='ltr'><strong>JOANNIS</strong></span> <span class='ocrx_word' id='word_1_36' title='bbox 675 880 954 913; x_wconf 77' lang='lat' dir='ltr'><strong>CHRYSOSTOMI</strong></span> <span class='ocrx_word' id='word_1_37' title='bbox 978 881 1028 911; x_wconf 88' lang='lat' dir='ltr'><strong>ET</strong></span> <span class='ocrx_word' id='word_1_38' title='bbox 1050 880 1240 911; x_wconf 77' lang='lat' dir='ltr'><strong>GREGORII</strong></span> <span class='ocrx_word' id='word_1_39' title='bbox 1263 880 1441 911; x_wconf 80' lang='lat' dir='ltr'><strong>NYSSENI.</strong></span> 
     </span>
    </p>
   </div>
   <div class='ocr_carea' id='block_1_14' title="bbox 122 1053 1115 1094">
    <p class='ocr_par' dir='ltr' id='par_1_14' title="bbox 122 1053 1115 1094">
     <span class='ocr_line' id='line_1_14' title="bbox 122 1053 1115 1094; baseline -0.003 -10"><span class='ocrx_word' id='word_1_40' title='bbox 122 1056 155 1084; x_wconf 87' lang='grc' dir='ltr'><strong>α’.</strong></span> <span class='ocrx_word' id='word_1_41' title='bbox 186 1056 354 1094; x_wconf 81' lang='grc' dir='ltr'>’Πρώτησας,</span> <span class='ocrx_word' id='word_1_42' title='bbox 389 1055 542 1093; x_wconf 73' lang='grc' dir='ltr'>λογιώτατε</span> <span class='ocrx_word' id='word_1_43' title='bbox 570 1053 681 1093; x_wconf 75' lang='grc' dir='ltr'>ἀδελφὶ,</span> <span class='ocrx_word' id='word_1_44' title='bbox 705 1053 775 1085; x_wconf 84' lang='grc' dir='ltr'>τίνες</span> <span class='ocrx_word' id='word_1_45' title='bbox 805 1063 835 1081; x_wconf 81' lang='grc' dir='ltr'>τι</span> <span class='ocrx_word' id='word_1_46' title='bbox 862 1054 908 1080; x_wconf 76' lang='grc' dir='ltr'><strong>καὶ</strong></span> <span class='ocrx_word' id='word_1_47' title='bbox 925 1056 952 1090; x_wconf 69' lang='grc' dir='ltr'><strong>Α</strong></span> <span class='ocrx_word' id='word_1_48' title='bbox 1003 1054 1115 1081; x_wconf 77' lang='lat' dir='ltr'><strong>1.1ntei</strong></span> 
     </span>
    </p>
   </div>
   <div class='ocr_carea' id='block_1_15' title="bbox 1003 1053 1792 1094">
    <p class='ocr_par' dir='ltr' id='par_1_15' title="bbox 1003 1053 1792 1092">
     <span class='ocr_line' id='line_1_15' title="bbox 1003 1053 1792 1092; baseline 0.006 -11"><span class='ocrx_word' id='word_1_49' title='bbox 1003 1054 1027 1081; x_wconf 82' lang='lat'><strong>1.</strong></span> <span class='ocrx_word' id='word_1_50' title='bbox 1046 1053 1253 1090; x_wconf 86' lang='lat' dir='ltr'><strong>Interrogastis</strong></span> <span class='ocrx_word' id='word_1_51' title='bbox 1269 1061 1325 1088; x_wconf 86' lang='lat' dir='ltr'><strong>me,</strong></span> <span class='ocrx_word' id='word_1_52' title='bbox 1343 1062 1359 1081; x_wconf 97' lang='lat' dir='ltr'><strong>o</strong></span> <span class='ocrx_word' id='word_1_53' title='bbox 1374 1054 1546 1082; x_wconf 87' lang='lat' dir='ltr'><strong>doctissime</strong></span> <span class='ocrx_word' id='word_1_54' title='bbox 1561 1055 1659 1091; x_wconf 79' lang='lat' dir='ltr'><strong>frater,</strong></span> <span class='ocrx_word' id='word_1_55' title='bbox 1671 1057 1792 1092; x_wconf 81' lang='lat' dir='ltr'><strong>quinam</strong></span> 
     </span>
    </p>
   </div>
   <div class='ocr_carea' id='block_1_16' title="bbox 87 1097 909 1138">
    <p class='ocr_par' dir='ltr' id='par_1_16' title="bbox 87 1097 909 1138">
     <span class='ocr_line' id='line_1_16' title="bbox 87 1097 909 1138; baseline -0.002 -11"><span class='ocrx_word' id='word_1_56' title='bbox 87 1099 169 1128; x_wconf 87' lang='grc' dir='ltr'>πόσοὶ</span> <span class='ocrx_word' id='word_1_57' title='bbox 198 1101 247 1133; x_wconf 84' lang='grc' dir='ltr'>τῆς</span> <span class='ocrx_word' id='word_1_58' title='bbox 275 1098 334 1130; x_wconf 83' lang='grc' dir='ltr'>καθ’</span> <span class='ocrx_word' id='word_1_59' title='bbox 349 1098 423 1134; x_wconf 82' lang='grc' dir='ltr'>ἡμᾶς</span> <span class='ocrx_word' id='word_1_60' title='bbox 447 1098 611 1138; x_wconf 76' lang='grc' dir='ltr'>φλιοσοφίας</span> <span class='ocrx_word' id='word_1_61' title='bbox 640 1097 708 1136; x_wconf 75' lang='grc' dir='ltr'>πρὸς</span> <span class='ocrx_word' id='word_1_62' title='bbox 733 1099 783 1133; x_wconf 70' lang='grc' dir='ltr'>τὴν</span> <span class='ocrx_word' id='word_1_63' title='bbox 807 1097 909 1135; x_wconf 75' lang='grc' dir='ltr'>τέχνην</span> 
     </span>
    </p>
   </div>
   <div class='ocr_carea' id='block_1_17' title="bbox 85 1140 913 1180">
    <p class='ocr_par' dir='ltr' id='par_1_17' title="bbox 85 1140 913 1180">
     <span class='ocr_line' id='line_1_17' title="bbox 85 1140 913 1180; baseline -0.002 -9"><span class='ocrx_word' id='word_1_64' title='bbox 85 1143 151 1175; x_wconf 75' lang='grc' dir='ltr'>τοὺς</span> <span class='ocrx_word' id='word_1_65' title='bbox 167 1143 285 1174; x_wconf 72' lang='grc' dir='ltr'><strong>οἰκείους</strong></span> <span class='ocrx_word' id='word_1_66' title='bbox 309 1141 408 1180; x_wconf 85' lang='grc' dir='ltr'>λόγους</span> <span class='ocrx_word' id='word_1_67' title='bbox 433 1142 571 1178; x_wconf 76' lang='grc' dir='ltr'>ἀπὲξισαν,</span> <span class='ocrx_word' id='word_1_68' title='bbox 589 1143 634 1170; x_wconf 91' lang='grc' dir='ltr'><strong>καὶ</strong></span> <span class='ocrx_word' id='word_1_69' title='bbox 659 1142 684 1170; x_wconf 72' lang='grc' dir='ltr'>εἴ</span> <span class='ocrx_word' id='word_1_70' title='bbox 699 1140 913 1179; x_wconf 77' lang='grc' dir='ltr'>ἀξιολογώτατοι</span> 
     </span>
    </p>
   </div>
   <div class='ocr_carea' id='block_1_18' title="bbox 88 1186 914 1226">
    <p class='ocr_par' dir='ltr' id='par_1_18' title="bbox 88 1186 914 1226">
     <span class='ocr_line' id='line_1_18' title="bbox 88 1186 914 1226; baseline -0.005 -9"><span class='ocrx_word' id='word_1_71' title='bbox 88 1189 141 1218; x_wconf 80' lang='grc' dir='ltr'>εἶσι</span> <span class='ocrx_word' id='word_1_72' title='bbox 166 1191 227 1220; x_wconf 84' lang='grc' dir='ltr'>τοῖς</span> <span class='ocrx_word' id='word_1_73' title='bbox 244 1188 306 1226; x_wconf 72' lang='grc' dir='ltr'>περὶ</span> <span class='ocrx_word' id='word_1_74' title='bbox 330 1188 430 1216; x_wconf 81' lang='grc' dir='ltr'><strong>Λυσίαν</strong></span> <span class='ocrx_word' id='word_1_75' title='bbox 457 1188 503 1215; x_wconf 86' lang='grc' dir='ltr'><strong>καὶ</strong></span> <span class='ocrx_word' id='word_1_76' title='bbox 528 1186 699 1224; x_wconf 80' lang='grc' dir='ltr'>δημοσθὲνην</span> <span class='ocrx_word' id='word_1_77' title='bbox 728 1186 914 1223; x_wconf 86' lang='grc' dir='ltr'>διαμιλληθῆ-</span> 
     </span>
    </p>
   </div>
   <div class='ocr_carea' id='block_1_19' title="bbox 86 1232 913 1272">
    <p class='ocr_par' dir='ltr' id='par_1_19' title="bbox 86 1232 913 1272">
     <span class='ocr_line' id='line_1_19' title="bbox 86 1232 913 1272; baseline -0.005 -9"><span class='ocrx_word' id='word_1_78' title='bbox 86 1245 130 1262; x_wconf 91' lang='grc' dir='ltr'><strong>ναι</strong></span> <span class='ocrx_word' id='word_1_79' title='bbox 147 1237 209 1266; x_wconf 83' lang='grc' dir='ltr'>ταῖς</span> <span class='ocrx_word' id='word_1_80' title='bbox 222 1245 250 1262; x_wconf 77' lang='grc' dir='ltr'><strong>τε</strong></span> <span class='ocrx_word' id='word_1_81' title='bbox 274 1236 476 1272; x_wconf 81' lang='grc' dir='ltr'>πραγματικαῖς</span> <span class='ocrx_word' id='word_1_82' title='bbox 500 1235 678 1264; x_wconf 77' lang='grc' dir='ltr'><strong>κατασκευαῖς</strong></span> <span class='ocrx_word' id='word_1_83' title='bbox 700 1232 745 1260; x_wconf 82' lang='grc' dir='ltr'>καὶ</span> <span class='ocrx_word' id='word_1_84' title='bbox 767 1234 827 1262; x_wconf 85' lang='grc' dir='ltr'>ταῖς</span> <span class='ocrx_word' id='word_1_85' title='bbox 851 1232 913 1267; x_wconf 85' lang='grc' dir='ltr'>ἠθι-</span> 
     </span>
    </p>
   </div>
   <div class='ocr_carea' id='block_1_20' title="bbox 85 1276 913 1315">
    <p class='ocr_par' dir='ltr' id='par_1_20' title="bbox 85 1276 913 1315">
     <span class='ocr_line' id='line_1_20' title="bbox 85 1276 913 1315; baseline -0.006 -7"><span class='ocrx_word' id='word_1_86' title='bbox 85 1282 147 1312; x_wconf 84' lang='grc' dir='ltr'>καῖς</span> <span class='ocrx_word' id='word_1_87' title='bbox 168 1279 330 1314; x_wconf 86' lang='grc' dir='ltr'>πιθανότησι</span> <span class='ocrx_word' id='word_1_88' title='bbox 357 1279 403 1306; x_wconf 78' lang='grc' dir='ltr'><strong>καὶ</strong></span> <span class='ocrx_word' id='word_1_89' title='bbox 427 1280 462 1315; x_wconf 83' lang='grc' dir='ltr'><strong>τῇ</strong></span> <span class='ocrx_word' id='word_1_90' title='bbox 487 1280 541 1305; x_wconf 82' lang='grc' dir='ltr'><strong>τῶν</strong></span> <span class='ocrx_word' id='word_1_91' title='bbox 572 1277 712 1314; x_wconf 78' lang='grc' dir='ltr'><strong>ὀνομάτων</strong></span> <span class='ocrx_word' id='word_1_92' title='bbox 743 1276 846 1313; x_wconf 71' lang='grc' dir='ltr'>ἰκλογῇ</span> <span class='ocrx_word' id='word_1_93' title='bbox 867 1276 913 1303; x_wconf 87' lang='grc' dir='ltr'><strong>καὶ</strong></span> 
     </span>
    </p>
   </div>
   <div class='ocr_carea' id='block_1_21' title="bbox 87 1320 913 1362">
    <p class='ocr_par' dir='ltr' id='par_1_21' title="bbox 87 1320 913 1362">
     <span class='ocr_line' id='line_1_21' title="bbox 87 1320 913 1362; baseline -0.006 -10"><span class='ocrx_word' id='word_1_94' title='bbox 87 1325 221 1362; x_wconf 79' lang='grc' dir='ltr'><strong>συνθήκῃ,</strong></span> <span class='ocrx_word' id='word_1_95' title='bbox 251 1321 290 1352; x_wconf 71' lang='grc' dir='ltr'>ἔτι</span> <span class='ocrx_word' id='word_1_96' title='bbox 320 1323 373 1360; x_wconf 79' lang='grc' dir='ltr'>μὴν</span> <span class='ocrx_word' id='word_1_97' title='bbox 405 1325 464 1353; x_wconf 89' lang='grc' dir='ltr'>τοῖς</span> <span class='ocrx_word' id='word_1_98' title='bbox 492 1321 626 1352; x_wconf 66' lang='grc' dir='ltr'>ἐπιθέτοις</span> <span class='ocrx_word' id='word_1_99' title='bbox 648 1320 763 1358; x_wconf 78' lang='grc' dir='ltr'><strong>κόσμοις</strong></span> <span class='ocrx_word' id='word_1_100' title='bbox 785 1321 830 1348; x_wconf 84' lang='grc' dir='ltr'><strong>καὶ</strong></span> <span class='ocrx_word' id='word_1_101' title='bbox 854 1322 913 1351; x_wconf 82' lang='grc' dir='ltr'>τοῖς</span> 
     </span>
    </p>
   </div>
   <div class='ocr_carea' id='block_1_22' title="bbox 88 1369 390 1407">
    <p class='ocr_par' dir='ltr' id='par_1_22' title="bbox 88 1369 390 1407">
     <span class='ocr_line' id='line_1_22' title="bbox 88 1369 390 1407; baseline -0.007 -10"><span class='ocrx_word' id='word_1_102' title='bbox 88 1371 242 1407; x_wconf 80' lang='grc' dir='ltr'><strong>θεατρικοῖς</strong></span> <span class='ocrx_word' id='word_1_103' title='bbox 254 1369 390 1406; x_wconf 84' lang='grc' dir='ltr'>σχήμασι.</span> 
     </span>
    </p>
   </div>
   <div class='ocr_carea' id='block_1_23' title="bbox 127 1417 913 1461">
    <p class='ocr_par' dir='ltr' id='par_1_23' title="bbox 127 1417 913 1461">
     <span class='ocr_line' id='line_1_23' title="bbox 127 1417 913 1461; baseline -0.008 -10"><span class='ocrx_word' id='word_1_104' title='bbox 127 1423 161 1461; x_wconf 90' lang='grc' dir='ltr'><strong>β’.</strong></span> <span class='ocrx_word' id='word_1_105' title='bbox 177 1423 253 1459; x_wconf 76' lang='grc' dir='ltr'>Φημὶ</span> <span class='ocrx_word' id='word_1_106' title='bbox 270 1423 335 1460; x_wconf 75' lang='grc' dir='ltr'>γοῦν</span> <span class='ocrx_word' id='word_1_107' title='bbox 358 1421 427 1459; x_wconf 88' lang='grc' dir='ltr'>πρὸς</span> <span class='ocrx_word' id='word_1_108' title='bbox 452 1420 466 1448; x_wconf 86' lang='grc' dir='ltr'><strong>’ὸ</strong></span> <span class='ocrx_word' id='word_1_109' title='bbox 491 1419 611 1456; x_wconf 80' lang='grc' dir='ltr'>πυνθάνῃ</span> <span class='ocrx_word' id='word_1_110' title='bbox 630 1418 855 1456; x_wconf 73' lang='grc' dir='ltr'><strong>ἀποκρινόμενος,</strong></span> <span class='ocrx_word' id='word_1_111' title='bbox 872 1417 913 1446; x_wconf 77' lang='grc' dir='ltr'><strong>ὅτι</strong></span> 
     </span>
    </p>
   </div>
   <div class='ocr_carea' id='block_1_24' title="bbox 87 1462 913 1504">
    <p class='ocr_par' dir='ltr' id='par_1_24' title="bbox 87 1462 913 1504">
     <span class='ocr_line' id='line_1_24' title="bbox 87 1462 913 1504; baseline -0.007 -9"><span class='ocrx_word' id='word_1_112' title='bbox 87 1466 176 1499; x_wconf 76' lang='grc' dir='ltr'>πολὺς</span> <span class='ocrx_word' id='word_1_113' title='bbox 196 1467 244 1504; x_wconf 75' lang='grc' dir='ltr'>μὶν</span> <span class='ocrx_word' id='word_1_114' title='bbox 267 1467 313 1494; x_wconf 82' lang='grc' dir='ltr'><strong>καὶ</strong></span> <span class='ocrx_word' id='word_1_115' title='bbox 337 1466 351 1494; x_wconf 81' lang='grc' dir='ltr'><strong>ὁ</strong></span> <span class='ocrx_word' id='word_1_116' title='bbox 382 1465 516 1503; x_wconf 71' lang='grc' dir='ltr'>ἡμέτερος</span> <span class='ocrx_word' id='word_1_117' title='bbox 538 1462 642 1495; x_wconf 74' lang='grc' dir='ltr'>κύκλος</span> <span class='ocrx_word' id='word_1_118' title='bbox 669 1462 766 1491; x_wconf 85' lang='grc' dir='ltr'>ὁπόσοι</span> <span class='ocrx_word' id='word_1_119' title='bbox 792 1463 841 1498; x_wconf 80' lang='grc' dir='ltr'><strong>τήν</strong></span> <span class='ocrx_word' id='word_1_120' title='bbox 869 1462 913 1490; x_wconf 80' lang='grc' dir='ltr'><strong>εὐ-</strong></span> 
     </span>
    </p>
   </div>
   <div class='ocr_carea' id='block_1_25' title="bbox 87 1506 912 1550">
    <p class='ocr_par' dir='ltr' id='par_1_25' title="bbox 87 1506 912 1550">
     <span class='ocr_line' id='line_1_25' title="bbox 87 1506 912 1550; baseline -0.007 -10"><span class='ocrx_word' id='word_1_121' title='bbox 87 1512 225 1550; x_wconf 87' lang='grc' dir='ltr'>γλωττίαν</span> <span class='ocrx_word' id='word_1_122' title='bbox 257 1509 397 1547; x_wconf 79' lang='grc' dir='ltr'><strong>ἐζήλωσαν</strong></span> <span class='ocrx_word' id='word_1_123' title='bbox 415 1519 421 1526; x_wconf 94' lang='grc'><strong>·</strong></span> <span class='ocrx_word' id='word_1_124' title='bbox 455 1509 584 1546; x_wconf 72' lang='grc' dir='ltr'>τέσσαρας</span> <span class='ocrx_word' id='word_1_125' title='bbox 619 1507 648 1535; x_wconf 70' lang='grc' dir='ltr'><strong>εὶ</strong></span> <span class='ocrx_word' id='word_1_126' title='bbox 675 1509 723 1535; x_wconf 76' lang='grc' dir='ltr'><strong>τοῦ</strong></span> <span class='ocrx_word' id='word_1_127' title='bbox 756 1506 912 1544; x_wconf 75' lang='grc' dir='ltr'><strong>σύμπαντος</strong></span> 
     </span>
    </p>
   </div>
   <div class='ocr_carea' id='block_1_26' title="bbox 89 1551 913 1595">
    <p class='ocr_par' dir='ltr' id='par_1_26' title="bbox 89 1551 913 1595">
     <span class='ocr_line' id='line_1_26' title="bbox 89 1551 913 1595; baseline -0.006 -11"><span class='ocrx_word' id='word_1_128' title='bbox 89 1559 179 1595; x_wconf 74' lang='grc' dir='ltr'>χοροῦ</span> <span class='ocrx_word' id='word_1_129' title='bbox 190 1555 287 1592; x_wconf 79' lang='grc' dir='ltr'>τίθημι</span> <span class='ocrx_word' id='word_1_130' title='bbox 311 1553 476 1593; x_wconf 83' lang='grc' dir='ltr'>κορυφαίους</span> <span class='ocrx_word' id='word_1_131' title='bbox 488 1564 494 1571; x_wconf 87' lang='grc'><strong>·</strong></span> <span class='ocrx_word' id='word_1_132' title='bbox 520 1553 570 1587; x_wconf 76' lang='grc' dir='ltr'>τὴν</span> <span class='ocrx_word' id='word_1_133' title='bbox 601 1551 739 1590; x_wconf 76' lang='grc' dir='ltr'><strong>σάλπιγγα</strong></span> <span class='ocrx_word' id='word_1_134' title='bbox 752 1555 802 1586; x_wconf 89' lang='grc' dir='ltr'><strong>τῆς</strong></span> <span class='ocrx_word' id='word_1_135' title='bbox 819 1551 913 1584; x_wconf 73' lang='grc' dir='ltr'>θεολο-</span> 
     </span>
    </p>
   </div>
   <div class='ocr_carea' id='block_1_27' title="bbox 88 1595 914 1638">
    <p class='ocr_par' dir='ltr' id='par_1_27' title="bbox 88 1595 914 1638">
     <span class='ocr_line' id='line_1_27' title="bbox 88 1595 914 1638; baseline -0.008 -9"><span class='ocrx_word' id='word_1_136' title='bbox 88 1601 151 1638; x_wconf 88' lang='grc' dir='ltr'>γίας</span> <span class='ocrx_word' id='word_1_137' title='bbox 181 1600 344 1638; x_wconf 81' lang='grc' dir='ltr'>Γρηγόριον,</span> <span class='ocrx_word' id='word_1_138' title='bbox 367 1598 411 1627; x_wconf 82' lang='grc' dir='ltr'><strong>καὶ</strong></span> <span class='ocrx_word' id='word_1_139' title='bbox 440 1598 486 1626; x_wconf 85' lang='grc' dir='ltr'><strong>τὸν</strong></span> <span class='ocrx_word' id='word_1_140' title='bbox 515 1598 621 1634; x_wconf 72' lang='grc' dir='ltr'>ἑταῖρον</span> <span class='ocrx_word' id='word_1_141' title='bbox 651 1596 695 1624; x_wconf 78' lang='grc' dir='ltr'><strong>καὶ</strong></span> <span class='ocrx_word' id='word_1_142' title='bbox 727 1595 812 1633; x_wconf 71' lang='grc' dir='ltr'>μέγαν</span> <span class='ocrx_word' id='word_1_143' title='bbox 835 1596 914 1624; x_wconf 68' lang='lat' dir='ltr'><strong>But-</strong></span> 
     </span>
    </p>
   </div>
   <div class='ocr_carea' id='block_1_28' title="bbox 90 1640 916 1681">
    <p class='ocr_par' dir='ltr' id='par_1_28' title="bbox 90 1640 916 1681">
     <span class='ocr_line' id='line_1_28' title="bbox 90 1640 916 1681; baseline -0.007 -8"><span class='ocrx_word' id='word_1_144' title='bbox 90 1645 179 1681; x_wconf 79' lang='grc' dir='ltr'><strong>λειονΙ</strong></span> <span class='ocrx_word' id='word_1_145' title='bbox 196 1645 239 1672; x_wconf 86' lang='grc' dir='ltr'><strong>καὶ</strong></span> <span class='ocrx_word' id='word_1_146' title='bbox 256 1645 301 1672; x_wconf 88' lang='grc' dir='ltr'><strong>τὸν</strong></span> <span class='ocrx_word' id='word_1_147' title='bbox 318 1643 348 1671; x_wconf 77' lang='grc' dir='ltr'>ἐκ</span> <span class='ocrx_word' id='word_1_148' title='bbox 370 1646 424 1671; x_wconf 83' lang='grc' dir='ltr'>τῶν</span> <span class='ocrx_word' id='word_1_149' title='bbox 451 1643 540 1670; x_wconf 81' lang='grc' dir='ltr'>αὐτῶν</span> <span class='ocrx_word' id='word_1_150' title='bbox 566 1642 726 1680; x_wconf 74' lang='grc' dir='ltr'>σπερμάτων</span> <span class='ocrx_word' id='word_1_151' title='bbox 743 1641 816 1676; x_wconf 83' lang='grc' dir='ltr'><strong>αὖτῷ</strong></span> <span class='ocrx_word' id='word_1_152' title='bbox 831 1640 916 1680; x_wconf 77' lang='grc' dir='ltr'>φύντα</span> 
     </span>
    </p>
   </div>
   <div class='ocr_carea' id='block_1_29' title="bbox 91 1685 914 1728">
    <p class='ocr_par' dir='ltr' id='par_1_29' title="bbox 91 1685 914 1728">
     <span class='ocr_line' id='line_1_29' title="bbox 91 1685 914 1728; baseline -0.007 -10"><span class='ocrx_word' id='word_1_153' title='bbox 91 1689 256 1728; x_wconf 79' lang='grc' dir='ltr'>Γρηγόριον,</span> <span class='ocrx_word' id='word_1_154' title='bbox 285 1688 330 1716; x_wconf 80' lang='grc' dir='ltr'><strong>καὶ</strong></span> <span class='ocrx_word' id='word_1_155' title='bbox 358 1689 407 1723; x_wconf 70' lang='grc' dir='ltr'>τὴν</span> <span class='ocrx_word' id='word_1_156' title='bbox 435 1689 540 1725; x_wconf 80' lang='grc' dir='ltr'>χρυσῆν</span> <span class='ocrx_word' id='word_1_157' title='bbox 569 1685 653 1724; x_wconf 74' lang='grc' dir='ltr'>λύραν</span> <span class='ocrx_word' id='word_1_158' title='bbox 675 1688 723 1713; x_wconf 79' lang='grc' dir='ltr'>τοῦ</span> <span class='ocrx_word' id='word_1_159' title='bbox 748 1686 914 1721; x_wconf 55' lang='lat' dir='ltr'><strong>nmme</strong></span> 
     </span>
    </p>
   </div>
   <div class='ocr_carea' id='block_1_30' title="bbox 967 1098 1792 1136">
    <p class='ocr_par' dir='ltr' id='par_1_30' title="bbox 967 1098 1792 1136">
     <span class='ocr_line' id='line_1_30' title="bbox 967 1098 1792 1136; baseline 0.005 -10"><span class='ocrx_word' id='word_1_160' title='bbox 967 1100 995 1126; x_wconf 89' lang='lat' dir='ltr'><strong>et</strong></span> <span class='ocrx_word' id='word_1_161' title='bbox 1010 1100 1081 1134; x_wconf 90' lang='lat' dir='ltr'><strong>quot</strong></span> <span class='ocrx_word' id='word_1_162' title='bbox 1096 1098 1173 1126; x_wconf 88' lang='lat' dir='ltr'><strong>inter</strong></span> <span class='ocrx_word' id='word_1_163' title='bbox 1197 1099 1313 1126; x_wconf 80' lang='lat' dir='ltr'><strong>nostros</strong></span> <span class='ocrx_word' id='word_1_164' title='bbox 1338 1098 1488 1134; x_wconf 78' lang='lat' dir='ltr'><strong>sapientes</strong></span> <span class='ocrx_word' id='word_1_165' title='bbox 1508 1099 1543 1127; x_wconf 83' lang='lat' dir='ltr'><strong>ad</strong></span> <span class='ocrx_word' id='word_1_166' title='bbox 1567 1100 1699 1136; x_wconf 85' lang='lat' dir='ltr'><strong>regulam</strong></span> <span class='ocrx_word' id='word_1_167' title='bbox 1721 1101 1792 1130; x_wconf 84' lang='lat' dir='ltr'><strong>artis</strong></span> 
     </span>
    </p>
   </div>
   <div class='ocr_carea' id='block_1_31' title="bbox 968 1142 1792 1181">
    <p class='ocr_par' dir='ltr' id='par_1_31' title="bbox 968 1142 1792 1181">
     <span class='ocr_line' id='line_1_31' title="bbox 968 1142 1792 1181; baseline 0.005 -11"><span class='ocrx_word' id='word_1_168' title='bbox 968 1151 1038 1171; x_wconf 90' lang='lat' dir='ltr'><strong>suas</strong></span> <span class='ocrx_word' id='word_1_169' title='bbox 1054 1142 1201 1170; x_wconf 84' lang='lat' dir='ltr'><strong>orationes</strong></span> <span class='ocrx_word' id='word_1_170' title='bbox 1217 1142 1382 1178; x_wconf 90' lang='lat' dir='ltr'><strong>poliverint,</strong></span> <span class='ocrx_word' id='word_1_171' title='bbox 1402 1145 1431 1171; x_wconf 87' lang='lat' dir='ltr'><strong>et</strong></span> <span class='ocrx_word' id='word_1_172' title='bbox 1456 1151 1527 1171; x_wconf 92' lang='lat' dir='ltr'><strong>num</strong></span> <span class='ocrx_word' id='word_1_173' title='bbox 1552 1143 1634 1180; x_wconf 84' lang='lat' dir='ltr'><strong>digni</strong></span> <span class='ocrx_word' id='word_1_174' title='bbox 1658 1145 1718 1173; x_wconf 89' lang='lat' dir='ltr'><strong>sint</strong></span> <span class='ocrx_word' id='word_1_175' title='bbox 1741 1146 1792 1181; x_wconf 86' lang='lat' dir='ltr'><strong>qui</strong></span> 
     </span>
    </p>
   </div>
   <div class='ocr_carea' id='block_1_32' title="bbox 969 1187 1793 1222">
    <p class='ocr_par' dir='ltr' id='par_1_32' title="bbox 969 1187 1793 1222">
     <span class='ocr_line' id='line_1_32' title="bbox 969 1187 1793 1222; baseline 0.004 -7"><span class='ocrx_word' id='word_1_176' title='bbox 969 1187 1060 1222; x_wconf 70' lang='lat' dir='ltr'><strong>Lysias</strong></span> <span class='ocrx_word' id='word_1_177' title='bbox 1080 1189 1109 1214; x_wconf 88' lang='lat' dir='ltr'><strong>et</strong></span> <span class='ocrx_word' id='word_1_178' title='bbox 1132 1187 1321 1214; x_wconf 82' lang='lat' dir='ltr'><strong>Demostheni</strong></span> <span class='ocrx_word' id='word_1_179' title='bbox 1350 1187 1539 1215; x_wconf 79' lang='lat' dir='ltr'><strong>conferantur</strong></span> <span class='ocrx_word' id='word_1_180' title='bbox 1569 1191 1629 1216; x_wconf 90' lang='lat' dir='ltr'><strong>tum</strong></span> <span class='ocrx_word' id='word_1_181' title='bbox 1659 1189 1793 1218; x_wconf 86' lang='lat' dir='ltr'><strong>studioso</strong></span> 
     </span>
    </p>
   </div>
   <div class='ocr_carea' id='block_1_33' title="bbox 968 1230 1791 1268">
    <p class='ocr_par' dir='ltr' id='par_1_33' title="bbox 968 1230 1791 1268">
     <span class='ocr_line' id='line_1_33' title="bbox 968 1230 1791 1268; baseline 0.006 -10"><span class='ocrx_word' id='word_1_182' title='bbox 968 1234 1110 1267; x_wconf 78' lang='lat' dir='ltr'><strong>apparatu</strong></span> <span class='ocrx_word' id='word_1_183' title='bbox 1127 1233 1156 1259; x_wconf 89' lang='lat' dir='ltr'><strong>et</strong></span> <span class='ocrx_word' id='word_1_184' title='bbox 1171 1230 1334 1259; x_wconf 79' lang='lat' dir='ltr'><strong>moralibus</strong></span> <span class='ocrx_word' id='word_1_185' title='bbox 1357 1232 1521 1268; x_wconf 71' lang='lat' dir='ltr'><strong>affectibus,</strong></span> <span class='ocrx_word' id='word_1_186' title='bbox 1545 1235 1610 1261; x_wconf 92' lang='lat' dir='ltr'><strong>tum</strong></span> <span class='ocrx_word' id='word_1_187' title='bbox 1637 1235 1791 1263; x_wconf 86' lang='lat' dir='ltr'><strong>nominum</strong></span> 
     </span>
    </p>
   </div>
   <div class='ocr_carea' id='block_1_34' title="bbox 968 1275 1792 1310">
    <p class='ocr_par' dir='ltr' id='par_1_34' title="bbox 968 1275 1792 1310">
     <span class='ocr_line' id='line_1_34' title="bbox 968 1275 1792 1310; baseline 0.005 -7"><span class='ocrx_word' id='word_1_188' title='bbox 968 1275 1081 1304; x_wconf 88' lang='lat' dir='ltr'><strong>delectu</strong></span> <span class='ocrx_word' id='word_1_189' title='bbox 1097 1277 1126 1303; x_wconf 87' lang='lat' dir='ltr'><strong>et</strong></span> <span class='ocrx_word' id='word_1_190' title='bbox 1139 1275 1358 1310; x_wconf 79' lang='lat' dir='ltr'><strong>compositione,</strong></span> <span class='ocrx_word' id='word_1_191' title='bbox 1374 1278 1437 1304; x_wconf 87' lang='lat' dir='ltr'><strong>tum</strong></span> <span class='ocrx_word' id='word_1_192' title='bbox 1451 1277 1540 1305; x_wconf 86' lang='lat' dir='ltr'><strong>etiam</strong></span> <span class='ocrx_word' id='word_1_193' title='bbox 1563 1278 1663 1306; x_wconf 86' lang='lat' dir='ltr'><strong>addito</strong></span> <span class='ocrx_word' id='word_1_194' title='bbox 1687 1281 1792 1307; x_wconf 81' lang='lat' dir='ltr'><strong>ornatu</strong></span> 
     </span>
    </p>
   </div>
   <div class='ocr_carea' id='block_1_35' title="bbox 969 1320 1294 1348">
    <p class='ocr_par' dir='ltr' id='par_1_35' title="bbox 969 1320 1294 1348">
     <span class='ocr_line' id='line_1_35' title="bbox 969 1320 1294 1348; baseline -0.003 0"><span class='ocrx_word' id='word_1_195' title='bbox 969 1322 998 1348; x_wconf 88' lang='lat' dir='ltr'><strong>et</strong></span> <span class='ocrx_word' id='word_1_196' title='bbox 1012 1320 1165 1348; x_wconf 88' lang='lat' dir='ltr'><strong>concinnis</strong></span> <span class='ocrx_word' id='word_1_197' title='bbox 1182 1320 1294 1348; x_wconf 81' lang='lat' dir='ltr'><strong>formis.</strong></span> 
     </span>
    </p>
   </div>
   <div class='ocr_carea' id='block_1_36' title="bbox 1003 1419 1792 1457">
    <p class='ocr_par' dir='ltr' id='par_1_36' title="bbox 1003 1419 1792 1457">
     <span class='ocr_line' id='line_1_36' title="bbox 1003 1419 1792 1457; baseline 0.006 -11"><span class='ocrx_word' id='word_1_198' title='bbox 1003 1419 1030 1446; x_wconf 88' lang='lat'><strong>2.</strong></span> <span class='ocrx_word' id='word_1_199' title='bbox 1045 1419 1089 1447; x_wconf 83' lang='lat' dir='ltr'><strong>Ad</strong></span> <span class='ocrx_word' id='word_1_200' title='bbox 1106 1427 1140 1447; x_wconf 85' lang='lat' dir='ltr'><strong>ea</strong></span> <span class='ocrx_word' id='word_1_201' title='bbox 1153 1427 1219 1456; x_wconf 75' lang='lat' dir='ltr'><strong>quae</strong></span> <span class='ocrx_word' id='word_1_202' title='bbox 1235 1427 1281 1447; x_wconf 84' lang='lat' dir='ltr'><strong>me</strong></span> <span class='ocrx_word' id='word_1_203' title='bbox 1297 1420 1462 1456; x_wconf 78' lang='lat' dir='ltr'><strong>interrogas</strong></span> <span class='ocrx_word' id='word_1_204' title='bbox 1476 1422 1639 1457; x_wconf 80' lang='lat' dir='ltr'><strong>respondeo</strong></span> <span class='ocrx_word' id='word_1_205' title='bbox 1665 1422 1792 1451; x_wconf 87' lang='lat' dir='ltr'><strong>multum</strong></span> 
     </span>
    </p>
   </div>
   <div class='ocr_carea' id='block_1_37' title="bbox 970 1463 1794 1503">
    <p class='ocr_par' dir='ltr' id='par_1_37' title="bbox 970 1463 1794 1503">
     <span class='ocr_line' id='line_1_37' title="bbox 970 1463 1794 1503; baseline 0.006 -12"><span class='ocrx_word' id='word_1_206' title='bbox 970 1471 1034 1492; x_wconf 88' lang='lat' dir='ltr'><strong>esse</strong></span> <span class='ocrx_word' id='word_1_207' title='bbox 1049 1466 1217 1492; x_wconf 87' lang='lat' dir='ltr'><strong>nostrorum</strong></span> <span class='ocrx_word' id='word_1_208' title='bbox 1232 1463 1375 1492; x_wconf 91' lang='lat' dir='ltr'><strong>circulum</strong></span> <span class='ocrx_word' id='word_1_209' title='bbox 1391 1465 1442 1500; x_wconf 90' lang='lat' dir='ltr'><strong>qui</strong></span> <span class='ocrx_word' id='word_1_210' title='bbox 1456 1465 1624 1502; x_wconf 87' lang='lat' dir='ltr'><strong>eloquentia</strong></span> <span class='ocrx_word' id='word_1_211' title='bbox 1647 1467 1794 1503; x_wconf 63' lang='lat' dir='ltr'><strong>praestite-</strong></span> 
     </span>
    </p>
   </div>
   <div class='ocr_carea' id='block_1_38' title="bbox 969 1508 1792 1547">
    <p class='ocr_par' dir='ltr' id='par_1_38' title="bbox 969 1508 1792 1547">
     <span class='ocr_line' id='line_1_38' title="bbox 969 1508 1792 1547; baseline 0.005 -11"><span class='ocrx_word' id='word_1_212' title='bbox 969 1510 1049 1542; x_wconf 86' lang='lat' dir='ltr'><strong>runt;</strong></span> <span class='ocrx_word' id='word_1_213' title='bbox 1067 1510 1193 1544; x_wconf 75' lang='lat' dir='ltr'><strong>quatuor</strong></span> <span class='ocrx_word' id='word_1_214' title='bbox 1202 1510 1301 1536; x_wconf 86' lang='lat' dir='ltr'><strong>autem</strong></span> <span class='ocrx_word' id='word_1_215' title='bbox 1312 1508 1401 1544; x_wconf 82' lang='lat' dir='ltr'><strong>hujus</strong></span> <span class='ocrx_word' id='word_1_216' title='bbox 1411 1509 1491 1538; x_wconf 88' lang='lat' dir='ltr'><strong>chori</strong></span> <span class='ocrx_word' id='word_1_217' title='bbox 1503 1510 1671 1547; x_wconf 76' lang='lat' dir='ltr'><strong>coryphaeos</strong></span> <span class='ocrx_word' id='word_1_218' title='bbox 1683 1514 1792 1540; x_wconf 81' lang='lat' dir='ltr'><strong>statuo:</strong></span> 
     </span>
    </p>
   </div>
   <div class='ocr_carea' id='block_1_39' title="bbox 969 1552 1793 1592">
    <p class='ocr_par' dir='ltr' id='par_1_39' title="bbox 969 1552 1793 1592">
     <span class='ocr_line' id='line_1_39' title="bbox 969 1552 1793 1592; baseline 0.005 -11"><span class='ocrx_word' id='word_1_219' title='bbox 969 1552 1121 1588; x_wconf 73' lang='lat' dir='ltr'><strong>theologica</strong></span> <span class='ocrx_word' id='word_1_220' title='bbox 1128 1552 1405 1589; x_wconf 85' lang='lat' dir='ltr'><strong>tubamGregorium</strong></span> <span class='ocrx_word' id='word_1_221' title='bbox 1413 1554 1573 1582; x_wconf 88' lang='lat' dir='ltr'><strong>etamicum</strong></span> <span class='ocrx_word' id='word_1_222' title='bbox 1581 1556 1645 1591; x_wconf 83' lang='lat' dir='ltr'><strong>ejus</strong></span> <span class='ocrx_word' id='word_1_223' title='bbox 1652 1564 1793 1592; x_wconf 82' lang='lat' dir='ltr'><strong>magnum</strong></span> 
     </span>
    </p>
   </div>
   <div class='ocr_carea' id='block_1_40' title="bbox 970 1598 1795 1636">
    <p class='ocr_par' dir='ltr' id='par_1_40' title="bbox 970 1598 1795 1636">
     <span class='ocr_line' id='line_1_40' title="bbox 970 1598 1795 1636; baseline 0.006 -11"><span class='ocrx_word' id='word_1_224' title='bbox 970 1598 1121 1631; x_wconf 86' lang='lat' dir='ltr'><strong>Basilium,</strong></span> <span class='ocrx_word' id='word_1_225' title='bbox 1134 1601 1163 1626; x_wconf 91' lang='lat' dir='ltr'><strong>et</strong></span> <span class='ocrx_word' id='word_1_226' title='bbox 1178 1607 1245 1627; x_wconf 92' lang='lat' dir='ltr'><strong>eum</strong></span> <span class='ocrx_word' id='word_1_227' title='bbox 1262 1600 1313 1635; x_wconf 87' lang='lat' dir='ltr'><strong>qui</strong></span> <span class='ocrx_word' id='word_1_228' title='bbox 1329 1607 1363 1627; x_wconf 83' lang='lat' dir='ltr'><strong>ex</strong></span> <span class='ocrx_word' id='word_1_229' title='bbox 1377 1600 1481 1627; x_wconf 89' lang='lat' dir='ltr'><strong>eodem</strong></span> <span class='ocrx_word' id='word_1_230' title='bbox 1496 1601 1640 1636; x_wconf 76' lang='lat' dir='ltr'><strong>sanguine</strong></span> <span class='ocrx_word' id='word_1_231' title='bbox 1653 1604 1734 1630; x_wconf 84' lang='lat' dir='ltr'><strong>ortus</strong></span> <span class='ocrx_word' id='word_1_232' title='bbox 1750 1604 1795 1630; x_wconf 86' lang='lat' dir='ltr'><strong>est</strong></span> 
     </span>
    </p>
   </div>
   <div class='ocr_carea' id='block_1_41' title="bbox 969 1643 1795 1682">
    <p class='ocr_par' dir='ltr' id='par_1_41' title="bbox 969 1643 1795 1682">
     <span class='ocr_line' id='line_1_41' title="bbox 969 1643 1795 1682; baseline 0.005 -12"><span class='ocrx_word' id='word_1_233' title='bbox 969 1643 1140 1678; x_wconf 85' lang='lat' dir='ltr'><strong>Gregorium</strong></span> <span class='ocrx_word' id='word_1_234' title='bbox 1153 1646 1182 1671; x_wconf 87' lang='lat' dir='ltr'><strong>ot</strong></span> <span class='ocrx_word' id='word_1_235' title='bbox 1197 1652 1315 1671; x_wconf 80' lang='lat' dir='ltr'><strong>auream</strong></span> <span class='ocrx_word' id='word_1_236' title='bbox 1331 1643 1459 1679; x_wconf 72' lang='lat' dir='ltr'><strong>Spiritum</strong></span> <span class='ocrx_word' id='word_1_237' title='bbox 1476 1644 1578 1679; x_wconf 82' lang='lat' dir='ltr'><strong>lyram.</strong></span> <span class='ocrx_word' id='word_1_238' title='bbox 1591 1646 1696 1674; x_wconf 86' lang='lat' dir='ltr'><strong>Eorum</strong></span> <span class='ocrx_word' id='word_1_239' title='bbox 1713 1647 1795 1682; x_wconf 87' lang='lat' dir='ltr'><strong>quis-</strong></span> 
     </span>
    </p>
   </div>
   <div class='ocr_carea' id='block_1_42' title="bbox 970 1687 1795 1724">
    <p class='ocr_par' dir='ltr' id='par_1_42' title="bbox 970 1687 1795 1724">
     <span class='ocr_line' id='line_1_42' title="bbox 970 1687 1795 1724; baseline 0.006 -10"><span class='ocrx_word' id='word_1_240' title='bbox 970 1695 1025 1722; x_wconf 88' lang='lat' dir='ltr'><strong>que</strong></span> <span class='ocrx_word' id='word_1_241' title='bbox 1037 1687 1164 1715; x_wconf 85' lang='lat' dir='ltr'><strong>sustinet</strong></span> <span class='ocrx_word' id='word_1_242' title='bbox 1186 1688 1311 1715; x_wconf 76' lang='lat' dir='ltr'><strong>conferri</strong></span> <span class='ocrx_word' id='word_1_243' title='bbox 1334 1688 1499 1724; x_wconf 86' lang='lat' dir='ltr'><strong>cuicunque</strong></span> <span class='ocrx_word' id='word_1_244' title='bbox 1524 1689 1602 1717; x_wconf 88' lang='lat' dir='ltr'><strong>voles</strong></span> <span class='ocrx_word' id='word_1_245' title='bbox 1627 1698 1661 1718; x_wconf 82' lang='lat' dir='ltr'><strong>ex</strong></span> <span class='ocrx_word' id='word_1_246' title='bbox 1686 1691 1795 1719; x_wconf 74' lang='lat' dir='ltr'><strong>Graacis</strong></span> 
     </span>
    </p>
   </div>
   <div class='ocr_carea' id='block_1_43' title="bbox 89 1729 1115 1773">
    <p class='ocr_par' dir='ltr' id='par_1_43' title="bbox 89 1729 1115 1773">
     <span class='ocr_line' id='line_1_43' title="bbox 89 1729 1115 1773; baseline -0.004 -11"><span class='ocrx_word' id='word_1_247' title='bbox 89 1734 199 1762; x_wconf 74' lang='grc' dir='ltr'>τούτων</span> <span class='ocrx_word' id='word_1_248' title='bbox 225 1734 276 1772; x_wconf 74' lang='grc' dir='ltr'><strong>γὰρ</strong></span> <span class='ocrx_word' id='word_1_249' title='bbox 307 1731 416 1764; x_wconf 78' lang='grc' dir='ltr'>ἕκαστος</span> <span class='ocrx_word' id='word_1_250' title='bbox 442 1732 580 1770; x_wconf 76' lang='grc' dir='ltr'>αὐτάρκης</span> <span class='ocrx_word' id='word_1_251' title='bbox 609 1731 664 1766; x_wconf 79' lang='grc' dir='ltr'>ὅτῳ</span> <span class='ocrx_word' id='word_1_252' title='bbox 693 1729 726 1765; x_wconf 77' lang='grc' dir='ltr'><strong>δὴ</strong></span> <span class='ocrx_word' id='word_1_253' title='bbox 756 1729 850 1767; x_wconf 80' lang='grc' dir='ltr'>βούλει</span> <span class='ocrx_word' id='word_1_254' title='bbox 863 1732 916 1757; x_wconf 82' lang='grc' dir='ltr'><strong>τῶν</strong></span> <span class='ocrx_word' id='word_1_255' title='bbox 932 1741 955 1773; x_wconf 80' lang='grc' dir='ltr'><strong>Β</strong></span> <span class='ocrx_word' id='word_1_256' title='bbox 971 1731 1115 1767; x_wconf 77' lang='lat' dir='ltr'><strong>sapientib</strong></span> 
     </span>
    </p>
   </div>
   <div class='ocr_carea' id='block_1_44' title="bbox 1003 1729 1796 1773">
    <p class='ocr_par' dir='ltr' id='par_1_44' title="bbox 1006 1731 1796 1768">
     <span class='ocr_line' id='line_1_44' title="bbox 1006 1731 1796 1768; baseline 0.005 -9"><span class='ocrx_word' id='word_1_257' title='bbox 1006 1731 1172 1767; x_wconf 85' lang='lat' dir='ltr'><strong>pientibus;</strong></span> <span class='ocrx_word' id='word_1_258' title='bbox 1190 1740 1246 1760; x_wconf 88' lang='lat' dir='ltr'><strong>non</strong></span> <span class='ocrx_word' id='word_1_259' title='bbox 1263 1732 1340 1768; x_wconf 87' lang='lat' dir='ltr'><strong>quod</strong></span> <span class='ocrx_word' id='word_1_260' title='bbox 1358 1732 1563 1768; x_wconf 83' lang='lat' dir='ltr'><strong>unusquisque</strong></span> <span class='ocrx_word' id='word_1_261' title='bbox 1579 1742 1683 1762; x_wconf 79' lang='lat' dir='ltr'><strong>omnes</strong></span> <span class='ocrx_word' id='word_1_262' title='bbox 1699 1735 1796 1762; x_wconf 91' lang='lat' dir='ltr'><strong>omni-</strong></span> 
     </span>
    </p>
   </div>
   <div class='ocr_carea' id='block_1_45' title="bbox 89 1772 917 1815">
    <p class='ocr_par' dir='ltr' id='par_1_45' title="bbox 89 1772 917 1815">
     <span class='ocr_line' id='line_1_45' title="bbox 89 1772 917 1815; baseline -0.007 -9"><span class='ocrx_word' id='word_1_263' title='bbox 89 1779 154 1815; x_wconf 89' lang='grc' dir='ltr'>παρ¹</span> <span class='ocrx_word' id='word_1_264' title='bbox 174 1777 294 1813; x_wconf 76' lang='grc' dir='ltr'>Ἕλλησι</span> <span class='ocrx_word' id='word_1_265' title='bbox 319 1776 549 1814; x_wconf 77' lang='grc' dir='ltr'>σοφιστευσάντων</span> <span class='ocrx_word' id='word_1_266' title='bbox 575 1772 744 1813; x_wconf 75' lang='grc' dir='ltr'>παραϐαλεῖν</span> <span class='ocrx_word' id='word_1_267' title='bbox 761 1784 768 1790; x_wconf 89' lang='grc'>·</span> <span class='ocrx_word' id='word_1_268' title='bbox 798 1774 853 1811; x_wconf 79' lang='grc' dir='ltr'>οὐχ</span> <span class='ocrx_word' id='word_1_269' title='bbox 880 1774 917 1804; x_wconf 84' lang='grc' dir='ltr'><strong>ὡς</strong></span> 
     </span>
    </p>
   </div>
   <div class='ocr_carea' id='block_1_46' title="bbox 89 1817 916 1858">
    <p class='ocr_par' dir='ltr' id='par_1_46' title="bbox 89 1817 916 1858">
     <span class='ocr_line' id='line_1_46' title="bbox 89 1817 916 1858; baseline -0.007 -8"><span class='ocrx_word' id='word_1_270' title='bbox 89 1822 204 1850; x_wconf 73' lang='grc' dir='ltr'>ἑκάστου</span> <span class='ocrx_word' id='word_1_271' title='bbox 232 1824 297 1849; x_wconf 77' lang='grc' dir='ltr'>πᾶσι</span> <span class='ocrx_word' id='word_1_272' title='bbox 331 1822 433 1852; x_wconf 76' lang='grc' dir='ltr'>πάντας</span> <span class='ocrx_word' id='word_1_273' title='bbox 464 1818 678 1858; x_wconf 74' lang='grc' dir='ltr'>ὑπερϐαλόντος,</span> <span class='ocrx_word' id='word_1_274' title='bbox 706 1817 779 1846; x_wconf 81' lang='grc' dir='ltr'>ἀλλὰ</span> <span class='ocrx_word' id='word_1_275' title='bbox 806 1818 839 1845; x_wconf 75' lang='grc' dir='ltr'><strong>τὰ</strong></span> <span class='ocrx_word' id='word_1_276' title='bbox 869 1817 916 1854; x_wconf 74' lang='grc' dir='ltr'><strong>μὶν</strong></span> 
     </span>
    </p>
   </div>
   <div class='ocr_carea' id='block_1_47' title="bbox 92 1863 918 1905">
    <p class='ocr_par' dir='ltr' id='par_1_47' title="bbox 92 1863 918 1905">
     <span class='ocr_line' id='line_1_47' title="bbox 92 1863 918 1905; baseline -0.008 -10"><span class='ocrx_word' id='word_1_277' title='bbox 92 1867 186 1905; x_wconf 74' lang='grc' dir='ltr'>μίρεσί</span> <span class='ocrx_word' id='word_1_278' title='bbox 210 1877 280 1894; x_wconf 89' lang='grc' dir='ltr'>τισιν</span> <span class='ocrx_word' id='word_1_279' title='bbox 314 1864 514 1903; x_wconf 68' lang='grc' dir='ltr'>ἁμιλλωμένου</span> <span class='ocrx_word' id='word_1_280' title='bbox 540 1864 608 1902; x_wconf 86' lang='grc' dir='ltr'>πρὸς</span> <span class='ocrx_word' id='word_1_281' title='bbox 635 1863 745 1891; x_wconf 75' lang='grc' dir='ltr'>ἕκαστον</span> <span class='ocrx_word' id='word_1_282' title='bbox 774 1865 827 1890; x_wconf 79' lang='grc' dir='ltr'>τῶν</span> <span class='ocrx_word' id='word_1_283' title='bbox 855 1865 918 1900; x_wconf 83' lang='grc' dir='ltr'>παρ’</span> 
     </span>
    </p>
   </div>
   <div class='ocr_carea' id='block_1_48' title="bbox 90 1906 916 1948">
    <p class='ocr_par' dir='ltr' id='par_1_48' title="bbox 90 1906 916 1948">
     <span class='ocr_line' id='line_1_48' title="bbox 90 1906 916 1948; baseline -0.007 -8"><span class='ocrx_word' id='word_1_284' title='bbox 90 1911 208 1943; x_wconf 68' lang='grc' dir='ltr'>ἱκείνοις</span> <span class='ocrx_word' id='word_1_285' title='bbox 238 1910 490 1948; x_wconf 79' lang='grc' dir='ltr'>εὐδοκιμησάντων,</span> <span class='ocrx_word' id='word_1_286' title='bbox 530 1909 564 1936; x_wconf 82' lang='grc' dir='ltr'><strong>τὰ</strong></span> <span class='ocrx_word' id='word_1_287' title='bbox 590 1907 618 1936; x_wconf 67' lang='grc' dir='ltr'><strong>δί</strong></span> <span class='ocrx_word' id='word_1_288' title='bbox 647 1907 759 1936; x_wconf 73' lang='grc' dir='ltr'>κατόπιν</span> <span class='ocrx_word' id='word_1_289' title='bbox 790 1906 916 1939; x_wconf 81' lang='grc' dir='ltr'>ἐλθόντος</span> 
     </span>
    </p>
   </div>
   <div class='ocr_carea' id='block_1_49' title="bbox 91 1951 918 1994">
    <p class='ocr_par' dir='ltr' id='par_1_49' title="bbox 91 1951 918 1994">
     <span class='ocr_line' id='line_1_49' title="bbox 91 1951 918 1994; baseline -0.007 -10"><span class='ocrx_word' id='word_1_290' title='bbox 91 1955 147 1994; x_wconf 79' lang='grc' dir='ltr'>(δεῖ</span> <span class='ocrx_word' id='word_1_291' title='bbox 161 1966 213 1994; x_wconf 84' lang='grc' dir='ltr'><strong>γαρ</strong></span> <span class='ocrx_word' id='word_1_292' title='bbox 227 1956 345 1990; x_wconf 73' lang='grc' dir='ltr'>τάληθὲς</span> <span class='ocrx_word' id='word_1_293' title='bbox 370 1954 474 1992; x_wconf 74' lang='grc' dir='ltr'>λέγειν)</span> <span class='ocrx_word' id='word_1_294' title='bbox 497 1956 555 1985; x_wconf 90' lang='grc' dir='ltr'>τοῖς</span> <span class='ocrx_word' id='word_1_295' title='bbox 582 1952 611 1981; x_wconf 77' lang='grc' dir='ltr'><strong>δὲ</strong></span> <span class='ocrx_word' id='word_1_296' title='bbox 633 1952 740 1980; x_wconf 70' lang='grc' dir='ltr'>πλείοσι</span> <span class='ocrx_word' id='word_1_297' title='bbox 761 1951 807 1979; x_wconf 80' lang='grc' dir='ltr'><strong>καὶ</strong></span> <span class='ocrx_word' id='word_1_298' title='bbox 828 1962 918 1989; x_wconf 77' lang='grc' dir='ltr'>παρα-</span> 
     </span>
    </p>
   </div>
   <div class='ocr_carea' id='block_1_50' title="bbox 92 1995 917 2039">
    <p class='ocr_par' dir='ltr' id='par_1_50' title="bbox 92 1995 917 2039">
     <span class='ocr_line' id='line_1_50' title="bbox 92 1995 917 2039; baseline -0.007 -10"><span class='ocrx_word' id='word_1_299' title='bbox 92 2000 256 2039; x_wconf 75' lang='grc' dir='ltr'>δραμόντος.</span> <span class='ocrx_word' id='word_1_300' title='bbox 281 2001 318 2028; x_wconf 81' lang='grc' dir='ltr'><strong>Οὐ</strong></span> <span class='ocrx_word' id='word_1_301' title='bbox 337 2001 389 2038; x_wconf 65' lang='grc' dir='ltr'><strong>γὰρ</strong></span> <span class='ocrx_word' id='word_1_302' title='bbox 418 1999 514 2027; x_wconf 84' lang='grc' dir='ltr'>ταυτὸν</span> <span class='ocrx_word' id='word_1_303' title='bbox 535 1998 664 2034; x_wconf 82' lang='grc' dir='ltr'>πείσομαι</span> <span class='ocrx_word' id='word_1_304' title='bbox 688 1999 746 2028; x_wconf 70' lang='grc' dir='ltr'><strong>¹τοῖς</strong></span> <span class='ocrx_word' id='word_1_305' title='bbox 776 1995 834 2024; x_wconf 80' lang='grc' dir='ltr'>ὅσοι</span> <span class='ocrx_word' id='word_1_306' title='bbox 858 2007 917 2034; x_wconf 91' lang='grc' dir='ltr'>κρι-</span> 
     </span>
    </p>
   </div>
   <div class='ocr_carea' id='block_1_51' title="bbox 90 2039 917 2084">
    <p class='ocr_par' dir='ltr' id='par_1_51' title="bbox 90 2039 917 2084">
     <span class='ocr_line' id='line_1_51' title="bbox 90 2039 917 2084; baseline -0.007 -10"><span class='ocrx_word' id='word_1_307' title='bbox 90 2045 137 2074; x_wconf 70' lang='grc' dir='ltr'><strong>ταὶ</strong></span> <span class='ocrx_word' id='word_1_308' title='bbox 152 2045 292 2084; x_wconf 84' lang='grc' dir='ltr'>γεγονότες</span> <span class='ocrx_word' id='word_1_309' title='bbox 316 2043 454 2082; x_wconf 63' lang='grc' dir='ltr'>ἑκατέροις</span> <span class='ocrx_word' id='word_1_310' title='bbox 476 2046 535 2074; x_wconf 87' lang='grc' dir='ltr'>τοῖς</span> <span class='ocrx_word' id='word_1_311' title='bbox 562 2042 681 2080; x_wconf 74' lang='grc' dir='ltr'>μέρεσιν,</span> <span class='ocrx_word' id='word_1_312' title='bbox 697 2039 788 2069; x_wconf 77' lang='grc' dir='ltr'>ἔπειτα</span> <span class='ocrx_word' id='word_1_313' title='bbox 802 2044 841 2077; x_wconf 74' lang='grc' dir='ltr'>τῷ</span> <span class='ocrx_word' id='word_1_314' title='bbox 857 2041 917 2068; x_wconf 77' lang='grc' dir='ltr'>ἑαυ-</span> 
     </span>
    </p>
   </div>
   <div class='ocr_carea' id='block_1_52' title="bbox 92 2085 918 2128">
    <p class='ocr_par' dir='ltr' id='par_1_52' title="bbox 92 2085 918 2128">
     <span class='ocr_line' id='line_1_52' title="bbox 92 2085 918 2128; baseline -0.005 -11"><span class='ocrx_word' id='word_1_315' title='bbox 92 2092 148 2118; x_wconf 84' lang='grc' dir='ltr'><strong>τῶν</strong></span> <span class='ocrx_word' id='word_1_316' title='bbox 187 2089 343 2128; x_wconf 74' lang='grc' dir='ltr'>βουλήματι</span> <span class='ocrx_word' id='word_1_317' title='bbox 382 2087 682 2123; x_wconf 78' lang='grc' dir='ltr'>κατακολουθήσαντες,</span> <span class='ocrx_word' id='word_1_318' title='bbox 719 2086 750 2114; x_wconf 84' lang='grc' dir='ltr'>οὐ</span> <span class='ocrx_word' id='word_1_319' title='bbox 792 2086 861 2123; x_wconf 83' lang='grc' dir='ltr'>πρὸς</span> <span class='ocrx_word' id='word_1_320' title='bbox 886 2085 918 2114; x_wconf 78' lang='grc' dir='ltr'><strong>τὸ</strong></span> 
     </span>
    </p>
   </div>
   <div class='ocr_carea' id='block_1_53' title="bbox 92 2130 917 2172">
    <p class='ocr_par' dir='ltr' id='par_1_53' title="bbox 92 2130 917 2172">
     <span class='ocr_line' id='line_1_53' title="bbox 92 2130 917 2172; baseline -0.006 -10"><span class='ocrx_word' id='word_1_321' title='bbox 92 2135 208 2162; x_wconf 72' lang='grc' dir='ltr'>ὶκάστου</span> <span class='ocrx_word' id='word_1_322' title='bbox 229 2133 326 2172; x_wconf 73' lang='grc' dir='ltr'>μέτρον</span> <span class='ocrx_word' id='word_1_323' title='bbox 351 2133 398 2164; x_wconf 75' lang='grc' dir='ltr'><strong>τὰς</strong></span> <span class='ocrx_word' id='word_1_324' title='bbox 422 2134 531 2171; x_wconf 80' lang='grc' dir='ltr'>ψήφους</span> <span class='ocrx_word' id='word_1_325' title='bbox 554 2131 707 2169; x_wconf 68' lang='grc' dir='ltr'>ἐξήνεγκαν,</span> <span class='ocrx_word' id='word_1_326' title='bbox 729 2130 802 2167; x_wconf 83' lang='grc' dir='ltr'>ἀλλ’,</span> <span class='ocrx_word' id='word_1_327' title='bbox 827 2130 917 2168; x_wconf 79' lang='grc' dir='ltr'>ὥσπερ</span> 
     </span>
    </p>
   </div>
   <div class='ocr_carea' id='block_1_54' title="bbox 90 2174 918 2216">
    <p class='ocr_par' dir='ltr' id='par_1_54' title="bbox 90 2174 918 2216">
     <span class='ocr_line' id='line_1_54' title="bbox 90 2174 918 2216; baseline -0.007 -9"><span class='ocrx_word' id='word_1_328' title='bbox 90 2182 144 2214; x_wconf 85' lang='grc' dir='ltr'><strong>τῆς</strong></span> <span class='ocrx_word' id='word_1_329' title='bbox 161 2178 240 2215; x_wconf 81' lang='grc' dir='ltr'>δόξης</span> <span class='ocrx_word' id='word_1_330' title='bbox 254 2178 396 2216; x_wconf 80' lang='grc' dir='ltr'>ἀπιχῡιῖς,</span> <span class='ocrx_word' id='word_1_331' title='bbox 412 2177 484 2204; x_wconf 70' lang='grc' dir='ltr'>οὕτω</span> <span class='ocrx_word' id='word_1_332' title='bbox 509 2175 542 2211; x_wconf 76' lang='grc' dir='ltr'>δὴ</span> <span class='ocrx_word' id='word_1_333' title='bbox 565 2175 610 2203; x_wconf 85' lang='grc' dir='ltr'><strong>καὶ</strong></span> <span class='ocrx_word' id='word_1_334' title='bbox 632 2178 680 2203; x_wconf 74' lang='grc' dir='ltr'><strong>τοῦ</strong></span> <span class='ocrx_word' id='word_1_335' title='bbox 701 2175 787 2212; x_wconf 90' lang='grc' dir='ltr'>λόγου</span> <span class='ocrx_word' id='word_1_336' title='bbox 803 2174 918 2212; x_wconf 78' lang='grc' dir='ltr'>γεγονό-</span> 
     </span>
    </p>
   </div>
   <div class='ocr_carea' id='block_1_55' title="bbox 90 2219 917 2258">
    <p class='ocr_par' dir='ltr' id='par_1_55' title="bbox 90 2219 917 2258">
     <span class='ocr_line' id='line_1_55' title="bbox 90 2219 917 2258; baseline -0.007 -6"><span class='ocrx_word' id='word_1_337' title='bbox 90 2234 137 2255; x_wconf 76' lang='grc' dir='ltr'><strong>τες</strong></span> <span class='ocrx_word' id='word_1_338' title='bbox 151 2226 210 2255; x_wconf 85' lang='grc' dir='ltr'>τοῖς</span> <span class='ocrx_word' id='word_1_339' title='bbox 225 2222 372 2258; x_wconf 73' lang='grc' dir='ltr'>Ἕλλησιν,</span> <span class='ocrx_word' id='word_1_340' title='bbox 401 2221 549 2253; x_wconf 67' lang='grc' dir='ltr'>ἀντιθέτοις</span> <span class='ocrx_word' id='word_1_341' title='bbox 577 2221 683 2251; x_wconf 71' lang='grc' dir='ltr'>ἑαυτοῖς</span> <span class='ocrx_word' id='word_1_342' title='bbox 707 2220 774 2256; x_wconf 65' lang='grc' dir='ltr'>πρὸς</span> <span class='ocrx_word' id='word_1_343' title='bbox 800 2219 917 2250; x_wconf 82' lang='grc' dir='ltr'>ἐκείνους</span> 
     </span>
    </p>
   </div>
   <div class='ocr_carea' id='block_1_56' title="bbox 92 2263 918 2306">
    <p class='ocr_par' dir='ltr' id='par_1_56' title="bbox 92 2263 918 2306">
     <span class='ocr_line' id='line_1_56' title="bbox 92 2263 918 2306; baseline -0.006 -10"><span class='ocrx_word' id='word_1_344' title='bbox 92 2268 259 2306; x_wconf 70' lang='grc' dir='ltr'>ἐχρήσαντο,</span> <span class='ocrx_word' id='word_1_345' title='bbox 289 2268 415 2297; x_wconf 82' lang='grc' dir='ltr'>καὶτοῖς</span> <span class='ocrx_word' id='word_1_346' title='bbox 447 2265 557 2296; x_wconf 75' lang='grc' dir='ltr'>οἱκιίοις</span> <span class='ocrx_word' id='word_1_347' title='bbox 585 2264 765 2303; x_wconf 72' lang='grc' dir='ltr'>προσθέμενοι</span> <span class='ocrx_word' id='word_1_348' title='bbox 795 2263 918 2300; x_wconf 76' lang='grc' dir='ltr'>ἐξεπίτη-</span> 
     </span>
    </p>
   </div>
   <div class='ocr_carea' id='block_1_57' title="bbox 92 2308 919 2350">
    <p class='ocr_par' dir='ltr' id='par_1_57' title="bbox 92 2308 919 2350">
     <span class='ocr_line' id='line_1_57' title="bbox 92 2308 919 2350; baseline -0.007 -9"><span class='ocrx_word' id='word_1_349' title='bbox 92 2312 148 2347; x_wconf 78' lang='grc' dir='ltr'>δες,</span> <span class='ocrx_word' id='word_1_350' title='bbox 166 2312 202 2343; x_wconf 80' lang='grc' dir='ltr'><strong>ὡς</strong></span> <span class='ocrx_word' id='word_1_351' title='bbox 221 2311 387 2350; x_wconf 82' lang='grc' dir='ltr'>ἀλλοτρίους</span> <span class='ocrx_word' id='word_1_352' title='bbox 400 2311 519 2341; x_wconf 69' lang='grc' dir='ltr'>ἐκείνους</span> <span class='ocrx_word' id='word_1_353' title='bbox 534 2310 689 2348; x_wconf 69' lang='grc' dir='ltr'>ἐτρέψαντο.</span> <span class='ocrx_word' id='word_1_354' title='bbox 706 2309 744 2337; x_wconf 77' lang='grc' dir='ltr'><strong>Οὐ</strong></span> <span class='ocrx_word' id='word_1_355' title='bbox 760 2308 793 2344; x_wconf 80' lang='grc' dir='ltr'>δὴ</span> <span class='ocrx_word' id='word_1_356' title='bbox 809 2309 919 2344; x_wconf 82' lang='grc' dir='ltr'>ποιήσω</span> 
     </span>
    </p>
   </div>
   <div class='ocr_carea' id='block_1_58' title="bbox 90 2352 918 2394">
    <p class='ocr_par' dir='ltr' id='par_1_58' title="bbox 90 2352 918 2394">
     <span class='ocr_line' id='line_1_58' title="bbox 90 2352 918 2394; baseline -0.006 -9"><span class='ocrx_word' id='word_1_357' title='bbox 90 2357 174 2385; x_wconf 69' lang='grc' dir='ltr'>τοῦτο</span> <span class='ocrx_word' id='word_1_358' title='bbox 189 2356 259 2394; x_wconf 78' lang='grc' dir='ltr'><strong>ἐγώ·</strong></span> <span class='ocrx_word' id='word_1_359' title='bbox 278 2356 332 2393; x_wconf 78' lang='grc' dir='ltr'>οὐχ</span> <span class='ocrx_word' id='word_1_360' title='bbox 356 2355 428 2383; x_wconf 81' lang='grc' dir='ltr'>οὕτω</span> <span class='ocrx_word' id='word_1_361' title='bbox 452 2354 620 2394; x_wconf 76' lang='grc' dir='ltr'>τετύφωμαι.</span> <span class='ocrx_word' id='word_1_362' title='bbox 643 2353 721 2382; x_wconf 79' lang='grc' dir='ltr'>Ἀλλ’</span> <span class='ocrx_word' id='word_1_363' title='bbox 737 2354 773 2384; x_wconf 86' lang='grc' dir='ltr'>ὡς</span> <span class='ocrx_word' id='word_1_364' title='bbox 788 2352 918 2380; x_wconf 85' lang='grc' dir='ltr'>κάκείνων</span> 
     </span>
    </p>
   </div>
   <div class='ocr_carea' id='block_1_59' title="bbox 93 2397 917 2439">
    <p class='ocr_par' dir='ltr' id='par_1_59' title="bbox 93 2397 917 2439">
     <span class='ocr_line' id='line_1_59' title="bbox 93 2397 917 2439; baseline -0.006 -10"><span class='ocrx_word' id='word_1_365' title='bbox 93 2401 177 2439; x_wconf 75' lang='grc' dir='ltr'>ῗσχὺν</span> <span class='ocrx_word' id='word_1_366' title='bbox 193 2401 235 2429; x_wconf 82' lang='grc' dir='ltr'>ἐπὶ</span> <span class='ocrx_word' id='word_1_367' title='bbox 264 2403 322 2432; x_wconf 87' lang='grc' dir='ltr'>τοῖς</span> <span class='ocrx_word' id='word_1_368' title='bbox 347 2399 441 2438; x_wconf 86' lang='grc' dir='ltr'>λόγοις</span> <span class='ocrx_word' id='word_1_369' title='bbox 471 2399 590 2436; x_wconf 70' lang='grc' dir='ltr'>ἆχοντων</span> <span class='ocrx_word' id='word_1_370' title='bbox 617 2398 662 2426; x_wconf 84' lang='grc' dir='ltr'>καὶ</span> <span class='ocrx_word' id='word_1_371' title='bbox 684 2397 793 2432; x_wconf 76' lang='grc' dir='ltr'>πολλὴν</span> <span class='ocrx_word' id='word_1_372' title='bbox 820 2399 917 2435; x_wconf 81' lang='grc' dir='ltr'>μοῖραν</span> 
     </span>
    </p>
   </div>
   <div class='ocr_carea' id='block_1_60' title="bbox 93 2441 918 2483">
    <p class='ocr_par' dir='ltr' id='par_1_60' title="bbox 93 2441 918 2483">
     <span class='ocr_line' id='line_1_60' title="bbox 93 2441 918 2483; baseline -0.007 -10"><span class='ocrx_word' id='word_1_373' title='bbox 93 2446 352 2483; x_wconf 77' lang='grc' dir='ltr'>συνιισενεγκότνων</span> <span class='ocrx_word' id='word_1_374' title='bbox 376 2446 411 2482; x_wconf 80' lang='grc' dir='ltr'><strong>τῇ</strong></span> <span class='ocrx_word' id='word_1_375' title='bbox 436 2443 521 2481; x_wconf 70' lang='grc' dir='ltr'>τέχνῃ</span> <span class='ocrx_word' id='word_1_376' title='bbox 544 2441 562 2477; x_wconf 76' lang='grc' dir='ltr'>ἤ</span> <span class='ocrx_word' id='word_1_377' title='bbox 578 2442 651 2480; x_wconf 75' lang='grc' dir='ltr'>παρὰ</span> <span class='ocrx_word' id='word_1_378' title='bbox 673 2442 722 2476; x_wconf 85' lang='grc' dir='ltr'><strong>τήν</strong></span> <span class='ocrx_word' id='word_1_379' title='bbox 744 2441 844 2479; x_wconf 76' lang='grc' dir='ltr'>τέχνην</span> <span class='ocrx_word' id='word_1_380' title='bbox 860 2444 918 2473; x_wconf 86' lang='grc' dir='ltr'>ταῖς</span> 
     </span>
    </p>
   </div>
   <div class='ocr_carea' id='block_1_61' title="bbox 92 2485 920 2529">
    <p class='ocr_par' dir='ltr' id='par_1_61' title="bbox 92 2485 920 2529">
     <span class='ocr_line' id='line_1_61' title="bbox 92 2485 920 2529; baseline -0.007 -10"><span class='ocrx_word' id='word_1_381' title='bbox 92 2492 143 2519; x_wconf 70' lang='grc' dir='ltr'><strong>τοῦ</strong></span> <span class='ocrx_word' id='word_1_382' title='bbox 170 2489 253 2529; x_wconf 88' lang='grc' dir='ltr'>λόγου</span> <span class='ocrx_word' id='word_1_383' title='bbox 276 2489 434 2526; x_wconf 77' lang='grc' dir='ltr'>δυνάμεσιν,</span> <span class='ocrx_word' id='word_1_384' title='bbox 463 2487 534 2516; x_wconf 74' lang='grc' dir='ltr'>οὕτω</span> <span class='ocrx_word' id='word_1_385' title='bbox 562 2486 595 2521; x_wconf 79' lang='grc' dir='ltr'><strong>δὴ</strong></span> <span class='ocrx_word' id='word_1_386' title='bbox 620 2487 665 2514; x_wconf 85' lang='grc' dir='ltr'><strong>τὸν</strong></span> <span class='ocrx_word' id='word_1_387' title='bbox 692 2485 782 2524; x_wconf 80' lang='grc' dir='ltr'>ἀγῶνα</span> <span class='ocrx_word' id='word_1_388' title='bbox 804 2486 920 2521; x_wconf 82' lang='grc' dir='ltr'>ποιήσας</span> 
     </span>
    </p>
   </div>
   <div class='ocr_carea' id='block_1_62' title="bbox 93 2530 920 2572">
    <p class='ocr_par' dir='ltr' id='par_1_62' title="bbox 93 2530 920 2572">
     <span class='ocr_line' id='line_1_62' title="bbox 93 2530 920 2572; baseline -0.007 -9"><span class='ocrx_word' id='word_1_389' title='bbox 93 2535 187 2563; x_wconf 76' lang='grc' dir='ltr'>καὶτᾶ</span> <span class='ocrx_word' id='word_1_390' title='bbox 208 2536 277 2572; x_wconf 75' lang='grc' dir='ltr'>πρὸς</span> <span class='ocrx_word' id='word_1_391' title='bbox 300 2533 414 2568; x_wconf 74' lang='grc' dir='ltr'>ἄλληλα</span> <span class='ocrx_word' id='word_1_392' title='bbox 436 2531 465 2560; x_wconf 76' lang='grc' dir='ltr'>εὖ</span> <span class='ocrx_word' id='word_1_393' title='bbox 489 2531 613 2568; x_wconf 74' lang='grc' dir='ltr'>θὲμενος,</span> <span class='ocrx_word' id='word_1_394' title='bbox 629 2530 724 2566; x_wconf 72' lang='grc' dir='ltr'>ἐξοίσω</span> <span class='ocrx_word' id='word_1_395' title='bbox 747 2531 797 2565; x_wconf 75' lang='grc' dir='ltr'>τὴν</span> <span class='ocrx_word' id='word_1_396' title='bbox 818 2532 920 2568; x_wconf 77' lang='grc' dir='ltr'>ψῆφον,</span> 
     </span>
    </p>
   </div>
   <div class='ocr_carea' id='block_1_63' title="bbox 92 2574 921 2613">
    <p class='ocr_par' dir='ltr' id='par_1_63' title="bbox 92 2574 921 2613">
     <span class='ocr_line' id='line_1_63' title="bbox 92 2574 921 2613; baseline -0.006 -6"><span class='ocrx_word' id='word_1_397' title='bbox 92 2581 226 2607; x_wconf 79' lang='grc' dir='ltr'>τοσοῦτον</span> <span class='ocrx_word' id='word_1_398' title='bbox 257 2578 391 2611; x_wconf 78' lang='grc' dir='ltr'>ὑπειπὼν,</span> <span class='ocrx_word' id='word_1_399' title='bbox 421 2574 462 2604; x_wconf 76' lang='grc' dir='ltr'><strong>ὅτι</strong></span> <span class='ocrx_word' id='word_1_400' title='bbox 504 2576 569 2613; x_wconf 73' lang='grc' dir='ltr'>ὅπερ</span> <span class='ocrx_word' id='word_1_401' title='bbox 599 2576 655 2603; x_wconf 77' lang='grc' dir='ltr'>ἐστὶ</span> <span class='ocrx_word' id='word_1_402' title='bbox 680 2575 858 2612; x_wconf 64' lang='grc' dir='ltr'>Δημοσθένης</span> <span class='ocrx_word' id='word_1_403' title='bbox 886 2577 921 2613; x_wconf 79' lang='grc' dir='ltr'><strong>τῇ</strong></span> 
     </span>
    </p>
   </div>
   <div class='ocr_carea' id='block_1_64' title="bbox 92 2620 922 2661">
    <p class='ocr_par' dir='ltr' id='par_1_64' title="bbox 92 2620 922 2661">
     <span class='ocr_line' id='line_1_64' title="bbox 92 2620 922 2661; baseline -0.006 -10"><span class='ocrx_word' id='word_1_404' title='bbox 92 2624 173 2660; x_wconf 63' lang='grc' dir='ltr'>ἑτέρᾳ</span> <span class='ocrx_word' id='word_1_405' title='bbox 190 2622 292 2661; x_wconf 82' lang='grc' dir='ltr'>μερίδι,</span> <span class='ocrx_word' id='word_1_406' title='bbox 309 2621 382 2661; x_wconf 79' lang='grc' dir='ltr'>φημὶ</span> <span class='ocrx_word' id='word_1_407' title='bbox 396 2623 431 2659; x_wconf 83' lang='grc' dir='ltr'><strong>τῇ</strong></span> <span class='ocrx_word' id='word_1_408' title='bbox 454 2620 616 2657; x_wconf 78' lang='grc' dir='ltr'>Ἑλληνικῇ,</span> <span class='ocrx_word' id='word_1_409' title='bbox 632 2622 712 2647; x_wconf 77' lang='grc' dir='ltr'>τοῦτο</span> <span class='ocrx_word' id='word_1_410' title='bbox 727 2621 761 2652; x_wconf 86' lang='grc' dir='ltr'>τῆ</span> <span class='ocrx_word' id='word_1_411' title='bbox 777 2620 836 2651; x_wconf 78' lang='grc' dir='ltr'>καθ’</span> <span class='ocrx_word' id='word_1_412' title='bbox 848 2621 922 2656; x_wconf 75' lang='grc' dir='ltr'>ἡμᾶς</span> 
     </span>
    </p>
   </div>
   <div class='ocr_carea' id='block_1_65' title="bbox 93 2662 921 2705">
    <p class='ocr_par' dir='ltr' id='par_1_65' title="bbox 93 2662 921 2705">
     <span class='ocr_line' id='line_1_65' title="bbox 93 2662 921 2705; baseline -0.005 -9"><span class='ocrx_word' id='word_1_413' title='bbox 93 2670 108 2697; x_wconf 82' lang='grc' dir='ltr'><strong>ὁ</strong></span> <span class='ocrx_word' id='word_1_414' title='bbox 126 2665 263 2705; x_wconf 77' lang='grc' dir='ltr'>Θεολόγος</span> <span class='ocrx_word' id='word_1_415' title='bbox 290 2667 450 2705; x_wconf 87' lang='grc' dir='ltr'>Γρηγόριος.</span> <span class='ocrx_word' id='word_1_416' title='bbox 479 2667 569 2703; x_wconf 82' lang='grc' dir='ltr'>Τριῶν</span> <span class='ocrx_word' id='word_1_417' title='bbox 599 2663 628 2692; x_wconf 71' lang='grc' dir='ltr'><strong>δὲ</strong></span> <span class='ocrx_word' id='word_1_418' title='bbox 657 2662 741 2691; x_wconf 75' lang='grc' dir='ltr'>ὄντων</span> <span class='ocrx_word' id='word_1_419' title='bbox 768 2662 846 2691; x_wconf 72' lang='grc' dir='ltr'>εῗόῶν</span> <span class='ocrx_word' id='word_1_420' title='bbox 871 2666 921 2697; x_wconf 82' lang='grc' dir='ltr'>τῆς</span> 
     </span>
    </p>
   </div>
   <div class='ocr_carea' id='block_1_66' title="bbox 93 2707 921 2751">
    <p class='ocr_par' dir='ltr' id='par_1_66' title="bbox 93 2707 921 2751">
     <span class='ocr_line' id='line_1_66' title="bbox 93 2707 921 2751; baseline -0.002 -12"><span class='ocrx_word' id='word_1_421' title='bbox 93 2713 255 2751; x_wconf 78' lang='grc' dir='ltr'>ῥητορικῆς,</span> <span class='ocrx_word' id='word_1_422' title='bbox 272 2711 285 2739; x_wconf 82' lang='grc' dir='ltr'><strong>ὀ</strong></span> <span class='ocrx_word' id='word_1_423' title='bbox 304 2711 351 2748; x_wconf 83' lang='grc' dir='ltr'>μὶν</span> <span class='ocrx_word' id='word_1_424' title='bbox 377 2711 553 2747; x_wconf 65' lang='grc' dir='ltr'>Δημοσθένης</span> <span class='ocrx_word' id='word_1_425' title='bbox 577 2711 617 2745; x_wconf 82' lang='grc' dir='ltr'>τῷ</span> <span class='ocrx_word' id='word_1_426' title='bbox 641 2707 771 2744; x_wconf 78' lang='grc' dir='ltr'>δικανικῷ</span> <span class='ocrx_word' id='word_1_427' title='bbox 788 2708 863 2747; x_wconf 72' lang='grc' dir='ltr'>μᾶρει</span> <span class='ocrx_word' id='word_1_428' title='bbox 879 2709 921 2737; x_wconf 80' lang='grc' dir='ltr'><strong>εὗ-</strong></span> 
     </span>
    </p>
   </div>
   <div class='ocr_carea' id='block_1_67' title="bbox 93 2751 922 2794">
    <p class='ocr_par' dir='ltr' id='par_1_67' title="bbox 93 2751 922 2794">
     <span class='ocr_line' id='line_1_67' title="bbox 93 2751 922 2794; baseline -0.004 -9"><span class='ocrx_word' id='word_1_429' title='bbox 93 2756 284 2794; x_wconf 82' lang='grc' dir='ltr'>δοκιμώτατος</span> <span class='ocrx_word' id='word_1_430' title='bbox 299 2755 348 2784; x_wconf 84' lang='grc' dir='ltr'>κάν</span> <span class='ocrx_word' id='word_1_431' title='bbox 367 2754 426 2786; x_wconf 79' lang='grc' dir='ltr'>ταὶς</span> <span class='ocrx_word' id='word_1_432' title='bbox 448 2751 619 2792; x_wconf 82' lang='grc' dir='ltr'>συμϐουλαῖς</span> <span class='ocrx_word' id='word_1_433' title='bbox 643 2754 698 2781; x_wconf 81' lang='grc' dir='ltr'><strong>τῶν</strong></span> <span class='ocrx_word' id='word_1_434' title='bbox 723 2751 816 2781; x_wconf 81' lang='grc' dir='ltr'>ἄλλων</span> <span class='ocrx_word' id='word_1_435' title='bbox 833 2751 922 2782; x_wconf 75' lang='grc' dir='ltr'>δεινό-</span> 
     </span>
    </p>
   </div>
   <div class='ocr_carea' id='block_1_68' title="bbox 972 1775 1796 1815">
    <p class='ocr_par' dir='ltr' id='par_1_68' title="bbox 972 1775 1796 1815">
     <span class='ocr_line' id='line_1_68' title="bbox 972 1775 1796 1815; baseline 0.005 -12"><span class='ocrx_word' id='word_1_436' title='bbox 972 1775 1026 1803; x_wconf 83' lang='lat' dir='ltr'><strong>bus</strong></span> <span class='ocrx_word' id='word_1_437' title='bbox 1041 1778 1171 1812; x_wconf 86' lang='lat' dir='ltr'><strong>superat,</strong></span> <span class='ocrx_word' id='word_1_438' title='bbox 1188 1777 1237 1804; x_wconf 83' lang='lat' dir='ltr'><strong>sed</strong></span> <span class='ocrx_word' id='word_1_439' title='bbox 1254 1777 1330 1812; x_wconf 91' lang='lat' dir='ltr'><strong>quod</strong></span> <span class='ocrx_word' id='word_1_440' title='bbox 1347 1776 1526 1812; x_wconf 82' lang='lat' dir='ltr'><strong>quibusdam</strong></span> <span class='ocrx_word' id='word_1_441' title='bbox 1543 1778 1677 1813; x_wconf 84' lang='lat' dir='ltr'><strong>partibus</strong></span> <span class='ocrx_word' id='word_1_442' title='bbox 1691 1779 1796 1815; x_wconf 87' lang='lat' dir='ltr'><strong>singu-</strong></span> 
     </span>
    </p>
   </div>
   <div class='ocr_carea' id='block_1_69' title="bbox 971 1819 1795 1856">
    <p class='ocr_par' dir='ltr' id='par_1_69' title="bbox 971 1819 1795 1856">
     <span class='ocr_line' id='line_1_69' title="bbox 971 1819 1795 1856; baseline 0.005 -9"><span class='ocrx_word' id='word_1_443' title='bbox 971 1819 1016 1848; x_wconf 89' lang='lat' dir='ltr'><strong>los</strong></span> <span class='ocrx_word' id='word_1_444' title='bbox 1032 1828 1133 1848; x_wconf 84' lang='lat' dir='ltr'><strong>eorum</strong></span> <span class='ocrx_word' id='word_1_445' title='bbox 1149 1821 1201 1856; x_wconf 88' lang='lat' dir='ltr'><strong>qui</strong></span> <span class='ocrx_word' id='word_1_446' title='bbox 1217 1821 1325 1848; x_wconf 80' lang='lat' dir='ltr'><strong>famam</strong></span> <span class='ocrx_word' id='word_1_447' title='bbox 1342 1821 1441 1856; x_wconf 81' lang='lat' dir='ltr'><strong>adepti</strong></span> <span class='ocrx_word' id='word_1_448' title='bbox 1457 1824 1526 1848; x_wconf 88' lang='lat' dir='ltr'><strong>sunt</strong></span> <span class='ocrx_word' id='word_1_449' title='bbox 1540 1822 1704 1856; x_wconf 65' lang='lat' dir='ltr'><strong>aemuletur,</strong></span> <span class='ocrx_word' id='word_1_450' title='bbox 1722 1832 1795 1851; x_wconf 90' lang='lat' dir='ltr'><strong>non-</strong></span> 
     </span>
    </p>
   </div>
   <div class='ocr_carea' id='block_1_70' title="bbox 972 1865 1796 1904">
    <p class='ocr_par' dir='ltr' id='par_1_70' title="bbox 972 1865 1796 1904">
     <span class='ocr_line' id='line_1_70' title="bbox 972 1865 1796 1904; baseline 0.006 -13"><span class='ocrx_word' id='word_1_451' title='bbox 972 1873 1123 1900; x_wconf 77' lang='lat' dir='ltr'><strong>nunquam</strong></span> <span class='ocrx_word' id='word_1_452' title='bbox 1138 1867 1203 1901; x_wconf 83' lang='lat' dir='ltr'><strong>post</strong></span> <span class='ocrx_word' id='word_1_453' title='bbox 1213 1865 1332 1892; x_wconf 84' lang='lat' dir='ltr'><strong>veniens</strong></span> <span class='ocrx_word' id='word_1_454' title='bbox 1342 1865 1467 1901; x_wconf 77' lang='lat' dir='ltr'><strong>(oportet</strong></span> <span class='ocrx_word' id='word_1_455' title='bbox 1477 1867 1553 1893; x_wconf 85' lang='lat' dir='ltr'><strong>enim</strong></span> <span class='ocrx_word' id='word_1_456' title='bbox 1565 1875 1665 1895; x_wconf 79' lang='lat' dir='ltr'><strong>verum</strong></span> <span class='ocrx_word' id='word_1_457' title='bbox 1678 1868 1796 1904; x_wconf 80' lang='lat' dir='ltr'><strong>dicere),</strong></span> 
     </span>
    </p>
   </div>
   <div class='ocr_carea' id='block_1_71' title="bbox 972 1909 1797 1948">
    <p class='ocr_par' dir='ltr' id='par_1_71' title="bbox 972 1909 1797 1948">
     <span class='ocr_line' id='line_1_71' title="bbox 972 1909 1797 1948; baseline 0.005 -12"><span class='ocrx_word' id='word_1_458' title='bbox 972 1909 1023 1936; x_wconf 84' lang='lat' dir='ltr'><strong>sed</strong></span> <span class='ocrx_word' id='word_1_459' title='bbox 1040 1909 1147 1945; x_wconf 58' lang='lat' dir='ltr'><strong>saepius</strong></span> <span class='ocrx_word' id='word_1_460' title='bbox 1164 1909 1457 1945; x_wconf 85' lang='lat' dir='ltr'><strong>transgrediens.Non</strong></span> <span class='ocrx_word' id='word_1_461' title='bbox 1474 1911 1553 1938; x_wconf 90' lang='lat' dir='ltr'><strong>enim</strong></span> <span class='ocrx_word' id='word_1_462' title='bbox 1570 1919 1654 1946; x_wconf 84' lang='lat' dir='ltr'><strong>agam</strong></span> <span class='ocrx_word' id='word_1_463' title='bbox 1673 1912 1733 1940; x_wconf 87' lang='lat' dir='ltr'><strong>utii</strong></span> <span class='ocrx_word' id='word_1_464' title='bbox 1746 1913 1797 1948; x_wconf 91' lang='lat' dir='ltr'><strong>qui</strong></span> 
     </span>
    </p>
   </div>
   <div class='ocr_carea' id='block_1_72' title="bbox 973 1952 1796 1991">
    <p class='ocr_par' dir='ltr' id='par_1_72' title="bbox 973 1952 1796 1991">
     <span class='ocr_line' id='line_1_72' title="bbox 973 1952 1796 1991; baseline 0.005 -11"><span class='ocrx_word' id='word_1_465' title='bbox 973 1952 1128 1989; x_wconf 86' lang='lat' dir='ltr'><strong>utriusque</strong></span> <span class='ocrx_word' id='word_1_466' title='bbox 1142 1954 1360 1990; x_wconf 83' lang='lat' dir='ltr'><strong>partisjudices</strong></span> <span class='ocrx_word' id='word_1_467' title='bbox 1385 1954 1491 1987; x_wconf 76' lang='lat' dir='ltr'><strong>eifecti,</strong></span> <span class='ocrx_word' id='word_1_468' title='bbox 1517 1955 1639 1991; x_wconf 61' lang='lat' dir='ltr'><strong>propria</strong></span> <span class='ocrx_word' id='word_1_469' title='bbox 1663 1964 1722 1984; x_wconf 74' lang='lat' dir='ltr'><strong>suae</strong></span> <span class='ocrx_word' id='word_1_470' title='bbox 1746 1965 1796 1985; x_wconf 51' lang='lat' dir='ltr'><strong>vo.</strong></span> 
     </span>
    </p>
   </div>
   <div class='ocr_carea' id='block_1_73' title="bbox 971 1997 1796 2035">
    <p class='ocr_par' dir='ltr' id='par_1_73' title="bbox 971 1997 1796 2035">
     <span class='ocr_line' id='line_1_73' title="bbox 971 1997 1796 2035; baseline 0.005 -10"><span class='ocrx_word' id='word_1_471' title='bbox 971 1997 1078 2025; x_wconf 87' lang='lat' dir='ltr'><strong>luntati</strong></span> <span class='ocrx_word' id='word_1_472' title='bbox 1092 1998 1297 2033; x_wconf 85' lang='lat' dir='ltr'><strong>obsequentes,</strong></span> <span class='ocrx_word' id='word_1_473' title='bbox 1325 2006 1380 2026; x_wconf 91' lang='lat' dir='ltr'><strong>non</strong></span> <span class='ocrx_word' id='word_1_474' title='bbox 1407 2007 1458 2034; x_wconf 92' lang='lat' dir='ltr'><strong>pro</strong></span> <span class='ocrx_word' id='word_1_475' title='bbox 1482 1999 1666 2035; x_wconf 84' lang='lat' dir='ltr'><strong>singulorum</strong></span> <span class='ocrx_word' id='word_1_476' title='bbox 1691 2001 1796 2029; x_wconf 86' lang='lat' dir='ltr'><strong>merito</strong></span> 
     </span>
    </p>
   </div>
   <div class='ocr_carea' id='block_1_74' title="bbox 972 2042 1796 2079">
    <p class='ocr_par' dir='ltr' id='par_1_74' title="bbox 972 2042 1796 2079">
     <span class='ocr_line' id='line_1_74' title="bbox 972 2042 1796 2079; baseline 0.005 -10"><span class='ocrx_word' id='word_1_477' title='bbox 972 2042 1112 2078; x_wconf 69' lang='lat' dir='ltr'><strong>suffragia</strong></span> <span class='ocrx_word' id='word_1_478' title='bbox 1127 2042 1273 2076; x_wconf 85' lang='lat' dir='ltr'><strong>tulerunt;</strong></span> <span class='ocrx_word' id='word_1_479' title='bbox 1298 2043 1347 2070; x_wconf 90' lang='lat' dir='ltr'><strong>sed</strong></span> <span class='ocrx_word' id='word_1_480' title='bbox 1375 2046 1462 2079; x_wconf 91' lang='lat' dir='ltr'><strong>prout</strong></span> <span class='ocrx_word' id='word_1_481' title='bbox 1484 2044 1621 2071; x_wconf 74' lang='lat' dir='ltr'><strong>doctrina:</strong></span> <span class='ocrx_word' id='word_1_482' title='bbox 1646 2047 1727 2072; x_wconf 83' lang='lat' dir='ltr'><strong>erant</strong></span> <span class='ocrx_word' id='word_1_483' title='bbox 1751 2046 1796 2073; x_wconf 95' lang='lat' dir='ltr'><strong>in-</strong></span> 
     </span>
    </p>
   </div>
   <div class='ocr_carea' id='block_1_75' title="bbox 972 2087 1798 2122">
    <p class='ocr_par' dir='ltr' id='par_1_75' title="bbox 972 2087 1798 2122">
     <span class='ocr_line' id='line_1_75' title="bbox 972 2087 1798 2122; baseline 0.004 -7"><span class='ocrx_word' id='word_1_484' title='bbox 972 2087 1056 2122; x_wconf 81' lang='lat' dir='ltr'><strong>fensi,</strong></span> <span class='ocrx_word' id='word_1_485' title='bbox 1082 2087 1123 2115; x_wconf 84' lang='lat' dir='ltr'><strong>ita</strong></span> <span class='ocrx_word' id='word_1_486' title='bbox 1147 2090 1175 2115; x_wconf 86' lang='lat' dir='ltr'><strong>et</strong></span> <span class='ocrx_word' id='word_1_487' title='bbox 1198 2087 1364 2115; x_wconf 67' lang='lat' dir='ltr'><strong>Graecorum</strong></span> <span class='ocrx_word' id='word_1_488' title='bbox 1389 2088 1583 2121; x_wconf 79' lang='lat' dir='ltr'><strong>orationibus,</strong></span> <span class='ocrx_word' id='word_1_489' title='bbox 1608 2097 1640 2117; x_wconf 88' lang='lat' dir='ltr'><strong>se</strong></span> <span class='ocrx_word' id='word_1_490' title='bbox 1665 2089 1723 2118; x_wconf 86' lang='lat' dir='ltr'><strong>illis</strong></span> <span class='ocrx_word' id='word_1_491' title='bbox 1749 2090 1798 2118; x_wconf 85' lang='lat' dir='ltr'><strong>ad-</strong></span> 
     </span>
    </p>
   </div>
   <div class='ocr_carea' id='block_1_76' title="bbox 972 2131 1796 2167">
    <p class='ocr_par' dir='ltr' id='par_1_76' title="bbox 972 2131 1796 2167">
     <span class='ocr_line' id='line_1_76' title="bbox 972 2131 1796 2167; baseline 0.002 -8"><span class='ocrx_word' id='word_1_492' title='bbox 972 2131 1117 2160; x_wconf 85' lang='lat' dir='ltr'><strong>versarios</strong></span> <span class='ocrx_word' id='word_1_493' title='bbox 1132 2134 1298 2167; x_wconf 83' lang='lat' dir='ltr'><strong>gesserunt,</strong></span> <span class='ocrx_word' id='word_1_494' title='bbox 1311 2134 1340 2159; x_wconf 91' lang='lat' dir='ltr'><strong>et</strong></span> <span class='ocrx_word' id='word_1_495' title='bbox 1356 2131 1482 2167; x_wconf 85' lang='lat' dir='ltr'><strong>propriis</strong></span> <span class='ocrx_word' id='word_1_496' title='bbox 1497 2132 1606 2160; x_wconf 80' lang='lat' dir='ltr'><strong>addicti</strong></span> <span class='ocrx_word' id='word_1_497' title='bbox 1621 2134 1796 2167; x_wconf 77' lang='lat' dir='ltr'><strong>oratoribus,</strong></span> 
     </span>
    </p>
   </div>
   <div class='ocr_carea' id='block_1_77' title="bbox 974 2175 1796 2214">
    <p class='ocr_par' dir='ltr' id='par_1_77' title="bbox 974 2175 1796 2214">
     <span class='ocr_line' id='line_1_77' title="bbox 974 2175 1796 2214; baseline 0.004 -11"><span class='ocrx_word' id='word_1_498' title='bbox 974 2179 1007 2203; x_wconf 91' lang='lat' dir='ltr'><strong>ut</strong></span> <span class='ocrx_word' id='word_1_499' title='bbox 1017 2180 1171 2204; x_wconf 83' lang='lat' dir='ltr'><strong>extraneos</strong></span> <span class='ocrx_word' id='word_1_500' title='bbox 1182 2175 1249 2203; x_wconf 87' lang='lat' dir='ltr'><strong>illos</strong></span> <span class='ocrx_word' id='word_1_501' title='bbox 1260 2177 1433 2211; x_wconf 80' lang='lat' dir='ltr'><strong>rejecerunt.</strong></span> <span class='ocrx_word' id='word_1_502' title='bbox 1452 2178 1515 2204; x_wconf 91' lang='lat' dir='ltr'><strong>Non</strong></span> <span class='ocrx_word' id='word_1_503' title='bbox 1532 2177 1586 2205; x_wconf 85' lang='lat' dir='ltr'><strong>hoc</strong></span> <span class='ocrx_word' id='word_1_504' title='bbox 1602 2186 1655 2214; x_wconf 87' lang='lat' dir='ltr'><strong>ego</strong></span> <span class='ocrx_word' id='word_1_505' title='bbox 1671 2178 1796 2212; x_wconf 74' lang='lat' dir='ltr'><strong>faciam;</strong></span> 
     </span>
    </p>
   </div>
   <div class='ocr_carea' id='block_1_78' title="bbox 974 2221 1800 2251">
    <p class='ocr_par' dir='ltr' id='par_1_78' title="bbox 974 2221 1800 2251">
     <span class='ocr_line' id='line_1_78' title="bbox 974 2221 1800 2251; baseline 0.001 -2"><span class='ocrx_word' id='word_1_506' title='bbox 974 2229 1032 2249; x_wconf 90' lang='lat' dir='ltr'><strong>non</strong></span> <span class='ocrx_word' id='word_1_507' title='bbox 1049 2221 1090 2248; x_wconf 82' lang='lat' dir='ltr'><strong>ita</strong></span> <span class='ocrx_word' id='word_1_508' title='bbox 1105 2221 1241 2251; x_wconf 61' lang='lat' dir='ltr'><strong>caecutio:</strong></span> <span class='ocrx_word' id='word_1_509' title='bbox 1257 2222 1307 2249; x_wconf 85' lang='lat' dir='ltr'><strong>sed</strong></span> <span class='ocrx_word' id='word_1_510' title='bbox 1324 2221 1487 2248; x_wconf 81' lang='lat' dir='ltr'><strong>concedens</strong></span> <span class='ocrx_word' id='word_1_511' title='bbox 1502 2230 1552 2249; x_wconf 85' lang='lat' dir='ltr'><strong>eos</strong></span> <span class='ocrx_word' id='word_1_512' title='bbox 1566 2221 1623 2249; x_wconf 75' lang='lat' dir='ltr'><strong>vim</strong></span> <span class='ocrx_word' id='word_1_513' title='bbox 1641 2222 1670 2250; x_wconf 91' lang='lat' dir='ltr'><strong>in</strong></span> <span class='ocrx_word' id='word_1_514' title='bbox 1695 2223 1800 2250; x_wconf 84' lang='lat' dir='ltr'><strong>oratio-</strong></span> 
     </span>
    </p>
   </div>
   <div class='ocr_carea' id='block_1_79' title="bbox 974 2265 1798 2300">
    <p class='ocr_par' dir='ltr' id='par_1_79' title="bbox 974 2265 1798 2300">
     <span class='ocr_line' id='line_1_79' title="bbox 974 2265 1798 2300; baseline 0.002 -7"><span class='ocrx_word' id='word_1_515' title='bbox 974 2265 1061 2293; x_wconf 85' lang='lat' dir='ltr'><strong>nibus</strong></span> <span class='ocrx_word' id='word_1_516' title='bbox 1074 2265 1182 2293; x_wconf 81' lang='lat' dir='ltr'><strong>habere</strong></span> <span class='ocrx_word' id='word_1_517' title='bbox 1197 2269 1225 2293; x_wconf 85' lang='lat' dir='ltr'><strong>et</strong></span> <span class='ocrx_word' id='word_1_518' title='bbox 1239 2265 1365 2293; x_wconf 87' lang='lat' dir='ltr'><strong>multum</strong></span> <span class='ocrx_word' id='word_1_519' title='bbox 1381 2265 1442 2293; x_wconf 85' lang='lat' dir='ltr'><strong>sive</strong></span> <span class='ocrx_word' id='word_1_520' title='bbox 1457 2266 1522 2300; x_wconf 75' lang='lat' dir='ltr'><strong>arti,</strong></span> <span class='ocrx_word' id='word_1_521' title='bbox 1540 2266 1599 2294; x_wconf 86' lang='lat' dir='ltr'><strong>sive</strong></span> <span class='ocrx_word' id='word_1_522' title='bbox 1615 2266 1693 2294; x_wconf 84' lang='lat' dir='ltr'><strong>ultra</strong></span> <span class='ocrx_word' id='word_1_523' title='bbox 1706 2269 1798 2295; x_wconf 81' lang='lat' dir='ltr'><strong>artem</strong></span> 
     </span>
    </p>
   </div>
   <div class='ocr_carea' id='block_1_80' title="bbox 974 2309 1798 2345">
    <p class='ocr_par' dir='ltr' id='par_1_80' title="bbox 974 2309 1798 2345">
     <span class='ocr_line' id='line_1_80' title="bbox 974 2309 1798 2345; baseline 0.001 -7"><span class='ocrx_word' id='word_1_524' title='bbox 974 2309 1116 2338; x_wconf 87' lang='lat' dir='ltr'><strong>orationis</strong></span> <span class='ocrx_word' id='word_1_525' title='bbox 1131 2309 1266 2345; x_wconf 63' lang='lat' dir='ltr'><strong>potentia;</strong></span> <span class='ocrx_word' id='word_1_526' title='bbox 1282 2309 1454 2342; x_wconf 81' lang='lat' dir='ltr'><strong>contulisse,</strong></span> <span class='ocrx_word' id='word_1_527' title='bbox 1470 2310 1509 2337; x_wconf 79' lang='lat' dir='ltr'><strong>ita</strong></span> <span class='ocrx_word' id='word_1_528' title='bbox 1533 2311 1689 2338; x_wconf 87' lang='lat' dir='ltr'><strong>discrimen</strong></span> <span class='ocrx_word' id='word_1_529' title='bbox 1714 2311 1798 2339; x_wconf 84' lang='lat' dir='ltr'><strong>insti-</strong></span> 
     </span>
    </p>
   </div>
   <div class='ocr_carea' id='block_1_81' title="bbox 973 2353 1797 2391">
    <p class='ocr_par' dir='ltr' id='par_1_81' title="bbox 973 2353 1797 2391">
     <span class='ocr_line' id='line_1_81' title="bbox 973 2353 1797 2391; baseline 0.002 -10"><span class='ocrx_word' id='word_1_530' title='bbox 973 2357 1059 2382; x_wconf 84' lang='lat' dir='ltr'><strong>tuens</strong></span> <span class='ocrx_word' id='word_1_531' title='bbox 1093 2357 1122 2381; x_wconf 90' lang='lat' dir='ltr'><strong>et</strong></span> <span class='ocrx_word' id='word_1_532' title='bbox 1155 2353 1212 2382; x_wconf 82' lang='lat' dir='ltr'><strong>alia</strong></span> <span class='ocrx_word' id='word_1_533' title='bbox 1240 2354 1306 2382; x_wconf 87' lang='lat' dir='ltr'><strong>aliis</strong></span> <span class='ocrx_word' id='word_1_534' title='bbox 1341 2362 1505 2390; x_wconf 89' lang='lat' dir='ltr'><strong>opponens,</strong></span> <span class='ocrx_word' id='word_1_535' title='bbox 1530 2355 1671 2391; x_wconf 77' lang='lat' dir='ltr'><strong>suﬂ‘ragia</strong></span> <span class='ocrx_word' id='word_1_536' title='bbox 1694 2355 1797 2391; x_wconf 83' lang='lat' dir='ltr'><strong>feram,</strong></span> 
     </span>
    </p>
   </div>
   <div class='ocr_carea' id='block_1_82' title="bbox 975 2398 1800 2435">
    <p class='ocr_par' dir='ltr' id='par_1_82' title="bbox 975 2398 1800 2435">
     <span class='ocr_line' id='line_1_82' title="bbox 975 2398 1800 2435; baseline 0.004 -9"><span class='ocrx_word' id='word_1_537' title='bbox 975 2399 1086 2427; x_wconf 88' lang='lat' dir='ltr'><strong>addens</strong></span> <span class='ocrx_word' id='word_1_538' title='bbox 1101 2398 1272 2434; x_wconf 86' lang='lat' dir='ltr'><strong>Gregorium</strong></span> <span class='ocrx_word' id='word_1_539' title='bbox 1296 2398 1465 2434; x_wconf 88' lang='lat' dir='ltr'><strong>theologum</strong></span> <span class='ocrx_word' id='word_1_540' title='bbox 1491 2400 1568 2435; x_wconf 85' lang='lat' dir='ltr'><strong>apud</strong></span> <span class='ocrx_word' id='word_1_541' title='bbox 1594 2403 1711 2428; x_wconf 79' lang='lat' dir='ltr'><strong>nostros</strong></span> <span class='ocrx_word' id='word_1_542' title='bbox 1734 2408 1800 2429; x_wconf 81' lang='lat' dir='ltr'><strong>esse</strong></span> 
     </span>
    </p>
   </div>
   <div class='ocr_carea' id='block_1_83' title="bbox 977 2443 1800 2481">
    <p class='ocr_par' dir='ltr' id='par_1_83' title="bbox 977 2443 1800 2481">
     <span class='ocr_line' id='line_1_83' title="bbox 977 2443 1800 2481; baseline 0.001 -9"><span class='ocrx_word' id='word_1_543' title='bbox 977 2444 1054 2481; x_wconf 89' lang='lat' dir='ltr'><strong>quod</strong></span> <span class='ocrx_word' id='word_1_544' title='bbox 1080 2443 1292 2472; x_wconf 86' lang='lat' dir='ltr'><strong>Demosthenes</strong></span> <span class='ocrx_word' id='word_1_545' title='bbox 1319 2444 1348 2472; x_wconf 87' lang='lat' dir='ltr'><strong>in</strong></span> <span class='ocrx_word' id='word_1_546' title='bbox 1371 2443 1463 2472; x_wconf 84' lang='lat' dir='ltr'><strong>altera</strong></span> <span class='ocrx_word' id='word_1_547' title='bbox 1486 2447 1578 2480; x_wconf 85' lang='lat' dir='ltr'><strong>parte.</strong></span> <span class='ocrx_word' id='word_1_548' title='bbox 1604 2445 1676 2473; x_wconf 87' lang='lat' dir='ltr'><strong>Cum</strong></span> <span class='ocrx_word' id='word_1_549' title='bbox 1701 2448 1800 2473; x_wconf 88' lang='lat' dir='ltr'><strong>autem</strong></span> 
     </span>
    </p>
   </div>
   <div class='ocr_carea' id='block_1_84' title="bbox 977 2487 1801 2526">
    <p class='ocr_par' dir='ltr' id='par_1_84' title="bbox 977 2487 1801 2526">
     <span class='ocr_line' id='line_1_84' title="bbox 977 2487 1801 2526; baseline 0.002 -10"><span class='ocrx_word' id='word_1_550' title='bbox 977 2488 1036 2517; x_wconf 84' lang='lat' dir='ltr'><strong>sint</strong></span> <span class='ocrx_word' id='word_1_551' title='bbox 1050 2488 1107 2515; x_wconf 83' lang='lat' dir='ltr'><strong>tria</strong></span> <span class='ocrx_word' id='word_1_552' title='bbox 1130 2487 1304 2524; x_wconf 67' lang='lat' dir='ltr'><strong>eloquentia:</strong></span> <span class='ocrx_word' id='word_1_553' title='bbox 1329 2497 1446 2524; x_wconf 87' lang='lat' dir='ltr'><strong>genera,</strong></span> <span class='ocrx_word' id='word_1_554' title='bbox 1471 2489 1501 2516; x_wconf 90' lang='lat' dir='ltr'><strong>in</strong></span> <span class='ocrx_word' id='word_1_555' title='bbox 1521 2489 1657 2524; x_wconf 83' lang='lat' dir='ltr'><strong>judiciali</strong></span> <span class='ocrx_word' id='word_1_556' title='bbox 1681 2490 1801 2526; x_wconf 87' lang='lat' dir='ltr'><strong>quidem</strong></span> 
     </span>
    </p>
   </div>
   <div class='ocr_carea' id='block_1_85' title="bbox 976 2532 1803 2565">
    <p class='ocr_par' dir='ltr' id='par_1_85' title="bbox 976 2532 1803 2565">
     <span class='ocr_line' id='line_1_85' title="bbox 976 2532 1803 2565; baseline 0.002 -5"><span class='ocrx_word' id='word_1_557' title='bbox 976 2532 1185 2560; x_wconf 82' lang='lat' dir='ltr'><strong>celeberrimus</strong></span> <span class='ocrx_word' id='word_1_558' title='bbox 1203 2532 1423 2565; x_wconf 84' lang='lat' dir='ltr'><strong>Demosthenes,</strong></span> <span class='ocrx_word' id='word_1_559' title='bbox 1436 2534 1465 2561; x_wconf 85' lang='lat' dir='ltr'><strong>et</strong></span> <span class='ocrx_word' id='word_1_560' title='bbox 1479 2533 1509 2560; x_wconf 91' lang='lat' dir='ltr'><strong>in</strong></span> <span class='ocrx_word' id='word_1_561' title='bbox 1524 2533 1655 2562; x_wconf 84' lang='lat' dir='ltr'><strong>consiiiis</strong></span> <span class='ocrx_word' id='word_1_562' title='bbox 1672 2533 1803 2562; x_wconf 89' lang='lat' dir='ltr'><strong>omnium</strong></span> 
     </span>
    </p>
   </div>
   <div class='ocr_carea' id='block_1_86' title="bbox 977 2576 1802 2614">
    <p class='ocr_par' dir='ltr' id='par_1_86' title="bbox 977 2576 1802 2614">
     <span class='ocr_line' id='line_1_86' title="bbox 977 2576 1802 2614; baseline 0.005 -11"><span class='ocrx_word' id='word_1_563' title='bbox 977 2576 1101 2604; x_wconf 85' lang='lat' dir='ltr'><strong>aliorum</strong></span> <span class='ocrx_word' id='word_1_564' title='bbox 1125 2576 1323 2612; x_wconf 79' lang='lat' dir='ltr'><strong>peritissimus</strong></span> <span class='ocrx_word' id='word_1_565' title='bbox 1348 2579 1401 2610; x_wconf 83' lang='lat' dir='ltr'><strong>est,</strong></span> <span class='ocrx_word' id='word_1_566' title='bbox 1427 2578 1462 2604; x_wconf 91' lang='lat' dir='ltr'><strong>ad</strong></span> <span class='ocrx_word' id='word_1_567' title='bbox 1489 2578 1680 2614; x_wconf 76' lang='lat' dir='ltr'><strong>panegyricos</strong></span> <span class='ocrx_word' id='word_1_568' title='bbox 1704 2580 1802 2606; x_wconf 85' lang='lat' dir='ltr'><strong>autem</strong></span> 
     </span>
    </p>
   </div>
   <div class='ocr_carea' id='block_1_87' title="bbox 978 2621 1804 2657">
    <p class='ocr_par' dir='ltr' id='par_1_87' title="bbox 978 2621 1804 2657">
     <span class='ocr_line' id='line_1_87' title="bbox 978 2621 1804 2657; baseline 0.001 -9"><span class='ocrx_word' id='word_1_569' title='bbox 978 2621 1124 2649; x_wconf 77' lang='lat' dir='ltr'><strong>orationes</strong></span> <span class='ocrx_word' id='word_1_570' title='bbox 1141 2621 1283 2653; x_wconf 78' lang='lat' dir='ltr'><strong>delectus,</strong></span> <span class='ocrx_word' id='word_1_571' title='bbox 1299 2623 1327 2648; x_wconf 86' lang='lat' dir='ltr'><strong>et</strong></span> <span class='ocrx_word' id='word_1_572' title='bbox 1343 2621 1399 2648; x_wconf 87' lang='lat' dir='ltr'><strong>sibi</strong></span> <span class='ocrx_word' id='word_1_573' title='bbox 1413 2625 1442 2649; x_wconf 84' lang='lat' dir='ltr'><strong>et</strong></span> <span class='ocrx_word' id='word_1_574' title='bbox 1457 2621 1523 2650; x_wconf 85' lang='lat' dir='ltr'><strong>aliis</strong></span> <span class='ocrx_word' id='word_1_575' title='bbox 1538 2622 1658 2650; x_wconf 75' lang='lat' dir='ltr'><strong>inferior</strong></span> <span class='ocrx_word' id='word_1_576' title='bbox 1673 2625 1735 2657; x_wconf 86' lang='lat' dir='ltr'><strong>est;</strong></span> <span class='ocrx_word' id='word_1_577' title='bbox 1760 2622 1804 2650; x_wconf 92' lang='lat' dir='ltr'><strong>illi</strong></span> 
     </span>
    </p>
   </div>
   <div class='ocr_carea' id='block_1_88' title="bbox 977 2665 1803 2703">
    <p class='ocr_par' dir='ltr' id='par_1_88' title="bbox 977 2665 1803 2703">
     <span class='ocr_line' id='line_1_88' title="bbox 977 2665 1803 2703; baseline 0.001 -10"><span class='ocrx_word' id='word_1_578' title='bbox 977 2669 1075 2694; x_wconf 83' lang='lat' dir='ltr'><strong>autem</strong></span> <span class='ocrx_word' id='word_1_579' title='bbox 1091 2665 1245 2701; x_wconf 87' lang='lat' dir='ltr'><strong>oppositus</strong></span> <span class='ocrx_word' id='word_1_580' title='bbox 1259 2665 1427 2702; x_wconf 86' lang='lat' dir='ltr'><strong>Gregorius,</strong></span> <span class='ocrx_word' id='word_1_581' title='bbox 1439 2674 1472 2694; x_wconf 91' lang='lat' dir='ltr'><strong>eo</strong></span> <span class='ocrx_word' id='word_1_582' title='bbox 1483 2665 1685 2695; x_wconf 83' lang='lat' dir='ltr'><strong>laudationum</strong></span> <span class='ocrx_word' id='word_1_583' title='bbox 1697 2675 1803 2703; x_wconf 80' lang='lat' dir='ltr'><strong>genere</strong></span> 
     </span>
    </p>
   </div>
   <div class='ocr_carea' id='block_1_89' title="bbox 977 2710 1802 2748">
    <p class='ocr_par' dir='ltr' id='par_1_89' title="bbox 977 2710 1802 2748">
     <span class='ocr_line' id='line_1_89' title="bbox 977 2710 1802 2748; baseline 0.001 -11"><span class='ocrx_word' id='word_1_584' title='bbox 977 2718 1035 2738; x_wconf 83' lang='lat' dir='ltr'><strong>non</strong></span> <span class='ocrx_word' id='word_1_585' title='bbox 1051 2712 1166 2737; x_wconf 89' lang='lat' dir='ltr'><strong>tantum</strong></span> <span class='ocrx_word' id='word_1_586' title='bbox 1191 2710 1449 2738; x_wconf 85' lang='lat' dir='ltr'><strong>Demosthenicam</strong></span> <span class='ocrx_word' id='word_1_587' title='bbox 1474 2710 1675 2748; x_wconf 84' lang='lat' dir='ltr'><strong>eloquentiam</strong></span> <span class='ocrx_word' id='word_1_588' title='bbox 1700 2711 1802 2746; x_wconf 83' lang='lat' dir='ltr'><strong>vincit,</strong></span> 
     </span>
    </p>
   </div>
   <div class='ocr_carea' id='block_1_90' title="bbox 977 2754 1802 2792">
    <p class='ocr_par' dir='ltr' id='par_1_90' title="bbox 977 2754 1802 2792">
     <span class='ocr_line' id='line_1_90' title="bbox 977 2754 1802 2792; baseline 0.002 -10"><span class='ocrx_word' id='word_1_589' title='bbox 977 2755 1027 2783; x_wconf 91' lang='lat' dir='ltr'><strong>sed</strong></span> <span class='ocrx_word' id='word_1_590' title='bbox 1035 2754 1168 2790; x_wconf 83' lang='lat' dir='ltr'><strong>neque,si</strong></span> <span class='ocrx_word' id='word_1_591' title='bbox 1176 2754 1284 2791; x_wconf 65' lang='lat' dir='ltr'><strong>quaesit</strong></span> <span class='ocrx_word' id='word_1_592' title='bbox 1291 2754 1362 2783; x_wconf 85' lang='lat' dir='ltr'><strong>tuba</strong></span> <span class='ocrx_word' id='word_1_593' title='bbox 1368 2755 1604 2792; x_wconf 79' lang='lat' dir='ltr'><strong>ccelestis,quoad</strong></span> <span class='ocrx_word' id='word_1_594' title='bbox 1616 2754 1802 2784; x_wconf 82' lang='lat' dir='ltr'><strong>hancsaltem</strong></span> 
     </span>
    </p>
   </div>
  </div>
