1948 3056
157 119 216 150 903

823 116 1036 147 MICHAELIS
1058 116 1195 147 PSELLI

1803 117 1864 148 904

157 187 280 222 partem,
295 183 320 211 ei
336 191 408 211 sono
433 183 596 219 comparari
618 183 710 218 valet;
738 183 767 211 in
789 182 922 219 judiciali

1093 192 1127 217 ac,
1153 182 1345 220 πανηγυρίζειν
1369 181 1398 210 δὲ
1422 183 1624 221 προῃρημένος,
1651 183 1747 210 ἑαυτοῦ
1771 193 1801 210 τε
1816 182 1862 210 καὶ

156 233 253 258 autem
271 228 481 257 certaminibus
498 231 526 255 et
541 228 570 255 in
586 228 623 255 iis
638 228 821 256 orationibus
834 228 862 255 in
874 227 983 263 quibus

156 274 278 302 consilia
293 273 434 310 disponit,
450 272 528 300 valet
544 281 610 300 cum
628 272 678 300 illo
694 273 851 300 decertare.
868 272 929 304 Quo
954 271 982 298 in

154 327 260 355 genere
284 317 486 346 Demosthenis
511 317 678 353 eloquentia
702 325 779 344 nunc
803 316 912 351 ingenti
937 315 981 343 in-

153 371 260 391 cursus
276 363 397 390 ﬂumine
410 362 536 394 etl'ervet,
556 370 634 389 nunc
650 362 733 396 quasi
751 361 855 388 leniter
870 361 982 396 spirare

153 408 281 440 videtur,
300 409 327 434 et
345 407 458 434 minore
474 406 545 433 ﬂatu
563 407 663 433 utitur.
681 406 820 442 Gregorio
837 408 934 433 autem
952 405 981 432 in

153 452 312 480 certamine
328 451 493 487 procedenti
510 450 586 485 viget
601 450 703 483 oratio,
720 456 746 478 et
772 451 885 477 ictuum
911 451 976 484 ejus

153 496 220 524 finis
236 496 320 532 quasi
344 495 541 530 cataclysmus
564 497 611 522 est
635 503 692 530 quo
718 495 866 528 defertur;
889 494 981 521 variat

152 547 250 573 autem
262 543 435 580 judicialem
461 543 623 571 orationem
649 543 811 580 hypaltgis
836 545 863 570 et
888 545 980 570 meta-

151 589 261 626 phoris,
277 588 336 617 alia
351 588 479 624 periodis
495 588 685 620 concludens,
702 587 759 615 alia
775 588 880 623 spiritu
908 596 979 623 pan-

151 635 233 662 dens.
246 633 279 661 Et
295 634 330 661 ad
347 641 462 660 omnem
481 632 602 660 Atticam
620 640 734 660 musam
752 632 898 668 propriam
916 640 978 659 ora-

149 679 258 706 tionem
276 677 394 713 polivit;
413 677 508 712 magis
523 680 621 704 autem
646 677 799 704 Aristidem
826 677 924 710 refert,
950 678 979 703 et

153 731 222 750 eum
237 722 368 750 omnium
382 721 510 749 maxime
527 721 659 748 imitatus
683 729 747 748 esse
772 721 895 753 videtur,
921 720 978 748 nisi

153 769 252 795 tamen
279 766 355 802 quod
380 766 494 793 Aristiis
521 766 640 800 quidem
673 765 840 800 eloquentia
874 767 976 800 tonat,

153 811 270 848 fulgura
283 819 350 838 vero
366 818 424 838 non
440 810 564 844 emittit;
583 809 686 837 miscet
701 810 778 837 enim
804 817 889 837 aures
914 818 975 836 om-

1037 228 1090 253 τῶν
1119 225 1211 253 ἄλλων
1241 226 1360 254 ἐλάττων
1388 226 1456 254 ἐστίν
1475 238 1481 244 ι
1508 228 1522 255 ὁ
1547 226 1576 254 δὲ
1605 228 1742 259 ἀντίθετος
1771 227 1862 263 τούτῳ

1038 271 1267 308 Γρηγόριος,τήν
1299 271 1344 308 μὶν
1370 273 1559 309 πανηγυρικὴν
1588 270 1671 306 ἰδίαν,
1694 272 1726 300 οὗ
1740 273 1789 306 τήν
1809 276 1863 307 Δη-

1040 315 1202 350 μοσθενικήν
1221 315 1303 351 μόνον
1330 315 1454 352 γλῶτταν
1483 313 1704 352 ὑπερηκόντισεν,
1725 315 1789 342 ἀλλ’
1805 314 1864 342 οὐδ’

1038 358 1059 386 εἰ
1087 357 1142 386 ἔστι
1164 369 1205 389 τις
1234 358 1348 397 σάλπιγξ
1375 359 1511 396 οὗρανιος,
1534 359 1676 396 ἐκείνῳ.δὴ
1706 360 1862 398 ἀνηχῆσαι

1037 403 1146 430 δύναται
1165 403 1232 430 κατά
1259 414 1289 441 γε
1311 406 1392 431 τοῦτο
1416 404 1497 440 μέρος
1515 413 1521 420 ·
1551 405 1618 440 πρὸς
1643 403 1672 432 δέ
1692 415 1721 442 γε
1737 404 1862 432 δικαστι-

1035 447 1099 480 κοὺς
1119 449 1223 485 ἀγωνας
1248 448 1293 475 καὶ
1319 447 1344 475 ἐν
1373 449 1412 480 οἷς
1440 448 1488 479 τὰς
1513 447 1670 485 συμϐουλὰς
1700 448 1860 483 διατίθεται,

1036 497 1128 528 ἱκανὸς
1154 496 1249 533 ἐκείνῳ
1274 496 1519 534 διαμιλλήσασθαι.
1548 497 1634 526 Ἀλλὰ
1660 501 1701 534 τῷ
1731 499 1778 535 μὶν
1805 503 1860 534 Δη-

1037 542 1160 578 μοσθένει
1190 541 1252 579 περῖ
1276 543 1359 569 ταῦτα
1389 543 1406 576 ἡ
1435 541 1545 579 γλῶττα
1571 544 1616 569 νῦν
1646 543 1693 579 μὲν
1724 541 1859 580 καχλάζει

1033 585 1185 621 πολλῷτῷ
1210 585 1322 623 ῥεύματι
1346 589 1396 620 τῆς
1416 585 1592 624 καταδρομῆς
1607 587 1756 625 χρωμένῳ,
1782 587 1859 619 αὖθις

1034 629 1062 657 δὶ
1086 633 1234 667 παραπνεῖν
1259 631 1314 658 οἷον
1336 629 1418 663 ἔοικε,
1440 631 1484 658 καὶ
1509 631 1632 659 ἐλάττονι
1653 634 1694 668 τῷ
1722 632 1858 668 πνεύματι

1033 677 1157 712 χρῆται·
1181 677 1221 710 τῷ
1245 675 1394 712 Γρηγορέῳ
1419 674 1447 702 δὶ
1475 676 1601 712 προϊὸντι
1625 675 1651 703 έν
1675 679 1734 708 τοῖς
1757 676 1858 714 ἄγωσιν

1032 719 1146 755 ἀκμάζει
1165 718 1272 755 μᾶλλον
1295 719 1308 746 ὁ
1324 719 1408 756 λόγος
1430 719 1474 747 καὶ
1495 720 1526 747 τὸ
1551 720 1634 758 πέρας
1650 720 1724 756 αὖτῷ
1739 724 1788 756 τῆς
1808 732 1858 748 κα-

1030 767 1150 802 ταφορᾶς
1166 764 1223 790 οἶόν
1238 774 1279 794 τις
1302 763 1493 800 κατακλυσμός
1519 764 1574 792 ἐστι
1599 766 1659 797 καθ’
1677 764 1708 792 οὖ
1723 766 1832 804 φέρεται
1851 776 1857 782 ·

1031 806 1169 836 ποικίλλει
1183 819 1213 835 τε
1234 808 1280 835 τὸν
1303 808 1482 845 ἀγωνιστικὸν
1509 808 1590 846 λόγον
1617 808 1790 847 ὑπαλλαγαῖς
1811 810 1856 837 καὶ

147 864 200 883 nes
214 855 276 883 suis
300 854 484 891 argumentis
516 863 573 882 non
603 854 702 881 minus
731 862 820 889 quam
851 853 912 881 Peri

1087 855 1206 891 ιφοραῖς,
1236 853 1269 880 τὰ
1297 853 1343 889 μὶν
1371 851 1469 880 κλείων
1494 856 1555 884 ταῖς
1583 853 1733 891 περιόδοις,
1763 855 1798 882 τὰ
1827 853 1856 882 δὲ

145 900 296 934 Graeciam,
313 899 363 926 sed
373 898 543 926 eorumdem
553 900 793 934 argumentorum
801 898 973 926 elaboratio-

146 945 234 972 nibus
249 944 399 971 auditores
416 943 514 976 satiat,
532 945 560 970 et
577 943 784 978 unusquisque
804 942 889 970 vellet
911 951 974 970 ora-

146 989 218 1016 toris
234 988 367 1024 linguam
385 987 537 1020 inhibere;
563 987 693 1023 Gregorii
717 990 815 1015 autem
838 987 974 1014 facundia

145 1041 298 1069 nunquam
315 1032 429 1068 fatigat,
443 1031 573 1067 undique
590 1031 708 1059 feriens.
721 1031 876 1059 Nominum
893 1031 972 1058 enim

143 1079 283 1105 venustas
299 1079 327 1104 et.
342 1076 501 1104 distributa
516 1075 662 1103 sermonis
674 1076 847 1111 compositio
858 1078 886 1103 et
897 1076 971 1111 ﬁgu-

144 1130 245 1150 rarum
261 1123 383 1149 ornatus
399 1120 472 1148 nulli
486 1120 549 1148 auri
565 1129 622 1148 non
639 1120 818 1156 voluptatem
832 1121 970 1156 praebent.

143 1170 175 1198 In
194 1170 294 1198 multis
311 1172 409 1198 autem
426 1169 590 1197 orationum
609 1169 742 1205 partibus
767 1169 885 1205 Lysiaca
911 1169 972 1197 elo-

144 1215 264 1250 quentia
280 1214 386 1242 referta
402 1216 472 1241 sunt
486 1213 551 1248 ejus
568 1214 688 1249 scripta,
705 1216 734 1241 et
749 1214 910 1249 prmacrtim
937 1222 971 1242 ea

143 1259 173 1286 in
195 1259 303 1295 quibus
320 1258 495 1295 simpliciter
511 1258 637 1285 exordiri
654 1258 781 1292 mavult;
807 1267 863 1286 non
890 1259 968 1294 quod

141 1303 284 1331 orationis
303 1302 537 1338 magnitudinem
555 1302 690 1330 consulto
707 1302 874 1336 recidit,sed
892 1303 969 1338 quod

141 1356 174 1375 ea
191 1350 235 1374 est
250 1355 320 1375 cura
345 1349 373 1375 et
397 1349 512 1381 natura,
540 1349 573 1373 ut
599 1347 638 1373 ita
661 1346 766 1374 dicam.
793 1347 970 1383 Plerumque

142 1391 289 1418 nescimus
314 1399 382 1418 eum
407 1393 436 1418 et
460 1391 640 1426 Thucydidis
665 1391 795 1426 phrasim
821 1391 967 1418 imitatum

141 1435 313 1463 esse.Citius
329 1437 427 1462 autem
444 1434 576 1471 dialogos
593 1437 750 1470 permutat,
763 1437 791 1462 et
813 1438 966 1471 postquam

142 1480 284 1508 orationis
301 1479 396 1507 ordini
412 1479 537 1507 breviter
552 1479 609 1506 vim
627 1479 724 1506 intulit
740 1482 769 1507 et
791 1488 877 1507 aures
903 1488 966 1515 per-

141 1524 278 1556 turbavit,
296 1531 414 1551 rursum
431 1523 460 1550 in
477 1531 508 1550 se
524 1523 697 1558 regreditur.
720 1523 841 1555 Quando
865 1526 963 1552 autem

140 1569 302 1596 solemnem
315 1567 447 1603 pbrasim
458 1570 552 1601 curat,
567 1576 601 1594 ex
615 1567 750 1596 [socratis
763 1567 842 1595 fonte
856 1568 963 1596 haurit.

140 1617 212 1644 Inde
228 1619 326 1644 autem
343 1616 414 1643 ideae
430 1615 541 1643 ﬂuenta
555 1616 712 1651 accipiens,
728 1624 784 1644 non
800 1617 900 1644 eodem
917 1625 967 1645 ore

142 1660 193 1688 illa
210 1660 372 1697 profundit,
394 1660 445 1687 sed
471 1659 626 1693 convolvit,
651 1662 680 1688 et
703 1663 843 1696 tanquam
873 1662 966 1689 canali

139 1705 293 1741 premit,ut
308 1704 372 1741 ipse
388 1704 529 1740 loquitur,
543 1713 694 1740 nunquam
711 1706 811 1733 sinens
826 1707 966 1734 orationis

140 1750 248 1777 flumen
265 1749 364 1777 laxum
380 1749 501 1777 effundi.
529 1749 666 1777 Herodoti
690 1757 757 1777 vero
782 1758 881 1778 musas
907 1759 964 1778 non

139 1797 170 1822 ut
185 1794 234 1822 ille
251 1794 375 1822 minutis
391 1793 543 1821 ornatibus
560 1794 788 1826 circumdat,sed
800 1803 849 1822 eas
861 1795 965 1830 dignas

136 1841 165 1867 at
180 1841 322 1875 augustas
338 1839 437 1867 efﬁcit.
454 1839 512 1866 Nec
533 1839 781 1874 quemadmodum
807 1848 840 1866 ex
862 1840 965 1868 multis

136 1885 302 1912 oratoribus
317 1884 521 1918 concinnatur,
539 1884 580 1911 sic
602 1884 638 1911 ad
664 1884 797 1920 singulas
823 1886 965 1913 orationis

135 1933 232 1965 partes
250 1930 427 1963 distribuit;
454 1930 505 1957 sed
530 1930 780 1964 quemadmodum
808 1930 887 1958 misti
916 1939 963 1958 co-

134 1974 210 2001 lores
226 1974 313 2000 aliam
337 1975 497 2008 quamdam
523 1973 684 2009 imaginem
709 1974 852 2007 efﬁciunt,
880 1977 908 2002 et
932 1983 965 2002 ea

135 2026 192 2046 non
208 2019 310 2045 eadem
328 2021 373 2045 est
387 2026 420 2045 ac
442 2017 495 2052 illi,
523 2019 573 2044 sed
602 2017 662 2045 illis
686 2017 847 2053 pulchrior,
870 2019 914 2046 sic
936 2023 965 2046 et

133 2062 263 2098 Gregorii
288 2061 455 2089 orationum
482 2061 562 2089 color
587 2069 621 2088 ex
645 2062 791 2090 sexcentis
815 2061 964 2091 coloribus

133 2106 312 2139 elI'ormatur,
329 2108 357 2134 et
371 2105 448 2134 alius
464 2110 509 2134 est
523 2114 556 2134 ac
571 2105 614 2133 illi
630 2109 658 2133 et
683 2106 774 2134 multo
799 2107 962 2143 pulchrior-

133 2155 268 2182 Extrema
284 2153 361 2182 enim
378 2162 436 2182 non
458 2163 574 2190 semper
597 2153 702 2182 mediis
727 2155 848 2182 meliora
873 2158 961 2190 sunt;

133 2198 182 2226 sed
207 2198 315 2226 accidit
340 2200 372 2226 ut
397 2207 430 2226 ea
456 2198 514 2226 illis
540 2201 688 2234 prazstent,
714 2207 778 2226 cum
806 2199 959 2236 utriusque

131 2246 260 2271 extrema
277 2243 525 2280 participentEgo
541 2242 618 2271 enim
643 2251 701 2270 non
723 2243 905 2272 diversorum
930 2247 958 2272 et

130 2287 322 2315 dissimilium
340 2288 542 2315 collectionem
559 2288 623 2321 ejus
639 2288 800 2316 orationem
818 2289 892 2322 dico,
909 2290 960 2317 sed

132 2331 308 2360 uniformem
327 2332 729 2368 naturam,quemadmodum
747 2341 814 2360 rosa
829 2342 862 2361 ex
878 2337 960 2362 terrae

131 2375 294 2403 visceribus
322 2375 380 2404 exit
403 2385 469 2404 cum
498 2385 552 2404 suo
577 2376 704 2403 naturali
731 2377 837 2411 colore,
863 2379 959 2406 multi-

132 2419 255 2447 formem
271 2428 349 2453 vero,
366 2421 389 2448 si
413 2420 481 2455 quis
505 2423 537 2448 ut
560 2420 689 2448 colorum
716 2422 884 2450 mistionem
910 2431 961 2458 per

130 2463 262 2491 diversos
290 2464 404 2492 colores
433 2467 533 2499 posset
566 2473 710 2500 separare.
743 2466 772 2493 Si
807 2466 895 2501 igitur
928 2470 959 2495 ut

130 2507 245 2535 simiam
262 2508 398 2536 videmus
415 2509 449 2536 ad
469 2509 662 2536 imitationem
679 2512 811 2545 paratam
829 2519 885 2539 non
901 2513 958 2540 mi-

129 2560 235 2580 norum
250 2555 376 2585 tantum,
393 2553 444 2581 sed
460 2555 489 2581 et
505 2553 661 2588 majorum,
687 2554 727 2582 ita
753 2557 780 2582 et
805 2555 849 2583 leo
873 2557 958 2584 terri-

128 2595 187 2623 bile
220 2596 413 2632 supercilium
447 2606 568 2625 servans
602 2598 706 2626 deinde
741 2600 776 2626 ad
804 2608 900 2627 mores
929 2603 958 2628 et

128 2639 251 2668 habitus
267 2641 390 2669 aliarum
407 2642 533 2670 ferarum
551 2651 581 2670 se
605 2647 800 2679 componeret,
827 2644 956 2680 idipsum

128 2688 208 2713 esset
223 2685 272 2713 ills
288 2686 407 2714 divinus
422 2687 474 2715 vir.
492 2687 628 2715 Oratione
643 2689 722 2716 enim
748 2688 824 2716 leoni
849 2690 956 2717 similis

127 2732 183 2764 est,
199 2730 342 2766 dignitate
358 2731 473 2768 plenus,
491 2732 642 2767 terribilis,
659 2733 849 2769 supercilium
870 2734 955 2763 attol~

126 2773 202 2809 lens,
220 2775 390 2804 inaccessas
406 2775 554 2814 plerisque
567 2777 611 2805 vel
627 2777 777 2806 difﬁcilem
803 2786 955 2808 accessum

1029 897 1145 935 ἀνοίγων
1161 899 1200 933 τῷ
1223 897 1364 933 πνεύματι.
1391 897 1440 924 Καὶ
1461 898 1527 933 πρὸς
1551 901 1636 926 πᾶσαν
1656 899 1703 935 μὲν
1725 900 1855 934 Ἄττικῆν

1030 943 1131 978 μοϋσαν
1159 942 1205 969 τὸν
1226 941 1326 969 οἷκιῖον
1353 941 1433 979 λόγον
1455 943 1589 978 ἀπέξεσεν,
1615 943 1799 970 ἀπεικόνισται
1826 943 1855 972 δὲ

1030 985 1136 1022 μᾶλλον
1167 986 1236 1023 πρὸς
1261 985 1446 1021 Ἀριστείδην,
1470 986 1515 1014 καὶ
1544 987 1666 1025 φαίνεται
1693 988 1738 1015 τὸν
1767 987 1853 1026 ἄνδρα

1027 1033 1122 1058 τοῦτον
1149 1029 1268 1066 μάλιστα
1290 1032 1344 1058 τῶν
1374 1029 1468 1058 ἄλλων
1499 1031 1659 1067 ἐζηλωκὼς,
1683 1032 1757 1066 πλὴν
1788 1032 1852 1060 ὅσον

1026 1075 1177 1111 Ἀριστείδῃ
1220 1076 1267 1112 μὶν
1312 1076 1330 1110 ἡ
1368 1075 1479 1112 γλῶττα
1509 1076 1650 1113 βροντῶσα
1684 1076 1731 1113 μέν
1767 1076 1850 1114 ἐστιν,

1026 1120 1213 1157 ἀστράπτουσα
1236 1118 1259 1146 δ’
1283 1117 1316 1146 οὔ
1334 1129 1340 1135 ·
1367 1119 1483 1156 ξυγκυκᾷ
1505 1121 1551 1156 μὶν
1573 1121 1625 1158 γὰρ
1649 1124 1734 1148 πᾶσαν
1764 1122 1850 1156 ἀκοὴν

1024 1167 1083 1196 τοῖς
1097 1164 1310 1201 ἐπιχειρήμασιν
1334 1164 1390 1201 οὐχ
1412 1163 1493 1198 ἧττον
1519 1163 1537 1199 ή
1563 1164 1700 1202 Περικλῆς
1716 1166 1766 1199 τήν
1788 1166 1851 1194 Ἑλ-

1026 1207 1104 1242 λάδα,
1146 1209 1190 1235 καὶ
1226 1210 1286 1239 ταῖς
1330 1210 1383 1235 τῶν
1423 1208 1648 1246 ἐπιχειρημάτων
1681 1209 1850 1247 ἐξεργασίαις

1024 1252 1164 1289 πλήσμιος
1188 1252 1241 1280 ἐστὶ
1268 1255 1326 1284 τοῖς
1350 1252 1497 1290 ἀκροαταῖς
1517 1253 1562 1280 καὶ
1593 1252 1716 1291 βούλοιτ’
1741 1254 1769 1281 ἂν
1786 1253 1850 1281 ἕκα-

1024 1307 1086 1328 στος
1103 1298 1151 1332 τὴν
1167 1299 1214 1324 τοῦ
1240 1297 1357 1335 ῥήτορος
1381 1297 1557 1335 ἐπισχεθῆναι
1583 1299 1674 1336 φωνήν
1691 1307 1698 1313 ⁵
1715 1301 1755 1334 τῷ
1772 1297 1802 1326 δέ
1817 1310 1849 1336 γε

1023 1342 1165 1380 Γρηγορίῳ
1180 1341 1324 1378 ἀκόρεστος
1344 1343 1361 1376 ἡ
1384 1342 1495 1379 γλῶττα
1519 1345 1661 1380 πανταχοῦ
1679 1341 1822 1379 βάλλουσα
1840 1353 1846 1360 ⁵

1023 1391 1039 1426 ἧ
1057 1401 1085 1418 τε
1099 1392 1150 1429 γὰρ
1171 1390 1319 1428 εὖγλωττία
1333 1393 1387 1418 τῶν
1410 1391 1551 1427 ὀνομάτων
1576 1392 1620 1419 καὶ
1646 1393 1663 1426 ἡ
1689 1391 1845 1430 διῃρημένη

1021 1438 1070 1462 τοῦ
1094 1435 1178 1473 λόγου
1201 1437 1321 1471 συνθήκη
1357 1435 1401 1463 καὶ
1427 1436 1453 1463 οἱ
1480 1438 1535 1463 τῶν
1565 1436 1718 1474 σχημάτων
1743 1437 1846 1473 κόσμοι

1022 1479 1138 1516 οὐδεμιᾷ
1164 1482 1220 1507 τῶν
1243 1480 1330 1507 ἀκοῶν
1363 1480 1406 1518 ἀφ’
1432 1479 1535 1514 ἡδονῆς
1566 1482 1772 1515 καθεστήκασιν.
1801 1482 1846 1510 Ἐν

1020 1523 1138 1555 πολλοῖς
1152 1523 1180 1551 δὲ
1194 1526 1242 1552 τοῦ
1258 1523 1340 1561 λόγον
1364 1524 1456 1561 μέρεσι
1474 1527 1524 1559 τῆς
1545 1528 1681 1560 Λυσιακῆς
1696 1525 1844 1561 εὐστομίας

1021 1569 1212 1604 ἐμπέπλησται
1241 1568 1314 1604 αὐτῷ
1350 1569 1383 1596 τὰ
1412 1567 1621 1606 συγγράμματα,
1650 1570 1694 1596 καὶ
1725 1570 1846 1606 μάλιστα

1020 1613 1046 1640 ἐν
1061 1614 1099 1644 οἷς
1125 1613 1234 1652 ἀφελῶς
1255 1614 1445 1650 προοιμιάζειν
1470 1613 1637 1651 προῄρηται,
1663 1613 1717 1651 οὐχ
1739 1615 1776 1646 ὡς
1797 1625 1846 1642 κο-

1021 1658 1110 1692 λάζων
1139 1660 1187 1684 τοῦ
1213 1657 1297 1694 ιόγου
1324 1657 1355 1685 τὸ
1381 1657 1493 1695 μέγεθος
1518 1656 1682 1693 ἐξεπίτηδες,
1711 1657 1776 1687 ἀλλ’
1804 1659 1844 1690 ὡς

1021 1702 1107 1733 οὕτως
1123 1699 1208 1739 ἔχων,
1234 1702 1331 1736 simia,
1354 1701 1471 1738 μελέτης
1497 1701 1542 1729 καὶ
1572 1702 1688 1741 φύσεως.
1715 1703 1846 1735 Λανθάνει

1021 1745 1049 1774 δὶ
1063 1747 1096 1774 τὰ
1111 1746 1205 1774 πολλὰ
1214 1746 1259 1774 καὶ
1274 1747 1325 1781 τὴν
1349 1745 1513 1774 Θουκυδίδου
1535 1746 1630 1785 φράσιν
1647 1747 1821 1784 μιμούμενος
1837 1758 1844 1764 ·

1020 1797 1049 1823 θ·
1145 1794 1248 1822 an
1352 1794 1570 1822 λ’“λλσ

1036 1806 1114 1823 αττον
1163 1805 1174 1822 ε
1200 1806 1247 1822 τα.
1274 1805 1349 1822 κοινο
1372 1806 1448 1832 ογιας
1472 1803 1516 1823 οια
1558 1805 1641 1830 αττει,
1670 1807 1725 1829 και,
1755 1797 1846 1834 βραχυ

1019 1852 1044 1868 τι
1059 1841 1226 1878 τυραννήσας
1249 1842 1297 1867 τοῦ
1323 1839 1409 1877 λόγου
1433 1841 1483 1874 τὴν
1512 1840 1632 1876 σύνταξιν
1656 1840 1701 1867 καὶ
1718 1839 1847 1878 διαθορυ-

1020 1884 1104 1920 ϐήσας
1134 1886 1183 1919 τήν
1212 1885 1307 1918 ἀκοὴν,
1330 1884 1367 1915 εἰς
1393 1885 1485 1912 ἑαυτὸν
1516 1885 1591 1916 αὖθις
1620 1885 1845 1913 ἀποκαθίσταται.

1018 1931 1102 1962 "Evasi
1131 1929 1160 1957 δὲ
1187 1930 1237 1963 τήν
1273 1930 1372 1965 σεμνὴν
1411 1929 1505 1968 φράσιν
1545 1928 1710 1965 ἐπιτηδεύει,
1739 1929 1769 1958 ἐκ
1796 1932 1847 1964 τῆς

1019 1975 1189 2012 Ἰσοκράτους
1219 1977 1312 2011 πηγῆς
1339 1973 1506 2011 ἀπαρύεται·
1547 1973 1645 2006 ἐκεῖθεν
1677 1973 1705 2001 δὲ
1735 1972 1846 2010 λαμϐάο

1018 2030 1071 2046 νων
1095 2023 1145 2054 τῆς
1172 2017 1244 2049 ἰδέας
1266 2018 1298 2046 τὰ
1323 2018 1439 2054 νάματα,
1470 2017 1518 2046 οὐκ
1542 2018 1594 2045 ἀπὸ
1619 2021 1668 2046 τοῦ
1688 2018 1746 2046 ἴσου
1761 2021 1846 2047 ταῦτα

1019 2066 1163 2101 προχεῖται
1193 2063 1340 2099 στόματος,
1368 2061 1442 2090 ἀλλὰ
1470 2063 1610 2101 συστρέφει
1638 2063 1682 2090 καὶ
1712 2073 1845 2101 σορογγυ-

1018 2107 1087 2142 λίζει
1116 2107 1221 2140 σωλῆνι
1250 2107 1378 2145 σφίγγων,
1413 2107 1450 2137 ὡς
1477 2107 1559 2138 αὐτὸς
1589 2118 1680 2146 φησιν,
1710 2107 1771 2135 ἀλλ’
1794 2109 1846 2136 οὐκ

1018 2152 1114 2191 ἄφετον
1127 2152 1176 2179 ἑῶν
1202 2154 1250 2179 τοῦ
1275 2151 1358 2189 λόγου
1384 2154 1547 2189 προχεῖσθαι
1571 2152 1601 2178 τὸ
1631 2151 1729 2190 ῥεῦμα.
1744 2152 1796 2183 Τὰς
1813 2151 1843 2180 δὲ

1017 2196 1165 2234 Ἡροδότου
1191 2195 1293 2233 μούσας
1322 2196 1377 2233 οὐχ
1399 2197 1434 2227 ὡς
1460 2196 1561 2227 ἐκεῖνος
1585 2195 1762 2233 λεπτολογεῖ,
1779 2196 1843 2225 ἀλλ’

1013 2241 1197 2278 ἀξιωματικὰς
1227 2240 1367 2278 ἐργάζεται
1395 2240 1440 2267 καὶ
1466 2240 1574 2277 σεμνάς.
1603 2241 1665 2278 Οὐχ
1693 2241 1783 2277 ὥσπερ
1811 2240 1842 2269 δὶ

1016 2286 1046 2314 ἐκ
1073 2285 1187 2314 πολλῶν
1219 2284 1342 2323 ρητόρων
1365 2284 1515 2322 ἥρμοσται,
1546 2285 1617 2312 οὕτω
1643 2284 1676 2319 δὴ
1702 2286 1747 2312 καὶ
1771 2285 1842 2323 πρὸς

1014 2328 1123 2358 ἕκαστον
1139 2330 1182 2357 ἐπὶ
1208 2331 1260 2356 τῶν
1290 2331 1339 2356 τοῦ
1368 2328 1454 2366 λόγου
1486 2331 1576 2366 μερῶν
1602 2328 1730 2366 διῄρηται
1752 2337 1760 2346 ·
1777 2329 1842 2357 ἀλλ’

1015 2375 1105 2411 ὥσπερ
1135 2375 1167 2401 τὰ
1194 2373 1430 2411 συγκεραννύμενα
1458 2373 1594 2411 χρώματα
1618 2372 1689 2401 ἄλλο
1718 2384 1744 2401 τι
1768 2373 1843 2406 εἶδος

1013 2426 1096 2458 ποιεῖ,
1113 2423 1158 2450 καὶ
1181 2421 1235 2450 ἔστι
1260 2424 1340 2449 τοῦτο
1366 2422 1420 2460 οὐχ
1443 2422 1499 2449 οἶον
1524 2422 1623 2456 ἐκεῖνα,
1640 2421 1702 2449 ἀλλ’
1719 2421 1793 2449 ἓσυιν
1810 2422 1842 2450 οὗ

1013 2467 1127 2496 κάλλιον
1143 2467 1174 2494 τὸ
1189 2467 1217 2501 ῧξ
1233 2466 1341 2494 ἐκείνων
1367 2467 1456 2494 αὐτῶν
1473 2466 1505 2501 δὴ
1519 2466 1636 2500 τούτων,
1653 2466 1724 2494 οὕτω
1741 2465 1775 2501 δὴ
1795 2467 1841 2494 καὶ

1012 2513 1043 2540 τὸ
1068 2511 1220 2550 Γρηρορίου
1242 2513 1344 2548 χρῶμα
1367 2513 1416 2538 τοῦ
1440 2510 1526 2548 λόγου
1554 2510 1705 2546 διήνθισται
1732 2512 1779 2548 μὶν
1813 2511 1843 2539 ἐκ

1015 2557 1118 2595 μυρίων
1144 2556 1315 2594 χρωμάτων,
1337 2554 1392 2582 ἔστι
1416 2554 1444 2583 δὲ
1459 2555 1530 2583 ἄλλο
1553 2566 1578 2582 τι
1603 2556 1676 2592 παρὰ
1698 2558 1784 2583 ταῦτα
1795 2557 1842 2584 καὶ

1011 2601 1127 2629 κάλλιον
1158 2599 1265 2627 ἐκείνων
1295 2599 1368 2636 παρᾶ
1393 2599 1475 2627 πολύ.
1500 2599 1536 2626 Οὐ
1560 2600 1610 2637 γὰρ
1635 2600 1662 2626 αἱ
1691 2600 1842 2636 ἀκρότητες

1012 2647 1050 2674 ἀεὶ
1065 2645 1202 2683 κρείττους
1216 2645 1268 2670 τῶν
1297 2643 1385 2680 μέσων
1404 2653 1410 2660 ’
1439 2642 1502 2671 ἀλλ’
1528 2643 1598 2671 ἔστιν
1627 2644 1657 2670 οὗ
1671 2643 1754 2671 τοῦτο
1774 2655 1839 2671 συν-

1012 2690 1171 2729 αμφοτέρων
1201 2691 1304 2725 κρατεῖ.
1332 2689 1435 2725 ¹Έγωγ¹
1459 2687 1504 2715 οὖν
1529 2687 1591 2715 οὖδὶ
1614 2688 1762 2725 συναίρεμα
1785 2688 1839 2716 ἆλ-

1011 2735 1129 2772 λοτρίων
1145 2733 1189 2761 καὶ
1205 2731 1342 2771 διαφόρων
1368 2734 1413 2759 τὸν
1439 2732 1541 2759 ἐκείνου
1563 2731 1647 2770 λόγον
1664 2733 1748 2771 φῃμὶ,
1764 2731 1841 2761 ἀλλᾶ

1013 2777 1140 2816 μονοειδῆ
1159 2778 1206 2814 μὲν
1228 2778 1278 2812 τήν
1302 2777 1393 2815 φύσιν,
1416 2777 1507 2814 ὥσπερ
1532 2775 1565 2812 δὴ
1591 2777 1622 2805 τὸ
1638 2776 1718 2815 ῥόδον
1735 2777 1837 2805 ἐκτῶν
