1951 3054
53 99 114 129 905

504 98 555 129 DE
578 98 776 129 GREGORIO
798 97 1019 137 THEOLOGO,
1045 97 1213 138 BASILIO,
1237 99 1322 130 ETC.

1708 102 1767 134 906

50 169 103 201 τῆς
127 169 180 204 γῆς
208 166 333 203 λαγόνων
354 164 436 193 ἄνεισι
460 166 527 202 μετὰ
547 167 596 193 to?)
622 167 737 203 φυσικοῦ
761 165 878 203 χρώμα-

984 167 1088 200 ebens;
1105 167 1209 195 deinde
1225 169 1253 195 et
1276 168 1410 196 omnium
1426 168 1552 196 ferarum
1577 177 1676 198 vocem
1693 170 1764 200 imi.’

50 222 112 246 τος,
128 209 262 245 πολυείδῆ
280 210 318 245 δὲ,
335 209 362 238 εἴ
373 221 414 242 τις
435 211 472 241 ὡς
499 211 588 248 μίγμα
602 211 634 238 τὸ
647 213 751 248 χρῶμα
767 209 880 247 διαιρεῖν

54 254 166 284 δύναιτο
180 255 248 293 πρὸς
264 254 411 294 διαφόρους
438 256 537 292 χροιὰς
560 254 585 290 ἐξ
606 254 642 282 ὧν
660 253 689 282 ἄν
704 265 746 285 τις
758 255 880 282 τοιοῦτὸν

51 301 228 338 τεχνήσαιτο.
247 300 277 327 Ei
295 301 341 335 μὲν
368 299 413 326 οὖν
436 297 526 336 ὥσπερ
550 299 599 330 τὰς
618 300 753 334 πιθήκους
773 300 881 337 ὁρῶμεν

53 345 182 382 ἑτοίμους
208 344 245 376 εἷς
273 344 401 381 μίμησιν,
427 344 458 371 οὒ
481 345 534 370 τῶν
561 342 725 377 ἐλαττόνων,
750 343 880 371 ἀλλὰκαὶ

50 392 108 417 τῶν
126 388 267 426 μειζόνων,
284 387 355 416 οὕτω
371 387 404 423 δὴ
429 389 473 416 καὶ
498 389 522 415 εἲ
545 388 613 416 λέων
627 399 668 418 τις
689 387 809 426 ἐγεγόνει
827 389 883 415 σώ-

53 436 108 468 ζων
126 435 172 470 μὶν
189 433 277 469 έαυτῷ
301 433 345 460 καὶ
370 433 400 460 τὸ
428 433 561 470 βλοσυρὸν
586 432 754 468 ἐπισκύνιον,
779 433 834 460 εἶτα
848 431 881 466 δὴ

50 479 99 506 καί
127 478 195 515 πρὸς
223 477 256 505 τὰ
284 476 337 512 ἤθη
363 478 408 505 καὶ
434 478 566 515 σχήματα
588 479 642 504 τῶν
663 476 761 513 ἐτέρων
790 479 881 513 θηρῶν

52 522 244 560 μεθηρμόζετο
267 523 312 550 καὶ
334 521 460 558 ἐμιμεῖτο
483 521 631 558 ξύμπαντα,
651 521 688 557 μὴ
713 519 881 548 καταϐαίνων

49 570 101 595 τοῦ
116 566 281 603 ἀξιώματος,
298 566 363 594 αὐτὸ
387 565 417 593 ἃν
436 568 516 593 τοῦτο
540 567 572 600 ἦν
590 567 604 593 ὁ
619 567 690 598 θεῖος
706 566 786 602 ἁνήρ.
805 566 882 593 Ἐστι

53 612 103 647 μὲν
128 611 178 649 γὰρ
207 611 252 638 τὸν
279 609 363 648 λόγον
394 610 481 637 ὁπόσα
513 610 581 637 κατά
606 610 685 647 φύσιν
715 612 756 645 τῷ
781 608 881 644 λέοντι,

937 212 1027 243 tatur,
1044 213 1072 238 et
1087 220 1118 238 se
1129 212 1164 239 ad
1191 220 1435 248 unumquemque
1459 214 1610 249 componit
1625 214 1766 251 imagine,

939 255 1081 288 moribus,
1107 255 1220 283 habitu.
1248 256 1411 292 Unicuique
1436 257 1560 286 dialecto
1584 266 1671 286 suum
1700 267 1766 295 pro-

939 299 1034 335 prium
1052 300 1173 328 innectit
1189 301 1335 336 mugitum
1353 311 1360 336 ;
1386 301 1552 329 Graecorum
1579 311 1645 331 vero
1668 308 1765 332 orato-

937 353 1002 371 rum
1020 344 1146 381 quisque
1158 353 1189 373 se
1205 346 1240 373 ad
1253 354 1342 373 unam
1355 346 1496 375 orationis
1513 347 1635 375 formam
1649 356 1766 377 accom-

939 389 1062 417 modans
1079 390 1138 417 sive
1154 390 1298 418 excelsam
1315 391 1375 418 sive
1391 391 1517 419 mediam
1540 392 1600 420 sive
1614 392 1767 427 leviorem,

938 435 973 460 ad
991 442 1054 461 eam
1075 434 1166 461 solam
1176 435 1381 470 coni'ringitur.
1396 435 1474 463 Talis
1485 439 1547 464 erat
1557 436 1695 473 Gregorio
1702 446 1767 466 ora-

937 479 977 505 tio
993 487 1000 511 ',
1016 487 1178 514 omnesque
1194 479 1349 507 aemulatur
1364 482 1513 508 oratores:
1530 482 1581 516 qui
1600 482 1678 510 enim
1695 491 1768 518 pras-

938 524 983 550 ter
998 523 1064 550 illos
1092 524 1276 554 exstiterunt.
1294 524 1317 550 si
1336 527 1401 559 post
1425 525 1491 552 illos
1507 525 1638 560 quidem,
1656 526 1692 554 ab
1708 526 1768 555 illis

938 567 1065 594 mutuati
1082 570 1161 601 sunt,
1178 567 1203 594 si
1219 571 1286 595 ante
1308 568 1394 602 ﬁlios,
1412 569 1594 604 pulchriores
1619 571 1764 607 imagines

939 613 1008 638 sunt
1024 619 1113 646 quam
1130 612 1274 647 exempla.

53 655 252 692 ἀξιωματικὸς,
279 653 395 693 φοϐερὸς
423 654 570 691 βλοσυρὸς,
598 654 744 691 ἀπρόσιτος
778 656 838 685 τοῖς
875 653 994 685 πολλοῖς
1028 653 1046 688 ἤ
1083 653 1262 692 δυσπρόσιτος
1279 664 1285 671 “
1316 653 1408 683 ἔπειτα
1433 655 1461 683 δὲ
1484 656 1529 683 καὶ
1555 659 1640 685 πᾶσαν
1670 662 1769 695 μιμεῖ-

50 711 98 727 ται
125 700 223 736 θηρίοῦ
252 700 360 738 φωνὴν,
392 699 436 726 καὶ
465 699 532 734 πρὸς
562 696 673 726 ἕκαστον
699 697 929 735 διεσχημάτισται
956 701 995 734 τῷ
1010 697 1086 733 ίίδει,
1101 701 1141 735 τῷ
1156 700 1228 734 ἦΟει,
1242 702 1282 736 τῷ
1296 701 1431 738 σχήματι.
1449 702 1565 738 Ἐκάστῃ
1582 701 1611 729 δὲ
1626 701 1760 740 διαλέκτῳ

51 745 86 772 τὸ
115 744 217 772 οἰκεῖον
242 743 484 782 παρεμπέπλεκται
516 743 649 781 βρύχημα
667 753 673 759 ·
701 745 756 770 τῶν
781 742 809 770 δὲ
833 743 896 779 παρ’
925 742 1044 779 Ἕλλησι
1067 743 1190 782 ρητόρων
1215 742 1328 774 ἕκαστος
1354 745 1415 781 μίαν
1441 744 1512 773 ἰδέαν
1527 749 1576 774 τοῦ
1592 746 1676 785 λόγου
1704 754 1768 784 μιθ-

53 789 259 827 αρμοσάμενος,
291 788 307 823 ἦ
336 789 386 823 τὴν
416 788 526 826 ρψηλὴν
549 787 567 823 ἤ
596 789 645 822 τὴν
672 788 755 824 μέσην
792 786 810 822 ἤ
840 789 890 822 τήν
929 787 1043 824 λεπτὴν,
1071 789 1139 826 πρὸς
1178 789 1263 825 μόνην
1296 789 1379 824 αὐτὴν
1407 790 1603 828 ἀπεικόνισται.
1634 794 1768 824 Τοιοῦτος

56 834 106 870 μὶν
136 833 181 862 οὖν
206 836 245 869 τῷ
272 833 419 871 Γρηγορίῳ
447 833 462 860 6
492 832 585 871 λόγος,
611 833 655 860 καὶ
685 833 754 869 πρὸς
785 832 937 869 ξύμπαντας
959 831 1138 869 διαμιλλᾶται
1167 833 1233 866 τοὺς
1262 834 1379 872 ῥήτορας
1398 845 1404 852 ’
1424 835 1450 862 οἱ
1466 836 1517 872 γὰρ
1533 836 1678 874 παρὰτοὺς
1695 837 1772 875 εἷρη.
1806 859 1812 866 .

57 879 168 915 μένους,
193 878 216 905 εἰ
244 878 291 914 μὲν
323 878 381 914 μετ’
410 877 536 909 ἐκείνους·
567 876 666 909 ἐκεῖθεν
696 877 866 914 ἡρμόσαντο,
882 876 904 904 εἷ
921 876 949 904 ὃὶ
973 878 1026 916 πρὸ
1056 878 1177 914 ὲκείνων,
1192 877 1326 911 καλλίους
1341 880 1368 907 αὶ
1393 879 1494 911 εἰκόνες
1507 883 1561 908 τῶν
1577 881 1765 921 παραδειγμά-

55 933 122 952 των.

91 976 123 1013 γ’.
140 976 170 1004 Ὁ
187 974 215 1003 δέ
242 986 273 1012 γε
302 974 384 1012 μέγας
408 973 563 1006 Βασίλειος,
587 973 678 1012 ὥσπερ
704 973 737 1009 δὴ
765 977 819 1001 τῶν
837 974 883 1001 ἀν-

984 977 1000 1003 ι.
1018 976 1141 1012 Magnus
1166 979 1264 1005 autem
1295 977 1432 1010 Basilius,
1449 981 1480 1006 ut
1509 980 1609 1008 omnia
1637 981 1768 1010 humana

54 1021 202 1057 θρωπικῶν
233 1020 341 1047 πάντων
367 1020 496 1056 ὑπερορᾷ,
523 1018 595 1046 οὕτω
617 1017 650 1053 δὴ
677 1015 749 1046 ἔοικε
768 1019 882 1046 καὶτῶν

53 1065 184 1097 ἐπιθέτων
200 1067 250 1099 τῆς
273 1064 375 1101 τέχνης
398 1063 510 1099 κόσμων
533 1066 721 1101 καταφρονεῖν,
754 1063 798 1090 καὶ
817 1062 884 1100 βού-

53 1109 131 1137 λεται
149 1109 231 1139 αὐτὸς
246 1108 302 1136 οἷον
318 1107 401 1146 τέχνο
424 1118 465 1138 τις
489 1108 555 1135 εἶναι
581 1110 630 1135 τοῦ
647 1107 729 1145 λόγου
748 1118 754 1124 ·
772 1106 835 1134 ἀλλ’
851 1107 883 1134 οὐ

53 1154 124 1191 πρὸς
139 1153 238 1191 τέχνην
254 1152 327 1188 αὐτῷ
342 1152 488 1180 πλάττεται
503 1152 536 1179 τὰ
553 1152 763 1189 συγγράμματα,
775 1154 838 1182 Τοῖς
856 1150 885 1178 δὲ

56 1198 172 1236 ῥήτορσι
188 1197 390 1234 συνωμιληκὼς
407 1196 453 1224 καὶ
473 1196 603 1233 ξύμπασι,
624 1195 738 1232 δύναμιν
753 1196 800 1232 μὲν
815 1196 883 1223 ἐκεῖ⁴

55 1244 100 1270 θεν
117 1242 326 1281 λογογραφικῆς
350 1240 422 1272 ἰδέας
447 1241 590 1274 ἐσπάσατο,
613 1241 658 1268 καὶ
689 1241 797 1279 μακρῷ,
818 1240 887 1268 κατά

55 1298 90 1325 γε
104 1290 185 1315 τοῦτο
196 1287 227 1314 τὸ
245 1287 337 1324 μέρος,
353 1285 472 1317 ἐκείνους
499 1283 682 1323 ὑπερεϐάλετο
699 1295 705 1301 ”
723 1287 885 1322 κακουργεῖν

57 1331 89 1360 Si
111 1333 149 1368 μὴ
174 1332 367 1368 προῃρημένος
390 1331 452 1367 περὶ
478 1330 542 1361 τοὺς
565 1329 676 1368 λόγους,
701 1329 733 1357 οὐ
758 1329 841 1365 ζηλοῖ
853 1330 888 1357 τὰ

59 1376 155 1405 πολλὰ
168 1377 216 1407 τὰς
237 1374 406 1412 ἐμμεθόδους
428 1375 532 1402 τούτων
557 1373 713 1410 δεινότητας
731 1385 737 1390 ·
761 1375 806 1402 καί
831 1373 887 1402 ἔστι

58 1422 108 1458 μὶν
140 1421 216 1456 αὐτῷ
230 1420 243 1447 6
261 1418 344 1456 λόγος
360 1418 580 1454 ἀνεπιτήδευτος,
602 1420 702 1457 βροντᾷ
717 1418 745 1446 δὲ
766 1419 887 1456 ἀτεχνῶς

61 1465 153 1502 ὥσπερ
181 1464 211 1492 ἐκ
239 1466 338 1502 νεφῶν,
378 1464 422 1490 καὶ
464 1466 549 1491 πᾶσαν
587 1463 754 1499 ἀποκρύπτει
781 1463 885 1502 φωνήν.

60 1510 141 1538 ’Ἐστι
157 1508 186 1536 δὲ
210 1508 283 1544 αὐτῷ
308 1508 339 1536 τὸ
363 1510 470 1544 πνεῦμα
496 1510 544 1535 τοῦ
568 1507 652 1546 λόγου
677 1507 887 1544 Δημοσθενικὸν,

59 1555 124 1582 ὅσον
140 1553 245 1581 εῗκάσαι
262 1552 304 1590 (οὗ
329 1552 378 1591 γὰρ
404 1553 472 1580 κατὰ
492 1552 574 1588 ζῆλον
601 1551 703 1580 ἐκείνου
728 1551 862 1589 πρόεισιν)
879 1561 885 1567 ·

60 1597 258 1636 ἀπαράμιλλον
288 1595 327 1633 δὲ,
354 1595 382 1624 εἷ’
403 1607 445 1628 τις
474 1597 542 1635 πρὸς
572 1595 684 1632 ἄλληλα
703 1596 766 1627 τοὺς
788 1595 889 1632 λόγους

61 1642 212 1681 συγκρίνειν
231 1640 370 1679 βούλοιτο.
385 1641 422 1670 Τὸ
449 1639 477 1668 δέ
500 1651 531 1678 γε
551 1640 796 1679 έπιχειρηματικὸν
817 1639 888 1671 εἶδος

59 1687 136 1724 αὐτῷ
160 1686 189 1714 ἐκ
211 1688 265 1713 τῶν
289 1684 456 1724 Ἀριστείδου
480 1684 571 1722 λόγων
598 1684 627 1712 ἄν
652 1696 693 1716 τις
719 1683 889 1723 χαρακτηρί-

62 1746 132 1764 σειεν
151 1746 157 1752 ⁸
187 1734 250 1763 ἄλλ’
280 1734 307 1762 εἶ’
331 1745 373 1766 τις
402 1734 519 1771 ἑκατέρῳ
539 1731 693 1772 προσϐάλοι
727 1735 776 1768 τὴν
794 1733 890 1768 ἀκοὴν,

64 1781 161 1817 ἐκείνῳ
192 1780 239 1816 μὲν
265 1781 304 1815 τῷ
331 1779 426 1817 ῥήτορι
451 1777 592 1815 αὖτίκα,ἤ
620 1779 815 1813 ἆποκναισθείη
845 1777 890 1805 καὶ

940 1020 1075 1056 despicit,
1093 1021 1132 1048 ita
1148 1024 1176 1048 et
1190 1022 1314 1055 videtur,
1332 1023 1463 1057 sdjectos
1479 1024 1550 1051 artis
1566 1027 1687 1052 ornatus
1716 1025 1769 1053 de-

940 1065 1060 1100 spicere,
1077 1068 1105 1093 et
1120 1065 1181 1093 vult
1196 1066 1295 1102 ipsum
1311 1067 1395 1102 quasi
1413 1067 1553 1096 orationis
1569 1071 1662 1096 artem
1684 1069 1768 1103 fieri;

940 1110 990 1136 sed
1009 1118 1064 1137 non
1082 1111 1245 1138 secundum
1273 1114 1366 1139 artem
1392 1112 1457 1147 ejus
1473 1113 1582 1148 scripta
1605 1113 1768 1149 ﬁnguntur.

941 1153 1012 1181 Cum
1029 1153 1195 1182 oratoribus
1212 1154 1357 1182 universis
1372 1157 1630 1190 conversatus,vim
1648 1157 1768 1192 quidem

941 1198 1009 1226 inde
1024 1199 1171 1226 scribendi
1189 1199 1297 1232 hausit,
1312 1202 1342 1227 et
1357 1200 1484 1227 multum
1501 1209 1550 1228 eos
1571 1201 1600 1228 in
1617 1201 1671 1229 hac
1686 1203 1769 1237 parte

942 1243 1109 1278 superavit;
1137 1251 1240 1271 nocere
1268 1247 1367 1271 autem
1396 1252 1462 1272 cum
1494 1245 1557 1273 suis
1586 1245 1769 1274 orationibus

943 1287 1044 1319 nollet,
1056 1287 1229 1323 plerumque
1241 1297 1297 1315 non
1311 1288 1444 1316 imitatur
1457 1290 1652 1318 methodicam
1668 1298 1770 1318 eorum

943 1332 1077 1368 peritiam
1091 1340 1097 1359 :
1114 1334 1141 1359 et
1152 1333 1214 1367 ejus
1227 1333 1345 1368 quidem
1357 1333 1449 1361 oratio
1465 1342 1522 1361 non
1535 1342 1636 1362 curam
1648 1334 1769 1368 redolet,

943 1379 1026 1403 tonat
1050 1379 1146 1404 autem
1170 1377 1255 1411 quasi
1280 1386 1314 1405 ex
1340 1377 1428 1410 nube,
1455 1380 1483 1405 et
1510 1387 1627 1406 omnem
1644 1379 1771 1407 extrahit

943 1428 1054 1448 vocem.
1072 1420 1219 1448 Orationis
1234 1422 1299 1456 ejus
1315 1422 1438 1458 spiritus
1454 1422 1698 1451 Demosthenicus
1713 1426 1769 1456 est,

944 1468 1087 1501 quantum
1105 1467 1201 1501 potest
1216 1465 1339 1501 conjici;
1366 1466 1447 1494 nulla
1462 1469 1561 1495 autem
1588 1467 1769 1503 comparatio

944 1510 1100 1538 statuenda
1115 1512 1171 1543 est,
1187 1510 1212 1538 si
1230 1510 1295 1545 quis
1317 1511 1464 1539 orationes
1487 1511 1669 1539 orationibus
1684 1511 1771 1540 vellet

944 1562 1122 1590 comparare
1145 1555 1392 1590 Argumentorum
1418 1557 1515 1583 autem
1539 1556 1604 1591 ejus
1628 1556 1722 1584 forma
1737 1564 1772 1584 ex

944 1599 1084 1627 Aristidis
1095 1599 1279 1627 orationibus
1295 1599 1426 1635 apprime
1441 1599 1643 1636 insigniretur.
1655 1600 1685 1628 Si
1697 1600 1755 1628 utri
1765 1615 1772 1622 ε

945 1652 1002 1680 que
1017 1652 1116 1671 aurem
1133 1643 1199 1679 quis
1224 1644 1376 1679 praeberet,
1391 1644 1426 1672 ab
1447 1644 1498 1672 illo
1523 1644 1642 1681 quidem
1657 1647 1773 1673 oratore

945 1688 1157 1716 obtunderetur
1174 1690 1202 1715 et
1214 1688 1301 1716 aliam
1318 1689 1526 1717 transferretur
1541 1697 1651 1723 vocem,
1667 1689 1773 1717 oratio-

945 1741 1016 1761 num
1035 1735 1131 1760 autem
1145 1732 1245 1760 Basilii
1261 1733 1419 1761 tonitribus
1430 1733 1551 1761 suavius
1565 1733 1774 1769 disponeretur

945 1780 974 1805 et
988 1778 1023 1805 ad
1040 1786 1141 1805 eorum
1158 1786 1264 1805 sonum
1281 1777 1411 1805 saltaret.

64 1825 134 1862 πρὸς
150 1823 238 1859 ἄλλην
254 1824 411 1861 μετενέγκοι
433 1824 538 1861 φωνὴν,
555 1823 623 1862 πρὸς
643 1822 671 1851 δὲ
691 1823 739 1855 τὰς
761 1822 905 1851 Βασιλείου
929 1823 982 1849 τῶν
999 1820 1086 1859 λόγων
1115 1821 1228 1859 βροντὰς
1251 1819 1381 1859 ήδότερον
1407 1820 1436 1849 ἃν
1467 1820 1601 1856 διατεθείη
1631 1821 1676 1850 καὶ
1707 1833 1772 1850 σον-

65 1870 248 1908 εξορχήσαιτο
264 1868 325 1906 περὶ
339 1869 388 1903 τὴν
402 1868 477 1906 ἠχώ.

103 1922 134 1951 δ’.
151 1924 278 1953 Τοιοῦτος
297 1922 344 1958 μὲν
360 1922 405 1949 οὖν
429 1922 504 1958 αὐτῷ
527 1921 571 1949 καὶ
588 1922 602 1948 6
617 1920 739 1960 ἀδελφὸς
754 1919 802 1958 ἔφυ
819 1923 890 1958 Γρη-

62 1969 169 2006 γόριος.
187 1965 306 1998 Οὖδένας
331 1967 383 2004 γὰρ
407 1964 493 2004 ἔγωγε
517 1966 675 2003 ξυμπάντων
702 1965 827 2003 ρητόρων
845 1975 891 2001 με-

63 2011 310 2051 γαλοφωνοτέρους
329 2013 382 2038 τῶν
403 2009 475 2038 δυεῖν
497 2010 600 2038 τούτων
630 2010 756 2046 ἐγνώκειν
773 2008 890 2046 ἀνδρῶν.

64 2057 148 2085 Ἀλλ’
163 2056 177 2084 ὃ
192 2059 250 2087 τοῖς
267 2054 365 2086 ἄλλοις
388 2055 518 2094 ῥήτορσιν
542 2055 556 2082 ὁ
577 2054 715 2085 Νυσσαεὺς
730 2055 892 2089 καθεστήκοι

65 2101 234 2138 Γρηγόριος,
248 2102 328 2127 τοῦτο
345 2099 379 2134 δὴ
400 2100 469 2137 πρὸς
491 2099 586 2127 τουτον
605 2100 620 2126 6
644 2100 727 2137 μέγας
741 2098 892 2130 Βασίλειος.

64 2146 139 2184 Ηρὸς
158 2146 204 2182 μὲν
219 2146 269 2184 γὰρ
293 2146 342 2180 τήν
368 2144 514 2174 Βασιλείου
538 2143 678 2182 σάλπιγγα
706 2144 782 2180 αὐλῷ
807 2142 836 2172 ἄν
851 2154 893 2174 τις

63 2191 116 2225 τήν
137 2192 186 2218 τοῦ
210 2189 331 2228 ἀδελφοῦ
354 2189 479 2227 γλῶσσαν
510 2189 660 2217 εἲκάσειεν·
687 2189 755 2227 πρὸς
777 2187 806 2216 δὲ
830 2186 893 2219 τοὺς

64 2235 130 2273 περὶ
155 2235 331 2271 Δημοσθένην
354 2234 399 2262 καὶ
424 2233 592 2273 Ἀριστείδην
617 2233 756 2270 σάλπιγγα
783 2233 829 2260 τὸν
849 2232 895 2260 ἄν·

65 2279 119 2318 δρα
144 2282 239 2307 τοῦτον
262 2278 482 2315 κατονομάσειεν.
506 2277 598 2307 Ἀλλὰ
620 2277 814 2316 πανηγυρίζειν
848 2277 895 2314 μὲν

63 2323 183 2359 ἥττηται
205 2323 346 2353 Bacchica
371 2324 444 2362 παρὰ
462 2323 535 2351 πολύ
553 2333 559 2340 ⁸
585 2322 755 2359 ἀνακαλύψαι
781 2321 809 2349 δὲ
830 2321 895 2359 βου-

65 2369 185 2405 λόμενος
202 2369 264 2400 σοὺς
282 2368 370 2401 θείους
394 2368 539 2406 χρησμοὺς
562 2369 605 2396 καὶ
625 2367 712 2395 ὁπόσα
726 2369 778 2394 τῶν
793 2365 894 2404 λογίων

65 2413 226 2451 κέκρυπται.
254 2412 363 2441 ’ίόταται
394 2414 440 2449 μὲν
467 2413 530 2451 παρ’
559 2412 661 2440 ἐκεῖνον
692 2412 822 2449 ἀτρέμας,
850 2410 895 2438 καὶ

68 2459 83 2486 ὁ
105 2458 253 2496 συγκρίνων
269 2457 352 2496 ἄμφω
365 2458 432 2485 κατὰ
455 2460 539 2485 τοῦτο
564 2458 594 2484 τὸ
618 2456 700 2495 μέρος
719 2455 768 2483 οὐχ
782 2455 813 2482 ἅν
830 2455 896 2493 ὑπὲρ

66 2502 212 2530 Βασιλείου
228 2503 261 2529 τὰ
273 2503 361 2530 πάντα
371 2501 533 2539 ψηφίσαιτο.

104 2548 133 2575 ε’.
159 2547 189 2576 Ὁ
215 2545 244 2574 δὲ
263 2547 313 2582 τήν
342 2546 466 2585 γλῶτταν
495 2548 614 2583 χρυσοῦς
642 2545 779 2580 Ἰωάννης,
805 2544 828 2572 εἰ
851 2543 896 2571 καὶ

64 2592 119 2627 τήν
150 2591 248 2628 ἀρετὴν
278 2591 350 2623 θεῖός
377 2591 434 2628 ἐστι
462 2591 504 2618 καὶ
530 2593 589 2621 τοῖς
616 2593 697 2617 πᾶσιν
725 2590 896 2627 ἀσύγκριτος,

63 2625 131 2665 ἀλλ’
146 2625 208 2673 οόχ]
223 2635 314 2673 ὥσπερ
329 2625 387 2663 τῶδ
406 2634 511 2670 ἄλλων,
528 2634 599 2662 οὕτω
621 2634 655 2668 δὴ
672 2635 715 2662 καὶ
732 2625 788 2661 τῶν
803 2633 892 2670 λόγων

64 2680 257 2719 ὐπιριώρακεν
274 2689 281 2696 ·
298 2679 362 2708 ἀλλ’
376 2677 431 2708 ἔστι
444 2683 495 2715 τῆς
510 2679 611 2718 τέχνης
627 2679 664 2710 ὡς
680 2679 792 2714 ἀληθῶς
806 2676 894 2715 ἄγαλ-

66 2737 116 2764 μα.
142 2725 193 2754 Ἐκ
218 2725 308 2760 πάσης
329 2735 358 2752 τε
388 2725 439 2763 γὰρ
463 2723 534 2756 ἰδέας
558 2725 742 2762 ξυνήρμοσται
770 2723 816 2750 καὶ
845 2724 894 2750 τοῦ

64 2769 213 2801 πολιτικοῦ
229 2769 313 2808 λόγου
333 2768 414 2809 ἄκρος
436 2768 490 2797 ἐστὶ
516 2767 656 2806 ζηλωτὴς,
671 2770 724 2797 τῶν
739 2777 767 2796 τε
778 2770 829 2803 τῆς
845 2767 895 2807 ρη-

230 2836 362 2868 ΡΔτιιοι..
386 2836 442 2868 Gs.
466 2834 582 2867 CXXII.

984 1919 1061 1948 Talis
1076 1922 1105 1948 et
1120 1920 1182 1955 ipse
1198 1921 1253 1948 luit
1277 1921 1341 1956 ejus
1357 1921 1445 1948 frater
1468 1921 1636 1956 Gregorius.
1653 1921 1772 1949 Nullum

948 1965 1067 2001 quidem
1083 1973 1117 1992 ex
1136 1965 1274 1992 omnibus
1299 1965 1466 1993 oratoribus
1482 1965 1575 2001 magis
1598 1965 1773 2001 altiloquum

947 2010 1013 2038 novi
1029 2017 1118 2044 quam
1144 2008 1210 2037 illos
1226 2009 1300 2037 duos
1327 2009 1415 2037 viros.
1433 2010 1514 2042 Quod
1540 2012 1637 2037 autem
1663 2012 1693 2037 et
1707 2009 1773 2037 aliis

948 2055 1113 2082 oratoribus
1133 2056 1178 2081 est
1191 2054 1352 2090 Nyssenus,
1368 2054 1423 2082 hoc
1439 2054 1479 2082 illi
1498 2062 1623 2089 magnus
1639 2054 1773 2082 Basilius.

948 2099 1024 2127 Dum
1035 2099 1114 2126 enim
1126 2098 1234 2134 aliquis
1247 2099 1347 2126 Basilii
1359 2099 1557 2134 eloquentiam
1574 2100 1649 2126 tuba
1665 2100 1775 2128 confer-

949 2146 1002 2176 ret,
1019 2143 1118 2171 l'ratris
1133 2151 1230 2171 vocem
1243 2143 1319 2170 tibiae
1330 2143 1524 2176 assimilaret;
1537 2145 1588 2171 sed
1602 2144 1774 2172 Demosthe-

950 2187 979 2215 ni
1008 2191 1037 2216 et
1065 2187 1185 2215 Aristidi
1214 2190 1416 2223 comparatum
1447 2188 1547 2215 tubam
1578 2187 1657 2216 hunc
1681 2189 1775 2215 virum

950 2232 1125 2260 nominaret.
1141 2232 1195 2259 Sed
1216 2231 1246 2258 in
1261 2231 1481 2259 laudationibus
1497 2231 1605 2260 Basilio
1621 2231 1712 2260 multo
1729 2232 1776 2259 in-

950 2276 1037 2304 ferior
1049 2278 1113 2310 est;
1130 2283 1196 2303 cum
1213 2278 1310 2303 autem
1327 2276 1426 2304 divina
1441 2275 1560 2304 oracula
1586 2276 1715 2304 revelare
1731 2276 1776 2303 in-

951 2321 1043 2349 tendit
1057 2323 1086 2348 et
1099 2328 1282 2355 quascunque
1297 2321 1421 2356 antiqua
1436 2321 1670 2356 absconduntur,
1689 2329 1777 2357 prope

950 2365 1034 2393 illum
1051 2367 1110 2393 stat
1126 2364 1301 2400 intrepidus,
1316 2367 1344 2392 et
1357 2366 1381 2392 si
1398 2365 1465 2400 quis
1481 2365 1565 2392 ambo
1579 2365 1608 2392 in
1624 2364 1679 2392 hac
1694 2367 1777 2401 parte

951 2411 1081 2439 conferre
1097 2409 1174 2445 velit,
1191 2418 1248 2437 non
1264 2410 1363 2437 omnia
1379 2418 1429 2445 pro
1447 2409 1551 2437 Basilio
1575 2409 1657 2437 dabit
1672 2409 1777 2438 suﬂ'ra-

951 2464 1008 2491 διε..

985 2545 1013 2572 5.
1028 2545 1157 2572 Joannes
1172 2546 1270 2571 autem
1285 2543 1521 2579 Chrysostomus,
1536 2543 1561 2571 si
1585 2543 1692 2571 virtute
1704 2543 1779 2572 divi-

953 2598 1009 2619 nus
1025 2591 1070 2617 est
1084 2592 1112 2616 et
1128 2588 1200 2616 nulli
1216 2587 1435 2623 comparabilis,
1452 2596 1511 2615 non
1527 2588 1779 2623 quemadmodum

949 2635 1017 2669 alia,
1034 2636 1062 2661 et
1076 2633 1163 2660 verba
1188 2632 1338 2668 despexit;
1355 2632 1406 2659 sed
1431 2635 1476 2659 est
1491 2632 1576 2667 quasi
1603 2632 1677 2660 artis
1692 2640 1782 2661 orna—

950 2680 1093 2707 mentum.
1123 2677 1268 2705 Omnibus
1296 2677 1374 2704 enim
1403 2676 1506 2704 formis
1536 2677 1730 2705 concinnatur
1753 2680 1783 2705 et

949 2721 1074 2760 politicze
1088 2721 1261 2757 eloquentiae
1277 2720 1383 2748 ardens
1399 2720 1550 2749 inmolator
1565 2723 1611 2749 est
1625 2722 1654 2749 et
1669 2728 1783 2748 unum-

951 2767 1089 2805 quodque
1116 2774 1150 2794 ex
1179 2766 1331 2794 rhetorice
1360 2766 1520 2803 generibus
1548 2766 1707 2795 artiﬁciose
1723 2766 1782 2793 tra-

1581 2831 1620 2861 29
