1948 3056
74 100 133 129 909
659 98 700 127 IN
724 98 780 128 SS.
804 97 903 128 TRES
926 98 1189 130 HlERARCHAS.
1721 99 1782 130 9l0

75 165 129 191 Νῦν
146 163 192 192 οὗν
209 162 338 202 ὑποσχὼν
353 163 492 202 γνώσομαι
506 161 533 190 τί
549 173 595 200 μοι
612 162 696 201 λέγει·

75 206 162 238 Βαῦαί
176 209 182 237 ί
198 211 372 248 καταφρονεῖν
390 219 422 245 με
438 208 523 236 πείθει
539 210 585 235 τοῦ
599 208 670 246 βίου.

270 280 315 311 Εἰς
331 279 481 318 Γρηγόριον
498 280 544 307 τὸν
561 279 708 317 Θεόλογον.

75 343 106 370 Τί
122 354 163 370 σοι
177 343 208 370 τὸ
225 342 334 370 σύννουν
353 341 465 380 βλέμμα
482 341 619 380 βούλεται,
635 342 742 379 Πάτερς

76 388 167 423 Λὲξειν
182 398 208 415 τι
223 389 317 414 καινοῦ
333 384 449 421 ἐκϐιάζει
467 398 514 423 μοι
528 388 610 424 τάχα.

74 431 158 460 Ἀλλ’
178 433 228 460 οὐκ
242 431 272 460 ἃν
289 430 379 469 εὕρῃς
396 435 448 459 πᾶν
463 431 513 470 γὰρ
529 431 684 470 ἀνθρώποις
699 431 785 466 ξένον,

72 521 238 560 Ἐγνώρισαν
254 520 400 560 φθάσαντες
414 522 440 548 οἳ
457 521 498 549 σοί
520 532 566 557 μοι
583 520 672 559 λόγοι.

300 593 347 625 Εἷς
360 593 406 620 τὸν
423 593 506 630 μέγαν
523 591 676 620 Βασίλειον.

76 656 237 693 Ἐπιπρὲπει
251 666 293 687 τις
309 656 472 692 σεμνοποιὸς
485 654 614 692 ὠχρότης

75 702 121 738 Ἐξ
138 700 291 739 ἐγκρατείας
304 699 343 736 τῷ
357 702 432 739 σοφῷ
448 698 616 736 διδασκάλῳ.

77 744 156 774 Ἀλλ’
170 745 193 773 εἰ
208 744 323 780 λαλήσει
341 746 388 781 ζῇν
405 743 480 771 δοκεῖ
495 743 546 781 γὰρ
559 744 602 771 καὶ
619 743 704 775 τύπος

77 790 176 828 Τρυφὴ
190 791 221 817 τὸ
236 793 345 827 χρῆμα,
360 789 508 826 τερπνότης
523 789 540 823 ἡ
557 787 714 827 φαιδρότης,

77 835 183 863 Οὐκοῦν
199 835 232 861 τὰ
246 833 328 872 χείλη
345 834 412 871 πρὸς
428 832 526 872 λόγους
545 835 640 867 κινεῖς,
656 833 754 870 Πάτερ,

76 879 145 910 Τοὺς
158 879 202 906 καὶ
219 878 312 909 λίθους
330 878 487 915 θέλγοντας·
505 877 578 905 ἀλλά
595 877 633 914 μή
649 876 712 915 λέγε

76 926 165 960 Ἀπερ
182 922 315 957 διδάσκων
333 922 370 953 εἷς
381 922 551 958 συναίσθησιν
569 920 653 960 ἄγεις.

78 968 187 997 Δάκνειν
203 968 252 1006 γὰρ
268 966 328 995 οῖδα
341 969 434 1001 ταῦτα,
452 966 499 994 κᾶν
516 967 598 1004 στάζῃ
614 965 689 1003 μέλι,

77 1016 141 1045 Τοῖς
157 1012 249 1041 ἔλκυσι
267 1011 406 1050 βρύοντας,
425 1011 449 1047 ἐξ
463 1012 499 1038 ὦν
517 1010 680 1048 οτυγνότης,

79 1061 151 1097 Ηρος
166 1058 196 1093 ἣν
213 1057 349 1096 ἰπαρθεῖς,
365 1057 409 1084 καὶ
425 1055 536 1095 γράφεις
552 1056 623 1083 οὕτω
641 1057 736 1093 μόνον.

345 1129 393 1160 Εἲς
406 1127 470 1160 τοὺς
485 1131 558 1166 τρεῖς
570 1129 636 1165 ἅμα.

80 1193 162 1232 Τριᾶς
179 1193 226 1230 μὲν
242 1192 317 1230 εὗρεν
333 1190 492 1228 ἰσαρίθμους
509 1191 685 1229 συμμάχους,

79 1282 268 1320 ’Υπερμάχους
284 1280 307 1308 δ’
319 1280 413 1316 ’ίστησι
429 1281 520 1312 πίστις
536 1278 638 1314 ἐνθάδε,

81 1326 204 1362 Ἀνάξιον
220 1326 331 1364 κρίνασα
345 1326 390 1352 καί
406 1324 501 1363 πόρρω
517 1324 613 1362 λόγου,

80 1373 129 1398 Ὧν
144 1373 203 1403 τοῖς
218 1369 316 1402 ἄλλοις
332 1369 437 1397 σύνεστι
453 1368 524 1407 μηδὲ
535 1372 594 1400 τοῖς
608 1368 717 1400 τύποις.

81 1461 160 1490 ’Όθεν
175 1460 330 1499 γραφέντες,
348 1460 396 1496 ζῇν
411 1457 530 1494 δοκοῦσι,
546 1458 590 1486 καὶ
606 1457 693 1496 λέγειν

82 1506 169 1543 Ἀπιρ
185 1505 310 1544 φέρουσιν
327 1504 355 1532 αἱ
371 1503 515 1542 θεόγραφοι
531 1501 637 1541 βίϐλοι.

82 1549 187 1585 Ταύτην
204 1547 324 1586 ἀμοιϐὴν
339 1550 398 1579 τοῖς
414 1546 588 1580 διδαοκᾶλοις
602 1547 678 1585 νέμει

84 1593 188 1625 Εὔνους
206 1594 332 1631 μαθητὴς
347 1592 454 1628 οἰκέτης
469 1593 611 1626 Ἰωάννης.

335 1663 384 1696 Εἷς
398 1664 443 1692 τὸν
459 1664 664 1702 Χρυσόστομον.

87 1729 118 1757 '0
134 1729 252 1766 χρυσοῦς
267 1727 345 1757 οὗτος
361 1727 440 1761 ἣλιος
455 1725 508 1754 τῶν
525 1725 683 1763 δογμάτων,

87 1772 217 1800 Ἁκτίνεσ’
232 1771 326 1799 ἁπλῶν
340 1771 442 1806 ἠθικῶν
460 1769 644 1808 διδαγμάτων,

88 1815 259 1850 Διασκεδάζει
275 1817 326 1843 πᾶν
341 1814 508 1854 φιλάργυρον
524 1815 613 1853 νέφος,

88 1861 140 1890 Καὶ
154 1862 318 1899 φωταγωγεῖ
333 1862 398 1886 πᾶσι
411 1859 461 1893 τὴν
479 1859 626 1896 σωτηρίαν,

303 1931 349 1962 Εἷς
364 1932 414 1966 τὴν
428 1931 512 1958 αὐτοῦ
533 1930 699 1969 καθαίρεσιν.

87 1995 137 2022 Τὸν
154 1994 235 2029 ἥλιον
248 1993 394 2032 χραίνουσι
414 1992 582 2031 πλασμάτων
599 1993 704 2028 σπίλοι,

87 2037 149 2068 ’¹Οδ’
164 2037 237 2066 ἀλλὰ
252 2037 377 2077 φαιδρὸς,
393 2040 479 2065 πᾶσαν
498 2037 605 2076 αὐγάζει
621 2039 716 2076 χθόνα.
747 2052 749 2054 ·

89 2084 130 2113 Οὐ
143 2083 194 2120 γὰρ
210 2083 368 2121 ἀφανίζουσι
384 2082 529 2121 φωσφόρον
546 2083 622 2121 νέφη.

90 2126 201 2156 Στίλϐει
217 2138 248 2165 γε
263 2127 377 2165 χρυσὸς,
390 2125 471 2164 κᾶνγε
486 2125 592 2164 χαλκὸς
608 2127 712 2163 ἐκρίθη.

89 2173 139 2200 Καὶ
154 2173 267 2209 Χριστὸς
281 2171 362 2202 αὐτὸς
378 2171 520 2208 δαιμονᾷν⁷
536 2174 596 2209 φεῦ,
612 2172 717 2209 ἐκρίθη,

90 2218 180 2255 Φάγος
193 2228 233 2253 τε,
248 2217 294 2244 καὶ
309 2215 433 2255 φίλοινος
448 2216 466 2251 ἢ
481 2219 587 2253 πορνῶν
602 2216 694 2256 φίλος,

89 2262 228 2294 Ἀντίθεος
240 2261 271 2289 τὸ
289 2263 392 2297 μεῖζον,
407 2259 519 2297 ἄνομος,
533 2261 649 2293 πλάνος.

90 2306 241 2345 Κατεκρίθη
259 2306 371 2342 σταυρόν
387 2315 416 2333 τε
430 2306 475 2333 καὶ
491 2305 596 2344 χλεύην
615 2305 698 2342 πόσην
712 2315 719 2341 ;

90 2395 140 2423 Καὶ
155 2396 247 2423 καινὸν
262 2393 350 2430 οὐδὲν,
366 2394 389 2422 εἰ
405 2397 472 2422 Θεοῦ
488 2398 560 2426 θιῖος
576 2394 659 2430 θύτης

89 2442 196 2478 ’Όμοια
211 2440 311 2477 πάσχει
325 2439 368 2466 καὶ
385 2442 552 2476 καθαιριῖται
569 2439 678 2476 θρόνου.

914 164 940 197 Α
955 164 1038 192 Νιιοο
1050 164 1138 201 igitur
1148 164 1326 194 submittens
1337 173 1513 202 cognoscam
1523 165 1592 202 quid
1604 164 1679 194 mihi
1690 165 1780 194 dicit:

955 210 1036 245 Papa:
1050 210 1056 237 l
1073 209 1221 246 despicere
1239 210 1311 238 mihi
1325 211 1431 238 suadet
1445 211 1520 238 hanc
1535 210 1636 238 vitam.

1167 283 1198 310 In
1213 281 1375 318 Gregorium
1390 282 1566 318 Theologum.

954 344 1028 376 Quid
1045 344 1100 372 sibi
1117 344 1179 372 vult
1194 345 1290 381 gravis
1304 344 1353 372 ille
1370 347 1518 381 aspectus,
1536 344 1642 373 Pater?

955 389 1054 416 Dicere
1067 388 1178 425 aliquid
1194 390 1258 417 novi
1274 389 1406 425 erumpis
1421 389 1494 417 mihi
1508 389 1617 417 statim.

954 433 1010 460 Sed
1026 442 1083 461 non
1099 434 1248 468 invenies;
1265 434 1407 470 quidquid
1423 434 1501 462 enim
1525 433 1694 462 horninibus
1710 433 1779 462 alie-

1682 479 1779 514 [num,

955 523 1062 551 Notum
1080 523 1151 551 mibi
1167 523 1308 558 fecerunt,
1326 523 1545 560 praevenientes,
1558 523 1600 552 tui
1616 531 1778 552 sermones.

1199 595 1230 622 In
1246 594 1374 630 Magnum
1389 595 1535 623 Basiliam.

954 656 1041 684 Decet
1054 656 1174 692 quidam
1189 657 1365 685 venerabilis
1382 657 1475 693 pallor

954 701 995 729 Ex
1009 701 1189 729 continentia
1205 700 1367 737 sapientem
1384 702 1570 737 magistrum.

954 747 991 773 At
1006 746 1031 773 si
1047 745 1164 782 loquela
1178 745 1274 774 vivere
1289 745 1403 774 videtur
1420 746 1537 780 (etenim
1553 749 1638 782 typus

956 791 1095 826 Voluptas
1110 790 1227 823 divitia,
1243 792 1330 826 typus
1346 790 1512 826 delectatio)
1527 790 1660 818 hilaritas
1674 799 1682 819 :

917 853 940 885 Β
957 835 1048 870 Igitur
1063 835 1141 862 labia
1154 835 1189 862 ad
1206 843 1357 863 sermones
1373 843 1482 869 moves,
1500 835 1594 871 Pater,

957 880 989 907 Et
1005 882 1101 916 petras
1117 879 1300 907 emollientes
1317 889 1323 907 ε
1341 880 1391 907 sed
1409 888 1444 907 ne
1460 880 1540 907 dicas

956 925 1023 957 Quae
1039 925 1169 952 docendo
1186 924 1221 952 ad
1237 932 1378 952 sensuum
1395 924 1611 960 perceptionem
1641 924 1781 953 adducis:

957 969 1089 997 Mordere
1104 969 1182 997 enim
1198 969 1259 997 haec
1275 969 1352 1004 novi,
1368 968 1502 1005 quamvis
1518 968 1573 996 mel
1590 968 1711 1002 stillent,

956 1014 1186 1042 Attractionibus
1202 1014 1332 1046 refertos,
1349 1022 1383 1041 ex
1399 1014 1506 1049 quibus
1524 1022 1648 1041 maeror:

957 1059 1104 1086 Adversus
1121 1066 1208 1094 que'n
1222 1058 1390 1094 insurgens,
1406 1058 1448 1086 sic
1463 1060 1578 1086 tantum
1596 1057 1712 1086 scribis.

1264 1131 1293 1158 In
1309 1134 1367 1158 (res
1381 1130 1475 1159 simul.

960 1193 1089 1222 Trinitas
1113 1193 1231 1228 quidem
1253 1192 1365 1220 invenit
1386 1200 1509 1220 numero
1535 1193 1661 1229 {squillas
1677 1201 1786 1230 propu-

1617 1237 1766 1274 [gnatores
1780 1244 1787 1266 :

963 1282 1017 1310 Eos
1032 1283 1131 1310 autem
1147 1281 1270 1309 invictos
1285 1281 1380 1309 effecit
1394 1281 1467 1310 fides
1486 1282 1537 1316 ibi,

962 1327 1118 1363 Indignum
1131 1325 1271 1361 judicans
1286 1328 1314 1353 et
1329 1326 1503 1360 absurdum,

962 1372 1018 1400 Eos
1040 1371 1090 1407 qui
1119 1370 1230 1399 cateris
1258 1370 1408 1405 conjuncti
1437 1373 1518 1404 sunt,
1547 1379 1604 1398 non
1633 1370 1742 1407 pariter
1757 1370 1787 1398 in

1281 1415 1510 1451 [exemplaribus
1525 1423 1590 1444 esse
1606 1416 1788 1451 conjunctos.

964 1461 1030 1488 Ideo
1045 1460 1153 1496 depicti
1167 1460 1263 1487 vivere
1278 1460 1414 1487 videntur
1429 1462 1457 1487 et
1472 1459 1569 1488 dicere

964 1507 1032 1539 Quas
1048 1514 1106 1542 pris
1122 1514 1153 1533 se
1168 1505 1266 1533 ferunt
1282 1514 1298 1532 a
1316 1507 1371 1533 Deo
1388 1505 1489 1541 scripti
1505 1505 1592 1533 Libri.

925 1537 946 1571 CI
967 1537 1282 1578 lianc-retributionem
1299 1549 1361 1577 suis
1377 1537 1527 1585 magistris
1544 1550 1649 1577 tribuit

966 1595 1062 1622 Bonus
1078 1594 1243 1630 discipulus
1258 1593 1410 1621 familiaris
1424 1593 1562 1622 Joannes.

1234 1668 1269 1695 In
1286 1666 1519 1702 Chrysostomum.

965 1731 1079 1758 Aureus
1095 1729 1143 1756 ille
1158 1728 1201 1757 sol
1218 1729 1403 1764 dogmatum,

967 1775 1075 1803 Rodios
1090 1774 1258 1809 expandens
1275 1772 1431 1800 moralium
1447 1772 1682 1809 disciplinarum,

966 1819 1098 1854 Dissipat
1112 1825 1228 1845 omnem
1244 1825 1359 1845 avaram
1377 1817 1526 1851 nebulam,

968 1865 1002 1890 Et
1015 1862 1164 1890 illuminat
1178 1862 1316 1889 omnibus
1330 1861 1406 1889 viam
1425 1861 1541 1890 salutis.

969 1936 999 1964 In
1027 1934 1148 1968 eiusdem
1176 1933 1323 1968 (Joannis
1347 1933 1572 1969 Chrysostomi)
1597 1933 1794 1969 depositione»:

967 1997 1063 2025 Solem
1079 1996 1237 2032 inquinant
1255 1996 1458 2030 ﬁgmentorum
1475 1994 1596 2022 maculas
1611 2005 1618 2029 ;

969 2042 1021 2070 Hic
1036 2043 1133 2069 autem
1150 2040 1324 2077 splendidus
1338 2041 1429 2067 totam
1446 2038 1576 2067 illustrat
1590 2042 1696 2066 terram
1710 2048 1716 2066 :

968 2086 1030 2114 Non
1047 2086 1123 2114 enim
1141 2083 1307 2112 annihilant
1321 2083 1476 2111 luciferum
1494 2083 1654 2111 nubeculas.

968 2131 1071 2166 Fulget
1084 2138 1200 2160 aurum,
1217 2128 1334 2156 tametsi
1351 2136 1389 2155 sas
1403 2128 1568 2163 judicatum
1584 2130 1638 2161 est,

969 2175 1003 2202 Et
1017 2174 1151 2202 Christus
1165 2173 1228 2209 ipse
1250 2173 1414 2200 daamonum
1442 2172 1548 2199 habere
1573 2172 1723 2207 judicatus
1738 2176 1795 2208 est,

931 2223 953 2254 D
969 2219 1106 2252 Gulosus,
1122 2218 1254 2250 vinosus,
1272 2220 1436 2244 scortorum
1452 2219 1578 2248 amator,

970 2263 1028 2290 Deo
1045 2262 1229 2290 adversarius
1246 2261 1351 2296 majus,
1368 2261 1460 2295 exlex,
1477 2260 1639 2288 erraticus:

972 2310 1133 2335 Damnatus
1148 2309 1193 2334 est
1217 2306 1252 2333 ad
1269 2313 1399 2340 crucem,
1415 2307 1445 2332 et
1467 2305 1502 2333 ad
1528 2305 1689 2332 ludibrium
1705 2313 1799 2340 quan-

1702 2349 1777 2385 [tum
1790 2349 1796 2376 l

971 2397 1006 2424 Et
1021 2396 1095 2424 nihil
1112 2403 1230 2429 novum,
1244 2395 1268 2422 si
1284 2395 1334 2422 Dei
1350 2394 1466 2422 divinus
1484 2394 1666 2422 sacriﬁcator

972 2441 1088 2470 Similia
1102 2440 1213 2476 patitur
1226 2442 1254 2467 et
1269 2439 1386 2475 ejicitur
1399 2439 1517 2466 throno.

675 2553 960 2601 EJUSDEM
999 2553 1215 2601 PSELLI

426 2629 635 2660 ENCOMIUM
658 2630 710 2660 ET
731 2631 915 2661 OFFICIUM
939 2631 1138 2662 SYMEONIS
1162 2628 1465 2659 METAPHRAST/E

662 2695 734 2724 Vide
750 2698 865 2725 tomum
883 2697 983 2732 CXIV,
998 2696 1054 2726 col.
1071 2696 1123 2724 183
1138 2698 1166 2724 et
1182 2695 1243 2723 199.
