1948 3056
203 109 264 139 911

882 109 1093 140 MICHAELIS
1116 109 1248 140 PSELLI

1858 113 1913 143 9l2

211 189 1912 205 Ἥ

561 282 736 347 ΤΟΥ
793 281 1143 347 ΑΥΤΤΟΥ
1198 281 1560 348 ΨΕΛΛΟΥ

975 397 1130 434 ΗΟΝῼΔῙΑ

386 479 486 525 ΕΙΣ
528 477 657 525 ΤΗΝ
699 478 820 524 ΤΗΣ
863 477 1043 525 ΑΓΙΛΣ
1084 477 1312 525 ΣΟΦΙΑΣ
1356 478 1727 527 ΣΥΜΠΤΩΣΙΝ

609 581 1082 718 ΕᾸΗΞΒΕἈΤ
1145 641 1378 718 PSEI

735 581 1082 718 USDEN—l
1145 641 1504 718 PSELLI

974 758 1138 788 MONODIA

323 834 393 882 IN
427 833 916 881 COLLAPSIONEM
948 833 1190 881 TEMPLI
1225 834 1490 883 SANCTZE
1521 834 1787 884 SOPHIXE.

648 926 717 963 (Leo
732 925 858 955 Allatius
873 925 903 954 in
919 927 980 954 not.
997 926 1034 954 ad
1049 927 1153 962 Georg.
1169 925 1326 962 Acropolit.
1343 935 1372 962 p.
1388 926 1463 963 281.)

233 1076 297 1104 Fuit
312 1076 401 1112 igitur
429 1078 458 1104 et
481 1076 634 1105 calamitas
663 1075 840 1110 calamitate,
871 1079 900 1104 et
923 1076 1002 1112 passi

923 1076 1064 1112 ρο,εείοΑ
1116 1076 1162 1103 Ἠν
1203 1075 1253 1111 ἄρα
1287 1075 1332 1102 καὶ
1370 1076 1497 1114 συμφορὰ
1534 1079 1691 1115 συμφορᾶς,

193 1121 338 1156 passione,
355 1123 383 1149 et
406 1120 504 1148 luctus
528 1120 620 1154 luctu,
637 1124 665 1148 et
689 1121 860 1148 lamentatio
877 1121 1018 1149 lamenta-

192 1164 281 1199 tione,
299 1168 329 1193 et
342 1165 469 1199 ojulatus
492 1165 604 1199 ejulatu
621 1166 717 1200 major
731 1169 760 1192 et
785 1165 945 1193 molestior.
959 1165 1020 1192 Ce-

192 1211 269 1237 teras
286 1209 407 1244 quidem
423 1209 617 1243 calamitates,
643 1212 770 1245 quantas
786 1210 842 1238 fert
867 1210 1019 1243 memoria,

191 1253 310 1281 urbium
339 1254 515 1287 eversiones,
542 1253 719 1289 templorum
744 1254 951 1287 desolationes,
968 1254 1019 1281 do-

192 1307 309 1326 morum
339 1298 453 1334 lapsus,
482 1298 707 1326 simulacrorum
724 1307 820 1332 casus,
848 1299 1017 1332 seditiones,

191 1343 394 1374 abductiones,
419 1343 602 1378 captivitates
626 1343 816 1378 cognovimus
838 1345 867 1370 et
895 1344 1016 1371 scimus.

193 1387 322 1416 Vidimus
337 1396 401 1423 quas
417 1396 475 1415 non
505 1395 737 1423 speraveramus,
755 1395 849 1422 neque
864 1392 1017 1423 exspecta-

191 1440 336 1466 veramus,
349 1440 444 1467 neque
454 1440 585 1467 unquam
595 1431 624 1458 in
637 1436 765 1459 mentem
776 1431 1015 1460 induxissemus:

191 1485 287 1512 neque
313 1477 411 1511 majus
447 1476 560 1503 malum
597 1476 695 1504 videre
733 1479 795 1504 erat
831 1477 909 1512 (ante
938 1477 1015 1512 quod

191 1521 312 1549 omnino
340 1528 460 1548 necesse
489 1520 593 1548 fuisset
617 1528 765 1556 quemque
793 1521 896 1555 mori),
925 1529 1014 1556 quam

188 1565 273 1599 illud,
290 1567 424 1593 nostrum
440 1565 598 1600 mundum,
625 1564 742 1600 ccelum,
759 1564 863 1600 solem,
880 1569 1014 1594 nostrum

189 1609 370 1646 presidium,
401 1610 583 1645 confugium,
615 1613 746 1637 nostram
777 1618 871 1646 spem,
897 1611 1014 1639 unicam

189 1654 355 1682 animarum
384 1653 603 1688 adductionem,
634 1653 750 1682 unicam
779 1655 1013 1692 opitulationem,

189 1699 406 1732 iulcimentum,
431 1698 908 1735 propitiatorium,perpulchrum
940 1704 1012 1728 tem-

189 1743 283 1780 plum,
311 1743 571 1780 incomparabilem
601 1744 721 1771 domum
745 1752 832 1779 quam
862 1745 1014 1773 aadiﬁcavit

1734 1076 1780 1104 xui
1823 1077 1908 1109 πάθος

1075 1119 1188 1154 πάθους,
1213 1119 1258 1146 καὶ
1284 1119 1356 1155 λύπη
1375 1119 1475 1155 λύπης,
1491 1120 1536 1147 xui
1565 1120 1691 1158 οἰμωγῆς
1720 1121 1904 1159 οἰμωγὴ,υὲ

1075 1167 1174 1201 θρῆνος
1200 1164 1301 1200 θρήνου
1327 1163 1427 1200 μείζων
1450 1175 1479 1192 τε
1502 1164 1546 1192 καὶ
1569 1164 1786 1203 ἀργαλεώτερος.
1805 1167 1857 1194 Καὶ
1873 1168 1905 1194 τὰ

1077 1209 1123 1244 μὶν
1151 1206 1223 1235 ἅλλα
1249 1210 1301 1235 τῶν
1318 1208 1496 1244 παθημάτων,
1515 1208 1564 1236 ὅσα
1589 1210 1634 1236 καὶ
1652 1211 1770 1246 μνῆμαι,
1791 1211 1902 1248 φέρουσι

1073 1251 1181 1279 πόλεων
1202 1254 1384 1291 κατασκαφὰς,
1410 1255 1481 1280 ναῶν
1505 1253 1669 1291 ἰρημώσεις,
1686 1253 1769 1282 οἴκων
1785 1255 1902 1293 ὲρειπώ-

1074 1307 1140 1328 σεις,
1170 1296 1334 1333 ἀγαλμάτων
1364 1298 1553 1333 συμπτώσεις,
1581 1298 1706 1335 στάσεις,
1741 1299 1900 1338 ἀπαγωγὰς,

1074 1340 1269 1378 αῗχμοιλωσίας
1294 1341 1447 1379 έγνώκαμέν
1469 1352 1498 1369 τε
1526 1342 1569 1369 καὶ
1592 1340 1715 1379 οἴδαμεν.
1733 1341 1854 1380 Εἴδομεν
1883 1344 1898 1371 ἃ

1073 1386 1122 1413 οὐκ
1149 1384 1317 1421 ἠλπίσαμεν,
1347 1385 1410 1413 οὐδὲ
1437 1385 1689 1424 προσεδοκήσαμεν,
1706 1388 1757 1415 οὐκ
1772 1387 1803 1415 ἂν
1832 1399 1897 1416 ποτε

1071 1430 1110 1460 εἷς
1139 1432 1198 1456 νοῦν
1229 1430 1451 1466 ἀόετυπώσαμιν·
1481 1430 1526 1458 καὶ
1556 1431 1587 1458 οὐ
1615 1434 1708 1467 μεῖζον
1731 1433 1813 1460 κακὸν
1848 1433 1897 1461 οὐκ

1070 1474 1102 1508 ἦν
1133 1473 1199 1501 ἰδεῖν
1225 1474 1270 1501 καὶ
1301 1475 1332 1501 οὗ
1358 1478 1557 1512 προαποθανεῖν
1581 1475 1732 1507 πάντωςῶ
1763 1477 1898 1515 ἡνὲγκατό

1069 1529 1122 1554 τις,
1151 1519 1168 1554 ἢ
1188 1521 1278 1554 τοῦτο,
1298 1519 1344 1547 τὸν
1368 1519 1471 1555 κόσμον
1501 1521 1593 1556 ἡμῶν,
1621 1521 1667 1548 τὸν
1693 1520 1821 1559 οὐρανὸν,
1849 1523 1896 1550 τὸν

1069 1562 1160 1598 ἥλιον,
1189 1563 1238 1598 τήν
1263 1564 1376 1599 σκέπην,
1405 1564 1451 1591 καὶ
1479 1565 1635 1603 καταφυγήν
1665 1565 1827 1602 ἠμῶν,τὴν
1851 1566 1897 1595 ἐλ-

1068 1606 1145 1642 πίδα,
1175 1609 1224 1643 τὴν
1256 1609 1342 1645 μόνην
1358 1608 1548 1646 ψυχαγωγίαν,
1565 1610 1614 1644 τήν
1633 1608 1718 1646 μόνην
1736 1609 1896 1647 ἀντίληψιν,

1067 1653 1099 1679 τὸ
1125 1650 1248 1690 ἔρεισμα,
1274 1653 1304 1680 τὸ
1320 1652 1491 1690 ῗλαστήριον,
1507 1653 1553 1681 τὸν
1578 1652 1734 1691 περικαλλῆ
1751 1654 1832 1690 νεὼν,
1848 1656 1895 1683 τὸν

1069 1696 1227 1734 ἀσύγκριτον
1256 1697 1342 1731 οἶκον,
1359 1697 1388 1724 ὃν
1417 1696 1593 1735 ᾠκοδόμησεν
1618 1699 1636 1734 ἡ
1666 1698 1754 1738 Σοφία
1781 1699 1825 1727 ἐπὶ
1855 1705 1896 1737 τῷ

1068 1741 1163 1776 ἑαυτῆς
1191 1741 1326 1778 ὀνόματι,
1355 1742 1399 1769 xui
1425 1741 1455 1769 οὗ
1487 1743 1615 1780 ὑπήρεισε
1641 1742 1705 1774 τοὺς
1735 1744 1803 1771 ἑπτὰ
1831 1745 1898 1772 στύ-

190 1769 283 1780 ,___,
311 1769 571 1780 .-.ητἿη-ηηπή
604 1769 721 1771 ηψηκ
748 1769 832 1779 is.“
863 1769 959 1772 πῃ.-.

190 1788 300 1824 Sophia
315 1788 345 1816 in
361 1797 414 1816 suo
439 1789 567 1823 nomine,
585 1790 613 1816 et
639 1789 724 1824 cujus
741 1791 853 1825 septem
870 1790 935 1817 illas
950 1800 959 1818 ε

1143 1769 1162 1776 ι-
1241 1769 1246 1778 ι
1317 1769 1325 1775 ι
1535 1769 1569 1780 :r'
1592 1769 1613 1770 ⁷⁷
1648 1769 1705 1774 ⁷⁷⁷-
1738 1769 1802 1771 ⁷⁷⁷⁷⁷⁷
1833 1769 1879 1772 *⁷⁷

1127 1796 1133 1817 :
1161 1785 1286 1817 ἐκείνους·
1317 1786 1382 1823 ὑπὲρ
1411 1787 1441 1814 οὗ
1468 1787 1512 1814 xui
1540 1787 1639 1822 ἑαυτῆς
1667 1787 1762 1823 ἔσφαξε
1787 1788 1896 1826 θύματα

190 1834 273 1861 fulsit
287 1833 460 1868 columnas;
477 1842 568 1869 supra
589 1842 677 1869 quam
705 1842 775 1861 suas
797 1834 891 1870 ipsius
907 1835 1013 1863 immo-

190 1878 261 1907 lavit
283 1878 429 1912 victimas,
455 1880 482 1906 et
511 1879 648 1913 poculum
679 1879 808 1906 miscuit.
833 1879 854 1907 0
881 1879 981 1908 dolori
997 1889 1014 1908 ο

190 1921 361 1951 calamitas!
379 1931 395 1950 ο
412 1923 585 1958 magnitudo
612 1922 775 1950 maloruml
803 1923 825 1950 Ο
842 1922 928 1951 Ilias!
946 1925 1013 1959 quis

189 1977 246 1996 non
263 1971 290 1996 et
305 1977 389 1996 suam
405 1967 539 2003 linguam
559 1967 699 2000 dedisset,
716 1970 748 1995 ut
773 1976 809 1995 ne
825 1968 1011 2004 loqueretur:

189 2013 254 2048 quis
284 2021 341 2040 non
357 2012 445 2041 etiam
475 2012 569 2040 libens
597 2013 702 2040 fuisset
717 2013 887 2045 suil‘oculus.
917 2014 1012 2049 prius-

187 2066 276 2093 quam
291 2065 361 2085 voce
385 2057 562 2093 exprimeret
585 2057 640 2085 hoc
664 2057 736 2084 illud
762 2057 840 2092 quod
863 2060 938 2085 Deus
954 2061 1011 2086 ele-

186 2104 278 2139 gerat,
304 2103 383 2138 quod
407 2102 621 2138 frequentabat,
647 2103 676 2129 in
701 2110 770 2137 quo,
799 2104 829 2129 ut
854 2103 952 2138 potius
968 2104 1012 2131 di-

186 2147 324 2181 cendum,
348 2146 508 2180 habitabat,
533 2146 562 2174 in
587 2154 644 2181 quo
673 2146 730 2174 sibi
755 2146 965 2183 complacebat,
981 2148 1011 2176 in

186 2200 243 2228 quo
258 2191 441 2224 versabatur,
455 2191 484 2219 in
511 2191 588 2227 quod
605 2190 735 2225 seposita
753 2194 836 2218 erant
863 2192 1012 2227 pretiosis-

186 2237 274 2271 sima,
289 2236 386 2265 oleum
410 2237 575 2268 odoratum,
606 2234 744 2268 chrisma,
770 2236 866 2271 regale
890 2237 1010 2273 inquam

186 2284 216 2311 et
239 2281 431 2314 sacerdotale,
456 2281 521 2308 dico
551 2279 763 2315 prodigiosum,
785 2280 835 2308 Dei
863 2289 968 2317 corpus
983 2285 1012 2310 et

187 2326 327 2362 sanguis:
345 2326 375 2353 in
391 2334 449 2360 quo
479 2324 689 2351 immolabatur
717 2323 766 2352 ille
788 2325 860 2359 ipse.
881 2326 951 2357 Quis
966 2327 1010 2354 di-

186 2378 251 2398 cere
267 2369 386 2397 audebit
399 2367 556 2396 eventum?
572 2368 640 2399 Quaz
656 2367 756 2395 tulerit
768 2368 867 2396 anima
883 2371 1011 2404 proferre

183 2412 307 2442 vocem?
333 2413 408 2441 Illud
439 2414 596 2445 famosum,
625 2412 801 2446 percelebre,
831 2413 1008 2449 inviolabile,

182 2457 296 2491 cecidit,
313 2457 360 2484 hei
376 2457 466 2484 mihi!
484 2456 590 2483 cecidit
613 2458 695 2483 terra;
721 2460 802 2484 motu
818 2466 1005 2493 concussum,
1022 2468 1044 2499 ο

179 2502 368 2530 succussione
384 2504 466 2528 terrae
483 2500 615 2528 avulsum
629 2508 635 2527 :
665 2503 694 2528 et
710 2502 760 2536 qui
784 2502 903 2538 inspicit
918 2512 1006 2539 super

178 2549 298 2580 terram,
315 2546 366 2582 qui
391 2554 455 2573 eam
483 2548 657 2580 comm0vet,
682 2554 740 2573 non
763 2551 877 2582 gratum
892 2547 1006 2583 habuit,

181 2598 238 2618 non
255 2592 411 2618 veneratus
425 2591 480 2624 est,
497 2597 554 2617 non
571 2589 711 2618 misertus
730 2593 775 2618 est
799 2591 871 2619 illud
888 2593 1005 2620 cadens.

181 2634 226 2661 Ad
242 2637 269 2662 te
286 2637 394 2668 tamen,
419 2642 436 2661 ο
466 2633 603 2668 Verbum,
629 2634 771 2670 templum
802 2635 851 2663 Dei
876 2639 905 2664 et
919 2645 1007 2673 agger

183 2678 293 2707 iactum
309 2682 338 2707 et
363 2679 553 2711 dissolutum,
570 2681 599 2707 et
627 2679 663 2706 ad
692 2679 788 2715 ipsum
816 2689 919 2708 rursus
941 2681 1006 2716 pul-

182 2731 281 2752 verem
296 2725 499 2760 assurgentem
515 2727 542 2752 et
566 2732 684 2752 sursum
704 2723 826 2758 elatum,
851 2733 908 2753 non
925 2733 1006 2753 aver-

183 2770 266 2797 satus
281 2771 335 2806 est,
361 2777 419 2797 non
442 2770 637 2806 compunctus
662 2770 707 2797 est
736 2769 771 2797 de
795 2770 823 2797 tc
839 2769 1006 2799 misericors

1068 1831 1112 1858 xui
1141 1831 1186 1858 τὸν
1215 1834 1336 1868 κρατῆρα
1365 1830 1496 1869 ἐκέρασεν·
1514 1831 1536 1858 ὣ
1565 1834 1613 1859 τοῦ
1642 1832 1765 1865 πάθουςέ
1793 1832 1815 1860 ὣ
1844 1838 1897 1869 τῆς

1068 1876 1227 1914 συμφορᾶςῐ
1245 1875 1266 1902 ὦ
1281 1878 1329 1902 τοῦ
1347 1876 1478 1913 μεγέθους
1502 1878 1556 1904 τῶν
1578 1879 1668 1904 κακῶν
1684 1878 1690 1905 l
1706 1876 1727 1904 tt
1750 1881 1799 1913 τῆς
1830 1877 1897 1907 Ἰλι-

1068 1918 1147 1952 άδοςέ
1173 1920 1220 1951 Τίς
1238 1920 1286 1947 οὐκ
1302 1920 1331 1947 ἃν
1347 1920 1391 1947 xui
1405 1922 1453 1955 τὴν
1469 1920 1595 1959 γλῶτταν
1617 1919 1731 1959 ἐνδώκῃ,
1761 1922 1832 1950 ὥστε
1857 1925 1896 1959 μή

1082 1964 1088 1975 ’
1115 1967 1138 1980 _-
1165 1974 1170 1980 ,
1220 1964 1225 1973 ι
1283 1964 1289 1974 ν
1341 1963 1347 1973 \
1426 1965 1432 1974 κ
1470 1976 1474 1979 ,
1494 1965 1500 1973 \
1772 1967 1779 1974 ι

1068 1975 1150 1991 ειπιιν
1165 1987 1171 1998 ,
1196 1968 1241 1995 Τις
1262 1975 1312 1992 ουκ
1334 1965 1363 1992 ἂν
1388 1975 1433 1992 και
1456 1964 1524 1992 ἐκων
1549 1965 1706 2003 έμπνιγείη,
1731 1976 1795 2004 πριν
1817 1965 1898 1994 ἐκλα-

1068 2008 1148 2043 λῆσαι
1172 2011 1268 2036 τοῦτον
1292 2008 1393 2036 ἐκεῖνον
1423 2010 1452 2036 ὃν
1467 2010 1481 2036 ὁ
1497 2010 1562 2041 Θεὸς
1577 2009 1728 2046 ἐξελέξατο,
1744 2011 1766 2047 ᾧ
1782 2009 1896 2050 ἐπισφοιῖ⁴

1065 2054 1145 2089 τα,ᾠ
1176 2053 1282 2090 μᾶλλον
1312 2054 1395 2081 εἰπεῖν
1426 2053 1562 2091 ἐνεὸήμει,
1594 2055 1617 2091 ᾦ
1644 2055 1787 2092 ἠρέσκετο,
1805 2054 1897 2091 ᾧέπ-

1066 2098 1201 2135 ετέρπετο,
1225 2098 1262 2130 εἷς
1286 2099 1314 2126 ὃν
1337 2098 1461 2126 ἀπέκειτο
1487 2099 1521 2126 τὰ
1548 2099 1711 2134 τιμιώτατα,
1736 2099 1768 2126 τὸ
1795 2102 1896 2137 μῦρον,

1065 2143 1096 2170 τὸ
1118 2143 1235 2181 χρίσμα,
1261 2143 1291 2171 τὸ
1318 2143 1459 2181 βασιλικὸν
1489 2142 1560 2182 λέγω
1589 2145 1633 2172 xui
1664 2144 1809 2182 ἱερατικὸν,
1824 2144 1896 2173 εἷ’πω

1065 2187 1095 2215 τὸ
1123 2187 1273 2225 παράδοξον
1300 2188 1330 2216 τὸ
1358 2190 1407 2215 τοῦ
1437 2190 1502 2216 Θεοῦ
1529 2191 1609 2225 σῶμα
1636 2189 1681 2216 καὶ
1698 2190 1785 2226 αἴμα;
1817 2189 1845 2217 ἐν
1873 2191 1897 2226 ᾧ

1065 2232 1155 2260 ἐθῦετο
1181 2233 1269 2264 οὗτος.
1299 2233 1343 2263 Τίς
1371 2233 1454 2260 εἰπεῖν
1485 2232 1664 2270 τολμήσειτὸ
1689 2234 1826 2272 γεγονός;
1844 2235 1895 2267 Τίς

1065 2276 1155 2315 ἐνέγκῃ
1178 2277 1255 2315 ψυχὴ
1282 2280 1455 2315 προενεγκεῖν
1483 2278 1532 2312 τὴν
1564 2279 1656 2317 φωνήν
1670 2289 1678 2315 ;
1694 2277 1781 2310 Οὗτος
1798 2279 1812 2306 ὁ
1830 2278 1896 2307 διώ-

1064 2333 1159 2358 νυμος,
1184 2322 1198 2349 ὁ
1223 2320 1398 2359 περιϐόητος,
1415 2323 1429 2349 ὁ
1443 2321 1551 2358 ἄσυλος,
1578 2321 1680 2359 ἔπεσιν,
1699 2322 1775 2359 οἴμοι
1790 2324 1796 2351 ῐ
1814 2323 1896 2352 ἔπεσε

1065 2369 1168 2402 σεισμῷ
1197 2367 1353 2400 κλονηθείς,
1379 2367 1423 2394 καὶ
1453 2367 1568 2404 βρασμῷ
1591 2369 1642 2404 γῆς
1665 2368 1822 2406 τιναχθείς“
1847 2370 1895 2396 καὶ

1064 2410 1078 2437 ὁ
1092 2408 1246 2438 ἐπιϐλέπων
1277 2410 1320 2438 ἐπὶ
1335 2411 1384 2444 τήν
1401 2414 1454 2448 γῆν
1481 2411 1525 2438 καὶ
1542 2413 1628 2439 ποιῶν
1654 2411 1737 2446 αὐτὴν
1767 2413 1894 2450 τρέμειν,

1064 2454 1113 2482 οὐκ
1141 2454 1303 2490 ηὐδόκησεν,
1334 2455 1385 2482 οὐκ
1411 2454 1513 2492 ᾐδέσθη
1542 2454 1603 2493 ἄρα,
1634 2456 1684 2484 οὐκ
1712 2455 1818 2492 ἠλέησε
1847 2459 1895 2485 πί-

1060 2510 1170 2526 πτοντα·
1201 2499 1269 2537 πρὸς
1284 2499 1312 2527 σέ
1336 2500 1398 2537 γὰρ,
1421 2501 1434 2527 ὁ
1465 2500 1563 2538 Λόγος,
1587 2501 1649 2532 ναὸς
1673 2502 1722 2528 τοῦ
1748 2503 1817 2529 Θεοῦ
1848 2503 1894 2530 καὶ

1062 2547 1147 2582 χῶμα
1175 2543 1319 2583 γενόμενον
1347 2545 1392 2572 καὶ
1423 2544 1632 2583 διαλελυμένον,
1648 2547 1693 2574 καὶ
1712 2548 1782 2585 πρὸς
1809 2547 1893 2575 αὐτὸν

1060 2588 1143 2616 πάλιν
1172 2590 1313 2627 κονιορτὸν
1342 2589 1486 2626 αἰρόμενον
1516 2590 1561 2617 καὶ
1592 2591 1811 2629 ἀναφερόμενον,
1843 2591 1894 2619 οὐκ

1060 2633 1237 2672 ἀπεστράφη,
1269 2633 1299 2661 οὐ
1328 2633 1457 2671 κατενύγη
1489 2633 1533 2662 ἐπὶ
1564 2635 1606 2662 σοὶ
1631 2636 1645 2662 ὁ
1672 2634 1868 2674 εὔσπλαγχνος
1885 2646 1892 2653 ·

1061 2676 1155 2709 ἄθυτος
1171 2677 1216 2706 διὰ
1228 2680 1308 2706 τοῦτο
1322 2677 1395 2706 ἔσται
1410 2679 1457 2706 καὶ
1473 2678 1691 2718 ἀκαλλιέργητος
1705 2690 1712 2716 ;
1728 2681 1774 2708 καὶ
1791 2679 1893 2718 διαμε-

1059 2725 1101 2750 νεῖ
1115 2721 1306 2760 ἆμελῲδητος,
1322 2723 1367 2751 καὶ
1379 2722 1510 2761 ἄψαλτος,
1526 2723 1570 2751 καί
1584 2724 1817 2764 ἀπροσφώνητος,
1843 2726 1891 2754 xui

1059 2769 1276 2807 ἀπροσαύδητος,
