1948 3056
46 131 111 161 913

527 133 567 164 ΙΝ
590 132 887 164 COLLAPSlONEM
909 132 1053 163 TEMPLI
1076 134 1108 164 S.
1132 133 1297 164 SOPHI/E.

1702 133 1761 163 9M

83 198 159 226 'AvO’
177 197 214 226 ὧν
228 199 278 228 οὐκ
304 198 385 228 ἔπαθέ
408 210 434 228 τι
465 199 508 228 ἐπὶ
531 201 565 238 τῇ
590 196 719 236 συντριϐῇ
743 209 801 226 σου·
817 197 851 226 ἀλ

990 222 994 227 .
1010 200 1078 228 Sine
1094 200 1238 228 sacriﬁcio
1254 202 1407 237 propterea
1419 200 1475 228 erit
1489 202 1518 228 et
1540 199 1604 228 sine
1628 198 1758 235 pulchris

46 241 132 278 ἔθηκε
144 244 176 272 τὸ
190 245 335 283 πρόσωπον
353 245 434 273 αὐτοῦ
448 246 485 276 ὼς
501 245 621 283 στερεὰν,
636 245 747 282 πέτραν,
760 242 797 270 ’ἶν’
817 242 876 280 εἰδῇ

43 287 93 314 καὶ
109 289 205 325 αὐτὸς,
220 290 243 317 εἱ
262 289 306 317 καὶ
322 290 378 325 νῦν,
404 290 443 321 ὡς
459 289 555 324 ἔοικεν,
574 289 763 324 ἐπιλέλησται,
786 287 821 316 ’ἶν’
838 289 880 316 ἁν-

44 332 196 370 θρωπίνως
234 333 302 362 εἷ’πω
339 335 384 362 καὶ
413 335 581 373 περιπαθῶς
618 334 655 365 ὡς
683 332 824 371 ἅνθρωπός
851 343 880 360 τι

45 377 153 415 ἐγένετο
178 379 223 406 καὶ
260 380 293 407 τὰ
330 380 475 416 σωματικὰ
501 377 651 414 ἀνεδέξατο⁴
684 378 761 414 ὑμεῖς
790 377 818 405 δὲ
854 378 878 404 οἳ

45 422 104 449 υἱοὶ
137 423 209 451 Σιὼν
239 425 265 451 οἱ
286 423 385 461 τίμιοι,
413 425 438 451 οἱ
468 424 633 462 λειτουργοὶ,
653 423 698 451 καὶ
726 424 819 460 ἱερεῖς,
834 422 879 450 καὶ

44 468 126 499 0-3ται
142 471 191 496 τοῦ
209 468 329 506 μεγάλου
352 469 396 497 καὶ
422 471 516 497 καινοῦ
538 468 667 505 θύματος,
684 468 728 495 καὶ
746 466 772 495 εἶ’
784 478 809 494 τι
822 465 877 494 ἕτε-

44 523 93 550 ρον
125 512 151 540 ἐν
182 511 328 549 διακόνοις,
359 515 402 542 καὶ
435 513 624 544 ὑποδιακόνοις
640 516 700 544 τοῖς
724 512 878 550 α’ίρουσιτὰ

43 556 131 592 σκεύη
149 557 192 585 καὶ
218 559 378 597 καθαίρουσι
402 559 446 586 καὶ
464 558 638 596 μελουργοῖς,
659 558 703 585 καὶ
728 555 875 593 μελῳδοῖς,

43 601 88 628 καὶ
107 600 225 638 ψάλταις
252 602 378 639 σύστημά
400 613 439 636 τε,
455 603 500 630 καὶ
526 602 679 640 πλήρωμα,
695 602 732 634 οἳ,
749 601 786 632 ὡς
800 601 877 638 Ἱερε-

44 645 111 681 μίας
129 647 207 686 φησὶ,
222 647 270 678 τὰς
287 647 404 684 ὑψώσεις
430 649 478 674 τοῦ
494 649 560 674 Θεοῦ
576 646 602 674 ἐν
616 649 655 682 τῷ
671 645 784 683 λάρυγγι
798 655 874 681 περι-

42 689 183 729 φέροντες,
210 693 263 718 ποῦ
288 693 335 718 νῦν
363 691 540 728 μετετέθητε;
558 693 613 718 ποῦ
637 692 680 717 νῦν
696 689 850 727 ἁθροίζεσϐε
867 699 874 724 ;

42 741 105 770 πῶς
135 738 253 778 ἐστράφη
284 739 324 770 εἷς
351 740 449 770 πένθος
476 741 494 774 ἡ
524 738 598 777 χαρὰ
628 739 702 774 ὑμῶν
727 747 734 772 ;
760 739 819 770 πῶς
847 738 874 764 αἱ

43 782 138 821 ἑορταὶ
167 782 205 814 εἲς
229 787 332 820 θρῆνον
349 793 357 818 ;
374 783 405 811 οὐ
433 782 517 811 καλὸν
541 784 573 818 ἦν
603 783 667 819 ὑμῖν
683 782 730 809 κπὶ
746 781 822 809 ὅσιον
836 781 874 812 ὠς

43 828 90 855 καὶ
121 828 184 865 ἐμοὶ
200 829 244 856 καὶ
264 832 343 857 πᾶσιν
369 828 443 865 ἔδοξε
466 830 677 867 προαπθοανιῖν,
693 828 710 863 ἢ
738 829 873 859 συνθανεῖν

935 244 1146 278 oblationibus,
1164 248 1192 272 et
1207 245 1338 272 manebit
1353 245 1416 273 sine
1432 244 1578 277 melodiis,
1594 244 1657 271 sine
1681 243 1758 279 psal-

934 289 1002 324 mis,
1028 289 1092 317 sine
1117 289 1360 318 invocationibus.
1384 292 1439 317 Pro
1455 289 1562 325 quibus
1578 287 1652 316 nihil
1667 288 1760 317 doluit

934 334 970 362 de
997 336 1047 362 tua
1078 334 1285 369 confractione,
1312 335 1361 362 sed
1392 334 1490 370 posuit
1521 333 1636 361 vultum
1670 341 1759 361 suum

934 379 1018 415 quasi
1033 379 1137 407 duram
1155 381 1279 415 petram,
1290 381 1322 406 ut
1337 378 1431 406 videat
1446 381 1474 406 et
1490 379 1665 414 ipse,utrum
1682 385 1759 405 nunc

933 423 1021 451 etiam
1051 423 1161 451 oblitus
1191 425 1245 457 est,
1273 425 1304 451 ut
1329 423 1457 451 humane
1484 423 1578 450 dicam
1605 424 1633 450 et
1657 422 1758 450 affecto

933 468 1031 495 animo
1050 476 1055 495 :
1074 470 1106 495 ut
1121 467 1208 495 homo
1225 468 1318 495 factus
1334 469 1388 501 est,
1405 469 1433 495 et
1448 466 1608 502 corporalia
1630 466 1685 494 sibi
1710 474 1758 493 ac-

933 512 1031 548 cepit:
1049 521 1099 540 vos
1122 514 1231 543 autem.
1259 512 1308 539 ﬁlii
1333 513 1399 539 Sion
1425 512 1516 545 chari,
1540 520 1591 539 vos
1616 510 1756 546 ministri,

932 564 959 590 et
971 562 1150 595 sacerdotes,
1167 563 1196 589 et
1210 561 1422 589 sacriﬁcatores
1438 561 1518 588 illius
1534 560 1633 596 magni
1648 562 1677 587 et
1692 559 1758 588 novi

932 605 1080 640 sacriﬁcii,
1097 607 1125 633 et
1140 605 1163 633 si
1181 614 1245 641 quae
1261 605 1322 633 alia:
1339 606 1367 633 in
1393 605 1525 633 diaconis
1549 607 1578 632 et
1603 604 1756 632 subdiaco-

931 650 977 678 nis
990 649 1194 677 attollentihus
1210 658 1279 677 vasa
1293 652 1322 677 et
1345 649 1580 686 puriﬁcantibus,
1605 651 1634 677 et
1656 650 1757 677 canto-

930 695 1024 730 ribus,
1040 697 1067 722 et
1084 694 1249 722 carminum
1266 694 1511 726 modulatoribus,
1528 693 1702 730 compositio
1727 695 1756 721 et

929 739 1092 776 plenitudo,
1118 747 1168 767 vos
1195 740 1257 775 qui,
1283 740 1315 767 ut
1339 739 1380 767 ait
1393 738 1548 772 Jeremias,
1564 738 1757 766 exultationes

925 785 977 813 Dei
1002 784 1032 812 in
1059 784 1193 812 faucibus
1220 784 1326 811 vestris
1360 783 1568 818 circumfertis,
1592 791 1650 819 quo
1675 791 1753 811 nunc

928 829 1084 866 migretis?
1101 837 1158 864 quo
1174 837 1252 856 nunc
1268 828 1508 865 congregamini?
1522 828 1673 861 Quomodo
1688 837 1753 856 ver-

43 873 84 909 τῴ
115 874 298 910 συμπτώματι
315 883 322 908 ;
339 874 412 902 Ἐπεὶ
439 873 468 901 δὲ
492 874 505 900 ὁ
530 873 594 904 Θεὸς
621 875 668 910 ζῇν
684 874 751 909 ἡμῖν
777 870 812 899 Esi

981 884 994 903 n
1011 877 1055 903 est
1071 875 1098 902 in
1115 875 1266 902 tristitiam
1283 875 1424 910 gaudium
1440 875 1591 902 vestrum?
1606 874 1750 910 quomodo

43 918 91 945 καὶ
115 917 322 955 ἐγκατάλειμμα
348 919 422 955 ἡμᾶς
453 919 516 955 ὑμῖν
545 916 735 956 ἐγκατελέξατο
752 938 759 951 ,
787 919 871 952 ζητῶ,

43 964 99 990 ποῦ
115 962 147 989 τὸ
159 963 231 1001 ἱερὸν
249 963 325 999 ὑμῶν
349 964 463 998 κάθηται
484 964 529 990 νῦν
545 963 562 997 ἢ
576 962 682 990 ’ίσταται
699 961 872 998 σεμνολόγη-

45 1019 95 1045 μαι,
112 1010 166 1036 ποῦ
189 1009 206 1043 ἡ
233 1008 398 1043 συνέλευσις,
414 1011 467 1036 ποῦ
491 1009 508 1043 ἡ
534 1009 681 1043 συζήτησις
701 1009 754 1035 τῶν
779 1017 873 1046 γραφι-

40 1055 97 1080 κῶν
127 1052 284 1091 ῥητῶνςτί
314 1053 375 1090 περὶ
406 1056 455 1087 τῆς
484 1055 627 1090 συμφορᾶς
656 1052 761 1087 ἐκείνης
792 1051 871 1090 φιλο-

39 1104 150 1140 σοφεῖτε
177 1115 184 1136 ;
207 1102 270 1140 περὶ
310 1100 494 1138 εὐδοκήσεως,
523 1102 584 1137 περὶ
624 1101 871 1139 παραχωρήσεως;

41 1149 50 1158 ”
68 1145 167 1183 νομίας
185 1157 192 1181 ;
208 1145 270 1183 περὶ
287 1148 341 1173 τῶν
357 1145 505 1184 ἀνεφίκτων
521 1145 652 1184 ῥημάτων
671 1155 678 1180 ;
695 1144 721 1172 si’
738 1156 779 1177 τις
790 1144 869 1180 ἐδόθη

42 1191 121 1226 ὑμῖν,
145 1190 162 1224 ἢ
193 1190 369 1226 ἀπεκαλύφην
400 1189 499 1229 λόγος,
529 1189 621 1218 εἴπατε
641 1190 686 1217 καὶ
711 1191 750 1226 μὴ
776 1189 872 1224 ἐάσητε

41 1235 121 1271 μόνῳ
162 1237 203 1271 τῷ
244 1234 438 1271 ἀποσπάσματι
481 1237 529 1262 τοῦ
569 1235 643 1272 ἱεροῦ
680 1233 870 1272 προσανέχειν

39 1279 90 1306 οὐκ
111 1279 181 1307 ἔστιν
198 1278 224 1306 έν
240 1281 280 1315 τῷ
292 1281 379 1315 καιρῷ
393 1279 482 1316 τούτῳ
495 1281 505 1291 ⁵
520 1278 626 1317 ἅρχων,
646 1289 691 1306 και
716 1280 872 1318 προφήτης,

39 1323 84 1350 καὶ
106 1323 271 1362 ἡγούμενος,
298 1322 361 1351 οὐδὲ
386 1323 584 1359 ὁλοκαύτωσις,
610 1323 672 1351 οὐδὲ
695 1323 782 1358 θυσία,
808 1322 872 1351 οὐδὲ

40 1368 196 1407 προσφορὰ,
231 1367 296 1396 οὐδὲ
329 1368 552 1405 Θυμίαμα“πῶς
585 1371 623 1403 τῷ
652 1370 794 1406 καρπῶσαι
827 1367 871 1395 ἐν-

42 1413 131 1440 ώπιόν
162 1423 209 1440 σου
238 1412 284 1440 καί
312 1413 398 1450 εὑρεῖν
428 1410 515 1444 ἔλεος·
533 1412 613 1440 Ἀλλ’
641 1412 720 1449 ὑμεῖς
750 1413 797 1450 μὲν
825 1412 870 1440 καὶ

42 1457 187 1492 σώζοισθε,
202 1457 247 1484 καὶ
273 1456 357 1485 ἴδοιτε
377 1458 427 1493 τήν
453 1457 511 1485 νέαν
537 1457 721 1495 Ἰερουσαλήμ
740 1457 869 1496 έναγομέ-

41 1513 88 1536 νην
113 1512 142 1529 τε
167 1501 205 1533 ε”ς
231 1501 312 1540 ὕψος,
335 1502 379 1530 καὶ
404 1503 660 1539 ἆνακαινιζομένην,
684 1503 728 1530 καὶ
749 1505 808 1534 ταῖς
825 1501 870 1529 εὐ-

41 1548 107 1585 χαῖς
138 1545 313 1584 συγκάμοιτε,
350 1546 394 1574 καὶ
433 1545 644 1583 δσξασθήσοισθε
670 1546 696 1575 ἐν
726 1547 794 1584 αὐτῇ
823 1547 867 1575 καὶ

42 1590 319 1629 λαμπρυνθήσοισθε.
346 1591 384 1619 Σὺ
423 1590 462 1625 δὲ,
500 1590 578 1628 ἥλιε,
607 1592 651 1620 καὶ
681 1590 795 1628 σελήνη,
823 1593 867 1620 καὶ

42 1634 152 1673 ἀστέρες
169 1657 176 1671 ,
206 1636 284 1672 ὑμεῖς
310 1638 362 1664 ποῦ
392 1647 458 1664 ποτε
487 1635 546 1675 ἄρτι
576 1637 700 1675 φαίνεσθε
723 1639 800 1672 ;ποῦ
826 1639 871 1665 νῦν

43 1679 173 1719 αὐγάζετε
202 1691 208 1716 ;
239 1683 292 1708 ποῦ
321 1681 367 1713 τὰς
393 1682 501 1713 ἀκτῖνας
537 1681 693 1720 ἀνίσχοντες
729 1682 871 1719 πέμπετε;

44 1728 125 1757 ποῖος
156 1725 226 1762 ὑμᾶς
252 1727 326 1757 οἶκος
351 1725 451 1762 ἀρτίως
476 1725 627 1764 ὶκδέχεται,
653 1727 670 1761 ἢ
689 1725 874 1765 ἀποδέχεται;

44 1769 98 1798 τίνι
120 1769 322 1807 ἀντιλάμπετε;
340 1771 412 1807 ποίῳ
442 1769 515 1810 ἔργω
542 1771 704 1808 σεμνύνεσθε
719 1782 727 1807 ;
742 1771 782 1803 τίς
807 1771 873 1799 ’ἰδεῖν

48 1813 120 1851 ἰέμᾶε
136 1812 192 1842 ἅνω
218 1814 327 1852 βλέπων
343 1814 432 1847 ἐθέλοι
450 1825 456 1850 ;
473 1815 512 1846 τίς
534 1816 602 1853 οὐχὶ
621 1814 727 1852 μᾶλλον
743 1815 768 1843 ἐν
785 1815 876 1843 σκότει

46 1858 156 1887 κόπτων
179 1857 381 1896 διαπορεύεται,
411 1859 456 1887 καί
486 1862 543 1897 φῶς
573 1860 792 1899 ἆποστρέφεται;
818 1861 877 1889 Οὐκ

47 1902 102 1931 ἔδει
132 1913 160 1930 σε
198 1900 392 1940 περιϐαλέσθαι
430 1904 524 1936 σκότος
550 1905 582 1932 τὸ
611 1905 745 1941 πένθιμον
773 1904 876 1932 ἐκείνου

46 1947 145 1976 τούτου
175 1946 231 1983 ἤδη
264 1946 398 1985 δεύτερον·
416 1949 438 1976 ὦ
467 1950 618 1988 φωστήρων
645 1948 736 1986 ἄριστε
759 1949 804 1976 καὶ
832 1949 875 1986 μέ-

47 2003 133 2031 γιστε,
169 1992 244 2029 ἥλιε,
274 1992 340 2030 οὐχὶ
379 1993 418 2029 at,
458 1993 621 2029 πανσέληνε,
651 1992 796 2022 κονιοειδεῖ
823 2005 876 2022 τινι

50 2037 196 2074 σκιάσματι
226 2036 393 2075 ὑποδραμεῖν
423 2038 468 2065 καὶ
501 2036 687 2075 ὑποκρυϐἧναι
705 2062 711 2074 ,
741 2039 758 2073 ἢ
789 2038 876 2066 ἐκλεῖ-

48 2083 96 2119 ψαι
115 2092 121 2116 ;
139 2081 201 2110 ἀλλ’
224 2081 297 2109 οὕτω
321 2081 464 2120 παρείδετε
478 2083 508 2110 τὸ
525 2084 637 2121 γεγονὸς
654 2082 690 2115 ὡς
703 2082 849 2121 ἀγγύνητον
868 2093 875 2118 ;

49 2130 94 2158 καὶ
123 2131 175 2158 ποῦ
206 2129 424 2168 δοξασθήσεσθε;
451 2132 520 2169 Ἐγὼ
546 2134 612 2169 γοῦν
641 2130 778 2163 πολλάκις
807 2132 875 2168 ὑμᾶς

50 2174 120 2203 εἶδον
137 2174 162 2202 ἐν
187 2177 228 2212 τῷ
252 2173 412 2215 σελασφόρῳ
440 2176 534 2213 ἐκεινῷ
558 2179 624 2212 ναῷ,
641 2177 684 2204 καὶ
709 2175 775 2204 ἱδὼν
799 2177 876 2209 ἐθαύ-

53 2229 134 2256 μασα,
164 2220 209 2246 καὶ
231 2221 280 2254 τήν
310 2220 398 2247 αῗτίαν
422 2221 571 2259 ἡρεύνησα,
602 2220 636 2248 δι’
666 2222 698 2256 ἢν
727 2220 807 2249 τοῦτο
829 2221 876 2248 ὑπ-

52 2264 144 2298 έστητε
158 2264 204 2291 καὶ
219 2265 251 2291 τὸ
269 2266 317 2292 τοῦ
332 2266 377 2292 νῦν
394 2264 514 2297 κάλλους
531 2264 617 2293 α’ίτιον
638 2265 737 2303 ἔμαθον
754 2269 802 2301 τῆς
819 2264 878 2293 δια-

52 2306 150 2347 τριϐῆς
177 2309 292 2344 ἐκείνης,
316 2310 404 2337 ἰαίτοι
430 2309 583 2348 δυσέρωτας
608 2311 678 2348 ὑμᾶς
702 2309 781 2348 ᾤμην
812 2311 877 2338 εἶναι

51 2354 95 2381 καὶ
113 2353 256 2391 ἀνέρωτας.
275 2354 343 2382 Ποτὶ
368 2353 396 2382 δὲ
417 2355 460 2382 καὶ
486 2354 521 2382 δι’
546 2354 616 2391 ὅλης
641 2355 746 2393 ἡμέρας
768 2356 877 2394 ἐφάνης,

52 2398 124 2434 ἥλιε,
154 2397 377 2436 συμφιλοχωρῶν
409 2399 510 2434 ἐκεῖσε,
540 2399 584 2427 καὶ
613 2400 877 2439 στρεφόμενος,καὶ

54 2442 182 2479 λάμπων,
212 2442 255 2470 καὶ
285 2443 353 2470 ἑκὼν
384 2443 433 2471 οὐκ
461 2443 592 2483 ἀφίστασο
621 2444 638 2478 ἢ
666 2444 808 2481 μεθίστασο
829 2445 879 2479 τὴν

55 2485 184 2525 διάδοχόν
200 2497 248 2514 σου
271 2486 389 2523 σελήνην
414 2488 514 2527 φέρων.
531 2489 579 2516 Καὶ
598 2491 680 2516 τοῦτο
697 2488 751 2526 ἐγὼ
769 2488 877 2527 βλέπων

54 2530 229 2569 ἐλογιζόμην,
259 2531 321 2559 ὅταν
350 2532 394 2560 καὶ
424 2532 539 2570 γίγαντα
567 2533 611 2560 καὶ
640 2533 753 2572 νυμφίον
779 2533 809 2561 ἐκ
831 2535 879 2560 τοῦ

54 2574 153 2607 ποιςτοῦ
183 2574 374 2614 έξερχὸμενον,
406 2576 419 2604 ό
451 2575 574 2614 μελῳδὸς
613 2576 696 2605 Δαυῗδ
726 2588 754 2605 σε
779 2588 879 2615 προαν-

57 2620 185 2660 ιφώνησε·
226 2620 336 2660 προεῖδε
377 2620 427 2660 γᾶρ
471 2632 500 2649 σε
537 2621 662 2653 κάκεῖνος
680 2644 687 2656 ,
724 2625 773 2650 τοῦ
805 2633 878 2659 παμ-

59 2667 138 2703 φαοῦς
167 2665 269 2694 ἐκείνου
298 2668 363 2693 ναοῦ
392 2666 508 2704 έρῶντα”
535 2666 580 2694 καὶ
606 2666 689 2703 ἐπῇδέ
719 2677 760 2694 σοι
786 2669 879 2695 ταῦτα.

60 2713 110 2742 Καὶ
134 2716 179 2742 νῦν
207 2716 302 2742 τοῦτον
331 2714 381 2742 οὐκ
409 2715 544 2754 έκτράπῃς
570 2715 715 2749 πίπτοντα,
741 2714 776 2743 δι’
797 2716 825 2744 ὃν
846 2716 880 2750 ἦς

64 2760 171 2797 μείζων,
199 2757 235 2786 δι’
254 2759 283 2786 ὃν
307 2758 489 2798 ἰνδοξότερος,
518 2759 552 2788 δι’
577 2761 606 2788 ’ὀν
632 2758 808 2799 φαιδρότερος
823 2757 879 2798 ἔσῃ’

62 2805 105 2834 καὶ
127 2804 157 2832 σὺ
183 2805 291 2837 πάντως
315 2802 471 2841 ένδόξαστος
491 2806 682 2842 ταπεινωθήση
714 2806 810 2844 μικρὸν
836 2807 878 2834 καὶ

927 918 1101 947 festivitates
1137 918 1166 945 in
1202 918 1464 946 lamentationem?
1497 920 1559 945 Non
1592 917 1750 954 pulchrum

927 966 989 991 erat
1005 963 1087 991 vobis
1106 970 1159 990 nec
1183 964 1329 995 sanctum,
1354 964 1386 990 ut
1410 965 1439 990 et
1463 961 1535 990 mihi
1561 964 1588 989 et
1612 962 1751 990 omnibus

925 1008 1020 1036 visum
1046 1011 1102 1040 est,
1126 1007 1269 1035 antemori
1301 1009 1352 1034 aut
1382 1006 1523 1034 commori
1551 1006 1619 1034 huic
1643 1006 1750 1042 lapsui.

927 1058 1171 1093 Quandoquidem
1193 1065 1260 1085 vero
1283 1060 1361 1085 Deus
1386 1059 1480 1085 vivere
1496 1057 1581 1084 nobis
1597 1056 1751 1089 concessit,

927 1105 956 1131 et
972 1103 1111 1138 reliquias
1127 1110 1180 1129 nos
1196 1102 1278 1130 vobis
1294 1101 1459 1137 dereliquit,
1474 1109 1571 1137 quaero
1596 1101 1646 1128 ubi
1670 1109 1754 1129 sacra

925 1150 1021 1175 vestra
1035 1148 1114 1174 sedet
1129 1146 1170 1175 vel
1197 1146 1348 1182 reponitur
1371 1146 1469 1182 gravis
1494 1145 1678 1181 eloquentia:
1703 1145 1753 1173 ubi

926 1194 1098 1224 conventus,
1133 1191 1182 1219 ubi
1220 1190 1373 1226 inquisitio
1407 1191 1563 1225 Scriptura:
1595 1190 1752 1218 dictorum.

927 1236 1000 1269 Quid
1017 1236 1052 1263 de
1068 1235 1234 1263 calamitate
1250 1235 1300 1262 illa
1317 1234 1589 1270 philosophamini?
1605 1235 1640 1261 de
1665 1235 1753 1262 bene-

925 1279 1074 1309 volentia?
1099 1280 1133 1307 de
1158 1279 1368 1307 concessione?
1393 1279 1622 1307 distributione?
1646 1279 1681 1306 de
1705 1278 1753 1306 in-

926 1324 1054 1353 accessis
1069 1323 1184 1351 verbis?
1200 1323 1229 1351 Si
1246 1323 1313 1359 quis
1328 1323 1416 1350 datus
1430 1325 1474 1351 est
1488 1323 1570 1350 vobis
1597 1324 1649 1350 aut
1673 1329 1752 1350 reve-

926 1369 1004 1397 latus
1028 1370 1073 1396 est
1097 1376 1204 1400 sermo,
1228 1368 1326 1403 dicite,
1348 1375 1442 1402 neque
1466 1367 1571 1395 sinatis
1598 1367 1685 1395 unico
1708 1367 1751 1395 la-

925 1413 1002 1442 cinio
1026 1413 1127 1449 templi
1153 1413 1309 1440 conﬁdere.
1334 1415 1396 1440 Non
1421 1414 1466 1440 est
1487 1412 1516 1439 in
1542 1412 1596 1440 hoc
1621 1413 1751 1448 tempore

925 1459 1072 1495 princeps,
1088 1466 1141 1485 nec
1157 1457 1308 1494 propheta,
1325 1465 1377 1485 nec
1401 1457 1598 1493 hegumenus,
1623 1465 1676 1484 nec
1699 1457 1750 1485 ho-

925 1502 1046 1532 locausti
1064 1501 1252 1534 sacriﬁcium,
1278 1510 1329 1529 nec
1355 1501 1528 1535 immolatio,
1556 1509 1609 1530 nec
1632 1501 1751 1536 oblatio,

925 1557 978 1576 nec
993 1547 1088 1575 thuris
1112 1546 1286 1574 combustio.
1312 1546 1462 1579 Quomodo
1490 1546 1615 1574 ferretur
1637 1546 1751 1574 fructus

926 1593 956 1621 in
986 1593 1145 1629 conspectu
1173 1593 1236 1626 tuo,
1266 1590 1526 1627 misericordiaque
1554 1590 1753 1619 obtinereturi’

927 1642 983 1670 Sed
1009 1650 1060 1670 vos
1081 1641 1201 1678 quidem
1223 1640 1297 1669 salvi
1313 1642 1417 1676 estote,
1434 1642 1463 1668 et
1477 1640 1571 1668 videte
1587 1648 1692 1668 novam
1705 1640 1753 1669 Je-

928 1687 1056 1715 rusalem
1073 1686 1224 1714 inductam
1241 1685 1270 1713 in
1287 1685 1474 1714 altitudinem
1490 1687 1519 1712 et
1534 1687 1716 1719 renovatum,
1727 1686 1755 1713 et

929 1732 1065 1769 precibus
1100 1730 1272 1765 incumbite,
1298 1732 1326 1758 et
1349 1729 1555 1766 gloriﬁcemini
1584 1729 1613 1757 in
1641 1729 1704 1766 ipsa
1727 1731 1756 1757 et

930 1776 1075 1812 fulgentes
1109 1774 1288 1802 efﬁciamini.
1319 1776 1361 1802 Tu
1397 1783 1475 1808 vero,
1492 1774 1536 1802 sol
1560 1776 1590 1801 et
1622 1773 1702 1807 luna,
1727 1776 1756 1802 et

931 1822 1019 1854 astra,
1037 1820 1086 1848 ubi
1101 1828 1178 1847 nunc
1194 1828 1244 1847 vos
1259 1819 1442 1856 splendetis?
1458 1819 1507 1846 ubi
1524 1826 1600 1846 nunc
1617 1818 1755 1855 fulgetis?

931 1864 980 1892 ubi
997 1864 1096 1892 radios
1108 1863 1280 1891 cohibentes
1297 1863 1435 1891 mittitis?
1450 1863 1549 1896 Qualis
1573 1871 1623 1891 vos
1648 1863 1753 1891 domus

932 1917 1025 1945 nuper
1048 1908 1155 1944 excipit
1179 1910 1230 1935 aut
1254 1907 1406 1935 admittit?
1431 1907 1476 1935 cui
1503 1907 1678 1943 refulgetis?
1693 1908 1754 1940 Quo

932 1962 1018 1990 opere
1034 1952 1254 1989 magniﬁcatis?
1267 1952 1337 1985 Quis
1353 1953 1449 1980 videre
1464 1961 1514 1980 vos
1530 1960 1648 1980 sursum
1674 1952 1754 1987 aspi-

932 1999 1012 2027 ciens
1036 1998 1143 2026 vellet?
1167 1997 1237 2030 Quis
1262 2005 1319 2025 non
1342 1997 1439 2033 potius
1464 1997 1493 2024 in
1518 1997 1645 2025 tenebris
1674 1997 1756 2024 incli-

931 2045 1017 2070 natus
1043 2042 1185 2078 perVadit,
1212 2044 1240 2070 et
1264 2042 1359 2069 lucem
1376 2041 1546 2069 aversatur?
1562 2041 1625 2069 Non
1641 2043 1756 2078 oporte-

931 2087 981 2114 bat
996 2088 1024 2114 te
1039 2086 1233 2114 circumindui
1247 2086 1377 2114 tenebris
1393 2085 1537 2114 luctuosis
1553 2086 1643 2121 hujus
1671 2085 1757 2114 istius

927 2132 990 2167 jam
1025 2131 1164 2159 secundo.
1189 2132 1211 2159 Ο
1235 2133 1382 2158 astrorum
1415 2131 1694 2167 praestantissimum
1728 2132 1758 2158 et

933 2175 1094 2202 maximum
1118 2175 1172 2209 sol,
1206 2183 1304 2202 nonne
1333 2183 1374 2211 se,
1400 2175 1491 2211 plenae
1527 2174 1603 2202 lunae
1638 2174 1756 2210 similis,

932 2225 987 2253 sub
1012 2223 1147 2260 pulverea
1171 2225 1299 2260 quadam
1315 2224 1539 2252 obumbratione
1554 2232 1671 2252 currere
1686 2226 1715 2252 et
1729 2227 1757 2252 te

933 2269 1122 2302 abscondere,
1139 2271 1190 2296 aut
1202 2269 1325 2296 deﬁcere
1345 2268 1539 2305 (oportebat)?
1561 2269 1615 2296 Sed
1639 2268 1682 2296 sic
1706 2269 1755 2296 de-

933 2314 1070 2350 spexistis
1087 2316 1222 2341 eventum
1251 2315 1281 2341 ut
1304 2314 1437 2350 ignotum
1460 2311 1624 2350 (Ei-fvwrov)?
1648 2313 1682 2340 Et
1706 2313 1755 2341 ubi

933 2357 1192 2394 gloriﬁcabimini?
1215 2358 1273 2394 Ego
1299 2357 1389 2394 igitur
1415 2366 1490 2394 saepe
1514 2365 1564 2384 vos
1589 2357 1646 2384 vidi
1664 2357 1693 2384 in
1709 2356 1754 2385 lu-

933 2403 1021 2431 cifero
1057 2403 1112 2430 hoc
1147 2403 1265 2437 templo,
1291 2405 1319 2430 et
1344 2402 1445 2429 videns
1477 2401 1602 2429 miratus
1626 2410 1703 2435 sum,
1728 2404 1756 2429 et

933 2455 1052 2475 causam
1076 2447 1219 2482 exquisivi
1254 2449 1372 2483 propter
1399 2454 1488 2482 quam
1524 2446 1577 2474 hoc
1612 2446 1756 2481 subiistis,

933 2494 962 2520 et
974 2492 1063 2527 hujus
1079 2500 1158 2519 nunc
1182 2491 1411 2527 pulchritudinis
1431 2499 1549 2518 causam
1577 2491 1666 2519 didici
1693 2499 1757 2527 pro-

934 2536 1153 2565 crastinationis
1173 2536 1263 2571 illius,
1293 2538 1322 2564 et
1346 2537 1422 2563 certe
1444 2535 1601 2563 infeliciter
1624 2538 1758 2564 amantes

933 2590 984 2609 vos
1000 2581 1140 2617 putabam
1156 2589 1220 2609 esse
1235 2582 1262 2608 et
1277 2581 1385 2608 amoris
1408 2582 1552 2617 expertes.
1578 2581 1758 2617 Quandoque

933 2635 1001 2654 vero
1018 2635 1068 2662 per
1082 2628 1172 2653 totam
1189 2626 1265 2653 diem
1281 2625 1454 2661 apparuisti,
1471 2626 1524 2660 sol,
1550 2625 1647 2653 locum
1672 2625 1757 2654 illum

935 2680 1049 2705 amans,
1066 2673 1094 2699 et
1109 2672 1242 2698 versatus
1257 2670 1316 2697 illic
1331 2672 1359 2697 et
1371 2670 1540 2706 splendens,
1556 2678 1649 2706 neque
1665 2670 1759 2699 libens

936 2715 1112 2745 abscedebas
1123 2714 1167 2743 vel
1179 2714 1354 2751 migrabaris
1370 2715 1573 2743 succedentem
1591 2715 1642 2743 tibi
1658 2715 1758 2743 lunam

936 2761 1042 2789 terens.
1069 2761 1102 2789 Et
1125 2760 1180 2788 hoc
1208 2768 1260 2797 ego
1293 2760 1405 2795 videns,
1440 2768 1539 2788 meum
1573 2760 1756 2796 reputabam,

936 2806 1053 2844 quando
1070 2808 1098 2834 et
1121 2805 1271 2842 gigantem
1296 2808 1324 2834 et
1347 2814 1490 2842 sponsum
1516 2812 1530 2833 θ
1552 2804 1684 2833 thalamo
1708 2812 1758 2832 ex-
