1948 3056
153 151 215 181 915
827 149 989 181 MICHAEI

1080 150 1196 180 ’SELLI
1807 146 1868 175 916

154 218 274 245 euntem
291 219 394 245 cantor
412 217 498 245 David
515 219 543 246 te
559 217 665 245 al‘l‘atus
681 220 744 245 est:
760 217 892 254 praevidit
905 217 984 244 enim

1080 215 1186 252 χνάσιις
1215 213 1258 242 ἐπὶ
1287 216 1327 250 τῷ
1354 215 1492 250 πτώματι·
1520 213 1565 240 ’ἱνα
1591 213 1678 250 μάθῃς
1712 211 1870 243 ἀλλοιωτὸς

157 264 186 289 te
207 261 256 289 ille
280 261 474 298 perfulgentis
508 261 598 296 hujus
632 261 734 297 templi
759 265 932 294 amatorem,
956 263 984 289 et

1080 261 1117 290 τὸς
1141 259 1186 286 καὶ
1210 259 1325 297 τρεπτὸς
1351 259 1472 296 γεγονὼς
1495 258 1540 286 καὶ
1563 260 1650 296 φθορᾷ
1676 256 1870 294 ὒποκείμενος.

154 306 216 335 hac
232 307 286 334 tibi
304 307 420 334 cecinit.
437 307 471 334 Et
489 315 566 334 nunc
582 315 617 334 ne
632 310 661 335 te
675 310 788 334 avertas
803 307 840 334 ab
864 307 914 334 illo
939 306 982 333 la-

1080 315 1124 335 τος
1152 303 1181 331 δὲ
1209 303 1233 331 εἷ
1271 304 1317 340 μὶν
1344 303 1541 338 ἀναστήσεται,
1570 302 1588 337 ἢ
1617 301 1868 337 συντελεσθήσιται,

154 352 253 386 beate,
280 354 399 388 propter
424 359 511 387 quem
534 360 598 379 eras
624 352 728 386 major,
755 354 872 387 propter
895 359 982 386 quem

1080 348 1342 383 ιαλλωπισθήσεται,
1364 348 1415 375 οὐκ
1440 347 1505 384 ἐμὰν
1531 346 1638 375 εἰδέναι·
1663 347 1694 374 τὸ
1720 345 1748 374 δὶ
1765 346 1831 383 ἐμὸν
1846 346 1869 374 εἰ

153 396 310 429 illustrior,
327 399 446 432 propter
461 404 546 431 quem
561 395 667 423 clarior
691 396 750 423 eris
768 404 774 422 :
791 397 818 423 et
842 398 873 422 tu
899 395 984 422 valde

1080 391 1189 429 ,ϐιώσω,
1221 392 1243 420 εἷ
1273 392 1397 427 εἰσέλθω,
1418 392 1440 420 εἰ
1470 392 1545 427 εἴδω,
1574 392 1598 419 ei
1623 392 1818 430 προσκυνήσω,
1845 390 1868 418 εἰ

153 439 348 475 gloriﬁcatus,
365 439 569 467 humiliaberis
585 439 741 475 paululum
758 441 786 467 et
806 439 983 474 spissaberis

1080 437 1225 473 νκλυτήσω,
1244 440 1310 465 Θεοῦ
1325 436 1376 475 ἄρα
1391 439 1473 465 τοῦτο
1488 437 1596 464 κάνεῖνο
1614 435 1729 467 εἰδότος.

153 485 189 512 ad
203 484 282 512 hunc
296 484 431 520 lapsum;
450 487 481 511 ut
496 484 593 512 discas
609 487 635 511 te
649 485 746 520 ipsum
764 484 948 518 mutabilem,
963 487 991 511 et
1007 483 1172 512 versatilem
1190 483 1310 517 factum,
1327 485 1353 511 et
1380 482 1559 518 corruptioni
1585 483 1763 517 subjectum.
1792 481 1867 509 lllud

153 530 252 557 autem
277 531 379 556 utrum
405 531 650 562 resurrecturum,
675 531 727 556 aut
751 529 973 564 perﬁciendum,
1000 532 1051 557 aut
1075 529 1277 556 exornandum
1305 528 1352 558 sit.
1379 536 1437 556 non
1462 535 1560 555 meum
1577 530 1623 554 est
1637 534 1724 554 nosse
1741 535 1748 554 :
1767 534 1868 554 meum

154 575 252 601 autem
270 575 370 601 utrum
388 574 585 609 supervixero,
602 576 700 601 utrum
715 573 864 606 introiero,
882 576 982 601 utrum
998 574 1108 609 videro,
1130 576 1231 600 utrum
1255 573 1422 606 adoravero,
1440 574 1540 600 utrum
1566 574 1656 600 Deum
1681 572 1870 604 invocavero,

153 619 212 646 Deo
227 617 355 654 profecto
370 620 399 646 et
413 617 492 646 istud
508 620 713 654 cognoscente.

434 788 608 852 ΤΟΥ
653 787 1181 853 ΣΟΦΩΤΑΤΟΥ
1224 786 1586 852 ΨΕΛΑΟΥ

912 908 1116 937 ΑΝΤΙΓΡΑΦΗ

438 989 529 1017 ΠΡΟΣ
548 988 727 1018 ΕΡΩΤΗΣΙΝ
748 988 854 1017 ΤΙΝΟΣ
874 987 1040 1017 ΜΟΝΑΧΟΥ
1059 988 1140 1016 ΠΕΡΙ
1159 988 1312 1017 ΟΡΙΣΜΟΥ
1327 988 1391 1016 ΤΟΥ
1410 987 1585 1016 ΘΑΝΑΤΟΥ.

524 1160 1153 1223 SAPIENTISSIMI
1201 1159 1498 1222 PSELLI

917 1271 1113 1300 RESPONSIO

262 1347 313 1378 AD
337 1347 542 1379 CUJUSDAM
565 1349 745 1379 ΜΟΝΑοΗί
767 1347 1148 1379 INTERROGATIONEM
1170 1348 1221 1378 DE
1244 1346 1392 1378 MORTlS
1415 1346 1764 1377 DETERMlNATlONE

999 1443 1035 1450 .—

201 1513 226 1540 1.
242 1513 305 1540 Non
317 1515 457 1550 tanquam
470 1515 594 1542 obscura
605 1515 682 1542 esset
693 1523 709 1541 a
721 1516 750 1541 te
761 1513 907 1549 proposita
919 1521 989 1549 quie-

1083 1513 1120 1540 1'."
1131 1512 1193 1550 Οὐχ
1208 1511 1244 1543 ὡς
1259 1511 1397 1550 ἠπόρηται
1421 1512 1452 1539 τὸ
1476 1511 1548 1549 παρὰ
1572 1513 1620 1539 σοῦ
1643 1508 1801 1549 προϐληθὲν
1819 1512 1872 1546 ζή-

166 1557 223 1585 stio
242 1557 412 1586 doctissime
427 1559 523 1593 Pater,
540 1567 586 1586 me
610 1558 814 1594 interrogasti;
840 1558 988 1593 quomodo

165 1601 243 1628 enim
260 1610 323 1629 eam
340 1603 526 1638 proposuisti,
543 1604 607 1638 ejus
623 1603 708 1630 obvia
724 1606 767 1630 est
783 1602 900 1630 solutio.
913 1601 992 1629 Nihil

164 1645 243 1672 enim
259 1645 316 1673 Deo
332 1645 518 1674 indeﬁnitum
535 1650 590 1682 est,
600 1655 695 1683 neque
711 1647 779 1679 vita,
792 1654 884 1682 neque
900 1655 992 1680 mors,

163 1697 259 1724 neque
269 1691 430 1725 generatio,
448 1700 542 1727 neque
552 1692 690 1723 essentia.
708 1699 802 1726 neque
813 1699 913 1718 eorum
928 1699 992 1726 quas

164 1733 310 1762 exsistunt
325 1735 539 1770 quidquam.Si
551 1737 626 1763 enim
640 1735 783 1763 Divinitas
798 1736 931 1763 omnium
948 1737 992 1762 est

164 1778 320 1812 terminus,
346 1780 493 1815 quomodo
520 1789 553 1808 ex
581 1780 627 1808 his
660 1780 797 1808 omnibus
830 1780 991 1816 quidquam

164 1822 426 1852 indeterminatum
452 1825 551 1852 esset?
576 1827 620 1857 Et,
646 1825 668 1852 si
685 1833 770 1852 omne
783 1827 899 1860 tempus
915 1832 992 1851 com-

165 1867 331 1903 prehendit,
348 1868 407 1896 imo
424 1869 447 1896 si
464 1872 531 1897 ante
546 1872 663 1906 tempus
679 1873 707 1897 et
722 1877 813 1896 aevum
832 1877 881 1904 per
894 1876 923 1895 se
943 1876 991 1895 ex-

165 1911 254 1946 sistit,
271 1913 417 1948 quomodo
440 1922 568 1949 praesens
592 1914 708 1949 quidem
734 1914 831 1948 sciret,
859 1913 990 1940 futurum

165 1964 232 1984 vero
256 1957 425 1992 ignoraret?
448 1958 489 1985 Ad
514 1967 566 1986 nos
592 1959 650 1986 hac
674 1958 840 1994 ignorantia
856 1957 991 1993 pertinet,

165 2000 274 2035 quibus
288 2003 406 2037 tempus
423 2002 548 2030 divisum
566 2005 619 2037 est,
637 2003 686 2038 qui
702 2002 858 2038 praesentia
872 2001 992 2037 quidem

165 2044 300 2072 novimus
317 2046 436 2081 quando
452 2047 537 2074 nobis
553 2047 582 2074 in
610 2048 744 2075 notitiam
765 2046 887 2074 veniunt
911 2045 992 2072 futu-

165 2096 230 2116 rum
242 2097 309 2117 vero
321 2091 441 2118 omnino
453 2091 635 2127 ignoramus,
648 2092 717 2127 quia
730 2099 795 2118 cum
810 2091 918 2118 futuris
934 2098 991 2117 non

164 2133 300 2168 vivimus,
317 2135 368 2163 sed
385 2136 421 2163 ab
435 2135 471 2164 iis
486 2145 538 2172 per
552 2145 616 2164 eam
634 2137 663 2163 in
682 2135 817 2171 praesenti
833 2135 923 2162 vitam
947 2142 992 2162 se-

1045 1567 1132 1593 τημα,
1160 1556 1310 1594 λογιώτατε
1338 1556 1435 1593 ΙΙάτερ,
1460 1556 1547 1588 οὕτως
1569 1556 1725 1593 ἠρώτησας·
1752 1556 1790 1587 ὡς
1818 1557 1871 1593 γὰρ

1047 1599 1080 1635 δὴ
1110 1611 1270 1639 προετεινω,
1295 1604 1343 1628 τοῦ
1370 1600 1551 1639 ἐρωτηθέντος
1571 1602 1588 1634 ἡ
1609 1600 1686 1631 λύσις
1709 1601 1871 1638 πρόχειρος.

1046 1645 1127 1673 Οὐδὲν
1152 1646 1204 1683 γὰρ
1227 1645 1353 1683 ἀόριστον
1375 1648 1414 1682 τῷ
1437 1647 1505 1681 Θεῷ,
1529 1643 1591 1672 οὔτε
1614 1646 1681 1679 ζωὴ,
1707 1643 1770 1672 οὔτε
1789 1645 1870 1672 Θάνα-

1046 1701 1102 1724 τος,
1124 1690 1155 1717 οὐ
1174 1690 1286 1728 γένεσις,
1305 1690 1354 1717 οὐκ
1375 1689 1462 1724 οὐσία,
1484 1687 1546 1716 οὔτε
1561 1691 1614 1716 τῶν
1639 1687 1724 1716 ὄντων
1739 1687 1801 1716 οὔτε
1815 1691 1871 1716 τῶν

1045 1737 1197 1772 γινομένων
1223 1734 1311 1762 οὐδὲν.
1330 1734 1360 1762 Εἰ
1379 1735 1430 1772 γὰρ
1453 1733 1486 1768 δὴ
1509 1734 1540 1761 τὸ
1564 1735 1635 1760 θεῖον
1659 1732 1722 1771 ὅρος
1747 1733 1802 1761 ἐστὶ
1822 1736 1872 1761 τοῦ

1047 1780 1155 1813 παντὸς,
1181 1781 1239 1810 πῶς
1265 1778 1297 1814 δή
1314 1789 1340 1806 τι
1365 1781 1419 1806 τῶν
1435 1782 1543 1806 πάντων
1566 1777 1659 1814 ἐκείνῳ
1675 1778 1846 1816 ἇοριστῆσειε
1862 1788 1870 1813 ;

1047 1825 1102 1857 καὶ,
1119 1823 1144 1851 εἴ
1158 1824 1188 1851 τὸ
1208 1827 1259 1851 πᾶν
1286 1823 1431 1862 συνείληφε
1449 1825 1496 1850 τοῦ
1521 1820 1635 1860 χρόνου,
1653 1822 1758 1858 μὰλλον
1782 1821 1810 1850 δὲ
1824 1823 1871 1850 χαὶ

1047 1869 1099 1906 πρὸ
1119 1868 1221 1907 χρόνου
1244 1868 1289 1896 καὶ
1312 1869 1366 1905 πρὸ
1390 1868 1487 1898 αῗῶνος
1511 1867 1551 1906 ἐφ’
1574 1868 1669 1894 ἑαυτοῦ
1687 1865 1796 1902 ἕστηκε,
1811 1869 1871 1898 πῶς

1046 1913 1077 1941 τὸ
1108 1914 1155 1950 μὲν
1174 1913 1258 1950 παρὸν
1285 1911 1379 1948 εῗδιίη,
1402 1914 1455 1939 τῶν
1482 1910 1511 1939 δὲ
1536 1911 1695 1948 μελλόντων
1715 1922 1742 1939 τι
1764 1911 1871 1949 ἀγνοή-

1048 1968 1125 1994 σειε;
1145 1957 1207 1995 περὶ
1228 1959 1302 1994 ἡμᾶς
1331 1958 1383 1994 γὰρ
1405 1959 1498 1990 ταῦτα,
1523 1957 1564 1987 οἷς
1586 1957 1600 1984 ὁ
1626 1956 1727 1993 χρόνος
1750 1966 1871 1993 καταμε-

1050 2003 1183 2040 μὲρισται,
1209 2003 1235 2029 οἳ
1261 2003 1292 2030 τὸ
1316 2002 1362 2038 μὶν
1390 2001 1502 2032 ἐνεστὼς
1528 1999 1604 2037 ἴσμεν
1629 2001 1727 2028 ὁπόσον
1744 2002 1813 2037 ἡμῖν
1829 2001 1870 2032 εἲς

1046 2049 1144 2085 γνῶσιν
1161 2044 1249 2082 ἔλθοι,
1265 2047 1296 2074 τὸ
1321 2045 1349 2074 δὲ
1375 2045 1476 2083 μέλλον
1497 2046 1663 2073 παντάπασιν
1679 2046 1870 2082 ἡγνοήκαμεν,

1047 2092 1088 2119 ὅτι
1113 2090 1183 2128 μηδὲ
1208 2093 1330 2128 συζῶμεν
1355 2093 1396 2126 τῷ
1420 2089 1535 2123 ἐπιόντι,
1566 2088 1638 2117 ἀλλὰ
1663 2091 1711 2117 τοῦ
1739 2089 1871 2126 ἐσομένου

1046 2139 1085 2172 τῷ
1106 2135 1174 2164 κατὰ
1201 2136 1234 2163 τὸ
1264 2135 1376 2166 ἐνεστὼς
1404 2137 1451 2172 ζῇν
1483 2134 1651 2161 παντάπασιν
1678 2134 1870 2171 ἀπῳκίσμεθα.

164 2186 314 2213 paramur.
331 2179 481 2208 Facillima
503 2181 595 2216 igitur
619 2181 690 2208 adeo
716 2188 778 2214 qua:
804 2179 989 2215 interrogasti

1080 2181 1142 2216 ᾔστη
1176 2182 1319 2218 τοιγαροῦν
1347 2179 1414 2217 πρὸς
1447 2178 1512 2216 ὅπερ
1539 2179 1685 2216 ἠρώτησας
1711 2179 1728 2214 ή
1753 2179 1872 2217 ἀπόκρι-

164 2224 327 2259 responsio.

199 2268 226 2295 2.
243 2269 434 2297 Notissimam
452 2272 549 2297 autem
566 2277 628 2296 eam
646 2269 837 2304 qumstionem
854 2269 896 2303 (ut
912 2276 992 2296 sum‘

166 2313 268 2341 matim
284 2314 336 2341 tibi
353 2316 382 2342 et
397 2314 426 2341 in
451 2313 580 2349 epistolae
609 2315 702 2341 l'orma
723 2316 816 2341 totum
840 2305 991 2349 colligam)

165 2357 206 2385 ita
222 2361 392 2394 proponunt
408 2357 561 2394 peritiores
578 2360 611 2385 ut
634 2366 692 2385 non
716 2360 751 2385 de
775 2358 900 2385 termino
926 2357 990 2385 vita

165 2403 291 2436 tantum,
307 2403 357 2430 sed
374 2407 403 2430 et
417 2403 454 2430 de
467 2402 532 2430 aliis
549 2402 686 2430 omnibus
702 2411 765 2438 quas
782 2405 852 2430 sunt
876 2410 989 2430 sermo-

164 2453 231 2474 nem
248 2447 434 2482 protendant.

197 2491 224 2518 3.
242 2491 427 2527 Interrogant
441 2491 518 2519 enim
535 2500 603 2518 num
622 2492 698 2519 Deus
715 2491 846 2519 futurum
864 2491 987 2526 noverit,

161 2543 228 2563 cum
241 2538 339 2563 autem
352 2535 455 2562 annuit
467 2535 711 2571 colloquens(non
724 2537 986 2572 enimpotestcom-

161 2579 244 2606 muni
256 2579 577 2614 sensuicontradicero)
593 2580 715 2608 addunt:
728 2593 741 2606 ‹‹
758 2581 857 2608 Utrum
875 2580 916 2608 illi
934 2581 986 2608 de-

159 2622 244 2650 ﬁnita
254 2625 299 2650 est
311 2623 401 2650 futuri
414 2623 568 2659 notitia,an
581 2628 612 2652 ut
621 2625 703 2652 nobis
716 2625 987 2653 indeﬁnitauConce‘

160 2666 296 2694 dentibus
312 2670 411 2695 autem
428 2669 512 2696 nobis
528 2669 585 2697 Deo
603 2670 734 2697 notitiam
760 2669 983 2697 determinatam

160 2711 365 2746 esse(alterum
375 2712 451 2740 enim
461 2713 586 2742 solidum
596 2717 661 2749 est),
675 2714 774 2742 statim
783 2714 898 2749 aliquod
915 2722 985 2741 con-

162 2763 289 2792 sequens
305 2756 443 2785 stolidum
459 2758 709 2786 aﬂ'erunt.Dicuut
720 2759 798 2786 enim
816 2767 822 2786 :
840 2770 854 2783 ‹‹
870 2758 896 2785 Si
914 2757 984 2785 deﬁ-

161 2800 221 2829 nite
236 2801 323 2830 sciret
338 2802 404 2838 quis
420 2803 536 2832 futurus
551 2803 702 2838 sitjustus
717 2806 745 2831 et
761 2803 828 2839 quis
844 2803 984 2838 injustus,

1046 2236 1098 2257 σις.

1083 2270 1115 2308 β’.
1131 2270 1165 2298 Τὸ
1186 2268 1214 2297 δὲ
1232 2268 1434 2307 θρυλλούμενον
1463 2268 1538 2296 τουτὶ
1559 2268 1680 2308 ζήτῦημα,
1697 2267 1743 2295 ’ἱνα
1771 2267 1804 2303 δή
1827 2279 1870 2297 σοι

1045 2313 1242 2354 κεφαλαιωδῶς
1279 2314 1323 2341 καὶ
1361 2313 1387 2340 ἦν
1426 2312 1573 2345 ἐπιστολῆς
1603 2313 1726 2350 σχήματι
1755 2313 1870 2349 ξυνιίρω

1044 2359 1074 2386 τὸ
1090 2361 1154 2392 πᾶν,
1174 2358 1246 2386 οὕτω
1266 2357 1299 2392 δὴ
1319 2354 1525 2395 προϐάλλονται
1541 2356 1566 2383 οἱ
1587 2355 1745 2394 δεινότεροι,
1761 2357 1793 2384 οὐ
1805 2359 1870 2395 περὶ

1045 2403 1109 2438 ὅρου
1126 2403 1208 2439 μόνον
1231 2405 1315 2437 ζωῆς,
1332 2400 1404 2429 ἀλλᾶ
1422 2401 1468 2428 καὶ
1492 2401 1554 2439 περὶ
1578 2401 1676 2432 παντὸς
1704 2401 1797 2439 ἑτέρου
1811 2404 1868 2429 τῶν

1043 2448 1195 2485 γινομένων
1208 2447 1254 2475 τὸν
1270 2447 1352 2485 λόγον
1368 2446 1542 2484 προάγοντες.

1077 2494 1218 2530 Ἐρωτῶσι
1247 2491 1298 2529 γὰρ
1326 2491 1349 2518 εἰ
1374 2489 1430 2518 οἶδε
1456 2491 1486 2517 τὸ
1513 2489 1615 2526 μέλλον
1636 2490 1732 2521 ὂΘεός
1761 2490 1818 2518 εἶτα
1835 2490 1869 2527 δὴ

1042 2537 1314 2574 συνομολογήσαντος
1343 2537 1392 2562 τοῦ
1421 2533 1692 2572 προσδιαλεγομένου
1717 2533 1795 2571 (οὐδὲ
1818 2536 1870 2574 γὰρ

1040 2582 1073 2616 ἦν
1093 2580 1242 2618 ἀντιλέγειν
1265 2580 1332 2617 πρὸς
1356 2580 1450 2614 κοινήν
1477 2578 1604 2615 ἔννοιαν),
1634 2579 1773 2617 ἐπάγουσι·
1790 2593 1805 2606 ‹‹
1822 2581 1871 2609 πό-

1040 2636 1118 2663 τερον
1143 2624 1171 2652 δὲ
1196 2625 1308 2662 ὥρισται
1334 2623 1408 2659 αὐτῷ
1431 2624 1448 2658 ἡ
1473 2625 1573 2661 γνῶσις
1595 2625 1643 2650 τοῦ
1669 2623 1834 2659 μέλλοντος,
1851 2626 1869 2659 ἢ

1040 2669 1203 2708 ἀορισταίνει
1234 2668 1324 2705 ὥσπερ
1353 2669 1421 2704 ἡμῖν
1438 2678 1444 2701 ;
1462 2680 1475 2694 η
1506 2666 1606 2694 δόντων
1641 2666 1670 2694 ’δὲ
1693 2669 1775 2704 ἡμῶν
1801 2669 1868 2706 ὠρί-

1040 2715 1099 2742 σθαι
1125 2714 1200 2749 αὺτῷ
1222 2714 1271 2747 τήν
1297 2715 1396 2749 γνῶσιν
1423 2712 1544 2749 (θάτερον
1566 2712 1618 2749 γὰρ
1642 2711 1766 2748 ἄτοπον),
1790 2713 1869 2746 εὐθὺς

1039 2758 1076 2789 ὡς
1102 2757 1234 2793 ἐπόμινόν
1258 2767 1283 2784 τι
1313 2755 1413 2784 ἄτοπον
1441 2755 1608 2796 ἰτιειφέριωσι⁸
1637 2756 1707 2784 Φασὶ
1735 2757 1786 2795 γὰρ
1815 2757 1866 2794 ὠς,

1039 2802 1064 2830 εἶ’
1087 2802 1246 2840 ὡρισμένως
1270 2799 1353 2837 εἰδείη
1375 2801 1420 2829 τόν
1437 2812 1465 2829 τε
1483 2800 1611 2838 ἐσόμενον
1627 2799 1732 2829 δίκαιον
1750 2802 1797 2829 καὶ
1818 2803 1866 2831 τὸν
