1952 3052
128 96 186 125 919

798 97 1009 128 MICHAELIS
1031 98 1167 128 PSELLI

1784 97 1844 126 920

131 162 227 199 libris,
242 165 275 192 ut
295 163 319 192 si
336 164 513 200 quibusdam
538 165 701 193 occur-reris
716 165 765 201 qui
783 165 817 192 de
834 165 929 192 termii

1035 163 1059 191 αἱ
1075 167 1134 195 τοῖς
1154 166 1209 192 τῶν
1232 165 1356 201 πατέρων
1382 165 1462 201 ἡμῶν
1490 164 1597 203 λόγοις,
1619 164 1657 191 ’ἶν’
1670 163 1695 192 εἲ
1717 173 1774 191 τισι
1797 148 1841 200 μὶν

133 208 197 236 vita
213 211 320 237 nostrae
334 209 454 237 deﬁnito
476 210 649 246 loquuntur,
667 212 694 237 et
710 210 886 245 quihusdam
909 209 960 246 qui

134 253 170 280 de
185 254 287 281 eodem
305 257 336 281 ut
359 254 522 288 indeﬁnito,
540 263 597 282 non
621 257 707 290 putes
723 254 871 282 doctrinas
887 254 962 281 inter

135 306 167 326 se
177 299 343 333 dissentire,
357 300 407 327 sed
421 300 538 335 judices
553 299 624 327 illud
638 299 756 335 quidem
769 299 864 334 priore
876 299 961 327 modo

135 342 270 378 exprimi,
286 342 341 370 hoc
357 345 455 370 autem
472 343 574 371 altero.

168 433 195 460 6.
212 435 355 460 Preterea
369 435 396 460 te
411 432 475 461 volo
496 433 570 460 scire
594 434 726 460 nostram
752 435 887 460 naturam
904 440 962 460 non

135 484 200 504 esse
215 476 390 512 simplicem,
407 477 458 505 sed
480 485 533 504 nos
556 477 659 512 plenos
675 485 738 504 esse
754 480 783 504 et
798 477 964 504 substantia

135 523 163 548 et
191 520 393 556 generatione,
419 529 565 557 agereque
590 523 652 549 tum
679 521 875 557 providentia,
901 525 964 548 tum

135 567 251 598 natura,
267 567 329 593 tum
353 565 514 593 voluntate.
544 566 680 602 llludque
705 566 769 593 dico
799 573 856 593 non
886 565 963 601 quod

136 609 248 645 aliquid
272 610 347 646 fugit
372 611 587 638 Providentiam
603 613 631 638 et
646 611 749 643 Deum,
767 611 817 637 sed
842 611 919 646 quod
936 612 964 638 et

136 655 194 683 alia
209 663 272 692 quae
296 656 363 683 inde
387 656 589 684 exsistentiam
617 659 799 692 receperunt,
816 656 876 684 sive
892 656 963 692 phy-

136 700 196 728 sice
212 701 272 728 sive
296 701 386 729 libere
410 702 439 729 in
466 709 519 729 nos
544 704 713 737 operantur.
741 702 806 729 Ideo
831 701 921 737 igitur
935 703 965 728 et

136 745 247 781 frigora
261 750 288 774 et
304 746 415 774 calores
431 755 486 774 nos
501 754 517 774 e
531 746 589 774 vita
610 746 757 779 auferunt,
769 746 838 782 quia
853 748 964 773 naturae

137 790 295 826 participes
317 799 432 825 sumus,
448 794 476 818 et
492 799 609 818 rursum
634 790 742 818 stolida
756 790 879 818 consilia
894 798 964 818 nos-

136 835 210 861 tram
226 834 318 861 vitam
343 834 535 870 exstinguunt
563 843 598 862 ex
626 835 767 862 electione
792 834 962 862 voluntatis.
978 855 1002 888 B

136 878 233 888 mng
257 879 367 888 Mum
394 879 506 888 ,ωηεμ
632 879 679 888 ,κη
698 887 706 888 ,
827 887 852 888 η
937 887 940 888 ,

134 878 238 906 Omnia
253 879 372 914 quidem
389 879 510 906 deﬁnite
537 879 618 907 novit
631 879 723 913 Deus;
749 879 801 906 illa
823 887 890 907 vero
914 887 961 907 se~

133 923 264 950 cundum
282 931 367 951 suam
383 925 520 951 naturam
536 926 706 959 operantur.

168 1012 251 1040 Nune
266 1012 385 1041 brevem
400 1012 492 1041 habes
506 1015 563 1040 tum
584 1013 756 1049 quaestionis
773 1012 960 1048 solutionem,

136 1057 255 1085 Patrum
270 1058 441 1085 doctissime
454 1060 483 1085 et
497 1058 752 1085 reverendissime.

1015 208 1140 247 ἐντύχοις
1176 209 1214 241 ὡς
1250 209 1311 246 περὶ
1349 209 1502 247 ὡρισμένου
1529 211 1578 236 τοῦ
1613 208 1843 246 συμπεράσματος

1014 255 1064 286 τῆς
1088 257 1160 289 ζωῆς
1177 255 1256 290 ἡμῶν
1283 253 1406 292 λέγουσι,
1432 255 1487 281 τισὶ
1504 252 1533 281 δὲ
1558 253 1595 284 ὠς
1620 253 1680 291 περὶ
1704 253 1843 290 ἀορίστου,

1019 300 1056 335 μή
1086 298 1229 337 διαφωνεῖν
1259 300 1328 337 πρὸς
1355 298 1466 333 ἄΛληΛα
1499 298 1620 334 οἰηθείης
1647 298 1680 326 τὰ
1708 296 1843 335 δόγματα,

1016 342 1079 371 ἀλλ’
1096 343 1243 382 ἐπικρίνοις
1259 344 1297 375 ὡς
1312 346 1395 371 ταῦτα
1413 344 1459 380 μὲν
1475 343 1543 371 κατά
1565 345 1662 370 τοῦτον
1678 343 1724 370 τὸν
1740 341 1843 380 τρόπον

1017 388 1195 423 ἐξενήνεκται,
1211 387 1300 416 ἐκεῖναι
1316 387 1344 415 δὲ
1359 387 1427 415 κατὰ
1441 388 1486 415 τὸν
1501 386 1604 425 ἕτερον.

1054 434 1084 464 ς’.
1115 433 1184 470 Πρὸς
1212 431 1240 459 δε
1268 431 1376 463 τούτοις
1403 431 1499 460 εἰδέναι
1530 442 1558 459 σε
1576 431 1712 470 βούλομαι
1737 431 1776 463 ὤς
1790 431 1846 469 οὐχ

1017 477 1092 511 ἁπλῆ
1121 487 1161 507 τις
1191 477 1261 504 ἐστὶν
1290 478 1308 511 ἡ
1338 477 1397 504 καθ’
1413 478 1486 513 ἡμᾶς
1514 476 1602 515 φύσις,
1628 475 1699 504 ἀλλᾶ
1725 475 1846 512 πλήρεις

1018 521 1097 558 ἐσμὲν
1125 522 1169 549 καὶ
1193 524 1241 549 τοῦ
1265 520 1343 552 ὄντος
1368 522 1412 548 καὶ
1439 522 1487 556 τῆς
1508 521 1647 558 γενέσεως,
1664 519 1845 556 διοικούμεθά

1017 577 1046 594 τε
1060 567 1093 594 τὰ
1117 566 1163 603 μὲν
1194 567 1246 594 ὑπὸ
1275 565 1416 604 προνοίας,
1432 566 1466 593 τὰ
1495 564 1517 592 δ’
1547 566 1599 593 ὑπὸ
1629 566 1745 603 φύσεως,
1771 565 1806 591 τὰ
1821 563 1845 591 δ’

1019 611 1048 638 ἐκ
1077 612 1271 649 προαιρέσεως,
1303 611 1353 639 Καὶ
1383 610 1413 637 οὐ
1443 612 1522 637 τοῦτο
1553 609 1635 647 λέγω,
1660 610 1697 640 ὡς
1718 607 1846 643 διέστηκε

1016 666 1042 683 τι
1069 659 1118 690 τῆς
1146 655 1273 693 προνοίας
1299 656 1344 682 καὶ
1366 657 1413 682 τοῦ
1439 657 1519 690 Θεοῦ,
1542 653 1607 682 ἀλλ’
1621 654 1661 681 ὅτι
1681 654 1727 681 καὶ
1752 652 1845 681 τᾶλλα

1019 700 1118 728 ἐκεῖθεν
1144 701 1192 734 τὴν
1222 700 1312 727 οὐσίαν
1338 699 1460 737 λαχόντα
1488 699 1506 734 ἢ
1532 701 1651 738 φυσικῶς
1675 699 1736 736 περὶ
1768 699 1844 734 ἡμᾶς

1019 745 1121 783 ἐνεργεῖ
1148 744 1165 779 ἢ
1188 746 1386 783 προαιρετικῶς
1404 766 1410 772 .
1438 744 1487 771 Διὰ
1513 745 1597 771 ταῦτα
1624 745 1769 782 τοιγαροῦν
1799 743 1844 770 καὶ

1017 790 1118 827 κρυμοὶ
1134 789 1179 817 καὶ
1205 788 1296 824 θάλπη
1321 789 1478 828 ἐκῳέρουσιν
1495 789 1570 825 ἡμᾶς
1584 789 1634 823 τῆς
1654 790 1727 822 ζωῆς
1743 786 1787 814 ὅτι
1798 786 1845 814 καὶ

1018 834 1123 873 φύσεως
1162 835 1390 871 μετεσχήκαμενε
1419 832 1464 860 καὶ
1506 833 1583 864 αὖθις
1612 830 1709 860 ἄτοποι
1734 833 1843 869 γνῶμαι

1018 876 1187 905 σϐεννύουσιν
1213 879 1293 914 ἡμῶν
1308 878 1359 912 τὴν
1377 878 1461 912 ζωήν,
1476 877 1550 916 παρὰ
1563 877 1594 904 τὸ
1612 876 1692 914 μέρος
1706 879 1758 911 τῆς
1774 886 1843 914 προ-

1016 923 1155 961 αιρέσεως.
1171 924 1293 951 Ἃπαντα
1317 921 1374 950 οἵδε
1391 923 1438 958 μὲν
1455 921 1615 960 ὡρισμένως
1631 923 1645 949 ὁ
1664 921 1730 953 Θεὸς
1752 920 1844 948 ἐκεῖνα

1017 967 1046 996 δὲ
1059 968 1126 996 κατὰ
1140 969 1189 1002 τὴν
1206 968 1307 995 ἑαυτῶν
1323 966 1400 1006 φύσιν
1413 967 1463 1001 τὴν
1479 966 1614 1004 ἐνέργειαν
1628 965 1751 1003 ἔχουσιν.

1051 1014 1145 1050 Ἔχεις
1161 1011 1220 1040 ἰδοὺ
1233 1013 1281 1047 τὴν
1298 1011 1376 1039 λύσιν
1391 1011 1434 1039 ἐπὶ
1452 1011 1571 1049 βραχέος
1588 1011 1668 1047 οὗπερ
1681 1010 1845 1047 ἠρώτησας,

1018 1057 1144 1094 Πατέρων
1160 1057 1222 1094 ἐμοὶ
1239 1055 1390 1095 λογιώτατε
1405 1055 1451 1084 καὶ
1467 1053 1680 1093 σεϐασμιώτατε.

514 1233 1065 1317 MICHAELIS
1124 1234 1477 1317 PSELLI

349 1373 766 1436 OPERUM
830 1373 1089 1435 PARS
1161 1373 1630 1436 SECUNDA

889 1479 1001 1502 COMPLE
1005 1479 1097 1502 CTENS

661 1542 902 1586 LEGALIA
942 1543 1015 1586 ET
1045 1542 1326 1586 CANONICA

281 1695 508 1768 ΟΒΙΑΤΙΟ
547 1694 914 1768 NﬂiithANONIS

1059 1695 1164 1769 liIP.
1201 1695 1501 1768 iiICIliELEii
1538 1693 1716 1786 llUGAii

324 1812 484 1849 (Meermen
499 1812 669 1841 Thesaurus
684 1811 773 1848 luris,
785 1813 807 1846 Ι,
824 1820 852 1847 p.
863 1812 910 1847 77,
921 1811 1032 1847 Graece;
1048 1811 1320 1847 interpretationem
1337 1814 1468 1840 nostram
1484 1810 1675 1846 addidimus.)

978 1898 1021 1905 -Α

183 1960 357 1996 Cognoscas,
375 1969 485 1997 quaeso,
501 1961 670 1997 imperator,
687 1962 774 1989 etiam
795 1961 929 1988 Nomocai

1036 1961 1099 1998 Ἐχε
1116 1970 1161 1997 μοι
1175 1962 1287 1998 γνῶσιν,
1305 1959 1432 1996 δέσποτα,
1446 1959 1492 1987 καὶ
1505 1961 1554 1987 τοῦ
1570 1958 1777 1996 Νομοκανόνος.

860 2013 939 2033 nem.

150 2050 203 2082 Qui
219 2050 293 2078 liber
308 2053 420 2079 constat
436 2051 551 2087 legibus
566 2053 595 2079 et
610 2050 784 2084 canonibus,
848 2006 856 2041 [

150 2094 316 2122 Canonibus
332 2095 522 2131 synodalibus
537 2098 566 2123 et
582 2095 696 2131 legibus
712 2094 811 2126 variis,

151 2139 298 2175 Praecipue
313 2142 410 2167 autem
429 2139 580 2176 praeeptis
597 2139 762 2167 recentibus
778 2138 977 2174 sapientibus-

907 2191 943 2210 ue

151 2228 217 2259 Quae
234 2227 351 2264 scriptis
367 2229 532 2256 canonibus
548 2229 656 2264 optime
674 2183 904 2263 putrocinantuﬁi

152 2271 202 2299 Est
217 2274 314 2299 autem
331 2273 462 2308 synodus
483 2272 578 2308 prima
595 2274 622 2299 et
637 2272 747 2299 honore
763 2274 790 2299 et
805 2271 907 2299 ordine

152 2316 272 2343 Patrum
289 2317 403 2352 piorum
420 2317 469 2352 qui
486 2319 684 2344 convenerunt
698 2316 835 2351 Nicmum,

153 2360 213 2388 Sub
229 2360 307 2388 ﬁdeli
321 2361 498 2396 imperatore
513 2361 702 2389 Constantino

153 2405 207 2436 Qui
223 2413 348 2440 magnus
364 2405 548 2441 eximiusque
564 2405 667 2433 merito
683 2405 908 2441 cognominatus
920 2407 977 2439 est;

154 2451 339 2484 Fuerunlque
355 2457 478 2477 numero
494 2450 613 2477 trecenti
626 2449 836 2485 duodeviginti.

155 2493 224 2520 Post
239 2493 313 2520 hanc
333 2494 463 2521 secunde
478 2494 543 2528 fuit,
559 2494 693 2529 quamvis
709 2497 838 2530 tempore
855 2494 944 2530 prior,

157 2538 308 2565 Beatorum
325 2538 442 2565 Patrum
459 2539 573 2574 Ancyrae
591 2539 778 2567 collectornm

155 2581 209 2613 Qui
225 2581 326 2617 viginti
343 2584 470 2618 quatuor
484 2591 612 2611 canones
628 2584 793 2616 ediderunt,

156 2628 227 2653 Cum
243 2627 373 2662 synodus
387 2627 502 2655 Nicaana
518 2628 634 2655 nonnisi
650 2628 751 2664 viginti
768 2628 919 2656 edidisset.

157 2670 255 2698 Tertia
270 2670 370 2698 habita
385 2674 429 2699 est
444 2671 634 2700 Neoczesarete
650 2672 780 2708 synodus

158 2715 225 2747 Quae
241 2715 328 2743 etiam
345 2715 490 2744 Nicenam
507 2718 665 2752 praecessit,

157 2759 287 2786 Tertium
303 2761 401 2788 autem
416 2762 495 2789 tenet
509 2760 618 2797 locum,
634 2763 667 2789 ut
683 2761 798 2789 duabus
814 2761 910 2789 minor

1031 2048 1163 2079 Σύνθετος
1179 2046 1274 2085 βίϐλος
1289 2048 1392 2087 πέφυκε
1405 2048 1498 2084 νόμων
1518 2058 1547 2075 τε
1561 2046 1606 2075 καὶ
1619 2047 1748 2074 κανόνων.

1031 2093 1157 2122 Κανόνων
1173 2093 1220 2129 μὲν
1237 2092 1397 2127 συναδικῶν,
1413 2093 1458 2119 καὶ
1474 2092 1566 2130 νόμων
1581 2091 1731 2131 διαφόρων,

1031 2140 1091 2165 Τῶν
1107 2140 1205 2176 νεαρῶν
1220 2137 1249 2165 δὲ
1265 2137 1384 2175 μάλιστα
1399 2138 1544 2176 πανσόφων
1560 2137 1763 2173 θεσπισμάτων,

1034 2229 1250 2264 Συνηγορνῦνται
1265 2226 1400 2254 κάλλισται
1414 2229 1472 2258 τοῖς
1488 2228 1614 2265 γραφεῖσι
1628 2223 1749 2254 κανόσιν.

1032 2273 1108 2300 Ἔστι
1126 2270 1154 2298 δὲ
1169 2272 1265 2308 πρώτη
1283 2270 1393 2302 σύνοδος
1404 2273 1438 2308 τῇ
1453 2273 1522 2307 τιμῇ
1537 2271 1581 2298 καὶ
1595 2271 1630 2306 τῇ
1643 2269 1726 2306 τάξει,

1032 2317 1093 2344 Τῶν
1111 2315 1292 2343 συνελθόντων
1310 2313 1424 2343 εὐσεϐῶν
1442 2315 1479 2346 εἰς
1494 2315 1608 2343 Νικαίαν
1625 2315 1767 2352 Πατέρων,

1033 2360 1093 2388 Ἰιπὶ
1107 2362 1156 2387 τοῦ
1172 2361 1373 2397 αὐτοκράτορος
1389 2360 1434 2387 καὶ
1449 2361 1547 2387 πιστοῦ
1562 2358 1777 2395 Κωνσταντίνου,

1033 2406 1080 2436 Ὂς
1098 2404 1189 2443 μέγας,
1206 2405 1235 2436 ὃς
1254 2404 1385 2443 ἐξαίρετος
1399 2403 1492 2436 καλῶς
1509 2403 1701 2440 ἐπωνομάσθη.

1033 2450 1080 2477 Ὧν
1097 2449 1168 2477 ὀκτὼ
1184 2449 1228 2476 καὶ
1243 2448 1298 2478 δέκ.
1316 2449 1430 2486 ἀριθμὸς
1445 2449 1514 2487 πρὸς
1526 2451 1585 2479 τοῖς
1599 2447 1780 2484 τριακοσίοις.

1035 2493 1147 2532 Δευτέρα
1161 2493 1262 2528 ταύτης
1278 2493 1391 2530 πέφυκε,
1407 2495 1446 2528 τῷ
1461 2493 1556 2530 χρόνῳ
1572 2491 1601 2519 δὲ
1615 2491 1746 2529 προτέρα,

1035 2540 1091 2565 Τῶν
1109 2537 1243 2565 ἐλθόντων
1260 2537 1298 2569 εἷς
1311 2538 1448 2575 ’Ἄγκυραν
1465 2537 1592 2575 Ματέρων
1610 2536 1764 2573 μακαρίων,

1035 2583 1066 2610 Οἳ
1081 2583 1211 2619 τέσσαρας
1226 2582 1294 2619 πρὸς
1311 2580 1396 2608 εἴκοσι
1410 2581 1527 2616 ἐξέθεντο
1547 2581 1671 2614 κανόνας,

995 2639 1018 2671 D
1036 2627 1067 2654 Οἱ
1083 2625 1105 2654 δ’
1122 2626 1147 2654 ἐν
1165 2625 1262 2661 Νικαίᾴ
1278 2624 1362 2653 εἷ’κοσι
1379 2625 1495 2661 ἐξέθεντο
1509 2625 1553 2652 καὶ
1571 2625 1684 2662 μόνους.

1034 2671 1114 2709 Τρίτη
1132 2669 1244 2702 σύνοδος
1258 2671 1367 2707 γέγονεν
1382 2670 1406 2697 ἐν
1424 2669 1626 2706 Νεοκαισαρείᾳ·

1034 2715 1110 2750 Αὕτη
1127 2717 1235 2753 πρῶτον
1250 2715 1351 2754 πέφυκε
1366 2715 1410 2742 καὶ
1423 2718 1473 2749 τῆς
1489 2714 1514 2741 ἐν
1529 2713 1562 2752 τῇ
1575 2713 1683 2749 Νικαίᾳ,

1035 2759 1137 2798 Τρίτην
1150 2758 1179 2788 δὲ
1193 2759 1264 2796 τάξιν
1281 2758 1404 2798 εἴληφεν,
1419 2759 1456 2791 ὡς
1471 2761 1524 2787 τῶν
1538 2757 1611 2787 δυοῖν
1627 2757 1736 2786 ἐλάττω
