  <div class='ocr_page' id='page_1' title='image "/cluster/home/n/w/nwhite01/storage/ocr_20150623/122/njp.32101077773016/488.png"; bbox 0 0 1952 3052; ppageno 0'>
   <div class='ocr_carea' id='block_1_1' title="bbox 91 97 862 130">
    <p class='ocr_par' dir='ltr' id='par_1_1' title="bbox 91 97 862 129">
     <span class='ocr_line' id='line_1_1' title="bbox 91 97 862 129; baseline 0 -1"><span class='ocrx_word' id='word_1_1' title='bbox 91 99 151 129; x_wconf 79' lang='grc'><strong>921</strong></span> <span class='ocrx_word' id='word_1_2' title='bbox 635 98 687 128; x_wconf 86' lang='lat' dir='ltr'><strong>DE</strong></span> <span class='ocrx_word' id='word_1_3' title='bbox 709 97 862 128; x_wconf 82' lang='lat' dir='ltr'><strong>NOMOCA</strong></span> 
     </span>
    </p>
   </div>
   <div class='ocr_carea' id='block_1_2' title="bbox 1025 97 1796 130">
    <p class='ocr_par' dir='ltr' id='par_1_2' title="bbox 1027 97 1796 130">
     <span class='ocr_line' id='line_1_2' title="bbox 1027 97 1796 130; baseline -0.003 -1"><span class='ocrx_word' id='word_1_4' title='bbox 1027 100 1051 129; x_wconf 92' lang='lat' dir='ltr'>T</span> <span class='ocrx_word' id='word_1_5' title='bbox 1076 97 1255 130; x_wconf 80' lang='lat' dir='ltr'><strong>SYNODIS.</strong></span> <span class='ocrx_word' id='word_1_6' title='bbox 1737 98 1796 129; x_wconf 68' lang='grc'><strong>922</strong></span> 
     </span>
    </p>
   </div>
   <div class='ocr_carea' id='block_1_3' title="bbox 93 162 864 204">
    <p class='ocr_par' dir='ltr' id='par_1_3' title="bbox 93 162 835 204">
     <span class='ocr_line' id='line_1_3' title="bbox 93 162 835 204; baseline 0.001 -12"><span class='ocrx_word' id='word_1_7' title='bbox 93 166 154 201; x_wconf 86' lang='grc' dir='ltr'>Τῆς</span> <span class='ocrx_word' id='word_1_8' title='bbox 171 164 216 202; x_wconf 77' lang='grc' dir='ltr'><strong>μὶν</strong></span> <span class='ocrx_word' id='word_1_9' title='bbox 231 167 280 200; x_wconf 85' lang='grc' dir='ltr'><strong>τῆς</strong></span> <span class='ocrx_word' id='word_1_10' title='bbox 294 163 458 203; x_wconf 75' lang='grc' dir='ltr'>ἁγιωτάτης,</span> <span class='ocrx_word' id='word_1_11' title='bbox 472 167 522 200; x_wconf 86' lang='grc' dir='ltr'><strong>τῆς</strong></span> <span class='ocrx_word' id='word_1_12' title='bbox 539 163 568 192; x_wconf 71' lang='grc' dir='ltr'><strong>δὲ</strong></span> <span class='ocrx_word' id='word_1_13' title='bbox 582 164 684 203; x_wconf 74' lang='grc' dir='ltr'>’χρόνου</span> <span class='ocrx_word' id='word_1_14' title='bbox 697 162 835 204; x_wconf 76' lang='grc' dir='ltr'>πρεσϐείᾳ.</span> 
     </span>
    </p>
   </div>
   <div class='ocr_carea' id='block_1_4' title="bbox 1028 162 1799 204">
    <p class='ocr_par' dir='ltr' id='par_1_4' title="bbox 1028 164 1799 203">
     <span class='ocr_line' id='line_1_4' title="bbox 1028 164 1799 203; baseline -0.001 -9"><span class='ocrx_word' id='word_1_15' title='bbox 1028 175 1043 194; x_wconf 76' lang='lat' dir='ltr'><strong>e</strong></span> <span class='ocrx_word' id='word_1_16' title='bbox 1059 166 1164 203; x_wconf 88' lang='lat' dir='ltr'><strong>partim</strong></span> <span class='ocrx_word' id='word_1_17' title='bbox 1182 166 1348 200; x_wconf 84' lang='lat' dir='ltr'><strong>sanctitate,</strong></span> <span class='ocrx_word' id='word_1_18' title='bbox 1373 165 1480 203; x_wconf 79' lang='lat' dir='ltr'><strong>partim</strong></span> <span class='ocrx_word' id='word_1_19' title='bbox 1494 166 1637 193; x_wconf 74' lang='lat' dir='ltr'><strong>vetustate</strong></span> <span class='ocrx_word' id='word_1_20' title='bbox 1662 164 1799 194; x_wconf 78' lang='lat' dir='ltr'><strong>eminent.</strong></span> 
     </span>
    </p>
   </div>
   <div class='ocr_carea' id='block_1_5' title="bbox 95 208 866 248">
    <p class='ocr_par' dir='ltr' id='par_1_5' title="bbox 95 208 638 245">
     <span class='ocr_line' id='line_1_5' title="bbox 95 208 638 245; baseline -0.002 -7"><span class='ocrx_word' id='word_1_21' title='bbox 95 209 212 240; x_wconf 83' lang='grc' dir='ltr'>Κανόνες</span> <span class='ocrx_word' id='word_1_22' title='bbox 230 208 260 237; x_wconf 81' lang='grc' dir='ltr'><strong>ιδ’</strong></span> <span class='ocrx_word' id='word_1_23' title='bbox 272 210 317 236; x_wconf 86' lang='grc' dir='ltr'><strong>καὶ</strong></span> <span class='ocrx_word' id='word_1_24' title='bbox 332 209 433 245; x_wconf 78' lang='grc' dir='ltr'>ταύτης</span> <span class='ocrx_word' id='word_1_25' title='bbox 448 213 497 245; x_wconf 87' lang='grc' dir='ltr'><strong>τῆς</strong></span> <span class='ocrx_word' id='word_1_26' title='bbox 514 209 638 238; x_wconf 82' lang='grc' dir='ltr'>συνόδου.</span> 
     </span>
    </p>
   </div>
   <div class='ocr_carea' id='block_1_6' title="bbox 1026 208 1797 248">
    <p class='ocr_par' dir='ltr' id='par_1_6' title="bbox 1026 210 1797 248">
     <span class='ocr_line' id='line_1_6' title="bbox 1026 210 1797 248; baseline -0.001 -9"><span class='ocrx_word' id='word_1_27' title='bbox 1026 213 1067 243; x_wconf 69' lang='grc' dir='ltr'><strong>ωε</strong></span> <span class='ocrx_word' id='word_1_28' title='bbox 1091 220 1208 248; x_wconf 88' lang='lat' dir='ltr'><strong>quoque</strong></span> <span class='ocrx_word' id='word_1_29' title='bbox 1233 212 1336 248; x_wconf 83' lang='lat' dir='ltr'><strong>synodi</strong></span> <span class='ocrx_word' id='word_1_30' title='bbox 1361 210 1584 247; x_wconf 87' lang='lat' dir='ltr'><strong>quatuordecim</strong></span> <span class='ocrx_word' id='word_1_31' title='bbox 1612 211 1727 237; x_wconf 87' lang='lat' dir='ltr'><strong>exstant</strong></span> <span class='ocrx_word' id='word_1_32' title='bbox 1752 218 1797 238; x_wconf 84' lang='lat' dir='ltr'><strong>ca-</strong></span> 
     </span>
    </p>
   </div>
   <div class='ocr_carea' id='block_1_7' title="bbox 1648 255 1761 290">
    <p class='ocr_par' dir='ltr' id='par_1_7' title="bbox 1648 255 1761 290">
     <span class='ocr_line' id='line_1_7' title="bbox 1648 255 1761 290; baseline 0.009 -9"><span class='ocrx_word' id='word_1_33' title='bbox 1648 255 1761 290; x_wconf 77' lang='lat' dir='ltr'><strong>fnones.</strong></span> 
     </span>
    </p>
   </div>
   <div class='ocr_carea' id='block_1_8' title="bbox 91 298 862 337">
    <p class='ocr_par' dir='ltr' id='par_1_8' title="bbox 91 298 779 337">
     <span class='ocr_line' id='line_1_8' title="bbox 91 298 779 337; baseline -0.004 -8"><span class='ocrx_word' id='word_1_34' title='bbox 91 300 215 337; x_wconf 77' lang='grc' dir='ltr'>Τετάρτη</span> <span class='ocrx_word' id='word_1_35' title='bbox 232 303 282 334; x_wconf 79' lang='grc' dir='ltr'>τῆς</span> <span class='ocrx_word' id='word_1_36' title='bbox 300 298 325 327; x_wconf 79' lang='grc' dir='ltr'>ἒν</span> <span class='ocrx_word' id='word_1_37' title='bbox 342 298 462 337; x_wconf 72' lang='grc' dir='ltr'>Σαρὸικῇ</span> <span class='ocrx_word' id='word_1_38' title='bbox 482 300 549 336; x_wconf 77' lang='grc' dir='ltr'>μετὰ</span> <span class='ocrx_word' id='word_1_39' title='bbox 561 299 623 330; x_wconf 82' lang='grc' dir='ltr'>τοὺς</span> <span class='ocrx_word' id='word_1_40' title='bbox 639 299 665 327; x_wconf 86' lang='grc' dir='ltr'><strong>έν</strong></span> <span class='ocrx_word' id='word_1_41' title='bbox 680 298 779 335; x_wconf 86' lang='grc' dir='ltr'>Νικαίᾳ</span> 
     </span>
    </p>
   </div>
   <div class='ocr_carea' id='block_1_9' title="bbox 914 298 1685 337">
    <p class='ocr_par' dir='ltr' id='par_1_9' title="bbox 974 299 1685 336">
     <span class='ocr_line' id='line_1_9' title="bbox 974 299 1685 336; baseline -0.006 -6"><span class='ocrx_word' id='word_1_42' title='bbox 974 302 1082 334; x_wconf 85' lang='lat' dir='ltr'><strong>Quarta</strong></span> <span class='ocrx_word' id='word_1_43' title='bbox 1098 302 1224 330; x_wconf 73' lang='lat' dir='ltr'><strong>Serdicae</strong></span> <span class='ocrx_word' id='word_1_44' title='bbox 1240 301 1387 329; x_wconf 87' lang='lat' dir='ltr'><strong>celebrata</strong></span> <span class='ocrx_word' id='word_1_45' title='bbox 1402 303 1446 328; x_wconf 86' lang='lat' dir='ltr'><strong>est</strong></span> <span class='ocrx_word' id='word_1_46' title='bbox 1463 302 1528 336; x_wconf 87' lang='lat' dir='ltr'><strong>post</strong></span> <span class='ocrx_word' id='word_1_47' title='bbox 1539 299 1685 327; x_wconf 69' lang='lat' dir='ltr'><strong>Nicaanam</strong></span> 
     </span>
    </p>
   </div>
   <div class='ocr_carea' id='block_1_10' title="bbox 92 342 863 382">
    <p class='ocr_par' dir='ltr' id='par_1_10' title="bbox 92 342 821 382">
     <span class='ocr_line' id='line_1_10' title="bbox 92 342 821 382; baseline -0.001 -10"><span class='ocrx_word' id='word_1_48' title='bbox 92 345 208 376; x_wconf 81' lang='grc' dir='ltr'>Κανόνες</span> <span class='ocrx_word' id='word_1_49' title='bbox 223 345 261 375; x_wconf 80' lang='grc' dir='ltr'>εἷς</span> <span class='ocrx_word' id='word_1_50' title='bbox 277 344 344 382; x_wconf 83' lang='grc' dir='ltr'>πρὸς</span> <span class='ocrx_word' id='word_1_51' title='bbox 361 342 447 371; x_wconf 69' lang='grc' dir='ltr'>ε’ίκοσι</span> <span class='ocrx_word' id='word_1_52' title='bbox 459 344 502 372; x_wconf 84' lang='grc' dir='ltr'><strong>καὶ</strong></span> <span class='ocrx_word' id='word_1_53' title='bbox 519 344 618 379; x_wconf 81' lang='grc' dir='ltr'>ταύτης</span> <span class='ocrx_word' id='word_1_54' title='bbox 632 348 682 379; x_wconf 80' lang='grc' dir='ltr'><strong>τῆς</strong></span> <span class='ocrx_word' id='word_1_55' title='bbox 697 343 821 372; x_wconf 69' lang='grc' dir='ltr'>συνόδουι</span> 
     </span>
    </p>
   </div>
   <div class='ocr_carea' id='block_1_11' title="bbox 727 342 1498 382">
    <p class='ocr_par' dir='ltr' id='par_1_11' title="bbox 729 343 1498 382">
     <span class='ocr_line' id='line_1_11' title="bbox 729 343 1498 382; baseline -0.003 -8"><span class='ocrx_word' id='word_1_56' title='bbox 729 343 821 372; x_wconf 77' lang='grc' dir='ltr'>νόδου·</span> <span class='ocrx_word' id='word_1_57' title='bbox 973 346 1007 374; x_wconf 88' lang='lat' dir='ltr'><strong>Et</strong></span> <span class='ocrx_word' id='word_1_58' title='bbox 1022 354 1151 375; x_wconf 83' lang='lat' dir='ltr'><strong>canones</strong></span> <span class='ocrx_word' id='word_1_59' title='bbox 1166 347 1264 375; x_wconf 81' lang='lat' dir='ltr'><strong>sanxit</strong></span> <span class='ocrx_word' id='word_1_60' title='bbox 1278 345 1379 382; x_wconf 87' lang='lat' dir='ltr'><strong>viginli</strong></span> <span class='ocrx_word' id='word_1_61' title='bbox 1395 354 1498 374; x_wconf 89' lang='lat' dir='ltr'><strong>unum.</strong></span> 
     </span>
    </p>
   </div>
   <div class='ocr_carea' id='block_1_12' title="bbox 92 388 863 428">
    <p class='ocr_par' dir='ltr' id='par_1_12' title="bbox 92 389 863 428">
     <span class='ocr_line' id='line_1_12' title="bbox 92 389 863 428; baseline -0.001 -10"><span class='ocrx_word' id='word_1_62' title='bbox 92 391 125 419; x_wconf 86' lang='grc' dir='ltr'><em>Ἡ</em></span> <span class='ocrx_word' id='word_1_63' title='bbox 155 389 267 426; x_wconf 84' lang='grc' dir='ltr'>πέμπτη</span> <span class='ocrx_word' id='word_1_64' title='bbox 296 391 349 416; x_wconf 80' lang='grc' dir='ltr'>τῶν</span> <span class='ocrx_word' id='word_1_65' title='bbox 377 389 404 416; x_wconf 80' lang='grc' dir='ltr'>ἐν</span> <span class='ocrx_word' id='word_1_66' title='bbox 440 390 574 428; x_wconf 86' lang='grc' dir='ltr'>Γάγγραις</span> <span class='ocrx_word' id='word_1_67' title='bbox 606 389 635 417; x_wconf 71' lang='grc' dir='ltr'><strong>δὲ</strong></span> <span class='ocrx_word' id='word_1_68' title='bbox 669 390 794 427; x_wconf 83' lang='grc' dir='ltr'>Πατέρων</span> <span class='ocrx_word' id='word_1_69' title='bbox 825 400 863 416; x_wconf 51' lang='grc' dir='ltr'>συ*</span> 
     </span>
    </p>
   </div>
   <div class='ocr_carea' id='block_1_13' title="bbox 789 388 1560 428">
    <p class='ocr_par' dir='ltr' id='par_1_13' title="bbox 789 388 1560 428">
     <span class='ocr_line' id='line_1_13' title="bbox 789 388 1560 428; baseline 0 -12"><span class='ocrx_word' id='word_1_70' title='bbox 789 401 794 416; x_wconf 72' lang='grc' dir='ltr'><strong>ι</strong></span> <span class='ocrx_word' id='word_1_71' title='bbox 825 389 918 417; x_wconf 82' lang='grc' dir='ltr'>συνελ-</span> <span class='ocrx_word' id='word_1_72' title='bbox 973 392 1081 425; x_wconf 85' lang='lat' dir='ltr'><strong>Quinta</strong></span> <span class='ocrx_word' id='word_1_73' title='bbox 1095 394 1272 428; x_wconf 87' lang='lat' dir='ltr'><strong>congregata</strong></span> <span class='ocrx_word' id='word_1_74' title='bbox 1288 392 1342 419; x_wconf 85' lang='lat' dir='ltr'><strong>fuit</strong></span> <span class='ocrx_word' id='word_1_75' title='bbox 1358 390 1493 427; x_wconf 85' lang='lat' dir='ltr'><strong>Gangris,</strong></span> <span class='ocrx_word' id='word_1_76' title='bbox 1511 388 1560 417; x_wconf 89' lang='lat' dir='ltr'><strong>ubi</strong></span> 
     </span>
    </p>
   </div>
   <div class='ocr_carea' id='block_1_14' title="bbox 757 434 881 471">
    <p class='ocr_par' dir='ltr' id='par_1_14' title="bbox 757 434 881 471">
     <span class='ocr_line' id='line_1_14' title="bbox 757 434 881 471; baseline 0 -10"><span class='ocrx_word' id='word_1_77' title='bbox 757 434 881 471; x_wconf 75' lang='grc' dir='ltr'>[θόντων,</span> 
     </span>
    </p>
   </div>
   <div class='ocr_carea' id='block_1_15' title="bbox 84 477 855 517">
    <p class='ocr_par' dir='ltr' id='par_1_15' title="bbox 84 477 756 517">
     <span class='ocr_line' id='line_1_15' title="bbox 84 477 756 517; baseline 0.001 -11"><span class='ocrx_word' id='word_1_78' title='bbox 84 480 136 506; x_wconf 86' lang='grc' dir='ltr'>Ὧν</span> <span class='ocrx_word' id='word_1_79' title='bbox 153 479 179 505; x_wconf 68' lang='lat' dir='ltr'><strong>oi</strong></span> <span class='ocrx_word' id='word_1_80' title='bbox 194 477 303 509; x_wconf 77' lang='grc' dir='ltr'>κανόνες</span> <span class='ocrx_word' id='word_1_81' title='bbox 318 479 404 506; x_wconf 82' lang='grc' dir='ltr'>ε’ἰκοσι</span> <span class='ocrx_word' id='word_1_82' title='bbox 420 479 588 517; x_wconf 84' lang='grc' dir='ltr'>τυγχάνουσι</span> <span class='ocrx_word' id='word_1_83' title='bbox 603 479 648 507; x_wconf 83' lang='grc' dir='ltr'><strong>καὶ</strong></span> <span class='ocrx_word' id='word_1_84' title='bbox 667 479 756 514; x_wconf 85' lang='grc' dir='ltr'>μόνοι.</span> 
     </span>
    </p>
   </div>
   <div class='ocr_carea' id='block_1_16' title="bbox 1024 477 1795 517">
    <p class='ocr_par' dir='ltr' id='par_1_16' title="bbox 1024 478 1795 515">
     <span class='ocr_line' id='line_1_16' title="bbox 1024 478 1795 515; baseline -0.003 -8"><span class='ocrx_word' id='word_1_85' title='bbox 1024 481 1082 515; x_wconf 78' lang='lat' dir='ltr'><strong>;inti</strong></span> <span class='ocrx_word' id='word_1_86' title='bbox 1099 481 1284 509; x_wconf 78' lang='lat' dir='ltr'><strong>solummodo</strong></span> <span class='ocrx_word' id='word_1_87' title='bbox 1301 488 1429 508; x_wconf 81' lang='lat' dir='ltr'><strong>canones</strong></span> <span class='ocrx_word' id='word_1_88' title='bbox 1450 478 1671 515; x_wconf 79' lang='lat' dir='ltr'><strong>promulgavere</strong></span> <span class='ocrx_word' id='word_1_89' title='bbox 1686 478 1795 506; x_wconf 86' lang='lat' dir='ltr'><strong>Patres.</strong></span> 
     </span>
    </p>
   </div>
   <div class='ocr_carea' id='block_1_17' title="bbox 85 522 856 560">
    <p class='ocr_par' dir='ltr' id='par_1_17' title="bbox 85 522 799 560">
     <span class='ocr_line' id='line_1_17' title="bbox 85 522 799 560; baseline 0 -10"><span class='ocrx_word' id='word_1_90' title='bbox 85 523 172 558; x_wconf 84' lang='grc' dir='ltr'>Ἔκτη</span> <span class='ocrx_word' id='word_1_91' title='bbox 188 525 242 550; x_wconf 82' lang='grc' dir='ltr'><strong>τῶν</strong></span> <span class='ocrx_word' id='word_1_92' title='bbox 258 522 296 554; x_wconf 79' lang='grc' dir='ltr'>εἷς</span> <span class='ocrx_word' id='word_1_93' title='bbox 314 522 464 550; x_wconf 80' lang='grc' dir='ltr'>Θεούπολιν</span> <span class='ocrx_word' id='word_1_94' title='bbox 482 525 561 560; x_wconf 78' lang='grc' dir='ltr'>κοινῇ</span> <span class='ocrx_word' id='word_1_95' title='bbox 578 522 799 560; x_wconf 78' lang='grc' dir='ltr'>δεδραμηκότων,</span> 
     </span>
    </p>
   </div>
   <div class='ocr_carea' id='block_1_18' title="bbox 741 522 1512 560">
    <p class='ocr_par' dir='ltr' id='par_1_18' title="bbox 741 524 1512 560">
     <span class='ocr_line' id='line_1_18' title="bbox 741 524 1512 560; baseline -0.001 -8"><span class='ocrx_word' id='word_1_96' title='bbox 741 533 799 557; x_wconf 77' lang='grc' dir='ltr'>των,</span> <span class='ocrx_word' id='word_1_97' title='bbox 972 526 1013 552; x_wconf 88' lang='lat' dir='ltr'><strong>Ad</strong></span> <span class='ocrx_word' id='word_1_98' title='bbox 1030 528 1142 553; x_wconf 79' lang='lat' dir='ltr'><strong>sextam</strong></span> <span class='ocrx_word' id='word_1_99' title='bbox 1159 533 1318 553; x_wconf 82' lang='lat' dir='ltr'><strong>convenere</strong></span> <span class='ocrx_word' id='word_1_100' title='bbox 1332 524 1512 560; x_wconf 77' lang='lat' dir='ltr'><strong>Theopolim.</strong></span> 
     </span>
    </p>
   </div>
   <div class='ocr_carea' id='block_1_19' title="bbox 85 566 856 605">
    <p class='ocr_par' dir='ltr' id='par_1_19' title="bbox 85 566 750 605">
     <span class='ocr_line' id='line_1_19' title="bbox 85 566 750 605; baseline 0 -10"><span class='ocrx_word' id='word_1_101' title='bbox 85 566 167 595; x_wconf 78' lang='grc' dir='ltr'>Οὕτω</span> <span class='ocrx_word' id='word_1_102' title='bbox 182 567 234 605; x_wconf 73' lang='grc' dir='ltr'><strong>γὰρ</strong></span> <span class='ocrx_word' id='word_1_103' title='bbox 253 567 416 603; x_wconf 73' lang='grc' dir='ltr'><strong>ὀνομάζουσι</strong></span> <span class='ocrx_word' id='word_1_104' title='bbox 433 568 482 602; x_wconf 83' lang='grc' dir='ltr'>τὴν</span> <span class='ocrx_word' id='word_1_105' title='bbox 499 567 642 605; x_wconf 80' lang='grc' dir='ltr'>Ἀντιόχου</span> <span class='ocrx_word' id='word_1_106' title='bbox 657 567 750 602; x_wconf 85' lang='grc' dir='ltr'>πόλιν,</span> 
     </span>
    </p>
   </div>
   <div class='ocr_carea' id='block_1_20' title="bbox 791 566 1562 605">
    <p class='ocr_par' dir='ltr' id='par_1_20' title="bbox 971 569 1562 605">
     <span class='ocr_line' id='line_1_20' title="bbox 971 569 1562 605; baseline -0.003 -8"><span class='ocrx_word' id='word_1_107' title='bbox 971 570 1019 597; x_wconf 91' lang='lat' dir='ltr'><strong>Sic</strong></span> <span class='ocrx_word' id='word_1_108' title='bbox 1034 570 1112 597; x_wconf 90' lang='lat' dir='ltr'><strong>enim</strong></span> <span class='ocrx_word' id='word_1_109' title='bbox 1127 570 1275 605; x_wconf 80' lang='lat' dir='ltr'><strong>appellant</strong></span> <span class='ocrx_word' id='word_1_110' title='bbox 1291 569 1423 597; x_wconf 83' lang='lat' dir='ltr'><strong>Antiochi</strong></span> <span class='ocrx_word' id='word_1_111' title='bbox 1441 569 1562 596; x_wconf 80' lang='lat' dir='ltr'><strong>urbem:</strong></span> 
     </span>
    </p>
   </div>
   <div class='ocr_carea' id='block_1_21' title="bbox 84 612 855 650">
    <p class='ocr_par' dir='ltr' id='par_1_21' title="bbox 84 612 800 650">
     <span class='ocr_line' id='line_1_21' title="bbox 84 612 800 650; baseline 0.001 -11"><span class='ocrx_word' id='word_1_112' title='bbox 84 615 134 639; x_wconf 86' lang='grc' dir='ltr'>Ὧν</span> <span class='ocrx_word' id='word_1_113' title='bbox 148 612 227 640; x_wconf 84' lang='grc' dir='ltr'>πέντε</span> <span class='ocrx_word' id='word_1_114' title='bbox 241 613 310 650; x_wconf 79' lang='grc' dir='ltr'>πρὸς</span> <span class='ocrx_word' id='word_1_115' title='bbox 324 615 381 642; x_wconf 83' lang='grc' dir='ltr'>τοῖς</span> <span class='ocrx_word' id='word_1_116' title='bbox 398 612 484 640; x_wconf 69' lang='grc' dir='ltr'>εἴκοσι</span> <span class='ocrx_word' id='word_1_117' title='bbox 497 614 665 650; x_wconf 82' lang='grc' dir='ltr'>τυγχάνουσι</span> <span class='ocrx_word' id='word_1_118' title='bbox 681 612 800 644; x_wconf 84' lang='grc' dir='ltr'>κανόνες.</span> 
     </span>
    </p>
   </div>
   <div class='ocr_carea' id='block_1_22' title="bbox 1024 612 1795 650">
    <p class='ocr_par' dir='ltr' id='par_1_22' title="bbox 1024 612 1795 649">
     <span class='ocr_line' id='line_1_22' title="bbox 1024 612 1795 649; baseline -0.001 -9"><span class='ocrx_word' id='word_1_119' title='bbox 1024 616 1090 641; x_wconf 40' lang='lat' dir='ltr'><strong>itaut</strong></span> <span class='ocrx_word' id='word_1_120' title='bbox 1099 616 1197 641; x_wconf 88' lang='lat' dir='ltr'><strong>autem</strong></span> <span class='ocrx_word' id='word_1_121' title='bbox 1207 614 1295 648; x_wconf 81' lang='lat' dir='ltr'><strong>huius</strong></span> <span class='ocrx_word' id='word_1_122' title='bbox 1305 614 1408 649; x_wconf 81' lang='lat' dir='ltr'><strong>synodi</strong></span> <span class='ocrx_word' id='word_1_123' title='bbox 1416 612 1518 647; x_wconf 78' lang='lat' dir='ltr'><strong>viginti</strong></span> <span class='ocrx_word' id='word_1_124' title='bbox 1528 612 1659 648; x_wconf 89' lang='lat' dir='ltr'><strong>quinque</strong></span> <span class='ocrx_word' id='word_1_125' title='bbox 1669 619 1795 639; x_wconf 78' lang='lat' dir='ltr'><strong>canones</strong></span> 
     </span>
    </p>
   </div>
   <div class='ocr_carea' id='block_1_23' title="bbox 81 654 852 696">
    <p class='ocr_par' dir='ltr' id='par_1_23' title="bbox 81 654 727 696">
     <span class='ocr_line' id='line_1_23' title="bbox 81 654 727 696; baseline 0.002 -13"><span class='ocrx_word' id='word_1_126' title='bbox 81 654 208 693; x_wconf 75' lang='grc' dir='ltr'>Ἑϐδόμη</span> <span class='ocrx_word' id='word_1_127' title='bbox 225 657 329 684; x_wconf 86' lang='grc' dir='ltr'>τούτων</span> <span class='ocrx_word' id='word_1_128' title='bbox 344 657 445 696; x_wconf 77' lang='grc' dir='ltr'>πέφυκε</span> <span class='ocrx_word' id='word_1_129' title='bbox 459 659 515 684; x_wconf 84' lang='grc' dir='ltr'>τῶν</span> <span class='ocrx_word' id='word_1_130' title='bbox 529 657 555 684; x_wconf 81' lang='grc' dir='ltr'>ἐν</span> <span class='ocrx_word' id='word_1_131' title='bbox 573 656 727 693; x_wconf 82' lang='grc' dir='ltr'>Λαοδικείᾳ.</span> 
     </span>
    </p>
   </div>
   <div class='ocr_carea' id='block_1_24' title="bbox 867 654 1638 696">
    <p class='ocr_par' dir='ltr' id='par_1_24' title="bbox 971 657 1638 694">
     <span class='ocr_line' id='line_1_24' title="bbox 971 657 1638 694; baseline -0.004 -8"><span class='ocrx_word' id='word_1_132' title='bbox 971 659 1102 694; x_wconf 85' lang='lat' dir='ltr'><strong>Septima</strong></span> <span class='ocrx_word' id='word_1_133' title='bbox 1118 658 1263 686; x_wconf 84' lang='lat' dir='ltr'><strong>celebrata</strong></span> <span class='ocrx_word' id='word_1_134' title='bbox 1278 661 1322 685; x_wconf 89' lang='lat' dir='ltr'><strong>est</strong></span> <span class='ocrx_word' id='word_1_135' title='bbox 1337 659 1467 693; x_wconf 80' lang='lat' dir='ltr'><strong>synodus</strong></span> <span class='ocrx_word' id='word_1_136' title='bbox 1485 657 1638 689; x_wconf 64' lang='lat' dir='ltr'><strong>Laodicea,</strong></span> 
     </span>
    </p>
   </div>
   <div class='ocr_carea' id='block_1_25' title="bbox 86 699 857 740">
    <p class='ocr_par' dir='ltr' id='par_1_25' title="bbox 86 699 724 740">
     <span class='ocr_line' id='line_1_25' title="bbox 86 699 724 740; baseline 0.002 -12"><span class='ocrx_word' id='word_1_137' title='bbox 86 702 145 740; x_wconf 75' lang='grc' dir='ltr'><strong>Ὑφ’</strong></span> <span class='ocrx_word' id='word_1_138' title='bbox 162 702 199 728; x_wconf 87' lang='grc' dir='ltr'>ὧν</span> <span class='ocrx_word' id='word_1_139' title='bbox 214 701 420 740; x_wconf 78' lang='grc' dir='ltr'>ἐξεφωνήθησαν</span> <span class='ocrx_word' id='word_1_140' title='bbox 437 700 598 739; x_wconf 81' lang='grc' dir='ltr'>δογματικοὶ</span> <span class='ocrx_word' id='word_1_141' title='bbox 614 699 724 732; x_wconf 70' lang='grc' dir='ltr'>κανόνες</span> 
     </span>
    </p>
   </div>
   <div class='ocr_carea' id='block_1_26' title="bbox 804 699 1575 740">
    <p class='ocr_par' dir='ltr' id='par_1_26' title="bbox 970 701 1575 739">
     <span class='ocr_line' id='line_1_26' title="bbox 970 701 1575 739; baseline -0.007 -8"><span class='ocrx_word' id='word_1_142' title='bbox 970 703 1172 739; x_wconf 88' lang='lat' dir='ltr'><strong>Publicatique</strong></span> <span class='ocrx_word' id='word_1_143' title='bbox 1188 704 1257 730; x_wconf 89' lang='lat' dir='ltr'><strong>sunt</strong></span> <span class='ocrx_word' id='word_1_144' title='bbox 1273 710 1401 730; x_wconf 82' lang='lat' dir='ltr'><strong>canones</strong></span> <span class='ocrx_word' id='word_1_145' title='bbox 1417 701 1575 737; x_wconf 87' lang='lat' dir='ltr'><strong>dogmatici</strong></span> 
     </span>
    </p>
   </div>
   <div class='ocr_carea' id='block_1_27' title="bbox 84 745 855 784">
    <p class='ocr_par' dir='ltr' id='par_1_27' title="bbox 84 746 796 784">
     <span class='ocr_line' id='line_1_27' title="bbox 84 746 796 784; baseline 0.001 -11"><span class='ocrx_word' id='word_1_146' title='bbox 84 746 181 774; x_wconf 80' lang='grc' dir='ltr'>Ἐννέα</span> <span class='ocrx_word' id='word_1_147' title='bbox 195 747 263 783; x_wconf 86' lang='grc' dir='ltr'>πρὸς</span> <span class='ocrx_word' id='word_1_148' title='bbox 280 747 448 782; x_wconf 77' lang='grc' dir='ltr'>πεντήκοντα</span> <span class='ocrx_word' id='word_1_149' title='bbox 462 747 578 778; x_wconf 83' lang='grc' dir='ltr'>πίστεως</span> <span class='ocrx_word' id='word_1_150' title='bbox 594 746 657 775; x_wconf 79' lang='grc' dir='ltr'>’ὀλοι</span> <span class='ocrx_word' id='word_1_151' title='bbox 669 746 796 784; x_wconf 75' lang='grc' dir='ltr'><strong>πλήρεις.</strong></span> 
     </span>
    </p>
   </div>
   <div class='ocr_carea' id='block_1_28' title="bbox 944 745 1715 784">
    <p class='ocr_par' dir='ltr' id='par_1_28' title="bbox 970 745 1715 784">
     <span class='ocr_line' id='line_1_28' title="bbox 970 745 1715 784; baseline -0.005 -8"><span class='ocrx_word' id='word_1_152' title='bbox 970 748 1189 784; x_wconf 77' lang='lat' dir='ltr'><strong>Quinquaginta</strong></span> <span class='ocrx_word' id='word_1_153' title='bbox 1205 755 1307 775; x_wconf 90' lang='lat' dir='ltr'><strong>novem</strong></span> <span class='ocrx_word' id='word_1_154' title='bbox 1324 747 1380 774; x_wconf 87' lang='lat' dir='ltr'><strong>ﬁde</strong></span> <span class='ocrx_word' id='word_1_155' title='bbox 1396 746 1516 774; x_wconf 91' lang='lat' dir='ltr'><strong>omnino</strong></span> <span class='ocrx_word' id='word_1_156' title='bbox 1532 745 1715 773; x_wconf 83' lang='lat' dir='ltr'><strong>excellentes.</strong></span> 
     </span>
    </p>
   </div>
   <div class='ocr_carea' id='block_1_29' title="bbox 84 789 855 827">
    <p class='ocr_par' dir='ltr' id='par_1_29' title="bbox 84 789 855 827">
     <span class='ocr_line' id='line_1_29' title="bbox 84 789 855 827; baseline -0.003 -9"><span class='ocrx_word' id='word_1_157' title='bbox 84 791 146 818; x_wconf 79' lang='grc' dir='ltr'><strong>Τῶν</strong></span> <span class='ocrx_word' id='word_1_158' title='bbox 165 789 188 817; x_wconf 81' lang='grc' dir='ltr'><strong>δ’</strong></span> <span class='ocrx_word' id='word_1_159' title='bbox 204 789 243 821; x_wconf 77' lang='grc' dir='ltr'>εἷς</span> <span class='ocrx_word' id='word_1_160' title='bbox 261 791 461 817; x_wconf 77' lang='grc' dir='ltr'>Κωνσταντίνου</span> <span class='ocrx_word' id='word_1_161' title='bbox 472 789 554 818; x_wconf 83' lang='grc' dir='ltr'>πόλιν</span> <span class='ocrx_word' id='word_1_162' title='bbox 577 791 702 827; x_wconf 79' lang='grc' dir='ltr'>ΙΙατέρων</span> <span class='ocrx_word' id='word_1_163' title='bbox 719 790 855 824; x_wconf 60' lang='grc' dir='ltr'>συνελθόνι</span> 
     </span>
    </p>
   </div>
   <div class='ocr_carea' id='block_1_30' title="bbox 1005 789 1776 827">
    <p class='ocr_par' dir='ltr' id='par_1_30' title="bbox 1005 789 1776 827">
     <span class='ocr_line' id='line_1_30' title="bbox 1005 789 1776 827; baseline -0.006 -6"><span class='ocrx_word' id='word_1_164' title='bbox 1005 794 1073 821; x_wconf 78' lang='lat' dir='ltr'><strong>Lbita</strong></span> <span class='ocrx_word' id='word_1_165' title='bbox 1087 795 1132 820; x_wconf 85' lang='lat' dir='ltr'><strong>est</strong></span> <span class='ocrx_word' id='word_1_166' title='bbox 1146 791 1394 827; x_wconf 76' lang='lat' dir='ltr'><strong>Constantinopoli</strong></span> <span class='ocrx_word' id='word_1_167' title='bbox 1411 799 1428 818; x_wconf 90' lang='lat' dir='ltr'><strong>a</strong></span> <span class='ocrx_word' id='word_1_168' title='bbox 1443 790 1578 818; x_wconf 88' lang='lat' dir='ltr'><strong>Patribus</strong></span> <span class='ocrx_word' id='word_1_169' title='bbox 1594 789 1776 825; x_wconf 80' lang='lat' dir='ltr'><strong>congregatis</strong></span> 
     </span>
    </p>
   </div>
   <div class='ocr_carea' id='block_1_31' title="bbox 85 833 856 888">
    <p class='ocr_par' dir='ltr' id='par_1_31' title="bbox 85 833 748 888">
     <span class='ocr_line' id='line_1_31' title="bbox 85 833 748 872; baseline 0.005 -11"><span class='ocrx_word' id='word_1_170' title='bbox 85 833 190 872; x_wconf 80' lang='grc' dir='ltr'>Ὀγδόη</span> <span class='ocrx_word' id='word_1_171' title='bbox 206 835 309 862; x_wconf 83' lang='grc' dir='ltr'>τούτων</span> <span class='ocrx_word' id='word_1_172' title='bbox 326 833 439 866; x_wconf 76' lang='grc' dir='ltr'><strong>σύνοδος</strong></span> <span class='ocrx_word' id='word_1_173' title='bbox 457 836 494 862; x_wconf 85' lang='grc' dir='ltr'>ὧν</span> <span class='ocrx_word' id='word_1_174' title='bbox 508 835 576 863; x_wconf 69' lang='grc' dir='ltr'>ἑπτὰ</span> <span class='ocrx_word' id='word_1_175' title='bbox 590 836 616 863; x_wconf 76' lang='lat' dir='ltr'><strong>oi.</strong></span> <span class='ocrx_word' id='word_1_176' title='bbox 631 836 748 868; x_wconf 85' lang='grc' dir='ltr'>κανόνες.</span> 
     </span>
     <span class='ocr_line' id='line_1_32' title="bbox 85 878 684 888; baseline 0 0"><span class='ocrx_word' id='word_1_177' title='bbox 85 879 114 888; x_wconf 75' lang='grc'><strong>’11</strong></span> <span class='ocrx_word' id='word_1_178' title='bbox 135 878 158 888; x_wconf 52' lang='grc' dir='ltr'><strong>ΕΙ</strong></span> <span class='ocrx_word' id='word_1_179' title='bbox 197 879 204 888; x_wconf 64' lang='grc' dir='ltr'>ὶ</span> <span class='ocrx_word' id='word_1_180' title='bbox 222 879 229 888; x_wconf 65' lang='grc' dir='ltr'><strong><em>Ἰ</em></strong></span> <span class='ocrx_word' id='word_1_181' title='bbox 273 878 278 888; x_wconf 89' lang='grc'><strong><em>1</em></strong></span> <span class='ocrx_word' id='word_1_182' title='bbox 356 880 362 888; x_wconf 96' lang='grc' dir='ltr'><strong><em>Ι</em></strong></span> <span class='ocrx_word' id='word_1_183' title='bbox 402 879 414 888; x_wconf 67' lang='lat' dir='ltr'><strong>II</strong></span> <span class='ocrx_word' id='word_1_184' title='bbox 481 880 486 888; x_wconf 95' lang='grc' dir='ltr'><strong><em>Ι</em></strong></span> <span class='ocrx_word' id='word_1_185' title='bbox 584 880 591 888; x_wconf 77' lang='grc'><strong>1</strong></span> <span class='ocrx_word' id='word_1_186' title='bbox 625 881 653 888; x_wconf 61' lang='lat' dir='ltr'><strong>In</strong></span> <span class='ocrx_word' id='word_1_187' title='bbox 680 880 684 888; x_wconf 93' lang='grc' dir='ltr'><strong>Ι</strong></span> 
     </span>
    </p>
   </div>
   <div class='ocr_carea' id='block_1_32' title="bbox 965 833 1736 888">
    <p class='ocr_par' dir='ltr' id='par_1_32' title="bbox 970 835 1736 874">
     <span class='ocr_line' id='line_1_33' title="bbox 970 835 1736 874; baseline -0.007 -8"><span class='ocrx_word' id='word_1_188' title='bbox 970 838 1075 866; x_wconf 83' lang='lat' dir='ltr'><strong>Octava</strong></span> <span class='ocrx_word' id='word_1_189' title='bbox 1091 837 1221 874; x_wconf 78' lang='lat' dir='ltr'><strong>synodus</strong></span> <span class='ocrx_word' id='word_1_190' title='bbox 1236 837 1322 872; x_wconf 84' lang='lat' dir='ltr'><strong>cujus</strong></span> <span class='ocrx_word' id='word_1_191' title='bbox 1337 839 1451 872; x_wconf 85' lang='lat' dir='ltr'><strong>septem</strong></span> <span class='ocrx_word' id='word_1_192' title='bbox 1469 843 1596 863; x_wconf 79' lang='lat' dir='ltr'><strong>canones</strong></span> <span class='ocrx_word' id='word_1_193' title='bbox 1612 835 1736 863; x_wconf 82' lang='lat' dir='ltr'><strong>exstant.</strong></span> 
     </span>
    </p>
   </div>
   <div class='ocr_carea' id='block_1_33' title="bbox 82 878 853 920">
    <p class='ocr_par' dir='ltr' id='par_1_33' title="bbox 82 878 728 920">
     <span class='ocr_line' id='line_1_34' title="bbox 82 878 728 920; baseline 0.003 -14"><span class='ocrx_word' id='word_1_194' title='bbox 82 879 116 907; x_wconf 80' lang='grc' dir='ltr'>Ἠ</span> <span class='ocrx_word' id='word_1_195' title='bbox 134 878 162 906; x_wconf 81' lang='grc' dir='ltr'>δέ</span> <span class='ocrx_word' id='word_1_196' title='bbox 179 879 204 916; x_wconf 86' lang='grc' dir='ltr'>γ’</span> <span class='ocrx_word' id='word_1_197' title='bbox 221 878 316 915; x_wconf 80' lang='grc' dir='ltr'>ἐννάτη</span> <span class='ocrx_word' id='word_1_198' title='bbox 333 879 445 911; x_wconf 77' lang='grc' dir='ltr'><strong>σύνοδος</strong></span> <span class='ocrx_word' id='word_1_199' title='bbox 460 880 568 917; x_wconf 79' lang='grc' dir='ltr'>γέγονεν</span> <span class='ocrx_word' id='word_1_200' title='bbox 582 880 608 907; x_wconf 78' lang='grc' dir='ltr'>ἐν</span> <span class='ocrx_word' id='word_1_201' title='bbox 625 880 728 920; x_wconf 76' lang='grc' dir='ltr'>Ἐφέσῳ</span> 
     </span>
    </p>
   </div>
   <div class='ocr_carea' id='block_1_34' title="bbox 833 878 1604 920">
    <p class='ocr_par' dir='ltr' id='par_1_34' title="bbox 929 878 1604 919">
     <span class='ocr_line' id='line_1_35' title="bbox 929 878 1604 919; baseline -0.004 -8"><span class='ocrx_word' id='word_1_202' title='bbox 929 878 952 888; x_wconf 69' lang='grc' dir='ltr'><strong><em>υ</em></strong></span> <span class='ocrx_word' id='word_1_203' title='bbox 967 885 1049 911; x_wconf 88' lang='lat' dir='ltr'><strong>Nona</strong></span> <span class='ocrx_word' id='word_1_204' title='bbox 1064 886 1161 911; x_wconf 84' lang='lat' dir='ltr'><strong>autem</strong></span> <span class='ocrx_word' id='word_1_205' title='bbox 1178 883 1308 919; x_wconf 82' lang='lat' dir='ltr'><strong>synodus</strong></span> <span class='ocrx_word' id='word_1_206' title='bbox 1323 881 1429 918; x_wconf 88' lang='lat' dir='ltr'><strong>Ephesi</strong></span> <span class='ocrx_word' id='word_1_207' title='bbox 1445 883 1490 910; x_wconf 86' lang='lat' dir='ltr'><strong>est</strong></span> <span class='ocrx_word' id='word_1_208' title='bbox 1505 881 1604 908; x_wconf 86' lang='lat' dir='ltr'><strong>habita</strong></span> 
     </span>
    </p>
   </div>
   <div class='ocr_carea' id='block_1_35' title="bbox 84 922 855 964">
    <p class='ocr_par' dir='ltr' id='par_1_35' title="bbox 84 922 734 962">
     <span class='ocr_line' id='line_1_36' title="bbox 84 922 734 962; baseline 0.005 -13"><span class='ocrx_word' id='word_1_209' title='bbox 84 923 144 961; x_wconf 81' lang='grc' dir='ltr'><strong>Ὑφ’</strong></span> <span class='ocrx_word' id='word_1_210' title='bbox 161 924 193 957; x_wconf 70' lang='grc' dir='ltr'><strong>ἧς</strong></span> <span class='ocrx_word' id='word_1_211' title='bbox 208 922 414 962; x_wconf 72' lang='grc' dir='ltr'>ἐξεφωνήθησαν</span> <span class='ocrx_word' id='word_1_212' title='bbox 430 923 505 951; x_wconf 78' lang='grc' dir='ltr'>ἐννέα</span> <span class='ocrx_word' id='word_1_213' title='bbox 519 924 628 955; x_wconf 82' lang='grc' dir='ltr'>κανόνες</span> <span class='ocrx_word' id='word_1_214' title='bbox 645 925 734 961; x_wconf 87' lang='grc' dir='ltr'>μόνοι.</span> 
     </span>
    </p>
   </div>
   <div class='ocr_carea' id='block_1_36' title="bbox 972 922 1743 964">
    <p class='ocr_par' dir='ltr' id='par_1_36' title="bbox 972 926 1743 964">
     <span class='ocr_line' id='line_1_37' title="bbox 972 926 1743 964; baseline -0.006 -8"><span class='ocrx_word' id='word_1_215' title='bbox 972 929 986 956; x_wconf 55' lang='grc' dir='ltr'><strong>Α</strong></span> <span class='ocrx_word' id='word_1_216' title='bbox 1002 937 1060 964; x_wconf 83' lang='lat' dir='ltr'><strong>qua</strong></span> <span class='ocrx_word' id='word_1_217' title='bbox 1076 928 1192 956; x_wconf 88' lang='lat' dir='ltr'><strong>nonnisi</strong></span> <span class='ocrx_word' id='word_1_218' title='bbox 1209 935 1311 954; x_wconf 91' lang='lat' dir='ltr'><strong>novem</strong></span> <span class='ocrx_word' id='word_1_219' title='bbox 1328 926 1504 962; x_wconf 87' lang='lat' dir='ltr'><strong>promulgati</strong></span> <span class='ocrx_word' id='word_1_220' title='bbox 1520 927 1592 953; x_wconf 90' lang='lat' dir='ltr'><strong>sunt</strong></span> <span class='ocrx_word' id='word_1_221' title='bbox 1607 932 1743 952; x_wconf 83' lang='lat' dir='ltr'><strong>canones.</strong></span> 
     </span>
    </p>
   </div>
   <div class='ocr_carea' id='block_1_37' title="bbox 89 967 860 1007">
    <p class='ocr_par' dir='ltr' id='par_1_37' title="bbox 89 967 743 1007">
     <span class='ocr_line' id='line_1_38' title="bbox 89 967 743 1007; baseline 0.003 -12"><span class='ocrx_word' id='word_1_222' title='bbox 89 967 192 1003; x_wconf 83' lang='grc' dir='ltr'>Δεκάτη</span> <span class='ocrx_word' id='word_1_223' title='bbox 209 967 238 996; x_wconf 76' lang='grc' dir='ltr'><strong>δὲ</strong></span> <span class='ocrx_word' id='word_1_224' title='bbox 253 970 292 1004; x_wconf 82' lang='grc' dir='ltr'>τῷ</span> <span class='ocrx_word' id='word_1_225' title='bbox 305 968 414 1007; x_wconf 82' lang='grc' dir='ltr'>ἀριθμῷ</span> <span class='ocrx_word' id='word_1_226' title='bbox 429 971 483 996; x_wconf 86' lang='grc' dir='ltr'>τῶν</span> <span class='ocrx_word' id='word_1_227' title='bbox 500 969 526 996; x_wconf 76' lang='grc' dir='ltr'>ἐν</span> <span class='ocrx_word' id='word_1_228' title='bbox 541 971 575 1006; x_wconf 78' lang='grc' dir='ltr'>τῇ</span> <span class='ocrx_word' id='word_1_229' title='bbox 589 968 743 1005; x_wconf 80' lang='grc' dir='ltr'>Χαλγηδόνι</span> 
     </span>
    </p>
   </div>
   <div class='ocr_carea' id='block_1_38' title="bbox 1020 967 1791 1007">
    <p class='ocr_par' dir='ltr' id='par_1_38' title="bbox 1020 968 1791 1006">
     <span class='ocr_line' id='line_1_39' title="bbox 1020 968 1791 1006; baseline -0.005 -6"><span class='ocrx_word' id='word_1_230' title='bbox 1020 973 1096 1006; x_wconf 74' lang='lat' dir='ltr'><strong>:ima,</strong></span> <span class='ocrx_word' id='word_1_231' title='bbox 1112 972 1274 1000; x_wconf 89' lang='lat' dir='ltr'><strong>secundum</strong></span> <span class='ocrx_word' id='word_1_232' title='bbox 1290 978 1458 1004; x_wconf 80' lang='lat' dir='ltr'><strong>numerum,</strong></span> <span class='ocrx_word' id='word_1_233' title='bbox 1474 969 1589 1005; x_wconf 84' lang='lat' dir='ltr'><strong>collegit</strong></span> <span class='ocrx_word' id='word_1_234' title='bbox 1609 968 1791 997; x_wconf 84' lang='lat' dir='ltr'><strong>Chalcedone</strong></span> 
     </span>
    </p>
   </div>
   <div class='ocr_carea' id='block_1_39' title="bbox 1646 1013 1757 1048">
    <p class='ocr_par' dir='ltr' id='par_1_39' title="bbox 1646 1013 1757 1048">
     <span class='ocr_line' id='line_1_40' title="bbox 1646 1013 1757 1048; baseline 0 -8"><span class='ocrx_word' id='word_1_235' title='bbox 1646 1013 1757 1048; x_wconf 80' lang='lat' dir='ltr'><strong>[Patres</strong></span> 
     </span>
    </p>
   </div>
   <div class='ocr_carea' id='block_1_40' title="bbox 86 1066 857 1106">
    <p class='ocr_par' dir='ltr' id='par_1_40' title="bbox 86 1066 756 1104">
     <span class='ocr_line' id='line_1_41' title="bbox 86 1066 756 1104; baseline 0.003 -11"><span class='ocrx_word' id='word_1_236' title='bbox 86 1066 145 1103; x_wconf 81' lang='grc' dir='ltr'>Πάρ</span> <span class='ocrx_word' id='word_1_237' title='bbox 161 1066 198 1093; x_wconf 88' lang='grc' dir='ltr'>ὦν</span> <span class='ocrx_word' id='word_1_238' title='bbox 214 1066 281 1094; x_wconf 74' lang='grc' dir='ltr'>ἑπτὰ</span> <span class='ocrx_word' id='word_1_239' title='bbox 295 1066 363 1104; x_wconf 82' lang='grc' dir='ltr'>πρὸς</span> <span class='ocrx_word' id='word_1_240' title='bbox 379 1066 480 1094; x_wconf 80' lang='grc' dir='ltr'>εἴκοσιν</span> <span class='ocrx_word' id='word_1_241' title='bbox 497 1066 624 1102; x_wconf 76' lang='grc' dir='ltr'><strong>ἐτέθησαν</strong></span> <span class='ocrx_word' id='word_1_242' title='bbox 640 1068 756 1100; x_wconf 79' lang='grc' dir='ltr'>κανόνες.</span> 
     </span>
    </p>
   </div>
   <div class='ocr_carea' id='block_1_41' title="bbox 824 1066 1595 1106">
    <p class='ocr_par' dir='ltr' id='par_1_41' title="bbox 967 1069 1595 1106">
     <span class='ocr_line' id='line_1_42' title="bbox 967 1069 1595 1106; baseline -0.006 -8"><span class='ocrx_word' id='word_1_243' title='bbox 967 1070 1021 1104; x_wconf 90' lang='lat' dir='ltr'><strong>Qui</strong></span> <span class='ocrx_word' id='word_1_244' title='bbox 1036 1070 1140 1106; x_wconf 85' lang='lat' dir='ltr'><strong>viginti</strong></span> <span class='ocrx_word' id='word_1_245' title='bbox 1155 1071 1267 1106; x_wconf 86' lang='lat' dir='ltr'><strong>septem</strong></span> <span class='ocrx_word' id='word_1_246' title='bbox 1283 1076 1410 1097; x_wconf 84' lang='lat' dir='ltr'><strong>canones</strong></span> <span class='ocrx_word' id='word_1_247' title='bbox 1425 1069 1595 1096; x_wconf 83' lang='lat' dir='ltr'><strong>sanxerunt.</strong></span> 
     </span>
    </p>
   </div>
   <div class='ocr_carea' id='block_1_42' title="bbox 84 1109 855 1150">
    <p class='ocr_par' dir='ltr' id='par_1_42' title="bbox 84 1109 818 1149">
     <span class='ocr_line' id='line_1_43' title="bbox 84 1109 818 1149; baseline 0 -10"><span class='ocrx_word' id='word_1_248' title='bbox 84 1111 117 1139; x_wconf 81' lang='grc' dir='ltr'><strong>Ὀ</strong></span> <span class='ocrx_word' id='word_1_249' title='bbox 135 1109 218 1148; x_wconf 81' lang='grc' dir='ltr'>μέγας</span> <span class='ocrx_word' id='word_1_250' title='bbox 234 1109 262 1138; x_wconf 73' lang='grc' dir='ltr'><strong>δὲ</strong></span> <span class='ocrx_word' id='word_1_251' title='bbox 278 1111 292 1138; x_wconf 85' lang='grc' dir='ltr'><strong>ὁ</strong></span> <span class='ocrx_word' id='word_1_252' title='bbox 308 1110 448 1142; x_wconf 84' lang='grc' dir='ltr'>Βασίλειος</span> <span class='ocrx_word' id='word_1_253' title='bbox 465 1112 482 1146; x_wconf 79' lang='grc' dir='ltr'><strong>ἡ</strong></span> <span class='ocrx_word' id='word_1_254' title='bbox 501 1111 577 1149; x_wconf 88' lang='grc' dir='ltr'>βάσις</span> <span class='ocrx_word' id='word_1_255' title='bbox 592 1114 645 1139; x_wconf 83' lang='grc' dir='ltr'>τῶν</span> <span class='ocrx_word' id='word_1_256' title='bbox 662 1111 818 1149; x_wconf 75' lang='grc' dir='ltr'><strong>δογμάτων,</strong></span> 
     </span>
    </p>
   </div>
   <div class='ocr_carea' id='block_1_43' title="bbox 948 1109 1719 1150">
    <p class='ocr_par' dir='ltr' id='par_1_43' title="bbox 1003 1112 1719 1150">
     <span class='ocr_line' id='line_1_44' title="bbox 1003 1112 1719 1150; baseline -0.006 -8"><span class='ocrx_word' id='word_1_257' title='bbox 1003 1114 1130 1143; x_wconf 87' lang='lat' dir='ltr'><strong>Basilius</strong></span> <span class='ocrx_word' id='word_1_258' title='bbox 1144 1114 1279 1150; x_wconf 85' lang='lat' dir='ltr'><strong>Magnus,</strong></span> <span class='ocrx_word' id='word_1_259' title='bbox 1296 1114 1466 1149; x_wconf 84' lang='lat' dir='ltr'><strong>dogmatum</strong></span> <span class='ocrx_word' id='word_1_260' title='bbox 1484 1112 1719 1147; x_wconf 82' lang='lat' dir='ltr'><strong>fundamentum,</strong></span> 
     </span>
    </p>
   </div>
   <div class='ocr_carea' id='block_1_44' title="bbox 86 1155 857 1196">
    <p class='ocr_par' dir='ltr' id='par_1_44' title="bbox 86 1155 753 1194">
     <span class='ocr_line' id='line_1_45' title="bbox 86 1155 753 1194; baseline 0.003 -12"><span class='ocrx_word' id='word_1_261' title='bbox 86 1155 176 1182; x_wconf 82' lang='grc' dir='ltr'>Ὀκτὼ</span> <span class='ocrx_word' id='word_1_262' title='bbox 191 1156 259 1194; x_wconf 85' lang='grc' dir='ltr'>πρὸς</span> <span class='ocrx_word' id='word_1_263' title='bbox 273 1158 332 1187; x_wconf 84' lang='grc' dir='ltr'>τοῖς</span> <span class='ocrx_word' id='word_1_264' title='bbox 349 1156 480 1191; x_wconf 76' lang='grc' dir='ltr'>ἑξήκοντα</span> <span class='ocrx_word' id='word_1_265' title='bbox 494 1155 618 1184; x_wconf 80' lang='grc' dir='ltr'>ἐθέσπισε</span> <span class='ocrx_word' id='word_1_266' title='bbox 631 1157 753 1188; x_wconf 80' lang='grc' dir='ltr'>κανόνας.</span> 
     </span>
    </p>
   </div>
   <div class='ocr_carea' id='block_1_45' title="bbox 684 1155 1455 1196">
    <p class='ocr_par' dir='ltr' id='par_1_45' title="bbox 684 1157 1455 1196">
     <span class='ocr_line' id='line_1_46' title="bbox 684 1157 1455 1196; baseline -0.004 -8"><span class='ocrx_word' id='word_1_267' title='bbox 684 1157 753 1188; x_wconf 75' lang='grc' dir='ltr'>όνας-</span> <span class='ocrx_word' id='word_1_268' title='bbox 967 1159 1122 1196; x_wconf 82' lang='lat' dir='ltr'><strong>Sexaginta</strong></span> <span class='ocrx_word' id='word_1_269' title='bbox 1134 1161 1198 1187; x_wconf 89' lang='lat' dir='ltr'><strong>octo</strong></span> <span class='ocrx_word' id='word_1_270' title='bbox 1214 1158 1305 1187; x_wconf 87' lang='lat' dir='ltr'><strong>edidit</strong></span> <span class='ocrx_word' id='word_1_271' title='bbox 1320 1166 1455 1186; x_wconf 84' lang='lat' dir='ltr'><strong>canones.</strong></span> 
     </span>
    </p>
   </div>
   <div class='ocr_carea' id='block_1_46' title="bbox 91 1199 862 1240">
    <p class='ocr_par' dir='ltr' id='par_1_46' title="bbox 91 1199 862 1240">
     <span class='ocr_line' id='line_1_47' title="bbox 91 1199 862 1240; baseline 0.003 -12"><span class='ocrx_word' id='word_1_272' title='bbox 91 1200 138 1233; x_wconf 83' lang='grc' dir='ltr'><strong>Εἷς</strong></span> <span class='ocrx_word' id='word_1_273' title='bbox 153 1199 181 1228; x_wconf 72' lang='grc' dir='ltr'>δὲ</span> <span class='ocrx_word' id='word_1_274' title='bbox 196 1201 398 1229; x_wconf 82' lang='grc' dir='ltr'>Κωνσταντίνου</span> <span class='ocrx_word' id='word_1_275' title='bbox 412 1199 493 1229; x_wconf 79' lang='grc' dir='ltr'>πόλιν</span> <span class='ocrx_word' id='word_1_276' title='bbox 510 1201 554 1229; x_wconf 83' lang='grc' dir='ltr'><strong>καὶ</strong></span> <span class='ocrx_word' id='word_1_277' title='bbox 571 1200 612 1233; x_wconf 71' lang='grc' dir='ltr'>δὶς</span> <span class='ocrx_word' id='word_1_278' title='bbox 626 1201 671 1230; x_wconf 81' lang='grc' dir='ltr'><strong>καὶ</strong></span> <span class='ocrx_word' id='word_1_279' title='bbox 683 1202 742 1240; x_wconf 80' lang='grc' dir='ltr'>τρὶς</span> <span class='ocrx_word' id='word_1_280' title='bbox 753 1202 862 1240; x_wconf 81' lang='grc' dir='ltr'>ἠθροίσε</span> 
     </span>
    </p>
   </div>
   <div class='ocr_carea' id='block_1_47' title="bbox 888 1199 1659 1240">
    <p class='ocr_par' dir='ltr' id='par_1_47' title="bbox 969 1201 1659 1240">
     <span class='ocr_line' id='line_1_48' title="bbox 969 1201 1659 1240; baseline -0.006 -8"><span class='ocrx_word' id='word_1_281' title='bbox 969 1203 1219 1240; x_wconf 83' lang='lat' dir='ltr'><strong>Constantinopoli</strong></span> <span class='ocrx_word' id='word_1_282' title='bbox 1235 1205 1332 1231; x_wconf 84' lang='lat' dir='ltr'><strong>autem</strong></span> <span class='ocrx_word' id='word_1_283' title='bbox 1348 1202 1393 1230; x_wconf 90' lang='lat' dir='ltr'><strong>bis</strong></span> <span class='ocrx_word' id='word_1_284' title='bbox 1408 1204 1510 1238; x_wconf 81' lang='lat' dir='ltr'><strong>terque</strong></span> <span class='ocrx_word' id='word_1_285' title='bbox 1525 1201 1659 1229; x_wconf 88' lang='lat' dir='ltr'><strong>convenit</strong></span> 
     </span>
    </p>
   </div>
   <div class='ocr_carea' id='block_1_48' title="bbox 89 1243 860 1284">
    <p class='ocr_par' dir='ltr' id='par_1_48' title="bbox 89 1243 780 1284">
     <span class='ocr_line' id='line_1_49' title="bbox 89 1243 780 1284; baseline 0.004 -12"><span class='ocrx_word' id='word_1_286' title='bbox 89 1245 180 1283; x_wconf 80' lang='grc' dir='ltr'>Λογὰς</span> <span class='ocrx_word' id='word_1_287' title='bbox 192 1245 320 1284; x_wconf 85' lang='grc' dir='ltr'>Πατέρων</span> <span class='ocrx_word' id='word_1_288' title='bbox 336 1243 452 1273; x_wconf 77' lang='grc' dir='ltr'>εὐσεϐῶν</span> <span class='ocrx_word' id='word_1_289' title='bbox 469 1244 505 1273; x_wconf 85' lang='grc' dir='ltr'>ὦν</span> <span class='ocrx_word' id='word_1_290' title='bbox 523 1246 548 1274; x_wconf 76' lang='grc' dir='ltr'>οἱ</span> <span class='ocrx_word' id='word_1_291' title='bbox 562 1247 672 1278; x_wconf 79' lang='grc' dir='ltr'>κανόνες</span> <span class='ocrx_word' id='word_1_292' title='bbox 688 1245 780 1282; x_wconf 85' lang='grc' dir='ltr'>δῆλοι.</span> 
     </span>
    </p>
   </div>
   <div class='ocr_carea' id='block_1_49' title="bbox 1020 1243 1791 1284">
    <p class='ocr_par' dir='ltr' id='par_1_49' title="bbox 1020 1245 1791 1284">
     <span class='ocr_line' id='line_1_50' title="bbox 1020 1245 1791 1284; baseline -0.006 -7"><span class='ocrx_word' id='word_1_293' title='bbox 1020 1258 1073 1277; x_wconf 89' lang='lat' dir='ltr'><strong>nus</strong></span> <span class='ocrx_word' id='word_1_294' title='bbox 1084 1249 1175 1276; x_wconf 86' lang='lat' dir='ltr'><strong>electa</strong></span> <span class='ocrx_word' id='word_1_295' title='bbox 1187 1248 1300 1284; x_wconf 88' lang='lat' dir='ltr'><strong>piorum</strong></span> <span class='ocrx_word' id='word_1_296' title='bbox 1310 1248 1430 1275; x_wconf 87' lang='lat' dir='ltr'><strong>Patrum</strong></span> <span class='ocrx_word' id='word_1_297' title='bbox 1442 1254 1566 1282; x_wconf 87' lang='lat' dir='ltr'><strong>quorum</strong></span> <span class='ocrx_word' id='word_1_298' title='bbox 1582 1254 1710 1274; x_wconf 86' lang='lat' dir='ltr'><strong>canones</strong></span> <span class='ocrx_word' id='word_1_299' title='bbox 1721 1245 1791 1273; x_wconf 88' lang='lat' dir='ltr'><strong>noti.</strong></span> 
     </span>
    </p>
   </div>
   <div class='ocr_carea' id='block_1_50' title="bbox 92 1288 863 1330">
    <p class='ocr_par' dir='ltr' id='par_1_50' title="bbox 92 1288 855 1330">
     <span class='ocr_line' id='line_1_51' title="bbox 92 1288 855 1330; baseline 0.003 -13"><span class='ocrx_word' id='word_1_300' title='bbox 92 1288 194 1318; x_wconf 84' lang='grc' dir='ltr'>Ἀλλοι</span> <span class='ocrx_word' id='word_1_301' title='bbox 208 1301 238 1318; x_wconf 81' lang='grc' dir='ltr'>τι</span> <span class='ocrx_word' id='word_1_302' title='bbox 253 1291 379 1318; x_wconf 78' lang='grc' dir='ltr'>πλεῖστοι</span> <span class='ocrx_word' id='word_1_303' title='bbox 393 1291 446 1318; x_wconf 79' lang='grc' dir='ltr'>τῶν</span> <span class='ocrx_word' id='word_1_304' title='bbox 463 1293 565 1318; x_wconf 79' lang='grc' dir='ltr'>πιστῶν</span> <span class='ocrx_word' id='word_1_305' title='bbox 583 1290 687 1330; x_wconf 82' lang='grc' dir='ltr'>ἀνδρῶν</span> <span class='ocrx_word' id='word_1_306' title='bbox 701 1289 855 1330; x_wconf 76' lang='grc' dir='ltr'>σεϐασμίων</span> 
     </span>
    </p>
   </div>
   <div class='ocr_carea' id='block_1_51' title="bbox 986 1288 1757 1330">
    <p class='ocr_par' dir='ltr' id='par_1_51' title="bbox 986 1290 1757 1329">
     <span class='ocr_line' id='line_1_52' title="bbox 986 1290 1757 1329; baseline -0.004 -9"><span class='ocrx_word' id='word_1_307' title='bbox 986 1293 1086 1329; x_wconf 74' lang='lat' dir='ltr'><strong>diique</strong></span> <span class='ocrx_word' id='word_1_308' title='bbox 1101 1293 1220 1329; x_wconf 88' lang='lat' dir='ltr'><strong>plurimi</strong></span> <span class='ocrx_word' id='word_1_309' title='bbox 1237 1292 1467 1320; x_wconf 84' lang='lat' dir='ltr'><strong>venerandorum</strong></span> <span class='ocrx_word' id='word_1_310' title='bbox 1482 1291 1610 1319; x_wconf 90' lang='lat' dir='ltr'><strong>virorum</strong></span> <span class='ocrx_word' id='word_1_311' title='bbox 1628 1290 1757 1318; x_wconf 85' lang='lat' dir='ltr'><strong>ﬁdelium</strong></span> 
     </span>
    </p>
   </div>
   <div class='ocr_carea' id='block_1_52' title="bbox 89 1333 860 1374">
    <p class='ocr_par' dir='ltr' id='par_1_52' title="bbox 89 1333 754 1374">
     <span class='ocr_line' id='line_1_53' title="bbox 89 1333 754 1374; baseline 0.005 -13"><span class='ocrx_word' id='word_1_312' title='bbox 89 1334 209 1365; x_wconf 85' lang='grc' dir='ltr'>Κανόνας</span> <span class='ocrx_word' id='word_1_313' title='bbox 225 1333 383 1370; x_wconf 81' lang='grc' dir='ltr'>ἐκτεθήκασι</span> <span class='ocrx_word' id='word_1_314' title='bbox 399 1335 575 1374; x_wconf 77' lang='grc' dir='ltr'>κρατύναντες</span> <span class='ocrx_word' id='word_1_315' title='bbox 589 1337 639 1372; x_wconf 77' lang='grc' dir='ltr'><strong>τὴν</strong></span> <span class='ocrx_word' id='word_1_316' title='bbox 654 1336 754 1365; x_wconf 87' lang='grc' dir='ltr'>πίστιν.</span> 
     </span>
    </p>
   </div>
   <div class='ocr_carea' id='block_1_53' title="bbox 931 1333 1702 1374">
    <p class='ocr_par' dir='ltr' id='par_1_53' title="bbox 969 1335 1702 1372">
     <span class='ocr_line' id='line_1_54' title="bbox 969 1335 1702 1372; baseline -0.005 -6"><span class='ocrx_word' id='word_1_317' title='bbox 969 1338 1102 1367; x_wconf 87' lang='lat' dir='ltr'><strong>Canones</strong></span> <span class='ocrx_word' id='word_1_318' title='bbox 1117 1337 1336 1365; x_wconf 82' lang='lat' dir='ltr'><strong>constituerunt</strong></span> <span class='ocrx_word' id='word_1_319' title='bbox 1352 1336 1417 1364; x_wconf 79' lang='lat' dir='ltr'><strong>ﬁdei</strong></span> <span class='ocrx_word' id='word_1_320' title='bbox 1435 1336 1584 1363; x_wconf 66' lang='lat' dir='ltr'><strong>firmandae</strong></span> <span class='ocrx_word' id='word_1_321' title='bbox 1600 1335 1702 1372; x_wconf 86' lang='lat' dir='ltr'><strong>gratia.</strong></span> 
     </span>
    </p>
   </div>
   <div class='ocr_carea' id='block_1_54' title="bbox 89 1379 860 1419">
    <p class='ocr_par' dir='ltr' id='par_1_54' title="bbox 89 1379 702 1419">
     <span class='ocr_line' id='line_1_55' title="bbox 89 1379 702 1419; baseline 0.005 -13"><span class='ocrx_word' id='word_1_322' title='bbox 89 1379 192 1417; x_wconf 86' lang='grc' dir='ltr'>Ὠνπερ</span> <span class='ocrx_word' id='word_1_323' title='bbox 208 1379 222 1406; x_wconf 85' lang='grc' dir='ltr'>ὁ</span> <span class='ocrx_word' id='word_1_324' title='bbox 238 1379 378 1411; x_wconf 83' lang='grc' dir='ltr'>Διονύσιος</span> <span class='ocrx_word' id='word_1_325' title='bbox 394 1380 408 1407; x_wconf 85' lang='grc' dir='ltr'>ὁ</span> <span class='ocrx_word' id='word_1_326' title='bbox 422 1382 473 1413; x_wconf 74' lang='grc' dir='ltr'>τῆς</span> <span class='ocrx_word' id='word_1_327' title='bbox 489 1380 702 1419; x_wconf 80' lang='grc' dir='ltr'>Ἀλεξανδρείας,</span> 
     </span>
    </p>
   </div>
   <div class='ocr_carea' id='block_1_55' title="bbox 742 1379 1513 1419">
    <p class='ocr_par' dir='ltr' id='par_1_55' title="bbox 970 1380 1513 1419">
     <span class='ocr_line' id='line_1_56' title="bbox 970 1380 1513 1419; baseline -0.007 -8"><span class='ocrx_word' id='word_1_328' title='bbox 970 1384 1048 1412; x_wconf 85' lang='lat' dir='ltr'><strong>Inter</strong></span> <span class='ocrx_word' id='word_1_329' title='bbox 1062 1390 1134 1419; x_wconf 84' lang='lat' dir='ltr'><strong>quos</strong></span> <span class='ocrx_word' id='word_1_330' title='bbox 1150 1382 1307 1418; x_wconf 83' lang='lat' dir='ltr'><strong>Dionysius</strong></span> <span class='ocrx_word' id='word_1_331' title='bbox 1322 1380 1513 1414; x_wconf 67' lang='lat' dir='ltr'><strong>Alexandriae,</strong></span> 
     </span>
    </p>
   </div>
   <div class='ocr_carea' id='block_1_56' title="bbox 89 1423 860 1464">
    <p class='ocr_par' dir='ltr' id='par_1_56' title="bbox 89 1423 667 1464">
     <span class='ocr_line' id='line_1_57' title="bbox 89 1423 667 1464; baseline 0.007 -14"><span class='ocrx_word' id='word_1_332' title='bbox 89 1423 240 1462; x_wconf 86' lang='grc' dir='ltr'>Γρηγόριος</span> <span class='ocrx_word' id='word_1_333' title='bbox 254 1423 399 1456; x_wconf 76' lang='grc' dir='ltr'>ἐπίσκοπος</span> <span class='ocrx_word' id='word_1_334' title='bbox 417 1425 431 1452; x_wconf 86' lang='grc' dir='ltr'><strong>ὁ</strong></span> <span class='ocrx_word' id='word_1_335' title='bbox 445 1425 667 1464; x_wconf 80' lang='grc' dir='ltr'>Νεοκαισαρείας,</span> 
     </span>
    </p>
   </div>
   <div class='ocr_carea' id='block_1_57' title="bbox 743 1423 1514 1464">
    <p class='ocr_par' dir='ltr' id='par_1_57' title="bbox 971 1425 1514 1464">
     <span class='ocr_line' id='line_1_58' title="bbox 971 1425 1514 1464; baseline -0.007 -8"><span class='ocrx_word' id='word_1_336' title='bbox 971 1427 1129 1464; x_wconf 85' lang='lat' dir='ltr'><strong>Gregorius</strong></span> <span class='ocrx_word' id='word_1_337' title='bbox 1144 1427 1334 1455; x_wconf 69' lang='lat' dir='ltr'><strong>Neocaasareee</strong></span> <span class='ocrx_word' id='word_1_338' title='bbox 1348 1425 1514 1462; x_wconf 86' lang='lat' dir='ltr'><strong>episcopus,</strong></span> 
     </span>
    </p>
   </div>
   <div class='ocr_carea' id='block_1_58' title="bbox 88 1466 859 1509">
    <p class='ocr_par' dir='ltr' id='par_1_58' title="bbox 88 1466 747 1507">
     <span class='ocr_line' id='line_1_59' title="bbox 88 1466 747 1507; baseline 0.006 -13"><span class='ocrx_word' id='word_1_339' title='bbox 88 1467 234 1504; x_wconf 78' lang='grc' dir='ltr'>Τιμόθειος</span> <span class='ocrx_word' id='word_1_340' title='bbox 250 1468 264 1496; x_wconf 84' lang='grc' dir='ltr'>ὁ</span> <span class='ocrx_word' id='word_1_341' title='bbox 281 1466 406 1505; x_wconf 76' lang='grc' dir='ltr'>εὐσεϐὴς,</span> <span class='ocrx_word' id='word_1_342' title='bbox 422 1469 467 1497; x_wconf 89' lang='grc' dir='ltr'><strong>καὶ</strong></span> <span class='ocrx_word' id='word_1_343' title='bbox 483 1470 622 1506; x_wconf 82' lang='grc' dir='ltr'>Κύριλλος</span> <span class='ocrx_word' id='word_1_344' title='bbox 637 1471 651 1498; x_wconf 84' lang='grc' dir='ltr'>ὁ</span> <span class='ocrx_word' id='word_1_345' title='bbox 666 1471 747 1507; x_wconf 81' lang='grc' dir='ltr'>πάνυ,</span> 
     </span>
    </p>
   </div>
   <div class='ocr_carea' id='block_1_59' title="bbox 830 1466 1601 1509">
    <p class='ocr_par' dir='ltr' id='par_1_59' title="bbox 969 1470 1601 1509">
     <span class='ocr_line' id='line_1_60' title="bbox 969 1470 1601 1509; baseline -0.006 -7"><span class='ocrx_word' id='word_1_346' title='bbox 969 1473 1144 1502; x_wconf 82' lang='lat' dir='ltr'><strong>Timotheus</strong></span> <span class='ocrx_word' id='word_1_347' title='bbox 1157 1473 1223 1509; x_wconf 85' lang='lat' dir='ltr'><strong>pius</strong></span> <span class='ocrx_word' id='word_1_348' title='bbox 1238 1474 1267 1500; x_wconf 90' lang='lat' dir='ltr'><strong>et</strong></span> <span class='ocrx_word' id='word_1_349' title='bbox 1281 1471 1407 1508; x_wconf 81' lang='lat' dir='ltr'><strong>Cyrillus</strong></span> <span class='ocrx_word' id='word_1_350' title='bbox 1423 1470 1601 1507; x_wconf 55' lang='lat' dir='ltr'><strong>praecellens,</strong></span> 
     </span>
    </p>
   </div>
   <div class='ocr_carea' id='block_1_60' title="bbox 89 1511 860 1554">
    <p class='ocr_par' dir='ltr' id='par_1_60' title="bbox 89 1511 751 1553">
     <span class='ocr_line' id='line_1_61' title="bbox 89 1511 751 1553; baseline 0.006 -13"><span class='ocrx_word' id='word_1_351' title='bbox 89 1511 234 1545; x_wconf 81' lang='grc' dir='ltr'>Γεννάδιος</span> <span class='ocrx_word' id='word_1_352' title='bbox 249 1513 263 1541; x_wconf 80' lang='grc' dir='ltr'><strong>ὸ</strong></span> <span class='ocrx_word' id='word_1_353' title='bbox 279 1514 432 1550; x_wconf 84' lang='grc' dir='ltr'>θαυμαστὸς</span> <span class='ocrx_word' id='word_1_354' title='bbox 447 1514 573 1547; x_wconf 83' lang='grc' dir='ltr'>θεσπίσας</span> <span class='ocrx_word' id='word_1_355' title='bbox 587 1514 751 1553; x_wconf 78' lang='grc' dir='ltr'>ἐγκυκλίως.</span> 
     </span>
    </p>
   </div>
   <div class='ocr_carea' id='block_1_61' title="bbox 976 1511 1747 1554">
    <p class='ocr_par' dir='ltr' id='par_1_61' title="bbox 976 1514 1747 1554">
     <span class='ocr_line' id='line_1_62' title="bbox 976 1514 1747 1554; baseline -0.008 -7"><span class='ocrx_word' id='word_1_356' title='bbox 976 1518 1099 1554; x_wconf 82' lang='lat' dir='ltr'><strong>Insignis</strong></span> <span class='ocrx_word' id='word_1_357' title='bbox 1115 1517 1284 1546; x_wconf 85' lang='lat' dir='ltr'><strong>Gennadius</strong></span> <span class='ocrx_word' id='word_1_358' title='bbox 1299 1516 1349 1553; x_wconf 89' lang='lat' dir='ltr'><strong>qui</strong></span> <span class='ocrx_word' id='word_1_359' title='bbox 1365 1515 1527 1552; x_wconf 83' lang='lat' dir='ltr'><strong>encyclicas</strong></span> <span class='ocrx_word' id='word_1_360' title='bbox 1541 1514 1747 1551; x_wconf 84' lang='lat' dir='ltr'><strong>promulgavit.</strong></span> 
     </span>
    </p>
   </div>
   <div class='ocr_carea' id='block_1_62' title="bbox 90 1556 861 1600">
    <p class='ocr_par' dir='ltr' id='par_1_62' title="bbox 90 1556 835 1600">
     <span class='ocr_line' id='line_1_63' title="bbox 90 1556 835 1600; baseline 0.007 -15"><span class='ocrx_word' id='word_1_361' title='bbox 90 1557 149 1596; x_wconf 83' lang='grc' dir='ltr'>Πρὸ</span> <span class='ocrx_word' id='word_1_362' title='bbox 163 1557 266 1586; x_wconf 83' lang='grc' dir='ltr'>τούτων</span> <span class='ocrx_word' id='word_1_363' title='bbox 283 1556 327 1586; x_wconf 78' lang='grc' dir='ltr'>διὰ</span> <span class='ocrx_word' id='word_1_364' title='bbox 342 1558 502 1597; x_wconf 84' lang='grc' dir='ltr'>Κλήμεντος</span> <span class='ocrx_word' id='word_1_365' title='bbox 517 1559 702 1600; x_wconf 77' lang='grc' dir='ltr'>ἐνεγράφησαν</span> <span class='ocrx_word' id='word_1_366' title='bbox 718 1561 835 1597; x_wconf 79' lang='grc' dir='ltr'>κανόνες,</span> 
     </span>
    </p>
   </div>
   <div class='ocr_carea' id='block_1_63' title="bbox 1026 1556 1797 1600">
    <p class='ocr_par' dir='ltr' id='par_1_63' title="bbox 1026 1560 1797 1598">
     <span class='ocr_line' id='line_1_64' title="bbox 1026 1560 1797 1598; baseline -0.004 -8"><span class='ocrx_word' id='word_1_367' title='bbox 1026 1571 1045 1592; x_wconf 65' lang='lat' dir='ltr'><strong>,e</strong></span> <span class='ocrx_word' id='word_1_368' title='bbox 1059 1563 1114 1592; x_wconf 90' lang='lat' dir='ltr'><strong>hos</strong></span> <span class='ocrx_word' id='word_1_369' title='bbox 1129 1564 1226 1591; x_wconf 86' lang='lat' dir='ltr'><strong>autem</strong></span> <span class='ocrx_word' id='word_1_370' title='bbox 1241 1570 1293 1598; x_wconf 87' lang='lat' dir='ltr'><strong>per</strong></span> <span class='ocrx_word' id='word_1_371' title='bbox 1307 1561 1486 1591; x_wconf 83' lang='lat' dir='ltr'><strong>Clementem</strong></span> <span class='ocrx_word' id='word_1_372' title='bbox 1498 1560 1652 1596; x_wconf 85' lang='lat' dir='ltr'><strong>compositi</strong></span> <span class='ocrx_word' id='word_1_373' title='bbox 1669 1562 1738 1588; x_wconf 82' lang='lat' dir='ltr'><strong>sunt</strong></span> <span class='ocrx_word' id='word_1_374' title='bbox 1753 1566 1797 1587; x_wconf 87' lang='lat' dir='ltr'><strong>ca-</strong></span> 
     </span>
    </p>
   </div>
   <div class='ocr_carea' id='block_1_64' title="bbox 1658 1603 1761 1640">
    <p class='ocr_par' dir='ltr' id='par_1_64' title="bbox 1658 1603 1761 1640">
     <span class='ocr_line' id='line_1_65' title="bbox 1658 1603 1761 1640; baseline 0 -9"><span class='ocrx_word' id='word_1_375' title='bbox 1658 1603 1761 1640; x_wconf 85' lang='lat' dir='ltr'><strong>[nones</strong></span> 
     </span>
    </p>
   </div>
   <div class='ocr_carea' id='block_1_65' title="bbox 89 1653 860 1696">
    <p class='ocr_par' dir='ltr' id='par_1_65' title="bbox 89 1653 840 1696">
     <span class='ocr_line' id='line_1_66' title="bbox 89 1653 840 1696; baseline 0.008 -13"><span class='ocrx_word' id='word_1_376' title='bbox 89 1657 152 1684; x_wconf 86' lang='grc' dir='ltr'>Τῶν</span> <span class='ocrx_word' id='word_1_377' title='bbox 168 1653 321 1693; x_wconf 76' lang='grc' dir='ltr'>σεϐασμίων</span> <span class='ocrx_word' id='word_1_378' title='bbox 337 1657 382 1685; x_wconf 88' lang='grc' dir='ltr'><strong>καὶ</strong></span> <span class='ocrx_word' id='word_1_379' title='bbox 398 1660 501 1686; x_wconf 84' lang='grc' dir='ltr'>σεπτῶν</span> <span class='ocrx_word' id='word_1_380' title='bbox 516 1659 561 1686; x_wconf 80' lang='grc' dir='ltr'><strong>καὶ</strong></span> <span class='ocrx_word' id='word_1_381' title='bbox 573 1659 652 1692; x_wconf 81' lang='grc' dir='ltr'>θείων</span> <span class='ocrx_word' id='word_1_382' title='bbox 667 1659 840 1696; x_wconf 74' lang='grc' dir='ltr'>ἀποστόλων,</span> 
     </span>
    </p>
   </div>
   <div class='ocr_carea' id='block_1_66' title="bbox 1025 1653 1796 1696">
    <p class='ocr_par' dir='ltr' id='par_1_66' title="bbox 1025 1657 1796 1694">
     <span class='ocr_line' id='line_1_67' title="bbox 1025 1657 1796 1694; baseline -0.006 -4"><span class='ocrx_word' id='word_1_383' title='bbox 1025 1658 1576 1693; x_wconf 79' lang='lat' dir='ltr'><strong>ierandorum,sanctorum,divinorum</strong></span> <span class='ocrx_word' id='word_1_384' title='bbox 1587 1657 1796 1694; x_wconf 85' lang='lat' dir='ltr'><strong>apostolorum,</strong></span> 
     </span>
    </p>
   </div>
   <div class='ocr_carea' id='block_1_67' title="bbox 91 1700 862 1742">
    <p class='ocr_par' dir='ltr' id='par_1_67' title="bbox 91 1700 736 1740">
     <span class='ocr_line' id='line_1_68' title="bbox 91 1700 736 1740; baseline 0.006 -12"><span class='ocrx_word' id='word_1_385' title='bbox 91 1700 174 1729; x_wconf 84' lang='grc' dir='ltr'>Πέντε</span> <span class='ocrx_word' id='word_1_386' title='bbox 188 1701 256 1739; x_wconf 82' lang='grc' dir='ltr'>πρὸς</span> <span class='ocrx_word' id='word_1_387' title='bbox 273 1701 445 1740; x_wconf 81' lang='grc' dir='ltr'>ὀγδοήκοντα</span> <span class='ocrx_word' id='word_1_388' title='bbox 460 1701 603 1740; x_wconf 74' lang='grc' dir='ltr'>σεϐάσμιοι</span> <span class='ocrx_word' id='word_1_389' title='bbox 616 1705 736 1736; x_wconf 81' lang='grc' dir='ltr'>κανόνες.</span> 
     </span>
    </p>
   </div>
   <div class='ocr_carea' id='block_1_68' title="bbox 739 1700 1510 1742">
    <p class='ocr_par' dir='ltr' id='par_1_68' title="bbox 971 1703 1510 1742">
     <span class='ocr_line' id='line_1_69' title="bbox 971 1703 1510 1742; baseline -0.007 -7"><span class='ocrx_word' id='word_1_390' title='bbox 971 1706 1125 1742; x_wconf 82' lang='lat' dir='ltr'><strong>Octoginta</strong></span> <span class='ocrx_word' id='word_1_391' title='bbox 1141 1705 1271 1741; x_wconf 89' lang='lat' dir='ltr'><strong>quinque</strong></span> <span class='ocrx_word' id='word_1_392' title='bbox 1285 1713 1412 1732; x_wconf 88' lang='lat' dir='ltr'><strong>canones</strong></span> <span class='ocrx_word' id='word_1_393' title='bbox 1427 1703 1510 1732; x_wconf 87' lang='lat' dir='ltr'><strong>sacri.</strong></span> 
     </span>
    </p>
   </div>
   <div class='ocr_carea' id='block_1_69' title="bbox 92 1744 863 1787">
    <p class='ocr_par' dir='ltr' id='par_1_69' title="bbox 92 1744 712 1787">
     <span class='ocr_line' id='line_1_70' title="bbox 92 1744 712 1787; baseline 0.006 -14"><span class='ocrx_word' id='word_1_394' title='bbox 92 1744 131 1774; x_wconf 85' lang='grc' dir='ltr'><strong>Οὐ</strong></span> <span class='ocrx_word' id='word_1_395' title='bbox 145 1744 241 1777; x_wconf 81' lang='grc' dir='ltr'>πάντες</span> <span class='ocrx_word' id='word_1_396' title='bbox 258 1745 287 1774; x_wconf 73' lang='grc' dir='ltr'><strong>δὲ</strong></span> <span class='ocrx_word' id='word_1_397' title='bbox 302 1747 456 1782; x_wconf 64' lang='grc' dir='ltr'>θεσπίζουσι</span> <span class='ocrx_word' id='word_1_398' title='bbox 473 1749 534 1786; x_wconf 82' lang='grc' dir='ltr'>περὶ</span> <span class='ocrx_word' id='word_1_399' title='bbox 552 1748 712 1787; x_wconf 86' lang='grc' dir='ltr'>Θιολογίας,</span> 
     </span>
    </p>
   </div>
   <div class='ocr_carea' id='block_1_70' title="bbox 882 1744 1653 1787">
    <p class='ocr_par' dir='ltr' id='par_1_70' title="bbox 971 1748 1653 1784">
     <span class='ocr_line' id='line_1_71' title="bbox 971 1748 1653 1784; baseline -0.009 -4"><span class='ocrx_word' id='word_1_400' title='bbox 971 1753 1034 1780; x_wconf 86' lang='lat' dir='ltr'><strong>Non</strong></span> <span class='ocrx_word' id='word_1_401' title='bbox 1050 1753 1148 1778; x_wconf 86' lang='lat' dir='ltr'><strong>tamen</strong></span> <span class='ocrx_word' id='word_1_402' title='bbox 1165 1757 1267 1777; x_wconf 89' lang='lat' dir='ltr'><strong>omnes</strong></span> <span class='ocrx_word' id='word_1_403' title='bbox 1281 1749 1317 1776; x_wconf 88' lang='lat' dir='ltr'><strong>de</strong></span> <span class='ocrx_word' id='word_1_404' title='bbox 1332 1748 1478 1784; x_wconf 83' lang='lat' dir='ltr'><strong>theologia</strong></span> <span class='ocrx_word' id='word_1_405' title='bbox 1493 1749 1653 1783; x_wconf 82' lang='lat' dir='ltr'><strong>exponunt,</strong></span> 
     </span>
    </p>
   </div>
   <div class='ocr_carea' id='block_1_71' title="bbox 93 1789 864 1831">
    <p class='ocr_par' dir='ltr' id='par_1_71' title="bbox 93 1789 863 1831">
     <span class='ocr_line' id='line_1_72' title="bbox 93 1789 863 1831; baseline 0.006 -14"><span class='ocrx_word' id='word_1_406' title='bbox 93 1789 173 1818; x_wconf 84' lang='grc' dir='ltr'>Ἀλλ’</span> <span class='ocrx_word' id='word_1_407' title='bbox 186 1791 212 1818; x_wconf 74' lang='grc' dir='ltr'>οἱ</span> <span class='ocrx_word' id='word_1_408' title='bbox 229 1791 276 1828; x_wconf 76' lang='grc' dir='ltr'>μὲν</span> <span class='ocrx_word' id='word_1_409' title='bbox 291 1791 325 1819; x_wconf 80' lang='grc' dir='ltr'>τὰ</span> <span class='ocrx_word' id='word_1_410' title='bbox 339 1795 389 1827; x_wconf 85' lang='grc' dir='ltr'><strong>τῆς</strong></span> <span class='ocrx_word' id='word_1_411' title='bbox 405 1792 521 1824; x_wconf 84' lang='grc' dir='ltr'>πίστεως</span> <span class='ocrx_word' id='word_1_412' title='bbox 536 1793 711 1831; x_wconf 84' lang='grc' dir='ltr'>κρατύνουσιν</span> <span class='ocrx_word' id='word_1_413' title='bbox 729 1793 863 1831; x_wconf 74' lang='grc' dir='ltr'>εὐλόγως,</span> 
     </span>
    </p>
   </div>
   <div class='ocr_carea' id='block_1_72' title="bbox 930 1789 1701 1831">
    <p class='ocr_par' dir='ltr' id='par_1_72' title="bbox 970 1792 1701 1831">
     <span class='ocr_line' id='line_1_73' title="bbox 970 1792 1701 1831; baseline -0.007 -7"><span class='ocrx_word' id='word_1_414' title='bbox 970 1796 1026 1824; x_wconf 78' lang='lat' dir='ltr'><strong>Sed</strong></span> <span class='ocrx_word' id='word_1_415' title='bbox 1042 1795 1149 1831; x_wconf 87' lang='lat' dir='ltr'><strong>partim</strong></span> <span class='ocrx_word' id='word_1_416' title='bbox 1165 1796 1232 1830; x_wconf 89' lang='lat' dir='ltr'><strong>apto</strong></span> <span class='ocrx_word' id='word_1_417' title='bbox 1248 1801 1381 1821; x_wconf 85' lang='lat' dir='ltr'><strong>sermone</strong></span> <span class='ocrx_word' id='word_1_418' title='bbox 1397 1793 1483 1820; x_wconf 83' lang='lat' dir='ltr'><strong>ﬁdem</strong></span> <span class='ocrx_word' id='word_1_419' title='bbox 1502 1792 1701 1825; x_wconf 84' lang='lat' dir='ltr'><strong>corroborant,</strong></span> 
     </span>
    </p>
   </div>
   <div class='ocr_carea' id='block_1_73' title="bbox 92 1833 863 1875">
    <p class='ocr_par' dir='ltr' id='par_1_73' title="bbox 92 1833 796 1875">
     <span class='ocr_line' id='line_1_74' title="bbox 92 1833 796 1875; baseline 0.007 -13"><span class='ocrx_word' id='word_1_420' title='bbox 92 1835 127 1864; x_wconf 72' lang='grc' dir='ltr'><strong>Οἱ</strong></span> <span class='ocrx_word' id='word_1_421' title='bbox 143 1833 171 1862; x_wconf 79' lang='grc' dir='ltr'><strong>δὲ</strong></span> <span class='ocrx_word' id='word_1_422' title='bbox 185 1837 242 1867; x_wconf 87' lang='grc' dir='ltr'>τοῖς</span> <span class='ocrx_word' id='word_1_423' title='bbox 258 1837 458 1875; x_wconf 81' lang='grc' dir='ltr'>ἁμαρτάνουσιν</span> <span class='ocrx_word' id='word_1_424' title='bbox 477 1838 561 1875; x_wconf 88' lang='grc' dir='ltr'>μέτρα</span> <span class='ocrx_word' id='word_1_425' title='bbox 575 1841 626 1873; x_wconf 79' lang='grc' dir='ltr'><strong>τῆς</strong></span> <span class='ocrx_word' id='word_1_426' title='bbox 644 1838 796 1875; x_wconf 74' lang='grc' dir='ltr'>μετανοίας,</span> 
     </span>
    </p>
   </div>
   <div class='ocr_carea' id='block_1_74' title="bbox 1024 1833 1795 1875">
    <p class='ocr_par' dir='ltr' id='par_1_74' title="bbox 1024 1836 1795 1875">
     <span class='ocr_line' id='line_1_75' title="bbox 1024 1836 1795 1875; baseline -0.005 -8"><span class='ocrx_word' id='word_1_427' title='bbox 1024 1841 1081 1868; x_wconf 73' lang='lat' dir='ltr'><strong>tim</strong></span> <span class='ocrx_word' id='word_1_428' title='bbox 1094 1838 1293 1875; x_wconf 87' lang='lat' dir='ltr'><strong>peccatoribus</strong></span> <span class='ocrx_word' id='word_1_429' title='bbox 1306 1837 1483 1873; x_wconf 62' lang='lat' dir='ltr'><strong>paenitentiae</strong></span> <span class='ocrx_word' id='word_1_430' title='bbox 1496 1837 1638 1865; x_wconf 82' lang='lat' dir='ltr'><strong>terminos</strong></span> <span class='ocrx_word' id='word_1_431' title='bbox 1655 1836 1795 1870; x_wconf 87' lang='lat' dir='ltr'><strong>iudicant,</strong></span> 
     </span>
    </p>
   </div>
   <div class='ocr_carea' id='block_1_75' title="bbox 92 1879 863 1920">
    <p class='ocr_par' dir='ltr' id='par_1_75' title="bbox 92 1879 750 1920">
     <span class='ocr_line' id='line_1_76' title="bbox 92 1879 750 1920; baseline 0.003 -12"><span class='ocrx_word' id='word_1_432' title='bbox 92 1879 202 1912; x_wconf 82' lang='grc' dir='ltr'>Εὐθέως</span> <span class='ocrx_word' id='word_1_433' title='bbox 215 1880 384 1915; x_wconf 81' lang='grc' dir='ltr'>κανονίζουσι</span> <span class='ocrx_word' id='word_1_434' title='bbox 399 1881 462 1913; x_wconf 77' lang='grc' dir='ltr'>τοὺς</span> <span class='ocrx_word' id='word_1_435' title='bbox 479 1882 750 1920; x_wconf 81' lang='grc' dir='ltr'>χειροτονουμένσυς.</span> 
     </span>
    </p>
   </div>
   <div class='ocr_carea' id='block_1_76' title="bbox 815 1879 1586 1920">
    <p class='ocr_par' dir='ltr' id='par_1_76' title="bbox 972 1881 1586 1918">
     <span class='ocr_line' id='line_1_77' title="bbox 972 1881 1586 1918; baseline -0.007 -6"><span class='ocrx_word' id='word_1_436' title='bbox 972 1884 1083 1912; x_wconf 83' lang='lat' dir='ltr'><strong>Partim</strong></span> <span class='ocrx_word' id='word_1_437' title='bbox 1099 1884 1128 1910; x_wconf 87' lang='lat' dir='ltr'><strong>in</strong></span> <span class='ocrx_word' id='word_1_438' title='bbox 1144 1883 1254 1910; x_wconf 90' lang='lat' dir='ltr'><strong>clerum</strong></span> <span class='ocrx_word' id='word_1_439' title='bbox 1271 1886 1402 1918; x_wconf 85' lang='lat' dir='ltr'><strong>receptos</strong></span> <span class='ocrx_word' id='word_1_440' title='bbox 1416 1881 1586 1909; x_wconf 89' lang='lat' dir='ltr'><strong>instruunt:</strong></span> 
     </span>
    </p>
   </div>
   <div class='ocr_carea' id='block_1_77' title="bbox 92 1922 863 1965">
    <p class='ocr_par' dir='ltr' id='par_1_77' title="bbox 92 1922 707 1965">
     <span class='ocr_line' id='line_1_78' title="bbox 92 1922 707 1965; baseline 0.003 -13"><span class='ocrx_word' id='word_1_441' title='bbox 92 1924 195 1955; x_wconf 84' lang='grc' dir='ltr'>Πάντες</span> <span class='ocrx_word' id='word_1_442' title='bbox 211 1922 239 1952; x_wconf 79' lang='grc' dir='ltr'><strong>δὲ</strong></span> <span class='ocrx_word' id='word_1_443' title='bbox 255 1923 427 1954; x_wconf 79' lang='grc' dir='ltr'>λυσιτέλειαν</span> <span class='ocrx_word' id='word_1_444' title='bbox 443 1925 582 1964; x_wconf 76' lang='grc' dir='ltr'>εῗσάγουσι</span> <span class='ocrx_word' id='word_1_445' title='bbox 598 1929 638 1963; x_wconf 82' lang='grc' dir='ltr'>τῷ</span> <span class='ocrx_word' id='word_1_446' title='bbox 655 1927 707 1965; x_wconf 86' lang='grc' dir='ltr'><strong>βίῳ</strong></span> 
     </span>
    </p>
   </div>
   <div class='ocr_carea' id='block_1_78' title="bbox 829 1922 1600 1965">
    <p class='ocr_par' dir='ltr' id='par_1_78' title="bbox 973 1926 1600 1957">
     <span class='ocr_line' id='line_1_79' title="bbox 973 1926 1600 1957; baseline -0.008 0"><span class='ocrx_word' id='word_1_447' title='bbox 973 1929 1080 1957; x_wconf 86' lang='lat' dir='ltr'><strong>Omnes</strong></span> <span class='ocrx_word' id='word_1_448' title='bbox 1096 1930 1194 1956; x_wconf 82' lang='lat' dir='ltr'><strong>tamen</strong></span> <span class='ocrx_word' id='word_1_449' title='bbox 1211 1927 1368 1955; x_wconf 85' lang='lat' dir='ltr'><strong>utilitatem</strong></span> <span class='ocrx_word' id='word_1_450' title='bbox 1385 1926 1510 1954; x_wconf 69' lang='lat' dir='ltr'><strong>afferunt</strong></span> <span class='ocrx_word' id='word_1_451' title='bbox 1526 1926 1600 1953; x_wconf 62' lang='lat' dir='ltr'><strong>vitae.</strong></span> 
     </span>
    </p>
   </div>
   <div class='ocr_carea' id='block_1_79' title="bbox 90 1968 861 2009">
    <p class='ocr_par' dir='ltr' id='par_1_79' title="bbox 90 1968 792 2009">
     <span class='ocr_line' id='line_1_80' title="bbox 90 1968 792 2009; baseline 0.004 -13"><span class='ocrx_word' id='word_1_452' title='bbox 90 1970 121 1997; x_wconf 77' lang='grc' dir='ltr'><strong>Ὀ</strong></span> <span class='ocrx_word' id='word_1_453' title='bbox 136 1968 262 2001; x_wconf 83' lang='grc' dir='ltr'>κανοίσας</span> <span class='ocrx_word' id='word_1_454' title='bbox 275 1968 298 1997; x_wconf 79' lang='grc' dir='ltr'><strong>δ’</strong></span> <span class='ocrx_word' id='word_1_455' title='bbox 314 1971 430 2002; x_wconf 80' lang='grc' dir='ltr'>ἅπαντας</span> <span class='ocrx_word' id='word_1_456' title='bbox 445 1970 577 2009; x_wconf 75' lang='grc' dir='ltr'>ἐντέχνως</span> <span class='ocrx_word' id='word_1_457' title='bbox 593 1971 656 2004; x_wconf 82' lang='grc' dir='ltr'>τοὺς</span> <span class='ocrx_word' id='word_1_458' title='bbox 671 1971 792 2007; x_wconf 76' lang='grc' dir='ltr'>κανόνας,</span> 
     </span>
    </p>
   </div>
   <div class='ocr_carea' id='block_1_80' title="bbox 937 1968 1708 2009">
    <p class='ocr_par' dir='ltr' id='par_1_80' title="bbox 973 1969 1708 2007">
     <span class='ocr_line' id='line_1_81' title="bbox 973 1969 1708 2007; baseline -0.005 -7"><span class='ocrx_word' id='word_1_459' title='bbox 973 1973 1027 2007; x_wconf 90' lang='lat' dir='ltr'><strong>Qui</strong></span> <span class='ocrx_word' id='word_1_460' title='bbox 1042 1975 1140 2000; x_wconf 87' lang='lat' dir='ltr'><strong>autem</strong></span> <span class='ocrx_word' id='word_1_461' title='bbox 1155 1979 1258 1999; x_wconf 90' lang='lat' dir='ltr'><strong>omnes</strong></span> <span class='ocrx_word' id='word_1_462' title='bbox 1274 1979 1400 1999; x_wconf 85' lang='lat' dir='ltr'><strong>canones</strong></span> <span class='ocrx_word' id='word_1_463' title='bbox 1417 1970 1567 2006; x_wconf 84' lang='lat' dir='ltr'><strong>ingeniose</strong></span> <span class='ocrx_word' id='word_1_464' title='bbox 1583 1969 1708 2005; x_wconf 84' lang='lat' dir='ltr'><strong>collegit,</strong></span> 
     </span>
    </p>
   </div>
   <div class='ocr_carea' id='block_1_81' title="bbox 91 2012 862 2054">
    <p class='ocr_par' dir='ltr' id='par_1_81' title="bbox 91 2012 800 2054">
     <span class='ocr_line' id='line_1_82' title="bbox 91 2012 800 2054; baseline 0.003 -13"><span class='ocrx_word' id='word_1_465' title='bbox 91 2013 192 2043; x_wconf 74' lang='grc' dir='ltr'>⁸Ὀσους</span> <span class='ocrx_word' id='word_1_466' title='bbox 207 2012 310 2051; x_wconf 70' lang='grc' dir='ltr'>ἐφεῦρε,</span> <span class='ocrx_word' id='word_1_467' title='bbox 327 2013 454 2050; x_wconf 76' lang='grc' dir='ltr'>δέσποτα,</span> <span class='ocrx_word' id='word_1_468' title='bbox 470 2015 583 2047; x_wconf 86' lang='grc' dir='ltr'>κανόνας</span> <span class='ocrx_word' id='word_1_469' title='bbox 599 2018 652 2043; x_wconf 83' lang='grc' dir='ltr'>τῶν</span> <span class='ocrx_word' id='word_1_470' title='bbox 665 2017 800 2054; x_wconf 81' lang='grc' dir='ltr'>Πατέρων,</span> 
     </span>
    </p>
   </div>
   <div class='ocr_carea' id='block_1_82' title="bbox 906 2012 1677 2054">
    <p class='ocr_par' dir='ltr' id='par_1_82' title="bbox 973 2015 1677 2053">
     <span class='ocr_line' id='line_1_83' title="bbox 973 2015 1677 2053; baseline -0.007 -7"><span class='ocrx_word' id='word_1_471' title='bbox 973 2019 1120 2053; x_wconf 87' lang='lat' dir='ltr'><strong>Quotquot</strong></span> <span class='ocrx_word' id='word_1_472' title='bbox 1135 2016 1275 2043; x_wconf 86' lang='lat' dir='ltr'><strong>nimirum</strong></span> <span class='ocrx_word' id='word_1_473' title='bbox 1291 2015 1400 2051; x_wconf 89' lang='lat' dir='ltr'><strong>reperit</strong></span> <span class='ocrx_word' id='word_1_474' title='bbox 1414 2015 1534 2042; x_wconf 83' lang='lat' dir='ltr'><strong>Patrum</strong></span> <span class='ocrx_word' id='word_1_475' title='bbox 1551 2022 1677 2042; x_wconf 84' lang='lat' dir='ltr'><strong>canones</strong></span> 
     </span>
    </p>
   </div>
   <div class='ocr_carea' id='block_1_83' title="bbox 92 2057 863 2099">
    <p class='ocr_par' dir='ltr' id='par_1_83' title="bbox 92 2057 854 2099">
     <span class='ocr_line' id='line_1_84' title="bbox 92 2057 854 2099; baseline 0.004 -13"><span class='ocrx_word' id='word_1_476' title='bbox 92 2057 166 2094; x_wconf 82' lang='grc' dir='ltr'>Πρὸς</span> <span class='ocrx_word' id='word_1_477' title='bbox 178 2058 228 2092; x_wconf 85' lang='grc' dir='ltr'>τήν</span> <span class='ocrx_word' id='word_1_478' title='bbox 250 2058 332 2093; x_wconf 78' lang='grc' dir='ltr'>αὐτὴν</span> <span class='ocrx_word' id='word_1_479' title='bbox 350 2059 474 2087; x_wconf 85' lang='grc' dir='ltr'>ὑπόθεσιν</span> <span class='ocrx_word' id='word_1_480' title='bbox 492 2059 623 2098; x_wconf 79' lang='grc' dir='ltr'>εὐκαίρως</span> <span class='ocrx_word' id='word_1_481' title='bbox 637 2060 854 2099; x_wconf 72' lang='grc' dir='ltr'>γεγραμμένους,</span> 
     </span>
    </p>
   </div>
   <div class='ocr_carea' id='block_1_84' title="bbox 938 2057 1709 2099">
    <p class='ocr_par' dir='ltr' id='par_1_84' title="bbox 973 2058 1709 2096">
     <span class='ocr_line' id='line_1_85' title="bbox 973 2058 1709 2096; baseline -0.007 -6"><span class='ocrx_word' id='word_1_482' title='bbox 973 2062 1012 2090; x_wconf 88' lang='lat' dir='ltr'><strong>De</strong></span> <span class='ocrx_word' id='word_1_483' title='bbox 1027 2062 1127 2090; x_wconf 89' lang='lat' dir='ltr'><strong>eodem</strong></span> <span class='ocrx_word' id='word_1_484' title='bbox 1144 2062 1318 2096; x_wconf 86' lang='lat' dir='ltr'><strong>argumento</strong></span> <span class='ocrx_word' id='word_1_485' title='bbox 1333 2061 1497 2095; x_wconf 87' lang='lat' dir='ltr'><strong>opportune</strong></span> <span class='ocrx_word' id='word_1_486' title='bbox 1514 2058 1709 2094; x_wconf 86' lang='lat' dir='ltr'><strong>conscriptos,</strong></span> 
     </span>
    </p>
   </div>
   <div class='ocr_carea' id='block_1_85' title="bbox 92 2101 863 2142">
    <p class='ocr_par' dir='ltr' id='par_1_85' title="bbox 92 2101 776 2142">
     <span class='ocr_line' id='line_1_86' title="bbox 92 2101 776 2142; baseline 0.004 -12"><span class='ocrx_word' id='word_1_487' title='bbox 92 2102 199 2133; x_wconf 76' lang='grc' dir='ltr'>Πάντας</span> <span class='ocrx_word' id='word_1_488' title='bbox 215 2102 253 2133; x_wconf 66' lang='grc' dir='ltr'><strong>εἷς</strong></span> <span class='ocrx_word' id='word_1_489' title='bbox 269 2101 295 2130; x_wconf 71' lang='grc' dir='ltr'>ἕν</span> <span class='ocrx_word' id='word_1_490' title='bbox 314 2104 463 2142; x_wconf 68' lang='grc' dir='ltr'>συνήγαγεν</span> <span class='ocrx_word' id='word_1_491' title='bbox 481 2104 571 2141; x_wconf 83' lang='grc' dir='ltr'>ὥσπερ</span> <span class='ocrx_word' id='word_1_492' title='bbox 588 2104 639 2132; x_wconf 80' lang='grc' dir='ltr'><strong>ὑπὸ</strong></span> <span class='ocrx_word' id='word_1_493' title='bbox 653 2104 709 2132; x_wconf 86' lang='grc' dir='ltr'>τίτ)</span> <span class='ocrx_word' id='word_1_494' title='bbox 719 2116 776 2137; x_wconf 83' lang='grc' dir='ltr'>ους.</span> 
     </span>
    </p>
   </div>
   <div class='ocr_carea' id='block_1_86' title="bbox 918 2101 1689 2142">
    <p class='ocr_par' dir='ltr' id='par_1_86' title="bbox 973 2103 1689 2140">
     <span class='ocr_line' id='line_1_87' title="bbox 973 2103 1689 2140; baseline -0.007 -5"><span class='ocrx_word' id='word_1_495' title='bbox 973 2106 1081 2135; x_wconf 85' lang='lat' dir='ltr'><strong>Omnes</strong></span> <span class='ocrx_word' id='word_1_496' title='bbox 1097 2106 1126 2133; x_wconf 91' lang='lat' dir='ltr'><strong>in</strong></span> <span class='ocrx_word' id='word_1_497' title='bbox 1143 2113 1235 2133; x_wconf 88' lang='lat' dir='ltr'><strong>unum</strong></span> <span class='ocrx_word' id='word_1_498' title='bbox 1250 2103 1363 2140; x_wconf 82' lang='lat' dir='ltr'><strong>redegit</strong></span> <span class='ocrx_word' id='word_1_499' title='bbox 1378 2103 1531 2139; x_wconf 88' lang='lat' dir='ltr'><strong>titulisque</strong></span> <span class='ocrx_word' id='word_1_500' title='bbox 1547 2103 1689 2131; x_wconf 79' lang='lat' dir='ltr'><strong>distinxit.</strong></span> 
     </span>
    </p>
   </div>
   <div class='ocr_carea' id='block_1_87' title="bbox 93 2145 864 2186">
    <p class='ocr_par' dir='ltr' id='par_1_87' title="bbox 93 2145 864 2186">
     <span class='ocr_line' id='line_1_88' title="bbox 93 2145 864 2186; baseline 0.004 -11"><span class='ocrx_word' id='word_1_501' title='bbox 93 2145 170 2175; x_wconf 82' lang='grc' dir='ltr'>Ἀλλ’</span> <span class='ocrx_word' id='word_1_502' title='bbox 208 2146 473 2186; x_wconf 70' lang='grc' dir='ltr'>κληρονομουμὶνον</span> <span class='ocrx_word' id='word_1_503' title='bbox 513 2147 640 2184; x_wconf 83' lang='grc' dir='ltr'>δέσποτα;</span> <span class='ocrx_word' id='word_1_504' title='bbox 683 2149 785 2178; x_wconf 84' lang='grc' dir='ltr'>πολλοὶ</span> <span class='ocrx_word' id='word_1_505' title='bbox 824 2149 864 2178; x_wconf 82' lang='grc' dir='ltr'>διά</span> 
     </span>
    </p>
   </div>
   <div class='ocr_carea' id='block_1_88' title="bbox 1027 2145 1798 2186">
    <p class='ocr_par' dir='ltr' id='par_1_88' title="bbox 1027 2147 1798 2185">
     <span class='ocr_line' id='line_1_89' title="bbox 1027 2147 1798 2185; baseline -0.006 -6"><span class='ocrx_word' id='word_1_506' title='bbox 1027 2160 1036 2179; x_wconf 80' lang='lat'><strong>1</strong></span> <span class='ocrx_word' id='word_1_507' title='bbox 1052 2159 1118 2179; x_wconf 91' lang='lat' dir='ltr'><strong>vero</strong></span> <span class='ocrx_word' id='word_1_508' title='bbox 1134 2150 1307 2179; x_wconf 86' lang='lat' dir='ltr'><strong>clericorum</strong></span> <span class='ocrx_word' id='word_1_509' title='bbox 1324 2149 1402 2176; x_wconf 85' lang='lat' dir='ltr'><strong>haud</strong></span> <span class='ocrx_word' id='word_1_510' title='bbox 1414 2148 1510 2185; x_wconf 84' lang='lat' dir='ltr'><strong>pauci,</strong></span> <span class='ocrx_word' id='word_1_511' title='bbox 1518 2148 1553 2175; x_wconf 90' lang='lat' dir='ltr'><strong>ob</strong></span> <span class='ocrx_word' id='word_1_512' title='bbox 1565 2147 1682 2183; x_wconf 86' lang='lat' dir='ltr'><strong>lapsum</strong></span> <span class='ocrx_word' id='word_1_513' title='bbox 1695 2155 1798 2183; x_wconf 89' lang='lat' dir='ltr'><strong>quem-</strong></span> 
     </span>
    </p>
   </div>
   <div class='ocr_carea' id='block_1_89' title="bbox 741 2192 1512 2234">
    <p class='ocr_par' dir='ltr' id='par_1_89' title="bbox 741 2198 960 2234">
     <span class='ocr_line' id='line_1_90' title="bbox 741 2198 960 2234; baseline 0.005 -11"><span class='ocrx_word' id='word_1_514' title='bbox 741 2198 882 2234; x_wconf 83' lang='grc' dir='ltr'>[πταῖσμα,</span> <span class='ocrx_word' id='word_1_515' title='bbox 939 2222 960 2234; x_wconf 65' lang='lat' dir='ltr'><strong>n</strong></span> 
     </span>
    </p>
   </div>
   <div class='ocr_carea' id='block_1_90' title="bbox 992 2192 1763 2234">
    <p class='ocr_par' dir='ltr' id='par_1_90' title="bbox 1674 2192 1763 2227">
     <span class='ocr_line' id='line_1_91' title="bbox 1674 2192 1763 2227; baseline 0 -8"><span class='ocrx_word' id='word_1_516' title='bbox 1674 2192 1763 2227; x_wconf 88' lang='lat' dir='ltr'><strong>[dam,</strong></span> 
     </span>
    </p>
   </div>
   <div class='ocr_carea' id='block_1_91' title="bbox 93 2222 864 2279">
    <p class='ocr_par' dir='ltr' id='par_1_91' title="bbox 93 2222 840 2279">
     <span class='ocr_line' id='line_1_92' title="bbox 93 2222 840 2279; baseline 0.004 -13"><span class='ocrx_word' id='word_1_517' title='bbox 93 2237 220 2267; x_wconf 78' lang='grc' dir='ltr'>Ἀδεκτοι</span> <span class='ocrx_word' id='word_1_518' title='bbox 235 2240 431 2274; x_wconf 74' lang='grc' dir='ltr'>καθεστήκασιν</span> <span class='ocrx_word' id='word_1_519' title='bbox 447 2239 485 2272; x_wconf 85' lang='grc' dir='ltr'>εἷς</span> <span class='ocrx_word' id='word_1_520' title='bbox 501 2240 530 2268; x_wconf 75' lang='grc' dir='ltr'>ὃν</span> <span class='ocrx_word' id='word_1_521' title='bbox 548 2239 657 2278; x_wconf 68' lang='grc' dir='ltr'>ἄγονται</span> <span class='ocrx_word' id='word_1_522' title='bbox 673 2240 789 2279; x_wconf 77' lang='grc' dir='ltr'>κλῆρον,</span> <span class='ocrx_word' id='word_1_523' title='bbox 835 2222 840 2234; x_wconf 50' lang='lat'><strong>‘</strong></span> 
     </span>
    </p>
   </div>
   <div class='ocr_carea' id='block_1_92' title="bbox 1028 2222 1799 2279">
    <p class='ocr_par' dir='ltr' id='par_1_92' title="bbox 1031 2222 1799 2274">
     <span class='ocr_line' id='line_1_93' title="bbox 1031 2222 1799 2274; baseline -0.007 -6"><span class='ocrx_word' id='word_1_524' title='bbox 1031 2239 1209 2268; x_wconf 85' lang='lat' dir='ltr'><strong>dmissibiles</strong></span> <span class='ocrx_word' id='word_1_525' title='bbox 1220 2239 1293 2267; x_wconf 82' lang='lat' dir='ltr'><strong>fiunt</strong></span> <span class='ocrx_word' id='word_1_526' title='bbox 1302 2239 1329 2266; x_wconf 90' lang='lat' dir='ltr'><strong>iu</strong></span> <span class='ocrx_word' id='word_1_527' title='bbox 1340 2246 1426 2274; x_wconf 84' lang='lat' dir='ltr'><strong>quem</strong></span> <span class='ocrx_word' id='word_1_528' title='bbox 1437 2237 1651 2274; x_wconf 84' lang='lat' dir='ltr'><strong>cooptatifuere</strong></span> <span class='ocrx_word' id='word_1_529' title='bbox 1657 2222 1799 2264; x_wconf 65' lang='lat' dir='ltr'><strong>ordinem.</strong></span> 
     </span>
    </p>
   </div>
   <div class='ocr_carea' id='block_1_93' title="bbox 96 2280 867 2323">
    <p class='ocr_par' dir='ltr' id='par_1_93' title="bbox 96 2281 790 2323">
     <span class='ocr_line' id='line_1_94' title="bbox 96 2281 790 2323; baseline 0.004 -13"><span class='ocrx_word' id='word_1_530' title='bbox 96 2281 204 2311; x_wconf 82' lang='grc' dir='ltr'>Πολλοὶ</span> <span class='ocrx_word' id='word_1_531' title='bbox 220 2286 285 2322; x_wconf 76' lang='grc' dir='ltr'>γοῦν</span> <span class='ocrx_word' id='word_1_532' title='bbox 301 2283 453 2312; x_wconf 75' lang='grc' dir='ltr'>ἐκανόνισαν</span> <span class='ocrx_word' id='word_1_533' title='bbox 469 2286 502 2312; x_wconf 74' lang='grc' dir='ltr'><strong>τά</strong></span> <span class='ocrx_word' id='word_1_534' title='bbox 517 2285 578 2323; x_wconf 81' lang='grc' dir='ltr'>περὶ</span> <span class='ocrx_word' id='word_1_535' title='bbox 593 2288 646 2313; x_wconf 83' lang='grc' dir='ltr'>τῶν</span> <span class='ocrx_word' id='word_1_536' title='bbox 661 2284 790 2320; x_wconf 80' lang='grc' dir='ltr'>ἀδέκτων,</span> 
     </span>
    </p>
   </div>
   <div class='ocr_carea' id='block_1_94' title="bbox 1031 2280 1802 2323">
    <p class='ocr_par' dir='ltr' id='par_1_94' title="bbox 1031 2280 1802 2316">
     <span class='ocr_line' id='line_1_95' title="bbox 1031 2280 1802 2316; baseline -0.008 -3"><span class='ocrx_word' id='word_1_537' title='bbox 1031 2294 1070 2313; x_wconf 77' lang='lat' dir='ltr'><strong>ire</strong></span> <span class='ocrx_word' id='word_1_538' title='bbox 1080 2284 1164 2312; x_wconf 89' lang='lat' dir='ltr'><strong>multi</strong></span> <span class='ocrx_word' id='word_1_539' title='bbox 1177 2292 1303 2312; x_wconf 86' lang='lat' dir='ltr'><strong>canones</strong></span> <span class='ocrx_word' id='word_1_540' title='bbox 1316 2283 1469 2311; x_wconf 85' lang='lat' dir='ltr'><strong>ediderunt</strong></span> <span class='ocrx_word' id='word_1_541' title='bbox 1485 2282 1520 2310; x_wconf 89' lang='lat' dir='ltr'><strong>de</strong></span> <span class='ocrx_word' id='word_1_542' title='bbox 1532 2289 1590 2309; x_wconf 91' lang='lat' dir='ltr'><strong>non</strong></span> <span class='ocrx_word' id='word_1_543' title='bbox 1602 2280 1802 2316; x_wconf 82' lang='lat' dir='ltr'><strong>admittendis,</strong></span> 
     </span>
    </p>
   </div>
   <div class='ocr_carea' id='block_1_95' title="bbox 94 2326 865 2367">
    <p class='ocr_par' dir='ltr' id='par_1_95' title="bbox 94 2326 832 2367">
     <span class='ocr_line' id='line_1_96' title="bbox 94 2326 832 2367; baseline 0.003 -11"><span class='ocrx_word' id='word_1_544' title='bbox 94 2329 163 2356; x_wconf 88' lang='grc' dir='ltr'>Ἥτε</span> <span class='ocrx_word' id='word_1_545' title='bbox 173 2328 259 2366; x_wconf 81' lang='grc' dir='ltr'>Λογὰς</span> <span class='ocrx_word' id='word_1_546' title='bbox 272 2331 325 2356; x_wconf 80' lang='grc' dir='ltr'>τῶν</span> <span class='ocrx_word' id='word_1_547' title='bbox 340 2326 475 2357; x_wconf 80' lang='grc' dir='ltr'>σεϐαστῶν</span> <span class='ocrx_word' id='word_1_548' title='bbox 492 2329 536 2358; x_wconf 66' lang='grc' dir='ltr'><strong>καὶ</strong></span> <span class='ocrx_word' id='word_1_549' title='bbox 553 2330 630 2363; x_wconf 76' lang='grc' dir='ltr'>θείων</span> <span class='ocrx_word' id='word_1_550' title='bbox 645 2330 832 2367; x_wconf 77' lang='grc' dir='ltr'>Ἀποστόλων,</span> 
     </span>
    </p>
   </div>
   <div class='ocr_carea' id='block_1_96' title="bbox 1032 2326 1803 2367">
    <p class='ocr_par' dir='ltr' id='par_1_96' title="bbox 1032 2327 1803 2361">
     <span class='ocr_line' id='line_1_97' title="bbox 1032 2327 1803 2361; baseline -0.01 -2"><span class='ocrx_word' id='word_1_551' title='bbox 1032 2338 1132 2358; x_wconf 86' lang='lat' dir='ltr'><strong>manus</strong></span> <span class='ocrx_word' id='word_1_552' title='bbox 1146 2329 1237 2358; x_wconf 87' lang='lat' dir='ltr'><strong>electa</strong></span> <span class='ocrx_word' id='word_1_553' title='bbox 1252 2328 1483 2356; x_wconf 79' lang='lat' dir='ltr'><strong>venerandorum</strong></span> <span class='ocrx_word' id='word_1_554' title='bbox 1497 2335 1530 2354; x_wconf 86' lang='lat' dir='ltr'><strong>ac</strong></span> <span class='ocrx_word' id='word_1_555' title='bbox 1546 2327 1717 2354; x_wconf 88' lang='lat' dir='ltr'><strong>sanctorum</strong></span> <span class='ocrx_word' id='word_1_556' title='bbox 1735 2333 1803 2361; x_wconf 92' lang='lat' dir='ltr'><strong>apo-</strong></span> 
     </span>
    </p>
   </div>
   <div class='ocr_carea' id='block_1_97' title="bbox 842 2369 1763 2407">
    <p class='ocr_par' dir='ltr' id='par_1_97' title="bbox 842 2369 1763 2407">
     <span class='ocr_line' id='line_1_98' title="bbox 842 2369 1763 2407; baseline -0.002 -8"><span class='ocrx_word' id='word_1_557' title='bbox 842 2377 844 2379; x_wconf 88' lang='lat'>‘</span> <span class='ocrx_word' id='word_1_558' title='bbox 1597 2369 1718 2407; x_wconf 90' lang='lat' dir='ltr'><strong>[stoloru</strong></span> <span class='ocrx_word' id='word_1_559' title='bbox 1725 2378 1763 2404; x_wconf 80' lang='grc' dir='ltr'><strong>ω,</strong></span> 
     </span>
    </p>
   </div>
   <div class='ocr_carea' id='block_1_98' title="bbox 95 2416 866 2457">
    <p class='ocr_par' dir='ltr' id='par_1_98' title="bbox 95 2416 760 2457">
     <span class='ocr_line' id='line_1_99' title="bbox 95 2416 760 2457; baseline 0.003 -13"><span class='ocrx_word' id='word_1_560' title='bbox 95 2417 126 2445; x_wconf 90' lang='grc' dir='ltr'><strong>Ὀ</strong></span> <span class='ocrx_word' id='word_1_561' title='bbox 145 2417 229 2454; x_wconf 81' lang='grc' dir='ltr'>μέγας</span> <span class='ocrx_word' id='word_1_562' title='bbox 245 2428 273 2445; x_wconf 82' lang='grc' dir='ltr'><strong>τε</strong></span> <span class='ocrx_word' id='word_1_563' title='bbox 293 2416 437 2449; x_wconf 81' lang='grc' dir='ltr'>Βασίλειος</span> <span class='ocrx_word' id='word_1_564' title='bbox 453 2417 554 2456; x_wconf 72' lang='grc' dir='ltr'>ἔγραψε</span> <span class='ocrx_word' id='word_1_565' title='bbox 571 2419 632 2457; x_wconf 76' lang='grc' dir='ltr'>περὶ</span> <span class='ocrx_word' id='word_1_566' title='bbox 647 2419 760 2447; x_wconf 78' lang='grc' dir='ltr'>τούτων.</span> 
     </span>
    </p>
   </div>
   <div class='ocr_carea' id='block_1_99' title="bbox 792 2416 1563 2457">
    <p class='ocr_par' dir='ltr' id='par_1_99' title="bbox 976 2416 1563 2455">
     <span class='ocr_line' id='line_1_100' title="bbox 976 2416 1563 2455; baseline -0.009 -7"><span class='ocrx_word' id='word_1_567' title='bbox 976 2420 1010 2448; x_wconf 88' lang='lat' dir='ltr'><strong>Et</strong></span> <span class='ocrx_word' id='word_1_568' title='bbox 1025 2418 1152 2447; x_wconf 88' lang='lat' dir='ltr'><strong>Basilius</strong></span> <span class='ocrx_word' id='word_1_569' title='bbox 1168 2418 1293 2455; x_wconf 86' lang='lat' dir='ltr'><strong>Magnus</strong></span> <span class='ocrx_word' id='word_1_570' title='bbox 1309 2418 1344 2445; x_wconf 90' lang='lat' dir='ltr'><strong>de</strong></span> <span class='ocrx_word' id='word_1_571' title='bbox 1358 2417 1406 2445; x_wconf 84' lang='lat' dir='ltr'><strong>his</strong></span> <span class='ocrx_word' id='word_1_572' title='bbox 1422 2416 1563 2444; x_wconf 81' lang='lat' dir='ltr'><strong>tractavit.</strong></span> 
     </span>
    </p>
   </div>
   <div class='ocr_carea' id='block_1_100' title="bbox 94 2459 865 2501">
    <p class='ocr_par' dir='ltr' id='par_1_100' title="bbox 94 2461 831 2500">
     <span class='ocr_line' id='line_1_101' title="bbox 94 2461 831 2500; baseline 0.004 -11"><span class='ocrx_word' id='word_1_573' title='bbox 94 2462 135 2489; x_wconf 80' lang='grc' dir='ltr'>Ἶν</span> <span class='ocrx_word' id='word_1_574' title='bbox 151 2461 196 2489; x_wconf 85' lang='grc' dir='ltr'><strong>οὗν</strong></span> <span class='ocrx_word' id='word_1_575' title='bbox 214 2462 252 2499; x_wconf 78' lang='grc' dir='ltr'>μή</span> <span class='ocrx_word' id='word_1_576' title='bbox 270 2461 483 2500; x_wconf 79' lang='grc' dir='ltr'>δυσχεραίνηται</span> <span class='ocrx_word' id='word_1_577' title='bbox 499 2463 613 2500; x_wconf 82' lang='grc' dir='ltr'>ἐρευνῶν</span> <span class='ocrx_word' id='word_1_578' title='bbox 629 2463 692 2495; x_wconf 83' lang='grc' dir='ltr'>τοὺς</span> <span class='ocrx_word' id='word_1_579' title='bbox 706 2463 831 2500; x_wconf 85' lang='grc' dir='ltr'>κανόνας,</span> 
     </span>
    </p>
   </div>
   <div class='ocr_carea' id='block_1_101' title="bbox 1028 2459 1799 2501">
    <p class='ocr_par' dir='ltr' id='par_1_101' title="bbox 1034 2459 1799 2501">
     <span class='ocr_line' id='line_1_102' title="bbox 1034 2459 1799 2501; baseline -0.007 -9"><span class='ocrx_word' id='word_1_580' title='bbox 1034 2464 1100 2501; x_wconf 90' lang='lat' dir='ltr'><strong>quis</strong></span> <span class='ocrx_word' id='word_1_581' title='bbox 1115 2464 1206 2500; x_wconf 79' lang='lat' dir='ltr'><strong>igitur</strong></span> <span class='ocrx_word' id='word_1_582' title='bbox 1221 2463 1249 2491; x_wconf 91' lang='lat' dir='ltr'><strong>in</strong></span> <span class='ocrx_word' id='word_1_583' title='bbox 1265 2461 1431 2491; x_wconf 86' lang='lat' dir='ltr'><strong>evolvendis</strong></span> <span class='ocrx_word' id='word_1_584' title='bbox 1458 2460 1620 2490; x_wconf 86' lang='lat' dir='ltr'><strong>canonibus</strong></span> <span class='ocrx_word' id='word_1_585' title='bbox 1636 2459 1799 2488; x_wconf 77' lang='lat' dir='ltr'><strong>molestiam</strong></span> 
     </span>
    </p>
   </div>
   <div class='ocr_carea' id='block_1_102' title="bbox 1636 2504 1764 2542">
    <p class='ocr_par' dir='ltr' id='par_1_102' title="bbox 1636 2504 1764 2542">
     <span class='ocr_line' id='line_1_103' title="bbox 1636 2504 1764 2542; baseline -0.008 -9"><span class='ocrx_word' id='word_1_586' title='bbox 1636 2504 1764 2542; x_wconf 87' lang='lat' dir='ltr'><strong>[sentiat,</strong></span> 
     </span>
    </p>
   </div>
   <div class='ocr_carea' id='block_1_103' title="bbox 94 2550 865 2590">
    <p class='ocr_par' dir='ltr' id='par_1_103' title="bbox 94 2550 778 2589">
     <span class='ocr_line' id='line_1_104' title="bbox 94 2550 778 2589; baseline 0.003 -11"><span class='ocrx_word' id='word_1_587' title='bbox 94 2551 125 2580; x_wconf 87' lang='lat'><strong>&#39;0</strong></span> <span class='ocrx_word' id='word_1_588' title='bbox 140 2550 318 2589; x_wconf 82' lang='grc' dir='ltr'>συναθροίσας</span> <span class='ocrx_word' id='word_1_589' title='bbox 334 2552 452 2583; x_wconf 75' lang='grc' dir='ltr'>ἅπαντας</span> <span class='ocrx_word' id='word_1_590' title='bbox 468 2551 506 2583; x_wconf 86' lang='grc' dir='ltr'><strong>εἰς</strong></span> <span class='ocrx_word' id='word_1_591' title='bbox 520 2551 547 2580; x_wconf 74' lang='grc' dir='ltr'>ἓν</span> <span class='ocrx_word' id='word_1_592' title='bbox 564 2552 688 2587; x_wconf 84' lang='grc' dir='ltr'>πυκτίον,</span> <span class='ocrx_word' id='word_1_593' title='bbox 704 2553 778 2589; x_wconf 78' lang='grc' dir='ltr'>ἄναξ,</span> 
     </span>
    </p>
   </div>
   <div class='ocr_carea' id='block_1_104' title="bbox 937 2550 1708 2590">
    <p class='ocr_par' dir='ltr' id='par_1_104' title="bbox 977 2550 1708 2590">
     <span class='ocr_line' id='line_1_105' title="bbox 977 2550 1708 2590; baseline -0.005 -8"><span class='ocrx_word' id='word_1_594' title='bbox 977 2553 1027 2582; x_wconf 87' lang='lat' dir='ltr'><strong>Ille</strong></span> <span class='ocrx_word' id='word_1_595' title='bbox 1044 2553 1094 2590; x_wconf 92' lang='lat' dir='ltr'><strong>qui</strong></span> <span class='ocrx_word' id='word_1_596' title='bbox 1110 2555 1230 2581; x_wconf 87' lang='lat' dir='ltr'><strong>cunctos</strong></span> <span class='ocrx_word' id='word_1_597' title='bbox 1247 2552 1275 2580; x_wconf 93' lang='lat' dir='ltr'><strong>in</strong></span> <span class='ocrx_word' id='word_1_598' title='bbox 1291 2559 1382 2581; x_wconf 91' lang='lat' dir='ltr'><strong>unum</strong></span> <span class='ocrx_word' id='word_1_599' title='bbox 1398 2550 1547 2587; x_wconf 83' lang='lat' dir='ltr'><strong>congessit</strong></span> <span class='ocrx_word' id='word_1_600' title='bbox 1562 2550 1708 2584; x_wconf 87' lang='lat' dir='ltr'><strong>volumen,</strong></span> 
     </span>
    </p>
   </div>
   <div class='ocr_carea' id='block_1_105' title="bbox 95 2595 866 2634">
    <p class='ocr_par' dir='ltr' id='par_1_105' title="bbox 95 2595 760 2634">
     <span class='ocr_line' id='line_1_106' title="bbox 95 2595 760 2634; baseline 0.002 -10"><span class='ocrx_word' id='word_1_601' title='bbox 95 2595 204 2632; x_wconf 83' lang='grc' dir='ltr'>Τέχνην</span> <span class='ocrx_word' id='word_1_602' title='bbox 221 2595 436 2632; x_wconf 72' lang='grc' dir='ltr'>ἐδημιούργησεν</span> <span class='ocrx_word' id='word_1_603' title='bbox 453 2595 477 2623; x_wconf 76' lang='grc' dir='ltr'>ἐν</span> <span class='ocrx_word' id='word_1_604' title='bbox 493 2597 582 2633; x_wconf 86' lang='grc' dir='ltr'>τούτῳ</span> <span class='ocrx_word' id='word_1_605' title='bbox 599 2598 760 2634; x_wconf 82' lang='grc' dir='ltr'>θαυμασίαν,</span> 
     </span>
    </p>
   </div>
   <div class='ocr_carea' id='block_1_106' title="bbox 919 2595 1690 2634">
    <p class='ocr_par' dir='ltr' id='par_1_106' title="bbox 975 2595 1690 2632">
     <span class='ocr_line' id='line_1_107' title="bbox 975 2595 1690 2632; baseline -0.006 -6"><span class='ocrx_word' id='word_1_606' title='bbox 975 2598 1161 2627; x_wconf 61' lang='lat' dir='ltr'><strong>Admiranda</strong></span> <span class='ocrx_word' id='word_1_607' title='bbox 1177 2598 1232 2626; x_wconf 87' lang='lat' dir='ltr'><strong>hac</strong></span> <span class='ocrx_word' id='word_1_608' title='bbox 1246 2597 1276 2625; x_wconf 89' lang='lat' dir='ltr'><strong>in</strong></span> <span class='ocrx_word' id='word_1_609' title='bbox 1292 2606 1322 2625; x_wconf 88' lang='lat' dir='ltr'><strong>re</strong></span> <span class='ocrx_word' id='word_1_610' title='bbox 1337 2597 1409 2625; x_wconf 83' lang='lat' dir='ltr'><strong>artis</strong></span> <span class='ocrx_word' id='word_1_611' title='bbox 1426 2596 1518 2624; x_wconf 91' lang='lat' dir='ltr'><strong>edidit</strong></span> <span class='ocrx_word' id='word_1_612' title='bbox 1532 2595 1690 2632; x_wconf 86' lang='lat' dir='ltr'><strong>specimen.</strong></span> 
     </span>
    </p>
   </div>
   <div class='ocr_carea' id='block_1_107' title="bbox 96 2639 867 2681">
    <p class='ocr_par' dir='ltr' id='par_1_107' title="bbox 96 2639 833 2681">
     <span class='ocr_line' id='line_1_108' title="bbox 96 2639 833 2681; baseline 0.005 -15"><span class='ocrx_word' id='word_1_613' title='bbox 96 2639 170 2677; x_wconf 85' lang='grc' dir='ltr'>Πρὸς</span> <span class='ocrx_word' id='word_1_614' title='bbox 183 2640 231 2674; x_wconf 86' lang='grc' dir='ltr'><strong>τήν</strong></span> <span class='ocrx_word' id='word_1_615' title='bbox 250 2639 430 2677; x_wconf 74' lang='grc' dir='ltr'>ὑποκειμένην</span> <span class='ocrx_word' id='word_1_616' title='bbox 444 2640 493 2680; x_wconf 83' lang='grc' dir='ltr'><strong>γὰρ</strong></span> <span class='ocrx_word' id='word_1_617' title='bbox 509 2641 553 2669; x_wconf 81' lang='grc' dir='ltr'><strong>καὶ</strong></span> <span class='ocrx_word' id='word_1_618' title='bbox 571 2642 739 2679; x_wconf 82' lang='grc' dir='ltr'>ζητουμένην</span> <span class='ocrx_word' id='word_1_619' title='bbox 756 2642 833 2681; x_wconf 86' lang='grc' dir='ltr'>φύσιν</span> 
     </span>
    </p>
   </div>
   <div class='ocr_carea' id='block_1_108' title="bbox 1026 2639 1797 2681">
    <p class='ocr_par' dir='ltr' id='par_1_108' title="bbox 1026 2641 1797 2678">
     <span class='ocr_line' id='line_1_109' title="bbox 1026 2641 1797 2678; baseline -0.006 -7"><span class='ocrx_word' id='word_1_620' title='bbox 1026 2643 1145 2671; x_wconf 50' lang='lat' dir='ltr'><strong>landum</strong></span> <span class='ocrx_word' id='word_1_621' title='bbox 1161 2644 1239 2671; x_wconf 89' lang='lat' dir='ltr'><strong>enim</strong></span> <span class='ocrx_word' id='word_1_622' title='bbox 1267 2642 1308 2670; x_wconf 90' lang='lat' dir='ltr'><strong>rei</strong></span> <span class='ocrx_word' id='word_1_623' title='bbox 1332 2641 1461 2678; x_wconf 56' lang='lat' dir='ltr'><strong>quaesitae</strong></span> <span class='ocrx_word' id='word_1_624' title='bbox 1485 2642 1692 2677; x_wconf 85' lang='lat' dir='ltr'><strong>argumentum</strong></span> <span class='ocrx_word' id='word_1_625' title='bbox 1714 2641 1797 2667; x_wconf 88' lang='lat' dir='ltr'><strong>natu-</strong></span> 
     </span>
    </p>
   </div>
   <div class='ocr_carea' id='block_1_109' title="bbox 1630 2685 1764 2721">
    <p class='ocr_par' dir='ltr' id='par_1_109' title="bbox 1630 2685 1764 2721">
     <span class='ocr_line' id='line_1_110' title="bbox 1630 2685 1764 2721; baseline -0.007 -9"><span class='ocrx_word' id='word_1_626' title='bbox 1630 2685 1764 2721; x_wconf 87' lang='lat' dir='ltr'><strong>[ramque</strong></span> 
     </span>
    </p>
   </div>
   <div class='ocr_carea' id='block_1_110' title="bbox 98 2728 869 2770">
    <p class='ocr_par' dir='ltr' id='par_1_110' title="bbox 98 2728 835 2770">
     <span class='ocr_line' id='line_1_111' title="bbox 98 2728 835 2770; baseline 0.005 -14"><span class='ocrx_word' id='word_1_627' title='bbox 98 2728 216 2760; x_wconf 79' lang='grc' dir='ltr'>Κανόνας</span> <span class='ocrx_word' id='word_1_628' title='bbox 229 2728 292 2761; x_wconf 79' lang='grc' dir='ltr'>τοὺς</span> <span class='ocrx_word' id='word_1_629' title='bbox 304 2730 490 2768; x_wconf 78' lang='grc' dir='ltr'>προσήκοντας</span> <span class='ocrx_word' id='word_1_630' title='bbox 505 2731 680 2770; x_wconf 77' lang='grc' dir='ltr'>συνήθροισεν</span> <span class='ocrx_word' id='word_1_631' title='bbox 695 2730 835 2770; x_wconf 69' lang='grc' dir='ltr'>ἐντέχνως.</span> 
     </span>
    </p>
   </div>
   <div class='ocr_carea' id='block_1_111' title="bbox 997 2728 1768 2770">
    <p class='ocr_par' dir='ltr' id='par_1_111' title="bbox 1000 2728 1768 2770">
     <span class='ocr_line' id='line_1_112' title="bbox 1000 2728 1768 2770; baseline -0.009 -8"><span class='ocrx_word' id='word_1_632' title='bbox 1000 2742 1108 2763; x_wconf 89' lang='lat' dir='ltr'><strong>anones</strong></span> <span class='ocrx_word' id='word_1_633' title='bbox 1124 2733 1173 2770; x_wconf 89' lang='lat' dir='ltr'><strong>qui</strong></span> <span class='ocrx_word' id='word_1_634' title='bbox 1186 2732 1244 2761; x_wconf 91' lang='lat' dir='ltr'><strong>huc</strong></span> <span class='ocrx_word' id='word_1_635' title='bbox 1259 2732 1406 2769; x_wconf 87' lang='lat' dir='ltr'><strong>pertinent</strong></span> <span class='ocrx_word' id='word_1_636' title='bbox 1421 2731 1515 2767; x_wconf 82' lang='lat' dir='ltr'><strong>coegit</strong></span> <span class='ocrx_word' id='word_1_637' title='bbox 1530 2728 1768 2768; x_wconf 85' lang='lat' dir='ltr'><strong>prudentissime.</strong></span> 
     </span>
    </p>
   </div>
   <div class='ocr_carea' id='block_1_112' title="bbox 97 2773 868 2814">
    <p class='ocr_par' dir='ltr' id='par_1_112' title="bbox 97 2773 866 2813">
     <span class='ocr_line' id='line_1_113' title="bbox 97 2773 866 2813; baseline 0.005 -12"><span class='ocrx_word' id='word_1_638' title='bbox 97 2775 172 2802; x_wconf 87' lang='grc' dir='ltr'>Ἒστι</span> <span class='ocrx_word' id='word_1_639' title='bbox 187 2774 232 2802; x_wconf 84' lang='grc' dir='ltr'><strong>καὶ</strong></span> <span class='ocrx_word' id='word_1_640' title='bbox 247 2775 331 2812; x_wconf 76' lang='grc' dir='ltr'>τάξις,</span> <span class='ocrx_word' id='word_1_641' title='bbox 348 2773 472 2813; x_wconf 76' lang='grc' dir='ltr'>δέσποτα,</span> <span class='ocrx_word' id='word_1_642' title='bbox 490 2776 533 2804; x_wconf 83' lang='grc' dir='ltr'><strong>καὶ</strong></span> <span class='ocrx_word' id='word_1_643' title='bbox 550 2776 653 2813; x_wconf 87' lang='grc' dir='ltr'>βαθμὸς</span> <span class='ocrx_word' id='word_1_644' title='bbox 668 2778 721 2805; x_wconf 81' lang='grc' dir='ltr'>τῶν</span> <span class='ocrx_word' id='word_1_645' title='bbox 737 2776 866 2806; x_wconf 87' lang='grc' dir='ltr'>κανόνων.</span> 
     </span>
    </p>
   </div>
   <div class='ocr_carea' id='block_1_113' title="bbox 989 2773 1760 2814">
    <p class='ocr_par' dir='ltr' id='par_1_113' title="bbox 989 2775 1760 2814">
     <span class='ocr_line' id='line_1_114' title="bbox 989 2775 1760 2814; baseline -0.01 -6"><span class='ocrx_word' id='word_1_646' title='bbox 989 2780 1028 2808; x_wconf 70' lang='lat' dir='ltr'><strong>ist</strong></span> <span class='ocrx_word' id='word_1_647' title='bbox 1042 2778 1130 2807; x_wconf 86' lang='lat' dir='ltr'><strong>etiam</strong></span> <span class='ocrx_word' id='word_1_648' title='bbox 1146 2778 1227 2814; x_wconf 87' lang='lat' dir='ltr'><strong>ordo,</strong></span> <span class='ocrx_word' id='word_1_649' title='bbox 1241 2776 1369 2811; x_wconf 91' lang='lat' dir='ltr'><strong>domine,</strong></span> <span class='ocrx_word' id='word_1_650' title='bbox 1385 2778 1415 2805; x_wconf 90' lang='lat' dir='ltr'><strong>et</strong></span> <span class='ocrx_word' id='word_1_651' title='bbox 1429 2775 1595 2813; x_wconf 84' lang='lat' dir='ltr'><strong>progressio</strong></span> <span class='ocrx_word' id='word_1_652' title='bbox 1615 2779 1760 2802; x_wconf 80' lang='lat' dir='ltr'><strong>canonum</strong></span> 
     </span>
    </p>
   </div>
  </div>
