  <div class='ocr_page' id='page_1' title='image "/cluster/home/n/w/nwhite01/storage/ocr_20150623/122/njp.32101077773016/489.png"; bbox 0 0 1948 3056; ppageno 0'>
   <div class='ocr_carea' id='block_1_1' title="bbox 132 121 901 155">
    <p class='ocr_par' dir='ltr' id='par_1_1' title="bbox 132 122 896 155">
     <span class='ocr_line' id='line_1_1' title="bbox 132 122 896 155; baseline -0.004 -1"><span class='ocrx_word' id='word_1_1' title='bbox 132 125 192 155; x_wconf 76' lang='grc'><strong>923</strong></span> <span class='ocrx_word' id='word_1_2' title='bbox 803 123 826 152; x_wconf 83' lang='grc' dir='ltr'><strong>Μ</strong></span> <span class='ocrx_word' id='word_1_3' title='bbox 834 122 896 152; x_wconf 85' lang='lat' dir='ltr'><strong>iCH</strong></span> 
     </span>
    </p>
   </div>
   <div class='ocr_carea' id='block_1_2' title="bbox 1075 121 1844 155">
    <p class='ocr_par' dir='ltr' id='par_1_2' title="bbox 1075 121 1844 152">
     <span class='ocr_line' id='line_1_2' title="bbox 1075 121 1844 152; baseline -0.003 0"><span class='ocrx_word' id='word_1_4' title='bbox 1075 121 1170 152; x_wconf 67' lang='lat' dir='ltr'><strong>BELLI</strong></span> <span class='ocrx_word' id='word_1_5' title='bbox 1782 121 1844 151; x_wconf 72' lang='grc'><strong>924</strong></span> 
     </span>
    </p>
   </div>
   <div class='ocr_carea' id='block_1_3' title="bbox 133 185 902 225">
    <p class='ocr_par' dir='ltr' id='par_1_3' title="bbox 133 189 902 225">
     <span class='ocr_line' id='line_1_3' title="bbox 133 189 902 225; baseline -0.004 -6"><span class='ocrx_word' id='word_1_6' title='bbox 133 190 334 219; x_wconf 88' lang='lat' dir='ltr'><strong>Diversimode</strong></span> <span class='ocrx_word' id='word_1_7' title='bbox 361 191 462 217; x_wconf 87' lang='lat' dir='ltr'><strong>contra</strong></span> <span class='ocrx_word' id='word_1_8' title='bbox 488 190 617 217; x_wconf 87' lang='lat' dir='ltr'><strong>diversas</strong></span> <span class='ocrx_word' id='word_1_9' title='bbox 641 189 793 225; x_wconf 76' lang='lat' dir='ltr'><strong>passiones</strong></span> <span class='ocrx_word' id='word_1_10' title='bbox 816 197 902 224; x_wconf 90' lang='lat' dir='ltr'><strong>comp</strong></span> 
     </span>
    </p>
   </div>
   <div class='ocr_carea' id='block_1_4' title="bbox 909 185 1678 225">
    <p class='ocr_par' dir='ltr' id='par_1_4' title="bbox 909 185 1678 225">
     <span class='ocr_line' id='line_1_4' title="bbox 909 185 1678 225; baseline -0.001 -9"><span class='ocrx_word' id='word_1_11' title='bbox 909 188 962 216; x_wconf 72' lang='lat' dir='ltr'><strong>asi-</strong></span> <span class='ocrx_word' id='word_1_12' title='bbox 978 190 1004 222; x_wconf 81' lang='grc' dir='ltr'>Α</span> <span class='ocrx_word' id='word_1_13' title='bbox 1019 188 1084 218; x_wconf 80' lang='grc' dir='ltr'><strong>Τοῖς</strong></span> <span class='ocrx_word' id='word_1_14' title='bbox 1099 186 1240 225; x_wconf 77' lang='grc' dir='ltr'>διαφόροις</span> <span class='ocrx_word' id='word_1_15' title='bbox 1253 188 1349 218; x_wconf 78' lang='grc' dir='ltr'><strong>πάθεσι</strong></span> <span class='ocrx_word' id='word_1_16' title='bbox 1364 187 1514 224; x_wconf 78' lang='grc' dir='ltr'><strong>τεχθέντων</strong></span> <span class='ocrx_word' id='word_1_17' title='bbox 1532 185 1678 223; x_wconf 79' lang='grc' dir='ltr'>διαφόρων.</span> 
     </span>
    </p>
   </div>
   <div class='ocr_carea' id='block_1_5' title="bbox 133 231 902 270">
    <p class='ocr_par' dir='ltr' id='par_1_5' title="bbox 133 232 902 270">
     <span class='ocr_line' id='line_1_5' title="bbox 133 232 902 270; baseline -0.004 -7"><span class='ocrx_word' id='word_1_18' title='bbox 133 237 208 263; x_wconf 87' lang='lat' dir='ltr'><strong>Sunt</strong></span> <span class='ocrx_word' id='word_1_19' title='bbox 224 235 301 262; x_wconf 89' lang='lat' dir='ltr'><strong>enim</strong></span> <span class='ocrx_word' id='word_1_20' title='bbox 319 232 369 270; x_wconf 90' lang='lat' dir='ltr'><strong>qui</strong></span> <span class='ocrx_word' id='word_1_21' title='bbox 385 234 482 262; x_wconf 83' lang='lat' dir='ltr'><strong>divina</strong></span> <span class='ocrx_word' id='word_1_22' title='bbox 499 234 627 262; x_wconf 81' lang='lat' dir='ltr'><strong>Ecclesia</strong></span> <span class='ocrx_word' id='word_1_23' title='bbox 642 234 773 269; x_wconf 85' lang='lat' dir='ltr'><strong>ejiciant,</strong></span> <span class='ocrx_word' id='word_1_24' title='bbox 835 234 902 268; x_wconf 74' lang='lat' dir='ltr'><strong>[tori</strong></span> 
     </span>
    </p>
   </div>
   <div class='ocr_carea' id='block_1_6' title="bbox 949 231 1718 270">
    <p class='ocr_par' dir='ltr' id='par_1_6' title="bbox 950 231 1718 270">
     <span class='ocr_line' id='line_1_6' title="bbox 950 231 1718 270; baseline 0 -11"><span class='ocrx_word' id='word_1_25' title='bbox 950 253 956 261; x_wconf 96' lang='lat'><strong>.</strong></span> <span class='ocrx_word' id='word_1_26' title='bbox 1017 232 1049 260; x_wconf 82' lang='grc' dir='ltr'><strong>Οἱ</strong></span> <span class='ocrx_word' id='word_1_27' title='bbox 1068 232 1115 268; x_wconf 69' lang='grc' dir='ltr'><strong>μὲν</strong></span> <span class='ocrx_word' id='word_1_28' title='bbox 1131 233 1181 270; x_wconf 83' lang='grc' dir='ltr'><strong>γὰρ</strong></span> <span class='ocrx_word' id='word_1_29' title='bbox 1197 231 1378 259; x_wconf 77' lang='grc' dir='ltr'><strong>ἀπελαύνουσι</strong></span> <span class='ocrx_word' id='word_1_30' title='bbox 1393 233 1444 264; x_wconf 82' lang='grc' dir='ltr'><strong>τῆς</strong></span> <span class='ocrx_word' id='word_1_31' title='bbox 1460 231 1532 264; x_wconf 80' lang='grc' dir='ltr'><strong>θείας</strong></span> <span class='ocrx_word' id='word_1_32' title='bbox 1542 231 1718 268; x_wconf 78' lang='grc' dir='ltr'><strong>Ἐκκλησίας,</strong></span> 
     </span>
    </p>
   </div>
   <div class='ocr_carea' id='block_1_7' title="bbox 133 275 902 314">
    <p class='ocr_par' dir='ltr' id='par_1_7' title="bbox 133 277 899 313">
     <span class='ocr_line' id='line_1_7' title="bbox 133 277 899 313; baseline -0.005 -5"><span class='ocrx_word' id='word_1_33' title='bbox 133 280 189 308; x_wconf 83' lang='lat' dir='ltr'><strong>Alii</strong></span> <span class='ocrx_word' id='word_1_34' title='bbox 214 282 313 308; x_wconf 83' lang='lat' dir='ltr'><strong>autem</strong></span> <span class='ocrx_word' id='word_1_35' title='bbox 338 278 460 307; x_wconf 81' lang='lat' dir='ltr'><strong>clericos</strong></span> <span class='ocrx_word' id='word_1_36' title='bbox 485 279 671 307; x_wconf 79' lang='lat' dir='ltr'><strong>solummodo</strong></span> <span class='ocrx_word' id='word_1_37' title='bbox 694 286 814 306; x_wconf 89' lang='lat' dir='ltr'><strong>munere</strong></span> <span class='ocrx_word' id='word_1_38' title='bbox 837 277 899 313; x_wconf 86' lang='lat' dir='ltr'><strong>priv</strong></span> 
     </span>
    </p>
   </div>
   <div class='ocr_carea' id='block_1_8' title="bbox 963 275 1732 314">
    <p class='ocr_par' dir='ltr' id='par_1_8' title="bbox 1019 275 1732 314">
     <span class='ocr_line' id='line_1_8' title="bbox 1019 275 1732 314; baseline -0.001 -10"><span class='ocrx_word' id='word_1_39' title='bbox 1019 277 1052 304; x_wconf 78' lang='lat' dir='ltr'>Ol</span> <span class='ocrx_word' id='word_1_40' title='bbox 1068 275 1097 303; x_wconf 68' lang='grc' dir='ltr'><strong>δὲ</strong></span> <span class='ocrx_word' id='word_1_41' title='bbox 1112 277 1211 312; x_wconf 80' lang='grc' dir='ltr'><strong>μόνους</strong></span> <span class='ocrx_word' id='word_1_42' title='bbox 1226 276 1384 313; x_wconf 74' lang='grc' dir='ltr'>καθαίρουσι</span> <span class='ocrx_word' id='word_1_43' title='bbox 1400 276 1463 307; x_wconf 75' lang='grc' dir='ltr'>τοὺς</span> <span class='ocrx_word' id='word_1_44' title='bbox 1475 277 1732 314; x_wconf 76' lang='grc' dir='ltr'><strong>χειροτονηθέντας.</strong></span> 
     </span>
    </p>
   </div>
   <div class='ocr_carea' id='block_1_9' title="bbox 134 319 903 359">
    <p class='ocr_par' dir='ltr' id='par_1_9' title="bbox 134 323 903 359">
     <span class='ocr_line' id='line_1_9' title="bbox 134 323 903 359; baseline -0.004 -7"><span class='ocrx_word' id='word_1_45' title='bbox 134 324 274 352; x_wconf 88' lang='lat' dir='ltr'>Nonnulli</span> <span class='ocrx_word' id='word_1_46' title='bbox 302 324 366 359; x_wconf 89' lang='lat' dir='ltr'><strong>pios</strong></span> <span class='ocrx_word' id='word_1_47' title='bbox 395 323 707 351; x_wconf 86' lang='lat' dir='ltr'><strong>excommunicationis</strong></span> <span class='ocrx_word' id='word_1_48' title='bbox 733 331 818 358; x_wconf 68' lang='lat' dir='ltr'><strong>paena</strong></span> <span class='ocrx_word' id='word_1_49' title='bbox 843 325 903 349; x_wconf 74' lang='lat' dir='ltr'><strong>terr</strong></span> 
     </span>
    </p>
   </div>
   <div class='ocr_carea' id='block_1_10' title="bbox 948 319 1717 359">
    <p class='ocr_par' dir='ltr' id='par_1_10' title="bbox 948 319 1717 358">
     <span class='ocr_line' id='line_1_10' title="bbox 948 319 1717 358; baseline -0.001 -9"><span class='ocrx_word' id='word_1_50' title='bbox 948 331 962 354; x_wconf 84' lang='lat'><strong>;,</strong></span> <span class='ocrx_word' id='word_1_51' title='bbox 1018 321 1051 349; x_wconf 76' lang='lat' dir='ltr'><strong>Oi</strong></span> <span class='ocrx_word' id='word_1_52' title='bbox 1070 321 1117 358; x_wconf 70' lang='grc' dir='ltr'><strong>μὲν</strong></span> <span class='ocrx_word' id='word_1_53' title='bbox 1133 321 1301 357; x_wconf 77' lang='grc' dir='ltr'><strong>προστίμους</strong></span> <span class='ocrx_word' id='word_1_54' title='bbox 1317 319 1434 358; x_wconf 75' lang='grc' dir='ltr'>ἄγχουσι</span> <span class='ocrx_word' id='word_1_55' title='bbox 1448 324 1498 356; x_wconf 78' lang='grc' dir='ltr'><strong>τῆς</strong></span> <span class='ocrx_word' id='word_1_56' title='bbox 1512 320 1717 356; x_wconf 81' lang='grc' dir='ltr'><strong>ἆκοινωνησίας.</strong></span> 
     </span>
    </p>
   </div>
   <div class='ocr_carea' id='block_1_11' title="bbox 135 365 904 405">
    <p class='ocr_par' dir='ltr' id='par_1_11' title="bbox 135 369 729 405">
     <span class='ocr_line' id='line_1_11' title="bbox 135 369 729 405; baseline -0.003 -7"><span class='ocrx_word' id='word_1_57' title='bbox 135 370 190 398; x_wconf 84' lang='lat' dir='ltr'><strong>Alii</strong></span> <span class='ocrx_word' id='word_1_58' title='bbox 205 371 241 398; x_wconf 88' lang='lat' dir='ltr'><strong>de</strong></span> <span class='ocrx_word' id='word_1_59' title='bbox 257 369 413 405; x_wconf 82' lang='lat' dir='ltr'><strong>suppliciis</strong></span> <span class='ocrx_word' id='word_1_60' title='bbox 426 370 573 404; x_wconf 87' lang='lat' dir='ltr'><strong>judiciose</strong></span> <span class='ocrx_word' id='word_1_61' title='bbox 589 371 729 397; x_wconf 75' lang='lat' dir='ltr'><strong>tractant.</strong></span> 
     </span>
    </p>
   </div>
   <div class='ocr_carea' id='block_1_12' title="bbox 838 365 1607 405">
    <p class='ocr_par' dir='ltr' id='par_1_12' title="bbox 1018 365 1607 404">
     <span class='ocr_line' id='line_1_12' title="bbox 1018 365 1607 404; baseline 0 -11"><span class='ocrx_word' id='word_1_62' title='bbox 1018 367 1052 395; x_wconf 76' lang='grc' dir='ltr'><strong>Οἱ</strong></span> <span class='ocrx_word' id='word_1_63' title='bbox 1068 365 1097 393; x_wconf 69' lang='grc' dir='ltr'><strong>δὲ</strong></span> <span class='ocrx_word' id='word_1_64' title='bbox 1113 365 1163 393; x_wconf 77' lang='grc' dir='ltr'>εἰσι</span> <span class='ocrx_word' id='word_1_65' title='bbox 1180 366 1317 404; x_wconf 75' lang='grc' dir='ltr'>σώφρονες</span> <span class='ocrx_word' id='word_1_66' title='bbox 1328 365 1353 393; x_wconf 80' lang='grc' dir='ltr'>ἐν</span> <span class='ocrx_word' id='word_1_67' title='bbox 1374 369 1433 396; x_wconf 83' lang='grc' dir='ltr'><strong>τοῖς</strong></span> <span class='ocrx_word' id='word_1_68' title='bbox 1447 365 1607 402; x_wconf 81' lang='grc' dir='ltr'><strong>ἐπιτιμίοις.</strong></span> 
     </span>
    </p>
   </div>
   <div class='ocr_carea' id='block_1_13' title="bbox 135 410 904 448">
    <p class='ocr_par' dir='ltr' id='par_1_13' title="bbox 135 412 901 442">
     <span class='ocr_line' id='line_1_13' title="bbox 135 412 901 442; baseline -0.003 0"><span class='ocrx_word' id='word_1_69' title='bbox 135 417 177 442; x_wconf 82' lang='lat' dir='ltr'><strong>En</strong></span> <span class='ocrx_word' id='word_1_70' title='bbox 191 414 283 442; x_wconf 87' lang='lat' dir='ltr'><strong>habes</strong></span> <span class='ocrx_word' id='word_1_71' title='bbox 300 413 447 441; x_wconf 83' lang='lat' dir='ltr'><strong>concisam</strong></span> <span class='ocrx_word' id='word_1_72' title='bbox 457 422 608 441; x_wconf 87' lang='lat' dir='ltr'><strong>sacrorum</strong></span> <span class='ocrx_word' id='word_1_73' title='bbox 624 421 770 441; x_wconf 85' lang='lat' dir='ltr'><strong>canonum</strong></span> <span class='ocrx_word' id='word_1_74' title='bbox 787 412 901 440; x_wconf 86' lang='lat' dir='ltr'><strong>doctrin</strong></span> 
     </span>
    </p>
   </div>
   <div class='ocr_carea' id='block_1_14' title="bbox 902 410 1671 448">
    <p class='ocr_par' dir='ltr' id='par_1_14' title="bbox 903 410 1671 448">
     <span class='ocr_line' id='line_1_14' title="bbox 903 410 1671 448; baseline -0.001 -8"><span class='ocrx_word' id='word_1_75' title='bbox 903 420 961 440; x_wconf 87' lang='lat' dir='ltr'><strong>am.</strong></span> <span class='ocrx_word' id='word_1_76' title='bbox 1019 410 1123 448; x_wconf 66' lang='lat' dir='ltr'><strong>AiSaE&#39;u;</strong></span> <span class='ocrx_word' id='word_1_77' title='bbox 1140 410 1207 446; x_wconf 72' lang='grc' dir='ltr'><strong>αὕτη</strong></span> <span class='ocrx_word' id='word_1_78' title='bbox 1223 411 1360 447; x_wconf 83' lang='grc' dir='ltr'><strong>σύντομος</strong></span> <span class='ocrx_word' id='word_1_79' title='bbox 1375 413 1429 438; x_wconf 77' lang='grc' dir='ltr'><strong>τῶν</strong></span> <span class='ocrx_word' id='word_1_80' title='bbox 1444 411 1524 448; x_wconf 78' lang='grc' dir='ltr'>ἱερῶν</span> <span class='ocrx_word' id='word_1_81' title='bbox 1541 410 1671 439; x_wconf 82' lang='grc' dir='ltr'><strong>κανόνων.</strong></span> 
     </span>
    </p>
   </div>
   <div class='ocr_carea' id='block_1_15' title="bbox 511 584 1470 668">
    <p class='ocr_par' dir='ltr' id='par_1_15' title="bbox 511 584 1470 668">
     <span class='ocr_line' id='line_1_15' title="bbox 511 584 1470 668; baseline -0.002 -1"><span class='ocrx_word' id='word_1_82' title='bbox 511 584 1060 668; x_wconf 84' lang='lat' dir='ltr'><strong>MICHAELIS</strong></span> <span class='ocrx_word' id='word_1_83' title='bbox 1117 585 1470 668; x_wconf 87' lang='lat' dir='ltr'><strong>PSELLI</strong></span> 
     </span>
    </p>
   </div>
   <div class='ocr_carea' id='block_1_16' title="bbox 615 731 1368 794">
    <p class='ocr_par' dir='ltr' id='par_1_16' title="bbox 615 731 1368 794">
     <span class='ocr_line' id='line_1_16' title="bbox 615 731 1368 794; baseline 0 -1"><span class='ocrx_word' id='word_1_84' title='bbox 615 731 1022 794; x_wconf 84' lang='lat' dir='ltr'><strong>SYNOPSIS</strong></span> <span class='ocrx_word' id='word_1_85' title='bbox 1083 732 1368 794; x_wconf 85' lang='lat' dir='ltr'>LEGUM</span> 
     </span>
    </p>
   </div>
   <div class='ocr_carea' id='block_1_17' title="bbox 244 841 1736 880">
    <p class='ocr_par' dir='ltr' id='par_1_17' title="bbox 244 841 1736 880">
     <span class='ocr_line' id='line_1_17' title="bbox 244 841 1736 880; baseline -0.001 -8"><span class='ocrx_word' id='word_1_86' title='bbox 244 843 340 872; x_wconf 62' lang='lat' dir='ltr'><strong>Grace</strong></span> <span class='ocrx_word' id='word_1_87' title='bbox 355 843 444 880; x_wconf 81' lang='lat' dir='ltr'><strong>edita,</strong></span> <span class='ocrx_word' id='word_1_88' title='bbox 460 843 565 880; x_wconf 82' lang='lat' dir='ltr'><strong>Latina</strong></span> <span class='ocrx_word' id='word_1_89' title='bbox 589 843 830 879; x_wconf 76' lang='lat' dir='ltr'><strong>interpretatione</strong></span> <span class='ocrx_word' id='word_1_90' title='bbox 844 845 873 873; x_wconf 85' lang='lat' dir='ltr'><strong>et</strong></span> <span class='ocrx_word' id='word_1_91' title='bbox 888 844 965 872; x_wconf 85' lang='lat' dir='ltr'><strong>notis</strong></span> <span class='ocrx_word' id='word_1_92' title='bbox 990 844 1147 880; x_wconf 87' lang='lat' dir='ltr'><strong>illustrata,</strong></span> <span class='ocrx_word' id='word_1_93' title='bbox 1162 853 1250 880; x_wconf 86' lang='lat' dir='ltr'><strong>opera</strong></span> <span class='ocrx_word' id='word_1_94' title='bbox 1265 846 1293 872; x_wconf 84' lang='lat' dir='ltr'><strong>et</strong></span> <span class='ocrx_word' id='word_1_95' title='bbox 1321 844 1419 872; x_wconf 82' lang='lat' dir='ltr'><strong>studio</strong></span> <span class='ocrx_word' id='word_1_96' title='bbox 1435 843 1582 872; x_wconf 84' lang='lat' dir='ltr'><strong>Francisci</strong></span> <span class='ocrx_word' id='word_1_97' title='bbox 1597 841 1736 878; x_wconf 84' lang='lat' dir='ltr'><strong>Bosqueti</strong></span> 
     </span>
    </p>
   </div>
   <div class='ocr_carea' id='block_1_18' title="bbox 458 879 1522 917">
    <p class='ocr_par' dir='ltr' id='par_1_18' title="bbox 458 879 1522 917">
     <span class='ocr_line' id='line_1_18' title="bbox 458 879 1522 917; baseline 0 -10"><span class='ocrx_word' id='word_1_98' title='bbox 458 879 660 908; x_wconf 76' lang='lat' dir='ltr'><strong>Narbonensis</strong></span> <span class='ocrx_word' id='word_1_99' title='bbox 672 880 891 916; x_wconf 84' lang='lat' dir='ltr'><strong>jurisconsulti,</strong></span> <span class='ocrx_word' id='word_1_100' title='bbox 906 889 940 909; x_wconf 83' lang='lat' dir='ltr'><strong>ex</strong></span> <span class='ocrx_word' id='word_1_101' title='bbox 956 879 1358 917; x_wconf 78' lang='lat' dir='ltr'><strong>bibliothecaarchiepiscopi</strong></span> <span class='ocrx_word' id='word_1_102' title='bbox 1374 880 1522 914; x_wconf 87' lang='lat' dir='ltr'><strong>Tolosani,</strong></span> 
     </span>
    </p>
   </div>
   <div class='ocr_carea' id='block_1_19' title="bbox 365 952 1609 990">
    <p class='ocr_par' dir='ltr' id='par_1_19' title="bbox 365 952 1609 990">
     <span class='ocr_line' id='line_1_19' title="bbox 365 952 1609 990; baseline 0.001 -10"><span class='ocrx_word' id='word_1_103' title='bbox 365 952 485 988; x_wconf 55' lang='grc' dir='ltr'><strong>Λάμειαν</strong></span> <span class='ocrx_word' id='word_1_104' title='bbox 500 956 563 981; x_wconf 83' lang='lat' dir='ltr'><strong>sunt</strong></span> <span class='ocrx_word' id='word_1_105' title='bbox 577 953 628 981; x_wconf 84' lang='lat' dir='ltr'><strong>hac</strong></span> <span class='ocrx_word' id='word_1_106' title='bbox 650 953 750 981; x_wconf 75' lang='lat' dir='ltr'><strong>iterata</strong></span> <span class='ocrx_word' id='word_1_107' title='bbox 764 953 886 982; x_wconf 72' lang='lat' dir='ltr'><strong>editione</strong></span> <span class='ocrx_word' id='word_1_108' title='bbox 902 953 1109 982; x_wconf 70' lang='lat' dir='ltr'><strong>Observationes</strong></span> <span class='ocrx_word' id='word_1_109' title='bbox 1133 954 1256 982; x_wconf 72' lang='lat' dir='ltr'><strong>Cornelii</strong></span> <span class='ocrx_word' id='word_1_110' title='bbox 1271 954 1395 982; x_wconf 79' lang='lat' dir='ltr'><strong>Siebem&#39;i</strong></span> <span class='ocrx_word' id='word_1_111' title='bbox 1404 953 1609 990; x_wconf 75' lang='lat' dir='ltr'><strong>jurisconsulti.</strong></span> 
     </span>
    </p>
   </div>
   <div class='ocr_carea' id='block_1_20' title="bbox 705 1025 1274 1062">
    <p class='ocr_par' dir='ltr' id='par_1_20' title="bbox 705 1025 1274 1062">
     <span class='ocr_line' id='line_1_20' title="bbox 705 1025 1274 1062; baseline 0 -9"><span class='ocrx_word' id='word_1_112' title='bbox 705 1025 873 1062; x_wconf 64' lang='lat' dir='ltr'><strong>(Manassen,</strong></span> <span class='ocrx_word' id='word_1_113' title='bbox 893 1026 1050 1055; x_wconf 74' lang='lat' dir='ltr'><strong>Thesaurus</strong></span> <span class='ocrx_word' id='word_1_114' title='bbox 1061 1026 1148 1062; x_wconf 74' lang='lat' dir='ltr'><strong>juris,</strong></span> <span class='ocrx_word' id='word_1_115' title='bbox 1163 1034 1192 1062; x_wconf 87' lang='lat' dir='ltr'><strong>p.</strong></span> <span class='ocrx_word' id='word_1_116' title='bbox 1217 1026 1274 1062; x_wconf 81' lang='lat'><strong>36.)</strong></span> 
     </span>
    </p>
   </div>
   <div class='ocr_carea' id='block_1_21' title="bbox 835 1174 1149 1220">
    <p class='ocr_par' dir='ltr' id='par_1_21' title="bbox 835 1174 1149 1220">
     <span class='ocr_line' id='line_1_21' title="bbox 835 1174 1149 1220; baseline 0.01 -3"><span class='ocrx_word' id='word_1_117' title='bbox 835 1174 1052 1218; x_wconf 80' lang='grc' dir='ltr'><strong>ΡΒΑΞῈΛἹ</strong></span> <span class='ocrx_word' id='word_1_118' title='bbox 1067 1174 1149 1220; x_wconf 72' lang='grc' dir='ltr'><strong>ΙΟ,</strong></span> 
     </span>
    </p>
   </div>
   <div class='ocr_carea' id='block_1_22' title="bbox 176 1271 1852 1310">
    <p class='ocr_par' dir='ltr' id='par_1_22' title="bbox 176 1271 1852 1310">
     <span class='ocr_line' id='line_1_22' title="bbox 176 1271 1852 1310; baseline -0.001 -10"><span class='ocrx_word' id='word_1_119' title='bbox 176 1272 313 1300; x_wconf 76' lang='lat' dir='ltr'><strong>Succedit</strong></span> <span class='ocrx_word' id='word_1_120' title='bbox 327 1272 478 1300; x_wconf 81' lang='lat' dir='ltr'><strong>Michaelis</strong></span> <span class='ocrx_word' id='word_1_121' title='bbox 503 1272 592 1301; x_wconf 87' lang='lat' dir='ltr'><strong>Pselli</strong></span> <span class='ocrx_word' id='word_1_122' title='bbox 622 1273 754 1309; x_wconf 77' lang='lat' dir='ltr'><strong>Synopu‘s</strong></span> <span class='ocrx_word' id='word_1_123' title='bbox 770 1274 880 1308; x_wconf 84' lang='lat' dir='ltr'><strong>Legum,</strong></span> <span class='ocrx_word' id='word_1_124' title='bbox 909 1274 1045 1302; x_wconf 75' lang='lat' dir='ltr'><strong>versibus</strong></span> <span class='ocrx_word' id='word_1_125' title='bbox 1060 1274 1167 1302; x_wconf 78' lang='lat' dir='ltr'><strong>iambis</strong></span> <span class='ocrx_word' id='word_1_126' title='bbox 1195 1276 1223 1302; x_wconf 89' lang='lat' dir='ltr'><strong>et</strong></span> <span class='ocrx_word' id='word_1_127' title='bbox 1246 1273 1374 1310; x_wconf 86' lang='lat' dir='ltr'><strong>politicis</strong></span> <span class='ocrx_word' id='word_1_128' title='bbox 1403 1272 1582 1309; x_wconf 84' lang='lat' dir='ltr'><strong>conscripta,</strong></span> <span class='ocrx_word' id='word_1_129' title='bbox 1598 1280 1686 1307; x_wconf 83' lang='lat' dir='ltr'><strong>quam</strong></span> <span class='ocrx_word' id='word_1_130' title='bbox 1703 1271 1852 1306; x_wconf 73' lang='lat' dir='ltr'><strong>integram</strong></span> 
     </span>
    </p>
   </div>
   <div class='ocr_carea' id='block_1_23' title="bbox 142 1316 1853 1354">
    <p class='ocr_par' dir='ltr' id='par_1_23' title="bbox 142 1316 1853 1354">
     <span class='ocr_line' id='line_1_23' title="bbox 142 1316 1853 1354; baseline 0 -11"><span class='ocrx_word' id='word_1_131' title='bbox 142 1316 256 1352; x_wconf 87' lang='lat' dir='ltr'><strong>primus</strong></span> <span class='ocrx_word' id='word_1_132' title='bbox 285 1317 314 1344; x_wconf 89' lang='lat' dir='ltr'><strong>in</strong></span> <span class='ocrx_word' id='word_1_133' title='bbox 340 1316 435 1344; x_wconf 88' lang='lat' dir='ltr'><strong>lucem</strong></span> <span class='ocrx_word' id='word_1_134' title='bbox 465 1317 558 1345; x_wconf 86' lang='lat' dir='ltr'><strong>edidit</strong></span> <span class='ocrx_word' id='word_1_135' title='bbox 587 1317 700 1345; x_wconf 85' lang='lat' dir='ltr'><strong>Franc.</strong></span> <span class='ocrx_word' id='word_1_136' title='bbox 731 1318 904 1354; x_wconf 84' lang='lat' dir='ltr'><strong>Bosquetus,</strong></span> <span class='ocrx_word' id='word_1_137' title='bbox 934 1319 1135 1346; x_wconf 77' lang='lat' dir='ltr'><strong>Narbonensis</strong></span> <span class='ocrx_word' id='word_1_138' title='bbox 1163 1319 1268 1351; x_wconf 83' lang='lat' dir='ltr'><strong>JCtus,</strong></span> <span class='ocrx_word' id='word_1_139' title='bbox 1302 1317 1418 1346; x_wconf 78' lang='lat' dir='ltr'><strong>Parisiis</strong></span> <span class='ocrx_word' id='word_1_140' title='bbox 1434 1317 1511 1352; x_wconf 85' lang='lat' dir='ltr'><strong>apud</strong></span> <span class='ocrx_word' id='word_1_141' title='bbox 1539 1317 1684 1344; x_wconf 82' lang='lat' dir='ltr'><strong>Joannem</strong></span> <span class='ocrx_word' id='word_1_142' title='bbox 1713 1317 1853 1343; x_wconf 81' lang='lat' dir='ltr'><strong>Camusat</strong></span> 
     </span>
    </p>
   </div>
   <div class='ocr_carea' id='block_1_24' title="bbox 142 1360 1852 1399">
    <p class='ocr_par' dir='ltr' id='par_1_24' title="bbox 142 1360 1852 1399">
     <span class='ocr_line' id='line_1_24' title="bbox 142 1360 1852 1399; baseline -0.001 -11"><span class='ocrx_word' id='word_1_143' title='bbox 142 1361 326 1395; x_wconf 82' lang='lat' dir='ltr'><strong>MDCXXXII,</strong></span> <span class='ocrx_word' id='word_1_144' title='bbox 344 1361 373 1388; x_wconf 92' lang='lat' dir='ltr'><strong>in</strong></span> <span class='ocrx_word' id='word_1_145' title='bbox 389 1362 429 1388; x_wconf 84' lang='lat'><strong>8°.</strong></span> <span class='ocrx_word' id='word_1_146' title='bbox 449 1362 512 1389; x_wconf 82' lang='lat' dir='ltr'><strong>Haec</strong></span> <span class='ocrx_word' id='word_1_147' title='bbox 528 1369 594 1389; x_wconf 86' lang='lat' dir='ltr'><strong>vero</strong></span> <span class='ocrx_word' id='word_1_148' title='bbox 610 1363 703 1390; x_wconf 90' lang='lat' dir='ltr'><strong>Editio</strong></span> <span class='ocrx_word' id='word_1_149' title='bbox 729 1371 796 1390; x_wconf 91' lang='lat' dir='ltr'><strong>cum</strong></span> <span class='ocrx_word' id='word_1_150' title='bbox 813 1371 955 1399; x_wconf 86' lang='lat' dir='ltr'><strong>perquam</strong></span> <span class='ocrx_word' id='word_1_151' title='bbox 978 1372 1045 1391; x_wconf 83' lang='lat' dir='ltr'><strong>rara</strong></span> <span class='ocrx_word' id='word_1_152' title='bbox 1059 1364 1193 1396; x_wconf 88' lang='lat' dir='ltr'><strong>evaserit,</strong></span> <span class='ocrx_word' id='word_1_153' title='bbox 1219 1371 1298 1390; x_wconf 62' lang='lat' dir='ltr'><strong>novas</strong></span> <span class='ocrx_word' id='word_1_154' title='bbox 1313 1366 1339 1389; x_wconf 78' lang='lat' dir='ltr'><strong>et</strong></span> <span class='ocrx_word' id='word_1_155' title='bbox 1355 1362 1545 1390; x_wconf 82' lang='lat' dir='ltr'><strong>accuratioris</strong></span> <span class='ocrx_word' id='word_1_156' title='bbox 1571 1361 1738 1389; x_wconf 69' lang='lat' dir='ltr'><strong>emittendus</strong></span> <span class='ocrx_word' id='word_1_157' title='bbox 1754 1360 1852 1388; x_wconf 90' lang='lat' dir='ltr'><strong>consi-</strong></span> 
     </span>
    </p>
   </div>
   <div class='ocr_carea' id='block_1_25' title="bbox 144 1405 1850 1444">
    <p class='ocr_par' dir='ltr' id='par_1_25' title="bbox 144 1405 1850 1444">
     <span class='ocr_line' id='line_1_25' title="bbox 144 1405 1850 1444; baseline 0 -12"><span class='ocrx_word' id='word_1_158' title='bbox 144 1405 215 1433; x_wconf 87' lang='lat' dir='ltr'><strong>lium</strong></span> <span class='ocrx_word' id='word_1_159' title='bbox 231 1408 348 1441; x_wconf 78' lang='lat' dir='ltr'><strong>ceperat</strong></span> <span class='ocrx_word' id='word_1_160' title='bbox 363 1405 414 1432; x_wconf 89' lang='lat' dir='ltr'><strong>Vir</strong></span> <span class='ocrx_word' id='word_1_161' title='bbox 429 1405 548 1434; x_wconf 88' lang='lat' dir='ltr'><strong>Clariss.</strong></span> <span class='ocrx_word' id='word_1_162' title='bbox 565 1406 718 1434; x_wconf 81' lang='lat' dir='ltr'><strong>Cornelius</strong></span> <span class='ocrx_word' id='word_1_163' title='bbox 734 1408 909 1442; x_wconf 88' lang='lat' dir='ltr'><strong>Siehenius;</strong></span> <span class='ocrx_word' id='word_1_164' title='bbox 926 1410 954 1435; x_wconf 87' lang='lat' dir='ltr'><strong>at</strong></span> <span class='ocrx_word' id='word_1_165' title='bbox 968 1416 1031 1444; x_wconf 71' lang='lat' dir='ltr'><strong>qua:</strong></span> <span class='ocrx_word' id='word_1_166' title='bbox 1048 1416 1125 1443; x_wconf 84' lang='lat' dir='ltr'><strong>spes,</strong></span> <span class='ocrx_word' id='word_1_167' title='bbox 1141 1408 1208 1435; x_wconf 91' lang='lat' dir='ltr'><strong>Viro</strong></span> <span class='ocrx_word' id='word_1_168' title='bbox 1225 1407 1400 1435; x_wconf 86' lang='lat' dir='ltr'><strong>Doctissimo</strong></span> <span class='ocrx_word' id='word_1_169' title='bbox 1423 1406 1494 1434; x_wconf 83' lang='lat' dir='ltr'><strong>vivis</strong></span> <span class='ocrx_word' id='word_1_170' title='bbox 1510 1408 1620 1441; x_wconf 87' lang='lat' dir='ltr'><strong>erepto,</strong></span> <span class='ocrx_word' id='word_1_171' title='bbox 1647 1405 1766 1433; x_wconf 87' lang='lat' dir='ltr'><strong>omnino</strong></span> <span class='ocrx_word' id='word_1_172' title='bbox 1782 1413 1850 1432; x_wconf 79' lang='lat' dir='ltr'><strong>eva-</strong></span> 
     </span>
    </p>
   </div>
   <div class='ocr_carea' id='block_1_26' title="bbox 145 1449 1852 1487">
    <p class='ocr_par' dir='ltr' id='par_1_26' title="bbox 145 1449 1852 1487">
     <span class='ocr_line' id='line_1_26' title="bbox 145 1449 1852 1487; baseline 0 -11"><span class='ocrx_word' id='word_1_173' title='bbox 145 1449 219 1477; x_wconf 84' lang='lat' dir='ltr'><strong>nuit.</strong></span> <span class='ocrx_word' id='word_1_174' title='bbox 235 1450 291 1477; x_wconf 77' lang='lat' dir='ltr'><strong>Sed</strong></span> <span class='ocrx_word' id='word_1_175' title='bbox 308 1450 381 1477; x_wconf 86' lang='lat' dir='ltr'><strong>bene</strong></span> <span class='ocrx_word' id='word_1_176' title='bbox 397 1450 515 1484; x_wconf 84' lang='lat' dir='ltr'><strong>factum,</strong></span> <span class='ocrx_word' id='word_1_177' title='bbox 533 1451 610 1485; x_wconf 87' lang='lat' dir='ltr'><strong>quod</strong></span> <span class='ocrx_word' id='word_1_178' title='bbox 628 1452 722 1478; x_wconf 88' lang='lat' dir='ltr'><strong>varias</strong></span> <span class='ocrx_word' id='word_1_179' title='bbox 738 1452 1017 1480; x_wconf 83' lang='lat' dir='ltr'><strong>Animadversiones</strong></span> <span class='ocrx_word' id='word_1_180' title='bbox 1032 1453 1061 1479; x_wconf 93' lang='lat' dir='ltr'><strong>in</strong></span> <span class='ocrx_word' id='word_1_181' title='bbox 1078 1453 1194 1480; x_wconf 84' lang='lat' dir='ltr'><strong>Poetam</strong></span> <span class='ocrx_word' id='word_1_182' title='bbox 1211 1454 1344 1479; x_wconf 85' lang='lat' dir='ltr'><strong>nostrum</strong></span> <span class='ocrx_word' id='word_1_183' title='bbox 1360 1451 1519 1487; x_wconf 75' lang='lat' dir='ltr'><strong>separatim</strong></span> <span class='ocrx_word' id='word_1_184' title='bbox 1535 1453 1622 1478; x_wconf 85' lang='lat' dir='ltr'><strong>antea</strong></span> <span class='ocrx_word' id='word_1_185' title='bbox 1632 1449 1852 1484; x_wconf 82' lang='lat' dir='ltr'><strong>ediderit,quas</strong></span> 
     </span>
    </p>
   </div>
   <div class='ocr_carea' id='block_1_27' title="bbox 147 1493 1852 1531">
    <p class='ocr_par' dir='ltr' id='par_1_27' title="bbox 147 1493 1852 1531">
     <span class='ocr_line' id='line_1_27' title="bbox 147 1493 1852 1531; baseline 0.001 -10"><span class='ocrx_word' id='word_1_186' title='bbox 147 1502 181 1521; x_wconf 91' lang='lat' dir='ltr'><strong>ex</strong></span> <span class='ocrx_word' id='word_1_187' title='bbox 197 1493 377 1522; x_wconf 76' lang='lat' dir='ltr'><strong>Miscellaneis</strong></span> <span class='ocrx_word' id='word_1_188' title='bbox 394 1494 637 1522; x_wconf 76' lang='lat' dir='ltr'><strong>Observationz&#39;bus</strong></span> <span class='ocrx_word' id='word_1_189' title='bbox 653 1496 683 1522; x_wconf 81' lang='lat' dir='ltr'><strong>in</strong></span> <span class='ocrx_word' id='word_1_190' title='bbox 698 1497 828 1523; x_wconf 77' lang='lat' dir='ltr'><strong>Auctor-es</strong></span> <span class='ocrx_word' id='word_1_191' title='bbox 844 1497 948 1524; x_wconf 78' lang='lat' dir='ltr'><strong>Veteres</strong></span> <span class='ocrx_word' id='word_1_192' title='bbox 963 1501 988 1524; x_wconf 86' lang='lat' dir='ltr'><strong>et</strong></span> <span class='ocrx_word' id='word_1_193' title='bbox 1002 1498 1166 1524; x_wconf 79' lang='lat' dir='ltr'><strong>recentiores</strong></span> <span class='ocrx_word' id='word_1_194' title='bbox 1185 1497 1237 1524; x_wconf 83' lang='lat' dir='ltr'><strong>Vol.</strong></span> <span class='ocrx_word' id='word_1_195' title='bbox 1257 1496 1296 1531; x_wconf 85' lang='lat' dir='ltr'><strong>Vl,</strong></span> <span class='ocrx_word' id='word_1_196' title='bbox 1311 1504 1374 1531; x_wconf 86' lang='lat' dir='ltr'><strong>pag.</strong></span> <span class='ocrx_word' id='word_1_197' title='bbox 1392 1495 1451 1522; x_wconf 88' lang='grc'><strong>199.</strong></span> <span class='ocrx_word' id='word_1_198' title='bbox 1475 1503 1547 1530; x_wconf 84' lang='lat' dir='ltr'><strong>seqq.</strong></span> <span class='ocrx_word' id='word_1_199' title='bbox 1563 1495 1755 1530; x_wconf 83' lang='lat' dir='ltr'><strong>depromptae</strong></span> <span class='ocrx_word' id='word_1_200' title='bbox 1769 1493 1852 1522; x_wconf 85' lang='lat' dir='ltr'><strong>Notis</strong></span> 
     </span>
    </p>
   </div>
   <div class='ocr_carea' id='block_1_28' title="bbox 145 1538 1850 1576">
    <p class='ocr_par' dir='ltr' id='par_1_28' title="bbox 145 1538 1850 1576">
     <span class='ocr_line' id='line_1_28' title="bbox 145 1538 1850 1576; baseline 0 -11"><span class='ocrx_word' id='word_1_201' title='bbox 145 1538 285 1574; x_wconf 86' lang='lat' dir='ltr'><strong>Bosqueti</strong></span> <span class='ocrx_word' id='word_1_202' title='bbox 299 1538 422 1573; x_wconf 86' lang='lat' dir='ltr'><strong>subjeci,</strong></span> <span class='ocrx_word' id='word_1_203' title='bbox 439 1538 517 1574; x_wconf 92' lang='lat' dir='ltr'><strong>quod</strong></span> <span class='ocrx_word' id='word_1_204' title='bbox 533 1539 569 1566; x_wconf 87' lang='lat' dir='ltr'><strong>ad</strong></span> <span class='ocrx_word' id='word_1_205' title='bbox 583 1539 763 1567; x_wconf 85' lang='lat' dir='ltr'><strong>intellectum</strong></span> <span class='ocrx_word' id='word_1_206' title='bbox 780 1540 865 1568; x_wconf 70' lang='lat' dir='ltr'><strong>Pselli</strong></span> <span class='ocrx_word' id='word_1_207' title='bbox 881 1549 928 1568; x_wconf 82' lang='lat' dir='ltr'><strong>eas</strong></span> <span class='ocrx_word' id='word_1_208' title='bbox 944 1542 1062 1569; x_wconf 83' lang='lat' dir='ltr'><strong>omnino</strong></span> <span class='ocrx_word' id='word_1_209' title='bbox 1079 1541 1260 1569; x_wconf 81' lang='lat' dir='ltr'><strong>necessarias</strong></span> <span class='ocrx_word' id='word_1_210' title='bbox 1273 1540 1478 1576; x_wconf 88' lang='lat' dir='ltr'><strong>judicaverim.</strong></span> <span class='ocrx_word' id='word_1_211' title='bbox 1494 1541 1595 1575; x_wconf 80' lang='lat' dir='ltr'><strong>Neque</strong></span> <span class='ocrx_word' id='word_1_212' title='bbox 1613 1539 1690 1566; x_wconf 89' lang='lat' dir='ltr'><strong>enim</strong></span> <span class='ocrx_word' id='word_1_213' title='bbox 1708 1538 1850 1574; x_wconf 87' lang='lat' dir='ltr'><strong>Bosqueti</strong></span> 
     </span>
    </p>
   </div>
   <div class='ocr_carea' id='block_1_29' title="bbox 147 1582 1853 1621">
    <p class='ocr_par' dir='ltr' id='par_1_29' title="bbox 147 1582 1853 1621">
     <span class='ocr_line' id='line_1_29' title="bbox 147 1582 1853 1621; baseline 0.001 -12"><span class='ocrx_word' id='word_1_214' title='bbox 147 1582 243 1610; x_wconf 86' lang='lat' dir='ltr'><strong>versio</strong></span> <span class='ocrx_word' id='word_1_215' title='bbox 259 1583 350 1610; x_wconf 88' lang='lat' dir='ltr'><strong>menti</strong></span> <span class='ocrx_word' id='word_1_216' title='bbox 369 1582 505 1610; x_wconf 75' lang='lat' dir='ltr'><strong>Auctoris</strong></span> <span class='ocrx_word' id='word_1_217' title='bbox 521 1583 629 1619; x_wconf 89' lang='lat' dir='ltr'><strong>ubique</strong></span> <span class='ocrx_word' id='word_1_218' title='bbox 645 1585 864 1612; x_wconf 85' lang='lat' dir='ltr'><strong>accommodata</strong></span> <span class='ocrx_word' id='word_1_219' title='bbox 879 1585 944 1618; x_wconf 80' lang='lat' dir='ltr'><strong>fuit,</strong></span> <span class='ocrx_word' id='word_1_220' title='bbox 961 1589 993 1613; x_wconf 86' lang='lat' dir='ltr'><strong>ut</strong></span> <span class='ocrx_word' id='word_1_221' title='bbox 1008 1585 1037 1613; x_wconf 91' lang='lat' dir='ltr'><strong>in</strong></span> <span class='ocrx_word' id='word_1_222' title='bbox 1059 1594 1119 1621; x_wconf 83' lang='lat' dir='ltr'><strong>qua</strong></span> <span class='ocrx_word' id='word_1_223' title='bbox 1133 1593 1247 1613; x_wconf 82' lang='lat' dir='ltr'><strong>crassos</strong></span> <span class='ocrx_word' id='word_1_224' title='bbox 1262 1585 1412 1612; x_wconf 84' lang='lat' dir='ltr'><strong>interdum</strong></span> <span class='ocrx_word' id='word_1_225' title='bbox 1427 1592 1540 1612; x_wconf 89' lang='lat' dir='ltr'><strong>errores</strong></span> <span class='ocrx_word' id='word_1_226' title='bbox 1555 1583 1715 1618; x_wconf 86' lang='lat' dir='ltr'><strong>commisit,</strong></span> <span class='ocrx_word' id='word_1_227' title='bbox 1731 1584 1761 1610; x_wconf 90' lang='lat' dir='ltr'><strong>et</strong></span> <span class='ocrx_word' id='word_1_228' title='bbox 1775 1583 1853 1617; x_wconf 87' lang='lat' dir='ltr'><strong>quod</strong></span> 
     </span>
    </p>
   </div>
   <div class='ocr_carea' id='block_1_30' title="bbox 144 1626 1853 1665">
    <p class='ocr_par' dir='ltr' id='par_1_30' title="bbox 144 1626 1853 1665">
     <span class='ocr_line' id='line_1_30' title="bbox 144 1626 1853 1665; baseline 0.001 -12"><span class='ocrx_word' id='word_1_229' title='bbox 144 1627 229 1662; x_wconf 87' lang='lat' dir='ltr'><strong>pejus</strong></span> <span class='ocrx_word' id='word_1_230' title='bbox 245 1629 299 1659; x_wconf 85' lang='lat' dir='ltr'><strong>est,</strong></span> <span class='ocrx_word' id='word_1_231' title='bbox 316 1626 445 1662; x_wconf 85' lang='lat' dir='ltr'><strong>integros</strong></span> <span class='ocrx_word' id='word_1_232' title='bbox 461 1626 549 1654; x_wconf 83' lang='lat' dir='ltr'><strong>etiam</strong></span> <span class='ocrx_word' id='word_1_233' title='bbox 565 1635 666 1655; x_wconf 86' lang='lat' dir='ltr'><strong>versus</strong></span> <span class='ocrx_word' id='word_1_234' title='bbox 683 1628 868 1663; x_wconf 85' lang='lat' dir='ltr'><strong>interpretari</strong></span> <span class='ocrx_word' id='word_1_235' title='bbox 882 1630 1025 1665; x_wconf 74' lang='lat' dir='ltr'><strong>neglexit;</strong></span> <span class='ocrx_word' id='word_1_236' title='bbox 1040 1630 1176 1665; x_wconf 79' lang='lat' dir='ltr'><strong>quocirca</strong></span> <span class='ocrx_word' id='word_1_237' title='bbox 1191 1632 1288 1657; x_wconf 85' lang='lat' dir='ltr'><strong>tamen</strong></span> <span class='ocrx_word' id='word_1_238' title='bbox 1304 1629 1353 1655; x_wconf 88' lang='lat' dir='ltr'><strong>Vir</strong></span> <span class='ocrx_word' id='word_1_239' title='bbox 1368 1631 1471 1656; x_wconf 64' lang='lat' dir='ltr'><strong>caetera</strong></span> <span class='ocrx_word' id='word_1_240' title='bbox 1487 1628 1627 1655; x_wconf 79' lang='lat' dir='ltr'><strong>Eruditus</strong></span> <span class='ocrx_word' id='word_1_241' title='bbox 1641 1626 1757 1655; x_wconf 80' lang='lat' dir='ltr'><strong>veniam</strong></span> <span class='ocrx_word' id='word_1_242' title='bbox 1774 1627 1853 1662; x_wconf 82' lang='lat' dir='ltr'><strong>apud</strong></span> 
     </span>
    </p>
   </div>
   <div class='ocr_carea' id='block_1_31' title="bbox 145 1671 1854 1710">
    <p class='ocr_par' dir='ltr' id='par_1_31' title="bbox 145 1671 1854 1710">
     <span class='ocr_line' id='line_1_31' title="bbox 145 1671 1854 1710; baseline 0.001 -13"><span class='ocrx_word' id='word_1_243' title='bbox 145 1678 246 1705; x_wconf 63' lang='lat' dir='ltr'><strong>aequos</strong></span> <span class='ocrx_word' id='word_1_244' title='bbox 262 1678 359 1698; x_wconf 90' lang='lat' dir='ltr'><strong>rerum</strong></span> <span class='ocrx_word' id='word_1_245' title='bbox 387 1671 514 1698; x_wconf 85' lang='lat' dir='ltr'><strong>arbitros</strong></span> <span class='ocrx_word' id='word_1_246' title='bbox 530 1675 669 1706; x_wconf 82' lang='lat' dir='ltr'><strong>meretur,</strong></span> <span class='ocrx_word' id='word_1_247' title='bbox 697 1675 797 1708; x_wconf 84' lang='lat' dir='ltr'><strong>utpote</strong></span> <span class='ocrx_word' id='word_1_248' title='bbox 814 1674 863 1709; x_wconf 91' lang='lat' dir='ltr'><strong>qui</strong></span> <span class='ocrx_word' id='word_1_249' title='bbox 882 1674 954 1701; x_wconf 80' lang='lat' dir='ltr'><strong>hanc</strong></span> <span class='ocrx_word' id='word_1_250' title='bbox 980 1674 1248 1710; x_wconf 78' lang='lat' dir='ltr'><strong>interpretationem</strong></span> <span class='ocrx_word' id='word_1_251' title='bbox 1275 1674 1376 1709; x_wconf 87' lang='lat' dir='ltr'><strong>paucis</strong></span> <span class='ocrx_word' id='word_1_252' title='bbox 1404 1673 1509 1700; x_wconf 87' lang='lat' dir='ltr'><strong>diebus</strong></span> <span class='ocrx_word' id='word_1_253' title='bbox 1524 1672 1659 1704; x_wconf 82' lang='lat' dir='ltr'><strong>absolvit,</strong></span> <span class='ocrx_word' id='word_1_254' title='bbox 1682 1672 1786 1707; x_wconf 86' lang='lat' dir='ltr'><strong>vixque</strong></span> <span class='ocrx_word' id='word_1_255' title='bbox 1802 1679 1854 1699; x_wconf 89' lang='lat' dir='ltr'><strong>no-</strong></span> 
     </span>
    </p>
   </div>
   <div class='ocr_carea' id='block_1_32' title="bbox 147 1713 1855 1752">
    <p class='ocr_par' dir='ltr' id='par_1_32' title="bbox 147 1713 1855 1752">
     <span class='ocr_line' id='line_1_32' title="bbox 147 1713 1855 1752; baseline 0 -10"><span class='ocrx_word' id='word_1_256' title='bbox 147 1713 309 1742; x_wconf 86' lang='lat' dir='ltr'><strong>vemdecim</strong></span> <span class='ocrx_word' id='word_1_257' title='bbox 327 1717 390 1741; x_wconf 87' lang='lat' dir='ltr'><strong>tum</strong></span> <span class='ocrx_word' id='word_1_258' title='bbox 407 1715 548 1750; x_wconf 90' lang='lat' dir='ltr'><strong>temporis</strong></span> <span class='ocrx_word' id='word_1_259' title='bbox 565 1724 658 1743; x_wconf 85' lang='lat' dir='ltr'><strong>annos</strong></span> <span class='ocrx_word' id='word_1_260' title='bbox 675 1715 856 1752; x_wconf 86' lang='lat' dir='ltr'><strong>impleverat.</strong></span> <span class='ocrx_word' id='word_1_261' title='bbox 872 1717 937 1745; x_wconf 87' lang='lat' dir='ltr'><strong>Vid.</strong></span> <span class='ocrx_word' id='word_1_262' title='bbox 953 1718 1076 1746; x_wconf 87' lang='lat' dir='ltr'><strong>Niceron</strong></span> <span class='ocrx_word' id='word_1_263' title='bbox 1095 1719 1166 1746; x_wconf 88' lang='lat' dir='ltr'><strong>Tom.</strong></span> <span class='ocrx_word' id='word_1_264' title='bbox 1184 1718 1228 1745; x_wconf 72' lang='grc' dir='ltr'><strong>ΧΗ</strong></span> <span class='ocrx_word' id='word_1_265' title='bbox 1254 1718 1286 1745; x_wconf 84' lang='lat' dir='ltr'><strong>de</strong></span> <span class='ocrx_word' id='word_1_266' title='bbox 1299 1726 1338 1745; x_wconf 84' lang='lat' dir='ltr'><strong>ses</strong></span> <span class='ocrx_word' id='word_1_267' title='bbox 1354 1718 1510 1749; x_wconf 74' lang='lat' dir='ltr'><strong>Memoires,</strong></span> <span class='ocrx_word' id='word_1_268' title='bbox 1524 1725 1589 1752; x_wconf 86' lang='lat' dir='ltr'><strong>pag.</strong></span> <span class='ocrx_word' id='word_1_269' title='bbox 1607 1716 1668 1743; x_wconf 86' lang='grc'><strong>168.</strong></span> <span class='ocrx_word' id='word_1_270' title='bbox 1691 1715 1773 1743; x_wconf 88' lang='lat' dir='ltr'><strong>Hunc</strong></span> <span class='ocrx_word' id='word_1_271' title='bbox 1788 1723 1855 1743; x_wconf 88' lang='lat' dir='ltr'><strong>vero</strong></span> 
     </span>
    </p>
   </div>
   <div class='ocr_carea' id='block_1_33' title="bbox 145 1758 1855 1796">
    <p class='ocr_par' dir='ltr' id='par_1_33' title="bbox 145 1758 1855 1796">
     <span class='ocr_line' id='line_1_33' title="bbox 145 1758 1855 1796; baseline 0.001 -10"><span class='ocrx_word' id='word_1_272' title='bbox 145 1759 293 1786; x_wconf 84' lang='lat' dir='ltr'><strong>deiectum</strong></span> <span class='ocrx_word' id='word_1_273' title='bbox 311 1758 445 1794; x_wconf 86' lang='lat' dir='ltr'><strong>pluribus</strong></span> <span class='ocrx_word' id='word_1_274' title='bbox 463 1759 491 1786; x_wconf 90' lang='lat' dir='ltr'><strong>in</strong></span> <span class='ocrx_word' id='word_1_275' title='bbox 508 1759 579 1787; x_wconf 88' lang='lat' dir='ltr'><strong>locis</strong></span> <span class='ocrx_word' id='word_1_276' title='bbox 596 1761 753 1796; x_wconf 82' lang='lat' dir='ltr'><strong>supplevit,</strong></span> <span class='ocrx_word' id='word_1_277' title='bbox 780 1765 808 1788; x_wconf 87' lang='lat' dir='ltr'><strong>et</strong></span> <span class='ocrx_word' id='word_1_278' title='bbox 823 1763 997 1795; x_wconf 86' lang='lat' dir='ltr'><strong>versionem,</strong></span> <span class='ocrx_word' id='word_1_279' title='bbox 1015 1763 1063 1790; x_wconf 90' lang='lat' dir='ltr'><strong>ubi</strong></span> <span class='ocrx_word' id='word_1_280' title='bbox 1092 1763 1246 1790; x_wconf 81' lang='lat' dir='ltr'><strong>manifeste</strong></span> <span class='ocrx_word' id='word_1_281' title='bbox 1267 1762 1341 1790; x_wconf 84' lang='lat' dir='ltr'><strong>falsa</strong></span> <span class='ocrx_word' id='word_1_282' title='bbox 1357 1762 1400 1790; x_wconf 87' lang='lat' dir='ltr'><strong>vel</strong></span> <span class='ocrx_word' id='word_1_283' title='bbox 1417 1761 1522 1789; x_wconf 78' lang='lat' dir='ltr'><strong>mutila</strong></span> <span class='ocrx_word' id='word_1_284' title='bbox 1551 1764 1624 1795; x_wconf 86' lang='lat' dir='ltr'><strong>erat,</strong></span> <span class='ocrx_word' id='word_1_285' title='bbox 1640 1760 1807 1788; x_wconf 81' lang='lat' dir='ltr'><strong>emendavit</strong></span> <span class='ocrx_word' id='word_1_286' title='bbox 1822 1767 1855 1787; x_wconf 83' lang='lat' dir='ltr'><strong>ac</strong></span> 
     </span>
    </p>
   </div>
   <div class='ocr_carea' id='block_1_34' title="bbox 146 1804 1854 1842">
    <p class='ocr_par' dir='ltr' id='par_1_34' title="bbox 146 1804 1854 1842">
     <span class='ocr_line' id='line_1_34' title="bbox 146 1804 1854 1842; baseline 0 -10"><span class='ocrx_word' id='word_1_287' title='bbox 146 1804 276 1832; x_wconf 86' lang='lat' dir='ltr'><strong>restituit</strong></span> <span class='ocrx_word' id='word_1_288' title='bbox 290 1804 342 1831; x_wconf 84' lang='lat' dir='ltr'><strong>Vir</strong></span> <span class='ocrx_word' id='word_1_289' title='bbox 357 1804 543 1833; x_wconf 80' lang='lat' dir='ltr'><strong>Revorendus</strong></span> <span class='ocrx_word' id='word_1_290' title='bbox 558 1808 645 1841; x_wconf 85' lang='lat' dir='ltr'><strong>atque</strong></span> <span class='ocrx_word' id='word_1_291' title='bbox 670 1806 900 1834; x_wconf 87' lang='lat' dir='ltr'><strong>Eruditissimus</strong></span> <span class='ocrx_word' id='word_1_292' title='bbox 924 1808 1080 1836; x_wconf 87' lang='lat' dir='ltr'><strong>Archibald</strong></span> <span class='ocrx_word' id='word_1_293' title='bbox 1097 1807 1250 1840; x_wconf 86' lang='lat' dir='ltr'><strong>Maclaine,</strong></span> <span class='ocrx_word' id='word_1_294' title='bbox 1266 1807 1296 1835; x_wconf 87' lang='lat' dir='ltr'><strong>in</strong></span> <span class='ocrx_word' id='word_1_295' title='bbox 1321 1807 1449 1835; x_wconf 87' lang='lat' dir='ltr'><strong>Ecclesia</strong></span> <span class='ocrx_word' id='word_1_296' title='bbox 1465 1806 1598 1842; x_wconf 74' lang='lat' dir='ltr'><strong>Anglice,</strong></span> <span class='ocrx_word' id='word_1_297' title='bbox 1621 1814 1684 1841; x_wconf 66' lang='lat' dir='ltr'><strong>quae</strong></span> <span class='ocrx_word' id='word_1_298' title='bbox 1701 1805 1786 1841; x_wconf 68' lang='lat' dir='ltr'><strong>Haga:</strong></span> <span class='ocrx_word' id='word_1_299' title='bbox 1801 1804 1854 1832; x_wconf 87' lang='lat' dir='ltr'><strong>Co-</strong></span> 
     </span>
    </p>
   </div>
   <div class='ocr_carea' id='block_1_35' title="bbox 145 1848 1854 1888">
    <p class='ocr_par' dir='ltr' id='par_1_35' title="bbox 145 1848 1854 1888">
     <span class='ocr_line' id='line_1_35' title="bbox 145 1848 1854 1888; baseline -0.001 -11"><span class='ocrx_word' id='word_1_300' title='bbox 145 1848 251 1877; x_wconf 86' lang='lat' dir='ltr'><strong>mitum</strong></span> <span class='ocrx_word' id='word_1_301' title='bbox 278 1851 334 1882; x_wconf 87' lang='lat' dir='ltr'><strong>est,</strong></span> <span class='ocrx_word' id='word_1_302' title='bbox 350 1849 430 1876; x_wconf 89' lang='lat' dir='ltr'><strong>verbi</strong></span> <span class='ocrx_word' id='word_1_303' title='bbox 455 1849 544 1877; x_wconf 92' lang='lat' dir='ltr'><strong>divini</strong></span> <span class='ocrx_word' id='word_1_304' title='bbox 561 1850 693 1878; x_wconf 73' lang='lat' dir='ltr'><strong>Minister</strong></span> <span class='ocrx_word' id='word_1_305' title='bbox 721 1851 945 1886; x_wconf 79' lang='lat' dir='ltr'><strong>solertissimus,</strong></span> <span class='ocrx_word' id='word_1_306' title='bbox 962 1853 1012 1888; x_wconf 88' lang='lat' dir='ltr'><strong>qui</strong></span> <span class='ocrx_word' id='word_1_307' title='bbox 1028 1852 1102 1880; x_wconf 83' lang='lat' dir='ltr'><strong>hanc</strong></span> <span class='ocrx_word' id='word_1_308' title='bbox 1117 1853 1296 1888; x_wconf 86' lang='lat' dir='ltr'><strong>provinciam</strong></span> <span class='ocrx_word' id='word_1_309' title='bbox 1310 1854 1414 1888; x_wconf 84' lang='lat' dir='ltr'><strong>sponte</strong></span> <span class='ocrx_word' id='word_1_310' title='bbox 1444 1860 1498 1879; x_wconf 80' lang='lat' dir='ltr'><strong>sua</strong></span> <span class='ocrx_word' id='word_1_311' title='bbox 1513 1851 1654 1886; x_wconf 86' lang='lat' dir='ltr'><strong>suscepit,</strong></span> <span class='ocrx_word' id='word_1_312' title='bbox 1677 1850 1784 1885; x_wconf 89' lang='lat' dir='ltr'><strong>cuique</strong></span> <span class='ocrx_word' id='word_1_313' title='bbox 1798 1849 1854 1876; x_wconf 80' lang='lat' dir='ltr'><strong>hoc</strong></span> 
     </span>
    </p>
   </div>
   <div class='ocr_carea' id='block_1_36' title="bbox 148 1892 1854 1931">
    <p class='ocr_par' dir='ltr' id='par_1_36' title="bbox 148 1892 1854 1931">
     <span class='ocr_line' id='line_1_36' title="bbox 148 1892 1854 1931; baseline 0.001 -12"><span class='ocrx_word' id='word_1_314' title='bbox 148 1892 268 1920; x_wconf 89' lang='lat' dir='ltr'><strong>nomine</strong></span> <span class='ocrx_word' id='word_1_315' title='bbox 283 1895 380 1929; x_wconf 84' lang='lat' dir='ltr'><strong>grates</strong></span> <span class='ocrx_word' id='word_1_316' title='bbox 395 1901 460 1930; x_wconf 84' lang='lat' dir='ltr'><strong>ago,</strong></span> <span class='ocrx_word' id='word_1_317' title='bbox 477 1902 550 1930; x_wconf 91' lang='lat' dir='ltr'><strong>quas</strong></span> <span class='ocrx_word' id='word_1_318' title='bbox 566 1903 698 1930; x_wconf 85' lang='lat' dir='ltr'><strong>possum,</strong></span> <span class='ocrx_word' id='word_1_319' title='bbox 722 1896 877 1924; x_wconf 83' lang='lat' dir='ltr'><strong>maximas.</strong></span> <span class='ocrx_word' id='word_1_320' title='bbox 901 1897 982 1929; x_wconf 87' lang='lat' dir='ltr'><strong>Quod</strong></span> <span class='ocrx_word' id='word_1_321' title='bbox 997 1901 1095 1924; x_wconf 80' lang='lat' dir='ltr'><strong>autem</strong></span> <span class='ocrx_word' id='word_1_322' title='bbox 1112 1898 1147 1924; x_wconf 87' lang='lat' dir='ltr'><strong>ad</strong></span> <span class='ocrx_word' id='word_1_323' title='bbox 1173 1896 1341 1925; x_wconf 84' lang='lat' dir='ltr'><strong>Michaelem</strong></span> <span class='ocrx_word' id='word_1_324' title='bbox 1359 1895 1485 1924; x_wconf 86' lang='lat' dir='ltr'><strong>Psellum</strong></span> <span class='ocrx_word' id='word_1_325' title='bbox 1500 1895 1598 1931; x_wconf 89' lang='lat' dir='ltr'><strong>ipsum</strong></span> <span class='ocrx_word' id='word_1_326' title='bbox 1626 1894 1740 1929; x_wconf 83' lang='lat' dir='ltr'><strong>attinet,</strong></span> <span class='ocrx_word' id='word_1_327' title='bbox 1757 1894 1813 1921; x_wconf 80' lang='lat' dir='ltr'><strong>fuit</strong></span> <span class='ocrx_word' id='word_1_328' title='bbox 1828 1893 1854 1920; x_wconf 88' lang='lat' dir='ltr'><strong>is</strong></span> 
     </span>
    </p>
   </div>
   <div class='ocr_carea' id='block_1_37' title="bbox 144 1937 1854 1978">
    <p class='ocr_par' dir='ltr' id='par_1_37' title="bbox 144 1937 1854 1978">
     <span class='ocr_line' id='line_1_37' title="bbox 144 1937 1854 1978; baseline -0.001 -12"><span class='ocrx_word' id='word_1_329' title='bbox 144 1939 218 1974; x_wconf 88' lang='lat' dir='ltr'><strong>Imp.</strong></span> <span class='ocrx_word' id='word_1_330' title='bbox 237 1937 386 1965; x_wconf 85' lang='lat' dir='ltr'><strong>Michaelis</strong></span> <span class='ocrx_word' id='word_1_331' title='bbox 402 1940 486 1966; x_wconf 79' lang='lat' dir='ltr'><strong>Ducze</strong></span> <span class='ocrx_word' id='word_1_332' title='bbox 501 1939 671 1975; x_wconf 70' lang='lat' dir='ltr'><strong>Praeceptor,</strong></span> <span class='ocrx_word' id='word_1_333' title='bbox 684 1941 904 1976; x_wconf 82' lang='lat' dir='ltr'><strong>ejusquejussu</strong></span> <span class='ocrx_word' id='word_1_334' title='bbox 920 1941 995 1969; x_wconf 89' lang='lat' dir='ltr'><strong>hanc</strong></span> <span class='ocrx_word' id='word_1_335' title='bbox 1010 1942 1154 1978; x_wconf 81' lang='lat' dir='ltr'><strong>Synopsin</strong></span> <span class='ocrx_word' id='word_1_336' title='bbox 1172 1942 1364 1977; x_wconf 84' lang='lat' dir='ltr'><strong>conscripsit:</strong></span> <span class='ocrx_word' id='word_1_337' title='bbox 1382 1941 1449 1969; x_wconf 86' lang='lat' dir='ltr'><strong>huic</strong></span> <span class='ocrx_word' id='word_1_338' title='bbox 1461 1941 1540 1968; x_wconf 88' lang='lat' dir='ltr'><strong>enim</strong></span> <span class='ocrx_word' id='word_1_339' title='bbox 1559 1939 1732 1976; x_wconf 82' lang='lat' dir='ltr'><strong>Imperatori</strong></span> <span class='ocrx_word' id='word_1_340' title='bbox 1748 1938 1854 1966; x_wconf 84' lang='lat' dir='ltr'><strong>inscri-</strong></span> 
     </span>
    </p>
   </div>
   <div class='ocr_carea' id='block_1_38' title="bbox 144 1981 1854 2022">
    <p class='ocr_par' dir='ltr' id='par_1_38' title="bbox 144 1981 1854 2022">
     <span class='ocr_line' id='line_1_38' title="bbox 144 1981 1854 2022; baseline 0.001 -14"><span class='ocrx_word' id='word_1_341' title='bbox 144 1981 224 2008; x_wconf 85' lang='lat' dir='ltr'><strong>bitur</strong></span> <span class='ocrx_word' id='word_1_342' title='bbox 240 1982 267 2009; x_wconf 91' lang='lat' dir='ltr'><strong>id</strong></span> <span class='ocrx_word' id='word_1_343' title='bbox 298 1982 481 2017; x_wconf 89' lang='lat' dir='ltr'><strong>Opusculum</strong></span> <span class='ocrx_word' id='word_1_344' title='bbox 498 1983 529 2010; x_wconf 92' lang='lat' dir='ltr'><strong>in</strong></span> <span class='ocrx_word' id='word_1_345' title='bbox 559 1983 706 2020; x_wconf 80' lang='lat' dir='ltr'><strong>plerisque</strong></span> <span class='ocrx_word' id='word_1_346' title='bbox 723 1985 879 2012; x_wconf 85' lang='lat' dir='ltr'><strong>Codicibus</strong></span> <span class='ocrx_word' id='word_1_347' title='bbox 909 1986 1132 2022; x_wconf 85' lang='lat' dir='ltr'><strong>manuscriptis,</strong></span> <span class='ocrx_word' id='word_1_348' title='bbox 1160 1986 1248 2021; x_wconf 84' lang='lat' dir='ltr'><strong>idque</strong></span> <span class='ocrx_word' id='word_1_349' title='bbox 1267 1986 1400 2022; x_wconf 88' lang='lat' dir='ltr'><strong>pluribus</strong></span> <span class='ocrx_word' id='word_1_350' title='bbox 1430 1985 1576 2012; x_wconf 71' lang='lat' dir='ltr'><strong>adstruxit</strong></span> <span class='ocrx_word' id='word_1_351' title='bbox 1598 1984 1655 2012; x_wconf 83' lang='lat' dir='ltr'><strong>Leo</strong></span> <span class='ocrx_word' id='word_1_352' title='bbox 1684 1983 1808 2010; x_wconf 87' lang='lat' dir='ltr'><strong>Allatius</strong></span> <span class='ocrx_word' id='word_1_353' title='bbox 1824 1982 1854 2010; x_wconf 88' lang='lat' dir='ltr'><strong>in</strong></span> 
     </span>
    </p>
   </div>
   <div class='ocr_carea' id='block_1_39' title="bbox 145 2025 1857 2065">
    <p class='ocr_par' dir='ltr' id='par_1_39' title="bbox 145 2025 1857 2065">
     <span class='ocr_line' id='line_1_39' title="bbox 145 2025 1857 2065; baseline 0.001 -13"><span class='ocrx_word' id='word_1_354' title='bbox 145 2025 273 2053; x_wconf 81' lang='lat' dir='ltr'><strong>Diatriba</strong></span> <span class='ocrx_word' id='word_1_355' title='bbox 288 2026 319 2053; x_wconf 85' lang='lat' dir='ltr'><strong>de</strong></span> <span class='ocrx_word' id='word_1_356' title='bbox 334 2027 438 2054; x_wconf 80' lang='lat' dir='ltr'><strong>Psellis</strong></span> <span class='ocrx_word' id='word_1_357' title='bbox 453 2029 478 2054; x_wconf 81' lang='lat' dir='ltr'><strong>et</strong></span> <span class='ocrx_word' id='word_1_358' title='bbox 492 2035 583 2056; x_wconf 87' lang='lat' dir='ltr'><strong>eorum</strong></span> <span class='ocrx_word' id='word_1_359' title='bbox 609 2030 728 2065; x_wconf 77' lang='lat' dir='ltr'><strong>scriptis,</strong></span> <span class='ocrx_word' id='word_1_360' title='bbox 745 2031 758 2063; x_wconf 89' lang='lat'><strong>§</strong></span> <span class='ocrx_word' id='word_1_361' title='bbox 774 2030 818 2064; x_wconf 80' lang='grc'><strong>48,</strong></span> <span class='ocrx_word' id='word_1_362' title='bbox 848 2029 898 2056; x_wconf 88' lang='lat' dir='ltr'><strong>ubi</strong></span> <span class='ocrx_word' id='word_1_363' title='bbox 913 2030 948 2057; x_wconf 85' lang='lat' dir='ltr'><strong>de</strong></span> <span class='ocrx_word' id='word_1_364' title='bbox 974 2031 1099 2058; x_wconf 85' lang='lat' dir='ltr'><strong>Auctore</strong></span> <span class='ocrx_word' id='word_1_365' title='bbox 1116 2033 1215 2058; x_wconf 90' lang='lat' dir='ltr'><strong>nostro</strong></span> <span class='ocrx_word' id='word_1_366' title='bbox 1243 2031 1367 2065; x_wconf 87' lang='lat' dir='ltr'><strong>ejusque</strong></span> <span class='ocrx_word' id='word_1_367' title='bbox 1381 2030 1525 2065; x_wconf 88' lang='lat' dir='ltr'><strong>Operibus</strong></span> <span class='ocrx_word' id='word_1_368' title='bbox 1554 2028 1727 2064; x_wconf 82' lang='lat' dir='ltr'><strong>plenissime</strong></span> <span class='ocrx_word' id='word_1_369' title='bbox 1741 2027 1810 2063; x_wconf 76' lang='lat' dir='ltr'><strong>egit,</strong></span> <span class='ocrx_word' id='word_1_370' title='bbox 1827 2028 1857 2054; x_wconf 85' lang='lat' dir='ltr'><strong>et</strong></span> 
     </span>
    </p>
   </div>
   <div class='ocr_carea' id='block_1_40' title="bbox 144 2070 1855 2112">
    <p class='ocr_par' dir='ltr' id='par_1_40' title="bbox 144 2070 1855 2112">
     <span class='ocr_line' id='line_1_40' title="bbox 144 2070 1855 2112; baseline 0.002 -16"><span class='ocrx_word' id='word_1_371' title='bbox 144 2071 158 2104; x_wconf 88' lang='lat'><strong>§</strong></span> <span class='ocrx_word' id='word_1_372' title='bbox 172 2070 206 2097; x_wconf 91' lang='lat'>33</span> <span class='ocrx_word' id='word_1_373' title='bbox 222 2070 404 2098; x_wconf 80' lang='lat' dir='ltr'><strong>luculentum</strong></span> <span class='ocrx_word' id='word_1_374' title='bbox 419 2072 454 2099; x_wconf 88' lang='lat' dir='ltr'><strong>de</strong></span> <span class='ocrx_word' id='word_1_375' title='bbox 470 2072 563 2108; x_wconf 84' lang='lat' dir='ltr'><strong>ipsius</strong></span> <span class='ocrx_word' id='word_1_376' title='bbox 579 2074 745 2101; x_wconf 86' lang='lat' dir='ltr'><strong>eruditione</strong></span> <span class='ocrx_word' id='word_1_377' title='bbox 760 2074 962 2101; x_wconf 68' lang='lat' dir='ltr'><strong>testimonium</strong></span> <span class='ocrx_word' id='word_1_378' title='bbox 979 2075 1024 2102; x_wconf 90' lang='lat' dir='ltr'><strong>his</strong></span> <span class='ocrx_word' id='word_1_379' title='bbox 1041 2075 1137 2103; x_wconf 85' lang='lat' dir='ltr'><strong>verbis</strong></span> <span class='ocrx_word' id='word_1_380' title='bbox 1153 2076 1279 2112; x_wconf 65' lang='lat' dir='ltr'><strong>praebet:</strong></span> <span class='ocrx_word' id='word_1_381' title='bbox 1297 2076 1345 2103; x_wconf 75' lang='lat' dir='ltr'><strong>llic</strong></span> <span class='ocrx_word' id='word_1_382' title='bbox 1359 2083 1426 2109; x_wconf 81' lang='lat' dir='ltr'><strong>ergo</strong></span> <span class='ocrx_word' id='word_1_383' title='bbox 1441 2074 1560 2109; x_wconf 79' lang='lat' dir='ltr'><strong>Psellus,</strong></span> <span class='ocrx_word' id='word_1_384' title='bbox 1576 2078 1607 2101; x_wconf 82' lang='lat' dir='ltr'><strong>ut</strong></span> <span class='ocrx_word' id='word_1_385' title='bbox 1620 2073 1748 2101; x_wconf 77' lang='lat' dir='ltr'><strong>doctrina</strong></span> <span class='ocrx_word' id='word_1_386' title='bbox 1765 2079 1855 2108; x_wconf 51' lang='lat' dir='ltr'><strong>pras-</strong></span> 
     </span>
    </p>
   </div>
   <div class='ocr_carea' id='block_1_41' title="bbox 144 2115 1857 2156">
    <p class='ocr_par' dir='ltr' id='par_1_41' title="bbox 144 2115 1857 2156">
     <span class='ocr_line' id='line_1_41' title="bbox 144 2115 1857 2156; baseline 0.001 -14"><span class='ocrx_word' id='word_1_387' title='bbox 144 2115 327 2150; x_wconf 78' lang='lat' dir='ltr'><strong>tanllssimus,</strong></span> <span class='ocrx_word' id='word_1_388' title='bbox 346 2116 385 2143; x_wconf 81' lang='lat' dir='ltr'><strong>ita</strong></span> <span class='ocrx_word' id='word_1_389' title='bbox 399 2118 526 2144; x_wconf 78' lang='lat' dir='ltr'><strong>omnium</strong></span> <span class='ocrx_word' id='word_1_390' title='bbox 541 2117 793 2156; x_wconf 62' lang='grc' dir='ltr'><strong>πολυγραφώτιτης</strong></span> <span class='ocrx_word' id='word_1_391' title='bbox 809 2120 872 2154; x_wconf 81' lang='lat' dir='ltr'><strong>fuit.</strong></span> <span class='ocrx_word' id='word_1_392' title='bbox 896 2120 991 2147; x_wconf 82' lang='lat' dir='ltr'><strong>Ausim</strong></span> <span class='ocrx_word' id='word_1_393' title='bbox 1013 2120 1114 2155; x_wconf 79' lang='lat' dir='ltr'><strong>dicere,</strong></span> <span class='ocrx_word' id='word_1_394' title='bbox 1134 2121 1273 2148; x_wconf 81' lang='lat' dir='ltr'><strong>neminem</strong></span> <span class='ocrx_word' id='word_1_395' title='bbox 1296 2128 1328 2147; x_wconf 89' lang='lat' dir='ltr'><strong>ea</strong></span> <span class='ocrx_word' id='word_1_396' title='bbox 1342 2119 1388 2147; x_wconf 87' lang='lat' dir='ltr'><strong>vel</strong></span> <span class='ocrx_word' id='word_1_397' title='bbox 1410 2119 1587 2155; x_wconf 83' lang='lat' dir='ltr'><strong>subsequente</strong></span> <span class='ocrx_word' id='word_1_398' title='bbox 1610 2122 1689 2146; x_wconf 65' lang='lat' dir='ltr'><strong>aetate</strong></span> <span class='ocrx_word' id='word_1_399' title='bbox 1704 2119 1799 2146; x_wconf 56' lang='lat' dir='ltr'><strong>Grece</strong></span> <span class='ocrx_word' id='word_1_400' title='bbox 1813 2116 1857 2144; x_wconf 84' lang='lat' dir='ltr'><strong>vel</strong></span> 
     </span>
    </p>
   </div>
   <div class='ocr_carea' id='block_1_42' title="bbox 145 2160 1857 2200">
    <p class='ocr_par' dir='ltr' id='par_1_42' title="bbox 145 2160 1857 2200">
     <span class='ocr_line' id='line_1_42' title="bbox 145 2160 1857 2200; baseline 0.001 -13"><span class='ocrx_word' id='word_1_401' title='bbox 145 2160 281 2187; x_wconf 78' lang='lat' dir='ltr'><strong>invenisse</strong></span> <span class='ocrx_word' id='word_1_402' title='bbox 295 2161 399 2194; x_wconf 80' lang='lat' dir='ltr'><strong>acrius,</strong></span> <span class='ocrx_word' id='word_1_403' title='bbox 416 2162 458 2189; x_wconf 79' lang='lat' dir='ltr'><strong>vel</strong></span> <span class='ocrx_word' id='word_1_404' title='bbox 474 2162 617 2190; x_wconf 75' lang='lat' dir='ltr'><strong>ordinasse</strong></span> <span class='ocrx_word' id='word_1_405' title='bbox 632 2165 739 2199; x_wconf 79' lang='lat' dir='ltr'><strong>aptius,</strong></span> <span class='ocrx_word' id='word_1_406' title='bbox 766 2163 809 2191; x_wconf 80' lang='lat' dir='ltr'><strong>vel</strong></span> <span class='ocrx_word' id='word_1_407' title='bbox 825 2165 945 2191; x_wconf 79' lang='lat' dir='ltr'><strong>loculum</strong></span> <span class='ocrx_word' id='word_1_408' title='bbox 971 2165 1154 2200; x_wconf 80' lang='lat' dir='ltr'><strong>eloquentius,</strong></span> <span class='ocrx_word' id='word_1_409' title='bbox 1170 2165 1213 2192; x_wconf 72' lang='lat' dir='ltr'><strong>vel</strong></span> <span class='ocrx_word' id='word_1_410' title='bbox 1240 2164 1406 2200; x_wconf 75' lang='lat' dir='ltr'><strong>profundius</strong></span> <span class='ocrx_word' id='word_1_411' title='bbox 1421 2172 1462 2191; x_wconf 86' lang='lat' dir='ltr'><strong>res</strong></span> <span class='ocrx_word' id='word_1_412' title='bbox 1485 2166 1687 2199; x_wconf 74' lang='lat' dir='ltr'><strong>pertractasse:</strong></span> <span class='ocrx_word' id='word_1_413' title='bbox 1701 2161 1787 2189; x_wconf 84' lang='lat' dir='ltr'><strong>nulla</strong></span> <span class='ocrx_word' id='word_1_414' title='bbox 1802 2162 1857 2196; x_wconf 74' lang='lat' dir='ltr'><strong>fuit</strong></span> 
     </span>
    </p>
   </div>
   <div class='ocr_carea' id='block_1_43' title="bbox 144 2201 1856 2244">
    <p class='ocr_par' dir='ltr' id='par_1_43' title="bbox 144 2201 1856 2244">
     <span class='ocr_line' id='line_1_43' title="bbox 144 2201 1856 2244; baseline 0.001 -13"><span class='ocrx_word' id='word_1_415' title='bbox 144 2205 293 2238; x_wconf 76' lang='lat' dir='ltr'><strong>sententia,</strong></span> <span class='ocrx_word' id='word_1_416' title='bbox 309 2213 393 2240; x_wconf 85' lang='lat' dir='ltr'><strong>quam</strong></span> <span class='ocrx_word' id='word_1_417' title='bbox 409 2207 464 2242; x_wconf 81' lang='lat' dir='ltr'><strong>ipse</strong></span> <span class='ocrx_word' id='word_1_418' title='bbox 479 2207 518 2234; x_wconf 81' lang='lat' dir='ltr'><strong>vel</strong></span> <span class='ocrx_word' id='word_1_419' title='bbox 533 2208 606 2235; x_wconf 77' lang='lat' dir='ltr'><strong>notis</strong></span> <span class='ocrx_word' id='word_1_420' title='bbox 621 2216 676 2235; x_wconf 80' lang='lat' dir='ltr'><strong>non</strong></span> <span class='ocrx_word' id='word_1_421' title='bbox 688 2201 884 2242; x_wconf 73' lang='lat' dir='ltr'><strong>illustraverit,</strong></span> <span class='ocrx_word' id='word_1_422' title='bbox 902 2209 941 2236; x_wconf 86' lang='lat' dir='ltr'><strong>vel</strong></span> <span class='ocrx_word' id='word_1_423' title='bbox 954 2209 1112 2244; x_wconf 77' lang='lat' dir='ltr'><strong>compendio</strong></span> <span class='ocrx_word' id='word_1_424' title='bbox 1126 2217 1180 2236; x_wconf 80' lang='lat' dir='ltr'><strong>non</strong></span> <span class='ocrx_word' id='word_1_425' title='bbox 1195 2210 1366 2243; x_wconf 77' lang='lat' dir='ltr'><strong>tractaverit,</strong></span> <span class='ocrx_word' id='word_1_426' title='bbox 1381 2208 1422 2236; x_wconf 82' lang='lat' dir='ltr'><strong>vel</strong></span> <span class='ocrx_word' id='word_1_427' title='bbox 1437 2209 1540 2244; x_wconf 84' lang='lat' dir='ltr'><strong>optima</strong></span> <span class='ocrx_word' id='word_1_428' title='bbox 1564 2207 1686 2235; x_wconf 87' lang='lat' dir='ltr'><strong>methodo</strong></span> <span class='ocrx_word' id='word_1_429' title='bbox 1700 2214 1755 2234; x_wconf 80' lang='lat' dir='ltr'><strong>non</strong></span> <span class='ocrx_word' id='word_1_430' title='bbox 1771 2213 1856 2241; x_wconf 70' lang='lat' dir='ltr'><strong>expe-</strong></span> 
     </span>
    </p>
   </div>
   <div class='ocr_carea' id='block_1_44' title="bbox 148 2249 1856 2288">
    <p class='ocr_par' dir='ltr' id='par_1_44' title="bbox 148 2249 1856 2288">
     <span class='ocr_line' id='line_1_44' title="bbox 148 2249 1856 2288; baseline 0.001 -11"><span class='ocrx_word' id='word_1_431' title='bbox 148 2249 242 2277; x_wconf 78' lang='lat' dir='ltr'><strong>dierit.</strong></span> <span class='ocrx_word' id='word_1_432' title='bbox 257 2250 337 2282; x_wconf 86' lang='lat' dir='ltr'><strong>Quod</strong></span> <span class='ocrx_word' id='word_1_433' title='bbox 355 2253 452 2279; x_wconf 73' lang='lat' dir='ltr'><strong>tamen</strong></span> <span class='ocrx_word' id='word_1_434' title='bbox 466 2251 623 2287; x_wconf 88' lang='lat' dir='ltr'><strong>judicium,</strong></span> <span class='ocrx_word' id='word_1_435' title='bbox 640 2252 708 2280; x_wconf 89' lang='lat' dir='ltr'><strong>licet</strong></span> <span class='ocrx_word' id='word_1_436' title='bbox 723 2252 835 2281; x_wconf 88' lang='lat' dir='ltr'><strong>Psellus</strong></span> <span class='ocrx_word' id='word_1_437' title='bbox 852 2262 909 2281; x_wconf 93' lang='lat' dir='ltr'><strong>non</strong></span> <span class='ocrx_word' id='word_1_438' title='bbox 926 2254 1046 2281; x_wconf 88' lang='lat' dir='ltr'><strong>omnino</strong></span> <span class='ocrx_word' id='word_1_439' title='bbox 1062 2253 1148 2281; x_wconf 90' lang='lat' dir='ltr'><strong>laude</strong></span> <span class='ocrx_word' id='word_1_440' title='bbox 1163 2262 1217 2281; x_wconf 87' lang='lat' dir='ltr'><strong>sua</strong></span> <span class='ocrx_word' id='word_1_441' title='bbox 1232 2253 1452 2281; x_wconf 78' lang='lat' dir='ltr'><strong>defraudandus</strong></span> <span class='ocrx_word' id='word_1_442' title='bbox 1475 2251 1524 2285; x_wconf 81' lang='lat' dir='ltr'><strong>sit,</strong></span> <span class='ocrx_word' id='word_1_443' title='bbox 1541 2252 1636 2288; x_wconf 81' lang='lat' dir='ltr'><strong>quoad</strong></span> <span class='ocrx_word' id='word_1_444' title='bbox 1653 2251 1729 2278; x_wconf 86' lang='lat' dir='ltr'><strong>hanc</strong></span> <span class='ocrx_word' id='word_1_445' title='bbox 1744 2251 1856 2287; x_wconf 84' lang='lat' dir='ltr'><strong>Synop-</strong></span> 
     </span>
    </p>
   </div>
   <div class='ocr_carea' id='block_1_45' title="bbox 145 2293 1856 2332">
    <p class='ocr_par' dir='ltr' id='par_1_45' title="bbox 145 2293 1856 2332">
     <span class='ocr_line' id='line_1_45' title="bbox 145 2293 1856 2332; baseline 0.001 -11"><span class='ocrx_word' id='word_1_446' title='bbox 145 2293 190 2321; x_wconf 88' lang='lat' dir='ltr'><strong>sin</strong></span> <span class='ocrx_word' id='word_1_447' title='bbox 206 2294 309 2322; x_wconf 88' lang='lat' dir='ltr'><strong>multis</strong></span> <span class='ocrx_word' id='word_1_448' title='bbox 325 2296 399 2322; x_wconf 84' lang='lat' dir='ltr'><strong>forte</strong></span> <span class='ocrx_word' id='word_1_449' title='bbox 430 2296 519 2323; x_wconf 85' lang='lat' dir='ltr'><strong>nimis</strong></span> <span class='ocrx_word' id='word_1_450' title='bbox 535 2297 694 2332; x_wconf 82' lang='lat' dir='ltr'><strong>benignum</strong></span> <span class='ocrx_word' id='word_1_451' title='bbox 725 2297 884 2332; x_wconf 80' lang='lat' dir='ltr'><strong>videbitur,</strong></span> <span class='ocrx_word' id='word_1_452' title='bbox 910 2306 976 2325; x_wconf 89' lang='lat' dir='ltr'><strong>cum</strong></span> <span class='ocrx_word' id='word_1_453' title='bbox 992 2301 1020 2326; x_wconf 86' lang='lat' dir='ltr'><strong>et</strong></span> <span class='ocrx_word' id='word_1_454' title='bbox 1043 2298 1128 2326; x_wconf 84' lang='lat' dir='ltr'><strong>aliter</strong></span> <span class='ocrx_word' id='word_1_455' title='bbox 1155 2298 1190 2326; x_wconf 88' lang='lat' dir='ltr'><strong>de</strong></span> <span class='ocrx_word' id='word_1_456' title='bbox 1206 2306 1239 2326; x_wconf 88' lang='lat' dir='ltr'><strong>ea</strong></span> <span class='ocrx_word' id='word_1_457' title='bbox 1264 2298 1389 2326; x_wconf 87' lang='lat' dir='ltr'><strong>senserit</strong></span> <span class='ocrx_word' id='word_1_458' title='bbox 1419 2300 1526 2324; x_wconf 81' lang='lat' dir='ltr'><strong>Anton.</strong></span> <span class='ocrx_word' id='word_1_459' title='bbox 1542 2296 1726 2332; x_wconf 81' lang='lat' dir='ltr'><strong>Augustinus</strong></span> <span class='ocrx_word' id='word_1_460' title='bbox 1741 2295 1801 2322; x_wconf 79' lang='lat' dir='ltr'><strong>Lib.</strong></span> <span class='ocrx_word' id='word_1_461' title='bbox 1818 2296 1856 2323; x_wconf 79' lang='grc' dir='ltr'>ιγ</span> 
     </span>
    </p>
   </div>
   <div class='ocr_carea' id='block_1_46' title="bbox 145 2340 1857 2378">
    <p class='ocr_par' dir='ltr' id='par_1_46' title="bbox 145 2340 1857 2378">
     <span class='ocr_line' id='line_1_46' title="bbox 145 2340 1857 2378; baseline 0.001 -12"><span class='ocrx_word' id='word_1_462' title='bbox 145 2340 293 2368; x_wconf 84' lang='lat' dir='ltr'><strong>Emendat.</strong></span> <span class='ocrx_word' id='word_1_463' title='bbox 309 2348 370 2376; x_wconf 81' lang='lat' dir='ltr'><strong>cap.</strong></span> <span class='ocrx_word' id='word_1_464' title='bbox 386 2340 413 2367; x_wconf 86' lang='lat'><strong>3.</strong></span> <span class='ocrx_word' id='word_1_465' title='bbox 431 2340 573 2368; x_wconf 67' lang='lat' dir='ltr'><strong>Cmterum</strong></span> <span class='ocrx_word' id='word_1_466' title='bbox 590 2341 636 2369; x_wconf 89' lang='lat' dir='ltr'><strong>Jo.</strong></span> <span class='ocrx_word' id='word_1_467' title='bbox 654 2342 848 2370; x_wconf 82' lang='lat' dir='ltr'><strong>Leunclavius</strong></span> <span class='ocrx_word' id='word_1_468' title='bbox 859 2343 922 2378; x_wconf 89' lang='lat' dir='ltr'><strong>jam</strong></span> <span class='ocrx_word' id='word_1_469' title='bbox 937 2345 1004 2371; x_wconf 85' lang='lat' dir='ltr'><strong>ante</strong></span> <span class='ocrx_word' id='word_1_470' title='bbox 1019 2343 1197 2378; x_wconf 89' lang='lat' dir='ltr'><strong>Bosquetum</strong></span> <span class='ocrx_word' id='word_1_471' title='bbox 1216 2351 1309 2378; x_wconf 83' lang='lat' dir='ltr'><strong>pauca</strong></span> <span class='ocrx_word' id='word_1_472' title='bbox 1324 2350 1358 2370; x_wconf 84' lang='lat' dir='ltr'><strong>ex</strong></span> <span class='ocrx_word' id='word_1_473' title='bbox 1373 2343 1427 2369; x_wconf 86' lang='lat' dir='ltr'><strong>hac</strong></span> <span class='ocrx_word' id='word_1_474' title='bbox 1451 2341 1575 2378; x_wconf 80' lang='lat' dir='ltr'><strong>Synopsi</strong></span> <span class='ocrx_word' id='word_1_475' title='bbox 1591 2341 1725 2368; x_wconf 85' lang='lat' dir='ltr'><strong>ediderat</strong></span> <span class='ocrx_word' id='word_1_476' title='bbox 1741 2340 1817 2368; x_wconf 84' lang='lat' dir='ltr'><strong>Tomo</strong></span> <span class='ocrx_word' id='word_1_477' title='bbox 1832 2340 1857 2368; x_wconf 86' lang='lat' dir='ltr'><strong>II</strong></span> 
     </span>
    </p>
   </div>
   <div class='ocr_carea' id='block_1_47' title="bbox 145 2384 1858 2423">
    <p class='ocr_par' dir='ltr' id='par_1_47' title="bbox 145 2384 1858 2423">
     <span class='ocr_line' id='line_1_47' title="bbox 145 2384 1858 2423; baseline 0.001 -12"><span class='ocrx_word' id='word_1_478' title='bbox 145 2384 220 2411; x_wconf 76' lang='lat' dir='ltr'><strong>luris</strong></span> <span class='ocrx_word' id='word_1_479' title='bbox 236 2384 474 2420; x_wconf 64' lang='lat' dir='ltr'><strong>GravcoJiamani,</strong></span> <span class='ocrx_word' id='word_1_480' title='bbox 491 2394 581 2421; x_wconf 87' lang='lat' dir='ltr'><strong>eaque</strong></span> <span class='ocrx_word' id='word_1_481' title='bbox 597 2389 737 2422; x_wconf 79' lang='lat' dir='ltr'><strong>tanquam</strong></span> <span class='ocrx_word' id='word_1_482' title='bbox 753 2387 870 2415; x_wconf 84' lang='lat' dir='ltr'><strong>Scholia</strong></span> <span class='ocrx_word' id='word_1_483' title='bbox 885 2387 1011 2422; x_wconf 87' lang='lat' dir='ltr'><strong>subjecit</strong></span> <span class='ocrx_word' id='word_1_484' title='bbox 1028 2387 1213 2423; x_wconf 63' lang='lat' dir='ltr'><strong>Pragmaticis</strong></span> <span class='ocrx_word' id='word_1_485' title='bbox 1230 2387 1319 2415; x_wconf 90' lang='lat' dir='ltr'><strong>Mich.</strong></span> <span class='ocrx_word' id='word_1_486' title='bbox 1348 2386 1501 2419; x_wconf 70' lang='lat' dir='ltr'><strong>Attaliata,</strong></span> <span class='ocrx_word' id='word_1_487' title='bbox 1518 2386 1569 2422; x_wconf 88' lang='lat' dir='ltr'><strong>qui</strong></span> <span class='ocrx_word' id='word_1_488' title='bbox 1584 2385 1639 2413; x_wconf 87' lang='lat' dir='ltr'><strong>sub</strong></span> <span class='ocrx_word' id='word_1_489' title='bbox 1659 2385 1761 2413; x_wconf 88' lang='lat' dir='ltr'><strong>eodem</strong></span> <span class='ocrx_word' id='word_1_490' title='bbox 1778 2387 1858 2412; x_wconf 85' lang='lat' dir='ltr'><strong>Duoa</strong></span> 
     </span>
    </p>
   </div>
   <div class='ocr_carea' id='block_1_48' title="bbox 147 2428 1857 2468">
    <p class='ocr_par' dir='ltr' id='par_1_48' title="bbox 147 2428 1857 2468">
     <span class='ocr_line' id='line_1_48' title="bbox 147 2428 1857 2468; baseline 0.001 -14"><span class='ocrx_word' id='word_1_491' title='bbox 147 2428 255 2464; x_wconf 82' lang='lat' dir='ltr'><strong>ﬂoruit,</strong></span> <span class='ocrx_word' id='word_1_492' title='bbox 273 2429 315 2456; x_wconf 83' lang='lat' dir='ltr'><strong>ita</strong></span> <span class='ocrx_word' id='word_1_493' title='bbox 329 2433 436 2463; x_wconf 87' lang='lat' dir='ltr'><strong>lamen,</strong></span> <span class='ocrx_word' id='word_1_494' title='bbox 452 2433 483 2457; x_wconf 88' lang='lat' dir='ltr'><strong>ut</strong></span> <span class='ocrx_word' id='word_1_495' title='bbox 508 2432 695 2466; x_wconf 85' lang='lat' dir='ltr'><strong>ignoraverit,</strong></span> <span class='ocrx_word' id='word_1_496' title='bbox 720 2440 783 2458; x_wconf 87' lang='lat' dir='ltr'><strong>eam</strong></span> <span class='ocrx_word' id='word_1_497' title='bbox 802 2435 894 2459; x_wconf 86' lang='lat' dir='ltr'><strong>metro</strong></span> <span class='ocrx_word' id='word_1_498' title='bbox 923 2432 1117 2468; x_wconf 87' lang='lat' dir='ltr'><strong>conscriptam</strong></span> <span class='ocrx_word' id='word_1_499' title='bbox 1135 2432 1236 2464; x_wconf 85' lang='lat' dir='ltr'><strong>fuisse,</strong></span> <span class='ocrx_word' id='word_1_500' title='bbox 1253 2431 1295 2459; x_wconf 90' lang='lat' dir='ltr'><strong>uti</strong></span> <span class='ocrx_word' id='word_1_501' title='bbox 1324 2431 1451 2459; x_wconf 85' lang='lat' dir='ltr'><strong>Allatius</strong></span> <span class='ocrx_word' id='word_1_502' title='bbox 1465 2432 1494 2458; x_wconf 85' lang='lat' dir='ltr'><strong>d.</strong></span> <span class='ocrx_word' id='word_1_503' title='bbox 1511 2430 1526 2467; x_wconf 87' lang='lat'>§</span> <span class='ocrx_word' id='word_1_504' title='bbox 1554 2431 1589 2457; x_wconf 75' lang='grc'><strong>48</strong></span> <span class='ocrx_word' id='word_1_505' title='bbox 1602 2430 1662 2466; x_wconf 89' lang='lat' dir='ltr'><strong>jam</strong></span> <span class='ocrx_word' id='word_1_506' title='bbox 1679 2429 1857 2457; x_wconf 82' lang='lat' dir='ltr'><strong>observavit.</strong></span> 
     </span>
    </p>
   </div>
   <div class='ocr_carea' id='block_1_49' title="bbox 146 2471 1858 2513">
    <p class='ocr_par' dir='ltr' id='par_1_49' title="bbox 146 2471 1858 2513">
     <span class='ocr_line' id='line_1_49' title="bbox 146 2471 1858 2513; baseline 0.001 -14"><span class='ocrx_word' id='word_1_507' title='bbox 146 2471 269 2500; x_wconf 70' lang='lat' dir='ltr'><strong>Exstant</strong></span> <span class='ocrx_word' id='word_1_508' title='bbox 285 2481 351 2500; x_wconf 91' lang='lat' dir='ltr'><strong>vero</strong></span> <span class='ocrx_word' id='word_1_509' title='bbox 367 2474 530 2502; x_wconf 89' lang='lat' dir='ltr'><strong>etiamnum</strong></span> <span class='ocrx_word' id='word_1_510' title='bbox 559 2476 632 2503; x_wconf 85' lang='lat' dir='ltr'><strong>varii</strong></span> <span class='ocrx_word' id='word_1_511' title='bbox 648 2476 768 2504; x_wconf 88' lang='lat' dir='ltr'><strong>Codices</strong></span> <span class='ocrx_word' id='word_1_512' title='bbox 792 2476 867 2504; x_wconf 86' lang='lat' dir='ltr'><strong>MSS.</strong></span> <span class='ocrx_word' id='word_1_513' title='bbox 886 2477 974 2512; x_wconf 89' lang='lat' dir='ltr'><strong>hujus</strong></span> <span class='ocrx_word' id='word_1_514' title='bbox 998 2481 1174 2513; x_wconf 72' lang='lat' dir='ltr'><strong>Synopseos,</strong></span> <span class='ocrx_word' id='word_1_515' title='bbox 1189 2480 1222 2504; x_wconf 93' lang='lat' dir='ltr'><strong>ut</strong></span> <span class='ocrx_word' id='word_1_516' title='bbox 1238 2477 1266 2504; x_wconf 89' lang='lat' dir='ltr'><strong>in</strong></span> <span class='ocrx_word' id='word_1_517' title='bbox 1295 2476 1473 2504; x_wconf 84' lang='lat' dir='ltr'><strong>Bibliotheca</strong></span> <span class='ocrx_word' id='word_1_518' title='bbox 1489 2475 1578 2510; x_wconf 83' lang='lat' dir='ltr'><strong>Regia</strong></span> <span class='ocrx_word' id='word_1_519' title='bbox 1603 2473 1782 2502; x_wconf 83' lang='lat' dir='ltr'><strong>Parisiensi:</strong></span> <span class='ocrx_word' id='word_1_520' title='bbox 1799 2473 1858 2501; x_wconf 86' lang='lat' dir='ltr'><strong>vid.</strong></span> 
     </span>
    </p>
   </div>
   <div class='ocr_carea' id='block_1_50' title="bbox 149 2516 1859 2557">
    <p class='ocr_par' dir='ltr' id='par_1_50' title="bbox 149 2516 1859 2557">
     <span class='ocr_line' id='line_1_50' title="bbox 149 2516 1859 2557; baseline 0.001 -13"><span class='ocrx_word' id='word_1_521' title='bbox 149 2517 221 2544; x_wconf 88' lang='lat' dir='ltr'><strong>Tom.</strong></span> <span class='ocrx_word' id='word_1_522' title='bbox 241 2516 263 2544; x_wconf 87' lang='lat' dir='ltr'><strong>ll</strong></span> <span class='ocrx_word' id='word_1_523' title='bbox 281 2517 369 2546; x_wconf 85' lang='lat' dir='ltr'><strong>Calal.</strong></span> <span class='ocrx_word' id='word_1_524' title='bbox 386 2519 523 2547; x_wconf 82' lang='lat' dir='ltr'><strong>Manuscr.</strong></span> <span class='ocrx_word' id='word_1_525' title='bbox 546 2529 575 2547; x_wconf 81' lang='grc' dir='ltr'><strong>η.</strong></span> <span class='ocrx_word' id='word_1_526' title='bbox 594 2521 656 2553; x_wconf 79' lang='grc'><strong>476,</strong></span> <span class='ocrx_word' id='word_1_527' title='bbox 671 2529 699 2548; x_wconf 81' lang='grc' dir='ltr'><strong>π.</strong></span> <span class='ocrx_word' id='word_1_528' title='bbox 727 2521 796 2549; x_wconf 73' lang='grc'><strong>4482</strong></span> <span class='ocrx_word' id='word_1_529' title='bbox 811 2522 872 2557; x_wconf 90' lang='lat' dir='ltr'><strong>(ubi</strong></span> <span class='ocrx_word' id='word_1_530' title='bbox 889 2522 1017 2557; x_wconf 85' lang='lat' dir='ltr'><strong>plurima</strong></span> <span class='ocrx_word' id='word_1_531' title='bbox 1043 2521 1100 2549; x_wconf 85' lang='lat' dir='ltr'><strong>alia</strong></span> <span class='ocrx_word' id='word_1_532' title='bbox 1115 2521 1203 2548; x_wconf 83' lang='lat' dir='ltr'><strong>Pselli</strong></span> <span class='ocrx_word' id='word_1_533' title='bbox 1228 2521 1346 2557; x_wconf 78' lang='lat' dir='ltr'><strong>scripta,</strong></span> <span class='ocrx_word' id='word_1_534' title='bbox 1363 2521 1450 2548; x_wconf 86' lang='lat' dir='ltr'><strong>etiam</strong></span> <span class='ocrx_word' id='word_1_535' title='bbox 1474 2519 1617 2554; x_wconf 86' lang='lat' dir='ltr'><strong>Juridica,</strong></span> <span class='ocrx_word' id='word_1_536' title='bbox 1635 2518 1859 2554; x_wconf 86' lang='lat' dir='ltr'><strong>memorantur),</strong></span> 
     </span>
    </p>
   </div>
   <div class='ocr_carea' id='block_1_51' title="bbox 128 2561 1859 2604">
    <p class='ocr_par' dir='ltr' id='par_1_51' title="bbox 128 2561 1859 2604">
     <span class='ocr_line' id='line_1_51' title="bbox 128 2561 1859 2604; baseline 0.001 -16"><span class='ocrx_word' id='word_1_537' title='bbox 128 2569 175 2604; x_wconf 55' lang='lat' dir='ltr'><strong>-n.</strong></span> <span class='ocrx_word' id='word_1_538' title='bbox 194 2561 273 2595; x_wconf 86' lang='grc'><strong>1371,</strong></span> <span class='ocrx_word' id='word_1_539' title='bbox 291 2565 319 2589; x_wconf 90' lang='lat' dir='ltr'><strong>et</strong></span> <span class='ocrx_word' id='word_1_540' title='bbox 335 2563 424 2596; x_wconf 66' lang='lat'><strong>27/19;</strong></span> <span class='ocrx_word' id='word_1_541' title='bbox 440 2564 468 2591; x_wconf 86' lang='lat' dir='ltr'><strong>in</strong></span> <span class='ocrx_word' id='word_1_542' title='bbox 484 2564 617 2592; x_wconf 66' lang='lat' dir='ltr'><strong>Cmsarea</strong></span> <span class='ocrx_word' id='word_1_543' title='bbox 633 2565 868 2594; x_wconf 89' lang='lat' dir='ltr'><strong>Vindobonensi:</strong></span> <span class='ocrx_word' id='word_1_544' title='bbox 887 2567 944 2594; x_wconf 88' lang='lat' dir='ltr'><strong>vid.</strong></span> <span class='ocrx_word' id='word_1_545' title='bbox 973 2566 1143 2594; x_wconf 82' lang='lat' dir='ltr'><strong>Lambecius</strong></span> <span class='ocrx_word' id='word_1_546' title='bbox 1159 2567 1230 2593; x_wconf 85' lang='lat' dir='ltr'><strong>Tom.</strong></span> <span class='ocrx_word' id='word_1_547' title='bbox 1249 2566 1278 2594; x_wconf 81' lang='grc' dir='ltr'>γι</span> <span class='ocrx_word' id='word_1_548' title='bbox 1305 2565 1454 2593; x_wconf 84' lang='lat' dir='ltr'><strong>Comment.</strong></span> <span class='ocrx_word' id='word_1_549' title='bbox 1469 2573 1536 2600; x_wconf 84' lang='lat' dir='ltr'><strong>pag.</strong></span> <span class='ocrx_word' id='word_1_550' title='bbox 1553 2564 1598 2598; x_wconf 78' lang='grc'><strong>46,</strong></span> <span class='ocrx_word' id='word_1_551' title='bbox 1613 2566 1642 2591; x_wconf 90' lang='lat' dir='ltr'><strong>et</strong></span> <span class='ocrx_word' id='word_1_552' title='bbox 1665 2562 1814 2591; x_wconf 88' lang='lat' dir='ltr'><strong>Nesselius</strong></span> <span class='ocrx_word' id='word_1_553' title='bbox 1829 2562 1859 2590; x_wconf 92' lang='lat' dir='ltr'><strong>in</strong></span> 
     </span>
    </p>
   </div>
   <div class='ocr_carea' id='block_1_52' title="bbox 146 2608 1861 2647">
    <p class='ocr_par' dir='ltr' id='par_1_52' title="bbox 146 2608 1861 2647">
     <span class='ocr_line' id='line_1_52' title="bbox 146 2608 1861 2647; baseline 0.001 -14"><span class='ocrx_word' id='word_1_554' title='bbox 146 2608 274 2634; x_wconf 78' lang='lat' dir='ltr'><strong>Breviar.</strong></span> <span class='ocrx_word' id='word_1_555' title='bbox 290 2609 369 2635; x_wconf 87' lang='lat' dir='ltr'><strong>Part.</strong></span> <span class='ocrx_word' id='word_1_556' title='bbox 387 2609 422 2641; x_wconf 89' lang='lat' dir='ltr'><strong>ll,</strong></span> <span class='ocrx_word' id='word_1_557' title='bbox 437 2617 502 2644; x_wconf 82' lang='lat' dir='ltr'><strong>pag.</strong></span> <span class='ocrx_word' id='word_1_558' title='bbox 519 2612 572 2643; x_wconf 73' lang='lat'><strong>28;</strong></span> <span class='ocrx_word' id='word_1_559' title='bbox 590 2611 618 2638; x_wconf 89' lang='lat' dir='ltr'><strong>in</strong></span> <span class='ocrx_word' id='word_1_560' title='bbox 632 2611 770 2644; x_wconf 84' lang='lat' dir='ltr'><strong>Medicea,</strong></span> <span class='ocrx_word' id='word_1_561' title='bbox 786 2611 843 2640; x_wconf 91' lang='lat' dir='ltr'><strong>vid.</strong></span> <span class='ocrx_word' id='word_1_562' title='bbox 862 2612 951 2640; x_wconf 90' lang='lat' dir='ltr'><strong>Wilh.</strong></span> <span class='ocrx_word' id='word_1_563' title='bbox 979 2612 1081 2647; x_wconf 81' lang='lat' dir='ltr'><strong>Langii</strong></span> <span class='ocrx_word' id='word_1_564' title='bbox 1097 2612 1184 2640; x_wconf 78' lang='lat' dir='ltr'><strong>Colat.</strong></span> <span class='ocrx_word' id='word_1_565' title='bbox 1206 2612 1280 2640; x_wconf 87' lang='lat' dir='ltr'><strong>Plut.</strong></span> <span class='ocrx_word' id='word_1_566' title='bbox 1306 2612 1351 2644; x_wconf 89' lang='lat'><strong>80,</strong></span> <span class='ocrx_word' id='word_1_567' title='bbox 1368 2619 1395 2638; x_wconf 79' lang='grc' dir='ltr'><strong>η.</strong></span> <span class='ocrx_word' id='word_1_568' title='bbox 1412 2611 1449 2639; x_wconf 83' lang='lat'><strong>6:</strong></span> <span class='ocrx_word' id='word_1_569' title='bbox 1467 2610 1496 2637; x_wconf 92' lang='lat' dir='ltr'><strong>in</strong></span> <span class='ocrx_word' id='word_1_570' title='bbox 1521 2609 1672 2643; x_wconf 85' lang='lat' dir='ltr'><strong>Vaticana,</strong></span> <span class='ocrx_word' id='word_1_571' title='bbox 1688 2608 1747 2636; x_wconf 78' lang='lat' dir='ltr'><strong>vid.</strong></span> <span class='ocrx_word' id='word_1_572' title='bbox 1764 2608 1861 2636; x_wconf 81' lang='lat' dir='ltr'><strong>Mont-</strong></span> 
     </span>
    </p>
   </div>
   <div class='ocr_carea' id='block_1_53' title="bbox 145 2651 1861 2693">
    <p class='ocr_par' dir='ltr' id='par_1_53' title="bbox 145 2651 1861 2693">
     <span class='ocr_line' id='line_1_53' title="bbox 145 2651 1861 2693; baseline 0.002 -15"><span class='ocrx_word' id='word_1_573' title='bbox 145 2651 252 2679; x_wconf 82' lang='lat' dir='ltr'><strong>faucon</strong></span> <span class='ocrx_word' id='word_1_574' title='bbox 270 2651 298 2679; x_wconf 89' lang='lat' dir='ltr'><strong>in</strong></span> <span class='ocrx_word' id='word_1_575' title='bbox 318 2653 446 2682; x_wconf 80' lang='lat' dir='ltr'><strong>Biblioth.</strong></span> <span class='ocrx_word' id='word_1_576' title='bbox 463 2654 701 2684; x_wconf 77' lang='lat' dir='ltr'><strong>Bz‘bltothecarum</strong></span> <span class='ocrx_word' id='word_1_577' title='bbox 728 2657 803 2685; x_wconf 84' lang='lat' dir='ltr'><strong>MSS.</strong></span> <span class='ocrx_word' id='word_1_578' title='bbox 826 2658 896 2685; x_wconf 87' lang='lat' dir='ltr'><strong>Tom.</strong></span> <span class='ocrx_word' id='word_1_579' title='bbox 922 2659 947 2690; x_wconf 88' lang='grc' dir='ltr'><strong>Ι,</strong></span> <span class='ocrx_word' id='word_1_580' title='bbox 963 2666 1026 2693; x_wconf 76' lang='lat' dir='ltr'><strong>pag.</strong></span> <span class='ocrx_word' id='word_1_581' title='bbox 1044 2658 1078 2691; x_wconf 77' lang='lat'><strong>9;</strong></span> <span class='ocrx_word' id='word_1_582' title='bbox 1110 2665 1195 2692; x_wconf 78' lang='lat' dir='ltr'><strong>porro</strong></span> <span class='ocrx_word' id='word_1_583' title='bbox 1211 2657 1299 2684; x_wconf 86' lang='lat' dir='ltr'><strong>etiam</strong></span> <span class='ocrx_word' id='word_1_584' title='bbox 1325 2656 1354 2683; x_wconf 93' lang='lat' dir='ltr'><strong>in</strong></span> <span class='ocrx_word' id='word_1_585' title='bbox 1371 2655 1512 2688; x_wconf 83' lang='lat' dir='ltr'><strong>Palatina,</strong></span> <span class='ocrx_word' id='word_1_586' title='bbox 1541 2663 1604 2690; x_wconf 58' lang='lat' dir='ltr'><strong>qua</strong></span> <span class='ocrx_word' id='word_1_587' title='bbox 1624 2655 1688 2689; x_wconf 85' lang='lat' dir='ltr'><strong>jam</strong></span> <span class='ocrx_word' id='word_1_588' title='bbox 1712 2653 1861 2681; x_wconf 67' lang='lat' dir='ltr'><strong>Vaticana</strong></span> 
     </span>
    </p>
   </div>
   <div class='ocr_carea' id='block_1_54' title="bbox 140 2696 1860 2737">
    <p class='ocr_par' dir='ltr' id='par_1_54' title="bbox 140 2696 1860 2737">
     <span class='ocr_line' id='line_1_54' title="bbox 140 2696 1860 2737; baseline 0.001 -13"><span class='ocrx_word' id='word_1_589' title='bbox 140 2696 246 2731; x_wconf 84' lang='lat' dir='ltr'><strong>juncta</strong></span> <span class='ocrx_word' id='word_1_590' title='bbox 261 2701 315 2731; x_wconf 86' lang='lat' dir='ltr'><strong>est,</strong></span> <span class='ocrx_word' id='word_1_591' title='bbox 331 2698 396 2726; x_wconf 87' lang='lat' dir='ltr'><strong>Cod.</strong></span> <span class='ocrx_word' id='word_1_592' title='bbox 414 2699 477 2734; x_wconf 82' lang='lat' dir='ltr'><strong>3l6,</strong></span> <span class='ocrx_word' id='word_1_593' title='bbox 495 2703 523 2728; x_wconf 85' lang='lat' dir='ltr'><strong>et</strong></span> <span class='ocrx_word' id='word_1_594' title='bbox 549 2701 883 2737; x_wconf 82' lang='lat' dir='ltr'><strong>Constantinopolitana,</strong></span> <span class='ocrx_word' id='word_1_595' title='bbox 906 2702 1002 2729; x_wconf 84' lang='lat' dir='ltr'><strong>indice</strong></span> <span class='ocrx_word' id='word_1_596' title='bbox 1030 2701 1075 2729; x_wconf 86' lang='lat' dir='ltr'><strong>Jo.</strong></span> <span class='ocrx_word' id='word_1_597' title='bbox 1092 2703 1161 2729; x_wconf 87' lang='lat' dir='ltr'><strong>Mar.</strong></span> <span class='ocrx_word' id='word_1_598' title='bbox 1180 2701 1315 2729; x_wconf 83' lang='lat' dir='ltr'><strong>Suaresio</strong></span> <span class='ocrx_word' id='word_1_599' title='bbox 1345 2701 1374 2728; x_wconf 86' lang='lat' dir='ltr'><strong>in</strong></span> <span class='ocrx_word' id='word_1_600' title='bbox 1390 2701 1478 2728; x_wconf 76' lang='lat' dir='ltr'><strong>Nam.</strong></span> <span class='ocrx_word' id='word_1_601' title='bbox 1493 2699 1613 2727; x_wconf 73' lang='lat' dir='ltr'><strong>Basilio.</strong></span> <span class='ocrx_word' id='word_1_602' title='bbox 1631 2699 1686 2733; x_wconf 86' lang='lat'><strong>§7,</strong></span> <span class='ocrx_word' id='word_1_603' title='bbox 1702 2706 1737 2726; x_wconf 86' lang='lat' dir='ltr'><strong>ex</strong></span> <span class='ocrx_word' id='word_1_604' title='bbox 1749 2697 1860 2734; x_wconf 75' lang='lat' dir='ltr'><strong>quibus</strong></span> 
     </span>
    </p>
   </div>
   <div class='ocr_carea' id='block_1_55' title="bbox 143 2741 1856 2782">
    <p class='ocr_par' dir='ltr' id='par_1_55' title="bbox 143 2741 1856 2782">
     <span class='ocr_line' id='line_1_55' title="bbox 143 2741 1856 2782; baseline 0.001 -14"><span class='ocrx_word' id='word_1_605' title='bbox 143 2741 218 2769; x_wconf 75' lang='lat' dir='ltr'><strong>forte</strong></span> <span class='ocrx_word' id='word_1_606' title='bbox 231 2741 257 2769; x_wconf 87' lang='lat' dir='ltr'><strong>si</strong></span> <span class='ocrx_word' id='word_1_607' title='bbox 273 2742 359 2771; x_wconf 67' lang='lat' dir='ltr'><strong>variae</strong></span> <span class='ocrx_word' id='word_1_608' title='bbox 384 2742 524 2772; x_wconf 86' lang='lat' dir='ltr'><strong>lectiones</strong></span> <span class='ocrx_word' id='word_1_609' title='bbox 538 2745 575 2772; x_wconf 85' lang='lat' dir='ltr'><strong>ad</strong></span> <span class='ocrx_word' id='word_1_610' title='bbox 600 2754 706 2773; x_wconf 79' lang='lat' dir='ltr'><strong>manus</strong></span> <span class='ocrx_word' id='word_1_611' title='bbox 721 2746 858 2781; x_wconf 83' lang='lat' dir='ltr'><strong>fuissent,</strong></span> <span class='ocrx_word' id='word_1_612' title='bbox 885 2746 984 2782; x_wconf 86' lang='lat' dir='ltr'><strong>plures</strong></span> <span class='ocrx_word' id='word_1_613' title='bbox 999 2746 1056 2774; x_wconf 82' lang='lat' dir='ltr'><strong>loci</strong></span> <span class='ocrx_word' id='word_1_614' title='bbox 1083 2746 1112 2774; x_wconf 92' lang='lat' dir='ltr'><strong>in</strong></span> <span class='ocrx_word' id='word_1_615' title='bbox 1130 2746 1231 2781; x_wconf 84' lang='lat' dir='ltr'><strong>Psello,</strong></span> <span class='ocrx_word' id='word_1_616' title='bbox 1257 2745 1306 2782; x_wconf 91' lang='lat' dir='ltr'><strong>qui</strong></span> <span class='ocrx_word' id='word_1_617' title='bbox 1331 2747 1467 2781; x_wconf 87' lang='lat' dir='ltr'><strong>corrupte</strong></span> <span class='ocrx_word' id='word_1_618' title='bbox 1479 2745 1543 2780; x_wconf 84' lang='lat' dir='ltr'><strong>jam</strong></span> <span class='ocrx_word' id='word_1_619' title='bbox 1572 2743 1721 2780; x_wconf 81' lang='lat' dir='ltr'><strong>leguntur,</strong></span> <span class='ocrx_word' id='word_1_620' title='bbox 1737 2742 1856 2771; x_wconf 87' lang='lat' dir='ltr'><strong>restitui</strong></span> 
     </span>
    </p>
   </div>
   <div class='ocr_carea' id='block_1_56' title="bbox 147 2786 323 2823">
    <p class='ocr_par' dir='ltr' id='par_1_56' title="bbox 147 2786 323 2823">
     <span class='ocr_line' id='line_1_56' title="bbox 147 2786 323 2823; baseline 0 -8"><span class='ocrx_word' id='word_1_621' title='bbox 147 2786 323 2823; x_wconf 85' lang='lat' dir='ltr'><strong>potuissent.</strong></span> 
     </span>
    </p>
   </div>
  </div>
