1952 3052
110 119 176 149 925

791 121 979 153 SYNOPSIS
1001 121 1148 152 LEGUM.

1764 122 1822 151 926

665 258 729 286 ΤΟΥ
754 259 960 287 ΣΟΦΩΤΛΤΟΥ
982 260 1042 286 ΚΑΙ
1064 259 1271 287 ΥΙΙΕΡΤΙΜΙΟΥ

369 361 791 426 ΜΙΧΑΗΛ
864 362 1066 428 ΤΟΥ

1139 361 1567 427 ΨΕΛΛΟΥ

449 486 604 516 ΣΥΝΟΨΙΣ
625 487 699 516 ΤΟΝ
714 489 844 524 ΝΟΜΩΝ,
861 489 918 517 AIA
933 490 1059 517 ΣΤΙΧΩΝ
1077 489 1212 517 [ΑΜΒΩΝ
1228 492 1287 516 ΚΑΙ
1301 491 1486 517 ΠΟΛΙΤΙΚΩΝ

239 569 311 607 Πρὸς
325 570 372 597 τὸν
392 568 505 607 βασιλέα
521 569 640 609 Καίσαρα
655 571 773 610 Μιχαὴλ
789 573 834 600 τὸν
851 574 963 608 Δοῦκαν,
979 572 1009 600 ix.
1023 572 1194 611 προστάξεως
1207 574 1256 600 τοῦ
1271 573 1372 610 πατρὸς
1387 571 1470 600 αὐτοῦ
1483 573 1526 599 καὶ
1546 571 1691 612 βασιλέως.

646 729 909 758 SAPIENTISSIMI
929 729 976 758 ET
996 728 1282 758 HONORATISSIMI

377 829 1046 907 iMIOHAELIS

1133 829 1558 906 PSELLI

518 971 736 1001 COMPENDIUM
755 971 869 1001 LEGUM
889 971 1048 1001 VERSIBUS
1067 971 1179 1000 lAMBlS
1198 972 1241 1000 ET
1255 970 1419 999 POLITICIS

225 1061 274 1092 Ad
288 1060 514 1102 imperatorem
531 1063 684 1094 Caesarem
699 1062 888 1094 Michaelem
907 1063 1039 1099 Ducam,
1059 1070 1098 1092 ex
1115 1060 1207 1101 jussu
1221 1060 1321 1101 patris
1335 1059 1433 1101 ipsius
1447 1062 1479 1091 et
1492 1059 1703 1101 imperatoris.

110 1229 187 1258 Πολὺ
203 1230 246 1258 καὶ
263 1229 463 1268 δυσθεώρητον,
476 1232 508 1260 τὸ
521 1233 635 1270 μάθημα
649 1235 697 1260 τοῦ
711 1234 809 1270 νόμου,

112 1278 158 1303 Ἐν
178 1274 274 1302 πλάτει
291 1274 522 1312 δυσπερίληπτον,
539 1277 638 1316 ἀσαφὲς
654 1278 679 1306 έν
696 1278 815 1316 συνόψει,

112 1319 163 1347 Καὶ
179 1319 256 1357 λόγῳ
272 1319 497 1357 δυσερμήνευτον·
514 1320 579 1349 ἀλλ’
593 1321 669 1358 ὅμως
685 1323 842 1361 ἀνάγκαῖον,

115 1364 166 1391 Καὶ
182 1363 222 1391 δεῖ
237 1365 283 1392 τὸν
299 1365 486 1403 αὐτοκράτορα
495 1366 595 1393 τούτου
613 1366 719 1403 μᾶλλον
735 1367 899 1405 φροντίζειν,

115 1408 231 1440 Δικαίως
246 1408 297 1447 γάρ
310 1420 340 1436 τε
355 1408 458 1437 δίκαιον
475 1409 500 1437 ἐν
518 1409 604 1443 δίκαις
619 1411 779 1450 φυλακτέον.

111 1454 191 1480 ’Ὅθεν
207 1452 262 1491 ἐγώ
278 1464 319 1481 σοι
334 1454 368 1481 τὰ
383 1453 476 1482 πολλᾶ
490 1457 539 1482 τοῦ
556 1455 639 1493 λόγου
655 1456 810 1493 συνοψίσας,

113 1497 273 1535 Εὐθήρατόν
287 1508 313 1525 τι
329 1498 465 1536 σύνταγμα
480 1499 617 1534 πεποίηκα
628 1502 681 1527 τῶν
697 1501 800 1537 νόμων.

113 1543 227 1578 Πρῶτον
243 1540 266 1570 δ’
282 1542 460 1579 έρμηνευτέον
477 1554 529 1578 σοι,
546 1544 616 1571 πόσα
628 1547 676 1572 τοῦ
691 1545 777 1582 νόμου
795 1546 875 1584 μέρη.

111 1586 150 1614 Τό
168 1586 215 1623 μὲν
231 1586 281 1625 γὰρ
296 1587 399 1615 τούτων
417 1587 539 1620 Κώδικος
554 1587 639 1620 οὕτως
654 1589 858 1628 ὠνομασμένον,

115 1630 234 1668 ΙΙτυχίον
251 1629 465 1666 δωδεκάϐιϐλον,
483 1632 496 1660 ὃ
512 1643 574 1672 φασι
592 1633 737 1669 Διατάξεις’

110 1675 190 1712 ’Ἑχει
208 1673 236 1702 δὲ
247 1678 328 1703 τοῦτο
345 1674 479 1714 δῦγματα,
500 1676 626 1713 δέσποτα,
646 1677 791 1715 βασιλέων,

111 1719 293 1758 Ἀντιγραφάς
307 1731 336 1748 τε
351 1720 475 1757 νομικιὶς,
492 1721 535 1748 καὶ
553 1720 636 1749 δικῶν
652 1722 808 1762 ἀποφάσεις.

111 1764 152 1792 Τὸ
168 1762 196 1791 δὲ
211 1767 324 1792 καλοῦσι
342 1765 462 1803 Αἴγεστα,
478 1766 618 1803 Ῥωμαίκή
637 1765 660 1794 δ’
674 1768 691 1801 ἡ
708 1766 817 1800 κλῆσις.

108 1809 239 1846 Ὕπάρχει
258 1807 285 1836 δε
299 1810 330 1837 τὸ
346 1809 472 1846 Λίγεστα,
488 1810 658 1845 Ἑλληνικῶς
675 1810 839 1847 Πανὸέκτης,

112 1853 175 1880 ’Ότι
191 1853 235 1880 καὶ
251 1853 341 1890 νόμων
357 1854 459 1892 πέφυκε.
474 1853 653 1882 παντοδαπῶν
668 1854 791 1893 δοχεῖον·

112 1897 159 1924 Καὶ
177 1897 302 1925 πλεῖστοι
318 1898 517 1936 συνεγράψαντο
533 1899 596 1930 τοὺς
608 1900 708 1936 νόμους
737 1902 784 1928 τοῦ
816 1899 934 1928 Πανδέκ-

826 1947 894 1982 [του.

142 2073 329 2109 Multiplicem
337 2075 382 2101 est
388 2076 415 2101 et
422 2074 616 2109 contemplatu
625 2075 652 2102 di
659 2075 834 2111 lﬁcilislegis
841 2075 930 2103 scien~

107 2118 158 2151 tia,
176 2126 238 2154 qua
266 2120 392 2146 obscura
417 2119 446 2145 in
476 2120 660 2155 compendio,
678 2127 730 2146 nec
758 2121 930 2150 summatim

107 2162 328 2198 comprehendi,
343 2171 396 2189 nec
411 2171 544 2190 sermone
561 2164 644 2191 facile
659 2165 797 2199 explicari
816 2167 928 2199 potest:

107 2207 158 2234 illa
170 2209 267 2234 tamen
285 2207 450 2234 necessaria
466 2210 520 2241 est,
547 2208 732 2242 potissimum
751 2209 929 2246 imperatori,

107 2259 193 2286 quem
208 2252 272 2286 ejus
296 2259 397 2278 curem
426 2252 551 2279 maxime
577 2253 684 2280 habere
704 2256 815 2288 oportet
829 2262 835 2281 :
849 2255 931 2289 justo

107 2294 184 2322 enim
198 2295 226 2322 in
240 2295 361 2329 judiciis
371 2296 423 2330 jus
437 2299 483 2323 est
497 2297 723 2325 observandum.
749 2297 931 2333 Quapropter

106 2347 158 2375 ego
173 2339 273 2366 multis
288 2340 318 2366 in
334 2340 541 2374 compendium
560 2341 696 2372 redactis.
710 2341 803 2369 facilis
815 2343 929 2376 indagi-

107 2384 151 2411 nis
166 2385 302 2411 volumen
319 2384 417 2419 legum
433 2384 487 2411 tibi
502 2386 666 2420 composui.
684 2386 717 2413 Et
733 2386 860 2421 primum
870 2388 931 2422 qui-

105 2428 170 2455 item
186 2427 239 2455 tibi
254 2427 458 2463 explicandum
475 2432 529 2461 est,
546 2432 617 2464 quot
637 2432 706 2457 sunt
731 2434 828 2465 partes
845 2431 926 2464 legis.

105 2473 144 2501 Ea
158 2481 221 2508 quae
238 2472 327 2500 Codex
351 2472 470 2505 dicitur,
485 2477 530 2500 est
545 2482 652 2509 corpus
676 2475 829 2503 duodecim
845 2475 928 2504 libris

104 2519 252 2551 constans,
269 2516 502 2544 Constitutiones
518 2521 630 2552 vocant,
643 2519 761 2554 quibus,
773 2527 789 2546 ο
800 2520 926 2555 domine,

104 2562 313 2596 imperatorum
332 2560 448 2595 placita,
465 2561 596 2597 legitima
619 2565 771 2599 rescripta,
789 2567 817 2592 et
830 2564 926 2592 litium

105 2606 266 2633 decisiones
282 2608 371 2639 atque
397 2607 546 2634 sententia
568 2608 764 2636 continentur.
790 2609 929 2644 Sequitur

105 2657 180 2685 pars,
198 2657 287 2685 quam
304 2650 418 2685 Digesta
435 2649 536 2678 Latina
563 2659 642 2684 voce,
658 2653 813 2680 Pandecten
829 2653 928 2682 Graeca

105 2693 266 2728 nominant,
284 2693 361 2729 quod
377 2693 416 2721 sit
435 2695 659 2724 omnifariarum
676 2696 772 2731 legum
797 2701 927 2733 recepta-

104 2737 211 2773 culum,
227 2740 256 2765 et
283 2737 362 2773 leges
384 2737 543 2766 Psndectes
567 2740 652 2768 multi
677 2741 925 2776 conscripserunt.

105 2782 299 2818 Digestorum,
315 2790 331 2810 ο
347 2781 478 2819 domine,
492 2783 576 2813 variae
592 2787 662 2814 sunt
677 2788 785 2822 partes,
802 2793 927 2822 quarum

951 1236 977 1270 Α
993 1236 1051 1262 Τῶν
1066 1233 1095 1262 δὲ
1111 1234 1256 1272 Διγέστων,
1272 1231 1400 1266 δέσποτα,
1415 1230 1575 1259 παντοδαπὰ
1588 1231 1621 1257 τὰ
1638 1230 1718 1267 μέρη·

991 1279 1033 1307 Τὰ
1051 1279 1099 1315 μὲν
1114 1278 1165 1316 γὰρ
1180 1280 1277 1315 πρῶτα
1291 1276 1413 1314 λέγουσι,
1427 1276 1487 1313 περὶ
1505 1274 1748 1312 συναλλαγμάτων.

991 1320 1176 1359 Τετράϐιϐλος
1191 1321 1214 1349 δ’
1231 1323 1248 1357 ἡ
1264 1321 1385 1358 σύνταξις
1396 1320 1495 1354 κλῆσις
1508 1321 1563 1346 τῶν
1575 1319 1691 1357 πρώτων
1707 1318 1817 1356 πρώτη.

993 1367 1032 1396 Τὸ
1049 1368 1116 1404 μετὰ
1127 1369 1211 1394 ταῦτα
1226 1367 1327 1402 πέφυκε
1347 1362 1511 1393 ἐπτάϐιϐλυν
1528 1363 1653 1401 πτυχίον,

990 1414 1153 1448 Ῥωμαϊκῶς
1169 1411 1317 1450 λεγόμενον
1334 1409 1417 1444 οὕτω,
1432 1409 1465 1436 Δὶ
1480 1407 1626 1443 Ἰουδικῆς,

992 1458 1071 1484 υΠτοι
1085 1459 1140 1483 τῶν
1155 1457 1218 1493 περὶ
1233 1455 1359 1493 κρίσεων,
1376 1452 1454 1485 εἷ’τις
1470 1452 1649 1488 έξελληνίζει.

991 1501 1030 1530 Τὸ
1043 1501 1133 1538 τρίτον
1150 1499 1179 1528 δὲ
1195 1501 1379 1537 συνάθροισμα
1394 1497 1516 1526 καλεῖται
1533 1501 1565 1524 Δε
1580 1494 1690 1532 Ρεϐους,

992 1543 1173 1574 Ὀκτάϐιϐλόν
1189 1555 1215 1572 τι
1232 1544 1370 1582 σύνταγμα
1383 1542 1541 1581 χωρητικὸν
1555 1542 1733 1579 πραγμάτων.

990 1590 1124 1628 Τέταρτος
1138 1590 1224 1622 τόπος
1238 1590 1339 1628 πέφυκε
1354 1591 1407 1616 τῶν
1424 1589 1544 1623 νομικῶν
1557 1586 1689 1624 Διγέστων

990 1635 1118 1672 Καθάπερ
1135 1634 1162 1662 εἷ’
1173 1645 1215 1665 τις
1231 1633 1373 1673 ὀφθαλμὸς
1387 1634 1441 1660 τῶν
1459 1631 1531 1659 ὅλων
1545 1631 1749 1667 συνταγμάτων,

989 1677 1169 1706 Ὀκτάϐιϐλον
1186 1679 1231 1706 τὸν
1249 1678 1363 1716 ἀριθμὸν
1380 1677 1472 1713 νόμιον
1485 1674 1599 1703 πολλῶν
1616 1673 1638 1702 δ’
1655 1674 1814 1710 ὠνομάσθη,

989 1724 1023 1750 Τὸ
1039 1725 1163 1760 πέμπτον
1180 1722 1203 1750 δ’
1219 1720 1390 1750 έννεάϐιῦλον
1409 1721 1438 1748 ἐκ
1454 1720 1552 1757 μέρους
1569 1718 1589 1745 δ¹
1602 1718 1761 1755 ὠνομάσθη,

990 1768 1055 1805 Περὶ
1073 1767 1209 1803 διαθηκῶν
1227 1778 1319 1807 φησιν,
1336 1766 1393 1803 ἔχει
1412 1764 1433 1792 δ’
1451 1763 1524 1792 ἄλλα
1541 1763 1634 1800 μυρία.

988 1813 1025 1841 Τὸ
1043 1811 1065 1840 δ’
1079 1811 1157 1840 ἕκτον
1175 1805 1244 1849 ἔχει,
1261 1810 1387 1844 δέσποτα,
1407 1810 1473 1846 μόνα
1489 1807 1536 1835 δύο
1554 1805 1660 1845 βιϐλία,

991 1859 1087 1896 Σαφῶς
1105 1856 1133 1884 δὲ
1149 1855 1312 1894 διαλέγεται,
1330 1855 1396 1892 Περὶ
1414 1855 1525 1892 βαθμῶν
1542 1850 1687 1888 ποικίλων,

990 1899 1176 1938 Διαλαμϐάνει
1190 1911 1219 1928 τε
1235 1901 1325 1940 σαφῶς
1340 1899 1401 1938 περὶ
1416 1896 1616 1936 κληρονομίας,

987 1947 1047 1975 Τῶν
1062 1945 1200 1985 Ὀρφιτίου
1219 1945 1366 1982 μέμνηται,
1382 1943 1427 1972 καὶ
1443 1941 1591 1980 Τιρτιλίου
1607 1940 1710 1976 νόμων,

1630 1989 1713 2014 Vers.
1730 1986 1774 2012 33.

987 2078 1097 2114 priores
1113 2078 1147 2105 de
1164 2077 1363 2105 contractibus
1389 2076 1538 2107 dicuntur,
1555 2075 1658 2108 estque
1680 2071 1811 2107 priorum

986 2123 1081 2159 prima
1096 2122 1227 2150 collectio
1252 2124 1379 2157 quatuor
1400 2120 1482 2147 libris
1507 2117 1681 2154 composita.
1706 2118 1812 2143 Postea

985 2169 1096 2202 septem
1136 2167 1278 2194 librorum
1316 2165 1452 2192 volumen
1483 2163 1584 2191 Latine
1621 2162 1657 2188 De
1681 2160 1810 2196 judiciit,

985 2211 1081 2238 Grn-ce
1111 2210 1174 2247 Περῖ
1208 2209 1334 2246 κρίσεων.
1360 2209 1459 2236 Tertia
1496 2206 1628 2235 collectio
1666 2205 1702 2231 De
1730 2204 1811 2231 rebus

985 2256 1104 2287 dicitur,
1134 2258 1198 2282 octo
1228 2255 1312 2281 libris
1340 2262 1438 2281 rerum
1468 2253 1624 2279 tractatum
1643 2248 1808 2277 continens.

985 2301 1126 2333 Quartum
1144 2298 1342 2329 locum.veluti
1357 2298 1458 2325 oculus
1475 2296 1680 2324 universorum
1692 2295 1808 2320 contra-

984 2347 1097 2375 ctuum.
1113 2347 1177 2372 octo
1192 2352 1292 2371 earum
1314 2342 1379 2370 libri
1406 2341 1567 2368 multarum
1585 2339 1681 2374 legum
1705 2344 1810 2364 conce-

985 2389 1101 2424 ptacula
1116 2389 1171 2416 sibi
1185 2388 1346 2416 vindicant.
1362 2386 1502 2418 Quintum
1525 2391 1593 2411 vero
1609 2389 1712 2410 novem
1728 2380 1808 2415 libri,

985 2442 1001 2460 a
1017 2436 1098 2468 parte
1125 2433 1271 2468 praecipua
1297 2432 1333 2459 De
1356 2432 1523 2458 testamentis
1538 2427 1642 2461 vocati,
1670 2425 1737 2454 licet
1753 2426 1810 2453 alin

985 2479 1139 2505 innumera
1154 2476 1412 2511 comprehendant.
1437 2476 1523 2501 Sexte
1547 2480 1624 2508 pars,
1640 2479 1656 2499 ο
1678 2470 1808 2504 domine,

983 2522 1057 2549 duos
1073 2522 1237 2557 singulares
1254 2520 1343 2548 libros
1357 2519 1494 2551 continet,
1509 2517 1560 2553 qui
1575 2519 1652 2544 recte
1668 2517 1809 2542 vocantur

982 2566 1019 2593 De
1032 2566 1149 2593 diversis
1163 2565 1309 2601 gradibus,
1325 2567 1354 2590 et
1374 2562 1525 2598 perspicue
1540 2562 1667 2588 tractant
1690 2559 1726 2586 de
1740 2566 1807 2586 suc-

983 2611 1125 2643 cessione,
1142 2614 1171 2637 et
1183 2607 1447 2637 senatusconsultis
1457 2605 1626 2640 Orphitiano
1637 2607 1666 2631 et
1676 2601 1808 2630 Tertilia-

984 2664 1019 2683 no
1035 2658 1064 2683 et
1087 2654 1279 2690 multiplicem
1304 2652 1390 2680 aliam
1414 2651 1512 2686 legum
1538 2649 1752 2677 ordinationem
1773 2654 1808 2674 ea

983 2708 1051 2735 pars
1066 2698 1280 2734 complectitur.
1304 2695 1435 2730 septima
1449 2697 1478 2722 et
1492 2694 1597 2722 ultima
1621 2692 1806 2735 Digestorum

981 2733 1114 2779 legitima
1129 2733 1207 2778 pars,
1224 2742 1260 2769 de
1276 2739 1454 2767 firmissimis
1470 2736 1710 2775 stipulationibus
1727 2733 1806 2779 volu-

982 2777 1048 2816 men
1064 2777 1179 2816 duobus
1208 2785 1292 2814 libris
1321 2783 1523 2820 singularibus
1552 2779 1679 2812 conﬁcit,
1696 2777 1805 2813 quibus
