1948 3056
110 118 170 148 929

110 186 160 218 Ἀς
175 184 272 224 ἑνοχᾶς
289 185 443 222 ὠνόμασαν,
459 183 575 221 δεσμούς
588 195 662 216 τινας
678 183 809 216 δικαίους.

114 230 147 258 Ἦ
163 230 216 264 Ῥὲ,
233 231 251 265 ἡ
267 227 376 267 Βέρϐις,
394 230 524 267 Λίττερις,
541 229 654 267 τετάρτη
672 231 689 265 ἡ
705 230 862 258 Κονσὲνσου.

112 274 147 303 Ἠ
166 275 208 302 Ῥὶ
224 276 305 312 γεννᾷ
319 273 510 311 πραγματικὰς
525 274 632 312 ἀγωγὰς
647 276 710 312 γοῦν
732 274 776 302 καὶ
795 274 886 311 μόνας.

113 320 212 357 Μήτηρ
228 318 257 347 δὲ
271 316 369 357 Βέρϐις
384 318 472 358 πὲφυκ
487 319 493 330 ’
506 320 523 354 ἡ
539 319 601 357 περί
618 318 644 354 ἐξ
661 318 836 348 στιπουλάτο.

115 363 232 392 Πλάττει
247 363 292 392 καὶ
306 365 323 399 ἠ
339 364 492 392 Κονσὲνσου
508 362 537 391 δὲ
550 364 597 395 τὰς
608 364 770 396 συναινέσεις
786 362 852 401 ἅμα.

113 409 147 437 Ἡ
163 408 286 446 Λίττερις
300 407 334 436 τὰ
345 407 494 447 γράμματα
507 408 596 447 γυμνὰ
609 408 776 447 πραγμάτων
788 409 892 447 τεύχει,

115 453 146 482 Εἰ
161 453 212 492 γὰρ
226 464 268 484 τις
285 452 368 491 χρέος
383 453 510 491 γράψειεν
527 452 678 492 ἀνάργυρον
694 453 719 481 ἐν
736 453 853 487 τούτοις,

116 497 165 525 Καὶ
183 498 221 534 μὴ
237 498 400 535 προσθήσει,
416 496 543 532 δέσποτα,
562 496 663 534 μέμψιν
680 496 852 535 ἀναργυρίας,

116 542 165 569 Καὶ
181 541 272 577 διετὴς
289 541 422 580 ἐκρεύσειε
437 541 538 580 χρόνος
553 540 580 569 ἐν
597 542 672 578 μέσῳ
687 540 781 576 πάλιν,

117 587 273 625 Γράμμασι,
290 585 416 622 δέσποτα,
432 586 528 614 λοιπὸν
545 588 749 623 κατακρατεῖται
767 595 870 623 μονοις.

116 632 172 667 Τὴν
189 631 291 670 λίτεριν
308 630 337 660 δὲ
347 630 510 659 πλάττουσιν
527 631 552 666 ἐξ
571 631 687 669 ἡσυχίας
705 631 800 667 μόνης,

117 677 211 712 ἨῬὶ,
232 675 359 714 σημαίνει
374 676 529 715 πράγματα,
547 677 564 710 ἡ
592 673 699 713 Βὲρῧις,
716 674 815 712 ψιλοὺς
834 674 944 713 λόγους.

118 723 151 751 Ἥ
167 722 300 759 Λίττερις,
316 722 350 749 τὰ
365 721 525 759 γράμματα,
537 720 675 755 κονσὲνσο,
692 719 867 751 συναινέσεις.

119 766 236 802 Ἑκάστη
253 765 282 794 δὲ
296 768 350 793 τῶν
366 766 482 804 ἀγωγῶν
499 765 608 804 ἀγωγὰς
624 764 731 796 πολλὰς
745 764 844 793 τίκτει.

121 812 182 840 Ἐπὶ
198 810 226 839 δέ
239 822 281 843 τις
296 810 416 850 ἐνέχεται
428 809 617 847 πλημμελῶν.
633 809 651 845 ἤ
667 807 848 846 συμϐάλλων,

119 857 154 884 Ἠ
170 856 355 895 φανερώτερον
368 855 465 890 εἰπεῖν,
481 854 549 893 πρός
565 865 639 886 τινας
652 853 857 883 συναλλάσσων.

121 901 191 929 Ἀπὸ
207 899 235 928 δὲ
245 900 491 938 πλημμελήματπ
506 900 614 938 ἀγωγὰς
629 898 718 937 εὕροις
732 899 841 934 ταύτας,

119 947 174 981 Τήν
204 945 343 984 Φούρτην,
367 946 416 979 τήν
448 945 510 983 περὶ
538 943 656 979 κλοπῆς,
682 947 714 972 Βι
745 944 883 982 βονορουμ
898 954 948 982 ρα-

745 991 893 1026 Ιπτορουμ,

120 1035 198 1066 Ἠτις
215 1034 302 1072 βιαίαν
320 1034 444 1072 ἁρπαγὴν
467 1034 633 1071 πραγμάτων
651 1033 806 1071 ἓρμηνεύει,

121 1079 178 1114 Τήν
195 1080 397 1116 Ἰνιουριάρουμ
411 1079 450 1114 τὶ,
466 1078 527 1113 ἥτις
543 1076 619 1115 ὕϐριν
634 1079 775 1115 σημαίνει,

119 1124 171 1153 Τὸν
187 1135 216 1151 τε
233 1124 279 1160 μὶν
295 1123 461 1158 ’Δκουίλιον,
477 1124 523 1150 τὸν
537 1123 598 1160 περί
614 1125 663 1155 τῆς
680 1122 780 1159 ζημίας
797 1131 803 1138 ·

120 1169 163 1204 Ἐξ
178 1169 215 1195 ὧν
229 1168 311 1196 πάλιν
328 1168 365 1199 ὡς
381 1170 524 1204 ποταμῶν,
541 1168 681 1206 ῥευμάτων
695 1178 723 1194 τε
739 1166 884 1203 δευτέρων,

120 1212 255 1250 Κρουνοὺς
271 1212 394 1250 εὐρήσεις
410 1212 522 1250 ἀγωγῶν
539 1212 702 1250 προσφόρως
719 1211 892 1249 ἐκχυθέντας.

154 1258 238 1295 Ὅρος
254 1256 282 1284 δὲ
297 1256 535 1294 συναλλᾳγματος,
552 1257 589 1288 ὡς
601 1255 682 1294 ἤρεσε
696 1258 755 1286 τοῖς
770 1255 879 1292 νόμοις,

120 1302 287 1332 Συναίνεσις,
303 1301 347 1328 καὶ
363 1301 498 1331 σύννευσις
513 1300 648 1328 πλειόνων
664 1298 838 1336 θελημάτων,

119 1347 154 1374 "H
169 1345 216 1374 δύο
231 1346 263 1373 τὸ
278 1345 436 1383 ἐλάχιστον,
453 1345 491 1376 εἱς
507 1345 572 1372 αὐτὸ
587 1343 809 1381 συνδραμόντων.

118 1391 192 1418 ”Ωστ’
208 1389 307 1428 ἐνοχῆς
324 1391 488 1425 ποιήσασθαι
505 1388 617 1424 δύναμιν
635 1389 787 1426 παραυτίκα
804 1398 810 1404 '

119 1436 164 1466 Et:
181 1435 260 1473 χάριν
275 1434 303 1462 δὶ
319 1434 414 1473 ρητέον
430 1445 478 1461 σου
494 1436 547 1461 τῶν
563 1433 664 1471 ἐνιιχῶν
681 1433 806 1468 ἑκάστην,

119 1480 175 1512 Τὰς
190 1480 325 1518 φυομένοις
340 1479 449 1517 ἀγωγὰς
462 1477 498 1505 ’ἶν’
512 1476 577 1515 ἔχῃς
591 1477 760 1515 ἀσυγχύτως.

118 1524 171 1553 Καὶ
185 1524 234 1555 τὰς
252 1524 369 1560 μητέρας
380 1521 510 1561 ἀκριϐῶς,
526 1523 594 1560 πρὸς
611 1521 640 1549 δὲ
654 1522 701 1553 τὰς
716 1521 871 1559 Θυγατέρας.

119 1570 178 1604 Τῆς
193 1568 223 1607 ῥὶ
237 1572 286 1604 τῆς
298 1567 325 1596 iv
339 1571 398 1599 τοῖς
413 1567 566 1606 πράγμασιν
579 1565 646 1603 ἔστι,
662 1568 680 1601 ἡ
696 1567 844 1601 Δεποσίτης

118 1722 221 1755 quarta
249 1719 398 1747 Consensu.
428 1718 572 1755 Obligatio
601 1726 666 1754 quae
694 1726 724 1745 re
750 1717 945 1752 contrahitur,

121 1764 217 1800 gignit
233 1764 310 1792 solas
326 1763 419 1791 reales
435 1763 575 1790 actiones.
592 1764 659 1796 Quae
680 1763 777 1795 verbis,
795 1764 889 1790 mater
903 1764 948 1790 est

120 1809 244 1836 actionis
260 1816 294 1836 ex
309 1807 462 1844 stipulatu.
480 1808 548 1839 Quae
558 1807 811 1840 consenquormat
826 1814 947 1834 conven-

121 1853 226 1880 tiones.
243 1853 310 1885 Quae
328 1852 440 1885 litteris,
452 1852 563 1878 nudam
575 1859 672 1878 rerum
689 1851 864 1886 scripturam
876 1858 947 1878 con-

120 1897 218 1924 struit.
235 1897 265 1924 Si
282 1896 347 1932 quis
363 1896 440 1924 enim
457 1896 588 1923 debitum
606 1903 662 1922 non
694 1897 847 1922 numerata
861 1902 948 1930 pecu-

121 1942 170 1969 nia
185 1940 346 1976 scripserit,
373 1948 476 1975 neque,
503 1948 519 1968 0
541 1940 670 1973 domine,
697 1939 775 1967 intra
795 1938 947 1966 biennium

120 1987 155 2014 de
171 1986 296 2022 pecunia
311 1994 368 2013 non
386 1987 541 2012 numerata
555 1984 702 2020 querelam
720 1984 854 2015 moverit.
869 1982 949 2010 dein-

121 2039 190 2066 ceps
205 2030 282 2063 quod
307 2029 378 2058 solis
402 2029 508 2057 litteris
534 2028 663 2056 debitum
681 2030 737 2062 est,
759 2027 946 2063 praevalebit:

121 2075 184 2103 solo
199 2074 316 2102 silentio
340 2074 480 2109 obligatio
503 2073 609 2101 litteris
632 2073 825 2100 contrahitur.
842 2073 889 2105 Ke,
905 2072 948 2099 si-

122 2119 243 2155 gniﬁcat
272 2127 319 2147 res
352 2119 457 2151 Verbis,
489 2118 584 2146 nudos
613 2125 764 2145 sermones
787 2126 792 2144 :
823 2118 947 2152 Litteris,

122 2164 300 2199 scripturam
316 2171 322 2191 :
339 2163 487 2197 Consensu,
512 2164 605 2198 pacta.
634 2162 740 2190 Deinde
755 2161 821 2197 quis
836 2161 948 2197 obliga-

121 2202 181 2242 tur,
197 2208 241 2236 vel
257 2207 443 2244 delinquens,
460 2207 503 2235 vel
519 2206 706 2241 contrahens,
720 2206 775 2242 vel,
792 2208 824 2233 ut
840 2206 948 2234 clarius

123 2252 231 2286 dicam,
248 2260 309 2280 rem
335 2252 462 2286 aliquam
492 2259 558 2279 cum
575 2251 642 2278 aliis
658 2259 758 2286 agens.
787 2250 827 2278 Ex
842 2249 948 2278 delicto

125 2298 177 2324 has
207 2297 338 2324 actiones
377 2296 558 2332 comperies,
588 2296 685 2330 Furti,
715 2294 778 2331 Περί
806 2293 914 2328 κλοπῆς
939 2303 946 2323 :

128 2342 158 2370 Vi
186 2341 318 2369 bonorum
346 2345 507 2376 raptorum,
537 2348 625 2376 quam
661 2339 820 2367 violentum
848 2347 946 2367 rerum

124 2388 240 2422 raptum
257 2387 466 2421 interpretare:
483 2385 668 2419 Iniuriarum,
684 2392 747 2420 quis
771 2383 948 2420 petulantem

123 2431 333 2459 contumeliam
364 2430 530 2465 significat:
560 2430 679 2465 Aquiliae
694 2428 766 2465 legis
792 2429 947 2463 actionem,

124 2475 184 2503 sive
199 2476 237 2503 De
251 2475 360 2503 damno.
383 2475 422 2502 Ex
437 2474 543 2509 quibus
570 2477 711 2510 tanquam
739 2473 906 2509 ﬂuviorum,
921 2476 950 2501 et

124 2522 267 2548 ﬂuctuum
285 2519 482 2547 secundorum
498 2518 693 2554 scaturigines
709 2517 858 2545 actionum
874 2526 950 2546 com-

124 2565 210 2592 mode
226 2563 362 2591 salientes
378 2563 514 2599 reperies.

159 2608 295 2637 Deﬁnitio
301 2610 479 2640 contractus,
492 2609 522 2634 ut
530 2607 643 2642 legibus
653 2606 822 2643 placuit,est
830 2615 950 2634 consen-

125 2662 176 2682 sus
192 2656 220 2681 et
234 2652 413 2688 conspiratio
429 2651 570 2687 plurium,
587 2651 629 2678 vel
652 2652 688 2679 ad
706 2651 804 2678 minus
824 2651 949 2679 duarum

125 2697 309 2726 voluntatum
327 2696 363 2723 ad
378 2696 457 2723 idem
478 2695 726 2723 concurrentium.
753 2694 949 2727 Quemadmo-

126 2743 197 2771 dum
223 2741 363 2777 obligatio
392 2740 482 2769 robur
509 2740 649 2774 obtineat,
680 2739 778 2768 statim
807 2739 949 2769 dicemus.

125 2787 210 2818 Nunc
226 2786 304 2816 enim
322 2785 364 2816 tui
387 2785 481 2824 gratia
503 2784 625 2823 singulas
647 2783 840 2824 obligationes
859 2785 948 2822 expli-

788 119 977 150 SYNOPSIS
1000 119 1146 150 LEGUM.

1759 117 1820 149 930

948 187 974 221 Α
992 184 1146 220 Ἑλληνιστῖ
1164 184 1329 224 δὶπὲφυκεὴ
1346 185 1557 223 παρακαταθήκη
1576 194 1582 200 '

993 231 1024 259 'H
1035 228 1205 267 Κομμοόαἱτη
1223 228 1357 267 δεύτερον,
1370 233 1469 268 χρῆσις
1482 232 1536 257 τῶν
1554 228 1704 266 δεδομένων
1721 239 1727 246 ·

995 275 1026 303 Ἢ
1044 274 1233 314 Πιγνερατικία
1245 285 1285 310 τε,
1302 275 1392 313 ἠπερί
1404 274 1539 313 ἐνεχύρων
1555 284 1560 290 ·

995 320 1027 348 Ἡ
1042 319 1103 358 περὶ
1119 320 1290 355 ἀπαιτήσεως
1306 319 1495 357 κληρονομίας
1510 318 1595 356 ἄλλη,

996 365 1046 393 ’Ήν
1062 363 1235 402 Ἑρεδιτάτης
1251 363 1361 402 λέγουσι
1378 363 1499 402 περίτζιο
1516 367 1624 392 Λατῖνοι
1643 375 1649 381 ·

997 409 1067 447 Πρὸς
1084 407 1112 436 ὃὶ
1126 407 1159 436 αδ
1174 406 1335 445 εξιϐεύδουμ
1349 409 1470 441 Λατίνως
1481 409 1625 447 εἰρημένη,

996 454 1028 483 Ἡ
1044 454 1106 491 περὶ
1119 453 1311 491 παραστάσεως
1325 454 1490 491 πραγμάτων
1507 453 1711 491 κεκρυμμένων.

996 500 1049 530 Τῆς
1064 498 1093 536 ρὲ
1107 496 1282 532 κονδικίκιος,
1298 498 1331 533 ἡν
1345 497 1398 536 ῥὲμ
1413 497 1441 525 δὲ
1455 499 1473 532 ἡ
1489 498 1607 526 καθόλου
1620 507 1626 514 ·

998 543 1068 580 Πρὸς
1083 542 1190 574 τούτοις
1205 543 1237 570 vi
1253 541 1426 581 Ἰντέρδικτα,
1442 542 1503 577 ἤτοι
1520 543 1712 581 παραγγελίαι.

997 590 1050 622 Τῆς
1080 584 1177 624 Βερϐις
1207 585 1236 614 δὲ
1264 591 1313 621 τῆς
1346 587 1447 625 ἐνοχῆς
1486 587 1569 624 ἐστιν,
1607 589 1624 623 ἡ
1656 587 1682 623 ἑξ
1711 598 1821 616 στιπου-

1680 633 1769 670 [Λάτο,

998 676 1059 714 Ἀφ’
1070 676 1103 710 ἧς
1119 675 1132 703 ὁ
1147 675 1256 713 τζέρτος
1272 675 1373 714 πέφυκε
1389 675 1573 708 κονδικτίκιος
1587 677 1691 714 τρέχει,

1001 720 1069 757 Πρὸς
1082 720 1182 755 ταύτης
1196 720 1239 748 καὶ
1256 721 1270 747 ὁ
1288 719 1434 759 ἶ¹ντζερτος,
1452 720 1555 758 ἀῠωγαὶ
1570 719 1592 748 δ’
1607 721 1685 749 αὗται
1699 720 1759 758 δύο,

1002 766 1045 801 Ἐξ
1061 764 1228 793 στιπουλάτο
1245 763 1273 792 ὂέ
1289 765 1373 799 ἐστιν,
1388 765 1569 803 ἐπερώτησις,
1583 764 1656 801 ἅναξ.

1004 811 1078 838 Πᾶσα
1095 807 1125 837 δέ
1136 810 1161 848 γ’
1175 809 1354 847 ἐπερώτησις,
1369 808 1387 844 ἤ
1403 809 1509 847 δήλων,
1525 809 1542 845 ἤ
1560 811 1692 848 κρυφίων,

1004 855 1061 893 Ἐφ’
1072 856 1113 885 οἷς
1128 854 1142 881 ὁ
1158 853 1350 890 κονὸικτίκιος,
1366 853 1383 888 ἥ
1398 852 1528 892 τζὲρτων,
1544 854 1562 889 ἤ
1578 855 1732 893 ἶντζέρτων.

1004 900 1078 927 Ἐστι
1096 897 1124 926 δὲ
1135 897 1318 930 κονδικτίκιος
1332 898 1505 934 ἀπαιτήσεως
1522 899 1611 938 φύσις,

1003 945 1037 972 Ἥ
1052 942 1246 981 step-regiﬁco:
1262 944 1384 982 φανερὸς,
1397 943 1536 981 ’ίντζερτος
1552 945 1750 982 κεκρυμμένος.

1004 989 1061 1023 Τῆς
1078 985 1170 1026 βερϐίς
1186 988 1287 1025 ἐνοχῆς
1305 988 1373 1016 ἐστιν
1390 989 1407 1022 ἡ
1425 988 1633 1027 Ἑξστιματόρια

1001 1033 1083 1062 Ὂταν
1099 1031 1302 1069 διατιμύσωμαι
1319 1036 1433 1070 πρᾶγμα
1445 1032 1490 1060 καί
1502 1042 1544 1062 σοι
1561 1033 1677 1070 παρέξω,

1002 1077 1106 1113 Εἰπὼν,
1123 1078 1160 1109 ὡς
1177 1076 1291 1114 πράσας,
1309 1078 1431 1114 Κόμισον
1442 1077 1599 1114 νομίσματά
1616 1088 1664 1114 μοι
1677 1077 1754 1113 τόσα,

1002 1123 1032 1150 Εἰ
1049 1122 1077 1149 δὲ
1094 1123 1132 1158 μὴ
1144 1122 1211 1150 τόσα
1226 1120 1286 1157 δοίη
1303 1133 1354 1154 τις,
1373 1121 1448 1150 δίδου
1463 1124 1493 1150 τὸ
1511 1121 1664 1159 διδομένον.

1001 1170 1054 1202 Τῆς
1071 1164 1164 1205 βερϐις
1179 1167 1255 1198 αὖθις
1271 1166 1373 1204 ἐνοχῆς
1389 1167 1440 1204 ἥγε
1454 1168 1547 1203 Δάμνη
1564 1168 1683 1206 ἱνιράκτι,

1000 1213 1078 1243 "ll-ru;
1095 1215 1208 1239 κινεῖται
1224 1211 1373 1244 πίπτοντος
1387 1211 1509 1249 γείτονος
1525 1211 1674 1249 δωματίου.

1000 1259 1054 1291 Τῆς
1068 1253 1160 1294 βὲρϐις
1174 1256 1258 1283 πάλιν
1273 1257 1373 1295 πέφυκε
1390 1256 1440 1293 ἥγε
1454 1256 1632 1295 Πρεγατορία,

1001 1303 1034 1335 ᾚ
1049 1301 1094 1327 τὸν
1109 1300 1358 1338 κληρονομήσαντα
1375 1300 1498 1338 εὐλόγως
1515 1301 1557 1328 καί
1574 1301 1738 1339 προσφόρως

1001 1345 1047 1372 Ἐκ
1061 1345 1147 1372 πόσου
1164 1344 1263 1381 μέρους
1280 1344 1366 1381 ἐρωτᾷ
1380 1347 1468 1380 ζητεῖν
1485 1345 1683 1383 κληρονομίαν.

999 1390 1030 1417 Ἠ
1047 1389 1234 1427 Λεγατόρουμ,
1250 1388 1322 1424 ἄλλη
1340 1399 1379 1420 τις
1395 1388 1527 1428 ἀσφάλεια
1542 1389 1669 1427 λεγάτου.

999 1434 1031 1461 Ἤ
1048 1444 1077 1460 τε
1094 1434 1141 1469 μὲν
1155 1433 1300 1461 ΙΙεκνυνίαε
1314 1434 1503 1461 κονστιτούταε
1519 1433 1605 1468 αὖθις,

997 1479 1074 1509 "lin:
1090 1478 1139 1512 τήν
1156 1478 1349 1516 ἁντιφώνησιν,
1362 1478 1407 1505 καί
1423 1479 1473 1512 τὴν
1489 1478 1587 1516 ἐγγύην
1602 1477 1686 1516 λέγει.

998 1523 1056 1557 Τῆς
1071 1520 1093 1549 δ’
1105 1521 1205 1559 ἰνογῆς
1218 1525 1269 1556 τῆς
1280 1521 1402 1560 Λίττερις
1415 1522 1506 1560 ἀγωγὴ
1524 1520 1639 1550 Νοϐάτιο

997 1566 1036 1595 Τὸ
1050 1566 1131 1604 χρέος
1143 1567 1328 1605 μεταφέρουσα
1341 1567 1372 1594 τὸ
1383 1566 1499 1594 παλαιὸν
1514 1567 1553 1599 εἷς
1565 1568 1636 1597 νέον.

1623 1613 1709 1641 Vers.
1727 1613 1788 1641 155.

1001 1717 1100 1745 caudas
1116 1719 1237 1750 eunt,ut
1251 1717 1390 1745 distincte
1405 1719 1433 1745 et
1447 1720 1556 1753 exacte,
1572 1721 1680 1747 matres
1696 1721 1725 1747 et
1739 1719 1826 1756 ﬁlias,

1002 1765 1086 1790 natas
1101 1762 1211 1789 scilicet
1234 1762 1376 1795 actiones,
1399 1762 1518 1791 habeas.
1547 1763 1691 1799 Obligatio
1716 1773 1780 1800 quas
1795 1773 1827 1793 re

1001 1806 1184 1834 contrahitur
1200 1806 1227 1833 in
1245 1806 1332 1834 rebus
1359 1809 1413 1841 est,
1429 1814 1464 1834 ex
1493 1815 1551 1842 qua
1565 1807 1660 1835 oritur
1683 1809 1758 1836 actio
1773 1809 1827 1837 De-

1001 1851 1094 1886 positi,
1120 1851 1217 1878 Graece
1241 1850 1477 1887 παρακαταθήκης
1502 1852 1683 1885 Commodati,
1700 1861 1763 1888 quas
1783 1855 1829 1881 est

1002 1903 1074 1922 usus
1104 1894 1144 1922 rei
1171 1895 1286 1922 traditae
1316 1897 1344 1922 et
1373 1895 1596 1923 commodatis:
1626 1897 1826 1933 Pignoralilia,

1002 1947 1066 1974 quae
1081 1941 1125 1966 est
1141 1939 1175 1966 de
1191 1939 1373 1975 pignoribus.
1399 1939 1465 1966 Alia
1490 1939 1636 1974 ἀπαίτησις
1659 1943 1708 1975 τῆς
1722 1940 1827 1978 κληρο-

1001 1983 1119 2019 νομίας,,
1143 1992 1230 2019 quam
1256 1983 1350 2011 Latini
1377 1984 1547 2019 petitionem
1572 1985 1751 2014 hereditatis
1777 1994 1827 2014 vo-

1002 2032 1089 2056 cant:
1106 2029 1182 2056 actio
1198 2028 1286 2056 etiam
1313 2028 1348 2056 ad
1367 2028 1563 2062 exhibendum,
1590 2032 1621 2057 ut
1642 2030 1739 2058 Latine
1755 2030 1827 2058 dici-

1002 2075 1060 2107 tur,
1077 2081 1142 2108 quae
1155 2073 1192 2100 de
1207 2073 1294 2100 rebus
1310 2072 1443 2108 occultis,
1461 2076 1494 2100 ut
1511 2076 1606 2109 palam
1623 2074 1827 2109 exhibeantur,

1002 2119 1104 2145 contra
1119 2117 1192 2145 clam
1211 2117 1412 2152 possidentem
1437 2117 1575 2146 instituta
1599 2121 1662 2147 est:
1684 2120 1749 2155 ejus
1765 2127 1828 2155 quis

1003 2170 1033 2189 re
1049 2161 1232 2189 contrahitur
1255 2164 1301 2189 est
1328 2161 1483 2196 condictio,
1510 2171 1574 2198 qua:
1601 2164 1775 2199 generaliter
1799 2164 1828 2192 in

1003 2214 1065 2234 rem
1091 2206 1208 2234 dicitur.
1234 2206 1290 2234 Eas
1315 2206 1445 2234 actiones
1470 2210 1637 2242 sequuntur
1661 2208 1828 2243 interdicta,

1003 2251 1063 2279 sive
1092 2251 1340 2279 denuntiationes.
1366 2254 1406 2278 Ex
1431 2251 1607 2288 obligatione
1632 2261 1693 2288 quae
1719 2253 1826 2289 verbis,

1003 2295 1081 2323 venit
1095 2304 1129 2324 ex
1153 2295 1308 2332 stipulatu,
1325 2304 1340 2323 e
1365 2304 1424 2332 qua
1439 2296 1502 2323 duae
1529 2296 1660 2324 actiones
1682 2298 1828 2333 oriuntur,

1004 2341 1148 2368 condictio
1164 2341 1236 2368 certi
1262 2343 1290 2367 et
1314 2339 1426 2367 incerti.
1445 2340 1483 2367 Ex
1506 2340 1644 2376 stipulato
1660 2344 1706 2369 est
1725 2340 1829 2378 ἐπερώ-

1002 2394 1092 2419 τησις,
1109 2384 1168 2412 sive
1192 2384 1392 2420 interrogatio,
1421 2393 1436 2411 ο
1462 2385 1630 2420 imperator.
1659 2386 1761 2414 Omnis
1777 2395 1828 2414 au-

1003 2431 1060 2457 tem
1076 2429 1228 2465 stipulatio
1252 2431 1297 2456 est
1321 2436 1417 2456 rerum
1443 2429 1679 2463 manifestarum,
1701 2430 1746 2458 vel
1774 2431 1828 2458 ob-

1003 2482 1167 2507 scurarum,
1185 2474 1262 2501 unde
1278 2473 1347 2500 certi
1375 2474 1403 2500 et
1428 2472 1528 2500 incerti
1555 2474 1718 2503 condictio:
1742 2478 1829 2503 natu-

1004 2526 1064 2545 ram
1095 2518 1245 2553 petitionis
1269 2517 1413 2545 condictio
1437 2517 1630 2554 demonstrat,
1655 2520 1724 2547 certi
1752 2520 1829 2547 dilu-

1005 2562 1113 2596 cidum,
1130 2562 1234 2590 incerti
1258 2562 1406 2590 occultum
1423 2561 1579 2598 signiﬁcat.
1597 2565 1635 2591 Ex
1652 2563 1830 2601 obligatione

1004 2607 1112 2641 verbis,
1130 2606 1261 2634 nascitur
1274 2607 1361 2634 etiam
1391 2607 1584 2635 Ανῖδιὶπιαῑονία
1598 2617 1607 2635 ;
1623 2608 1647 2636 si
1664 2617 1724 2636 rem
1750 2609 1824 2637 aesti-

1005 2659 1094 2686 mem,
1109 2653 1138 2678 et
1151 2651 1204 2678 tibi
1222 2651 1451 2684 tradam,dicens
1467 2659 1500 2679 ac
1514 2652 1539 2679 si
1555 2652 1708 2681 venderem
1721 2661 1727 2681 :
1742 2653 1829 2680 Dabis

1006 2695 1078 2723 mihi
1104 2697 1148 2723 tot
1171 2703 1320 2729 nummos,
1346 2697 1374 2723 et
1399 2695 1455 2723 nisi
1482 2695 1607 2731 dederis,
1633 2698 1738 2725 reddes
1767 2703 1829 2723 rem

1003 2740 1155 2769 traditam.
1171 2742 1281 2769 Iterum
1297 2748 1331 2768 ex
1355 2739 1530 2777 obligatione
1546 2741 1642 2771 verbis
1665 2739 1830 2775 descendit,

1004 2786 1109 2815 Damni
1122 2785 1228 2823 infecti,
1244 2793 1308 2823 quae
1333 2784 1428 2814 vicina
1453 2785 1540 2814 domo
1565 2786 1680 2814 ruinam
1696 2783 1831 2814 minante
