1952 3052
93 98 161 129 933

95 163 187 196 Οὖθὶν
203 161 280 194 εἴτις
296 163 333 200 (1)
350 162 507 199 ἐλευθεροῦν
524 160 661 192 δανειστὲις
683 163 870 202 περιγράφων,

95 209 177 236 Μετὰ
191 208 240 242 τὴν
253 205 336 243 ἥϐην,
351 207 464 244 γράψειν
476 217 518 237 τις
535 205 644 234 δύναται
662 205 807 242 διαθήκην⁸

97 254 281 291 ἘΛιυθεροῦν
298 250 326 279 δὶ
343 251 451 279 δύναται
468 252 482 278 6
498 250 732 286 ἑπτακαιδεκέτης.

94 300 160 326 Τῶν
176 297 280 325 παίδων
297 295 462 332 ὁπεξούσιοι,
479 296 505 323 οἱ
520 295 550 324 ἐκ
564 296 690 333 νομίμων
707 298 817 334 γάμων,

97 343 186 371 Οὗτοι
201 342 252 380 γὰρ
270 341 349 378 μόνοι
365 343 488 377 νομικῶς
505 340 636 368 ὑπάκουσι
652 341 793 378 πατράσιν.

98 386 137 416 Εἴ
149 397 192 418 τις
209 386 238 414 ἐκ
253 386 349 426 φίσκου
363 383 445 413 λάϐοι
459 396 485 413 τι
502 384 655 422 δωροῦντος
677 384 821 423 βασιλέως,

96 433 131 460 ’Π
150 430 341 460 συναλλάττων
358 431 426 469 πρὸς
442 430 534 465 αὐτοῦ,
551 430 629 462 εὖοῦς
643 429 741 457 τούτου
757 428 893 465 δεσπόζει,

99 477 224 508 Ἐκεῖνος
241 475 269 503 δὲ
285 475 406 513 ἐνάγεται
425 475 507 513 μέχρι
521 476 684 512 τετραετίας.

97 522 132 550 Ἣ
148 531 244 559 μορ-τις
260 530 344 548 καυσα
361 519 459 557 δωρεὰ,
475 517 547 547 ἔοικε
561 522 601 556 τῷ
616 518 733 556 λεγάτῳ.

98 565 142 594 Ti
156 569 205 601 τῆς
219 565 334 604 προικὸς
349 564 462 600 ἀκίνητα
478 564 532 602 οὐχ
547 563 692 599 ὑποτίθησί
707 574 760 595 τις,

98 609 173 639 Οὗδε
188 611 348 648 πιπράσκειν
366 609 487 642 δύναται,
502 607 560 636 οὐδ’
576 608 693 635 ἐκποιεῖν
710 606 843 639 οὒδόλως.

99 654 262 690 Ἐκποίησιν
280 654 294 681 6
309 653 446 684 πούπιλος
463 652 630 690 πραγμάτων
645 651 676 679 οὐ
693 654 821 685 ποιεῖται,

100 697 175 727 Οὖδὲ
188 709 214 726 τι
230 698 356 736 πράττειν
374 697 482 725 δύναται
499 697 587 735 χωρὶς
597 698 651 723 τῶν
665 696 830 734 ἐπιτρόπων,

102 743 154 771 Καὶ
171 743 229 774 υἱὸς
246 742 403 778 ὑπεξοῦσιος
418 742 463 770 καὶ
479 741 578 772 δοῦλος
593 741 783 780 προσπορίζει,

96 788 131 816 Ὀ
149 787 196 824 μὲν
212 798 241 825 γε
259 789 300 823 τῷ
316 785 484 821 δεσπόζοντι,
501 787 515 813 6
533 785 562 813 δὲ
575 788 615 822 τῷ
632 784 807 824 φυτοσπὸρῳ,

98 831 158 860 Κᾶν
177 833 214 868 μὴ
230 832 401 870 τυγχάνωσιν
419 831 495 858 αὐτοὶ
511 832 560 865 τὴν
575 830 670 868 πρᾶξιν
687 829 845 868 ἐγνωκότες,

99 877 165 907 Υἱὸς
180 875 210 903 δὶ
226 875 291 914 δίχα
305 878 354 903 τοῦ
369 876 483 913 πατρὸς,
499 876 517 911 ἢ
535 874 633 904 δοῦλος
647 876 695 902 τοῦ
711 873 852 908 δεσπότου,

101 921 143 950 Οὐ
158 920 268 948 δύναται
283 919 481 957 κληρονομεῖν,
497 919 560 947 ἀλλ’
578 918 641 947 οὐδὲ
656 917 799 955 ἀδιτεύειν,

102 965 158 992 Κᾶν
171 975 212 996 τις
227 965 490 1004 οὐσουφρουκτάριος
507 965 574 1001 ἡμῖν
591 963 662 991 ἐστιν
679 962 796 998 οἰκέτης,

103 1010 215 1048 Εῗσάγει
230 1010 275 1037 τὸν
289 1009 510 1048 προσπορισμὸν,
528 1008 618 1045 ὥσπερ
635 1009 649 1035 ὁ
667 1009 732 1046 βονα
746 1006 817 1047 φιδε.

102 1055 136 1083 Ὁ
152 1053 374 1093 φιδικομισάριος
390 1053 435 1081 σὺν
451 1056 491 1089 τῷ
507 1053 669 1091 λιγαταρίῳ,

102 1097 276 1136 Ὀλόκληρον
293 1097 426 1136 διαδοχὴν
442 1098 493 1126 οὐκ
505 1095 599 1135 ἔχουσι
617 1096 732 1131 δικαίου,

100 1146 132 1173 Ὁ
147 1143 324 1182 κληρονόμος
342 1143 426 1179 μόνος
438 1143 489 1180 γὰρ
504 1143 536 1170 τὸ
552 1141 656 1170 δῗκαιον
670 1143 744 1170 τοῦτ’
760 1141 830 1180 ἔχει.

103 1188 248 1227 Ἀγράφως
263 1186 426 1220 διατίθεσθαι
443 1187 492 1215 οὐκ
507 1187 641 1224 εἴργουσιν
659 1188 685 1215 οἱ
700 1187 792 1224 νόμοι.

101 1232 266 1265 Οἴκειακοὺς
281 1231 310 1260 δὶ
326 1232 464 1270 μάρτυρας
481 1231 593 1263 εἰκότως
607 1232 757 1264 ἀθετοῦσιν.

100 1276 135 1306 Et
147 1288 189 1309 τις
205 1275 326 1304 διάθοιτο
337 1277 421 1314 τυχὸν
436 1278 490 1304 τῶν
507 1275 770 1314 ἐκστρατευομὲνων,

100 1323 133 1349 Ἦ
149 1320 267 1357 διαθήκη
283 1318 398 1359 ἔρρωται
418 1320 458 1352 εἰς
474 1320 629 1359 ὁλόκληρον
646 1321 758 1359 χρόνον.

100 1366 150 1394 Καὶ
170 1365 237 1403 μετὰ
250 1366 299 1400 τήν
316 1366 441 1400 ἀθέτησιν
457 1369 506 1400 τῆς
520 1366 653 1403 προτὲρας
669 1365 820 1403 στρατείας.

112 1413 136 1440 Ο
150 1409 173 1438 δ’
191 1410 347 1446 ὑπεξούσιος
363 1410 421 1441 υἱὸς
437 1410 469 1437 οὑ
483 1413 558 1437 ποιεῖ
573 1408 714 1446 διαθήκας,

778 97 966 128 SYNOPSIS
991 99 1132 129 LEGUM.

1752 105 1812 135 931

941 165 966 198 Α
982 162 1036 192 Κᾶν
1052 163 1065 190 ὁ
1082 165 1171 201 πατὴρ
1185 165 1332 201 κελεύσειε,
1348 166 1438 204 χωρὶς
1457 169 1509 194 τῶν
1522 169 1713 205 καστρενσιων,

984 208 1041 237 Οὐκ
1054 209 1194 247 ἀνατρέπει
1210 208 1320 241 ἕκαστος
1335 209 1472 248 προϐἆσαν
1490 210 1634 248 διαθήκην.

985 253 1014 280 Εἰ
1032 251 1060 280 δὲ
1073 265 1114 285 τις
1127 254 1335 292 ἑμμαγκιπατος
1350 253 1608 293 κοντραταϐούλΛας
1625 256 1694 295 ἔχει.

984 298 1033 324 Καὶ
1050 297 1149 326 δοῦλον
1164 297 1192 326 εἷ’
1201 309 1243 330 τις
1261 299 1390 336 βούλοιτο
1407 300 1495 328 ἐνίστα
1507 300 1696 339 κληρονόμον.

985 342 1154 380 Οὐγκζασμοι
1171 342 1199 371 δὶ
1215 342 1330 377 δώδεκα,
1345 344 1442 383 μὲτρον
1462 345 1666 382 κληρονομίας.

983 388 1026 415 Ὠς
1042 388 1056 414 ὁ
1069 387 1216 426 τεστάτωρ,
1233 387 1354 422 δύναται,
1374 388 1483 424 οἶκέτης
1497 389 1684 428 κληρονόμος.

985 430 1082 463 Οὐδεὶς
1096 431 1293 469 διατιθέμενος,
1307 433 1332 461 si’
1348 434 1386 470 μή
1400 433 1417 471 ᾖ
1432 441 1612 472 στρατιώτης,

985 476 1067 514 Μὲρει
1086 478 1132 513 μὲν
1150 476 1307 512 διατίθεται,
1325 479 1401 515 μέρει
1414 477 1438 505 δ’
1454 479 1497 513 οὐ,
1513 483 1563 514 τῆς
1579 480 1683 512 οὐσίας.

985 521 1076 549 Ἔστιν
1093 522 1319 556 ἀποκατάστασις,
1338 522 1408 550 οὕτω
1426 522 1459 558 δὴ
1474 524 1641 560 τυπουμένη,

985 564 1198 602 Κληρονομιίτω
1214 567 1304 597 Τίτιος
1318 570 1371 594 τῶν
1388 567 1507 604 ἐμαυτοῦ
1523 569 1701 606 πραγμάτων·

985 609 1016 636 Εἰ
1031 608 1054 636 δ’
1069 609 1146 640 οὗτος
1162 610 1192 637 οὐ
1210 609 1391 648 βεϐούληται,
1408 612 1510 649 πρίμος
1527 612 1750 651 κληρονομείτω.

984 654 1242 692 Ἀθεμιτογαμήσας
1255 666 1296 686 τις
1310 656 1354 682 καὶ
1369 655 1462 686 δεινῶς
1474 660 1648 693 τιμωρεῖται,

984 698 1033 725 Καὶ
1047 700 1101 725 τῶν
1115 698 1264 736 τεχθὲντων
1280 700 1306 734 ἐξ
1323 700 1407 727 αὑτοῦ
1423 700 1456 727 οὐ
1471 702 1682 736 κατεξουσιάζει.

982 743 1014 770 Εἰ
1031 741 1059 770 ’δέ
1073 753 1114 774 τις
1128 742 1225 774 παῖδας
1240 743 1326 772 ἔτεκεν
1342 744 1371 772 ἐκ
1385 744 1511 779 παλακῆς
1527 749 1673 783 προτέραςγ

984 787 1128 824 Νομίμους
1147 788 1330 826 ἀπεργάσηται
1347 790 1494 827 πρεικῲοις
1509 789 1535 817 ἐν
1558 792 1728 830 συμφώνοις.

944 855 968 887 Β
982 832 1116 870 Τέταρτον
1134 833 1216 869 μέρος
1232 836 1365 871 χρεωστεῖ
1376 836 1415 869 τῷ
1430 835 1627 871 υἱοοετηθὲντι,

984 877 1011 887 υ.
1036 883 1045 887 -
1090 878 1096 887 ι
1183 878 1188 887 ι
1309 881 1322 886 -
1358 879 1364 887 ι
1440 881 1451 886 -
1571 880 1576 887 .

984 877 1147 912 Υἱοθετήσας
1162 878 1203 909 τίς
1216 889 1276 905 τινα
1290 881 1343 905 τῶν
1358 879 1453 906 ἑαυτοῦ
1469 880 1646 918 πραγμάτων.

984 920 1099 955 Ἀτελῆς
1113 923 1323 960 συγγινώσκεται
1340 923 1443 960 μήτηρ,
1462 923 1500 960 μή
1517 924 1668 952 ἀπαιτοῦσα

984 967 1040 994 Τοῦ
1053 965 1150 1003 ἀνδρὸς
1164 965 1376 1001 τελευτήσαντος
1392 967 1537 1004 ἐπίτροπον
1553 971 1612 1000 τοῖς
1627 969 1742 1000 τέκνοις.

984 1011 1135 1048 Ἐπιτροπῆ
1152 1009 1180 1038 δὲ
1195 1011 1297 1050 πέφυκε
1310 1012 1411 1048 νομική
1430 1011 1533 1048 ἐξουσία

983 1055 1049 1083 Κατ’
1064 1055 1206 1092 ἐλευθέρας
1221 1055 1354 1094 κεφαλῆς,
1371 1056 1408 1087 εἷς
1425 1057 1553 1094 βοήθειαν
1567 1057 1680 1093 ταύτης.

983 1098 1151 1137 Ἐπίτροπος
1167 1098 1194 1127 δὲ
1210 1098 1309 1127 διοικεῖ
1323 1100 1405 1138 μέχρι
1420 1104 1470 1136 τῆς
1484 1099 1553 1136 ἥϐης
1573 1102 1665 1138 μόνον.

983 1143 1119 1176 Ἐντεῦθεν
1136 1142 1164 1171 δὲ
1179 1143 1332 1179 αὐθὲξονται
1348 1155 1512 1183 κουρατορες
1527 1148 1576 1173 τοῦ
1591 1146 1663 1175 νὲου.

982 1188 1130 1225 Ἃγνάτους
1146 1188 1192 1224 μὲν
1208 1188 1332 1225 ὠνόμαζε
1346 1189 1409 1220 τοὺς
1424 1189 1451 1224 ἐξ
1465 1189 1584 1227 ἀρῥὲνων
1601 1190 1701 1219 τόκων.

984 1233 1138 1269 Κογνατους
1153 1231 1174 1259 δ’
1188 1231 1347 1269 ἐπωνόμαζε
1361 1233 1425 1265 τοὺς
1440 1233 1469 1261 ἐκ
1485 1233 1661 1271 θηλυγονίας.

983 1274 1106 1314 Ἐφηϐος
1121 1276 1223 1314 γίνεται
1234 1277 1248 1304 ὁ
1263 1279 1326 1308 παῖς
1340 1277 1407 1305 ἐτῶν
1424 1277 1636 1317 δεκατεσσάρων,

981 1318 1103 1360 Ἔφηὸος
1119 1320 1147 1348 δὲ
1157 1331 1185 1348 τε
1201 1321 1298 1356 θήλεια
1313 1321 1380 1349 οὖσα
1396 1321 1578 1358 δωδεκαέτης.

982 1367 1030 1402 Τῷ
1045 1364 1137 1403 ἔχοντι
1152 1365 1297 1403 ἐπίτροπον
1311 1367 1454 1404 κουράτῳρ
1471 1365 1575 1395 δίδοται
1590 1379 1643 1400 τις.

982 1413 1148 1448 Κατηγορεῖν
1165 1410 1196 1438 οὐ
1212 1409 1318 1438 δύναται
1335 1408 1435 1447 άνηϐος
1451 1411 1610 1450 ἐπιτρόπου,

1602 1459 1674 1486 Vers
1687 1458 1751 1486 272.

104 1605 202 1641 pta,ut
216 1603 409 1632 consuetudo.
426 1603 559 1632 Libertas
583 1605 628 1631 est
638 1603 773 1640 quaedam
791 1601 970 1635 naturalisc
989 1600 1052 1629 rius
1062 1602 1091 1628 et
1119 1600 1278 1636 legatarius
1302 1600 1331 1628 in
1357 1601 1528 1628 universum
1549 1601 1600 1636 jus
1625 1609 1683 1630 non
1712 1610 1813 1631 succe-

102 1648 238 1677 licentia:
262 1648 387 1676 servitus
403 1650 448 1676 est
473 1647 618 1683 subjectio
647 1646 852 1681 dominationi,
868 1654 932 1682 quae

102 1696 136 1721 ut
152 1692 265 1721 nullam
280 1692 392 1720 habens
407 1692 615 1727 diﬁerentiam,
643 1691 830 1720 individuum
859 1691 930 1726 quid

103 1737 186 1765 dicit.
203 1736 360 1765 Calamitus
376 1736 489 1771 matris,
520 1736 548 1763 id
564 1739 609 1764 est
623 1735 808 1764 meretricius
825 1735 930 1769 coitus,

103 1791 162 1810 non
180 1784 264 1810 nocet
280 1782 305 1809 ei
322 1781 372 1818 qui
388 1783 433 1809 est
448 1781 478 1809 in
497 1784 608 1815 ventre,
634 1781 753 1816 privans
779 1780 864 1808 bonis
883 1788 932 1815 pa-

102 1826 458 1855 terniscircumscribens
474 1826 633 1853 creditores
650 1825 857 1853 manumittere
873 1832 930 1852 non

103 1873 210 1908 potest.
222 1871 290 1899 Post
308 1870 490 1907 pubertatem
520 1872 617 1905 potest
639 1869 706 1905 quis
731 1869 859 1896 scribere
886 1870 930 1896 te-

104 1918 297 1944 stamentum.
312 1915 413 1942 Annos
427 1917 516 1942 natus
531 1915 631 1942 decem
647 1917 676 1941 et
695 1916 806 1949 septem
824 1921 929 1941 manu-

104 1961 222 1988 mittere
237 1962 343 1996 potest.
361 1959 456 1987 Liberi
486 1958 516 1986 in
545 1961 687 1994 potestate
717 1961 797 1992 sunt,
824 1958 875 1994 qui
896 1967 929 1986 ex

103 2005 244 2041 legitimis
256 2004 368 2040 nuptiis
383 2004 539 2040 procreati,
564 2003 606 2030 illi
622 2003 700 2031 enim
726 2002 780 2030 soli
800 2002 929 2038 legitime

103 2050 278 2086 parentibus
293 2049 444 2076 obediuut.
461 2047 492 2075 Si
508 2047 576 2083 quis
591 2056 625 2075 ex
650 2047 839 2083 imperatoris
854 2047 928 2074 libe—

103 2094 220 2122 ralitate
235 2101 252 2121 a
267 2093 338 2120 ﬁsco
355 2100 416 2120 rem
429 2091 565 2128 accipiat,
583 2094 634 2119 aut
658 2091 715 2119 alio
732 2092 818 2119 modo
834 2091 870 2119 ab
895 2099 928 2118 eo

103 2146 165 2166 rem
189 2139 348 2173 comparet,
378 2136 477 2164 statim
508 2136 602 2172 ipsius
643 2136 676 2164 ﬁt
704 2136 852 2169 dominus,
877 2143 928 2163 nec

102 2184 169 2219 post
180 2181 408 2218 quadriennium
438 2181 619 2208 convenitur.
634 2180 735 2208 Mortis
758 2188 849 2208 causa
876 2180 927 2207 do-

104 2227 195 2260 natio,
208 2226 314 2255 similis
328 2229 373 2254 est
384 2225 490 2261 legato.
520 2224 689 2252 Immobilia
706 2225 781 2252 bona
807 2224 927 2258 dotalia,

103 2279 198 2307 neque
215 2271 336 2319 piugnori
355 2273 393 2319 εἰ.
409 2270 579 2319 hypothecte
609 2268 683 2301 dari,
709 2277 803 2318 neque
830 2269 927 2318 vendi,
941 2287 966 2319 D

104 2324 200 2351 neque
219 2315 350 2349 alienari,
380 2315 482 2342 fraude
509 2314 598 2342 etiam
633 2322 689 2341 non
716 2313 926 2342 interveniente

104 2362 239 2397 possunt.
255 2359 389 2396 Pupillus
419 2367 471 2387 nec
498 2367 544 2386 res
572 2367 642 2386 suas
670 2357 808 2392 alienare,
831 2366 926 2394 neque

104 2405 216 2440 aliquid
233 2413 319 2440 agerc
334 2407 430 2440 potest
450 2404 513 2431 sine
523 2403 684 2431 tutoribus.
697 2402 788 2430 Filius
800 2402 926 2430 familias
944 2432 950 2435 _

104 2452 134 2477 et
161 2457 263 2477 servus
285 2448 452 2485 acquirunt,
481 2447 530 2475 hic
555 2446 685 2481 domino,
724 2446 772 2474 ille
801 2447 925 2482 parenti,

103 2493 220 2522 etiamsi
232 2496 354 2529 uterque
369 2501 430 2520 rem
444 2491 692 2528 gestamignoret:
710 2491 790 2519 filius
808 2492 926 2527 quidem

104 2541 133 2566 et
152 2546 265 2571 servus,
292 2538 356 2566 sine
385 2537 476 2573 patris
504 2538 533 2564 et
555 2536 666 2563 domini
689 2544 833 2564 consensu
859 2545 926 2564 suc-

103 2583 206 2611 cedere
218 2591 274 2610 non
300 2584 434 2618 possunt,
448 2589 500 2608 nec
528 2580 728 2608 hereditatem
753 2580 844 2608 adire.
861 2581 925 2608 Ser-

102 2635 158 2655 vus
170 2626 408 2655 usufructuarius
423 2626 509 2654 nobis
527 2625 660 2660 acquirit,
676 2626 925 2661 quemadmodum

103 2671 178 2700 liber
188 2671 275 2700 homo
292 2671 343 2708 qui
370 2671 448 2698 bona
473 2670 531 2698 ﬁde
545 2670 644 2698 servit.
662 2669 741 2698 Fidei
756 2670 926 2699 commissa-

138 2756 178 2794 (1)
194 2755 232 2786 Οὐ
249 2755 334 2784 σθένει
349 2765 402 2787 τις.

986 1647 1061 1674 dunt
1077 1654 1084 1674 ;
1100 1645 1129 1673 id
1145 1645 1222 1673 enim
1236 1646 1288 1681 jus
1316 1645 1397 1674 solus
1424 1645 1517 1674 haeres
1539 1646 1638 1675 habet.
1654 1646 1721 1675 Sine
1741 1648 1813 1676 scri-

985 1693 1036 1727 pto
1060 1690 1161 1718 testari
1202 1690 1280 1725 leges
1306 1698 1363 1718 non
1405 1690 1561 1725 prohibent
1587 1700 1593 1719 :
1634 1692 1812 1720 domesticos

985 1737 1101 1772 quidem
1117 1738 1209 1764 testes
1231 1735 1351 1763 meritos
1380 1736 1558 1771 improbant.
1580 1737 1611 1765 Si
1639 1737 1705 1772 quis
1728 1740 1814 1766 testa-

985 1784 1035 1809 tus
1051 1780 1138 1808 fuerit
1160 1780 1196 1808 de
1222 1780 1433 1814 castrensibus,
1459 1782 1669 1808 testamentum
1685 1782 1714 1810 in
1728 1790 1813 1810 omne

984 1827 1102 1860 tempus
1130 1824 1218 1858 valet,
1246 1823 1334 1851 etiam
1372 1826 1436 1859 post
1461 1824 1676 1853 abdicationem
1707 1826 1813 1861 prioris

986 1869 1109 1897 militiae.
1125 1868 1289 1896 Filiusfam.
1311 1870 1523 1896 testamentum
1540 1878 1597 1896 non
1610 1869 1688 1903 facit,
1706 1878 1812 1906 quam-

984 1912 1028 1941 vis
1044 1915 1126 1948 pater
1137 1912 1252 1948 jubeat,
1269 1912 1326 1940 nisi
1355 1912 1390 1940 de
1415 1913 1626 1941 castrensibus.
1651 1914 1740 1942 Furor
1759 1915 1811 1942 ad-

982 1957 1103 1985 veniens
1119 1966 1176 1985 non
1192 1957 1295 1985 evertit
1310 1957 1392 1993 prius
1409 1957 1561 1985 conditum
1587 1961 1808 1987 testamentum.

984 2002 1086 2036 Filius,
1099 2002 1124 2030 si
1139 2001 1353 2037 emancipatus,
1370 2001 1459 2030 habet
1481 2003 1624 2031 bonorum
1648 2003 1812 2039 possessio-

983 2055 1050 2074 nem
1064 2048 1166 2074 contra
1190 2045 1316 2074 tabulas.
1346 2047 1465 2074 Servum
1490 2048 1588 2082 etiam,
1614 2048 1638 2076 si
1668 2048 1736 2084 quis
1765 2057 1811 2076 ve—

982 2090 1027 2126 lit,
1044 2093 1139 2126 potest
1167 2090 1311 2118 heredem
1335 2091 1500 2119 instituere.
1530 2091 1689 2120 Duodecim
1720 2092 1812 2120 uncia:

983 2138 1053 2163 sunt
1086 2144 1226 2163 mensura
1251 2135 1440 2164 hmreditatis.
1468 2136 1504 2164 Ut
1546 2140 1681 2171 testator,
1715 2139 1812 2174 potest

983 2181 1076 2208 hisres
1091 2188 1156 2208 esse
1171 2180 1362 2208 domesticus.
1379 2181 1471 2208 Nemo
1498 2180 1554 2209 nisi
1570 2181 1654 2210 miles
1679 2190 1713 2209 ex
1728 2184 1811 2217 parte

983 2225 1018 2252 de
1033 2233 1064 2253 re
1078 2233 1132 2253 sua
1159 2227 1295 2259 testatur,
1321 2233 1372 2261 pro
1402 2229 1484 2261 parte
1506 2234 1562 2253 non
1580 2229 1717 2258 testatur,
1734 2225 1811 2253 Sub-

983 2269 1097 2297 stitutio
1108 2270 1150 2297 sic
1166 2270 1327 2297 formatur:
1345 2269 1453 2297 Rerum
1470 2278 1602 2297 mearum
1614 2270 1707 2298 Titius
1716 2269 1809 2297 haeres

981 2313 1103 2347 esto;si
1120 2313 1169 2341 ille
1185 2313 1321 2345 noluerit.
1350 2314 1467 2341 Primus
1497 2314 1588 2342 haeres
1615 2317 1686 2342 esto.
1716 2315 1804 2342 Nefa-

980 2357 1038 2385 rias
1065 2357 1184 2393 nuptias
1213 2357 1389 2385 contrahens
1418 2357 1554 2385 atrociter
1582 2358 1716 2394 punitur,
1745 2365 1811 2385 nec!

979 2403 1088 2430 liberos
1117 2410 1151 2429 ex
1176 2401 1234 2429 illis
1259 2404 1344 2430 natos
1383 2402 1471 2430 habet
1497 2403 1526 2430 in
1565 2405 1720 2439 potestate.
1750 2403 1793 2435 Qu

980 2449 1056 2476 filios
1072 2448 1173 2484 genuit
1189 2456 1222 2475 ex
1238 2447 1340 2483 pellice
1357 2447 1463 2483 priore,
1489 2448 1633 2484 legitimat
1661 2457 1710 2476 eos
1727 2449 1807 2476 dota-

980 2493 1058 2520 libus
1094 2492 1310 2519 instrumentis.
1341 2495 1482 2525 Quartam
1518 2501 1636 2520 suorum
1663 2494 1808 2521 bonorum

982 2538 1094 2573 partem
1107 2536 1244 2571 adoptato
1269 2535 1367 2568 debet,
1391 2535 1416 2564 is
1447 2536 1496 2572 qui
1513 2537 1670 2573 adoptavit.
1686 2536 1809 2564 Infamis

982 2582 1015 2609 ﬁt
1031 2583 1134 2613 mater,
1150 2588 1214 2616 qua:
1240 2583 1356 2608 mortuo
1384 2581 1445 2608 viro
1467 2581 1566 2609 liberis
1592 2584 1719 2610 tutorem
1752 2591 1811 2610 non

982 2625 1177 2662 petit.Tutela
1192 2627 1237 2652 est
1247 2624 1380 2660 legitima
1396 2627 1524 2660 potestas
1540 2626 1570 2654 in
1581 2629 1669 2663 caput
1683 2627 1809 2655 liberum

983 2670 1019 2699 ad
1048 2670 1112 2706 ejus
1140 2668 1351 2697 defensionem.
1382 2671 1472 2698 Tutor
1495 2671 1686 2700 administrat
1712 2671 1809 2700 solum
