1948 3056
165 110 222 141 935

162 172 286 214 Ἐφηεος
300 176 348 202 τοῦ
363 185 538 213 κουρατωρος
552 178 688 214 συγγενῶν
706 175 916 215 συνεργούντων.

164 219 202 247 Τὸ.
218 218 334 256 μηδενός
349 229 378 246 τε
392 219 534 257 πρότερον,
550 223 598 247 τοῦ
613 218 882 256 προκαταλαϐόντος.

166 265 205 293 Τὸ
220 266 293 300 κῦμα
307 264 338 291 τὸ
353 264 508 302 χειμέριον,
524 264 650 303 αἰγιαλὸν
670 265 765 302 ὁρίζει.

165 307 241 337 Ε’ίκει
255 309 289 336 τὰ
303 307 459 345 ἐπικείμενα
474 312 532 342 τοῖς
545 320 575 347 γε
592 310 793 346 ὑποκειμένοις.

165 354 234 391 "lup
250 353 320 381 ἐστὶν
337 352 400 385 ὁδὸς
415 356 505 389 στενὴ,
522 353 614 386 ἄκτοις
629 356 646 389 ἡ
662 355 828 392 πλατυτέρα.

163 398 194 426 Ὀ
214 401 326 436 πρᾶγμα
340 398 370 426 τὸ
385 397 531 436 ἀλλότριον
559 398 674 426 ἐκποιῶν
693 399 718 426 ἐν
735 398 849 435 εἰδήσει,

164 443 201 471 ’Ἠ
216 441 310 474 ἄλλως
324 442 488 479 τραδιτεύων
504 454 557 480 τις,
573 443 610 475 ὡς
626 443 733 479 κλοπὴν
748 445 908 482 ἁμαρτάνει.

164 487 278 526 Δευτὲρα
294 486 461 520 διατύπωσις
477 485 592 526 ῥήγνυσι
607 489 656 523 τὴν
673 488 818 527 προτέραν.

163 532 219 566 Τὴν
235 530 263 559 δὲ
279 531 442 571 ίνοφικιόζο,
459 530 554 565 παῖδες
569 535 672 560 κινοῦσι
691 533 781 569 μόνοι.

164 575 261 608 Οὐδείς
275 577 486 608 ὑποκαθίσταται
503 576 580 605 παιδὶ
597 576 813 615 πουπιλιαρίως,

169 621 200 649 Εἰ
217 622 255 657 μὴ
272 622 381 656 ποιήσει
396 621 527 659 πρότερον
544 622 581 652 εἰς
595 622 675 649 αὐτὸν
692 620 835 657 διαθήκην.

167 666 198 693 '0
214 665 285 703 ἔχων
301 666 350 699 τήν
365 667 517 704 ἐναγωγήν,
533 665 667 701 ἀποδείξει
683 667 815 704 βαρεῖταί·

167 709 206 737 Τὰ
219 711 268 742 τῆς
282 710 395 747 προικὸς
408 710 506 744 κινητᾶ
522 710 708 747 εἰσπράττεται
725 711 830 747 αὐτίκα,

166 756 230 785 Τοῖς
246 754 386 789 ἀκινήτοις
403 753 559 792 ὁλόκληρος
576 755 614 785 εἰς
628 755 773 790 ἀπαίτησιν
789 756 900 793 γρόνος,

165 799 218 834 Τῆς
235 797 366 834 διαθήκης
383 800 401 833 ἡ
416 799 519 836 κρηπὶς
535 798 657 830 ἔνστασις
672 798 860 836 κληρονόμου.

166 843 215 870 Καὶ
229 843 302 879 τομή
318 843 364 870 καὶ
382 843 522 879 μετάθεσις
535 843 637 881 γίνεται
653 846 700 871 τοῦ
717 843 843 882 λεγάτου,

164 887 209 915 Ἐν
224 898 254 914 τε
269 886 475 915 διατυπώσεσιν.
486 885 513 914 ἕν
528 898 557 914 τε
571 890 629 919 τοῖς
645 887 838 920 κωδικέλλοις.

163 931 201 960 Τὸ
215 931 307 969 τρίτον
324 932 337 958 ὁ
353 930 498 971 φαλκίὸιος
513 931 593 967 σώζει
610 934 649 961 τῶ
664 931 847 970 κληρονόμῳ,

164 977 212 1005 Ἐκ
226 979 280 1004 τῶν
296 975 418 1014 λεγάτων
435 977 562 1013 ἀμάντων
579 978 647 1004 κατὰ,
661 977 820 1015 ἀναλογίαν,

163 1022 192 1048 Ὁ
207 1020 362 1059 Αὔγουστος
374 1021 531 1058 προσέταξε,
547 1022 622 1060 φασὶ,
638 1021 702 1053 τοὺς
717 1021 918 1058 κωδικὲλλους,

163 1066 206 1093 Ἐν
224 1067 265 1097 οἷς
280 1064 341 1093 οὔτε
356 1065 489 1101 ἐνίστησιν
506 1066 519 1092 ὀ
535 1067 644 1104 γράφων
665 1067 858 1104 κΛηρονὸμον,

163 1109 227 1139 Οὕτ¹
242 1111 352 1148 ἀφαιρεῖ
365 1111 394 1138 ὃν
410 1108 526 1148 ἔγραψεν
543 1110 568 1137 ἐν
584 1112 619 1147 τῇ
637 1110 811 1139 διατυπώσει,

162 1155 202 1183 Τὸ
219 1155 265 1191 μὲν
279 1153 497 1192 Τερτουλιάνειον
514 1153 609 1192 δόγμα
623 1154 704 1182 καλεῖ
718 1154 884 1193 προσφόρως

163 1199 211 1230 Εἰς
226 1199 259 1226 τὰ
270 1201 324 1226 τῶν
337 1199 436 1226 τέκνων
453 1199 601 1236 πράγματα
616 1199 662 1231 τὰς
678 1199 785 1227 ἐκείνων
805 1199 934 1238 μητέρας.

163 1244 201 1271 Τὸ
217 1242 244 1270 δὲ
260 1244 285 1280 γ’
302 1243 496 1282 Ὀριριτιάνειον
516 1243 591 1276 αὖθις
607 1244 637 1270 ἐκ
651 1246 700 1271 τοῦ
712 1243 845 1278 ἐναντίου,

164 1287 211 1319 Εἷς
227 1288 260 1314 τὰ
276 1289 401 1325 μητέρων
417 1288 565 1326 πράγματα
582 1288 646 1319 τοὺς
661 1287 760 1321 παῖδας
769 1288 958 1327 προκαλεῖται.

163 1332 194 1359 Ἡ
212 1333 304 1370 μήτηρ
319 1331 377 1370 ἕχει
393 1331 546 1368 πρόκλησιν
562 1332 685 1360 ἁπάντων
701 1336 755 1360 τῶν
773 1334 905 1371 ἀγνάτων,

161 1376 208 1407 Εἰς
223 1377 257 1404 τὰ
274 1379 328 1403 τῶν
343 1376 442 1404 τέκνων
459 1376 617 1414 πράγματα,
633 1378 721 1414 χωρὶς
735 1379 789 1404 τῶν
806 1377 957 1416 ὁμογνίων.

161 1421 234 1448 Μετὰ
248 1422 298 1459 γὰρ
314 1421 416 1448 τούτων
432 1419 542 1458 ἔρχεται
559 1421 597 1452 εἷς
611 1422 660 1455 τὴν
674 1421 874 1459 κληρονομίαν.

163 1464 244 1494 Ἀλλ’
257 1466 279 1494 εἶ
297 1466 345 1502 μὲν
360 1465 475 1505 ἀδελφαί
489 1465 540 1493 εἱσι
553 1465 584 1493 τὸ
600 1465 685 1502 ἥμισυ
702 1464 850 1503 λαμϐάνες·

836 108 1044 141 MICHAELIS
1067 108 1200 140 PSELLI

1003 177 1031 210 Α
1046 175 1077 204 Εἰ
1092 174 1116 202 δ’
1132 173 1247 214 ἀδελφαὶ
1261 174 1306 202 καὶ
1322 173 1446 214 ἀδελφοὶ,
1461 176 1508 203 ἳσα
1522 174 1754 213 κληρονομοῦσιν.

1816 109 1878 142 936

1045 219 1178 254 Ὑπούσης
1196 218 1363 256 διακατοχῆς
1379 222 1442 250 παῖς
1457 219 1502 247 καὶ
1515 219 1608 257 γονεὺς
1625 220 1767 256 ὡσαύτως,

1046 264 1183 292 Ἐνιαυτὸν
1201 263 1357 302 ὁλόκληρον
1369 263 1464 302 ’έχουσι
1483 265 1646 302 βοηθοῦντα.

1045 308 1163 346 Ἡμέρας
1180 311 1264 344 μόνας
1279 308 1371 336 ἑκατὸν
1388 311 1442 337 τῶν
1460 312 1595 347 συγγενῶν
1608 309 1738 348 ἐχόντων’

1046 353 1130 387 Ποινὴ
1144 353 1249 392 ὀφείλει
1262 354 1382 381 τίθεσθαι
1399 353 1438 385 εἷς
1449 354 1495 385 τὰς
1512 354 1704 390 ἐπερωτήσας.

1046 398 1080 426 Ἣ
1096 397 1248 435 περπέτουα
1265 398 1407 434 μίσθωσις,
1425 397 1586 438 ἐμφύτευσις
1601 400 1742 436 τυγχάνει,

1047 442 1085 470 Τὸ
1101 441 1363 479 διαπλασιαζόμενον
1377 441 1408 470 ἔκ
1421 453 1494 474 τινος
1509 443 1673 480 ἡρνηκότος,

1047 484 1220 522 Καταϐληοέν
1238 484 1369 514 ἶνδέὗιτον
1387 487 1530 523 ἀπαίτησιν
1547 488 1596 515 οὐκ
1609 487 1680 526 ἕχει.

1045 532 1145 567 Κλοπή
1162 531 1218 559 ἐστι
1233 531 1394 570 ψηλάφησις
1410 533 1578 570 πραγμάτων
1596 533 1662 560 κατὰ
1677 531 1771 569 δόλον,

1046 576 1137 613 Χωρὶς
1151 579 1238 610 κακῆς
1252 576 1404 614 προθέσεως
1420 576 1527 612 κλοπὴν
1544 577 1598 615 οὐχ
1611 577 1786 614 ἁμαρτάνεις,

1045 620 1120 648 Κατὰ
1135 623 1182 647 τοῦ
1195 620 1326 654 κλέπτου,
1343 618 1501 659 φούρτιϐον,
1518 621 1565 648 κᾶν
1584 622 1621 657 μή
1639 621 1754 657 νὲμηται
1769 620 1871 658 δώσας,

1044 665 1088 700 Τῷ
1102 664 1242 692 ἐκπεσόντι
1258 664 1416 702 πράγματος
1432 663 1603 693 πουϐλίιανα
1618 665 1742 702 ἁρμόζει.

1045 709 1186 743 Παυλιανὴ
1203 708 1231 736 δὲ
1246 708 1349 737 δίδοται
1366 712 1405 746 τῷ
1420 711 1678 748 περιγεγραμμένῳ,

1046 754 1092 786 Εἲς
1108 757 1205 791 πρᾶσιν
1222 754 1259 785 εἷς
1276 754 1417 789 ἐκποίησιν
1434 757 1488 781 τῶν
1505 755 1601 782 ἑαυτοῦ
1615 754 1795 793 πραγμάτων.

1046 800 1103 834 Τὴν
1118 799 1236 837 φούρτην
1255 797 1415 833 δὶπλασίοίζε
1430 799 1476 826 σὺν
1491 802 1531 835 τῷ
1547 799 1704 836 Ἀκουιλίῳ.

1006 864 1029 895 Β
1046 844 1136 880 Νόμος
1152 845 1166 872 ὁ
1180 842 1381 874 δωδεκάόελτος
1395 845 1445 877 τήν
1458 843 1583 879 νοξαλίαν
1601 844 1733 882 φουρ-την,

1045 889 1096 916 Καὶ
1110 889 1154 915 τὸν
1171 887 1296 923 νοξάλιον
1313 888 1392 915 αὐτὸν
1410 887 1566 917 Ἀκουίλιον
1579 888 1687 928 γράφει.

1045 933 1212 970 Παραγραφή
1231 932 1285 960 ἐστι
1299 933 1387 969 σαφὴς
1403 933 1420 967 ἡ
1437 931 1622 970 δικαιολογία,

1044 979 1099 1006 Τοῦ
1113 977 1174 1014 ῥέου
1188 977 1256 1014 πρὸς
1269 977 1314 1004 τὸν
1331 977 1433 1014 ἀκτορι
1446 978 1504 1004 κατ’
1521 977 1632 1014 ἀγωγῆς
1650 974 1770 1015 βεϐαίας,

1044 1024 1088 1057 Τῷ
1102 1021 1180 1057 νόμῳ
1196 1020 1242 1058 μὲν
1258 1023 1316 1052 πῶς
1330 1020 1453 1058 ἰσχυρᾶς,
1464 1023 1498 1058 τῇ
1515 1022 1592 1060 φύσει
1611 1020 1634 1048 δ’
1648 1020 1806 1052 ἀδικούσας.

1046 1065 1126 1099 Δίκην
1142 1064 1164 1092 δ’
1182 1064 1271 1096 οὐδεὶς
1285 1065 1438 1101 συνίστησιν
1455 1066 1602 1103 ἀγνώστων
1616 1064 1779 1095 αὐτοδίκων.

1045 1110 1157 1145 Ἐπίσης
1220 1109 1387 1141 δικαιώσεως
1403 1110 1417 1137 ὁ
1433 1108 1586 1146 νεμὸμενοε
1602 1110 1743 1147 κρείττων.

1044 1155 1072 1181 Ὀ
1088 1154 1196 1193 φθείρας
1213 1154 1259 1191 βίᾳ
1272 1154 1321 1188 τήν
1339 1155 1452 1190 σεμνήν,
1468 1153 1585 1192 εὔπορος
1603 1155 1649 1191 μὶν
1662 1155 1814 1192 τυγχάνων,

1043 1200 1072 1228 Ἡ
1079 1199 1170 1235 μίσεος
1187 1199 1323 1237 ἀφαίρεσιν
1336 1197 1394 1236 ἕχει
1409 1202 1462 1226 τῶν
1480 1198 1665 1235 κεκτημένων,

1042 1245 1073 1273 '0
1090 1243 1112 1271 δ’
1128 1245 1241 1281 ἄπορος,
1258 1243 1392 1281 ἐξόριστος
1408 1243 1507 1281 γίνεται
1523 1244 1685 1279 παραυτίκα.

1043 1290 1087 1324 Τῷ
1104 1286 1241 1324 Κορνελίῳ
1255 1285 1352 1325 ἓνοχυς
1368 1291 1419 1318 πᾶς
1434 1287 1530 1326 φονεὺς
1545 1288 1685 1326 τυγχάνει,

1041 1335 1084 1368 Τῷ
1096 1330 1281 1363 Ῥεπετοῦνδις
1296 1331 1393 1369 ἔνοχος
1409 1331 1538 1365 δικαστὴς
1554 1331 1720 1369 δωροδόκος.

1042 1378 1085 1413 Τῷ
1102 1375 1130 1404 δὶ
1146 1376 1273 1415 δελφάσις
1343 1374 1440 1413 ἔνοχος
1456 1376 1485 1407 ὃς
1501 1376 1584 1412 ἁλοίη
1600 1376 1767 1404 αλαστεύων.

1042 1422 1081 1450 Τὸ
1097 1422 1207 1459 χρόνιον
1222 1419 1251 1448 δὲ
1263 1421 1376 1456 σύνηθες
1393 1421 1480 1456 νόμου
1496 1418 1629 1457 λαμϐάνει
1640 1421 1735 1449 τόπον.

1042 1467 1075 1495 Οἱ
1090 1466 1192 1503 γενικοὶ
1207 1468 1260 1494 τῶν
1277 1464 1385 1493 εἷδικων
1400 1464 1601 1503 ἐγκρατέστεροι
1617 1466 1722 1501 νόμων.

1713 1512 1786 1540 Vers
1800 1512 1865 1540 332.

158 1662 253 1690 usque
268 1652 305 1681 ad
322 1653 505 1688 pubertatem
518 1660 524 1679 :
537 1652 641 1680 exinde
657 1654 808 1680 curatores
824 1652 854 1681 in
883 1653 980 1682 adole-
995 1655 1016 1688 C
1036 1654 1188 1683 commode
1203 1655 1285 1681 vocat
1315 1655 1423 1681 matres
1434 1653 1469 1680 ad
1496 1653 1571 1680 bona
1587 1652 1715 1680 ﬁliorum
1732 1661 1740 1680 :
1757 1660 1863 1681 rursus

158 1700 287 1726 scentem
308 1699 482 1733 potestatem
512 1699 657 1725 exercent.
687 1699 816 1732 Agnatos
843 1706 913 1725 voca
929 1698 981 1727 de—

157 1743 330 1770 scendentes
345 1749 379 1769 ex
394 1741 536 1776 maribus,
560 1743 698 1777 cognatos
713 1749 747 1769 ex
762 1742 890 1770 feminis.
905 1743 980 1771 Ado-

158 1787 270 1815 lescens
286 1786 404 1820 dicitur,
418 1786 640 1822 quatuordecim
658 1794 750 1814 annos
766 1786 981 1815 natuszmulier

157 1839 224 1859 vero
234 1834 278 1859 est
293 1831 386 1867 puber
398 1837 475 1858 anno
487 1830 670 1858 duodecimo.
681 1830 865 1859 Adolescenti
874 1832 980 1867 quitu-

159 1879 249 1905 torem
266 1875 363 1909 habet,
373 1879 489 1904 curator
504 1876 599 1903 datur.
617 1875 749 1911 Pupillus
760 1879 885 1904 tutorem
893 1885 978 1904 accu-

157 1930 223 1949 sare
234 1929 291 1948 non
308 1919 594 1956 potest.Adolescens
609 1928 675 1947 vero
692 1923 854 1948 curatorem
872 1923 978 1956 potest,

156 1966 288 2001 cognatis
300 1964 481 1999 juvantibus.
499 1965 565 1996 Quae
577 1966 644 1991 ante
660 1964 770 1992 nullius
787 1967 867 1999 sunt,
884 1965 978 2000 primo

154 2009 326 2044 occupantis
341 2008 425 2035 ﬁunt.
445 2008 539 2035 Littus
566 2008 655 2036 ﬂuctu
679 2009 800 2036 hiberno
826 2009 976 2036 deﬁnitur.

153 2054 291 2089 Subjecto
307 2052 369 2080 solo
396 2052 473 2079 cedit
489 2053 670 2087 superﬁcies.
694 2054 752 2080 Iter
767 2055 810 2080 est
821 2052 867 2079 via
882 2060 978 2088 augu-

154 2100 222 2126 sta:
242 2099 332 2124 Actus
345 2095 469 2132 amplior
492 2096 547 2124 via.
579 2096 633 2130 Qui
660 2105 720 2123 rem
745 2096 865 2124 alterius
881 2097 978 2124 sciens

154 2142 272 2173 alienat.
302 2140 344 2168 vel
361 2140 445 2168 aliter
459 2141 559 2173 tradit,
576 2141 660 2176 quasi
682 2141 790 2168 lurtum
806 2142 976 2169 committit.

155 2186 304 2215 Posterius
328 2188 536 2213 testamentum
562 2185 643 2221 prius
669 2186 803 2221 rumpit:
827 2186 976 2221 querelam

152 2231 188 2258 de
205 2230 365 2258 inofﬁcioso
381 2229 435 2257 soli
461 2229 512 2256 ﬁlii
540 2232 667 2256 movent.
685 2231 774 2257 Nemo
800 2238 889 2265 puero
909 2231 976 2258 sub-

151 2276 226 2303 stitit
238 2274 432 2312 pupillariter,
459 2274 514 2302 nisi
530 2273 611 2309 prius
637 2274 738 2301 fecerit
753 2276 975 2303 testamentum.

151 2320 248 2348 Actori
276 2319 456 2355 probationis
497 2327 572 2346 onus
602 2318 754 2346 incumbit.
782 2320 838 2346 Res
863 2319 976 2348 dotales

153 2364 277 2392 mobiles
292 2363 370 2391 illico
392 2362 767 2399 petuntur;immobilium
794 2372 862 2391 vero
891 2373 975 2400 repe-

151 2409 247 2436 titioni
272 2408 386 2444 integer
400 2416 496 2435 annus
511 2407 597 2435 cedit.
620 2407 799 2435 Testamenti
824 2409 903 2436 basis
932 2412 976 2437 est

154 2452 275 2480 lissredis
290 2451 448 2479 institutio.
474 2452 578 2487 Legata
602 2451 775 2479 adimuntur
805 2455 833 2480 ct
849 2453 974 2481 transfe-

150 2499 258 2525 runtur
280 2498 456 2524 testamento
484 2499 512 2523 et
535 2496 686 2524 codicillis.
714 2497 771 2524 Lex
797 2497 926 2526 Falcidia
940 2506 975 2526 ex

149 2542 287 2570 omnibus
303 2540 407 2576 legatis
433 2548 486 2575 pro
511 2543 574 2567 rata
603 2545 696 2569 servat
720 2542 837 2569 tertiam
860 2545 973 2578 partem

149 2585 491 2620 heredi.Augustusjus
514 2585 714 2613 codicillorum
742 2586 882 2621 instituit,
908 2588 973 2623 qui-

151 2633 206 2660 bus
219 2630 370 2659 nechaares
399 2630 514 2658 institui
545 2633 650 2666 potest,
678 2640 730 2660 nec
744 2633 773 2667 in
796 2635 972 2661 testamento

145 2676 274 2714 scriptus
299 2674 398 2704 deleri.
433 2675 728 2705 Senatusconsultum
753 2676 969 2705 Tertullianum

182 2777 221 2815 (2)
236 2774 295 2804 Ἐπ’
312 2772 383 2811 ἴσης.

1036 1707 1051 1726 e
1067 1702 1164 1727 contra
1175 1697 1382 1733 Orphitianum
1400 1697 1476 1725 ﬁlios
1491 1697 1528 1724 ad
1546 1697 1623 1725 bona
1640 1699 1778 1725 matrum.
1796 1697 1860 1724 Ma-

1035 1746 1078 1771 ter
1093 1743 1122 1771 in
1149 1742 1335 1770 successione
1364 1742 1506 1769 bonorum
1538 1741 1588 1768 ﬁlii
1607 1741 1741 1777 praecedit
1757 1748 1861 1769 omnes

1034 1790 1168 1823 agnatos.
1181 1786 1308 1821 exceptis
1324 1785 1562 1821 consanguineis,
1578 1785 1757 1821 quibuscum
1779 1785 1862 1813 venit

1034 1833 1068 1859 ad
1088 1831 1284 1859 hiereditatem
1303 1839 1309 1857 :
1328 1831 1378 1858 sed
1395 1830 1420 1857 si
1454 1838 1568 1857 sorores
1598 1830 1738 1858 defuncto
1754 1838 1861 1866 super-

1033 1877 1103 1911 sint,
1120 1875 1276 1903 dimidium
1293 1875 1370 1911 capit
1387 1883 1394 1909 ;
1424 1875 1448 1902 si
1465 1882 1532 1902 vero
1558 1875 1661 1902 fratres
1689 1877 1718 1902 et
1733 1882 1861 1908 sorores,

1033 1929 1068 1948 ex
1083 1921 1173 1956 aequis
1212 1920 1344 1955 partibus
1372 1919 1544 1946 succedunt.
1573 1918 1614 1946 Ad
1643 1919 1861 1955 agnoscendam

1032 1966 1175 1992 bonorum
1210 1964 1438 2000 possessionem,
1468 1963 1580 1997 liberis,
1627 1966 1656 1991 et
1685 1963 1862 1999 parentibus

1032 2018 1128 2036 annus
1148 2008 1260 2043 integer
1290 2007 1458 2041 auxiliatur,
1475 2008 1541 2035 aliis
1571 2008 1704 2042 cognatis
1738 2010 1859 2035 centum

1032 2053 1094 2081 dies
1110 2053 1217 2081 solum.
1235 2053 1320 2080 Pmna
1335 2051 1516 2087 stipulationi
1534 2051 1746 2088 apponidebet.

1067 2097 1276 2133 Emphyteusis
1301 2099 1346 2125 est
1362 2099 1503 2132 perpetua
1518 2096 1634 2124 locatio.
1652 2096 1781 2132 Duplum
1809 2104 1859 2124 so-

1031 2142 1125 2170 lutum
1147 2143 1183 2169 ab
1212 2150 1245 2169 eo
1274 2141 1324 2177 qui
1353 2141 1501 2168 inﬁciatus
1524 2144 1580 2175 est,
1609 2141 1732 2168 indeliiti
1753 2141 1857 2168 condi-

1031 2187 1126 2214 ctione
1151 2195 1209 2214 non
1232 2186 1383 2221 repetitur.
1415 2185 1536 2213 Furtum
1559 2188 1603 2213 est
1627 2185 1729 2213 dolosa
1758 2194 1858 2213 rerum

1031 2231 1242 2259 contrectatio:
1274 2232 1337 2258 sine
1367 2230 1443 2258 mala
1467 2230 1634 2258 admotione
1655 2231 1765 2258 furtum
1797 2239 1856 2258 non

1031 2276 1113 2303 facis.
1143 2275 1314 2302 Publiciana
1343 2275 1483 2310 competit
1519 2275 1543 2302 ei
1574 2275 1624 2310 qui
1651 2283 1711 2302 rem
1742 2274 1858 2307 amisit,

1031 2328 1098 2348 cum
1115 2328 1171 2347 non
1185 2319 1343 2355 possideat,
1361 2327 1420 2346 rem
1438 2319 1575 2346 furtivam
1592 2319 1734 2346 adversus
1749 2319 1856 2346 furem.

1031 2365 1171 2392 Pauliana
1200 2365 1288 2391 datur
1313 2363 1535 2399 circumscripto
1564 2364 1593 2391 in
1621 2363 1798 2396 venditione,
1828 2366 1858 2392 et

1030 2409 1205 2436 alienatione
1221 2416 1317 2435 rerum
1334 2416 1467 2435 suarum.
1478 2408 1567 2440 Furti,
1583 2410 1611 2435 et
1626 2415 1660 2435 ex
1675 2407 1739 2443 lege
1768 2408 1858 2443 Aqui-

1029 2453 1069 2481 lia
1083 2453 1112 2480 in
1129 2453 1252 2488 duplum
1270 2452 1396 2488 agimus.
1420 2452 1477 2480 Lex
1500 2452 1659 2479 Duodecim
1684 2451 1857 2480 tabularum

1029 2497 1097 2525 furti
1119 2500 1148 2525 et
1173 2497 1292 2533 Aquilius
1318 2497 1458 2531 actiones,
1486 2496 1604 2524 noxales
1629 2497 1740 2524 scribit.
1769 2496 1859 2525 Exce-

1028 2542 1088 2578 ptio
1103 2545 1148 2570 est
1163 2545 1241 2570 certa
1256 2544 1283 2570 et
1299 2541 1456 2569 manifesta
1466 2541 1595 2577 exceptio
1604 2541 1645 2568 rei
1661 2541 1697 2569 ad
1713 2544 1856 2569 actorem.

1028 2589 1129 2615 contra
1158 2586 1303 2614 actionem
1327 2585 1391 2621 lege
1406 2586 1526 2621 quidem
1553 2586 1680 2618 ﬁrmam,
1705 2586 1755 2613 sed
1773 2590 1858 2613 natu-

1027 2631 1081 2660 rali
1094 2633 1161 2667 jure
1177 2631 1330 2666 injustam.
1356 2630 1448 2658 Litem
1480 2638 1566 2658 nemo
1591 2630 1721 2658 instituit
1736 2631 1857 2658 nescius

1027 2676 1171 2712 suijuris.
1190 2676 1220 2704 In
1246 2676 1314 2711 jure
1340 2674 1446 2711 aequali
1476 2675 1573 2712 potior
1586 2677 1632 2704 est
1647 2675 1697 2711 qui
1711 2675 1856 2712 possidet.

1061 2775 1100 2813 (3)
1115 2775 1147 2803 Δὶ
1162 2772 1273 2814 φάλσις.
