1952 3054
184 93 243 122 939

184 159 214 186 Ὀ
231 157 324 196 ἅρχων
343 157 486 196 ὑπερόριος
502 157 605 190 οίκοθεν
621 157 773 186 δαπανάτω.

185 203 292 241 Μοιχὸς
308 202 336 230 δὲ
350 214 392 235 τις
407 202 581 241 ἀποδειχθεὶς
595 204 641 234 τὰς
657 203 752 234 ποινὰς
770 203 904 241 ὑπεχέτω,

184 247 304 275 Διδόσθω
321 247 348 276 δὲ
363 248 397 285 τῇ
413 249 517 286 γυναικὶ
536 248 565 276 ἐκ
579 251 632 275 τῶν
649 248 731 275 αὐτοῦ
746 249 911 286 πραγμάτων

181 293 211 320 Ἡ
230 293 311 331 προὶξ
327 293 372 320 σὺν
389 292 478 325 ἕδνοις
491 293 590 328 ἅπασα,
608 293 630 320 εἰ
645 291 668 320 δ’
683 291 815 330 ἄπροικος
830 292 970 330 τυγχάνει,

179 338 266 371 Μὲρος
282 337 368 375 ἐχέτω
382 338 510 375 τέταρτον
524 340 578 365 τῶν
596 338 700 365 ἒκείνυυ
715 337 893 375 πραγμάτων·

180 382 221 410 Τὰ
237 381 264 409 δὲ
280 382 364 410 λοιπὰ
379 385 429 410 τοῦ
444 383 605 413 πταίσαντος
620 382 768 420 πράγματα
786 382 936 418 μεριζέσθω

179 426 227 458 Εἷς
257 426 366 462 παῖδας,
396 427 433 458 είς
462 427 526 458 τοὺς
551 426 695 464 φύσαντας,
727 425 791 464 ἄχρι
824 426 932 463 βαθμοῦ
958 426 1007 452 τοῦ

891 469 1005 507 [τρίτου.

178 515 211 543 Εἴ
227 515 249 543 δ’
265 515 326 544 οὕτε
341 518 414 550 παῖς,
427 514 486 544 οὕτε
503 515 598 553 γονεὶις
617 514 774 553 ὑπάρχουσι
790 517 829 550 τῷ
846 515 970 551 πταίστῃ,

176 563 220 596 Τῷ
237 560 323 599 (ρίσκῳ
338 561 601 599 προσκυρούσθωσαν
617 560 742 588 τάκείνου
763 559 968 598 προσηκόντως.

177 608 230 640 Τῆς
247 606 442 643 μοιχευθείσης
458 605 595 643 γυναικὸς,
614 602 734 642 ἀκριϐῶς
753 602 939 642 τηρουμένης,

178 650 210 678 Ei
226 651 239 677 ὁ
257 650 382 681 σύνοικος
399 649 540 688 βούλοιτο,
555 649 727 687 Θαρῥούντως
745 647 906 685 λαμϐανέτω

177 695 234 729 Τὴν
251 695 397 722 πταίσασαν
414 694 531 730 ἀζήμιον
547 693 622 724 ἐντὸς
637 697 686 728 τῆς
704 693 812 724 διετίας·

177 739 286 774 Χρόνου
302 737 331 766 δὲ
346 737 552 776 ὃιαῤῥεύσαντος
567 740 615 765 τοῦ
636 737 861 775 διηγορευμένου,

178 785 209 811 Ἡ
226 785 273 820 μὲν
288 783 326 814 εἷς
346 785 527 820 μοναστήριον
544 781 656 813 ἐνδίκως
673 781 799 819 διαγὲτω,

176 827 401 867 Μελαμφοροῦσα
417 827 531 854 πάντοτε
545 826 613 854 κατὰ
622 827 669 857 τὰς
684 826 860 864 κεκαρμένας·

175 873 209 900 Ei‘
224 872 317 903 παῖδες
333 873 396 907 εἰσί,
411 871 442 900 τὸ
459 871 584 909 δίμοιρον
606 870 741 909 ἐχέτωσαν
757 872 793 898 ὧν
808 869 877 909 ἔχει,

173 918 208 944 Τὸ
224 916 252 944 δὲ
268 928 299 955 γε
316 918 498 955 μοναστήριον
514 916 546 943 τὸ
561 916 651 954 τρίτον
669 914 840 953 λαμϐανέτω.

174 963 208 990 Αἱ
223 962 336 997 κλήσεις
350 964 404 990 τῶν
420 961 576 999 ἐγκλήματι
591 960 707 988 θανάτου
722 962 904 990 πεπτωκότων

177 1008 243 1038 Τοῖς
260 1010 325 1034 πᾶσι
340 1007 531 1043 ἀρμοζὲτωσοιν
549 1005 566 1040 ἢ
583 1006 638 1032 ἅνω
653 1008 710 1037 τοῖς
725 1009 842 1042 γονεῦσι.

176 1052 226 1082 Τὰς
243 1050 317 1083 δίκας
332 1052 379 1082 τὰς
395 1051 420 1078 ἐν
437 1053 563 1088 χρήμασι
578 1050 625 1081 τὰς
641 1050 707 1078 κατὰ
722 1053 775 1078 τῶν
792 1050 816 1078 ἐν
832 1050 929 1088 κλήρῳ

177 1096 337 1124 Ἐπίσκοποι
352 1096 512 1134 κρινέτωσαν
527 1093 711 1132 ἠκριϐωμὲνῳ
727 1095 811 1132 λόγῳ.

176 1141 252 1172 Ἐνὸς
269 1140 297 1168 δὶ
314 1141 351 1177 μή
370 1142 568 1178 στοιχήσαντος
583 1142 631 1167 τοῦ
645 1140 782 1175 κρίνοντος
795 1143 830 1174 τῆ
850 1142 945 1180 ψήφῳ,

175 1186 205 1214 Ὀ
224 1185 317 1223 ἄρχων
331 1185 460 1221 ἐξετάσειε
474 1184 574 1220 ταύτην
591 1182 797 1222 ἀκριϐεστὲρως.

176 1231 219 1258 Ἐν
236 1229 265 1258 δὲ
278 1233 336 1261 τοῖς
351 1231 528 1267 ἁμαρτήμασι
544 1232 601 1260 τοῖς
616 1229 851 1268 πολιτικωτέροις,

175 1276 208 1304 Οἱ
224 1275 353 1313 κληρικοὶ
368 1278 426 1307 τοῖς
441 1274 557 1312 ἄρχουσι
574 1274 726 1302 ὑπόκεινται
743 1274 865 1307 δικαίως.

175 1320 247 1352 Τοὺς
263 1320 381 1351 εὐτελεῖς
398 1319 426 1347 δὲ
443 1321 579 1358 μάρτυρας
596 1320 609 1346 ὁ
626 1320 721 1357 κριτὴς
735 1319 888 1354 κολαζέτω,

174 1366 244 1402 Πρὸς
258 1365 388 1401 ἀληθείας
403 1365 504 1401 εὕρεσιν
520 1364 564 1392 καὶ
580 1364 675 1403 μηρεῖς
692 1363 829 1394 αἲτιάσοω.

174 1410 235 1438 Ἐπὶ
250 1412 303 1438 τῶν
317 1408 498 1448 ἐγκλημάτων
517 1407 546 1436 δὲ
564 1411 618 1436 τῶν
636 1408 661 1436 ἐν
677 1407 853 1446 δικαστηρίῳ,

175 1455 206 1484 Οἱ
223 1455 355 1494 μάρτυρες
370 1457 428 1486 τοῖς
445 1453 582 1485 δικασταῖς
596 1453 767 1492 προσίτωσαν
781 1453 808 1481 ἐν
824 1454 912 1491 νόμῳ,

849 92 1058 122 MICHAELIS
1080 91 1217 122 PSELLl

1024 159 1049 192 Α
1064 157 1223 194 Κηδεμόνας
1238 160 1296 189 τοῖς
1312 157 1440 196 ὀρφανοῖς
1455 158 1470 185 ὁ
1485 157 1579 197 ἅρχων
1594 160 1749 198 παρεχέτω.

1829 98 1886 128 940

1064 203 1120 240 Χρὴ
1136 203 1183 230 τὸν
1199 203 1224 238 ἐξ
1241 202 1383 233 niuium:
1400 204 1606 239 ὑπομνησθέντα
1617 205 1742 242 πρώτης,

1062 245 1178 275 Βιϐλίου
1195 246 1374 285 ὑποδέχεσθαι
1390 250 1441 282 τῆς
1455 248 1622 285 κινουμένης
1635 248 1722 284 δίκης,

1064 292 1114 320 Καὶ
1129 292 1297 330 προθεσμίαν
1313 294 1425 330 ἡμερῶν
1442 292 1527 320 εἰόιοσι
1543 293 1777 331 προσλαμϐάνειν.

1062 338 1093 365 Ὀ
1108 335 1135 364 δὲ
1151 336 1181 364 ἐκ
1194 337 1376 374 περιστάσεως
1392 335 1483 364 λαϐὼν
1501 336 1625 375 δευτέραν
1639 339 1740 377 κρίσιν,

1062 381 1100 410 Οὐ
1116 380 1224 409 δύναται
1239 382 1285 409 τὸν
1300 380 1424 417 δεύτερον
1441 381 1569 416 δικαστὴν
1586 386 1790 421 παραιτεῖσθαι,

1061 426 1135 453 Μετὰ
1151 425 1292 461 διομοσίαν
1310 424 1338 452 δὲ
1352 428 1400 453 τοῦ
1421 425 1482 463 ῥέου
1496 427 1699 463 κρυπτομένου,

1063 470 1114 498 Καὶ
1132 470 1169 506 μή
1186 471 1460 507 προσαπαντήσαντος
1475 473 1542 498 κατά
1558 472 1608 506 τήν
1622 474 1802 510 προθεσμίαν,

1062 514 1107 545 Εἷς
1123 515 1157 541 τὰ
1172 514 1276 542 ἐκείνου
1292 515 1439 551 πράγματα
1454 515 1602 551 πεμπέσθω
1618 517 1632 543 ὁ
1649 516 1761 555 ἐνάγων.

1060 559 1118 586 Οὐκ
1134 558 1226 589 ἄλλως
1244 557 1266 586 δ’
1282 557 1429 586 ἀναδίδωσι
1445 560 1478 586 τὰ
1493 560 1640 596 πράγματα
1654 564 1693 597 τῷ
1708 562 1762 599 ῥέῳ

1062 603 1092 631 Εἰ
1111 604 1147 639 μὴ
1163 605 1214 637 τὴν
1229 605 1315 630 πᾶσαν
1331 604 1462 640 πρότερον
1478 602 1599 638 δαπάνην
1616 606 1775 642 ἀπαιτῆσαι.

1062 650 1130 683 Γυνή
1146 658 1188 679 τις
1205 647 1270 678 ί¹σως
1282 648 1384 685 ἄπορος
1400 648 1444 675 ἐπὶ
1460 648 1537 686 ἀνδρὶ
1553 650 1664 687 εὐπόρῳ

1060 695 1182 720 Θανοῦσα
1195 691 1262 730 δίχα
1275 695 1400 729 γαμικῶν
1415 692 1529 725 τελείως
1545 692 1735 732 συμϐολαίων,

1059 738 1104 769 Ὠς
1119 736 1147 765 δὲ
1161 737 1208 764 κᾶν
1225 737 1328 774 ἄπορος
1343 737 1412 774 ἀνὴρ
1427 737 1470 765 ἐπὶ
1486 738 1594 776 εὐπόρῳ
1609 741 1695 769 θάνοι.

1059 781 1105 812 Εἷς
1123 782 1206 818 μόνον
1223 782 1306 819 μέρος
1320 781 1448 819 τέταρτον
1463 784 1518 810 τῶν
1532 783 1628 812 ἑαυτοῦ
1643 787 1803 823 κτημάτων,

1059 826 1127 853 Ἀπὸ
1142 828 1190 853 τοῦ
1205 828 1308 860 ζῶντος
1324 827 1338 853 ὑ
1354 826 1440 858 θανὼν
1453 826 1546 860 καλῶς
1560 827 1780 867 χληρονομείτω.

1057 870 1087 898 Ὁ
1101 871 1161 907 τρῖς
1175 871 1292 907 κομίσας
1310 870 1447 908 μάρτυρας
1463 872 1539 903 αὖθις
1556 873 1594 909 μὴ
1608 876 1762 913 παραγὲτω.

1056 915 1085 943 '0
1103 914 1182 951 μέσος
1200 914 1228 942 δὲ
1242 918 1300 946 τοῖς
1318 915 1408 952 μέρεσι
1423 917 1541 953 γεγονὼς
1554 918 1652 955 γνώμη
1669 920 1785 958 τούτων,

1056 960 1113 998 Ἐφ’
1129 961 1171 991 οἷς
1187 960 1261 987 οὗτοι
1279 959 1431 994 δικάζονται
1446 960 1490 988 καὶ
1507 959 1577 989 ἔχων
1592 965 1772 1002 μαρτυρείτω.

1057 1004 1102 1038 Μὴ
1119 1005 1204 1035 πάσας
1221 1003 1243 1031 δ’
1260 1004 1331 1040 οἶόυ,
1349 1003 1474 1040 δέσποτα,
1490 1005 1537 1037 τὰς
1552 1008 1649 1043 νεαρὰς
1667 1009 1843 1047 εὖχρήστους

1055 1048 1089 1076 At
1127 1050 1134 1056 ς
1193 1050 1199 1057 κ
1257 1049 1262 1057 ι
1303 1048 1314 1076 ἐ
1335 1050 1361 1075 ιθ
1478 1053 1503 1066 ~_
1544 1051 1554 1065 ι,
1626 1063 1635 1069 _
1723 1054 1729 1063 I

1085 1071 1090 1075 .
1107 1060 1153 1084 μεν
1170 1059 1220 1086 γαρ
1235 1060 1284 1076 ουκ
1316 1060 1345 1076 τε
1365 1060 1430 1084 ηταν
1445 1060 1502 1081 τοι,
1520 1055 1634 1083 Λεοντο,
1653 1051 1774 1089 βιϐλιοις

1054 1095 1101 1121 ¹¹Ων
1118 1096 1134 1128 ἡ
1153 1094 1199 1130 μὲν
1212 1097 1310 1132 γνῶσις
1324 1093 1461 1133 ἀσφαλής,
1482 1096 1609 1133 βασιλικὴ
1626 1097 1650 1125 δ’
1665 1099 1681 1133 ή
1697 1099 1797 1134 κλῆσις

1054 1139 1088 1167 Αἱ
1105 1137 1128 1166 δ’
1145 1139 1168 1166 εἰ
1184 1140 1228 1166 καὶ
1244 1140 1471 1177 κατεστρώθησαν
1488 1140 1639 1178 ἐσχόλασαν
1654 1146 1694 1180 τῷ
1709 1146 1815 1182 χρόνῳ,

1055 1184 1090 1211 Ai.
1106 1182 1129 1210 δ’
1144 1182 1267 1221 ἤργησαν
1283 1183 1433 1211 ἀλλοίωσιν
1449 1187 1498 1212 τοῦ
1515 1185 1577 1223 βίου
1591 1185 1746 1224 δεξαμένου.

1054 1229 1118 1257 Οἴον
1135 1229 1167 1256 τὰ
1183 1229 1244 1266 περῖ
1263 1227 1429 1266 βουλευτῶν,
1445 1230 1478 1256 τὰ
1493 1230 1556 1266 περὶ
1571 1233 1625 1259 τῶν
1641 1234 1818 1271 πραιτώρων,

1055 1273 1095 1301 Τὰ
1110 1273 1171 1310 περὶ
1189 1272 1390 1310 μοδεράτωρος,
1405 1273 1439 1301 τὰ
1452 1273 1513 1311 περὶ
1529 1278 1728 1315 κοιαιοτώρων,

1053 1319 1093 1346 Ti
1107 1319 1168 1356 περὶ
1184 1321 1238 1346 τῶν
1254 1319 1394 1357 ἐπαρχιῶν
1411 1320 1464 1347 τῶν
1480 1320 1726 1359 ἀπηριθμημὲνων.

1052 1363 1119 1390 Ὅσα
1133 1365 1200 1391 κατά
1216 1363 1361 1391 συναίνεσιν
1377 1364 1422 1392 τὸν
1438 1366 1527 1402 γάμον
1543 1365 1688 1404 διαιροῦσι,

1051 1407 1088 1435 Τὰ
1103 1408 1165 1445 περὶ
1181 1409 1384 1446 συγχωρήσεων
1397 1408 1537 1438 λοιπάδων
1554 1409 1706 1448 δημοσίων,

1053 1452 1089 1480 Τὰ
1103 1453 1165 1490 περὶ
1179 1455 1232 1480 τῶν
1248 1452 1401 1488 ἐκκλησιῶν
1419 1455 1457 1491 (4)
1471 1457 1524 1482 τῶν
1538 1454 1564 1483 ἐν
1581 1457 1615 1494 τῇ
1633 1456 1757 1494 Σικελίᾳ,

1675 1502 1758 1532 Vere.
1780 1505 1846 1534 446.

172 1631 316 1659 servanda
335 1630 405 1665 jura
432 1631 461 1657 et
487 1636 536 1657 res
559 1637 622 1664 quae
650 1629 762 1657 habent
779 1628 992 1664 delinquentes.
1010 1630 1031 1664 (ξ
1051 1629 1273 1665 quaestionibus,
1296 1630 1458 1658 secundum
1482 1629 1563 1668 leges
1590 1631 1620 1660 in
1645 1632 1758 1668 judicio
1787 1637 1882 1665 testes

172 1675 363 1711 Magistratus
379 1675 459 1702 extra
474 1673 653 1709 provinciam
676 1673 712 1701 de
728 1673 844 1710 proprio
859 1676 996 1709 sumptus

173 1720 280 1747 facito.
311 1719 441 1746 Moechus
470 1718 647 1746 manifestus
687 1718 779 1752 poenis
813 1718 993 1754 subjicitur:

170 1773 204 1792 ex
220 1764 313 1800 ipsius
329 1763 414 1791 bonis
439 1763 502 1798 dos,
525 1771 591 1790 cum
617 1763 697 1790 omni
721 1762 893 1798 sponsalitia
908 1763 994 1797 largi-

168 1811 228 1836 tate
254 1808 370 1836 mulieri
395 1809 498 1835 dator:
524 1807 549 1834 si
574 1815 640 1834 vero
665 1806 715 1835 illa
740 1807 880 1842 indotata,
904 1816 994 1843 quar-

167 1857 227 1882 tam
249 1856 360 1889 partem
377 1853 521 1880 bonorum
538 1852 618 1879 illius
635 1851 761 1880 habeat:
786 1851 914 1886 reliquas
930 1852 994 1887 ejus

167 1899 217 1934 qui
233 1898 358 1934 deliquit
372 1899 449 1925 bona
460 1897 536 1924 inter
552 1896 658 1924 liberos
670 1900 698 1924 et
710 1899 845 1932 parentes
859 1897 994 1924 dividun-

166 1946 212 1970 tor
227 1951 321 1979 usque
337 1943 373 1970 ad
389 1942 508 1970 tertium
526 1941 670 1976 gradum:
688 1941 711 1968 si
728 1949 794 1968 vero
811 1941 993 1976 delinquenti

166 1996 261 2023 neque
277 1987 366 2020 ﬁlius,
393 1994 488 2021 neque
513 1994 619 2021 parens
642 1986 690 2020 sit,
708 1985 913 2013 convenienter
927 1986 991 2020 ejus

164 2032 241 2059 bona
264 2033 333 2059 fisco
358 2031 541 2058 addicuntur.
568 2030 719 2058 Mulierem
745 2029 907 2057 adulteram
923 2029 990 2056 dili-

162 2079 264 2111 genter
290 2076 485 2110 observatam,
511 2075 645 2109 maritus,
662 2075 687 2101 si
711 2074 790 2108 velit,
815 2073 893 2101 intra
909 2074 990 2101 bien-

162 2121 245 2148 nium
261 2121 438 2157 impunitam
455 2120 594 2155 recipito:
613 2119 721 2146 etﬂuxe
747 2126 814 2145 vero
830 2117 989 2146 constituto

162 2168 303 2202 tempore,
330 2165 380 2192 illa
396 2165 425 2192 in
449 2163 661 2192 monasterium
690 2162 794 2189 merito
815 2162 989 2198 detruditor,

161 2219 227 2238 cum
246 2210 424 2238 monialibus
441 2209 521 2237 omni
536 2209 602 2235 vitae
620 2210 750 2242 tempore
777 2209 873 2234 vestes
889 2208 988 2242 nigras

160 2255 283 2284 induta:
299 2255 323 2282 si
340 2255 423 2282 liberi
442 2254 560 2287 fuerint,
575 2252 639 2286 ejus
663 2252 807 2278 bonorum
828 2251 902 2279 duas
918 2260 987 2287 par-

158 2302 202 2329 tes
218 2301 355 2334 habento,
373 2297 585 2326 monasterium
612 2296 727 2323 tertiam
755 2296 861 2331 cupito.
878 2296 984 2324 Eorum

160 2346 234 2373 bona
248 2354 322 2380 quos
337 2344 448 2372 crimen
467 2341 551 2369 morti
569 2340 698 2376 subjicit,
711 2340 810 2368 liberis
824 2340 866 2368 vel
883 2349 984 2368 ascen-

159 2389 298 2417 dentibus
314 2390 494 2423 competunt.
511 2386 690 2414 Clericorum
717 2385 900 2420 pecuniarias
915 2394 984 2413 cau-

159 2441 207 2461 sas
223 2435 323 2461 exacto
334 2432 447 2468 judicio
463 2430 590 2466 episcopi
612 2429 784 2464 judicanto:
810 2430 901 2457 altera
915 2438 982 2457 vero

157 2477 285 2514 partium
302 2473 620 2510 sententizejudicantis
632 2481 687 2501 non
700 2473 982 2509 acquiescente,eam

157 2521 287 2550 exactius
303 2520 433 2548 locorum
450 2519 643 2554 magistratus
661 2517 817 2545 examinet.
835 2519 866 2545 In
882 2517 981 2545 crimi-

156 2566 243 2595 nibus
269 2564 405 2593 civilibus
428 2563 525 2592 clerici
550 2562 772 2599 magistratibus
793 2562 896 2589 merito
912 2562 980 2590 sub-

152 2611 308 2648 jiciuntur.
339 2608 470 2637 Humiles
497 2610 587 2636 testes
615 2609 730 2644 reperta
752 2606 871 2635 veritate
888 2607 980 2642 judex

154 2656 320 2693 castigato,
350 2659 378 2684 et
405 2662 492 2683 nemo
521 2654 660 2682 causatur
676 2674 683 2681 .
714 2653 745 2681 In
773 2651 979 2680 criminalibus

188 2762 227 2800 (4)
242 2757 412 2796 Ἔκκλήτων.

1047 1674 1199 1710 judicibus
1224 1675 1434 1710 producuntor.
1461 1675 1584 1712 Pupillis
1609 1681 1759 1706 curatores
1784 1681 1884 1716 magi-

1051 1721 1161 1747 stratus
1173 1719 1251 1747 dato.
1268 1719 1388 1755 Oportet
1403 1728 1470 1748 eum
1486 1721 1537 1756 qui
1560 1729 1594 1749 ex
1610 1722 1706 1758 prima
1728 1724 1883 1754 vocatione

1050 1764 1237 1792 submonitus
1262 1770 1317 1795 est,
1341 1765 1473 1792 libellum
1498 1765 1558 1793 litis
1589 1775 1652 1802 quae
1679 1771 1816 1796 movetur
1831 1779 1882 1798 ac-

1049 1809 1154 1844 cipere,
1172 1811 1199 1836 et
1214 1809 1316 1845 viginti
1338 1810 1451 1837 dierum
1479 1810 1614 1839 inducias
1637 1811 1753 1840 habere.
1772 1814 1826 1846 Qui
1845 1823 1882 1842 ex

1049 1853 1231 1880 recusatione
1246 1855 1408 1881 secundum
1428 1854 1575 1889 judicium
1601 1856 1755 1892 acceperit,
1774 1859 1882 1894 nequit

1048 1898 1211 1925 secundum
1237 1898 1367 1931 judicem
1398 1906 1548 1926 recusare.
1579 1899 1647 1927 Post
1671 1901 1879 1935 juramentum

1048 1942 1088 1968 rei
1119 1942 1280 1976 latitantis,
1310 1950 1405 1977 neque
1433 1943 1511 1970 intra
1550 1944 1628 1971 diem
1668 1948 1814 1973 statutum
1847 1955 1880 1975 se

1046 1986 1230 2021 exhibentis,
1260 1988 1341 2014 actor
1371 1986 1400 2014 in
1430 1987 1495 2022 ejus
1527 1996 1624 2016 rerum
1654 1990 1878 2024 possessionem

1046 2031 1191 2058 mittitor:
1209 2039 1302 2066 neque
1317 2031 1390 2058 alias
1413 2040 1462 2059 reo
1477 2031 1540 2066 eius
1567 2032 1643 2060 bona
1668 2034 1878 2070 restituantur,

1045 2083 1133 2110 quam
1164 2075 1188 2102 si
1205 2075 1313 2102 damna
1342 2078 1371 2102 et
1390 2083 1493 2103 omnes
1523 2076 1634 2111 priores
1658 2081 1798 2113 sumptus
1825 2087 1878 2107 re-

1045 2119 1162 2154 pendat.
1186 2118 1215 2146 Si
1229 2119 1282 2146 viri
1313 2119 1468 2155 locupletis
1495 2128 1607 2155 pauper
1634 2129 1706 2149 uxor
1730 2130 1788 2150 non
1807 2131 1877 2158 per-

1043 2163 1126 2190 fectis
1151 2163 1297 2190 dotalibus
1328 2163 1532 2192 instrumentis
1561 2165 1693 2199 decedat,
1722 2166 1767 2194 vel
1789 2167 1875 2197 dives

1044 2207 1149 2234 mulier
1164 2207 1223 2234 viro
1239 2208 1360 2243 pauperi
1384 2209 1422 2235 sit
1437 2212 1599 2244 superstes,
1616 2209 1646 2236 in
1671 2210 1764 2239 solam
1781 2220 1876 2247 quar-

1042 2254 1101 2278 tam
1117 2251 1262 2279 demortui
1288 2252 1432 2280 bonorum
1458 2255 1571 2289 partem
1599 2257 1748 2290 superstes
1765 2264 1873 2284 succe-

1041 2296 1101 2323 dut.
1127 2295 1180 2327 Qui
1210 2298 1254 2323 ter
1278 2297 1399 2324 adduxit
1427 2300 1525 2332 testes,
1554 2299 1662 2326 iterum
1691 2308 1727 2327 ne
1757 2301 1872 2336 produ-

1040 2340 1106 2368 cito.
1124 2340 1265 2368 Mediator
1290 2341 1451 2370 scientibus
1476 2345 1505 2370 et
1531 2343 1697 2372 volentibus
1720 2345 1871 2379 partibus,

1038 2393 1070 2412 ea
1087 2385 1123 2412 de
1135 2393 1164 2412 re
1192 2385 1227 2412 de
1244 2394 1302 2421 qua
1329 2385 1456 2421 litigant,
1485 2380 1573 2414 etiam
1602 2388 1712 2415 invitus
1736 2389 1874 2418 testimo-

1038 2429 1119 2456 nium
1136 2429 1234 2457 dicito.
1252 2429 1293 2456 Nc
1310 2432 1408 2457 tamen
1424 2439 1525 2459 omnes
1542 2431 1681 2467 novellas,
1698 2441 1714 2460 ο
1736 2433 1871 2467 domine,

1037 2473 1124 2501 utiles
1153 2474 1246 2501 crede.
1277 2474 1415 2507 Quadam
1441 2475 1518 2503 enim
1536 2476 1638 2511 positae
1667 2485 1725 2505 non
1751 2479 1870 2507 suntin

1037 2518 1141 2546 Leonis
1156 2518 1250 2553 libris,
1276 2527 1402 2554 quorum
1424 2519 1545 2548 scientia
1568 2520 1751 2554 ﬁrmissima.
1768 2525 1797 2550 et
1817 2532 1871 2551 no-

1035 2571 1101 2591 men
1132 2563 1252 2598 Ftegium
1280 2565 1344 2591 est:
1375 2564 1520 2600 quadam,
1548 2564 1615 2593 licet
1631 2565 1670 2593 ibi
1700 2566 1865 2602 collocata,

1033 2610 1165 2644 tempore
1180 2608 1287 2636 feriata
1304 2610 1383 2643 sunt,
1399 2609 1533 2644 quadam
1549 2610 1648 2637 otiosa;
1664 2613 1747 2645 sunt,
1763 2615 1866 2640 muta-

1033 2652 1143 2681 tionem
1158 2653 1217 2682 vita
1232 2652 1399 2690 recipiente.
1417 2653 1523 2686 Quales
1549 2663 1613 2692 quea
1628 2655 1663 2684 de
1687 2654 1865 2686 Deeurioni-
