1952 3052
40 100 96 130 94!

39 163 80 190 Τὰ
95 163 155 201 περὶ
171 163 221 190 τοῦ
237 163 275 200 μὴ
289 161 409 201 γίνεσθαι
425 162 497 190 οἳκοι
511 162 559 194 τὰς
580 161 762 200 λειτουργίας,

40 208 81 235 Τά
95 208 156 246 περὶ
171 210 219 235 τοῦ
236 207 370 243 διηνεκῶς
385 210 472 234 ποιεῖν
486 208 534 238 τὰς
550 207 736 246 ἐμφυτεύσεις,

39 253 81 280 Τὰ
95 253 156 290 περὶ
172 255 225 280 τῶν
244 252 271 280 ἐν
287 254 414 291 Ἀφρικῇ,
431 251 508 279 θείων
525 251 731 290 ἀφιδρυμάτων.

39 297 189 336 Εὕχρηστα
203 296 231 325 δὲ
247 297 293 325 καὶ
312 297 462 334 θαυμαστὰ,
478 297 512 324 τά
525 297 587 335 περὶ
601 295 752 324 Φαλκιδίου

38 343 81 371 Τὰ
96 343 157 380 περῖ
176 342 270 381 γάμων
288 341 393 374 λύσεως
408 344 465 373 τοῖς
481 342 629 376 καθήκουσι
649 342 774 379 τρόποις,

38 388 77 415 Τὰ
91 388 152 426 περί
171 386 329 417 ἀποδόσεως
344 387 511 424 πραγμάτων
528 386 723 423 προικιμαίων,

37 433 80 461 Τὰ
95 432 158 470 περὶ
173 433 369 468 καινοτομιῶν,
385 431 418 458 τὰ
433 431 494 468 περὶ
510 429 682 467 κηδεμόνων,

36 477 76 504 Τὰ
91 477 129 509 είς
144 475 276 514 ἀμέτρους
294 475 398 513 δωρεὰς
413 475 654 511 ἀποτετοξευμὲνα,

36 522 75 549 Τά
90 521 152 558 περὶ
167 524 217 555 τῆς
232 521 258 548 ἐν
273 522 308 557 τῇ
324 521 416 558 προικὶ
433 530 532 558 caece:
549 519 712 557 ἀνάργυρίας

35 566 76 594 Οὐ
89 565 179 593 τοίνυν
195 565 260 593 ὅλον
278 563 431 602 εὔχρηστον
446 567 500 592 τῶν
516 566 618 602 νεαρῶν
638 561 757 601 βιϐλίον,

34 610 116 640 Ἃλλ’
132 611 169 638 ὢν
185 611 202 645 ἡ
219 611 315 648 πρᾶξις
333 609 448 647 συνεχὴς
461 609 558 645 νόμοις
574 607 773 646 κεκροτημὲνη.

71 658 132 683 Τῶν
150 654 173 682 δ’
185 655 302 693 ἀγωγῶν
317 656 334 689 ἡ
352 653 473 689 σύνταξις
489 653 582 688 πολλή
599 663 628 681 τε
640 653 685 680 καὶ
701 651 828 687 ποικίλη,

35 700 183 730 Ἰταλικοῖς
200 699 314 735 ὀνόμασι
335 699 380 735 μὲν
396 698 644 734 κατωνομασμένη,

33 745 214 780 Ἑλληνικαῖς
230 742 259 771 δὲ
273 743 402 779 κλήσεσιν
418 743 494 773 αὖθις
507 742 710 777 ἀντικληθεῖσα,

35 789 149 818 Τούτων
165 790 216 824 ήτυ
223 788 378 826 μολόγηται
388 788 422 815 τά
436 786 525 815 πλείω
540 786 708 823 θαυμασίως.

35 833 234 872 Ἀδουλτερίης
251 831 338 869 ὄνομα
352 835 437 860 κεῖται
450 832 510 870 περὶ
529 831 665 869 μοιχείας,

35 880 87 906 Καὶ
103 879 241 915 θαύμασον
259 878 307 912 τὴν
326 876 447 909 σύνθεσιν
459 879 508 904 τοῦ
524 876 730 912 ὀνοματοθὲτου⁴

31 925 62 950 Ὁ
79 923 182 954 Ἰταλὸς
193 923 243 957 τήν
257 923 376 950 νόθευσιν
393 921 473 949 καλεῖ
487 923 546 952 πῶς
560 920 738 958 ἀδυυλτέραν,

31 970 128 1000 Ἔνθεν
144 970 209 1005 γοῦν
225 967 446 1003 κατωνόμασται,
461 966 493 993 τὸ
509 968 649 1003 στρῶπτον
664 968 713 1000 τῆς
724 963 860 1003 μοιχείας,

32 1013 66 1042 Ἦ
83 1013 134 1051 γάρ
153 1011 265 1050 μοιχεία
279 1012 412 1045 νόθευσις,
425 1012 468 1038 καὶ
482 1009 670 1048 παραχάραξίς
683 1020 735 1040 τις.

31 1060 143 1085 Κινοῦσι
159 1056 230 1084 δὲτὸ
248 1055 375 1094 μοιχικὸν
394 1055 473 1092 ἀνὴρ,
489 1055 591 1093 πατὴρ,
605 1055 650 1082 καὶ
671 1055 753 1089 θεῖος,

31 1104 105 1140 Πρὸς
119 1105 170 1137 τῆς
187 1101 301 1139 μητρὸς,
317 1100 385 1136 πρὸς
401 1102 449 1128 τοῦ
465 1099 579 1137 πατρὸς,
596 1098 727 1137 σύγγονος
751 1109 780 1126 τι
793 1098 860 1136 πρὸς

693 1142 825 1180 [co-51mg,

33 1191 102 1221 Μετ’
134 1189 276 1230 ἐγγραφῶν
306 1190 332 1217 οἱ
363 1189 539 1226 σύμπαντες,
569 1188 616 1216 κᾶν
647 1187 669 1216 εί
698 1188 743 1230 τὸν
779 1186 862 1223 ἄνδρα

720 1229 824 1268 [λέγῃς.

31 1283 66 1309 Ἦ
82 1279 245 1314 Ἀδοπτίων,
262 1277 392 1313 δέσποτα,
409 1278 508 1309 θέσεως
526 1275 614 1314 ὄνομά
627 1287 668 1312 τι,

33 1325 84 1356 Ei’c
98 1324 146 1352 δύο
162 1323 191 1352 δὲ
206 1323 325 1360 ὀνόματα
339 1324 390 1358 τήν
407 1321 537 1359 διαίρεσιν
551 1320 623 1359 ἔχει,

33 1371 84 1397 Ὧν
98 1370 129 1397 τὸ
145 1370 191 1406 μὶν
209 1367 380 1406 ἀδρογάτων,
395 1367 427 1395 τὸ
443 1366 472 1394 δὲ
484 1365 613 1394 ἀδόπτιον
631 1365 701 1402 λέγε.

32 1415 83 1442 Τὸν
99 1413 190 1442 τοίνυν
207 1412 362 1449 αὐτεξούσω
379 1409 512 1449 λαμϐάνει
525 1422 567 1443 τις
583 1411 620 1443 εἷς
636 1411 720 1444 θέσιν,

722 99 908 130 SYNOPSIS
932 98 1067 130 LEGUM
1073 122 1077 126 .

1688 104 1749 133 942

882 165 908 198 Α
923 162 963 198 Τῇ
975 165 1024 197 τῆς
1040 161 1229 201 ἆρνογατίονος
1241 164 1338 199 κλήσει
1352 174 1382 192 τι
1395 165 1440 193 καὶ
1455 163 1579 202 δυνάμει,

923 207 955 234 Ὀ
971 205 1000 233 δέ
1014 217 1043 245 γε
1054 207 1221 242 υἱοθετηθεὶς
1239 206 1340 243 ἄνηϐος
1357 209 1496 243 ἑκουσίως,

924 250 1093 287 Ἐξερεδάτος
1108 252 1228 289 γεγονὼς
1242 253 1333 288 τρίτον
1350 251 1483 290 λαμϐάνει
1500 255 1592 292 μέρος.

923 295 952 323 Ὁ
969 294 996 322 δὲ
1010 306 1040 334 γε
1056 296 1211 328 Ἀκουίλιος
1227 297 1322 335 ἀγωγή
1337 309 1378 329 τις
1394 298 1535 336 τυγχάνει,

923 340 998 367 Κατὰ
1011 343 1060 368 τοῦ
1075 341 1112 377 μὴ
1129 341 1297 379 παρέχοντος
1311 345 1352 379 τῷ
1367 340 1508 380 σιϐασμίῳ
1522 343 1611 380 τόπῳ,

922 386 1008 422 Ὅπερ
1028 384 1139 422 λεγάτον
1157 386 1238 424 ὥρισε
1253 390 1344 419 σαωῶς
1360 388 1374 415 ὁ
1390 387 1565 424 τελευτήσας,

922 432 1000 467 ’Έχει
1017 430 1040 457 δ’
1055 430 1199 466 ἀπαίτησιν
1215 434 1326 469 καρπῶν
1342 431 1417 470 εἶ’περ
1435 433 1579 470 ὗπερθοῖτό
1595 444 1647 464 τις.

921 474 952 502 Ἡ
969 473 997 502 δέ
1010 485 1040 511 γε
1055 474 1263 513 Ἀδεξιϐἐνδουμ
1278 477 1338 504 λίαν
1355 476 1410 505 ἐστῖ
1424 476 1574 516 χρειώδης,

921 519 1090 557 Ηραγμάτων
1120 519 1143 547 δ’
1180 519 1250 548 ἔστιν
1287 520 1413 560 ἓκπραξις
1447 523 1501 550 τῶν
1535 522 1744 560 ἀποκεκρυμμέ-

1634 571 1707 604 [νων,

921 608 1088 645 Περσοναλία
1102 608 1130 636 τὲ
1150 609 1216 645 ἐστι,
1233 611 1299 647 πρὸς
1315 610 1353 646 δὲ,
1370 609 1540 649 ἀρϐιτραρια,

919 653 1080 691 Εἰσπράττει
1097 651 1125 680 δὲ
1141 653 1295 692 ὁλόκληρον
1311 655 1342 682 τὸ
1358 658 1472 693 πρᾶγμα
1486 656 1694 693 προσηκόντως,

919 698 994 726 Μετὰ
1009 699 1109 734 γονῶν,
1124 699 1168 725 καὶ
1184 701 1314 734 τοκετῶν,
1331 700 1398 735 μετὰ
1412 700 1512 731 αἶ’τίας.

919 741 1082 778 Ἀμμίτους,
1098 742 1182 779 νόμος
1197 741 1349 775 πούϐλικος
1364 745 1524 781 κινούμενος
1545 745 1613 782 πρὸς
1629 744 1742 781 πάντας,

917 786 972 813 Οὐκ
987 784 1041 814 ἔστι
1057 787 1215 824 κεφαλικὸς,
1232 787 1279 815 κᾶν
1296 789 1382 825 ἀτιμῇ
1396 788 1518 823 τελείως,

918 833 1035 858 Κινεῖτάι
1053 830 1075 858 δ’
1091 831 1116 859 εἷ’
1127 843 1167 863 τις
1182 833 1232 867 τὴν
1249 833 1339 870 ἀρχὴν
1351 835 1492 872 χρήμασιν
1509 834 1649 873 ἀγοράσω.

921 876 967 902 Καὶ
983 878 1000 911 ἡ
1015 876 1136 912 Ἀννόνα,
1152 875 1303 905 πούῦλικον
1318 878 1363 906 καῖ
1378 878 1460 906 πλέον
1474 881 1528 907 τῶν
1543 877 1715 915 πουϐλίκων,

917 923 1026 948 Κινοῦσι
1041 921 1093 958 γὰρ
1106 922 1155 956 τήν
1172 921 1278 960 ἀγωγὴν
1295 923 1338 950 καὶ
1358 922 1454 950 δοῦλοι
1470 924 1514 951 καὶ
1530 927 1666 962 γυναῖκες,

917 967 1031 992 Κινεῖται
1047 964 1070 992 δ’
1086 965 1161 997 εἷ’τις
1176 969 1302 1003 τυραννεῖ
1315 968 1364 1002 τὴν
1381 968 1505 1003 εὐθηνίαν
1526 968 1649 1006 Ῥώμης,

916 1010 964 1037 Καὶ
981 1011 1270 1048 καταπραγμάτεύεται
1286 1012 1353 1048 πρὸς
1369 1012 1449 1050 χάριν
1465 1015 1518 1040 τῶν
1535 1011 1688 1052 βαρϐάρων.

915 1055 964 1081 Ἢν
979 1053 1006 1081 δὲ
1021 1065 1062 1085 τις
1079 1055 1233 1088 Ἀκουίλιος
1248 1055 1394 1094 δήμαρχος
1408 1056 1434 1084 ἐν
1450 1058 1485 1093 τῇ
1499 1058 1604 1095 Ῥώμῃ,

916 1099 965 1125 Καὶ
981 1099 1066 1135 νόμον
1085 1099 1241 1138 εἰσηγάγετο
1257 1101 1318 1138 περὶ
1332 1103 1362 1136 ζη
1370 1100 1432 1137 μίας
1445 1101 1518 1137 τότε,

915 1142 1035 1178 Ἐκλήθη
1053 1142 1074 1170 δ’
1091 1144 1247 1177 Ἀκουίλιος
1262 1145 1275 1171 ὅ
1289 1144 1371 1181 νόμος
1384 1145 1562 1184 φερωνύμως.

917 1186 1008 1214 Διεῖλε
1023 1186 1051 1214 δὲ
1066 1188 1097 1214 τὸ
1112 1190 1283 1227 προσταχθὲν
1300 1189 1326 1217 ἐν
1341 1190 1414 1228 τρισὶ
1427 1190 1599 1230 κεφαλαίοις,

917 1232 964 1258 Ὧν
981 1232 1119 1270 ἄχρηστον
1134 1233 1165 1260 τὸ
1179 1232 1302 1271 δεύτιρον
1318 1237 1377 1266 τοῖς
1393 1235 1535 1272 πράγμασι
1546 1235 1688 1273 τυγχάνει,

917 1277 1005 1307 Οὗτος
1021 1275 1044 1304 δ’
1059 1278 1072 1304 ὁ
1088 1277 1182 1314 νόμος,
1198 1277 1324 1313 δέσποτα,
1341 1279 1538 1317 πολύχρηστος
1558 1280 1687 1319 ὑπάρχει,

919 1321 966 1348 Καὶ
982 1321 1044 1358 περὶ
1060 1322 1142 1360 φόνου
1158 1322 1267 1357 πολλὴν
1285 1321 1422 1360 ἀκρίϐειαν
1439 1325 1553 1362 εἰσάγει,

918 1365 968 1392 Καὶ
985 1365 1062 1397 εἷ’τις
1078 1367 1107 1394 τὸ
1119 1366 1300 1404 στρατόπεδον
1316 1369 1354 1405 (5)
1369 1367 1520 1405 νεμόμενον
1534 1369 1668 1408 φονεύσει,

917 1412 948 1438 Ἦ
962 1410 1055 1448 ἀγωγὴ
1072 1409 1101 1439 δὲ
1114 1411 1229 1450 πέφυκεν
1246 1411 1313 1448 αὕτη
1328 1413 1374 1440 καὶ
1389 1413 1531 1448 ποιναλία,

1554 1461 1633 1488 Vers.
1645 1459 1708 1488 501.

38 1579 106 1613 bus,
125 1577 161 1605 de
172 1576 361 1609 Praetoribus,
386 1575 422 1603 de
437 1574 630 1607 Moderatore,
647 1574 683 1601 de
710 1573 866 1605 Quaestori—
883 1573 904 1607 C
923 1573 1011 1601 etiam
1027 1573 1091 1610 ipse
1106 1574 1229 1603 maritus
1241 1575 1370 1611 Adoptio,
1391 1584 1407 1603 ο
1423 1575 1553 1610 domine,
1568 1584 1675 1604 nomen
1700 1584 1746 1612 ge-

38 1623 108 1658 bus,
125 1622 160 1650 de
176 1621 336 1650 Provinciis
357 1619 548 1652 enumeratis,
565 1627 629 1654 quas
658 1618 694 1646 do
722 1617 868 1646 solutione

38 1667 212 1703 nuptiarum
228 1674 261 1693 ex
286 1673 443 1698 consensu,
468 1665 504 1692 de
532 1663 717 1700 indulgentia
744 1662 869 1698 reliquo.

41 1720 108 1740 rum
125 1711 323 1748 publicorum,
353 1710 388 1737 de
417 1707 673 1745 Appellationibus
696 1707 812 1742 bicilize,
828 1707 869 1734 Ne

41 1756 128 1785 Domi
144 1756 238 1784 Missae
253 1754 443 1788 celebrentur,
461 1754 496 1781 de
522 1752 712 1789 Emphyteusi
730 1754 869 1788 perpetuo

43 1801 190 1836 faciendo,
207 1801 242 1828 de
253 1799 360 1827 divinis
381 1798 518 1826 domibus
546 1797 658 1825 Africae.
688 1796 777 1824 Utilia
801 1804 870 1824 sane

42 1849 72 1874 et
84 1846 229 1878 miranda,
246 1853 310 1880 quae
339 1843 375 1871 de
390 1843 453 1879 lege
468 1842 605 1876 Falcidia,
622 1850 687 1877 quae
702 1841 737 1869 de
751 1840 870 1876 nuptis—

43 1899 112 1919 rum
128 1890 285 1924 solutione,
297 1887 619 1917 convenientibuslocis
635 1887 670 1914 de
686 1885 870 1914 restitutione

43 1944 144 1963 rerum
161 1933 314 1968 dotalium,
331 1933 366 1960 de
382 1932 447 1960 novi
462 1932 558 1968 operis
570 1930 763 1965 nuntiatione,
773 1930 808 1958 de
819 1937 870 1957 eu-

42 1979 203 2013 ratoribus,
232 1979 267 2006 de
291 1977 440 2006 immensis
465 1976 687 2011 donationibus,
724 1974 872 2003 collimata

43 2027 146 2054 sunt:
177 2032 242 2060 quae
266 2024 351 2051 docte
381 2023 416 2050 de
445 2022 512 2049 dote
554 2029 611 2049 non
643 2022 806 2048 numerata.
836 2020 872 2047 At

42 2078 104 2098 non
124 2071 205 2097 totus
248 2066 433 2095 Novellarum
474 2065 550 2093 liber
594 2064 675 2092 utilis
720 2068 775 2099 est,
819 2064 868 2092 sed

44 2122 172 2152 quarum
209 2112 285 2141 actio
317 2114 345 2140 et
379 2111 478 2148 praxis
502 2109 643 2138 continua
671 2108 786 2146 legibus
827 2110 872 2136 est

44 2159 245 2196 comprobata.

79 2203 236 2232 Actionum
251 2210 318 2230 vero
333 2200 465 2229 collectio
478 2198 631 2236 multiplex
642 2200 699 2233 est,
726 2200 755 2226 et
779 2198 872 2230 varia,

44 2248 156 2278 Italicis
168 2247 335 2276 nominibus
349 2247 495 2280 vocate,et
509 2253 612 2272 rursus
628 2243 747 2271 vocibus
764 2242 871 2270 Graecis

43 2293 176 2322 vicissim
193 2291 465 2329 nuncupata.Multa
475 2290 583 2318 mirum
599 2289 627 2316 in
640 2288 759 2316 modum
772 2295 872 2315 earum

45 2342 163 2375 etymon
175 2339 322 2366 enarrant.
338 2335 478 2364 Adnuerit
495 2343 600 2362 nomen
618 2333 739 2369 ponitur
754 2340 805 2368 pro
817 2341 876 2367 μοι-

45 2382 121 2421 χεία,
138 2385 166 2410 et
180 2382 327 2409 admirare
351 2379 594 2415 compositionem
625 2378 689 2412 ejus
705 2377 753 2411 qui
771 2384 874 2404 nomen

48 2427 200 2464 imposuit.
219 2426 342 2454 Latinus
357 2424 475 2451 νόθευσιν
493 2426 576 2452 vocat
594 2422 768 2450 adulterium
782 2430 789 2455 ;
802 2424 878 2449 recte

48 2473 140 2509 igitur
155 2473 290 2506 stuprum
308 2469 442 2498 adulterii
459 2469 682 2496 denominatur:
700 2465 877 2493 adulterium

49 2517 130 2545 enim
147 2519 191 2543 est
206 2515 318 2543 vitiatio
334 2523 385 2542 sen
401 2513 532 2547 νὸθευσις,
549 2515 577 2539 ct
589 2511 662 2538 falsa
679 2510 804 2546 signatio
820 2510 880 2538 sive

49 2559 250 2599 παραχάραξις.
279 2560 426 2587 Accusant
463 2565 530 2585 vero
567 2557 601 2584 de
638 2555 793 2588 adulterio,
825 2554 880 2588 vir,

49 2608 145 2643 pater,
171 2613 253 2639 avus,
277 2605 344 2640 post
364 2605 476 2639 patrem
506 2603 534 2629 et
562 2602 694 2634 matrem,
726 2601 792 2636 post
816 2599 881 2627 illos

50 2649 148 2680 cmteri
168 2648 295 2685 cognati,
328 2655 432 2676 omnes
460 2648 558 2675 tamen
587 2652 654 2674 cum
678 2643 882 2680 inscriptione,

89 2768 127 2805 (5)
139 2763 324 2804 Τετράποδον.

923 1618 1002 1646 neris
1014 1618 1041 1646 in
1058 1618 1115 1646 duo
1131 1619 1293 1655 specierum
1307 1620 1428 1648 nomina
1444 1620 1598 1655 dividitur,
1620 1629 1747 1657 quorum

923 1661 1047 1690 alterum
1064 1663 1227 1698 adrogatio,
1253 1663 1378 1692 alterum
1403 1664 1531 1700 adoptio.
1549 1665 1621 1692 Cum
1637 1664 1750 1693 scilicet

924 1707 991 1743 quis
1004 1707 1032 1734 in
1050 1706 1143 1734 tilium
1161 1716 1245 1744 quem
1263 1712 1368 1736 natura
1384 1709 1509 1744 negavit,
1526 1709 1617 1736 alium
1643 1709 1692 1745 qui
1704 1708 1750 1737 sui

920 1751 998 1786 juris
1015 1753 1059 1779 est
1074 1751 1194 1787 recepit,
1209 1753 1235 1780 vi
1246 1755 1274 1780 et
1291 1752 1410 1780 nomine
1434 1753 1635 1789 adrogationis
1650 1753 1749 1788 impu-

925 1796 976 1824 bes
988 1798 1090 1832 sponte
1106 1796 1276 1832 adOptatur:
1293 1796 1494 1825 exheredatus
1510 1797 1626 1825 tertiam
1637 1800 1750 1833 partem

925 1839 1011 1876 capit.
1028 1840 1138 1875 Aquilia
1154 1841 1229 1868 actio
1246 1841 1335 1869 datur
1350 1843 1451 1869 contra
1480 1851 1537 1870 non
1560 1843 1749 1878 prementem

925 1883 988 1912 loco
1004 1884 1162 1912 venerabili
1179 1884 1320 1921 legatum,
1337 1886 1415 1921 quod
1441 1886 1509 1922 quis
1535 1886 1664 1914 moriens
1681 1886 1749 1914 reli-

926 1928 1000 1965 quit,
1018 1929 1104 1957 habet
1120 1929 1320 1965 repetitionem
1339 1930 1497 1964 fructuum,
1518 1931 1542 1958 si
1555 1931 1621 1967 quis
1633 1939 1749 1967 procra-

926 1973 1087 2002 stinaverit.
1104 1973 1142 2001 Ad
1160 1974 1345 2003 exhibendum
1370 1975 1445 2003 actio
1470 1976 1631 2004 admodum
1652 1978 1697 2004 est
1719 1975 1750 2004 in

926 2027 992 2051 usu,
1012 2020 1093 2046 etest
1109 2027 1208 2047 rerum
1232 2019 1443 2047 absconsurum
1474 2020 1607 2056 repetitio
1624 2029 1630 2048 :
1648 2028 1749 2057 perso-

927 2062 1002 2091 nalis
1015 2065 1078 2098 est;
1094 2064 1282 2099 postmodum
1297 2064 1463 2092 arbitraria.
1482 2065 1516 2092 Et
1527 2073 1588 2093 rem
1605 2065 1750 2101 integram

927 2108 1132 2136 convenienter
1147 2108 1314 2144 exigit,cum
1333 2109 1540 2144 l'etu,partu,el:
1555 2109 1636 2137 omni
1652 2117 1751 2137 causa.

927 2152 1060 2186 Ambitus,
1076 2152 1121 2180 lex
1134 2153 1308 2189 publica,ab
1324 2154 1462 2182 omnibus
1479 2156 1625 2188 movetur,
1642 2162 1698 2182 non
1710 2156 1754 2182 ta-

928 2205 994 2225 men
1011 2197 1146 2233 cnpitaiis
1157 2200 1211 2231 est,
1229 2197 1297 2226 licet
1312 2200 1442 2226 extrema
1454 2198 1576 2226 infamia
1591 2201 1681 2226 notet.
1698 2199 1758 2226 Μο-

927 2244 1010 2270 vetur
1024 2243 1121 2270 autem
1138 2244 1240 2270 contra
1252 2251 1318 2270 eum
1331 2243 1380 2278 qui
1393 2243 1527 2278 pecuniis
1550 2243 1755 2278 magistratum

929 2287 1042 2314 emerit.
1062 2289 1099 2314 De
1113 2295 1224 2314 annona
1239 2287 1327 2315 etiam
1345 2287 1495 2322 publicum
1510 2287 1654 2322 judicium
1671 2289 1758 2320 est,et

930 2331 1089 2367 plusquam
1106 2331 1163 2359 alia
1178 2331 1340 2367 publicum,
1358 2340 1425 2358 nam
1438 2331 1582 2359 actionem
1600 2333 1718 2359 movent
1730 2332 1760 2359 et

931 2375 1006 2403 servi
1022 2377 1050 2402 et
1061 2375 1207 2403 mulieres.
1226 2376 1359 2403 Movetur
1385 2378 1495 2411 autem,
1525 2376 1549 2402 si
1568 2376 1636 2412 quis
1652 2378 1758 2403 Roma-

933 2428 1001 2447 nam
1017 2419 1178 2447 ubertatcm
1195 2423 1286 2452 vexet,
1298 2422 1326 2447 et
1337 2421 1370 2447 ad
1384 2423 1543 2456 egestatem
1560 2420 1758 2448 inducendam

933 2465 962 2492 in
993 2464 1118 2500 gratiam
1150 2464 1344 2492 Barbarorum
1376 2465 1550 2499 negotietur.
1581 2465 1647 2492 Fuit
1664 2465 1758 2492 Romae

934 2509 1071 2536 tribunus
1083 2508 1176 2544 plebis
1191 2508 1337 2544 Aquilius,
1359 2509 1408 2545 qui
1427 2511 1461 2537 de
1477 2510 1586 2537 damno
1601 2509 1696 2546 legem
1713 2511 1760 2536 tu-

934 2553 979 2588 lit,
997 2562 1061 2589 quae
1077 2554 1112 2580 ab
1129 2554 1192 2589 ejus
1212 2554 1330 2582 nomine
1346 2554 1390 2582 lex
1402 2554 1518 2590 Aquilia
1535 2562 1663 2590 congrue
1674 2562 1760 2582 voca-

936 2602 994 2626 tur.
1014 2600 1050 2625 Ea
1065 2598 1160 2626 tribus
1185 2598 1322 2633 capitulis
1338 2599 1488 2632 dividitur,
1515 2607 1640 2634 quorum
1658 2607 1763 2627 secun-

937 2643 1008 2671 dum
1026 2643 1134 2670 nostris
1158 2643 1188 2670 in
1206 2642 1332 2678 negotiis
1360 2642 1389 2671 in
1415 2651 1470 2672 usu
1495 2652 1552 2672 non
1568 2645 1623 2673 est.
1644 2643 1697 2672 Illa
1719 2643 1766 2672 lex
