1952 3054
199 123 218 152 9
223 124 260 153 ﬂ

197 188 317 216 Κινιῖται
333 186 356 215 δ’
372 187 394 214 εἰ
410 185 454 214 καί
469 186 597 221 τέθνηκεν
615 185 628 212 ὁ
645 184 882 222 κατηγορημὲνος.

195 233 227 261 Ἦ
240 233 356 269 Ῥιρουμ
372 232 548 267 ’Ᾱμοταρουμ
564 229 593 257 δὲ
606 228 793 260 κονδικτίκιος
805 229 897 267 λόγος.

195 277 325 314 Ἀρμόζιι
343 275 371 303 δὲ
387 276 430 303 καὶ
447 275 551 313 γυναιξὶ
564 274 632 302 κατά
646 276 701 302 τῶν
718 274 926 308 συνοικούντων,

196 320 288 358 Ἀνδρί
301 332 332 348 τε
345 321 413 347 κατὰ
428 320 558 357 γυναικὸς
574 318 736 356 κλέψαντος,
752 319 769 353 ἢ
786 318 933 355 κλεψάσης,

198 365 392 396 Στιλιονατους
408 363 436 392 δέ
452 364 508 391 ἐστι
524 363 645 401 πράξεως
657 363 784 399 πονηρία·

196 411 309 438 Ὀποῖον
325 409 349 437 εἰ
364 409 509 447 χρεώστης
523 408 564 439 τίς
579 418 631 434 τινι
647 410 701 434 τῶν
719 406 908 443 δανεισάντων,

199 455 246 486 Εἷς
264 455 406 490 ὑποθήκην
422 456 534 490 πρᾶγμα
551 451 590 488 δῷ
604 452 877 490 προϋποτεοειμένον·

196 500 273 537 ’Ὲχει
290 497 313 526 δ’
329 496 563 535 ὲξτραορδινάριον
577 499 656 524 τοῦτο
672 497 720 531 τὴν
736 497 882 534 τιμωρίαν.

197 544 307 581 Ἀγωγή
325 542 476 580 διαιρετικὴ
493 541 542 579 ἥγε
557 538 749 578 Τριϐουτορια.

193 589 225 617 Ἥ
242 587 270 616 δέ
284 598 314 626 γε
330 588 383 624 μὴν
399 586 542 619 Τουτελαε,
558 586 576 620 ἢ
591 587 649 613 κατ’
663 585 826 623 ἐπιτρόπων·

200 633 235 660 Τὸ
251 631 280 659 δὲ
294 630 518 669 Τερτουλιανειον
534 629 622 668 δόγμα
638 631 705 667 πρὸς
720 630 896 669 συκοφάντας.

194 678 240 712 ,Τὸ
256 677 285 705 δὲ
300 676 436 716 φαμιλίας
451 675 643 713 ἐρκισκούνδαε
658 675 754 709 τύπος,

211 725 248 750 Ev
263 723 286 759 ᾧ
301 722 335 749 τὰ
351 721 513 758 δικαστήρια
528 719 629 752 διπλῆν
647 719 704 758 ἔχει
719 720 768 754 τὴν
786 719 876 758 φύσιν,

195 769 255 794 Τῶν
275 765 461 804 ἐγκαλούντων
477 764 500 792 δ’
515 762 626 795 ἕκαστος
643 763 733 802 ἄκτωρ
748 764 803 792 ἐστὶ
818 765 863 792 καὶ
881 764 956 802 {Iliam

196 812 231 840 Ἡ
247 814 426 849 Φυνερατικια
442 808 481 842 δὲ,
497 810 606 836 ἀπαιτεῖ
616 809 666 843 τήν
682 807 813 845 δαπάνην,

200 858 261 884 Τῶν
278 856 304 883 ἓν
320 857 392 893 ταφῇ
408 853 480 892 παρά
493 864 565 884 τινος
581 852 674 884 καλῶς
687 851 926 888 καταϐληθέντων,

199 901 250 928 Καὶ
266 902 432 937 προτιμᾶται
445 901 498 926 τῶν
515 899 616 936 χρεῶν,
632 895 695 932 ἤτοι
708 897 775 932 αὖτή
797 897 913 934 δαπάνη.

201 942 296 982 Δόγμα
311 944 340 972 δὲ
353 944 385 971 τὸ
396 942 571 976 ’Δτιλανειον,
587 943 634 970 τὸν
650 940 749 980 ἀκριϐῆ
765 943 851 979 νομέα

202 991 282 1026 Μήτε
293 988 443 1027 κερδαίνειν
459 986 597 1025 περιττόν,
616 988 685 1024 μήτε
703 987 749 1023 μὲν
768 988 940 1024 ζημιοῦσθαι.

199 1034 294 1072 Δόγμα
309 1034 340 1061 τὸ
355 1033 385 1060 Ἀ
392 1033 532 1071 μφιάνειον
550 1031 690 1061 παντελῶς
703 1031 832 1070 ἀνῃρέθη.

198 1080 293 1117 Δόγμα
303 1079 334 1106 τὸ
350 1077 516 1115 Ἀδριάνειον
533 1076 676 1109 παντελῶς
690 1077 823 1112 ἡθετῆθη.

197 1124 289 1161 Δόγμα
305 1122 333 1150 δὶ
347 1124 378 1150 τὸ
395 1122 525 1151 Ἀτίλειον
543 1121 645 1149 κωλύει
661 1122 695 1148 τὰ.
708 1121 857 1156 κλαπέντα,

197 1169 247 1196 Διὰ
261 1171 350 1204 νομῆς
367 1166 540 1201 δεσπόζεσθαι
556 1166 668 1204 χρονίας
681 1166 886 1203 προσηκόντως.

194 1214 226 1242 ’0
241 1212 325 1249 νόμος
340 1211 362 1239 δ’
377 1211 503 1250 δγναριος
521 1212 577 1247 (I0)
593 1211 637 1238 τὸν
655 1210 734 1249 ὅρους
756 1211 912 1247 μεταθέντα,

194 1258 317 1296 Χρυσοῦς
333 1256 488 1294 εἰσπράττει
505 1254 662 1293 ἒκατὸν,ἐφ’
679 1254 782 1291 ἑκάστῳ
796 1257 849 1282 τῶν
865 1256 946 1293 ὅρων.

194 1303 226 1331 Ὀ
241 1301 326 1338 νόμος
342 1301 355 1328 ὁ
374 1301 509 1338 βῸκώνιος
528 1299 669 1330 παντελῶς
686 1299 817 1336 ἀνῃρέθη,

195 1346 290 1384 Δόγμα
303 1345 325 1373 δ’
340 1345 572 1382 ’Λσουμνιάνιιον,
589 1342 644 1371 ἔστι
659 1347 794 1376 τοιοῦτον,
811 1343 883 1379 ἅναξ.

193 1391 258 1420 Ἐάν
272 1401 314 1422 τις
332 1390 385 1418 ὑπὸ
400 1389 511 1428 αἳρεσιν,
528 1389 545 1424 ἢ
559 1388 626 1421 ’ίσως
645 1389 695 1416 ὑπὸ
711 1388 787 1426 ὅρον,

870 120 1082 152 MICHAELIS
1107 119 1240 150 PSELLI

1040 187 1066 220 Α
1082 185 1251 223 Ἐλευῦερίαν
1267 187 1395 223 χρεωστῇ
1411 183 1663 224 φιδικομισσαρίαν,

1852 120 1914 151 948

1077 231 1180 259 Ἔπειτ¹
1195 230 1422 265 ἀπολιμπάνηται
1438 228 1473 257 δι’
1489 229 1603 268 εὔλογον
1619 230 1662 258 αίτ
1670 231 1720 266 ίαν,

1078 275 1153 309 Αὕτη
1174 275 1220 310 μὶν
1234 273 1279 301 ’ίνα
1292 276 1428 312 προχωρῇ
1449 273 1483 301 δι’
1498 274 1610 313 εὔλογον
1624 275 1712 303 αἰτίαν
1728 277 1798 313 (11),

1078 319 1163 350 Αὐτὸς
1179 317 1200 346 δ’
1216 319 1286 346 ἐστὶν
1300 318 1470 350 ἀνέκπτωτος
1486 323 1664 357 πατρωνικῶν
1682 319 1808 350 δικαίων.

1081 364 1172 399 Νόμος
1187 364 1200 391 ὁ
1219 363 1335 394 Ἰοῦλιός
1348 363 1402 391 ἐστι
1420 363 1482 401 περῖ
1500 365 1638 402 μοιχείας.

1080 408 1147 443 Περὶ
1164 408 1364 441 καθοσιώσεως,
1381 409 1442 446 περὶ
1459 408 1520 446 βίας
1534 409 1662 438 ἐνόπλου.

1082 454 1175 490 Δόγμα
1189 453 1220 480 τὸ
1237 452 1431 480 Κλαυόιάνειον
1445 452 1558 485 τελείως
1574 454 1705 491 ἆνηρὲθη.

1082 497 1120 525 Τὸ
1134 496 1162 524 δὲ
1179 495 1394 534 Καρῧιυνιάνειον
1412 498 1508 534 βοηθεῖ
1521 501 1580 530 τοῖς
1594 497 1719 534 ἀνήϐοις,

1081 542 1110 568 Ὀ
1126 541 1210 578 νόμος
1223 540 1246 568 δ’
1262 542 1276 568 ὁ
1296 541 1449 578 Κορνήλιος
1462 543 1530 570 κατὰ
1544 546 1598 570 τῶν
1614 543 1848 583 πλαστογραφων.

1082 586 1176 623 Δόγμα
1193 586 1393 623 Λαργιτιάνειον
1407 585 1542 623 ἐσχόλασε
1556 588 1678 620 τελείως·

1083 631 1178 668 Δόγμα
1192 631 1223 658 τὸ
1236 630 1385 659 Νινιάνειον
1401 633 1482 658 τανῦν
1497 631 1547 659 οὐκ
1560 630 1618 670 ἔχει
1634 636 1747 670 χρῆσιν.

1083 675 1122 703 Τὸ
1139 674 1167 702 δὲ
1181 675 1377 712 Ὀρφιτιάνειον
1392 678 1506 713 παρέχει
1522 679 1580 708 τοῖς
1595 675 1726 714 ἐκγόνοις·

1084 719 1198 756 Νόμιμα
1214 718 1303 746 δίκαιά
1315 730 1376 746 τινα
1391 718 1536 757 διαδοχαῖς
1551 721 1689 759 μητέρων.

1083 764 1114 792 'O
1129 763 1212 800 νόμος
1230 763 1253 791 δ’
1268 764 1282 791 ὁ
1299 764 1403 795 Πάπιος
1419 764 1560 795 παντελῶς
1580 765 1710 802 ἀνῃρέθη.

1085 808 1179 846 Δόγμα
1191 808 1222 836 τὸ
1240 807 1393 835 Σιλιάνειον
1408 807 1544 844 ἐκδίκησιν
1563 809 1674 848 εἰσάγει,

1086 851 1120 881 Ε”
1209 852 1214 862 '
1404 865 1410 871 ε
1453 853 1459 861 ’
1511 852 1522 862 ’⁵

1110 865 1116 879 ι
1129 863 1172 884 τις
1188 854 1274 890 βιαιον
1287 853 1417 880 πέπονθε)
1434 854 1584 892 αιφνιοίως.

1078 897 1173 935 Δόγμα
1188 898 1392 934 Τερτυλιανειον
1409 898 1504 936 βοηθεῖ
1516 901 1577 929 ταῖς
1592 900 1743 936 μητράσιν,

1079 943 1125 973 Εἷς
1139 943 1190 976 τὴν
1206 945 1260 969 τῶν
1277 940 1381 969 παίδων
1396 943 1514 979 νόμιμον
1526 943 1634 975 πάντως
1649 943 1852 982 κληρονομίαν.

1075 988 1106 1015 Ὀ
1121 986 1204 1023 νόμος
1220 987 1234 1013 ὁ
1250 985 1400 1017 Φαλκίδιος
1414 987 1511 1014 αὐτίκα
1524 998 1568 1014 σοι
1585 987 1694 1026 ῥητέος,

1076 1032 1156 1068 Ἔχει
1172 1031 1223 1069 γὰρ
1238 1031 1307 1069 πρὸς
1324 1031 1478 1068 κατάληψιν
1495 1032 1527 1059 οὐ
1545 1033 1642 1070 μικρὰν
1660 1032 1818 1062 δυσκολίαν.

1075 1112 1081 1121 ν
1110 1077 1140 1104 Ὁ
1157 1076 1391 1112 εἷκοστόπεμπτος
1406 1078 1499 1114 καιρὸς
1515 1080 1568 1105 τῶν
1587 1077 1721 1113 ἐνηλίκων
1738 1080 1813 1115 ἄναξ,

1074 1121 1144 1157 1,Απὸ
1162 1121 1250 1159 ῥοπῆς
1265 1122 1348 1158 μέχρι
1365 1121 1453 1159 ῥοπῆς
1466 1125 1587 1159 νομικῶς
1602 1123 1769 1160 ἀριθμεῖται·

1090 1169 1127 1193 Αν
1145 1165 1247 1202 α’ίρεσις
1261 1167 1325 1202 τεθῇ
1340 1166 1393 1193 τινὶ
1409 1169 1508 1203 καιροῦ
1525 1167 1563 1203 μὴ
1581 1168 1747 1205 ὁρισθέντος,

1073 1210 1121 1241 Εἷς
1134 1210 1277 1248 πλήρωσιν
1295 1211 1421 1247 αἱρέσεως
1433 1211 1537 1248 ἡμέρας
1554 1209 1613 1250 ἔχει
1629 1211 1688 1241 δύο.

1071 1256 1107 1283 Ὀ
1122 1255 1236 1291 νομικὸς
1253 1255 1449 1294 συμψηφισμὸς
1464 1255 1510 1282 τὸν
1527 1257 1638 1293 χρόνον,
1655 1257 1824 1296 Στειρηφόρε,

1071 1297 1212 1335 Ἑϐδόμης
1230 1299 1301 1336 ὥρας
1315 1299 1339 1326 δ’
1354 1300 1466 1337 ἄρχεται
1482 1301 1588 1337 νυκτὸς,
1605 1301 1650 1328 καὶ
1668 1302 1751 1339 μέχρι
1765 1301 1830 1338 Exn:

1073 1344 1179 1375 Νυκτὸς
1194 1347 1243 1378 τῆς
1259 1342 1478 1382 ἄλληςάκριὸὡς
1497 1345 1547 1379 τὴν
1563 1345 1708 1383 περαίωσιν
1723 1344 1792 1385 ἔχει.

1073 1389 1105 1416 Ἠ
1122 1385 1259 1423 ἕκκλητος
1275 1387 1411 1416 ἐκδίδοται
1426 1389 1500 1420 ἐντὸς
1515 1391 1626 1428 ἡμερῶν
1645 1389 1718 1419 δέκα.

1715 1437 1794 1466 Vere.
1812 1437 1867 1465 673

191 1548 344 1585 νομίας,ἱη
369 1556 426 1584 qua
442 1547 523 1576 nulla
540 1550 584 1576 est
608 1547 772 1575 differentia
795 1547 968 1582 agnatorum
988 1548 1017 1574 et
1032 1547 1053 1581 C
1074 1549 1192 1575 centum
1211 1555 1314 1575 aureos
1341 1548 1439 1584 exigit.
1462 1550 1517 1577 Leo:
1540 1550 1658 1578 Voconia
1686 1559 1809 1586 prorsus
1829 1553 1900 1580 sub-

191 1595 386 1629 cognatorum
404 1600 562 1625 suorum,o
577 1592 738 1624 domine,et
753 1590 1016 1626 emancipatorum.

191 1638 300 1665 Omnes
319 1637 435 1665 Noxales
463 1637 583 1664 actiones
610 1635 763 1670 Praitoriaa,
779 1637 933 1663 moventur
946 1643 1016 1663 con-

190 1684 237 1709 tra
249 1681 384 1709 dominos
414 1689 565 1709 servorum
593 1680 838 1716 delinquentium.
864 1680 904 1707 De
934 1681 1016 1715 Repe-

190 1726 287 1753 tundis
311 1726 402 1753 fertur
417 1727 518 1753 contra
541 1733 664 1752 munera
688 1725 873 1761 accipientes,
890 1724 1017 1752 maxime

191 1772 394 1807 magistratus,
407 1773 435 1799 et
462 1779 561 1798 eorum
579 1778 745 1798 assessores
761 1779 766 1803 ;
786 1773 918 1797 movetur
927 1772 1016 1797 etiam

191 1816 216 1843 si
243 1823 311 1843 reus
338 1818 473 1843 mortuus
493 1815 538 1842 sit.
561 1816 658 1842 Rerum
684 1814 845 1842 Amotarum
873 1814 1016 1842 condictio

191 1861 370 1896 competitet
398 1860 573 1887 mulieribus
603 1862 705 1886 contra
734 1859 884 1894 conjuges,
913 1862 940 1886 et
955 1858 1016 1886 viro

190 1907 292 1932 contra
304 1905 458 1932 mulierem
476 1906 632 1936 furantem,
648 1904 691 1930 vel
709 1904 845 1931 furatam.
865 1903 1016 1931 Stelliona-

190 1953 234 1977 (us
261 1952 307 1976 est
342 1949 466 1976 actionis
488 1949 673 1983 improbitas,
699 1948 951 1984 quemadmodum
992 1948 1016 1975 si

190 1992 304 2020 debitor
317 1993 368 2019 uni
380 2001 412 2020 ex
424 1992 619 2020 creditoribus
635 2001 696 2020 rem
709 1992 790 2027 prius
805 1991 886 2019 alteri
904 1991 1015 2026 obliga-

189 2039 248 2064 tam
260 2037 427 2072 hypotbccaa
457 2036 582 2070 dederit,
610 2039 691 2064 extra
715 2036 849 2063 ordinem
866 2035 1014 2071 plectitur.

190 2082 345 2109 Tributoriu
367 2081 443 2108 actio
471 2083 515 2109 est
541 2081 689 2108 divisoria.
722 2080 824 2108 Tutelw
851 2082 951 2107 contra
967 2082 1015 2107 tu-

188 2128 277 2153 tores.
309 2125 514 2153 Terlullianum
534 2126 825 2154 senatuseonsultum
841 2126 942 2151 contra
968 2132 1015 2151 ca-

189 2169 382 2198 lumniatores
407 2170 537 2198 Familia:
568 2169 738 2197 erciscundae
764 2168 898 2202 formula,
929 2169 1015 2204 cujus

185 2214 333 2250 judicium
350 2214 496 2251 duplicem
512 2214 601 2241 habet
626 2218 772 2246 naturam,
794 2213 1012 2248 provocantium

190 2259 268 2287 enim
283 2261 418 2295 uterque,
435 2261 480 2286 est
492 2261 572 2285 actor
586 2260 614 2285 et
630 2266 707 2285 reus.
734 2258 907 2285 Funeratitia
931 2265 1012 2285 sum-

190 2306 257 2340 ptus
271 2304 300 2332 in
316 2304 442 2339 alicujus
466 2304 566 2330 funere
586 2303 654 2337 jure
685 2302 774 2330 factos
796 2302 931 2338 reposcit,
962 2302 1011 2338 qui

189 2351 327 2384 sumptus
342 2348 399 2376 alia
414 2347 514 2375 omnia
523 2347 621 2374 debita
633 2347 1021 2382 praecedunt.Senatuscon-.

189 2393 301 2421 sultum
321 2393 477 2420 Atili‘anum
490 2391 573 2419 bonas
599 2391 666 2419 ﬁdei
687 2399 888 2426 possessorem
918 2399 1013 2427 neque

188 2438 262 2473 quod
292 2440 427 2473 superest
462 2436 644 2469 lucrifacere,
675 2444 770 2471 neque
799 2435 907 2463 damno
935 2435 1011 2463 allici

186 2481 327 2509 decernit.
340 2481 433 2508 SCum
450 2480 650 2513 Amphianium
661 2480 782 2508 omnino
798 2479 945 2508 sublatum
954 2483 1010 2512 est,

185 2525 277 2553 SCum
293 2525 460 2552 Adrianium
474 2524 594 2552 omnino
606 2524 635 2551 in
653 2533 707 2552 usu
720 2524 866 2552 est.SCum
882 2525 1010 2552 Attilium

184 2577 282 2596 rerum
293 2569 371 2596 furto
386 2569 590 2604 subreptarum
603 2569 777 2603 dominium,
793 2568 881 2604 longa
898 2577 1010 2604 posses-

184 2613 265 2641 sione
277 2613 399 2649 acquiri,
416 2614 623 2641 convenienter
651 2613 796 2649 prohibet.
812 2614 868 2640 ιη
884 2613 945 2641 Caiz‘
973 2614 1008 2642 ab

184 2665 217 2686 eo
233 2657 283 2693 qui
300 2657 442 2685 terminos
470 2658 632 2692 transtulit,
663 2658 693 2685 in
709 2657 845 2694 singulos
869 2658 1008 2686 terminos

220 2765 278 2802 (ιο)
293 2763 383 2794 Γάϊος.

1073 1591 1132 1619 lata
1147 1594 1202 1619 est.
1219 1592 1311 1619 SCum
1326 1594 1527 1621 Asumianium
1551 1597 1595 1622 est
1608 1594 1790 1631 hujusmodi,
1807 1605 1824 1624 ο
1840 1606 1897 1630 rex,

1072 1635 1096 1663 si
1112 1635 1179 1671 quis
1194 1636 1248 1663 sub
1279 1637 1456 1671 conditione,
1486 1638 1530 1666 vel
1559 1647 1641 1674 asque
1657 1640 1712 1667 sub
1727 1641 1784 1674 die,
1814 1641 1897 1670 ﬁdei-

1072 1681 1306 1708 commissariam
1320 1681 1482 1710 libertatem
1499 1683 1612 1718 debeat,
1625 1686 1653 1712 et
1668 1692 1702 1711 ex
1713 1685 1799 1720 juxta
1810 1694 1898 1715 causa

1072 1724 1159 1758 absit,
1175 1727 1208 1752 ut
1220 1734 1252 1752 ea
1270 1726 1405 1761 procedat
1435 1726 1481 1754 die
1505 1727 1549 1754 vel
1580 1728 1745 1756 conditione
1765 1729 1896 1765 impleta,

1072 1768 1184 1803 statuit,
1206 1772 1234 1796 et
1258 1769 1321 1805 ipse
1341 1770 1441 1806 lapsus
1467 1780 1524 1798 non
1549 1774 1593 1799 est
1620 1772 1688 1807 jure
1714 1777 1895 1808 patronatus.

1072 1814 1127 1841 Lm:
1139 1814 1215 1841 Julia
1230 1816 1284 1846 est,
1315 1815 1350 1842 de
1366 1815 1531 1850 adulteriis,
1558 1816 1630 1844 laesae
1653 1816 1827 1852 Maiestatis,
1862 1820 1898 1847 de

1070 1858 1096 1884 vi
1111 1862 1234 1886 armata.
1264 1859 1357 1886 SCum
1389 1859 1576 1888 Ctaudz‘anum
1604 1862 1724 1889 omnino
1746 1863 1896 1892 sublatum

1071 1905 1126 1930 est.
1155 1903 1362 1931 Carbonianum
1390 1905 1444 1932 lert
1473 1913 1556 1941 opem
1591 1906 1808 1941 impuberibus.
1841 1909 1898 1936 Lex

1071 1947 1197 1974 Cornelia
1222 1950 1266 1975 est
1291 1951 1392 1976 contra
1409 1948 1553 1977 falsarios.
1577 1950 1672 1978 SCum
1697 1951 1898 1986 Largitianum

1070 1991 1190 2019 omnino
1206 1991 1234 2019 in
1247 1992 1467 2020 desuetudinem
1491 1993 1573 2021 abiit.
1603 1995 1754 2022 Ninianum
1779 2004 1837 2024 non
1853 2000 1899 2024 est

1071 2035 1101 2062 in
1126 2043 1191 2062 usu.
1228 2036 1424 2071 Orphiliunum
1454 2038 1562 2073 przeliet
1586 2038 1653 2066 ﬁliis
1678 2040 1748 2074 jura
1761 2041 1895 2076 quaedam

1069 2078 1202 2115 legitima
1217 2080 1246 2107 in
1277 2082 1515 2109 successionibus
1544 2085 1683 2110 matrum.
1710 2084 1766 2111 Lex
1803 2085 1896 2120 Papia

1070 2124 1189 2152 omnino
1210 2125 1325 2153 sublata
1346 2128 1400 2153 est.
1425 2126 1518 2154 SCum
1543 2127 1723 2155 Silanianum
1751 2127 1894 2158 ultionem

1069 2168 1193 2201 inducit,
1221 2170 1245 2197 si
1276 2170 1343 2205 quis
1370 2169 1528 2198 violentum
1556 2172 1626 2207 qujd
1652 2175 1770 2208 repente
1787 2182 1894 2209 passus

1070 2216 1122 2240 est.
1157 2215 1247 2240 SCum
1280 2215 1467 2242 Tertulianum
1506 2216 1652 2243 succurrit
1677 2218 1833 2252 matribus,
1863 2219 1894 2246 in

1069 2257 1233 2285 universam
1250 2257 1411 2294 legitimam
1443 2259 1568 2287 filiorum
1598 2260 1806 2289 haereditatem.
1837 2263 1894 2290 Ex-

1067 2301 1202 2336 plicanda
1218 2305 1263 2330 est
1278 2303 1377 2330 statim
1395 2303 1446 2331 tibi
1465 2303 1509 2331 lex
1526 2303 1660 2340 Falcidia,
1677 2305 1796 2341 cognitu
1813 2307 1892 2334 enim

1067 2354 1124 2373 non
1141 2354 1244 2382 parum
1263 2347 1391 2375 dilﬁcilis
1402 2350 1456 2376 est.

1101 2391 1208 2425 Viginti
1241 2392 1371 2428 quinque
1397 2392 1466 2420 anni
1491 2393 1683 2427 minorum,o
1699 2403 1758 2429 rex,
1789 2404 1806 2423 a
1831 2404 1895 2424 τηου

1066 2438 1165 2463 mento
1192 2436 1222 2463 in
1257 2438 1439 2464 momentum
1474 2437 1603 2473 legitime
1620 2442 1840 2474 computantur.
1866 2441 1895 2468 Si

1065 2480 1192 2508 conditio
1210 2480 1294 2508 alicui
1328 2482 1460 2516 apposita
1477 2482 1515 2509 sit
1541 2490 1599 2510 non
1615 2483 1734 2510 definito
1751 2487 1894 2520 tempore,

1065 2524 1100 2552 ad
1116 2525 1295 2560 implendam
1309 2526 1506 2553 conditionem
1525 2527 1647 2555 biduum
1663 2527 1834 2556 habetl‘lazc
1850 2533 1896 2557 est

1065 2568 1196 2605 legitima
1221 2573 1386 2605 temporum
1417 2571 1600 2606 supputatio,
1625 2580 1641 2599 o
1677 2572 1847 2608 imperator,
1879 2583 1894 2601 n

1065 2614 1191 2650 septima
1206 2614 1298 2641 noctis
1315 2614 1386 2642 hora
1402 2615 1465 2642 dies
1482 2615 1593 2651 incipit,
1617 2619 1645 2643 et
1661 2624 1755 2652 usque
1771 2618 1807 2644 ad
1825 2626 1893 2646 sex-

1064 2660 1125 2686 tam
1142 2658 1262 2686 alterius
1281 2659 1375 2687 noctis
1391 2661 1490 2688 exacte
1506 2660 1620 2688 lransit.
1639 2660 1718 2688 Intra
1746 2662 1810 2689 dies
1839 2662 1892 2692 de~

1100 2766 1157 2803 (11)
1173 2766 1230 2794 Τοῦ
1243 2765 1309 2802 ὅρου
1323 2764 1529 2805 πληρωθᾶντος.
