1952 3054
111 101 174 132 957

112 169 161 198 Ὣς
178 167 341 203 συκοφάνται
358 165 406 202 μὶν
423 165 530 202 μοιχοὶ.
548 162 566 199 ἤ
579 163 688 199 κλοπὴν
705 162 891 202 εἰργασμένοι,

115 211 177 240 Οὐκ
189 209 244 238 ἔστι
263 211 364 249 μάρτυς
380 207 495 244 ἄνηϐος,
512 208 574 237 οὐδὲ
588 211 643 236 τῶν
660 211 791 246 γυναικῶν
803 219 855 245 τις,

116 256 150 284 Εἰ
167 255 190 283 δ’
202 255 257 283 ἔστι
273 256 304 282 τὸ
317 255 461 293 γενόμενον
480 254 518 291 μή
534 253 683 290 δυνάμενον
699 254 759 285 θὲαν

118 300 268 338 ’Δνδρικήν
282 298 476 335 καταδέξασθαι
491 302 615 337 γυναῖκες
633 300 810 336 μαρτυροῦσι,

115 346 169 375 Καὶ
187 344 288 377 δοῦλος
304 345 341 372 ἔτι
360 347 492 383 μαρτυρεῖ
507 344 533 372 ἐν
555 343 648 371 σπάνει
665 345 717 370 τῶν
735 343 878 380 μάρτῦρων

117 391 165 419 Εἲς
181 389 249 418 ἅπαν
267 389 337 417 ἄλλο
354 389 512 427 πρόσωπον,
529 389 592 416 ἄνευ
606 388 688 415 αὐτοῦ
705 386 846 415 δεσπότου.

112 436 149 464 Οἱ
166 434 190 462 δ’
206 434 339 468 ἀσθενεῖς,
355 434 399 462 καὶ
416 434 552 472 γέροντες,
573 432 619 460 σύν
641 443 672 470 γε
686 435 744 463 τοῖς
755 431 944 470 στρατιώταις,

113 479 166 507 Καὶ
183 479 208 506 οἱ
219 479 474 516 πρωτοσπαθάριοι,
488 478 555 515 μετὰ
569 480 622 505 τῶν
640 477 746 515 ἱερὲων,

113 523 155 552 Οὐ
173 525 354 560 μαρτυροῦσιν
369 521 489 558 ἄκοντες⁷
507 521 570 550 ἀλλ’
583 521 711 552 ἑκουσίως
730 520 823 557 μόνον.

112 567 275 605 Ἀρχιερεὺς
292 567 323 594 οὐ
341 569 483 605 μαρτυρεῖ,
496 565 552 594 οὔτ’
567 565 651 599 ἄκων,
668 564 724 597 οὗθ’
739 565 807 592 ἑκών
824 575 894 595 πιυς.

110 611 183 642 Τοὺς
199 609 222 638 δ’
238 610 339 642 ἄλλους
356 610 531 647 άναγκάσειας
549 611 692 646 μαρτυρεῖν
708 608 854 641 ἀκουσίως,

112 657 166 686 Καὶ
185 655 292 693 μᾶλλον
309 656 487 693 εἶ’τυγχάνων
502 666 543 686 τις
557 657 610 682 τῶν
625 653 850 692 καταδεεστέρων,

113 702 187 740 Πρὸς
204 700 286 738 ἄνδρα
298 699 376 736 δίκην
391 699 476 737 ἔλαχε
491 702 545 727 τῶν
562 699 606 726 ἐπὶ
623 698 800 734 δυναστείαις,

113 746 260 778 Κάντεῦθεν
275 745 460 779 ὑποκλάζουσι
476 746 533 782 (13)
548 746 587 780 τῷ
608 741 686 782 φόϐῳ
699 745 748 771 τοῦ
765 741 906 776 δυνάστου,

115 791 166 818 Καὶ
181 792 230 817 τοῦ
245 791 362 825 πένητος
380 790 406 816 o't
423 788 568 827 μάρτυρες,
582 789 643 817 τότε
658 788 710 826 γὰρ
726 788 771 815 καὶ
787 787 856 825 πρὸς
872 787 942 825 βίαν,

112 835 161 866 Εἲς
179 834 327 872 μαρτυρίαν
343 834 482 868 ἕλκονται,
498 833 543 861 καὶ
557 833 581 860 τ’
597 832 698 868 ἀληθὲς
713 833 826 865 τιθέναι.

112 881 257 917 Ἀρκοῦσιν
275 879 312 910 εἷς
328 875 483 913 καταϐολὴν
499 877 546 905 δύο
563 877 649 911 φωναὶ
667 877 824 916 μαρτύρων,

115 923 150 952 Ei
167 923 247 961 λίτρα
264 923 334 960 μόνη
351 922 466 962 πέφυκεν
479 924 496 958 ἡ
508 920 750 959 καταϐαλλομένη.

114 967 149 997 Εἰ
162 966 191 995 δέ
201 978 227 995 τι
241 967 325 996 πλέον
339 968 452 1007 πεφυκε,
469 970 540 1005 τρεῖς
559 967 695 1005 μάρτυρας
714 966 831 996 δεκτέον.

115 1013 179 1041 Ἐπὶ
197 1012 225 1040 δὲ
239 1014 408 1044 καταθέσεως
419 1011 498 1040 πέντε
515 1010 655 1050 μάρτϐρας
670 1010 764 1049 δέχου,

116 1057 173 1088 Τὰς
192 1056 220 1084 δὲ
234 1057 259 1095 γ’
270 1057 300 1084 ἐκ
311 1059 360 1084 τοῦ
375 1058 547 1094 παρήκοντος
564 1056 651 1088 ἀθετει
669 1057 830 1094 μαρτυρίας,

119 1102 150 1130 Εἰ
168 1099 249 1129 λάϐοι
262 1112 303 1133 τις
319 1101 345 1129 ἐν
357 1102 515 1140 γράμμασιν
533 1101 563 1129 ἐκ
578 1100 716 1129 δανειστοῦ
729 1113 755 1129 τι
771 1100 863 1139 χρέος,

120 1145 297 1182 ’Δποδιδοὺς,
314 1145 450 1182 ἀπόδειξιν
464 1145 598 1185 ἔγγραφον
617 1143 789 1182 λαμϐανέτω,

116 1193 204 1229 Τριῶν
224 1191 368 1228 μαρτύρων
385 1189 500 1228 ἔχουσαν
519 1191 675 1230 ὑπο-γραφὰς
691 1189 800 1228 βεϐαίας
817 1200 822 1206 ·

117 1235 150 1264 Εἰ
165 1234 194 1263 δὲ
211 1236 249 1272 μή
264 1238 345 1263 τοῦτο
363 1234 494 1273 δράσειεν,
510 1234 584 1266 αὖθις
596 1233 691 1273 ἔνοχος
706 1232 787 1270 ἔσται,

116 1280 150 1309 Εἰ
169 1281 208 1316 μή
226 1291 256 1318 γε
271 1279 350 1307 πέντε
367 1279 499 1317 pip-rupis:
515 1278 616 1307 εἴποιεν
630 1279 827 1317 παραχθέντες,

115 1325 160 1355 Ὠς
171 1324 278 1362 γέγονεν
296 1323 432 1360 ἀπόδειξις
445 1326 492 1351 τοῦ
507 1325 763 1361 κεχρεωσττ,μὲνου,

115 1370 150 1397 ’Ἢ
162 1368 266 1396 τούτων
276 1369 332 1396 κατ’
349 1368 476 1403 ἐνώπιον,
494 1369 509 1395 ά
525 1367 666 1403 δανειστής
679 1368 789 1404 ἐξείποι,

111 1411 281 1441 Ἀπολαϐεῖν
295 1412 326 1441 τὰ
343 1412 411 1441 ἴδιον
425 1414 509 1451 χρὲος
524 1413 554 1441 ἐκ
567 1415 616 1441 τοῦ
637 1413 790 1451 χρεώπου,

790 97 978 128 SYNOPSIS
1002 97 1075 128 LEG
1082 97 1148 128 UM.

961 166 989 199 Α
1005 162 1037 192 Εἰ
1053 162 1194 198 δανειστὴς
1209 161 1344 199 ἀπόδειξιν
1359 163 1502 199 ποιήσεται
1514 163 1562 190 τοῦ
1576 160 1686 200 χρέους,

1765 93 1826 124 958

1002 208 1050 236 Καὶ
1069 208 1137 245 μετᾶ
1151 211 1235 236 ταῦτα
1251 208 1374 247 ῥεύσουσι
1388 208 1532 246 τριάκοντα
1545 207 1646 245 ἡμέραι

999 252 1162 281 Αὐτεκαλεῖν
1176 253 1207 280 οὐ
1224 252 1333 280 δύναται
1345 253 1407 290 περὶ
1420 251 1592 290 ἀναργυρίας,

1000 297 1049 324 Καὶ
1066 297 1168 336 λέγειν,
1184 298 1220 329 ὡς
1239 297 1376 334 ἀποδειξιν
1395 297 1527 335 ἔγγραφον
1542 296 1683 332 ἐξεθὲμην,

1001 342 1057 379 Πρὸ
1072 340 1099 369 δὲ
1114 346 1163 377 τῆς
1178 341 1341 378 ἀποδείξεως
1356 341 1406 370 οὐκ
1421 339 1521 370 ἔλαϐον
1537 340 1660 379 χρυσίον.

1000 387 1033 414 Εἴ
1048 385 1077 414 δὲ
1092 386 1167 418 ἐντος
1182 388 1328 425 τριάκοντα
1347 388 1459 425 ἡμερῶν
1477 386 1610 424 ὲναγάγει,

1000 430 1069 460 Τότε
1080 432 1308 470 καταναγκάζεται
1325 432 1338 459 ὁ
1354 432 1497 470 χρεώστης
1512 430 1655 467 δεικνύειν,

999 476 1043 508 Ὠς
1059 476 1169 511 ἀληθῶς
1181 475 1287 504 διέλυσε
1302 478 1340 512 τῷ
1356 475 1482 512 δανειστῇ
1497 475 1527 502 τὸ
1544 480 1638 512 χρεος.

1001 519 1049 546 Καὶ
1063 520 1177 556 προικός
1193 531 1233 551 τις
1249 519 1385 555 ἀπόδειξιν
1400 520 1542 556 ἐκθέμενος
1553 518 1690 555 νομίμως,

999 566 1036 594 Τὸ
1046 569 1097 592 πᾶν
1113 565 1311 603 ἀναταξάμενος
1326 569 1383 594 κατ’
1401 565 1471 597 εἶδος
1484 568 1538 593 τῶν
1555 565 1731 603 πραγμάτων,

999 610 1082 641 Οὗτος
1096 610 1145 638 οὐκ
1160 609 1189 637 ἃν
1201 612 1306 646 τιθησιν
1318 610 1480 648 ἀναργυρῖαν
1497 609 1581 641 ὅλως.

998 654 1029 683 Ei
1046 653 1074 682 δέ
1088 665 1130 686 τις
1147 654 1312 693 ὡμόλογησε
1325 654 1494 682 δανείσασθαι
1508 654 1660 693 ἐγγράφως,

961 716 965 719 -
999 700 1062 726 Δυσὶ
1079 699 1192 737 χρόνοις
1205 700 1322 737 ὁρίζεναι
1337 702 1420 727 κινεῖν
1435 699 1593 736 ἀναργυρίαν
1611 709 1617 716 ’

998 744 1047 771 Καὶ
1061 744 1125 771 τότε
1133 755 1173 775 τις
1188 745 1234 772 τὸν
1248 743 1387 779 δανειστήν
1405 743 1520 778 δικάζων
1537 743 1688 780 ἀναγκάζει,

999 789 1133 816 Δεικνύειν
1150 789 1199 824 τήν
1214 786 1370 823 καταϐολὴν
1384 788 1505 825 ἐννόμως
1519 791 1569 816 τοῦ
1585 787 1702 816 δανείου.

999 833 1031 861 Εἰ
1048 831 1076 860 δέ
1090 843 1131 864 τις
1149 832 1333 870 ὡμολόγησεν
1348 833 1373 860 ἐν
1390 832 1531 870 γράμμασὶ
1547 843 1572 860 τι
1586 833 1681 870 χρέος,

996 877 1074 905 Ἀλλ’
1091 878 1140 904 οὐκ
1156 876 1182 912 ἐξ
1194 878 1379 915 ὰριθμήσεως,
1394 877 1458 905 ἀλλ’
1473 877 1498 912 ἐξ
1515 875 1604 911 ἄλλης
1623 876 1720 911 αἰτίας,

1001 921 1088 959 Τυχὸν
1106 922 1143 953 ὡς
1158 922 1212 950 ἀπὸ
1227 922 1350 959 πράσεως
1364 922 1408 949 καὶ
1425 922 1580 961 φανερώσας
1593 923 1686 958 τοῦτο,

1000 967 1124 1004 Ὕστερον
1140 966 1293 1003 ἀπαρνῆσαι
1308 967 1340 994 τὸ
1357 967 1394 1003 μή
1412 969 1558 1004 χρεωστῶς
1573 965 1699 1000 ἐκθεῖναι,

1001 1011 1072 1048 Πρὸς
1087 1011 1132 1039 τὸν
1148 1012 1301 1048 κατήγορον
1315 1010 1394 1038 αὐτὸν
1411 1010 1562 1049 ὁμολογίαν
1579 1009 1689 1048 χρέους⁹

999 1055 1087 1086 Αὐτὸς
1105 1056 1228 1094 βαρεῖται
1244 1055 1363 1092 μάλιστα
1375 1058 1466 1094 σαιρῶς
1481 1053 1678 1089 ἀποδεικνύειν,

999 1101 1059 1129 Ὀτι
1072 1101 1293 1139 καθωμολόγησε
1309 1102 1347 1138 μή
1363 1103 1510 1139 χρεωστῶς
1521 1111 1547 1128 τι
1563 1100 1658 1138 χρέος,

998 1145 1051 1174 Καὶ
1066 1147 1135 1173 κατὰ
1151 1147 1210 1183 βίαν
1227 1145 1353 1184 ἔγραψεν,
1369 1145 1386 1181 ἤ
1400 1145 1472 1184 τύχῃ
1488 1146 1556 1173 κατὰ
1570 1144 1663 1173 δόλον.

999 1191 1057 1218 Υἱοὶ
1073 1189 1101 1218 δὲ
1116 1191 1269 1227 ὑπεξούσιοι
1288 1191 1333 1218 καὶ
1349 1191 1438 1227 πατήρ
1455 1193 1635 1228 μαρτυροῦσιν

998 1235 1046 1266 Εἰς
1054 1236 1103 1269 τὴν
1120 1235 1202 1270 αὐτὴν
1221 1235 1358 1269 ὑπόθεσιν,
1373 1235 1420 1263 κᾶν
1432 1237 1465 1272 τῇ
1482 1234 1647 1262 διατυπώσει
1660 1244 1666 1250 ’

996 1280 1028 1308 Ἡ
1045 1278 1073 1307 δὲ
1086 1290 1116 1318 γε
1131 1278 1296 1311 διατύπωσις
1311 1280 1389 1308 πέντε
1403 1279 1481 1317 χερσὶ
1499 1279 1654 1317 μαρτύρων.

995 1325 1204 1363 Ὑπογραφέσθω
1216 1326 1275 1352 κατ’
1286 1324 1350 1352 αὐτό
1362 1323 1453 1356 καλῶς
1463 1325 1507 1351 καὶ
1521 1323 1720 1362 σφραγιζέσθω.

995 1369 1023 1395 ’0
1039 1367 1067 1396 δὲ
1081 1369 1111 1396 τὸ
1127 1367 1229 1396 δάνειον
1246 1367 1350 1399 δεικνὺς
1365 1369 1512 1406 χρεωστῶν
1530 1367 1712 1406 ἀρνουμένων.

994 1413 1096 1452 Χρόνον
1112 1413 1245 1451 ἀρκοῦντα
1260 1412 1357 1453 εἴληφε
1370 1413 1602 1450 τριακονταετιαν.

1615 1458 1699 1487 Vers.
1715 1458 1780 1487 980.

114 1577 226 1606 bestias
246 1578 368 1614 pugnat,
386 1580 413 1605 et
428 1577 597 1614 quicunque
619 1577 647 1605 in
670 1578 793 1614 judiciis
809 1578 939 1606 damnati
955 1578 976 1612 ί]
995 1577 1120 1606 debitori
1154 1577 1246 1606 fuisse
1279 1577 1494 1614 conscriptam,
1529 1581 1557 1606 et
1590 1577 1663 1614 ipsis
1696 1585 1822 1614 praesen-

113 1624 192 1657 sunt,
210 1624 242 1650 ut
266 1622 507 1656 calumniatores,
527 1623 616 1655 fures,
641 1623 776 1651 adulteri.
803 1624 940 1659 Impubes

113 1667 198 1695 testis
223 1675 280 1695 non
306 1669 359 1701 est,
378 1675 470 1702 neque
494 1666 608 1695 mulier.
625 1668 652 1694 Si
669 1676 736 1695 vero
761 1676 806 1695 res
822 1668 860 1695 sit
875 1677 939 1703 quas

114 1711 323 1747 spectationem
337 1714 364 1739 et
375 1712 470 1739 visum
488 1711 642 1739 hominum
659 1712 788 1748 effugiat,
801 1712 939 1740 mulieres

112 1756 314 1784 testimonium
340 1756 449 1784 ferunt.
474 1758 578 1784 Servus
605 1756 701 1783 adhuc
726 1757 810 1784 testis
835 1760 879 1784 est
902 1758 938 1784 ob

114 1801 266 1836 penuriam
292 1800 425 1834 testium,
452 1803 553 1828 contra
576 1809 693 1828 omnem
722 1801 810 1828 aliam
838 1809 938 1837 perso-

113 1853 200 1879 nam,
231 1847 349 1879 excepto
379 1844 496 1880 proprio
524 1845 654 1872 domino.
680 1845 816 1876 Invalidi,
842 1854 938 1879 senes,

113 1888 231 1920 milites,
256 1889 492 1925 protospatbarii,
509 1890 684 1922 sacerdotes,
701 1889 784 1917 inviti
806 1890 938 1917 testimo-

111 1933 190 1960 nium
226 1941 282 1960 non
318 1933 483 1968 perhibent,
513 1933 562 1961 sed
594 1933 689 1961 solum
728 1937 842 1970 sponte.
873 1935 937 1970 Epi-

110 1986 218 2013 scopus
234 1986 329 2012 neque
353 1977 472 2011 invitus,
490 1983 584 2014 neque
607 1978 706 2006 volens
729 1980 784 2006 fert
807 1979 937 2007 testimo-

111 2021 200 2049 nium.
229 2021 283 2048 Alii
305 2021 392 2049 etiam
420 2022 503 2048 inviti
528 2022 731 2050 testimonium
755 2023 850 2050 dicere
874 2024 936 2059 cogi

110 2067 234 2102 possunt
251 2074 256 2093 :
276 2066 402 2093 maxime
421 2066 445 2093 si
470 2075 582 2101 pauper
596 2067 645 2099 sit,
661 2070 690 2094 et
704 2067 770 2094 vilis
794 2068 937 2095 conditio-

110 2110 166 2142 nis,
180 2111 229 2145 qui
256 2111 394 2138 adversus
421 2112 613 2146 potentiorem
640 2112 768 2147 aliquem
790 2112 937 2147 judicium

110 2154 240 2187 dictavit,
257 2155 342 2189 cujus
366 2155 520 2189 potestatis
536 2158 656 2187 terrore,
673 2159 701 2184 et
722 2160 811 2190 metu,
828 2165 936 2192 paupe-

111 2200 150 2226 ris
165 2201 256 2226 testes
281 2199 440 2234 subticent,
457 2200 491 2226 ad
509 2199 563 2226 hoc
587 2204 620 2228 ut
645 2200 672 2228 id
699 2202 775 2236 quod
792 2204 820 2228 et
834 2209 934 2228 verum

110 2246 153 2295 est
177 2243 350 2279 deponatur,
367 2244 394 2270 vi
419 2244 454 2271 ad
478 2244 681 2272 testimonium
706 2245 870 2272 trahuntur.
893 2246 934 2272 Ad
952 2263 974 2295 Β

110 2287 284 2316 solutionem
307 2289 371 2315 duae
394 2289 514 2316 testium
541 2297 625 2316 voces
649 2289 812 2323 sufﬁciunt,
829 2289 854 2316 si
878 2298 936 2317 una

109 2331 202 2360 solum
232 2332 307 2360 libre
337 2332 435 2360 soluta
464 2334 502 2360 sit
528 2341 534 2360 :
560 2333 585 2360 si
616 2342 681 2361 vero
708 2333 847 2369 amplius,
878 2337 935 2361 tres

108 2378 197 2404 testes
227 2379 293 2404 sunt
324 2376 492 2404 exhibendi.
522 2380 616 2412 Super
643 2378 777 2413 deposito
806 2379 936 2413 quinque

108 2423 195 2448 testes
218 2421 366 2448 exhibete.
383 2421 566 2449 Testimonis
581 2430 649 2449 vero
670 2423 876 2450 convenienter
891 2430 935 2449 re-

105 2465 257 2500 jiciuntur,
281 2466 304 2493 si
333 2465 399 2500 quis
425 2466 571 2499 debitum,
596 2467 672 2500 quod
693 2475 710 2494 ο
732 2467 876 2495 creditore
905 2466 935 2494 in

108 2510 222 2546 scriptis
249 2513 386 2545 coeperat,
413 2510 560 2545 persolvit,
581 2511 769 2538 securitatem
795 2512 933 2546 scriptam

106 2555 209 2590 capiat,
227 2554 317 2582 trium
342 2553 462 2581 testium
483 2554 750 2588 subscriptionibus
776 2556 934 2583 ﬁrmatum,

107 2598 127 2625 si
143 2598 220 2626 enim
247 2598 319 2625 illud
345 2606 402 2625 non
430 2597 541 2630 fecerit,
556 2598 663 2625 iterum
687 2599 835 2634 obligatus
861 2602 934 2639 esto,

107 2643 160 2670 nisi
175 2643 308 2679 quinque
328 2644 418 2670 testes
439 2641 573 2677 producti
588 2642 726 2676 dixerint,
743 2643 933 2672 securitatem

141 2758 196 2795 (13)
211 2755 460 2795 Ὑποσχολάζουσι.

993 1623 1074 1651 tibus
1107 1622 1280 1651 creditorem
1315 1622 1440 1654 dixisse,
1475 1630 1506 1650 se
1540 1631 1556 1650 a
1590 1622 1720 1650 debitore
1753 1630 1822 1658 pro-

993 1668 1091 1703 prium
1108 1667 1238 1695 debitum
1262 1667 1403 1703 accipere.
1420 1667 1449 1695 Si
1465 1667 1592 1694 creditor
1607 1666 1696 1694 debiti
1712 1667 1822 1695 securi-

993 1714 1082 1740 tatem
1106 1712 1218 1747 fecerit,
1234 1715 1390 1748 postquam
1414 1712 1535 1747 triginta
1558 1711 1620 1738 dics
1644 1711 1821 1746 efﬂuxerint,

994 1765 1052 1784 non
1073 1759 1168 1793 potest
1183 1757 1313 1793 excipere
1329 1757 1363 1783 de
1380 1765 1436 1784 non
1460 1758 1612 1792 numerate
1628 1755 1760 1790 pecunia,
1778 1756 1822 1783 di-

995 1801 1163 1837 cens,quod
1188 1801 1373 1829 securitatem
1390 1801 1507 1836 quidem
1534 1799 1664 1836 scripsit,
1680 1800 1729 1827 sed
1755 1802 1822 1827 ante

995 1845 1184 1873 securitatem
1208 1845 1363 1881 pecuniam
1379 1853 1437 1872 non
1454 1845 1561 1881 recepit
1578 1853 1584 1872 :
1601 1845 1625 1871 si
1652 1852 1718 1872 vero
1745 1844 1822 1871 intra

993 1890 1057 1917 dies
1072 1890 1194 1925 triginta
1209 1889 1280 1925 agit,
1296 1891 1366 1917 tunc
1386 1889 1500 1926 cogitur
1522 1889 1636 1917 debitor
1651 1888 1775 1924 probare
1791 1896 1822 1916 se

992 1942 1057 1962 vere
1073 1934 1205 1962 debitum
1221 1934 1357 1961 creditori
1374 1934 1508 1962 solvisse.
1523 1935 1576 1966 Qui
1593 1933 1669 1961 dotis
1684 1933 1823 1960 securita-

993 1981 1051 2006 tem
1069 1979 1197 2013 legitime
1214 1978 1399 2013 conscripsit,
1411 1981 1439 2005 et
1454 1979 1482 2005 in
1497 1987 1530 2006 ea
1547 1986 1606 2005 rem
1624 1985 1822 2012 unamquam-

993 2031 1050 2059 que
1075 2023 1237 2050 secundum
1262 2022 1411 2058 propriam
1437 2023 1566 2058 speciem
1591 2021 1746 2054 ordinavit,
1763 2029 1822 2048 non

992 2069 1177 2095 numeratam
1203 2067 1356 2102 pecuniam
1383 2066 1463 2094 nullo
1489 2067 1575 2094 modo
1601 2065 1688 2094 dicat.
1704 2065 1732 2092 Si
1755 2065 1822 2101 quis

992 2115 1091 2140 autem
1112 2112 1142 2138 in
1159 2111 1277 2146 scriptis
1293 2111 1397 2138 debere
1415 2119 1446 2138 se
1467 2112 1621 2138 confessus
1637 2110 1685 2144 sit,
1702 2109 1822 2145 querela

992 2165 1050 2185 non
1076 2160 1232 2184 numerate
1257 2155 1386 2191 pecunias
1409 2155 1526 2183 duobus
1551 2155 1636 2183 annis
1663 2154 1775 2187 finitur,
1791 2155 1820 2181 et

991 2203 1061 2228 tunc
1087 2201 1178 2235 judex
1194 2201 1270 2236 cogit
1298 2201 1483 2233 creditorem,
1496 2201 1565 2234 jure
1594 2200 1700 2227 factam
1729 2198 1819 2226 debiti

992 2245 1226 2273 numerationem
1250 2245 1382 2279 probare.
1400 2245 1481 2276 Quod
1498 2244 1523 2271 si
1539 2243 1606 2278 quis
1630 2242 1762 2271 debitum
1789 2242 1818 2269 in

991 2290 1110 2325 scriptis
1126 2289 1280 2316 confessus
1305 2289 1403 2320 fuerit,
1421 2296 1477 2316 non
1493 2288 1614 2323 quidem
1631 2295 1665 2314 ex
1681 2294 1819 2314 numera-

991 2335 1079 2366 tione,
1096 2334 1147 2361 sed
1171 2341 1206 2361 ex
1229 2333 1286 2360 alis
1311 2341 1411 2364 causa,
1428 2332 1517 2359 veluti
1541 2340 1575 2359 ex
1597 2331 1774 2364 venditione,
1791 2333 1820 2358 et

991 2379 1062 2406 illud
1093 2377 1336 2405 manifestissime
1365 2377 1542 2407 ostenderit.
1572 2376 1626 2403 hoc
1655 2375 1819 2403 secundum

990 2423 1122 2451 debitum
1147 2431 1204 2450 non
1229 2430 1293 2450 esse
1316 2421 1417 2455 actori,
1435 2424 1464 2448 et
1479 2421 1592 2448 nullam
1616 2428 1682 2448 esse
1705 2421 1820 2448 contes-

990 2468 1103 2495 sionem
1123 2467 1234 2498 dicens,
1250 2469 1388 2502 gravatur
1410 2466 1544 2501 probare,
1560 2465 1638 2501 quod
1663 2473 1721 2492 non
1737 2464 1818 2492 debi-

990 2515 1052 2540 tum
1069 2511 1222 2539 confessus
1237 2512 1287 2541 sit.
1301 2513 1331 2538 et
1345 2512 1420 2544 quod
1438 2518 1489 2544 per
1503 2510 1562 2537 vim
1580 2512 1609 2537 et
1624 2510 1723 2537 dolum
1746 2508 1820 2536 scri-

992 2556 1056 2591 psit.
1076 2555 1293 2583 t-‘iliuslamilias
1314 2557 1342 2582 et
1364 2558 1445 2590 pater
1466 2555 1561 2582 eidem
1587 2554 1703 2589 negotio
1727 2556 1818 2581 testes

990 2600 1123 2628 adhiberi
1140 2603 1274 2635 possunt,
1289 2599 1378 2626 etiam
1392 2601 1580 2626 testamento.
1596 2599 1818 2626 Testamentum

988 2645 1120 2680 quinque
1131 2644 1252 2672 testium
1264 2643 1400 2672 manibus
1411 2644 1662 2678 subscribatur,et
1672 2643 1816 2679 signetur.
