1952 3052
142 116 201 147 963

140 183 174 211 'O
188 182 240 219 γὰρ
255 179 417 217 πιπράσκων
432 176 482 211 τὴν
497 174 609 212 ἀγωγην
625 173 656 219 ἢν
672 170 741 209 ἔχει,

141 229 180 263 Τῇ
195 218 247 261 τῆς
262 224 371 262 ἀγωγῆς
387 222 413 249 ἐν
428 219 571 259 πρατηρίῳ
587 218 692 257 φράσει,

141 273 220 299 Δοκεῖ
234 269 394 307 πιπράσκειν
411 266 459 300 τὴν
476 264 622 299 ἀπαίτησιν
634 262 717 299 τᾶχα.

138 317 173 343 Τὸ
189 319 239 351 τῆς
254 313 330 349 δίκης
346 310 435 347 ὄνομα
448 308 550 342 κυρίως
566 307 655 346 γένος.

141 359 230 396 Δηλοῖ
244 370 273 386 τε
287 360 373 386 πᾶσαν
387 356 435 390 τὴν
453 354 560 392 ἀγωγὴν
577 352 687 390 κυρίως.

139 404 246 434 ’Όπλον
260 414 301 434 τις
318 401 400 429 εἰπὼν
416 399 460 427 καὶ
477 391 571 428 λίθους
587 391 805 434 προσλαμϐάνει.

139 449 297 482 Ἐλευθερία
311 448 346 479 τῇ
362 445 434 473 δόσει
448 444 530 471 ταυτὸ
547 441 634 481 φύσει,

139 495 170 524 Εἰ
186 494 237 532 γάρ
252 503 292 523 τις
307 491 379 519 ε’ίποι
397 488 540 526 μαρτύρων
558 484 704 523 παρουσίᾳ,

138 529 299 575 Ἐλέύδερός
318 547 365 573 μοι
379 535 393 562 ὁ
407 533 550 572 χρεώστης
565 533 613 558 τοῦ
632 529 746 568 χρέους,

137 583 254 621 Ε’ίρηκεν
269 582 305 612 ὡς
321 579 417 618 ε’ίληφε
432 579 524 616 σαφῶς
540 576 570 603 τὸ
587 575 683 613 χρέος.

137 617 226 657 ’Ἀπειν
245 627 312 664 μέγα
328 617 448 663 ῥᾴθυμον
464 619 592 659 mni-,5;
609 617 702 664 δόλος.

138 673 261 702 Βάλανον
279 670 361 698 εἷπὼν
377 664 567 703 παντᾶκαρπὸν
587 675 632 701 μοι
651 663 750 700 λέγεις,

139 718 187 745 Καὶ
206 717 292 744 πάντα
308 713 405 751 δένδρα
418 716 468 747 τῆς
481 711 560 748 δρυὸς
576 707 706 746 μνησθεῗς
724 706 820 743 μόνης.

139 762 200 789 Υἱόν
217 771 258 791 τις
274 759 357 787 εῗπὼν
374 757 417 785 καὶ
433 757 477 783 τὸν
495 753 604 792 ἔγγονον
622 753 696 789 λέγει

139 806 191 836 Καὶ
208 805 291 844 φύντα
310 804 418 840 φάσκων
433 801 478 828 τόν
494 810 524 827 τε
536 798 647 826 πάππον
664 796 778 833 εἰσάγει.

136 841 266 879 Ἀπεοτιν
281 845 464 885 αἷχμάλωτος
481 843 612 880 οὐδαμῶς
634 841 739 879 χρόνῳ,

137 897 251 932 Λῃστῶν
270 892 292 920 δ’
308 892 333 919 ἐν
351 891 445 928 χερσὶν
464 888 596 927 ἐγκρατὴς
613 884 792 922 δεδειγμένος.

138 929 203 968 Κατ’
219 937 407 976 αἰχμαλώτων
425 933 514 965 οὐδεὶς
528 932 578 971 γὰρ
594 931 695 969 χρόνος
710 929 801 967 τρέχει

139 986 205 1015 Τοῖς
221 975 292 1011 δ’ναῦ
305 993 336 1020 γε
352 981 536 1019 λῃστευθεῖσιν
555 977 667 1007 ιῗκότως
686 975 748 1014 ῥέει.

137 1032 196 1057 Τῶν
211 1019 364 1066 χρημάτων
382 1027 399 1060 ἡ
415 1024 514 1059 κλῆσις
529 1024 566 1054 ὡς
581 1021 673 1060 γένους
688 1019 786 1055 τόπος,

138 1074 192 1102 Καὶ
207 1075 262 1100 τῶν
281 1072 395 1106 κινητῶν
412 1072 464 1096 τῶν
479 1078 509 1095 τε
527 1067 573 1103 μὶν
591 1067 736 1100 ἀκινήτων,

138 1121 197 1146 Τῶν
213 1118 374 1154 σωματικῶν
389 1116 442 1142 τῶν
457 1123 486 1140 τε
504 1112 550 1149 μὶν
568 1111 733 1147 ἀσωμάτων,

138 1165 218 1200 Ἔχει
235 1161 326 1189 δίκαια
340 1160 379 1196 τῷ
397 1159 543 1193 συνεκτικῷ
556 1156 642 1194 λόγῳ,

141 1207 243 1238 Φίλους
261 1205 376 1243 λέγομεν
392 1201 456 1241 οὖῇ
467 1201 530 1232 τοὺς
548 1200 734 1238 ἐγνωσμένους

138 1253 183 1281 Ἔν
198 1253 246 1279 τοῦ
258 1250 401 1288 τυχόντος,
418 1246 490 1275 ἀλλὰ
504 1245 567 1277 τοὺς
583 1255 665 1279 κεκτη
672 1243 768 1281 μένους

141 1299 238 1335 Σαφεῖς
253 1294 388 1333 προφάσει
404 1291 582 1329 εὐπροσώπου
599 1288 702 1328 φιλίας.

138 1342 176 1369 Τά
191 1339 277 1377 δεσμὰ
292 1340 389 1366 κοινῶν
407 1337 462 1364 ἐστι
477 1337 576 1363 κοινῶν
593 1333 684 1369 ἱόίων,

137 1387 169 1414 Ἦ
187 1384 210 1412 δ’
224 1385 256 1412 αὖ
272 1383 380 1422 φυλακὴ
397 1380 517 1418 δημοσία
532 1379 576 1407 καὶ
596 1379 678 1416 μόνη.

139 1430 339 1463 Ἀποκαθιστᾷν
355 1426 411 1454 ἔστι
426 1424 627 1463 κυριοτρόπως,

140 1471 371 1504 Ἀποκατάστασίς
385 1481 427 1502 τις
444 1466 638 1508 ἀκριϐεστᾶτη,

142 1617 242 1639 coram
258 1607 395 1636 omnibus
412 1605 535 1634 testibus
550 1603 594 1632 vel
609 1602 680 1638 quid
696 1600 764 1634 dici,
777 1599 821 1627 vel
841 1598 967 1626 breviter

142 1649 216 1682 ﬁeri.
234 1651 361 1681 Actionis
375 1658 444 1678 voce
459 1647 623 1685 persecutio
638 1646 814 1677 continetur,
824 1642 874 1679 qui
885 1642 963 1670 enim

140 1698 241 1727 vendit
255 1697 399 1725 actionem
411 1702 499 1731 quam
511 1693 609 1727 habet,
622 1692 678 1719 hoc
694 1689 818 1718 actionis
834 1687 964 1720 nomine,

140 1743 194 1771 fori
212 1742 366 1774 locutione,
376 1738 608 1777 persecutionem
627 1736 703 1763 illico
719 1731 965 1762 vendit.Actionis

141 1796 246 1815 nomen
261 1785 376 1823 proprie
396 1792 486 1819 genus
509 1785 563 1817 est,
589 1789 656 1809 nam
679 1787 795 1807 omnem
820 1777 965 1805 actionem

140 1820 428 1868 proprievsigvniﬁcat.
446 1829 535 1856 Arma
556 1826 668 1858 dicens,
685 1827 713 1852 et
729 1823 841 1859 lapides
857 1820 965 1849 intclli~

140 1866 204 1913 git;
222 1875 367 1904 Liberatio
397 1873 528 1901 eamdem
556 1874 692 1898 naturam
722 1876 787 1896 cum
819 1866 966 1894 solutione

139 1910 247 1949 liabet:
267 1928 333 1948 nam
350 1919 373 1947 si
399 1919 467 1954 quis
489 1924 587 1944 coram
611 1914 738 1942 testibus
760 1911 876 1944 diXerit,
893 1910 967 1937 liber

139 1966 177 1994 sit
191 1966 305 1994 debitor
320 1973 336 1992 a
351 1963 460 1996 debito,
477 1960 582 1989 dixerit
598 1959 718 1995 perinde
742 1965 774 1985 ac
790 1957 815 1984 si
832 1955 963 1983 debitum

138 2013 216 2038 recte
231 2009 400 2045 accepisset.
429 2006 531 2034 Omnis
557 2012 663 2040 magna
688 2001 867 2045 negligentia
882 1999 967 2027 dolus

140 2056 195 2082 est.
226 2044 369 2082 Glandem
399 2052 509 2082 dicens,
527 2057 644 2077 omnem
673 2048 801 2075 fructum
830 2044 913 2077 dicis,
939 2045 967 2071 et

139 2106 243 2127 omnes
259 2098 388 2131 arbores,
405 2103 531 2131 quercus
540 2092 719 2121 mentionem
736 2088 967 2118 faciens.Filium

140 2143 251 2177 dicens,
267 2145 296 2170 et
311 2144 446 2177 nepotem
458 2139 585 2173 dicit;et
601 2139 750 2173 parentem
767 2134 866 2162 dicens
880 2141 966 2161 avum

139 2188 265 2216 inducit.
295 2185 382 2215 Nullo
412 2187 543 2220 tempore
571 2183 665 2214 abest.
690 2180 740 2216 qui
767 2179 802 2207 ab
831 2177 966 2206 hostibus

140 2235 243 2269 captus
258 2234 313 2265 est,
331 2231 381 2259 sed
398 2230 447 2266 qui
468 2230 498 2256 in
522 2227 670 2255 latronum
696 2224 834 2253 manibus
851 2223 967 2250 vinctus

140 2267 195 2305 est.
212 2277 318 2305 Contra
343 2275 472 2310 captivos
500 2272 614 2300 nullum
638 2275 754 2305 tempus
779 2267 880 2301 currit,
897 2274 967 2293 con-

139 2323 186 2349 tra
201 2329 248 2349 eos
274 2320 357 2356 quia
379 2318 544 2346 latronibus
568 2315 643 2350 capti
669 2316 740 2342 sunt
763 2311 968 2340 convenienter

141 2366 216 2393 ﬂuit.
234 2355 366 2393 Pecuniae
384 2370 488 2391 nomen
505 2359 640 2396 generale
655 2361 711 2391 est,
728 2365 794 2385 nam
812 2355 967 2383 mobilium

142 2412 170 2437 et
199 2409 412 2442 immobilium,
450 2405 645 2441 corporalium
675 2405 703 2429 et
739 2400 966 2436 incorporalium

141 2455 208 2490 jura
223 2453 438 2489 signiﬁcatione
453 2459 507 2478 sua
531 2446 763 2484 comprehendit.
787 2446 902 2473 Amicos
918 2453 967 2472 vo-

142 2489 244 2525 camus
262 2506 318 2525 non
335 2505 404 2523 casu
429 2494 571 2530 cognitos,
587 2493 637 2521 sed
666 2493 759 2519 certos
775 2492 803 2518 et
831 2489 968 2526 speciosa;

143 2541 279 2570 amicitias
292 2540 444 2569 occasione
469 2545 631 2574 possessas.
655 2534 779 2563 Vincula
801 2533 970 2562 communia

142 2589 212 2615 sunt
226 2588 253 2614 et
269 2585 392 2622 privata,
409 2582 543 2612 custodia
557 2589 624 2609 vero
639 2581 754 2608 tantum
770 2578 896 2615 publica.
914 2578 968 2605 Re-

142 2632 263 2660 stituere
279 2629 395 2666 proprio
411 2628 508 2663 modo,
525 2629 571 2655 est
594 2624 780 2654 exactissima
799 2623 896 2651 omnis
914 2622 969 2649 nti-

142 2675 244 2710 litatis,
261 2683 356 2703 causaa
372 2675 400 2702 et
423 2680 579 2709 corporum
603 2670 761 2699 restitutio.
777 2668 859 2696 Juris
883 2667 969 2703 igno-

143 2720 240 2751 rantia
253 2720 367 2749 veniam
392 2726 451 2747 non
475 2717 583 2745 habet:
612 2715 678 2744 facti
707 2722 773 2742 vero
798 2711 968 2748 ignorantiae

143 2772 272 2803 congrue
287 2763 365 2801 leges
387 2762 555 2800 ignoscunt.
571 2759 757 2796 Rescriptum
780 2755 969 2793 imperatoris

814 99 1022 132 MICHAELIS
1045 99 1178 129 PSELLI

1791 92 1853 122 964

979 168 1006 202 Α
1022 165 1118 203 Τύχης
1134 164 1252 201 ἀπάσης,
1269 163 1357 195 αἰτίας
1376 174 1405 191 τι
1420 163 1565 200 σωμάτων.

1022 202 1178 248 Τοῦγνόμου
1195 210 1242 247 μὲν
1259 211 1276 244 ἡ
1294 210 1390 247 ἄγνοια
1404 208 1569 246 συγγνώμης
1586 206 1617 234 οὗ
1633 202 1770 242 λαμϐάιει

1020 256 1075 284 Τοῦ
1117 255 1224 282 Φάκτου
1269 254 1478 293 συγγινώσκεται
1518 254 1577 283 τοῖς
1616 250 1713 287 νόμοις
1741 260 1851 288 προση-

1686 295 1760 331 [κόντ
1764 306 1803 326 ως
1809 316 1815 323 .

1022 344 1184 381 Παράνομος
1201 345 1349 384 ἀντιγραφή
1367 342 1497 382 ἐρῥώσθω
1513 340 1657 381 βασιλέως,

1021 389 1193 425 Ἐπεξουσίας
1207 391 1326 427 νέμουσα
1343 388 1433 428 ἄφεσιν
1446 387 1590 426 τιμωρίας.

1020 437 1074 469 Τῆς
1090 432 1237 471 ἀκριϐείας,
1254 433 1381 468 δέσποτα,
1398 433 1429 460 τὸ
1445 431 1548 460 δίκαιον
1565 431 1697 470 προτίμπι.

1020 479 1170 517 Ἕγκλημα
1185 479 1362 518 περατούσθω
1378 489 1420 506 σοι
1436 477 1511 508 ἐντὸς
1526 480 1576 511 τῆς
1592 475 1702 507 διετίας.

1020 525 1048 552 ’0
1064 526 1226 563 προσφυγὼν
1242 528 1300 556 τοῖς
1318 523 1442 555 δυνατοῖς
1457 524 1495 555 εἴς
1512 522 1591 558 δίκης
1607 521 1784 559 προστασίαν,

1021 570 1112 605 Πάσης
1130 569 1264 604 ἐκπίπτει,
1282 568 1408 603 δέσποτα,
1423 570 1472 603 τῆς
1488 566 1567 602 δίκης
1580 567 1648 594 κατά
1662 566 1762 602 νόμον.

1019 615 1048 643 Ὁ
1063 613 1311 650 καταδικαζόμενος
1324 614 1398 645 ἐντὸς
1412 614 1461 646 τῆς
1478 612 1662 649 τετραμήνου,

1020 659 1164 696 Ε’ίσπραξιν
1180 659 1232 697 οὐχ
1248 658 1388 698 ὑφίσταται
1403 659 1457 685 τῶν
1470 657 1523 684 ἀπὸ
1539 655 1696 690 καταδίκης.

1018 703 1093 734 Ε’ίτις
1107 703 1214 741 ψευδέσι
1232 703 1346 741 μάρτυσι
1358 703 1502 740 κρατήσειε
1515 703 1564 736 τῆς
1580 699 1668 736 δίκης,

1018 748 1067 776 Καὶ
1084 748 1194 776 κόλασιν
1212 748 1353 786 ὑφίσταται
1369 747 1414 774 καὶ
1430 747 1506 774 λύσιν
1523 748 1576 773 τῶν
1593 745 1755 782 κριθέντων.

1017 794 1056 822 Τὸ
1070 793 1137 820 κατά
1152 791 1235 830 φόϐον
1253 793 1366 830 γεγονὸς
1383 791 1433 819 οὐκ
1448 790 1517 819 ἔστιν
1535 789 1704 828 ἐρῥωμένον.

979 855 1002 888 Β
1015 838 1102 869 “Am:
1117 838 1130 865 ὁ
1148 837 1310 875 βιασάμενος
1327 836 1463 864 εόθόνετκι
1477 836 1522 863 καὶ
1541 834 1625 872 δόλῳ,

1017 883 1047 888 .__
1117 883 1123 888 .
1143 881 1184 888 κη
1243 881 1284 888 ..μ
1383 881 1389 888 .
1413 881 1418 888 ,
1469 880 1492 888 ,ι
1528 879 1551 888 ,κ
1568 881 1573 888 .

1016 883 1047 910 ἹΙ
1063 883 1124 920 περὶ
1142 881 1225 909 δόλου
1242 881 1346 909 δίδοται
1364 881 1451 912 αἰτίας
1467 880 1492 916 ἐξ
1510 879 1638 917 εὐλόγου,

1017 926 1124 961 Ἀλλης
1140 927 1263 962 ἀπούσης
1280 927 1403 964 ἀγωγῆς,
1421 925 1522 963 ἐσχάτη
1533 924 1583 963 γὰρ
1599 923 1740 963 τυγχάνει.

1017 973 1123 1000 “¹Ηττων
1140 969 1296 1007 ἀϐοήθητος
1312 970 1356 998 ἐπὶ
1373 972 1426 997 τῶν
1444 969 1634 1007 ἐγκλημάτων.

1021 1016 1172 1054 Σόμφωνον
1188 1016 1256 1043 κατά
1271 1014 1374 1053 δωρεὰν
1391 1013 1483 1050 δήλων
1501 1013 1556 1041 ἐστὶ
1572 1013 1754 1052 πραγμάτων.

1018 1063 1077 1088 Τῶν
1094 1057 1257 1099 ἀμφιϐόλων
1275 1059 1303 1087 δέ
1318 1059 1389 1086 ἔστιν
1404 1060 1421 1093 ἡ
1438 1057 1563 1090 διάλυσις
1573 1057 1663 1091 λύσις,

1020 1106 1080 1133 Ἐπὶ
1097 1108 1154 1136 τοῖς
1170 1104 1217 1132 σὺν
1233 1104 1364 1142 αἱρέσεσιν
1381 1105 1398 1139 ή
1416 1102 1539 1134 διάλυσις
1557 1102 1663 1139 μόνοις.

1019 1150 1079 1178 Ἐπὶ
1097 1149 1143 1185 μὲν
1160 1151 1212 1176 τῶν
1231 1147 1265 1176 δι’
1281 1148 1397 1185 α’ίματος
1412 1147 1532 1186 ἐχόντων
1548 1147 1694 1185 τιμωρίαν,

1017 1194 1120 1229 Ἔξεστι
1138 1192 1296 1221 διαλύεσθαι
1312 1191 1405 1228 ἔξωθεν
1422 1196 1472 1228 τῆς
1489 1193 1627 1229 μοιχείας’

1016 1239 1078 1267 Ἐπὶ
1093 1241 1146 1266 τῶν
1163 1237 1332 1274 ἀναιμάκτων
1347 1236 1375 1265 δὲ
1391 1237 1480 1275 χωρὶς
1496 1235 1732 1276 πλαστογραφίας,

1018 1283 1073 1310 Οὐκ
1088 1281 1171 1310 ἔ⁵’στι
1188 1281 1210 1310 δι
1224 1281 1249 1309 ’λ
1362 1281 1368 1291 “
1411 1283 1417 1292 ⁷
1468 1281 1481 1309 δ
1597 1291 1606 1297 ⁸
1618 1282 1624 1290 ’
1692 1290 1697 1296 ·

1102 1301 1127 1319 ,ε
1207 1293 1232 1310 ,α
1253 1293 1312 1310 υσιν
1327 1293 1391 1313 τους
1406 1293 1464 1310 αντι
1486 1282 1560 1313 ίκους
1575 1291 1686 1320 γιλαφειν

1018 1327 1186 1365 Ὀμολογίας
1203 1326 1225 1354 δ’
1242 1326 1359 1361 ἄνευθεν,
1375 1327 1393 1362 ἢ
1406 1325 1506 1357 δόσεως
1522 1326 1700 1364 πραγμάτων,

1019 1372 1148 1404 Διάλυσις
1165 1372 1216 1400 οὐκ
1231 1371 1309 1399 {imi}:
1324 1369 1483 1409 προϐαίνειν
1499 1371 1566 1398 κατά
1580 1370 1692 1407 νόμους·

1018 1418 1071 1446 Καὶ
1086 1417 1251 1455 πρόσκαιρος
1268 1416 1313 1444 καὶ
1329 1416 1444 1444 πάντοτε
1454 1413 1595 1454 προϐαίνει
1609 1414 1749 1443 κοινωνία.

1018 1460 1147 1500 Προϐἆσα
1162 1461 1190 1489 δὶ
1206 1460 1345 1500 διαίρεσις,
1364 1460 1492 1491 δέσποτα,
1505 1460 1573 1488 κατὰ
1587 1458 1681 1494 δόλον,

1662 1505 1747 1534 Vers.
1766 1504 1848 1533 1156.

981 1597 1003 1632 C
1022 1598 1124 1625 contra
1150 1597 1230 1633 leges
1253 1595 1383 1624 elicitum
1408 1595 1518 1629 valeat,
1549 1594 1573 1623 si
1602 1602 1696 1631 pmnm
1724 1593 1852 1622 incursu

1019 1641 1143 1677 gratiam
1171 1641 1265 1668 iaciat.
1295 1640 1422 1668 Justitiam
1451 1640 1525 1668 ratio
1555 1639 1649 1676 potior
1678 1638 1717 1666 sit
1745 1639 1850 1666 stricto

1017 1690 1093 1726 jure,
1111 1699 1126 1717 ο
1143 1689 1269 1717 domine.
1287 1689 1381 1717 Causa
1401 1688 1562 1716 criminalis
1588 1688 1666 1715 intra
1694 1687 1851 1715 biennium

1020 1734 1150 1761 ﬁniatur.
1180 1733 1358 1769 Confugiens
1387 1734 1423 1761 ad
1454 1733 1632 1769 potentiores
1654 1733 1774 1767 propter
1790 1731 1852 1758 litis

1020 1778 1228 1815 patrocinium,
1258 1778 1338 1806 omni
1367 1787 1467 1811 causa,
1497 1777 1656 1810 odomine,
1684 1776 1852 1804 secundum

1020 1823 1098 1859 leges
1115 1823 1208 1850 cadat.
1225 1822 1443 1850 Condemnatus
1454 1822 1531 1849 intra
1547 1821 1763 1857 quadrimestre
1779 1824 1855 1848 tem-

1021 1877 1075 1904 pus
1092 1876 1149 1894 non
1175 1867 1332 1902 subjicitur
1355 1866 1498 1895 exactioni
1521 1874 1618 1894 rerum
1646 1874 1708 1901 quae
1734 1865 1763 1892 in
1781 1873 1851 1893 con-

1021 1912 1208 1940 demnatione
1232 1913 1312 1939 sunt.
1331 1912 1361 1940 Si
1385 1911 1452 1947 quis
1477 1910 1559 1939 falsis
1587 1910 1712 1938 testibus
1728 1918 1853 1938 causam

1022 1957 1193 1988 obtinuerit,
1219 1958 1247 1983 et
1271 1956 1466 1992 punitionem,
1493 1958 1521 1983 et
1546 1955 1586 1982 rei
1613 1955 1753 1990 judicatae
1768 1954 1852 1982 solu-
1890 1978 1892 1980 .

1020 2001 1130 2029 tionem
1147 2000 1387 2033 sustineat.Quod
1404 2003 1484 2028 metu
1499 1999 1609 2027 factum
1624 2002 1678 2033 est,
1689 1999 1780 2027 robur
1791 2007 1850 2027 non

1021 2045 1143 2073 obtinet.
1167 2045 1340 2080 Quicunque
1365 2045 1423 2073 vim
1449 2045 1560 2076 intulit,
1585 2043 1735 2079 obligatur
1760 2044 1852 2072 dolo:

1022 2099 1056 2118 ex
1071 2089 1239 2118 rationabili
1250 2098 1340 2118 causa
1350 2090 1438 2118 datur
1448 2090 1523 2117 actio
1535 2089 1570 2117 de
1581 2088 1657 2122 dolo,
1667 2088 1725 2116 alia
1736 2088 1855 2117 actione

1022 2134 1185 2163 deficiente.
1203 2134 1309 2162 Minori
1336 2134 1364 2161 in
1390 2134 1565 2161 criminibus
1581 2141 1638 2161 non
1655 2133 1854 2161 succurritur.

1021 2179 1143 2207 Pactum
1166 2181 1210 2206 est
1233 2179 1269 2206 de
1284 2179 1372 2206 rebus
1397 2178 1494 2209 certis.
1512 2180 1541 2205 et
1568 2177 1733 2205 manifestis
1758 2178 1853 2205 dona-

1022 2224 1111 2251 tionis
1127 2231 1233 2251 causa:
1259 2223 1419 2251 transactio
1444 2225 1488 2250 est
1513 2230 1609 2250 rerum
1626 2222 1808 2249 incertarum
1825 2224 1854 2250 et

1022 2268 1180 2295 dubiarum
1206 2268 1382 2296 dissolutio:
1414 2267 1572 2294 transactio
1600 2268 1644 2294 est
1667 2269 1785 2294 tantum
1817 2267 1854 2295 de

1023 2313 1131 2348 quibus
1147 2313 1223 2340 inter
1235 2313 1439 2340 convenientes
1456 2311 1576 2347 placuit.
1600 2313 1641 2339 De
1658 2311 1703 2338 his
1718 2311 1856 2338 crimini-

1023 2357 1090 2389 bus,
1107 2357 1215 2392 quibus
1231 2365 1312 2392 pmna
1328 2356 1481 2392 sanguinis
1497 2356 1654 2391 irrogatur,
1670 2355 1739 2383 licet
1754 2358 1855 2384 trans-

1023 2401 1112 2437 igere,
1129 2404 1246 2437 excepto
1270 2401 1433 2429 adulterio:
1452 2401 1487 2429 de
1503 2401 1548 2428 his
1573 2408 1638 2428 vero
1654 2408 1717 2436 quae
1735 2407 1855 2434 pmnam

1023 2446 1155 2473 criminis
1172 2455 1227 2473 non
1246 2446 1393 2481 ingerunt,
1412 2454 1468 2473 non
1485 2445 1562 2477 licet,
1579 2447 1697 2480 excepto
1716 2444 1783 2472 fulsi
1801 2445 1859 2472 cri-

1024 2490 1112 2524 mine,
1130 2491 1262 2525 partibus
1288 2490 1514 2518 transactionem
1540 2489 1685 2517 scribere:
1702 2488 1765 2516 sine
1782 2497 1856 2516 con-

1025 2534 1162 2568 fessione,
1178 2534 1222 2562 vel
1247 2535 1364 2562 datione
1388 2542 1497 2567 rerum,
1520 2542 1577 2561 non
1603 2532 1755 2561 consuevit
1766 2533 1857 2568 juxta

1023 2579 1103 2614 leges
1119 2579 1273 2615 procedere
1301 2579 1472 2607 transactio.
1499 2579 1534 2606 Et
1557 2578 1593 2605 ad
1622 2579 1753 2613 tempus,
1771 2580 1802 2605 et.
1826 2577 1856 2605 in

1024 2626 1199 2660 perpetuum
1224 2623 1348 2651 societas
1371 2623 1511 2658 procedit.
1540 2622 1657 2656 Divisio,
1682 2630 1698 2649 ο
1721 2622 1857 2655 domine,

1027 2675 1089 2704 quae
1105 2667 1171 2695 dolo
1186 2667 1262 2695 facta
1277 2670 1322 2695 est
1336 2669 1416 2695 extra
1432 2666 1591 2703 judicium,
1615 2666 1732 2703 legibus
1747 2666 1859 2695 intole-

1026 2711 1128 2740 rabilis
1145 2713 1199 2740 est.
1229 2711 1307 2740 Licet
1328 2720 1374 2740 res
1404 2711 1538 2748 deposita
1565 2713 1698 2747 tempore
1723 2711 1857 2739 deterior

1026 2757 1104 2785 facta
1117 2756 1165 2793 sit,
1182 2757 1317 2785 movetur
1329 2756 1405 2785 actio
1419 2756 1556 2793 depositi.
1566 2748 1682 2785 Incerta
1697 2755 1855 2793 stipulatio

983 2283 1006 2315 D
