1952 3052
67 113 129 142 965

70 180 133 210 Τοῖς
147 177 245 214 νόμοις
257 178 450 212 ἀνυποστατος,
469 176 644 216 δικαστηρίου
661 178 736 216 δίχα.

73 223 125 250 Κᾶν
143 225 237 261 χεῖρον
253 223 283 250 τὸ
298 223 447 260 παραταθέν
462 222 572 260 γένηται
589 222 633 250 διὰ
645 223 761 261 χρόνου,

73 267 186 295 Κινείτω
201 278 242 298 τις
256 268 306 302 τὴν
323 267 435 305 ἀγωγὴν
451 268 502 302 τήν
519 268 580 305 περὶ
595 269 768 305 παραθήκης,

73 312 192 351 Ἀφανὴς
214 312 383 351 ἐπερώτησις
400 312 543 346 ἀπαίτησιν
560 312 609 340 οὐκ
623 311 691 350 ἔχει.

74 356 106 384 Εἰ
122 357 153 384 τὸ
169 356 328 393 τικτόμενόν
344 356 413 384 ἐστιν
430 356 456 394 ἐξ
472 355 557 385 ἷίππου
572 358 616 384 καὶ
633 355 780 395 φορϐάδος,

72 401 104 430 Ὀ
119 405 168 437 τῆς
185 399 324 441 φορϐάδος
339 402 433 440 κύριος
449 404 497 429 τοῦ
512 403 593 430 τόκου
609 401 771 437 δεσποζέτω.

72 447 105 474 Et
126 447 251 485 ἀγορὰσω
268 444 367 485 ἔδαφος
382 446 454 483 καλῇ
469 446 502 474 τα
514 449 610 484 πρῶτα
624 447 722 474 πίστει.

69 492 139 519 Εἶτα
158 492 251 526 μαθὼν
268 489 417 529 ἀλλότριον
434 491 611 528 οἰκοδομήσω
626 494 718 526 τοῦτο,

71 539 130 564 Τῶν
148 535 389 573 οἷκοδομηθέντων
405 536 452 574 μὲν
468 535 586 567 δαπάνας
603 536 633 563 οὐ
650 534 793 573 λαμϐάνω,

72 581 115 610 Τὰ
132 579 154 608 δ’
172 580 315 618 ἐκτισμένα
331 579 447 618 δύναμαι
464 579 612 618 λαμϐάνειν
629 581 767 618 ἀζημίως.

73 625 288 663 Ἐκδικουμὲνου
307 629 355 654 τοῦ
371 627 455 665 ἀγροῦ
472 627 485 653 ὁ
501 626 599 663 νομεὺς
614 626 644 654 οὐ
661 623 805 663 λαμϐάνει,

73 672 128 700 Τὸν
144 672 245 710 σπόρον
263 672 292 699 ὃν
308 671 482 709 κατέσπειρεν
500 670 537 702 εἰς
552 671 597 699 τὸν
613 671 696 709 ἀγρὸν
711 670 821 699 ἐκεῖνον.

71 715 101 742 Ὀ
117 719 217 754 χρῆσιν
234 714 305 754 ἔχων
320 717 373 743 τῶν
390 718 500 754 καρπῶν
517 714 612 743 δίδωσι
630 716 674 743 καὶ
686 715 720 743 τα
732 717 799 751 rem
817 725 823 732 '

69 763 101 789 Ὀ
117 759 189 799 ἔχων
203 765 303 799 χρῆσιν
324 763 444 797 νομικῶς
457 761 542 799 τυχόν
557 771 630 788 τινος
647 760 746 797 οἰκίας,

70 805 190 837 Οἱκείοις
205 805 368 842 ἀναλώμασι
382 805 481 841 ταύτην
506 805 700 840 ἐπισκευάσθω,

70 851 149 878 ’Ήτοι
164 850 198 878 τὰ
212 851 416 888 κατακεράμενα
431 849 531 886 ταύτης
548 850 766 888 ὲπανορθούσθω,

71 894 105 922 Εἴ
119 893 148 922 δέ
163 905 187 922 τι
203 894 380 922 κατανάλωσε
394 895 492 922 τούτου
503 905 529 922 τι
544 895 705 933 περαιτέρω,

70 939 194 971 Εἰκότως
209 939 381 976 ἀπολήψεται
396 941 477 966 τοῦτο
494 940 561 976 πρὸς
576 941 625 967 τοῦ
641 938 785 968 δεσπότου.

71 984 246 1022 Ἀπείργεται
265 983 429 1019 δανείζεσθαι
445 988 494 1019 τῆς
510 987 564 1011 τῶν
583 984 760 1020 ὑπεξουσίων,

74 1028 188 1056 Μᾶλλον
201 1028 396 1065 ἀξιωματικὸς,
419 1029 503 1065 μόνος
521 1027 543 1055 δ’
559 1029 573 1056 ὁ
593 1028 761 1065 κεκτημένος

75 1072 227 1101 ΙΙεκούλιον
241 1072 399 1107 δανείζεται,
415 1073 459 1100 καὶ
475 1075 554 1099 τοῦτο
566 1074 633 1100 κατὰ
645 1073 756 1109 νόμους.

75 1118 239 1155 Ἑπίτροπος
255 1117 398 1156 ὀρφανικὸν
415 1117 464 1144 οὐκ
483 1117 619 1153 ἐξωνεῖται
635 1120 755 1156 πρᾶγμα.

75 1163 125 1189 Διὰ
143 1162 238 1201 μικρόν
255 1173 279 1189 νι
295 1161 380 1189 αἴτιον
397 1165 494 1199 πρᾶσιν
512 1163 562 1189 οὐκ
577 1162 743 1200 ἀνανρέψεις.

72 1208 106 1235 Ὀ
123 1209 197 1234 σῖτον
212 1206 388 1243 ὠνησάμενος
407 1206 517 1238 κανόνος
531 1205 677 1243 δημοσίου,

75 1251 233 1291 Κεφαλικήν
252 1251 405 1290 ὑφίσταται,
422 1249 547 1287 δέσποτα,
563 1252 709 1288 τιμωρίαν.

70 1297 100 1324 Ὀ
115 1296 220 1334 πράτης
239 1296 277 1332 μή
293 1294 459 1333 παραδιδοὺς
476 1296 614 1333 ἀγοραστῇ
630 1296 660 1323 τὸ
676 1299 804 1334 πρᾶγμα,

67 1341 105 1368 Τὸ
121 1340 248 1378 διαφέρον
263 1339 358 1367 δίδωσι
375 1340 486 1371 εἰκότως
498 1340 567 1368 κατᾶ
582 1340 696 1377 νόμους.

66 1386 112 1414 Ἐν
128 1387 168 1422 τῷ
185 1384 352 1423 δικαστηρίῳ
369 1383 401 1420 δὴ
415 1387 464 1419 τῆς
479 1388 579 1421 νομῆς,
601 1383 721 1412 δέσποτα
746 1396 810 1422 μου,

68 1429 166 1462 Διδοὺς
182 1431 196 1457 ὁ
211 1431 316 1467 πράτης
332 1430 363 1457 τὸ
379 1428 493 1457 διπλοῦν
511 1429 560 1456 οὐκ
575 1429 726 1458 ἀπαιτεῖται
742 1430 834 1467 πλέον,

744 113 932 144 SYNOPSlS
956 114 1100 145 LEGUM.

1717 120 1776 150 966

909 180 1089 217 ΑΗροφάσει
1118 182 1171 208 τῶν
1199 180 1225 216 ἐξ
1259 179 1336 214 ἔθους
1371 193 1430 214 πως
1466 184 1501 218 τῇ
1536 183 1633 222 πράσει
1662 195 1780 223 γεγραμ-

1596 229 1695 265 [μὲνων
1703 251 1709 258 .

957 269 989 296 Οἱ
1007 270 1074 307 μετά
1083 270 1114 297 τὸ
1130 269 1311 308 συνάλλαγμα
1324 271 1423 309 καρποὶ
1442 269 1669 310 βεϐλαστηκότες,

956 316 999 350 Τῷ
1011 314 1057 341 τὸν
1072 315 1152 352 ἀγρὸν
1162 316 1330 353 προσήκουσι
1346 318 1453 348 παντως
1466 317 1625 354 ἠγορακότι.

957 360 1013 387 Τοῦ
1030 359 1190 397 πράγματος
1207 358 1241 387 δι’
1254 359 1346 388 ἄδικον
1364 361 1583 393 ἀποσπασθὲν-τος
1600 363 1725 400 γνώμην,

957 404 1033 431 Κατᾶ
1047 406 1095 431 τοῦ
1111 404 1214 442 πράτου
1227 404 1337 443 ἀγωγὴν
1353 405 1505 444 ἀγοραστής
1522 407 1571 434 οὐχ
1583 405 1641 445 ἔχει
1657 417 1663 423 .

958 449 989 477 Ei
1007 449 1036 477 δὲ
1045 460 1086 482 τις
1100 450 1131 477 τὸ
1147 449 1293 488 ἀλλότριον
1309 451 1345 482 ὡς
1363 450 1441 483 εἰδὼς
1456 451 1598 490 ἠγόρασεν,

958 493 1097 523 Οὐδεποτε
1112 493 1146 522 δι’
1162 493 1265 530 εἷ’δησιν
1279 495 1329 522 τοῦ
1346 496 1507 534 πράγματος
1520 495 1641 525 δεσπόσει
1657 507 1663 514 ·

957 538 993 566 Ei’
1006 537 1034 566 δέ
1048 549 1088 570 τις
1104 539 1264 574 ἐξωνήσεται
1282 539 1428 577 ἀλλότριόν
1443 552 1468 568 τι
1483 545 1595 580 πρᾶγμα

957 583 1012 610 Οὐκ
1029 582 1108 614 εἷ’δὼς
1123 584 1160 615 ὡς
1176 583 1334 621 ἀλλότριον,
1352 585 1407 612 ἐστῖ
1423 586 1454 612 τὸ
1469 586 1669 624 πεπραγμένον,

957 627 1042 659 Αὐτὸς
1058 628 1104 664 μὲν
1121 626 1165 655 διὰ
1178 629 1304 665 χρήσεως
1317 631 1365 656 τοῦ
1380 630 1539 666 πράγματος
1557 629 1691 668 δεσπόσει,

957 673 985 699 Ὁ
1000 672 1145 710 πεπρακὼς
1161 670 1183 699 δ’
1199 672 1322 710 ἐνέχετπι
1340 671 1449 704 δικαίως
1463 676 1503 710 τῷ
1520 673 1644 712 δεσπότῃ.

957 717 989 746 Εἴ
1007 716 1035 744 δέ
1049 728 1090 749 τις
1105 719 1215 754 πρᾶγμα
1230 717 1345 754 λήψεται
1363 717 1469 745 ἐπιτινι
1485 717 1567 755 αἶτίᾳ,

958 761 1111 797 Πληρούτῶ
1126 762 1174 796 τήν
1194 762 1317 794 ὑπόθεσιν
1332 763 1387 799 (16)
1403 761 1420 798 ἥ
1435 763 1465 790 τὸ
1477 763 1588 802 πρᾶγμα
1603 763 1712 794 διδότω.

957 807 988 835 Ὀ
1003 806 1042 843 τῷ
1058 806 1212 845 ἐγκλήματι
1229 806 1342 845 ληφθεῖς
1357 811 1397 844 τῷ
1411 807 1473 844 περὶ
1490 807 1604 843 ἀδικίας,

918 867 941 899 Β
958 851 996 880 Οὐ
1011 850 1120 879 δύναταί
1135 862 1161 879 τι
1181 848 1305 888 βεϐαιοῦν
1321 851 1409 887 οἰκείᾳ
1425 853 1570 891 μαρτυρίᾳ.

957 897 985 923 Ὁ
1001 895 1134 934 ἀγοράσας
1151 895 1267 923 δείκνυσι
1282 896 1328 923 τὸν
1346 895 1444 924 δοῦλον
1459 898 1621 936 πεφευγότα,

957 941 989 969 Εἰ
1012 940 1087 979 λέγει
1112 941 1180 978 πρὸς
1204 944 1253 975 τῆς
1279 941 1413 978 πράσεως,
1439 940 1510 969 οὕτω
1537 941 1632 971 δοκοῦν
1657 946 1715 976 τοῖς
1736 944 1780 972 νό-

1650 989 1724 1025 [μοις

911 1034 915 1037 ’
957 1029 1195 1068 Ἑπικράτεστερός
1212 1029 1282 1056 ἐστιν
1300 1030 1313 1057 ὁ
1329 1032 1427 1064 κῆνο-ος
1439 1031 1493 1057 τῶν
1512 1031 1666 1070 μαρτύρων,

956 1074 1013 1103 Οὔκ
1029 1074 1101 1102 ἔστιν
1117 1074 1271 1109 ἅξιόπιστος
1286 1077 1334 1101 τοῦ
1350 1075 1449 1112 χρέους
1466 1075 1608 1113 μαρτυρία,

956 1119 1039 1157 Εἴπερ
1055 1131 1095 1150 τις
1113 1119 1165 1146 ὰπὸ
1179 1121 1233 1146 τῶν
1251 1119 1332 1146 αὐτοῦ
1349 1118 1463 1147 δεικνύει
1480 1117 1666 1158 συμϐολαίων,

956 1164 1181 1200 Τελευτησοὶντων
1199 1163 1227 1191 δέ
1240 1174 1308 1191 ποτε
1324 1164 1485 1201 συμπάντων
1502 1167 1554 1192 τῶν
1571 1166 1714 1205 μαρτύρων

955 1210 1046 1238 Αὐτοῦ
1062 1219 1089 1236 τε
1103 1207 1288 1240 ταϐελλίωνος
1303 1219 1444 1246 σπγκρισις
1462 1207 1643 1248 προϐαινὲτω.

954 1256 1052 1292 Ὅρκος
1066 1253 1259 1291 ἐπιφερόμενος
1275 1250 1479 1290 ἀμφισϐήτησιν
1501 1255 1604 1291 τέμνει.

954 1300 984 1327 Ὁ
1006 1297 1122 1335 μηδενὸς
1139 1297 1284 1335 ἐπάγοντος
1299 1297 1383 1334 ἀμνὺς
1396 1298 1444 1325 οὐκ
1460 1297 1614 1337 ὠφελεῖται.

953 1343 1072 1379 Ὀμόσας
1084 1341 1112 1370 δέ
1125 1353 1166 1373 τις
1180 1341 1252 1369 ’ίδιον
1268 1342 1299 1369 τὸ
1314 1352 1428 1380 πραγμα
1439 1342 1595 1381 πεφυκέναι,

953 1387 1004 1416 Καὶ
1033 1386 1096 1419 τοὺς
1135 1387 1256 1424 καρποὺς
1292 1386 1473 1424 εἰσπράξεται,
1515 1387 1560 1415 καὶ
1599 1389 1681 1425 γονὴν
1719 1390 1773 1417 τῶν

1558 1432 1733 1470 Θρεμμάτων.

1553 1477 1636 1506 Vers.
1660 1479 1739 1507 1211.

72 1595 277 1632 repetitionem
307 1602 365 1622 non
390 1593 488 1622 habet.
511 1593 541 1621 Si
566 1593 634 1629 quid
666 1595 768 1622 natum
793 1596 839 1622 est
867 1603 901 1623 ex
916 1596 938 1630 α
957 1595 1054 1623 sciens
1066 1594 1270 1630 emit,propter
1279 1593 1433 1621 scientiam
1446 1593 1585 1623 dominus
1601 1595 1642 1624 rei
1658 1604 1715 1624 non
1730 1597 1778 1625 fit:

70 1649 148 1676 equo
172 1642 202 1668 et
223 1647 308 1675 equa,
334 1638 471 1666 dominus
498 1646 578 1674 eque
603 1638 703 1666 fcetum
730 1638 845 1666 habent.
869 1639 899 1666 Si

69 1685 167 1721 primo
184 1684 262 1712 bona
278 1683 333 1711 ﬁde
344 1691 409 1711 emo
422 1682 528 1716 solum,
545 1682 650 1710 deinde
662 1682 791 1710 alienum
804 1683 901 1711 sciens

68 1730 101 1757 in
117 1729 168 1757 illo
193 1728 314 1760 aedifico,
333 1729 471 1763 sumptus
495 1727 609 1754 aedilicii
632 1735 689 1754 non
714 1727 834 1762 recipio,
850 1728 900 1755 sed

68 1774 226 1802 materiam
251 1772 314 1801 sine
340 1772 451 1807 injuria
475 1779 578 1807 cepere
596 1779 729 1807 possum.
746 1771 903 1799 Possessor

68 1818 133 1854 agri
149 1817 234 1846 evicti
262 1825 319 1844 non
345 1816 423 1851 cupit
447 1817 562 1843 fructus
585 1823 660 1851 quos
685 1815 714 1842 in
742 1815 790 1842 illo
817 1816 900 1843 sevit.

71 1862 296 1891 Usumi‘ructum
321 1861 434 1889 habens
461 1862 578 1896 praestat
603 1860 734 1887 lusiones
752 1861 831 1888 lisco.
848 1860 902 1892 Qui

67 1909 138 1944 jure
154 1907 242 1935 habet
256 1906 381 1941 alicujus
394 1906 500 1933 domus
512 1913 612 1939 usum,
629 1905 756 1940 propriis
777 1905 902 1940 sumpti-

72 1954 130 1980 bus
145 1960 209 1979 eam
227 1950 346 1985 reﬁciat,
364 1950 423 1978 sive
445 1950 560 1986 tegulas
585 1949 666 1976 illius
692 1949 838 1976 instauret
854 1957 860 1976 ί
877 1948 901 1976 si

71 2005 142 2025 vero
158 1996 228 2032 quid
247 1995 322 2023 ultra
339 1998 477 2030 sumptus
503 1994 710 2029 insumpserit,
733 1993 904 2021 solemniter

71 2051 90 2069 ε.
105 2040 224 2069 domino
235 2039 367 2075 recipiat.
387 2038 562 2067 Prohibetur
575 2038 682 2067 Christi
704 2037 904 2066 ﬁliisfsmilias

70 2086 161 2114 etiam
174 2085 199 2112 si
215 2085 246 2112 in
262 2084 406 2120 dignitate
422 2083 483 2110 sint
499 2091 506 2110 :
523 2083 563 2110 illi
576 2083 657 2110 enim
675 2082 770 2110 solum
788 2082 837 2118 qui
854 2090 902 2118 pe-

70 2130 186 2159 culium
204 2129 314 2157 habent
338 2128 468 2156 mutuari
494 2130 619 2163 possunt
635 2128 796 2155 secundum
813 2127 902 2163 leges.

69 2175 163 2203 Tutor
185 2182 246 2201 rem
259 2172 434 2209 pupillarem
457 2180 553 2200 emere
567 2180 623 2199 non
637 2174 742 2207 potest.
761 2174 797 2199 Ex
816 2179 905 2207 parva

70 2227 162 2247 causa
172 2218 369 2246 venditionem
394 2226 428 2244 ne
447 2217 610 2244 subvertas.
628 2218 818 2244 Frumentum
836 2224 904 2243 ven-

72 2264 148 2292 dens
163 2271 198 2291 ex
220 2271 331 2290 canone
347 2262 465 2298 publico
482 2261 598 2297 capitali
625 2269 725 2296 poenae,
742 2269 758 2288 ο
775 2261 903 2295 domine,

74 2307 244 2343 subjicitur.
262 2307 290 2335 Si
308 2307 442 2334 venditor
457 2314 518 2334 rem
544 2306 668 2341 emptori
693 2313 750 2332 non
776 2305 903 2332 tradide-

73 2353 125 2387 rit,
150 2352 356 2380 convenienter
382 2343 546 2379 secundum
571 2349 649 2386 leges
674 2351 802 2385 prwstet,
829 2349 904 2383 quod

74 2396 218 2432 emptoris
233 2396 364 2423 interest.
384 2396 415 2423 In
428 2395 543 2431 judicio
570 2394 779 2430 possessionis,
793 2393 833 2420 mi
856 2394 905 2420 do-

76 2441 165 2473 mine,
195 2441 330 2468 venditor
360 2440 483 2475 duplum
515 2439 642 2472 solvens,
674 2437 802 2474 amplius
832 2437 905 2465 nihil

75 2487 197 2522 prestat
211 2492 313 2512 earum
330 2492 428 2511 rerum
446 2483 576 2517 nomine,
594 2491 657 2518 quae
683 2482 713 2509 in
739 2482 906 2509 venditione

74 2530 165 2558 scribi
183 2530 288 2557 solent.
306 2528 375 2556 Post
401 2530 585 2555 contractum
610 2527 722 2554 fructus
739 2526 811 2560 nati,
827 2534 906 2554 com-

75 2577 182 2611 petunt
208 2573 329 2601 omnino
359 2572 483 2607 emptori
519 2571 592 2607 agri.
631 2572 753 2607 Emptor
781 2570 827 2598 cui
857 2579 908 2606 per

75 2618 249 2647 violentiam
279 2625 327 2645 res
354 2619 453 2653 empta
483 2616 581 2644 ablata
601 2618 655 2651 est,
682 2615 793 2643 nullam
820 2615 908 2643 habet

79 2662 225 2692 actionem
245 2662 387 2690 adversus
411 2661 602 2690 venditorem.
620 2660 674 2694 Qui
697 2668 759 2689 rem
779 2660 906 2689 alienam

116 2757 175 2796 (16)
189 2754 362 2795 Ὑπόσχεσιν.

958 1640 1007 1676 qui
1016 1648 1083 1667 vero
1093 1639 1166 1667 emit
1181 1647 1240 1666 rem
1259 1637 1387 1666 alienam
1403 1639 1538 1667 nesciens
1554 1641 1631 1675 quod
1648 1649 1695 1669 res
1709 1649 1781 1669 ven-

956 1685 1017 1712 dite
1026 1684 1122 1712 aliena
1131 1683 1180 1716 sit,
1197 1691 1252 1710 usu
1267 1682 1308 1710 rei
1318 1683 1456 1710 dominus
1473 1684 1523 1716 sit,
1538 1685 1671 1713 venditor
1681 1687 1780 1713 autem

956 1728 1076 1756 domino
1092 1727 1285 1762 obligatur.Si
1299 1726 1364 1761 quis
1380 1730 1499 1762 propter
1515 1735 1634 1755 causam
1651 1729 1781 1764 aliquam

956 1780 1016 1800 rem
1033 1773 1138 1808 capiat,
1155 1770 1197 1798 vel
1224 1779 1342 1798 causam
1360 1770 1491 1806 impleat,
1517 1771 1560 1799 vel
1585 1781 1647 1800 rem
1666 1773 1782 1809 reddat,

956 1817 1119 1844 Damnatus
1141 1815 1263 1842 crimine
1288 1815 1517 1850 repetundarum
1540 1825 1597 1844 non
1615 1819 1711 1852 potest
1725 1817 1781 1845 ali-

957 1861 1027 1896 quid
1053 1860 1170 1896 proprio
1197 1858 1365 1886 testimonio
1389 1859 1516 1887 firmare.
1534 1860 1655 1896 Emptor
1680 1862 1783 1896 probat

957 1905 1113 1940 fugitivum
1138 1911 1266 1935 servum,
1281 1903 1305 1930 si
1322 1903 1394 1930 dicit
1410 1905 1487 1938 quod
1501 1907 1567 1932 ante
1582 1906 1781 1934 venditionem

957 1951 1019 1978 erat
1043 1948 1191 1983 fugitivus,
1209 1948 1250 1976 sic
1271 1947 1381 1983 placuit
1404 1948 1530 1983 legibus.
1549 1949 1661 1977 Census
1687 1951 1783 1986 potior

956 1996 1001 2022 est
1014 1993 1151 2021 testibus.
1166 1993 1227 2020 Non
1245 1994 1290 2020 est
1305 1991 1361 2019 fide
1377 1992 1499 2027 dignum
1516 1994 1551 2021 de
1579 1994 1678 2022 debito
1701 1995 1783 2023 testi-

957 2038 1100 2072 monium,
1117 2038 1142 2065 si
1158 2037 1224 2073 quis
1240 2037 1267 2064 id
1285 2036 1388 2072 probet
1403 2037 1465 2065 suis
1482 2038 1698 2073 instrumentis,
1715 2048 1782 2068 cum

957 2091 1059 2111 omnes
1075 2084 1164 2110 testes
1180 2082 1326 2113 obierunt,
1344 2081 1394 2108 sed
1412 2082 1567 2116 prawsleat
1580 2083 1675 2118 ipsius
1691 2084 1782 2111 tabel-

957 2127 1044 2155 lionis
1068 2127 1258 2162 comparatio.
1274 2127 1486 2164 Jusjurandum
1512 2126 1642 2155 delatum
1668 2130 1784 2156 contro-

957 2172 1082 2200 versiam
1110 2171 1228 2199 decidit.
1259 2172 1314 2204 Qui
1343 2172 1461 2200 nemine
1498 2171 1646 2200 deferente
1670 2173 1785 2207 juravit

958 2216 1031 2243 nihil
1054 2216 1184 2251 profecit.
1201 2216 1255 2248 Qui
1268 2217 1380 2251 juravit
1396 2225 1457 2243 rem
1483 2223 1568 2243 suam
1585 2224 1660 2249 esse,
1677 2218 1784 2252 repetit

958 2261 1084 2295 fructus,
1101 2263 1130 2288 et
1154 2261 1240 2289 fcetus
1256 2270 1406 2297 pecorum.
1422 2261 1452 2288 Si
1477 2261 1544 2296 quis
1566 2261 1674 2295 juravit
1700 2268 1735 2288 ex
1750 2269 1784 2289 ea

958 2305 1072 2334 actione
1086 2313 1150 2340 qua
1175 2305 1296 2341 duplum
1323 2306 1420 2340 exigit,
1437 2305 1510 2332 forte
1533 2313 1567 2332 ex
1594 2305 1783 2341 inﬁcietione,

959 2358 1017 2378 non
1042 2349 1134 2385 dupli,
1151 2349 1202 2377 sed
1228 2350 1325 2386 simpli
1351 2350 1448 2378 solum
1473 2349 1707 2385 persecutionem
1730 2350 1783 2378 ha-

959 2395 1008 2422 bet
1022 2402 1028 2422 :
1046 2396 1110 2429 post
1120 2394 1396 2429 jurumeutumvoro
1406 2402 1493 2429 agens
1508 2393 1658 2429 principali
1668 2395 1784 2423 actione

960 2438 1083 2474 duplum
1110 2439 1209 2474 exigit,
1226 2438 1250 2465 si
1275 2438 1331 2466 sibi
1357 2438 1489 2465 debitum
1515 2446 1580 2466 esse
1606 2438 1782 2474 probaverit.

959 2482 1068 2510 Nolens
1088 2482 1199 2517 jurare,
1224 2490 1319 2517 neque
1345 2483 1461 2515 referre,
1487 2484 1628 2517 tauquam
1653 2490 1685 2510 ex
1711 2491 1783 2511 con-

961 2527 1087 2555 fessione
1115 2527 1338 2554 condemnatur.
1362 2527 1392 2554 Si
1415 2535 1481 2554 eum
1508 2527 1557 2561 qui
1580 2528 1781 2561 juramentum

961 2570 1065 2598 detulit
1093 2570 1271 2605 pmnituerit,
1292 2574 1433 2607 tanquam
1461 2573 1523 2599 tute
1554 2572 1717 2600 instructus
1746 2573 1786 2600 sit

962 2615 1027 2643 aliis
1043 2615 1258 2647 instrumentis,
1277 2615 1302 2642 si
1326 2615 1432 2643 deinde
1455 2617 1545 2651 ponat
1559 2617 1699 2651 secundo,
1725 2625 1784 2644 non

962 2659 1074 2689 deferet
1089 2659 1194 2688 iterum
1207 2659 1422 2696 juramentum,
1436 2668 1452 2688 ο
1465 2660 1594 2695 domine,
1609 2663 1697 2698 atque
1711 2661 1784 2690 illud
