1952 3052
63 65 123 95 969

60 132 95 158 ⁸Α
108 132 209 167 προῖκα
225 129 256 157 οὗ
274 131 379 166 μιιοῦσι
398 131 445 166 μὶν
462 130 526 158 ἀλΛ¹
541 129 618 167 ὅμως
634 131 822 168 ἀπαιτοῦνται,

62 175 126 212 Πιρὶ
142 174 176 201 τὰ
192 173 374 211 δαπανήματα
388 174 420 201 τὰ
436 174 528 212 τέρψιν
551 175 730 211 ἐμποιοῦντα.

63 218 169 255 Μηδεὶς
184 220 252 246 κατὰ
266 222 317 254 τῆς
331 220 457 257 γυναικὸς
472 218 582 254 κλοπῆς
598 220 708 248 κινείτω
725 219 814 256 δίκην,

62 264 219 301 Ἀφαίρεσιν
235 264 344 291 κινείτω
359 262 388 291 δὶ
402 266 455 291 τῶν
471 263 629 292 κλαπέντων
642 264 823 303 πραγμάτων.

62 311 167 345 Προῖκα
182 306 276 336 λαϐὼν
292 309 306 335 ὁ
323 308 436 347 σύζυγος
453 308 697 346 διατετιμημᾶνην,

62 353 137 391 Οὐχὶ
152 353 186 381 τὰ
197 353 343 391 πράγματα
360 352 435 381 δοκεῖ
451 351 599 390 Λαμόάνιιν
611 355 644 382 τὰ
660 353 796 390 προικῷα,

61 398 155 432 Μόνην
172 396 201 425 δὲ
212 396 368 434 διατίμησιν
385 398 421 426 ὧν
438 395 519 426 ἔλαϐε
533 398 712 437 πραγμάτων,

62 444 110 470 Ὧν
127 443 176 477 τὴν
193 443 276 479 τιμήν
293 441 480 479 εἷο-πράττεται
496 445 545 470 τοῦ
560 443 650 481 γάμου
672 442 818 479 λυομένου.

62 488 95 515 Ή
113 488 206 523 μήτηρ
224 487 289 523 ὑπὲρ
307 487 450 525 θυγατρὸς,
467 488 504 514 ὡς
519 486 593 522 ἔδοξε
606 490 665 518 τοῖς
680 487 787 523 νόμοις,

61 531 100 560 Οὕ
117 542 195 571 φασιν
208 531 386 569 ἁναγκάζιται
403 535 504 570 προῖκα
519 530 681 560 ἐπιδιδόναι.

63 576 134 610 Γυνή
149 578 202 603 τῶν
218 575 313 612 γάμων
335 575 444 603 δύναται
461 574 498 603 ἔτι
520 577 729 613 συνισταμένων,

61 619 206 648 Βλέπουσά
219 630 280 652 πως
294 620 338 648 τὸν
355 620 469 658 σύζυγον
484 620 587 659 ἄπορον
603 621 742 658 πεφυκότα

60 665 106 695 Ὠς
123 664 290 699 ινυπόθηκον
306 667 413 702 κρατεῖν
422 665 472 699 τὴν
489 665 591 693 ἐκείνου
607 665 711 699 οὐσίαν,

60 708 101 736 Οὐ
118 709 210 745 μόνως
227 709 294 745 ὑπὶρ
309 712 360 743 τῆς
375 709 499 746 προικὸς,
512 709 585 737 ἀλλὰ
601 710 646 737 καὶ
661 709 846 747 ἐξωπροίκων,

59 753 141 791 Ὑπὲρ
156 753 350 791 προγαμιαίων
366 764 394 780 τι
407 752 518 781 δικαίων
535 752 610 791 δωρη
617 753 718 790 μάτων.

59 797 132 835 Οὐχὶ
148 797 296 829 συναίνεσις
312 799 424 835 πατρὸς,
441 797 514 826 ἀλλὰ
527 798 648 835 νόμιμος
663 799 770 836 πρᾶξις,

59 845 116 876 Τῆς
134 842 361 877 ὑπεξουσιότητος
377 842 517 879 ἐλευθεροῖ
531 843 576 870 τὸν
593 841 677 870 παῖδα
687 853 693 860 ’

60 886 94 914 Et
111 885 139 914 δᾶ
151 897 192 918 τις
208 885 280 924 ἔχων
301 886 431 925 φυσικοὺς
448 886 546 918 παῖδάς
561 895 591 914 τι
609 887 654 914 καὶ
669 887 816 924 νομίμους,

61 931 115 959 Καὶ
131 933 180 964 τῆς
196 933 250 958 τῶν
268 934 387 970 φυσικῶν
404 932 469 958 υἱῶν
485 930 524 959 ἔτι
543 931 631 966 ζώσης
646 931 772 968 μητέρος,

60 977 127 1006 Τοῖς
145 978 268 1014 φυσικοῖς
283 975 365 1010 αὐτῆς
380 976 455 1002 παισὶ
472 976 539 1014 πρὸς
557 974 586 1003 δὶ
600 975 644 1002 καὶ
658 978 691 1012 τῇ
708 975 835 1013 τεκούσῃ,

61 1020 101 1048 Οὔ
119 1018 228 1046 δύναται
243 1018 404 1047 καταλιπεῖν
419 1020 501 1047 πλέον
521 1023 583 1056 μιᾶς
601 1019 719 1057 οὖγγίας,

62 1063 175 1091 Παίδων
192 1062 213 1091 δ’
225 1065 274 1091 οὐκ
289 1062 373 1091 ὄντων
391 1066 523 1103 φυσικῶν,
539 1066 556 1099 ὴ
573 1067 734 1092 συνοικοῦσα
751 1065 852 1101 μόνως,

60 1108 167 1146 Ἐχέτω
182 1108 347 1146 ἡμιοΰγγιον
363 1111 418 1136 τῶν
435 1109 536 1136 ἐκείνου
552 1110 731 1146 πραγμάτων,

60 1151 121 1181 Είδ⁷
137 1151 198 1180 οὔτε
211 1151 309 1184 παῖδας
324 1150 385 1190 ἔχοι
400 1164 442 1184 τις
456 1153 583 1190 ἰννόμους
599 1154 616 1189 ἢ
633 1154 738 1192 γονέας,

61 1196 169 1225 Διδότω
184 1200 235 1224 πᾶν
257 1197 281 1224 εἷ’
298 1197 425 1235 βούλεται
440 1198 471 1225 τό
490 1199 586 1235 μὲτρον
603 1202 653 1232 τῆς
668 1198 773 1231 οὐσίας,

60 1245 125 1273 Τοῖς
147 1245 271 1280 φυσικοῖς
281 1241 363 1269 αὐτοῦ
378 1243 480 1278 παισὶν,
498 1241 588 1273 οὐδεὶς
604 1243 654 1281 γὰρ
671 1244 684 1270 ὁ
697 1243 824 1270 κωλύων.

61 1286 96 1313 Εἴ
111 1285 134 1313 δ’
148 1286 327 1321 ἀποθνήσκων
346 1285 406 1324 ἔχοι
421 1297 464 1319 τις
481 1288 555 1318 τινὰς
568 1289 621 1314 τῶν
637 1288 782 1322 αὐτόντων,

61 1329 167 1358 Διδότιι)
179 1331 225 1358 τὸν
240 1331 358 1367 νόμιμον
377 1331 457 1362 οὗτος
472 1331 563 1362 αὐτοῖς
582 1331 687 1368 μερίδα,

59 1375 97 1402 Τὸ
113 1374 142 1402 δὲ
157 1375 253 1402 λοιπὸν
269 1378 327 1406 τοῖς
343 1378 468 1408 φυσικοῖς
483 1376 574 1403 παισὶν
587 1376 788 1413 ἀποκληρούτω

61 1419 215 1457 Εὖνοῡχος,
233 1419 340 1447 σπάδων
356 1419 465 1447 δύναται
479 1421 608 1452 υἱοθετεῖν
625 1421 668 1448 καὶ
688 1421 789 1457 μόνως,

59 1466 148 1492 Τοῦτο
164 1464 214 1502 γὰρ
230 1464 415 1502 ἀπηγόρευται
429 1464 590 1503 καπρᾶτοις
610 1466 655 1493 καὶ
671 1463 801 1502 θλιῦίαις,

741 64 929 96 SYNOPSIS
953 66 1084 96 LEGUM
1091 90 1098 98 .

1713 68 1773 98 9'10

906 134 928 166 Α
947 131 976 159 Ὁ
991 130 1040 168 γάρ
1056 142 1098 158 τοι
1115 129 1223 158 σπάδων
1240 129 1347 158 δύναται
1364 130 1562 167 παιδοποιῆσαι
1581 134 1664 170 τάχα.

946 174 983 204 Εἷ¹
994 186 1035 207 τις
1049 177 1166 211 ποιήσας
1181 175 1312 213 πρότερον
1329 175 1449 213 ἐννόμως
1466 175 1610 212 διαθήκην,

947 221 1073 257 Δευτέραν
1090 219 1180 255 ἄλλην
1196 219 1332 258 γράψειεν,
1349 222 1366 255 ἡ
1383 221 1478 259 πρώτη
1496 222 1533 258 μὴ
1556 221 1701 259 ῥηγνύσοω

946 264 978 292 Ei
996 265 1031 301 μή
1050 275 1080 302 γε
1095 267 1203 302 πρῶτον
1216 266 1326 302 κυρωθῇ
1341 265 1466 302 νομίμως
1482 267 1498 300 ἡ
1516 265 1635 304 δευτέρα.

945 309 984 337 Οὐ
1000 308 1144 341 διατίθεται
1162 309 1229 336 ἐτῶν
1245 309 1334 343 ἥττων
1351 309 1564 348 δεκατισσάρων.

945 354 975 381 Ὀ
992 354 1030 390 μὴ
1045 352 1136 384 διδους
1150 356 1210 384 τοῖς
1229 353 1343 390 μάρτυσι
1364 353 1483 391 πάροδον
1503 356 1663 392 μαρτυρίας,

945 397 1098 436 Ὑφίσταται
1113 399 1161 432 τὴν
1180 398 1311 425 ἔκπτωσιν
1326 401 1374 425 τοῦ
1390 399 1496 436 κλήρου
1510 400 1669 436 παραυτίκα.

944 443 981 470 Τὰ
995 444 1260 481 παραχαραττόμενα
1275 443 1291 477 ἦ
1309 442 1551 481 ὰπαληλιιμμένα,

945 488 976 514 Ei
992 487 1039 523 μὶν
1054 488 1111 514 κατ’
1128 486 1229 523 εἷ’δησίν
1245 487 1296 514 εἶσι
1312 490 1360 514 τοῦ
1377 487 1573 524 διατιθεμᾶνου,

945 533 1050 569 "Anuch
1065 533 1173 562 πάντως
1188 532 1316 569 πέφυκεν,
1335 532 1357 559 εἰ
1374 531 1396 560 δ’
1418 533 1459 567 οὗ,
1476 533 1605 571 ἐρέώσθω
1621 534 1716 562 πάντα.

947 576 1074 612 Αἱρετικῆ
1090 586 1132 606 τις
1147 574 1267 606 ἔνστασις
1286 575 1312 603 εἷ’
1323 587 1365 607 τις
1381 577 1453 604 οὕτω
1470 577 1625 616 συγγράφει,

946 620 1007 646 Ἐὰν
1022 620 1104 650 αὐτὸς
1120 621 1287 655 πεντήκοντα
1303 620 1369 647 ἐτῶν
1387 619 1545 656 ἀποῦιώσω,

945 665 976 692 Ὀ
991 665 1150 703 Νικηφόρῡς
1164 662 1232 691 ἔστω
1251 675 1302 701 μου
1317 667 1365 692 τοῦ
1382 665 1444 702 βίου
1459 665 1646 703 κληρονόμος.

944 709 974 735 Τί
987 708 1042 736 ἐστι
1058 707 1250 747 φιδεκόμισσον
1266 708 1311 736 liv
1326 719 1367 740 τις
1384 709 1456 736 οὕτω
1473 709 1547 747 εἷ’πῃ,

943 754 1194 788 Ἀποκατάστησον,
1212 754 1262 788 υἱὲ,
1278 756 1318 790 τῷ
1334 753 1399 781 δεῖνι
1415 753 1478 781 τόδε
1492 757 1614 792 πρᾶγμα,

945 799 983 826 Τὸ
1001 797 1029 824 δὲ
1044 808 1074 835 γε
1089 795 1283 836 φιδεκόμισσον
1298 799 1329 825 τὸ
1344 800 1404 830 καθ’
1420 797 1509 835 ὁμάδα
1527 801 1620 834 τοῦτο,

945 846 1034 870 Πᾶσαν
1050 842 1271 878 ἀποκατάστησον
1287 843 1335 877 τὴν
1353 843 1420 880 ἰμὴν
1437 843 1526 880 τούτῳ
1541 847 1646 879 κτῆσιν.

946 888 989 914 Ἐν
1007 886 1123 924 διαθήκῃ
1141 888 1279 925 ἄχρηστον
1301 886 1390 918 οὐδιὶς
1405 888 1592 926 κληρονομίαν

946 933 988 960 Ἑν
1005 931 1186 962 κωδικὲλλοις
1205 929 1321 969 βεϐαιοῖ,
1339 931 1416 968 δόξαν
1435 932 1505 960 οὕτω
1518 935 1557 968 τῷ
1572 933 1661 969 νόμῳ.

945 977 1000 1013 Πρὸ
1017 975 1045 1004 δὲ
1061 975 1251 1007 διατυπώσεως
1267 976 1434 1004 κωδίκιλλοι
1454 978 1612 1015 γραφέντες,

945 1020 1018 1048 Μιτά
1031 1021 1081 1055 τήν
1098 1019 1262 1048 διατύπωσιν
1280 1021 1304 1047 εἷ’
1321 1021 1358 1057 μὴ
1379 1019 1575 1058 βεϐαιωθῶσιν,

945 1065 1027 1094 Οὐδὲν
1045 1064 1115 1096 ὀλως
1133 1065 1273 1102 ἰσχύουσιν
1291 1064 1381 1102 ὥσπερ
1398 1066 1574 1102 ήθετημὲνοι.

943 1110 1275 1147 Ἐπίτροποςρπιτροπῆς
1290 1110 1439 1145 παυθείσης
1457 1109 1529 1137 διδοῖ
1543 1110 1652 1145 τόκους,

945 1154 1048 1192 Μὲχρις
1065 1154 1094 1181 ἂν
1111 1153 1308 1192 ἰλλογιστεύθη
1324 1155 1358 1182 τὰ
1372 1157 1422 1189 τῆς
1439 1155 1615 1192 ἐπιτροπίας.

945 1198 1108 1235 Ἐπίτροπος
1124 1199 1290 1235 ὠνούμενος,
1302 1200 1444 1235 προσώπῳ
1463 1201 1628 1238 παρενθέτῳ,

944 1243 1002 1271 Οὐκ
1016 1242 1072 1280 ἔχει
1088 1243 1137 1278 τήν
1155 1243 1284 1278 ἐξώνησιν
1299 1247 1358 1274 τοῖς
1373 1244 1471 1281 νόμοις
1495 1243 1664 1282 ἐρρωμένην.

944 1288 978 1315 hi’
993 1288 1040 1323 μὲν
1059 1289 1125 1324 μετὰ
1138 1289 1318 1325 προκάταρξιν
1333 1292 1382 1324 τῆς
1396 1289 1463 1316 κατὰ
1479 1287 1613 1324 διαθήκης

944 1333 1082 1369 Μὲμψεως
1098 1333 1115 1366 ἡ
1135 1331 1259 1364 διάλυσις
1273 1330 1392 1370 προϐαίη
1409 1333 1477 1360 κατὰ
1490 1334 1605 1369 νόμους,

944 1378 1011 1414 Ἔχε
1025 1377 1074 1411 τήν
1093 1375 1257 1404 διατύπωσιν
1273 1376 1386 1408 τελείως
1402 1377 1572 1415 ἐρῥωμένην.

944 1422 973 1448 'U
988 1421 1062 1458 παρὰ
1077 1421 1205 1458 γυναικός
1220 1432 1293 1452 τινος
1307 1422 1441 1453 υἱοθεσίαν
1459 1420 1543 1459 ἔχων,

944 1466 1009 1494 Καθ’
1025 1465 1061 1492 ὧν
1077 1466 1144 1500 αὐτή
1163 1464 1264 1493 διέθετο
1279 1469 1362 1494 κινεῖν
1380 1466 1428 1494 οὐκ
1444 1466 1572 1504 ἱξισχόει,

1562 1512 1645 1540 Vers.
1659 1511 1671 1540 4
1677 1512 1730 1540 332

57 1610 84 1638 si
102 1609 237 1638 maritum
252 1611 368 1646 inopem
386 1612 447 1638 ﬁeri
464 1611 569 1645 videat,
588 1611 669 1639 illius
689 1612 885 1640 substantiam
902 1617 923 1650 ρ
942 1612 1041 1640 omnia
1056 1611 1182 1639 valeant.
1196 1611 1347 1639 Institutio
1363 1611 1569 1640 conditionalis
1588 1614 1643 1646 est,
1660 1612 1684 1640 si
1701 1611 1769 1648 quis

54 1657 198 1689 tanquam
237 1663 271 1681 ex
286 1655 448 1690 hypotheca
478 1655 534 1683 sibi
563 1656 680 1690 habere,
712 1664 768 1683 non
791 1656 886 1683 solum

58 1706 112 1734 pro
137 1698 215 1731 dote,
238 1699 289 1726 sed
316 1699 402 1727 etiam
428 1708 478 1736 pro
503 1701 696 1736 paraphernis
720 1703 748 1728 et
767 1700 887 1736 juribus

57 1743 252 1770 donationum
278 1744 536 1779 antenuptialium.
561 1747 623 1772 Non
650 1745 740 1779 patris
762 1753 887 1772 consen-

59 1795 123 1820 sus,
149 1787 199 1814 sed
226 1790 310 1815 actus
333 1788 492 1824 legitimus.
518 1790 623 1817 liberat
648 1790 740 1816 ﬁlium
758 1797 774 1816 a
793 1789 888 1824 patria

60 1833 216 1867 potestate.
240 1832 269 1858 Si
295 1835 361 1867 quis
386 1833 534 1860 naturales
559 1833 676 1868 liberos,
692 1836 720 1860 ot
742 1833 888 1869 legitimos

61 1875 180 1910 habeat,
193 1878 221 1903 et
233 1877 410 1904 naturalium
425 1877 583 1905 liberorum
598 1877 888 1910 materadhucvivat,

60 1920 118 1956 ipsi
136 1921 221 1947 matri
237 1922 266 1948 et
283 1922 346 1956 ejus
370 1923 553 1950 naturalibus
574 1922 687 1956 liberis,
712 1931 769 1949 non
794 1924 890 1957 potest

62 1964 230 1999 relinquere
255 1966 332 1993 ultra
356 1974 443 1994 unum
460 1967 577 1994 unciam
593 1975 598 1994 :
614 1967 637 1993 si
655 1975 720 1994 vero
741 1975 797 1994 non
814 1967 890 1994 exsi-

60 2012 142 2036 stant
166 2010 315 2038 naturales
342 2010 436 2044 liberi,
461 2012 510 2039 sed
537 2011 631 2038 solum
649 2011 822 2045 concubina,
840 2011 890 2038 illa

60 2060 160 2079 rerum
189 2053 252 2087 ejus
282 2053 434 2081 dimidiam
464 2054 580 2081 unciam
609 2054 735 2081 habeto:
770 2054 794 2082 si
821 2062 888 2081 vero

61 2105 158 2132 neque
182 2096 329 2132 legitimos
355 2098 472 2134 liberos,
499 2107 594 2134 neque
616 2101 752 2133 parentes
771 2098 889 2132 habeat,

61 2149 180 2169 omnem
196 2142 407 2176 substantiam,
425 2143 450 2170 si
463 2142 540 2176 velit,
554 2143 623 2170 {iliis
635 2142 818 2170 naturalibus
829 2142 888 2178 det,

61 2194 150 2213 nemo
180 2186 257 2213 enim
284 2187 438 2221 prohibet:
462 2187 487 2214 si
511 2194 578 2214 vero
604 2187 746 2214 decedens
776 2187 890 2222 aliquos

62 2231 286 2258 ascendentium
312 2231 427 2265 habeat,
450 2232 500 2259 det
515 2231 575 2259 illis
591 2231 750 2266 legitimam
767 2233 889 2266 partem,

62 2275 210 2310 reliquum
235 2283 302 2303 vero
328 2276 515 2303 naturalibus
541 2275 641 2303 liberis
658 2275 813 2309 relinquat.
835 2275 890 2302 Eu-

62 2319 180 2346 nuchus
205 2322 233 2347 et
257 2320 349 2354 spado
373 2321 468 2348 solum
497 2321 636 2356 adoptare
661 2322 795 2354 possunt,
818 2319 889 2346 illud

60 2364 141 2391 enim
168 2365 304 2391 caetratis
328 2367 356 2391 et
381 2365 494 2392 thlibiis
511 2364 694 2400 prohibetur,
715 2371 782 2390 nam
799 2363 889 2397 spado

64 2409 163 2443 potest
188 2408 261 2436 forte
287 2407 395 2436 liberos
422 2417 572 2444 generare.
604 2408 634 2436 Si
664 2408 732 2443 quis
762 2407 891 2443 legitime

63 2451 149 2488 prius
164 2453 374 2480 testamentum
395 2452 570 2487 condiderit,
587 2455 615 2479 et
630 2452 710 2479 aliud
727 2452 890 2479 secundum

64 2495 228 2530 scripserit,
246 2496 326 2531 prius
341 2505 377 2524 ne
391 2499 556 2533 rumpatur,
573 2496 630 2524 nisi
647 2499 713 2523 ante
728 2496 890 2523 secundum

61 2541 130 2576 jure
156 2541 246 2567 robur
271 2541 410 2569 obtineat.
440 2541 536 2569 Minor
560 2540 785 2576 quatuordecim
805 2540 892 2568 annis

64 2583 167 2611 testari
192 2593 249 2612 non
275 2587 381 2620 potest.
408 2585 470 2613 Non
501 2585 574 2613 dans
599 2584 725 2612 testibus
754 2584 892 2612 Viaticum

64 2628 238 2660 testimonii,
271 2629 350 2657 illico
374 2630 524 2665 jacturam
551 2629 728 2656 haereditatis
753 2629 891 2657 sustinet.

65 2673 134 2706 Qua!
157 2673 325 2708 cancellata,
341 2674 384 2701 vel
401 2674 495 2702 deleta
510 2675 591 2708 sunt,
608 2673 633 2701 si
649 2673 768 2709 quidem
783 2673 894 2701 sciente

65 2719 218 2752 testatore,
259 2718 379 2746 omnino
417 2718 501 2746 irrita
539 2718 617 2746 sint:
650 2718 674 2746 si
704 2726 771 2746 vero
810 2725 894 2746 secus

233 2782 361 2812 Parant.
386 2782 441 2812 Gs.
464 2781 582 2812 CXXII.

942 1657 981 1684 ita
997 1656 1117 1684 scribit:
1136 1656 1158 1683 si
1175 1656 1238 1691 ipse
1255 1664 1400 1683 annorum
1417 1656 1635 1692 quinquaginta
1650 1657 1769 1690 moriar,

942 1701 1124 1736 Nicephorus
1164 1700 1235 1727 mihi
1265 1700 1355 1728 haeres
1385 1703 1459 1728 esto.
1496 1701 1771 1729 Fideicommissum

942 1749 997 1778 est,
1028 1745 1051 1773 si
1081 1745 1148 1780 quis
1173 1744 1213 1771 ita
1243 1744 1326 1776 dixit,
1356 1753 1416 1771 rem
1445 1744 1507 1778 tali,
1537 1745 1587 1776 ﬁli,
1613 1745 1770 1772 restituito.

944 1788 1111 1816 Universale
1127 1797 1192 1816 vero
1211 1788 1277 1815 lidei
1294 1789 1486 1815 commissum
1500 1791 1543 1815 est
1555 1788 1639 1822 illud,
1653 1797 1771 1816 omnem

945 1841 1038 1861 meam
1056 1833 1253 1859 substantiam
1270 1832 1311 1859 illi
1329 1833 1484 1860 restituito.
1502 1833 1647 1860 lnutiliter
1672 1834 1772 1860 datam

942 1878 1117 1905 testamento
1135 1877 1345 1907 binreditatem,
1375 1885 1461 1903 nemo
1492 1876 1636 1904 codicillis
1665 1877 1771 1904 conﬁr-

945 1924 1014 1952 mat.
1040 1923 1082 1949 sic
1108 1921 1219 1956 placuit
1236 1921 1301 1955 legi.
1329 1920 1461 1948 Codicilli
1478 1921 1580 1956 scripti
1598 1924 1664 1949 ante
1680 1924 1770 1949 testa-

944 1968 1087 1999 mentum,
1124 1964 1179 1991 nisi
1211 1967 1312 2000 postea
1342 1967 1518 1992 testamento
1548 1965 1770 2000 conﬁrmentur,

944 2010 1059 2046 penitus
1076 2017 1132 2036 non
1149 2008 1255 2043 valent,
1274 2017 1306 2035 ac
1324 2009 1347 2035 si
1365 2009 1464 2044 scripti
1483 2017 1538 2036 non
1556 2011 1664 2037 essent.
1679 2010 1772 2037 Tutor

944 2055 1026 2082 ﬁnita
1049 2054 1140 2081 tutela
1165 2053 1215 2080 dat
1242 2061 1358 2086 usuras,
1386 2061 1444 2088 quo
1462 2061 1555 2088 usque
1569 2053 1666 2082 tutelas
1680 2054 1770 2081 ratio-

944 2108 995 2127 nes
1020 2099 1188 2126 reddiderit.
1214 2098 1306 2124 Tutor
1329 2105 1430 2125 emens
1446 2106 1506 2125 rem
1530 2098 1704 2134 pupillarem
1721 2107 1773 2134 per

944 2143 1146 2179 interpositam
1174 2150 1328 2177 personam
1346 2150 1403 2168 non
1426 2141 1514 2169 habet
1538 2142 1717 2178 emptionem
1731 2142 1773 2170 le-

944 2188 1029 2223 gibus
1055 2187 1231 2214 roboratam.
1262 2185 1340 2212 Licet
1363 2187 1428 2220 post
1451 2185 1511 2213 litis
1527 2186 1772 2214 contestationem

944 2232 1099 2259 transactio
1116 2239 1202 2265 super
1219 2229 1342 2264 quisrela
1359 2230 1395 2256 de
1406 2229 1568 2257 inofﬁcioso
1581 2231 1657 2258 facta
1669 2238 1771 2257 secun-

945 2277 1015 2303 dum
1039 2275 1118 2309 leges
1135 2274 1272 2309 procedat
1288 2276 1500 2300 testamentum
1517 2277 1615 2301 tamen
1645 2274 1769 2309 perfecte

945 2319 1049 2347 valeat.
1065 2320 1087 2345 A
1102 2318 1225 2345 muliere
1241 2318 1398 2353 adoptatus
1414 2320 1516 2345 contra
1531 2319 1595 2353 ejus
1610 2319 1773 2346 testamen-

945 2367 1007 2391 tum
1024 2362 1180 2398 quaarelam
1197 2370 1312 2389 movere
1328 2370 1383 2389 non
1402 2364 1508 2398 potest.
1521 2362 1615 2389 Tutor
1627 2363 1772 2390 bonorum

946 2407 1163 2443 possessionem
1180 2407 1276 2441 potest
1291 2409 1399 2441 petere,
1425 2406 1505 2433 nullo
1532 2407 1617 2434 modo
1640 2415 1706 2434 vero
1721 2415 1769 2434 re-

946 2452 1076 2487 pudiare.
1092 2451 1209 2478 Primus
1225 2450 1334 2485 gradus
1350 2459 1407 2477 non
1424 2453 1468 2477 est
1483 2451 1598 2485 generis
1622 2459 1655 2478 ex
1670 2451 1772 2487 latere,

946 2496 1027 2524 enlus
1051 2495 1129 2523 enim
1154 2494 1204 2522 ille
1228 2498 1272 2521 est
1287 2502 1388 2522 eorum
1404 2495 1453 2530 qui
1469 2503 1568 2530 supra,
1586 2498 1614 2522 et
1630 2496 1679 2531 qui
1696 2496 1774 2524 infra

947 2542 1034 2568 sunt:
1060 2547 1151 2574 supra
1175 2539 1293 2574 quidem
1322 2541 1469 2575 parentes,
1495 2539 1571 2566 infra
1592 2539 1693 2568 liberi:
1711 2549 1773 2568 am-

948 2586 1051 2612 borum
1074 2583 1166 2619 patris
1197 2585 1226 2610 et
1250 2582 1301 2610 filii
1327 2583 1436 2617 primus
1462 2585 1507 2610 est
1531 2584 1660 2618 gradus:
1690 2584 1774 2612 liberi

948 2629 1142 2665 praeferuntur
1177 2627 1207 2653 in
1232 2627 1443 2654 successione:
1475 2630 1610 2662 parentes
1638 2637 1704 2656 vero
1721 2637 1774 2664 po-

948 2674 1037 2700 tiores
1062 2674 1131 2699 sunt
1156 2671 1215 2698 illis
1240 2670 1289 2705 qui
1315 2678 1350 2697 ex
1375 2670 1462 2698 latere
1487 2671 1619 2704 veniunt,
1647 2673 1774 2708 exceptis

948 2717 1091 2745 fratribus
1129 2715 1314 2750 fratrumque
1354 2714 1440 2743 ﬁliis:
1470 2714 1512 2743 illi
1543 2716 1649 2750 quibus
1678 2718 1774 2752 partes

1577 2779 1612 2809 31
