1952 3052
72 123 157 155 1009

674 127 726 157 DE
750 127 952 160 ACTIONUM
975 129 1205 160 NOMINIBUS.

1708 130 1786 160 1010

71 190 204 228 εὖμαρῶς
234 191 326 228 γνοίη,
357 192 395 228 μή
434 191 561 228 γλώττης
601 190 766 221 διδασκάλου
798 194 884 232 τυχὼη

974 197 1174 232 [amationibus
1190 196 1293 232 ejectio
1318 199 1347 223 et
1369 196 1512 232 epobelia,
1527 197 1555 223 et
1571 196 1703 232 quaedam
1726 196 1785 224 alia

71 235 149 263 οὕτω
183 233 216 270 δὴ
253 236 296 263 καὶ
325 235 398 273 παρὰ
425 239 484 268 τοῖς
511 236 537 263 ἐν
568 237 720 269 πολιτείαις
751 240 903 275 ζητήμασιν

70 279 190 316 ἐξούλης
206 280 251 308 καὶ
275 277 425 315 ἐπωϐελία,
440 280 486 308 καὶ
514 280 578 309 ἄλλ’
602 280 668 310 ἅττα
696 282 816 319 ὀνόματα
844 286 902 316 τοῖς

69 325 139 362 παρ’
155 325 278 356 ἑκάσταις
292 327 346 353 τῶν
366 324 514 353 πολιτειῶν
529 326 682 364 γνώρισμα.

113 369 377 409 β’.Πεφιλοτίμηται
392 371 444 409 γὰρ
458 372 503 398 νῦν
520 372 588 407 ἡμῖν
606 372 643 407 μή
659 372 708 407 τὴν
725 371 901 412 δικογραφίαν

70 413 160 450 μόνην
178 413 352 449 ἐνδιίξασθαι,
369 414 442 442 ἀλλὰ
456 415 501 443 καὶ
521 414 548 442 εἷ’
567 426 593 443 τι
618 414 689 443 ἄλλο
713 415 800 454 ὄνομα
828 418 901 455 παρὰ

65 460 131 490 τοῖς
147 458 281 489 Ἀττικοῖς
310 459 423 494 σύνηθες
452 459 496 494 ἦν,
526 460 583 487 οἷον
613 461 646 487 τὰ
674 459 825 498 ἀπατούρια
854 461 899 488 καὶ

64 503 103 530 τὰ
134 501 318 542 ἄμφιδρόμια,
344 503 390 530 καὶ
420 504 445 530 οἱ
473 502 653 541 τιτραδισταὶ,
678 505 722 532 καὶ
751 505 782 532 τὸ
809 505 898 533 ἐπιτν

62 546 188 584 λιίωμα,
205 547 251 574 καὶ
274 547 288 574 ὁ
313 547 548 586 ἀπεψηφισμὲνυς,
564 548 598 575 τά
624 559 653 575 τι
682 549 827 586 ὑποφόνια,
852 550 896 576 καὶ

61 591 102 619 τὰ
117 590 299 630 ἀνδρολήψια.
316 592 360 619 καὶ
384 593 398 619 ὁ
420 592 509 630 Πάγος
521 593 534 620 ὁ
550 593 669 630 Ἄρειος,
684 593 729 620 καὶ
752 593 822 625 τίνες
849 593 895 630 μὲν

62 635 92 662 οἳ
108 633 214 670 ἕνδεκα,
229 635 300 667 τίνες
330 635 359 663 δὲ
389 636 413 663 oi
436 635 587 673 ἰπώνυμοι,
600 637 645 664 καὶ
669 636 718 664 ὅσα
747 636 820 665 ἄλλα
845 641 894 673 τῆς

61 680 195 716 τοιαύτης
210 681 312 720 πέφυκε
325 680 436 716 τάξεως.
452 680 540 709 Ἀλλὰ
559 682 667 719 πρῶτόν
695 693 727 720 γε
750 682 812 720 περὶ
840 685 894 711 τῶν

63 722 151 752 δικῶν
166 724 213 752 τὸν
227 724 310 762 λόγον
323 726 487 762 ποιήσομαι.

99 782 133 817 γ’.
149 778 184 806 Τὸ
199 777 228 806 δὲ
242 780 292 812 τῆς
308 777 385 814 δίκης
402 776 490 816 ὄνομά
503 779 558 807 ἐστι
581 780 628 816 μὶν
657 781 700 808 καὶ
727 782 784 808 οἷον
813 781 889 820 γένος

59 823 133 851 κατὰ
159 825 251 850 πασῶν
281 823 395 861 ἀγωγῶν
436 823 531 859 ἐπίσης
557 824 807 863 κᾱτηγορούμινον,
834 825 888 855 ἔστι

60 866 93 913 8‘s
122 868 165 895 καὶ
197 866 282 913 ἰδικδν
323 868 476 913 ὑποθέσεως
503 866 600 906 ὄνομα.
630 870 705 898 Ἑπεί
740 871 791 909 γὰρ
833 874 926 913 τῶνΒ

58 911 239 949 ἀδικημάτων
259 911 371 941 ἕκαστον
396 912 414 947 ἢ
443 912 576 950 δημόσιον
601 914 619 948 ἢ
643 913 780 943 ἰδιωτικὸν
802 916 886 956 utpo-

55 967 117 992 κεν,
133 957 150 992 ἡ
167 956 230 994 περὶ
244 959 298 984 τῶν
322 956 469 985 ἰδιωτικῶν
494 956 622 995 ἕγκλησις
652 958 712 995 δίκη
734 961 807 998 παρᾶ
829 964 887 993 τοῖς

56 1002 197 1032 Ἀττικοῖς
221 1000 342 1040 λέγεται,
358 1002 403 1029 καὶ
425 1003 456 1029 τὸ
484 1002 594 1039 τίμημα
621 1003 722 1040 ταύτης
750 1006 887 1043 ὁρίζονται

55 1047 86 1073 οἱ
103 1045 257 1081 δικάζοντες
274 1047 326 1074 ·οὖ
353 1047 405 1085 γὰρ
435 1047 606 1085 ἀνάγραπτόν
633 1047 687 1075 ἐστι
716 1049 747 1076 τὸ
776 1049 886 1088 μέτρον,

57 1089 125 1118 ἀλλ’
141 1091 167 1117 οἱ
183 1089 341 1123 διαιτῶντες
354 1092 424 1128 πρὸς
438 1092 470 1119 τὸ
496 1092 596 1120 ἑαυτῶν
615 1091 746 1130 βούλημα
772 1094 820 1125 τὰς
845 1106 887 1122 τι-

57 1136 158 1172 μήσιις
184 1136 202 1171 ἢ
230 1135 387 1175 ὑφαιροῦσιν
417 1136 434 1171 ἢ
461 1135 661 1175 προστιθέασιν.
678 1138 709 1166 Ἠ
741 1136 769 1165 δὲ
795 1140 886 1178 γραφή

53 1180 159 1216 τρόπον
184 1181 245 1208 τινὰ
267 1181 336 1218 πρὸς
362 1181 411 1215 τήν
429 1180 506 1217 δίκην
523 1180 749 1219 ἆντιδιέσταλται,
763 1184 807 1211 καὶ
826 1184 888 1222 περῖ

65 1223 207 1261 δημοσίων
251 1223 427 1261 ἀδικημάτων
463 1229 667 1264 κατηγορεῖται,
704 1228 762 1255 οἷον
802 1239 888 1267 παρα-

62 1267 219 1307 πρεσϐείας,
235 1269 400 1307 ἱεροσυλίας,
416 1269 460 1298 καὶ
480 1269 507 1298 εἷ’
517 1281 542 1298 τι
559 1270 631 1299 ἄλλο
651 1272 719 1309 πρὸς
741 1273 772 1300 τὸ
799 1272 887 1311 δημό-

62 1324 123 1341 σιον
139 1314 188 1348 τήν
202 1314 336 1353 ἀναφορὰν
360 1313 472 1353 ἔλαχεν.
489 1315 574 1344 Ἀλλὰ
593 1315 637 1343 καὶ
659 1318 677 1351 ἠ
701 1317 768 1345 κατὰ
794 1317 887 1355 νόμων

61 1358 226 1396 εἶσαγομὲνη
262 1358 307 1386 καὶ
341 1358 523 1398 ψηφισμάτων
561 1358 634 1396 δίκη,
660 1363 748 1401 γραφή
784 1363 888 1400 ὁμοίως

59 1403 281 1440 κατωνόμασται,
298 1403 352 1441 οὐχ
367 1404 462 1436 άπλῶς
479 1404 577 1441 οὕτως,
594 1404 666 1434 ἄλλα
686 1407 776 1446 γραφὴ
801 1418 887 1446 παρα-

58 1447 166 1484 νόμων,

98 1491 128 1521 δ.
147 1493 220 1521 Ἐπεὶ
238 1492 267 1521 δὶ
283 1494 321 1531 μὴ
337 1496 486 1529 τηνικαῦτα
501 1495 515 1522 ὁ
529 1495 615 1531 νόμος
637 1495 798 1533 ὑφήπλωτο,
814 1496 886 1525 ἀλλᾶ

56 1535 145 1565 τῶνδε
162 1538 209 1574 μὲν
236 1540 289 1566 τῶν
317 1539 520 1576 ἁμαρτημάτων
550 1541 678 1578 περιοχαί
707 1551 776 1572 τινες
805 1542 883 1577 ἦσαν,

56 1581 93 1609 τὰ
109 1580 137 1609 δὲ
152 1581 200 1609 οὐκ
224 1582 420 1622 ἆνεγέγραπτο,
436 1585 453 1619 ἡ
484 1583 547 1621 περΐ
569 1583 662 1612 καινοῦ
691 1596 762 1617 τινος
788 1585 883 1622 ἀδική-

60 1637 146 1663 ματος
162 1626 298 1665 εῐσαγωγή
315 1626 450 1664 δημοσίου
467 1628 570 1665 ὁμοίως
595 1629 639 1656 καὶ
667 1628 805 1658 ἰδιωτικοῦ
830 1631 882 1658 εἷσ-

58 1670 174 1709 αγγςλία
206 1671 427 1709 κατωνομάζετο.
452 1672 638 1711 Είσήγγιλλον
672 1673 700 1701 δὲ
724 1675 774 1709 τήν
804 1674 882 1711 δίκην

57 1716 128 1752 πρὸς
142 1716 191 1751 τήν
209 1716 313 1754 βουλὴν
325 1716 431 1749 esse";
448 1716 529 1746 ἄλλοι
545 1717 562 1753 ἢ
579 1719 605 1746 οἳ
620 1718 775 1755 πρυτάνεις.

900 1563 922 1597 ο

97 1769 124 1796 ε’.
142 1768 245 1804 Εύθύνη
272 1769 300 1797 δὲ
327 1770 400 1808 παρᾶ
426 1771 509 1798 ταῦτά
538 1771 608 1799 ἐστιν
637 1773 654 1806 ὴ
680 1772 747 1800 κατὰ
766 1775 819 1800 τῶν
844 1774 882 1809 μὴ

58 1813 149 1851 ὀρθῶς
166 1814 306 1852 ἀρχόντων
327 1818 376 1849 τῆς
401 1814 509 1846 πόλεως
533 1814 672 1854 ἔγκλησις.
689 1817 730 1845 Τὰ
758 1816 786 1845 δὶ
815 1819 883 1846 κατὰ

56 1858 162 1885 τούτων
186 1857 348 1896 δικαστήρια
371 1858 520 1897 κληροῦσιν
545 1861 570 1887 οἱ
594 1860 722 1898 λογισταί
740 1872 747 1878 '
768 1873 881 1900 κατηγο-

57 1905 102 1938 ρεῖ
130 1901 157 1930 δὲ
181 1903 195 1931 ὁ
226 1902 409 1941 βουλόμινος,
436 1905 481 1932 καὶ
518 1908 577 1936 τοῖς
615 1904 753 1939 δικασταῖς
780 1906 881 1945 ἐφεῖται

55 1947 188 1983 τιμᾶσθαι
201 1950 260 1980 τοῖς
275 1946 396 1977 ἁλοῦσιν.

95 1992 126 2023 ς’.
142 1991 171 2020 Εἰ
188 1990 217 2020 δέ
229 2003 270 2023 τις
285 1993 330 2020 τὸν
349 1992 532 2030 ὑπορύττοντα
552 1992 684 2031 δημόσιον
710 1996 846 2033 μέταλλον
862 1998 879 2033 ἦ

57 2033 190 2080 δημόσιον
221 2036 294 2068 οἶκος
317 2036 545 2074 ἐξιδιούμενον,ἤ
571 2042 661 2071 κακῶς
688 2041 879 2080 ἐπιτετροπευ-

55 2079 135 2125 κᾲότα,
161 2080 269 2118 ιΐσῆγιν
300 2082 338 2113 εἷς
366 2080 552 2120 δικαστήριον,
582 2085 596 2111 ὁ
624 2087 749 2117 τοιοῦτος
777 2079 879 2125 φαίνειν

56 2123 164 2161 ἐλέγετο
191 2126 237 2153 τὸν
261 2125 380 2154 ἁλόντα·
397 2127 442 2154 καὶ
466 2128 483 2162 ἡ
514 2126 574 2164 δίκη
599 2128 716 2162 ἐντεῦθεν
743 2123 880 2168 ἐπονομα-

57 2169 159 2206 ζομένη
176 2170 255 2209 φάσις
269 2171 493 2208 παρωνομάζετο.

95 2214 124 2248 ζ’.
141 2213 173 2241 Et
188 2213 217 2242 δέ
230 2226 271 2246 τις
287 2215 354 2243 κατὰ
366 2216 468 2252 νόμους
481 2216 606 2254 ἠτίμωτο
621 2218 880 2258 παραπρεσϐευκὼς,

56 2257 76 2304 ἢ
92 2259 286 2297 ἡταιρηκὼε,ἢ
305 2260 343 2296 μὴ
360 2260 499 2299 ὠφληκὼς
509 2264 550 2298 τῷ
565 2261 691 2301 δημοσίῳ
705 2257 736 2292 τὸ
752 2263 877 2304 ὄφλημα,

55 2302 75 2338 ἢ
90 2304 157 2331 κατὰ
171 2306 225 2348 τῶν
242 2303 458 2343 μετηλλαχότων
483 2304 584 2338 ἀδίκως
605 2308 693 2347 ἀφιεὶς
716 2302 878 2348 τήν-γλῶτ-

54 2357 115 2384 ταν,
132 2348 171 2379 εἷς
198 2347 372 2388 δικαστήριον
401 2349 492 2388 ἤγετο,
522 2351 630 2388 ἐνδείξει
663 2353 785 2381 ὑπέκειτο
803 2363 809 2370 ·
834 2354 879 2381 καὶ

55 2389 143 2428 ὄνομα
156 2394 191 2429 τῇ
206 2393 359 2432 κατηγορίᾳ
371 2395 389 2428 ἠ
404 2392 526 2430 ἔνδειξις.

91 2484 124 2516 η’.
142 2481 173 2510 Ἦ
190 2480 219 2509 δὶ
234 2481 370 2521 ἐφήγησις
387 2482 493 2511 ἐδίδοτο
508 2485 576 2512 κατὰ
594 2487 648 2513 τῶν
674 2485 877 2523 ὑποδεξαμένων

53 2526 101 2553 τὸν
118 2525 225 2564 φυγάδα
238 2529 289 2561 τῆς
313 2526 421 2559 πόλεως
434 2528 452 2563 ἢ
467 2531 521 2556 τῶν
545 2529 718 2568 κεκλοφότων
744 2530 880 2569 λαθραίως

51 2572 167 2607 πρᾶγμα
181 2569 214 2606 δη
220 2570 315 2607 μόσιον
321 2592 327 2599 .

88 2614 120 2642 θ’.
138 2615 204 2659 Ητρὶ
219 2613 454 2659 δὶλδιαψηφίσιως
477 2617 521 2644 καὶ
547 2618 741 2657 ἀποψηφίσεως
765 2619 809 2647 καὶ
834 2619 879 2659 ἐφ-

51 2657 135 2688 ἇσεως
151 2656 222 2685 οὕτω
244 2657 392 2696 διαιρετέον
415 2659 460 2688 καὶ
485 2656 674 2698 ἐρμηνευτέυν.
691 2662 781 2691 Φυλαί
808 2656 879 2695 τινες

51 2699 119 2746 ᾖσαν
147 2701 234 2730 πάλαι
260 2703 334 2741 παρὰ
360 2706 419 2736 τοῖς
445 2705 582 2737 Ἀττικοῖς
617 2707 662 2734 καὶ
692 2708 806 2746 φράτραι
834 2708 879 2735 καὶ

53 2744 137 2790 δῆμοι
153 2746 199 2774 καὶ
217 2747 351 2784 τριττύες,
367 2749 412 2788 ἀφ’
428 2750 464 2777 ὧν
489 2750 533 2778 καὶ
550 2751 564 2777 ὁ
579 2744 801 2790 πρώτως-ἔρξας
829 2756 879 2787 τῆς

61 2789 161 2827 Ρώμης
188 2792 238 2826 τήν
262 2793 462 2831 καθισταμένην
496 2794 559 2833 παρ’
582 2794 665 2823 αὐτοῦ
701 2795 783 2825 πόλιν
820 2794 879 2824 ἐκό-

960 241 1081 268 nomina
1096 240 1133 268 iis
1149 240 1199 276 qui
1210 240 1239 267 in
1252 240 1377 276 singulis
1393 240 1481 268 rebus
1490 239 1617 276 politicis
1627 242 1782 268 versantur

958 285 1123 314 notissima.

990 376 1017 401 2.
1035 374 1209 403 Curavimus
1225 374 1303 402 enim
1320 382 1355 402 ne
1374 374 1522 402 actionum
1549 373 1776 410 descriptionem

955 418 1141 447 solummodo
1158 419 1444 453 ostenderemus,sed
1458 421 1486 446 et
1499 418 1555 446 alia
1566 419 1686 446 nomina
1699 418 1777 454 apud

956 463 1067 491 Atticos
1082 466 1234 501 usurpata,
1246 466 1278 491 ut
1293 466 1363 492 sunt
1376 466 1511 499 apaturia
1521 466 1549 492 et
1560 463 1777 499 amphidromia

953 510 981 536 et
996 508 1167 543 tetradistas,
1189 510 1218 536 et
1241 508 1426 544 epiteleioma
1439 510 1467 536 et
1482 508 1773 544 apepsephismenos,

952 554 980 580 et
992 552 1182 589 hypophonia
1198 555 1225 581 et
1236 553 1431 588 androlepsia,
1447 556 1475 580 et
1486 555 1655 589 Areopagus
1669 554 1698 580 et
1713 552 1775 588 qui-

951 605 1020 624 nam
1037 599 1136 624 essent
1150 598 1262 631 decem,
1278 597 1400 632 quinam
1415 597 1562 633 eponymi,
1579 600 1608 624 et
1631 605 1770 633 quacun-

950 650 1007 678 que
1022 641 1078 670 alia
1098 643 1187 677 hujus
1204 642 1316 670 ordinis
1333 644 1412 670 sunt.
1428 642 1484 670 Sed
1510 642 1604 678 primo
1629 642 1665 670 de
1680 641 1771 669 actio-

949 686 1036 714 nibus
1052 687 1139 715 verba
1155 687 1271 714 faciam.

979 786 1006 813 3.
1021 785 1150 813 Actionis
1166 793 1272 813 nomen
1288 787 1333 813 est
1347 787 1489 821 tanquam
1506 784 1674 821 genericum
1690 793 1765 812 cun-

944 829 1467 865 ctisinstitutionibusaltributum,et
1477 831 1521 857 est
1533 828 1685 865 proprium
1698 837 1764 865 pro-

943 874 1098 910 positionis
1110 882 1228 902 nomen.
1245 874 1389 910 Posquam
1409 873 1486 902 enim
1506 873 1640 909 quaedam
1656 873 1765 908 injuria

942 918 1002 946 sive
1018 918 1145 955 publica,
1170 919 1230 946 sive
1245 918 1358 953 privata
1378 918 1507 946 admissa
1522 920 1576 952 est,
1594 917 1629 945 de
1644 917 1765 953 privatis

942 963 1109 991 criminatio
1124 963 1198 991 actio
1215 963 1292 998 apud
1307 961 1419 990 Atticos
1439 962 1620 996 nominatur,
1641 962 1764 997 ejusque

942 1015 1057 1043 pamam
1074 1007 1465 1042 determinantjudicantes;
1482 1015 1572 1042 paene
1588 1006 1666 1034 enim
1682 1014 1764 1034 men-

942 1061 1013 1080 sura
1025 1051 1053 1079 in
1071 1054 1136 1080 acta
1151 1051 1267 1087 publica
1283 1059 1341 1079 non
1352 1051 1496 1079 translata
1519 1051 1634 1078 fuitsed
1647 1050 1703 1086 ipsi
1714 1050 1762 1085 ju-

943 1097 1022 1124 dices
1037 1105 1088 1132 pro
1101 1096 1221 1124 arbitrio
1237 1095 1296 1124 sive
1310 1096 1448 1123 minuunt
1463 1095 1522 1122 sive
1532 1095 1689 1130 adaugent.
1705 1095 1761 1122 Ac-

943 1141 1054 1169 cusatio
1061 1144 1158 1169 autem
1170 1140 1429 1177 quodammodoab
1438 1139 1551 1168 actione
1561 1138 1763 1175 distinguitur,

943 1188 971 1214 et
987 1186 1100 1221 injurias
1116 1185 1238 1222 publica:
1254 1185 1406 1213 occasione
1419 1185 1515 1212 locum
1528 1184 1624 1218 habet,
1637 1185 1669 1212 ut
1687 1182 1764 1211 male

943 1234 1033 1267 gestae
1050 1230 1217 1266 legationis,
1228 1229 1406 1266 templorum
1421 1228 1604 1264 spolationis,
1615 1230 1645 1255 et
1655 1228 1679 1255 si
1691 1227 1762 1263 quid

944 1275 1022 1304 aliud
1039 1276 1075 1304 ad
1088 1275 1228 1312 populum
1240 1274 1369 1302 delatum
1382 1273 1537 1302 fuerit.Sed
1551 1272 1625 1300 actio
1636 1272 1672 1300 ob
1684 1272 1762 1308 leges

943 1324 994 1349 aut
1008 1322 1124 1348 decreta
1137 1320 1245 1348 violata
1259 1319 1390 1353 inducta,
1401 1317 1536 1346 similiter
1551 1317 1699 1357 accusatio
1711 1325 1762 1345 no-

943 1365 1056 1393 minata
1071 1367 1127 1397 est,
1138 1372 1196 1392 non
1207 1363 1383 1399 simpliciter
1392 1363 1522 1398 quidem,
1543 1362 1594 1390 scd
1615 1361 1761 1389 accusatio

941 1411 1060 1446 propter
1074 1408 1196 1437 violatas
1211 1408 1300 1444 leges.

976 1499 1003 1526 4.
1019 1498 1139 1530 Quando
1165 1499 1262 1525 autem
1289 1505 1346 1524 non
1375 1496 1421 1523 lex
1448 1496 1598 1523 substrata
1621 1497 1693 1528 erat,
1710 1495 1760 1522 sed

942 1543 1064 1579 quidam
1081 1542 1311 1570 admittebantur
1322 1541 1474 1577 culparum
1491 1539 1630 1573 ambitus,
1644 1539 1761 1574 quinon

941 1586 971 1614 in
988 1589 1052 1614 acta
1061 1586 1211 1622 publicata
1220 1585 1303 1613 relati
1313 1583 1631 1619 fuissent,introductio
1640 1583 1675 1610 de
1687 1591 1761 1610 nova

938 1631 1047 1667 injuria
1058 1631 1117 1659 sive
1130 1630 1247 1666 publica
1255 1630 1315 1658 sive
1328 1629 1440 1666 privata
1459 1627 1643 1656 annuntiatio
1664 1627 1760 1655 nomi-

939 1675 1074 1703 nabatur.
1089 1674 1238 1702 Actionem
1259 1676 1357 1702 autem
1374 1674 1409 1701 ad
1426 1672 1581 1701 consilium
1597 1672 1761 1700 annuntia-

938 1720 1005 1747 banl
1022 1719 1075 1747 soli
1093 1722 1240 1755 prytanea.

972 1774 1000 1800 5.
1017 1772 1290 1800 Administrationis
1305 1774 1403 1798 autem
1429 1770 1504 1798 ratio
1531 1772 1576 1798 est
1596 1772 1697 1798 contra
1712 1778 1762 1798 eos

938 1817 987 1853 qui
1005 1817 1079 1844 male
1091 1817 1300 1844 administrant
1311 1815 1392 1843 urbis
1407 1814 1761 1843 criminatio.Tribunaiia

936 1870 1003 1889 vero
1020 1862 1048 1889 in
1064 1870 1114 1889 eos
1129 1862 1285 1889 etformant
1305 1860 1435 1896 logistas;
1456 1861 1576 1887 accusat
1591 1859 1759 1894 quicunque

937 1905 1009 1940 vult;
1025 1909 1054 1933 et
1064 1905 1217 1941 judicibus
1233 1905 1395 1933 remittitur
1409 1906 1440 1932 ut
1451 1912 1516 1931 reos
1532 1903 1668 1939 puniant.

970 1997 997 2024 6.
1023 1995 1052 2023 Si
1068 1995 1135 2031 quis
1164 1997 1261 2023 autem
1282 2001 1350 2022 eum
1366 1993 1416 2030 qui
1438 1992 1588 2029 publicum
1604 1991 1756 2020 metallum

935 2040 1055 2068 suffodit
1068 2040 1111 2068 vel
1134 2039 1286 2076 publicum
1307 2038 1462 2066 aediﬁcium
1479 2037 1535 2066 sibi
1559 2037 1698 2071 vindicat,
1713 2036 1758 2064 vel

934 2085 1057 2113 tutelam
1067 2084 1286 2120 malegessit,in
1298 2083 1427 2111 tribunal
1448 2082 1580 2116 adduxit,
1590 2081 1638 2109 ille
1649 2081 1758 2109 dicitur

934 2138 1016 2157 reum
1035 2129 1231 2163 manifestare;
1246 2131 1275 2156 et
1283 2137 1316 2156 ea
1324 2128 1398 2156 actio
1412 2128 1480 2155 inde
1491 2128 1678 2162 nuncupatur
1693 2134 1757 2154 ma-

935 2174 1082 2202 nifestatio

969 2219 996 2245 7.
1013 2218 1041 2245 Si
1058 2218 1123 2253 quis
1137 2221 1234 2245 autem
1247 2218 1408 2246 secundum
1421 2217 1500 2252 leges
1509 2217 1650 2244 dedecore
1660 2215 1755 2243 afﬁce-

934 2265 1015 2291 retur
1026 2262 1103 2290 male
1126 2265 1213 2298 gestae
1238 2262 1393 2298 legationis
1405 2270 1495 2289 causa
1505 2263 1557 2288 aut
1569 2259 1755 2296 prostitutio-

934 2307 992 2342 nis,
1009 2310 1059 2334 aut
1071 2315 1127 2334 non
1144 2306 1245 2334 solutze
1257 2307 1357 2334 aerario
1373 2305 1483 2339 multis,
1499 2305 1543 2333 vel
1565 2306 1666 2332 contra
1690 2312 1754 2339 per-

934 2354 1084 2380 mutantes
1100 2351 1217 2387 injustas
1233 2351 1323 2385 vocis,
1335 2354 1364 2378 et
1383 2351 1413 2378 in
1433 2348 1562 2378 tribunal
1587 2349 1756 2382 duceretur,

933 2395 1105 2424 indicationi
1134 2396 1321 2431 subjacebat;
1342 2397 1370 2423 et
1384 2395 1474 2430 hujus
1489 2392 1686 2422 accusationis
1701 2401 1755 2420 no-

934 2448 1001 2467 men
1017 2441 1080 2468 erat
1094 2439 1244 2467 iudicatio.

969 2484 995 2511 8.
1013 2484 1157 2511 Adductio
1173 2483 1299 2511 dabatur
1314 2484 1414 2510 contra
1434 2490 1483 2510 eos
1507 2481 1555 2516 qui
1570 2480 1698 2509 exsulem
1714 2480 1755 2507 ci-

934 2528 1035 2556 vitatis
1061 2530 1240 2564 receperant,
1266 2527 1310 2556 vel
1326 2527 1400 2555 clam
1418 2535 1479 2555 rem
1496 2526 1640 2562 publicam
1657 2525 1753 2552 subri-

935 2575 1069 2609 puerant.

969 2618 995 2645 9.
1014 2618 1053 2645 De
1070 2617 1237 2645 recensione
1252 2618 1281 2644 et
1291 2616 1448 2652 rejectione
1461 2618 1490 2644 et
1500 2615 1705 2651 provocatione
1715 2614 1757 2642 sic

935 2662 1178 2698 distinguendum
1191 2663 1219 2688 et
1230 2660 1434 2697 explicandum
1446 2660 1610 2688 est.Tribus
1623 2659 1756 2696 quaedam

935 2708 1013 2743 apud
1027 2706 1136 2734 Atticos
1148 2708 1271 2734 erantet
1286 2705 1374 2733 curiae
1396 2707 1425 2733 et
1440 2705 1518 2733 demi
1541 2707 1569 2733 et
1594 2705 1753 2737 terniones,

935 2759 1061 2787 quarum
1092 2751 1125 2778 ad
1158 2750 1324 2786 exemplum
1354 2750 1469 2786 primus
1497 2750 1546 2786 qui
1576 2749 1672 2776 Romae
1700 2747 1754 2773 im-

934 2796 1047 2833 peravit
1062 2796 1214 2824 fundatam
1230 2796 1265 2823 ab
1287 2794 1352 2831 ipso
1370 2795 1470 2822 urbem
1487 2793 1625 2822 instituit.
1651 2791 1753 2818 Demo-
