1952 3052
174 109 246 138 1011

176 221 275 254 natus,
298 219 374 246 unde
399 219 477 246 cives
506 221 534 246 et
563 218 791 246 nominabantur
805 217 953 245 Acharncs
969 220 997 244 et

177 262 334 297 Eleusinei;
350 265 378 290 et
394 263 422 289 in
439 263 584 290 columnis
597 262 785 290 versatilibus
801 263 907 290 civium
923 262 998 289 asci-

177 310 273 334 torum
291 307 666 335 nominainscribebantur.
679 307 713 334 Et
724 307 749 334 si
760 307 826 342 quis
839 307 998 342 inscriptus

177 351 393 388 peregrinitatis
409 352 600 387 arguebatur,
616 360 681 379 eum
695 351 874 379 accusabant
890 351 939 386 qui
951 359 1000 378 su-

176 395 380 430 spicabantur,
391 398 420 422 et
439 395 499 422 hac
515 395 662 422 accusatio
678 397 740 422 erat
761 394 900 422 recensio.
924 394 958 422 Et
975 393 999 421 si

176 439 261 475 plura
276 439 417 475 suifragia
433 439 611 466 recensitum
620 438 816 474 expellebant,
827 438 886 466 hazc
897 438 998 474 expul-

176 484 219 510 sio
236 483 352 518 rejectio
367 484 532 511 dicebatur.
556 484 585 510 Si
611 485 710 510 autem
735 483 861 518 rejectus
876 491 893 510 a
907 482 1000 510 demis

176 529 210 554 ad
236 536 392 555 commune
419 527 550 555 tribunal
579 527 822 560 transferebatur,
845 534 1000 563 provocare

176 573 347 605 dicebatur,
377 574 406 600 et
435 580 469 599 ea
497 571 653 600 translatio
681 571 848 607 provocatio
865 571 1000 598 nomina-

176 617 271 644 batur.

214 662 256 688 10.
273 660 327 693 Qui
352 663 449 688 autem
475 660 592 696 aliquod
621 669 730 688 munus
755 660 907 696 publicum
923 659 1002 688 subi-

179 706 260 740 bant,
290 705 339 740 qui
368 705 479 733 triremi
507 708 651 741 praerant
675 705 721 732 vel
751 705 906 732 aediﬁcium
931 713 1000 732 con-

177 750 341 782 struebant,
368 749 500 777 muneris
523 750 568 777 sui
595 752 712 785 tempus
736 749 999 785 procrastinabant,

178 796 364 822 accusatores
377 794 437 821 illis
459 793 701 830 disceptationem
719 801 834 821 movere
849 793 1001 821 existima-

177 839 295 866 bantur.

214 882 256 910 11.
273 882 452 918 Objectionis
468 885 565 910 autem
591 885 620 910 et
640 890 692 918 per
707 882 1002 918 suﬁ‘ragiaEcondem-

177 926 305 954 nationis
316 926 377 954 haec
393 926 621 954 estdiﬂ‘erentia.
634 927 765 963 Objectio
777 927 810 954 ﬁt
825 927 861 954 de
875 926 1002 962 cognitis

178 971 306 998 accusati
324 970 458 1006 injuriis;
469 971 675 999 condemnatio
691 975 787 999 autem
812 973 856 999 est
870 979 1003 998 commu-

176 1016 221 1043 nis
237 1015 369 1051 suﬂ‘ragii
384 1015 483 1052 populi
500 1018 600 1043 contra
613 1024 679 1043 eum
698 1015 867 1043 declaratio.

214 1071 256 1097 12.
274 1070 448 1098 Intentionis
459 1069 593 1104 depulsio
609 1072 637 1097 et
647 1069 779 1105 exceptio
787 1069 914 1097 multum
927 1069 1003 1097 inter

178 1122 210 1141 se
225 1114 375 1142 diti‘erunt.
389 1114 825 1149 Discretioenimjudicantium
838 1114 1003 1141 communis

178 1159 214 1185 de
229 1167 260 1186 re
277 1159 407 1186 nondum
424 1159 460 1186 ad
475 1158 604 1186 tribunal
619 1158 798 1190 introducta,
813 1158 1003 1186 estintentio-

178 1202 225 1230 nis
240 1203 456 1238 depulsio;quaa
468 1205 566 1230 autem
583 1203 616 1230 fit
631 1203 666 1230 de
683 1211 713 1230 re
729 1203 963 1238 rebusjudicatis
974 1205 1003 1230 et

178 1247 341 1275 secundum
356 1246 435 1283 leges
451 1247 649 1283 pronuntiatis
673 1247 803 1274 secunda
824 1248 960 1275 tractatio
975 1249 1004 1275 et

178 1291 323 1319 discussio
340 1294 460 1319 vocatur
468 1292 608 1326 exceptio.
623 1291 760 1327 Excipere
772 1294 870 1319 autem
885 1292 1003 1327 permit-

177 1336 249 1363 titur
264 1336 300 1363 iis
317 1335 367 1372 qui
383 1336 418 1363 de
434 1344 467 1363 eo
483 1335 613 1363 accusati
637 1338 708 1363 sunt
736 1336 813 1371 quod
844 1336 925 1363 nulla
940 1336 1003 1372 lege

178 1382 323 1408 statutum
340 1382 396 1408 est.

215 1470 257 1497 13.
270 1469 352 1497 Actio
369 1478 427 1497 non
444 1469 544 1505 scripti
561 1469 628 1497 talis
644 1471 716 1497 erat.
741 1469 853 1497 Tabula
874 1470 1003 1506 singulo-

179 1523 245 1541 rum
261 1514 455 1542 tribunalium
483 1514 586 1549 parieti
603 1513 719 1541 cuidam
744 1514 959 1550 applicabatur,
975 1517 1004 1542 et

178 1559 242 1594 ejus
254 1558 303 1593 qui
332 1567 365 1586 ex
391 1560 538 1587 sententia
563 1559 680 1594 publico
705 1559 807 1587 azrario
823 1559 947 1587 debebat
962 1559 1002 1586 ibi

180 1611 286 1630 nomen
315 1603 490 1638 inscriptum
521 1606 594 1636 erat,
611 1605 640 1630 et
665 1604 747 1638 juxta
776 1612 883 1631 nomen
913 1603 1003 1631 debiti

180 1647 339 1682 quantitas.
358 1647 387 1674 Si
404 1647 472 1682 quis
488 1650 586 1675 autem
611 1648 720 1675 debens
738 1650 766 1675 et
783 1648 943 1683 inscriptus
958 1648 1003 1675 in-

180 1691 368 1726 scriptionem
382 1691 457 1719 clam
471 1691 658 1726 abolevisset,
675 1692 764 1728 hujus
778 1692 870 1728 culpa:
883 1701 948 1720 rcus
959 1701 1004 1720 ac-

182 1736 261 1762 tione
276 1744 333 1762 non
350 1735 452 1772 scripti
463 1737 667 1764 accusabatur.

216 1780 259 1807 14.
277 1779 329 1811 Qui
342 1780 465 1807 fundum
482 1783 532 1808 aut
556 1781 676 1808 domum
703 1790 737 1808 ex
759 1781 1001 1810 condemnatione

178 1824 360 1859 excipiebant
375 1832 426 1860 per
442 1825 589 1852 interdicti
605 1825 747 1853 actionem
765 1826 1001 1853 accusabanteos

178 1868 228 1904 qui
241 1869 322 1904 ipsos
333 1868 401 1896 inde
409 1868 589 1904 expulerant.
601 1870 734 1898 Priscum
751 1873 779 1897 et
792 1871 918 1897 Atticum
936 1879 1000 1898 ver-

173 1913 244 1940 bum
257 1915 301 1940 est
312 1921 418 1945 arcere,
431 1914 508 1948 quod
518 1914 626 1948 posteri
642 1914 670 1941 in
683 1915 810 1942 Griecum
826 1915 920 1951 magis
934 1923 999 1943 ver~

175 1958 245 1985 bum
264 1960 463 1992 mutaverunt,
489 1966 593 1994 nempe
617 1957 727 1994 ἐξελεῖν,
742 1959 770 1987 id
796 1962 840 1987 est
857 1959 999 1987 institutis

174 2002 328 2038 expellere.

210 2047 252 2074 15.
270 2047 297 2074 Si
314 2047 381 2082 quis
402 2049 500 2075 autem
526 2054 630 2075 servus
654 2048 741 2076 ﬁebat
766 2048 939 2076 insidiarum
956 2048 998 2076 le-

171 2090 283 2127 gitimis
294 2091 423 2119 dominis
439 2099 518 2126 reus,
539 2092 737 2120 derelictionis
749 2094 824 2121 actio
842 2102 875 2121 ea
891 2101 936 2121 res
949 2101 998 2121 no-

173 2136 352 2163 minabatur.

207 2180 252 2208 46.
271 2180 340 2208 Litis
356 2180 521 2216 antiquatio
538 2181 573 2209 ab
590 2181 703 2210 actione
731 2182 864 2210 liberalia
879 2182 997 2209 diceba-

172 2227 238 2259 tur;
256 2227 287 2252 ut
302 2226 331 2252 et
346 2224 499 2252 dicebatur
520 2225 644 2253 actionis
671 2227 795 2254 cessatio
819 2227 996 2254 condemna-
1013 2229 1036 2261 Β

171 2269 410 2297 tionisindicatio
426 2269 455 2297 in
473 2270 595 2306 privatis
613 2270 723 2299 litibus.

207 2322 250 2350 17.
267 2323 417 2350 Actionem
430 2323 560 2350 obtinere
572 2326 634 2350 erat
646 2324 727 2359 prius
737 2332 889 2359 accusare;
906 2325 995 2352 actio-

172 2376 238 2395 nem
255 2372 349 2395 contra
364 2368 485 2395 obnnere
495 2370 558 2395 erat
574 2368 754 2395 recriminari
765 2369 881 2396 :sortito
897 2372 994 2396 autem

173 2411 302 2439 dividere
319 2412 355 2439 de
371 2412 538 2440 actionibus
566 2420 624 2440 non
646 2413 763 2445 dicitur,
780 2414 828 2440 sed
841 2414 876 2441 de
896 2421 994 2440 rerum

173 2455 390 2483 distributione.

207 2500 251 2526 18.
268 2500 410 2531 Quoniam
427 2502 524 2527 autem
541 2501 619 2536 apud
636 2501 745 2529 Atticos
757 2502 920 2538 antiquitus
932 2511 994 2531 mos

170 2546 233 2571 erat
249 2543 278 2570 in
291 2543 488 2572 tribunalibus
501 2547 873 2581 accusantesjurejurando
887 2548 993 2575 conﬁr-

171 2597 250 2616 mare
277 2596 360 2615 suam
392 2590 608 2617 accusationem
638 2599 702 2618 esse
727 2599 824 2619 veram
840 2594 868 2619 et
881 2600 946 2620 ῐιθοε
962 2601 993 2619 se

171 2632 283 2660 nullum
294 2632 398 2660 falsum
408 2635 527 2662 verbum
539 2634 573 2661 iis
580 2635 766 2670 opposituros
775 2643 992 2669 esse,accusan-

172 2677 445 2712 tisjurejurandum
464 2678 608 2706 diomosia
630 2679 792 2713 dicebatur,
807 2681 873 2715 ejus
893 2684 990 2708 autem

173 2721 223 2758 qui
253 2729 284 2748 se
314 2721 475 2753 defendent.
493 2723 668 2750 antomasia.
693 2724 722 2751 Si
737 2732 804 2752 vero
823 2725 913 2760 judex
928 2726 992 2761 ipse

173 2768 240 2803 post
252 2774 300 2793 eos
316 2766 526 2801 jusjurandum
545 2767 712 2801 praestabat,
731 2770 825 2796 totum
839 2768 908 2796 illud
926 2778 991 2797 am-

841 106 1048 138 MICBAELXS
1070 106 1206 137 PSELLI

173 182 239 201 rum
252 182 329 202 unus
339 173 889 210 quidemAcharneus,alterEleusinius
901 173 993 201 nomi-

1087 181 1147 206 .1352.
1166 172 1227 200 Τῶν
1257 170 1286 198 δὲ
1316 170 1412 207 δήμων
1443 171 1457 198 ὁ
1484 170 1531 206 μέν
1558 181 1600 201 τις
1629 169 1796 208 Ἀχαρνεὺς,
1813 169 1829 195 ὁ
1860 169 1885 195 δὲ

1803 103 1882 134 1012

1861 167 1879 176 α.

1053 215 1217 246 Ἐλευσίνιος
1234 215 1440 251 κατωνόμαστο,
1456 214 1500 253 αφ’
1523 215 1561 242 ὧν
1584 215 1612 241 οἱ
1640 213 1760 251 δημόται
1791 223 1883 251 παρω-

1052 260 1144 296 νύμως
1169 261 1395 297 κατωνομάζοντο
1421 260 1565 298 Ἀχαρνεῖς
1587 260 1604 295 ἧ
1635 259 1802 288 Ἐλευσίνιοι
1818 268 1824 274 ’
1843 259 1883 285 κειῖ

1052 305 1126 342 παρὰ
1140 307 1199 335 ταῖς
1215 302 1324 342 κύρϐεσι
1348 304 1381 332 τὰ
1403 306 1456 331 τῶν
1481 303 1729 341 δημοποιουμὲνων
1759 303 1883 339 ὀνόματι

1053 349 1245 388 ἆνεγράφοντο.
1265 349 1298 377 Ei.
1315 348 1343 376 δέ
1364 359 1405 379 τις
1430 348 1591 388 ἀναγραφεὶς
1612 347 1674 383 ἥλω
1701 349 1803 384 ξενίας,
1822 358 1884 374 κατ-

1054 393 1171 431 ηγὸρουν
1197 394 1278 421 αὐτοῦ
1304 394 1329 421 οἱ
1355 393 1560 424 ὑπωπτευκότες
1578 403 1584 409 ·
1609 392 1653 420 καὶ
1679 394 1697 428 ἡ
1724 391 1886 430 κατηγορία

1055 436 1215 477 διαψήφισις
1241 439 1286 472 ἧν,
1316 437 1349 467 Ei
1378 437 1407 465 δὲ
1432 440 1485 465 τῶν
1517 438 1615 476 ψήφων
1640 437 1667 464 αἰ
1692 437 1810 467 πλείους
1840 437 1885 463 τὸν

1055 481 1268 520 διαψηφισθὲντα
1306 482 1476 518 ἀπήλαυνον,
1515 483 1683 521 ἀποψήφισις
1718 481 1831 519 ἐλέγετο
1870 482 1886 515 ἡ

1055 526 1198 558 ἀπέλασις.
1216 527 1247 555 Εἰ
1268 525 1291 553 δ’
1306 527 1320 554 ὁ
1337 527 1536 564 ἀποψηφισθεὶς
1563 527 1616 554 ἀπὸ
1641 529 1696 554 τῶν
1723 525 1824 562 δήμων
1852 525 1889 555 εἷς

1053 571 1086 599 τὸ
1110 572 1201 599 κοινὸν
1228 570 1403 609 δικαστήριον
1436 571 1599 608 μετετίθετο,
1625 571 1727 610 ἐφιέναι
1766 570 1890 608 ἐλέγετο,

1055 616 1100 644 καὶ
1116 618 1133 651 ἡ
1148 616 1291 654 ’μετάθεσις
1307 614 1396 655 ἔφεσις
1412 616 1579 652 ὠνομάζετο.

1093 664 1117 688 ι’.
1133 660 1165 688 Εἰ
1181 659 1209 687 δὲ
1234 660 1403 698 λειτουργεῖν
1428 671 1498 692 τινες
1522 659 1679 698 ταχθέντες,
1703 662 1887 697 τριηραρχεῖν

1055 705 1073 740 ἢ
1101 704 1268 742 οἰκοδομεῖν,
1293 705 1339 733 τὸν
1366 705 1460 742 καιρὸν
1486 705 1658 742 ὑπερετίθουν
1682 708 1731 739 τῆς
1759 703 1889 740 λειτουρ-

1055 750 1125 788 γίας,
1143 750 1169 777 οἱ
1185 750 1401 787 ἀντικρινόμενοι
1417 749 1525 781 τούτοις
1541 748 1704 777 διαδικασίαν
1721 751 1807 776 κινεῖν
1830 749 1888 776 κατ’

1056 794 1143 821 αὐτῶν
1160 793 1330 831 ἐνομίζοντο.
1358 829 1363 832 _

1094 884 1136 912 ια’.
1153 881 1302 922 Προϐολῆς
1317 882 1346 911 δὲ
1360 884 1405 910 καὶ
1421 883 1663 921 καταχειροτονίας
1680 882 1814 910 τοσοῦτόν
1833 882 1886 909 ἐστι

1055 929 1086 956 τὸ
1103 927 1242 967 διάφορον,
1259 929 1290 956 Ἡ
1312 928 1358 964 μὲν
1385 925 1512 965 προϐολή
1537 927 1580 955 ἐπὶ
1606 927 1790 965 ἐγνωσμένοις
1817 926 1885 954 ἐστὶν

1056 971 1207 1009 ἀδικήμασι
1237 974 1285 999 τοῦ
1309 971 1551 1009 κατηγορουμένου
1566 981 1572 987 ”
1589 973 1606 1006 ἡ
1633 971 1661 999 δὲ
1689 981 1887 1009 καταχειροτο-

1056 1017 1100 1044 vi:
1114 1019 1131 1052 ἡ
1149 1017 1298 1055 σύμψηφος
1312 1019 1361 1044 τοῦ
1377 1015 1468 1053 δήμου
1483 1019 1542 1044 κατ’
1557 1016 1660 1044 ἐκείνου
1676 1016 1825 1054 ἀπόφασις.

1095 1070 1139 1108 ιβ’.
1153 1069 1311 1101 Εὖθυδικίας
1327 1069 1356 1097 δὲ
1383 1070 1427 1097 καὶ
1444 1073 1625 1109 παραγραφῆς
1653 1068 1726 1097 πολῦ
1739 1070 1772 1096 τὸ
1789 1067 1886 1106 διάφο-

1058 1125 1113 1152 ρον.
1130 1115 1161 1143 Ἠ
1190 1115 1238 1150 μὶν
1263 1114 1315 1152 γὰρ
1339 1114 1402 1152 περὶ
1426 1117 1474 1141 τοῦ
1500 1113 1617 1151 μηδέπω
1644 1113 1823 1151 εἰσαχθέντος
1853 1113 1886 1144 εἰς

1058 1158 1232 1197 δικαστήριον
1247 1159 1406 1197 πράγματος
1421 1159 1499 1193 κοινή
1514 1161 1568 1186 τῶν
1585 1157 1802 1186 συνδιαιτώντων
1828 1157 1886 1185 δια-

1057 1214 1156 1241 γνωσις
1186 1203 1323 1231 εὖθυδικία
1351 1202 1420 1230 ἐστίν
1439 1214 1446 1220 ”
1463 1204 1480 1238 ἡ
1497 1202 1525 1231 δὲ
1539 1203 1601 1241 περὶ
1629 1206 1682 1231 τῶν
1713 1202 1768 1239 ἤδη
1797 1213 1886 1240 κεκρι-

1059 1248 1146 1285 μένων
1182 1248 1227 1276 καὶ
1267 1249 1334 1276 κατὰ
1376 1248 1475 1285 νόμους
1511 1248 1744 1288 ἀποπεφασμένων
1776 1246 1885 1285 δευτέρα

1057 1293 1310 1331 πολυπραγμοσύνη
1335 1293 1380 1320 καὶ
1405 1290 1611 1330 ἀμφισϐήτησις
1631 1293 1799 1331 παραγραφή
1825 1303 1885 1320 κατ-

1058 1337 1225 1373 ωνόμασται.
1268 1338 1492 1376 Παραγράφεσθαι
1532 1336 1560 1364 δὲ
1597 1337 1698 1376 ἐφεῖται
1739 1337 1787 1364 καὶ

1057 1382 1180 1410 τοιοῦτόν
1209 1393 1234 1409 τι
1263 1381 1479 1420 ἐγκαλουμένοις
1503 1382 1564 1419 περῖ
1590 1382 1621 1409 οὗ
1647 1381 1678 1409 οὗ
1706 1382 1887 1418 νενομοθέτη-

1058 1437 1112 1454 ται.

1095 1475 1137 1509 ιγ’.
1154 1472 1185 1499 Ἡ
1202 1470 1231 1498 δὶ
1245 1470 1293 1498 τοῦ
1309 1471 1442 1510 ἀγραφίου
1459 1470 1521 1506 δίκη
1537 1471 1650 1506 τοιαύτη
1670 1481 1712 1502 τις
1735 1472 1782 1506 ἦν.
1808 1471 1890 1502 Σανὶς

1060 1515 1101 1555 ἐφ’
1115 1516 1229 1543 ἑκάστου
1251 1518 1301 1543 τοῦ
1325 1515 1500 1554 δικαστηρίου
1523 1515 1613 1554 τοίχῳ
1639 1515 1692 1542 τινὶ
1720 1517 1890 1554 προσηρμό-

1061 1563 1131 1595 ζετο,
1147 1561 1191 1588 καὶ
1212 1563 1259 1588 τοῦ
1282 1560 1311 1588 ὲκ
1334 1559 1484 1596 καταδίκης
1503 1560 1666 1599 ὠφληκότος
1690 1563 1731 1596 τῷ
1761 1559 1890 1597 δημοσίῳ

1059 1605 1089 1632 τὸ
1105 1602 1192 1641 ὄνομα
1217 1605 1302 1632 ἐκεῖσε
1327 1605 1497 1642 ἀνάγραπτον
1522 1605 1567 1639 ἦν,
1594 1605 1663 1642 πρὸς
1691 1604 1768 1641 αὐτῷ
1793 1606 1841 1632 καὶ
1862 1605 1891 1634 τὰ

1832 1340 1886 1368 τοῖς

1061 1650 1157 1686 μέτρον
1185 1649 1258 1685 αὖτῴ
1286 1651 1333 1676 τοῦ
1365 1649 1538 1688 ὀφλήματος.
1565 1649 1596 1677 Et
1621 1647 1649 1676 δέ
1678 1660 1720 1680 τις
1751 1649 1891 1689 ὠφληκὼς

1058 1693 1101 1720 καὶ
1126 1693 1238 1732 γραφεὶς
1264 1693 1350 1731 λάθρα
1373 1694 1422 1728 τήν
1446 1694 1553 1731 γραφὴν
1583 1693 1762 1731 ἀπετρίψατο,
1780 1695 1795 1721 ὁ
1823 1705 1890 1733 γρα-

1058 1737 1175 1776 φέμενυς
1191 1739 1286 1765 τοῦτον
1302 1737 1436 1776 ἀγραφίου
1453 1737 1530 1773 δίκην
1545 1737 1685 1776 ἐγράφετο.

1094 1790 1135 1818 ιδ’.
1144 1791 1177 1819 Οἱ
1190 1790 1217 1818 δὲ
1228 1791 1332 1829 χωρίον
1343 1791 1360 1825 ἢ
1375 1790 1479 1827 οἶόιημα
1495 1791 1524 1818 ἐκ
1537 1790 1684 1826 καταδίκης
1700 1790 1887 1831 ἀπειληφότες

1055 1835 1169 1870 ἐξούλης
1185 1835 1333 1874 ἐγράφοντο
1348 1835 1413 1866 τοὺς
1428 1836 1527 1868 ἐκεῖθεν
1553 1835 1649 1867 αὐτοὺς
1672 1836 1884 1867 ἀπελαύνοντας.

1055 1881 1187 1917 Ἀρχαῖον
1203 1881 1254 1918 γὰρ
1270 1880 1314 1907 καὶ
1330 1880 1437 1907 ἀττικὸν
1468 1878 1555 1916 ὄνομα
1570 1881 1601 1907 τὸ
1616 1880 1746 1915 ἐξίλλειν,
1762 1882 1832 1919 ὅπερ
1859 1882 1884 1908 οἱ

1056 1924 1274 1962 μεταγενέστεροι
1302 1923 1522 1961 ἑλληνικώτερον
1552 1924 1650 1960 ἐξελεῖν
1675 1924 1800 1962 λέγουσι,
1824 1937 1884 1953 του-

1052 1969 1140 1996 τέστιν
1157 1968 1316 1996 ἀπελαύνειν
1334 1971 1388 1996 τῶν
1403 1969 1615 2006 νενομισμένων.

1089 2057 1169 2086 ιε’.Εἷ’
1184 2056 1212 2084 δέ
1226 2068 1267 2088 τις
1284 2056 1383 2088 δοῦλος
1400 2056 1486 2085 δοκῶν
1501 2060 1560 2090 τοῖς
1576 2058 1771 2095 νομιζομένοις
1788 2058 1883 2087 δεσπό-

1050 2112 1108 2133 ταις
1139 2101 1217 2137 δίκην
1245 2101 1406 2140 ἐλάγχανεν,
1423 2103 1589 2131 ἀποστασίου
1620 2102 1681 2139 δίκη
1711 2104 1743 2131 τὸ
1770 2107 1884 2142 πρᾶγμα

1051 2157 1156 2174 κατωνο
1162 2147 1270 2183 μάζετο.

1087 2195 1128 2226 ις’.
1147 2192 1286 2229 Διαγραφή
1303 2190 1332 2219 δὲ
1347 2192 1364 2226 ἠ
1388 2190 1535 2229 ἀπαλλαγή
1560 2194 1610 2225 τῆς
1639 2191 1718 2227 δίκης
1747 2191 1860 2230 ἐλέγετο
1875 2203 1882 2208 ·

1051 2235 1142 2272 ὥσπερ
1160 2235 1238 2270 λῆξις
1253 2234 1344 2271 δίκης,
1361 2235 1391 2263 τὸ
1406 2235 1582 2273 καταγγεῖλαι
1608 2236 1694 2273 κρίσιν
1720 2239 1774 2264 τῶν
1806 2236 1883 2265 ἰδιω-

1049 2282 1132 2306 τικῶν
1150 2279 1313 2311 ὑποθέσεων.

1088 2326 1127 2358 ιζ’.
1146 2323 1195 2350 Καὶ
1212 2323 1308 2361 λαχεῖν
1327 2324 1374 2360 μὲν
1391 2323 1469 2359 δίκην
1484 2324 1514 2351 τὸ
1530 2325 1648 2361 πρώτως
1665 2329 1817 2353 κατειπεῖν·
1836 2327 1884 2353 ἆν-

1048 2368 1175 2405 τιλαχεῖν
1192 2367 1221 2395 δὲ
1234 2368 1265 2396 τὸ
1280 2368 1497 2405 ἀντεγκληθῆναι
1516 2379 1522 2385 ·
1547 2369 1578 2396 τὸ
1604 2369 1632 2396 δὲ
1655 2368 1801 2408 διαλαχεῖν
1835 2371 1883 2398 οὐκ

1049 2412 1093 2439 ἐπὶ
1115 2412 1168 2440 τῶν
1193 2411 1275 2440 δικῶν
1300 2412 1417 2450 λέγεται,
1448 2411 1511 2440 ἀλλ’
1538 2412 1582 2440 ἐπὶ
1608 2414 1760 2451 χρημάτων
1789 2413 1883 2442 διανι-

1051 2458 1088 2493 μή
1093 2467 1144 2484 σεω
1149 2468 1160 2488 ς
1165 2479 1171 2486 .

1087 2502 1130 2537 ιη’.
1140 2501 1214 2529 Ἐπεὶ
1231 2500 1260 2529 δὲ
1275 2500 1359 2529 πάλαι
1375 2504 1437 2532 τοῖς
1449 2501 1582 2532 Ἀττικοῖς
1597 2503 1640 2530 καὶ
1658 2502 1721 2534 τοὺς
1737 2505 1879 2542 γραφομέ-

1048 2556 1110 2577 νους
1127 2546 1294 2583 ἐπόμνυσθαι
1310 2546 1348 2577 ὡς
1373 2545 1480 2581 ἀληθὴς
1503 2547 1520 2581 ἡ
1545 2548 1648 2585 γραφὴ,
1664 2547 1709 2574 καί
1731 2547 1796 2578 τοὺς
1822 2549 1880 2580 καθ’

1049 2591 1086 2617 ὧν
1100 2589 1247 2629 γράφονται
1277 2590 1313 2621 ὡς
1343 2589 1419 2617 οὐδὲν
1446 2590 1484 2621 εἷς
1509 2589 1687 2629 ψευδολογίαν
1716 2592 1878 2628 ἀντιθήσω-

1049 2645 1102 2667 σιν,
1119 2634 1143 2662 ἐν
1174 2638 1232 2666 τοῖς
1262 2633 1450 2672 δικαστηρίοις
1473 2633 1584 2671 εἷ’θιστο,
1601 2636 1615 2662 ὁ
1642 2636 1688 2672 μὲν
1717 2639 1768 2663 τοῦ
1798 2637 1879 2674 ἐγκα-

1049 2679 1164 2711 λοῦντος
1181 2679 1261 2717 ὅρκος
1278 2678 1414 2715 διωμοσία
1430 2678 1549 2716 ἐλέγετο,
1566 2679 1579 2706 ὁ
1605 2677 1634 2706 δὲ
1660 2682 1708 2707 τοῦ
1724 2681 1879 2718 ἀπολογου-

1049 2724 1132 2760 μένου
1148 2723 1315 2761 ἀντωμοσία.
1328 2724 1361 2752 Ei.
1378 2722 1406 2751 δὶ
1420 2723 1488 2761 πρὸς
1504 2723 1613 2755 τούτοις
1638 2724 1683 2752 καὶ
1708 2726 1723 2752 ὁ
1749 2724 1880 2760 δικαστὴς

1047 2769 1216 2806 ἐπώμνυτο,
1257 2769 1393 2808 ἁμφιοκία
1434 2769 1465 2796 τὸ
1507 2768 1613 2806 σύμπαν
1654 2773 1878 2808 κατωνομάζετο.
