1952 3052
115 118 196 148 1013

711 119 762 150 DE
784 119 988 151 ACTIONUM
1011 119 1243 151 NOMINIBUS.

1745 119 1823 150 10H

113 184 166 210 Τὸν
199 181 228 210 δὲ
268 182 487 220 ὑποπτευόμενον
514 182 552 214 si:
581 184 697 223 γραφὴν,
730 184 929 223 ὑπιρτιθὲμενο·

1021 185 1134 213 hiorkia
1160 185 1378 213 nominabatur.
1407 185 1436 212 ls
1466 187 1563 213 autem
1586 184 1637 220 qui
1667 187 1822 220 suspectus

115 226 147 254 δὶ
173 228 218 255 τὸν
238 227 342 265 καιρὸν,
358 228 372 254 ὁ
399 227 558 255 ὑποπτεύων
587 228 666 264 ἠξίου
678 231 850 267 κατηγορεῖν”
866 230 896 264 ἣν
913 227 942 256 δὲ

117 271 206 299 ἐδόκει
229 271 381 308 εἲρωνεύων
411 273 447 308 μὴ
473 271 640 310 βούλεσθαι,
665 272 832 310 ἐπόμνυσθαι
858 284 941 308 κατη-

115 317 281 354 ναγκάζετο·
320 317 365 344 καὶ
400 316 432 343 τὸ
470 317 671 354 ὁμωμοσμένον
707 317 844 355 ἐξωμοσία
871 317 940 345 ὠνό-

118 371 216 398 μαστο.

154 451 194 479 LO'.
210 451 251 479 Τὸ
276 449 305 477 δὲ
320 450 495 488 καταγγιῖλαι
511 461 570 478 τινα
586 449 662 486 δίκην
679 450 843 488 ἑταιρήσεως
858 451 940 488 ἐπαγ-

111 494 195 532 γελία
211 494 372 532 δοκιμασίας
387 494 504 533 ἐλέγετο.

150 539 183 567 κ’.
197 539 250 574 Τὴν
267 539 404 577 μέντοιγε
420 540 553 578 ἀπόφασιν
568 539 621 577 οὐχ
636 540 673 571 ὡς
685 541 766 577 ἡμεῖς
783 540 797 566 ὁ
813 540 938 570 Ἀττικὸς

110 583 199 620 νόμος
227 582 434 620 ἐξελαμϐάνιτο·
458 583 522 612 ἀλλ’
545 584 602 611 ἐπεὶ
631 586 648 619 ἠ
678 588 729 619 τῆς
754 584 938 622 τριηραρχίας

111 628 187 666 ἀρχή
219 627 388 659 ὶπικίνδυνός
417 639 459 660 τις
496 627 612 655 δοκοῦσα
638 629 684 656 τὸν
717 630 938 667 τριηραρχοῦντα

109 673 277 710 κατήπειγεν
299 673 493 709 ἀντιμετρῆσαι
520 675 560 708 τῷ
587 672 703 709 κινδύνῳ
721 674 755 700 τὰ
781 673 889 709 ἑαυτοῦ,
918 673 934 708 ἠ

109 717 270 755 καταγραφή
294 717 399 745 τούτων
419 717 464 745 καὶ
489 718 502 744 ὁ
524 717 568 744 ἐπὶ
584 717 690 749 τούτοις
706 716 786 755 ὅρκος
803 717 937 757 ἀπόφασις

110 761 158 796 ἦν.

146 807 196 834 κα’.
219 807 250 835 Ἠ
268 805 296 834 δὲ
312 804 450 834 ἐπωϐελία
464 807 517 835 ἀπὸ
536 806 585 834 τοῦ
600 804 784 842 συῦεϐηκότος
807 808 857 841 τήν
873 817 935 834 συν-

109 851 199 886 θήκην
215 850 337 889 ε’ίληφεν.
364 851 475 886 Ἐπειδὴ
499 851 550 890 γὰρ
575 851 676 879 ποΛλοὶ
706 853 760 879 τῶν
785 852 823 888 μή
846 850 935 879 ἐπιτι-

107 894 208 922 θέντων
223 897 257 928 τῆ
282 894 392 933 γλώττῃ
406 895 523 933 χαλινὸν
539 899 598 927 τοῖς
623 895 754 924 ἐπιεικέσι
767 895 811 923 καὶ
828 896 934 934 ἀπράγ‹

110 950 175 976 μοσι
214 940 415 977 προσεφύοντο,
454 941 490 971 ὡς
528 940 638 972 πλείους
680 940 778 971 τόκους
805 939 849 968 ἐπὶ
877 942 936 971 τοῖς

107 987 245 1016 ναυτικοῖς
273 983 448 1022 κεκερδακόσι
476 985 640 1022 νομίσμασι,
669 985 714 1012 καὶ
745 985 771 1012 οἱ
803 985 850 1021 μὲν
873 985 934 1012 ἀπε-

107 1027 257 1063 δείκνυσαν,
268 1029 294 1056 οἱ
305 1028 334 1056 δὲ
347 1028 461 1061 πλείους
478 1030 566 1066 μάτην
580 1030 638 1057 κατ’
655 1030 744 1057 αὐτῶν
758 1029 932 1068 ἐκεκράγεσαν

104 1074 152 1101 τὸν
195 1074 242 1109 μὲν
269 1072 464 1101 ἀποδεικνύντα
497 1073 701 1111 ἂπροστίμητον
732 1073 807 1108 εἷ’ων,
835 1074 881 1101 τὸν
905 1072 934 1101 δὲ

106 1119 345 1156 συκοφαντήσαντα
360 1115 463 1146 ὀϐολοῦ
479 1116 620 1156 καταϐολῇ
637 1118 768 1155 ἐζημίουν
785 1119 829 1146 καὶ
846 1116 934 1155 ὄνομα

105 1164 143 1199 τῇ
170 1161 256 1198 ζημίᾳ
270 1163 287 1197 ἡ
303 1160 451 1191 ἐπωϐελία.

143 1207 196 1244 κβ’.
213 1207 250 1234 Τὰ
267 1207 314 1242 μὶν
331 1207 377 1234 οὖν
388 1209 441 1234 τῶν
459 1206 542 1234 δικῶν
558 1207 680 1244 ὀνόματα
696 1206 793 1245 σχεδὸν
810 1209 931 1235 τοιαῦτα”

106 1251 169 1289 περὶ
185 1250 213 1278 δέ
228 1261 259 1288 γε
273 1253 326 1278 τῶν
343 1250 449 1279 λοιπῶν
466 1252 560 1290 καιρὸς
577 1251 606 1278 ἂν
620 1251 661 1287 ε’ίη
688 1250 790 1289 λέγειν,
815 1251 932 1289 ἀρξαμέ-

105 1305 169 1326 νους
184 1295 236 1323 ἀπὸ
251 1297 304 1323 τῶν
320 1296 499 1332 πρυτανείων.

142 1350 192 1387 κγ’.
205 1350 257 1377 Ἦν
274 1348 302 1376 δὲ
316 1348 348 1376 τὸ
362 1351 523 1387 πρυτανεῖον
544 1348 676 1385 δημόσιον
691 1348 804 1386 θ’ίκημα,
830 1348 929 1386 λήψεσι

107 1392 289 1431 διωρισμένον
308 1393 353 1421 καὶ
379 1392 501 1421 δόσεσιν.
526 1394 557 1422 Ἣ
583 1394 629 1430 μὶν
659 1394 704 1421 οὖν
731 1393 815 1430 λῆψις
842 1393 931 1430 τούτῳ

108 1438 162 1466 ἀπὸ
187 1441 241 1465 τῶν
252 1437 424 1473 ἡττηθέντων
448 1438 485 1465 ὧν
508 1438 674 1475 παρανόμως
698 1439 928 1476 κατηγορήκασιν·

105 1483 124 1517 ἡ
153 1481 183 1510 δὲ
196 1481 270 1515 δόσις
297 1483 364 1521 πρὸς
392 1482 456 1514 τοὺς
474 1481 595 1519 δημοσίᾳ
608 1484 658 1517 τὴν
686 1483 766 1510 πόλιν
783 1480 928 1520 ὠφεληχό-

101 1537 160 1559 τας.
177 1527 313 1558 Ἐντεῦςεν
339 1526 390 1564 γὰρ
414 1527 457 1554 καὶ
481 1526 644 1565 ἀνδριάντες,
675 1526 697 1555 ε’ί
725 1537 754 1565 γε
771 1527 927 1565 βούλοιντο,

103 1575 163 1603 τοῖς
188 1571 375 1610 ἀριστεύσασιν
401 1570 599 1609 ἐχαλκεύοντο,
628 1571 672 1599 καὶ
702 1572 833 1607 σιτήσεως
861 1572 928 1609 ὠρι·

104 1617 204 1653 σμένον
236 1617 333 1654 μέτρον
362 1619 421 1648 τοῖς
446 1616 633 1651 ἠριστευκόσιν
654 1615 759 1644 ἐδίδοτο
774 1616 886 1644 καὶτῶν
901 1615 927 1643 ἓν

102 1659 296 1698 στρατοπέδοις
311 1660 340 1688 δὶ
355 1662 381 1688 οἱ
392 1658 587 1698 παρηϐηκότες
603 1664 652 1696 τῆς
663 1661 779 1699 ἀρχαίας
788 1660 927 1699 στρατείας

104 1705 122 1741 ἢ
140 1706 302 1744 στρατηγίας
327 1705 357 1733 ἐκ
379 1708 428 1733 τοῦ
453 1705 613 1742 πρυτανείου
639 1706 804 1745 μισθοφορὰν
831 1705 927 1742 ἐκομί-

104 1753 194 1786 ζοντο.

137 1794 187 1824 κδ’.
205 1795 238 1824 Οἱ
255 1793 284 1822 δὲ
298 1794 464 1832 καλούμενοι
480 1793 584 1828 ἕνδεκα,
600 1793 755 1826 δικαστικὸς
767 1795 800 1829 ἦν
811 1794 927 1832 ἀριθμὸς

98 1842 158 1870 τοῖς
174 1839 216 1867 ἰπ’
230 1838 397 1877 ἐγκλήμασιν
411 1838 509 1866 ἁλοῦσι
523 1838 571 1870 τὰς
585 1839 721 1876 τιμωρίας
735 1838 846 1876 ὁρίζων.
863 1838 925 1875 Καὶ,

94 1882 141 1911 ’ἕνα
158 1885 195 1920 μή
210 1894 236 1911 τι
250 1883 426 1921 θρασύνοιντο
441 1882 509 1910 κατὰ
522 1884 575 1910 τῶν
590 1881 719 1917 ὲκδότων,
741 1881 923 1920 πρεσϐυτικὴν

97 1927 168 1966 ἦγον
182 1929 232 1963 τήν
255 1927 378 1963 ἠλικίαν.
403 1929 431 1954 '0
457 1926 486 1955 δὲ
509 1927 610 1965 χρόνος
635 1927 713 1958 οὗτος
728 1927 836 1962 καὶτῆς
851 1927 925 1962 ἀξίας

97 1972 206 2010 ὑφεῖταί
221 1983 246 2000 τι
261 1975 319 2004 τοῖς
333 1973 553 2011 τιμωρουμένοις
567 1971 716 2003 κολάσεως.
737 1971 879 2008 Μέμνηται
895 1970 924 1999 δὲ

95 2017 141 2044 καὶ
159 2016 272 2045 Πλάτων
287 2019 336 2044 τοῖ’)
351 2017 485 2054 ὀνόματος
500 2016 609 2044 τούτου.
626 2017 656 2045 Ὁ
669 2016 719 2054 γὰρ
741 2018 789 2043 τοῦ
814 2014 922 2052 δεσμω-

94 2061 196 2100 τηρίου
212 2060 298 2101 φύλαξ
315 2061 389 2098 αὐτῷ
408 2061 435 2089 ἰν
460 2062 483 2097 ᾧ
505 2059 710 2088 κατεκέκλειπο
735 2061 749 2088 ὁ
773 2061 922 2097 Σωκράτης

94 2108 154 2137 τοῖς
171 2105 233 2144 περῖ
246 2105 369 2142 Σιμμίαν
379 2105 424 2132 καὶ
436 2103 544 2140 Κέϐητα
556 2104 780 2142 διαλεγόμενοςμ(
798 2104 893 2132 λύουσι
906 2117 920 2130 ››

96 2151 175 2189 φησὶ,
193 2163 207 2176 ‹‹
223 2151 269 2177 τὸν
286 2149 416 2187 Σωκράτη
433 2150 459 2177 οἳ
474 2147 580 2178 ⁴ἕνδεκα.
597 2162 612 2175 ››

130 2204 177 2232 κε’.
193 2204 226 2232 Οἱ
243 2202 270 2230 Si
287 2202 423 2238 διαιτηταί
449 2203 504 2240 (καὶ
519 2203 756 2238 πεντηκοντούτης
774 2202 843 2231 ἐστὶν
859 2201 919 2230 ἓκα-

95 2258 169 2284 στος,
201 2245 341 2285 βεϐιωκὼς
367 2248 461 2286 ἄριστα
486 2247 530 2275 καὶ
553 2247 641 2283 πάσης
664 2247 750 2279 uitia;
775 2246 918 2286 ἀπηλλαγ-

96 2293 185 2329 μένος⁷
215 2293 307 2330 νόμων
331 2303 361 2320 τε
386 2291 509 2329 ιὶδήμων
538 2292 584 2320 καὶ
610 2292 737 2324 καθιστὰς
751 2293 798 2323 τὰς
813 2293 918 2330 γραφὰς

95 2336 134 2368 εἷς
151 2337 181 2364 τὸ
199 2336 319 2374 μέτριον,
335 2336 379 2364 καὶ
394 2338 425 2364 τὸ
446 2335 511 2364 ὅλον
528 2336 710 2375 εἶρηνοδίκης)
740 2339 798 2368 τοῖς
826 2337 920 2368 αὐτοῖς

96 2380 263 2412 διαιτοῦντες
287 2382 335 2412 τὰς
357 2381 416 2408 κατ’
440 2379 573 2416 ἀλλήλων
602 2382 717 2420 γραφάς.
744 2380 792 2418 Τῷ
821 2379 850 2408 δὶ
880 2381 918 2417 μή

95 2424 242 2463 αὖτόχθονι
268 2425 322 2453 οὐκ
349 2424 439 2464 ἐφεῖτο
463 2425 574 2453 εἷσιέναι
597 2426 669 2463 παρὰ
692 2426 738 2453 τὸν
766 2425 917 2461 διαιτητὴν,

95 2468 159 2497 οὕτε
175 2468 302 2497 διώκοντι
319 2468 381 2497 οὔτε
395 2468 532 2508 φεύγοντι.

131 2515 182 2546 κς’.
196 2515 230 2543 Οἱ
246 2513 274 2541 δὲ
285 2513 422 2550 ἐπώνυμοι
435 2513 598 2552 ἀντιστροφή
614 2514 659 2545 τίς
674 2513 756 2548 ἐστιν,
771 2513 808 2544 ὡς
824 2511 920 2551 ἔμοιγε

95 2557 182 2592 δοκεῖ,
208 2556 352 2595 ὀνόματος.
377 2557 444 2585 Δέκα
465 2558 516 2595 γὰρ
537 2556 635 2595 ἄνδρας
649 2560 703 2584 τῶν
718 2557 919 2594 πεπολιτευμὲ-

93 2606 147 2630 νῶν
174 2603 216 2630 ἐπ’
233 2602 347 2640 εὐτυχίᾳ
369 2606 420 2637 τῆς
441 2601 551 2632 πόλεως
571 2602 630 2634 καθ’
658 2601 781 2638 ἑαυτοὺς,
796 2603 832 2633 ὡς
858 2601 919 2630 ἔτυ-

96 2657 145 2685 χεν
178 2646 423 2683 ἔπωνομασμένους
457 2644 664 2684 παραδείγματα
697 2649 756 2677 τοῖς
792 2646 918 2677 πολίταις

96 2692 229 2726 ἐτίθεσαν,
249 2691 372 2723 καὶτοὺς
404 2691 450 2728 μὲν
480 2689 559 2727 τῷδε,
580 2691 644 2722 τοὺς
671 2690 700 2719 δὲ
715 2691 809 2727 ἐκείνῳ
837 2701 919 2729 προσ-

96 2737 204 2774 ένεμον,
219 2736 265 2764 καὶ
290 2735 335 2763 ἀπ’
361 2735 469 2764 ἐκείνων
487 2735 641 2772 ὠνόμαζον,
670 2736 687 2770 ἢ
720 2736 828 2770 ζώντων
853 2738 918 2770 ζῶν-

96 2792 154 2817 τας,
172 2782 189 2817 ἢ
206 2782 373 2816 τεθνηκότων
397 2780 442 2808 καὶ
465 2779 585 2818 χαλκαῖς
601 2780 787 2816 ἀνεστηκότων
821 2780 917 2815 εἰκόσι,

998 229 1168 257 tradebatur
1183 238 1215 257 se
1231 237 1368 264 accusare
1387 229 1470 263 velle,
1489 232 1606 265 tempus
1622 231 1718 257 autem
1735 237 1822 257 accu-

997 274 1119 302 sationis
1131 274 1291 307 differebat,
1303 273 1460 309 suspicans
1473 281 1539 301 eum
1553 281 1691 301 accusare
1706 281 1822 309 sequum

996 319 1151 348 censebat:
1179 318 1203 346 si
1228 327 1296 346 voro
1321 319 1470 345 videretur
1489 318 1683 346 dissimulans
1710 326 1740 345 se
1764 326 1822 345 non

995 363 1078 396 velle,
1095 363 1123 391 id
1136 363 1331 399 jurejurando
1357 362 1530 390 conﬁrmare
1555 362 1727 398 cogebatur;
1744 362 1822 398 quod

992 409 1203 444 jusjurandum
1222 408 1267 443 abj
1274 407 1366 436 oratio
1384 407 1604 435 nominabatur.

1032 454 1074 480 19.
1093 453 1270 481 Renuntiare
1283 455 1381 480 autem
1394 453 1552 486 quamdam
1567 452 1760 489 impudicitiaa
1777 461 1822 480 ac-

995 497 1116 530 tionem,
1134 497 1315 533 probationis
1331 496 1510 524 renuntiatio
1526 496 1687 525 dicebatur.

1028 551 1073 577 20.
1090 550 1238 578 Bonorum
1255 550 1483 586 descriptionem
1507 559 1564 578 non
1589 553 1622 578 ut
1647 559 1700 578 nos
1725 551 1820 578 Attica

995 594 1038 622 lex
1053 594 1214 629 excipiebat
1231 603 1237 621 :
1255 596 1304 622 scd
1321 603 1388 622 cum
1413 594 1532 629 aliquod
1557 595 1735 623 trierarchiae
1751 604 1818 622 mu-

993 647 1049 665 nus
1065 638 1263 674 periculosum
1279 639 1429 666 videretur
1446 638 1633 674 triremisque
1647 639 1816 675 praefectum

991 682 1120 719 periculo
1146 691 1200 710 sua
1225 683 1353 710 remetiri
1379 684 1505 718 cogeret,
1527 683 1601 710 actio
1624 686 1726 711 contra
1747 692 1816 711 eum

991 729 1019 755 et
1038 727 1250 763 jusjurandum
1275 728 1472 764 prmstitutum
1498 726 1643 755 bonorum
1659 728 1816 763 descriptio

991 775 1062 800 erat.

1024 817 1069 844 2t.
1087 816 1246 844 Calumniaa
1259 817 1393 845 multatio
1410 817 1445 844 ab
1457 819 1561 845 eventu
1573 817 1816 853 compositionem

949 871 975 904 Β
992 861 1163 897 accipiebat.
1181 862 1339 897 Postquam
1360 862 1437 889 enim
1456 862 1540 890 multi
1562 862 1668 898 linguas
1683 870 1742 890 suae
1758 862 1817 889 fre-

991 914 1062 933 num
1079 915 1136 934 non
1162 906 1346 942 imponentes
1374 906 1495 934 mitibus
1517 909 1545 934 et
1567 906 1701 934 laborum
1717 906 1817 934 vacuis

991 950 1177 978 adhaerebant
1188 953 1329 986 tanquam
1344 950 1466 978 multam
1482 959 1600 979 usuram
1616 959 1668 986 per
1682 951 1817 978 nauticos

991 1003 1128 1022 nummos
1157 995 1294 1030 operatis,
1310 996 1338 1022 et
1364 995 1414 1022 alii
1443 995 1562 1030 quidem
1588 994 1814 1027 declaraveram,

988 1039 1119 1074 plerique
1134 1041 1231 1067 autem
1248 1039 1357 1067 frustra
1370 1039 1600 1073 clamitaverant,
1617 1047 1684 1067 eum
1701 1039 1752 1075 qui
1767 1040 1814 1066 de-

988 1082 1148 1110 claraverat
1168 1083 1347 1119 impunitum
1365 1083 1579 1119 relinquebant,
1595 1091 1662 1111 eum
1678 1092 1745 1111 vero
1761 1083 1811 1118 qui

988 1127 1186 1156 calumniatus
1208 1130 1270 1156 erat
1293 1127 1370 1156 oboli
1395 1129 1575 1162 multabant;
1591 1130 1620 1156 et
1644 1127 1742 1156 multas
1759 1136 1810 1155 no-

988 1180 1054 1200 men
1070 1175 1132 1200 erat
1147 1169 1296 1200 ἐπωϐελία.

1021 1217 1067 1244 22.
1084 1216 1209 1244 Nomina
1224 1216 1342 1252 quidem
1359 1217 1507 1245 actionum
1523 1217 1594 1245 talia
1608 1219 1687 1245 sunt.
1705 1218 1743 1245 De
1758 1225 1810 1245 cie-

987 1261 1058 1288 teris
1082 1263 1180 1288 autem
1206 1261 1368 1289 disserendi
1398 1264 1515 1297 tempus
1539 1264 1594 1295 est,
1620 1269 1637 1289 a
1661 1262 1809 1298 prytaneis

986 1305 1162 1341 incipiendo.

1020 1351 1066 1378 23.
1084 1350 1258 1386 Prytaneum
1275 1353 1337 1378 erat
1351 1351 1426 1378 aedes
1442 1350 1569 1386 publica,
1583 1350 1710 1387 acceptis
1724 1353 1752 1379 et
1763 1352 1810 1379 do-

986 1395 1032 1422 nis
1061 1395 1298 1422 determinatum.
1320 1395 1485 1431 Accipiebat
1513 1398 1612 1423 autem
1637 1395 1673 1423 ab
1697 1395 1733 1423 iis
1758 1396 1809 1432 qui

985 1448 1052 1466 cum
1075 1439 1208 1475 improbe
1232 1442 1431 1473 accusassent,
1449 1440 1514 1467 victi
1537 1440 1667 1474 fuerant;
1684 1440 1812 1468 donabat

985 1492 1052 1511 vero
1077 1484 1113 1511 iis
1130 1483 1178 1518 qui
1201 1484 1316 1520 publice
1341 1484 1376 1511 de
1401 1484 1474 1511 urbe
1498 1484 1571 1512 bene
1596 1483 1690 1512 meriti
1714 1487 1809 1513 erant.

984 1529 1054 1556 Inde
1083 1528 1161 1556 enim
1192 1537 1276 1556 mnes:
1307 1531 1411 1556 statua:
1439 1528 1649 1556 excellentibus
1678 1529 1759 1562 viris,
1783 1529 1808 1558 si

983 1572 1100 1605 vellent,
1117 1572 1303 1608 ponebantur
1321 1574 1349 1600 ct
1373 1573 1513 1600 frumenti
1538 1573 1643 1600 iisdem
1660 1573 1808 1608 quantitas

983 1617 1179 1645 determinata
1203 1617 1350 1644 dabatur:
1377 1619 1405 1644 et
1434 1617 1484 1652 qui
1512 1617 1541 1644 in
1571 1618 1676 1645 castris
1701 1618 1808 1645 versati

983 1664 1081 1696 erant;
1099 1669 1164 1689 cum
1183 1669 1284 1690 earum
1306 1664 1376 1689 satas
1391 1661 1591 1695 dsﬂoruisset;
1607 1662 1713 1690 veteris
1729 1662 1808 1690 mili-

982 1707 1029 1734 tia».
1045 1709 1074 1734 et
1093 1705 1313 1742 expeditionum
1338 1714 1372 1734 ex
1394 1708 1534 1742 prytaneo
1551 1706 1713 1734 mercedem
1730 1707 1806 1734 acci-

982 1751 1111 1786 piebant.

1016 1795 1061 1822 24.
1083 1795 1136 1827 Qui
1159 1797 1257 1822 autem
1282 1795 1464 1822 vocabantur
1487 1794 1634 1828 undecim,
1655 1795 1805 1830 judicialis

980 1847 1123 1867 numerus
1151 1841 1213 1866 erat
1229 1847 1329 1874 poenas
1346 1839 1504 1866 decernens
1520 1839 1557 1866 iis
1572 1839 1622 1874 qui
1647 1839 1804 1867 criminum

980 1883 1188 1918 arguebantur.
1205 1883 1244 1910 Ac
1259 1891 1295 1910 ne
1319 1883 1490 1911 audaciores
1515 1885 1614 1911 essent
1640 1885 1740 1911 contra
1755 1892 1805 1911 eos

980 1927 1029 1962 qui
1058 1926 1132 1962 ipsis
1155 1927 1360 1959 tradebantur,
1377 1926 1499 1954 senilem
1526 1928 1641 1953 aetatem
1668 1927 1803 1962 agebant.

978 1973 1046 2004 Quae
1061 1973 1131 1999 aetas
1157 1971 1322 1999 remittebat
1338 1970 1448 2006 punitis
1475 1970 1562 1998 etiam
1579 1970 1687 2006 aliquid
1713 1979 1803 2006 pcnnaa

977 2016 1092 2044 debite.
1108 2015 1241 2043 Meminit
1257 2018 1285 2043 et
1300 2015 1380 2043 Plato
1405 2015 1496 2050 hujus
1519 2014 1656 2043 nominis.
1674 2015 1804 2044 Carceris

976 2061 1055 2089 enim
1072 2061 1101 2088 in
1118 2069 1176 2096 quo
1193 2060 1400 2088 includebatur
1412 2062 1545 2088 Socrates
1560 2062 1660 2088 custos
1675 2060 1802 2088 Simmim

976 2108 1004 2133 et
1019 2106 1115 2133 Cebeti
1132 2105 1174 2133 sic
1189 2098 1322 2141 loquitur
1339 2114 1363 2133 :«
1380 2105 1512 2139 Solvunt,
1529 2104 1634 2141 inquit,
1652 2104 1801 2133 Socratem

977 2151 1118 2177 undecim.
1136 2161 1150 2175 η

1009 2195 1054 2221 25.
1071 2194 1179 2222 Arbitri
1205 2197 1304 2222 autem
1321 2194 1547 2230 (quinquaginta
1560 2195 1685 2230 quisque
1708 2203 1801 2222 annos

935 2233 958 2266 D
975 2241 1063 2267 natus
1082 2240 1137 2272 est,
1155 2239 1263 2274 optime
1277 2239 1349 2266 vixit
1364 2241 1392 2266 et
1406 2238 1504 2266 omnis
1529 2238 1662 2266 criminis
1685 2247 1798 2274 expers,

974 2284 1133 2319 legumque
1158 2283 1270 2319 peritus
1286 2287 1339 2317 est,
1356 2285 1384 2310 et
1408 2282 1610 2310 accusationes
1636 2283 1798 2310 secundum

974 2328 1141 2364 aequitatem
1167 2327 1328 2363 componit,
1344 2329 1373 2354 ct
1396 2327 1477 2362 pacis
1504 2329 1604 2354 custos
1616 2327 1671 2362 est)
1686 2326 1705 2354 ii
1730 2328 1801 2354 sunt

974 2372 1022 2408 qui
1040 2372 1244 2400 accusationes
1255 2372 1289 2399 ad
1301 2371 1426 2399 invicem
1439 2370 1628 2398 arbitrantur.
1642 2370 1686 2398 Illi
1700 2374 1799 2399 autem

974 2417 1023 2452 qui
1042 2425 1098 2444 non
1115 2419 1177 2444 erat
1190 2416 1329 2452 indigena
1349 2424 1406 2443 non
1428 2415 1534 2442 licebat
1549 2415 1692 2444 arbitrum
1707 2416 1798 2450 adire,

972 2461 1035 2489 sive
1051 2464 1286 2496 persequeretur,
1304 2461 1365 2488 sive
1380 2468 1447 2487 reus
1463 2463 1548 2487 esset.

1008 2515 1053 2542 26.
1070 2514 1130 2541 Vox
1151 2513 1349 2549 cognominati
1374 2515 1418 2540 est
1441 2513 1575 2548 quaedam
1600 2513 1728 2541 nominis
1752 2515 1798 2541 in-

973 2558 1080 2591 vcrsio,
1097 2561 1129 2585 ut
1145 2558 1216 2585 mihi
1244 2558 1370 2585 videtur.
1389 2561 1488 2585 Decem
1509 2557 1588 2584 enim
1604 2558 1680 2586 viros
1704 2567 1736 2586 ex
1763 2559 1800 2586 iis

974 2603 1023 2638 qui
1037 2610 1174 2638 prospere
1185 2603 1397 2638 rempublicam
1410 2609 1460 2637 per
1471 2609 1502 2629 se
1512 2601 1799 2637 administraverant,

973 2649 1002 2675 et
1018 2647 1149 2683 quolibet
1169 2647 1287 2674 nomine
1304 2646 1460 2681 insignitas
1482 2648 1514 2672 ut
1537 2645 1714 2682 exemplaria
1730 2647 1799 2674 civi-

973 2692 1030 2719 bus
1054 2691 1272 2727 proponebant;
1289 2692 1318 2718 et
1333 2690 1405 2718 alios
1421 2689 1539 2725 quidem
1556 2690 1635 2724 huic,
1652 2690 1716 2718 aliis
1733 2699 1797 2718 vero

972 2735 1015 2763 illi
1028 2735 1224 2768 ascribebant,
1237 2737 1266 2762 et
1278 2735 1313 2762 ab
1325 2733 1384 2762 illis
1395 2734 1641 2770 cognominabant
1653 2734 1714 2761 sive
1725 2734 1796 2761 vivis

973 2780 1033 2808 sive
1051 2781 1174 2808 mortuis
1190 2784 1217 2807 et
1227 2787 1321 2807 mneus
1335 2781 1448 2807 statuas
1459 2779 1618 2814 erigentes;
1631 2777 1708 2805 unde
1723 2778 1795 2805 alios
