1952 3052
158 102 236 131 1015

824 108 1037 140 MlGHAELlS
1058 109 1193 140 PSELLI

1794 114 1873 144 1016

157 167 302 195 vocabant
316 169 453 204 Pericles,
464 170 536 198 alios
558 179 625 199 vero
644 172 806 208 Agesilaos.
822 174 900 206 Quos
923 173 977 202 ele-

1070 175 1201 212 ερικλέας,
1218 175 1240 203 εἰ
1255 177 1347 215 τύχοι,
1364 179 1408 205 καὶ
1422 178 1607 216 Ἀγησιλάους
1621 180 1870 216 κατανομάζοντις,

157 213 260 245 gerant
286 212 391 240 heroas
427 214 631 250 appellabant;
660 225 820 253 eponymos
844 227 910 246 vero
935 227 984 246 eos

159 263 233 290 quos
260 256 301 283 ita
325 258 614 293 cognominaverant.
641 262 674 288 Et
700 261 880 298 quicumque
906 263 986 299 leges

159 299 396 336 introducebant,
414 305 533 331 attentis
548 306 712 341 eponymis,
729 307 941 342 proponebant,
959 310 987 335 et

160 344 279 372 omnino
296 346 380 381 quasi
395 347 431 375 iis
453 347 690 384 inspicientibus,
707 351 986 387 rempublicamﬁad-

160 389 381 418 ministrabant.

194 434 240 460 27.
257 433 360 463 Scriba
385 438 482 464 autem
498 441 527 465 et
542 439 638 466 scriba
653 439 846 467 secundarius
867 439 987 468 humilis

158 477 283 505 actionis
308 487 414 507 nomen
442 483 497 509 est.
513 481 632 510 Judices
656 483 734 510 enim
760 486 986 519 praetercurrens

155 522 279 556 justitiae
299 532 385 552 voces
415 526 543 553 uolabat.
561 526 643 555 Unde
667 530 694 555 et
718 528 930 557 Demosthenes
957 530 986 557 in

159 567 350 599 responsione
378 569 519 598 irridebat
542 571 708 599 Eschinem
734 572 789 600 hoc
818 576 904 602 utens
933 582 986 602 no-

159 611 248 638 mine.

193 656 238 683 28.
254 657 360 684 Contra
375 658 488 693 sciptor
503 658 704 698 (ἀντιγραφεύς)
716 662 817 689 eadem
834 663 939 699 agebat
953 671 986 690 ac

159 699 257 727 scriba
273 702 478 737 secundarius,
490 707 609 740 excepto
625 706 702 740 quod
718 705 767 733 ille
783 709 860 734 sorte
874 706 986 735 electus

161 744 352 780 magistrnlus
373 749 445 774 erat.
462 748 496 774 Et
510 757 692 785 quaecunque
707 753 828 778 senatus
844 751 986 779 adminis-

159 789 258 817 trabat
273 792 375 818 contra
389 791 516 827 scriptor
530 793 641 821 calamo
658 795 788 823 notabat.

195 833 240 860 29.
255 834 337 862 Sorte
348 834 431 863 electi
443 836 635 872 magistratus
646 841 730 866 erant
743 842 912 875 quzestores,
923 849 986 868 vec-

158 877 293 913 tigalium
309 881 458 907 exactores
473 883 501 908 et
516 883 788 918 contrascriptores.

192 931 249 958 29‘.
269 932 332 959 Haec
347 934 382 960 de
402 935 709 971 contrascriptoribus.
726 937 878 966 Exactores
900 947 984 974 porro

157 983 174 1002 a
190 978 293 1003 senatu
311 975 498 1012 eligebantur
512 980 629 1014 quando
644 980 714 1008 belli
731 983 861 1017 tempore
877 983 984 1010 civium

157 1019 357 1054 opulentiores
373 1022 407 1049 de
423 1030 476 1050 suo
498 1024 682 1052 contribuere
709 1026 862 1054 debebant.
880 1027 910 1054 Id
935 1036 985 1063 pe-

157 1063 251 1091 cunia:
267 1065 319 1100 qui
334 1065 489 1101 exigebant
503 1071 653 1096 exactores
668 1070 858 1098 vocabantur.

192 1152 237 1179 30.
254 1154 417 1184 Quiestores
440 1163 508 1183 vero
523 1157 681 1191 quotannis
696 1159 810 1187 fructus
827 1160 986 1189 referentes

157 1198 241 1224 erant
263 1200 292 1225 et
315 1207 444 1227 annuam
470 1201 656 1237 vectigalium
681 1202 857 1231 solutionem
883 1205 985 1233 aerario

158 1239 333 1269 inferebant.

192 1285 237 1313 31.
254 1286 359 1315 Ter-nio
376 1296 476 1316 recens
499 1298 604 1317 nomen
626 1293 671 1318 est
686 1292 763 1327 apud
779 1292 984 1330 Athenienses,

159 1328 322 1358 Clisthenes
338 1332 416 1359 enim
434 1333 553 1367 quinam
570 1334 599 1362 in
616 1335 737 1371 triginta
753 1339 851 1372 partes
867 1328 982 1366 omnem

157 1373 284 1401 Atticam
301 1375 468 1411 distribuit;
486 1386 612 1414 cumque
631 1380 728 1408 Attica
743 1382 848 1416 partim
865 1386 985 1419 propter

158 1426 236 1446 mare
257 1420 363 1454 jaceat,
381 1421 488 1456 partim
513 1424 618 1451 mediis
634 1424 663 1452 in
680 1425 776 1459 terris,
793 1427 900 1462 partim
916 1436 983 1455 vero

156 1461 233 1490 circa
250 1464 544 1501 urbem‘extcnditur,
557 1468 657 1496 decem
672 1461 904 1507 quidemipartcs
922 1481 982 1500 ma-

157 1506 262 1534 ritimae
278 1510 389 1544 regioni
404 1511 519 1545 tribuit,
536 1513 635 1540 decem
653 1522 718 1541 vero
733 1515 757 1542 ei
776 1524 838 1551 quae
866 1517 895 1543 in
922 1525 982 1544 me-

158 1550 215 1578 diis
231 1553 317 1580 terris
329 1554 418 1588 jacet,
434 1556 592 1591 decemque
603 1558 629 1584 ei
645 1566 708 1593 qua:
721 1550 811 1594 prope
825 1561 924 1588 urbem
941 1564 986 1589 est

157 1594 277 1630 tribuit;
295 1598 323 1624 et
339 1606 522 1635 unaquaeque
538 1601 624 1629 tertia
640 1610 708 1638 pars
724 1604 818 1632 ternio
835 1606 986 1635 nominata

161 1641 216 1667 est.

194 1684 240 1712 32.
257 1685 401 1718 Quoniam
417 1695 481 1715 vero
505 1689 534 1716 in
559 1690 662 1718 Atticis
687 1695 907 1723 commentariis
930 1695 984 1724 hoc

159 1726 268 1755 dictum
286 1737 403 1766 quoque
418 1732 657 1768 frequentissime
677 1737 812 1770 occurrit,
831 1739 985 1775 lutropho-

158 1780 224 1799 rum
251 1774 366 1802 tumulo
395 1784 553 1812 apponero,
571 1787 629 1806 non
654 1780 772 1809 silentio
798 1782 853 1810 hoc
877 1774 983 1813 nomen

158 1818 393 1852 praetereundum
407 1822 461 1847 est.
473 1821 671 1858 Lutrophoros
681 1833 731 1852 vas
743 1828 787 1853 est
798 1827 832 1854 ad
846 1827 983 1858 balneum

157 1860 194 1887 iis
210 1861 259 1896 qui
277 1864 407 1891 nondum
424 1866 571 1894 connubio
582 1867 678 1902 juncti
691 1873 761 1897 sunt
775 1876 982 1910 praeparatum,

157 1906 424 1943 connubiojunctis
435 1911 627 1940 confractum.
638 1913 681 1940 Illi
692 1906 982 1952 igituriqcinonduui

155 1950 292 1985 conjugio
305 1952 427 1986 junctus
444 1956 507 1982 erat
521 1957 550 1982 et
566 1957 615 1991 qui
631 1960 714 1985 natos
732 1967 789 1987 non
798 1950 916 1989 illabens
932 1963 981 1990 de-

155 1992 274 2038 functus
290 1998 352 2023 erat
362 2005 412 2024 vas
428 1998 501 2026 illud
519 2000 633 2028 tumulo
649 2003 851 2038 apponebatur
867 2008 898 2033 ut
913 2008 981 2035 aeta-

154 2036 194 2064 tis
210 2040 237 2065 ct
254 2038 413 2068 liberorum
430 2042 564 2072 orbitatis
580 2036 759 2080 symbolum.

189 2081 234 2108 33.
252 2082 326 2111 lllud
344 2087 442 2113 autem
459 2098 473 2111 «
490 2087 624 2116 elationis
640 2092 769 2126 tempore
784 2091 915 2122 lanceam
939 2095 981 2123 ef-

153 2123 228 2154 ferre
244 2138 258 2151 »
274 2130 376 2157 contra
400 2137 450 2158 eos
478 2132 527 2167 qui
557 2133 734 2169 occiderant,
760 2139 811 2164 aut
838 2139 981 2168 occidisse

152 2171 348 2205 putabantur,
378 2174 540 2204 dicebatur.
568 2177 710 2207 Elationis
740 2181 819 2209 enim
850 2185 981 2219 tempore

1040 219 1171 247 Ἑκάλουν
1189 219 1216 248 δὲ
1231 222 1294 253 τοὺς
1320 222 1493 260 ἐπιλεγέντας
1516 223 1620 261 ἥρωας,
1646 223 1817 261 ἐπωνύμους
1846 223 1870 252 εἰ

1040 262 1104 294 τοὺς
1118 265 1177 291 κατ’
1192 264 1310 297 ἐκείνους
1326 266 1537 303 ὠνομασμένους
1554 266 1625 294 οὕτω
1641 267 1749 297 καλεῖν.
1779 268 1832 295 Καὶ
1848 270 1871 295 οἱ

1039 307 1103 335 τοὺς
1120 309 1222 345 νόμους
1239 310 1429 348 εἰσηγούμενοι
1445 311 1490 338 ἐπί
1505 315 1564 342 τοῖς
1588 311 1748 349 ἐπωνύμοις
1761 312 1872 345 τούτοις

1041 351 1170 389 ἐτίθεσαν,
1186 354 1231 381 καὶ
1254 355 1360 386 πάντως
1385 355 1424 382 ἐπ’
1447 356 1560 387 ἐκείνοις
1582 356 1619 388 ὡς
1633 356 1755 395 ἐφορῶσι
1772 357 1808 384 τὰ
1823 361 1870 392 τῆς

1041 396 1181 429 πολιτείας
1198 398 1314 435 διῴκουν
1328 402 1485 438 πράγματα.

1077 443 1126 476 κζ’.
1151 443 1182 471 Ὀ
1202 442 1231 471 δὲ
1255 446 1433 482 γραμματεὺς
1449 447 1466 481 ἦ
1484 446 1714 484 ὑπογραμματεὺς
1744 447 1874 486 πράξεως

1042 485 1167 518 εὐτελοῦς
1192 488 1261 516 ἐστιν
1286 487 1392 526 ὄνομα.
1419 489 1488 521 Τοὺς
1517 491 1570 528 γὰρ
1596 489 1722 523 δικαστὰς
1750 485 1873 530 ὑποτρέ-

1041 540 1100 568 χων
1116 532 1163 562 τὰς
1186 536 1236 567 τῆς
1258 533 1369 570 θέμιδος
1392 533 1554 571 ἐσημειοῦτο
1579 537 1678 574 φωνάς.
1703 537 1802 565 Ἔνθεν
1828 537 1872 564 τοὶ

1041 575 1085 603 καὶ
1114 577 1291 613 Δημοσθένης
1317 578 1342 606 ἰν
1372 582 1431 610 ταῖς
1456 579 1635 617 ἀντικρίσεσιν
1661 581 1809 618 ἐπέσκωψε
1833 584 1872 617 τῷ

1041 619 1161 657 Αἰσχίνῃ
1177 622 1207 648 τὸ
1224 619 1312 658 ὄνομα

1076 675 1122 699 κη,
1139 666 1168 693 Ὀ
1185 665 1213 692 δὲ
1227 666 1405 706 ἀντιγραφεὺς
1419 667 1504 696 ταύτά
1521 669 1567 705 μὲν
1585 668 1649 708 ἔδρα
1663 671 1702 706 τῷ
1724 671 1872 708 ὑπογραμ-

1043 712 1132 745 ματεῖ,
1148 709 1221 745 πλὴν
1244 710 1306 738 ὅσον
1334 711 1412 743 οὗτος
1426 711 1572 751 κληρωτὸς
1595 712 1685 752 ἅρχωι
1714 714 1870 753 ἐτύγχανεν

1041 752 1089 782 ὣν.
1107 754 1154 781 Καὶ
1171 755 1248 790 ὅσσιὴ
1268 755 1355 792 βουλή
1372 755 1615 795 διῴκειγράμματι
1632 752 1870 796 ἐνσημαινόμενος

1040 798 1215 837 ἀντιγραφεὺς
1231 799 1399 836 ὠνομάζετο.

1075 843 1123 871 κθ’.
1143 843 1288 880 κληρωταὶ
1305 843 1333 872 δὲ
1347 845 1444 884 ἀρχαὶ,
1455 846 1605 886 πράκτορες
1619 847 1745 886 ἰκλογεῖς
1760 849 1810 876 καὶ
1826 849 1870 877 ἀν-

1039 891 1191 926 τιγραφεῖς.

1074 932 1135 963 κθ⁷”.
1153 933 1191 960 Τὸ
1208 933 1254 968 μὲν
1272 932 1318 960 οὖν
1332 936 1384 961 τῶν
1402 934 1584 973 ἀντιγραφέων
1601 935 1730 971 δηλώσας
1752 937 1869 976 ἕςρθασα.

1039 976 1070 1002 Οἱ
1087 974 1115 1002 δὲ
1130 975 1255 1014 ἐκλογεῖς
1270 978 1342 1016 παρὰ
1355 982 1404 1013 τῆς
1422 979 1527 1016 βουλῆς
1551 980 1730 1018 ἐκληροῦντο,
1749 974 1870 1017 ὁπηνίκα

1040 1020 1066 1047 ἐν
1082 1020 1199 1057 πολέμῳ
1208 1023 1402 1057 καθεστηκότες
1417 1024 1480 1055 τοὺς
1498 1025 1703 1063 εὐπορωτέρους
1718 1029 1776 1054 τῶν
1789 1027 1870 1055 πολι-

1038 1067 1094 1092 τῶν
1109 1062 1202 1103 ἔρανόν
1218 1077 1277 1094 τινα
1290 1070 1370 1104 κοινῇ
1386 1072 1592 1108 συνεισενεγκεῖν
1602 1068 1665 1098 ἔδιιο
1674 1071 1720 1098 καὶ
1733 1072 1761 1099 oi.
1772 1072 1870 1099 τοῦτον

1040 1108 1230 1146 ἐπιλεγόμενοι
1245 1110 1368 1150 ἐκλογεῖς
1382 1112 1568 1149 ὠνομάζοντο.

1076 1152 1109 1182 λ’.
1127 1155 1160 1182 Οἱ
1177 1153 1206 1182 δὶ
1230 1156 1380 1194 πράκτορες
1405 1156 1591 1197 ἐπετειοφόροι
1615 1159 1694 1194 ἦσαν,
1715 1161 1766 1195 τὴν
1779 1160 1871 1188 ἐνιαύ-

1040 1208 1097 1225 σιον
1121 1201 1174 1226 τῶν
1201 1199 1340 1228 ὑποτελῶν
1357 1201 1510 1230 συντέλειαν
1526 1205 1566 1239 τῷ
1582 1201 1709 1241 δημοσιῳ
1726 1215 1869 1233 συνεισκο-

1041 1243 1175 1279 μίζοντες.

1075 1287 1126 1316 λα’.
1143 1287 1206 1316 Ἠδέ
1219 1289 1327 1327 τριττὺς
1341 1292 1480 1330 νεωτέρων
1495 1290 1582 1329 ὄνομα
1601 1294 1674 1331 παρὰ
1695 1297 1754 1326 τοῖς
1782 1295 1868 1330 Ἀθη-

1038 1332 1124 1363 ναίοις
1141 1333 1206 1360 ἐστί.
1224 1333 1386 1370 Κλεισθένης
1413 1336 1464 1374 γὰρ
1481 1347 1534 1373 τις,
1551 1337 1589 1368 εἰς
1602 1339 1747 1375 τριάκοντα
1767 1339 1870 1376 μοίρας

1037 1377 1087 1410 τήν
1103 1377 1228 1413 Ἀττικὴν
1243 1379 1346 1406 ἅπασαν
1374 1378 1524 1416 διανείμας,
1551 1380 1644 1416 ἐπειδὴ
1665 1382 1696 1410 τὸ
1713 1383 1762 1419 μὲν
1780 1384 1868 1418 αὐτῆς

1038 1420 1260 1454 ἐπιθαλαττίδιον
1276 1425 1320 1458 ἧν,
1336 1425 1366 1452 τὸ
1383 1423 1412 1452 δὲ
1427 1425 1470 1452 ἐπὶ
1492 1429 1541 1454 τοῦ
1565 1426 1647 1463 μέσου
1671 1431 1792 1463 καθῆστο
1816 1432 1868 1463 τῆς

1038 1466 1142 1505 χώρας,
1156 1469 1188 1495 τὸ
1204 1466 1232 1495 δὲ
1246 1469 1319 1505 παρά
1333 1470 1364 1496 τὸ
1380 1468 1444 1497 ἄστυ
1459 1470 1637 1508 συνέστρωτο,
1656 1471 1718 1500 δέκα
1733 1473 1783 1508 μὲν
1803 1474 1867 1509 μοί-

1042 1521 1088 1549 ρας
1104 1513 1138 1544 τῆ
1155 1511 1282 1550 παραλίῳ
1298 1514 1466 1552 συντέτευχε,
1493 1513 1557 1542 δέκα
1580 1514 1608 1543 δὶ
1631 1517 1794 1551 κατέστησεν
1823 1517 1868 1545 ἐπὶ

1040 1557 1089 1591 τὴν
1117 1557 1268 1594 μεσόγειον,
1292 1556 1355 1585 δέκα
1381 1557 1409 1586 δὲ
1434 1559 1602 1596 ἀστυνόμους
1627 1559 1750 1596 ἐποίησε·
1772 1561 1819 1589 καὶ
1835 1562 1866 1589 τὸ

1039 1601 1219 1637 τριτημόριον
1233 1601 1341 1638 τριττὺς
1358 1601 1510 1639 ὦνόμαστο.

1076 1687 1130 1727 λβ¹.
1146 1689 1219 1717 Ἐπεὶ
1236 1689 1265 1717 δὲ
1280 1690 1305 1717 ἐν
1320 1694 1380 1723 ταῖς
1389 1692 1525 1723 Ἀττικαῖς
1539 1692 1706 1732 ἀναγραφαῖς
1719 1693 1765 1721 καὶ
1781 1696 1864 1722 τοῦτο

1038 1736 1091 1761 τῶν
1112 1733 1259 1772 πολλαχοῦ
1285 1734 1440 1772 λεγομένων
1460 1737 1526 1773 ἐστὶ,
1549 1736 1734 1776 λουτροφόρον
1757 1738 1865 1770 ἐπιθεῖ-

1038 1789 1080 1806 ναι
1108 1779 1197 1817 τάφῳ,
1234 1779 1304 1816 μηδὲ
1332 1779 1412 1808 τοῦτο
1441 1781 1619 1819 παρέλθωμεν
1649 1781 1780 1819 τοῦνομα.
1800 1784 1863 1820 ’Δγ-

1037 1827 1110 1861 γεῖον
1138 1825 1152 1851 ὁ
1179 1823 1364 1863 λουτροφόρος
1391 1825 1446 1852 ἐστῖ
1473 1828 1530 1856 τοῖς
1559 1828 1644 1862 μήπω
1673 1828 1862 1864 μεγαμηκόσιν

1038 1868 1081 1895 ἰπὶ
1094 1869 1127 1896 τὰ
1143 1867 1243 1906 λοῦτρα
1254 1870 1521 1906 παρακομιζόμενον,
1538 1872 1713 1906 συνοικήσασι
1729 1871 1759 1899 δὶ
1774 1882 1863 1910 παρα-

1038 1913 1203 1950 θραυόμενον
1218 1914 1265 1948 Τῷ
1276 1914 1365 1941 τοίνυν
1382 1914 1481 1951 ἀγάμῳ
1494 1914 1540 1942 καὶ
1558 1913 1651 1942 ἅπαιδι
1667 1915 1862 1951 τελευτήσαντι

1036 1957 1111 1984 τουτὶ
1127 1958 1159 1985 τὸ
1182 1958 1290 1996 ἀγγεῖον
1314 1961 1353 1994 τῷ
1375 1959 1453 1998 τάφῳ
1469 1958 1568 1986 ἐτίθετο
1585 1957 1725 1996 σύμϐολον
1741 1961 1799 1997 ἅμα
1814 1965 1864 1996 τῆς

1035 2012 1065 2029 τε
1081 2001 1192 2037 ἡλικίας
1208 2002 1253 2030 καὶ
1268 2006 1321 2037 τῆσ
1336 2002 1474 2034 ἀπαιδίας.

1072 2091 1122 2128 λγ’.
1138 2092 1173 2119 Τὸ
1189 2090 1217 2119 δὲ
1232 2091 1272 2119 ἐπ’
1289 2091 1389 2131 ἐκφορᾷ
1405 2091 1469 2128 δόρυ
1481 2091 1624 2131 ἐξενεγκεῖν
1635 2094 1702 2121 κατὰ
1711 2096 1766 2121 τῶν
1777 2094 1863 2122 ἀποκ-

1034 2135 1166 2163 τενόντων
1192 2135 1301 2174 ἐλέγετο
1325 2137 1343 2172 ἢ
1369 2137 1440 2164 οὕτω
1459 2139 1658 2174 νομιζομένων.
1684 2139 1743 2167 Ἐπ’
1759 2138 1862 2178 ἐκφορᾷ

1036 2181 1087 2217 γὰρ
1103 2180 1243 2218 προϊόντες
1259 2181 1285 2208 οἳ
1301 2180 1408 2208 ἐκείνων
1416 2180 1544 2216 κηδεσταὶ
1561 2181 1626 2219 δόρυ
1642 2182 1859 2220 λελογχωμένον

151 2218 316 2249 praeeuntes
333 2222 516 2248 mortuorum
533 2224 690 2251 necessarii
713 2225 844 2253 lanceam
861 2218 977 2264 cuspide

1072 2224 1146 2259 ἲτῆς
1161 2224 1255 2258 κλίνης
1279 2225 1410 2259 ἐπέσειον,
1436 2225 1533 2263 δεῖγμα
1556 2228 1606 2261 τῆς
1631 2227 1794 2265 ἀναιρέσεως
1821 2226 1861 2254 ὃν·

152 2263 286 2288 ornatam
297 2270 386 2297 super
396 2263 527 2293 lecticam
540 2267 702 2303 agitabant,
711 2270 740 2296 in
753 2271 838 2298 caedis
849 2263 979 2308 signum.

149 2302 260 2332 Deinde
275 2306 363 2334 caedis
374 2308 520 2337 actionem
536 2302 715 2340 inducebant
727 2313 755 2341 in
767 2322 817 2342 eos
830 2302 904 2351 ques
916 2325 980 2346 reos

150 2354 214 2375 esse
229 2349 397 2379 credebant.
415 2352 506 2381 Aliter
521 2363 579 2382 non
596 2355 638 2384 eis
654 2356 761 2385 licebat
777 2349 924 2388 accusare.

185 2400 229 2450 3‘4.
246 2402 461 2434 Colacretorum
478 2410 576 2435 autem
601 2418 708 2438 nomen
724 2413 768 2438 est
783 2412 894 2448 absque
909 2414 979 2450 rhy-

150 2444 287 2490 mologia.
304 2448 336 2474 Hi
354 2452 423 2477 sunt
438 2451 531 2478 erarii
547 2454 696 2488 custodes,
709 2444 854 2490 judiciale
867 2444 978 2487 triobb-

149 2486 222 2515 lium
239 2489 274 2516 iis
288 2492 339 2526 qui
350 2493 487 2527 judicare
503 2497 605 2524 volunt
620 2486 843 2529 distribuentes.

243 2534 411 2579 llellenicus
435 2542 563 2574 quastor
577 2543 712 2577 generale
727 2545 844 2579 quidem
869 2555 974 2576 nomen

147 2577 202 2609 est,
219 2577 255 2623 ad
275 2581 425 2615 proprium
443 2586 541 2612 tamen
562 2588 659 2614 actum
676 2577 799 2623 spectat.
815 2591 974 2620 Athenien-

146 2627 194 2648 ses
209 2622 298 2658 cnim,
316 2632 381 2652 cum
410 2627 538 2662 primum
559 2629 672 2659 insulas
698 2633 870 2662 invaserunt
894 2645 974 2665 mare

146 2669 333 2703 occupantes,
350 2670 459 2698 tributa
475 2681 573 2702 annua
595 2675 777 2706 insnlaribus
794 2679 970 2717 imposuere,

146 2710 174 2736 et
188 2710 367 2741 tributorum
383 2717 545 2745 exactorem
562 2719 676 2748 Graeciae
688 2710 863 2758 quaestorem
880 2710 972 2754 nomi:

145 2758 301 2784 caverunt.

1036 2270 1092 2297 εἷτα
1106 2270 1155 2304 τήν
1170 2269 1218 2297 τοῦ
1232 2269 1314 2309 φόνου
1340 2271 1444 2309 γραφὴν
1473 2271 1583 2309 εἰσῆγον
1608 2275 1667 2304 καθ’
1692 2272 1728 2299 ὧν
1760 2271 1862 2307 ᾤοντο⁸

1036 2313 1130 2352 ἅγλως
1143 2315 1194 2352 γὰρ
1209 2315 1318 2353 γράφειν
1336 2314 1385 2341 οὐκ
1399 2314 1500 2352 ἐφεῖτο.

1069 2401 1110 2430 λδ¹
1133 2403 1168 2430 Τὸ
1193 2402 1222 2430 δὲ
1245 2406 1297 2431 τῶν
1323 2403 1498 2441 κολακρετῶν
1519 2403 1606 2442 ὄνομα
1620 2404 1862 2443 ἀνετυμολόγητόν

1033 2447 1115 2476 ἐστιν.
1145 2447 1205 2475 Εἰσὶ
1233 2446 1262 2475 δὲ
1291 2448 1365 2475 οὗτοι
1392 2448 1619 2488 ταμειοφύλακες,
1643 2450 1674 2476 τὸ
1704 2448 1860 2477 δικαστικὸν

1033 2491 1215 2528 ἀπονέμοντες
1231 2495 1287 2523 τοῖς
1303 2492 1454 2531 ἐφειμένοις
1469 2492 1587 2528 δικάζειν
1602 2491 1769 2532 τριώϐολον.

1068 2545 1115 2574 λε’.
1132 2547 1160 2572 Ὀ
1177 2544 1205 2573 δὲ
1221 2545 1425 2583 ἑλληνοταμίας
1440 2547 1545 2584 γενικὸν
1564 2547 1612 2583 μὲν
1624 2546 1695 2574 ἐστὶν
1705 2546 1807 2583 ὄνομα,
1824 2548 1858 2578 εἰς

1030 2589 1120 2624 ἱδικὴν
1151 2589 1180 2617 δὲ
1206 2591 1333 2629 κιράτεισι
1363 2592 1468 2628 πρᾶξιν.
1501 2592 1643 2626 Ἀθηναῖοι
1671 2592 1736 2628 γὰρ,
1763 2591 1857 2626 ἐπειδὴ

1028 2637 1136 2672 πρῶτον
1161 2638 1220 2666 ταῖς
1243 2636 1338 2670 νήσοις
1364 2632 1498 2670 ἐπέϐησαν
1530 2635 1855 2672 θαλαττοκρατήσαντες,

1029 2679 1129 2718 φόρους
1152 2683 1210 2712 τοῖς
1238 2680 1385 2714 νησιώταις
1412 2679 1535 2715 ἐτησίους
1564 2680 1704 2716 ἐτάξαντο,
1735 2681 1783 2708 καὶ
1812 2682 1854 2707 τὸν

1028 2723 1232 2763 φορολογοῦντα
1259 2725 1292 2752 τὰ
1318 2725 1450 2762 χρήματα
1466 2723 1667 2761 έλληνοταμίαν
1697 2724 1853 2762 ὠνόμαζον.
