1952 3054
185 106 263 137 1019

850 106 1063 137 MIGHAELIS
1085 106 1221 137 PSELLI

1814 104 1904 134 1020

179 171 236 199 bus
252 178 374 207 regnum
391 172 420 198 et
443 171 582 198 certatam
606 170 756 207 singulare
775 171 898 200 remisit.
918 172 991 200 Tum

1090 181 1102 202 ς
1117 169 1309 202 ἀποδειλιάσας
1336 169 1482 206 Μελανθίῳ
1497 170 1538 205 τῷ
1553 168 1751 207 παρασπίζοντι
1781 171 1838 203 τῆς
1869 179 1899 195 τε

178 215 356 243 Melanthius
367 217 449 243 stans
474 215 508 242 ad
528 223 656 252 pugnam
682 216 777 244 iturus
800 217 836 244 ad
852 217 1000 244 Xanthum

178 260 322 296 processit
337 259 472 295 querenti
497 260 613 294 similis,
627 262 716 296 quod,
731 269 799 289 eum
824 269 857 289 ex
873 263 956 298 pacto
972 261 1001 289 in

177 305 273 333 solum
300 304 449 332 Xanthum
474 312 604 340 pugnare
619 305 746 338 deberet,
765 305 814 334 ille
837 306 933 334 socios
944 306 1001 334 sibi

178 349 372 385 sdjunxisset.
390 349 473 377 Tunc
483 350 640 378 Thebanus
656 350 760 377 avertit
773 353 862 386 caput
877 353 910 378 ut
925 351 1003 379 vide-

177 396 223 423 ret
238 402 308 422 num
323 394 390 430 quis
404 396 578 429 sequeretur
594 402 643 427 se;
657 396 745 430 atque
761 394 801 422 ita
823 395 1002 423 Melanthius

177 438 315 467 lsthalem
331 439 462 466 lanceam
479 438 644 474 propellens
668 438 752 467 illum
768 439 884 474 occidit,
896 442 925 468 et
940 448 1001 468 cer-

178 484 291 511 tamine
301 482 393 510 victor
405 483 507 511 evasit.
518 483 582 518 Ipse
592 491 724 511 annuum
738 483 845 512 festum
857 484 1003 513 celebrare

179 527 278 564 cmpit,
292 527 383 562 hujus
398 529 520 555 eventus
537 535 636 563 causa,
659 530 687 556 et
713 528 780 556 huic
803 529 876 557 festo
896 538 1001 558 nomen

180 573 314 609 apaturia
327 572 480 608 imposuit.

220 663 264 690 41.
283 662 464 690 Telrusditas
481 661 670 697 appellabant
680 663 874 692 Athenienses
889 673 938 693 eos
954 664 1004 700 qui

180 707 270 736 vitam
283 707 382 735 labore
388 708 417 735 et
425 706 553 735 miseriis
562 707 698 736 refertam
709 708 805 736 sortiti
819 711 913 743 erant,
925 710 1003 745 quod

183 760 321 788 asperum
339 759 444 780 nomen
471 752 507 779 ab
521 751 644 780 Hercule
670 756 869 789 sumpserant.
897 754 1006 786 Quarta

183 797 259 825 enim
277 796 388 825 mensis
402 796 449 824 die
473 796 627 825 Herculem
645 799 749 826 natum
776 806 841 826 esse
865 799 1005 828 traditum

183 843 240 869 est.

218 886 262 913 42.
278 885 368 913 Tethe
380 887 410 913 et
421 885 529 913 Titthis
544 887 573 914 et
586 886 719 922 Epitethe
730 896 736 915 :
749 888 805 915 tria
816 888 877 917 haec
885 890 1005 918 nomina

181 930 279 958 tribus
290 930 426 966 personis
435 930 620 965 tribuuntur;
632 931 722 959 Tethe
733 941 750 959 a
761 933 876 961 duobus
885 933 951 962 aliis
974 935 1004 963 in

182 983 215 1002 eo
230 975 327 1002 ditlert
341 975 418 1010 quod
434 977 462 1002 et
477 977 599 1003 matrem
615 978 645 1003 et
659 976 762 1005 matris
775 980 899 1006 matrem
915 979 1006 1016 signi-

183 1019 265 1052 ﬁcat;
282 1019 389 1047 Titthis
414 1021 511 1047 autem
538 1019 631 1055 patris
645 1023 698 1048 aut
717 1022 819 1050 matris
838 1024 884 1051 est
905 1032 1003 1058 soror;

182 1063 315 1099 Epithete
329 1065 373 1091 est
388 1063 479 1091 Tethe
493 1066 594 1092 mater.

217 1153 261 1181 43,
292 1152 386 1180 Patria
415 1156 444 1181 et
473 1155 574 1189 patres
599 1163 657 1182 non
685 1156 787 1184 eadem
813 1165 877 1186 esse
899 1160 1006 1193 putant

181 1197 324 1225 rhetores.
341 1198 398 1226 Sed
425 1198 518 1234 patria
543 1199 698 1228 nominant
722 1209 819 1230 mores
841 1202 962 1238 etleges
977 1204 1005 1231 et

182 1242 321 1278 mysteria
335 1244 364 1269 et
377 1242 468 1276 festa;
485 1245 588 1279 patrna
598 1246 696 1273 autem
707 1245 828 1274 domum
845 1249 874 1274 et
887 1247 966 1275 locos
977 1249 1006 1275 et

181 1294 238 1314 res.

217 1331 260 1364 44,
277 1330 468 1367 Epiteleioma
482 1332 611 1368 (victima
621 1336 686 1369 post
706 1335 780 1363 alias
791 1335 946 1371 oblata),id
962 1338 1006 1365 est

183 1375 298 1412 quodin
316 1376 373 1404 ﬁne
389 1377 594 1413 mysteriorum
607 1379 928 1415 perﬁcitur,przesertim
941 1390 1005 1417 quis

182 1420 212 1448 in
230 1420 377 1456 mysteriis
393 1421 572 1457 Proserpina:
584 1424 612 1450 et
626 1423 750 1452 Cereris.
766 1424 824 1452 Hoc
833 1427 930 1453 autem
941 1434 1006 1454 om-

182 1464 253 1492 nino
264 1467 309 1492 est
320 1466 484 1501 cognitum,
496 1475 549 1494 nec
563 1466 635 1494 mihi
645 1468 680 1495 de
690 1476 723 1496 eo
734 1468 951 1498 disserendum.

218 1518 262 1545 45.
287 1518 478 1554 llypophouia
502 1522 601 1547 autem
626 1523 696 1548 sunt
716 1522 882 1558 sanguinis,
906 1526 939 1551 ut
966 1523 1005 1552 ita

182 1562 279 1590 dicam
297 1549 400 1590 multa.
418 1563 534 1591 Licebat
557 1564 636 1592 enim
662 1566 750 1594 occisi
1020 1549 1042 1583 ο

182 1606 397 1634 interfectorem
411 1608 542 1636 occidere
561 1609 605 1636 vel
619 1610 706 1638 caedis
720 1611 847 1646 pretium
863 1613 1004 1649 accipere.

183 1651 249 1683 Quae
266 1650 354 1683 igitur
369 1659 420 1687 pro
436 1652 513 1680 caede
528 1653 596 1681 data
610 1656 693 1682 erant
706 1655 743 1683 ab
759 1655 944 1685 interfectam
956 1666 1006 1686 no-

184 1695 375 1723 minabantur
390 1696 585 1732 hypophonia.

219 1739 263 1767 46.
281 1739 355 1768 illud
371 1743 468 1769 autem
485 1752 498 1767 ι
516 1743 722 1779 androlepsion
739 1757 753 1770 »
770 1748 831 1773 erat
848 1746 1004 1775 hominum

183 1784 349 1820 prehensio,
366 1787 397 1813 ut
418 1788 497 1822 patet
519 1795 552 1814 eo
577 1787 641 1823 ipso
666 1789 800 1826 nomine;
827 1790 1004 1827 legislatoris

181 1831 280 1857 autem
296 1829 446 1858 decretum
462 1833 525 1859 erat
541 1831 576 1859 de
591 1832 820 1862 Atheniensibus
830 1835 860 1863 in
874 1837 1003 1872 quodam

181 1874 282 1902 Atticae
298 1874 360 1903 loco
381 1875 508 1911 occisis,
525 1878 596 1905 Cum
626 1878 704 1907 enim
729 1879 778 1907 ille
793 1880 843 1916 qui
860 1889 912 1917 pro
927 1882 1005 1910 caede

182 1921 339 1955 suspectus
363 1919 537 1956 habebatur,
564 1923 781 1952 accusationem
807 1925 929 1960 fugeret,
945 1928 1004 1954 tres

175 1962 294 1998 judices
308 1963 344 1991 ad
361 1971 435 1999 quos
450 1965 486 1992 de
501 1965 551 1993 illo
576 1967 751 2002 pertinebat,
778 1977 846 1997 eum
870 1978 1003 2006 compre-

181 2006 358 2043 hendebant,
369 2011 398 2036 et
413 2009 468 2037 hoc
483 2011 689 2047 androlepsion
706 2014 923 2042 nominabatur.

216 2060 260 2087 47.
276 2061 446 2097 Areopagus
461 2070 528 2091 vero
541 2064 773 2100 pulcherrimum
788 2070 833 2095 est
848 2068 1005 2096 Athenien-

178 2104 254 2132 sium
267 2105 409 2133 tribunal.
421 2106 548 2136 Medium
559 2111 601 2137 est
613 2112 711 2138 autem
734 2111 808 2139 inter
831 2112 959 2140 fabulam
976 2115 1005 2141 et

176 2149 328 2177 veritatem
347 2150 402 2179 hoc
418 2159 534 2181 nomen.
552 2154 623 2182 Cum
648 2155 727 2182 enim
749 2155 832 2184 locus
861 2165 945 2185 mons
961 2157 1004 2185 ni-

176 2201 264 2222 vosus
277 2194 325 2227 sit,
340 2203 432 2232 pagus
446 2196 544 2225 dictus
563 2200 618 2231 est;
638 2199 778 2234 quoniam
793 2202 889 2228 autem
905 2201 960 2229 hoc
974 2201 1003 2229 iu

1059 214 1197 253 βασιλείας
1220 215 1265 243 καὶ
1288 219 1336 250 τῆς
1372 214 1544 252 μονομαχίας
1574 215 1745 252 παραχωρεῖ.
1773 213 1827 240 Καὶ
1862 211 1896 247 ὂὴ

1056 262 1189 291 καταστὰς
1218 261 1232 288 ὁ
1260 259 1414 290 Μελάνθιος
1443 260 1481 290 εἰς
1509 259 1600 295 ἀγῶνα
1625 260 1666 294 τῷ
1679 258 1779 294 Ξάνθῳ
1810 257 1898 288 εὐθὺς

1060 303 1262 337 δεινοπαθοῦντι
1280 305 1369 340 ἐῴκει,
1382 303 1434 340 ὅτι,
1451 302 1511 330 δέον
1523 303 1570 330 τὸν
1585 301 1690 334 Ξάνθον
1711 301 1796 338 μόνον
1822 300 1899 329 κειτᾶ

1058 350 1193 385 συνθήκας
1219 348 1436 387 διαγωνίζεσθαι,
1459 349 1473 376 ὁ
1498 346 1527 375 δὶ
1561 347 1606 375 καὶ
1634 347 1796 384 συμμαχίαν
1829 344 1898 385 ἐφέ-

1059 405 1155 422 σπεται
1172 405 1178 412 ·
1207 394 1247 434 ἐφ’
1276 395 1298 430 ᾧ
1327 394 1373 421 τὸν
1401 390 1520 427 Θηϐαῖον
1553 391 1793 429 ὑπερεκπλαγὲντοι
1821 390 1898 418 ἀποο

1056 442 1149 467 νεῦσαι
1163 439 1212 474 τὴν
1227 438 1348 478 κεφαλὴν
1363 437 1409 466 ξίνα
1423 436 1452 466 εἷ’
1473 448 1514 468 τις
1537 436 1631 465 ἕποιτο
1648 435 1702 464 ἴδοι
1718 445 1725 452 ·
1741 436 1786 463 καὶ
1817 434 1897 462 οὕτω

1054 485 1101 512 τὸν
1131 484 1296 520 Μελάνθιον,
1326 481 1432 510 diem:
1471 483 1502 509 τὸ
1545 480 1610 519 δόρυ
1650 480 1695 508 ἐπὶ
1720 481 1754 508 τὰ.
1781 480 1896 517 καίρια,

1058 529 1161 556 ἐκεῖνόν
1190 539 1219 556 τε
1246 529 1402 556 ἀποκτεῖναι
1430 527 1475 555 καὶ
1518 527 1549 554 τὸ
1585 526 1683 564 κράτος
1711 524 1896 562 ἆνειληφέναι

1053 577 1104 608 τῆς
1124 574 1228 611 μάχης,
1243 574 1286 601 καὶ
1304 572 1423 601 ἐπετείου
1439 572 1537 609 ἑορτῆς
1562 571 1715 608 ἀρξάμενον
1738 572 1788 597 τοῦ
1819 580 1896 606 συμ-

1058 616 1208 653 ϐεϐηκότος
1219 617 1306 654 ἕνεκα,
1322 617 1473 655 ἀπατούρια
1487 619 1572 648 θεῖναι
1587 617 1622 652 τῇ
1639 615 1720 652 ἑορτῇ
1736 612 1840 650 ὄνομα.

1095 673 1149 708 μα’.
1165 670 1341 710 Τετραδιστὰς
1376 669 1406 698 δὲ
1431 671 1571 705 Ἀθηναῖοι
1601 669 1680 707 φασὶν
1720 669 1762 699 οἷς
1801 665 1895 705 ἔλαχε

1061 718 1120 756 βίος
1157 717 1285 748 ἐπίπονος
1322 717 1368 744 καὶ
1400 715 1590 752 ταλαίπωρος,
1620 714 1805 751 σκληρότερον
1846 713 1895 751 ἀφ’

1061 762 1202 800 Ηρακλὲος
1224 762 1321 798 ζοῦτως
1344 761 1441 792 αὐτοὺς
1457 761 1647 796 ὀνομάζοντες.
1667 759 1806 796 Τετάρτης
1836 758 1892 795 γὰρ

1060 810 1108 835 τοῦ
1126 808 1210 844 μηνὸς
1226 807 1304 837 οὗτος
1318 805 1492 844 γεγεννῆσθαι
1507 804 1661 841 ἱστόρηται.

1097 898 1151 935 μβ’.
1181 897 1258 932 Τήθη
1288 895 1333 923 καὶ
1361 895 1447 926 τιτθὶς
1479 895 1524 922 καὶ
1553 893 1668 928 ἐπιτήθη
1686 901 1692 908 ·
1717 891 1778 929 τρία
1804 892 1892 919 ταῦτα

1061 942 1182 978 ὀνόματα
1201 942 1260 969 κατ’
1280 940 1430 978 ἰσαρίθμων
1452 939 1608 977 προσώπων
1639 937 1775 974 λεγόμενα
1791 946 1799 953 ·
1816 935 1892 970 πλήν

1060 988 1078 1021 ἡ
1094 987 1164 1022 τήθη
1175 988 1305 1013 τοσοῦτον
1327 985 1427 1024 ἀμφοῖν
1444 983 1619 1018 διήλλακτοιι,
1637 981 1678 1010 ὅτι
1693 982 1738 1009 καὶ
1759 981 1811 1015 τὴν
1840 992 1890 1017 μη-

1059 1031 1123 1068 τερα
1151 1031 1197 1057 καὶ
1226 1031 1277 1064 τὴν
1306 1033 1356 1064 τῆς
1385 1029 1488 1066 μητρὸς
1515 1027 1618 1064 μητέρα
1633 1025 1736 1062 δηλοῖ*
1752 1025 1844 1058 τιτθὶς
1861 1024 1890 1052 δὶ

1059 1076 1076 1109 ὴ
1095 1073 1199 1113 ἀδελφή
1225 1073 1280 1101 ἐστι
1307 1076 1355 1101 τοῦ
1383 1073 1485 1110 πατρὸς
1511 1073 1528 1107 ἢ
1551 1075 1602 1107 τῆς
1625 1070 1728 1108 μητρός
1743 1079 1750 1087 ·
1767 1070 1888 1105 ὶπιτ-ήθη

1059 1118 1088 1147 δὲ
1103 1119 1174 1147 ἐστιν
1189 1120 1206 1154 ἡ
1223 1122 1272 1153 τῆς
1287 1120 1373 1154 τήθης
1390 1119 1491 1154 μήτηρ.

1096 1164 1151 1201 μγ’.
1169 1163 1272 1201 Πάτρια
1301 1162 1330 1190 δὲ
1357 1162 1403 1190 καὶ
1431 1163 1543 1199 πατρῷα
1571 1160 1602 1188 οὐ
1630 1160 1715 1188 ταύτὰ
1730 1160 1757 1187 οἱ
1773 1159 1890 1197 ῥήτορες

1060 1208 1163 1236 οἷόνται
1181 1218 1187 1224 ·
1204 1206 1278 1235 ἀλλὰ
1293 1208 1393 1244 πάτρια
1410 1207 1457 1243 μὶν
1469 1207 1503 1233 τὰ
1519 1204 1565 1241 ἔθη
1581 1205 1627 1233 καὶ
1650 1205 1684 1232 τὰ
1709 1205 1818 1240 νόμιμα
1842 1203 1888 1230 καὶ

1058 1254 1092 1281 τὰ
1109 1254 1244 1290 μυστήρια
1267 1252 1311 1279 καὶ
1335 1252 1383 1283 τὰς
1409 1251 1504 1288 ἑορτὰς
1525 1249 1700 1287 ὀνομάζουσι,
1716 1250 1832 1286 πατρῷα
1861 1246 1888 1274 δὲ

1058 1299 1103 1326 τὸν
1118 1298 1192 1325 οἶκον
1206 1297 1250 1325 καὶ
1264 1297 1298 1324 τὰ
1312 1296 1404 1334 χωρία
1419 1295 1463 1323 καὶ
1478 1295 1512 1323 τὰ
1525 1296 1669 1333 χρήματα.

1097 1341 1152 1378 μδ’,
1167 1341 1368 1378 Ἐπιτελείωμα
1383 1339 1411 1368 δέ
1426 1339 1482 1367 ίστι
1494 1340 1525 1367 τὸ
1540 1339 1585 1367 ἰπὶ
1604 1338 1678 1366 τέλει
1700 1340 1754 1366 τῶν
1783 1348 1887 1374 μυστη-

1061 1387 1126 1425 ρίων
1157 1387 1313 1424 γινόμενον,
1332 1385 1451 1422 μάλιστα
1478 1383 1508 1412 δὲ
1536 1385 1629 1421 Κόρης
1653 1383 1698 1411 καὶ
1726 1383 1887 1421 Δήμητρος.

1061 1433 1150 1460 Τοῦτο
1167 1430 1195 1459 δὲ
1206 1428 1387 1468 παμϐἑϐηλόν
1402 1429 1457 1457 ὲσνι
1472 1429 1518 1457 καὶ
1533 1426 1610 1456 οὐδὲν
1625 1427 1720 1464 δέομαι
1750 1426 1852 1465 λέγειν.

1099 1489 1148 1522 με’.
1165 1485 1207 1513 Τὰ
1222 1484 1250 1512 ὂὶ
1266 1483 1407 1523 ὑποφόνια,
1421 1482 1457 1511 ’ἶν’
1478 1483 1564 1514 οὕτως
1585 1481 1664 1517 εἶ’πω,
1678 1481 1747 1518 τιμὴ
1772 1479 1889 1517 αἵματός

1062 1530 1139 1559 εἶσιν,
1156 1528 1278 1558 Ἐὂίόοτο
1299 1529 1349 1566 γὰρ
1377 1531 1435 1559 τοῖς
1463 1530 1511 1556 τοῦ
1537 1525 1756 1563 ἀπεκτονημὲνου
1780 1525 1888 1563 κλήρο-

1061 1575 1157 1612 νόμοις
1173 1574 1190 1609 ἢ
1211 1574 1375 1611 ἀνταναιρεῖν
1389 1573 1435 1601 τὸν
1451 1571 1617 1600 ἀπεκτονότα
1641 1572 1657 1607 ἢ
1682 1570 1793 1608 τίμημα
1817 1570 1888 1606 λαμ-

1061 1617 1150 1648 ϐάνειν
1176 1621 1224 1646 τοῦ
1249 1619 1342 1658 φόνου.
1359 1618 1400 1647 Τὰ
1416 1617 1462 1645 οὗν
1484 1617 1549 1655 ὑπὲρ
1573 1618 1621 1644 τοῦ
1645 1615 1727 1654 φόνου
1756 1613 1886 1652 οιδόμενα

1059 1665 1132 1703 παρὰ
1146 1667 1193 1691 τοῦ
1209 1663 1388 1695 ἀπεκτονότος
1405 1662 1539 1701 ὑποφόνια
1554 1661 1726 1698 ὀνομάζεται.

1097 1758 1149 1791 pc’.
1165 1754 1205 1783 Τὸ
1232 1752 1260 1781 δὲ
1289 1751 1473 1790 ἀνδρολήψιον
1500 1750 1602 1789 ἀνδρῶν
1624 1750 1671 1786 μὶν
1688 1748 1774 1786 λῆψίς
1800 1747 1884 1785 ἔστιν,

1059 1799 1097 1830 ὡς
1122 1797 1206 1834 δῆλον
1227 1798 1271 1825 καὶ
1295 1796 1418 1833 τοῦνομα
1434 1806 1440 1812 ·
1458 1795 1607 1832 νομοθὲτου
1634 1793 1724 1831 δόγμα
1753 1792 1797 1820 ἐπὶ
1826 1795 1884 1824 τοῖς

1058 1843 1243 1881 ἀνῃρημένοις
1273 1841 1428 1877 Ἀθηναίοις
1456 1838 1482 1868 ἕν
1508 1850 1561 1868 τινι
1591 1839 1689 1877 χωρίῳ
1717 1841 1767 1873 τῆς
1795 1838 1884 1866 Ἀττι-

1059 1891 1120 1923 κῆς.
1150 1889 1206 1915 Τοῦ
1244 1886 1294 1924 γὰρ
1335 1884 1547 1916 ὑποπτευθέντος
1575 1883 1676 1923 φονέως
1701 1883 1751 1917 τήν
1779 1882 1883 1920 γραφὴν

1059 1932 1216 1972 φεύγοντος,
1239 1933 1314 1969 τρεῖς
1341 1933 1394 1958 τῶν
1422 1929 1517 1965 ἐκείνῳ
1545 1928 1739 1972 προσηκόντων
1767 1926 1883 1972 ἀνῄρουν

1059 1969 1085 2005 οἱ
1101 1975 1223 2004 δικασταὶ
1249 1972 1498 2012 συλλαμῦάνοντες,
1517 1975 1562 2001 καὶ
1590 1971 1775 2010 ἀνδρολήψιον
1805 1969 1885 1998 τοῦτο

1058 2020 1276 2057 κπτωνομάζετο.

1096 2068 1148 2102 μζ.
1163 2066 1195 2093 '0
1211 2064 1240 2092 δὲ
1259 2066 1369 2102 Ἄρειος
1394 2064 1481 2101 πάγος
1505 2063 1535 2090 τὸ
1559 2060 1707 2090 κάλλιστόν
1730 2059 1786 2088 ἐστι
1814 2059 1885 2097 παρὰ

1057 2113 1117 2141 τοῖς
1133 2111 1267 2140 Ἀττικοῖς
1283 2107 1468 2146 δικαστήριον.
1485 2108 1576 2136 Μέσον
1592 2105 1621 2133 δὶ
1638 2106 1723 2142 μύθου
1750 2104 1795 2132 καὶ
1819 2104 1884 2139 ἀλη-

1059 2155 1131 2187 θείας
1153 2154 1209 2182 ἐστὶ
1233 2154 1264 2181 τὸ
1289 2151 1387 2190 ὄνομα,
1409 2152 1484 2180 Ἐπεὶ
1520 2151 1570 2189 γὰρ
1605 2148 1751 2189 νιφετῶδες
1781 2147 1844 2186 ὅρος
1870 2149 1883 2176 ὁ

1057 2199 1141 2231 τόπος
1163 2199 1218 2226 ἐστὶ
1241 2197 1327 2236 πάγος
1349 2197 1455 2234 ἐλέγετο
1472 2206 1479 2212 ·
1504 2195 1561 2224 ἐπεὶ
1587 2194 1616 2223 δὲ
1641 2195 1666 2222 ἐν
1688 2194 1761 2230 αὖτῷ
1777 2196 1883 2231 πρῶτος

181 2238 242 2266 loco
256 2239 368 2275 primus
383 2240 538 2276 Neptunus
554 2250 622 2270 cum
635 2243 727 2271 Marte
738 2245 774 2272 de
785 2245 991 2282 marisimpcri.

1089 2242 1197 2271 οσειδῶν
1213 2235 1291 2281 ’Ἄρει
1314 2242 1376 2280 περὶ
1391 2241 1567 2279 ’Δλιρῥοθίου
1591 2239 1764 2277 προσέμιξεν,
1779 2239 1884 2276 ’Δρειος

180 2291 286 2312 manus
303 2286 635 2324 conseruit.Areopagus
652 2289 823 2318 nominatus
833 2292 890 2318 est.
905 2292 939 2318 Et
953 2291 1005 2327 qui

179 2327 219 2356 ibi
235 2329 324 2358 vitam
341 2330 476 2366 agebant,
492 2340 550 2360 non
575 2332 655 2360 aliud
680 2334 811 2363 tribunal
825 2335 907 2364 adire
923 2338 1003 2372 pote-

179 2375 255 2401 rant.

216 2417 259 2445 48.
276 2418 490 2455 Tritagonistes
500 2430 557 2450 non
577 2425 623 2451 est
641 2431 728 2459 quem
741 2431 848 2452 nomen
863 2425 1002 2453 ostendit.

180 2461 291 2490 Nomen
308 2464 439 2499 quidem,
452 2468 484 2494 ut
495 2467 656 2496 honoriﬁca
674 2469 840 2505 appellatio,
857 2471 1002 2506 composi-

181 2507 245 2534 tum
261 2515 327 2535 esse
343 2508 468 2543 videtur,
484 2519 518 2538 eo
533 2514 630 2539 autem
657 2515 690 2540 ut
711 2513 856 2549 vituperio
880 2516 1004 2542 utuntur

182 2549 233 2586 qui
253 2550 323 2579 illud
354 2552 504 2582 adhibent.
527 2555 659 2591 Exempli
681 2565 771 2586 causa
795 2558 1003 2587 Demosthenes

180 2595 399 2631 tritagonistem
425 2599 577 2628 Esehinem
602 2603 687 2629 vocat
707 2603 843 2637 irridens,
869 2604 920 2639 qui
950 2612 1002 2632 nec

181 2639 270 2668 semel
288 2649 339 2676 pro
349 2642 579 2673 Atheniensibus
595 2647 754 2683 pugnando
778 2648 920 2682 eminuit;
944 2657 1001 2676 non

178 2685 258 2712 enim
274 2685 394 2722 bellare,
411 2688 462 2716 sed
477 2689 624 2719 orationes
641 2692 749 2721 habere
764 2692 866 2720 voluit.
883 2693 1004 2721 Ponitur

178 2732 234 2760 hoc
251 2741 357 2761 nomen
388 2735 490 2762 contra
511 2743 561 2763 eos
582 2736 790 2772 trsgmdiarum
817 2739 930 2765 actores
951 2737 1002 2774 qui

177 2777 312 2806 Creontis
331 2782 360 2806 et
375 2779 609 2815 Agamemnonis
624 2783 723 2816 partes
738 2781 898 2816 sustinent;
923 2783 952 2810 et
977 2783 1000 2810 sl

1058 2290 1144 2327 πάγος
1177 2287 1397 2324 κατωνομάζετο.
1436 2285 1486 2313 Καὶ
1522 2285 1547 2312 οἱ
1586 2283 1672 2312 ἐκεῖσε
1703 2282 1882 2318 διαιτηθὲντες

1059 2333 1099 2361 ἐπ’
1112 2332 1182 2361 ἄλλο
1199 2331 1372 2369 δικαστήριον
1389 2331 1492 2370 ἐφεῖναι
1507 2329 1557 2357 οὐκ
1570 2327 1705 2356 ἐδύναντο.

1096 2423 1152 2459 μη’.
1166 2423 1196 2451 Ὁ
1220 2421 1249 2450 δὲ
1273 2420 1485 2460 τριταγωνιστὴς
1507 2418 1574 2457 οὐχ,
1589 2418 1627 2449 ὡς
1643 2416 1727 2453 δηλοῖ
1751 2415 1878 2453 τοῦνομα,

1059 2468 1102 2495 καὶ
1130 2468 1162 2495 τὸ
1189 2470 1302 2504 πρᾶγμα
1329 2464 1395 2495 ἐστί.
1412 2465 1452 2493 Τὸ
1482 2465 1528 2501 μὶν
1555 2463 1607 2501 γὰρ
1636 2461 1724 2498 ὄνομα
1747 2461 1786 2492 εἷς
1802 2461 1879 2500 εὐφη-

1061 2512 1123 2549 μίαν
1148 2512 1328 2539 συντεθεῖσθαι
1353 2510 1498 2545 εἰκάζεται,
1515 2507 1559 2535 ἐπὶ
1583 2507 1661 2545 ψόγῳ
1686 2505 1714 2534 δὶ
1735 2507 1762 2534 οὶ
1778 2505 1879 2544 χρησά-

1060 2567 1135 2593 μενοι
1165 2556 1314 2595 φαίνονται.
1342 2554 1447 2582 Αὐτίκα
1475 2553 1489 2580 ὁ
1519 2552 1695 2588 Δημοσθένης
1723 2560 1878 2595 τριταγωνιῖ

1059 2602 1123 2636 στῆν
1148 2593 1194 2628 τον
1215 2599 1348 2638 Αἰσχίνην
1369 2598 1548 2626 ἐπισκώπτων
1564 2597 1657 2636 φησὶν,
1678 2596 1708 2626 ὃς
1736 2593 1794 2623 οὐδ’
1817 2594 1879 2628 ἅπαξ

1059 2646 1125 2684 ὑπὶρ
1152 2644 1302 2681 Ἀθηναίων
1341 2643 1530 2682 ἠγωνισμένος
1568 2641 1724 2679 ἡρίστεοκεν
1741 2650 1748 2657 ·
1779 2639 1810 2667 οὗ
1832 2639 1878 2676 γὰρ

1058 2693 1228 2729 στρατηγεῖν,
1253 2689 1326 2718 ἀλλὰ
1357 2687 1513 2727 ῥητορεύειν
1546 2685 1645 2714 ε’ίλετο.
1672 2685 1782 2717 Titium
1819 2685 1878 2721 γοῦν

1056 2734 1178 2772 τοῦνομα
1205 2735 1274 2763 κατά
1300 2736 1354 2762 τῶν
1377 2733 1403 2761 ἄν
1427 2735 1486 2763 ταῖς
1515 2729 1682 2769 τραγῳδίαις
1717 2729 1876 2772 ὑποκριτῶν,

1057 2770 1157 2808 ὁπόταν
1183 2779 1318 2818 Κρέοντας
1343 2779 1482 2815 μιμῶνται
1505 2776 1549 2804 καὶ
1575 2774 1783 2814 ’Δγαμὲμνονας
1800 2782 1806 2789 ·
1832 2770 1877 2800 κᾶν
