1952 3052
109 99 188 131 1031

697 105 749 135 DE
772 104 977 137 ACTIONUM
998 104 1231 135 NOMINIBUS.

1737 102 1816 136 1022

109 166 161 201 μὲν
183 166 279 203 ἄριστα
302 167 334 194 τὸ
361 168 428 201 ἦθος
451 167 671 204 ἐξομοιώσωνται
685 171 754 206 πρὸς
767 170 831 202 τοὺς
845 171 911 208 ἥρωι

1019 172 1133 200 uideme
1149 171 1240 206 optim
1257 169 1379 197 heroum
1394 170 1518 197 naturas
1541 169 1708 202 imitantur,
1729 169 1814 204 prot-

107 211 341 248 πρωταγωνισταὶ
365 211 558 248 ὀνομάζονται,
584 214 617 249 ἢν
642 213 671 241 δὲ
698 215 748 250 μή,
774 214 939 253 δευτεραγω-

106 255 197 282 νισταί
214 265 220 271 ·
237 256 271 291 ἢν
302 255 330 283 δὲ
353 257 440 292 πάντη
467 256 607 294 ἀδοκίμως
635 259 827 296 ὑποκριθῶσιν,
849 260 874 287 ἐν
903 262 937 296 τῇ

106 300 190 337 τρίτῃ
205 300 275 335 τάξει
292 304 523 339 καταριθμοῦνται
529 324 535 330 .

149 348 201 381 μθ’.
218 345 282 382 Περὶ
302 344 331 373 δὲ
354 348 402 373 τοῦ
423 345 549 384 πέμπτου
576 348 674 385 μέρους
696 347 836 381 πολλάκις
859 348 938 386 λεγο-

109 389 194 425 μὲνου
223 389 295 427 παρὰ
322 393 380 422 τοῖς
410 390 550 429 ῥήτορσιν,
576 392 659 419 εἰπεῖν
699 393 842 431 ἀναγκαῖον
883 393 936 422 ὅτι,

106 433 294 462 πεντακοσίων
325 433 489 470 δικαζόντων
518 437 591 474 παρὰ
618 439 677 468 τοῖς
705 438 862 473 Ἀθηναίοις
891 437 936 465 καὶ

109 479 256 515 τριάκοντα
279 480 323 506 καὶ
351 478 424 514 δέκα,
442 481 468 508 αἱ
491 483 579 519 ψῆφοι
598 484 651 509 τῶν
676 481 842 519 κεκριμένων
871 482 937 510 ποτὶ

107 523 159 559 μὲν
189 522 335 558 ἷ⁷σαι,ποτέ
364 523 393 551 δὲ
416 526 490 562 παρὰ
515 528 598 554 τοῦτο
621 526 752 564 ἐγίνοντο,
777 527 821 554 καὶ
850 527 935 563 νόμος

105 567 158 598 τὰς
172 567 287 598 πλείους
308 572 427 606 κρατεῖν.
440 569 474 596 Ei
498 568 526 597 δὲ
549 571 563 597 ὁ
584 571 784 608 κατηγορηκὼς
813 573 936 603 τοιοῦτος

101 611 180 650 ποιρᾶ
203 612 335 643 τοσαύτας
358 613 466 651 ψήφους
492 613 598 650 ἐγένετο
622 615 684 642 ὅσον
710 616 747 651 μή
763 615 794 643 τὸ
809 616 933 652 πέμπτον

103 655 217 693 λαχεῖν,
244 655 368 692 ἠτίμωτο
394 657 439 684 καὶ
461 659 547 692 πάντη
574 657 799 696 καταδεδιῄτητο,
814 660 859 687 καὶ
887 659 934 687 αὖ-

104 701 148 731 θις
163 703 326 738 κατηγορεῖν
344 701 394 728 οὐκ
408 700 546 730 ἐδέδοκτο.

141 746 174 773 ν’.
189 745 227 772 Τὰ
252 744 281 772 δὲ
302 745 476 785 ἆμφιδρόμια
504 746 672 780 ἧπιτοκίδιός
704 748 774 776 ἐστιν
798 749 889 787 ἑορτὴ,
905 749 932 777 ἐν

102 790 123 825 ᾖ
153 789 314 827 χορεύοντες
342 791 368 817 οἱ
396 789 546 826 ἐπιτήδειοι
576 794 610 829 τῇ
631 793 815 830 γεννησαμὲνῃ
840 794 932 821 ἑκατε-

994 217 1132 252 agoniste:
1150 215 1358 247 nominantur;
1375 213 1399 241 si
1414 213 1526 248 minus,
1550 212 1813 248 deuteragonistaa;

993 261 1018 287 si
1034 260 1153 288 omnino
1169 259 1244 287 male
1256 260 1474 294 repraesentem,
1492 258 1522 285 in
1538 258 1624 285 tertio
1645 257 1746 284 ordine
1761 265 1813 284 nu-

994 307 1154 332 merantur.

1028 350 1072 376 49.
1088 349 1128 377 De
1144 349 1249 384 quinta
1269 351 1364 377 autem
1379 352 1459 385 parte
1471 348 1548 384 apud
1560 348 1690 375 oratores
1705 345 1813 382 saepius

992 396 1144 430 usurpata,
1173 393 1267 421 dicere
1289 393 1361 421 illud
1387 395 1511 429 oportet.
1537 394 1606 420 Cum
1633 391 1708 426 apud
1725 390 1813 417 Athe-

993 439 1109 466 nienses
1120 438 1232 473 judices
1249 438 1309 466 sint
1324 446 1447 466 numero
1459 437 1624 473 quingenti,
1642 437 1671 463 et
1691 435 1812 470 triginta

991 485 1019 510 et
1034 483 1145 517 decem,
1160 483 1195 510 de
1211 483 1406 511 controversis
1422 482 1562 518 suffragia
1577 489 1655 509 nunc
1676 481 1744 507 sunt
1759 487 1811 507 nu-

991 535 1071 556 mero
1086 527 1214 563 aqualis,
1231 536 1309 555 nunc
1332 527 1499 563 inzequalia,
1517 529 1545 554 et
1568 525 1612 554 lex
1627 527 1672 553 est
1693 523 1812 561 plurali-

990 573 1079 598 tatom
1104 571 1228 599 vincere.
1253 572 1282 599 Si
1310 574 1407 600 autem
1430 573 1583 599 accusator
1603 579 1661 598 non
1677 569 1810 605 quintam

990 615 1196 651 sulfragiorum
1213 617 1326 651 partem
1342 615 1499 649 obtineret,
1515 615 1693 651 puniebatur
1708 616 1736 641 et
1751 621 1812 640 om-

989 659 1057 688 nino
1073 660 1335 694 condemnabatur,
1356 667 1450 696 neque
1466 668 1582 688 rursum
1601 659 1625 686 ei
1641 657 1748 686 licebat
1762 665 1809 685 ac-

989 713 1101 732 cusare.

1022 751 1067 777 50.
1085 750 1309 787 Amphidromia
1321 757 1388 777 vero
1413 750 1507 778 festus
1530 749 1593 776 dies
1613 750 1658 776 est
1681 746 1808 783 partium

987 797 1149 829 occasione,
1162 804 1220 831 quo
1234 795 1388 832 propinqui
1400 794 1542 831 parientis
1554 793 1658 821 choros
1670 793 1809 820 ducentes

103 835 191 871 ρωθεν
214 836 262 861 τοῦ
285 833 382 866 παιδὸς
409 835 556 874 ὀρχοῦνταί
575 847 605 864 τε
619 837 663 864 καὶ
679 837 865 875 συντρέχουσι.
883 842 911 866 Kc

1019 849 1097 868 roum
1113 840 1254 868 infantem
1269 839 1378 867 saltant
1393 842 1421 867 et
1437 840 1628 867 concurrunt.
1645 837 1699 869 Qui
1725 839 1808 864 actus

101 877 279 917 ἀμφιὸρόμια
292 879 324 906 τὸ
337 881 525 918 πραττόμενον
542 879 659 918 λέγεται.

138 924 187 951 να’.
203 923 238 950 Τὸ
266 922 294 951 δὲ
313 924 341 951 εὗ
372 925 410 958 οἴ,
436 924 491 961 ὕῖς,
515 924 655 961 ἅτις,ῧί”ς,
682 928 840 964 συνθήματα
869 928 931 955 ὀνο-

102 968 196 1004 μάτων
226 967 281 996 ἐστὶ
314 966 532 1007 βαρϐαριζόμενα
562 971 607 998 ἐπὶ
631 970 851 1003 τελεταῖς.¹Εστι
878 973 929 1010 γὰρ

100 1012 115 1039 ὁ
138 1012 185 1049 μὲν
198 1012 256 1044 ἅτις
271 1015 305 1050 τῇ
322 1013 422 1052 φρυγίᾳ
446 1014 558 1052 γλώσσῃ
582 1016 596 1042 ὁ
621 1015 693 1050 Ζεὺς,
709 1016 740 1043 τὸ
765 1015 794 1044 δὲ
816 1017 858 1048 ὕϊς
887 1017 930 1044 εὐ-

99 1057 194 1084 κτικόν
210 1056 276 1092 ἐστι,
293 1058 324 1085 τὸ
341 1057 370 1085 δὲ
384 1056 453 1085 antea
468 1058 572 1086 ἐονικόν
591 1069 597 1076 ·
613 1060 650 1092 ὡς
679 1061 727 1095 τήν
757 1060 826 1096 ὅλην
842 1061 928 1099 εὐχὴν

98 1101 231 1137 τοιαύτην
249 1102 313 1130 εἶναι
332 1111 339 1118 '
358 1115 371 1129 ‹‹
388 1102 441 1139 ῧϊς,
462 1104 484 1130 ὦ
509 1106 558 1131 Ζεῦ
583 1102 703 1140 σαϐάζιε,
724 1105 777 1136 ῧϊς.
795 1118 809 1131 ››
825 1106 856 1132 Οἱ
880 1106 927 1142 μὶν

97 1146 150 1184 γὰρ
181 1146 208 1173 εὖ
234 1148 263 1174 οἴ
285 1158 348 1186 φασι
373 1147 510 1185 λέγεσθαι,
527 1149 552 1175 οἱ
577 1148 616 1184 δὲ,
633 1149 660 1176 εὖ
683 1150 740 1188 βοῒ.
755 1151 793 1179 Τὸ
821 1151 867 1186 μὶν
900 1149 928 1178 εὖ

99 1192 129 1217 οἴ
150 1189 368 1229 ὲλληνικώτερόν
396 1191 462 1226 ἐστι,
486 1192 518 1220 τὸ
544 1191 573 1220 δὲ
599 1193 627 1221 εὖ
653 1195 699 1230 βοῒ
725 1192 928 1232 βαρϐαρικώτε-

99 1245 148 1272 ρον
166 1246 172 1252 ·
200 1236 257 1263 κατ’
282 1233 406 1274 ἔλλειψιν
431 1238 463 1264 τὸ
488 1237 516 1264 εὖ
541 1238 582 1269 ῧϊς
608 1241 748 1270 Βοιωτοῖς.
774 1242 831 1267 Τῶν
852 1239 875 1267 δ’
900 1240 926 1268 ἐν

102 1280 264 1318 μυστηρίοις
295 1280 456 1316 ἱλληνικοῖς
489 1280 643 1319 λεγομένων
672 1283 718 1310 καὶ
752 1285 928 1323 γραφομένων

100 1323 164 1351 οὔτε
178 1325 212 1351 τὰ
227 1325 347 1362 ὀνόματα
362 1323 530 1363 ἁπακριϐοὗν
558 1325 608 1363 δεῖ,
626 1326 687 1355 οὕτε
710 1329 743 1355 τὰ
769 1328 924 1366 γράμματα.

99 1369 135 1396 Οἱ
163 1369 214 1406 γὰρ
243 1369 328 1397 πάλαι
357 1370 390 1397 τὰ
418 1372 577 1407 συνθήματα
601 1371 773 1410 ὲξευρηκότες
795 1372 825 1401 ἔκ
852 1385 927 1406 τινος

100 1411 244 1449 δαιμονίας
269 1412 419 1450 ἐπιϐουλῆς
444 1415 629 1453 ἀνερμήνευτα
652 1419 735 1444 ταῦτα
762 1418 925 1446 καταλελοί-

99 1468 192 1492 πασιν,
209 1457 274 1489 ἴσως
297 1458 342 1487 καὶ
367 1459 445 1487 αὐτοὶ
470 1460 652 1498 ἀγνοήσαντες
675 1461 778 1490 τούτων
803 1463 854 1497 τήν
879 1461 925 1490 δύ-

97 1512 179 1538 ναμιν
198 1512 204 1518 ·
222 1501 264 1530 διὸ
286 1503 330 1530 καὶ
355 1503 393 1536 είς
416 1505 491 1541 ἡμᾶς
516 1504 658 1542 ἐξήρκεσαν
682 1506 769 1545 φωναί
794 1507 824 1534 τέ
853 1518 925 1539 τινες

97 1547 143 1574 καὶ
172 1547 322 1585 γράμματα
347 1546 413 1584 ἔνια,
435 1550 469 1576 τὰ
499 1549 545 1586 μὶν
575 1549 683 1578 ἐοικότα
710 1554 769 1582 τοῖς
799 1553 924 1589 σημείοις

98 1590 151 1618 τῶν
181 1591 296 1626 τάσεων,
325 1592 358 1620 τὰ
386 1592 414 1620 δὲ
443 1593 621 1632 ἀτακτότερον
664 1595 844 1633 ἐκτεθειμένα.
873 1596 923 1624 Κᾶν

100 1636 148 1673 μὶν
165 1635 326 1674 ἐξελληνίσῃ
339 1648 381 1669 τις
396 1638 414 1674 ἢ
429 1639 479 1673 τήν
499 1640 591 1677 φωνὴν
618 1640 635 1674 ἢ
657 1641 688 1668 τὸ
713 1640 829 1678 γράμμα
853 1640 927 1680 διαρ-

99 1683 171 1718 θρῶν
199 1681 216 1716 ἦ
247 1680 499 1720 ἐπιδιορθούμενος,
524 1684 561 1715 ὡς
597 1684 622 1711 ἐν
657 1688 716 1717 ταῖς
742 1685 924 1718 Φιλοκαλίαις

96 1725 250 1763 Ὠριγὲνους
283 1726 490 1765 ἀναγέγραπται,
516 1728 682 1765 ἀσυμπαθῶς
719 1730 786 1766 πρὸς
815 1731 845 1758 τὸ
884 1731 925 1758 ἐκ-

94 1769 220 1806 κείμενον
250 1771 295 1798 καὶ
324 1770 380 1808 ἐρεῖ
407 1772 451 1799 καὶ
478 1772 585 1810 γράψει,
604 1772 660 1800 οὐδ’
684 1774 771 1805 οὕτως
799 1775 835 1806 ὡς
864 1774 922 1813 ἔχει

95 1814 342 1852 συμπεπνιγμένως
369 1816 531 1855 ἐκφωνήσει,
553 1817 570 1851 ἢ
600 1819 669 1845 κατὰ
701 1819 731 1845 τὸ
760 1817 922 1858 φαινόμενον

94 1858 247 1891 ἀκόλουθον
269 1859 378 1898 γράψει,
406 1859 512 1898 δράσειέ
535 1872 561 1889 τι
587 1862 603 1897 ἦ
629 1864 735 1899 πνεῦμα
759 1860 852 1890 ἕνυλον
883 1863 923 1891 ἐκι

93 1903 265 1940 καλούμενος
291 1905 308 1939 ἢ
334 1905 364 1932 τὸ
390 1905 557 1944 φλεγμαῖνον
574 1906 770 1944 καταμαγεύων
797 1911 847 1943 τῆς
875 1909 924 1945 ψυ-

93 1951 149 1986 χῆς
166 1949 182 1983 ἢ
198 1951 246 1976 τοῦ
262 1949 399 1986 σώματος.
416 1950 453 1977 Τὰ
474 1950 525 1988 γάρ
547 1961 589 1978 τοι
608 1950 689 1979 ὑλικὰ
708 1951 849 1989 πνεύματα
876 1953 921 1980 καὶ

93 1991 262 2028 ὠνόμασται,
280 1993 317 2024 ὡς
344 1996 398 2021 τῶν
429 1993 588 2033 φιλοσόφων
617 1995 684 2023 ἔνιοί
712 2007 787 2036 φασι,
816 1997 860 2024 καὶ
887 1997 922 2025 τᾶ

93 2040 217 2075 στοιχεῖα
242 2040 297 2065 τῶν
324 2039 468 2075 ὀνομάτων
488 2039 591 2067 τούτων
607 2041 771 2080 γεγράφαται
788 2051 794 2057 ·
820 2042 888 2079 πρὸς
904 2042 921 2069 ’ἁ

93 2080 128 2116 δὴ
145 2083 213 2109 κατὰ
229 2082 306 2121 φύσιν
323 2081 458 2121 λεγόμενα
473 2083 561 2112 ἐκεῖνά
576 2085 654 2124 φασὶν
671 2085 839 2125 ἐφέλκεσθαι.

128 2127 178 2165 νβ’.
195 2126 285 2155 Ἀλλὰ
303 2128 365 2165 περὶ
391 2128 438 2165 μὲν
459 2129 563 2157 τούτων
590 2131 628 2166 μὴ
645 2130 732 2158 πλείω
754 2131 825 2167 ὑμῖν.
844 2132 919 2160 Ἔστι

91 2169 122 2198 δέ
144 2182 171 2198 τι
197 2172 270 2209 παρὰ
291 2173 426 2203 Ἀττικοῖς
451 2174 496 2200 καὶ
519 2176 704 2212 Ξυμμαχικὸν
730 2179 919 2213 γραμματεῖον

985 885 1202 921 ampbidromia
1217 884 1336 912 dicitur.

1020 930 1064 957 5i.
1081 930 1127 957 ιιω
1142 937 1226 957 voces
1243 938 1249 956 :
1264 929 1316 961 Eu,
1332 928 1371 963 oi,
1387 928 1444 962 nis,
1461 927 1528 961 atis,
1545 927 1601 960 uis,
1619 925 1807 962 compositio-

986 982 1036 1003 nes
1052 974 1181 1002 barbarae
1198 973 1352 1001 nominum
1369 974 1439 1000 sunt
1450 973 1480 999 in
1497 971 1713 999 initiationibus
1725 969 1808 997 adhi-

985 1019 1061 1046 bitae.
1084 1018 1147 1046 Alis
1163 1017 1240 1046 enim
1266 1016 1545 1053 Pbrygiainlingua
1562 1018 1607 1043 est
1625 1015 1746 1050 Iupiter,
1763 1014 1808 1041 uis

985 1071 1051 1090 vero
1075 1062 1235 1098 optativum
1252 1063 1307 1096 est,
1324 1063 1352 1089 et
1374 1061 1442 1089 saba
1462 1060 1588 1097 gentile;
1613 1060 1655 1087 ita
1681 1060 1714 1086 ut
1737 1058 1806 1086 talis

984 1107 1083 1142 aliqua
1097 1108 1136 1134 sit
1145 1109 1206 1134 tota
1216 1105 1360 1134 invocatio
1373 1115 1379 1134 :
1392 1105 1476 1138 «Uis,
1488 1114 1504 1133 ο
1515 1105 1572 1132 Zeu
1584 1103 1710 1137 sabazie,
1724 1103 1780 1130 uis.
1789 1112 1803 1128 »

982 1151 1037 1179 Alii
1050 1152 1128 1179 enim
1148 1160 1181 1180 eu
1200 1152 1226 1179 oi
1245 1151 1302 1178 dici
1321 1150 1512 1183 contendunt,
1529 1149 1578 1176 alii
1595 1156 1630 1176 eu
1652 1148 1705 1175 boi.
1722 1148 1762 1175 Eu
1777 1148 1804 1174 oi

983 1196 1100 1231 quidem
1118 1195 1212 1231 magis
1234 1197 1366 1222 Graecum
1389 1197 1444 1229 est,
1460 1202 1494 1221 eu
1519 1193 1563 1222 boi
1586 1195 1683 1220 autem
1709 1191 1804 1227 magis

983 1240 1158 1273 barbarum;
1176 1248 1226 1275 per
1245 1239 1371 1275 ellipsim
1390 1239 1498 1266 dicitur
1513 1246 1547 1265 eu
1568 1238 1612 1264 uis
1628 1236 1704 1272 apud
1722 1238 1803 1262 Boeo-

982 1284 1050 1312 tios.
1063 1284 1168 1312 Eorum
1190 1286 1288 1311 autem
1310 1292 1373 1318 quae
1389 1283 1419 1310 in
1436 1282 1542 1311 Graecis
1562 1280 1709 1321 mysteriis
1729 1279 1804 1308 dice-

982 1330 1090 1357 bantur
1105 1328 1148 1356 vcl
1165 1329 1379 1362 scribebantur,
1396 1335 1490 1363 neque
1507 1326 1625 1354 nomine
1645 1333 1740 1361 neque
1755 1324 1802 1352 lit-

981 1377 1059 1402 teras
1074 1373 1217 1410 explicare
1234 1375 1356 1410 oportet.
1367 1372 1419 1404 Qui
1432 1372 1509 1400 enim
1523 1370 1592 1399 olim
1603 1370 1709 1398 horum
1722 1377 1802 1397 com-

982 1418 1156 1455 positionem
1171 1417 1316 1453 invenere,
1334 1417 1432 1445 divino
1452 1417 1579 1452 quodam
1600 1414 1722 1443 consilio
1743 1422 1802 1441 non

980 1462 1222 1498 interpretatione
1242 1461 1385 1497 explicata
1408 1470 1441 1489 ea
1467 1460 1660 1496 reliquerunt,
1677 1459 1750 1486 forte
1774 1460 1804 1486 et

980 1507 1036 1543 ipsi
1051 1515 1150 1534 eorum
1164 1506 1221 1534 vim
1242 1507 1421 1542 ignorantes.
1442 1506 1485 1533 Ad
1501 1513 1555 1532 nos
1571 1504 1647 1532 enim
1662 1511 1802 1539 pervene-

982 1554 1050 1580 runt
1065 1560 1147 1579 voces
1161 1551 1294 1586 quaedam
1307 1554 1335 1578 et
1345 1551 1478 1586 quaedam
1490 1549 1605 1580 littere.
1621 1549 1687 1575 aliis
1698 1555 1802 1575 accen-

981 1599 1063 1624 tuum
1076 1596 1170 1631 signis
1179 1595 1302 1630 similes,
1321 1594 1384 1622 aliis
1395 1593 1561 1622 inordinate
1573 1594 1718 1629 exposita.
1730 1596 1765 1623 Et
1776 1591 1801 1619 si

980 1641 1046 1676 quis
1070 1642 1103 1669 ad
1127 1641 1292 1668 Graecorum
1309 1640 1397 1667 ritum
1414 1638 1559 1675 explicare
1575 1642 1626 1667 aut
1641 1641 1798 1669 emendare

978 1694 1062 1713 voces
1077 1687 1105 1713 et
1120 1685 1233 1712 litteras
1248 1684 1426 1718 institueret,
1452 1686 1482 1711 ut
1503 1684 1533 1711 in
1555 1683 1689 1720 Origenis
1705 1685 1802 1712 Philo-

978 1731 1051 1757 calia
1067 1729 1216 1762 scribitur,
1242 1728 1314 1756 nihil
1340 1729 1376 1756 de
1401 1728 1557 1764 propositis
1582 1728 1678 1756 verbis
1694 1737 1801 1758 curans

979 1775 1089 1802 diceret
1098 1777 1149 1801 aut
1159 1774 1310 1808 scriberet,
1323 1781 1416 1808 neque
1427 1775 1490 1800 tum
1503 1773 1622 1808 quidem
1635 1775 1666 1799 ut
1683 1776 1752 1800 sunt
1767 1782 1801 1802 ea

978 1818 1022 1846 vel
1035 1818 1194 1845 suffocatus
1210 1817 1412 1853 pronuntiaret
1425 1818 1475 1844 aut
1490 1816 1630 1844 scriberet
1642 1817 1683 1843 ita
1694 1819 1724 1844 ut
1741 1817 1799 1844 evi—

979 1862 1077 1890 dentia
1092 1864 1276 1898 apparerent,
1292 1861 1351 1888 sive
1367 1861 1500 1897 spiritum
1518 1861 1698 1888 materialem
1716 1861 1799 1889 invo-

978 1916 1044 1935 care
1059 1906 1138 1940 velit,
1157 1907 1215 1934 sive
1227 1907 1360 1934 ardorem
1371 1905 1475 1933 animae
1496 1907 1546 1932 aut
1554 1905 1685 1940 corporis
1699 1905 1798 1933 incan-

977 1954 1048 1979 tare.
1062 1951 1228 1979 Materiales
1244 1950 1322 1978 enim
1348 1949 1470 1984 spiritus
1497 1950 1616 1977 nomina
1631 1949 1748 1982 habent,
1767 1953 1799 1977 ut

978 1996 1095 2032 quidam
1114 1996 1197 2023 aiunt
1208 1995 1386 2031 philosophi,
1403 1997 1431 2022 et
1448 1994 1599 2022 nominum
1616 2002 1716 2022 eorum
1743 1993 1799 2022 ele-

976 2044 1076 2068 menta
1090 2041 1199 2076 scripta
1213 2042 1302 2074 sunt;
1317 2041 1350 2067 ad
1368 2048 1430 2076 quae
1442 2039 1615 2067 naturaliter
1629 2039 1799 2075 pronuntia-

976 2089 1005 2113 ta
1021 2094 1070 2113 eos
1085 2085 1194 2112 attrahi
1210 2085 1322 2112 dicunt.

1009 2131 1054 2157 52.
1072 2131 1126 2157 Sed
1143 2130 1179 2157 de
1202 2129 1248 2156 bis
1273 2129 1345 2156 nihil
1376 2128 1505 2164 amplius
1531 2129 1720 2156 disseremus.
1746 2129 1797 2156 Est

975 2178 1072 2202 autem
1089 2175 1165 2210 apud
1184 2174 1293 2201 Atticos
1309 2174 1428 2209 quidam
1450 2173 1568 2200 libellus
1584 2174 1701 2200 socialis
1716 2175 1796 2209 Ξυμ-

91 2214 253 2253 λεγόμενον.
270 2217 319 2244 Ἦν
350 2215 379 2244 Si
404 2219 484 2245 τοῦτο
514 2218 540 2245 ἐν
562 2219 585 2255 ᾧ
599 2219 664 2250 τοὺς
679 2218 789 2254 ἡλικίαν
806 2219 911 2257 ἕχοντα‹

1019 2218 1095 2256 χικὸς
1111 2218 1217 2246 dictus.
1235 2218 1286 2245 Hic
1296 2219 1359 2245 erat
1373 2217 1491 2245 libellus
1513 2219 1541 2244 in
1563 2225 1621 2252 quo
1645 2225 1695 2245 eos
1719 2218 1795 2245 cives

88 2261 144 2287 τῶν
168 2260 255 2288 ἀστῶν
280 2261 348 2298 πρός
374 2272 403 2289 τε
427 2260 571 2300 πρεσϐείαν
596 2263 641 2290 καὶ
667 2264 839 2302 στρατηγίαν,
855 2276 919 2293 ναυ-

90 2305 191 2342 αρχίαν
207 2315 236 2332 τε
258 2305 303 2332 καὶ
328 2307 523 2345 τριηραρχίαν,
539 2307 564 2335 οἱ
590 2308 733 2346 πρυτάνεις
755 2309 918 2348 ἀνέγραφον,

88 2348 222 2392 πατρόθεν
267 2349 297 2376 ἐκ
339 2353 430 2387 γενεᾶς
467 2349 578 2379 ἕκαστον
620 2352 828 2392 ἀναγράφοντες.
855 2354 917 2389 Καὶ,

90 2391 150 2419 δέον
168 2393 337 2430 στρατηγοὺς
353 2395 573 2433 προχειρίζεσθαι
600 2396 618 2430 ἢ
646 2397 755 2434 ταμίας,
771 2400 825 2425 τῶν
852 2399 917 2426 ἄνα-

89 2437 286 2475 γεγραμμένων
312 2436 357 2468 οὖς
378 2437 408 2465 ἃν
434 2439 577 2476 βούλοιντο
603 2439 646 2468 ἐπὶ
670 2443 724 2468 τῶν
754 2440 914 2478 διοικήσεων

87 2479 208 2510 ἔταττον.
252 2482 437 2520 Ληξιαρχικὸν
479 2483 507 2511 δὲ
548 2489 738 2522 γραμματεῖον
779 2486 888 2524 ἐλέγετο
906 2497 912 2503 ·

87 2529 277 2564 γραμματεῖον
296 2527 343 2563 μὲν
372 2528 413 2555 ὅτι
444 2526 576 2564 δημόσιον
605 2530 639 2564 ἦν
666 2528 834 2567 συμϐόλαιον
865 2535 915 2566 τῆς

86 2570 196 2602 πόλεως
213 2581 219 2586 ·
248 2570 428 2609 ληξιαρχικὸν
456 2571 494 2608 δὲ,
521 2574 563 2601 ὅτι
595 2573 734 2610 σύμπασαι
761 2575 788 2602 α¹ι
817 2575 913 2613 ἀρχαὶ,

86 2614 114 2643 α’ί
142 2626 172 2643 τε
199 2616 389 2653 χιιροτονηταὶ
417 2617 462 2644 καὶ
491 2618 518 2644 αἱ
554 2617 708 2657 κληρωταὶ,
738 2619 823 2647 ἐκεῖσε
851 2631 913 2648 κατ-

86 2659 198 2698 ἔληγον.

974 2271 1098 2299 quorum
1117 2266 1185 2290 istas
1198 2263 1232 2290 ad
1247 2262 1407 2298 legationes
1424 2264 1474 2289 aut
1494 2261 1626 2298 imperia,
1638 2262 1675 2289 ad
1691 2270 1794 2290 navar-

973 2308 1068 2335 chiuin
1085 2310 1112 2336 et
1128 2308 1329 2335 trierarcbiam
1345 2309 1411 2343 apta
1419 2309 1491 2342 erat,
1504 2309 1641 2343 prytancs
1656 2306 1795 2334 inscribe-

973 2352 1054 2386 bant,
1072 2360 1158 2388 quem
1189 2361 1223 2380 ex
1253 2354 1375 2388 paterna
1399 2351 1511 2388 origine
1533 2350 1743 2379 inscribebant.
1760 2351 1794 2378 Et

972 2398 1088 2432 quando
1100 2396 1166 2432 eligi
1186 2397 1277 2424 duces
1297 2399 1347 2424 aut
1362 2399 1520 2432 quaestores
1532 2404 1653 2424 necesse
1669 2398 1742 2431 erat,
1758 2404 1792 2424 ex

971 2442 1120 2477 inscriptis
1143 2449 1217 2477 quos
1231 2441 1424 2469 volebanthis
1441 2440 1613 2468 muneribus
1639 2447 1789 2476 prapone-

971 2486 1051 2513 bant.
1070 2486 1146 2513 Alter
1161 2488 1259 2513 autem
1280 2485 1395 2514 libellus
1407 2485 1610 2513 Lexiarcbicus
1626 2484 1790 2522 (Ληξιαρχι-

969 2532 1025 2567 κὸς)
1042 2532 1330 2566 vocabatur;libellus
1351 2532 1482 2567 quidem,
1494 2531 1564 2567 quia
1580 2531 1700 2567 publica
1720 2531 1788 2559 civi-

969 2578 1038 2605 tatis
1053 2577 1155 2605 tabula
1177 2580 1255 2611 erat;
1284 2577 1474 2604 lexiarchicus
1499 2585 1576 2609 vero,
1600 2577 1669 2612 quia
1685 2585 1787 2604 omnes

968 2622 1168 2657 magistratus,
1184 2624 1211 2649 et
1240 2621 1387 2657 sulfragiis
1417 2621 1492 2648 datis
1508 2623 1535 2648 et
1550 2622 1626 2649 sorte
1647 2621 1728 2649 ducti
1747 2621 1787 2648 ibi

967 2666 1185 2694 terminabantu
1191 2675 1214 2694 r.
