1952 3052
166 121 245 153 1023

833 127 1044 159 MIGHAELIS
1067 127 1202 158 PSELLI

1807 130 1821 160 ι
1826 130 1880 161 024

167 200 1874 215 —_________________—_____

828 294 953 342 ΤΟΥ
991 293 1200 343 ΑΥΤΟΥ

280 385 361 412 ΠΕΡΙ
383 385 513 414 ΚΛῘΝΩΝ
533 388 715 415 ΔΟΓΜΛΤΩΝ
736 388 795 416 ΚΑΙ
814 389 903 416 ΟΡΩΝ
922 390 989 417 ΤΩΝ
1007 389 1168 418 ΝΟΜΙΚΩΧ
1188 391 1350 418 ΡΩΜΑΙΣΤΙ
1371 391 1580 419 ΛΒΓΟΜΕΝΩΝ
1600 391 1753 419 ΛΕΞΕΩΝ.

870 552 1150 600 EJUSDEM

240 647 291 678 DE
315 649 594 682 RECENTIORUM
618 653 750 684 LEGUM
773 654 822 684 ET
845 653 1046 685 LEGALIUM
1068 654 1354 686 DEFINITIONUM
1377 654 1532 686 LATINIS
1560 655 1792 687 NOMINIBUS.

195 827 315 855 Adriani
331 829 480 857 decretum
488 831 566 867 quod
582 831 644 859 vult
654 832 730 860 bona
740 832 797 861 ﬁde
808 833 981 861 distributo-
995 836 1022 868 Α

158 878 219 898 rem
229 879 325 907 neque
342 872 447 900 lucrari
464 882 558 910 neque
574 874 703 903 multari.

191 915 299 951 Aquilii
314 915 359 944 lex
370 917 405 944 de
417 917 529 953 multis,
545 919 581 947 ab
593 919 709 955 Aquilio
731 920 824 956 plebis
847 921 977 949 tribuno.

192 1005 397 1040 Aphnianeum
413 1007 562 1035 decretum
574 1011 604 1036 et
613 1009 732 1037 Adriani
743 1009 829 1037 ambo
837 1010 978 1046 abrogata

157 1051 239 1076 sunt.

190 1093 280 1122 Atilia
295 1093 340 1123 lex
353 1095 490 1131 prohibet.
505 1105 541 1125 ne
556 1097 664 1126 furtiva
679 1099 900 1135 usucapiantur.

191 1183 248 1210 Lex
256 1184 372 1220 agar-ria
382 1187 484 1213 contra
494 1194 544 1214 eos
556 1187 605 1222 qui
622 1190 739 1215 movent
752 1187 866 1223 lapides
876 1187 974 1215 termi-

152 1226 244 1258 nales,
272 1235 371 1256 servos
395 1229 560 1265 capitaliter
584 1231 720 1266 puniens,
751 1231 852 1260 liberis
875 1234 973 1260 autem

152 1278 204 1306 pro
231 1272 356 1308 singulis
377 1274 512 1302 terminis
539 1283 653 1311 poenam
677 1284 866 1304 nummorum
885 1277 974 1312 quin-

151 1315 293 1350 quaginta‘
302 1316 450 1353 inﬂigens.

189 1360 386 1389 LexViselina
403 1362 523 1391 libertos
535 1364 676 1399 puniebat
690 1365 740 1401 qui
755 1366 857 1394 eadem
870 1375 903 1394 ac
920 1375 971 1394 no-

151 1403 226 1432 biles
239 1404 393 1440 faciebant,
410 1415 467 1434 non
493 1409 589 1443 petilia
617 1409 714 1437 aureis
739 1409 872 1444 annulis;
888 1411 972 1438 abro-

152 1451 219 1483 gata
230 1452 275 1476 est
287 1457 336 1485 per
344 1451 533 1479 recentiorem
542 1461 618 1480 anno
629 1454 848 1490 septuagesimo
860 1457 971 1484 octavo.

1082 831 1242 872 Δδριάνιιον
1259 832 1359 871 δόγμα,
1377 833 1442 871 ὅπερ
1461 832 1588 872 βούλεται
1602 834 1647 861 τὸν
1673 832 1751 870 καλῇ
1779 833 1872 861 πίστει

1032 878 1119 914 νομία
1135 879 1205 914 μήτε
1219 876 1380 916 κερδαίνειν,
1398 879 1468 915 μήτε
1489 880 1664 914 ζημιοῦσθαι.

1069 922 1226 954 ’Δκουίλιος
1248 923 1344 960 νόμος,
1362 923 1376 950 ὁ
1399 922 1461 961 περὶ
1485 922 1597 959 ζημίας,
1620 923 1673 950 ἀπὸ
1701 922 1866 951 Ἀκουϊλίοο

1034 966 1192 1005 δημάρχου·

1068 1011 1249 1051 ’Δφνεϊάνειον
1280 1011 1368 1051 δόγμα
1404 1013 1448 1040 καὶ
1477 1011 1642 1050 Ἀδριάνιιον
1671 1011 1757 1052 ἄμφω
1787 1013 1865 1040 ἀναι-

1032 1058 1150 1095 ρεθέντα.

1066 1101 1186 1132 Ἀτίλιος
1214 1099 1300 1138 νόμος
1324 1102 1339 1129 ὁ
1362 1100 1478 1129 κωλύων
1503 1101 1536 1129 τὰ
1554 1101 1709 1138 κλοπιμαῖα
1724 1101 1861 1129 ούσουκα·

1030 1146 1194 1178 πιτεύεσθαι.

1065 1191 1207 1228 ’Λγράριος
1236 1191 1319 1227 νόμος
1347 1191 1414 1218 κατὰ
1448 1193 1502 1218 τῶν
1529 1190 1729 1218 ἀποκινούντων
1761 1189 1858 1220 λίθους

1029 1236 1160 1272 ὁριαίους,
1191 1234 1305 1267 δούλους
1343 1235 1497 1274 κιφαλικῶς
1535 1237 1676 1273 τιμωρῶν,
1699 1233 1857 1271 ἆλευθὲροις

1029 1279 1057 1308 δὲ
1085 1281 1182 1315 ποινὴν
1227 1280 1332 1318 ἐπάγων
1357 1279 1462 1316 ἑκάστῳ
1494 1279 1551 1318 ὅρῳ
1579 1279 1720 1316 νούμμους
1750 1279 1857 1314 πεντήο

1027 1335 1120 1353 κοντα.

1062 1369 1203 1401 Βισέλινος
1225 1370 1310 1406 νόμος
1327 1379 1332 1385 ·
1351 1369 1430 1401 οὗτος
1458 1369 1586 1406 ἐτιμώρει
1614 1368 1677 1399 τοὺς
1706 1366 1856 1399 ἀπιλευθὶ-

1027 1424 1092 1450 ρους
1120 1415 1285 1449 ποιήσαντας
1313 1413 1347 1441 τὰ
1373 1416 1426 1441 τῶν
1457 1413 1569 1450 εὐγενῶν
1599 1412 1688 1450 χωρὶς
1716 1411 1855 1446 αἰτήσεως

1027 1461 1136 1496 χρυσῶν
1153 1457 1304 1487 δακτυλίων
1321 1467 1328 1474 ·
1345 1456 1511 1496 ἀνῃρέθηἛὶ
1526 1457 1577 1484 ὑπὸ
1591 1460 1641 1492 τῆς
1656 1460 1697 1492 οη¹
1710 1458 1818 1494 νεαρᾶς.

187 1492 243 1520 Lex
253 1492 380 1522 Voconia
396 1495 509 1523 volebat
519 1496 585 1532 plus
595 1497 767 1533 legatarium
779 1499 967 1535 comprehen-

188 1544 218 1551 -,.
232 1545 319 1551 ,...,..
338 1539 478 1551 ι...--Α--.

1063 1502 1207 1534 Βωκώνιος
1223 1502 1308 1539 νόμος
1325 1512 1331 1518 ”
1349 1492 1428 1531 οὗτος
1448 1499 1577 1529 ἐϐούλετο
1601 1501 1684 1529 πλέον
1701 1492 1855 1538 λαμϐάνειν

151 1536 218 1564 dere
232 1545 319 1573 quam
337 1539 492 1568 heredem.

185 1580 420 1611 Dasumnianum
428 1585 589 1619 decretum,
606 1587 766 1623 jubensut,
779 1588 803 1615 si
815 1589 881 1624 quis
892 1588 971 1616 debi-

149 1626 196 1652 tor
210 1624 370 1662 ingenuum
382 1628 684 1659 ﬁdeicommissariam
697 1631 756 1660 sive
768 1641 819 1668 per
829 1633 970 1669 oppigne-

150 1669 294 1698 rationem
310 1671 370 1700 sive
385 1681 437 1708 per
447 1674 591 1702 actionem
604 1675 737 1712 capiendi
749 1678 920 1713 constituat,
929 1678 971 1705 in-

148 1721 245 1749 genua
265 1716 384 1751 quidem
409 1718 590 1755 possidebat,
611 1719 660 1748 illa
685 1721 840 1757 autemjus
854 1723 968 1758 patroni

147 1766 205 1786 non
222 1760 347 1788 amittat.

183 1803 241 1831 Lex
255 1804 344 1840 Julia,
361 1806 396 1834 de
411 1808 555 1836 adulterio
580 1811 609 1837 et
632 1811 734 1845 stupro
750 1813 779 1838 et
793 1812 968 1847 expiatione,

149 1849 179 1875 et
193 1848 229 1876 de
245 1848 270 1876 vi
288 1853 404 1878 armata
416 1853 444 1879 et
454 1852 518 1880 sine
529 1854 621 1881 armis
632 1857 659 1881 et
670 1855 706 1882 de
718 1855 871 1892 sacrilegis
889 1858 918 1884 et
932 1856 968 1884 iis

145 1892 196 1928 qui
211 1894 385 1923 muneribus
398 1901 639 1934 corrumpuntur,
651 1902 680 1926 et
695 1899 770 1927 aliis.

179 1980 341 2011 Junianum
352 1985 501 2014 decretum
512 1987 548 2014 de
557 1987 686 2023 ingenua
695 1988 967 2018 fideicommisssria

145 2032 198 2060 per
213 2027 346 2061 capiendi
363 2029 505 2057 actionem
520 2031 565 2058 vel
581 2032 817 2068 oppigneratum.

182 2069 239 2097 Lex
255 2071 344 2099 Junia
359 2073 517 2108 prohibens
529 2083 565 2103 ne
580 2076 766 2112 bispossessa
777 2078 856 2106 culta
865 2087 968 2106 usuca-

144 2113 273 2150 piantur.

179 2158 370 2190 Claudianum
378 2163 537 2198 decretum,
550 2165 692 2201 impuberi
703 2174 795 2202 usque
807 2167 843 2194 ad
856 2167 964 2203 puber-

144 2205 235 2232 tatem
251 2207 466 2241 possessionem
483 2209 626 2245 praebens.

180 2249 239 2277 Lex
253 2249 396 2288 Cornelia,
408 2253 443 2280 de
454 2253 539 2290 falso,
559 2255 594 2282 de
607 2254 773 2292 homicidia,
791 2257 826 2284 de
845 2257 964 2285 venenis

145 2296 174 2322 et
190 2293 425 2325 incantamentis.

180 2338 230 2367 Est
243 2342 342 2369 autem
353 2344 382 2369 et
395 2341 441 2370 lex
456 2342 578 2372 Caninia
589 2346 617 2372 et
631 2344 677 2373 lex
691 2345 865 2374 Calvisiana.

178 2427 374 2463 Largitionale
394 2431 544 2460 decretum
560 2433 595 2461 de
611 2433 782 2463 Latinorum
799 2436 962 2465 manumis-

143 2470 236 2500 sione.

177 2516 369 2546 Libanianum
382 2519 542 2555 decretum,
563 2522 673 2557 jubens
689 2523 821 2553 falsarios
836 2525 962 2555 infames

141 2567 215 2589 θεεθ.

177 2605 231 2633 Lex
246 2605 357 2634 Licinia
382 2608 540 2644 prohibens
563 2619 600 2639 ne
621 2612 720 2641 socius
743 2613 830 2642 alicui
849 2615 961 2651 potenti

139 2651 253 2685 partem
267 2658 352 2679 suam
367 2653 480 2681 vendat.

176 2694 391 2723 Modestianum
404 2697 550 2727 decretum
561 2702 693 2730 statuens
704 2702 846 2731 auxilium
863 2712 880 2731 α
890 2712 961 2740 prie-

140 2738 254 2766 toribus
269 2739 397 2768 dandum
412 2749 476 2770 esse
488 2742 642 2779 fugitivum
658 2754 773 2775 servum
785 2738 960 2783 inquirenti-

138 2785 195 2814 bus
209 2786 246 2814 nd
262 2792 330 2812 eum
346 2787 559 2822 reperiendum.

1026 1548 1072 1576 τὸν
1086 1547 1253 1586 ληγατάριον
1269 1550 1317 1575 τοῦ
1331 1546 1522 1585 κληρονόμου.

1062 1591 1288 1629 Δασουμνιάνιιον
1317 1590 1416 1629 δόγμα,
1448 1589 1570 1625 κελεῦον,
1599 1589 1642 1617 ἐάν
1679 1601 1721 1621 τις
1760 1600 1853 1627 χρεω-

1026 1639 1095 1664 στῶν
1116 1635 1267 1674 ἐλευθερίαν
1295 1635 1547 1674 φιδεϊκομισσαρίαν
1580 1633 1668 1662 εἷ’τουν
1705 1634 1758 1662 ὑπὸ
1789 1632 1854 1671 ὅρον

1025 1682 1042 1716 ἢ
1066 1681 1117 1708 ὑπὸ
1141 1680 1242 1718 αἳρεσιν
1268 1679 1387 1718 εὐλόγως
1401 1678 1638 1716 ἀπολιμπάνηται,
1653 1679 1670 1713 ἠ
1694 1678 1741 1715 μὲν
1773 1677 1854 1706 ἐλευο

1025 1726 1101 1762 θερία
1112 1724 1156 1753 ’ίνα
1180 1727 1328 1763 προχωρῇ,
1344 1724 1423 1756 αὐτὸς
1447 1723 1476 1751 8‘s
1505 1724 1543 1761 μὴ
1574 1722 1692 1761 ἐκπίπτῃ
1720 1725 1771 1750 τοῦ
1800 1733 1855 1750 πα-

1022 1772 1155 1808 τρωνικοῦ
1171 1769 1288 1797 δικαίου.

1060 1814 1176 1846 Ἰούλιος
1206 1814 1303 1851 νόμος,
1329 1814 1343 1841 ὁ
1366 1813 1428 1851 περί
1468 1812 1594 1851 μοιχείας
1627 1813 1673 1840 καὶ
1710 1812 1852 1848 στούπροο

1023 1859 1068 1886 καὶ
1093 1858 1291 1895 καθοσιώσεως,
1318 1858 1363 1886 καὶ
1387 1857 1449 1895 περὶ
1480 1857 1539 1895 βίας
1569 1856 1684 1884 ὶνόπλου
1712 1856 1731 1891 ἢ
1761 1856 1852 1894 χωρῖς

1022 1903 1129 1939 ὅπλων,
1157 1903 1202 1930 καὶ
1231 1903 1293 1941 περὶ
1321 1901 1471 1938 ἱεροσύλων
1501 1901 1546 1929 καὶ
1578 1900 1782 1937 δωροληπτῶν,
1804 1901 1851 1928 καὶ

1021 1948 1131 1986 ἑτάρων.

1056 1991 1226 2021 ’Ῐουνιάνςιον
1255 1990 1346 2029 δόγμα
1369 1991 1432 2028 περὶ
1457 1990 1612 2029 ἐλευθερίας
1641 1989 1851 2029 φιδιϊκομισσα-

1022 2036 1093 2075 ρίας,
1109 2035 1171 2071 ἤτοι
1188 2037 1238 2063 ὑπὸ
1253 2035 1355 2074 αἵρεσιν
1370 2036 1387 2070 ἢ
1403 2036 1478 2073 ὅρον.

1055 2081 1172 2113 Ἰούνιος
1191 2081 1289 2117 νόμος,
1305 2079 1420 2108 κωλύων
1446 2079 1721 2111 ούσουκαπιτιύεσθαι
1744 2079 1780 2106 τὰ
1806 2079 1849 2116 βι-

1021 2125 1122 2153 πόσεσα
1136 2125 1297 2162 νεμηθέντα.

1057 2169 1252 2199 Κλαυόιᾶνειον
1267 2168 1367 2207 δόγμα,
1384 2168 1504 2207 παρέχον
1519 2170 1559 2204 τῷ
1574 2165 1669 2204 ἀνήῦῳ
1696 2168 1782 2205 μέχρι
1798 2171 1849 2202 τῆς

1020 2211 1093 2250 ἥϐης
1108 2213 1287 2252 διακατοχήν.

1055 2258 1197 2297 Κορνίλιος
1212 2258 1307 2295 νόμος,
1323 2259 1338 2286 ὁ
1365 2259 1427 2295 περὶ
1455 2257 1589 2291 πλαστοῦ,
1604 2256 1666 2295 περὶ
1694 2259 1847 2295 φονεύ-τῶν,

1018 2304 1080 2341 περὶ
1093 2306 1243 2342 φαρμακῶν
1260 2303 1304 2331 καὶ
1319 2303 1440 2340 γοήτων.

1052 2350 1130 2377 Ἔστι
1156 2347 1185 2376 δὶ
1205 2348 1250 2376 καὶ
1272 2348 1357 2384 νόμος
1382 2347 1508 2378 Κανίνιος
1534 2347 1578 2374 καὶ
1593 2345 1679 2383 νόμος
1711 2343 1849 2374 Καλϐισι-

1018 2394 1114 2424 άνειος.

1053 2437 1254 2476 Λαργιτιόνειον
1297 2435 1397 2475 δόγμα,
1427 2436 1488 2471 περὶ
1530 2435 1652 2463 Λατίνων
1695 2434 1850 2466 ἀπελευθε-

1018 2482 1239 2554 Ρίῗξίϐανιάνειον
1283 2524 1382 2564 δόγμα,
1419 2523 1531 2552 κελιῦον
1575 2525 1739 2561 ἀτιμοῦσθαι
1781 2523 1848 2554 τοὺς

1015 2570 1251 2610 πλαστογράφους.

1051 2615 1184 2647 Λικίνιιος
1209 2616 1305 2652 νόμος,
1325 2613 1441 2642 κωλύων
1480 2613 1525 2641 τὸν
1563 2613 1694 2641 κοινωνὸν
1724 2611 1846 2640 ἒκποιιῖν

1014 2660 1046 2688 τὸ
1063 2658 1131 2688 ἴδιον
1148 2659 1229 2697 μέρος
1243 2659 1297 2687 τινὶ
1319 2657 1434 2695 δυνατῷ.

1051 2703 1256 2732 Μοδεστιάνειον
1272 2703 1369 2741 δόγμα,
1384 2703 1549 2739 νομοθετοῦν
1571 2703 1629 2732 τοῖς
1656 2703 1773 2736 ζητοῦσι
1798 2700 1843 2728 τὸν

1015 2748 1121 2789 φυγάδα
1135 2748 1234 2777 δοῦλον
1251 2747 1371 2779 δίδοσθαι
1397 2747 1524 2785 βοήθειαν
1547 2746 1620 2784 παρὰ
1642 2747 1697 2774 τῶν
1723 2755 1843 2783 στρατη.

1013 2796 1068 2832 γῶν
1085 2793 1122 2826 εἷς
1136 2793 1186 2828 τὴν
1202 2792 1298 2820 τούτου
1314 2790 1462 2829 ἆνεύρισιν.
