1952 3054
69 100 148 133 1025

690 97 741 128 DE
762 95 898 127 LEGUM
921 95 1151 128 NOMlNlBUS.

1695 100 1774 130 1026

105 165 329 195 Μακεδονιάνιιον
347 164 448 203 δόγμα,
474 161 627 192 ἇντιϐαἷνον
652 165 711 194 τοῖς
741 161 891 190 δανιίσασιν

990 163 1229 193 Macedonianum
1243 165 1392 194 decretum
1404 167 1505 194 contra
1520 174 1570 195 eos
1581 166 1630 203 qui
1648 167 1775 196 subditis

70 211 234 248 ὑπεξουσίῳ.

104 255 256 284 Νινιάνιιον
273 254 373 293 δόγμα,
395 253 461 291 ὅπερ
485 252 592 281 tunso:
614 251 753 288 μηδέποτε
779 251 896 290 μεταφὲ-

69 306 161 337 ρισθαι
176 299 241 331 τοὺς
257 297 454 336 ἀπελευθέρους
470 298 508 328 εἷς
523 297 668 336 ιῦγὲνειαν.

107 344 303 384 Ὀρφιτιάνειον
333 342 433 381 δόγμα,
457 342 578 380 παρέχον
604 343 663 372 τοῖς
687 340 765 368 παισὶ
789 340 896 377 νόμιμα

70 388 162 417 δίκαια
176 388 214 419 εἰς
229 389 278 423 τήν
294 390 348 415 τῶν
367 388 491 424 μητέρων
509 385 688 424 διακατοχήν.

106 433 244 464 Πάππειος
259 432 355 469 νόμος,
371 431 485 460 κωλύων
503 430 630 458 δεσπόσαι
644 431 675 458 τὸ
701 429 845 468 βιπόσεσον
861 429 896 457 δι’

70 478 307 509 οὸσουκαπίωνος.

107 523 255 559 Πομπήϊος
269 521 364 558 νόμος,
380 521 442 558 πιρὶ
456 519 659 558 πατροκτόνων.

106 566 302 605 Πηγασιάνειον
315 566 416 603 δόγμα,
442 565 552 593 κελῶον
581 565 627 592 τὸν
652 563 798 600 ἀξιωθέντα
823 563 896 599 κλη-

69 611 200 649 ρονομίαν
227 611 447 643 ἀποκαταστῆσαι
476 611 658 647 παρακρατιῖν
686 609 718 636 τὸ
746 608 894 645 τέταρτον,

68 657 115 684 καὶ
150 656 329 691 ὑποκαθιστᾷν
359 654 557 692 ἒννιαούγγιον,
595 652 643 684 τὰς
669 651 698 679 δὶ
735 651 841 690 ἀγωγὰς
870 651 896 687 ἐξ

68 699 138 728 ὅλου
162 699 268 738 κλήρου
291 698 375 737 ἔχειν·
400 699 432 726 τὸ
461 696 489 726 δὶ
510 695 712 736 Τριϐιλιάνςιον
728 695 813 724 διεῖλε
834 696 896 724 ταύ-

68 755 129 776 τας.

107 786 311 827 Πριϐιλιάνειον
346 786 434 826 δόγμα
457 787 502 815 καὶ
531 785 771 824 Τουρπιλιάνειον.
800 784 896 821 Τούτῳ

70 833 218 861 ὑποπίπτει
235 833 249 860 ὁ
277 832 421 882 ίγγράφως
445 829 690 882 ξγῑγόαςιδεδωκὼς
706 829 750 857 καὶ
779 830 896 865 ποιήσας
912 850 936 882 Β

69 878 132 905 τινὰ
146 878 324 915 κατασχεθεῖν
341 876 430 915 χωρὶς
444 873 629 906 ἀϐολιτίονος.

108 919 310 960 Ῥουόριάνιιον
327 920 430 959 δόγμα,
445 920 507 958 περὶ
523 918 776 958 φιδεϊκομισσαρίας
794 917 897 952 ἐλευθε-

94 966 147 998 lac.

73 978 223 1049 ριῗιξέγιιος
240 1011 254 1039 ὁ
269 1011 365 1047 νόμος,
382 1009 396 1037 ὁ
410 1009 527 1037 κωλύων
543 1011 660 1048 ταφῆναι
672 1009 722 1044 τήν
739 1008 765 1036 ἐν
787 1010 826 1045 τῷ
838 1008 897 1037 τίκ-

71 1066 129 1083 τιιν
145 1057 286 1091 θανοῦσαν,
302 1054 364 1092 πρὶν
381 1053 489 1081 ἐκδῦναι
503 1054 534 1081 τὸ
555 1054 665 1092 βρέφος.

112 1099 264 1127 Σιλιάνειον
289 1097 397 1136 δόγμα,
421 1098 483 1135 περὶ
506 1100 555 1126 τοῦ
581 1096 635 1125 δεῖν
662 1096 825 1129 ἆκδικιῗσθαι
851 1097 896 1125 τὸν

75 1144 171 1182 βιαίως
185 1143 358 1182 ἀναιρεθέντα
373 1143 445 1181 παρὰ
460 1145 513 1170 τῶν
526 1141 603 1170 ἰδίων
618 1141 813 1179 κληρονόμων.

111 1232 234 1264 Σὲντειος
257 1232 355 1269 νόμος,
379 1231 494 1260 κωλύων
521 1231 584 1263 τοὺς
610 1231 653 1259 ἐπὶ
676 1228 766 1269 βλάϐῃ
781 1232 834 1258 τῶν
852 1229 899 1258 δα-

73 1279 187 1305 νειστῶν
204 1276 369 1315 ιλιυθερίας.

110 1321 314 1360 Τιρτυλιάνειον
332 1320 434 1359 δόγμα,
449 1320 571 1358 παρέχον
583 1322 645 1351 ταῖς
662 1329 781 1357 μητρασι
796 1319 901 1357 νόμιμα

76 1365 169 1394 δίκαια
184 1365 222 1397 εἷς
237 1366 287 1400 τήν
302 1367 356 1393 τῶν
371 1363 473 1393 παίδων
491 1363 637 1403 διαδοχήν.

112 1407 313 1449 Τριὸιλιάνειον
340 1409 440 1448 δόγμα,
467 1409 529 1448 περὶ
542 1408 801 1449 φιδεῖκομισσαρίων
831 1409 902 1447 ἀγω-

97 1466 146 1484 ων.

77 1467 233 1531 γωπέαὸειος
246 1499 342 1536 νόμος,
357 1498 418 1537 περὶ
435 1496 669 1536 ἀνδραποδιστῶν.

116 1587 282 1621 Φαλκίδιιος
308 1588 405 1625 νόμος,
434 1588 448 1615 ὁ
477 1586 628 1626 πρόδηλος·
659 1586 763 1623 ἐξετέθη
793 1586 823 1615 δὶ
850 1587 902 1615 ὑπὸ

78 1633 221 1662 Πουπλίου
237 1631 387 1660 Φαλκιδίου
403 1631 621 1670 δημαργοῦντος.
639 1631 772 1660 Βούλεται
789 1630 817 1659 δι
833 1630 902 1669 λαμ-

79 1676 170 1706 ϐάνειν
183 1678 228 1705 τὸν
244 1676 419 1715 κληρονόμον
433 1676 463 1705 ix
485 1680 535 1712 τῆς
561 1676 652 1708 οὐσίας
671 1678 721 1704 τοῦ
743 1675 902 1714 διαθεμένου

78 1722 210 1761 τισσαρας
225 1721 345 1761 οΰγγίας.

117 1811 166 1839 Καὶ
181 1811 214 1839 τὰ
243 1811 290 1847 μὶν
315 1810 377 1848 πιρὶ
402 1809 545 1847 δογμάτων
560 1810 628 1837 κατὰ
643 1811 780 1847 στοιχεῖον
808 1811 902 1838 ταῦτα.

80 1855 124 1885 Τὰ
148 1855 177 1883 δὶ
200 1854 262 1893 περὶ
286 1856 340 1882 τῶν
375 1854 517 1890 ὀνομάτων
542 1854 739 1892 ἀναγκαιότερα
774 1854 903 1885 ὡσαύτως

80 1901 213 1932 ἐντεῦθεν.

119 1945 258 1983 Ἀγ-ιάτος,
275 1944 289 1972 ὁ
305 1943 330 1980 EE
346 1942 537 1982 ἀῤῥενογονιας
552 1944 621 1979 ¹ἡμῖν
637 1943 850 1980 συναπτόμενος.

117 2035 244 2067 Ἀκτους,
261 2031 324 2065 ὁδὸς
339 2031 361 2060 δ’
377 2043 410 2068 ης
425 2031 535 2060 δυνατὸν
551 2031 706 2071 διίρχεσθαι
722 2033 789 2070 μιτά
805 2033 904 2067 ὑποζυ-

80 2079 144 2117 γίου
160 2079 177 2113 ἢ
196 2077 250 2116 ὂχή
256 2087 350 2114 ματος.

117 2123 217 2158 Βίτιον,
233 2123 330 2161 ψόγος,
347 2120 502 2159 ἐλάιττωμα,
516 2120 614 2150 αἶ’τιον.

118 2211 315 2250 Βρουμάλειον,
333 2210 471 2249 χειμέριοι
487 2211 590 2249 ἓορται.

118 2255 292 2285 Βελλιάνιιον
314 2255 416 2293 δόγμα,
433 2256 551 2294 βοηθοῦν
573 2258 633 2287 ταῖς
651 2255 768 2294 γυναιξὶν
795 2255 903 2294 ἰνόχοις

81 2311 177 2340 γιγενη
183 2301 275 2337 μίναις
291 2300 357 2338 ὑπὲρ
369 2299 467 2338 ἑτέρων
473 2323 479 2330 .

119 2346 244 2383 Γραικὸς,
260 2345 275 2372 ὀ
289 2343 437 2379 Χαλδαῖος,
450 2344 568 2380 Ἕλλην.

120 2390 217 2424 Δάττα,
234 2390 248 2417 ὁ
263 2388 430 2420 κατοικίδιος
445 2389 586 2427 α’ίλουρος’

119 2435 222 2468 Γὲνιια,
239 2434 267 2462 αἱ
283 2435 417 2472 σιαγόνας.

121 2479 260 2518 Δικρὲτον,
275 2478 410 2517 ἀπόφασις
423 2477 557 2516 βασιλέως
569 2478 666 2515 μεταξὺ
678 2477 726 2506 δύο
739 2481 827 2517 μερῶν
844 2479 908 2517 παρ’

83 2524 157 2560 αὐτῷ
173 2522 368 2560 δικαζομένων.

120 2567 325 2607 Δεϊνοφικιόσο·
365 2567 469 2605 μέμψις
504 2566 572 2595 κατὰ
613 2565 748 2603 διαθήκης
785 2567 908 2605 ἐρῥωμί-

83 2625 132 2649 νης
149 2614 196 2651 μὶν
212 2615 246 2650 τῇ
262 2609 387 2651 ἀκριϐείᾳ
401 2614 454 2640 τῶν
470 2611 575 2648 νόμων,
596 2611 787 2648 ἀκαθηκούσης
802 2611 831 2639 δὲ
855 2612 908 2640 ἀπὸ

83 2661 133 2688 τοῦ
148 2656 245 2697 φόϐου.

120 2702 256 2740 Δινάριον,
273 2701 393 2738 σταθμὸς
412 2702 594 2738 νομίσματος.

122 2747 258 2786 Διγὲστον,
273 2746 304 2774 τὸ
321 2745 423 2778 ίθυνθὶν
437 2745 482 2773 καὶ
497 2746 566 2773 κατὰ
576 2746 650 2782 τάξιν
664 2744 776 2784 γραφέν.

122 2791 287 2829 Διπορτάτιο
302 2792 319 2826 ἡ
336 2789 436 2828 ἐκφορὰ
452 2790 498 2818 καὶ
514 2789 658 2828 ἀπαγωγή.

952 208 1108 244 pecuniam
1124 209 1194 238 dant
1211 209 1331 238 faenore.

987 253 1145 281 Ninianum
1155 254 1303 282 decretum
1314 256 1391 291 quod
1404 255 1590 291 praecipiebat
1600 263 1636 284 ne
1644 265 1775 293 unquam

951 295 1048 324 liberti
1066 297 1093 324 in
1110 297 1322 334 ingenuitatem
1341 300 1582 328 transferrentur.

987 341 1192 377 Orphitianum
1205 343 1355 371 decretum
1368 343 1436 372 filiis
1447 344 1580 380 praebens
1591 344 1696 381 legalis
1708 345 1778 381 jura

950 384 979 412 in
995 388 1122 413 matrum
1141 387 1352 422 possessiones.

987 430 1043 457 Lex
1058 430 1176 466 Peppia,
1194 431 1352 468 prohibens
1368 440 1404 460 ne
1424 432 1610 470 bispossesso
1636 442 1688 470 per
1702 443 1776 462 usu-

951 475 1102 510 capionem
1119 476 1186 512 quis
1202 477 1341 512 potiatur.

987 519 1044 547 Lex
1060 520 1198 557 Pompeia
1213 521 1248 549 de
1263 521 1430 557 parricidis.

986 564 1181 600 Pegasianum
1211 565 1373 600 decretum,
1398 575 1454 601 quo
1483 566 1550 603 quis
1576 567 1776 595 haereditatem

952 608 1105 636 restituere
1116 609 1220 644 jussus
1236 612 1372 646 quartam
1385 611 1448 646 ejus
1464 613 1574 647 partem
1589 612 1713 639 retinere
1729 620 1778 647 po-

949 654 1016 686 test,
1034 660 1198 688 novemque
1221 654 1322 681 uncias
1347 654 1464 682 solvens
1479 655 1644 683 vectionum
1667 655 1718 690 jus
1742 663 1776 682 ex

950 698 1012 725 tota
1023 697 1190 725 haereditate
1201 697 1304 732 habet;
1315 699 1391 734 quod
1401 699 1451 734 jus
1463 699 1567 727 statuit
1576 699 1775 728 Tribelianum

950 742 1112 769 decretum.

988 786 1178 814 Privilianum
1190 787 1339 816 decretum
1351 791 1378 816 el
1388 788 1606 824 Turpilianum.
1619 789 1692 818 Huic
1708 792 1777 819 sub-

948 831 1044 866 jectus
1059 833 1105 859 est
1119 831 1166 866 qui
1184 832 1358 868 sponsiones
1374 833 1482 870 scripto
1497 833 1588 868 dedit,
1605 835 1692 863 alicui
1708 845 1776 873 pos-

952 875 1091 903 sidendas
1106 875 1170 903 sine
1185 876 1353 905 abolitione.

986 919 1169 948 Rubriauum
1189 920 1339 949 decretum
1365 921 1400 950 de
1422 922 1551 958 ingenua
1566 923 1777 954 fideicommis-

952 972 1041 992 saria.

989 1009 1045 1036 Lex
1054 1009 1133 1045 regia
1141 1017 1206 1045 qua
1217 1009 1352 1046 prohibet
1361 1019 1396 1038 ne
1405 1010 1512 1039 mulier
1521 1012 1597 1040 inter
1604 1013 1778 1048 pariendum

953 1057 1069 1082 mortua
1084 1054 1244 1089 sepeliatur
1257 1057 1416 1091 antequam
1434 1055 1533 1084 infans
1548 1065 1685 1092 egressus
1702 1059 1749 1086 sit.

988 1097 1132 1126 Silianum
1149 1099 1299 1126 decretum
1314 1099 1474 1128 decernens
1487 1109 1555 1128 eum
1573 1102 1623 1137 qui
1639 1102 1780 1132 violenter

954 1142 1069 1171 occisus
1092 1142 1179 1171 fuerit
1195 1151 1212 1170 a
1226 1143 1352 1179 propriis
1368 1143 1535 1173 heredibus
1556 1154 1622 1174 esse
1638 1147 1778 1182 judican-

955 1188 1038 1216 dum.

991 1232 1048 1260 Lex
1062 1231 1162 1259 Sentia
1186 1231 1344 1261 defendens
1370 1241 1419 1261 eos
1444 1234 1494 1270 qui
1518 1234 1547 1263 in
1572 1235 1680 1264 damno
1696 1239 1780 1265 erant

955 1278 1057 1305 contra
1071 1276 1278 1304 faneratorum
1294 1277 1471 1306 libertatem.

990 1320 1192 1349 Tertulianum
1211 1321 1362 1349 decretum
1382 1325 1524 1358 praestans
1541 1323 1685 1352 matribus
1701 1324 1779 1362 lega-

956 1364 995 1393 lia
1007 1365 1077 1400 jura
1092 1364 1122 1392 in
1139 1364 1267 1393 ﬁliorum
1285 1365 1513 1394 successionem.

991 1409 1190 1438 Tribelianum
1207 1410 1358 1438 decretum
1382 1411 1416 1439 de
1441 1411 1782 1441 ﬁdeicommissariorum

956 1454 1188 1482 discriminibus.

993 1501 1049 1526 Lex
1064 1498 1152 1526 Fabia
1167 1499 1203 1526 de
1224 1498 1260 1527 iis
1276 1499 1325 1535 qui
1346 1498 1454 1528 liberos
1469 1499 1498 1528 in
1515 1501 1686 1531 servitutem
1703 1503 1781 1532 redi-

958 1545 1042 1579 gunt.

993 1588 1050 1615 Lex
1076 1587 1215 1622 Falcidia,
1231 1590 1298 1616 ante
1320 1590 1400 1623 nota,
1417 1590 1569 1625 proposita
1591 1593 1687 1620 autem
1704 1595 1750 1620 est
1764 1601 1782 1621 ι

956 1632 1061 1660 Publio
1092 1632 1230 1666 Falcidio,
1258 1633 1376 1661 tribuno
1404 1633 1508 1670 plebis.
1530 1634 1600 1663 Vult
1625 1638 1722 1664 autem
1748 1639 1782 1665 ut

957 1677 1049 1705 heres
1065 1677 1100 1705 de
1114 1677 1282 1706 substantia
1294 1679 1462 1706 testamenti
1480 1679 1576 1715 capiat
1588 1682 1716 1716 quatuor
1731 1690 1782 1710 un-

957 1722 1028 1750 cias.
1042 1722 1140 1758 (Uncia
1154 1730 1241 1757 porro
1261 1722 1436 1758 designabat
1450 1723 1651 1752 duocecimam
1667 1727 1781 1762 partem

958 1765 1159 1802 haereditatis).

993 1811 1029 1838 Et
1042 1810 1102 1838 hac
1118 1811 1237 1846 quidem
1251 1810 1287 1838 de
1302 1811 1426 1839 decretis
1438 1819 1489 1848 per
1504 1811 1617 1841 litteras
1632 1813 1781 1850 alphabeti

959 1855 1092 1891 exposita
1113 1858 1194 1883 sunt.
1209 1858 1250 1883 De
1275 1855 1445 1884 nominibus
1470 1865 1536 1885 vero
1558 1857 1664 1885 deinde
1688 1858 1782 1894 magis

959 1899 1125 1927 necessaria
1140 1902 1334 1935 exponentur.

995 1945 1137 1979 Agnatus,
1153 1943 1202 1979 qui
1218 1943 1303 1972 nobis
1325 1952 1359 1971 ex
1381 1944 1580 1973 masculorum
1596 1946 1784 1982 generatione

959 1988 1160 2025 conjungitur.

996 2035 1099 2065 Actus,
1111 2032 1157 2061 via
1172 2040 1223 2069 per
1236 2041 1325 2069 quam
1336 2033 1405 2062 licet
1420 2035 1629 2070 cumjumento
1639 2035 1684 2063 vel
1695 2044 1783 2064 curru

959 2078 1087 2106 transire

995 2122 1302 2158 Vitium,vituperium
1316 2121 1433 2161 (ψόγος),
1442 2122 1784 2160 ᾶίωἰῐιυίίομλάττωμα),

960 2167 1048 2203 culpa
1062 2165 1183 2203 (αἷίτιον).

921 2220 944 2252 D
996 2212 1192 2245 Brumaleum,
1210 2211 1348 2239 hiemalia
1364 2212 1448 2240 festa.

994 2256 1179 2284 Velleianum
1193 2256 1354 2290 decretum,
1367 2257 1511 2292 adjuvans
1523 2257 1647 2286 feminas
1658 2266 1722 2293 quas
1735 2266 1786 2293 pro

960 2301 1027 2330 aliis
1043 2309 1098 2328 reas
1113 2301 1234 2329 ﬁebant.

996 2347 1124 2379 Grrecus,
1138 2344 1302 2378 Chaldaaus,
1319 2345 1430 2372 Hellen.

996 2392 1092 2425 Datta,
1107 2390 1178 2418 feles
1193 2389 1365 2417 domestica.

997 2435 1092 2468 Gens,
1110 2433 1193 2462 male
1210 2432 1366 2470 (σιαγόνες).

998 2479 1164 2514 Decretum,
1177 2478 1362 2514 imperatoris
1373 2478 1531 2507 declaratio
1546 2478 1624 2507 inter
1633 2479 1708 2508 duas
1725 2489 1787 2517 par-

963 2526 1007 2552 tes
1023 2525 1058 2552 ab
1075 2524 1138 2559 ipso
1150 2523 1312 2558 judicatus.

999 2569 1040 2596 De
1055 2568 1232 2602 inofﬁcioso;
1258 2567 1445 2604 reprehensio
1470 2569 1639 2596 testamenti
1654 2569 1732 2605 quod
1748 2569 1789 2597 le-

964 2621 1035 2649 gum
1050 2612 1169 2648 quidem
1195 2612 1383 2640 observantia
1397 2612 1487 2646 valet;
1504 2615 1601 2641 metus
1624 2615 1722 2641 autem
1740 2622 1791 2641 ra-

964 2658 1043 2686 tione
1059 2656 1268 2685 inconveniens
1282 2659 1337 2684 est.

999 2702 1172 2734 Denarium,
1190 2701 1265 2729 libra
1283 2703 1416 2729 monetis.

1002 2747 1164 2782 Digestum,
1181 2747 1343 2773 correctum
1361 2748 1390 2774 et
1412 2754 1464 2782 per
1477 2747 1610 2775 ordinem
1635 2747 1788 2783 scriptum.

1001 2790 1178 2828 Deportatio,
1195 2789 1281 2818 elatio
1297 2792 1326 2818 et
1341 2790 1492 2819 abductio.
