1952 3054
54 113 133 144 1029

89 178 260 216 Λεγισάκτιο,
275 178 398 214 νόμιμος
411 177 523 215 ἀγωγή.

90 220 202 258 Πλάὗις,
219 223 233 249 ὁ
248 221 372 260 χυδαῖος.

89 266 292 302 Κονστιτούταε,
309 267 336 293 αἱ
353 264 483 300 διατάξεις
496 264 551 293 τῶν
580 263 725 302 βασιλέων,
752 262 877 302 διαιρού-

54 322 132 348 μεναι
148 311 186 342 εἰς
202 310 337 348 δέκρετον,
353 310 391 342 εἷς
406 307 522 343 ἕδικτον,
539 309 577 341 εἰς
594 307 754 345 ἰπιστολήν.

88 355 257 389 Ῥεσπόνσον,
278 356 295 389 ἡ
311 356 366 382 τῶν
387 356 475 393 σοφῶν
492 354 648 390 ἀπόκρισις.

91 400 139 428 Καὶ
168 401 250 427 ταῦτα
281 399 328 435 μέν
365 409 408 426 σοι
445 400 500 426 τῶν
528 397 572 425 ἐπὶ
603 398 716 434 μνήμης
745 398 877 434 κιιμένων

51 445 131 481 ἡμῖν.
161 444 246 473 Οἶσθα
273 443 324 481 γὰρ
346 443 390 473 -ὡς
420 441 496 470 οὐδὲν
512 441 568 470 ἐστι
597 443 652 469 τῶν
681 443 876 479 γεγραμμένων

51 490 122 525 ἡμῖν
148 488 166 522 ἢ
193 488 441 526 συγγιγραμμὲνων
471 486 486 514 ’ὸ
518 487 556 523 μὴ
582 484 836 524 ἐσχιδίασται·ὅθιν
851 487 877 513 οἱ

50 532 164 564 πλείους
178 535 232 560 τῶν
249 529 475 568 ἐκλαμϐανόντων
499 531 533 558 τὰ
554 531 675 567 ἡμέτερα
700 529 797 568 σχᾶδια
818 529 878 558 διλ-

49 579 142 616 τᾶρια,
161 577 209 607 τὰς
226 575 352 615 διφθέρας
376 578 530 610 ποιοῦντες,
557 574 636 606 εὐθὺς
661 571 755 612 ἔχουσι
783 572 878 611 βιϐλία

48 623 84 650 τὰ
107 621 294 660 γεγραμμένα.
318 621 370 648 Καὶ
386 620 525 651 πλείστοις
551 620 598 655 μὲν
628 618 754 657 ἐντύχοις
777 620 877 656 ἡμετέ-

50 677 110 705 ροις
135 664 253 704 βιϐλίοις
267 666 303 692 ὧν
322 664 509 702 ὀγδοηκοστὸν
525 665 604 701 οἶμαι
632 665 713 692 τοῦτο
730 664 808 692 εἶναι.
837 664 878 693 Τὰ

50 710 82 739 δὲ
111 709 227 738 πλεῖστα
256 710 293 737 ὧν
329 708 541 747 ἡρμηνεύκαμιν
571 709 589 744 ἢ
619 708 822 746 συνεγράψαμιν
850 708 877 736 ἐν

50 755 222 793 εἶληταρίοις
238 752 276 781 ἔτι
290 756 376 782 κεῖται
390 755 449 784 τοῖς
464 753 583 781 πλείοσι·
609 753 643 780 τὰ
658 752 687 781 δὲ
703 751 818 781 πλεῖστα
832 752 877 780 καί

51 799 222 839 διέφθαρται,
239 797 329 837 ὥσπερ
343 799 360 833 ἡ
375 801 426 833 τῆς
447 798 590 834 συμπάσης
607 797 771 837 φιλοσοφίας
787 797 830 825 ἐπὶ
846 798 876 825 τὸ

52 845 135 884 carpi:
153 843 390 881 μεταποίησις,καὶ
406 842 455 870 ὅσα
469 843 531 881 περὶ
546 842 610 874 τοὺς
625 844 768 880 καθ’ὴμᾶς
776 842 876 881 ἐπραγ-

52 889 242 926 ματιυσόμιθα
259 886 393 926 βασιλεῖς·
409 888 442 915 τὰ
457 886 480 915 δ’
505 886 577 915 ἄλλα
602 888 655 915 ἀπὸ
681 889 735 915 τῶν
761 885 876 925 βιϐλίων

51 934 135 966 αὐτὸς
152 933 309 971 ἀναΛὲγοιο.

803 111 854 141 DE
876 111 1010 141 ANlMA.

1681 111 1758 142 1030

973 177 1055 213 Leg‘is
1071 177 1157 212 actio,
1173 177 1277 214 legalis
1292 177 1441 206 obductio.

967 221 1081 257 Plebes,
1098 222 1240 258 vulgaris.

967 266 1149 301 Constitutas,
1166 266 1392 294 constitutiones
1417 267 1628 302 imperatorum
1651 266 1682 294 in
1707 267 1756 295 de-

932 314 1056 344 cretum,
1073 311 1211 346 edictum,
1226 311 1380 347 epistolam
1397 311 1569 339 distribute.

968 357 1165 391 Responsum.
1182 355 1349 391 sapientum
1365 355 1518 392 apocrisis.

968 399 1020 427 Est
1045 399 1106 427 haec
1123 400 1241 436 quidem
1258 408 1323 436 qua:
1338 400 1367 427 in
1384 400 1556 427 memoriam
1573 399 1753 428 reducimus.

933 443 997 472 Scis
1011 444 1089 472 enim
1106 444 1179 472 nihil
1193 453 1259 473 esse
1273 444 1303 472 in
1320 444 1428 473 nostris
1439 445 1559 480 scriptis
1571 444 1614 472 vel
1626 444 1757 473 historiis

933 489 1010 524 quod
1022 497 1079 516 non
1090 497 1123 517 eo
1135 491 1265 524 tempore
1276 489 1419 525 scriptum
1431 488 1480 517 sit.
1497 488 1578 517 Unde
1591 489 1640 525 qui
1658 492 1759 518 nostra

933 533 974 561 sic
986 542 1020 561 ex
1031 536 1159 569 tempore
1170 534 1280 570 scripta
1291 542 1379 570 opera
1390 536 1592 570 susceperunt,
1610 535 1758 562 membra-

932 586 986 605 nas
994 578 1133 606 facientes
1148 577 1247 606 statim
1256 578 1404 606 babentex
1411 578 1522 606 nostris
1530 578 1648 613 scriptis
1655 578 1757 607 libros.

932 621 966 650 Et
976 622 1070 650 multa
1082 625 1183 650 nostra
1191 623 1299 658 scripta
1309 623 1362 649 tibi
1376 625 1501 658 possunt
1515 630 1668 651 occurrere
1684 632 1759 658 quo-

932 675 997 694 rum
1015 666 1068 695 hoc
1085 668 1169 703 quasi
1193 667 1408 702 octogesimum
1433 674 1497 694 esse
1511 668 1602 702 'puto.
1628 667 1760 695 Plurima

932 713 1031 739 autem
1047 719 1148 739 eorum
1165 720 1229 747 quis
1247 711 1430 748 interpretati
1447 719 1551 739 sumus
1562 710 1604 738 vel
1621 711 1760 740 historice

932 756 1119 784 narravimus
1135 757 1164 784 in
1180 756 1381 785 voluminibus
1397 755 1494 784 adhuc
1510 755 1594 783 multi
1613 755 1642 784 in
1665 756 1758 784 mani-

932 800 989 829 bus
1004 800 1128 835 bubent;
1146 800 1239 829 multa
1255 803 1354 828 autem
1370 801 1508 835 corrupta
1523 801 1604 835 sunt,
1621 803 1653 827 ut
1667 800 1759 828 totius

932 844 1126 881 philosophias
1141 845 1176 872 ad
1193 844 1369 873 evidentium
1395 843 1561 876 translatio,
1587 845 1616 871 et
1635 852 1699 880 quis
1722 845 1758 873 de

933 888 1042 916 nostris
1059 889 1200 925 temporis
1216 889 1379 917 rectoribus
1395 888 1595 916 tractavimus.
1612 890 1720 917 (latera
1730 890 1760 917 in

932 932 1017 961 libris
1032 933 1096 969 ipse
1110 933 1202 970 legas.

320 1115 978 1201 MICHAELIS
1072 1116 1494 1199 PSELLI

587 1269 826 1327 OPERUM
849 1269 997 1326 PARS
1020 1270 1230 1325 TERTIA

781 1389 1038 1418 COMPLECTENS

507 1490 1309 1554 PHILOSOPHICA

304 1712 653 1800 ΔΟΞΑΙ
750 1712 1027 1797 ΠΕΡΙ
1119 1711 1546 1799 ΨΥΧΗΣ.

671 1937 789 2002 DE
855 1937 1165 2002 ANIMA

447 2064 827 2113 CELEBBES
885 2064 1291 2113 OPINIONES
1318 2065 1383 2128 (ί).

95 2255 155 2283 ’Ὁτι
180 2255 233 2281 τῶν
258 2254 385 2291 ψυχικῶν
402 2250 555 2288 δυνάμειιιινι
579 2251 607 2278 αἱ
630 2250 677 2287 μὲν
695 2249 760 2277 εἰσιν
776 2248 885 2287 ἄλογοι,
903 2250 925 2284 C
977 2250 1021 2278 Fat

977 2250 1163 2278 Facultatum
1179 2250 1284 2278 animm
1300 2250 1361 2278 alias
1378 2251 1443 2279 sine
1468 2251 1591 2286 ratione,
1617 2251 1680 2279 alia!
1703 2259 1769 2279 curn

59 2299 87 2325 αῖ
104 2296 133 2325 δὶ
156 2296 275 2336 λογικαί¹
291 2299 346 2325 τῶν
362 2295 391 2324 δὶ
415 2295 545 2334 λογικῶν,
575 2295 602 2322 αἱ
620 2295 667 2331 μὶν
698 2294 808 2329 ζωτικαὶ
837 2295 881 2321 καὶ

62 2342 211 2381 ὀρεκτιχαὶ,
234 2343 262 2369 αἱ
288 2340 316 2370 δὲ
334 2340 490 2380 γνωστικαί.
516 2339 636 2376 Ὁμοίως
661 2338 690 2366 δὲ
719 2338 884 2376 διαιροῦνται

60 2387 107 2414 καὶ
134 2387 160 2414 αἱ
186 2385 292 2424 ἄλογον
315 2385 397 2413 πάλιν
419 2384 448 2413 δὶ
471 2386 499 2412 αἱ
528 2384 637 2422 λογικαὶ
666 2384 711 2412 καὶ
738 2383 886 2421 γνωστικαὶ

62 2431 228 2469 διαιροῦνται
256 2433 363 2468 τριχῆ,
393 2429 431 2461 εἷς
462 2428 560 2464 δόξαν,
593 2429 639 2456 καὶ
672 2427 812 2462 διάνοιαν,
840 2427 886 2455 καὶ

62 2478 136 2504 νοῦν.
165 2476 197 2504 Ἦ
222 2476 270 2512 μὶν
301 2475 346 2502 οὖν
372 2473 436 2509 δόξα
449 2474 621 2510 καταγίνεται
634 2473 697 2510 περὶ
720 2473 752 2500 τὸ
766 2471 886 2505 καθόλου

61 2521 93 2548 τὸ
120 2520 210 2551 ἐντοῖς
234 2519 387 2554 αἲσθητοῖς.
404 2516 468 2547 Οἵδε
490 2517 541 2555 γὰρ
564 2517 605 2544 ὅτι
637 2518 689 2544 πᾶν
714 2516 811 2544 λευκὸν
842 2516 887 2544 καὶ

60 2565 182 2603 κριτικὸν
210 2562 311 2602 ὅψεως,
335 2563 378 2591 καὶ
406 2562 512 2593 δτιπᾶς
527 2560 670 2596 ἅνθρωπος
696 2559 802 2591 δίπους.
827 2561 887 2588 Ἔτι

59 2620 90 2648 γι
107 2610 172 2646 μὴν,
193 2609 238 2636 καὶ
252 2611 305 2636 τῶν
322 2607 475 2643 διανοητῶν
501 2604 572 2634 οἶδεν
589 2604 651 2633 ἄνευ
669 2605 756 2642 λόγου
772 2606 806 2632 τὰ
817 2616 887 2642 συμ-

60 2655 230 2691 περάσματα,
248 2654 308 2684 οἷος
323 2652 365 2680 ὅτι
380 2653 398 2687 ἡ
422 2652 499 2689 ψυχὴ
525 2651 668 2683 ἀθάνατος,
693 2648 758 2677 οἶδε·
790 2649 834 2677 διὰ
861 2649 887 2677 τί

62 2699 91 2728 δὲ
119 2698 262 2733 ἀθάνατος,
289 2698 378 2726 οὐκέτι
405 2696 476 2725 dio-tt.
504 2694 619 2732 δοξαστά
647 2694 713 2731 ἔστι,
743 2695 776 2721 τά
805 2704 834 2721 τι
860 2694 886 2721 ὲν

941 2295 1053 2322 ratione
1065 2296 1144 2322 sunt.
1161 2294 1269 2322 Harum
1285 2295 1346 2322 alia:
1357 2295 1461 2323 vitales
1472 2297 1500 2323 et
1513 2298 1691 2331 appetentes,
1706 2295 1769 2323 alia;

941 2341 1151 2375 cognoscentes
1175 2341 1255 2367 sunt.
1279 2338 1419 2366 Similiter
1443 2347 1559 2376 quoque
1584 2339 1768 2374 dividuntur,

942 2391 1006 2420 quae
1022 2383 1085 2411 sine
1101 2383 1213 2411 ratione
1226 2383 1422 2412 sunt.Rursus
1434 2384 1575 2412 trifariam
1588 2383 1769 2420 dispertiun-

941 2429 990 2455 tur
1004 2436 1067 2463 quas
1082 2436 1150 2455 cum
1167 2427 1279 2455 ratione
1292 2430 1361 2455 sunt
1376 2430 1405 2455 et
1420 2431 1641 2462 cognoscentes,
1659 2428 1688 2455 in
1705 2428 1769 2464 opi-

942 2473 1071 2505 nionem,
1102 2471 1296 2505 intellectum,
1321 2474 1350 2500 et
1379 2475 1519 2500 mentem.
1544 2472 1649 2508 Opinio
1676 2472 1769 2508 igitur

942 2516 1077 2544 universe
1103 2517 1133 2544 in
1149 2516 1185 2544 iis
1200 2519 1334 2544 versatur
1350 2525 1414 2552 quas
1429 2524 1518 2544 sensu
1534 2517 1737 2552 percipiuntur
1763 2525 1769 2544 :

943 2561 1023 2589 novit
1036 2561 1116 2588 enim
1134 2569 1222 2589 omne
1238 2561 1350 2593 album,
1361 2561 1457 2588 visum
1475 2561 1649 2593 discernere.
1662 2563 1691 2589 et
1706 2570 1772 2589 om-

943 2613 1010 2633 nem
1022 2605 1174 2633 hominem
1187 2605 1322 2641 bipedem
1333 2613 1413 2639 esse;
1429 2613 1530 2633 eorum
1543 2608 1692 2641 presteres,
1708 2614 1772 2642 quae

943 2650 1000 2678 sub
1015 2649 1245 2678 intellectionem
1262 2650 1381 2684 cadunt,
1399 2649 1617 2686 conclusiones,
1633 2651 1683 2678 sed
1709 2650 1772 2678 sine

943 2695 1056 2723 ratione
1073 2694 1237 2730 novit;puta
1253 2694 1383 2722 animum
1400 2693 1597 2723 immortalem
1615 2703 1679 2723 esse
1706 2694 1772 2727 scit,

100 2773 134 2810 (')
151 2773 190 2802 De
205 2772 260 2802 hoc
274 2772 360 2806 libro,
377 2779 463 2808 quem
480 2778 551 2798 mss.
568 2768 662 2798 Psello
677 2768 838 2803 vindicant,
852 2767 918 2796 vide
934 2767 1056 2796 Leonem
1075 2767 1215 2795 Allatium
1232 2775 1321 2804 supra
1337 2766 1389 2795 col.
1406 2767 1469 2802 504,
1487 2775 1568 2794 num.
1583 2767 1665 2795 XLII.
