1952 3052
43 104 114 134 1037

777 104 827 134 DE
849 104 989 134 ANIMA.

1669 103 1748 134 1038

42 170 84 196 σία
97 170 192 207 γίνεται
212 173 262 205 τῆς
278 169 454 207 ψυχῆς.”οσα
471 171 518 206 μὲν
534 171 579 197 οὖν
596 169 690 207 ἕχοοσι
706 169 753 201 τὰς
769 168 858 207 κρείτ·
875 201 877 205 ι

969 171 1105 198 ειΙίῐοι-υη]
1131 174 1176 199 est
1199 171 1249 204 ali,
1266 171 1376 207 augeri,
1394 178 1533 207 generare
1558 170 1605 198 sui
1626 169 1746 198 similia.

41 223 100 245 τους
115 214 189 250 ζωὰς,
211 214 237 250 ἐξ
254 214 371 252 ἀνάγκης
396 214 441 241 καὶ
469 214 518 246 τὰς
540 214 747 252 καταδεεστέρας
778 213 859 252 ἔχου-

42 268 94 285 σινι
119 258 205 286 οὐκέτι
236 257 266 286 δὲ
294 259 338 286 καὶ
367 257 514 287 ἀνάπαλιν·
544 260 575 287 οὐ
603 260 653 298 γὰρ
675 259 784 287 δυνατὸν
813 259 861 289 τὰς

41 303 157 341 λογικὰς,
182 303 256 342 ἔχειν
272 302 411 340 δυνάμεις,
430 305 467 340 μὴ
484 304 616 343 πρότερον
643 304 796 342 ἐσχηκότας
811 303 860 333 τὰς

39 347 251 386 καταδεεστέρας·
281 348 377 385 ἀμέλει
400 349 445 376 καὶ
469 351 523 377 τῶν
551 349 702 384 αίσθήσεων
729 349 780 376 οὐκ
805 346 860 375 ἔστι

41 395 182 431 ματασχεῖν
209 396 261 428 τῆς
287 393 453 430 κρείττονος,
482 394 527 421 τὸν
560 395 597 431 μή
631 393 781 432 μετέχοντα
809 396 860 427 τῆς

39 437 168 475 χείρονος.
195 438 266 466 ’Όσα
292 440 356 475 γοῦν
379 438 488 476 μετέχει
506 437 606 476 ὅψεως,
621 437 705 467 ταῦτα
720 438 763 465 καὶ
777 438 861 471 ἀκοῆς

38 483 84 510 καὶ
101 485 149 510 τῶν
175 481 294 510 λοιπῶν⁶
317 483 361 510 καὶ
378 482 428 510 ὅσα
454 483 551 519 ἀκοῆς,
576 485 660 512 ταῦτα
684 483 729 510 καὶ
755 482 860 521 ἀσφρή-

39 538 105 560 dem;
125 527 167 555 καὶ
191 528 307 565 γεύσεως
332 527 377 555 καὶ
393 527 476 567 ἁφῆς,
501 528 555 566 οὐχ
580 528 629 555 ὅσα
645 527 674 555 δὲ
689 527 860 566 ὀσφρήσεως,

37 571 83 600 καὲ
105 571 230 610 γεύσεως,
255 573 298 601 καὶ
321 573 401 608 ἁφῆς,
431 573 539 605 πάντως
567 573 611 600 καὶ
638 572 740 609 ὅψεως,
770 571 859 608 ὥσπερ

38 617 52 644 ὁ
69 616 195 652 ἀσπάλαξ·
223 616 347 645 οὐδ’δσα
375 617 457 656 ἁφῆς,
487 619 571 644 ταῦτα
595 616 640 644 καὶ
669 619 722 643 τῶν
753 614 859 648 ἄλλων,

38 663 96 689 οἷον
125 662 147 688 οἱ
173 661 299 699 σπόγγοι,
316 662 386 700 ἁφῆς
414 662 461 698 μὶν
484 661 659 699 μετέχουσιν,
676 660 806 697 οὐδεμιᾶς
832 658 861 686 δε

37 708 91 733 τών
114 706 261 741 αἴσθήσεων
276 715 282 722 ·
308 705 401 737 ἄλλως
426 716 454 734 τε
479 706 530 734 οὐκ
554 705 609 733 ἔστι
635 707 777 743 μετασχεῖν
807 707 857 739 τῆς

37 750 197 788 κρείττονος,
212 750 257 778 τὸν
277 751 315 787 μή
330 754 381 786 τῆς
398 750 543 781 ἐλάττονος
573 750 754 788 μετασχόντα.
770 750 859 778 Τοῦτο

38 794 80 829 δὲ,
102 795 153 833 οὐχ
174 794 214 823 ὅτι
229 793 335 823 δέονται
349 797 401 823 τῶν
425 793 559 834 χειρόνων
576 795 602 822 αἱ
624 795 788 832 κρείττονες,
813 793 858 820 ’ίνα

915 217 988 250 Ipsae
1004 223 1119 251 quoque
1136 215 1276 243 dicuntur
1291 216 1385 242 vivere
1400 216 1435 250 fel:
1452 214 1535 244 mori.
1551 214 1620 242 Vita
1635 223 1702 242 vero
1719 218 1748 243 et

917 267 1006 293 mors,
1019 260 1121 288 animae
1134 259 1290 296 praesentia
1305 262 1334 288 et
1345 260 1477 288 absentia
1492 261 1546 288 est.
1558 259 1746 295 Quaecunque

917 303 1006 339 igitur
1022 303 1157 332 meliores
1171 304 1246 331 vitas
1263 303 1382 339 habent,
1394 303 1553 332 deteriores
1564 311 1681 339 quoque
1691 303 1744 332 ha-

916 347 983 375 bere
1001 356 1120 376 necesse
1135 351 1180 376 est
1196 357 1202 377 :
1221 351 1250 376 at
1273 357 1330 376 non
1348 351 1449 376 contra
1466 357 1473 380 ς
1502 348 1564 376 fieri
1590 348 1669 376 enim
1685 356 1744 376 non

916 395 1021 428 potest,
1039 396 1071 422 ut
1088 393 1211 421 rationis
1236 396 1398 430 potestates
1419 393 1557 426 habeant,
1574 401 1637 429 quas
1662 393 1744 429 prius

916 439 1074 467 deteriores
1088 447 1144 466 non
1155 439 1343 467 habuerunt:
1359 439 1500 467 nimirum
1512 441 1541 467 et
1553 439 1582 467 in
1594 439 1745 472 sensibus,

916 491 1001 511 nemo
1018 484 1147 512 melioris
1161 486 1207 512 est
1218 485 1375 520 particeps,
1388 485 1438 520 qui
1455 484 1563 521 pejoris
1577 493 1634 512 non
1646 483 1744 512 fuerit.

915 528 1100 564 Quaecunque
1116 529 1206 564 igitur
1217 529 1312 556 visum
1323 529 1442 565 habent,
1453 529 1513 556 haec
1529 530 1558 557 et
1573 529 1706 557 auditum
1719 533 1747 556 ct

915 572 1045 608 reliquos
1060 581 1166 601 sensus
1183 582 1189 600 :
1207 581 1390 610 quaecunque
1406 573 1664 609 auditum,eadem
1675 573 1744 601 odo-

916 619 1023 650 ratum,
1041 619 1173 653 gustum,
1189 620 1217 645 et
1243 619 1353 645 tactum
1370 626 1377 645 :
1395 627 1458 653 qua:
1484 626 1552 646 vero
1577 618 1744 651 odoratum,

915 664 1035 697 gustum
1052 663 1080 689 et
1095 664 1217 697 tactum,
1232 670 1289 689 non
1305 670 1422 698 semper
1432 662 1540 697 visum,
1554 663 1744 698 quemadmo-

915 707 985 733 dum
1008 706 1087 742 talps
1104 715 1179 745 :_nec
1204 715 1389 743 quaecunque
1412 708 1537 742 tactum,
1553 707 1656 735 eadem
1671 706 1744 735 alios

915 759 1030 786 sensus,
1048 753 1080 778 ut
1103 751 1242 787 spongiae,
1260 759 1323 787 quze
1349 753 1462 779 tactum
1487 751 1606 788 quidem
1623 751 1744 786 habent,

915 795 1042 831 reliquos
1058 804 1164 824 sensus
1189 795 1268 823 nullo
1293 796 1390 824 modo.
1406 796 1506 832 Neque
1527 804 1595 824 vero
1616 795 1744 824 melioris

38 840 198 876 ὑποστῶσιν,
229 839 303 868 ἀλλὰ
327 839 495 874 τούναντίον,
523 840 555 868 τὸ
587 842 667 876 σῶμα
693 839 723 867 οὐ
750 837 877 866 δύναταις

155 887 167 890 ..
228 887 240 890 ..
389 885 394 890 l
512 885 519 890 ι
596 884 602 890 ι
776 882 785 890 ς
815 880 841 890 an
875 886 877 890 Ι

969 849 1020 868 sus
1043 840 1187 876 particeps
1211 848 1276 868 esse
1303 842 1408 877 potest,
1439 841 1488 877 qui
1514 840 1667 869 deterioris
1683 849 1743 868 non

39 887 180 923 μετασχεῖν
207 887 261 912 τῶν
287 885 461 923 κρειττόνων,
486 885 524 921 μὴ
550 884 683 922 πρότερον
706 880 860 911 καταλαϐὸν

35 932 90 957 τῶν
117 928 339 967 μετάδεεστὲρων,
367 931 429 958 Ὅτι
455 928 549 963 ἐπειδή
580 927 664 965 μηδὲν
695 930 750 955 τῶν
779 926 859 955 εἰδῶν

36 974 93 1002 ἔδει
115 972 334 1013 οθιιίρεσθαι,¹ίνα
361 974 398 1010 μή
422 972 515 1005 ἀτελὲς
536 973 554 1011 ᾖ
575 973 606 1001 τὸ
631 976 694 1001 πᾶν·
719 973 861 1010 πλήρωμα

34 1020 87 1057 γάρ
116 1019 168 1046 ἐστι
196 1021 249 1046 τῶν
277 1017 357 1046 εἰδῶν
386 1019 400 1045 ὁ
430 1017 545 1055 κόσμος,
569 1017 713 1046 Ἀδύνατον
730 1016 759 1044 δὲ
781 1017 812 1055 ᾖν
828 1017 861 1044 τὰ

35 1063 105 1092 αὐτᾶ
125 1062 210 1100 μένειν
233 1063 279 1090 τὸν
304 1062 418 1101 ἀριθμὸν
445 1062 546 1100 γενητά
570 1072 599 1090 τε
624 1060 688 1089 ὄντα
711 1061 755 1088 καὶ
780 1066 862 1100 φθαρ-

34 1108 81 1142 τὰ,
107 1108 213 1145 μετέχει
234 1107 378 1135 καὶταῦτα
405 1108 454 1141 τῆς
476 1105 642 1142 ἀϊδιότητος,
673 1106 710 1137 ὡς
732 1105 860 1140 ἠδύνατο·

35 1153 107 1180 διότι
130 1152 173 1180 καὶ
189 1152 276 1179 πάντα
300 1151 401 1189 ἐφίεται
417 1155 467 1186 τῆς
481 1153 530 1178 τοῦ
553 1151 664 1188 πρώτου
694 1149 861 1186 ἀϊδιότητος,

37 1198 79 1229 ὡς
95 1197 194 1228 οἰκείας
219 1197 319 1234 ἀρχῆς,
336 1196 380 1223 καὶ
398 1195 508 1233 μετέχει
523 1195 625 1231 ταύτης
649 1194 772 1229 ἕκαστον,
795 1194 865 1222 κατὰ

34 1242 72 1270 τὰ
88 1243 182 1270 ἑαυτοῦ
200 1241 294 1279 μέτρα.
324 1240 375 1268 Καὶ
402 1240 482 1268 τοῦτό
513 1240 567 1267 ἐστι
597 1240 627 1266 τὸ
652 1240 862 1276 σκοπιμώταταν

35 1287 117 1325 ἔργον
146 1290 195 1321 τῆς
226 1285 342 1325 φύσεως,
372 1285 404 1313 τὸ
434 1287 488 1312 τῶν
509 1286 627 1323 φυτικῶν
651 1283 774 1318 ἕκαστον,
802 1294 864 1321 γεν-

35 1335 117 1366 νῆσαι
141 1330 222 1365 ἄλλο,
240 1330 296 1358 οἷόν
313 1330 383 1358 ἐστιν
400 1329 475 1358 αὑτό.
494 1330 546 1358 Καὶ
561 1328 655 1363 ἐπειδὴ
672 1328 788 1365 δεόμεθα
802 1338 865 1366 γεν-

37 1378 155 1412 νήσεως,
183 1377 200 1410 ἡ
227 1374 257 1403 δὲ
278 1374 425 1413 γεννητικὴ
449 1373 563 1411 δύναμις
588 1374 613 1401 ἐν
637 1373 781 1411 ὡρισμὲνῳ
795 1373 865 1410 γίνε·

38 1432 85 1449 ται
113 1421 227 1459 μεγέθει,
245 1418 289 1447 διὰ
302 1422 383 1447 τοῦτο
397 1418 514 1455 δεόμεθα
536 1422 586 1453 τῆς
602 1418 751 1455 αὐξήσεως.
777 1418 865 1445 Ἐπει-

38 1466 76 1500 δὴ
107 1464 134 1492 δὲ
173 1466 190 1499 ἡ
229 1463 339 1500 αὔξησις
377 1462 422 1490 διὰ
452 1466 558 1500 τροφῆς
595 1462 778 1501 παραγίνεται,
817 1463 866 1496 τῆς

38 1513 189 1548 θρεπτικῆς
223 1508 305 1537 πάλιν
345 1507 460 1545 δεόμεθα
498 1507 661 1544 δυνάμεως’
702 1507 752 1535 Διὰ
785 1509 865 1534 τοῦτο

916 884 1012 912 fuerit.
1029 887 1128 921 Neque
1149 884 1190 920 id,
1206 885 1282 920 quod
1298 885 1494 913 deterioribus
1510 885 1647 913 meliores
1662 885 1741 912 indi-

914 932 1012 965 geant,
1027 934 1057 957 ut
1072 929 1247 962 subsistant,
1262 930 1313 957 sed
1333 932 1434 958 contra
1448 938 1553 966 corpus
1570 938 1626 958 non
1643 931 1739 966 potest

915 974 1066 1001 meliorum
1083 974 1227 1010 particeps
1243 982 1317 1007 esse,
1333 974 1362 1002 ni
1378 975 1523 1002 deteriora
1538 975 1621 1010 prius
1637 983 1737 1003 susce-

917 1018 999 1055 perit.
1016 1018 1128 1054 Quippe
1147 1018 1287 1054 quouiam
1312 1018 1424 1047 nullam
1446 1019 1571 1055 speciem
1588 1019 1737 1055 corrumpi

916 1063 1077 1099 oportebat,
1090 1071 1124 1091 ne
1136 1063 1335 1099 imperfectum
1348 1066 1425 1091 esset
1437 1064 1618 1099 universum,
1629 1064 1738 1100 specie-

917 1116 982 1135 rum
999 1108 1073 1136 enim
1084 1108 1230 1136 absolutio
1239 1110 1267 1136 et
1283 1108 1530 1144 complementum
1543 1111 1587 1137 est
1599 1109 1738 1143 mundus,

917 1160 1043 1188 cumque
1052 1152 1160 1180 eazdem
1172 1160 1293 1181 numero
1301 1160 1417 1180 manere
1424 1152 1535 1189 species
1544 1161 1600 1181 non
1608 1155 1741 1189 possent,

919 1199 950 1224 ut
966 1205 1029 1232 qua:
1053 1200 1230 1233 generentur
1252 1199 1280 1225 et
1305 1199 1541 1233 corrumpantur,
1558 1198 1742 1232 aeternitatis,

919 1243 1013 1277 quoad
1040 1244 1173 1278 possunt,
1199 1242 1356 1278 participes
1379 1244 1457 1270 sunt.
1484 1244 1579 1275 Quare
1601 1242 1744 1278 principis

920 1287 1123 1320 aeternitatem,
1135 1289 1163 1314 ul
1177 1295 1263 1313 suum
1276 1286 1465 1323 principium,
1480 1295 1581 1315 omnes
1594 1289 1744 1323 expetunt,

920 1333 948 1359 et
964 1331 1063 1365 hujus,
1081 1331 1216 1366 quaslibet
1232 1339 1283 1366 pro
1297 1331 1383 1359 modo
1392 1333 1420 1359 ot
1435 1333 1522 1367 captu
1539 1340 1603 1365 suo,
1614 1331 1646 1360 fit
1659 1331 1746 1367 parti-

921 1383 998 1411 ceps.
1014 1376 1122 1411 Estque
1134 1375 1162 1403 id
1180 1375 1366 1411 potissimum
1380 1378 1490 1404 naturae
1502 1384 1586 1412 opus,
1598 1378 1631 1404 ut
1641 1384 1746 1404 unum-

921 1420 1058 1456 quodque
1073 1428 1173 1448 eorum
1189 1429 1250 1455 quae
1261 1421 1360 1448 anima
1371 1420 1492 1456 praedita
1507 1423 1586 1455 sunt,
1599 1421 1676 1449 aliud
1689 1421 1748 1454 sibi

922 1465 1018 1492 simile
1026 1465 1128 1500 gignat
1144 1474 1149 1492 :
1167 1467 1195 1493 et
1206 1465 1343 1500 quoniam
1356 1465 1521 1494 necessaria.
1530 1468 1575 1494 est
1584 1465 1745 1502 generatio,

923 1510 1013 1544 hujus
1028 1511 1127 1537 autem
1151 1509 1195 1537 vis
1220 1509 1336 1537 nonnisi
1363 1512 1441 1538 certo
1466 1513 1495 1538 et
1518 1510 1638 1539 deﬁnito
1654 1509 1747 1539 atatis

36 1555 131 1583 τοίνυν
163 1554 314 1591 μετέχομεν
335 1555 389 1581 τῶν
416 1555 534 1592 φυτικῶν
560 1551 700 1588 δυνάμεων
715 1551 760 1579 καὶ
786 1553 868 1587 ἡμεῖς

969 1554 1019 1582 λὶὶο
1035 1553 1121 1588 valet,
1133 1554 1224 1589 justis
1235 1554 1299 1582 ideo
1311 1554 1497 1582 incrementis
1509 1563 1582 1590 opus
1592 1555 1748 1584 habemus.

37 1601 85 1628 καὶ
111 1599 144 1626 τὰ
170 1597 258 1636 ἄλογα
284 1600 349 1633 ζῶα,
370 1597 449 1633 ὣστε,
474 1597 519 1625 ὅτε
545 1597 592 1634 μὲν
619 1596 779 1634 ἐνεργοῦμεν
804 1595 872 1623 κατὰ

38 1644 140 1675 ταύτας
167 1643 215 1674 τὰς
241 1642 379 1680 δυνάμεις,
409 1642 447 1673 ὡς
475 1641 544 1681 φυτὰ
563 1641 744 1679 ἐνθεργοῦμενο
772 1640 817 1668 ὅτε
843 1639 871 1667 δὲ

38 1689 114 1718 κατὰ
142 1689 226 1725 θυμὸν
252 1687 297 1715 καὶ
320 1687 476 1724 ἐπιθυμίαν,
501 1687 538 1718 ὡς
563 1687 596 1714 τὰ
620 1686 708 1723 ἄλογα
734 1688 799 1720 ζῶα·
836 1685 872 1716 ὡς

39 1734 185 1772 ἅνθρωποι
208 1732 236 1761 δὲ
265 1731 346 1769 μόνον
369 1731 529 1770 ἐνεργοῦμεν
559 1730 630 1767 τότε,
660 1730 704 1758 ὅτι
731 1732 771 1767 τῷ
795 1729 873 1767 λόγῳ

41 1779 220 1817 κεχρήμεθα.
237 1778 284 1805 Διὸ
299 1777 343 1805 καὶ
360 1775 472 1807 ἀστείως
498 1776 559 1804 λίαν
576 1776 590 1803 ὁ
617 1775 758 1806 Πλωτῖνος
788 1775 873 1808 εἶπεν,

41 1825 83 1856 ὡς
98 1822 158 1851 ὅσοι
173 1822 303 1859 ἐμμανῶς
319 1821 387 1849 κατὰ
410 1821 457 1851 τὰς
474 1820 619 1858 θρεπτικὰς
646 1818 772 1856 δυνάμεις
801 1818 875 1855 ἐνερ-

41 1870 156 1907 γοῦσιν,
173 1866 248 1894 οὗτοι
263 1864 464 1894 κινδυνεύουσιν
480 1862 731 1902 ἀποδενδρωθῆναι.

81 2021 147 2049 ’Ότι
176 2017 297 2057 διαφέρει
318 2019 372 2045 τῶν
400 2018 520 2056 φυτικῶν
550 2014 701 2052 δυνάμεων,
729 2016 801 2042 τοῦτ’
822 2013 877 2042 ἔστι

39 2069 98 2100 τῆς
131 2063 291 2102 γεννητικῆς
320 2072 350 2089 τε
378 2061 424 2088 καὶ
454 2064 601 2098 θρεπτικῆς
625 2058 797 2096 ἡέπιθυμία.
827 2059 878 2086 Καὶ

41 2111 99 2148 γὰρ
129 2109 237 2147 ὁρῶμεν
260 2106 355 2142 αὐτὴν,
380 2109 441 2137 ταῖς
468 2104 527 2132 δυσὶ
553 2105 662 2136 ταύταις
688 2103 879 2132 ἐπικοινωνοῦ-

42 2164 107 2183 mor
140 2153 203 2190 περί
231 2162 261 2180 τι
283 2151 335 2190 γὰρ
354 2151 458 2190 τροφὰς
488 2150 601 2188 ἐνεργεῖ,
625 2149 730 2180 καὶτὰς
755 2159 878 2186 γεννητι-

41 2200 98 2230 κὰς
129 2196 268 2234 δυνάμεις·
292 2195 366 2230 πλὴν
399 2194 531 2235 διαφέρει,
554 2193 596 2222 ὅτι
621 2195 639 2229 ἡ
675 2194 721 2231 μὶν
749 2192 881 2229 ἐπιθυμία

45 2242 121 2280 μετᾶ
147 2241 298 2277 αἶσθήσεως
323 2240 426 2278 ἐνεργεῖ
443 2249 449 2256 ·
486 2239 514 2267 αἱ
542 2238 571 2266 δὶ
606 2239 715 2278 φυτικαί
743 2237 881 2274 δυνάμεις,

44 2286 113 2316 ἄνευ
144 2287 306 2321 αἰσθήσεως·
331 2283 374 2312 διὸ
402 2285 447 2312 καὶ
475 2284 509 2312 τὰ
527 2282 624 2321 ἄλογα,
641 2283 674 2311 τὰ
689 2282 776 2318 θήλεα
797 2283 882 2319 ἑωρα-

43 2332 121 2360 κότα
141 2333 256 2358 κινεῖται
285 2329 353 2367 πρὸς
370 2327 467 2367 ὄρεξιν,
500 2328 538 2360 ὥς
565 2338 596 2356 τε
620 2327 687 2365 μετᾶ
700 2327 826 2366 γνώσεώς
840 2337 883 2353 τι-

42 2387 97 2407 νος
128 2377 147 2410 ἡ
178 2373 318 2411 ἐπιθυμία,
335 2373 397 2401 ἀλλ’
411 2373 476 2411 οὐχὶ
504 2373 549 2400 καὶ
565 2374 592 2400 αἱ
617 2372 725 2410 φυτικαὶ
742 2371 883 2410 ἐνέργειαι.

44 2420 152 2451 Οὕτως
175 2418 272 2456 ἀμέλει
298 2417 343 2445 καὶ
365 2417 541 2449 καθεύδοντες
562 2417 699 2448 πολλάκις
725 2416 883 2453 ἐκκρίνομεν

42 2466 80 2494 τὸ
113 2463 236 2501 σπέρμα,
268 2461 407 2500 μηδεμιᾶς
428 2462 579 2498 αἰσθήσεως
608 2462 627 2497 ἢ
649 2461 795 2500 φαντασίας
816 2471 885 2498 προη-

44 2508 249 2550 ηγησαμὲνης·
276 2505 363 2542 δῆλον
387 2506 430 2534 ὅτι
453 2506 522 2534 κατὰ
543 2506 593 2550 τᾲς
616 2505 730 2550 φυτικὰς
757 2504 884 2550 δυνᾴμεις

44 2548 263 2593 ἐνεργήσαντες.
276 2552 379 2590 ’Ὠσπερ
395 2551 441 2579 οὖν
456 2551 519 2579 ὅταν
539 2551 554 2578 6
571 2549 655 2588 λόγος
684 2548 887 2587 ἀνδραποδισθῇ

45 2598 108 2628 ὑπὸ
124 2600 178 2633 τῆς
195 2596 319 2635 ἀλογίας,
343 2595 389 2623 καὶ
414 2595 493 2627 αὐτὸς
517 2597 603 2622 πᾶσαν
619 2597 688 2622 κινεῖ
704 2594 831 2633 μηχανὴν
849 2593 886 2625 εἷς

46 2642 239 2679 ἐκπλήρωσιν
264 2643 370 2679 τρυφῆς
393 2640 438 2668 καὶ
461 2638 650 2679 ἀφροδισίων,
678 2638 723 2666 καὶ
754 2638 788 2666 ού
816 2638 889 2676 παρὰ

46 2687 144 2715 ’τοῦτό
158 2696 245 2726 φαμεν
274 2686 369 2713 ταυτὸν
401 2685 466 2712 εἶναι
490 2686 536 2712 τὸν
564 2683 647 2722 λόγον
675 2687 735 2715 ταῖς
763 2686 888 2722 φυτικαῖς

49 2731 220 2768 δυνάμεσιν.
238 2729 315 2757 Οὕτω
332 2731 418 2769 φαμὲν
435 2729 480 2762 καὶ
497 2729 540 2757 ἐπὶ
555 2732 605 2764 τῆς
619 2728 775 2765 ἐπιθυμίας.
806 2728 891 2757 Ἀλλὰ

49 2779 113 2806 τῶν
137 2776 186 2814 μὲν
203 2775 322 2815 φυτικῶν
338 2773 477 2812 δυνάμεῶν
493 2772 561 2802 ἴδιον
577 2773 608 2802 τὸ
638 2772 734 2804 ἀπλως
761 2772 889 2811 ἐφίεσθαι,

926 1601 994 1632 Quae
1004 1599 1141 1634 quoniam
1153 1598 1301 1626 alimentis
1315 1598 1504 1633 fiunt,altrice
1516 1608 1619 1628 rursus
1629 1607 1750 1636 egemus

926 1645 1087 1679 potestate;
1105 1642 1480 1679 vegetantisigituranima:
1497 1645 1656 1679 potestates
1667 1643 1752 1672 nobis

927 1696 993 1715 cum
1011 1688 1106 1715 brutis
1122 1695 1293 1715 communes
1310 1690 1389 1721 sunt,
1401 1689 1563 1716 secundum
1580 1696 1664 1725 quas,
1681 1688 1752 1716 dum

928 1732 1055 1768 agimus,
1073 1733 1105 1759 ut
1121 1730 1225 1767 plantis
1241 1732 1357 1767 agimus
1375 1740 1381 1760 ε
1400 1733 1450 1760 ubi
1476 1741 1543 1761 vero
1558 1740 1610 1768 per
1624 1733 1710 1767 iram,
1726 1734 1755 1761 et

929 1776 1208 1811 concupiscentiam,
1227 1778 1259 1803 ut
1282 1776 1370 1804 bruta
1384 1785 1391 1804 ;
1407 1777 1527 1805 demum
1552 1779 1584 1805 ut
1607 1777 1755 1812 homines,

930 1823 1044 1849 tantum
1061 1821 1188 1856 agimus,
1209 1829 1276 1848 cum
1303 1821 1416 1849 ratione
1437 1821 1557 1850 utimur.
1573 1822 1668 1854 Quare
1683 1821 1755 1849 scite

931 1866 1090 1894 admodum
1106 1865 1249 1899 Plotinus,
1265 1865 1315 1901 qui
1337 1865 1468 1894 altricem
1483 1866 1620 1894 virtutem
1641 1874 1754 1902 pracu.

931 1910 996 1947 pide
1012 1919 1045 1938 nc
1060 1910 1168 1938 furiose
1182 1913 1347 1944 exerceant,
1358 1910 1520 1947 periculum
1536 1917 1601 1940 esse
1616 1919 1652 1939 ne
1667 1911 1697 1939 in
1708 1919 1754 1939 ar-

931 1956 1017 1983 bores
1032 1955 1149 1982 tandem
1165 1955 1350 1990 degenerent.

969 2017 1166 2053 Avegetantis
1189 2018 1293 2045 animas
1318 2017 1519 2051 facultatibus,
1545 2017 1704 2054 generandi
1730 2018 1759 2046 et

933 2062 1041 2098 alendi,
1057 2062 1171 2090 diversa
1186 2065 1231 2090 cst
1254 2062 1493 2098 concupiscentia
1509 2071 1515 2090 :
1532 2063 1608 2090 hanc
1623 2063 1700 2090 enim
1716 2062 1758 2090 vi-

934 2107 1048 2140 demus,
1065 2115 1132 2134 cum
1147 2107 1264 2134 duabus
1280 2106 1339 2135 illis
1356 2108 1585 2135 communicare.
1599 2107 1666 2144 Agit
1680 2106 1759 2134 enim

935 2153 964 2179 in
981 2151 1141 2186 alimentis,
1157 2154 1184 2179 et
1209 2152 1368 2187 generandi
1392 2151 1499 2180 virtute
1516 2160 1523 2179 :
1540 2152 1638 2180 differt
1661 2153 1760 2179 autem

936 2196 1005 2233 quia
1029 2195 1267 2231 concupiscentia
1291 2204 1358 2224 cum
1383 2205 1473 2225 sensu
1499 2196 1568 2232 agit,
1594 2198 1761 2233 vegetantes

936 2249 1002 2268 vero
1018 2240 1080 2268 sine
1090 2249 1177 2268 sensu
1195 2248 1201 2268 :
1219 2240 1288 2268 hinc
1296 2241 1383 2268 bruta
1396 2241 1460 2268 visa
1469 2241 1577 2269 femina
1588 2241 1617 2268 in
1627 2247 1761 2268 venerem

937 2284 1148 2319 stimulantur;
1166 2285 1237 2312 adeo
1260 2288 1292 2312 ut
1307 2293 1372 2313 cum
1398 2285 1565 2321 cognitione
1580 2285 1707 2322 quadam
1725 2285 1764 2312 sit

938 2329 1185 2364 concupiscentia,
1203 2329 1364 2364 vogetantis
1390 2329 1519 2357 actiones
1544 2338 1601 2357 non
1614 2329 1703 2364 item.
1721 2330 1764 2357 Ila

938 2374 1072 2402 videlicet
1082 2374 1294 2402 dormientibus
1306 2373 1390 2402 nobis
1401 2382 1500 2402 semen
1509 2374 1684 2410 excernitur,
1695 2381 1763 2402 cum

940 2418 1041 2446 nullus
1056 2426 1171 2451 sensus,
1190 2420 1240 2446 aut
1260 2418 1398 2454 impulsio
1414 2427 1430 2446 ε
1445 2418 1540 2454 specie
1565 2417 1764 2454 praecesserit;

941 2463 1017 2499 quod
1035 2470 1051 2489 a
1066 2463 1226 2498 vegetantis
1237 2462 1424 2490 facultatibus
1435 2463 1497 2490 ﬁeri
1509 2462 1699 2491 manifestum
1710 2463 1765 2490 est.

941 2507 1194 2539 Quemadmodum
1211 2507 1311 2543 igitur,
1323 2515 1390 2535 cum
1406 2515 1422 2535 a
1438 2507 1599 2543 cupiditate
1609 2507 1685 2535 victa
1695 2506 1768 2536 ratio

943 2552 1041 2585 fuerit,
1057 2554 1085 2579 et
1101 2551 1130 2579 in
1147 2551 1317 2580 servitutem
1334 2552 1459 2586 redacta,
1473 2554 1533 2579 tota
1548 2551 1598 2580 illa
1612 2551 1724 2589 impetu
1737 2551 1768 2579 in

942 2596 1121 2632 voluptatem
1137 2599 1164 2624 et
1180 2605 1225 2624 res
1240 2605 1378 2624 venereae
1389 2597 1489 2630 fertur,
1503 2604 1598 2632 neque
1613 2599 1711 2625 tamen
1723 2596 1769 2624 id-

945 2641 1020 2669 circo
1036 2641 1169 2668 eamdem
1194 2640 1290 2669 inesse
1312 2641 1456 2669 rationem
1481 2641 1634 2677 vegetaudi
1648 2641 1770 2670 faculta-

945 2685 1026 2713 tibus
1042 2685 1169 2713 dicimus
1186 2694 1192 2713 :
1211 2685 1288 2714 idem
1303 2688 1332 2713 et
1342 2685 1378 2713 de
1392 2686 1618 2722 concupiscente
1633 2686 1770 2714 dicimus.

946 2730 1148 2766 Vegetantium
1164 2738 1229 2758 vero
1242 2729 1414 2758 facultatum
1425 2731 1574 2767 proprium
1587 2733 1642 2766 est,
1653 2729 1771 2766 simpli-

947 2775 1019 2803 citer
1034 2777 1180 2811 appetere,
1197 2776 1225 2803 et
1240 2775 1303 2804 sine
1328 2784 1428 2810 sensu,
1445 2784 1545 2804 semen
1570 2775 1702 2804 emittere
1719 2782 1726 2802 :
1742 2775 1771 2801 at
