1952 3052
166 115 246 146 10ιὸ

165 190 242 212 mem
269 183 443 212 extrinsecus
468 183 600 213 advenire
628 185 654 212 et
679 183 774 212 divina
797 191 854 211 esse

167 228 244 255 enim
258 228 317 264 ejus
331 229 403 256 actio
417 236 480 256 cum
492 229 783 264 corporisjactionibus
811 227 893 257 habet
916 235 994 256 com-

167 273 298 301 mune.Et
311 281 415 301 rursus
431 273 461 301 in
483 273 614 301 secundo
642 273 727 307 libro,
754 274 791 300 De
820 274 918 308 mente,
948 273 993 300 in-

169 317 244 353 quit,
265 318 290 344 et
312 318 519 353 contemplandi
550 318 682 353 [ocul/ate
713 318 834 346 nondum
866 318 995 345 constat:

167 362 215 390 sed
231 361 340 390 videtur
353 363 449 390 animo.
463 363 542 390 aliud
555 371 640 400 genus
653 371 720 396 esse,
740 366 765 390 et
786 363 844 390 sola
868 370 994 396 separar:

165 414 255 443 posse,
271 405 347 434 velut
357 410 490 435 wternum
509 415 527 434 a
541 407 728 443 corruptibili.
751 407 787 435 Et
804 407 832 434 in
844 406 930 435 tertio
947 415 996 434 ea-

169 451 235 479 dem
249 450 339 487 ponit,
357 453 484 479 mentem
500 451 704 487 impatibilem,
720 453 860 479 aeternam
890 453 919 478 et
941 451 997 478 im-

169 495 323 524 mortalem
332 504 396 524 esse
403 495 597 530 declarans,et
606 495 700 524 multa
706 496 851 531 ejusmodi
859 495 888 523 in
895 495 997 524 eodem

170 539 245 568 libro
256 539 432 569 scribit.Sed
443 542 471 568 et
485 548 518 568 ex
528 539 593 568 aliis
608 540 774 568 Aristotelis
804 540 897 573 libris,
915 539 999 568 facile

170 583 357 620 intelligitur;
371 584 519 612 Aristoteli
551 584 754 613 rationabilem
783 585 912 613 animam
941 584 999 611 im-

172 627 326 657 mortalem
342 628 443 663 videri,
459 631 488 657 et
502 629 538 657 ab
549 629 629 657 omni
645 637 766 665 corpore
793 628 998 665 separabilem.

210 727 264 754 Sed
281 728 311 755 et
325 726 486 761 Platonem,
497 727 609 755 ratione
621 728 774 763 praeditam
787 727 917 756 animam
946 727 1000 755 im-

175 771 329 799 mortalem
343 772 506 806 censuisse,
521 780 578 799 non
594 774 640 799 est
665 780 718 800 cur
742 772 912 808 probemus,
941 771 1000 800 imo

175 815 298 844 rationis
314 818 471 851 expertem,
489 816 644 844 mortalem
662 824 729 844 eum
747 816 1002 851 existimare,satis

839 113 1049 146 MICHAELIS
1072 115 1209 146 PSELLI

1811 113 1884 144 1044

883 191 890 211 :
921 183 993 211 nihil
1009 182 1112 219 Απερῖ
1145 182 1174 211 δὲ
1200 185 1249 211 τοῦ
1275 185 1336 218 νοῦ,
1363 184 1445 222 φησὶ,
1474 183 1518 212 καὶ
1547 186 1596 217 τῆς
1612 181 1792 220 θεωρητικῆς
1808 179 1883 209 δυνά-

1052 238 1124 263 μεως
1142 249 1149 263 ,
1179 227 1286 256 οὐδέπω
1307 228 1418 267 φανερὸν
1436 250 1445 264 ,
1475 227 1539 256 ἀλλ’
1562 225 1649 256 ἔοικεν
1680 228 1700 262 ἡ
1730 226 1815 264 ψυχή
1841 226 1882 263 γε·

1050 282 1094 303 νος
1133 271 1226 311 ἕτερον
1268 274 1355 307 εἶναι,
1397 273 1441 301 καὶ
1484 274 1566 301 τοῦτο
1601 272 1681 309 μόνον
1724 270 1882 308 ἑνδὲχιτῡαι

1051 317 1237 354 χωρίζεσθαι,
1268 318 1388 355 καθάπερ
1417 317 1448 345 τὸ
1473 316 1560 346 ἀίδιον
1583 319 1632 345 τοῦ
1662 317 1804 354 φθαρτοῦ.
1837 316 1882 343 Καὶ

1052 361 1078 390 ἐν
1103 364 1142 398 τῷ
1156 363 1240 400 τρίτῳ
1257 361 1285 391 δὲ
1303 363 1337 390 τὰ
1360 362 1428 390 αὐτὰ
1452 362 1607 401 φιλοσοφεῖ,
1635 361 1737 393 ἀπαθὲς
1768 360 1816 388 καὶ
1845 360 1885 387 ἁξ-

1053 404 1110 434 διον
1145 408 1189 434 καὶ
1234 407 1364 435 ἀθάνατον
1401 407 1618 446 ἀποφαινόμενος
1644 407 1692 434 τὸν
1721 408 1810 434 νοῦν·
1844 406 1886 432 καὶ

1053 449 1146 479 πολλὰ
1172 452 1284 479 τοιαῦτα
1308 451 1334 479 ἐν
1364 453 1403 487 τῷ
1432 451 1504 487 αὐτῷ
1528 451 1675 490 ἀναγράφει
1689 449 1780 489 Λόγῳ·
1813 448 1888 477 ἀλλὰ

1052 495 1097 521 καὶ
1121 493 1147 530 ἐξ
1176 495 1274 533 ἒτὲρωθ
1303 494 1386 523 αὐτοῦ
1402 496 1624 533 συγγραμμάτων
1640 494 1745 531 ὁμοίως
1777 490 1887 530 συμϐα-

1055 538 1111 566 λεῖν
1133 538 1215 568 ἔστιν·
1247 540 1288 567 ὅτι
1316 540 1360 568 καὶ
1384 539 1515 573 ἀθάνατον
1546 538 1616 567 οἶδεν
1645 540 1660 568 ὁ
1687 537 1887 578 Ἀριστοτέλης

1052 584 1102 619 τήν
1136 583 1250 622 λογικὴν
1277 585 1384 622 ψυχὴν,
1413 584 1458 612 καὶ
1487 584 1628 623 χωριστὴν
1656 584 1758 615 παντὸς
1791 583 1887 619 σώμα-

1053 638 1111 659 τος.

1090 725 1180 754 ’Λλλὰ
1207 727 1261 764 μὴν
1291 726 1332 754 ὅτι
1362 727 1407 754 καὶ
1433 727 1447 754 ὁ
1463 725 1576 754 Ηλάτων
1593 727 1641 761 τήν
1658 726 1778 764 λογικὴν
1790 726 1886 763 ψυχὴν

1055 770 1185 799 ἀθάνατον
1213 770 1295 806 οἶδεν,
1324 771 1450 809 περιττὸν
1477 772 1694 806 κατασκευάζειν
1712 770 1754 799 ὅτι
1782 769 1813 798 δί
1842 771 1886 798 καὶ

1054 816 1103 850 τὴν
1130 815 1229 854 ἄλογον
1247 816 1346 851 Θνητήν
1373 815 1454 851 οἶδεν,
1485 815 1584 847 ἱκανῶς
1600 816 1613 843 ὁ
1642 816 1764 852 Τίμαιος
1781 813 1885 843 ἐκδιδὰ-

178 860 243 895 ejus
258 859 386 888 Timaeus
402 860 548 889 ostendit:
565 869 633 889 nam
650 860 772 889 rationis
786 861 937 897 impotem,
954 870 999 889 ra-

1094 870 1122 887 ει.
1152 861 1206 895 Τήν
1234 861 1285 898 γὰρ
1314 859 1414 898 ἄλογον
1440 861 1532 898 ψυχὴν
1558 859 1818 898 προσυφαινομὲνην
1848 862 1884 895 τῷ

179 904 487 933 tionabiliconnaxam
516 908 544 934 et
573 907 738 934 contextam
764 906 916 934 mortalem
938 914 1002 934 esse

181 949 329 978 evidenter
339 950 468 979 afﬁrmat
483 953 531 979 :at
545 959 610 979 eam
626 953 816 987 partem,quas
829 951 949 979 rationis
961 953 1005 979 est

182 1002 312 1030 compos,
329 997 362 1024 ut
384 995 413 1023 in
430 995 653 1030 morlalibus,et
668 996 880 1030 animantibus,
897 995 1003 1032 princi-

181 1047 259 1074 pem,
275 1039 416 1074 divinam.
432 1043 460 1068 et
484 1040 681 1069 immortalem
706 1049 781 1069 esse.
812 1041 867 1069 Sed
892 1041 1003 1069 nullam

181 1084 279 1112 anima
294 1092 400 1120 corpus
411 1093 476 1113 esse
500 1093 597 1121 posse,
627 1094 721 1121 neque
745 1085 880 1122 simplex,
910 1094 1004 1121 neque

180 1128 458 1164 compositum,hinc
475 1130 599 1166 intelligi
615 1132 729 1166 potest:
747 1138 831 1158 omne
846 1130 923 1158 enim
940 1139 1003 1158 cor-

179 1181 236 1208 pus
252 1175 357 1202 natura
371 1182 425 1202 sua
436 1174 471 1201 ad
484 1174 512 1202 id
530 1176 631 1202 natum
643 1177 735 1208 est,ut
750 1174 840 1202 dividi
855 1177 883 1203 et
903 1175 1003 1202 inﬁni-

179 1218 226 1245 tas
240 1217 270 1246 in
281 1219 379 1253 partes
392 1218 516 1246 distrahi
534 1219 636 1254 possit,
663 1227 753 1254 quare
775 1219 887 1255 indiget
912 1219 1002 1247 conti-

181 1264 278 1291 nente.
295 1262 456 1291 Continens
477 1263 576 1299 igitur,
593 1266 693 1291 utrum
706 1272 812 1300 corpus
827 1266 883 1298 est,
908 1273 944 1292 an
959 1264 1003 1291 in-

182 1307 378 1342 corporeum?
391 1308 417 1335 si
433 1316 552 1344 corpus,
570 1307 713 1344 indigebit
727 1311 755 1336 et
766 1308 837 1336 illud
855 1309 1005 1336 continen-

181 1353 221 1384 te,
237 1351 326 1387 idque
340 1351 369 1380 in
385 1351 546 1380 infinitum.
558 1355 683 1381 Necesse
699 1353 789 1389 igitur
799 1356 853 1388 est,
867 1353 1004 1381 virtutem

183 1403 247 1424 eam
259 1397 288 1424 et
303 1398 554 1433 potestatem,quae
565 1405 685 1433 corpora
702 1398 841 1433 continet,
871 1398 1005 1434 incorpo-

184 1448 264 1468 reum
293 1441 387 1476 esset:
413 1443 443 1470 at
471 1442 501 1469 in
527 1442 701 1476 viventibus,
728 1451 849 1479 corpora
877 1444 1007 1472 continet

185 1485 285 1513 animo
301 1493 307 1514 :
324 1485 415 1521 igitur
436 1486 603 1522 incorporea
629 1490 684 1515 est.
716 1488 855 1516 Praeterea
878 1490 1006 1517 extrema

184 1530 425 1565 cognoscentium
436 1531 540 1559 animle
557 1531 860 1567 facultatum,sensus,
873 1533 990 1569 inquam
997 1554 1003 1566 ,

185 1573 376 1611 incorporeus
388 1577 453 1610 est;
469 1582 538 1611 ergo
555 1576 646 1604 multo
657 1577 751 1613 magis
780 1576 937 1605 nobiliores
963 1578 1003 1604 fa-

186 1618 320 1647 cultates.
336 1619 461 1647 Sensum
475 1628 542 1648 vero
558 1621 621 1649 sine
637 1629 757 1657 corpore
767 1629 831 1649 esse
849 1622 890 1649 sic
911 1624 1006 1649 osten-

183 1662 226 1691 dit
236 1662 416 1692 Aristoteles.
433 1664 565 1699 Nullum,
582 1665 689 1701 inquit,
709 1673 813 1701 corpus
843 1666 1005 1694 secundum

183 1707 316 1737 eamdem
329 1710 441 1744 partem
459 1709 604 1737 contraria
617 1709 766 1745 suscipere
782 1710 1006 1746 potest.Digitus

183 1752 260 1781 enim
279 1753 382 1781 eodem
398 1754 528 1789 tempore
539 1753 626 1789 plane
642 1753 736 1788 albus,
753 1757 782 1782 et
811 1754 895 1789 plane
924 1755 1007 1791 niger

183 1804 248 1825 esse
268 1805 325 1826 non
355 1799 470 1833 potest;
502 1806 596 1834 neque
624 1798 693 1826 item
721 1798 809 1827 simul
835 1799 864 1827 in
904 1799 1005 1827 eadem

183 1843 266 1877 parte
275 1841 400 1870 caleﬁeri
415 1844 443 1870 et
459 1843 624 1879 frigescere.
650 1844 686 1871 At
715 1851 820 1871 sensus
848 1843 937 1871 simul
957 1852 1007 1872 eo-

184 1886 250 1914 dem
267 1887 397 1922 tempore
409 1887 556 1915 contraria
571 1887 683 1924 recipit,
695 1890 723 1915 et
753 1888 831 1915 novit
861 1888 913 1915 hoc
942 1896 1008 1917 esse

184 1930 327 1967 primum,
345 1933 374 1959 et
388 1931 460 1959 illud
483 1932 658 1967 secundum,
690 1932 853 1968 dijudicare
877 1933 912 1960 ab
941 1932 1006 1961 albo

185 1975 315 2012 nigrum,
331 1977 394 2003 tum
410 1978 438 2003 et
454 1985 470 2004 a
486 1976 568 2012 nigro
584 1976 682 2005 album
698 1977 866 2012 [secer-nere.
896 1977 923 2004 Si
939 1985 1008 2014 ergo

185 2020 347 2048 secundum
365 2020 442 2048 idem
453 2029 486 2048 ea
502 2021 623 2049 indivise
639 2021 753 2057 recipit.
770 2026 798 2049 et
813 2024 858 2050 est
873 2021 1007 2058 incorpo-

183 2072 252 2092 reus
269 2072 276 2093 :
292 2064 317 2092 si
332 2073 399 2093 vero
415 2066 578 2093 secundum
595 2065 682 2093 aliam
700 2068 812 2102 partem
826 2066 908 2103 :dicis
936 2065 1007 2094 reci-

185 2116 264 2144 pere,
289 2111 322 2137 ut
350 2117 467 2146 semper
496 2109 574 2138 aliud
608 2119 671 2145 ego,
703 2110 782 2138 aliud
818 2113 861 2146 tu,
905 2119 1009 2139 conse-

185 2161 280 2189 quens
296 2156 362 2181 est:
394 2154 470 2190 quod
496 2154 574 2183 enim
595 2155 722 2191 judicat,
753 2164 844 2183 unum
876 2158 903 2183 et
931 2155 1009 2183 idem

185 2206 302 2234 semper
316 2207 381 2227 esse
396 2199 537 2235 [oportet,
566 2202 594 2227 et
622 2200 785 2228 secundum
818 2200 894 2228 idem
918 2199 1009 2236 accipi

187 2243 266 2279 quod
278 2243 439 2279 judicatur.
454 2244 565 2280 Corpus
575 2245 681 2279 fautem
697 2244 725 2272 in
737 2245 849 2280 ;eodem
879 2247 1009 2281 tempore

187 2289 216 2315 et
231 2288 394 2316 secundum
408 2288 540 2316 eamdem
559 2291 670 2326 partem
688 2297 773 2324 agere
797 2289 826 2316 in
852 2289 1008 2324 contraria,

188 2332 234 2362 .vel
249 2332 278 2361 in
290 2333 347 2361 alia
358 2332 542 2369 simpliciter,
560 2342 616 2361 non
634 2335 727 2369 potest
744 2342 750 2367 ;
776 2342 881 2362 sensus
910 2336 1008 2362 autem

188 2377 290 2407 eodem
301 2379 430 2413 tempore
445 2377 474 2406 in
487 2377 584 2406 album
597 2382 622 2406 el
641 2378 758 2414 nigrum
776 2378 834 2415 agit
850 2387 855 2412 ;
885 2378 1009 2407 indivise

186 2421 376 2456 igitur,atque
388 2422 460 2449 adeo
476 2422 539 2449 sine
555 2430 674 2458 corpore
690 2425 743 2450 est.
757 2422 785 2449 Si
806 2421 885 2450 enim
904 2431 1007 2451 secum-

186 2465 256 2493 dum
270 2464 357 2493 aliam
374 2467 403 2493 et
414 2465 500 2494 aliam
518 2466 562 2494 sui
579 2468 689 2502 partem
707 2466 823 2503 nigrum
848 2469 877 2494 et
908 2467 1008 2495 album

187 2508 374 2544 suscepisset,
401 2518 552 2546 nunquam
583 2511 697 2546 anigro
728 2511 825 2539 album
858 2520 1008 2540 secernere

187 2553 329 2588 potuisset
346 2562 352 2582 :
369 2561 464 2590 neque
478 2554 555 2582 enim
569 2557 703 2590 secernit,
716 2556 793 2591 quod
817 2565 833 2584 ο
853 2565 884 2584 se
913 2556 1008 2585 visum

186 2599 240 2632 est,
257 2597 292 2625 ab
304 2606 346 2631 eo,
363 2600 440 2634 quod
458 2599 494 2627 ab
510 2599 578 2628 alio.

223 2695 375 2724 Enimvero
394 2698 424 2724 et
451 2696 637 2732 phantasiam
668 2698 732 2727 sine
765 2707 884 2734 corpore
908 2701 936 2727 et
964 2699 1009 2727 in-

187 2740 312 2770 divisam
341 2747 405 2768 esse
432 2749 465 2768 ex
489 2749 522 2769 eo
553 2742 664 2771 clarum
707 2745 762 2778 est,
795 2743 871 2778 quod
912 2746 1008 2779 posts-

187 2785 279 2813 rioros
316 2784 437 2820 species,
479 2786 643 2821 superiores
671 2795 728 2815 non
769 2788 876 2821 delent,
918 2788 1006 2824 quod,

1059 904 1172 941 λογικῷ,
1193 905 1293 941 θνητὴν
1319 904 1440 942 ἐναργῶς
1452 905 1517 932 εἶναί
1543 915 1636 944 φησιν·
1653 906 1777 942 ἡγεμοῦν
1796 903 1827 932 δὶ
1841 903 1885 931 καὶ

1059 952 1130 981 θεῖον
1147 949 1191 977 καὶ
1212 949 1340 981 ἀθάνατον
1366 950 1428 977 ὅσον
1452 950 1477 977 ἐν
1499 952 1558 981 τοῖς
1587 952 1694 985 θνητοῖς
1718 949 1765 977 καὶ
1795 949 1885 983 ζώοις,

1057 994 1089 1021 τὸ
1106 994 1227 1032 λογικόν.
1252 993 1342 1022 ’Δλλᾶ
1356 994 1407 1032 γὰρ
1424 993 1464 1022 ὅτι
1482 994 1529 1031 μὲν
1546 993 1676 1031 οὐδεμίαν
1691 995 1788 1032 ψυχὴν
1809 993 1886 1021 δυνα-

1057 1039 1102 1067 τὸν
1133 1041 1213 1075 σῶμα
1237 1039 1314 1073 εἶναι,
1344 1039 1406 1067 οὐτε
1434 1038 1549 1075 ἁπλοῦν,
1566 1037 1628 1067 οὔτε
1644 1038 1783 1073 σύνθετον,
1803 1037 1885 1073 δῆλον

1059 1083 1175 1111 ἐντεῦθεν
1194 1093 1201 1101 ·
1236 1086 1286 1111 πᾶν
1311 1083 1361 1121 γὰρ
1392 1086 1472 1120 σῶμα
1499 1085 1568 1111 κατά
1592 1084 1641 1118 τήν
1669 1084 1768 1111 ἑαυτοῦ
1800 1083 1886 1121 φύσιν,

1058 1126 1202 1156 σκεδαστὸν
1227 1127 1282 1155 ἐστι
1311 1128 1356 1156 καὶ
1387 1128 1426 1160 εἷς
1453 1127 1551 1164 ἄπειρα
1575 1127 1719 1166 διαιρετόν·
1743 1127 1789 1155 διὸ
1804 1126 1887 1155 δεῖται

1057 1176 1105 1201 τοῦ
1133 1173 1305 1211 συνέχοντος.
1335 1173 1370 1201 Τὸ
1398 1173 1487 1201 τοίνυν
1518 1174 1641 1211 ωνὲχον,
1664 1172 1782 1210 πότερον
1810 1172 1887 1208 σῶμά

1058 1218 1129 1246 ἐστιν
1157 1218 1175 1252 ἣ
1205 1218 1349 1254 ἀσώματον
1364 1227 1371 1254 ;
1389 1218 1411 1245 εἰ
1428 1217 1457 1245 δὲ
1479 1218 1524 1245 οὗν
1548 1218 1638 1254 σῶμα,
1660 1216 1789 1253 δεήσεται
1807 1217 1884 1244 πάλιν

1058 1263 1165 1290 κάκεῖνο
1205 1265 1253 1290 τοῦ
1297 1263 1458 1300 συνέχοντος
1473 1286 1480 1298 ,
1509 1263 1553 1290 καὶ
1581 1264 1661 1290 τοῦτο
1689 1262 1731 1290 ἐπ’
1763 1261 1886 1299 ἄπειρον.

1058 1308 1176 1345 Ἀνάγκη
1193 1306 1243 1344 ἄρα
1257 1308 1307 1342 τὴν
1331 1308 1488 1342 συνεκτικὴν
1515 1309 1568 1335 τῶν
1599 1308 1733 1344 σωμάτων
1760 1306 1887 1344 δύναμιν,

1059 1352 1203 1388 ἀσώματον
1222 1351 1299 1379 εἶναι.
1327 1353 1402 1379 Ἐστι
1427 1351 1455 1379 δὶ
1468 1351 1512 1380 ἰπὶ
1536 1354 1590 1380 τῶν
1614 1351 1747 1390 ἐμψύχων
1765 1361 1889 1379 συνεκτι-

1058 1397 1094 1432 κή
1119 1399 1171 1424 τῶν
1194 1397 1328 1432 σωμάτων
1351 1398 1368 1431 ἡ
1396 1397 1484 1434 ψυχή·
1515 1397 1532 1431 ἠ
1559 1397 1636 1434 ψυχὴ
1661 1395 1712 1434 ἄρα
1739 1396 1889 1433 ἆσώματός

1060 1442 1141 1470 ἐστιν.
1163 1442 1222 1470 Ἔτι
1235 1440 1263 1468 δὲ
1278 1441 1323 1469 καὶ
1338 1442 1356 1476 ἡ
1373 1440 1475 1479 ἐσχάτη
1490 1443 1544 1470 τῶν
1575 1443 1733 1478 γνωπικῶν
1765 1444 1820 1475 τῆς
1844 1443 1890 1477 ψυ-

1060 1490 1115 1524 χῆς
1145 1485 1296 1523 δυνάμεων,
1320 1487 1336 1521 ἠ
1361 1485 1485 1521 αἴσθησις
1516 1484 1612 1524 λέγω,
1640 1485 1790 1522 ἀσώματός
1822 1485 1887 1520 ἐστι,

1061 1530 1160 1566 πολλῷ
1201 1530 1307 1567 μᾶλλον
1326 1531 1353 1557 αἱ
1383 1529 1522 1568 κρείττους
1540 1551 1547 1558 .
1576 1531 1637 1557 ’Ότι
1667 1528 1696 1557 δὲ
1717 1531 1735 1564 ἡ
1763 1529 1890 1565 αἴσθησις

1062 1575 1207 1611 ἀσώματος
1224 1596 1231 1610 ,
1255 1574 1325 1602 οὕτω
1352 1573 1484 1603 δείκνυσιν
1513 1575 1527 1602 6
1557 1574 1767 1613 Ἀριστοτέλης·
1801 1572 1890 1603 Οὐόὶν

1061 1623 1151 1657 σῶμα,
1168 1619 1266 1658 λέγων,
1285 1619 1311 1648 ἐν
1329 1622 1369 1656 τῷ
1383 1619 1457 1656 αὐτῷ
1476 1619 1571 1658 χρόνῳ
1597 1619 1664 1648 κατᾶ
1686 1620 1718 1646 τὸ
1745 1619 1813 1647 αὐτὸ
1838 1619 1888 1655 μό-

1061 1676 1132 1704 ριον,
1160 1668 1213 1694 τῶν
1230 1664 1358 1693 ἐναντίων
1387 1664 1458 1693 ἐστὶν
1474 1663 1681 1700 ἀντιληπτικόν.
1710 1664 1741 1692 ’0
1770 1665 1824 1702 γὰρ
1841 1663 1888 1691 δὲ·

1060 1709 1160 1741 κτυλος
1191 1710 1222 1737 οὑ
1235 1708 1343 1737 δύναται
1368 1709 1437 1737 κατὰ
1451 1709 1496 1736 τὸν
1512 1708 1591 1737 αὐτὸν
1617 1709 1731 1747 χρόνον,
1747 1707 1819 1735 ὅλου
1844 1708 1888 1735 καὶ

1062 1754 1160 1782 λευκοῦ
1182 1753 1228 1780 καὶ
1260 1751 1376 1790 μέλανος
1401 1749 1586 1790 μεταλαϐεῖν·
1620 1751 1682 1780 οὐδὶ
1712 1751 1889 1789 θερμαίνεται

1060 1799 1116 1835 ἅμα
1130 1799 1198 1826 κατὰ
1211 1797 1306 1825 ταύτὸν
1335 1798 1378 1826 καὶ
1401 1797 1529 1835 ψύχεται.
1552 1798 1586 1825 Ἢ
1616 1795 1645 1825 δὶ
1673 1796 1802 1832 α’ίσθησις
1832 1798 1888 1833 ἅμα

1060 1842 1086 1870 ἐν
1114 1845 1155 1879 τῷ
1183 1841 1255 1879 αὐτῷ
1281 1841 1385 1880 χρόνῳ,
1406 1843 1458 1869 τῶν
1489 1841 1614 1869 ἐναντίων
1644 1839 1888 1878 ἀντιλαμϐάνεται,

1060 1886 1104 1914 καὶ
1134 1885 1206 1914 οἶδεν
1236 1886 1278 1915 ὅτι
1305 1885 1368 1914 τόδε
1394 1885 1450 1914 ἐστὶ
1461 1886 1493 1914 τὸ
1509 1887 1618 1923 πρῶτον
1634 1886 1676 1914 καὶ
1693 1886 1725 1913 τὸ
1751 1884 1890 1922 δεύτερον,

1060 1932 1092 1959 τὸ
1107 1930 1253 1970 διακρίνειν
1270 1931 1299 1959 ἐκ
1312 1933 1361 1959 τοῦ
1375 1931 1475 1959 λευκοῦ
1489 1930 1520 1958 τὸ
1538 1929 1635 1967 μέλαν,
1652 1931 1711 1958 καθ’
1735 1929 1850 1965 ὕστερον
1865 1929 1893 1957 δὲ

1063 1976 1092 2003 ἐκ
1120 1978 1168 2004 τοῦ
1195 1975 1313 2013 μέλανος
1327 1976 1357 2004 τὸ
1374 1974 1482 2005 λευκόν.
1498 1975 1531 2004 Εἰ
1545 1975 1593 2012 μὶν
1609 1975 1653 2002 οὗν
1668 1975 1735 2002 κατὰ
1748 1975 1781 2002 τὸ
1814 1974 1892 2007 αὐτὸ,

1063 2020 1148 2053 δῆλον
1163 2020 1204 2048 ὅτι
1226 2020 1335 2058 ἀμερῶς
1361 2021 1449 2048 αὐτῶν
1476 2017 1717 2056 ἀντιλαμϐάνεται,
1745 2019 1792 2046 καὶ
1821 2017 1892 2046 ἔστιν

1062 2065 1217 2102 ἀσώματος·
1247 2064 1271 2093 εἷ’
1299 2064 1328 2093 δὲ
1355 2065 1413 2097 καθ’
1441 2063 1532 2102 ἕτερον
1563 2064 1659 2102 μόριον
1686 2065 1762 2102 φής’
1783 2065 1823 2094 ὡς
1852 2064 1893 2092 ἀεὶ

1094 2112 1108 2117 .-
1161 2110 1168 2118 \
1253 2109 1260 2118 κ
1340 2111 1352 2117 ~
1385 2108 1397 2117 ἰ
1458 2109 1464 2117 \
1514 2107 1525 2117 θ’
1607 2109 1614 2117 ς
1643 2109 1650 2118 1
1813 2111 1826 2117 -
1864 2109 1870 2116 ι

1061 2121 1110 2137 του
1141 2119 1188 2146 μεν
1217 2108 1280 2146 ἐγω,
1306 2120 1354 2137 του
1384 2110 1412 2137 οὶ
1441 2119 1483 2144 συ,
1513 2119 1585 2136 εστιν
1602 2108 1761 2136 ακολουθον.
1779 2113 1891 2146 Δειγαρ

1063 2153 1104 2181 τὸ.
1121 2153 1224 2191 κρίνον,
1248 2151 1274 2180 ἓν
1290 2152 1335 2180 καὶ
1350 2153 1381 2180 τὸ
1397 2151 1461 2180 αὐτὸ
1485 2152 1562 2186 εἶναι,
1579 2151 1624 2180 καὶ
1638 2151 1706 2179 κατὰ
1719 2151 1751 2179 τὸ
1772 2151 1841 2178 αὐτὸ
1860 2152 1892 2179 τὸ

1063 2198 1222 2235 κρινόμενον
1251 2195 1502 2235 προλαμϐάνεσθαι.
1534 2199 1621 2233 Σῶμα
1646 2195 1675 2223 δὲ
1707 2196 1732 2224 ἐν
1755 2199 1796 2232 τῷ
1818 2196 1892 2232 αὐτῷ

1064 2242 1167 2280 χρόνῳ,
1194 2242 1239 2269 καὶ
1262 2241 1375 2269 κατὰτὸ
1400 2241 1464 2269 αὐτὸ
1488 2241 1594 2279 μόριον,
1619 2237 1806 2279 προσϐάλλειν
1833 2243 1891 2271 τοῖς

1065 2286 1227 2320 ἐναντίοιςῆ
1244 2285 1339 2317 ἁπλῶς
1362 2288 1420 2318 τοῖς
1450 2286 1561 2323 ἑτέροις,
1588 2285 1620 2313 οὐ
1650 2284 1772 2313 δύναται.
1803 2285 1836 2314 Ἦ
1867 2283 1894 2312 εὶ

1064 2329 1188 2367 αἴσθησις
1212 2331 1280 2358 κατᾶ
1292 2331 1337 2358 τὸν
1353 2330 1434 2358 αὐτὸν
1448 2330 1549 2368 χρόνον
1570 2327 1741 2367 προσϐάλλει
1767 2330 1809 2365 τῷ
1835 2337 1895 2357 Λευ-

1063 2378 1103 2412 κῷ
1132 2375 1177 2403 καὶ
1201 2377 1240 2411 τῷ
1268 2375 1380 2412 μέλανι.
1405 2375 1530 2412 ’Δμερῶς
1555 2373 1606 2412 ἄρα
1633 2371 1820 2412 προσϐάλλει,
1847 2375 1892 2401 καὶ

1064 2419 1109 2447 διὰ
1120 2421 1201 2448 τοῦτο
1230 2420 1384 2456 ἀσώματος,
1413 2419 1444 2448 Εἰ
1473 2419 1524 2457 γὰρ
1544 2419 1602 2447 καθ’
1625 2417 1714 2456 ἕτερον
1731 2419 1777 2446 καὶ
1799 2416 1891 2456 ἕτερον

1065 2464 1171 2502 μόριον,
1200 2466 1248 2492 τοῦ
1277 2463 1391 2500 μέλανος
1416 2463 1459 2490 καὶ
1488 2465 1536 2491 τοῦ
1567 2462 1665 2491 λευκοῦ
1693 2459 1891 2498 ἀπελάμϐανε,

1064 2509 1113 2536 οὐκ
1146 2508 1176 2536 ἂν
1193 2508 1291 2543 ἐδεήθη
1309 2507 1443 2546 διακρῖναι
1458 2508 1489 2535 τὸ
1505 2507 1600 2535 λευκὸν
1615 2508 1668 2535 ἀπὸ
1685 2509 1734 2534 τοῦ
1763 2506 1891 2544 μέλανος-

1064 2552 1125 2581 οὕτε
1140 2554 1190 2590 γὰρ
1207 2551 1336 2591 διακρίνει
1351 2552 1382 2580 τὸ
1400 2552 1444 2580 ὑπ’
1459 2552 1542 2580 αὐτοῦ
1558 2552 1664 2590 ὁραθὶν,
1680 2554 1729 2579 τοῦ
1744 2551 1889 2589 ὁραθέντος

1066 2599 1108 2626 ὑπ’
1124 2597 1220 2626 ἄλλοι).

1099 2699 1157 2724 Ὃτι
1193 2695 1221 2723 δὲ
1249 2695 1294 2723 καὶ
1318 2697 1335 2731 ἡ
1366 2695 1495 2735 φαντασία
1524 2695 1670 2732 ἀσώματος
1697 2697 1744 2724 καὶ
1775 2697 1891 2734 ἀμερής,

1064 2741 1148 2776 δῆλον
1163 2740 1188 2776 ἐξ
1215 2741 1252 2767 ὧν
1283 2741 1310 2768 οἱ
1337 2739 1518 2779 ἐπιγινόμεεοι
1546 2740 1627 2769 τύποι
1647 2740 1700 2768 οὐκ
1728 2741 1889 2779 ἀφανίζουσι

1064 2787 1127 2819 τοὺς
1154 2784 1392 2824 προϋπάρχοντας·
1423 2785 1489 2823 ὅπερ
1514 2783 1567 2824 εέἲίε
1590 2785 1622 2820 ἦν
1649 2787 1741 2823 σῶμα,
1772 2784 1892 2815 συνέϐαι-
