  <div class='ocr_page' id='page_1' title='image "/cluster/home/n/w/nwhite01/storage/ocr_20150623/122/njp.32101077773016/557.png"; bbox 0 0 1952 3052; ppageno 0'>
   <div class='ocr_carea' id='block_1_1' title="bbox 162 115 240 145">
    <p class='ocr_par' dir='ltr' id='par_1_1' title="bbox 162 115 240 145">
     <span class='ocr_line' id='line_1_1' title="bbox 162 115 240 145; baseline -0.013 -1"><span class='ocrx_word' id='word_1_1' title='bbox 162 115 240 145; x_wconf 68' lang='grc'><strong>1047</strong></span> 
     </span>
    </p>
   </div>
   <div class='ocr_carea' id='block_1_2' title="bbox 833 115 1199 145">
    <p class='ocr_par' dir='ltr' id='par_1_2' title="bbox 833 115 1199 145">
     <span class='ocr_line' id='line_1_2' title="bbox 833 115 1199 145; baseline 0.003 -2"><span class='ocrx_word' id='word_1_2' title='bbox 833 115 1042 144; x_wconf 76' lang='lat' dir='ltr'><strong>MICHAELIS</strong></span> <span class='ocrx_word' id='word_1_3' title='bbox 1066 115 1199 145; x_wconf 67' lang='lat' dir='ltr'><strong>PSI‘ZLLI</strong></span> 
     </span>
    </p>
   </div>
   <div class='ocr_carea' id='block_1_3' title="bbox 1798 114 1870 143">
    <p class='ocr_par' dir='ltr' id='par_1_3' title="bbox 1798 114 1870 143">
     <span class='ocr_line' id='line_1_3' title="bbox 1798 114 1870 143; baseline 0 -1"><span class='ocrx_word' id='word_1_4' title='bbox 1798 114 1870 143; x_wconf 71' lang='grc'><strong>1048</strong></span> 
     </span>
    </p>
   </div>
   <div class='ocr_carea' id='block_1_4' title="bbox 162 178 991 218">
    <p class='ocr_par' dir='ltr' id='par_1_4' title="bbox 162 181 984 218">
     <span class='ocr_line' id='line_1_4' title="bbox 162 181 984 218; baseline -0.001 -10"><span class='ocrx_word' id='word_1_5' title='bbox 162 181 326 216; x_wconf 85' lang='lat' dir='ltr'><strong>subjectam</strong></span> <span class='ocrx_word' id='word_1_6' title='bbox 342 182 696 218; x_wconf 58' lang='lat' dir='ltr'><strong>pertransissentllorpus</strong></span> <span class='ocrx_word' id='word_1_7' title='bbox 712 181 912 216; x_wconf 84' lang='lat' dir='ltr'><strong>enim,corpus</strong></span> <span class='ocrx_word' id='word_1_8' title='bbox 936 189 984 217; x_wconf 89' lang='lat' dir='ltr'><strong>pe-</strong></span> 
     </span>
    </p>
   </div>
   <div class='ocr_carea' id='block_1_5' title="bbox 1084 178 1870 218">
    <p class='ocr_par' dir='ltr' id='par_1_5' title="bbox 1084 178 1870 217">
     <span class='ocr_line' id='line_1_5' title="bbox 1084 178 1870 217; baseline -0.001 -11"><span class='ocrx_word' id='word_1_9' title='bbox 1084 183 1129 207; x_wconf 82' lang='grc' dir='ltr'>ιῶν</span> <span class='ocrx_word' id='word_1_10' title='bbox 1148 179 1288 217; x_wconf 74' lang='grc' dir='ltr'><strong>δυνάμεων</strong></span> <span class='ocrx_word' id='word_1_11' title='bbox 1305 180 1446 215; x_wconf 75' lang='grc' dir='ltr'><strong>ἀσώματοι</strong></span> <span class='ocrx_word' id='word_1_12' title='bbox 1462 178 1561 215; x_wconf 81' lang='grc' dir='ltr'>πολλῷ</span> <span class='ocrx_word' id='word_1_13' title='bbox 1588 179 1694 216; x_wconf 66' lang='grc' dir='ltr'>μᾶλλον</span> <span class='ocrx_word' id='word_1_14' title='bbox 1711 181 1730 214; x_wconf 70' lang='grc' dir='ltr'>ἡ</span> <span class='ocrx_word' id='word_1_15' title='bbox 1761 178 1870 216; x_wconf 75' lang='grc' dir='ltr'>λογική,</span> 
     </span>
    </p>
   </div>
   <div class='ocr_carea' id='block_1_6' title="bbox 163 225 989 262">
    <p class='ocr_par' dir='ltr' id='par_1_6' title="bbox 163 225 989 262">
     <span class='ocr_line' id='line_1_6' title="bbox 163 225 989 262; baseline -0.001 -9"><span class='ocrx_word' id='word_1_16' title='bbox 163 228 279 254; x_wconf 86' lang='lat' dir='ltr'><strong>netrare</strong></span> <span class='ocrx_word' id='word_1_17' title='bbox 295 234 352 253; x_wconf 92' lang='lat' dir='ltr'><strong>non</strong></span> <span class='ocrx_word' id='word_1_18' title='bbox 368 228 472 261; x_wconf 83' lang='lat' dir='ltr'><strong>potest.</strong></span> <span class='ocrx_word' id='word_1_19' title='bbox 490 226 520 254; x_wconf 90' lang='lat' dir='ltr'><strong>Si</strong></span> <span class='ocrx_word' id='word_1_20' title='bbox 535 235 603 262; x_wconf 85' lang='lat' dir='ltr'><strong>ergo</strong></span> <span class='ocrx_word' id='word_1_21' title='bbox 617 226 803 261; x_wconf 79' lang='lat' dir='ltr'><strong>ignobiliores</strong></span> <span class='ocrx_word' id='word_1_22' title='bbox 820 225 875 253; x_wconf 66' lang='lat' dir='ltr'><strong>illa:</strong></span> <span class='ocrx_word' id='word_1_23' title='bbox 884 225 989 252; x_wconf 66' lang='lat' dir='ltr'><strong>anima:</strong></span> 
     </span>
    </p>
   </div>
   <div class='ocr_carea' id='block_1_7' title="bbox 163 269 988 306">
    <p class='ocr_par' dir='ltr' id='par_1_7' title="bbox 163 269 988 306">
     <span class='ocr_line' id='line_1_7' title="bbox 163 269 988 306; baseline -0.002 -8"><span class='ocrx_word' id='word_1_24' title='bbox 163 272 333 306; x_wconf 73' lang='lat' dir='ltr'><strong>potestates,</strong></span> <span class='ocrx_word' id='word_1_25' title='bbox 350 270 412 298; x_wconf 83' lang='lat' dir='ltr'><strong>sine</strong></span> <span class='ocrx_word' id='word_1_26' title='bbox 427 279 547 306; x_wconf 89' lang='lat' dir='ltr'><strong>corpore</strong></span> <span class='ocrx_word' id='word_1_27' title='bbox 563 273 644 304; x_wconf 87' lang='lat' dir='ltr'><strong>sunt,</strong></span> <span class='ocrx_word' id='word_1_28' title='bbox 661 271 752 298; x_wconf 89' lang='lat' dir='ltr'><strong>multo</strong></span> <span class='ocrx_word' id='word_1_29' title='bbox 776 270 872 306; x_wconf 87' lang='lat' dir='ltr'><strong>magis</strong></span> <span class='ocrx_word' id='word_1_30' title='bbox 901 269 988 297; x_wconf 91' lang='lat' dir='ltr'><strong>ratio-</strong></span> 
     </span>
    </p>
   </div>
   <div class='ocr_carea' id='block_1_8' title="bbox 164 314 989 352">
    <p class='ocr_par' dir='ltr' id='par_1_8' title="bbox 164 314 989 352">
     <span class='ocr_line' id='line_1_8' title="bbox 164 314 989 352; baseline -0.001 -10"><span class='ocrx_word' id='word_1_31' title='bbox 164 314 212 343; x_wconf 91' lang='lat' dir='ltr'><strong>nis</strong></span> <span class='ocrx_word' id='word_1_32' title='bbox 226 322 356 350; x_wconf 86' lang='lat' dir='ltr'><strong>compos,</strong></span> <span class='ocrx_word' id='word_1_33' title='bbox 365 314 459 351; x_wconf 68' lang='lat' dir='ltr'><strong>longe</strong></span> <span class='ocrx_word' id='word_1_34' title='bbox 473 315 540 343; x_wconf 86' lang='lat' dir='ltr'><strong>istis</strong></span> <span class='ocrx_word' id='word_1_35' title='bbox 555 315 750 352; x_wconf 71' lang='lat' dir='ltr'><strong>praestantior.</strong></span> <span class='ocrx_word' id='word_1_36' title='bbox 775 316 811 342; x_wconf 81' lang='lat' dir='ltr'><strong>Ac</strong></span> <span class='ocrx_word' id='word_1_37' title='bbox 837 315 899 342; x_wconf 84' lang='lat' dir='ltr'><strong>sine</strong></span> <span class='ocrx_word' id='word_1_38' title='bbox 927 322 989 342; x_wconf 87' lang='lat' dir='ltr'><strong>cor-</strong></span> 
     </span>
    </p>
   </div>
   <div class='ocr_carea' id='block_1_9' title="bbox 165 359 990 395">
    <p class='ocr_par' dir='ltr' id='par_1_9' title="bbox 165 359 990 395">
     <span class='ocr_line' id='line_1_9' title="bbox 165 359 990 395; baseline -0.001 -9"><span class='ocrx_word' id='word_1_39' title='bbox 165 367 234 394; x_wconf 81' lang='lat' dir='ltr'><strong>pore</strong></span> <span class='ocrx_word' id='word_1_40' title='bbox 248 359 598 394; x_wconf 87' lang='lat' dir='ltr'><strong>esse,communibusillis</strong></span> <span class='ocrx_word' id='word_1_41' title='bbox 611 359 794 395; x_wconf 81' lang='lat' dir='ltr'><strong>argumentis</strong></span> <span class='ocrx_word' id='word_1_42' title='bbox 805 359 990 386; x_wconf 84' lang='lat' dir='ltr'><strong>demonstra-</strong></span> 
     </span>
    </p>
   </div>
   <div class='ocr_carea' id='block_1_10' title="bbox 165 402 988 439">
    <p class='ocr_par' dir='ltr' id='par_1_10' title="bbox 165 402 988 439">
     <span class='ocr_line' id='line_1_10' title="bbox 165 402 988 439; baseline -0.001 -9"><span class='ocrx_word' id='word_1_43' title='bbox 165 406 229 430; x_wconf 90' lang='lat' dir='ltr'><strong>tum</strong></span> <span class='ocrx_word' id='word_1_44' title='bbox 240 405 303 431; x_wconf 88' lang='lat' dir='ltr'><strong>est:</strong></span> <span class='ocrx_word' id='word_1_45' title='bbox 316 404 367 431; x_wconf 88' lang='lat' dir='ltr'><strong>sed</strong></span> <span class='ocrx_word' id='word_1_46' title='bbox 380 403 434 431; x_wconf 91' lang='lat' dir='ltr'><strong>hoc</strong></span> <span class='ocrx_word' id='word_1_47' title='bbox 446 404 567 439; x_wconf 82' lang='lat' dir='ltr'><strong>insuper</strong></span> <span class='ocrx_word' id='word_1_48' title='bbox 579 405 614 431; x_wconf 92' lang='lat' dir='ltr'><strong>de</strong></span> <span class='ocrx_word' id='word_1_49' title='bbox 625 404 689 439; x_wconf 89' lang='lat' dir='ltr'><strong>ipsa</strong></span> <span class='ocrx_word' id='word_1_50' title='bbox 700 403 845 438; x_wconf 79' lang='lat' dir='ltr'><strong>peculiare</strong></span> <span class='ocrx_word' id='word_1_51' title='bbox 854 402 988 430; x_wconf 86' lang='lat' dir='ltr'><strong>dicimus.</strong></span> 
     </span>
    </p>
   </div>
   <div class='ocr_carea' id='block_1_11' title="bbox 166 447 989 483">
    <p class='ocr_par' dir='ltr' id='par_1_11' title="bbox 166 447 989 483">
     <span class='ocr_line' id='line_1_11' title="bbox 166 447 989 483; baseline 0 -9"><span class='ocrx_word' id='word_1_52' title='bbox 166 447 283 474; x_wconf 85' lang='lat' dir='ltr'><strong>Nullum</strong></span> <span class='ocrx_word' id='word_1_53' title='bbox 301 455 407 483; x_wconf 90' lang='lat' dir='ltr'><strong>corpus</strong></span> <span class='ocrx_word' id='word_1_54' title='bbox 428 448 557 483; x_wconf 86' lang='lat' dir='ltr'><strong>seipsum</strong></span> <span class='ocrx_word' id='word_1_55' title='bbox 587 448 747 483; x_wconf 80' lang='lat' dir='ltr'><strong>cognoscit,</strong></span> <span class='ocrx_word' id='word_1_56' title='bbox 772 455 865 483; x_wconf 85' lang='lat' dir='ltr'><strong>neque</strong></span> <span class='ocrx_word' id='word_1_57' title='bbox 892 447 989 482; x_wconf 90' lang='lat' dir='ltr'><strong>ipsum</strong></span> 
     </span>
    </p>
   </div>
   <div class='ocr_carea' id='block_1_12' title="bbox 165 491 988 520">
    <p class='ocr_par' dir='ltr' id='par_1_12' title="bbox 165 491 988 520">
     <span class='ocr_line' id='line_1_12' title="bbox 165 491 988 520; baseline -0.001 -1"><span class='ocrx_word' id='word_1_58' title='bbox 165 491 201 519; x_wconf 84' lang='lat' dir='ltr'><strong>ad</strong></span> <span class='ocrx_word' id='word_1_59' title='bbox 217 499 247 518; x_wconf 86' lang='lat' dir='ltr'><strong>se</strong></span> <span class='ocrx_word' id='word_1_60' title='bbox 263 492 442 519; x_wconf 85' lang='lat' dir='ltr'><strong>convertitur</strong></span> <span class='ocrx_word' id='word_1_61' title='bbox 459 501 466 520; x_wconf 86' lang='lat'><strong>:</strong></span> <span class='ocrx_word' id='word_1_62' title='bbox 483 501 540 520; x_wconf 92' lang='lat' dir='ltr'><strong>non</strong></span> <span class='ocrx_word' id='word_1_63' title='bbox 555 492 634 519; x_wconf 90' lang='lat' dir='ltr'><strong>enim</strong></span> <span class='ocrx_word' id='word_1_64' title='bbox 648 501 754 519; x_wconf 89' lang='lat' dir='ltr'><strong>manus</strong></span> <span class='ocrx_word' id='word_1_65' title='bbox 770 495 820 519; x_wconf 88' lang='lat' dir='ltr'><strong>aut</strong></span> <span class='ocrx_word' id='word_1_66' title='bbox 835 491 914 519; x_wconf 83' lang='lat' dir='ltr'><strong>aliud</strong></span> <span class='ocrx_word' id='word_1_67' title='bbox 927 499 988 518; x_wconf 90' lang='lat' dir='ltr'><strong>cor-</strong></span> 
     </span>
    </p>
   </div>
   <div class='ocr_carea' id='block_1_13' title="bbox 167 536 989 572">
    <p class='ocr_par' dir='ltr' id='par_1_13' title="bbox 167 536 989 572">
     <span class='ocr_line' id='line_1_13' title="bbox 167 536 989 572; baseline -0.001 -9"><span class='ocrx_word' id='word_1_68' title='bbox 167 544 223 571; x_wconf 89' lang='lat' dir='ltr'><strong>pus</strong></span> <span class='ocrx_word' id='word_1_69' title='bbox 238 544 268 563; x_wconf 90' lang='lat' dir='ltr'><strong>se</strong></span> <span class='ocrx_word' id='word_1_70' title='bbox 285 536 365 564; x_wconf 71' lang='lat' dir='ltr'><strong>novit</strong></span> <span class='ocrx_word' id='word_1_71' title='bbox 379 546 386 571; x_wconf 81' lang='lat'><strong>;</strong></span> <span class='ocrx_word' id='word_1_72' title='bbox 407 537 457 564; x_wconf 88' lang='lat' dir='ltr'><strong>sed</strong></span> <span class='ocrx_word' id='word_1_73' title='bbox 475 544 569 572; x_wconf 86' lang='lat' dir='ltr'><strong>neque</strong></span> <span class='ocrx_word' id='word_1_74' title='bbox 586 536 698 564; x_wconf 82' lang='lat' dir='ltr'><strong>ratione</strong></span> <span class='ocrx_word' id='word_1_75' title='bbox 714 545 802 564; x_wconf 70' lang='lat' dir='ltr'><strong>cassa:</strong></span> <span class='ocrx_word' id='word_1_76' title='bbox 819 538 989 572; x_wconf 77' lang='lat' dir='ltr'><strong>potestates,</strong></span> 
     </span>
    </p>
   </div>
   <div class='ocr_carea' id='block_1_14' title="bbox 167 580 989 616">
    <p class='ocr_par' dir='ltr' id='par_1_14' title="bbox 167 580 989 616">
     <span class='ocr_line' id='line_1_14' title="bbox 167 580 989 616; baseline 0 -9"><span class='ocrx_word' id='word_1_77' title='bbox 167 580 222 608; x_wconf 86' lang='lat' dir='ltr'><strong>etsi</strong></span> <span class='ocrx_word' id='word_1_78' title='bbox 239 580 418 616; x_wconf 64' lang='lat' dir='ltr'><strong>incorporeas</strong></span> <span class='ocrx_word' id='word_1_79' title='bbox 432 581 502 615; x_wconf 86' lang='lat' dir='ltr'><strong>sint,</strong></span> <span class='ocrx_word' id='word_1_80' title='bbox 519 582 632 616; x_wconf 83' lang='lat' dir='ltr'><strong>seipsas</strong></span> <span class='ocrx_word' id='word_1_81' title='bbox 655 583 764 608; x_wconf 91' lang='lat' dir='ltr'><strong>norunt</strong></span> <span class='ocrx_word' id='word_1_82' title='bbox 780 590 787 615; x_wconf 86' lang='lat'><strong>;</strong></span> <span class='ocrx_word' id='word_1_83' title='bbox 815 589 872 608; x_wconf 92' lang='lat' dir='ltr'><strong>non</strong></span> <span class='ocrx_word' id='word_1_84' title='bbox 897 581 989 614; x_wconf 88' lang='lat' dir='ltr'><strong>visus,</strong></span> 
     </span>
    </p>
   </div>
   <div class='ocr_carea' id='block_1_15' title="bbox 167 624 990 661">
    <p class='ocr_par' dir='ltr' id='par_1_15' title="bbox 167 624 990 661">
     <span class='ocr_line' id='line_1_15' title="bbox 167 624 990 661; baseline 0 -9"><span class='ocrx_word' id='word_1_85' title='bbox 167 624 211 652; x_wconf 90' lang='lat' dir='ltr'><strong>vel</strong></span> <span class='ocrx_word' id='word_1_86' title='bbox 226 625 418 658; x_wconf 89' lang='lat' dir='ltr'><strong>auditus,non</strong></span> <span class='ocrx_word' id='word_1_87' title='bbox 435 634 536 654; x_wconf 85' lang='lat' dir='ltr'><strong>omnes</strong></span> <span class='ocrx_word' id='word_1_88' title='bbox 548 626 674 661; x_wconf 85' lang='lat' dir='ltr'><strong>denique</strong></span> <span class='ocrx_word' id='word_1_89' title='bbox 686 633 791 653; x_wconf 84' lang='lat' dir='ltr'><strong>sensus</strong></span> <span class='ocrx_word' id='word_1_90' title='bbox 804 633 909 661; x_wconf 88' lang='lat' dir='ltr'><strong>:nequc</strong></span> <span class='ocrx_word' id='word_1_91' title='bbox 921 626 990 653; x_wconf 89' lang='lat' dir='ltr'><strong>item</strong></span> 
     </span>
    </p>
   </div>
   <div class='ocr_carea' id='block_1_16' title="bbox 169 669 991 706">
    <p class='ocr_par' dir='ltr' id='par_1_16' title="bbox 169 669 991 706">
     <span class='ocr_line' id='line_1_16' title="bbox 169 669 991 706; baseline 0.001 -10"><span class='ocrx_word' id='word_1_92' title='bbox 169 669 325 705; x_wconf 89' lang='lat' dir='ltr'><strong>inquirunt</strong></span> <span class='ocrx_word' id='word_1_93' title='bbox 340 670 425 705; x_wconf 86' lang='lat' dir='ltr'><strong>cujus</strong></span> <span class='ocrx_word' id='word_1_94' title='bbox 442 671 502 698; x_wconf 88' lang='lat' dir='ltr'><strong>sint</strong></span> <span class='ocrx_word' id='word_1_95' title='bbox 519 673 630 698; x_wconf 72' lang='lat' dir='ltr'><strong>natura:</strong></span> <span class='ocrx_word' id='word_1_96' title='bbox 649 679 655 705; x_wconf 92' lang='lat'>;</span> <span class='ocrx_word' id='word_1_97' title='bbox 673 671 723 698; x_wconf 86' lang='lat' dir='ltr'><strong>sed</strong></span> <span class='ocrx_word' id='word_1_98' title='bbox 750 670 824 698; x_wconf 91' lang='lat' dir='ltr'><strong>ratio</strong></span> <span class='ocrx_word' id='word_1_99' title='bbox 850 672 903 703; x_wconf 86' lang='lat' dir='ltr'><strong>est,</strong></span> <span class='ocrx_word' id='word_1_100' title='bbox 928 678 991 706; x_wconf 74' lang='lat' dir='ltr'><strong>qua:</strong></span> 
     </span>
    </p>
   </div>
   <div class='ocr_carea' id='block_1_17' title="bbox 169 713 992 751">
    <p class='ocr_par' dir='ltr' id='par_1_17' title="bbox 169 713 992 751">
     <span class='ocr_line' id='line_1_17' title="bbox 169 713 992 751; baseline 0 -9"><span class='ocrx_word' id='word_1_101' title='bbox 169 713 205 742; x_wconf 89' lang='lat' dir='ltr'><strong>de</strong></span> <span class='ocrx_word' id='word_1_102' title='bbox 220 714 293 750; x_wconf 83' lang='lat' dir='ltr'><strong>ipsis</strong></span> <span class='ocrx_word' id='word_1_103' title='bbox 306 714 478 750; x_wconf 80' lang='lat' dir='ltr'><strong>inquirit.At</strong></span> <span class='ocrx_word' id='word_1_104' title='bbox 493 723 524 743; x_wconf 90' lang='lat' dir='ltr'><strong>se</strong></span> <span class='ocrx_word' id='word_1_105' title='bbox 539 716 603 751; x_wconf 90' lang='lat' dir='ltr'><strong>ipsa</strong></span> <span class='ocrx_word' id='word_1_106' title='bbox 619 715 696 743; x_wconf 91' lang='lat' dir='ltr'><strong>novit</strong></span> <span class='ocrx_word' id='word_1_107' title='bbox 721 715 843 743; x_wconf 75' lang='lat' dir='ltr'><strong>rationis</strong></span> <span class='ocrx_word' id='word_1_108' title='bbox 872 723 992 751; x_wconf 91' lang='lat' dir='ltr'><strong>compos</strong></span> 
     </span>
    </p>
   </div>
   <div class='ocr_carea' id='block_1_18' title="bbox 171 759 992 796">
    <p class='ocr_par' dir='ltr' id='par_1_18' title="bbox 171 759 992 796">
     <span class='ocr_line' id='line_1_18' title="bbox 171 759 992 796; baseline 0 -10"><span class='ocrx_word' id='word_1_109' title='bbox 171 759 270 787; x_wconf 88' lang='lat' dir='ltr'><strong>anima</strong></span> <span class='ocrx_word' id='word_1_110' title='bbox 286 772 293 794; x_wconf 79' lang='lat'>;</span> <span class='ocrx_word' id='word_1_111' title='bbox 310 759 375 795; x_wconf 89' lang='lat' dir='ltr'><strong>ipsa</strong></span> <span class='ocrx_word' id='word_1_112' title='bbox 389 759 479 796; x_wconf 82' lang='lat' dir='ltr'><strong>igitur</strong></span> <span class='ocrx_word' id='word_1_113' title='bbox 489 762 543 794; x_wconf 88' lang='lat' dir='ltr'><strong>est,</strong></span> <span class='ocrx_word' id='word_1_114' title='bbox 564 768 626 796; x_wconf 70' lang='lat' dir='ltr'><strong>quae</strong></span> <span class='ocrx_word' id='word_1_115' title='bbox 639 760 770 795; x_wconf 83' lang='lat' dir='ltr'><strong>inquirit,</strong></span> <span class='ocrx_word' id='word_1_116' title='bbox 788 762 816 787; x_wconf 87' lang='lat' dir='ltr'><strong>et</strong></span> <span class='ocrx_word' id='word_1_117' title='bbox 826 759 861 786; x_wconf 91' lang='lat' dir='ltr'><strong>dc</strong></span> <span class='ocrx_word' id='word_1_118' title='bbox 878 767 936 795; x_wconf 87' lang='lat' dir='ltr'><strong>qua</strong></span> <span class='ocrx_word' id='word_1_119' title='bbox 950 759 992 786; x_wconf 92' lang='lat' dir='ltr'><strong>in-</strong></span> 
     </span>
    </p>
   </div>
   <div class='ocr_carea' id='block_1_19' title="bbox 171 803 991 840">
    <p class='ocr_par' dir='ltr' id='par_1_19' title="bbox 171 803 991 840">
     <span class='ocr_line' id='line_1_19' title="bbox 171 803 991 840; baseline -0.001 -9"><span class='ocrx_word' id='word_1_120' title='bbox 171 803 300 839; x_wconf 87' lang='lat' dir='ltr'><strong>quiritur</strong></span> <span class='ocrx_word' id='word_1_121' title='bbox 316 813 323 837; x_wconf 85' lang='lat'><strong>;</strong></span> <span class='ocrx_word' id='word_1_122' title='bbox 348 804 412 840; x_wconf 88' lang='lat' dir='ltr'><strong>ipsa</strong></span> <span class='ocrx_word' id='word_1_123' title='bbox 428 807 483 838; x_wconf 86' lang='lat' dir='ltr'><strong>est,</strong></span> <span class='ocrx_word' id='word_1_124' title='bbox 499 813 563 840; x_wconf 57' lang='lat' dir='ltr'><strong>qua</strong></span> <span class='ocrx_word' id='word_1_125' title='bbox 587 805 705 840; x_wconf 86' lang='lat' dir='ltr'><strong>reperit,</strong></span> <span class='ocrx_word' id='word_1_126' title='bbox 717 804 819 840; x_wconf 71' lang='lat' dir='ltr'><strong>etiqua:</strong></span> <span class='ocrx_word' id='word_1_127' title='bbox 831 804 991 839; x_wconf 83' lang='lat' dir='ltr'><strong>reperitur;</strong></span> 
     </span>
    </p>
   </div>
   <div class='ocr_carea' id='block_1_20' title="bbox 171 847 992 884">
    <p class='ocr_par' dir='ltr' id='par_1_20' title="bbox 171 847 992 884">
     <span class='ocr_line' id='line_1_20' title="bbox 171 847 992 884; baseline 0 -9"><span class='ocrx_word' id='word_1_128' title='bbox 171 855 235 883; x_wconf 79' lang='lat' dir='ltr'><strong>quae</strong></span> <span class='ocrx_word' id='word_1_129' title='bbox 252 848 411 884; x_wconf 84' lang='lat' dir='ltr'><strong>cognoscit,</strong></span> <span class='ocrx_word' id='word_1_130' title='bbox 422 850 450 876; x_wconf 87' lang='lat' dir='ltr'><strong>et</strong></span> <span class='ocrx_word' id='word_1_131' title='bbox 461 857 524 884; x_wconf 79' lang='lat' dir='ltr'><strong>quze</strong></span> <span class='ocrx_word' id='word_1_132' title='bbox 540 847 919 884; x_wconf 72' lang='lat' dir='ltr'><strong>cognosciturJiancigitur</strong></span> <span class='ocrx_word' id='word_1_133' title='bbox 928 848 992 876; x_wconf 89' lang='lat' dir='ltr'><strong>sine</strong></span> 
     </span>
    </p>
   </div>
   <div class='ocr_carea' id='block_1_21' title="bbox 171 892 992 929">
    <p class='ocr_par' dir='ltr' id='par_1_21' title="bbox 171 892 992 929">
     <span class='ocr_line' id='line_1_21' title="bbox 171 892 992 929; baseline 0 -10"><span class='ocrx_word' id='word_1_134' title='bbox 171 900 290 927; x_wconf 87' lang='lat' dir='ltr'><strong>corpore</strong></span> <span class='ocrx_word' id='word_1_135' title='bbox 304 899 369 920; x_wconf 87' lang='lat' dir='ltr'><strong>esse</strong></span> <span class='ocrx_word' id='word_1_136' title='bbox 394 893 547 929; x_wconf 85' lang='lat' dir='ltr'><strong>perspicue</strong></span> <span class='ocrx_word' id='word_1_137' title='bbox 563 893 756 921; x_wconf 85' lang='lat' dir='ltr'><strong>ostendimus.</strong></span> <span class='ocrx_word' id='word_1_138' title='bbox 769 892 918 926; x_wconf 72' lang='lat' dir='ltr'><strong>Praeterea,</strong></span> <span class='ocrx_word' id='word_1_139' title='bbox 929 900 992 928; x_wconf 71' lang='lat' dir='ltr'><strong>quis</strong></span> 
     </span>
    </p>
   </div>
   <div class='ocr_carea' id='block_1_22' title="bbox 173 936 992 974">
    <p class='ocr_par' dir='ltr' id='par_1_22' title="bbox 173 936 992 974">
     <span class='ocr_line' id='line_1_22' title="bbox 173 936 992 974; baseline 0.001 -11"><span class='ocrx_word' id='word_1_140' title='bbox 173 936 202 963; x_wconf 88' lang='lat' dir='ltr'><strong>in</strong></span> <span class='ocrx_word' id='word_1_141' title='bbox 217 937 347 972; x_wconf 84' lang='lat' dir='ltr'><strong>subjecto</strong></span> <span class='ocrx_word' id='word_1_142' title='bbox 358 945 478 973; x_wconf 88' lang='lat' dir='ltr'><strong>corpore</strong></span> <span class='ocrx_word' id='word_1_143' title='bbox 491 939 571 972; x_wconf 90' lang='lat' dir='ltr'><strong>sunt,</strong></span> <span class='ocrx_word' id='word_1_144' title='bbox 587 939 756 974; x_wconf 84' lang='lat' dir='ltr'><strong>potestates,</strong></span> <span class='ocrx_word' id='word_1_145' title='bbox 774 945 832 964; x_wconf 89' lang='lat' dir='ltr'><strong>una</strong></span> <span class='ocrx_word' id='word_1_146' title='bbox 846 944 913 964; x_wconf 89' lang='lat' dir='ltr'><strong>cum</strong></span> <span class='ocrx_word' id='word_1_147' title='bbox 933 944 992 964; x_wconf 85' lang='lat' dir='ltr'><strong>cor-</strong></span> 
     </span>
    </p>
   </div>
   <div class='ocr_carea' id='block_1_23' title="bbox 173 981 994 1018">
    <p class='ocr_par' dir='ltr' id='par_1_23' title="bbox 173 981 994 1018">
     <span class='ocr_line' id='line_1_23' title="bbox 173 981 994 1018; baseline 0 -10"><span class='ocrx_word' id='word_1_148' title='bbox 173 981 434 1016; x_wconf 88' lang='lat' dir='ltr'><strong>poreinvalescunt</strong></span> <span class='ocrx_word' id='word_1_149' title='bbox 447 984 476 1009; x_wconf 91' lang='lat' dir='ltr'><strong>et</strong></span> <span class='ocrx_word' id='word_1_150' title='bbox 490 982 688 1010; x_wconf 83' lang='lat' dir='ltr'><strong>obsolescunt.</strong></span> <span class='ocrx_word' id='word_1_151' title='bbox 705 981 792 1009; x_wconf 88' lang='lat' dir='ltr'><strong>Tales</strong></span> <span class='ocrx_word' id='word_1_152' title='bbox 815 981 906 1018; x_wconf 85' lang='lat' dir='ltr'><strong>igitur</strong></span> <span class='ocrx_word' id='word_1_153' title='bbox 923 983 994 1009; x_wconf 86' lang='lat' dir='ltr'><strong>sunt</strong></span> 
     </span>
    </p>
   </div>
   <div class='ocr_carea' id='block_1_24' title="bbox 1044 223 1871 261">
    <p class='ocr_par' dir='ltr' id='par_1_24' title="bbox 1044 223 1871 261">
     <span class='ocr_line' id='line_1_24' title="bbox 1044 223 1871 261; baseline -0.001 -10"><span class='ocrx_word' id='word_1_154' title='bbox 1044 224 1172 261; x_wconf 74' lang='grc' dir='ltr'><strong>κρείττων</strong></span> <span class='ocrx_word' id='word_1_155' title='bbox 1200 224 1265 251; x_wconf 80' lang='grc' dir='ltr'>οὖσα</span> <span class='ocrx_word' id='word_1_156' title='bbox 1291 223 1403 260; x_wconf 79' lang='grc' dir='ltr'>πολλῷ.</span> <span class='ocrx_word' id='word_1_157' title='bbox 1417 224 1477 252; x_wconf 81' lang='grc' dir='ltr'>Ὀτι</span> <span class='ocrx_word' id='word_1_158' title='bbox 1500 224 1551 261; x_wconf 73' lang='grc' dir='ltr'><strong>γὰρ</strong></span> <span class='ocrx_word' id='word_1_159' title='bbox 1567 224 1613 251; x_wconf 82' lang='grc' dir='ltr'><strong>καὶ</strong></span> <span class='ocrx_word' id='word_1_160' title='bbox 1628 224 1696 258; x_wconf 79' lang='grc' dir='ltr'>αὑτή</span> <span class='ocrx_word' id='word_1_161' title='bbox 1714 224 1871 259; x_wconf 77' lang='grc' dir='ltr'><strong>ἀσώματος,</strong></span> 
     </span>
    </p>
   </div>
   <div class='ocr_carea' id='block_1_25' title="bbox 1045 267 1870 306">
    <p class='ocr_par' dir='ltr' id='par_1_25' title="bbox 1045 267 1870 306">
     <span class='ocr_line' id='line_1_25' title="bbox 1045 267 1870 306; baseline -0.002 -11"><span class='ocrx_word' id='word_1_162' title='bbox 1045 267 1177 296; x_wconf 67' lang='grc' dir='ltr'>δέδεικται</span> <span class='ocrx_word' id='word_1_163' title='bbox 1207 269 1253 305; x_wconf 72' lang='grc' dir='ltr'>μὶν</span> <span class='ocrx_word' id='word_1_164' title='bbox 1283 268 1328 296; x_wconf 86' lang='grc' dir='ltr'><strong>καὶ</strong></span> <span class='ocrx_word' id='word_1_165' title='bbox 1358 267 1403 295; x_wconf 75' lang='grc' dir='ltr'><strong>διὰ</strong></span> <span class='ocrx_word' id='word_1_166' title='bbox 1429 271 1483 295; x_wconf 79' lang='grc' dir='ltr'>τῶν</span> <span class='ocrx_word' id='word_1_167' title='bbox 1500 271 1598 296; x_wconf 77' lang='grc' dir='ltr'>κοινῶν</span> <span class='ocrx_word' id='word_1_168' title='bbox 1619 267 1719 306; x_wconf 82' lang='grc' dir='ltr'>λόγων.</span> <span class='ocrx_word' id='word_1_169' title='bbox 1751 268 1870 305; x_wconf 76' lang='grc' dir='ltr'>Λὲγομεν</span> 
     </span>
    </p>
   </div>
   <div class='ocr_carea' id='block_1_26' title="bbox 1045 311 1871 349">
    <p class='ocr_par' dir='ltr' id='par_1_26' title="bbox 1045 311 1871 349">
     <span class='ocr_line' id='line_1_26' title="bbox 1045 311 1871 349; baseline -0.001 -9"><span class='ocrx_word' id='word_1_170' title='bbox 1045 311 1073 340; x_wconf 73' lang='grc' dir='ltr'><strong>δὲ</strong></span> <span class='ocrx_word' id='word_1_171' title='bbox 1102 313 1148 340; x_wconf 86' lang='grc' dir='ltr'><strong>καὶ</strong></span> <span class='ocrx_word' id='word_1_172' title='bbox 1175 311 1230 340; x_wconf 65' lang='grc' dir='ltr'>ἴδια</span> <span class='ocrx_word' id='word_1_173' title='bbox 1258 312 1301 340; x_wconf 76' lang='grc' dir='ltr'><strong>ἐπὶ</strong></span> <span class='ocrx_word' id='word_1_174' title='bbox 1317 312 1400 347; x_wconf 79' lang='grc' dir='ltr'>αὐτῆς</span> <span class='ocrx_word' id='word_1_175' title='bbox 1427 313 1526 344; x_wconf 71' lang='grc' dir='ltr'>οὕτως.</span> <span class='ocrx_word' id='word_1_176' title='bbox 1555 311 1636 340; x_wconf 70' lang='grc' dir='ltr'>Οὐδὲν</span> <span class='ocrx_word' id='word_1_177' title='bbox 1666 315 1722 340; x_wconf 81' lang='grc' dir='ltr'><strong>τῶν</strong></span> <span class='ocrx_word' id='word_1_178' title='bbox 1737 313 1871 349; x_wconf 79' lang='grc' dir='ltr'>σωμάτων</span> 
     </span>
    </p>
   </div>
   <div class='ocr_carea' id='block_1_27' title="bbox 1044 356 1873 396">
    <p class='ocr_par' dir='ltr' id='par_1_27' title="bbox 1044 356 1873 396">
     <span class='ocr_line' id='line_1_27' title="bbox 1044 356 1873 396; baseline 0.001 -12"><span class='ocrx_word' id='word_1_179' title='bbox 1044 357 1108 384; x_wconf 74' lang='grc' dir='ltr'>αὐτὶ.</span> <span class='ocrx_word' id='word_1_180' title='bbox 1124 357 1202 384; x_wconf 68' lang='grc' dir='ltr'>ἑαυτὸ</span> <span class='ocrx_word' id='word_1_181' title='bbox 1214 357 1353 394; x_wconf 74' lang='grc' dir='ltr'><strong>γινώσκει,</strong></span> <span class='ocrx_word' id='word_1_182' title='bbox 1380 356 1441 384; x_wconf 75' lang='grc' dir='ltr'>οὐδὲ</span> <span class='ocrx_word' id='word_1_183' title='bbox 1466 357 1536 395; x_wconf 85' lang='grc' dir='ltr'>πρὸς</span> <span class='ocrx_word' id='word_1_184' title='bbox 1565 357 1644 385; x_wconf 69' lang='grc' dir='ltr'>ἑαυτὸ</span> <span class='ocrx_word' id='word_1_185' title='bbox 1673 357 1873 396; x_wconf 73' lang='grc' dir='ltr'>ἐπιστρέφεται.</span> 
     </span>
    </p>
   </div>
   <div class='ocr_carea' id='block_1_28' title="bbox 1044 400 1873 439">
    <p class='ocr_par' dir='ltr' id='par_1_28' title="bbox 1044 400 1873 439">
     <span class='ocr_line' id='line_1_28' title="bbox 1044 400 1873 439; baseline -0.001 -10"><span class='ocrx_word' id='word_1_186' title='bbox 1044 402 1084 430; x_wconf 81' lang='grc' dir='ltr'>Οὐ</span> <span class='ocrx_word' id='word_1_187' title='bbox 1099 402 1150 439; x_wconf 70' lang='grc' dir='ltr'><strong>γὰρ</strong></span> <span class='ocrx_word' id='word_1_188' title='bbox 1165 401 1236 429; x_wconf 78' lang='grc' dir='ltr'>οἶδεν</span> <span class='ocrx_word' id='word_1_189' title='bbox 1252 402 1350 436; x_wconf 71' lang='grc' dir='ltr'>ἑαυτὴν</span> <span class='ocrx_word' id='word_1_190' title='bbox 1366 403 1382 436; x_wconf 82' lang='grc' dir='ltr'><strong>ἡ</strong></span> <span class='ocrx_word' id='word_1_191' title='bbox 1400 401 1474 439; x_wconf 75' lang='grc' dir='ltr'>χεὶρ,</span> <span class='ocrx_word' id='word_1_192' title='bbox 1490 401 1507 436; x_wconf 77' lang='grc' dir='ltr'><strong>ἥ</strong></span> <span class='ocrx_word' id='word_1_193' title='bbox 1525 400 1596 429; x_wconf 74' lang='grc' dir='ltr'>ἄλλο</span> <span class='ocrx_word' id='word_1_194' title='bbox 1610 413 1635 429; x_wconf 88' lang='grc' dir='ltr'><strong>τι</strong></span> <span class='ocrx_word' id='word_1_195' title='bbox 1652 404 1706 429; x_wconf 81' lang='grc' dir='ltr'>τῶν</span> <span class='ocrx_word' id='word_1_196' title='bbox 1724 402 1873 438; x_wconf 66' lang='grc' dir='ltr'>σωμάτων-</span> 
     </span>
    </p>
   </div>
   <div class='ocr_carea' id='block_1_29' title="bbox 1044 445 1876 483">
    <p class='ocr_par' dir='ltr' id='par_1_29' title="bbox 1044 445 1876 483">
     <span class='ocr_line' id='line_1_29' title="bbox 1044 445 1876 483; baseline 0 -10"><span class='ocrx_word' id='word_1_197' title='bbox 1044 445 1107 474; x_wconf 76' lang='grc' dir='ltr'><strong>ἀλλ’</strong></span> <span class='ocrx_word' id='word_1_198' title='bbox 1124 445 1187 473; x_wconf 70' lang='grc' dir='ltr'>οὐδὲ</span> <span class='ocrx_word' id='word_1_199' title='bbox 1201 447 1227 473; x_wconf 76' lang='grc' dir='ltr'>αἱ</span> <span class='ocrx_word' id='word_1_200' title='bbox 1242 445 1340 483; x_wconf 81' lang='grc' dir='ltr'>ἄλογοι</span> <span class='ocrx_word' id='word_1_201' title='bbox 1357 445 1496 483; x_wconf 67' lang='grc' dir='ltr'>δυνάμεις,</span> <span class='ocrx_word' id='word_1_202' title='bbox 1512 447 1599 474; x_wconf 78' lang='grc' dir='ltr'>καίτοι</span> <span class='ocrx_word' id='word_1_203' title='bbox 1626 447 1768 482; x_wconf 77' lang='grc' dir='ltr'><strong>ἀσώματοι</strong></span> <span class='ocrx_word' id='word_1_204' title='bbox 1786 445 1876 480; x_wconf 75' lang='grc' dir='ltr'>οὖσαι,</span> 
     </span>
    </p>
   </div>
   <div class='ocr_carea' id='block_1_30' title="bbox 1044 489 1876 528">
    <p class='ocr_par' dir='ltr' id='par_1_30' title="bbox 1044 489 1876 528">
     <span class='ocr_line' id='line_1_30' title="bbox 1044 489 1876 528; baseline 0 -11"><span class='ocrx_word' id='word_1_205' title='bbox 1044 491 1139 521; x_wconf 72' lang='grc' dir='ltr'>ἑαυτὰς</span> <span class='ocrx_word' id='word_1_206' title='bbox 1155 489 1253 519; x_wconf 66' lang='grc' dir='ltr'>ἴσασιν.</span> <span class='ocrx_word' id='word_1_207' title='bbox 1270 490 1308 518; x_wconf 76' lang='grc' dir='ltr'><strong>Οὐ</strong></span> <span class='ocrx_word' id='word_1_208' title='bbox 1325 490 1377 528; x_wconf 74' lang='grc' dir='ltr'><strong>γὰρ</strong></span> <span class='ocrx_word' id='word_1_209' title='bbox 1392 489 1463 517; x_wconf 77' lang='grc' dir='ltr'>οἶδεν</span> <span class='ocrx_word' id='word_1_210' title='bbox 1480 491 1576 524; x_wconf 67' lang='grc' dir='ltr'>ἑαυτὴν</span> <span class='ocrx_word' id='word_1_211' title='bbox 1600 492 1617 525; x_wconf 82' lang='grc' dir='ltr'>ἡ</span> <span class='ocrx_word' id='word_1_212' title='bbox 1635 489 1695 527; x_wconf 68' lang='grc' dir='ltr'>ὄψις</span> <span class='ocrx_word' id='word_1_213' title='bbox 1712 489 1730 525; x_wconf 72' lang='grc' dir='ltr'>ἦ</span> <span class='ocrx_word' id='word_1_214' title='bbox 1747 492 1765 525; x_wconf 80' lang='grc' dir='ltr'><strong>ἡ</strong></span> <span class='ocrx_word' id='word_1_215' title='bbox 1792 490 1876 525; x_wconf 59' lang='grc' dir='ltr'>ἀκοή</span> 
     </span>
    </p>
   </div>
   <div class='ocr_carea' id='block_1_31' title="bbox 1044 533 1877 574">
    <p class='ocr_par' dir='ltr' id='par_1_31' title="bbox 1044 533 1877 574">
     <span class='ocr_line' id='line_1_31' title="bbox 1044 533 1877 574; baseline 0 -12"><span class='ocrx_word' id='word_1_216' title='bbox 1044 534 1062 569; x_wconf 74' lang='grc' dir='ltr'>ἤ</span> <span class='ocrx_word' id='word_1_217' title='bbox 1093 534 1188 567; x_wconf 80' lang='grc' dir='ltr'>ἁπλῶς</span> <span class='ocrx_word' id='word_1_218' title='bbox 1217 533 1352 570; x_wconf 71' lang='grc' dir='ltr'>αἴσθησιςν</span> <span class='ocrx_word' id='word_1_219' title='bbox 1382 534 1446 562; x_wconf 73' lang='grc' dir='ltr'><strong>οὐδέ</strong></span> <span class='ocrx_word' id='word_1_220' title='bbox 1473 538 1548 570; x_wconf 83' lang='grc' dir='ltr'>ζητεῖ</span> <span class='ocrx_word' id='word_1_221' title='bbox 1563 534 1644 566; x_wconf 83' lang='grc' dir='ltr'>ποίας</span> <span class='ocrx_word' id='word_1_222' title='bbox 1673 535 1729 562; x_wconf 79' lang='grc' dir='ltr'>ἐστὶ</span> <span class='ocrx_word' id='word_1_223' title='bbox 1756 535 1877 574; x_wconf 58' lang='grc' dir='ltr'>φύσεως,</span> 
     </span>
    </p>
   </div>
   <div class='ocr_carea' id='block_1_32' title="bbox 1046 578 1877 617">
    <p class='ocr_par' dir='ltr' id='par_1_32' title="bbox 1046 578 1877 617">
     <span class='ocr_line' id='line_1_32' title="bbox 1046 578 1877 617; baseline -0.001 -11"><span class='ocrx_word' id='word_1_224' title='bbox 1046 578 1110 606; x_wconf 81' lang='grc' dir='ltr'><strong>ἀλλ’</strong></span> <span class='ocrx_word' id='word_1_225' title='bbox 1125 579 1139 606; x_wconf 84' lang='grc' dir='ltr'>ὁ</span> <span class='ocrx_word' id='word_1_226' title='bbox 1156 578 1240 616; x_wconf 85' lang='grc' dir='ltr'>λόγος</span> <span class='ocrx_word' id='word_1_227' title='bbox 1254 579 1325 607; x_wconf 78' lang='grc' dir='ltr'>ἐστὶν</span> <span class='ocrx_word' id='word_1_228' title='bbox 1341 579 1355 606; x_wconf 80' lang='grc' dir='ltr'>ὁ</span> <span class='ocrx_word' id='word_1_229' title='bbox 1371 579 1433 617; x_wconf 79' lang='grc' dir='ltr'><strong>περὶ</strong></span> <span class='ocrx_word' id='word_1_230' title='bbox 1445 579 1532 606; x_wconf 80' lang='grc' dir='ltr'>αὐτῶν</span> <span class='ocrx_word' id='word_1_231' title='bbox 1546 580 1666 614; x_wconf 80' lang='grc' dir='ltr'>ζητῶν,ἡ</span> <span class='ocrx_word' id='word_1_232' title='bbox 1680 580 1728 616; x_wconf 75' lang='grc' dir='ltr'>μὲν</span> <span class='ocrx_word' id='word_1_233' title='bbox 1740 590 1785 606; x_wconf 87' lang='grc' dir='ltr'><strong>τοι</strong></span> <span class='ocrx_word' id='word_1_234' title='bbox 1797 580 1877 616; x_wconf 68' lang='grc' dir='ltr'><strong>ψυχὴ</strong></span> 
     </span>
    </p>
   </div>
   <div class='ocr_carea' id='block_1_33' title="bbox 1046 623 1876 662">
    <p class='ocr_par' dir='ltr' id='par_1_33' title="bbox 1046 623 1876 662">
     <span class='ocr_line' id='line_1_33' title="bbox 1046 623 1876 662; baseline 0 -12"><span class='ocrx_word' id='word_1_235' title='bbox 1046 625 1063 658; x_wconf 85' lang='grc' dir='ltr'>ἡ</span> <span class='ocrx_word' id='word_1_236' title='bbox 1085 623 1197 660; x_wconf 78' lang='grc' dir='ltr'>λογική,</span> <span class='ocrx_word' id='word_1_237' title='bbox 1229 624 1295 658; x_wconf 78' lang='grc' dir='ltr'>αὐτή</span> <span class='ocrx_word' id='word_1_238' title='bbox 1321 624 1419 658; x_wconf 72' lang='grc' dir='ltr'>ἑαυτὴν</span> <span class='ocrx_word' id='word_1_239' title='bbox 1433 624 1558 661; x_wconf 76' lang='grc' dir='ltr'>γινώσκει</span> <span class='ocrx_word' id='word_1_240' title='bbox 1570 634 1576 639; x_wconf 78' lang='lat'><strong><em>‘</em></strong></span> <span class='ocrx_word' id='word_1_241' title='bbox 1594 624 1661 658; x_wconf 78' lang='grc' dir='ltr'>αὐτή</span> <span class='ocrx_word' id='word_1_242' title='bbox 1676 626 1740 662; x_wconf 68' lang='grc' dir='ltr'>γοῦν</span> <span class='ocrx_word' id='word_1_243' title='bbox 1755 623 1829 651; x_wconf 76' lang='grc' dir='ltr'>ἐστιν</span> <span class='ocrx_word' id='word_1_244' title='bbox 1860 625 1876 658; x_wconf 72' lang='grc' dir='ltr'>ἡ</span> 
     </span>
    </p>
   </div>
   <div class='ocr_carea' id='block_1_34' title="bbox 1047 669 1876 706">
    <p class='ocr_par' dir='ltr' id='par_1_34' title="bbox 1047 669 1876 706">
     <span class='ocr_line' id='line_1_34' title="bbox 1047 669 1876 706; baseline -0.001 -10"><span class='ocrx_word' id='word_1_245' title='bbox 1047 671 1176 704; x_wconf 77' lang='grc' dir='ltr'><strong>ζητοῦσα,</strong></span> <span class='ocrx_word' id='word_1_246' title='bbox 1193 669 1262 703; x_wconf 84' lang='grc' dir='ltr'>αὐτή</span> <span class='ocrx_word' id='word_1_247' title='bbox 1279 670 1296 704; x_wconf 81' lang='grc' dir='ltr'>ἡ</span> <span class='ocrx_word' id='word_1_248' title='bbox 1315 669 1478 705; x_wconf 66' lang='grc' dir='ltr'>ζητουμένη·</span> <span class='ocrx_word' id='word_1_249' title='bbox 1496 669 1565 703; x_wconf 76' lang='grc' dir='ltr'>αὺτὴ</span> <span class='ocrx_word' id='word_1_250' title='bbox 1581 670 1598 704; x_wconf 82' lang='grc' dir='ltr'><strong>ἡ</strong></span> <span class='ocrx_word' id='word_1_251' title='bbox 1616 669 1789 706; x_wconf 66' lang='grc' dir='ltr'>εὒρίσκουσα,</span> <span class='ocrx_word' id='word_1_252' title='bbox 1808 669 1876 703; x_wconf 75' lang='grc' dir='ltr'>αὐτὴ</span> 
     </span>
    </p>
   </div>
   <div class='ocr_carea' id='block_1_35' title="bbox 1046 713 1878 752">
    <p class='ocr_par' dir='ltr' id='par_1_35' title="bbox 1046 713 1878 752">
     <span class='ocr_line' id='line_1_35' title="bbox 1046 713 1878 752; baseline 0 -12"><span class='ocrx_word' id='word_1_253' title='bbox 1046 714 1063 748; x_wconf 84' lang='grc' dir='ltr'>ἡ</span> <span class='ocrx_word' id='word_1_254' title='bbox 1089 713 1280 751; x_wconf 72' lang='grc' dir='ltr'>εὑρισκομένη’</span> <span class='ocrx_word' id='word_1_255' title='bbox 1307 715 1325 748; x_wconf 84' lang='grc' dir='ltr'><strong>ἡ</strong></span> <span class='ocrx_word' id='word_1_256' title='bbox 1340 713 1510 752; x_wconf 70' lang='grc' dir='ltr'>γινώσκοντα</span> <span class='ocrx_word' id='word_1_257' title='bbox 1525 714 1570 741; x_wconf 76' lang='grc' dir='ltr'><strong>καὶ</strong></span> <span class='ocrx_word' id='word_1_258' title='bbox 1584 714 1786 751; x_wconf 73' lang='grc' dir='ltr'>γινωσκομένη·</span> <span class='ocrx_word' id='word_1_259' title='bbox 1807 713 1878 740; x_wconf 70' lang='grc' dir='ltr'><strong>ἆσώο</strong></span> 
     </span>
    </p>
   </div>
   <div class='ocr_carea' id='block_1_36' title="bbox 1049 756 1877 796">
    <p class='ocr_par' dir='ltr' id='par_1_36' title="bbox 1049 756 1877 796">
     <span class='ocr_line' id='line_1_36' title="bbox 1049 756 1877 796; baseline 0.001 -12"><span class='ocrx_word' id='word_1_260' title='bbox 1049 768 1132 794; x_wconf 83' lang='grc' dir='ltr'>ματος</span> <span class='ocrx_word' id='word_1_261' title='bbox 1146 756 1197 795; x_wconf 75' lang='grc' dir='ltr'>ἄρα</span> <span class='ocrx_word' id='word_1_262' title='bbox 1212 758 1328 796; x_wconf 81' lang='grc' dir='ltr'>ἐναργῶς</span> <span class='ocrx_word' id='word_1_263' title='bbox 1349 757 1548 786; x_wconf 75' lang='grc' dir='ltr'>ἀποδέδεικται,</span> <span class='ocrx_word' id='word_1_264' title='bbox 1575 759 1678 786; x_wconf 83' lang='grc' dir='ltr'><strong>Ἔτιαὶ</strong></span> <span class='ocrx_word' id='word_1_265' title='bbox 1709 758 1734 785; x_wconf 83' lang='grc' dir='ltr'>ἐν</span> <span class='ocrx_word' id='word_1_266' title='bbox 1764 758 1877 785; x_wconf 75' lang='grc' dir='ltr'>ὑποκει-</span> 
     </span>
    </p>
   </div>
   <div class='ocr_carea' id='block_1_37' title="bbox 1049 801 1877 839">
    <p class='ocr_par' dir='ltr' id='par_1_37' title="bbox 1049 801 1877 839">
     <span class='ocr_line' id='line_1_37' title="bbox 1049 801 1877 839; baseline 0 -10"><span class='ocrx_word' id='word_1_267' title='bbox 1049 803 1122 839; x_wconf 68' lang='grc' dir='ltr'>μένῳ</span> <span class='ocrx_word' id='word_1_268' title='bbox 1137 804 1177 838; x_wconf 78' lang='grc' dir='ltr'><strong>τῷ</strong></span> <span class='ocrx_word' id='word_1_269' title='bbox 1193 802 1298 839; x_wconf 77' lang='grc' dir='ltr'>σώματι</span> <span class='ocrx_word' id='word_1_270' title='bbox 1329 801 1468 838; x_wconf 74' lang='grc' dir='ltr'>δυνάμεις,</span> <span class='ocrx_word' id='word_1_271' title='bbox 1496 802 1696 839; x_wconf 76' lang='grc' dir='ltr'>συνακμάζουσί</span> <span class='ocrx_word' id='word_1_272' title='bbox 1710 813 1739 830; x_wconf 81' lang='grc' dir='ltr'>τε</span> <span class='ocrx_word' id='word_1_273' title='bbox 1751 805 1793 838; x_wconf 81' lang='grc' dir='ltr'>τῷ</span> <span class='ocrx_word' id='word_1_274' title='bbox 1820 803 1877 829; x_wconf 81' lang='grc' dir='ltr'><strong>σώ-</strong></span> 
     </span>
    </p>
   </div>
   <div class='ocr_carea' id='block_1_38' title="bbox 1049 847 1876 885">
    <p class='ocr_par' dir='ltr' id='par_1_38' title="bbox 1049 847 1876 885">
     <span class='ocr_line' id='line_1_38' title="bbox 1049 847 1876 885; baseline 0 -11"><span class='ocrx_word' id='word_1_275' title='bbox 1049 857 1113 884; x_wconf 87' lang='grc' dir='ltr'>ματι</span> <span class='ocrx_word' id='word_1_276' title='bbox 1128 847 1173 874; x_wconf 87' lang='grc' dir='ltr'><strong>καὶ</strong></span> <span class='ocrx_word' id='word_1_277' title='bbox 1190 849 1433 885; x_wconf 73' lang='grc' dir='ltr'>συναμαυροῦνται.</span> <span class='ocrx_word' id='word_1_278' title='bbox 1450 849 1575 875; x_wconf 76' lang='grc' dir='ltr'>Τοιαῦται</span> <span class='ocrx_word' id='word_1_279' title='bbox 1591 849 1654 884; x_wconf 80' lang='grc' dir='ltr'>γοῦν</span> <span class='ocrx_word' id='word_1_280' title='bbox 1672 848 1701 874; x_wconf 71' lang='grc' dir='ltr'>αἱ</span> <span class='ocrx_word' id='word_1_281' title='bbox 1721 847 1876 883; x_wconf 68' lang='grc' dir='ltr'>αἰσθήσεις,</span> 
     </span>
    </p>
   </div>
   <div class='ocr_carea' id='block_1_39' title="bbox 1049 891 1878 929">
    <p class='ocr_par' dir='ltr' id='par_1_39' title="bbox 1049 891 1878 929">
     <span class='ocr_line' id='line_1_39' title="bbox 1049 891 1878 929; baseline 0.001 -11"><span class='ocrx_word' id='word_1_282' title='bbox 1049 892 1144 928; x_wconf 79' lang='grc' dir='ltr'>θυμὸς,</span> <span class='ocrx_word' id='word_1_283' title='bbox 1160 891 1300 929; x_wconf 74' lang='grc' dir='ltr'>ἐπιθυμία.</span> <span class='ocrx_word' id='word_1_284' title='bbox 1326 893 1357 920; x_wconf 87' lang='grc' dir='ltr'><strong><em>Ἡ</em></strong></span> <span class='ocrx_word' id='word_1_285' title='bbox 1374 891 1402 919; x_wconf 74' lang='grc' dir='ltr'><strong>δὲ</strong></span> <span class='ocrx_word' id='word_1_286' title='bbox 1417 891 1518 929; x_wconf 82' lang='grc' dir='ltr'>λογική</span> <span class='ocrx_word' id='word_1_287' title='bbox 1534 892 1611 929; x_wconf 76' lang='grc' dir='ltr'>ψυχή</span> <span class='ocrx_word' id='word_1_288' title='bbox 1627 892 1658 919; x_wconf 81' lang='grc' dir='ltr'>τὸ</span> <span class='ocrx_word' id='word_1_289' title='bbox 1675 891 1809 926; x_wconf 72' lang='grc' dir='ltr'>ἐναντίον,</span> <span class='ocrx_word' id='word_1_290' title='bbox 1827 903 1878 928; x_wconf 52' lang='grc' dir='ltr'>μω</span> 
     </span>
    </p>
   </div>
   <div class='ocr_carea' id='block_1_40' title="bbox 1048 935 1877 975">
    <p class='ocr_par' dir='ltr' id='par_1_40' title="bbox 1048 935 1877 975">
     <span class='ocr_line' id='line_1_40' title="bbox 1048 935 1877 975; baseline 0.001 -12"><span class='ocrx_word' id='word_1_291' title='bbox 1048 937 1209 973; x_wconf 80' lang='grc' dir='ltr'>ραινομένου</span> <span class='ocrx_word' id='word_1_292' title='bbox 1237 938 1286 964; x_wconf 77' lang='grc' dir='ltr'><strong>τοῦ</strong></span> <span class='ocrx_word' id='word_1_293' title='bbox 1306 937 1434 973; x_wconf 83' lang='grc' dir='ltr'>σώματος</span> <span class='ocrx_word' id='word_1_294' title='bbox 1459 936 1527 971; x_wconf 70' lang='grc' dir='ltr'><strong>αὖτὴ</strong></span> <span class='ocrx_word' id='word_1_295' title='bbox 1548 937 1679 973; x_wconf 75' lang='grc' dir='ltr'>ἀκμάζειο</span> <span class='ocrx_word' id='word_1_296' title='bbox 1707 936 1757 964; x_wconf 75' lang='grc' dir='ltr'>οὐκ</span> <span class='ocrx_word' id='word_1_297' title='bbox 1771 935 1824 975; x_wconf 68' lang='grc' dir='ltr'><strong>ἄρα</strong></span> <span class='ocrx_word' id='word_1_298' title='bbox 1850 936 1877 964; x_wconf 76' lang='grc' dir='ltr'>ἐν</span> 
     </span>
    </p>
   </div>
   <div class='ocr_carea' id='block_1_41' title="bbox 1049 980 1481 1017">
    <p class='ocr_par' dir='ltr' id='par_1_41' title="bbox 1049 980 1481 1017">
     <span class='ocr_line' id='line_1_41' title="bbox 1049 980 1481 1017; baseline 0 -9"><span class='ocrx_word' id='word_1_299' title='bbox 1049 980 1222 1017; x_wconf 73' lang='grc' dir='ltr'>ὑποκειμένῳ</span> <span class='ocrx_word' id='word_1_300' title='bbox 1237 981 1292 1008; x_wconf 80' lang='grc' dir='ltr'>ἐστὶ</span> <span class='ocrx_word' id='word_1_301' title='bbox 1307 984 1347 1017; x_wconf 79' lang='grc' dir='ltr'>τῷ</span> <span class='ocrx_word' id='word_1_302' title='bbox 1363 981 1481 1017; x_wconf 80' lang='grc' dir='ltr'>σώματι·</span> 
     </span>
    </p>
   </div>
   <div class='ocr_carea' id='block_1_42' title="bbox 172 1025 1879 1063">
    <p class='ocr_par' dir='ltr' id='par_1_42' title="bbox 172 1025 1879 1063">
     <span class='ocr_line' id='line_1_42' title="bbox 172 1025 1879 1063; baseline 0.001 -11"><span class='ocrx_word' id='word_1_303' title='bbox 172 1033 298 1060; x_wconf 87' lang='lat' dir='ltr'><strong>sensus;</strong></span> <span class='ocrx_word' id='word_1_304' title='bbox 315 1028 378 1053; x_wconf 87' lang='lat' dir='ltr'><strong>tum</strong></span> <span class='ocrx_word' id='word_1_305' title='bbox 403 1028 431 1054; x_wconf 90' lang='lat' dir='ltr'><strong>et</strong></span> <span class='ocrx_word' id='word_1_306' title='bbox 454 1026 592 1060; x_wconf 87' lang='lat' dir='ltr'><strong>irascens,</strong></span> <span class='ocrx_word' id='word_1_307' title='bbox 619 1029 648 1054; x_wconf 87' lang='lat' dir='ltr'><strong>et</strong></span> <span class='ocrx_word' id='word_1_308' title='bbox 663 1026 875 1062; x_wconf 82' lang='lat' dir='ltr'><strong>concupiscens</strong></span> <span class='ocrx_word' id='word_1_309' title='bbox 892 1034 899 1053; x_wconf 89' lang='lat'><strong>:</strong></span> <span class='ocrx_word' id='word_1_310' title='bbox 919 1028 1022 1053; x_wconf 82' lang='lat' dir='ltr'><strong>contra</strong></span> <span class='ocrx_word' id='word_1_311' title='bbox 1040 1033 1107 1053; x_wconf 89' lang='lat' dir='ltr'><strong>vero</strong></span> <span class='ocrx_word' id='word_1_312' title='bbox 1131 1025 1316 1053; x_wconf 79' lang='lat' dir='ltr'><strong>rationabilis</strong></span> <span class='ocrx_word' id='word_1_313' title='bbox 1339 1026 1449 1061; x_wconf 82' lang='lat' dir='ltr'><strong>animo,</strong></span> <span class='ocrx_word' id='word_1_314' title='bbox 1472 1028 1668 1054; x_wconf 83' lang='lat' dir='ltr'><strong>marcescente</strong></span> <span class='ocrx_word' id='word_1_315' title='bbox 1691 1035 1814 1063; x_wconf 85' lang='lat' dir='ltr'><strong>corpore</strong></span> <span class='ocrx_word' id='word_1_316' title='bbox 1832 1027 1879 1054; x_wconf 89' lang='lat' dir='ltr'><strong>vi-</strong></span> 
     </span>
    </p>
   </div>
   <div class='ocr_carea' id='block_1_43' title="bbox 170 1069 1284 1107">
    <p class='ocr_par' dir='ltr' id='par_1_43' title="bbox 170 1069 1284 1107">
     <span class='ocr_line' id='line_1_43' title="bbox 170 1069 1284 1107; baseline 0.002 -11"><span class='ocrx_word' id='word_1_317' title='bbox 170 1071 218 1105; x_wconf 84' lang='lat' dir='ltr'><strong>get</strong></span> <span class='ocrx_word' id='word_1_318' title='bbox 233 1069 337 1105; x_wconf 82' lang='lat' dir='ltr'><strong>ipsa,ct</strong></span> <span class='ocrx_word' id='word_1_319' title='bbox 350 1070 442 1098; x_wconf 76' lang='lat' dir='ltr'><strong>floret.</strong></span> <span class='ocrx_word' id='word_1_320' title='bbox 459 1071 521 1099; x_wconf 90' lang='lat' dir='ltr'><strong>Non</strong></span> <span class='ocrx_word' id='word_1_321' title='bbox 551 1074 596 1099; x_wconf 89' lang='lat' dir='ltr'><strong>est</strong></span> <span class='ocrx_word' id='word_1_322' title='bbox 625 1071 714 1107; x_wconf 82' lang='lat' dir='ltr'><strong>igitur</strong></span> <span class='ocrx_word' id='word_1_323' title='bbox 743 1071 773 1098; x_wconf 93' lang='lat' dir='ltr'><strong>in</strong></span> <span class='ocrx_word' id='word_1_324' title='bbox 796 1078 916 1107; x_wconf 86' lang='lat' dir='ltr'><strong>corpore</strong></span> <span class='ocrx_word' id='word_1_325' title='bbox 932 1072 1074 1106; x_wconf 85' lang='lat' dir='ltr'><strong>tanquam</strong></span> <span class='ocrx_word' id='word_1_326' title='bbox 1101 1070 1130 1098; x_wconf 91' lang='lat' dir='ltr'><strong>in</strong></span> <span class='ocrx_word' id='word_1_327' title='bbox 1142 1071 1284 1106; x_wconf 86' lang='lat' dir='ltr'><strong>subjecto.</strong></span> 
     </span>
    </p>
   </div>
   <div class='ocr_carea' id='block_1_44' title="bbox 202 1124 988 1160">
    <p class='ocr_par' dir='ltr' id='par_1_44' title="bbox 202 1124 988 1160">
     <span class='ocr_line' id='line_1_44' title="bbox 202 1124 988 1160; baseline 0.001 -9"><span class='ocrx_word' id='word_1_328' title='bbox 202 1124 312 1152; x_wconf 85' lang='lat' dir='ltr'><strong>Deinde</strong></span> <span class='ocrx_word' id='word_1_329' title='bbox 327 1124 401 1152; x_wconf 88' lang='lat' dir='ltr'><strong>nihil</strong></span> <span class='ocrx_word' id='word_1_330' title='bbox 417 1125 445 1152; x_wconf 88' lang='lat' dir='ltr'><strong>id</strong></span> <span class='ocrx_word' id='word_1_331' title='bbox 464 1125 593 1160; x_wconf 85' lang='lat' dir='ltr'><strong>molitur,</strong></span> <span class='ocrx_word' id='word_1_332' title='bbox 610 1128 642 1152; x_wconf 91' lang='lat' dir='ltr'><strong>ut</strong></span> <span class='ocrx_word' id='word_1_333' title='bbox 662 1125 827 1160; x_wconf 83' lang='lat' dir='ltr'><strong>subjectum</strong></span> <span class='ocrx_word' id='word_1_334' title='bbox 848 1124 903 1151; x_wconf 85' lang='lat' dir='ltr'><strong>sibi</strong></span> <span class='ocrx_word' id='word_1_335' title='bbox 928 1132 988 1152; x_wconf 89' lang='lat' dir='ltr'><strong>cor—</strong></span> 
     </span>
    </p>
   </div>
   <div class='ocr_carea' id='block_1_45' title="bbox 165 1168 989 1205">
    <p class='ocr_par' dir='ltr' id='par_1_45' title="bbox 165 1168 989 1205">
     <span class='ocr_line' id='line_1_45' title="bbox 165 1168 989 1205; baseline -0.001 -9"><span class='ocrx_word' id='word_1_336' title='bbox 165 1171 284 1204; x_wconf 82' lang='lat' dir='ltr'><strong>rumpat</strong></span> <span class='ocrx_word' id='word_1_337' title='bbox 296 1178 302 1196; x_wconf 87' lang='lat'><strong>:</strong></span> <span class='ocrx_word' id='word_1_338' title='bbox 314 1169 415 1197; x_wconf 83' lang='lat' dir='ltr'><strong>omnia</strong></span> <span class='ocrx_word' id='word_1_339' title='bbox 429 1169 507 1197; x_wconf 91' lang='lat' dir='ltr'><strong>enim</strong></span> <span class='ocrx_word' id='word_1_340' title='bbox 523 1177 588 1197; x_wconf 88' lang='lat' dir='ltr'><strong>esse</strong></span> <span class='ocrx_word' id='word_1_341' title='bbox 603 1171 754 1205; x_wconf 85' lang='lat' dir='ltr'><strong>expetunt.</strong></span> <span class='ocrx_word' id='word_1_342' title='bbox 770 1168 989 1205; x_wconf 53' lang='lat' dir='ltr'><strong>Atﬁrationabi-</strong></span> 
     </span>
    </p>
   </div>
   <div class='ocr_carea' id='block_1_46' title="bbox 164 1211 988 1249">
    <p class='ocr_par' dir='ltr' id='par_1_46' title="bbox 164 1211 988 1249">
     <span class='ocr_line' id='line_1_46' title="bbox 164 1211 988 1249; baseline 0 -9"><span class='ocrx_word' id='word_1_343' title='bbox 164 1212 201 1240; x_wconf 88' lang='lat' dir='ltr'><strong>lis</strong></span> <span class='ocrx_word' id='word_1_344' title='bbox 214 1213 314 1241; x_wconf 86' lang='lat' dir='ltr'><strong>anima</strong></span> <span class='ocrx_word' id='word_1_345' title='bbox 329 1221 435 1249; x_wconf 85' lang='lat' dir='ltr'><strong>corpus</strong></span> <span class='ocrx_word' id='word_1_346' title='bbox 456 1213 627 1249; x_wconf 82' lang='lat' dir='ltr'><strong>contemnit,</strong></span> <span class='ocrx_word' id='word_1_347' title='bbox 643 1216 671 1241; x_wconf 89' lang='lat' dir='ltr'><strong>et</strong></span> <span class='ocrx_word' id='word_1_348' title='bbox 698 1213 815 1240; x_wconf 85' lang='lat' dir='ltr'><strong>virtutis</strong></span> <span class='ocrx_word' id='word_1_349' title='bbox 846 1211 988 1240; x_wconf 85' lang='lat' dir='ltr'><strong>exercita—</strong></span> 
     </span>
    </p>
   </div>
   <div class='ocr_carea' id='block_1_47' title="bbox 165 1257 989 1294">
    <p class='ocr_par' dir='ltr' id='par_1_47' title="bbox 165 1257 989 1294">
     <span class='ocr_line' id='line_1_47' title="bbox 165 1257 989 1294; baseline 0 -9"><span class='ocrx_word' id='word_1_350' title='bbox 165 1257 274 1285; x_wconf 86' lang='lat' dir='ltr'><strong>mentis</strong></span> <span class='ocrx_word' id='word_1_351' title='bbox 293 1257 390 1293; x_wconf 85' lang='lat' dir='ltr'><strong>ipsum</strong></span> <span class='ocrx_word' id='word_1_352' title='bbox 417 1258 568 1292; x_wconf 86' lang='lat' dir='ltr'><strong>edomans,</strong></span> <span class='ocrx_word' id='word_1_353' title='bbox 593 1258 621 1285; x_wconf 87' lang='lat' dir='ltr'><strong>id</strong></span> <span class='ocrx_word' id='word_1_354' title='bbox 646 1258 764 1294; x_wconf 86' lang='lat' dir='ltr'><strong>penitus</strong></span> <span class='ocrx_word' id='word_1_355' title='bbox 789 1265 989 1293; x_wconf 69' lang='lat' dir='ltr'><strong>saepenumero</strong></span> 
     </span>
    </p>
   </div>
   <div class='ocr_carea' id='block_1_48' title="bbox 166 1301 988 1338">
    <p class='ocr_par' dir='ltr' id='par_1_48' title="bbox 166 1301 988 1338">
     <span class='ocr_line' id='line_1_48' title="bbox 166 1301 988 1338; baseline 0 -10"><span class='ocrx_word' id='word_1_356' title='bbox 166 1301 343 1337; x_wconf 85' lang='lat' dir='ltr'><strong>abjicit.Non</strong></span> <span class='ocrx_word' id='word_1_357' title='bbox 359 1302 448 1338; x_wconf 87' lang='lat' dir='ltr'><strong>igitur</strong></span> <span class='ocrx_word' id='word_1_358' title='bbox 463 1302 493 1329; x_wconf 89' lang='lat' dir='ltr'><strong>in</strong></span> <span class='ocrx_word' id='word_1_359' title='bbox 508 1302 641 1338; x_wconf 82' lang='lat' dir='ltr'><strong>subjecto</strong></span> <span class='ocrx_word' id='word_1_360' title='bbox 653 1309 774 1338; x_wconf 86' lang='lat' dir='ltr'><strong>corpore</strong></span> <span class='ocrx_word' id='word_1_361' title='bbox 785 1302 873 1329; x_wconf 89' lang='lat' dir='ltr'><strong>habet</strong></span> <span class='ocrx_word' id='word_1_362' title='bbox 884 1302 916 1329; x_wconf 90' lang='lat' dir='ltr'><strong>ut</strong></span> <span class='ocrx_word' id='word_1_363' title='bbox 940 1301 988 1329; x_wconf 92' lang='lat' dir='ltr'><strong>sit.</strong></span> 
     </span>
    </p>
   </div>
   <div class='ocr_carea' id='block_1_49' title="bbox 169 1346 989 1382">
    <p class='ocr_par' dir='ltr' id='par_1_49' title="bbox 169 1346 989 1382">
     <span class='ocr_line' id='line_1_49' title="bbox 169 1346 989 1382; baseline 0 -8"><span class='ocrx_word' id='word_1_364' title='bbox 169 1346 312 1374; x_wconf 62' lang='lat' dir='ltr'><strong>Prmterea</strong></span> <span class='ocrx_word' id='word_1_365' title='bbox 332 1346 594 1374; x_wconf 86' lang='lat' dir='ltr'><strong>demonstrandum</strong></span> <span class='ocrx_word' id='word_1_366' title='bbox 617 1348 662 1374; x_wconf 90' lang='lat' dir='ltr'><strong>est</strong></span> <span class='ocrx_word' id='word_1_367' title='bbox 683 1346 806 1374; x_wconf 88' lang='lat' dir='ltr'><strong>rationis</strong></span> <span class='ocrx_word' id='word_1_368' title='bbox 825 1348 989 1382; x_wconf 84' lang='lat' dir='ltr'><strong>compotem</strong></span> 
     </span>
    </p>
   </div>
   <div class='ocr_carea' id='block_1_50' title="bbox 167 1390 992 1427">
    <p class='ocr_par' dir='ltr' id='par_1_50' title="bbox 167 1390 992 1427">
     <span class='ocr_line' id='line_1_50' title="bbox 167 1390 992 1427; baseline 0.001 -10"><span class='ocrx_word' id='word_1_369' title='bbox 167 1390 307 1424; x_wconf 83' lang='lat' dir='ltr'><strong>animum,</strong></span> <span class='ocrx_word' id='word_1_370' title='bbox 325 1391 522 1418; x_wconf 82' lang='lat' dir='ltr'><strong>substantiam</strong></span> <span class='ocrx_word' id='word_1_371' title='bbox 538 1391 645 1419; x_wconf 90' lang='lat' dir='ltr'><strong>habere</strong></span> <span class='ocrx_word' id='word_1_372' title='bbox 660 1391 696 1418; x_wconf 88' lang='lat' dir='ltr'><strong>ab</strong></span> <span class='ocrx_word' id='word_1_373' title='bbox 718 1391 935 1427; x_wconf 54' lang='lat' dir='ltr'><strong>omni;corpore</strong></span> <span class='ocrx_word' id='word_1_374' title='bbox 949 1398 992 1418; x_wconf 89' lang='lat' dir='ltr'><strong>se-</strong></span> 
     </span>
    </p>
   </div>
   <div class='ocr_carea' id='block_1_51' title="bbox 167 1435 988 1471">
    <p class='ocr_par' dir='ltr' id='par_1_51' title="bbox 167 1435 988 1471">
     <span class='ocr_line' id='line_1_51' title="bbox 167 1435 988 1471; baseline 0 -9"><span class='ocrx_word' id='word_1_375' title='bbox 167 1437 335 1470; x_wconf 75' lang='lat' dir='ltr'><strong>gregatum:</strong></span> <span class='ocrx_word' id='word_1_376' title='bbox 352 1435 480 1471; x_wconf 88' lang='lat' dir='ltr'><strong>reliquas</strong></span> <span class='ocrx_word' id='word_1_377' title='bbox 505 1438 602 1463; x_wconf 89' lang='lat' dir='ltr'><strong>autem</strong></span> <span class='ocrx_word' id='word_1_378' title='bbox 620 1436 649 1463; x_wconf 92' lang='lat' dir='ltr'><strong>in</strong></span> <span class='ocrx_word' id='word_1_379' title='bbox 670 1443 790 1471; x_wconf 90' lang='lat' dir='ltr'><strong>corpore</strong></span> <span class='ocrx_word' id='word_1_380' title='bbox 813 1443 894 1463; x_wconf 87' lang='lat' dir='ltr'><strong>esse:</strong></span> <span class='ocrx_word' id='word_1_381' title='bbox 918 1439 945 1462; x_wconf 87' lang='lat' dir='ltr'><strong>et</strong></span> <span class='ocrx_word' id='word_1_382' title='bbox 960 1435 988 1462; x_wconf 91' lang='lat' dir='ltr'><strong>in</strong></span> 
     </span>
    </p>
   </div>
   <div class='ocr_carea' id='block_1_52' title="bbox 167 1478 990 1516">
    <p class='ocr_par' dir='ltr' id='par_1_52' title="bbox 167 1478 990 1516">
     <span class='ocr_line' id='line_1_52' title="bbox 167 1478 990 1516; baseline 0 -10"><span class='ocrx_word' id='word_1_383' title='bbox 167 1478 292 1515; x_wconf 85' lang='lat' dir='ltr'><strong>spiritali</strong></span> <span class='ocrx_word' id='word_1_384' title='bbox 308 1480 571 1515; x_wconf 62' lang='lat' dir='ltr'><strong>quidem,;ratione</strong></span> <span class='ocrx_word' id='word_1_385' title='bbox 596 1480 758 1516; x_wconf 80' lang='lat' dir='ltr'><strong>praeditam,</strong></span> <span class='ocrx_word' id='word_1_386' title='bbox 786 1480 815 1507; x_wconf 89' lang='lat' dir='ltr'><strong>in</strong></span> <span class='ocrx_word' id='word_1_387' title='bbox 845 1479 898 1507; x_wconf 90' lang='lat' dir='ltr'><strong>hoc</strong></span> <span class='ocrx_word' id='word_1_388' title='bbox 925 1487 990 1507; x_wconf 90' lang='lat' dir='ltr'><strong>vero</strong></span> 
     </span>
    </p>
   </div>
   <div class='ocr_carea' id='block_1_53' title="bbox 166 1523 1026 1568">
    <p class='ocr_par' dir='ltr' id='par_1_53' title="bbox 166 1523 1026 1568">
     <span class='ocr_line' id='line_1_53' title="bbox 166 1523 1026 1568; baseline 0.001 -18"><span class='ocrx_word' id='word_1_389' title='bbox 166 1524 384 1568; x_wconf 63' lang='lat' dir='ltr'><strong>yegetatricem.</strong></span> <span class='ocrx_word' id='word_1_390' title='bbox 401 1524 540 1552; x_wconf 88' lang='lat' dir='ltr'><strong>Normam</strong></span> <span class='ocrx_word' id='word_1_391' title='bbox 552 1527 580 1552; x_wconf 91' lang='lat' dir='ltr'><strong>et</strong></span> <span class='ocrx_word' id='word_1_392' title='bbox 595 1523 724 1560; x_wconf 83' lang='lat' dir='ltr'><strong>regulam</strong></span> <span class='ocrx_word' id='word_1_393' title='bbox 742 1524 830 1551; x_wconf 87' lang='lat' dir='ltr'><strong>tradit</strong></span> <span class='ocrx_word' id='word_1_394' title='bbox 849 1523 990 1551; x_wconf 89' lang='lat' dir='ltr'><strong>Aristote-</strong></span> <span class='ocrx_word' id='word_1_395' title='bbox 1005 1535 1026 1568; x_wconf 66' lang='grc' dir='ltr'><strong>ρ</strong></span> 
     </span>
    </p>
   </div>
   <div class='ocr_carea' id='block_1_54' title="bbox 166 1567 989 1604">
    <p class='ocr_par' dir='ltr' id='par_1_54' title="bbox 166 1567 989 1604">
     <span class='ocr_line' id='line_1_54' title="bbox 166 1567 989 1604; baseline 0 -8"><span class='ocrx_word' id='word_1_396' title='bbox 166 1567 209 1596; x_wconf 88' lang='lat' dir='ltr'><strong>les</strong></span> <span class='ocrx_word' id='word_1_397' title='bbox 224 1569 259 1596; x_wconf 90' lang='lat' dir='ltr'><strong>de</strong></span> <span class='ocrx_word' id='word_1_398' title='bbox 275 1568 383 1602; x_wconf 86' lang='lat' dir='ltr'><strong>anima,</strong></span> <span class='ocrx_word' id='word_1_399' title='bbox 395 1570 423 1596; x_wconf 86' lang='lat' dir='ltr'><strong>et</strong></span> <span class='ocrx_word' id='word_1_400' title='bbox 436 1568 549 1596; x_wconf 66' lang='lat' dir='ltr'><strong>caeteris</strong></span> <span class='ocrx_word' id='word_1_401' title='bbox 572 1568 720 1602; x_wconf 81' lang='lat' dir='ltr'><strong>omnibus,</strong></span> <span class='ocrx_word' id='word_1_402' title='bbox 739 1571 768 1596; x_wconf 88' lang='lat' dir='ltr'><strong>et</strong></span> <span class='ocrx_word' id='word_1_403' title='bbox 784 1568 831 1603; x_wconf 89' lang='lat' dir='ltr'><strong>iis,</strong></span> <span class='ocrx_word' id='word_1_404' title='bbox 849 1568 900 1604; x_wconf 90' lang='lat' dir='ltr'><strong>qui</strong></span> <span class='ocrx_word' id='word_1_405' title='bbox 925 1576 989 1596; x_wconf 86' lang='lat' dir='ltr'><strong>eam</strong></span> 
     </span>
    </p>
   </div>
   <div class='ocr_carea' id='block_1_55' title="bbox 166 1612 990 1649">
    <p class='ocr_par' dir='ltr' id='par_1_55' title="bbox 166 1612 990 1649">
     <span class='ocr_line' id='line_1_55' title="bbox 166 1612 990 1649; baseline 0 -9"><span class='ocrx_word' id='word_1_406' title='bbox 166 1612 320 1640; x_wconf 84' lang='lat' dir='ltr'><strong>mortalem</strong></span> <span class='ocrx_word' id='word_1_407' title='bbox 333 1615 448 1649; x_wconf 86' lang='lat' dir='ltr'><strong>putant,</strong></span> <span class='ocrx_word' id='word_1_408' title='bbox 465 1613 714 1641; x_wconf 87' lang='lat' dir='ltr'><strong>consentientem:</strong></span> <span class='ocrx_word' id='word_1_409' title='bbox 739 1613 801 1640; x_wconf 61' lang='lat' dir='ltr'><strong>hac</strong></span> <span class='ocrx_word' id='word_1_410' title='bbox 825 1621 910 1648; x_wconf 89' lang='lat' dir='ltr'><strong>porro</strong></span> <span class='ocrx_word' id='word_1_411' title='bbox 934 1616 990 1640; x_wconf 88' lang='lat' dir='ltr'><strong>est.</strong></span> 
     </span>
    </p>
   </div>
   <div class='ocr_carea' id='block_1_56' title="bbox 168 1656 992 1693">
    <p class='ocr_par' dir='ltr' id='par_1_56' title="bbox 168 1656 992 1693">
     <span class='ocr_line' id='line_1_56' title="bbox 168 1656 992 1693; baseline 0.001 -9"><span class='ocrx_word' id='word_1_412' title='bbox 168 1657 210 1684; x_wconf 80' lang='lat' dir='ltr'><strong>Ab</strong></span> <span class='ocrx_word' id='word_1_413' title='bbox 225 1656 511 1693; x_wconf 89' lang='lat' dir='ltr'><strong>actionibus,inquit,</strong></span> <span class='ocrx_word' id='word_1_414' title='bbox 527 1658 562 1685; x_wconf 90' lang='lat' dir='ltr'><strong>de</strong></span> <span class='ocrx_word' id='word_1_415' title='bbox 577 1657 750 1685; x_wconf 84' lang='lat' dir='ltr'><strong>substantiis</strong></span> <span class='ocrx_word' id='word_1_416' title='bbox 765 1657 917 1685; x_wconf 87' lang='lat' dir='ltr'><strong>ferendum</strong></span> <span class='ocrx_word' id='word_1_417' title='bbox 932 1658 992 1692; x_wconf 69' lang='lat' dir='ltr'><strong>[est</strong></span> 
     </span>
    </p>
   </div>
   <div class='ocr_carea' id='block_1_57' title="bbox 164 1701 991 1738">
    <p class='ocr_par' dir='ltr' id='par_1_57' title="bbox 164 1701 991 1738">
     <span class='ocr_line' id='line_1_57' title="bbox 164 1701 991 1738; baseline 0.001 -10"><span class='ocrx_word' id='word_1_418' title='bbox 164 1701 323 1736; x_wconf 86' lang='lat' dir='ltr'><strong>judicium,</strong></span> <span class='ocrx_word' id='word_1_419' title='bbox 338 1702 466 1738; x_wconf 51' lang='lat' dir='ltr'><strong>{quando</strong></span> <span class='ocrx_word' id='word_1_420' title='bbox 497 1703 663 1730; x_wconf 80' lang='lat' dir='ltr'><strong>substantia</strong></span> <span class='ocrx_word' id='word_1_421' title='bbox 691 1701 829 1738; x_wconf 63' lang='lat' dir='ltr'><strong>quaelibet</strong></span> <span class='ocrx_word' id='word_1_422' title='bbox 848 1701 991 1729; x_wconf 83' lang='lat' dir='ltr'><strong>actionem</strong></span> 
     </span>
    </p>
   </div>
   <div class='ocr_carea' id='block_1_58' title="bbox 169 1746 992 1783">
    <p class='ocr_par' dir='ltr' id='par_1_58' title="bbox 169 1746 992 1783">
     <span class='ocr_line' id='line_1_58' title="bbox 169 1746 992 1783; baseline 0 -10"><span class='ocrx_word' id='word_1_423' title='bbox 169 1746 257 1773; x_wconf 85' lang='lat' dir='ltr'><strong>habet</strong></span> <span class='ocrx_word' id='word_1_424' title='bbox 273 1746 392 1774; x_wconf 77' lang='lat' dir='ltr'><strong>afﬁnem</strong></span> <span class='ocrx_word' id='word_1_425' title='bbox 405 1746 511 1780; x_wconf 86' lang='lat' dir='ltr'><strong>sibi,et</strong></span> <span class='ocrx_word' id='word_1_426' title='bbox 533 1746 648 1783; x_wconf 85' lang='lat' dir='ltr'><strong>generis</strong></span> <span class='ocrx_word' id='word_1_427' title='bbox 673 1747 816 1782; x_wconf 88' lang='lat' dir='ltr'><strong>ejusdem.</strong></span> <span class='ocrx_word' id='word_1_428' title='bbox 841 1747 992 1778; x_wconf 87' lang='lat' dir='ltr'><strong>Quomodo</strong></span> 
     </span>
    </p>
   </div>
   <div class='ocr_carea' id='block_1_59' title="bbox 171 1790 992 1826">
    <p class='ocr_par' dir='ltr' id='par_1_59' title="bbox 171 1790 992 1826">
     <span class='ocr_line' id='line_1_59' title="bbox 171 1790 992 1826; baseline 0 -8"><span class='ocrx_word' id='word_1_429' title='bbox 171 1798 251 1826; x_wconf 83' lang='lat' dir='ltr'><strong>ergo,</strong></span> <span class='ocrx_word' id='word_1_430' title='bbox 269 1790 374 1826; x_wconf 88' lang='lat' dir='ltr'><strong>inquit,</strong></span> <span class='ocrx_word' id='word_1_431' title='bbox 391 1791 569 1824; x_wconf 83' lang='lat' dir='ltr'><strong>substantia,</strong></span> <span class='ocrx_word' id='word_1_432' title='bbox 582 1799 645 1826; x_wconf 70' lang='lat' dir='ltr'><strong>qua:</strong></span> <span class='ocrx_word' id='word_1_433' title='bbox 657 1790 767 1818; x_wconf 89' lang='lat' dir='ltr'><strong>nullam</strong></span> <span class='ocrx_word' id='word_1_434' title='bbox 785 1790 872 1818; x_wconf 82' lang='lat' dir='ltr'><strong>habet</strong></span> <span class='ocrx_word' id='word_1_435' title='bbox 901 1790 992 1818; x_wconf 85' lang='lat' dir='ltr'><strong>actio-</strong></span> 
     </span>
    </p>
   </div>
   <div class='ocr_carea' id='block_1_60' title="bbox 171 1835 994 1872">
    <p class='ocr_par' dir='ltr' id='par_1_60' title="bbox 171 1835 994 1872">
     <span class='ocr_line' id='line_1_60' title="bbox 171 1835 994 1872; baseline 0 -10"><span class='ocrx_word' id='word_1_436' title='bbox 171 1843 238 1862; x_wconf 87' lang='lat' dir='ltr'><strong>nem</strong></span> <span class='ocrx_word' id='word_1_437' title='bbox 256 1843 272 1862; x_wconf 90' lang='lat' dir='ltr'><strong>a</strong></span> <span class='ocrx_word' id='word_1_438' title='bbox 287 1843 406 1870; x_wconf 87' lang='lat' dir='ltr'><strong>corpore</strong></span> <span class='ocrx_word' id='word_1_439' title='bbox 422 1835 627 1872; x_wconf 83' lang='lat' dir='ltr'><strong>separabilem,</strong></span> <span class='ocrx_word' id='word_1_440' title='bbox 642 1836 806 1864; x_wconf 88' lang='lat' dir='ltr'><strong>necessario</strong></span> <span class='ocrx_word' id='word_1_441' title='bbox 819 1843 913 1870; x_wconf 89' lang='lat' dir='ltr'><strong>neque</strong></span> <span class='ocrx_word' id='word_1_442' title='bbox 926 1835 994 1863; x_wconf 89' lang='lat' dir='ltr'><strong>sub-</strong></span> 
     </span>
    </p>
   </div>
   <div class='ocr_carea' id='block_1_61' title="bbox 172 1879 994 1916">
    <p class='ocr_par' dir='ltr' id='par_1_61' title="bbox 172 1879 994 1916">
     <span class='ocr_line' id='line_1_61' title="bbox 172 1879 994 1916; baseline 0.001 -10"><span class='ocrx_word' id='word_1_443' title='bbox 172 1879 310 1906; x_wconf 79' lang='lat' dir='ltr'><strong>stantiam</strong></span> <span class='ocrx_word' id='word_1_444' title='bbox 345 1879 463 1907; x_wconf 85' lang='lat' dir='ltr'><strong>habebit</strong></span> <span class='ocrx_word' id='word_1_445' title='bbox 492 1889 508 1907; x_wconf 80' lang='grc' dir='ltr'><strong>υ.</strong></span> <span class='ocrx_word' id='word_1_446' title='bbox 540 1888 659 1915; x_wconf 88' lang='lat' dir='ltr'><strong>corpore</strong></span> <span class='ocrx_word' id='word_1_447' title='bbox 698 1879 892 1916; x_wconf 79' lang='lat' dir='ltr'><strong>separabilem</strong></span> <span class='ocrx_word' id='word_1_448' title='bbox 917 1879 931 1906; x_wconf 78' lang='lat'><strong>7</strong></span> <span class='ocrx_word' id='word_1_449' title='bbox 963 1879 994 1907; x_wconf 86' lang='lat' dir='ltr'><strong>Si</strong></span> 
     </span>
    </p>
   </div>
   <div class='ocr_carea' id='block_1_62' title="bbox 172 1923 992 1960">
    <p class='ocr_par' dir='ltr' id='par_1_62' title="bbox 172 1923 992 1960">
     <span class='ocr_line' id='line_1_62' title="bbox 172 1923 992 1960; baseline 0.001 -10"><span class='ocrx_word' id='word_1_450' title='bbox 172 1923 263 1957; x_wconf 88' lang='lat' dir='ltr'><strong>enim,</strong></span> <span class='ocrx_word' id='word_1_451' title='bbox 295 1932 360 1950; x_wconf 92' lang='lat' dir='ltr'><strong>cum</strong></span> <span class='ocrx_word' id='word_1_452' title='bbox 393 1924 590 1952; x_wconf 83' lang='lat' dir='ltr'><strong>substantiam</strong></span> <span class='ocrx_word' id='word_1_453' title='bbox 621 1924 727 1952; x_wconf 83' lang='lat' dir='ltr'><strong>habent</strong></span> <span class='ocrx_word' id='word_1_454' title='bbox 753 1923 992 1960; x_wconf 82' lang='lat' dir='ltr'><strong>inseparabilem,</strong></span> 
     </span>
    </p>
   </div>
   <div class='ocr_carea' id='block_1_63' title="bbox 172 1967 994 2004">
    <p class='ocr_par' dir='ltr' id='par_1_63' title="bbox 172 1967 994 2004">
     <span class='ocr_line' id='line_1_63' title="bbox 172 1967 994 2004; baseline 0.001 -10"><span class='ocrx_word' id='word_1_455' title='bbox 172 1967 284 1994; x_wconf 89' lang='lat' dir='ltr'><strong>nullam</strong></span> <span class='ocrx_word' id='word_1_456' title='bbox 301 1967 364 1995; x_wconf 89' lang='lat' dir='ltr'><strong>sine</strong></span> <span class='ocrx_word' id='word_1_457' title='bbox 380 1976 499 2003; x_wconf 90' lang='lat' dir='ltr'><strong>corpore</strong></span> <span class='ocrx_word' id='word_1_458' title='bbox 514 1967 656 1995; x_wconf 85' lang='lat' dir='ltr'><strong>actionem</strong></span> <span class='ocrx_word' id='word_1_459' title='bbox 674 1968 964 2004; x_wconf 87' lang='lat' dir='ltr'><strong>habebit;postquam</strong></span> <span class='ocrx_word' id='word_1_460' title='bbox 977 1977 994 1996; x_wconf 87' lang='lat' dir='ltr'><strong>a</strong></span> 
     </span>
    </p>
   </div>
   <div class='ocr_carea' id='block_1_64' title="bbox 173 2012 993 2048">
    <p class='ocr_par' dir='ltr' id='par_1_64' title="bbox 173 2012 993 2048">
     <span class='ocr_line' id='line_1_64' title="bbox 173 2012 993 2048; baseline 0.002 -10"><span class='ocrx_word' id='word_1_461' title='bbox 173 2019 293 2047; x_wconf 88' lang='lat' dir='ltr'><strong>corpore</strong></span> <span class='ocrx_word' id='word_1_462' title='bbox 316 2012 450 2047; x_wconf 82' lang='lat' dir='ltr'><strong>sejuncta</strong></span> <span class='ocrx_word' id='word_1_463' title='bbox 470 2012 566 2044; x_wconf 81' lang='lat' dir='ltr'><strong>fuerit,</strong></span> <span class='ocrx_word' id='word_1_464' title='bbox 599 2020 655 2039; x_wconf 89' lang='lat' dir='ltr'><strong>non</strong></span> <span class='ocrx_word' id='word_1_465' title='bbox 689 2012 817 2045; x_wconf 82' lang='lat' dir='ltr'><strong>habebit,</strong></span> <span class='ocrx_word' id='word_1_466' title='bbox 847 2013 876 2039; x_wconf 87' lang='lat' dir='ltr'><strong>in</strong></span> <span class='ocrx_word' id='word_1_467' title='bbox 916 2013 993 2048; x_wconf 90' lang='lat' dir='ltr'><strong>quod</strong></span> 
     </span>
    </p>
   </div>
   <div class='ocr_carea' id='block_1_65' title="bbox 175 2056 997 2092">
    <p class='ocr_par' dir='ltr' id='par_1_65' title="bbox 175 2056 997 2092">
     <span class='ocr_line' id='line_1_65' title="bbox 175 2056 997 2092; baseline 0.002 -10"><span class='ocrx_word' id='word_1_468' title='bbox 175 2058 251 2092; x_wconf 84' lang='lat' dir='ltr'><strong>agat,</strong></span> <span class='ocrx_word' id='word_1_469' title='bbox 263 2056 362 2090; x_wconf 87' lang='lat' dir='ltr'><strong>itaque</strong></span> <span class='ocrx_word' id='word_1_470' title='bbox 378 2056 486 2083; x_wconf 83' lang='lat' dir='ltr'><strong>frustra</strong></span> <span class='ocrx_word' id='word_1_471' title='bbox 496 2057 560 2083; x_wconf 91' lang='lat' dir='ltr'><strong>erit.</strong></span> <span class='ocrx_word' id='word_1_472' title='bbox 574 2056 647 2083; x_wconf 83' lang='lat' dir='ltr'><strong>Fieri</strong></span> <span class='ocrx_word' id='word_1_473' title='bbox 662 2064 729 2092; x_wconf 85' lang='lat' dir='ltr'><strong>ergo</strong></span> <span class='ocrx_word' id='word_1_474' title='bbox 751 2064 806 2083; x_wconf 92' lang='lat' dir='ltr'><strong>non</strong></span> <span class='ocrx_word' id='word_1_475' title='bbox 836 2058 942 2091; x_wconf 85' lang='lat' dir='ltr'><strong>potest,</strong></span> <span class='ocrx_word' id='word_1_476' title='bbox 965 2058 997 2084; x_wconf 89' lang='lat' dir='ltr'><strong>ut</strong></span> 
     </span>
    </p>
   </div>
   <div class='ocr_carea' id='block_1_66' title="bbox 174 2099 996 2136">
    <p class='ocr_par' dir='ltr' id='par_1_66' title="bbox 174 2099 996 2136">
     <span class='ocr_line' id='line_1_66' title="bbox 174 2099 996 2136; baseline 0.002 -10"><span class='ocrx_word' id='word_1_477' title='bbox 174 2099 348 2135; x_wconf 80' lang='lat' dir='ltr'><strong>scparabilis</strong></span> <span class='ocrx_word' id='word_1_478' title='bbox 367 2100 533 2127; x_wconf 86' lang='lat' dir='ltr'><strong>substantia</strong></span> <span class='ocrx_word' id='word_1_479' title='bbox 548 2100 659 2127; x_wconf 88' lang='lat' dir='ltr'><strong>nullam</strong></span> <span class='ocrx_word' id='word_1_480' title='bbox 678 2100 861 2136; x_wconf 57' lang='lat' dir='ltr'><strong>habeatﬁsine</strong></span> <span class='ocrx_word' id='word_1_481' title='bbox 876 2108 996 2136; x_wconf 89' lang='lat' dir='ltr'><strong>corpore</strong></span> 
     </span>
    </p>
   </div>
   <div class='ocr_carea' id='block_1_67' title="bbox 173 2143 328 2171">
    <p class='ocr_par' dir='ltr' id='par_1_67' title="bbox 173 2143 328 2171">
     <span class='ocr_line' id='line_1_67' title="bbox 173 2143 328 2171; baseline 0.006 -1"><span class='ocrx_word' id='word_1_482' title='bbox 173 2143 328 2171; x_wconf 87' lang='lat' dir='ltr'><strong>actionem.</strong></span> 
     </span>
    </p>
   </div>
   <div class='ocr_carea' id='block_1_68' title="bbox 210 2196 995 2233">
    <p class='ocr_par' dir='ltr' id='par_1_68' title="bbox 210 2196 995 2233">
     <span class='ocr_line' id='line_1_68' title="bbox 210 2196 995 2233; baseline 0.001 -9"><span class='ocrx_word' id='word_1_483' title='bbox 210 2196 305 2225; x_wconf 82' lang='lat' dir='ltr'><strong>Altera</strong></span> <span class='ocrx_word' id='word_1_484' title='bbox 329 2196 428 2233; x_wconf 79' lang='lat' dir='ltr'><strong>regula</strong></span> <span class='ocrx_word' id='word_1_485' title='bbox 451 2197 510 2224; x_wconf 70' lang='lat' dir='ltr'><strong>haec</strong></span> <span class='ocrx_word' id='word_1_486' title='bbox 535 2200 588 2224; x_wconf 88' lang='lat' dir='ltr'><strong>est.</strong></span> <span class='ocrx_word' id='word_1_487' title='bbox 610 2197 710 2225; x_wconf 87' lang='lat' dir='ltr'><strong>Omnis</strong></span> <span class='ocrx_word' id='word_1_488' title='bbox 733 2198 909 2233; x_wconf 85' lang='lat' dir='ltr'><strong>substantia,</strong></span> <span class='ocrx_word' id='word_1_489' title='bbox 932 2206 995 2233; x_wconf 70' lang='lat' dir='ltr'><strong>quae</strong></span> 
     </span>
    </p>
   </div>
   <div class='ocr_carea' id='block_1_69' title="bbox 175 2241 998 2279">
    <p class='ocr_par' dir='ltr' id='par_1_69' title="bbox 175 2241 998 2279">
     <span class='ocr_line' id='line_1_69' title="bbox 175 2241 998 2279; baseline 0.001 -10"><span class='ocrx_word' id='word_1_490' title='bbox 175 2241 320 2269; x_wconf 85' lang='lat' dir='ltr'><strong>actionem</strong></span> <span class='ocrx_word' id='word_1_491' title='bbox 337 2242 424 2270; x_wconf 83' lang='lat' dir='ltr'><strong>habet</strong></span> <span class='ocrx_word' id='word_1_492' title='bbox 437 2251 454 2269; x_wconf 83' lang='lat' dir='ltr'><strong>a</strong></span> <span class='ocrx_word' id='word_1_493' title='bbox 468 2250 589 2278; x_wconf 87' lang='lat' dir='ltr'><strong>corpore</strong></span> <span class='ocrx_word' id='word_1_494' title='bbox 608 2242 813 2278; x_wconf 87' lang='lat' dir='ltr'><strong>separabilem,</strong></span> <span class='ocrx_word' id='word_1_495' title='bbox 839 2243 904 2277; x_wconf 85' lang='lat' dir='ltr'><strong>ipsa</strong></span> <span class='ocrx_word' id='word_1_496' title='bbox 925 2251 998 2279; x_wconf 88' lang='lat' dir='ltr'><strong>quo-</strong></span> 
     </span>
    </p>
   </div>
   <div class='ocr_carea' id='block_1_70' title="bbox 176 2286 998 2322">
    <p class='ocr_par' dir='ltr' id='par_1_70' title="bbox 176 2286 998 2322">
     <span class='ocr_line' id='line_1_70' title="bbox 176 2286 998 2322; baseline 0.002 -9"><span class='ocrx_word' id='word_1_497' title='bbox 176 2295 234 2322; x_wconf 86' lang='lat' dir='ltr'><strong>que</strong></span> <span class='ocrx_word' id='word_1_498' title='bbox 249 2295 265 2314; x_wconf 86' lang='lat' dir='ltr'><strong>a</strong></span> <span class='ocrx_word' id='word_1_499' title='bbox 278 2294 397 2322; x_wconf 87' lang='lat' dir='ltr'><strong>corpore</strong></span> <span class='ocrx_word' id='word_1_500' title='bbox 413 2286 586 2322; x_wconf 84' lang='lat' dir='ltr'><strong>separabilis</strong></span> <span class='ocrx_word' id='word_1_501' title='bbox 602 2286 640 2314; x_wconf 85' lang='lat' dir='ltr'><strong>sit</strong></span> <span class='ocrx_word' id='word_1_502' title='bbox 656 2289 780 2322; x_wconf 87' lang='lat' dir='ltr'><strong>oportet.</strong></span> <span class='ocrx_word' id='word_1_503' title='bbox 796 2286 824 2314; x_wconf 89' lang='lat' dir='ltr'><strong>Si</strong></span> <span class='ocrx_word' id='word_1_504' title='bbox 837 2295 902 2314; x_wconf 86' lang='lat' dir='ltr'><strong>vero</strong></span> <span class='ocrx_word' id='word_1_505' title='bbox 914 2295 998 2322; x_wconf 83' lang='lat' dir='ltr'><strong>sepa-</strong></span> 
     </span>
    </p>
   </div>
   <div class='ocr_carea' id='block_1_71' title="bbox 178 2330 1000 2367">
    <p class='ocr_par' dir='ltr' id='par_1_71' title="bbox 178 2330 1000 2367">
     <span class='ocr_line' id='line_1_71' title="bbox 178 2330 1000 2367; baseline 0.002 -9"><span class='ocrx_word' id='word_1_506' title='bbox 178 2330 280 2359; x_wconf 87' lang='lat' dir='ltr'><strong>rabilis</strong></span> <span class='ocrx_word' id='word_1_507' title='bbox 310 2339 367 2359; x_wconf 91' lang='lat' dir='ltr'><strong>non</strong></span> <span class='ocrx_word' id='word_1_508' title='bbox 397 2331 493 2366; x_wconf 87' lang='lat' dir='ltr'><strong>tuerit,</strong></span> <span class='ocrx_word' id='word_1_509' title='bbox 513 2331 581 2358; x_wconf 83' lang='lat' dir='ltr'><strong>hinc</strong></span> <span class='ocrx_word' id='word_1_510' title='bbox 604 2334 753 2367; x_wconf 86' lang='lat' dir='ltr'><strong>sequetur,</strong></span> <span class='ocrx_word' id='word_1_511' title='bbox 772 2331 907 2359; x_wconf 77' lang='lat' dir='ltr'><strong>etl‘ectum</strong></span> <span class='ocrx_word' id='word_1_512' title='bbox 935 2339 1000 2360; x_wconf 82' lang='lat' dir='ltr'><strong>esse</strong></span> 
     </span>
    </p>
   </div>
   <div class='ocr_carea' id='block_1_72' title="bbox 179 2375 999 2411">
    <p class='ocr_par' dir='ltr' id='par_1_72' title="bbox 179 2375 999 2411">
     <span class='ocr_line' id='line_1_72' title="bbox 179 2375 999 2411; baseline 0 -8"><span class='ocrx_word' id='word_1_513' title='bbox 179 2384 268 2403; x_wconf 82' lang='lat' dir='ltr'><strong>causa</strong></span> <span class='ocrx_word' id='word_1_514' title='bbox 279 2384 331 2403; x_wconf 86' lang='lat' dir='ltr'><strong>sua</strong></span> <span class='ocrx_word' id='word_1_515' title='bbox 347 2375 486 2410; x_wconf 87' lang='lat' dir='ltr'><strong>nobilius,</strong></span> <span class='ocrx_word' id='word_1_516' title='bbox 496 2379 525 2403; x_wconf 88' lang='lat' dir='ltr'><strong>et</strong></span> <span class='ocrx_word' id='word_1_517' title='bbox 538 2376 731 2411; x_wconf 65' lang='lat' dir='ltr'><strong>praestantiori</strong></span> <span class='ocrx_word' id='word_1_518' title='bbox 748 2375 938 2404; x_wconf 74' lang='lat' dir='ltr'><strong>excellentius</strong></span> <span class='ocrx_word' id='word_1_519' title='bbox 957 2376 999 2410; x_wconf 91' lang='lat' dir='ltr'><strong>id,</strong></span> 
     </span>
    </p>
   </div>
   <div class='ocr_carea' id='block_1_73' title="bbox 179 2420 1001 2456">
    <p class='ocr_par' dir='ltr' id='par_1_73' title="bbox 179 2420 1001 2456">
     <span class='ocr_line' id='line_1_73' title="bbox 179 2420 1001 2456; baseline 0.001 -9"><span class='ocrx_word' id='word_1_520' title='bbox 179 2421 254 2454; x_wconf 84' lang='lat' dir='ltr'><strong>quod</strong></span> <span class='ocrx_word' id='word_1_521' title='bbox 278 2420 406 2447; x_wconf 88' lang='lat' dir='ltr'><strong>deterius</strong></span> <span class='ocrx_word' id='word_1_522' title='bbox 430 2423 472 2447; x_wconf 89' lang='lat' dir='ltr'><strong>est</strong></span> <span class='ocrx_word' id='word_1_523' title='bbox 499 2428 504 2446; x_wconf 91' lang='lat'>:</span> <span class='ocrx_word' id='word_1_524' title='bbox 528 2420 555 2447; x_wconf 92' lang='lat' dir='ltr'><strong>id</strong></span> <span class='ocrx_word' id='word_1_525' title='bbox 585 2427 651 2447; x_wconf 91' lang='lat' dir='ltr'><strong>vero</strong></span> <span class='ocrx_word' id='word_1_526' title='bbox 675 2421 858 2447; x_wconf 87' lang='lat' dir='ltr'><strong>absurdum:</strong></span> <span class='ocrx_word' id='word_1_527' title='bbox 884 2429 1001 2456; x_wconf 86' lang='lat' dir='ltr'><strong>semper</strong></span> 
     </span>
    </p>
   </div>
   <div class='ocr_carea' id='block_1_74' title="bbox 177 2464 1000 2501">
    <p class='ocr_par' dir='ltr' id='par_1_74' title="bbox 177 2464 1000 2501">
     <span class='ocr_line' id='line_1_74' title="bbox 177 2464 1000 2501; baseline 0.001 -10"><span class='ocrx_word' id='word_1_528' title='bbox 177 2464 254 2491; x_wconf 89' lang='lat' dir='ltr'><strong>enim</strong></span> <span class='ocrx_word' id='word_1_529' title='bbox 267 2472 385 2492; x_wconf 83' lang='lat' dir='ltr'><strong>causam</strong></span> <span class='ocrx_word' id='word_1_530' title='bbox 398 2472 427 2491; x_wconf 85' lang='lat' dir='ltr'><strong>rc</strong></span> <span class='ocrx_word' id='word_1_531' title='bbox 439 2464 540 2492; x_wconf 85' lang='lat' dir='ltr'><strong>ell‘ecta</strong></span> <span class='ocrx_word' id='word_1_532' title='bbox 549 2464 781 2500; x_wconf 73' lang='lat' dir='ltr'><strong>praestantiorem</strong></span> <span class='ocrx_word' id='word_1_533' title='bbox 799 2473 863 2492; x_wconf 84' lang='lat' dir='ltr'><strong>esse</strong></span> <span class='ocrx_word' id='word_1_534' title='bbox 875 2467 1000 2501; x_wconf 82' lang='lat' dir='ltr'><strong>oportet,</strong></span> 
     </span>
    </p>
   </div>
   <div class='ocr_carea' id='block_1_75' title="bbox 175 2508 1000 2545">
    <p class='ocr_par' dir='ltr' id='par_1_75' title="bbox 175 2508 1000 2545">
     <span class='ocr_line' id='line_1_75' title="bbox 175 2508 1000 2545; baseline 0.002 -10"><span class='ocrx_word' id='word_1_535' title='bbox 175 2511 237 2536; x_wconf 91' lang='lat' dir='ltr'><strong>tum</strong></span> <span class='ocrx_word' id='word_1_536' title='bbox 255 2510 283 2535; x_wconf 88' lang='lat' dir='ltr'><strong>et</strong></span> <span class='ocrx_word' id='word_1_537' title='bbox 294 2508 368 2544; x_wconf 85' lang='lat' dir='ltr'><strong>quod</strong></span> <span class='ocrx_word' id='word_1_538' title='bbox 379 2511 486 2536; x_wconf 87' lang='lat' dir='ltr'><strong>naLura</strong></span> <span class='ocrx_word' id='word_1_539' title='bbox 500 2509 583 2544; x_wconf 85' lang='lat' dir='ltr'><strong>prius</strong></span> <span class='ocrx_word' id='word_1_540' title='bbox 591 2511 637 2536; x_wconf 85' lang='lat' dir='ltr'><strong>est</strong></span> <span class='ocrx_word' id='word_1_541' title='bbox 649 2517 654 2536; x_wconf 91' lang='lat'>:</span> <span class='ocrx_word' id='word_1_542' title='bbox 668 2508 728 2536; x_wconf 83' lang='lat' dir='ltr'><strong>ﬁeri</strong></span> <span class='ocrx_word' id='word_1_543' title='bbox 741 2517 809 2544; x_wconf 86' lang='lat' dir='ltr'><strong>ergo</strong></span> <span class='ocrx_word' id='word_1_544' title='bbox 821 2517 877 2536; x_wconf 91' lang='lat' dir='ltr'><strong>non</strong></span> <span class='ocrx_word' id='word_1_545' title='bbox 893 2512 1000 2545; x_wconf 86' lang='lat' dir='ltr'><strong>potest,</strong></span> 
     </span>
    </p>
   </div>
   <div class='ocr_carea' id='block_1_76' title="bbox 176 2552 1000 2588">
    <p class='ocr_par' dir='ltr' id='par_1_76' title="bbox 176 2552 1000 2588">
     <span class='ocr_line' id='line_1_76' title="bbox 176 2552 1000 2588; baseline 0.001 -8"><span class='ocrx_word' id='word_1_546' title='bbox 176 2555 234 2580; x_wconf 87' lang='lat' dir='ltr'><strong>uta</strong></span> <span class='ocrx_word' id='word_1_547' title='bbox 247 2561 366 2588; x_wconf 88' lang='lat' dir='ltr'><strong>corpore</strong></span> <span class='ocrx_word' id='word_1_548' title='bbox 383 2552 557 2588; x_wconf 88' lang='lat' dir='ltr'><strong>scparabilis</strong></span> <span class='ocrx_word' id='word_1_549' title='bbox 573 2553 648 2580; x_wconf 89' lang='lat' dir='ltr'><strong>actio</strong></span> <span class='ocrx_word' id='word_1_550' title='bbox 664 2561 719 2580; x_wconf 89' lang='lat' dir='ltr'><strong>nun</strong></span> <span class='ocrx_word' id='word_1_551' title='bbox 744 2553 874 2581; x_wconf 88' lang='lat' dir='ltr'><strong>dimanet</strong></span> <span class='ocrx_word' id='word_1_552' title='bbox 890 2562 906 2581; x_wconf 86' lang='lat' dir='ltr'><strong>a</strong></span> <span class='ocrx_word' id='word_1_553' title='bbox 930 2554 1000 2581; x_wconf 84' lang='lat' dir='ltr'><strong>sub-</strong></span> 
     </span>
    </p>
   </div>
   <div class='ocr_carea' id='block_1_77' title="bbox 178 2596 1002 2634">
    <p class='ocr_par' dir='ltr' id='par_1_77' title="bbox 178 2596 1002 2634">
     <span class='ocr_line' id='line_1_77' title="bbox 178 2596 1002 2634; baseline 0.002 -11"><span class='ocrx_word' id='word_1_554' title='bbox 178 2596 297 2632; x_wconf 85' lang='lat' dir='ltr'><strong>stantia,</strong></span> <span class='ocrx_word' id='word_1_555' title='bbox 312 2604 404 2632; x_wconf 86' lang='lat' dir='ltr'><strong>eaque</strong></span> <span class='ocrx_word' id='word_1_556' title='bbox 415 2596 584 2634; x_wconf 85' lang='lat' dir='ltr'><strong>separabili.</strong></span> <span class='ocrx_word' id='word_1_557' title='bbox 598 2599 631 2625; x_wconf 84' lang='lat' dir='ltr'><strong>Et</strong></span> <span class='ocrx_word' id='word_1_558' title='bbox 646 2597 798 2633; x_wconf 87' lang='lat' dir='ltr'><strong>posteriori</strong></span> <span class='ocrx_word' id='word_1_559' title='bbox 811 2597 930 2634; x_wconf 83' lang='lat' dir='ltr'><strong>quidem</strong></span> <span class='ocrx_word' id='word_1_560' title='bbox 956 2606 1002 2625; x_wconf 87' lang='lat' dir='ltr'><strong>re-</strong></span> 
     </span>
    </p>
   </div>
   <div class='ocr_carea' id='block_1_78' title="bbox 179 2641 1002 2677">
    <p class='ocr_par' dir='ltr' id='par_1_78' title="bbox 179 2641 1002 2677">
     <span class='ocr_line' id='line_1_78' title="bbox 179 2641 1002 2677; baseline 0.002 -9"><span class='ocrx_word' id='word_1_561' title='bbox 179 2641 249 2677; x_wconf 85' lang='lat' dir='ltr'><strong>gula</strong></span> <span class='ocrx_word' id='word_1_562' title='bbox 264 2644 382 2669; x_wconf 91' lang='lat' dir='ltr'><strong>utemur</strong></span> <span class='ocrx_word' id='word_1_563' title='bbox 398 2641 425 2668; x_wconf 90' lang='lat' dir='ltr'><strong>in</strong></span> <span class='ocrx_word' id='word_1_564' title='bbox 443 2641 615 2677; x_wconf 84' lang='lat' dir='ltr'><strong>explicanda</strong></span> <span class='ocrx_word' id='word_1_565' title='bbox 631 2644 736 2669; x_wconf 85' lang='lat' dir='ltr'><strong>natura</strong></span> <span class='ocrx_word' id='word_1_566' title='bbox 756 2642 861 2669; x_wconf 74' lang='lat' dir='ltr'><strong>animae</strong></span> <span class='ocrx_word' id='word_1_567' title='bbox 890 2642 1002 2670; x_wconf 88' lang='lat' dir='ltr'><strong>ratione</strong></span> 
     </span>
    </p>
   </div>
   <div class='ocr_carea' id='block_1_79' title="bbox 154 2685 1003 2722">
    <p class='ocr_par' dir='ltr' id='par_1_79' title="bbox 154 2685 1003 2722">
     <span class='ocr_line' id='line_1_79' title="bbox 154 2685 1003 2722; baseline 0.002 -10"><span class='ocrx_word' id='word_1_568' title='bbox 154 2694 157 2695; x_wconf 64' lang='lat'><strong><em>&#39;</em></strong></span> <span class='ocrx_word' id='word_1_569' title='bbox 180 2685 325 2722; x_wconf 66' lang='lat' dir='ltr'><strong>prmditaz:</strong></span> <span class='ocrx_word' id='word_1_570' title='bbox 344 2686 424 2721; x_wconf 85' lang='lat' dir='ltr'><strong>prior</strong></span> <span class='ocrx_word' id='word_1_571' title='bbox 435 2689 532 2714; x_wconf 89' lang='lat' dir='ltr'><strong>autem</strong></span> <span class='ocrx_word' id='word_1_572' title='bbox 554 2686 589 2713; x_wconf 89' lang='lat' dir='ltr'><strong>ad</strong></span> <span class='ocrx_word' id='word_1_573' title='bbox 611 2686 739 2722; x_wconf 86' lang='lat' dir='ltr'><strong>reliquas</strong></span> <span class='ocrx_word' id='word_1_574' title='bbox 762 2686 915 2714; x_wconf 86' lang='lat' dir='ltr'><strong>conducet.</strong></span> <span class='ocrx_word' id='word_1_575' title='bbox 938 2686 1003 2714; x_wconf 64' lang='lat' dir='ltr'><strong>Hmc</strong></span> 
     </span>
    </p>
   </div>
   <div class='ocr_carea' id='block_1_80' title="bbox 179 2730 1004 2766">
    <p class='ocr_par' dir='ltr' id='par_1_80' title="bbox 179 2730 1004 2766">
     <span class='ocr_line' id='line_1_80' title="bbox 179 2730 1004 2766; baseline 0.001 -8"><span class='ocrx_word' id='word_1_576' title='bbox 179 2731 273 2766; x_wconf 79' lang='lat' dir='ltr'><strong>igitur</strong></span> <span class='ocrx_word' id='word_1_577' title='bbox 285 2730 377 2766; x_wconf 59' lang='lat' dir='ltr'><strong>estde</strong></span> <span class='ocrx_word' id='word_1_578' title='bbox 386 2730 550 2758; x_wconf 81' lang='lat' dir='ltr'><strong>rationabili</strong></span> <span class='ocrx_word' id='word_1_579' title='bbox 566 2730 665 2758; x_wconf 84' lang='lat' dir='ltr'><strong>anima</strong></span> <span class='ocrx_word' id='word_1_580' title='bbox 679 2730 880 2766; x_wconf 82' lang='lat' dir='ltr'><strong>disputatio.8i</strong></span> <span class='ocrx_word' id='word_1_581' title='bbox 897 2730 978 2759; x_wconf 79' lang='lat' dir='ltr'><strong>nulla</strong></span> <span class='ocrx_word' id='word_1_582' title='bbox 987 2739 1004 2759; x_wconf 71' lang='grc' dir='ltr'><strong>α</strong></span> 
     </span>
    </p>
   </div>
   <div class='ocr_carea' id='block_1_81' title="bbox 181 2774 1005 2812">
    <p class='ocr_par' dir='ltr' id='par_1_81' title="bbox 181 2774 1005 2812">
     <span class='ocr_line' id='line_1_81' title="bbox 181 2774 1005 2812; baseline -0.001 -8"><span class='ocrx_word' id='word_1_583' title='bbox 181 2783 301 2812; x_wconf 84' lang='lat' dir='ltr'><strong>corpore</strong></span> <span class='ocrx_word' id='word_1_584' title='bbox 314 2774 520 2812; x_wconf 84' lang='lat' dir='ltr'><strong>inseparabilis</strong></span> <span class='ocrx_word' id='word_1_585' title='bbox 534 2775 701 2803; x_wconf 85' lang='lat' dir='ltr'><strong>substantia</strong></span> <span class='ocrx_word' id='word_1_586' title='bbox 711 2775 905 2811; x_wconf 87' lang='lat' dir='ltr'><strong>separabilem</strong></span> <span class='ocrx_word' id='word_1_587' title='bbox 916 2775 1005 2804; x_wconf 86' lang='lat' dir='ltr'><strong>habet</strong></span> 
     </span>
    </p>
   </div>
   <div class='ocr_carea' id='block_1_82' title="bbox 1079 1121 1878 1163">
    <p class='ocr_par' dir='ltr' id='par_1_82' title="bbox 1079 1121 1878 1163">
     <span class='ocr_line' id='line_1_82' title="bbox 1079 1121 1878 1163; baseline 0.001 -13"><span class='ocrx_word' id='word_1_588' title='bbox 1079 1124 1139 1150; x_wconf 81' lang='grc' dir='ltr'>Ἔτι</span> <span class='ocrx_word' id='word_1_589' title='bbox 1165 1121 1241 1150; x_wconf 64' lang='grc' dir='ltr'>οῦδὲν</span> <span class='ocrx_word' id='word_1_590' title='bbox 1271 1124 1302 1150; x_wconf 83' lang='grc' dir='ltr'>τὸ</span> <span class='ocrx_word' id='word_1_591' title='bbox 1330 1124 1425 1151; x_wconf 71' lang='grc' dir='ltr'>ἑαυτοῦ</span> <span class='ocrx_word' id='word_1_592' title='bbox 1454 1122 1598 1158; x_wconf 68' lang='grc' dir='ltr'>σπουδάζει</span> <span class='ocrx_word' id='word_1_593' title='bbox 1627 1125 1735 1163; x_wconf 74' lang='grc' dir='ltr'>φθεῖραι</span> <span class='ocrx_word' id='word_1_594' title='bbox 1764 1124 1878 1151; x_wconf 74' lang='grc' dir='ltr'><strong>ὑποκεί-</strong></span> 
     </span>
    </p>
   </div>
   <div class='ocr_carea' id='block_1_83' title="bbox 1045 1167 1876 1207">
    <p class='ocr_par' dir='ltr' id='par_1_83' title="bbox 1045 1167 1876 1207">
     <span class='ocr_line' id='line_1_83' title="bbox 1045 1167 1876 1207; baseline 0.001 -13"><span class='ocrx_word' id='word_1_595' title='bbox 1045 1178 1137 1204; x_wconf 83' lang='grc' dir='ltr'>μινον,</span> <span class='ocrx_word' id='word_1_596' title='bbox 1166 1167 1253 1195; x_wconf 76' lang='grc' dir='ltr'>πάντα</span> <span class='ocrx_word' id='word_1_597' title='bbox 1282 1168 1334 1205; x_wconf 79' lang='grc' dir='ltr'><strong>γὰρ</strong></span> <span class='ocrx_word' id='word_1_598' title='bbox 1361 1170 1409 1195; x_wconf 68' lang='grc' dir='ltr'>τοῦ</span> <span class='ocrx_word' id='word_1_599' title='bbox 1437 1168 1503 1195; x_wconf 81' lang='grc' dir='ltr'>εἶναι</span> <span class='ocrx_word' id='word_1_600' title='bbox 1534 1168 1645 1207; x_wconf 73' lang='grc' dir='ltr'>ἐφίεται.</span> <span class='ocrx_word' id='word_1_601' title='bbox 1661 1169 1691 1195; x_wconf 79' lang='grc' dir='ltr'><strong>’Β</strong></span> <span class='ocrx_word' id='word_1_602' title='bbox 1714 1167 1742 1195; x_wconf 70' lang='grc' dir='ltr'><strong>δὲ</strong></span> <span class='ocrx_word' id='word_1_603' title='bbox 1767 1167 1876 1206; x_wconf 80' lang='grc' dir='ltr'>λογικὴ</span> 
     </span>
    </p>
   </div>
   <div class='ocr_carea' id='block_1_84' title="bbox 1043 1211 1874 1251">
    <p class='ocr_par' dir='ltr' id='par_1_84' title="bbox 1043 1211 1874 1251">
     <span class='ocr_line' id='line_1_84' title="bbox 1043 1211 1874 1251; baseline 0 -13"><span class='ocrx_word' id='word_1_604' title='bbox 1043 1213 1120 1250; x_wconf 74' lang='grc' dir='ltr'>ψυχή</span> <span class='ocrx_word' id='word_1_605' title='bbox 1148 1215 1310 1251; x_wconf 79' lang='grc' dir='ltr'>καταφρονεῖ</span> <span class='ocrx_word' id='word_1_606' title='bbox 1334 1215 1382 1240; x_wconf 79' lang='grc' dir='ltr'><strong>τοῦ</strong></span> <span class='ocrx_word' id='word_1_607' title='bbox 1399 1213 1536 1249; x_wconf 83' lang='grc' dir='ltr'>σώματος·</span> <span class='ocrx_word' id='word_1_608' title='bbox 1566 1215 1624 1244; x_wconf 83' lang='grc' dir='ltr'>τοῖς</span> <span class='ocrx_word' id='word_1_609' title='bbox 1653 1223 1682 1240; x_wconf 85' lang='grc' dir='ltr'>τε</span> <span class='ocrx_word' id='word_1_610' title='bbox 1707 1211 1743 1240; x_wconf 75' lang='grc' dir='ltr'>δι’</span> <span class='ocrx_word' id='word_1_611' title='bbox 1772 1213 1874 1250; x_wconf 66' lang='grc' dir='ltr'>ἀρετὴν</span> 
     </span>
    </p>
   </div>
   <div class='ocr_carea' id='block_1_85' title="bbox 1042 1256 1876 1294">
    <p class='ocr_par' dir='ltr' id='par_1_85' title="bbox 1042 1256 1876 1294">
     <span class='ocr_line' id='line_1_85' title="bbox 1042 1256 1876 1294; baseline 0.001 -11"><span class='ocrx_word' id='word_1_612' title='bbox 1042 1257 1138 1288; x_wconf 72' lang='grc' dir='ltr'>πόνοις</span> <span class='ocrx_word' id='word_1_613' title='bbox 1166 1257 1233 1284; x_wconf 79' lang='grc' dir='ltr'>αὐτὸ</span> <span class='ocrx_word' id='word_1_614' title='bbox 1258 1256 1424 1294; x_wconf 71' lang='grc' dir='ltr'>δαμάζουσα,</span> <span class='ocrx_word' id='word_1_615' title='bbox 1454 1257 1498 1284; x_wconf 83' lang='grc' dir='ltr'><strong>καὶ</strong></span> <span class='ocrx_word' id='word_1_616' title='bbox 1528 1257 1560 1285; x_wconf 83' lang='grc' dir='ltr'><strong>τὸ</strong></span> <span class='ocrx_word' id='word_1_617' title='bbox 1589 1257 1703 1284; x_wconf 70' lang='grc' dir='ltr'>σύνολον</span> <span class='ocrx_word' id='word_1_618' title='bbox 1733 1256 1876 1288; x_wconf 70' lang='grc' dir='ltr'>πολλάκις</span> 
     </span>
    </p>
   </div>
   <div class='ocr_carea' id='block_1_86' title="bbox 1043 1300 1875 1339">
    <p class='ocr_par' dir='ltr' id='par_1_86' title="bbox 1043 1300 1875 1339">
     <span class='ocr_line' id='line_1_86' title="bbox 1043 1300 1875 1339; baseline 0 -11"><span class='ocrx_word' id='word_1_619' title='bbox 1043 1301 1206 1339; x_wconf 68' lang='grc' dir='ltr'>προϊεμένη·</span> <span class='ocrx_word' id='word_1_620' title='bbox 1237 1301 1287 1329; x_wconf 77' lang='grc' dir='ltr'><strong>οὐκ</strong></span> <span class='ocrx_word' id='word_1_621' title='bbox 1316 1300 1367 1339; x_wconf 76' lang='grc' dir='ltr'>ἄρα</span> <span class='ocrx_word' id='word_1_622' title='bbox 1391 1301 1418 1329; x_wconf 73' lang='grc' dir='ltr'>ἐν</span> <span class='ocrx_word' id='word_1_623' title='bbox 1446 1301 1617 1338; x_wconf 78' lang='grc' dir='ltr'>ὑποκειμένῳ</span> <span class='ocrx_word' id='word_1_624' title='bbox 1631 1304 1670 1338; x_wconf 82' lang='grc' dir='ltr'>τῷ</span> <span class='ocrx_word' id='word_1_625' title='bbox 1700 1302 1809 1339; x_wconf 84' lang='grc' dir='ltr'>σώματι</span> <span class='ocrx_word' id='word_1_626' title='bbox 1841 1303 1875 1328; x_wconf 82' lang='grc' dir='ltr'><strong>τὸ</strong></span> 
     </span>
    </p>
   </div>
   <div class='ocr_carea' id='block_1_87' title="bbox 1045 1344 1873 1384">
    <p class='ocr_par' dir='ltr' id='par_1_87' title="bbox 1045 1344 1873 1384">
     <span class='ocr_line' id='line_1_87' title="bbox 1045 1344 1873 1384; baseline 0.001 -12"><span class='ocrx_word' id='word_1_627' title='bbox 1045 1345 1110 1372; x_wconf 76' lang='grc' dir='ltr'>εἶναι</span> <span class='ocrx_word' id='word_1_628' title='bbox 1131 1344 1200 1383; x_wconf 85' lang='grc' dir='ltr'>ἔχει.</span> <span class='ocrx_word' id='word_1_629' title='bbox 1229 1345 1289 1373; x_wconf 77' lang='grc' dir='ltr'><strong>Ἐπὶ</strong></span> <span class='ocrx_word' id='word_1_630' title='bbox 1304 1345 1412 1377; x_wconf 75' lang='grc' dir='ltr'>τούτοις</span> <span class='ocrx_word' id='word_1_631' title='bbox 1442 1345 1483 1373; x_wconf 77' lang='grc' dir='ltr'>δεῖ</span> <span class='ocrx_word' id='word_1_632' title='bbox 1499 1345 1594 1381; x_wconf 81' lang='grc' dir='ltr'>δεῖξαι,</span> <span class='ocrx_word' id='word_1_633' title='bbox 1611 1347 1653 1373; x_wconf 77' lang='grc' dir='ltr'>δτι</span> <span class='ocrx_word' id='word_1_634' title='bbox 1668 1347 1685 1381; x_wconf 81' lang='grc' dir='ltr'>ἡ</span> <span class='ocrx_word' id='word_1_635' title='bbox 1705 1347 1752 1382; x_wconf 66' lang='grc' dir='ltr'>μὲν</span> <span class='ocrx_word' id='word_1_636' title='bbox 1769 1345 1873 1384; x_wconf 81' lang='grc' dir='ltr'>λογικῆ</span> 
     </span>
    </p>
   </div>
   <div class='ocr_carea' id='block_1_88' title="bbox 1044 1382 1874 1428">
    <p class='ocr_par' dir='ltr' id='par_1_88' title="bbox 1044 1382 1874 1428">
     <span class='ocr_line' id='line_1_88' title="bbox 1044 1382 1874 1428; baseline 0.002 -12"><span class='ocrx_word' id='word_1_637' title='bbox 1137 1389 1304 1428; x_wconf 79' lang='grc' dir='ltr'>ἐξῃρημένην</span> <span class='ocrx_word' id='word_1_638' title='bbox 1321 1389 1379 1428; x_wconf 80' lang='grc' dir='ltr'>ἔχει</span> <span class='ocrx_word' id='word_1_639' title='bbox 1396 1391 1444 1424; x_wconf 76' lang='grc' dir='ltr'>τήν</span> <span class='ocrx_word' id='word_1_640' title='bbox 1477 1390 1569 1418; x_wconf 79' lang='grc' dir='ltr'>οὐσίαν</span> <span class='ocrx_word' id='word_1_641' title='bbox 1598 1391 1698 1421; x_wconf 81' lang='grc' dir='ltr'>παντὸς</span> <span class='ocrx_word' id='word_1_642' title='bbox 1733 1392 1874 1427; x_wconf 70' lang='grc' dir='ltr'>σώματος*</span> 
     </span>
    </p>
   </div>
   <div class='ocr_carea' id='block_1_89' title="bbox 1045 1433 1874 1472">
    <p class='ocr_par' dir='ltr' id='par_1_89' title="bbox 1045 1433 1874 1472">
     <span class='ocr_line' id='line_1_89' title="bbox 1045 1433 1874 1472; baseline 0.002 -12"><span class='ocrx_word' id='word_1_643' title='bbox 1045 1435 1072 1461; x_wconf 74' lang='grc' dir='ltr'>αἱ</span> <span class='ocrx_word' id='word_1_644' title='bbox 1089 1433 1117 1461; x_wconf 73' lang='grc' dir='ltr'><strong>δὲ</strong></span> <span class='ocrx_word' id='word_1_645' title='bbox 1133 1434 1227 1462; x_wconf 82' lang='grc' dir='ltr'>λοιπαὶ</span> <span class='ocrx_word' id='word_1_646' title='bbox 1253 1435 1397 1471; x_wconf 73' lang='grc' dir='ltr'>ἐνσώματι</span> <span class='ocrx_word' id='word_1_647' title='bbox 1413 1435 1444 1462; x_wconf 87' lang='grc' dir='ltr'>τὸ</span> <span class='ocrx_word' id='word_1_648' title='bbox 1470 1435 1536 1462; x_wconf 75' lang='grc' dir='ltr'>εἶναι</span> <span class='ocrx_word' id='word_1_649' title='bbox 1563 1434 1669 1472; x_wconf 79' lang='grc' dir='ltr'>ἔχουσι·</span> <span class='ocrx_word' id='word_1_650' title='bbox 1694 1435 1738 1462; x_wconf 76' lang='grc' dir='ltr'><strong>καὶ</strong></span> <span class='ocrx_word' id='word_1_651' title='bbox 1766 1436 1791 1462; x_wconf 78' lang='grc' dir='ltr'>έν</span> <span class='ocrx_word' id='word_1_652' title='bbox 1826 1436 1874 1471; x_wconf 77' lang='grc' dir='ltr'>μὲν</span> 
     </span>
    </p>
   </div>
   <div class='ocr_carea' id='block_1_90' title="bbox 1044 1478 1872 1518">
    <p class='ocr_par' dir='ltr' id='par_1_90' title="bbox 1044 1478 1872 1518">
     <span class='ocr_line' id='line_1_90' title="bbox 1044 1478 1872 1518; baseline 0 -12"><span class='ocrx_word' id='word_1_653' title='bbox 1044 1481 1085 1514; x_wconf 80' lang='grc' dir='ltr'>τῷ</span> <span class='ocrx_word' id='word_1_654' title='bbox 1100 1478 1265 1514; x_wconf 78' lang='grc' dir='ltr'>πνεύματι</span> <span class='ocrx_word' id='word_1_655' title='bbox 1284 1478 1395 1516; x_wconf 73' lang='grc' dir='ltr'>ἄλογος·</span> <span class='ocrx_word' id='word_1_656' title='bbox 1413 1481 1431 1514; x_wconf 82' lang='grc' dir='ltr'>ἡ</span> <span class='ocrx_word' id='word_1_657' title='bbox 1448 1478 1477 1506; x_wconf 77' lang='grc' dir='ltr'><strong>δὶ</strong></span> <span class='ocrx_word' id='word_1_658' title='bbox 1501 1480 1600 1518; x_wconf 72' lang='grc' dir='ltr'>φυτικὴ</span> <span class='ocrx_word' id='word_1_659' title='bbox 1623 1479 1649 1507; x_wconf 86' lang='grc' dir='ltr'>ἐν</span> <span class='ocrx_word' id='word_1_660' title='bbox 1677 1479 1776 1515; x_wconf 79' lang='grc' dir='ltr'>τούτῳ.</span> <span class='ocrx_word' id='word_1_661' title='bbox 1809 1481 1872 1507; x_wconf 78' lang='grc' dir='ltr'>Ὅτι</span> 
     </span>
    </p>
   </div>
   <div class='ocr_carea' id='block_1_91' title="bbox 1045 1523 1873 1562">
    <p class='ocr_par' dir='ltr' id='par_1_91' title="bbox 1045 1523 1873 1562">
     <span class='ocr_line' id='line_1_91' title="bbox 1045 1523 1873 1562; baseline 0.001 -12"><span class='ocrx_word' id='word_1_662' title='bbox 1045 1524 1143 1550; x_wconf 79' lang='grc' dir='ltr'>κανόνα</span> <span class='ocrx_word' id='word_1_663' title='bbox 1159 1523 1343 1562; x_wconf 81' lang='grc' dir='ltr'>παραδίδωσιν</span> <span class='ocrx_word' id='word_1_664' title='bbox 1373 1525 1387 1551; x_wconf 89' lang='grc' dir='ltr'>ὁ</span> <span class='ocrx_word' id='word_1_665' title='bbox 1416 1524 1610 1560; x_wconf 69' lang='grc' dir='ltr'>Ἀριστοτέλης</span> <span class='ocrx_word' id='word_1_666' title='bbox 1632 1523 1658 1551; x_wconf 81' lang='grc' dir='ltr'>ἐν</span> <span class='ocrx_word' id='word_1_667' title='bbox 1673 1526 1712 1560; x_wconf 82' lang='grc' dir='ltr'>τῷ</span> <span class='ocrx_word' id='word_1_668' title='bbox 1736 1524 1797 1562; x_wconf 74' lang='grc' dir='ltr'>περὶ</span> <span class='ocrx_word' id='word_1_669' title='bbox 1816 1525 1873 1560; x_wconf 71' lang='grc' dir='ltr'><strong>ψυ-</strong></span> 
     </span>
    </p>
   </div>
   <div class='ocr_carea' id='block_1_92' title="bbox 1045 1567 1873 1604">
    <p class='ocr_par' dir='ltr' id='par_1_92' title="bbox 1045 1567 1873 1604">
     <span class='ocr_line' id='line_1_92' title="bbox 1045 1567 1873 1604; baseline -0.001 -9"><span class='ocrx_word' id='word_1_670' title='bbox 1045 1571 1111 1604; x_wconf 81' lang='grc' dir='ltr'>χῆς,</span> <span class='ocrx_word' id='word_1_671' title='bbox 1128 1570 1187 1599; x_wconf 84' lang='grc' dir='ltr'>τοῖς</span> <span class='ocrx_word' id='word_1_672' title='bbox 1200 1578 1229 1595; x_wconf 85' lang='grc' dir='ltr'>τε</span> <span class='ocrx_word' id='word_1_673' title='bbox 1243 1567 1341 1598; x_wconf 79' lang='grc' dir='ltr'>ἄλλοις</span> <span class='ocrx_word' id='word_1_674' title='bbox 1357 1570 1435 1602; x_wconf 76' lang='grc' dir='ltr'>πᾶσι,</span> <span class='ocrx_word' id='word_1_675' title='bbox 1458 1568 1503 1595; x_wconf 87' lang='grc' dir='ltr'><strong>καὶ</strong></span> <span class='ocrx_word' id='word_1_676' title='bbox 1519 1571 1577 1598; x_wconf 83' lang='grc' dir='ltr'>τοῖς</span> <span class='ocrx_word' id='word_1_677' title='bbox 1592 1569 1693 1603; x_wconf 78' lang='grc' dir='ltr'>Θνητήν</span> <span class='ocrx_word' id='word_1_678' title='bbox 1709 1568 1873 1604; x_wconf 70' lang='grc' dir='ltr'>νομίζουσιν</span> 
     </span>
    </p>
   </div>
   <div class='ocr_carea' id='block_1_93' title="bbox 1045 1611 1873 1650">
    <p class='ocr_par' dir='ltr' id='par_1_93' title="bbox 1045 1611 1873 1650">
     <span class='ocr_line' id='line_1_93' title="bbox 1045 1611 1873 1650; baseline 0 -12"><span class='ocrx_word' id='word_1_679' title='bbox 1045 1611 1129 1647; x_wconf 79' lang='grc' dir='ltr'>αὐτὴν</span> <span class='ocrx_word' id='word_1_680' title='bbox 1146 1611 1349 1650; x_wconf 65' lang='grc' dir='ltr'>συναρέσκοντα.</span> <span class='ocrx_word' id='word_1_681' title='bbox 1377 1613 1454 1640; x_wconf 83' lang='grc' dir='ltr'>Ἔστι</span> <span class='ocrx_word' id='word_1_682' title='bbox 1483 1611 1511 1639; x_wconf 71' lang='grc' dir='ltr'><strong>δὲ</strong></span> <span class='ocrx_word' id='word_1_683' title='bbox 1541 1612 1554 1639; x_wconf 83' lang='grc' dir='ltr'><strong>ὀ</strong></span> <span class='ocrx_word' id='word_1_684' title='bbox 1580 1613 1665 1639; x_wconf 85' lang='grc' dir='ltr'>κανὼν</span> <span class='ocrx_word' id='word_1_685' title='bbox 1693 1612 1782 1644; x_wconf 71' lang='grc' dir='ltr'>οὗτος.</span> <span class='ocrx_word' id='word_1_686' title='bbox 1815 1616 1873 1647; x_wconf 78' lang='grc' dir='ltr'>Δεῖ,</span> 
     </span>
    </p>
   </div>
   <div class='ocr_carea' id='block_1_94' title="bbox 1047 1655 1875 1694">
    <p class='ocr_par' dir='ltr' id='par_1_94' title="bbox 1047 1655 1875 1694">
     <span class='ocr_line' id='line_1_94' title="bbox 1047 1655 1875 1694; baseline 0 -11"><span class='ocrx_word' id='word_1_687' title='bbox 1047 1656 1138 1693; x_wconf 70' lang='grc' dir='ltr'>φησὶν,</span> <span class='ocrx_word' id='word_1_688' title='bbox 1169 1655 1199 1684; x_wconf 80' lang='grc' dir='ltr'>ἐκ</span> <span class='ocrx_word' id='word_1_689' title='bbox 1225 1659 1279 1684; x_wconf 77' lang='grc' dir='ltr'><strong>τῶν</strong></span> <span class='ocrx_word' id='word_1_690' title='bbox 1307 1657 1448 1694; x_wconf 77' lang='grc' dir='ltr'>ἐνεργειῶν</span> <span class='ocrx_word' id='word_1_691' title='bbox 1464 1657 1511 1687; x_wconf 73' lang='grc' dir='ltr'><strong>τὰς</strong></span> <span class='ocrx_word' id='word_1_692' title='bbox 1528 1656 1619 1687; x_wconf 71' lang='grc' dir='ltr'>οὐσίας</span> <span class='ocrx_word' id='word_1_693' title='bbox 1648 1657 1760 1694; x_wconf 62' lang='grc' dir='ltr'>κρίνειν</span> <span class='ocrx_word' id='word_1_694' title='bbox 1778 1655 1875 1690; x_wconf 76' lang='grc' dir='ltr'>ἐπειδή</span> 
     </span>
    </p>
   </div>
   <div class='ocr_carea' id='block_1_95' title="bbox 1046 1698 1876 1739">
    <p class='ocr_par' dir='ltr' id='par_1_95' title="bbox 1046 1698 1876 1739">
     <span class='ocr_line' id='line_1_95' title="bbox 1046 1698 1876 1739; baseline -0.001 -11"><span class='ocrx_word' id='word_1_695' title='bbox 1046 1700 1091 1728; x_wconf 84' lang='grc' dir='ltr'>καὶ</span> <span class='ocrx_word' id='word_1_696' title='bbox 1107 1700 1204 1736; x_wconf 77' lang='grc' dir='ltr'>ἑκάστη</span> <span class='ocrx_word' id='word_1_697' title='bbox 1222 1700 1299 1728; x_wconf 78' lang='grc' dir='ltr'>οὐσία</span> <span class='ocrx_word' id='word_1_698' title='bbox 1314 1701 1459 1738; x_wconf 69' lang='grc' dir='ltr'>σῦστοιχον</span> <span class='ocrx_word' id='word_1_699' title='bbox 1483 1698 1540 1737; x_wconf 80' lang='grc' dir='ltr'>ἔχει</span> <span class='ocrx_word' id='word_1_700' title='bbox 1564 1701 1613 1734; x_wconf 76' lang='grc' dir='ltr'>τήν</span> <span class='ocrx_word' id='word_1_701' title='bbox 1638 1700 1782 1739; x_wconf 72' lang='grc' dir='ltr'>ἐνέργειαν.</span> <span class='ocrx_word' id='word_1_702' title='bbox 1812 1703 1876 1732; x_wconf 77' lang='grc' dir='ltr'><strong>Πῶς</strong></span> 
     </span>
    </p>
   </div>
   <div class='ocr_carea' id='block_1_96' title="bbox 1047 1741 1875 1784">
    <p class='ocr_par' dir='ltr' id='par_1_96' title="bbox 1047 1741 1875 1784">
     <span class='ocr_line' id='line_1_96' title="bbox 1047 1741 1875 1784; baseline -0.001 -12"><span class='ocrx_word' id='word_1_703' title='bbox 1047 1744 1103 1780; x_wconf 71' lang='grc' dir='ltr'>οὖν,</span> <span class='ocrx_word' id='word_1_704' title='bbox 1128 1745 1221 1784; x_wconf 72' lang='grc' dir='ltr'>φησὶν,</span> <span class='ocrx_word' id='word_1_705' title='bbox 1251 1745 1338 1780; x_wconf 77' lang='grc' dir='ltr'>οὐσία,</span> <span class='ocrx_word' id='word_1_706' title='bbox 1369 1743 1505 1781; x_wconf 75' lang='grc' dir='ltr'>μηδεμίαν</span> <span class='ocrx_word' id='word_1_707' title='bbox 1532 1741 1633 1782; x_wconf 73' lang='grc' dir='ltr'>ἔχουσα</span> <span class='ocrx_word' id='word_1_708' title='bbox 1661 1744 1793 1782; x_wconf 67' lang='grc' dir='ltr'>ἐνέργειαν</span> <span class='ocrx_word' id='word_1_709' title='bbox 1811 1755 1875 1782; x_wconf 86' lang='grc' dir='ltr'><strong>χω-</strong></span> 
     </span>
    </p>
   </div>
   <div class='ocr_carea' id='block_1_97' title="bbox 1047 1787 1874 1827">
    <p class='ocr_par' dir='ltr' id='par_1_97' title="bbox 1047 1787 1874 1827">
     <span class='ocr_line' id='line_1_97' title="bbox 1047 1787 1874 1827; baseline -0.001 -10"><span class='ocrx_word' id='word_1_710' title='bbox 1047 1790 1142 1826; x_wconf 76' lang='grc' dir='ltr'>ριστὴν</span> <span class='ocrx_word' id='word_1_711' title='bbox 1170 1789 1308 1826; x_wconf 83' lang='grc' dir='ltr'>σώματος,</span> <span class='ocrx_word' id='word_1_712' title='bbox 1338 1789 1364 1824; x_wconf 70' lang='grc' dir='ltr'><strong>ἐξ</strong></span> <span class='ocrx_word' id='word_1_713' title='bbox 1392 1789 1512 1827; x_wconf 80' lang='grc' dir='ltr'>ἀνάγκης</span> <span class='ocrx_word' id='word_1_714' title='bbox 1543 1787 1604 1816; x_wconf 68' lang='grc' dir='ltr'>οὐδὲ</span> <span class='ocrx_word' id='word_1_715' title='bbox 1631 1790 1680 1824; x_wconf 80' lang='grc' dir='ltr'>τήν</span> <span class='ocrx_word' id='word_1_716' title='bbox 1710 1789 1802 1816; x_wconf 81' lang='grc' dir='ltr'>οὐσίαν</span> <span class='ocrx_word' id='word_1_717' title='bbox 1821 1787 1874 1824; x_wconf 75' lang='grc' dir='ltr'>ἔξει</span> 
     </span>
    </p>
   </div>
   <div class='ocr_carea' id='block_1_98' title="bbox 1047 1831 1874 1872">
    <p class='ocr_par' dir='ltr' id='par_1_98' title="bbox 1047 1831 1874 1872">
     <span class='ocr_line' id='line_1_98' title="bbox 1047 1831 1874 1872; baseline -0.001 -11"><span class='ocrx_word' id='word_1_718' title='bbox 1047 1835 1188 1872; x_wconf 70' lang='grc' dir='ltr'>χωριστὴν</span> <span class='ocrx_word' id='word_1_719' title='bbox 1213 1834 1358 1870; x_wconf 56' lang='lat' dir='ltr'><strong>orbitates;</strong></span> <span class='ocrx_word' id='word_1_720' title='bbox 1387 1833 1419 1861; x_wconf 71' lang='grc' dir='ltr'><strong>Εἰ</strong></span> <span class='ocrx_word' id='word_1_721' title='bbox 1448 1834 1500 1871; x_wconf 73' lang='grc' dir='ltr'><strong>γὰρ</strong></span> <span class='ocrx_word' id='word_1_722' title='bbox 1529 1834 1668 1871; x_wconf 77' lang='grc' dir='ltr'>χωριστὴν</span> <span class='ocrx_word' id='word_1_723' title='bbox 1694 1831 1796 1872; x_wconf 75' lang='grc' dir='ltr'>ἔχουσα</span> <span class='ocrx_word' id='word_1_724' title='bbox 1823 1835 1874 1868; x_wconf 72' lang='grc' dir='ltr'><strong>τήν</strong></span> 
     </span>
    </p>
   </div>
   <div class='ocr_carea' id='block_1_99' title="bbox 1049 1876 1874 1916">
    <p class='ocr_par' dir='ltr' id='par_1_99' title="bbox 1049 1876 1874 1916">
     <span class='ocr_line' id='line_1_99' title="bbox 1049 1876 1874 1916; baseline 0 -11"><span class='ocrx_word' id='word_1_725' title='bbox 1049 1878 1157 1912; x_wconf 76' lang='grc' dir='ltr'>οὐσίαν,</span> <span class='ocrx_word' id='word_1_726' title='bbox 1187 1877 1324 1915; x_wconf 81' lang='grc' dir='ltr'>μηδεμίαν</span> <span class='ocrx_word' id='word_1_727' title='bbox 1352 1877 1484 1916; x_wconf 71' lang='grc' dir='ltr'>ἐνέργειαν</span> <span class='ocrx_word' id='word_1_728' title='bbox 1514 1876 1575 1916; x_wconf 73' lang='grc' dir='ltr'>ἔχοι</span> <span class='ocrx_word' id='word_1_729' title='bbox 1604 1879 1692 1916; x_wconf 75' lang='grc' dir='ltr'>χωρὶς</span> <span class='ocrx_word' id='word_1_730' title='bbox 1719 1879 1850 1915; x_wconf 74' lang='grc' dir='ltr'>σώματος</span> <span class='ocrx_word' id='word_1_731' title='bbox 1867 1888 1874 1895; x_wconf 89' lang='grc'>·</span> 
     </span>
    </p>
   </div>
   <div class='ocr_carea' id='block_1_100' title="bbox 1049 1921 1876 1961">
    <p class='ocr_par' dir='ltr' id='par_1_100' title="bbox 1049 1921 1876 1961">
     <span class='ocr_line' id='line_1_100' title="bbox 1049 1921 1876 1961; baseline 0 -11"><span class='ocrx_word' id='word_1_732' title='bbox 1049 1921 1156 1950; x_wconf 70' lang='grc' dir='ltr'>ἐπειδὰν</span> <span class='ocrx_word' id='word_1_733' title='bbox 1186 1924 1313 1961; x_wconf 81' lang='grc' dir='ltr'>χωρισθῇ</span> <span class='ocrx_word' id='word_1_734' title='bbox 1340 1923 1477 1959; x_wconf 76' lang='grc' dir='ltr'>σώματος,</span> <span class='ocrx_word' id='word_1_735' title='bbox 1507 1922 1561 1960; x_wconf 79' lang='grc' dir='ltr'><strong>οὐχ</strong></span> <span class='ocrx_word' id='word_1_736' title='bbox 1576 1921 1627 1959; x_wconf 77' lang='grc' dir='ltr'><strong>ἔξει</strong></span> <span class='ocrx_word' id='word_1_737' title='bbox 1655 1922 1876 1960; x_wconf 76' lang='grc' dir='ltr'><strong>περὶὃένεργή-</strong></span> 
     </span>
    </p>
   </div>
   <div class='ocr_carea' id='block_1_101' title="bbox 1049 1966 1876 2006">
    <p class='ocr_par' dir='ltr' id='par_1_101' title="bbox 1049 1966 1876 2006">
     <span class='ocr_line' id='line_1_101' title="bbox 1049 1966 1876 2006; baseline -0.001 -11"><span class='ocrx_word' id='word_1_738' title='bbox 1049 1977 1099 1995; x_wconf 86' lang='grc' dir='ltr'>σει·</span> <span class='ocrx_word' id='word_1_739' title='bbox 1118 1968 1186 1995; x_wconf 83' lang='grc' dir='ltr'>ὥστε</span> <span class='ocrx_word' id='word_1_740' title='bbox 1204 1968 1289 2003; x_wconf 77' lang='grc' dir='ltr'>μάτην</span> <span class='ocrx_word' id='word_1_741' title='bbox 1305 1966 1389 1995; x_wconf 79' lang='grc' dir='ltr'>ἔσται.</span> <span class='ocrx_word' id='word_1_742' title='bbox 1419 1967 1475 1994; x_wconf 74' lang='grc' dir='ltr'>Οὐκ</span> <span class='ocrx_word' id='word_1_743' title='bbox 1489 1966 1540 2005; x_wconf 70' lang='grc' dir='ltr'>ἄρα</span> <span class='ocrx_word' id='word_1_744' title='bbox 1566 1966 1676 1995; x_wconf 76' lang='grc' dir='ltr'>δυνατὸν</span> <span class='ocrx_word' id='word_1_745' title='bbox 1706 1968 1756 2002; x_wconf 69' lang='grc' dir='ltr'>τὴν</span> <span class='ocrx_word' id='word_1_746' title='bbox 1784 1977 1876 2006; x_wconf 80' lang='grc' dir='ltr'>χωρι-</span> 
     </span>
    </p>
   </div>
   <div class='ocr_carea' id='block_1_102' title="bbox 1050 2010 1879 2050">
    <p class='ocr_par' dir='ltr' id='par_1_102' title="bbox 1050 2010 1879 2050">
     <span class='ocr_line' id='line_1_102' title="bbox 1050 2010 1879 2050; baseline 0 -11"><span class='ocrx_word' id='word_1_747' title='bbox 1050 2013 1115 2046; x_wconf 74' lang='grc' dir='ltr'>στὴν</span> <span class='ocrx_word' id='word_1_748' title='bbox 1144 2012 1236 2040; x_wconf 69' lang='grc' dir='ltr'>οὐσίαν</span> <span class='ocrx_word' id='word_1_749' title='bbox 1268 2011 1405 2048; x_wconf 78' lang='grc' dir='ltr'>μηδεμίαν</span> <span class='ocrx_word' id='word_1_750' title='bbox 1426 2010 1498 2048; x_wconf 76' lang='grc' dir='ltr'>ἔχειν</span> <span class='ocrx_word' id='word_1_751' title='bbox 1516 2012 1650 2050; x_wconf 71' lang='grc' dir='ltr'>ἐνέργειαν</span> <span class='ocrx_word' id='word_1_752' title='bbox 1667 2012 1754 2049; x_wconf 73' lang='grc' dir='ltr'>χωρὶς</span> <span class='ocrx_word' id='word_1_753' title='bbox 1784 2013 1879 2048; x_wconf 71' lang='grc' dir='ltr'>σώμα-</span> 
     </span>
    </p>
   </div>
   <div class='ocr_carea' id='block_1_103' title="bbox 1049 2067 1106 2088">
    <p class='ocr_par' dir='ltr' id='par_1_103' title="bbox 1049 2067 1106 2088">
     <span class='ocr_line' id='line_1_103' title="bbox 1049 2067 1106 2088; baseline 0.018 -5"><span class='ocrx_word' id='word_1_754' title='bbox 1049 2067 1106 2088; x_wconf 86' lang='grc' dir='ltr'>τος.</span> 
     </span>
    </p>
   </div>
   <div class='ocr_carea' id='block_1_104' title="bbox 1089 2197 1881 2236">
    <p class='ocr_par' dir='ltr' id='par_1_104' title="bbox 1089 2197 1881 2236">
     <span class='ocr_line' id='line_1_104' title="bbox 1089 2197 1881 2236; baseline -0.001 -10"><span class='ocrx_word' id='word_1_755' title='bbox 1089 2198 1173 2226; x_wconf 75' lang='grc' dir='ltr'>Πάλιν</span> <span class='ocrx_word' id='word_1_756' title='bbox 1203 2197 1293 2235; x_wconf 72' lang='grc' dir='ltr'>ἕτερος</span> <span class='ocrx_word' id='word_1_757' title='bbox 1321 2199 1407 2226; x_wconf 83' lang='grc' dir='ltr'>κανὼν</span> <span class='ocrx_word' id='word_1_758' title='bbox 1435 2199 1536 2230; x_wconf 68' lang='grc' dir='ltr'>οὗτος.</span> <span class='ocrx_word' id='word_1_759' title='bbox 1569 2201 1641 2226; x_wconf 76' lang='grc' dir='ltr'>Πᾶσα</span> <span class='ocrx_word' id='word_1_760' title='bbox 1667 2199 1747 2226; x_wconf 76' lang='grc' dir='ltr'>οὐσία</span> <span class='ocrx_word' id='word_1_761' title='bbox 1777 2197 1881 2236; x_wconf 78' lang='grc' dir='ltr'>ἔχουσα</span> 
     </span>
    </p>
   </div>
   <div class='ocr_carea' id='block_1_105' title="bbox 1055 2242 1880 2281">
    <p class='ocr_par' dir='ltr' id='par_1_105' title="bbox 1055 2242 1880 2281">
     <span class='ocr_line' id='line_1_105' title="bbox 1055 2242 1880 2281; baseline 0.001 -12"><span class='ocrx_word' id='word_1_762' title='bbox 1055 2242 1186 2280; x_wconf 67' lang='grc' dir='ltr'>ἐνέργειαν</span> <span class='ocrx_word' id='word_1_763' title='bbox 1217 2244 1357 2280; x_wconf 77' lang='grc' dir='ltr'>χωριστήν</span> <span class='ocrx_word' id='word_1_764' title='bbox 1383 2243 1510 2279; x_wconf 83' lang='grc' dir='ltr'>σώματος</span> <span class='ocrx_word' id='word_1_765' title='bbox 1524 2266 1530 2278; x_wconf 94' lang='grc'><strong>,</strong></span> <span class='ocrx_word' id='word_1_766' title='bbox 1554 2243 1580 2278; x_wconf 81' lang='grc' dir='ltr'>ἐξ</span> <span class='ocrx_word' id='word_1_767' title='bbox 1601 2243 1721 2281; x_wconf 77' lang='grc' dir='ltr'>ἀνάγκης</span> <span class='ocrx_word' id='word_1_768' title='bbox 1737 2243 1784 2270; x_wconf 86' lang='grc' dir='ltr'><strong>καὶ</strong></span> <span class='ocrx_word' id='word_1_769' title='bbox 1812 2243 1880 2277; x_wconf 70' lang='grc' dir='ltr'>αὐτὴ</span> 
     </span>
    </p>
   </div>
   <div class='ocr_carea' id='block_1_106' title="bbox 1055 2286 1881 2325">
    <p class='ocr_par' dir='ltr' id='par_1_106' title="bbox 1055 2286 1881 2325">
     <span class='ocr_line' id='line_1_106' title="bbox 1055 2286 1881 2325; baseline 0.002 -12"><span class='ocrx_word' id='word_1_770' title='bbox 1055 2287 1180 2324; x_wconf 79' lang='grc' dir='ltr'>χωριστὴ</span> <span class='ocrx_word' id='word_1_771' title='bbox 1211 2286 1283 2314; x_wconf 79' lang='grc' dir='ltr'>ἔσται</span> <span class='ocrx_word' id='word_1_772' title='bbox 1313 2288 1451 2324; x_wconf 85' lang='grc' dir='ltr'>σώματος.</span> <span class='ocrx_word' id='word_1_773' title='bbox 1480 2288 1514 2316; x_wconf 68' lang='grc' dir='ltr'><strong>Εἴ</strong></span> <span class='ocrx_word' id='word_1_774' title='bbox 1544 2286 1573 2315; x_wconf 75' lang='grc' dir='ltr'><strong>δὲ</strong></span> <span class='ocrx_word' id='word_1_775' title='bbox 1601 2288 1639 2324; x_wconf 85' lang='grc' dir='ltr'>μή</span> <span class='ocrx_word' id='word_1_776' title='bbox 1668 2287 1711 2323; x_wconf 74' lang='grc' dir='ltr'><strong>εἴη</strong></span> <span class='ocrx_word' id='word_1_777' title='bbox 1741 2289 1881 2325; x_wconf 74' lang='grc' dir='ltr'>χωριστή,</span> 
     </span>
    </p>
   </div>
   <div class='ocr_carea' id='block_1_107' title="bbox 1056 2328 1882 2370">
    <p class='ocr_par' dir='ltr' id='par_1_107' title="bbox 1056 2328 1882 2370">
     <span class='ocr_line' id='line_1_107' title="bbox 1056 2328 1882 2370; baseline 0.001 -12"><span class='ocrx_word' id='word_1_778' title='bbox 1056 2328 1222 2367; x_wconf 74' lang='grc' dir='ltr'>συμϐήσεται</span> <span class='ocrx_word' id='word_1_779' title='bbox 1239 2331 1269 2358; x_wconf 80' lang='grc' dir='ltr'><strong>τὸ</strong></span> <span class='ocrx_word' id='word_1_780' title='bbox 1286 2331 1405 2359; x_wconf 69' lang='grc' dir='ltr'>αἴτιατὸν</span> <span class='ocrx_word' id='word_1_781' title='bbox 1420 2334 1468 2359; x_wconf 78' lang='grc' dir='ltr'><strong>τοῦ</strong></span> <span class='ocrx_word' id='word_1_782' title='bbox 1481 2331 1568 2359; x_wconf 71' lang='grc' dir='ltr'>αἴτίου</span> <span class='ocrx_word' id='word_1_783' title='bbox 1589 2335 1711 2370; x_wconf 79' lang='grc' dir='ltr'>κρεῖττον</span> <span class='ocrx_word' id='word_1_784' title='bbox 1726 2332 1806 2367; x_wconf 74' lang='grc' dir='ltr'>εἶναι,</span> <span class='ocrx_word' id='word_1_785' title='bbox 1838 2334 1882 2359; x_wconf 75' lang='grc' dir='ltr'>καὶ</span> 
     </span>
    </p>
   </div>
   <div class='ocr_carea' id='block_1_108' title="bbox 1055 2375 1881 2414">
    <p class='ocr_par' dir='ltr' id='par_1_108' title="bbox 1055 2375 1881 2414">
     <span class='ocr_line' id='line_1_108' title="bbox 1055 2375 1881 2414; baseline 0 -11"><span class='ocrx_word' id='word_1_786' title='bbox 1055 2379 1102 2403; x_wconf 81' lang='grc' dir='ltr'>τοῦ</span> <span class='ocrx_word' id='word_1_787' title='bbox 1141 2376 1296 2413; x_wconf 74' lang='grc' dir='ltr'>κρείττονος</span> <span class='ocrx_word' id='word_1_788' title='bbox 1329 2377 1360 2403; x_wconf 89' lang='grc' dir='ltr'>τὸ</span> <span class='ocrx_word' id='word_1_789' title='bbox 1393 2375 1599 2413; x_wconf 66' lang='grc' dir='ltr'>καταδεέστερον</span> <span class='ocrx_word' id='word_1_790' title='bbox 1633 2379 1757 2414; x_wconf 77' lang='grc' dir='ltr'>κρεῖττον</span> <span class='ocrx_word' id='word_1_791' title='bbox 1776 2387 1782 2393; x_wconf 90' lang='grc'><strong>·</strong></span> <span class='ocrx_word' id='word_1_792' title='bbox 1816 2377 1881 2413; x_wconf 72' lang='grc' dir='ltr'><strong>ὅπερ</strong></span> 
     </span>
    </p>
   </div>
   <div class='ocr_carea' id='block_1_109' title="bbox 1056 2419 1882 2459">
    <p class='ocr_par' dir='ltr' id='par_1_109' title="bbox 1056 2419 1882 2459">
     <span class='ocr_line' id='line_1_109' title="bbox 1056 2419 1882 2459; baseline 0 -12"><span class='ocrx_word' id='word_1_793' title='bbox 1056 2420 1167 2448; x_wconf 79' lang='grc' dir='ltr'>ἄτοπον.</span> <span class='ocrx_word' id='word_1_794' title='bbox 1198 2421 1254 2448; x_wconf 70' lang='grc' dir='ltr'><strong>Ἀεὶ</strong></span> <span class='ocrx_word' id='word_1_795' title='bbox 1284 2421 1333 2459; x_wconf 73' lang='grc' dir='ltr'><strong>γὰρ</strong></span> <span class='ocrx_word' id='word_1_796' title='bbox 1361 2419 1402 2449; x_wconf 79' lang='grc' dir='ltr'><strong>δεῖ</strong></span> <span class='ocrx_word' id='word_1_797' title='bbox 1428 2421 1460 2449; x_wconf 83' lang='grc' dir='ltr'><strong>τὸ</strong></span> <span class='ocrx_word' id='word_1_798' title='bbox 1487 2421 1575 2448; x_wconf 79' lang='grc' dir='ltr'>α’ίτιον</span> <span class='ocrx_word' id='word_1_799' title='bbox 1602 2424 1723 2459; x_wconf 79' lang='grc' dir='ltr'>κρεῖττον</span> <span class='ocrx_word' id='word_1_800' title='bbox 1745 2421 1815 2448; x_wconf 72' lang='grc' dir='ltr'>εἶναι</span> <span class='ocrx_word' id='word_1_801' title='bbox 1835 2423 1882 2449; x_wconf 73' lang='grc' dir='ltr'>τοῦ</span> 
     </span>
    </p>
   </div>
   <div class='ocr_carea' id='block_1_110' title="bbox 1056 2464 1881 2504">
    <p class='ocr_par' dir='ltr' id='par_1_110' title="bbox 1056 2464 1881 2504">
     <span class='ocr_line' id='line_1_110' title="bbox 1056 2464 1881 2504; baseline 0.001 -12"><span class='ocrx_word' id='word_1_802' title='bbox 1056 2465 1189 2500; x_wconf 76' lang='grc' dir='ltr'>αἰτιατοῦ,</span> <span class='ocrx_word' id='word_1_803' title='bbox 1206 2465 1302 2492; x_wconf 76' lang='grc' dir='ltr'>καὶτὸ</span> <span class='ocrx_word' id='word_1_804' title='bbox 1329 2467 1364 2502; x_wconf 83' lang='grc' dir='ltr'><strong>τῇ</strong></span> <span class='ocrx_word' id='word_1_805' title='bbox 1395 2465 1471 2504; x_wconf 68' lang='grc' dir='ltr'>φύσει</span> <span class='ocrx_word' id='word_1_806' title='bbox 1499 2466 1641 2502; x_wconf 72' lang='grc' dir='ltr'>πρότερον·</span> <span class='ocrx_word' id='word_1_807' title='bbox 1671 2464 1806 2493; x_wconf 70' lang='grc' dir='ltr'>ἀδύνατον</span> <span class='ocrx_word' id='word_1_808' title='bbox 1834 2465 1881 2503; x_wconf 67' lang='grc' dir='ltr'><strong>ἄρα</strong></span> 
     </span>
    </p>
   </div>
   <div class='ocr_carea' id='block_1_111' title="bbox 1057 2509 1881 2549">
    <p class='ocr_par' dir='ltr' id='par_1_111' title="bbox 1057 2509 1881 2549">
     <span class='ocr_line' id='line_1_111' title="bbox 1057 2509 1881 2549; baseline 0.001 -12"><span class='ocrx_word' id='word_1_809' title='bbox 1057 2509 1189 2547; x_wconf 65' lang='grc' dir='ltr'>ἐνέργειαν</span> <span class='ocrx_word' id='word_1_810' title='bbox 1206 2510 1346 2547; x_wconf 69' lang='grc' dir='ltr'>χωριστὴν</span> <span class='ocrx_word' id='word_1_811' title='bbox 1370 2510 1508 2547; x_wconf 83' lang='grc' dir='ltr'>σώματος,</span> <span class='ocrx_word' id='word_1_812' title='bbox 1540 2511 1578 2546; x_wconf 83' lang='grc' dir='ltr'>μή</span> <span class='ocrx_word' id='word_1_813' title='bbox 1595 2510 1640 2537; x_wconf 79' lang='grc' dir='ltr'><strong>ἀπ’</strong></span> <span class='ocrx_word' id='word_1_814' title='bbox 1660 2510 1754 2542; x_wconf 71' lang='grc' dir='ltr'>οὐσίας</span> <span class='ocrx_word' id='word_1_815' title='bbox 1782 2511 1881 2549; x_wconf 75' lang='grc' dir='ltr'>προέρ-</span> 
     </span>
    </p>
   </div>
   <div class='ocr_carea' id='block_1_112' title="bbox 1056 2553 1881 2592">
    <p class='ocr_par' dir='ltr' id='par_1_112' title="bbox 1056 2553 1881 2592">
     <span class='ocr_line' id='line_1_112' title="bbox 1056 2553 1881 2592; baseline 0.002 -12"><span class='ocrx_word' id='word_1_816' title='bbox 1056 2559 1163 2591; x_wconf 77' lang='grc' dir='ltr'>χεσθαι,</span> <span class='ocrx_word' id='word_1_817' title='bbox 1189 2554 1233 2581; x_wconf 84' lang='grc' dir='ltr'><strong>καὶ</strong></span> <span class='ocrx_word' id='word_1_818' title='bbox 1249 2553 1333 2589; x_wconf 75' lang='grc' dir='ltr'>αὐτῆς</span> <span class='ocrx_word' id='word_1_819' title='bbox 1349 2556 1501 2592; x_wconf 82' lang='grc' dir='ltr'>χωριστῆς.</span> <span class='ocrx_word' id='word_1_820' title='bbox 1523 2555 1584 2583; x_wconf 81' lang='grc' dir='ltr'><strong>Τῶν</strong></span> <span class='ocrx_word' id='word_1_821' title='bbox 1611 2555 1700 2582; x_wconf 78' lang='grc' dir='ltr'>τοίνυν</span> <span class='ocrx_word' id='word_1_822' title='bbox 1730 2555 1881 2592; x_wconf 65' lang='grc' dir='ltr'>εἴρημὲνων</span> 
     </span>
    </p>
   </div>
   <div class='ocr_carea' id='block_1_113' title="bbox 1056 2598 1882 2637">
    <p class='ocr_par' dir='ltr' id='par_1_113' title="bbox 1056 2598 1882 2637">
     <span class='ocr_line' id='line_1_113' title="bbox 1056 2598 1882 2637; baseline -0.001 -11"><span class='ocrx_word' id='word_1_823' title='bbox 1056 2598 1188 2632; x_wconf 78' lang='grc' dir='ltr'>κανόνων,</span> <span class='ocrx_word' id='word_1_824' title='bbox 1205 2599 1387 2636; x_wconf 79' lang='grc' dir='ltr'>χρησιμεύσει</span> <span class='ocrx_word' id='word_1_825' title='bbox 1419 2599 1482 2636; x_wconf 79' lang='grc' dir='ltr'>ὑμῖν</span> <span class='ocrx_word' id='word_1_826' title='bbox 1507 2599 1521 2626; x_wconf 83' lang='grc' dir='ltr'><strong>ὁ</strong></span> <span class='ocrx_word' id='word_1_827' title='bbox 1552 2599 1599 2635; x_wconf 76' lang='grc' dir='ltr'>μὲν</span> <span class='ocrx_word' id='word_1_828' title='bbox 1629 2599 1741 2637; x_wconf 77' lang='grc' dir='ltr'>ὕστερος</span> <span class='ocrx_word' id='word_1_829' title='bbox 1771 2599 1810 2630; x_wconf 71' lang='grc' dir='ltr'>εἷς</span> <span class='ocrx_word' id='word_1_830' title='bbox 1840 2600 1882 2626; x_wconf 82' lang='grc' dir='ltr'><strong>τὸν</strong></span> 
     </span>
    </p>
   </div>
   <div class='ocr_carea' id='block_1_114' title="bbox 1057 2642 1883 2681">
    <p class='ocr_par' dir='ltr' id='par_1_114' title="bbox 1057 2642 1883 2681">
     <span class='ocr_line' id='line_1_114' title="bbox 1057 2642 1883 2681; baseline 0.001 -11"><span class='ocrx_word' id='word_1_831' title='bbox 1057 2643 1118 2680; x_wconf 82' lang='grc' dir='ltr'>περὶ</span> <span class='ocrx_word' id='word_1_832' title='bbox 1143 2646 1192 2677; x_wconf 82' lang='grc' dir='ltr'>τῆς</span> <span class='ocrx_word' id='word_1_833' title='bbox 1219 2642 1336 2680; x_wconf 81' lang='grc' dir='ltr'>λογικῆς</span> <span class='ocrx_word' id='word_1_834' title='bbox 1363 2645 1457 2681; x_wconf 71' lang='grc' dir='ltr'>ψυχῆς</span> <span class='ocrx_word' id='word_1_835' title='bbox 1483 2643 1577 2681; x_wconf 71' lang='grc' dir='ltr'>λόγον·</span> <span class='ocrx_word' id='word_1_836' title='bbox 1608 2644 1622 2670; x_wconf 84' lang='grc' dir='ltr'>ὁ</span> <span class='ocrx_word' id='word_1_837' title='bbox 1645 2642 1675 2671; x_wconf 69' lang='grc' dir='ltr'><strong>δὲ</strong></span> <span class='ocrx_word' id='word_1_838' title='bbox 1687 2644 1824 2681; x_wconf 76' lang='grc' dir='ltr'>πρότερος</span> <span class='ocrx_word' id='word_1_839' title='bbox 1849 2643 1883 2674; x_wconf 64' lang='grc' dir='ltr'>ἐς</span> 
     </span>
    </p>
   </div>
   <div class='ocr_carea' id='block_1_115' title="bbox 1057 2687 1883 2726">
    <p class='ocr_par' dir='ltr' id='par_1_115' title="bbox 1057 2687 1883 2726">
     <span class='ocr_line' id='line_1_115' title="bbox 1057 2687 1883 2726; baseline 0 -11"><span class='ocrx_word' id='word_1_840' title='bbox 1057 2687 1102 2715; x_wconf 86' lang='grc' dir='ltr'><strong>τὸν</strong></span> <span class='ocrx_word' id='word_1_841' title='bbox 1116 2687 1178 2724; x_wconf 82' lang='grc' dir='ltr'>περὶ</span> <span class='ocrx_word' id='word_1_842' title='bbox 1193 2690 1246 2715; x_wconf 82' lang='grc' dir='ltr'>τῶν</span> <span class='ocrx_word' id='word_1_843' title='bbox 1264 2687 1379 2716; x_wconf 83' lang='grc' dir='ltr'>λοιπῶν.</span> <span class='ocrx_word' id='word_1_844' title='bbox 1409 2689 1440 2716; x_wconf 88' lang='grc' dir='ltr'>Ὁ</span> <span class='ocrx_word' id='word_1_845' title='bbox 1470 2688 1516 2724; x_wconf 70' lang='grc' dir='ltr'>μὲν</span> <span class='ocrx_word' id='word_1_846' title='bbox 1549 2688 1595 2714; x_wconf 77' lang='grc' dir='ltr'><strong>οὖν</strong></span> <span class='ocrx_word' id='word_1_847' title='bbox 1611 2689 1673 2726; x_wconf 80' lang='grc' dir='ltr'>περὶ</span> <span class='ocrx_word' id='word_1_848' title='bbox 1701 2692 1751 2723; x_wconf 79' lang='grc' dir='ltr'><strong>τῆς</strong></span> <span class='ocrx_word' id='word_1_849' title='bbox 1770 2692 1883 2725; x_wconf 76' lang='grc' dir='ltr'>Λογικῆς</span> 
     </span>
    </p>
   </div>
   <div class='ocr_carea' id='block_1_116' title="bbox 1058 2730 1885 2770">
    <p class='ocr_par' dir='ltr' id='par_1_116' title="bbox 1058 2730 1885 2770">
     <span class='ocr_line' id='line_1_116' title="bbox 1058 2730 1885 2770; baseline 0.001 -11"><span class='ocrx_word' id='word_1_850' title='bbox 1058 2734 1150 2769; x_wconf 75' lang='grc' dir='ltr'>ψυχῆς</span> <span class='ocrx_word' id='word_1_851' title='bbox 1168 2731 1222 2759; x_wconf 76' lang='grc' dir='ltr'>ἐστι</span> <span class='ocrx_word' id='word_1_852' title='bbox 1238 2734 1374 2763; x_wconf 71' lang='grc' dir='ltr'>τοιοῦτος.</span> <span class='ocrx_word' id='word_1_853' title='bbox 1391 2731 1422 2760; x_wconf 79' lang='grc' dir='ltr'><strong>Εἰ</strong></span> <span class='ocrx_word' id='word_1_854' title='bbox 1440 2730 1562 2769; x_wconf 76' lang='grc' dir='ltr'>μηδεμία</span> <span class='ocrx_word' id='word_1_855' title='bbox 1578 2733 1735 2770; x_wconf 78' lang='grc' dir='ltr'>ἁχώριστος</span> <span class='ocrx_word' id='word_1_856' title='bbox 1759 2734 1885 2769; x_wconf 69' lang='grc' dir='ltr'>σώματος</span> 
     </span>
    </p>
   </div>
   <div class='ocr_carea' id='block_1_117' title="bbox 1059 2775 1887 2815">
    <p class='ocr_par' dir='ltr' id='par_1_117' title="bbox 1059 2775 1887 2815">
     <span class='ocr_line' id='line_1_117' title="bbox 1059 2775 1887 2815; baseline -0.001 -12"><span class='ocrx_word' id='word_1_857' title='bbox 1059 2776 1146 2811; x_wconf 61' lang='grc' dir='ltr'>οὐσία,</span> <span class='ocrx_word' id='word_1_858' title='bbox 1162 2775 1218 2814; x_wconf 78' lang='grc' dir='ltr'><strong>ἔχει</strong></span> <span class='ocrx_word' id='word_1_859' title='bbox 1235 2778 1375 2814; x_wconf 76' lang='grc' dir='ltr'>χωριστὴν</span> <span class='ocrx_word' id='word_1_860' title='bbox 1389 2778 1439 2812; x_wconf 76' lang='grc' dir='ltr'>τήν</span> <span class='ocrx_word' id='word_1_861' title='bbox 1460 2776 1605 2815; x_wconf 72' lang='grc' dir='ltr'>ἐνέργειαν,</span> <span class='ocrx_word' id='word_1_862' title='bbox 1635 2775 1760 2814; x_wconf 76' lang='grc' dir='ltr'>δείξομεν</span> <span class='ocrx_word' id='word_1_863' title='bbox 1793 2776 1822 2805; x_wconf 80' lang='grc' dir='ltr'><strong>ὂὶ</strong></span> <span class='ocrx_word' id='word_1_864' title='bbox 1845 2775 1887 2805; x_wconf 75' lang='grc' dir='ltr'><strong>ἐπὶ</strong></span> 
     </span>
    </p>
   </div>
  </div>
