1952 3052
93 125 175 156 i019

830 129 878 158 DE
901 130 1038 159 ANIMA.

1722 127 1799 158 1050

87 195 142 226 τῆς
157 193 249 230 ψυχῆς
267 193 407 230 χωριστήν
423 191 557 229 ἐνέργειαν
572 194 699 230 σώματος
710 216 716 228 ,
733 196 804 221 πᾶσα
820 194 858 221 ἀνι

1032 204 1134 230 .onem,
1150 198 1179 224 et
1192 196 1220 224 in
1238 196 1337 223 anima
1352 194 1545 232 separabilem
1568 194 1697 230 aliquam
1712 203 1728 222 θ.
1743 198 1803 222 corl

91 236 139 263 καὶ
155 236 238 271 αὐτὴν
252 238 394 275 χωριστὴν
411 237 475 264 εἶναι
492 259 499 266 .
525 238 608 266 ’Όταν
631 238 722 266 τοίνυν
741 241 829 276 σκοπῇ
859 242 922 277 περὶ

89 283 148 308 τῶν
165 282 270 316 νοητῶν
285 282 301 316 ἡ
319 282 408 319 ψυχὴ,
437 282 481 309 καὶ
497 282 544 314 τὰς
559 282 622 320 περὶ
638 285 704 311 Θεοῦ
731 283 837 315 ἐννοίας
853 294 922 322 προ-

91 325 275 363 χειρίζητοιι’
306 324 391 361 δῆλον
421 326 462 354 ὅτι
493 328 635 364 χωριστὴν
666 328 767 360 παντὸς
797 329 924 366 σώματος

95 370 117 387 νη
205 373 212 381 \
262 372 269 382 7
290 372 299 387 l
435 373 441 382 1
510 373 516 382 Ι
620 374 626 383 Ἰ
655 374 658 381 1
795 375 801 382 \
897 377 908 382 -

93 382 155 409 ελει
181 383 232 406 την
260 382 406 410 ενιργειαν,
444 375 555 409 Ομοιως
583 384 627 401 και
644 375 706 401 ὁταν
724 374 821 410 ὲαυτην
841 378 921 412 ζητῃ·

95 419 221 457 οὖδαμοῦ
249 421 299 459 γὰρ
330 421 355 448 ἐν
382 421 489 453 τούτοις
520 421 582 450 οὐδὲ
609 425 726 461 συνεργῷ
754 427 855 461 χρῆται
883 426 923 459 τῷ

95 466 219 501 σώματι,
248 464 311 492 οὐδὲ
338 465 405 500 σύτῆ
420 466 481 504 περὶ
497 467 577 503 σῶμα
603 467 713 505 ἐνεργεῖ,
736 467 805 495 ὥστε
834 468 921 502 πάντη

94 510 263 547 κεχώρισται
289 511 416 547 σώματος
445 512 462 546 ἡ
487 511 599 546 τοιαότη
626 511 755 550 ἐνέργεια,
781 513 825 539 καὶ
842 512 924 547 αὐτῆς

95 552 126 581 δὲ
141 557 190 589 τῆς
206 554 362 593 φαντασίας.
394 554 424 581 Εἰ
450 553 478 582 δὲ
501 555 620 593 ἐνέργεια
638 557 774 594 χωριστὴ,
805 556 830 592 ἐξ
860 557 922 583 dvi-

95 608 169 636 γκης
184 599 227 625 καὶ
241 600 258 633 ἡ
276 598 352 626 οὐσία
367 599 451 634 αὐτῆς
467 601 592 637 χωριστὴ
613 599 698 629 ἔσται.
715 601 747 629 Εἴ
774 599 802 628 δὲ
835 611 923 638 χωρι-

97 643 149 677 στή
201 643 291 679 οὐσία,
305 644 374 671 κατά
388 646 474 671 πᾶσαν
491 643 622 682 ἀνάγκην,
646 645 691 672 καὶ
713 644 812 677 ἆὶδιος’
843 648 922 673 τοῦτο

95 688 150 725 γὰρ
166 690 265 715 κοινῶς
294 689 387 718 πάντες
417 687 613 726 ὁμολογοῦσιν,
641 689 682 716 δτι
711 692 783 717 πᾶσα
797 691 922 728 χωριστὴ

96 734 147 759 τοῦ
163 732 289 769 σώματος
306 732 384 760 οὐσία
413 734 539 770 χωριστὴ
563 733 607 760 κῃῖ
624 733 710 765 ἀίδιός
730 734 795 763 ἐττι.
824 735 923 762 Σκόπει

97 777 164 814 γὰρ,
180 777 202 804 εἱ
219 778 343 814 χωριστὴ
360 777 438 805 οὐσία
455 779 492 814 μὴ
509 777 579 806 ἐστιν
593 778 690 813 ἀίδιος,
710 779 782 807 ἀλλὰ
807 781 922 818 γεννητή

97 822 144 849 καὶ
178 822 295 859 φθαρτή,
323 822 386 860 πρὶν
415 821 547 860 γενέσθαι,
571 823 588 858 ἢ
618 823 736 858 ἠδύνατο
756 824 922 862 γενέσθαι,ἤ

979 249 1048 276 pore
1065 241 1207 269 actionem
1234 241 1386 268 ostendere
1407 247 1588 276 possumus;
1611 238 1730 266 omnino
1755 246 1804 265 ne-

979 294 1060 313 cesse
1077 286 1163 313 fuerit
1186 285 1261 312 hanc
1281 293 1397 320 quoque
1421 283 1614 320 separabilem
1640 291 1714 310 esse.
1731 284 1802 310 Cum

979 330 1071 365 igitur
1087 338 1131 358 res
1156 338 1205 357 eas
1222 338 1284 365 quae
1310 328 1457 356 intellectu
1478 327 1687 363 praecipiuntur
1709 329 1738 354 et
1754 327 1803 354 Dei

981 373 1112 402 notiones
1129 374 1183 401 sibi
1200 373 1336 409 proponit
1347 373 1519 407 anima,tum
1535 373 1679 400 actionem
1695 371 1802 399 habere

980 419 1015 446 ab
1030 418 1110 446 omni
1134 425 1255 453 corpore
1278 420 1421 445 secretam
1447 417 1636 445 manifestum
1661 418 1716 449 est,
1739 419 1802 443 tum

979 464 1067 490 etiam
1083 471 1149 490 cum
1167 463 1194 489 in
1212 471 1242 489 se
1259 463 1323 498 ipsa
1334 462 1485 489 descendit
1500 461 1719 497 investigando;
1733 462 1802 488 tunc

980 508 1068 541 enim,
1087 516 1178 542 neque
1195 507 1356 534 ministerio
1373 506 1466 534 utitur
1481 505 1621 542 corporis,
1633 505 1802 541 nequeipsu

979 553 1007 579 in
1025 561 1130 588 corpus
1147 552 1218 587 agit,
1233 552 1274 579 ita
1289 554 1321 578 ut
1336 552 1455 579 omnino
1472 551 1509 578 sit
1524 560 1540 578 a
1554 558 1673 586 corpore
1690 551 1802 577 semota

979 596 1124 632 ejusmodi
1141 596 1224 630 actio,
1243 596 1301 623 imo
1317 598 1345 623 et
1361 597 1395 623 ab
1413 596 1484 631 ipsis
1500 595 1621 631 objectis
1635 594 1798 630 speciebus.

979 647 1008 674 Si
1025 648 1121 674 autem
1147 645 1223 673 actio
1247 646 1382 681 separata
1397 647 1451 677 est,
1472 644 1591 672 omnino
1604 644 1668 679 ejus
1683 651 1800 678 quoque

979 691 1146 718 substantia
1171 688 1345 725 separabilis
1369 689 1433 715 erit.
1451 688 1499 715 Sin
1515 689 1612 715 autem
1628 686 1801 722 sepurabilis

979 734 1278 770 substantia,pcnitus
1296 741 1414 761 necesse
1429 734 1521 766 cst,ut
1535 730 1711 760 immortalis
1728 739 1801 765 quo—

979 788 1036 816 que
1046 779 1129 807 sit.ld
1141 779 1219 806 enim
1232 778 1308 814 apud
1321 786 1422 805 omnes
1433 777 1461 805 in
1474 777 1608 805 confesso
1619 777 1673 810 est,
1683 783 1800 803 omnem

979 832 1129 860 acorpore
1157 822 1349 859 separabilem
1378 821 1576 850 substantiam
1604 819 1800 848 immortalem

99 865 151 893 οὐκ
166 864 293 901 ἠδύνατο.
311 865 344 894 Εἴ
361 867 408 902 μὲν
424 867 468 894 οὗν
485 867 523 903 μή
539 866 669 903 ἠδύνατο,
687 868 735 896 οὐκ
750 868 779 896 ἂν
808 868 870 907 ἐγὲνι

1028 869 1088 896 'iter
1102 868 1252 896 esse.Nam
1266 867 1381 895 attende
1395 875 1401 894 :
1415 866 1438 894 si
1450 865 1622 902 separabilis
1635 864 1799 892 substantia

99 911 131 938 τὸ
146 911 198 948 γὰρ
215 909 343 938 ἀδύνατον
361 911 409 938 οὐκ
432 910 463 938 ἂν
479 911 594 949 ἐγένετο.
623 913 654 941 Εἰ
671 912 698 940 δὲ
713 912 841 949 ἠδύνατο,
860 913 921 941 ὑλι-

96 956 134 990 κή
161 956 268 986 πάντως
297 957 329 990 ἦν
346 965 352 970 ”
381 958 462 983 τοῦτο
475 956 539 994 γὰρ,
564 957 594 984 τὸ
620 955 748 989 δύνασθαί
762 969 828 985 ποτε
857 959 923 986 εἶναι

97 1000 117 1035 ἢ
136 1000 173 1036 μή
191 1000 266 1028 εἶναι.
284 1000 316 1028 Εἰ
338 999 366 1027 δὲ
394 999 463 1028 ἄυλα
491 1001 523 1028 τὰ
550 1002 672 1039 χωριστᾶ
698 1006 749 1037 τῆς
777 1002 845 1038 ὕλης
874 1003 923 1031 οὐκ

97 1041 205 1072 ἔσονται
235 1044 264 1072 ἐκ
291 1047 340 1072 τοῦ
367 1043 478 1082 δυνάμει
511 1045 549 1078 εἷς
575 1046 607 1073 τὸ
623 1046 743 1085 ἐγεργείᾳ
767 1047 843 1074 εἶναι·
860 1047 923 1075 ἀλλ’

98 1093 142 1121 ἀεὶ
172 1093 294 1131 ἐνεργείᾳ
319 1091 436 1130 ἔσονται,
460 1094 506 1122 καὶ
523 1093 615 1126 ἄλλως
644 1099 695 1123 πᾶν
723 1097 754 1123 τὸ
783 1097 925 1134 φθειρόμε-

97 1148 157 1173 νον,
180 1138 249 1165 κατὰ
267 1136 315 1165 δύο
330 1138 449 1176 τρόπους
473 1138 618 1177 φθείρεται,
635 1140 653 1175 ἢ
680 1141 726 1168 τὸν
750 1127 803 1169 τῶν
833 1127 924 1178 cluiui-

97 1193 155 1210 των
171 1184 206 1219 τῇ
224 1182 261 1214 εἷς
274 1183 307 1210 τὰ
322 1187 445 1220 στοιχεῖα
459 1183 597 1220 ἀναλώσει,
627 1186 643 1220 ἢ
673 1185 718 1212 τὸν
734 1188 788 1212 τῶν
817 1186 878 1223 περὶ
893 1187 924 1214 τὸ

97 1230 179 1263 σῶμα
199 1224 434 1263 ἀποσϐεννυμὲνου
450 1230 499 1254 τοῦ
525 1227 623 1264 εἷ’δους,
651 1230 687 1265 τῇ
715 1229 862 1267 ἀναρμονίᾳ
876 1233 923 1258 τοῦ

101 1271 293 1308 ὑποκειμένου,
319 1271 344 1299 ἐν
360 1273 428 1308 ᾧτὸ
445 1272 511 1299 εἶναι
534 1270 603 1310 ἔχει.
631 1275 695 1301 Κατ’
726 1273 865 1312 οὐδέτερον
896 1274 924 1302 δὲ

98 1318 154 1342 τῶν
171 1315 323 1353 εἳρημὲνων
340 1317 448 1353 τρόποιν
465 1315 602 1355 ἐνδέχεται
624 1318 758 1356 φθαρῆναι
773 1319 822 1354 τήν
845 1328 923 1357 Λογι-

97 1361 150 1394 κήν
180 1362 284 1398 ψυχήνο
315 1360 460 1397 ἀσώματος
489 1361 540 1399 γάρ
569 1361 635 1396 ἐστι,
664 1363 753 1390 καὶτὸ
783 1364 848 1391 εἶναι
865 1364 923 1402 ἔχει

99 1404 152 1432 οὐκ
181 1405 207 1431 ἐν
235 1405 404 1442 ὑποκειμένῳ
432 1406 538 1442 σώματι
556 1428 563 1440 ,
599 1406 636 1438 ὡς
662 1405 820 1435 δέδεικται·
855 1396 924 1436 ὥστε

96 1448 185 1480 ἀίδιος
210 1451 228 1484 ἡ
245 1449 346 1487 λογικὴ
361 1451 449 1487 ψυχή,
476 1451 538 1478 ’Ότι
556 1449 583 1478 δὲ
598 1452 615 1485 ἡ
630 1450 738 1489 ἄλογος,
763 1453 807 1480 καὶ
836 1454 853 1488 ἡ
875 1464 923 1492 φυ.

96 1495 161 1528 τική
191 1497 239 1521 τοῦ
261 1494 286 1521 ἐν
303 1495 326 1530 ᾤ
343 1494 395 1521 εἶσι
414 1495 540 1531 σώματος
570 1495 721 1533 ἀχώριστοί
745 1497 806 1532 εἶσι,
838 1496 922 1532 δῆλον

96 1538 128 1566 ἐκ
140 1540 190 1565 τοῦ
215 1538 315 1566 λοιποῦ
339 1539 462 1571 κανόνος.
488 1542 573 1567 Πᾶσαι
588 1540 675 1568 τοίνυν
692 1541 778 1569 αὐτῶν
794 1542 920 1580 ἐνέργειαι

97 1582 125 1610 ἒν
142 1584 247 1619 σώματι
264 1583 307 1610 καὶ
324 1584 384 1621 περί
402 1585 483 1620 σῶμά
509 1585 569 1613 εἰσι.
588 1585 639 1612 Καὶ
665 1586 715 1623 γὰρ
779 1588 921 1624 θρεπτικὴ,

95 1632 141 1659 καὶ
170 1632 312 1667 αὐξητικὴ,
329 1633 375 1660 καὶ
391 1634 537 1670 γεννητική
553 1635 598 1661 καὶ
618 1634 644 1661 ἐν
659 1635 765 1672 σώματί
792 1635 852 1672 εἶσι,
876 1637 919 1664 καὶ

97 1674 143 1703 διὰ
173 1676 300 1712 σώματος
339 1677 492 1715 ἐνεργοῦσι,
522 1678 565 1705 καί
603 1679 664 1716 περῖ
693 1679 821 1716 σώματα-
854 1680 922 1708 ὥστε

96 1723 151 1748 τῶν
169 1720 301 1757 σωμάτων
327 1721 489 1759 ἀχώριστοι.
519 1724 578 1750 Ἔτι
606 1725 659 1760 μὴν
685 1724 729 1751 καὶ
747 1725 760 1751 ὁ
777 1725 860 1761 Onyx}:
877 1725 920 1752 καὶ

97 1766 116 1800 ἡ
144 1764 283 1802 ἐπιθυμία·
309 1769 380 1793 κινεῖ
403 1767 454 1803 γὰρ
471 1767 484 1793 ὁ
506 1767 552 1803 μὲν
579 1768 610 1795 τὸ
638 1768 812 1806 περικάρδιον
843 1771 921 1806 αἷμα,

97 1811 116 1844 ἡ
144 1808 172 1836 δὲ
200 1810 232 1836 τὸ
246 1810 320 1848 ἧπαρ
334 1809 449 1838 τοιῶσδε
463 1811 481 1845 ἢ
498 1810 614 1839 τοιῶσδε
630 1811 792 1847 διατίθησιν.
809 1814 850 1842 Ἐν
869 1815 921 1840 σώ-

100 1864 163 1890 ματι
182 1854 228 1890 μὲν
245 1854 348 1882 οὖνκαὶ
370 1855 457 1889 αὗται,
484 1856 528 1882 καὶ
559 1855 602 1883 ’ὁιᾶ
627 1857 762 1892 σώματος,
787 1858 832 1885 καὶ
860 1859 920 1895 περῖ

97 1898 221 1934 σώματα.
238 1899 268 1926 Ἠ
284 1898 333 1936 γὰρ
353 1898 518 1936 βρωμάτων,
544 1899 561 1934 ἢ
587 1901 751 1937 χρημάτων,
781 1902 799 1936 ἢ
828 1901 922 1933 ἁπλῶς

96 1944 261 1978 σωματικῶν
278 1942 443 1980 πραγμάτων
469 1942 555 1981 ὄρεξίς
572 1943 642 1971 ἐστιν
658 1946 675 1979 ἡ
699 1944 829 1981 ἐπιθυμία
842 1956 847 1961 ·
878 1946 922 1973 καὶ

97 1987 111 2013 ὁ
137 1987 235 2022 θυμὸς,
251 1987 288 2018 εἷς
302 1987 333 2014 τὸ
351 1987 531 2022 ἀντιλυπῆσαι
547 1989 593 2015 τὸν
608 1988 644 2020 εἴς
668 2000 694 2016 τι
723 1989 826 2017 τούτων
859 1989 924 2028 βλα-

98 2032 194 2068 ψαντα·
211 2031 279 2058 ὥστε
297 2032 323 2058 αἱ
350 2031 480 2070 ἐνέργειαι
511 2032 614 2060 τούτων
648 2034 698 2060 οὐκ
718 2034 779 2061 ἄνευ
796 2035 922 2071 σώματος

98 2075 124 2112 ἐξ
149 2075 270 2113 ἀνάγκης
288 2087 293 2093 ’
325 2077 362 2107 εἰς
390 2076 416 2103 τί
448 2075 475 2103 δὲ
506 2080 684 2115 χωρισθεῖσαι
712 2077 846 2117 ἔνθεργοῦσι
864 2103 870 2115 ,
897 2080 923 2107 τί

99 2120 253 2157 θρέψουσιν,
280 2120 297 2155 ἢ
323 2121 497 2156 αὐξήσουσιν,
527 2122 545 2156 ἢ
561 2123 719 2159 γεννήσουσι
732 2133 739 2157 ;
754 2123 814 2150 τίνα
835 2122 863 2151 δὲ
879 2125 923 2151 καὶ

99 2164 348 2200 ἀντιλυπήσουσινς
365 2165 443 2193 Ἀλλ’
472 2165 536 2194 οὑδὲ
564 2168 582 2201 ἡ
611 2166 742 2204 ἐπιθυμία
764 2167 868 2205 ἰσχύσει
897 2179 924 2196 τι

99 2211 154 2237 τῶν
182 2208 283 2245 ἡδέων,
311 2211 365 2237 τῶν
393 2210 538 2238 κινούντων
569 2210 653 2246 αὐτὴν
671 2211 709 2242 εἷς
726 2210 824 2250 ὄρεξιν·
855 2213 924 2240 ὥστε

103 2254 190 2291 μάτην
221 2252 338 2288 ἔσονται,
355 2255 420 2293 ὅπερ
436 2255 506 2283 ἐστὶν
521 2255 663 2283 ἀδύνατον·
694 2257 848 2296 ἀχώριστος
872 2257 923 2296 ἄρα

101 2305 119 2338 ἡ
135 2303 214 2330 οὐσία
232 2304 376 2339 σωμάτων,
406 2304 431 2340 ἐξ
460 2306 494 2340 ἧς
524 2306 550 2332 αἱ
576 2308 698 2333 τοιαῦται
717 2307 838 2344 πρόεισιν
855 2307 926 2344 ἐνέρ-

101 2357 183 2385 γειαι.
214 2346 293 2375 Ἀλλ’
307 2348 331 2375 εἴ
348 2350 394 2385 μὲν
423 2350 521 2388 (porr/.1“,
536 2352 584 2378 τοῦ
600 2351 704 2388 παχέος
724 2350 795 2378 ἐστὶν
823 2352 927 2390 ἀχώρι-

103 2402 177 2423 στος,
203 2392 248 2419 καὶ
270 2393 461 2430 συμφθείρεται
478 2394 563 2430 αὐτῷ·
589 2395 633 2422 καὶ
659 2394 743 2430 δῆλον
759 2395 785 2431 ἐξ
799 2395 835 2423 ὦν
861 2396 926 2423 εἰσιν

104 2437 132 2463 αἱ
153 2434 281 2472 δυνάμεις
297 2436 384 2472 αὗται,
410 2438 454 2465 καὶ
469 2438 494 2465 ἐν
509 2442 567 2469 τοῖς
593 2442 697 2478 φυτοῖς,
726 2440 752 2468 ἐν
783 2442 824 2472 οἷς
851 2441 930 2468 πνεύ-

106 2481 219 2518 ματικὸν
235 2483 315 2517 σῶμα
329 2482 359 2509 οὐ
390 2483 540 2519 θεωρεῖται.
561 2483 713 2511 Δείκνυνται
741 2484 769 2512 δὲ
791 2485 835 2513 καὶ
863 2486 930 2521 μετὰ

104 2525 154 2559 τήν
171 2523 262 2560 ἔξοδον
290 2529 341 2560 τῆς
365 2528 455 2564 ψυχῆς
479 2525 517 2554 ἔτι
543 2527 718 2564 διαμένουσαι
737 2529 839 2567 βραχύν
869 2540 929 2557 τινα

104 2569 206 2607 χρόνον
221 2569 248 2597 ἒν
262 2570 351 2606 τούτῳ
364 2573 403 2607 τῷ
418 2571 535 2608 σώματι·
556 2570 654 2610 ὄνυχες
676 2583 706 2600 τε
728 2574 779 2610 γὰρ
802 2573 846 2601 καὶ
874 2574 930 2611 τρί-

105 2623 154 2651 χες
183 2616 232 2641 τοῦ
260 2617 356 2652 νεκροῦ
385 2615 511 2651 σώματος
541 2614 675 2651 αὔξονται.
694 2617 783 2645 Ἀλλά
800 2619 836 2654 μή
864 2628 930 2645 ποτε

107 2657 157 2685 οὔκ
172 2656 281 2693 ἀληθὴς
296 2659 310 2686 ὁ
335 2658 419 2696 λόγος
443 2658 539 2690 οὗτος·
572 2659 602 2686 οὐ
629 2660 680 2697 γὰρ
709 2660 827 2697 αὔξεται,
856 2661 929 2699 φασῖ,

106 2703 201 2737 ταῦτα,
231 2702 304 2730 ἀλλὰ
331 2703 491 2739 τηκομένων
521 2703 566 2731 καὶ
597 2704 765 2741 μειουμὲνῶν
794 2707 848 2732 τῶν
869 2706 930 2743 περί

107 2746 190 2778 αὐτὰς
206 2749 323 2785 σαρκῶν,
342 2747 447 2784 μᾶλλον
465 2748 694 2785 ἀπογυμνοῦσθαι,
711 2749 754 2776 καὶ
784 2749 828 2777 διὰ
850 2752 930 2778 τοῦτο

109 2789 153 2818 καί
177 2792 261 2827 μείζω
284 2793 329 2820 καὶ
358 2792 496 2828 ηὐξημένα
525 2792 612 2821 δοκεῖν
643 2794 803 2833 φαίνεσθαι.
843 2794 932 2823 Ἀλλὰ

977 923 1034 942 non
1051 915 1095 942 est
1109 912 1296 945 immortalis,
1314 912 1364 939 sed
1380 910 1576 947 generationis
1592 912 1619 938 et
1634 909 1798 945 corruptio-

977 959 1023 986 nis
1048 966 1148 994 capax,
1173 959 1330 992 antequam
1356 957 1446 988 lieret,
1462 955 1503 983 vel
1520 955 1582 982 ﬁeri
1606 955 1730 990 poterat,
1751 952 1798 982 vel

978 1011 1034 1031 non
1046 1003 1168 1038 poterat.
1185 1001 1214 1028 Si
1225 1009 1292 1037 ergo
1303 1009 1358 1028 non
1375 1001 1496 1036 poterat,
1512 1007 1663 1034 nunquam
1673 998 1794 1026 fuisset:

979 1052 1055 1087 quod
1067 1051 1146 1078 enim
1166 1050 1227 1077 ﬁeri
1243 1058 1301 1077 non
1314 1051 1418 1084 potest,
1435 1055 1588 1083 nunquam
1601 1047 1689 1074 fuerit
1705 1054 1712 1074 :
1728 1048 1758 1074 at
1772 1045 1797 1073 si

979 1098 1103 1132 poterat,
1120 1094 1205 1130 plune
1221 1094 1373 1121 muteriata
1389 1095 1469 1126 erat;
1488 1092 1515 1119 id
1541 1091 1619 1118 enim
1645 1092 1690 1118 est
1713 1098 1799 1126 posse

979 1148 1059 1175 esse;
1073 1143 1101 1167 et
1116 1148 1173 1167 non
1183 1147 1256 1166 esse.
1273 1138 1302 1166 Si
1314 1140 1411 1165 autem
1424 1136 1618 1164 iminateriata
1629 1143 1686 1162 non
1702 1136 1799 1168 erunt,

980 1194 1043 1221 quae
1059 1193 1076 1212 a
1091 1183 1213 1212 materia
1237 1183 1367 1219 separari
1393 1183 1527 1218 possunt,
1553 1189 1610 1207 non
1634 1180 1698 1207 ideo
1724 1179 1800 1215 quod

980 1230 1074 1266 reipsa
1098 1237 1161 1256 esse
1177 1228 1309 1264 possint;
1326 1227 1376 1255 sed
1401 1226 1497 1262 reipsa
1521 1233 1637 1260 semper
1655 1226 1750 1252 erunt.
1767 1224 1802 1251 Et

979 1274 1107 1308 aliunde,
1124 1273 1320 1308 quodcunque
1342 1270 1551 1306 corrumpitur,
1567 1269 1682 1297 duobus
1706 1269 1800 1296 modis

979 1318 1179 1354 corrumpitur
1196 1326 1203 1351 ;
1220 1317 1262 1344 vel
1291 1324 1445 1352 corporum
1477 1315 1655 1343 resolutione
1683 1314 1712 1340 in
1741 1313 1800 1341 elc-

981 1365 1089 1397 menta,
1108 1362 1149 1390 vel
1163 1362 1307 1390 exstincta
1319 1361 1411 1388 forma
1422 1368 1522 1395 eorum
1540 1367 1602 1395 quae
1614 1361 1682 1386 sunt
1698 1358 1727 1385 in
1742 1365 1802 1384 cor-

980 1421 1057 1448 pore,
1071 1411 1167 1439 soluta
1183 1418 1287 1446 nempe
1303 1412 1331 1437 et
1346 1409 1463 1436 turbata
1479 1409 1543 1443 ejus
1559 1407 1682 1443 subjecti
1700 1407 1728 1434 in
1745 1415 1803 1441 quo

980 1460 1033 1492 (est,
1047 1455 1185 1492 temperie
1197 1458 1284 1490 atque
1304 1456 1456 1481 concentu.
1474 1455 1510 1480 At
1523 1455 1624 1479 neutro
1640 1450 1804 1485 corrumpi-

979 1504 1028 1530 tur
1043 1501 1142 1528 anima
1158 1500 1280 1528 rationis
1296 1501 1408 1535 potens,
1426 1498 1534 1533 quippe
1549 1506 1612 1533 qua:
1635 1496 1804 1531 incorporea

979 1548 1033 1580 est,
1050 1545 1115 1573 etin
1129 1552 1248 1580 corpore
1260 1546 1396 1578 tanquam
1412 1542 1440 1569 in
1456 1542 1588 1577 subjecto
1601 1549 1658 1568 non
1679 1539 1803 1574 exsistit,

981 1593 1012 1618 ut
1028 1591 1260 1618 demonstratum
1277 1590 1330 1615 est.
1350 1588 1450 1622 Itaque
1465 1589 1572 1613 aeterna
1582 1587 1626 1612 est
1641 1584 1741 1611 anima
1756 1592 1801 1610 ra-

978 1635 1066 1663 tionis
1082 1642 1219 1670 compos:
1237 1633 1286 1660 sed
1303 1635 1332 1659 et
1347 1633 1542 1665 brutorum,et
1559 1630 1724 1666 plantarum
1741 1628 1802 1656 ani-

978 1688 1068 1714 mum,
1086 1679 1122 1706 ab
1137 1687 1180 1710 eo,
1198 1678 1226 1704 in
1247 1686 1303 1712 quo
1329 1678 1408 1710 sunt,
1432 1675 1564 1710 subjecto
1590 1673 1719 1710 separari
1745 1681 1801 1699 non

977 1732 1111 1760 posse,ex
1127 1722 1280 1758 posteriori
1296 1720 1396 1757 regula
1413 1719 1600 1754 manifestum
1618 1718 1674 1745 ﬁet.
1693 1718 1800 1745 Omnes

977 1769 1067 1804 igitur
1082 1767 1199 1794 illarum
1225 1765 1353 1794 actiones
1369 1765 1397 1792 in
1414 1771 1534 1799 corpore
1549 1765 1577 1790 et
1600 1763 1677 1790 circa
1696 1770 1801 1797 corpus

977 1815 1065 1846 sunt;
1082 1811 1168 1839 altrix
1185 1810 1274 1845 enim,
1290 1811 1318 1837 et
1334 1809 1458 1842 auctrix,
1475 1812 1502 1835 et
1525 1806 1701 1843 generatrix,
1718 1807 1746 1833 et
1770 1805 1799 1832 in

977 1865 1096 1891 corpore
1111 1858 1192 1887 sunt,
1209 1857 1237 1882 et
1267 1863 1318 1889 per
1333 1861 1439 1889 corpus
1455 1855 1557 1888 agunt,
1584 1853 1612 1878 et
1635 1850 1713 1878 circa
1738 1858 1802 1877 cor-

978 1909 1048 1937 pora
1064 1909 1070 1928 ε
1088 1900 1125 1927 ita
1142 1908 1199 1927 non
1223 1900 1346 1934 possunt
1362 1907 1378 1925 ιι
1391 1896 1562 1932 corporibus
1589 1894 1730 1931 separari.
1755 1894 1801 1921 Ira

978 1945 1077 1973 itidem
1094 1948 1121 1971 et
1137 1941 1445 1978 noncupiscentia.llla
1461 1941 1538 1968 enim
1553 1939 1740 1975 sanguinem,
1754 1938 1804 1973 qui

978 1991 1055 2018 circa
1083 1998 1131 2016 cor
1160 1991 1213 2022 est,
1243 1989 1426 2015 commovet:
1445 1985 1494 2012 illa
1521 1986 1605 2020 jecur
1634 1983 1688 2010 hoc
1717 1982 1803 2010 illove

979 2035 1065 2062 modo
1081 2033 1184 2061 afﬁcit:
1202 2032 1230 2059 in
1247 2039 1366 2067 corpore
1382 2030 1472 2066 igitur
1488 2029 1544 2056 illaa
1560 2036 1676 2064 quoque
1692 2029 1804 2059 sunt,et

979 2087 1029 2115 per
1053 2086 1169 2113 corpus,
1195 2080 1223 2104 et
1247 2076 1324 2104 circa
1348 2083 1480 2110 corpora.
1498 2073 1633 2101 Ciborum
1655 2071 1732 2100 enim
1758 2071 1802 2099 vel

978 2122 1226 2159 peeuniarum,vel
1243 2122 1368 2156 denique
1385 2127 1481 2146 rerum
1498 2118 1627 2154 corporis
1638 2115 1804 2152 appetentis

978 2169 1023 2196 est
1039 2167 1080 2194 vis
1096 2165 1342 2202 concupiscendi:
1359 2165 1490 2191 irascens
1505 2161 1733 2197 vero,eupiditas
1743 2160 1804 2187 vin-

979 2212 1095 2239 dicandi
1106 2211 1134 2238 in
1144 2210 1274 2246 eum,qui
1285 2209 1314 2237 in
1325 2209 1449 2236 istorum
1461 2207 1559 2242 aliquo
1569 2207 1653 2233 nobis
1662 2204 1802 2232 offecerit.

940 2251 961 2282 D
977 2257 1086 2284 Harum
1099 2257 1196 2291 itaque
1207 2255 1336 2282 actiones
1348 2253 1411 2280 sine
1424 2259 1542 2287 corpore
1567 2258 1631 2278 esse
1643 2250 1803 2284 nequeunt,

982 2304 1011 2329 at
1027 2301 1055 2329 in
1066 2300 1135 2336 quid
1145 2303 1231 2335 agent
1244 2296 1400 2334 sejunctas?
1414 2296 1483 2332 quid
1495 2294 1630 2327 alent,vel
1644 2293 1805 2329 augebunt,

983 2350 1024 2377 vel
1040 2348 1235 2385 progignent?
1251 2355 1336 2383 quem
1363 2343 1563 2373 ulciscentur?
1578 2343 1627 2370 sed
1646 2349 1739 2376 neque
1754 2349 1804 2368 cu-

981 2394 1088 2430 piditas
1104 2393 1162 2421 ulla
1179 2401 1207 2420 re
1224 2392 1351 2428 potietur
1375 2397 1474 2417 earum
1492 2396 1555 2423 qua:
1580 2386 1621 2413 illi
1642 2385 1803 2422 appetitum

982 2429 1175 2467 commovent.
1194 2437 1313 2464 Frustra
1328 2435 1417 2471 igitur
1437 2434 1523 2461 erunt
1539 2441 1545 2459 :
1563 2431 1641 2467 quod
1657 2438 1726 2458 sane
1743 2429 1806 2457 ﬁeri

984 2484 1095 2519 nequit.
1111 2481 1244 2518 Separari
1267 2489 1334 2515 ergo
1350 2488 1367 2506 ο.
1381 2477 1552 2514 corporibus
1578 2484 1634 2503 non
1659 2477 1756 2511 potest
1770 2483 1805 2502 ea

984 2527 1160 2560 substantia,
1172 2535 1205 2553 ex
1221 2534 1278 2561 qua
1300 2524 1373 2552 tales
1391 2523 1533 2559 prodeunt
1551 2521 1689 2548 actiones.
1709 2519 1762 2547 Sed
1780 2519 1805 2546 si

984 2577 1120 2608 vegetans
1135 2581 1151 2599 ει
1167 2580 1265 2599 crasso
1289 2577 1409 2606 corpore
1433 2567 1548 2603 sejungi
1565 2575 1622 2595 non
1648 2567 1759 2602 potest;
1778 2567 1807 2592 et

984 2626 1043 2645 una
1059 2625 1125 2644 cum
1139 2625 1171 2644 eo
1187 2616 1402 2651 corrumpitur:
1427 2613 1455 2640 id
1470 2612 1555 2640 exiis
1575 2611 1685 2639 clarum
1702 2612 1756 2642 est,
1773 2617 1807 2636 ex

985 2652 1093 2698 quibus
1109 2664 1178 2689 sunt
1193 2662 1234 2688 lia:
1251 2658 1510 2697 potestates,etiam
1528 2657 1556 2684 in
1575 2655 1726 2693 plantis,in
1742 2655 1806 2689 qui-

986 2709 1040 2736 bus
1054 2707 1184 2742 spiritale
1200 2715 1305 2742 corpus
1322 2713 1378 2732 non
1403 2703 1540 2731 cernitur.
1559 2702 1613 2730 Sed
1630 2705 1656 2728 et
1677 2701 1742 2735 post
1756 2706 1805 2725 cx-

986 2761 1099 2779 ccssum
1126 2752 1228 2779 animm
1253 2750 1373 2787 paulum
1397 2748 1538 2783 temporis
1553 2748 1582 2774 in
1608 2747 1662 2773 hoc
1685 2749 1805 2777 corpore

987 2805 1104 2825 manere
1120 2786 1263 2823 videntur.
1280 2794 1398 2830 Ungues
1413 2793 1491 2821 enim
1507 2794 1535 2819 et
1551 2790 1600 2825 pili
1617 2786 1724 2815 mortui
1741 2794 1804 2812 cor-
