1952 3052
141 126 216 156 1051

809 127 1019 158 MICHAELIS
1042 127 1177 158 PSELLI

1771 126 1858 156 1052

141 192 222 228 poris
235 194 390 229 augentur.
407 193 462 221 Sed
480 202 580 222 verum
597 194 624 222 id
651 202 709 222 non
728 196 773 223 est
789 203 796 222 :
813 203 865 223 nec
887 195 964 223 enim

1063 194 1084 220 οξ
1102 194 1150 230 μὶν
1163 192 1279 229 τούτων,
1295 193 1338 220 καὶ
1362 191 1417 230 ἰδίᾳ
1445 193 1608 230 θιῶρητὲον.
1637 191 1716 228 Πλὴν
1743 192 1768 220 εἰ
1795 191 1855 220 ἔστι

142 236 203 264 haec
218 240 372 273 augentur,
389 238 539 274 inquiunt,
553 239 602 266 sed
620 239 772 268 tabefactis
787 242 815 268 et
829 241 967 268 imminu-

142 281 181 309 tis
196 282 346 315 carnibus,
363 282 545 310 renudantur
570 283 676 318 magis,
699 283 736 311 ob
761 291 884 319 eamque
908 293 968 312 rem

143 327 255 361 majora
270 329 298 354 et
311 327 440 354 auctiora
457 327 718 362 apparent.Verum
728 328 762 356 de
771 328 818 355 his
827 329 969 364 peculiari

143 370 255 398 ratione
273 371 465 406 quaerendum
482 373 537 399 est.
553 371 583 399 Si
599 371 737 400 auctricis
755 372 903 400 facultatis
919 382 968 400 ve-

141 415 262 450 stigium
271 414 389 450 aliquod
398 415 426 443 in
434 417 968 452 corpure,qnemadmodumetaltricis,

1023 247 1049 265 τι
1063 239 1112 272 τῆς
1129 238 1278 273 αὐξητικῆς
1292 236 1373 276 ’ίχνος
1393 237 1438 265 καὶ
1456 236 1523 273 μετὰ
1543 237 1656 268 θάνατον
1673 236 1699 264 ἰν
1729 239 1771 272 τῷ
1802 237 1858 263 σώ-

1026 293 1100 319 ματι,
1132 283 1201 311 ὥστε
1221 283 1266 310 καὶ
1280 286 1330 318 τῆς
1345 283 1503 321 θρεῇικῆσ
1529 281 1573 310 διὰ
1591 283 1642 320 γὰρ
1662 283 1712 316 τήν
1738 280 1855 317 αὔξησιν

1024 328 1068 355 καὶ
1083 329 1101 363 ή
1116 329 1215 367 τροφή.
1232 329 1359 355 Ἐνταῦθα
1374 327 1426 366 ἄρα
1439 326 1524 362 δῆλον
1542 327 1583 354 ὅτι
1599 327 1626 354 ἐν
1642 330 1680 363 τῷ
1696 328 1806 364 σώματι
1822 327 1856 354 τὸ

1025 373 1090 400 εἶναι
1107 371 1215 410 ἔχουσιν
1243 373 1271 401 αἱ
1300 371 1427 409 δυνάμεις
1450 371 1539 400 αὗται.
1557 371 1589 401 Εἰ
1614 370 1643 400 δὲ
1658 371 1748 406 αὗται,
1763 372 1810 399 καὶ
1837 373 1855 406 ἡ

1024 418 1180 456 γεννητική
1197 421 1246 453 τῆς
1260 418 1311 457 γὰρ
1323 417 1406 452 αὐτῆς
1421 417 1476 446 ἐστι
1492 417 1676 455 συστοιχιίας.

143 462 209 496 post
225 461 346 487 mortem
363 462 494 488 remanet
508 462 589 495 (nam
606 464 725 497 propter
740 462 954 491 incrementum
981 463 1122 492 alimenta
1146 464 1319 500 sumuntur)
1342 463 1411 492 hinc
1437 463 1626 492 manifestum
1651 464 1706 496 est,
1730 471 1783 491 eas
1807 463 1856 490 ia-

142 504 267 534 cultates
295 505 323 532 in
351 513 472 542 corpore
494 514 568 534 esse.
594 506 644 534 Sin
669 508 767 534 autem
793 507 846 543 hae,
869 508 1036 544 generatrix
1062 516 1201 544 quoque;
1228 509 1361 545 ejusdem
1391 508 1470 536 enim
1500 510 1545 536 est
1571 507 1687 543 generis
1716 510 1744 536 et
1775 507 1858 535 ordi-

144 550 200 578 nia.

178 615 272 650 Hujus
289 622 354 642 vero
379 613 498 650 aliquod
523 616 611 643 etiam
635 615 790 652 vestigium
808 617 836 643 in
855 619 970 645 mortuo

144 659 370 695 corpore,videri
385 660 500 696 possint
514 668 577 696 qua:
593 660 660 688 inde
675 663 845 697 erumpunt,
858 660 970 689 anima-

144 704 194 739 lia,
209 712 317 741 vespm,
333 704 407 736 dico,
423 712 457 731 ex
473 704 688 740 equinis,apes,
706 713 740 732 ex
755 706 891 741 taurinis,
908 714 971 733 ver-

145 757 208 777 mes
223 757 256 777 ex
279 749 419 777 humanis
444 749 644 782 cadaveribus,
661 751 690 777 et
714 750 835 783 similia,
857 758 969 786 verum,

143 793 454 830 inquiunt,brutorum
472 794 570 821 anima
586 802 642 821 non
654 793 716 830 jam
732 795 848 822 exsistit
863 795 891 823 in
909 803 972 823 cor-

143 846 233 873 pore;
256 839 410 873 permanet
435 837 513 866 enim
537 840 604 874 post
626 838 801 872 discessum.
827 840 913 868 etiam
938 849 972 869 ea

1063 615 1130 643 ’Ίόοι
1149 616 1178 643 ἂν
1193 626 1233 647 τις
1252 615 1297 643 καὶ
1313 614 1391 654 ἰγνος
1402 626 1427 643 τι
1443 615 1544 651 ταύτης
1573 612 1599 642 ἐν
1626 617 1666 652 τῷ
1689 617 1778 653 νεκρῷ
1801 614 1859 641 σώ-

1030 671 1104 697 ματι,
1120 660 1152 688 τὰ
1173 660 1299 699 γινόμενα
1329 662 1394 695 ζῶα⁸
1420 663 1525 699 σφῆκας
1551 659 1623 698 λέγω
1649 659 1694 687 καὶ
1725 658 1859 697 μελίσσας

1027 705 1071 733 καὶ
1103 704 1248 739 σκώληκας
1276 705 1369 733 καὶτὰ
1389 704 1481 742 ὅμοια.
1497 707 1528 732 Ἦ
1546 705 1592 741 μέν
1608 715 1650 733 τοι
1664 703 1779 742 ἄλογος,
1811 714 1860 743 φα-

1028 750 1080 786 σὶν,
1102 749 1151 778 οὐκ
1165 747 1204 778 ἔτι
1227 749 1253 777 ἐν
1268 751 1308 786 τῷ
1335 750 1442 786 σώματι
1463 746 1521 788 ἔχει
1536 749 1567 777 τὸ
1583 749 1662 777 εἶναι’
1686 747 1860 786 ἒπιδιαμὲνει

1027 795 1078 833 γὰρ
1090 795 1134 822 καὶ
1153 793 1220 831 μιτᾶ
1248 794 1296 829 τὴν
1327 791 1417 830 ἔξοδον
1436 794 1480 821 καὶ
1499 793 1674 831 ὑποκείμενον
1699 790 1804 831 ἔχουσα
1827 793 1859 820 τὸ

1029 839 1210 876 πνευματικὸν
1238 840 1327 876 σῶμα.
1355 839 1441 876 Ὅπερ
1457 837 1513 866 ἐστὶ
1529 839 1578 875 μὶν
1593 839 1638 866 καὶ
1654 837 1719 866 αὖτό
1737 837 1766 866 ἐκ
1790 839 1861 865 τῶν-

145 890 208 918 quae
231 881 397 917 subjectum
410 881 498 910 habet
513 890 619 918 corpus
637 883 765 919 spirans,
782 885 860 919 quod
876 884 970 920 ipsum

1063 883 1194 922 ,Λέγεται
1217 882 1245 911 δὲ
1275 883 1304 911 ἐκ
1328 886 1377 911 τοῖ’)
1403 883 1602 918 πλεονάζοντος
1618 881 1742 917 ἤτοι.τοῦ
1767 881 1859 919 ἀέρος·

146 934 180 954 ex
195 925 242 954 his
257 934 376 962 quoque
390 929 505 955 constat
522 926 686 962 elementis,
705 928 754 956 sed
772 929 808 956 ab
833 938 909 962 aere,
924 936 974 966 qui

146 971 175 999 in
202 979 235 999 eo
264 974 430 1008 exsuperat,
461 971 917 1009 appellaturzquemadmodum
947 977 974 1003 et

145 1024 280 1044 crassum
296 1017 434 1044 terrestre
458 1024 564 1052 corpus
579 1025 595 1044 a
611 1019 698 1051 terra,
715 1026 778 1053 quae
795 1018 823 1046 in
841 1026 873 1046 eo
889 1027 973 1046 essu.

147 1062 240 1096 perat,
257 1060 392 1088 similiter
407 1061 524 1089 dicitur.
540 1061 647 1089 Verum
671 1061 731 1090 hace
756 1063 855 1098 opinio
870 1063 974 1092 Greca:

148 1105 246 1141 potius
261 1107 307 1133 est
317 1105 455 1134 vanitatis
467 1114 554 1141 quam
568 1106 718 1135 veritatis:
732 1116 794 1143 qua:
806 1107 830 1136 si
851 1108 974 1144 probare

148 1150 254 1178 nititur
264 1150 417 1177 hrutorum
441 1151 570 1178 animam
583 1153 610 1179 et
621 1151 743 1179 rationis
761 1155 906 1187 expertem
919 1153 973 1180 hoc

147 1202 255 1230 corpus
265 1194 381 1230 spirans
398 1196 562 1223 necessario
579 1196 696 1230 habere,
717 1199 781 1232 post
796 1197 971 1233 discessum,

147 1238 296 1274 inquiunt,
313 1239 348 1266 ab
360 1238 414 1267 hoc
427 1248 548 1276 corpore
561 1241 594 1267 ad
617 1248 718 1268 orcum
731 1241 846 1269 devenit
862 1241 972 1277 anima,

146 1283 243 1311 etvitie
257 1292 312 1311 non
324 1284 444 1312 honeste
452 1287 606 1313 transacta;
631 1294 731 1321 pmnas
745 1287 891 1322 persolvit.
909 1290 971 1316 Non

145 1328 223 1356 enim
241 1328 268 1356 id
292 1330 407 1356 tantum
424 1331 506 1357 curat
530 1330 727 1364 Providentia,
744 1333 776 1358 ut
800 1332 903 1367 simus,
921 1332 971 1360 sed

146 1377 178 1401 ut
187 1373 261 1400 bene
276 1372 381 1401 simus.
399 1374 492 1407 Quare
509 1382 565 1402 non
581 1374 739 1410 negligitur
759 1375 869 1411 anima,
886 1376 939 1404 etsi
955 1385 972 1404 ιι

145 1420 258 1445 naturis
273 1426 330 1445 sum
355 1418 418 1454 lege
440 1418 590 1454 exciderit,
617 1419 667 1447 sed
692 1428 821 1456 congrua
834 1429 905 1449 cura
920 1422 970 1449 ad-

145 1462 340 1490 ministratur.
357 1465 393 1490 Et
409 1465 565 1499 postquam
583 1471 634 1499 per
659 1464 833 1493 hilaritatem
860 1467 887 1493 et
901 1466 972 1494 effu-

145 1515 208 1534 sam
225 1507 356 1534 laetitiam
374 1508 513 1544 peccavit,
533 1509 697 1536 necessario
714 1517 764 1545 per
779 1510 909 1538 dolorem
922 1519 969 1538 ex-

144 1551 330 1587 purgabitur.
347 1555 417 1579 Cum
434 1560 501 1580 vero
513 1553 684 1589 incorporea
699 1554 747 1587 sit,
764 1553 894 1582 dolorem
911 1563 967 1583 non

145 1596 262 1628 sentiet,
274 1604 369 1631 neque
385 1596 507 1624 internis
523 1597 582 1624 illis
597 1597 762 1626 carceribus
775 1600 804 1626 et
817 1600 970 1628 tormentis

146 1640 294 1675 punietur.
308 1640 350 1668 Ab
376 1649 410 1668 ea
425 1641 514 1676 igitur
537 1650 624 1669 suum
641 1650 746 1678 corpus
771 1643 896 1679 pendere
920 1652 970 1671 ne-

145 1692 228 1712 cesse
244 1687 299 1720 est,
315 1685 393 1720 quod
411 1686 567 1714 immodice
587 1689 743 1721 secretum,
760 1687 803 1716 vel
827 1688 971 1716 immode-

146 1731 208 1756 rato
225 1730 327 1757 ardore
352 1732 380 1757 et
405 1730 520 1758 ustione
544 1733 722 1765 concretum,
745 1732 886 1766 animam,
903 1733 972 1768 quia

146 1782 212 1802 cum
230 1774 280 1802 illo
297 1775 416 1810 patitur,
433 1776 589 1803 excruciat.
606 1776 661 1804 Sed
683 1777 852 1812 responderi
876 1779 972 1814 potest

147 1819 182 1846 ad
207 1818 289 1847 illam
315 1821 621 1855 argumentationem:
639 1821 669 1849 Si
694 1829 710 1848 a
725 1829 824 1850 crasso
851 1829 973 1858 corpore

145 1864 279 1899 sejuncta
295 1864 404 1898 anima,
421 1873 473 1900 per
496 1865 627 1900 spiritale
650 1874 758 1902 corpus
783 1867 842 1902 pati
864 1869 892 1894 et
907 1875 972 1894 cru-

145 1908 217 1936 ciari
233 1909 395 1942 consuevit,
412 1909 485 1936 nihil
501 1910 616 1937 obstare
632 1911 792 1945 quominus
808 1911 843 1939 ab
861 1911 909 1940 illo
926 1912 974 1940 ab-

145 1954 254 1980 stracta
265 1953 413 1989 patiatur;
427 1954 665 1990 quandoquidem
678 1963 799 1990 prorsus
814 1956 850 1984 ad
863 1957 974 1992 patien?

144 1998 214 2024 dum
237 2000 321 2025 natas
346 1997 433 2026 habet
459 1998 623 2033 facultates,
650 2008 699 2034 per
724 2009 798 2035 quas
814 2010 831 2029 ει
847 1993 973 2037 spirits!l

144 2049 264 2077 corpore
281 2042 340 2077 pati
370 2042 454 2070 solet.
472 2043 726 2076 Quemadmodum
759 2045 837 2073 enim
861 2046 973 2075 aerium

142 2087 197 2113 hoc
213 2094 331 2122 corpus,
347 2087 454 2115 inferni
480 2089 628 2116 cruciatus
652 2089 790 2123 attinent,
806 2094 834 2118 et
857 2099 908 2127 per
932 2092 973 2119 id»

142 2129 292 2158 animam:
311 2131 350 2159 ita
366 2131 420 2159 etsi
436 2132 550 2160 nullum
569 2133 767 2162 intercedebat
789 2143 895 2171 corpus
911 2144 973 2164 me-

143 2175 238 2210 dium,
255 2175 330 2203 nihil
355 2178 417 2204 erat
440 2176 653 2212 impedimenti,
671 2179 832 2214 quominus
859 2180 973 2209 dolores

141 2219 270 2248 animam
288 2219 473 2256 attingerent.
490 2221 554 2249 Sive
577 2222 656 2250 enim
671 2222 734 2251 sine
759 2232 883 2260 corpore
908 2233 972 2254 esse

139 2263 277 2299 dixerint,
295 2264 377 2292 facile
390 2265 518 2293 animam
531 2267 676 2302 attingant
691 2280 697 2301 ;
713 2268 774 2296 sive
790 2269 818 2296 in
835 2277 966 2306 corpore,
984 2264 1007 2295 D

139 2316 191 2344 per
202 2316 308 2344 corpus
319 2309 418 2337 anima
429 2312 594 2346 pateretur:
610 2313 776 2347 conjunctio
787 2314 865 2342 enim
879 2314 969 2343 nihilo

140 2353 234 2389 magis
247 2362 311 2381 eam
324 2354 403 2387 facit,
421 2357 452 2382 ut
464 2355 602 2391 patiatur.
620 2356 727 2385 Verum
744 2357 805 2385 haec
818 2359 970 2387 diffusiora

139 2401 219 2431 sunt,
236 2407 324 2434 quam
344 2402 377 2427 ut
401 2400 577 2429 collectanea
594 2402 704 2430 deceat.
722 2403 775 2431 Sed
793 2406 821 2431 et
839 2403 885 2432 his
902 2414 969 2440 pro-

137 2442 205 2470 bare
231 2451 261 2470 se
286 2445 448 2478 confidunt,
465 2446 598 2481 spiritale
619 2455 737 2483 quoque
761 2457 868 2484 corpus
891 2457 966 2478 esse.

139 2495 192 2514 nec
208 2487 244 2514 ab
260 2496 293 2515 eo
311 2489 398 2516 etiam
416 2493 482 2524 post
507 2494 641 2526 mortem,
659 2491 816 2521 humanam
837 2494 966 2523 animam

139 2532 270 2567 separari
287 2540 373 2567 posse
389 2540 395 2560 :
414 2536 502 2570 atque
515 2535 544 2563 in
561 2539 640 2568 eo,ut
656 2537 684 2563 in
701 2537 876 2572 subjecto,et
892 2538 966 2567 iram

139 2584 203 2604 esse
220 2579 248 2603 et
273 2577 530 2613 concupiscentem
559 2580 672 2615 dicunt,
686 2589 737 2609 nec
753 2582 788 2610 ab
803 2590 835 2610 eo
850 2584 966 2620 sejungi

139 2627 244 2656 posse;
262 2624 328 2656 post
343 2625 466 2650 mortem
483 2624 561 2652 enim
579 2625 620 2652 ira
636 2628 664 2653 et
688 2626 833 2662 cupiditas
849 2635 965 2663 perma-

139 2667 220 2697 nent,
237 2673 301 2701 qua:
317 2666 347 2694 in
363 2667 497 2702 subjecto
514 2669 638 2704 spiritali
661 2678 780 2706 corpore
807 2671 918 2701 insunt.
935 2674 963 2701 Si

137 2710 215 2737 enim
241 2710 330 2738 simul
353 2719 386 2739 ac
402 2720 416 2739 e
432 2721 551 2749 corpore
580 2722 700 2750 egressa
724 2719 768 2744 est
793 2716 901 2751 anima,
927 2719 963 2746 ab

138 2755 217 2782 omni
235 2754 316 2784 ﬁeret
340 2756 471 2784 eruciatu
489 2760 516 2784 et
532 2766 607 2786 noxa
632 2759 784 2794 immunis,
800 2770 871 2797 pura
887 2765 964 2790 esset

137 2799 265 2834 penitus,
282 2803 309 2828 et
326 2808 342 2829 a
356 2801 545 2837 generatione
570 2802 660 2832 libera
676 2813 683 2832 :
700 2805 735 2833 ab
760 2806 839 2834 omni
866 2808 963 2835 autem

1030 926 1120 966 ὥσπερ
1136 929 1221 957 καὶτὸ
1237 927 1312 967 παχὺ
1327 930 1422 967 γήϊνον
1438 927 1468 956 ἐκ
1481 929 1531 956 τοῦ
1547 927 1746 963 πλεονάζοντος
1764 926 1859 954 ὡσαύ-

1028 984 1094 1005 τως,
1110 973 1185 1009 Αὕτη
1218 973 1265 1010 μὶν
1296 973 1341 1001 οὖν
1372 974 1389 1008 ἡ
1415 971 1479 1008 δόξα
1494 971 1662 1008 Ἑλληνικῆς
1677 973 1732 1000 ἐστι
1751 971 1861 1009 μᾶλλον

1031 1017 1199 1056 μυθολογίας
1231 1019 1249 1054 ἢ
1281 1017 1409 1053 ἀληθείας
1428 1039 1434 1046 .
1462 1017 1493 1044 El
1520 1015 1549 1045 δὲ
1574 1018 1619 1045 καὶ
1648 1014 1860 1051 κατασκευῖέζειν

1028 1066 1172 1101 πειρᾶται,
1204 1062 1230 1098 ἐξ
1258 1062 1377 1100 ἀνάγκης
1405 1060 1478 1100 ἔχειν
1498 1061 1548 1096 τήν
1573 1059 1672 1100 ἄλογον
1702 1061 1800 1099 ψυχὴν
1829 1058 1861 1087 τὸ

1028 1108 1211 1144 πνευματικὸν
1239 1108 1319 1134 τοῦτο
1345 1108 1434 1143 σῶμα,
1465 1107 1554 1144 φασὶν,
1582 1105 1622 1134 ὅτι
1654 1105 1720 1143 μετᾶ
1748 1105 1800 1140 τὴν
1833 1103 1862 1132 ἐκ

1027 1153 1124 1181 τούτου
1150 1155 1198 1180 τοῠ
1226 1152 1354 1189 σώματος
1381 1150 1485 1188 ἔξοδον,
1516 1151 1554 1183 εἷς
1583 1149 1648 1187 ᾅδου
1662 1152 1818 1192 ἀφικνεῖται
1843 1151 1859 1186 ἦ

1027 1199 1116 1236 ψυχὴ,
1132 1197 1177 1225 καὶ
1193 1197 1287 1228 ποινὰς
1313 1196 1399 1225 ἐκεῖσε
1419 1199 1473 1224 τῶν
1503 1196 1533 1224 οὗ
1561 1195 1654 1227 καλῶς
1686 1193 1859 1234 βεϐιωμένον

1027 1243 1153 1280 παρέχει.
1170 1241 1207 1271 Οὐ
1232 1242 1284 1280 γὰρ
1310 1241 1389 1278 μόνον
1418 1242 1449 1269 τὸ
1477 1241 1543 1269 εἶναι
1573 1242 1653 1277 ἡμῶν
1675 1241 1817 1278 φροντίζει
1842 1242 1858 1275 ἡ

1027 1289 1153 1325 πρόνοια.
1181 1286 1253 1315 ἀλλὰ
1267 1287 1298 1314 τὸ
1314 1286 1342 1314 εὗ
1365 1286 1441 1315 εἶναι.
1460 1286 1506 1313 Διὸ
1523 1285 1572 1313 οὐκ
1584 1284 1725 1322 ἀμελεῖται
1742 1286 1761 1320 ἠ
1778 1286 1858 1322 ψυχὴ

1027 1332 1066 1364 εἷς
1080 1332 1111 1360 τὸ
1126 1331 1199 1370 παρὰ
1229 1331 1305 1369 φύσιν
1327 1331 1533 1368 ἐξολισθήσασα,
1548 1329 1621 1358 ἀλλὰ
1645 1330 1775 1368 τυγχάνει
1808 1331 1860 1364 τῆς

1026 1376 1220 1416 προσηκούσης
1234 1375 1392 1413 ἐπιμελείας
1411 1385 1417 1392 ·
1446 1376 1491 1402 καὶ
1508 1373 1601 1409 ἐπειδὴ
1632 1374 1663 1402 τὰ
1691 1373 1858 1411 ἁμαρτάνειν

1025 1421 1093 1459 αὐτῇ
1123 1420 1166 1448 διὰ
1190 1419 1379 1459 γλυκυθυμίαν
1407 1420 1522 1460 ἐγένετο³
1551 1419 1576 1456 ἐξ
1604 1419 1722 1458 ἀνάγκης
1749 1419 1796 1446 καὶ
1827 1419 1858 1446 τὸ

1025 1467 1191 1504 καθαρθῆναι
1222 1464 1256 1493 δι’
1286 1464 1429 1504 ἀλγήσεως
1459 1464 1526 1502 αὐτῇ
1544 1464 1700 1502 γενήσεται.
1728 1463 1862 1499 Ἀσώμα-

1024 1520 1071 1542 τος
1085 1509 1113 1538 δὲ
1133 1509 1208 1544 οὗσοι⁷
1234 1510 1284 1537 οὐκ
1300 1508 1329 1537 ἃν
1348 1508 1506 1547 ἀλγύνοιτο,
1525 1507 1588 1536 οὐδὶ
1602 1510 1661 1540 τοῖς
1679 1506 1732 1535 ὑπὸ
1749 1509 1802 1546 γῆν
1819 1506 1860 1535 δι-

1025 1555 1203 1593 καιωτηρίοις
1241 1554 1409 1590 κολάζοιτο.
1455 1553 1559 1583 Οὔκουν
1603 1554 1703 1592 ἀνάγκη
1744 1553 1858 1590 σώματι

1028 1601 1138 1640 ἐξῆφθαι
1168 1600 1261 1635 αὐτῆς·
1279 1600 1293 1627 "o
1309 1599 1515 1637 διακρινόμενον
1532 1598 1669 1637 ἀμέτρως,
1698 1599 1715 1633 ἣ
1740 1609 1858 1636 συγκρι-

1025 1646 1138 1682 νόμενον
1169 1644 1220 1672 ὑπὸ
1236 1644 1368 1684 ”φλέξεως
1395 1643 1552 1680 ἢκαύσεως
1582 1643 1712 1681 ἀμέτρου,
1742 1642 1856 1680 ἀλγύνει

1025 1691 1074 1724 τήν
1104 1690 1196 1727 ψυχὴν
1211 1688 1257 1716 διὰ
1270 1690 1319 1723 τὴν
1347 1688 1527 1725 συμπάθειαν.
1557 1687 1646 1717 Ἀλλᾶ
1669 1687 1720 1725 γὰρ
1738 1686 1794 1724 ἐρεῖ
1810 1696 1853 1718 τις

1026 1735 1095 1772 πρὸς
1123 1735 1171 1769 τὴν
1202 1733 1399 1771 πιθανολογίαν
1428 1732 1538 1767 ταύτην.
1569 1732 1605 1763 ὡς
1633 1731 1656 1759 εἷ
1688 1731 1808 1768 πέφυκεν
1838 1731 1855 1766 ἡ

1027 1780 1103 1818 ψυχὴ
1129 1778 1305 1816 χωριζομένη
1322 1779 1371 1805 τοῦ
1399 1778 1503 1815 παχέος
1519 1778 1657 1814 σώματος,
1678 1775 1795 1814 πάσχειν
1811 1774 1856 1803 διὰ

1026 1826 1074 1852 τοῦ
1102 1824 1285 1860 πνευματικοῦ
1313 1823 1440 1860 σώματος
1474 1822 1519 1849 καὶ
1547 1820 1710 1859 ἀλγύνεσθαι
1728 1829 1735 1836 ·
1775 1819 1854 1848 οὐδὲν

1026 1868 1128 1896 κωλύει
1144 1868 1226 1902 αὐτὴν
1254 1867 1299 1895 καὶ
1315 1867 1404 1905 χωρὶς
1432 1866 1534 1894 ἐκείνου
1548 1866 1579 1894 τὸ
1607 1866 1692 1897 πάθος
1724 1864 1854 1903 ἀναδέχε-

1027 1915 1098 1941 σθαι·
1130 1913 1203 1950 εἷ’περ
1233 1911 1306 1943 ὅλως
1321 1910 1366 1940 καὶ
1393 1910 1544 1947 παθητικὰς
1565 1909 1624 1948 ἔχει
1653 1908 1794 1946 δυνάμεις,
1821 1908 1856 1937 δι’

1028 1958 1064 1985 ὧν
1093 1957 1137 1985 καὶ
1165 1956 1280 1994 πάσχειν
1310 1957 1361 1984 ὑπὸ
1390 1957 1437 1983 τοῦ
1452 1956 1636 1992 πνευματικοῦ
1664 1954 1793 1990 σώματος
1809 1953 1856 1982 πὲο

1028 2013 1120 2042 φυκεν.
1144 2002 1246 2039 Ὥσπερ
1261 2001 1310 2039 γὰρ
1326 2002 1375 2028 τοῦ
1403 1998 1543 2038 ἀερώδους
1557 1999 1654 2027 τούτου
1666 1999 1796 2035 σώματος
1821 1998 1854 2025 τὰ

1028 2047 1054 2075 ἐν
1072 2045 1137 2082 ᾅδου
1164 2046 1236 2081 πάθη
1254 2046 1378 2073 ἅπτεται·
1410 2043 1452 2072 διὰ
1476 2043 1504 2072 δὲ
1518 2043 1616 2072 τούτου
1643 2042 1688 2071 καὶ
1719 2047 1771 2078 τῆς
1803 2044 1853 2080 ψυ-

1030 2095 1094 2129 χῆς·
1111 2091 1183 2118 οὕτω
1207 2090 1251 2118 καὶ
1268 2090 1290 2118 εἶ
1309 2091 1346 2127 μὴ
1365 2089 1445 2126 μέσον
1461 2085 1687 2126 παρελαμϐἀνετο
1703 2088 1734 2115 τὸ
1761 2088 1852 2123 σῶμα,

1029 2135 1106 2164 οὐδὲν
1135 2135 1168 2169 ἦν
1195 2133 1334 2171 ἐμποδὼν,
1366 2134 1494 2166 ἅπτεσθαι
1523 2132 1556 2160 τὰ
1584 2131 1656 2167 πάοη
1682 2134 1731 2167 τῆς
1747 2133 1852 2168 ψυχῆς.

1028 2182 1077 2209 "Av
1104 2190 1133 2207 τε
1160 2179 1209 2217 γὰρ
1239 2178 1382 2216 ἀσώματον
1414 2178 1560 2213 ὑποθῶσιν,
1577 2177 1698 2214 εὐχερῶς
1723 2175 1853 2214 ἐφάψεται

1027 2229 1078 2261 τῆς
1107 2227 1200 2262 ψυχῆς
1219 2247 1225 2253 .
1254 2226 1302 2252 "Av
1327 2225 1351 2252 τ’
1380 2224 1533 2260 ἕνσώματον
1549 2246 1555 2257 ,
1585 2221 1630 2250 διὰ
1653 2222 1701 2250 τοῦ
1726 2221 1854 2258 σώματος

1024 2269 1141 2307 ἔπασχεν
1155 2270 1172 2304 ἡ
1202 2270 1290 2306 ψυχή·
1306 2269 1322 2303 ἡ
1351 2269 1401 2307 γὰρ
1417 2266 1512 2299 ἓνωσις
1527 2265 1605 2295 οὐδὲν
1625 2265 1732 2304 μᾶλλον
1762 2271 1852 2301 παθη-

1023 2316 1101 2350 τικὴν
1115 2317 1189 2342 ποιεῖ
1211 2315 1260 2349 τὴν
1277 2315 1380 2352 ψυχήν.
1410 2313 1501 2342 Ἀλλὰ
1515 2313 1598 2341 ταῦτα
1617 2313 1664 2349 μὲν
1693 2314 1744 2346 τῆς
1772 2311 1851 2339 ἱκλο-

1024 2364 1074 2398 γῆς
1093 2359 1186 2396 μείζω.
1211 2358 1287 2393 Πλὴν
1313 2358 1357 2386 διὰ
1371 2360 1465 2393 τοῦτο,
1495 2356 1598 2385 οἴονται
1614 2357 1657 2384 καὶ
1681 2356 1713 2384 τὸ
1728 2365 1850 2391 πνευμα-

1023 2404 1097 2432 τικὸν
1122 2403 1329 2438 κατασκευάζειν
1346 2404 1386 2431 ὅτι
1416 2402 1472 2430 ἐστι
1488 2404 1577 2438 σῶμα,
1602 2402 1647 2429 καὶ
1672 2401 1713 2428 δτι
1744 2400 1851 2438 ἀχώρι.

1024 2459 1085 2480 στος
1101 2450 1184 2477 αὐτοῦ
1213 2449 1258 2476 καὶ
1288 2449 1355 2484 μιτᾶ
1381 2448 1493 2475 Θάνατον
1523 2448 1540 2481 ἡ
1566 2446 1668 2484 λογικὴ
1691 2446 1783 2482 ψυχή.
1808 2445 1851 2473 Ἐν

1021 2494 1111 2530 τούτῳ
1141 2492 1169 2521 δὲ
1197 2493 1234 2524 ὡς
1263 2493 1288 2520 ἐν
1320 2492 1501 2529 ὑποκειμένῳ,
1527 2490 1572 2518 καὶ
1601 2491 1646 2518 τὸν
1673 2490 1760 2526 θυμόν
1775 2498 1849 2528 φασι,

1021 2538 1066 2566 καὶ
1082 2539 1130 2573 τήν
1154 2537 1298 2574 ἐπιθυμίαν
1328 2537 1408 2570 εἶναι,
1423 2536 1468 2564 καὶ
1483 2535 1628 2574 άχώριστα
1649 2535 1733 2562 αὐτοῦ
1746 2534 1848 2571 τυγχά-

1021 2593 1086 2610 νειν*
1103 2583 1148 2610 καὶ
1164 2583 1214 2621 γὰρ
1232 2583 1300 2619 μετά
1321 2582 1368 2610 τὸν
1393 2582 1504 2609 θάνατον
1533 2580 1547 2608 ὁ
1564 2579 1650 2616 θυμὸς
1672 2579 1717 2607 καὶ
1745 2580 1764 2614 ἡ
1794 2578 1848 2606 ἐπι-

1021 2627 1104 2664 θυμία
1119 2626 1240 2663 διαμένει
1268 2627 1293 2654 ἐν
1323 2625 1504 2663 ὑποκειμένῳ,
1532 2621 1632 2662 ἔχοντα
1656 2625 1687 2651 τὸ
1717 2623 1796 2658 εἶναι,
1822 2623 1846 2650 ἐν

1018 2674 1059 2708 τῷ
1073 2671 1249 2708 πνεύματικῷ
1266 2672 1383 2708 σώματι.
1418 2670 1448 2698 El
1477 2670 1528 2707 γὰρ
1559 2670 1615 2704 ἅμα
1628 2669 1662 2705 τῇ
1688 2667 1774 2704 ἐξόδῳ
1803 2669 1848 2695 τοῦ

1020 2716 1148 2753 σώματος
1173 2716 1363 2751 ἀπηλλάττετο
1385 2716 1438 2742 τῶν
1468 2714 1559 2741 παθῶν
1584 2713 1686 2740 τούτων
1713 2714 1730 2747 ἡ
1757 2712 1846 2749 ψυχὴ,

1017 2761 1120 2798 καθαρὰ
1146 2760 1176 2788 ἂν
1202 2762 1234 2796 ἦν
1261 2761 1379 2795 πάντως,
1407 2759 1452 2788 καὶ
1481 2758 1611 2796 γενέσεως
1633 2756 1844 2795 ἀπηλλαγμένη.

1018 2805 1221 2844 ἀπηλλαγμένη
1252 2804 1281 2833 δὲ
1309 2804 1375 2833 οὖσα
1391 2803 1435 2832 καὶ
1462 2805 1516 2831 τῶν
1534 2804 1627 2834 παθῶν
1639 2802 1749 2837 καὶτῆς
1776 2801 1846 2839 γενέ-
