1952 3052
113 129 194 160 1053

861 132 913 163 DE
935 131 1072 163 ANIMA.

1744 138 1822 168 1054

112 204 192 230 σεως,
223 195 324 230 ἀνῆκτο
354 197 395 231 ἄν,
427 197 473 225 καὶ
499 198 549 226 οὐκ
572 197 603 226 ἄν
618 201 677 232 τοῖς
693 199 745 227 ὑπὸ
759 199 809 237 γῆν
826 196 929 225 δικαιωι

1020 197 1217 227 erturbatione
1231 202 1260 228 et
1274 200 1462 236 generatione
1477 200 1586 236 soluta,
1597 201 1720 230 dimissa
1735 206 1822 238 esset,

109 239 220 277 τηρίοις
236 239 410 278 παρεδίδοτο.
427 243 468 270 Τὰ
494 241 523 270 8‘s
553 242 734 282 δικαιωτήρια
762 243 940 283 ἐπιστρέφου-

114 294 155 310 σιν
185 285 269 319 αὐτὴν
298 286 366 324 πρὸς
394 287 513 322 ἑαυτὴν,
548 286 617 315 ὥστε
646 288 741 317 λοιπὸν
771 290 940 326 καταγνοῦσα

111 328 223 364 ἑαυτῆς,
247 329 335 366 οἰκείᾳ
358 331 434 369 ὁρμῇ
459 333 637 370 καθαρθῆναι.
669 333 742 361 Δί)τά
768 334 814 370 μὲν
842 332 892 371 γὰρ
908 332 941 360 τὰ

111 371 292 410 δικαιωτήρια
307 374 356 402 οὐκ
376 375 469 414 ἀνάγει
493 376 588 412 αὐτὴν,
618 377 691 406 ἀλλὰ
718 378 850 416 καθαίρει·
879 383 939 409 καο-

110 417 244 455 αιρομὲνη
271 417 299 446 δὲ
324 418 521 459 ὶπιστρὲφετκι,
552 422 597 449 καὶ
626 421 694 457 αὐτή
719 423 816 458 ἑαυτὴν
847 423 939 460 ἀνέχει

109 461 241 499 γινὲσεως
270 463 473 502 ἀπαλλαγιῖσα.
499 466 565 494 Τότε
592 465 682 494 τοίνυν
711 467 755 494 καὶ
778 467 823 494 τὸν
853 467 937 503 θυμὸν

109 506 156 534 καὶ
167 508 218 542 τὴν
234 507 380 545 ἐπιθυμίαν
407 510 561 538 ἀποτίθεται
581 511 649 548 μετὰ
663 511 761 539 τούτου
789 513 837 538 τοῦ
866 511 939 549 ὀχή-

111 561 208 588 ματος,
238 554 286 580 τοῦ
314 557 499 589 πνευματικοῦ
529 554 612 594 λέγω·
631 556 669 587 ὡς
685 556 751 584 εἶναί
769 567 795 583 τι
809 556 854 584 καὶ
872 556 939 593 μετὰ

106 597 190 624 τοῦτο
206 594 276 625 ἄλλο
290 608 316 625 τι
334 597 429 628 ἀϊδίως
458 599 542 634 αὐτῆς
572 600 724 637 ὲξημμένον
749 602 829 638 σῶμα
857 599 937 637 οὐρά-

106 650 178 674 νιον,
207 641 252 668 καὶ
282 640 325 670 διὰ
353 644 433 670 τοῦτο
449 642 547 678 ἀΐδιον,
564 644 608 671 καὶ
625 644 662 675 ὥς
687 655 777 684 φασιν,
799 643 938 682 αὐγοειδὲς

107 684 127 719 ἢ
153 684 317 724 ἀστροειδὲς.
346 688 408 715 Τῶν
432 687 482 726 γὰρ
508 687 661 726 ἐγκοσμίων
692 687 798 726 οὖσαν²
834 688 935 727 ἀνάγκη

107 729 218 761 πάντως
244 728 318 768 ἔχειν
347 731 409 758 τινὰ
431 731 550 770 κλῆρον,
566 733 594 760 ὅν
627 732 761 769 διοικήσει
780 733 861 772 μέρος
873 732 938 761 ὄντα

105 775 156 801 τοῦ
171 774 287 812 κόσμου⁷
303 775 348 803 καὶ
364 776 386 803 et
402 775 442 804 ἀεὶ
472 777 600 813 ἀκίνητός
624 777 691 814 ἐστι,
713 779 757 806 καὶ
785 778 826 806 δεῖ
853 778 935 813 αὐτὴν

107 818 238 857 ἐνεργεῖν,
256 818 297 847 δεῖ
325 819 407 856 αὐτὴν
423 820 496 860 ἔχειν
513 821 609 854 ἀϊδίως
624 822 775 860 ἐξημμένον
791 833 817 850 τι
846 825 935 859 σῶμα.

107 863 200 916 ἰΑλλὰ
213 867 297 893 ταῦτα
313 866 361 903 μὲν
379 867 404 894 ot
420 866 581 902 Ἑλληνικοὶ
615 868 660 896 καὶ
688 869 858 896 Πλατωνικοὶ
889 871 936 907 μῦ-
951 883 976 916 Β

108 909 163 938 Θοι.

146 963 220 1000 ’Ότι³
241 963 317 1003 φασὶ,
343 966 392 992 τοῦ
423 965 469 1001 μὶν
498 967 683 1002 πνευματικοῦ
710 967 836 1004 σώματος
852 967 866 995 ὁ
890 973 936 999 θυ-

110 1007 162 1043 μὸς
186 1008 231 1035 καὶ
260 1009 277 1044 ἡ
302 1008 434 1047 ἐπιθυμία
462 1010 614 1048 ἀχώριστα.
642 1011 731 1046 Δῆλον
766 1010 795 1040 δὲ
821 1012 863 1040 καὶ
894 1012 936 1040 δτι

108 1051 200 1090 ὥσπερ
224 1054 252 1080 αἶ
283 1053 392 1088 ζωτικαὶ
418 1055 446 1081 αἱ
475 1056 613 1093 θρεπτικαὶ
644 1057 693 1089 τῆς
722 1056 826 1094 ἀλόγου
857 1055 936 1084 δυνά-

109 1107 192 1132 μεως,
223 1096 249 1125 ἐν
279 1100 320 1134 τῷ
347 1099 479 1136 πνεύματι
497 1097 629 1138 ἵδρυνται,
658 1100 730 1128 οὕτω
758 1102 801 1129 καὶ
822 1101 850 1128 αἱ
862 1112 935 1139 γνω-

106 1141 207 1169 στικαί.
233 1142 264 1169 Et
293 1143 344 1180 γὰρ
361 1143 387 1170 αἶ
417 1143 528 1181 χείρους
544 1144 633 1172 αὐτῶν
647 1145 746 1173 τούτου
761 1147 810 1173 τοῦ
830 1146 936 1184 παχέος

106 1185 235 1221 σώματός
261 1186 312 1214 εἶσι
341 1188 487 1225 χωρισταὶ,
504 1187 604 1224 πολλῷ
618 1189 725 1225 μᾶλλον
740 1190 767 1216 αἱ
782 1189 932 1227 κρείττους·

104 1230 244 1267 κρείττους
261 1230 290 1259 δὲ
318 1232 345 1259 αἱ
375 1234 532 1270 γειωστικαὶ.
556 1234 687 1273 φαντασία
716 1233 790 1273 λέγω
819 1235 864 1262 καὶ
891 1234 934 1263 αἶ’-

105 1279 212 1310 σθησις.
243 1275 319 1305 Ἀλλ’
351 1276 373 1304 si
402 1278 445 1304 καὶ
477 1277 503 1304 ἐν
532 1277 626 1315 ἐκείνῳ
655 1275 750 1317 ἔχουσι
763 1279 793 1306 τὸ
810 1279 878 1306 εἶναι
906 1280 934 1306 αἱ

106 1317 205 1357 ἄλογοι
221 1323 270 1355 τῆς
286 1322 379 1359 ψυχῆς
397 1320 535 1358 δυνάμεις·
564 1321 628 1350 ἀλλ’
657 1323 702 1350 οὗν
723 1325 850 1362 φοιτῶσιν
868 1323 931 1362 ἴχνη

107 1364 169 1392 τινὰ
197 1365 242 1392 ἀπ’
272 1365 374 1393 ἐκείνου
402 1366 446 1393 καὶ
476 1366 520 1394 ἐπὶ
547 1367 579 1394 τὸ
608 1367 684 1406 παχὺ
707 1370 755 1395 τοῦ
782 1368 908 1405 σώματος
925 1377 932 1385 ·

109 1408 200 1446 ὥσπερ
229 1409 273 1437 καὶ
301 1410 354 1437 ἀπὸ
381 1412 429 1438 τοῦ
455 1413 502 1438 νοῦ
518 1410 650 1449 ἐλέγομεν
668 1414 761 1452 φοιτᾷν
778 1412 822 1440 ἐπὶ
846 1413 932 1444 πάσας

106 1454 154 1485 τὰς
168 1454 259 1485 κοινὰς
287 1453 400 1486 ἐννοίας.
425 1456 485 1484 ’Ὁτι
514 1455 563 1494 γὰρ
591 1457 736 1495 καὶμέχρι
760 1456 858 1485 τούτου
883 1460 932 1485 τοῦ

107 1497 235 1535 σώματος
251 1498 404 1537 ἐλλάμψεις
419 1502 532 1539 φοιτῶσι
547 1503 598 1536 τῆς
612 1500 716 1539 ἀλόγου
732 1505 815 1538 ζωῆς,
834 1501 930 1538 δῆλον·

108 1542 122 1569 ὁ
153 1543 200 1578 μὲν
229 1543 280 1582 γὰρ
297 1545 381 1580 θυμὸς
398 1547 467 1573 κινεῖ
481 1545 512 1572 τὸ
527 1544 702 1584 περικάρδιον
719 1547 798 1583 αἷμα,
814 1546 859 1575 καὶ
890 1546 931 1582 ζέ-

105 1597 146 1613 σιν
162 1588 222 1614 τινὰ
238 1588 320 1615 αὐτοῦ
336 1591 418 1616 ποιεῖ·
448 1590 466 1624 ἡ
483 1587 512 1616 δὲ
527 1590 655 1627 ἐπιθυμία
669 1591 700 1618 τὸ
715 1591 788 1629 ἧπαρ
817 1590 932 1620 τοιῶσδι

105 1631 123 1666 ἢ
147 1631 262 1660 τοιῶσδε
282 1631 416 1668 διατίθησι
445 1634 513 1670 πρὸς
541 1633 588 1666 τὰς
616 1635 714 1670 ἑαυτῆς
736 1636 868 1671 κινήσεις.
897 1637 930 1664 At

104 1675 243 1712 αἰσθήσεις
273 1687 301 1704 τε
330 1680 412 1705 πᾶσαι
439 1680 480 1714 τῷ
508 1678 649 1718 ἐγκεφάλῳ
678 1678 879 1716 ἐλλάμπονται·
905 1681 930 1717 ἐξ

103 1719 207 1748 ἐκείνου
236 1720 286 1759 γὰρ
310 1720 352 1749 ἐπὶ
381 1722 414 1749 τὰ
429 1721 595 1762 αἰσθητήρια
610 1722 654 1751 διὰ
676 1726 729 1752 τῶν
746 1726 847 1763 νευρῶν
863 1734 930 1763 χορ-

103 1766 210 1802 ηγεῖται
240 1766 257 1800 ἡ
284 1764 398 1802 δύναμις
424 1767 441 1801 ἡ
472 1766 632 1803 αἲσθητική·
650 1769 695 1796 καὶ
710 1769 877 1800 πεπονθότος
891 1779 929 1803 τι,

103 1809 141 1840 ὡς
157 1808 245 1846 ἴατροῖ
262 1807 424 1838 δεικνύουσι.
442 1813 497 1840 Τοῦ
523 1812 575 1850 γὰρ
599 1811 771 1850 καλουμένου
797 1814 930 1851 μήνιγγος

103 1852 224 1892 φύλακος
248 1853 416 1886 ἐπιτεθέντος
433 1878 439 1890 ,
478 1856 499 1883 εἰ
527 1854 666 1894 ἐπισυμϐῇ
694 1867 720 1884 τι
745 1859 786 1893 τῷ
816 1858 930 1895 μήνιγγι

104 1897 266 1933 ἀναίσθητον
283 1898 326 1926 καὶ
344 1898 471 1934 ἀκίνητον
487 1900 518 1927 τὸ
536 1902 604 1935 ζῶον
628 1900 737 1938 γίνεται.
767 1901 845 1930 Ἒοτι
860 1900 889 1929 δὲ
915 1902 928 1929 ὁ

104 1942 215 1979 μήνιγξ,
246 1942 318 1979 ὑμήν
348 1952 389 1974 τις
414 1943 518 1971 σκέπων
545 1944 591 1971 τὸν
619 1944 782 1984 ἐγκέφαλον,
810 1945 855 1973 καὶ
883 1956 928 1974 νο-

101 1986 191 2013 τιαίου
220 1985 318 2025 μέρους
339 1987 525 2024 πεπονθότος,
554 1989 585 2016 τὸ
617 1989 665 2026 μὲν
695 1988 820 2028 ἀνωτέρω
846 1990 927 2028 μέρος

99 2032 149 2057 τοῦ
183 2030 315 2063 παθόντος
345 2030 477 2059 ἀπολαύει
508 2032 682 2068 αἰσθήσεως·
719 2034 752 2061 τὰ
788 2033 817 2061 δὶ
853 2036 927 2062 κάτω

101 2074 247 2110 ἀναίσθητα
271 2075 384 2113 γίνεται,
415 2074 459 2103 διὰ
488 2076 518 2104 τὸ
547 2077 584 2114 μὴ
600 2079 781 2116 χορηγεῖσθαι
810 2076 848 2106 ἔτι
874 2080 928 2107 ἀπὸ

98 2118 149 2146 τοῦ
164 2119 315 2159 ἐγκεφάλου
331 2121 380 2155 τήν
396 2119 573 2159 αἶ’σθητικήνδ
583 2121 709 2160 δύναμιν,
737 2125 785 2151 τοῦ
811 2122 926 2161 ὀργάνου

100 2163 176 2202 λέγω
205 2163 238 2199 δὴ
267 2167 315 2192 τοῦ
341 2164 437 2202 νεύρου
467 2166 645 2203 πεπονθότος,
668 2167 718 2195 Καὶ
745 2168 770 2195 εἴ
792 2166 880 2204 δεθείη
899 2168 927 2197 δὲ

99 2212 193 2247 νεῦρον
210 2209 303 2245 πάλιν,
320 2210 480 2246 ἀναίσθητον
500 2211 548 2248 μὲν
563 2211 593 2238 τὸ
622 2213 695 2238 κάτω
711 2212 794 2250 μέρος
813 2212 926 2250 γίνεται,

996 250 1090 278 neque
1111 243 1233 272 infernis
1258 245 1413 281 suppliciis
1438 245 1566 279 addicta,
1581 254 1644 281 quae
1667 246 1762 282 ipsam
1787 248 1821 275 ad

995 295 1024 314 se
1049 290 1232 323 convertunt,
1248 292 1280 317 ut
1309 292 1402 317 semet
1427 289 1547 317 demum
1574 290 1639 326 ipsa
1665 291 1821 326 damnans,

996 332 1112 368 propria
1136 332 1162 360 vi
1190 336 1341 369 purgetur.
1364 336 1438 361 Nam
1467 342 1556 370 pcenae
1585 333 1642 362 illae
1671 343 1729 364 non
1755 345 1819 364 eam

994 376 1109 413 tollunt,
1132 378 1182 406 sed
1208 381 1357 415 purgant:
1375 380 1499 414 purgata
1523 386 1589 407 vero
1611 379 1676 416 ipsa
1699 388 1820 408 conver-

993 421 1077 455 titur,
1093 424 1122 449 et
1136 423 1200 458 ipsa
1216 431 1279 451 sese
1304 422 1411 451 attollit
1431 431 1447 451 a
1471 423 1661 459 generatione
1687 424 1820 454 liberata.

995 466 1077 494 Tunc
1093 466 1184 502 igitur
1208 470 1236 495 et
1260 468 1334 495 iram
1360 470 1388 495 et
1413 468 1604 504 cupiditatem
1630 469 1730 505 abjicit
1753 478 1821 498 cum

994 510 1049 538 hoc
1064 510 1208 545 vehiculo,
1226 512 1349 548 spiranti
1366 513 1430 540 dico
1454 521 1585 548 corpore,
1602 515 1634 541 ut
1657 513 1696 541 sit
1721 517 1822 550 postea

992 554 1071 582 aliud
1089 556 1304 590 quodammodo
1327 557 1540 593 sempiternum
1565 565 1599 585 ex
1623 558 1687 594 ipsa
1711 559 1821 595 depen-

993 599 1066 627 dens
1082 608 1189 636 corpus
1203 601 1334 637 :cceleste,
1352 603 1440 637 atque
1463 602 1534 629 adeo
1556 603 1708 636 aeternum,
1720 606 1819 639 atque,

993 645 1025 671 ut
1039 643 1212 680 loquuntur,
1230 645 1407 681 pellucidum
1425 647 1454 673 et
1470 646 1617 674 sidereum
1635 655 1642 675 :
1659 655 1726 675 cum
1741 648 1819 676 enim

993 696 1008 716 ο
1023 697 1121 716 rerum
1143 691 1249 718 natura
1274 689 1321 725 sit,
1339 698 1457 718 necesse
1481 692 1526 718 est
1549 693 1658 718 sortem
1675 694 1702 719 et
1718 693 1819 720 condi-

992 733 1102 761 tionem
1125 733 1255 770 aliquam
1271 734 1388 767 habeat,
1405 743 1504 770 quam,
1523 737 1555 762 ut
1575 736 1687 771 partem
1704 737 1819 772 mundi,

992 777 1179 806 administrct
1202 787 1209 807 :
1235 782 1263 807 et
1289 779 1313 807 si
1338 787 1454 815 semper
1479 779 1602 807 immota
1626 782 1680 814 est,
1697 788 1820 816 eamque

992 830 1077 858 agere
1093 825 1216 859 oportet,
1233 832 1339 860 corpus
1355 823 1442 852 etiam
1469 824 1587 860 aliquod
1603 826 1746 852 aeternum
1762 825 1820 853 sibi

991 866 1158 895 devinctum
1176 867 1282 896 habeat
1298 870 1420 904 oportet.
1438 868 1492 896 Sed
1520 868 1563 896 hae
1587 871 1657 897 sunt
1672 870 1775 898 Graecae
1791 873 1819 898 et

991 911 1145 940 Platonicae
1161 912 1277 940 fabulae.

1027 966 1101 993 Iram
1119 968 1146 994 et
1162 966 1351 1002 cupiditatem
1368 976 1384 994 a
1404 966 1528 1003 spiritali
1549 975 1667 1003 corpore
1690 968 1819 1004 separari

992 1017 1049 1037 non
1079 1019 1175 1046 posse,
1206 1010 1338 1038 nonnulli
1369 1011 1534 1039 afﬁrmant:
1562 1013 1592 1039 at
1620 1015 1733 1040 certum
1763 1015 1818 1047 est,

991 1055 1240 1090 quemadmodum
1257 1054 1360 1083 vitales
1372 1057 1399 1082 et
1414 1055 1558 1083 auctrices
1573 1056 1647 1084 vires
1663 1056 1818 1084 irrationa-

991 1098 1059 1126 bilis
1075 1098 1233 1133 facultatis,
1249 1098 1278 1127 in
1295 1098 1401 1135 spiritu
1424 1100 1486 1128 sitae
1511 1102 1590 1134 sunt,
1607 1100 1649 1128 sic
1665 1101 1754 1129 etiam
1770 1109 1818 1130 co-

990 1145 1175 1178 gnoscentes.
1192 1143 1220 1171 Si
1235 1143 1314 1171 enim
1331 1152 1394 1180 quae
1416 1146 1485 1172 sunt
1507 1145 1579 1181 ipsis
1596 1145 1765 1178 deteriores,
1781 1146 1818 1174 ab

991 1186 1043 1214 hoc
1057 1196 1156 1216 crasso
1172 1197 1292 1224 corpore
1314 1188 1494 1225 separabiles
1509 1192 1589 1224 sunt,
1607 1190 1700 1217 multo
1724 1189 1818 1226 magis

990 1233 1224 1268 praestantiores;
1255 1235 1285 1260 at
1313 1233 1470 1261 nobiliores
1497 1236 1568 1261 sunt
1594 1236 1816 1270 cognoscentes,

990 1276 1156 1312 phantasia,
1174 1277 1249 1310 dico,
1270 1279 1298 1304 et
1324 1286 1441 1305 sensus.
1458 1278 1512 1305 Sed
1539 1277 1593 1305 etsi
1619 1278 1742 1306 rationis
1769 1286 1818 1305 ex-

988 1323 1084 1357 pertes
1101 1322 1206 1349 animm
1222 1323 1392 1358 potestates,
1408 1322 1437 1349 in
1458 1322 1507 1349 illo
1523 1322 1631 1350 habent
1647 1326 1679 1350 ut
1694 1323 1763 1357 sint,
1780 1323 1816 1350 ab

989 1365 1038 1393 illo
1055 1368 1151 1395 tamen
1173 1367 1202 1394 in
1228 1375 1360 1394 crassum
1386 1366 1440 1394 hoc
1455 1368 1482 1394 et
1499 1369 1682 1402 compactum
1708 1375 1815 1404 corpus

988 1410 1111 1446 vestigia
1126 1411 1281 1447 prodeunt,
1295 1413 1356 1438 uta
1373 1413 1479 1445 mente,
1491 1411 1521 1439 in
1535 1419 1708 1440 communes
1724 1412 1816 1440 notio-

988 1463 1039 1483 nes
1069 1456 1185 1491 prodire
1218 1455 1400 1483 dicebamus.
1429 1455 1471 1483 Ad
1501 1456 1556 1484 hoc
1588 1456 1665 1484 enim
1695 1465 1813 1493 corpus,

987 1499 1146 1528 scintillam
1182 1501 1339 1536 quamdam
1367 1500 1431 1527 vitae
1461 1500 1633 1534 brutorum,
1665 1501 1814 1537 pervenire

987 1547 1111 1572 constat.
1129 1545 1202 1572 Nam
1227 1544 1267 1572 ita
1294 1544 1468 1580 sanguinem
1495 1544 1574 1572 cordi
1600 1545 1813 1574 circumfusum

988 1591 1095 1622 movet,
1120 1589 1247 1625 facitque
1273 1590 1304 1616 ut
1328 1589 1547 1624 quodammodo
1572 1588 1703 1617 ebulliat.
1729 1589 1814 1625 Cupi-

987 1633 1063 1661 ditas
1079 1641 1158 1666 vero,
1170 1634 1254 1669 jecur
1277 1632 1332 1661 hoc
1352 1633 1394 1661 vel
1411 1633 1460 1661 illo
1476 1634 1562 1661 modo
1585 1633 1676 1661 afﬁcit
1691 1634 1727 1662 ad
1743 1643 1813 1662 suas

987 1677 1141 1714 motiones,
1157 1681 1185 1705 et
1200 1678 1341 1714 disponit.
1357 1677 1391 1705 Et
1410 1686 1513 1706 omnes
1529 1687 1633 1706 sensus
1649 1678 1678 1706 in
1695 1679 1813 1707 cerebro

986 1721 1166 1750 elucescunt.
1183 1723 1225 1749 Ab
1239 1721 1288 1749 illo
1303 1722 1381 1750 enim
1398 1722 1428 1749 in
1446 1722 1642 1750 inrtrumonta
1657 1731 1812 1758 sensuum,

986 1767 1130 1794 sentiendi
1147 1766 1189 1794 vis
1211 1775 1263 1803 per
1287 1774 1390 1794 nervos
1407 1766 1592 1800 diffunditur,
1609 1766 1663 1794 etsi
1688 1766 1812 1794 illwsum

986 1819 1044 1838 non
1061 1811 1109 1846 sit,
1127 1813 1158 1838 ut
1173 1811 1280 1838 medici
1296 1811 1510 1838 demonstrant.
1527 1810 1599 1838 Cum
1615 1819 1682 1838 vero
1697 1811 1812 1838 involu-

985 1864 1066 1883 crum
1084 1855 1202 1883 cerebro
1218 1863 1269 1883 seu
1285 1854 1468 1891 {membrana
1483 1854 1574 1882 veluti
1596 1858 1697 1883 custos
1721 1863 1811 1891 appoo

984 1899 1041 1928 sita
1065 1900 1117 1935 sit;
1136 1899 1195 1927 haec
1219 1900 1243 1927 si
1270 1899 1339 1927 laesa
1363 1898 1460 1932 fuerit,
1476 1908 1582 1927 sensus
1607 1900 1639 1927 fit
1661 1902 1690 1927 et
1714 1903 1812 1928 motus

984 1953 1086 1980 expers
1106 1944 1226 1972 animal.
1244 1943 1292 1972 Est
1314 1946 1411 1971 autem
1438 1944 1556 1971 meninx
1580 1943 1716 1980 pellicula
1732 1953 1810 1980 quae-

982 1989 1047 2016 dam
1073 1989 1225 2017 cerebrum
1255 1988 1406 2016 involvens
1436 1991 1464 2016 et
1494 1990 1660 2024 protegens,
1677 1989 1762 2025 cujus
1785 1989 1810 2016 si

983 2034 1144 2069 posteriora
1159 2032 1293 2069 perculsa
1315 2033 1435 2067 fuerint,
1452 2041 1520 2069 pars
1537 2033 1657 2069 quidem
1682 2033 1811 2061 anterior

983 2086 1102 2106 sensum
1119 2078 1234 2113 retinet,
1251 2080 1280 2105 at
1295 2077 1416 2105 inferior
1431 2077 1541 2105 amittit
1557 2086 1563 2104 :
1581 2077 1658 2114 quod
1676 2087 1732 2105 non
1750 2086 1810 2106 am-

983 2121 1061 2158 plius
1080 2131 1096 2150 a
1123 2123 1241 2150 cerebro
1261 2122 1304 2149 vis
1329 2121 1475 2149 sentiendi
1501 2122 1715 2158 suppeditetur,
1740 2122 1809 2150 laeso

982 2166 1121 2194 nimirum
1138 2169 1166 2194 et
1183 2166 1284 2194 affecto
1301 2166 1497 2193 instrumento
1514 2174 1620 2194 sensus
1636 2166 1687 2202 qui
1703 2175 1809 2194 nervus

982 2213 1036 2239 est.
1054 2213 1088 2238 Et
1113 2219 1226 2244 rursus,
1243 2210 1268 2238 si
1292 2218 1399 2238 nervus
1422 2210 1576 2243 vinciatur,
1594 2218 1662 2245 pars
1687 2210 1808 2237 inferior

99 2254 131 2281 τὸ
145 2252 173 2281 δὲ
202 2255 257 2281 ἅνω
285 2254 357 2291 μένει
374 2255 541 2290 αἰσθητικόν.
558 2254 647 2290 Δῆλον
664 2256 710 2283 οὖν
725 2255 755 2283 ἐκ
767 2258 820 2284 τῶν
851 2257 925 2296 εἰρη-

1020 2264 1067 2283 isu
1099 2255 1247 2292 privatur,
1278 2255 1308 2282 in
1338 2255 1490 2290 superiore
1518 2263 1623 2282 sensus
1652 2254 1737 2290 viget.
1768 2254 1808 2282 Ex

101 2297 200 2334 μένων,
217 2297 258 2324 ὅτι
272 2298 301 2324 τέ
317 2298 372 2325 ἐστι
388 2299 569 2335 πνευματικὸν
582 2301 661 2336 σῶμα
675 2300 719 2327 καὶ
735 2299 832 2328 τούτου
848 2301 923 2339 ἀχώ-

100 2351 178 2379 ριστοι
192 2341 276 2378 θυμὸς
291 2343 334 2370 καὶ
352 2342 495 2379 ἐπιθυμία.

135 2440 208 2474 Ὅτι,
235 2440 326 2479 φασὶν,
348 2442 366 2476 ἡ
392 2440 495 2476 εἶ’δησις
524 2441 629 2479 τρίττή·
657 2444 674 2478 ἡ
704 2443 754 2480 γὰρ
783 2442 922 2479 ἐπιστήμη

99 2484 207 2522 λέγεται
230 2482 342 2519 εἷ’δησις,
360 2484 396 2516 ὥς
412 2495 492 2523 φησιν
510 2486 524 2512 ό
540 2485 653 2513 Πλάτων
683 2485 709 2514 ἐν
735 2489 774 2523 τῷ
790 2486 921 2516 Φαίδωνι.

97 2529 133 2556 Τὸ
148 2528 199 2567 γὰρ
226 2527 321 2556 εἷ’δέναι
346 2529 426 2556 τοῦτό
450 2528 516 2565 ἐστι,
533 2530 564 2557 τὸ
585 2527 703 2558 λαϐόντα
729 2541 780 2558 που
810 2531 921 2568 ἰπιστή-

100 2585 154 2611 μην
170 2571 243 2612 ἔχειν
257 2573 302 2600 καὶ
326 2573 363 2610 μή
386 2570 603 2609 ἆποϐεϐλῆσθαι,
628 2575 646 2610 ἢ
670 2576 688 2610 ἡ
706 2574 922 2614 ὀλοσχερεστέρα

96 2617 207 2656 γνῶσις,
233 2618 250 2653 ἢ
266 2615 362 2648 ἁπλῶς
381 2618 399 2652 ἡ
427 2617 568 2655 κοινοτέρα
593 2618 636 2645 καὶ
666 2618 768 2646 τούτων
797 2619 922 2657 ἑκάτερον

97 2663 275 2701 περιέχουσα,
292 2661 329 2693 ὥς
344 2672 424 2699 φησιν
449 2661 640 2701 Ἀριστοτέλης
654 2662 680 2691 ἐν
702 2666 761 2696 τοῖς
785 2667 919 2702 φυσικοῖς,

97 2705 189 2742 ἐπειδὴ
205 2708 236 2734 τὸ
253 2705 350 2734 εἰδέναι
366 2706 457 2734 καὶτὸ
487 2705 642 2739 ἐπίστασθαι
672 2708 734 2745 περὶ
763 2708 849 2739 πάσας
873 2709 920 2740 τὰς

97 2752 261 2788 ἐπιστήμας.
292 2751 342 2778 Διὰ
368 2751 413 2787 μὲν
443 2752 495 2789 γὰρ
523 2754 572 2779 τοῦ
595 2750 692 2780 εἰδέναι
706 2753 754 2788 τὴν
779 2753 916 2792 ὁλοσχερῆ

96 2799 194 2835 γνῶσιν
221 2795 358 2834 σημαίνει“
387 2794 432 2824 διὰ
454 2794 482 2824 δὲ
493 2798 541 2824 τοῦ
556 2796 713 2830 ἐπίστασθαι
727 2798 776 2833 τὴν
805 2796 916 2837 ἀκριϐῆ,

981 2300 1025 2328 his
1051 2300 1154 2336 liquet,
1170 2300 1246 2335 {esse
1266 2308 1373 2335 corpus
1394 2299 1513 2334 aliquod
1541 2298 1681 2335 spiritale,
1713 2301 1742 2326 et
1770 2299 1806 2326 ab

979 2352 1023 2378 eo,
1046 2345 1219 2372 irascentem
1246 2346 1274 2371 et
1295 2343 1549 2379 concupiscentem
1574 2342 1720 2380 segregari
1748 2351 1804 2371 non

978 2398 1074 2424 posse.

1013 2442 1127 2479 Triplex
1155 2442 1312 2478 quaepiam,
1343 2441 1437 2475 aiunt,
1466 2441 1545 2468 notio
1573 2443 1618 2469 est
1646 2449 1652 2469 :
1683 2441 1805 2469 scientia

977 2487 1056 2516 enim
1086 2487 1191 2514 notitia
1214 2486 1332 2519 dicitur,
1351 2489 1382 2512 ut
1411 2485 1452 2512 ait
1480 2485 1509 2512 in
1540 2485 1681 2514 Phtedonc
1710 2486 1802 2514 Plato.

977 2534 1050 2559 Nam
1075 2531 1149 2560 scire
1178 2534 1233 2563 est,
1257 2533 1415 2567 postquam
1445 2530 1595 2558 scientiam
1625 2531 1802 2567 susceperis,

977 2585 1040 2604 eam
1058 2577 1183 2604 retinere
1208 2583 1259 2603 nec
1277 2575 1424 2608 amittere;
1440 2575 1486 2602 vel
1502 2574 1588 2611 plena
1611 2579 1638 2604 et
1663 2584 1801 2604 consum-

977 2623 1056 2649 mata
1071 2620 1208 2656 cognitio,
1221 2619 1264 2648 vel
1280 2619 1447 2647 communis
1457 2621 1486 2647 et
1501 2620 1654 2655 interjecta
1666 2621 1800 2656 quaedam

977 2666 1079 2693 harum
1097 2667 1249 2698 utramque
1274 2663 1436 2699 continens,
1454 2666 1486 2691 ut
1504 2664 1606 2692 scribit
1629 2664 1800 2692 Aristoteles

975 2710 1003 2737 in
1022 2709 1160 2746 physicis.
1172 2708 1245 2741 Quia
1259 2710 1339 2736 certo
1355 2708 1429 2735 scire
1444 2710 1473 2736 et
1488 2717 1671 2745 cognoscere,
1689 2710 1723 2735 ad
1739 2716 1799 2735 om-

974 2763 1026 2782 nes
1041 2753 1180 2782 scientias
1196 2753 1354 2788 pertinent.
1367 2752 1440 2780 Nam
1456 2761 1507 2789 per
1523 2752 1603 2786 illud,
1618 2754 1695 2780 certo
1712 2752 1796 2783 scire,

973 2799 1090 2836 plenum
1116 2798 1332 2835 perfectamque
1348 2798 1541 2833 cognitionem
1557 2796 1704 2832 signiﬁcat
1721 2804 1728 2824 :
1745 2804 1796 2831 per
