1950 3050
64 50 146 81 mes
201 26 204 28 Δ

810 52 862 83 DE
883 52 1021 84 ANIMA.

1694 55 1777 87 1086

61 115 120 147 νοῒ,
135 115 180 143 καὶ
195 115 227 142 τὸ
247 116 281 152 τῇ
303 115 385 151 οὐσίᾳ
407 112 535 153 ἐνεργεῖν.
558 119 610 145 Και
635 116 685 155 γὰρ
701 118 831 153 biennii;

1005 126 1025 145 ιο
1052 119 1130 146 enim
1159 127 1250 156 agens
1269 121 1372 148 contra
1400 119 1521 156 patitur,
1551 127 1620 148 eum
1641 120 1775 156 ejusdem

63 160 129 188 οὔτε
144 160 280 196 ἐπιστήμη
300 159 384 196 μόνον
413 159 495 195 ἐστὶν,
520 160 580 188 οὕτε
605 163 693 200 ψυχὴ,
711 161 783 189 ἀλλά
799 165 890 199 κρᾶμα

63 205 92 240 ig
112 203 272 241 ἀμφοτέρων
292 214 298 220 ’
330 204 464 242 σύγκειται
497 205 549 244 γὰρ
580 205 609 233 ἐκ
638 208 732 244 ψυχῆς
754 206 799 234 καὶ
830 206 891 234 ἐπι-

65 251 187 286 στήμης,
201 250 245 277 καὶ
262 249 401 286 ἀναλογεῖ,
418 251 435 285 ἡ
463 251 509 286 μὲν
527 251 603 288 ψυχὴ
620 250 682 288 ὕλῃ,
697 253 714 286 ἡ
731 250 760 279 δὶ
775 251 889 286 ἐπιστή-

66 305 106 330 μη
138 294 213 322 εἴδει.
245 294 293 321 Καὶ
333 292 427 329 ἐπειδή
462 294 563 327 παντός
591 306 751 333 πραγματος
783 295 888 332 μᾶλλον

64 339 137 366 εστὶν
154 338 233 366 οὐσία
255 339 287 366 τὸ
302 337 373 369 εἶδος
397 343 447 373 τῆς
473 339 542 375 ὕλης
558 350 563 356 ·
581 340 603 367 si
629 340 736 377 μᾶλλον
763 341 841 368 οὐσία
858 340 890 367 τὸ

63 382 138 416 εἶδος
151 387 201 418 τῆς
218 381 307 417 ὕλης·
331 385 392 422 φασί
420 382 448 411 δὲ
471 383 607 419 ’Έλληνες
630 386 717 422 ἀρχὴν
745 388 800 412 τῶν
816 385 889 412 ὅλων

63 429 142 462 Θεὸν,
158 428 203 456 καί
219 426 287 463 ὕλην
303 437 309 443 ·
326 428 372 455 τὸν
388 428 453 456 Θεὸν
478 429 514 459 ὡς
536 428 609 460 εἶδος
626 428 753 467 λέγοντες
771 439 776 445 ·
795 430 888 456 οὐσίαν

62 472 117 510 ἄρα
133 472 196 511 φασὶ
211 473 257 500 τὸν
274 473 338 500 Θεὸν
354 476 404 507 τῆς
430 472 499 507 ὅλης
525 472 644 509 μᾶλλον,
664 474 708 501 καὶ
734 473 801 501 αὐτὰ
829 472 886 508 εἴδη

60 517 129 545 Θεόν
143 527 149 533 ·
166 516 241 554 εἰίπερ
258 516 374 553 οὐδεμία
390 516 442 552 ὕλη
467 517 493 545 ἐν
513 520 570 549 τοῖς
587 518 660 545 οὖσιν
677 517 806 553 ἀνιίδιος,
822 518 889 555 ὅπερ

60 562 101 593 ὡς
131 561 190 590 λίαν
219 559 313 592 ἀσεϐὲς
340 562 529 599 παραιτητέον
550 572 556 579 ’
587 562 662 590 οὐσία
689 562 740 600 ἄρα
764 562 819 590 ἐστὶ
840 564 889 589 τοῦ

60 606 247 642 ἐπιστήμονος
261 607 279 640 ἠ
296 605 435 642 ἐπιστήμη
453 615 459 622 ⁶
485 607 529 634 καὶ
557 606 581 634 εἴ
600 607 614 634 ὁ
641 607 801 643 ἐπιστήμων
821 606 889 634 κατὰ

59 651 112 685 τὴν
137 650 291 687 ἐπιστήμην
321 649 436 688 ἐνεργεῖ,
471 649 538 686 αὕτη
572 649 703 679 δέδεικται
739 651 816 678 οὐσία
840 651 888 678 τοῦ

62 694 250 732 ἄπιστήμονος
264 694 340 723 οὖσα,
370 695 440 722 Κατὰ
468 697 548 723 τοῦτο
578 695 628 733 ἄρα
652 695 759 733 λέγεται
782 697 815 728 τῆ
841 695 887 723 οὖ-

63 739 110 776 σίᾳ
124 740 251 777 ἰνιργεῖν,
269 738 313 767 διὰ
336 740 367 767 τὸ
395 741 444 774 τὴν
468 739 621 776 ἐπιστήμην
647 740 738 768 οὐσίαν
756 742 823 767 εἴναι
838 739 887 768 τοῦ

60 784 258 821 ἐπιστήμονος,
275 783 345 813 Οὔτε
372 785 421 821 γὰρ
446 785 515 812 κατὰ
539 784 570 812 τό
601 783 707 821 ὑψηλὸν
733 785 819 813 ἐκιῖνο
841 786 887 813 καὶ

62 829 215 867 ἐπηρμένον
233 830 365 867 θιώρημα
391 829 432 856 ὅτι
460 829 496 860 ὡς
527 829 570 857 ἐπὶ
601 832 677 864 Θεοῦ,
694 831 712 864 ἡ
732 829 799 865 αὐτή
816 829 886 857 ἐστὶν

60 873 186 910 οὐσίατῇ
215 872 356 911 ἐνεργείᾳ⁸
387 872 428 901 ἐπί
459 873 510 911 γὰρ
538 876 594 901 τῶν
625 875 735 912 ψυχῶν,
765 873 887 901 καὶτῶν

59 917 152 945 ἁῦλων
168 917 279 952 οὐσιῶν,
307 918 397 956 χωρὶς
420 921 470 948 τῖς
496 919 609 955 πρώτης
632 918 729 952 αἲτιας,
752 918 798 946 καὶ
808 916 889 946 οὐσία

58 961 115 990 ἐστὶ
132 962 176 990 καὶ
192 960 309 998 δύααμις
331 961 376 989 καὶ
406 961 538 1000 ἐνάργεια.
567 963 608 1000 Τῇ
636 963 681 990 οὗν
707 963 786 998 οὐσίᾳ
806 961 886 1000 λέγι-

56 1017 103 1034 ται
120 1006 245 1044 ἐνεργεῖν,
263 1005 307 1033 διὰ
321 1006 352 1033 τὸ
373 1006 423 1041 τήν
449 1005 604 1044 ὶπιστήμην
631 1007 714 1034 οἱονεὶ
731 1006 822 1034 οὐσίαν
839 1005 888 1034 λέ-

59 1057 155 1088 γεσθαι
179 1053 230 1084 τῆς
252 1054 355 1088 ψυχῆς.
382 1051 430 1079 Ἐκ
450 1053 499 1079 τοῦ
521 1051 675 1088 κρείττονος
700 1052 744 1078 οῦν
761 1051 888 1088 ὠνόμασε

55 1097 103 1123 τὸν
115 1097 176 1123 νοῦν
217 1094 328 1130 Ἐπειδὴ
345 1096 395 1133 γὰρ
422 1097 455 1132 τῇ
481 1095 603 1133 ἐνεργείᾳ
631 1095 736 1133 ίνεργεῖ
767 1096 781 1122 ὁ
810 1097 885 1126 νοῦς.

57 1141 105 1167 καὶ
132 1139 169 1168 ὣν
199 1140 320 1178 ἑνιργεια
350 1139 472 1177 ὶνεργεῖ’
499 1143 624 1177 κρεῖττον
656 1139 684 1167 δὲ
709 1139 735 1168 ἐν
760 1143 840 1167 πᾶσιν
868 1141 885 1175 ἡ

60 1184 180 1222 ἐνέργεια
194 1184 238 1212 καί
254 1186 272 1219 ἠ
290 1184 369 1212 οὐσία
380 1195 387 1201 ·
405 1183 449 1212 διὰ
475 1186 556 1212 τοῦτο
582 1183 669 1217 θὲλων
693 1184 780 1212 εἰπεῖν
795 1184 837 1212 ὅτι
852 1186 886 1217 τῆ

63 1229 183 1267 ἰνεργείᾳ
211 1231 324 1267 ῖνεργιῖ,
353 1229 410 1256 εἶπε
437 1231 471 1266 τῇ
501 1229 590 1265 οὐσίᾳ,
621 1230 657 1260 ὡς
685 1229 738 1257 ἀπὸ
764 1229 886 1267 κρείττο-

61 1284 120 1309 νος,
146 1274 235 1311 ὥσπερ
260 1273 312 1301 ἀπὸ
340 1284 434 1311 γινους
455 1273 621 1310 τιμιωτέρου
647 1274 678 1301 τὸ
707 1276 759 1302 πᾶν
784 1272 886 1309 δηλού-

63 1328 143 1354 μενος
160 1328 166 1334 ·
195 1318 231 1348 ὡς
257 1319 369 1355 Τιῦχρι,
400 1317 468 1356 φίλη
503 1317 620 1356 κεφαλή.
650 1318 701 1346 Καὶ
733 1320 814 1345 τοῦτο
841 1317 886 1345 οῦν

62 1362 203 1400 ἁρμόττιι,
227 1364 266 1398 τῷ
290 1362 412 1400 ἰνεργείᾳ
435 1364 474 1398 νῷ
499 1365 547 1390 τοῦ
568 1362 723 1400 ἀνθρώπου,
750 1363 888 1400 Ἐνὲργεια

57 1407 110 1446 γὰρ
127 1406 175 1441 ὣν,
196 1409 275 1434 νοεῖ·
304 1406 318 1434 6
342 1405 370 1434 δὶ
395 1407 518 1445 θύραθεν,
543 1407 650 1434 αὐτόθεν
676 1406 796 1446 ἐνέργειά
819 1407 885 1443 ἐστι,

58 1451 149 1479 καὶτὸ
161 1450 252 1488 τρίτον
277 1450 305 1479 δὲ
326 1448 438 1488 ἁρμόζει
465 1451 549 1488 αὐτῷ,
574 1450 615 1478 ὅτι
641 1452 655 1479 6
674 1454 736 1483 νοῦς
752 1451 792 1479 ἀεὶ
816 1454 883 1486 νοεῖ,

59 1496 116 1534 οὐχ
128 1496 164 1527 ὡς
183 1496 197 1523 6
212 1495 352 1527 Ηλωτῖνος
367 1495 462 1532 οἵεται,
487 1496 528 1524 ὅτι
555 1496 594 1523 ἀεὶ
619 1494 764 1528 διαπαντὸς
780 1497 793 1523 6
811 1496 890 1528 αὐτὸς

57 1543 126 1568 νοεῖ.
144 1541 184 1569 Οὐ
198 1541 251 1578 γὰρ
271 1540 317 1567 τὸν
344 1538 389 1567 ἕνα
417 1542 472 1568 τῶν
502 1541 624 1579 ἀριθμῶν
650 1543 711 1568 νοῦν
737 1541 886 1578 λεγόμενον

58 1584 101 1612 ἀεὶ
117 1587 173 1612 νοεῖ
189 1594 195 1600 ·
213 1583 277 1612 ἀλλ’
298 1582 339 1612 ὅτι
360 1585 374 1612 6
396 1584 422 1612 ἐν
452 1583 510 1621 ὅλῳ
534 1586 573 1621 τῷ
595 1585 693 1621 κόσμῳ
717 1585 889 1623 ἀνθρωπικὸς

59 1631 124 1661 νοῦς
136 1629 176 1657 ἀεὶ
191 1631 258 1657 νοεῖ.
283 1628 335 1656 Κᾶν
361 1630 411 1667 γὰρ
434 1629 487 1667 ἐγὼ
511 1630 548 1666 μὴ
565 1632 632 1664 νοῶ,
657 1628 720 1657 ἀλλ’
740 1630 785 1657 οὖν
802 1628 888 1661 ἄλλος

59 1676 118 1701 νοεῖ
133 1674 178 1701 καὶ
192 1675 226 1710 τῇ
243 1672 361 1711 διοιδοχῇ
386 1673 487 1711 γίνεται
507 1675 539 1701 τὸ
567 1674 608 1702 ἀεί
626 1683 632 1690 ·
646 1672 692 1701 ’ίνα
704 1675 741 1711 μή
759 1674 887 1712 ἐπιλιίψῃ

60 1719 78 1752 ’ἡ
96 1716 234 1755 ἔλλαμψις
250 1718 317 1756 πρὸς
330 1719 406 1754 ἡμᾶς
429 1719 446 1752 ἡ
472 1720 522 1745 τοῦ
543 1721 620 1753 Θεοῦ,
636 1717 654 1753 ἤ
671 1719 710 1746 ἀεὶ
725 1722 796 1746 νοεῖν
813 1719 888 1756 λέγι·

58 1773 115 1795 ται,
145 1761 239 1797 ἐπειδὴ
270 1762 310 1790 ἀεὶ
341 1761 451 1790 δύναται
488 1765 570 1791 νοεῖν.
601 1764 632 1791 '0
661 1763 712 1801 γὰρ
742 1762 813 1800 ἔχων
842 1764 888 1790 τὸν

57 1809 132 1842 νοῦν,
161 1807 187 1834 ἐν
217 1805 366 1842 οῖᾳδήποτε
399 1806 457 1845 ὥρᾳ
486 1806 625 1845 βούλεται,
652 1811 719 1842 νοεῖ,
742 1807 833 1845 ὥσπερ
848 1810 887 1844 τῷ

57 1851 221 1888 ἀνθρωπίνῳ
242 1854 281 1888 νῷ
311 1854 392 1879 τοῦτο
423 1852 550 1889 ὑπάρχει.
576 1853 606 1880 Ὀ
625 1852 675 1889 γὰρ
696 1852 806 1889 θύραθεν
826 1854 889 1882 νοῦς

60 1897 74 1923 6
91 1896 128 1927 ιῖς
143 1897 211 1923 κατά
237 1896 366 1934 ἀριθμὸν,
390 1897 476 1924 πάντα
499 1898 566 1924 νοιῖ.
594 1895 684 1924 Ἀλλά
699 1899 780 1924 ταῦτα
796 1896 845 1933 μὶν
863 1895 889 1924 ἐν

58 1940 180 1971 τούτοις.
196 1941 258 1969 ’Ότι
281 1940 307 1968 ἐν
333 1943 374 1977 τῷ
398 1940 435 1968 ἐνὶ
461 1941 508 1977 μὲν
533 1941 678 1979 ἀνθρώπῳ,
704 1941 781 1980 φύσει
796 1941 827 1968 τὸ
846 1940 888 1968 δυ-

59 1986 141 2021 νάμιι
153 1984 207 2012 ἦστὶ
222 1984 354 2023 πρότερον
376 1987 426 2012 τοῦ
448 1984 567 2023 ἆνεργείᾳ
584 1995 590 2002 ·
617 1985 668 2012 οὐκ
684 1984 709 2012 ἰν
732 1987 772 2020 τῷ
786 1984 844 2020 δλῳ
860 1983 889 2012 δὶ

58 2029 156 2066 κόσμῳ
174 2040 178 2045 ·
198 2028 223 2057 ἰν
237 2032 288 2067 γᾶρ
316 2031 356 2065 τῷ
384 2028 442 2065 δλῳ
466 2029 572 2066 κόσμῳ,
598 2029 662 2068 φασί
682 2040 765 2063 τινες,
782 2029 812 2056 οὐ
828 2028 888 2056 δεύ-

58 2084 138 2112 τερον
153 2076 202 2102 τοῦ
220 2073 308 2102 ἄλλου
334 2072 396 2101 οὐδὶ
419 2073 550 2111 πρότερον
576 2073 637 2102 οὕτε
661 2074 692 2101 τὸ
712 2072 822 2110 δυνάμει
841 2076 889 2101 τοῦ

59 2118 182 2156 ἐνεργείᾳ
199 2128 205 2135 ·
222 2117 283 2146 οὕτε
312 2119 343 2146 τὸ
370 2118 499 2156 ἐνεργείᾳ,
529 2120 577 2146 τοῦ
602 2117 724 2155 δυνάμει,
751 2118 782 2146 Ei.
797 2118 829 2155 γὰ
848 2118 889 2145 dii;-

906 1488 926 1522 C

945 165 990 190 est
1003 164 1130 191 materiae
1161 172 1229 191 cum
1261 164 1399 200 patiente.
1430 164 1553 197 Quando
1589 164 1679 200 igitur
1692 173 1776 195 mens

946 215 1003 234 non
1028 211 1075 235 est
1100 208 1234 244 ejusdem
1265 209 1395 236 materiae
1410 217 1477 237 cum
1506 209 1678 244 materiatis,
1700 210 1774 238 nihil

945 260 1064 280 necesse
1079 255 1134 285 est,
1151 256 1183 281 ut
1212 253 1342 289 patiatur
1355 262 1373 281 a
1396 252 1570 288 materiatis,
1587 261 1655 281 cum
1677 262 1711 282 ea
1724 263 1774 282 co-

945 297 1079 332 gnoscit:
1097 298 1157 333 agit
1172 298 1250 325 enim
1268 298 1363 334 opifex
1379 298 1456 325 Deus
1472 306 1539 325 cum
1553 298 1638 326 nobis
1654 298 1774 328 benefa—

945 340 993 374 cit,
1012 341 1084 369 nihil
1110 344 1208 370 tamen
1235 351 1251 370 a
1282 343 1368 370 nobis
1394 342 1521 370 vicissim
1542 343 1662 378 patitur.
1679 343 1774 376 Quare

945 385 994 413 illa
1010 388 1122 414 tantum
1147 388 1265 423 agentia
1290 387 1415 414 invicem
1440 387 1603 422 patiuntur,
1623 396 1688 423 quae
1703 391 1774 417 sunt

944 431 1076 465 ejusdem
1107 433 1236 459 materia:
1260 440 1327 459 cum
1358 431 1545 467 patientibus.
1573 432 1663 460 Menti
1684 433 1774 461 etiam

945 475 1096 510 proprium
1121 478 1165 504 est
1191 479 1224 504 ut
1249 475 1417 504 substantia
1443 479 1530 513 agat:
1560 477 1658 505 sciens
1683 477 1774 514 enim,

945 527 1039 554 neque
1054 520 1178 547 scientia
1192 522 1309 548 tantum
1325 523 1382 554 est,
1399 529 1494 556 neque
1510 522 1619 556 anima,
1633 522 1684 550 sed
1699 524 1776 550 tem--

945 566 1148 598 peramentum
1164 573 1197 592 ex
1217 567 1343 600 utroque
1356 575 1363 599 ς
1377 573 1410 593 ex
1425 566 1525 593 anima
1539 567 1619 594 enim
1637 568 1665 594 et
1676 566 1775 595 scien-

943 607 983 634 tia
998 607 1154 642 coalescit;
1172 610 1199 636 et
1211 609 1370 644 respondet
1385 609 1515 637 materies
1526 610 1645 645 quidem
1659 611 1772 646 anima,

943 652 1042 679 formas
1058 660 1124 679 vero
1141 652 1275 680 scientia.
1292 653 1326 680 Et
1341 653 1480 688 quoniam
1497 654 1525 680 in
1542 654 1622 681 omni
1639 663 1669 682 re
1680 655 1774 684 forma

944 697 1038 732 magis
1053 699 1098 724 est
1114 697 1290 729 substantia,
1319 705 1408 732 quam
1439 698 1581 732 materia;
1606 698 1632 726 si
1652 699 1770 734 quidem

943 741 1036 769 forma
1066 741 1160 777 magis
1189 743 1234 769 est
1261 741 1440 776 substantia,
1466 750 1553 777 quam
1580 742 1722 771 materia:
1742 745 1774 772 et

943 793 1041 813 rerum
1057 785 1189 814 omnium
1203 786 1381 822 principium
1399 788 1488 814 Deum
1505 786 1596 814 Graci
1612 787 1773 823 praedicant

942 832 972 858 et
987 831 1153 865 materiam,
1162 831 1252 859 Deum
1264 833 1406 866 tanquam
1419 831 1544 859 formam
1556 834 1750 867 agnoscentes
1763 841 1771 861 :

943 874 1036 902 Deum
1063 883 1131 911 ergo
1162 875 1256 911 magis
1284 883 1349 904 esse
1387 876 1585 904 substantiam
1615 885 1705 913 quam
1732 878 1772 905 sit

943 919 1079 955 materia,
1096 919 1199 947 dicunt
1214 922 1243 947 et
1268 920 1348 956 ipsas
1373 920 1557 948 substantias
1585 921 1679 949 Deum
1695 929 1780 956 esse,

943 964 969 991 si
984 964 1102 1000 quidem
1119 964 1202 993 nulla
1217 965 1342 993 materia
1357 965 1388 992 in
1418 965 1507 993 rebus
1522 967 1568 993 est
1582 965 1646 994 sine
1667 966 1771 995 forma.

943 1009 1025 1040 Quod
1041 1009 1149 1044 dogma
1165 1011 1197 1036 ut
1212 1009 1337 1045 impium
1354 1010 1553 1045 respuendum
1568 1012 1622 1037 est.
1639 1010 1774 1039 Essentia

942 1052 1033 1089 igitur
1047 1053 1168 1082 scientis
1183 1055 1229 1082 est
1241 1053 1374 1082 scientia.
1392 1054 1426 1081 Et
1455 1053 1480 1083 si
1495 1053 1592 1082 sciens
1607 1055 1771 1083 secundum

942 1097 1094 1126 scientiam
1109 1100 1258 1134 operatur,
1275 1102 1425 1126 ostensum
1436 1100 1481 1127 est
1495 1106 1559 1126 eam
1575 1099 1696 1127 scientia
1706 1107 1778 1127 esse.

942 1141 1111 1169 essentiam.
1129 1142 1239 1169 Idcirco
1255 1142 1347 1178 igitur
1369 1142 1499 1170 essentia
1520 1143 1635 1178 operari
1650 1143 1780 1178 dicitur,‘

942 1186 1013 1222 quia
1028 1185 1149 1214 scientia
1173 1186 1304 1214 essentia
1327 1189 1372 1215 est
1396 1187 1537 1222 scientia;
1554 1195 1611 1215 non
1630 1187 1710 1216 enim
1725 1196 1770 1216 se-

942 1231 1069 1258 cundum
1086 1239 1224 1267 magnam
1240 1233 1269 1258 et
1277 1231 1419 1260 excelsam
1431 1231 1514 1259 illam
1526 1232 1768 1268 propositionem,

942 1277 1083 1310 tanquam
1096 1275 1126 1303 in
1142 1275 1212 1309 Deo,
1227 1275 1322 1311 ipsam
1346 1276 1545 1305 substantiam
1559 1279 1626 1305 actu
1642 1285 1724 1305 esse:
1738 1278 1768 1305 in

942 1319 1051 1347 animis
1078 1319 1156 1347 enim
1184 1322 1214 1347 et
1242 1320 1364 1348 secretis
1393 1329 1410 1348 a
1434 1321 1559 1349 materia
1580 1321 1768 1355 substantiis,

943 1366 1047 1399 praeter
1070 1363 1196 1400 primam
1221 1367 1386 1399 causam,et
1407 1365 1537 1393 essentia
1563 1367 1664 1401 est,et
1688 1368 1770 1402 pote-

943 1410 1014 1442 stas,
1031 1410 1059 1436 et
1085 1408 1170 1436 actio.
1198 1408 1334 1436 Essentia
1358 1417 1427 1446 ergo
1450 1417 1535 1445 agere
1564 1410 1682 1444 dicitur,
1699 1410 1779 1446 quia-

942 1452 1075 1486 scientia,
1092 1453 1176 1488 quasi
1192 1453 1322 1481 essentia
1345 1453 1455 1481 dicitur
1477 1454 1593 1482 animle.
1618 1455 1642 1482 A
1656 1454 1769 1491 potiore

944 1497 1035 1532 igitur
1048 1499 1131 1533 parte
1153 1500 1280 1526 mentem
1306 1497 1484 1534 appellavit:
1508 1498 1578 1534 quia
1606 1499 1685 1527 enim
1701 1501 1768 1528 actu

943 1542 1004 1570 sive
1018 1541 1148 1570 efﬁcacia
1175 1544 1313 1577 operatur
1342 1550 1437 1576 mens,
1452 1544 1482 1570 et
1511 1551 1578 1570 eum
1609 1543 1649 1571 sit
1672 1546 1767 1579 actus,

943 1588 1091 1622 operatur,
1108 1588 1226 1622 praestat
1240 1589 1338 1615 autem
1354 1587 1384 1615 in
1406 1587 1546 1616 omnibus
1561 1588 1636 1616 actio
1653 1590 1683 1616 et
1696 1588 1768 1617 sub-

942 1632 1069 1665 stantia;
1087 1639 1152 1659 eam
1167 1631 1205 1659 ob
1220 1639 1293 1665 rem,
1313 1640 1381 1660 cum
1405 1632 1572 1668 signiﬁcem
1586 1632 1684 1667 vellet,
1700 1635 1766 1661 actu

942 1678 1070 1704 mentem
1087 1684 1182 1712 agere,
1194 1675 1268 1704 dixit
1282 1676 1423 1712 essentia,
1439 1685 1456 1704 a
1472 1677 1578 1712 potiori
1593 1679 1735 1714 tanquam
1750 1686 1767 1705 ιι

942 1728 1047 1757 genere
1072 1720 1273 1756 prastautiore
1296 1723 1390 1749 totum
1416 1721 1587 1757 designans,
1608 1724 1641 1750 ut
1669 1722 1767 1751 Teucer

941 1765 1056 1792 charum
1070 1766 1164 1800 caput.
1181 1764 1241 1792 Hoc
1260 1765 1350 1800 igitur
1363 1765 1498 1793 convenit
1513 1765 1603 1793 menti
1618 1765 1766 1800 humana,

943 1817 1006 1844 quea
1022 1811 1105 1836 actus
1120 1810 1174 1836 est.
1197 1809 1270 1836 Cum
1295 1809 1373 1837 enim
1389 1812 1473 1838 actus
1489 1809 1537 1845 sit,
1563 1809 1720 1846 intelligit;
1737 1813 1768 1838 at

943 1861 1006 1889 quae
1024 1852 1104 1888 foris,
1121 1853 1187 1880 inde
1202 1855 1284 1881 actus
1300 1856 1355 1886 est,
1370 1855 1399 1881 et
1413 1854 1533 1881 tertium
1550 1854 1606 1889 ipsi
1623 1855 1769 1890 convenit,

943 1897 1014 1933 quia
1028 1905 1111 1925 mens
1127 1905 1244 1933 semper
1259 1897 1410 1933 intelligit,
1427 1906 1484 1925 non
1501 1901 1534 1926 ut
1550 1898 1682 1927 Plotinus
1696 1899 1772 1927 arbi-

941 1944 1047 1975 tratur,
1064 1942 1133 1977 quia
1148 1950 1275 1978 semper,
1292 1942 1322 1969 in
1345 1942 1495 1976 omnibus,
1511 1943 1691 1972 omnimodis
1707 1944 1771 1980 ipsa

944 1986 1092 2022 intelligit.
1107 1986 1172 2014 Non
1187 1987 1265 2015 enim
1282 1995 1374 2014 unum
1391 1995 1593 2021 numerorum,
1621 1988 1672 2023 qui
1687 1996 1771 2017 mens

943 2031 1063 2065 dicitur,
1076 2039 1193 2067 semper
1207 2031 1314 2066 cogitat
1328 2040 1334 2059 :
1350 2032 1401 2059 sed
1417 2032 1488 2067 quia
1502 2031 1642 2066 humana,
1659 2041 1723 2068 qua
1740 2033 1770 2061 in

943 2075 1080 2103 universo
1096 2076 1207 2103 mundo
1223 2078 1269 2104 est
1292 2084 1387 2110 mens,
1410 2084 1525 2112 semper
1544 2076 1691 2112 intelligit.
1708 2077 1772 2105 Etsi

943 2120 1023 2148 enim
1039 2128 1091 2155 ego
1106 2128 1164 2148 non
1188 2120 1294 2157 cogito,
1310 2120 1387 2148 alius
1412 2122 1510 2148 tamen
1526 2121 1645 2157 cogitat,
1661 2123 1690 2150 et
1704 2129 1771 2150 suo-

61 2162 119 2194 διος
146 2164 160 2190 ὁ
187 2163 290 2200 κόσμος
312 2163 380 2191 κατὰ
402 2163 449 2191 τὸν
473 2163 675 2200 Ἀριστοτέλην,
703 2161 779 2190 οὐδὲν
799 2161 831 2191 ἓτη

1000 2165 1076 2192 sione
1091 2173 1125 2193 ac
1134 2165 1250 2194 vicibus
1261 2165 1294 2192 iit
1304 2164 1441 2201 cogitatio
1452 2164 1649 2193 intellectione
1663 2166 1770 2202 sempi-

61 2207 176 2244 θατέρου
201 2208 345 2245 πρότερον,
376 2207 438 2236 ἀλλ’
466 2207 610 2245 ὁμόχρονά
637 2208 719 2235 ἐστιν.
748 2208 813 2237 Ὃτι
841 2209 888 2244 μὲν

59 2262 103 2280 τοι
119 2254 246 2290 χωρισθῇ
262 2253 275 2280 6
304 2255 367 2284 νοῦς
394 2263 439 2280 χαι
463 2252 573 2290 γένηται
589 2252 647 2279 κατ’
663 2251 808 2290 ἐνέργειαν,
829 2253 891 2280 τότε

59 2297 163 2335 γίνεται
185 2298 251 2334 ὅπερ
276 2297 343 2332 ἐστὶ,
369 2298 491 2325 τούτέστι
512 2296 613 2334 κυρίως
639 2300 715 2328 νοῦς.
732 2297 781 2326 Καὶ
809 2299 889 2325 τοῦτο

64 2342 158 2378 μόνον,
175 2340 304 2370 ἀδύνατον
330 2343 366 2379 (8)
391 2342 436 2368 καὶ
467 2341 564 2370 ἀίδιον.
587 2343 617 2370 Ἦ
644 2341 672 2369 ’δὲ
696 2341 797 2380 ἄλογος
812 2343 889 2380 ψυχὴ

62 2386 108 2413 καὶ
124 2387 141 2420 ἠ
157 2386 254 2425 φυτική
275 2385 404 2418 ἀθάνατος
429 2387 487 2421 μὶν,
510 2385 559 2413 οὐκ
584 2385 673 2418 ἀΐδιος
691 2385 728 2414 δὲ.
747 2386 890 2418 Ἀθάνατος

64 2430 86 2458 δ’
103 2430 134 2457 ἂν
152 2429 257 2468 λέγεται
275 2429 322 2457 κᾶν
352 2431 457 2469 φθαρτή
482 2430 526 2457 καὶ
551 2430 599 2458 οὐκ
633 2430 720 2463 ἀίδιος
742 2430 890 2466 δοξάζεται,

64 2473 160 2509 ἐπειδὴ
178 2475 208 2502 οὐ
224 2475 290 2502 καθὸ
305 2475 381 2512 ψυχὴ
406 2474 553 2513 φθείρεται,
570 2474 641 2502 ἀλλᾶ
661 2476 727 2506 καθὸ
744 2476 769 2502 ἐν
786 2476 893 2512 σώματι

63 2518 133 2548 ἔστι.
150 2519 197 2546 Διὸ
220 2519 264 2546 καὶ
286 2519 399 2546 Πλάτων
427 2518 511 2556 λέγει,
537 2521 621 2546 πᾶσαν
642 2520 734 2556 ψυχὴν
750 2519 892 2554 ἀθάνατον,

62 2566 145 2591 τοῦτο
175 2563 262 2601 λὲγων
287 2563 332 2590 καὶ
355 2563 397 2590 ἐπὶ
420 2567 534 2598 φυτικῆς
555 2563 599 2590 καὶ
624 2563 667 2590 ἐπὶ
691 2562 803 2601 ἀλόγου.
819 2566 850 2591 ‘H
866 2563 894 2591 δὲ

64 2607 118 2644 ὕλη
134 2608 166 2635 τὸ
181 2607 324 2642 ἀνάπαλιν,
353 2606 442 2639 ἀὶδιος
473 2607 531 2643 μὲν,
562 2607 611 2634 οὐκ
634 2607 762 2639 ἀθάνατος
786 2607 833 2636 δά·
852 2607 894 2637 διὸ

100 2708 155 2745 (8’)
169 2707 243 2744 Lego
259 2706 390 2734 ἀθάνατον
396 2727 402 2734 .

229 2772 360 2802 ιἈ-Ηιοι..
385 2772 441 2801 Gs.
464 2769 580 2801 CXXII.

943 2212 1037 2243 terna,
1055 2217 1090 2236 ne
1108 2209 1156 2238 Dei
1168 2210 1246 2246 apud
1263 2218 1317 2238 nos
1332 2209 1472 2245 splendor
1486 2209 1615 2245 deﬁciat,
1631 2210 1682 2246 qui
1698 2219 1782 2238 sem-~

943 2262 995 2290 per
1009 2253 1173 2290 intelligere
1188 2254 1307 2290 dicitur,
1324 2254 1395 2290 quia
1409 2262 1527 2290 semper
1541 2254 1706 2290 intelligere
1718 2263 1769 2290 po-

944 2301 1020 2326 test:
1038 2298 1088 2334 qui
1104 2299 1182 2326 enim
1205 2302 1302 2327 mente
1317 2307 1369 2327 seu
1385 2298 1535 2327 intellectu
1561 2298 1701 2335 praeditus
1715 2301 1772 2333 est,

945 2342 1074 2379 qualibet
1087 2343 1159 2371 hora
1175 2343 1323 2379 intelligit.
1340 2343 1400 2371 Hoc
1415 2343 1515 2378 itaque
1529 2343 1666 2371 humanae
1682 2344 1780 2371 menti

946 2388 1042 2416 inest:
1060 2396 1144 2416 mens
1159 2388 1239 2415 enim
1257 2396 1320 2423 quae
1344 2387 1426 2423 foris,
1452 2395 1575 2415 numero
1591 2396 1650 2415 una
1669 2390 1698 2415 et
1712 2388 1779 2415 sino'

947 2431 1058 2468 gularis
1075 2432 1173 2459 omnia
1190 2431 1338 2468 intelligit.
1357 2432 1413 2460 Sed
1442 2432 1478 2459 de
1500 2431 1547 2460 his
1571 2431 1726 2461 hactenus.
1743 2435 1774 2460 In

948 2484 1006 2504 uno
1023 2476 1152 2511 homine,
1169 2479 1311 2512 potestate
1340 2478 1456 2510 natura,
1473 2476 1556 2512 prius
1578 2479 1624 2504 est
1651 2479 1730 2510 actu,
1747 2479 1778 2505 at

949 2529 1007 2548 non
1025 2521 1054 2547 in
1071 2522 1130 2548 toto
1143 2521 1253 2549 mundo
1266 2530 1272 2549 :
1286 2529 1352 2549 nam
1367 2521 1397 2548 in
1411 2522 1471 2549 toto
1484 2521 1643 2553 mundo,ut
1654 2522 1776 2557 quidam

950 2565 1043 2598 aiunt,
1061 2573 1118 2593 non
1133 2568 1179 2593 est
1192 2565 1340 2601 posterius
1369 2565 1425 2593 alio
1441 2573 1537 2601 neque
1564 2565 1665 2601 prius;
1681 2574 1778 2602 neque

950 2610 1027 2645 quod
1053 2612 1098 2637 est
1125 2611 1278 2646 potestate,
1300 2618 1334 2639 eo
1363 2610 1440 2645 quod
1468 2611 1553 2644 actu;
1581 2619 1677 2646 neque
1701 2611 1777 2646 quod

1578 2773 1617 2802 34
