1950 3050
166 53 244 83 1067

164 119 241 152 actu,
258 124 293 145 eo
314 116 391 152 quod
421 117 466 144 est
491 116 647 152 potestate.
667 115 697 143 Si
727 114 819 149 enim,
834 116 867 142 ut
894 113 989 142 sensit
1002 113 1029 146 Α

165 161 348 193 Aristoteles,
365 161 496 188 mundus
519 162 563 187 est
587 162 723 195 aeternus,
749 159 849 187 nullus
873 161 918 186 est
933 158 989 186 alio

166 206 260 243 prius,
276 207 328 234 sed
344 205 476 241 ejusdem
487 204 628 240 temporis
640 207 709 232 sunt
723 204 833 232 omnia.
846 204 917 231 Cum
934 203 988 239 igi-

164 253 215 279 tur
229 252 364 287 separata
381 257 464 278 mens
473 253 498 277 el
511 249 674 277 secundum
690 252 787 276 actum
803 248 890 276 fuerit
903 250 989 275 :tuno

165 296 199 324 ﬁt
212 296 240 323 id
258 295 336 332 quod
352 297 415 328 est;
431 294 486 321 hoc
507 296 552 321 est
567 293 686 330 propria
708 301 812 320 mens:
837 293 925 327 idque
940 300 988 319 so-

164 341 226 369 lum
242 343 270 368 et
285 339 452 367 immortale
467 341 495 366 et
509 341 650 366 aeternum
676 340 728 365 est.
747 339 781 365 At
797 337 896 364 anima
919 337 989 363 bru-

164 388 262 413 torum
291 387 320 412 et
347 384 512 420 plantarum
542 385 683 418 perpetua
710 382 840 418 quidem,
856 381 908 408 sed
931 389 988 408 non

165 432 281 458 asterna.
300 428 479 456 Immortalis
494 436 561 455 vero
577 435 627 455 seu
644 429 785 462 perpetua
800 427 917 459 dicitur,
934 426 987 453 etsi

166 473 365 510 corruptibilis
389 475 418 500 et
445 480 502 500 non
532 473 641 499 aeterna
669 473 816 504 censetur,
845 471 915 506 quia
930 478 987 498 non

166 521 313 555 quatenus
329 517 428 546 anima
442 520 485 545 est
500 515 709 551 corrumpitur,
727 516 777 543 sed
789 517 935 551 quatenus
945 517 990 542 est

164 563 194 591 in
211 570 349 599 corpore:
373 569 464 598 quare
487 563 516 589 et
539 560 620 588 Plato
644 568 761 588 omnem
788 559 918 587 animam
934 559 989 586 im-

165 607 318 636 mortalem
333 606 424 634 dicit:
456 606 533 642 quod
564 605 599 633 de
626 606 777 641 vegetante
804 606 832 632 et
847 604 990 631 sentiente

165 652 246 680 dicit.
272 652 293 680 E
318 651 442 686 diverso,
471 650 594 677 materia
614 651 721 677 aeterna
736 651 790 684 est,
816 651 846 676 at
860 657 918 676 non
933 648 989 675 im-

167 696 299 725 mortalis
313 704 403 732 quare
419 703 503 723 mens
516 696 624 722 aeterna
639 693 757 727 dicitur,
774 694 806 720 ut
822 695 851 720 et
866 693 905 720 im
912 700 989 720 mor-

164 742 276 771 talitas.
290 740 336 768 Ait
351 742 489 776 praeterea
504 747 520 767 a
537 747 625 767 sensu
635 740 664 766 et
678 737 872 773 intelligentia
884 737 990 765 discre-

165 794 235 823 pare
250 783 524 822 phantasiam,quia
539 783 601 810 hac
616 782 768 817 interiecta
782 783 836 816 est,
853 781 909 809 illa:
919 789 988 809 vero

163 830 302 866 utrinque
317 837 349 856 se
364 828 493 856 habent:
511 835 527 855 a
538 834 628 855 sensu
643 826 721 853 enim
735 825 896 861 phantasia:
911 826 989 861 prin-

164 873 274 910 cipium
291 875 336 901 est
351 881 357 900 :
374 872 443 900 huic
468 871 548 899 enim
572 878 678 898 sensus
702 870 818 898 initium
844 870 905 902 dat,
921 869 989 898 huic

163 926 231 946 vero
242 916 451 952 intelligentia.
468 915 543 943 Nam
560 916 623 943 sine
639 914 805 950 phantasia,
820 923 878 942 non
895 916 991 950 potest

165 961 335 990 intellectus
351 968 454 996 agere;
470 959 581 995 hocque
591 961 636 986 est
646 959 888 995 phantasia,cum
900 967 989 986 sensu

168 1009 197 1035 et
205 1006 355 1034 intellectu
364 1004 533 1033 discrimen.
545 1004 697 1039 Opinionis
710 1006 848 1039 praeterea
858 1008 885 1031 et
896 1003 989 1040 phan-

168 1051 250 1080 tasia
268 1049 462 1078 differentiam
479 1048 624 1085 proponit,
641 1049 710 1084 quia
724 1048 885 1076 informare
906 1048 990 1076 nobis

167 1103 235 1124 eum
251 1095 322 1123 libet
335 1097 364 1123 et
379 1093 531 1130 quodlibet
546 1101 712 1129 possumus.
736 1092 837 1120 Trium
853 1093 931 1121 enim
946 1093 990 1121 vel

165 1139 270 1175 viginti
298 1138 453 1166 cubituum
483 1138 632 1166 hominem
656 1137 783 1173 cogitare
826 1139 854 1164 et
883 1137 991 1174 ﬁngere

165 1192 326 1220 possumus
336 1192 342 1217 ;
352 1185 413 1210 tum
421 1185 449 1210 et
455 1182 660 1219 tragelaphum
668 1184 697 1210 et
709 1182 990 1218 hippocentaurum:

166 1231 195 1257 at
207 1228 320 1263 opinari
336 1235 400 1263 qua)
425 1226 506 1260 libet,
532 1227 618 1263 plane
641 1235 700 1254 non
725 1234 893 1262 possumus.
917 1226 989 1255 Nam

1004 806 1027 839 Β

836 44 1049 79 MICHAELIS‘
1069 44 1200 76 PSELLI

1799 44 1884 74 {088

1045 111 1059 139 δ
1082 112 1146 142 νοῦς
1163 109 1251 143 ἀὶδιος
1274 110 1391 148 λὲγεται,
1414 111 1453 141 ὡς
1463 98 1521 138 ςκαὶ
1545 108 1634 143 ἀΐδιος
1654 110 1700 138 καὶ
1723 110 1880 142 ἀθάνατος.

1043 156 1102 184 ’Έτι
1132 155 1198 194 φησί
1222 154 1355 195 διαφέριιν
1383 155 1528 194 φαντασίαν
1553 155 1705 190 αἰσθήσεως
1730 155 1778 182 καὶ
1817 153 1880 181 δια-

1043 200 1128 236 νοίας,
1153 194 1220 232 καθὸ
1299 200 1346 236 μὶν
1372 199 1439 236 μίση
1466 199 1568 227 τούτων
1601 199 1669 235 ἐστὶ,
1689 199 1723 226 τὰ
1748 197 1778 226 δὲ
1814 199 1880 235 παρ’

1044 244 1156 282 ἑκάτερα
1173 253 1180 260 ·
1204 242 1318 282 ἅρχιται
1345 245 1392 280 μὶν
1421 244 1471 281 γὰρ
1498 244 1515 279 ἡ
1545 243 1677 283 φαντασία
1691 243 1745 271 ἀπὸ
1760 246 1815 278 τῆς
1833 242 1875 269 αἶ-

1044 290 1165 324 σθήσεως
1180 299 1186 305 ·
1203 288 1292 327 ἀρχὰς
1322 289 1373 326 γὰρ
1398 289 1415 323 ἡ
1440 286 1563 324 αἶ’τθησις
1589 287 1684 315 δίδωσι
1707 290 1742 324 τῇ
1775 298 1878 326 (pavu-

1043 332 1088 369 σίᾳ
1104 342 1111 349 ³
1127 332 1214 367 ἐκιίνη
1231 332 1260 360 δὶ
1273 334 1308 370 τῇ
1338 331 1444 368 διανοίᾳ
1467 332 1554 370 ἀρχὰς
1581 331 1701 360 δίδωσιν.
1716 333 1799 360 ’Ἃνιυ
1826 331 1878 369 γὰρ

1044 377 1189 416 φαντασίας
1213 376 1242 404 οὗ
1273 375 1383 404 δύναται
1402 378 1420 411 ἡ
1439 375 1545 404 διάνοια
1567 376 1721 414 ἐνεργῆσαι.
1738 376 1793 404 Καὶ
1811 375 1879 402 ταΰ-

1042 432 1077 459 τῃ
1094 421 1213 459 ὂιαφᾶρει
1240 421 1372 460 φαντασία
1395 421 1546 456 αἰσθήσεως
1574 421 1618 448 καὶ
1647 419 1779 452 διανοίας.
1804 420 1879 457 Πρὸς

1044 466 1150 497 τούτοις
1166 465 1240 503 λέγει
1257 464 1337 502 δόξης
1351 466 1397 492 καὶ
1417 465 1564 504 φαντασίας
1580 464 1712 504 διαφοράς
1729 475 1735 481 ’
1753 465 1797 492 ὅτι
1815 475 1879 503 φαν-

1042 511 1171 545 τασθῆναι
1192 510 1239 546 μὶν
1261 509 1307 537 ὅτε
1320 509 1365 537 καὶ
1380 508 1496 546 θίλομιν
1511 508 1658 546 δυνάμεθα.
1676 510 1726 537 Καὶ
1743 510 1799 546 γὰρ
1816 509 1879 544 τρί-

1043 564 1136 592 πηχυν
1164 554 1209 581 καὶ
1236 553 1423 591 ιίκοσάπηχυν
1449 552 1590 590 ἄνθρωπον
1616 554 1808 592 φανταζόμεθα
1831 553 1878 580 καί

1044 597 1182 634 δυνάμιθα
1196 596 1399 625 ἀναπλάσασθαι
1419 598 1463 625 καὶ
1486 597 1659 637 τραγέλαφον
1680 598 1726 625 καὶ
1741 598 1877 625 ἱπποκέν-

1043 653 1142 680 ταυρον
1154 665 1159 670 .
1173 641 1280 679 δοξάσαι
1290 641 1319 669 δὶ
1330 641 1347 669 ἃ
1362 640 1490 678 θὲλομιν,
1504 642 1535 669 οὗ
1551 642 1659 674 πάντως
1673 641 1824 678 δύναμεθα.
1837 642 1876 670 Td

1044 687 1096 725 γὰρ
1113 686 1153 718 δὶς
1168 685 1216 714 δύο
1230 686 1314 714 εἰπεῖν
1338 686 1384 723 μὲν
1409 685 1472 714 δέκα
1496 685 1643 723 δυνάμεθα,
1663 685 1773 723 δοξάσαι
1798 685 1830 713 ὃὶ
1845 686 1875 713 οὗ

1045 730 1190 768 δυνάμεθα,
1208 731 1277 758 diu:
1300 732 1317 766 ἡ
1345 731 1392 767 μὲν
1417 730 1546 770 φαντασία
1575 730 1616 768 ἐφ’
1631 732 1711 767 ἡμῖν,
1726 732 1743 766 ἡ
1763 729 1793 758 δὶ
1808 729 1873 766 δόξα

1045 775 1095 803 οὐκ
1108 776 1149 814 ἐφ’
1170 777 1248 812 ἡμῖν·
1278 775 1311 804 Εἴ
1337 774 1365 803 δὲ
1390 774 1432 803 δεῖ
1457 775 1566 811 ταληθῆ
1593 775 1689 808 εἷπιῖν,
1716 774 1781 803 οὐδὲ
1805 786 1874 814 φαν-

1041 819 1121 848 τασία
1135 820 1174 859 ἐφ’
1192 821 1259 856 ἡμῖν
1283 820 1353 847 ἆστιν
1372 830 1377 835 ·
1396 821 1413 855 ἡ
1438 820 1489 857 γὰρ
1505 819 1531 847 ἐν
1560 822 1600 856 τῷ
1628 818 1768 852 καθεύδειν
1803 830 1875 857 γινο-

1046 864 1124 902 μᾶνη,
1141 864 1193 892 οὐκ
1207 864 1247 903 ἆφ¹
1261 865 1339 901 ἡμῖν.
1355 864 1394 893 Οὐ
1415 865 1464 902 γὰρ
1488 863 1504 891 ἃ
1530 864 1646 901 θέλομεν
1663 864 1689 891 ιν
1701 867 1760 895 τοῖς
1777 863 1873 895 ὕπνοις

1043 908 1231 947 φανταζόμεθα
1257 919 1263 926 ·
1288 909 1333 936 καὶ
1357 909 1383 936 τί
1408 908 1480 947 λέγω
1507 908 1532 936 ἐν
1556 911 1596 944 τῷ
1619 908 1784 944 καθεύδεινς
1812 908 1874 937 ἀλλ’

1044 951 1105 980 οὕτε
1119 956 1191 980 πᾶσα
1215 952 1241 981 ἐν
1253 955 1293 989 τῷ
1317 953 1502 991 ἐγρηγοριναι.
1533 954 1597 982 ’Ότι
1614 954 1667 991 γὰρ
1688 953 1722 981 τὰ
1746 951 1815 980 ὄντα
1838 954 1873 985 ὡς

1044 995 1108 1024 ὅντα
1127 997 1326 1036 φανταζόμιθα,
1355 998 1387 1025 οὐ
1417 996 1562 1034 δυνάμεθα,
1593 997 1618 1025 si
1647 998 1684 1034 μὴ
1712 998 1750 1029 ὡς
1767 997 1872 1036 ἔχουσι,

1044 1041 1221 1081 φαντάζεσθαι
1250 1041 1326 1069 αὐτά.
1358 1043 1424 1070 Οἷον
1461 1041 1492 1069 τὸ
1533 1041 1680 1080 Σωκράτην
1709 1041 1738 1069 ei’
1764 1045 1873 1079 προθῶ-

1047 1096 1094 1123 μαι
1109 1087 1149 1123 (9)
1169 1085 1358 1124 φαντάζισθαι,
1387 1085 1418 1113 οὒ
1447 1085 1584 1123 δυνάμεθα
1613 1086 1692 1114 αὐτὸν
1717 1090 1871 1126 φαντασθῆ-

1044 1141 1087 1157 ναι
1103 1131 1208 1158 ἀστεῖον
1223 1131 1268 1158 καὶ
1294 1130 1390 1158 λευκὸν
1424 1131 1468 1157 καὶ
1495 1133 1635 1167 κομῶντα,
1662 1130 1736 1159 ἀλλὰ
1765 1132 1874 1162 πάντως

1045 1174 1184 1214 φαλακρὸν
1209 1175 1253 1202 καὶ
1275 1174 1379 1211 μέλανα
1402 1175 1447 1202 καὶ
1469 1175 1651 1213 προγάστορα,
1669 1174 1741 1203 ὥστε»
1760 1176 1780 1210 ἡ
1803 1176 1872 1213 ἀκρμ

1045 1216 1098 1253 ϐἠς
1113 1217 1230 1257 διαφορὰ
1245 1219 1312 1255 αὕτη
1324 1219 1406 1246 ἐστίν.

165 1272 211 1301 bis
228 1272 297 1308 duo,
312 1272 412 1300 decem
428 1272 524 1299 dicere
539 1279 699 1308 possumus
713 1279 719 1298 :
736 1271 905 1299 existimare
921 1274 1017 1300 autem
1034 1281 1092 1301 non
1109 1281 1279 1309 possumus.
1295 1276 1327 1301 ut
1350 1273 1379 1301 in
1395 1276 1496 1301 nostra
1520 1275 1662 1310 potestate
1685 1274 1725 1301 sit
1741 1274 1870 1310 phanta-

166 1317 222 1350 sia,
238 1324 295 1345 non
311 1316 379 1344 item
395 1316 564 1352 opinio.Sed
581 1315 605 1343 si
620 1323 722 1344 verum
732 1323 878 1350 amamus,
892 1324 986 1352 neque
996 1319 1090 1346 nostri
1104 1320 1150 1346 est
1160 1317 1273 1346 arbitrii
1285 1318 1441 1354 phantasia
1453 1327 1459 1346 :
1477 1327 1544 1346 nam
1557 1327 1621 1354 qua:
1632 1319 1718 1346 nobis
1729 1319 1874 1346 eveniunt

166 1361 392 1393 dormientibus.
410 1369 468 1388 non
494 1362 538 1388 eet
553 1362 658 1388 nostra
683 1360 817 1396 spontis;
835 1369 891 1388 non
917 1361 994 1389 enirn
1010 1371 1072 1397 qua;
1099 1363 1236 1391 volumus
1252 1371 1286 1391 ea
1308 1362 1337 1390 in
1355 1363 1468 1391 somnia
1495 1363 1710 1399 imaginamur:
1727 1364 1803 1399 quid
1820 1372 1870 1391 au-

166 1408 226 1434 tem
241 1406 271 1433 in
288 1405 426 1434 somnis?
438 1405 488 1433 sed
504 1413 596 1440 neque
611 1404 802 1441 vigilantibus
826 1405 923 1440 nobis,
940 1406 1038 1435 omnis
1060 1407 1148 1435 estin
1164 1410 1266 1436 nostra
1288 1409 1430 1443 potestate
1457 1407 1630 1444 phantasia:
1649 1416 1714 1435 cum
1731 1408 1815 1435 enim
1832 1416 1872 1441 ea,

168 1458 234 1488 qua
248 1452 328 1484 sunt,
345 1451 377 1477 ut
392 1457 457 1485 quas
474 1451 546 1478 sunt
560 1449 736 1484 cogitamus,
753 1457 812 1476 non
829 1457 999 1485 possumus,
1016 1451 1072 1479 nisi
1087 1454 1120 1479 ut
1134 1454 1204 1480 sunt
1218 1460 1252 1480 ea
1267 1452 1406 1488 cogitare.
1423 1451 1459 1480 Ut
1474 1452 1498 1479 si
1515 1451 1600 1480 nobis
1613 1454 1764 1479 Socratem
1783 1452 1874 1480 infor-

168 1502 297 1527 memus,
314 1494 456 1530 lepidum,
471 1493 570 1521 album
587 1495 617 1521 et
631 1493 812 1521 comatulum
829 1494 914 1522 nobis
931 1495 1028 1530 ipsum

169 1539 258 1568 obeso
272 1540 383 1572 ventre,
400 1539 477 1574 quod
494 1540 664 1566 accuratum
681 1537 841 1566 discrimen
857 1540 912 1566 est.

204 1585 276 1611 Cum
291 1583 321 1611 id
349 1591 447 1618 omne,
477 1582 582 1618 inquit,
608 1583 687 1618 quod
716 1584 859 1617 movetur,
875 1583 904 1610 in
929 1583 990 1612 loco
1006 1585 1028 1618 C

167 1635 243 1663 esse,
259 1627 386 1656 afﬁrmat
401 1626 582 1660 Aristoteles,
595 1626 701 1654 ccelum
715 1626 909 1655 inerrantium
921 1627 990 1656 stel-

166 1672 263 1700 larum
279 1671 388 1699 moveri
413 1671 540 1706 fatetur;
566 1673 596 1699 at
611 1670 641 1698 in
667 1670 730 1699 loco
745 1679 809 1699 esse
834 1673 930 1708 negat,
946 1671 989 1700 vel

168 1716 238 1753 quia
253 1716 307 1744 etsi
324 1724 382 1744 non
404 1718 512 1751 totum,
537 1717 570 1744 ut
592 1717 701 1749 totum,
726 1716 776 1744 sed
801 1716 871 1752 quia
893 1718 991 1752 partes

167 1760 262 1796 ipsius
278 1761 307 1788 in
324 1760 397 1793 loco,
414 1768 472 1788 non
495 1760 564 1795 quia
588 1762 663 1788 nate
678 1760 740 1788 sint
763 1769 821 1788 non
837 1760 990 1793 contineri,

167 1805 218 1833 sed
233 1805 303 1841 quia
317 1812 408 1840 supra
420 1805 501 1840 ipsas
512 1804 627 1832 nullum
638 1807 683 1833 est
693 1808 844 1840 corpus,ut
858 1808 886 1833 et
896 1808 991 1833 totum

169 1857 235 1878 cum
251 1849 316 1886 ipso
330 1849 359 1877 in
375 1857 406 1877 se
429 1849 631 1877 concludatur.
653 1851 684 1877 ln
711 1850 810 1878 anima
834 1858 902 1879 vero
919 1851 992 1879 nihil

169 1896 214 1922 est
229 1893 387 1929 ejusmodi,
403 1893 452 1922 sed
477 1894 542 1930 ejus
568 1897 674 1922 natura
696 1896 750 1929 est,
775 1903 834 1923 non
850 1895 991 1924 contineri

169 1938 245 1967 loco.

205 1982 312 2011 Anima
326 1989 378 2019 per
404 1990 436 2010 se
463 1982 587 2011 immota
615 1985 678 2011 est:
706 1991 741 2011 ex
767 1983 910 2012 accidenti
925 1993 992 2013 vero

169 2026 226 2056 dici
238 2027 332 2063 possit
341 2026 468 2063 eeipsam
486 2035 612 2061 movere,
627 2027 715 2063 idque
726 2027 788 2056 solo
803 2032 884 2057 motu
897 2029 932 2057 ad
949 2029 992 2057 lo-

169 2079 236 2100 cum
250 2079 256 2100 :
271 2071 389 2106 quando
404 2071 483 2099 enim
506 2071 569 2107 ipsa
584 2080 692 2108 corpus
717 2076 822 2107 movet,
839 2076 868 2101 et
883 2073 910 2100 in
928 2074 992 2109 ipso

169 2118 259 2145 sunt:
275 2124 339 2152 quas
354 2118 517 2150 moventur,
531 2118 609 2144 moto
625 2125 754 2153 corpore,
769 2126 834 2146 cum
851 2126 884 2146 eo
897 2126 991 2146 move-

168 2160 260 2189 bitur.
277 2161 379 2197 ltaque
393 2161 556 2189 secundum
583 2161 720 2190 accidens
736 2163 861 2198 seipsam
885 2165 991 2197 movet,

168 2205 238 2242 quia
252 2213 367 2241 corpus,
384 2205 414 2233 in
430 2214 488 2242 quo
503 2211 566 2240 est;
582 2208 613 2234 at
628 2214 678 2242 per
694 2215 725 2235 se
740 2211 768 2234 et
782 2215 814 2235 se
829 2209 990 2236 secundum

169 2250 379 2284 substantiam,
404 2258 499 2286 neque
516 2253 658 2284 movetur,
684 2259 778 2287 neque
794 2253 824 2279 in
848 2252 911 2280 loco
928 2255 991 2281 est:

170 2297 251 2323 motu
279 2280 378 2331 igitur,
397 2295 433 2323 ad
451 2280 557 2323 llocum
587 2303 622 2323 ex
650 2280 792 2324 accidenti
822 2304 937 2324 movere
961 2305 993 2325 se
1010 2280 1031 2313 θ

170 2339 268 2368 anima
282 2339 339 2368 dici
356 2342 462 2376 potest,
476 2339 533 2368 alio
547 2342 685 2376 presteres
695 2340 787 2369 nullo.
803 2341 903 2377 Neque
913 2342 991 2370 enim

171 2386 284 2412 mutato
298 2392 419 2421 oorpore
443 2384 628 2418 immutatur,
645 2385 696 2413 sed
722 2393 774 2413 nec
790 2388 922 2422 augetur,
940 2395 992 2415 nec

171 2428 325 2457 minuitur.

205 2472 362 2500 Brutorum
377 2474 407 2500 et
420 2472 589 2508 plantarum
617 2473 747 2501 animam
763 2482 879 2510 quoque
902 2483 992 2511 slope-

168 2524 292 2544 numero
307 2519 390 2545 vocat
417 2517 598 2552 Aristoteles,
615 2521 643 2546 et
664 2526 731 2546 cum
762 2518 897 2546 rationali
912 2527 992 2548 com-

167 2559 332 2595 prehendit.
349 2560 431 2596 Sepe
446 2569 512 2589 vero
537 2562 629 2589 solam
651 2561 728 2589 hanc
751 2562 880 2590 animam
896 2566 991 2597 vocat,

167 2604 314 2632 interdum
330 2604 418 2632 etiam
435 2608 562 2633 mentem
579 2606 709 2634 animam
723 2605 861 2642 appellat,
886 2615 990 2636 rursus

206 2701 244 2739 (9)
260 2702 326 2739 Leg.
338 2702 516 2740 προθώμεθα.

1046 1495 1204 1525 informare
1219 1504 1277 1524 non
1307 1504 1478 1532 possumus,
1494 1497 1544 1523 sed
1569 1496 1695 1530 calvum,
1712 1496 1835 1532 nigrum
1851 1499 1877 1524 et

1082 1585 1144 1613 ’Ότι
1159 1595 1218 1615 πως
1232 1584 1309 1622 φησὶ,
1334 1583 1421 1622 λέγων
1444 1582 1649 1622 Ἀριστοτέλης,
1671 1586 1723 1611 πᾶν
1738 1584 1770 1612 τὸ
1785 1584 1875 1612 κινού-

1047 1639 1126 1665 μενον
1143 1628 1169 1656 ἓν
1184 1629 1261 1665 τόπῳ
1276 1629 1322 1665 μὶν
1352 1628 1431 1665 εἶναι,
1460 1628 1540 1660 αὐτὸς
1569 1629 1618 1663 τὴν
1648 1627 1771 1663 ἀπλανῆ,
1788 1639 1874 1656 κινου-

1048 1673 1132 1710 μὲνην
1149 1673 1196 1710 μὲν
1213 1672 1356 1710 ὁμολογεῖ,
1374 1670 1400 1699 ’s'v
1425 1673 1502 1709 τόπῳ
1516 1671 1545 1700 δὲ
1562 1673 1598 1709 μὴ
1616 1674 1684 1700 εἶναι
1704 1681 1711 1689 ⁸
1730 1672 1749 1707 ἥ
1766 1671 1811 1700 ὅτι
1827 1671 1874 1700 κᾶν

1048 1718 1085 1754 μὴ
1100 1715 1152 1752 ὅλη
1171 1717 1208 1749 ὡς
1222 1717 1286 1753 ὅλη,
1311 1716 1375 1745 ἀλλ’
1401 1715 1442 1744 ὅτι
1467 1717 1501 1744 τὰ
1527 1717 1595 1753 μέρη
1625 1716 1708 1752 αὐτῆς
1723 1717 1749 1744 ἰν
1770 1718 1852 1753 τόπῳ
1868 1727 1874 1733 ·

1046 1761 1101 1800 οὐχ
1115 1761 1156 1790 ὅτι
1169 1763 1270 1801 πέφυκε
1292 1762 1329 1798 μὴ
1346 1761 1519 1800 περιέχεσθαί
1535 1773 1540 1778 ·
1559 1760 1623 1789 ἀλλ’
1638 1761 1680 1788 ὅτι
1697 1763 1736 1798 μὴ
1753 1762 1876 1790 ἐπέκεινα

1046 1807 1129 1842 αὐτῆς
1145 1807 1224 1844 σῶμά
1245 1806 1314 1834 ἆστιν
1333 1816 1339 1823 ·
1352 1806 1398 1833 ’ίνα
1417 1806 1462 1834 καὶ
1483 1806 1514 1834 τὸ
1537 1809 1589 1833 πᾶν
1608 1805 1675 1843 αὐτῇ
1701 1807 1876 1844 πιρικοιλαί-

1045 1861 1123 1886 νηται
1139 1850 1165 1878 ἐν
1184 1850 1267 1887 αὐτῷ.
1288 1851 1349 1879 Έπί
1366 1849 1395 1878 δὲ
1423 1852 1516 1888 ψυχῆς
1541 1849 1618 1878 οὐδὲν
1643 1850 1768 1878 τοιοῦτόν
1793 1850 1878 1884 ἐστιν,

1046 1895 1110 1923 ἀλλ’
1138 1896 1155 1930 ή
1184 1894 1261 1934 φύσις
1291 1894 1374 1930 αὐτῆς
1403 1895 1459 1922 ἐστι
1484 1895 1516 1922 τὸ
1542 1895 1579 1931 μή
1605 1894 1682 1931 τόπῳ
1707 1896 1876 1933 πιριγράᾳς-

1047 1940 1118 1968 σθαι.

1082 1985 1142 2013 Ὀτι
1167 1985 1184 2019 ἡ
1214 1985 1291 2021 ψυχή
1320 1984 1379 2010 καθ’
1407 1984 1503 2019 ἐαυτήν
1534 1983 1661 2020 ἀκίνητός
1691 1982 1747 2012 ἐστι
1766 1994 1772 2000 ·
1808 1985 1876 2012 κατᾶ

1047 2025 1222 2065 συμϐεϐηκὸς
1250 2027 1279 2055 δὶ
1303 2028 1401 2062 tau-trp!
1432 2030 1514 2055 κινεῖν
1540 2027 1641 2066 λέγοιτ’
1667 2029 1696 2055 ἄν
1718 2038 1724 2044 ·
1741 2029 1788 2056 καὶ
1815 2029 1877 2057 τότι

1050 2073 1134 2110 μόνην
1154 2073 1203 2107 τὴν
1229 2073 1297 2100 κατὰ
1320 2072 1404 2099 τύπον
1434 2073 1552 2108 κίνησιν.
1581 2071 1692 2108 Ἐπειδὴ
1722 2074 1777 2110 γὰρ
1808 2077 1880 2101 κινεῖ

1049 2118 1096 2154 μὲν
1112 2117 1179 2153 αὕτη
1194 2118 1225 2145 τὸ
1242 2119 1321 2154 σῶμη
1336 2126 1342 2132 ·
1359 2115 1415 2144 ἔστι
1441 2115 1470 2144 δὲ
1496 2116 1522 2144 ἰν
1543 2117 1617 2153 αὐτῷ
1640 2128 1790 2154 κινουμενα
1809 2129 1816 2135 ·
1835 2130 1878 2145 κι-

1047 2163 1180 2198 νουμὲνου
1204 2160 1233 2189 δὶ
1269 2163 1318 2189 τοῦ
1355 2162 1482 2198 σώματος
1521 2162 1747 2199 συγκινηθήσιται
1777 2162 1878 2199 αὐτῷ·

1047 2206 1116 2234 ὥστε
1130 2207 1197 2234 κατὰ
1213 2203 1387 2242 συμϐεϐηκὸς
1412 2205 1509 2239 ἰαυτὴν
1533 2208 1601 2233 κινεῖ
1617 2215 1624 2221 ·
1640 2208 1679 2242 τῷ
1692 2206 1723 2234 τὸ
1739 2209 1835 2243 σῶμα,
1854 2207 1879 2234 ἐν

1046 2252 1070 2288 ᾧ
1084 2250 1139 2279 ἆστι
1161 2261 1167 2267 ·
1184 2252 1242 2282 καθ’
1257 2251 1355 2285 ἑαυτὴν
1383 2248 1422 2285 δὶ,
1448 2250 1492 2277 καὶ
1521 2252 1580 2278 κατ’
1604 2249 1696 2277 οὐσίαν
1711 2249 1774 2278 οὔτε
1790 2255 1878 2279 κινεῖ-

1046 2306 1101 2329 ται,
1118 2295 1178 2323 οὔτε
1202 2294 1228 2323 ἐν
1251 2295 1328 2331 τόπῳ
1341 2294 1408 2322 ἔστί.
1435 2294 1490 2329 Τὴν
1516 2294 1561 2321 οὖν
1585 2294 1653 2321 κατᾶ
1666 2294 1750 2322 τόπον
1768 2295 1879 2331 κίνησιν

1048 2339 1148 2378 λέγοιτ’
1162 2338 1192 2367 ἄν
1210 2341 1293 2377 μόνον
1317 2342 1400 2367 κινεῖν
1427 2339 1524 2374 ἑαυτὴν
1548 2339 1566 2374 ἡ
1583 2339 1660 2377 ψυχὴ
1679 2339 1749 2367 κατὰ
1773 2338 1876 2376 συμϐε.

1047 2382 1143 2419 ϐηχὸς,
1159 2382 1248 2419 ἄλλην
1266 2382 1294 2411 δὶ
1319 2382 1457 2420 οὐδεμίαν.
1488 2381 1557 2412 Οὔτε
1581 2383 1632 2421 γὰρ
1648 2383 1815 2412 ἀλλοιοῦται
1831 2387 1879 2412 toﬁ

1048 2429 1174 2465 σώματος
1189 2427 1403 2465 ἀλλοιολμένου,
1422 2426 1483 2455 οὕτε
1498 2427 1606 2464 αὸξεται
1621 2427 1639 2462 ἥ
1657 2431 1796 2464 μειοῦται.

1083 2476 1144 2502 Ὅτι
1172 2472 1311 2505 πολλάκις
1332 2473 1346 2500 ό
1378 2472 1562 2510 Αριστοτέλης
1590 2473 1683 2510 ψυχὴν
1707 2472 1802 2507 καλεῖ,
1825 2475 1878 2511 ἅμα

1047 2519 1090 2546 καὶ
1103 2519 1152 2553 τὴν
1180 2517 1281 2556 ἄλογον
1311 2518 1357 2545 καὶ
1385 2519 1435 2553 τὴν
1465 2519 1591 2556 φυτικὴν,
1621 2516 1831 2554 συλλαμϐάνων
1846 2522 1877 2556 τῇ

1047 2562 1157 2602 λογικῇ.
1176 2562 1312 2594 Πολλάκις
1328 2561 1357 2591 δὲ
1373 2563 1455 2600 μόνον
1478 2563 1527 2597 τήν
1545 2561 1660 2600 λογικήν
1679 2573 1685 2578 ·
1716 2560 1772 2590 ἔσθ’
1787 2564 1835 2591 ὅτε
1848 2564 1875 2592 δὶ

1048 2609 1092 2635 καὶ
1108 2607 1187 2635 αὐτὸν
1211 2608 1258 2636 τὸν
1284 2609 1344 2635 νοῦν
1375 2608 1468 2645 ψυχὴν
1498 2607 1638 2644 ὀνομάζει,
1667 2607 1837 2645 ἐπονομάζει
1854 2607 1877 2636 δὲ
