1952 3052
37 90 118 122 1069

781 87 832 118 DE
854 86 994 117 ANIMA.

1675 90 1754 122 1070

38 154 124 184 πάλιν
139 153 298 190 ἰδιαζόντως
310 155 361 190 τὴν
373 155 466 193 ψυχὴν
480 154 528 189 τὴν
543 152 646 192 ἄλογον
661 152 705 181 καὶ
733 153 782 188 τὴν
812 163 865 190 φυ-

958 153 1038 188 oprie
1061 153 1192 183 animam
1219 155 1421 184 irrationalem
1442 158 1471 184 et
1491 158 1674 192 vegetantem
1700 165 1754 185 no-

36 201 128 236 τικήν.
156 201 324 236 Πολυσήμου
349 200 441 228 τοίνυν
465 202 516 234 τῆς
539 200 632 237 ψυχῆς
649 198 721 237 παρὰ
743 198 869 236 Ἀριστο-

37 244 137 277 τὲλους
163 242 387 281 λαμϐανομένης,
418 243 460 272 δεῖ
488 244 593 280 ἒκάστῳ
616 242 812 280 σημαινομένῳ
837 242 871 269 τὰ

38 289 128 317 οἰκεῖα
152 289 292 328 ἀφορίζειν
322 289 368 316 καὶ
394 289 550 325 ἀπονέμειν·
574 288 618 316 καὶ
645 287 683 324 μὴ
700 289 810 325 συγχεῖν
827 285 871 313 διὰ

36 337 90 369 τῆς
119 334 283 371 ὁμωνυμίας
306 336 356 368 τῆς
384 334 478 371 φωνῆς
500 333 545 360 καὶ
569 332 623 360 τῶν
647 331 815 370 πραγμάτων
840 331 870 358 τὸ

39 377 207 416 διῃρημένον
233 378 278 405 καὶ
307 377 471 415 ἀσύγχυτον.
501 377 603 414 Ὠσπερ
628 377 678 414 γὰρ
697 376 729 404 τὸ
751 375 869 414 ὑφαίνειν

37 424 126 462 τυχὸν
153 424 202 450 τοῦ
233 423 305 458 ζώου
334 421 389 450 ἐστὶ
415 422 483 450 κατὰ
510 421 541 449 τὸ
572 423 661 457 σῶμα·
683 420 754 448 οὕτω
780 419 824 447 καὶ
840 419 870 446 τὸ

40 466 207 496 διανοεῖσθαι
221 469 271 494 τοῦ
288 467 359 501 ζώου
373 467 428 495 ἐστὶ
452 467 519 494 κατᾶ
534 467 640 504 ψυχήν.
657 465 702 492 Διὸ
727 466 776 492 τοῦ
801 464 871 499 (dion

39 512 233 551 φθιιρομᾶνου,
251 510 327 539 οὖὸὶν
348 511 452 539 τούτων
478 510 530 546 ἕξει
554 512 571 546 ἡ
587 511 676 548 ψυχὴ,
693 508 759 546 ἅπερ
776 508 806 536 lx
820 509 871 542 τῆς

42 556 209 594 συμπλοκῆς
229 559 279 591 τῆς
304 556 372 594 πρὸς
396 557 427 583 τὸ
443 557 522 592 σῶμα
538 555 607 591 αὐτῇ
624 554 773 591 ὶπιγᾶνετο·
801 554 872 581 ὥστε

41 600 107 630 οὒδὶ
124 600 301 638 μνημονεύει.
323 599 374 628 Καὶ
397 600 448 638 γὰρ
473 599 586 627 ἐνταῦθα
611 599 658 635 μὶν
682 597 872 636 παραῤῥέουσά

39 647 113 674 δστιν
135 647 152 681 ἡ
177 647 274 684 γνῶσις
296 645 391 681 αὐτῆς,
413 644 457 672 καὶ
483 642 567 671 δεῖται
596 644 709 680 μνήμης
728 642 766 673 εἷς
790 652 871 669 κατο-

41 692 100 729 χὴν
114 692 169 719 τῶν
185 689 372 728 ἆγνωσμένων.
388 688 462 718 Μετὰ
477 687 506 716 δὶ
517 688 549 715 τὸ
564 690 654 724 σῶμα,
684 686 729 715 ἅτε
753 687 869 714 ἐστῶοαν

41 735 145 774 ἔχουσα
171 735 221 770 τὴν
251 736 363 772 γνῶσιν,
390 733 435 761 καὶ
462 733 554 764 αὐτοῖς
580 729 793 770 προσϐάλλουσα
813 734 871 762 τοῖς

41 781 196 818 πράγμασι,
213 780 325 816 μνήμης
348 778 379 806 οὐ
395 777 490 805 δεῖται·
510 778 605 814 μνήμη
621 776 670 814 γάρ
687 775 758 804 ἔστιν
782 777 800 811 ὴ
815 778 869 804 τῶν

44 824 131 852 πάλαι
147 822 325 862 ὶγνωσμένων
331 845 337 851 .

81 879 140 905 Ὀτι
170 876 251 916 φησὶν
281 875 485 914 Ἀριστοτέλης,
515 875 578 902 δταν
604 874 642 911 μὴ
663 872 764 912 ἅρχῃὸ
795 873 868 907 νοῦς,

44 921 119 950 ἀλλὰ
140 922 212 959 παρὰ
238 921 316 959 φύσιν
340 919 397 958 ἔχει
414 921 428 947 ὁ
454 918 608 958 ἅνθρωπος,
623 919 685 946 τότε
699 921 750 953 τῆς
771 917 870 953 τάξεως

44 965 280 1005 ἀντιστραφείσης,
306 963 415 992 ἕπονται
438 967 498 996 ταῖς
523 964 632 1001 κράσεσι
663 965 711 991 τοῦ
741 963 868 999 σώματος

43 1011 73 1038 αἱ
87 1014 139 1045 τῆς
153 1012 246 1048 ψυχῆς
263 1008 400 1046 δυνάμεις.
416 1009 497 1038 ’Όταν
515 1007 544 1036 δι
566 1008 579 1035 ὁ
603 1009 665 1039 νοῦς
692 1008 777 1045 ἄρχῃ,
807 1006 869 1034 τότε

42 1055 113 1083 κατὰ
126 1054 203 1094 φύσιν
218 1053 332 1092 ἔχοντος
346 1055 394 1081 τοῦ
409 1053 564 1091 ἀνθρώπου,
580 1051 670 1080 οὐκέτι
684 1054 743 1083 ταῖς
758 1052 866 1088 κράσεσι

40 1102 92 1127 τοῦ
107 1099 234 1136 σώματος
255 1098 449 1130 ἀκολουθοῦσιν
478 1098 504 1125 αἱ
532 1099 583 1130 τῆς
608 1098 700 1135 ψυχῆς
727 1095 865 1133 δυνάμεις,

40 1144 105 1172 ἀλλ’
122 1142 213 1172 ἕπεται
228 1145 262 1180 τῇ
277 1144 355 1180 ψυχῇ
370 1143 401 1170 τὸ
417 1144 507 1179 σῶμα.

76 1199 136 1225 ὀτι
151 1197 200 1232 τήν
216 1196 307 1225 Θαλοῦ
323 1195 400 1231 δόξαν
414 1195 475 1233 περῖ
491 1197 584 1233 ψυχῆς
607 1193 775 1232 ἀνατρέπων,
791 1193 866 1225 ὅστις

36 1239 116 1280 ἔλεγε
130 1241 208 1270 παντὶ
225 1241 330 1277 σώματι
349 1239 483 1278 μεμίχθαι
508 1239 557 1274 τήν
583 1238 675 1276 ψυχὴν
716 1238 754 1269 ὡς
770 1241 864 1276 παρεῖ-

36 1297 81 1314 ναι
95 1288 175 1322 σῶμα
190 1285 325 1323 ὶμψυχον.
354 1287 464 1323 Πρῶτον
482 1284 541 1321 μὲν,
570 1283 597 1310 τί
621 1282 654 1318 δή
678 1293 754 1318 ποτε,
770 1283 864 1322 φησὶν,

38 1331 70 1358 ἂν
86 1331 163 1358 παντὶ
179 1329 286 1367 σώματι
311 1329 394 1364 οὸσης
417 1330 519 1366 ψυχῆς,
543 1329 577 1355 τὰ
594 1327 640 1364 μὶν
657 1327 710 1355 ἐστὶ
739 1330 804 1362 ζῶα,
834 1328 866 1354 τὰ

39 1374 70 1403 Si
99 1374 149 1410 aii;
167 1375 233 1408 εἶτα,
251 1373 322 1402 διατί
335 1375 388 1400 τῶν
404 1372 499 1400 διπλῶν
529 1370 606 1400 οΰδὶν
639 1372 693 1399 ἐστι
716 1374 804 1406 ζῶον;
820 1371 864 1399 καί

38 1431 84 1447 τοι
113 1417 166 1447 ἔδει
185 1417 291 1456 μᾶλλον
320 1419 413 1446 ταῦτα.
445 1418 489 1445 Ἑν
512 1416 562 1454 γὰρ
582 1416 648 1454 πυρὶ
678 1417 752 1451 οὖσα,
778 1416 821 1443 καὶ
838 1415 864 1444 ἰν

38 1463 110 1502 ἀέρι,
126 1463 171 1491 ἅτε
195 1461 396 1500 καθαρωτέροις
409 1461 455 1488 καὶ
471 1459 728 1499 λιπτομιριστὲροις
742 1461 864 1497 σώμασιν

38 1509 118 1542 οὖσα,
138 1507 245 1546 βελτιον
259 1506 291 1535 ἃν
306 1506 347 1542 εἴη
364 1506 390 1534 ἂν
406 1505 513 1538 τούτοις
527 1507 544 1540 ἡ
561 1506 705 1555 ψυχῇ,τι’ἐ›ν
722 1505 863 1555 συνθέτων,
880 1522 902 1555 C

37 1553 101 1585 ὅθεν
116 1552 160 1580 καὶ
178 1551 283 1588 μᾶλλον
297 1550 481 1591 διαφαίνεσθαι
496 1550 594 1585 ἑαυτῆς
608 1549 726 1587 ὤφειλον
744 1551 770 1577 αἱ
795 1550 865 1588 ἐνέρ-

34 1607 120 1635 γιιαι.
136 1597 188 1625 Καὶ
205 1595 279 1624 ἄλλα
294 1595 322 1624 δὶ
337 1595 426 1624 πλείω
442 1595 583 1623 συνιπάνει
598 1597 632 1632 τῇ
651 1595 788 1632 ὑπολήψει
803 1594 865 1622 ταύ-

35 1653 71 1679 τῃ
86 1641 206 1678 ἇπόμενα
221 1640 318 1668 ἄτοπα.

73 1731 136 1760 ’Ότι
162 1729 220 1758 hui
251 1729 363 1761 πλείους
383 1729 428 1757 καὶ
453 1728 579 1769 διάφοροι
601 1732 651 1764 τῆς
674 1731 767 1767 ψυχῆς
797 1729 866 1767 ἰνὲρ-

37 1786 122 1814 γιιαι,
141 1777 217 1811 ζητιῖ
239 1775 254 1802 ὁ
276 1774 480 1811 ’Δριστοτίλης,
505 1774 618 1812 πότερον
637 1776 700 1810 μιᾶς
715 1772 798 1808 etiam:
821 1774 866 1801 καὶ

37 1820 188 1857 ἀμερίστου
211 1822 262 1853 τῆς
287 1821 390 1856 ψυχῆς,
415 1819 472 1846 κατ’
498 1818 589 1846 οὐσίαν
605 1818 635 1846 ἐκ
648 1818 749 1853 ταύτης
764 1818 791 1845 αἱ
807 1817 866 1845 διά-

39 1875 123 1902 φοροι
148 1863 276 1900 δυνάμεις
307 1863 352 1891 καὶ
375 1862 505 1901 ἑνὲργιιαι
527 1863 721 1900 προέρχονταιθ
751 1863 787 1893 ὡς
816 1863 865 1897 τήν

39 1909 126 1942 αὐτὴν
155 1908 220 1936 εἶναι
250 1908 309 1935 κατ’
334 1907 438 1942 οὐσίαν,
463 1908 507 1935 καὶ
535 1907 598 1944 μίαν
612 1910 651 1943 τῷ
675 1907 795 1944 ἀριθμῷ,
820 1907 865 1934 καὶ

40 1953 200 1991 θρεπτικὴν,
225 1952 269 1979 καὶ
296 1952 454 1988 αὐξητικὴν,
479 1953 524 1979 καὶ
551 1953 724 1989 γεννητικὴν,
749 1951 793 1978 καὶ
818 1950 864 1978 λο-

37 1998 130 2034 γικήν,
159 1997 204 2024 καὶ
234 1997 364 2034 θυμικήν,
394 1996 438 2024 καὶ
462 1995 676 2033 ἑπιθυμητικήν.
707 1996 757 2024 Κὰῖ
784 1997 864 2023 καθά-

37 2052 89 2080 πιρ
117 2043 136 2077 ἡ
152 2043 201 2069 τοῦ
216 2041 301 2079 πυρὸς
331 2041 408 2069 οὐσία
426 2041 473 2077 μία
496 2041 540 2068 καὶ
556 2041 573 2076 ἠ
596 2041 665 2076 αὗτή
684 2040 762 2068 ἐστιν·
779 2041 804 2075 ἐξ
832 2041 865 2075 ἦς

37 2088 57 2121 ἡ
101 2086 232 2121 καυστική
274 2096 303 2113 τι
340 2085 384 2112 καὶ
428 2085 586 2123 ξηραντικὴ,
629 2085 674 2112 καὶ
715 2087 863 2124 φωτιοτική

37 2130 147 2169 πρόεισι
170 2129 282 2167 δύναμίς
306 2140 335 2157 τε
356 2130 401 2157 καὶ
425 2129 555 2168 ἆνὲργεια,
571 2130 588 2165 ἢ
603 2140 644 2161 τις
660 2129 732 2165 ἄΛλη
751 2128 865 2166 δύναμις

38 2175 158 2214 ψυχικὴ,
186 2174 204 2210 ἢ
222 2175 335 2213 μιριστή
352 2174 421 2202 ἐστιν
435 2175 452 2210 ἡ
477 2175 566 2212 ψυχὴ,
596 2175 640 2202 καὶ
656 2175 723 2202 κατὰ
736 2173 806 2202 ἄλλο
820 2174 864 2202 καὶ

39 2211 114 2247 ἄλλο
145 2219 241 2256 μόριον
258 2211 353 2254 ἀὐτῆς
384 2211 489 2254 ἱκάστην
516 2211 570 2246 τῶν
597 2218 737 2257 ἐνεργειῶν
765 2219 867 2246 τούτων
887 2211 907 2242 ί)

40 2264 157 2302 γίνεται.
175 2264 247 2299 Φησὶ
264 2262 293 2291 δὶ
309 2264 322 2291 ὁ
339 2262 533 2301 Ἀριστοτέλης
557 2264 608 2291 οὐκ
629 2263 810 2302 ἀρεσκόμενος
834 2266 873 2299 τῷ

42 2307 174 2346 δόγματι,
205 2307 268 2336 ἀλλ’
292 2307 416 2345 ὶγκαλῶν
442 2311 482 2344 τῷ
506 2309 618 2345 Τιμαίῳ
639 2309 710 2345 παρὰ
738 2309 771 2335 ti
792 2308 873 2345 μόρια

41 2354 94 2380 τοῦ
110 2353 239 2388 σώματος
254 2350 404 2390 διαιροῦντι
420 2353 465 2380 καὶ
480 2354 530 2388 τὴν
554 2353 658 2391 ψυχήν.
678 2354 729 2380 Καὶ
745 2353 796 2390 γὰρ
814 2352 873 2380 οὐδ’

43 2396 128 2427 αὐτὸς
148 2395 275 2434 βούλεται
306 2396 369 2433 μίαν
401 2396 492 2424 οὐσίαν
520 2397 586 2424 εἶναι
615 2401 665 2431 τῆς
692 2397 874 2435 ψυχῆς.ὰλλ¹

42 2440 74 2468 lx
91 2439 230 2478 διαφόρων
247 2441 294 2476 μὶν
317 2440 415 2467 οὐσιῶν
444 2444 599 2477 συγκεῖσθαι
625 2441 736 2476 ταύτην-
767 2442 873 2478 ἡνωμέ-

41 2496 98 2513 νων
116 2483 145 2512 δὲ
173 2483 313 2520 ἀλλήλαις
343 2485 387 2512 καὶ
418 2487 538 2522 συνεχῶν
556 2484 652 2518 οὕτως,
669 2486 705 2516 ὡς
724 2486 787 2521 μίαν
802 2486 873 2522 γὶ-ιε-

42 2536 106 2562 σθαι
136 2529 223 2557 αὐτῶν
252 2529 419 2566 συμπάθειαν
438 2551 444 2557 .
474 2526 608 2556 Διαϐαίνει
637 2530 686 2567 γάρ
715 2540 740 2556 τι
773 2531 818 2557 καὶ
845 2530 874 2557 ἐκ

39 2577 91 2602 τοῦ
105 2573 191 2612 λόγου
208 2574 247 2604 είς
269 2573 303 2601 τὰ
326 2572 412 2609 πάθη,
435 2574 479 2601 καὶ
505 2573 530 2608 ἐξ
556 2573 664 2601 ἐκείνων
690 2573 727 2604 ελς
754 2574 799 2601 τὸν
826 2574 871 2601 λό-

40 2629 103 2657 γον.
123 2618 190 2646 Τότε
213 2618 265 2656 γὰρ
282 2617 464 2656 ὑποτετάχθαι
490 2619 523 2645 τὰ
548 2618 634 2653 πάθη,
656 2618 701 2645 καὶ
727 2617 806 2645 εἴκειν
834 2622 874 2654 τῷ

44 2663 136 2701 λόγῳ,
150 2662 251 2691 ἄνωθεν
278 2662 309 2691 ἐκ
335 2666 386 2698 τῆς
413 2665 462 2690 τοῦ
484 2661 569 2701 λόγου
585 2662 751 2700 συλλήψεως
779 2663 872 2695 αὐτοῖς

43 2708 153 2748 ὶφήκει.
177 2708 247 2738 Τότε
274 2709 343 2747 πρὸς
371 2708 418 2739 τᾶς
446 2707 547 2740 οἰκείας
571 2708 705 2746 ἐνεργείας
729 2707 872 2745 ἐμποδίζε-

45 2759 106 2787 σθαι
137 2753 183 2782 τὸν
200 2753 292 2792 λόγον,
323 2752 353 2782 ἐκ
380 2755 431 2788 τῆς
445 2753 512 2792 πρὸς
539 2754 571 2782 τὰ
586 2754 657 2789 πάθη
676 2753 796 2792 σχέσεως
826 2754 872 2782 αὖ·

925 198 1030 226 minat.
1045 201 1116 227 Cum
1133 207 1201 235 ergo
1218 200 1375 236 multiplici
1392 201 1420 228 in
1437 201 1606 237 signiﬁcatu
1623 202 1753 230 animam

925 243 1050 278 accipiat
1065 243 1247 276 Aristotcles,
1263 244 1385 272 cuilibet
1405 245 1570 281 signiﬁcato
1588 246 1666 282 quod
1685 254 1752 282 pro-

925 287 1023 323 prium
1045 290 1100 322 est,
1118 288 1317 316 deﬁniendum
1334 292 1363 317 et
1378 290 1601 318 attribuendum
1617 292 1662 318 est
1678 299 1684 319 :
1702 299 1753 318 ne-

925 340 983 367 que
997 340 1113 366 vacum,
1131 333 1284 360 nominum
1301 336 1329 361 et
1346 342 1444 362 rerum
1462 334 1659 363 similitudine
1674 343 1754 363 com-

927 376 1123 412 miscendum,
1136 378 1213 413 quod
1230 378 1389 406 discretum
1405 381 1434 406 et
1449 387 1506 406 non
1523 379 1680 408 confusum
1698 381 1754 407 est.

926 420 1180 452 Quemadmodum
1206 422 1283 450 enim
1313 425 1417 455 texere,
1444 425 1524 459 puta,
1546 423 1686 452 animalis
1710 426 1756 452 est

927 466 1091 493 secundum
1121 474 1227 502 corpus
1245 476 1251 494 :
1268 467 1310 495 sic
1335 467 1511 504 intelligere,
1538 467 1675 496 animalis
1700 470 1754 503 est,

927 518 978 545 per
994 510 1133 538 animam.
1152 511 1246 543 Quare
1262 511 1381 539 animali
1400 514 1547 548 corrupto,
1564 511 1640 540 nihil
1655 519 1757 540 eorum

927 554 1045 581 habebit
1069 554 1179 589 anima,
1196 563 1257 589 quas
1273 564 1307 583 ex
1323 556 1531 591 conjunctione
1546 556 1678 593 corporis
1703 557 1755 584 ha-

925 598 1023 626 bebat.
1053 598 1106 626 Sed
1143 607 1237 635 neque
1271 600 1417 628 meminit.
1447 600 1519 628 Hinc
1552 600 1630 628 enim
1661 601 1757 629 afﬂuit

926 643 991 678 ejus
1016 643 1153 678 cognitio,
1170 645 1199 670 et
1225 644 1366 671 memoria
1389 644 1512 680 indiget,
1538 645 1574 673 ad
1600 645 1756 674 retinenda

926 694 990 722 quas
1019 687 1155 723 cognovit
1178 695 1184 714 :
1209 690 1239 715 at
1269 687 1368 715 soluta
1395 696 1524 724 corpore,
1555 691 1588 717 ut
1615 689 1754 718 stabilem

926 731 1037 759 habens
1053 731 1250 766 cognitionem
1275 734 1304 759 et
1327 740 1374 760 res
1397 732 1479 768 ipsas
1502 733 1663 770 attingens,
1680 733 1754 762 nihil

925 778 990 812 eget
1013 777 1166 812 memoria,
1188 784 1257 805 nam
1287 779 1374 805 antea
1398 777 1582 814 cognitorum
1611 779 1755 807 memoria

924 823 979 848 est.

960 874 1032 902 Cum
1063 882 1145 902 mens
1176 882 1235 902 non
1264 873 1402 910 imperat,
1427 874 1468 903 ait
1494 874 1677 909 Aristoteles,
1703 877 1754 904 sed

926 921 1031 954 praeter
1055 921 1191 947 naturam
1209 927 1241 947 se
1255 919 1345 947 habet
1358 920 1457 955 homo,
1473 922 1544 948 tunc
1561 920 1664 948 ordine
1688 929 1754 957 per-

923 970 1007 990 verso
1037 964 1270 999 temperaturam
1300 964 1431 999 corporis
1457 964 1563 992 animm
1593 967 1754 1000 potestates

923 1009 1118 1035 assectantur.
1128 1009 1200 1035 Cum
1215 1015 1283 1035 vero
1300 1016 1384 1036 mens
1399 1008 1534 1044 imperat,
1546 1010 1617 1036 tunc
1633 1009 1753 1038 homine

922 1052 1087 1080 secundum
1099 1054 1236 1080 naturam
1248 1052 1362 1087 ati'ecto,
1371 1061 1429 1080 non
1438 1053 1498 1088 jam
1508 1053 1680 1089 temperiem
1691 1061 1753 1082 cor-

921 1096 1001 1133 poris
1025 1098 1191 1132 sequuntur
1218 1096 1323 1125 animle
1348 1096 1512 1133 facultates,
1537 1098 1588 1125 sed
1619 1097 1749 1126 animam

921 1150 1029 1178 corpus
1045 1143 1142 1178 ipsum
1160 1143 1305 1178 sequitur.

956 1195 1086 1224 Thaletis
1111 1195 1214 1224 Milesii
1237 1196 1406 1232 opinionem
1429 1196 1465 1224 de
1489 1197 1588 1226 anima
1609 1197 1746 1226 convellit

921 1241 971 1276 qui
985 1241 1064 1268 omni
1077 1239 1191 1276 corpori
1201 1249 1266 1269 esse
1280 1241 1443 1269 immistam
1455 1241 1584 1270 animam
1596 1250 1746 1270 commen-

920 1287 968 1313 tus
983 1287 1037 1319 est,
1053 1287 1086 1312 ut
1108 1285 1147 1312 sit
1169 1293 1277 1321 corpus
1293 1285 1402 1313 vivens.
1421 1285 1552 1314 Primum
1576 1286 1667 1320 enim,
1683 1295 1746 1320 cur,

920 1329 1028 1365 inquit,
1045 1337 1110 1357 cum
1128 1329 1157 1356 in
1174 1329 1254 1357 omni
1271 1337 1392 1365 corpore
1416 1329 1455 1357 sit
1482 1329 1592 1362 anima.
1607 1330 1668 1358 haec
1683 1330 1748 1359 ani-

921 1374 1011 1402 malia
1024 1376 1105 1407 sunt,
1118 1373 1168 1402 illa
1184 1382 1241 1402 non
1257 1374 1346 1402 sunt?
1357 1374 1478 1408 Deinde,
1491 1383 1544 1402 cur
1557 1375 1674 1403 nullum
1691 1375 1750 1404 ele-

921 1421 1086 1446 mentorum
1104 1418 1213 1446 animal
1230 1420 1294 1446 esti’
1308 1418 1425 1447 tametsi
1439 1427 1474 1447 ea
1490 1420 1585 1455 magis
1600 1421 1753 1456 oportebat

921 1462 1062 1490 animalia
1076 1471 1151 1491 esse.
1169 1462 1199 1490 Si
1215 1463 1292 1490 enim
1309 1463 1339 1490 in
1356 1463 1424 1500 igne
1447 1465 1476 1491 et
1501 1464 1530 1491 in
1555 1472 1621 1492 aere
1637 1465 1753 1500 fuisset,

923 1506 1029 1536 melius
1053 1507 1082 1535 in
1109 1507 1166 1540 bis,
1184 1509 1284 1543 utpote
1310 1507 1460 1543 prioribus
1489 1510 1518 1536 et
1547 1509 1753 1538 subtilioribus

921 1552 1093 1588 corporibus
1123 1551 1246 1587 fuisset,
1271 1560 1358 1588 quam
1387 1551 1418 1580 in
1448 1553 1640 1589 compositis;
1673 1554 1752 1582 unde

920 1597 1016 1632 ipsius
1041 1596 1174 1624 actiones
1198 1595 1308 1624 clarius
1323 1595 1497 1625 eluxissent.
1514 1597 1553 1626 Iis
1569 1598 1675 1626 deinde
1694 1598 1752 1626 alia

921 1641 1068 1670 connectit
1082 1641 1213 1669 absurda
1227 1649 1317 1677 quam
1339 1641 1477 1677 plurima,
1493 1650 1556 1678 quis
1571 1650 1606 1670 ex
1620 1642 1750 1671 Thaletis

922 1685 1060 1722 opinione
1074 1687 1252 1721 sequuntur.

958 1731 1030 1758 Cum
1047 1729 1147 1758 multas
1173 1730 1234 1757 sint
1248 1732 1277 1758 et
1293 1729 1461 1759 differentes
1485 1731 1590 1759 animae
1614 1732 1744 1760 actiones

922 1774 1027 1809 quaerit
1051 1774 1237 1807 Aristoteles,
1248 1776 1348 1802 utrum
1364 1782 1431 1802 cum
1448 1783 1507 1802 una
1529 1775 1568 1804 sit
1582 1777 1610 1802 et
1625 1775 1752 1803 indivisa

922 1819 1023 1847 anima
1037 1819 1200 1846 secundum
1226 1818 1436 1854 substantiam,
1453 1827 1488 1847 ex
1504 1819 1569 1856 ipsa
1584 1819 1753 1848 differentes

922 1863 978 1891 illis
994 1865 1153 1899 potestates
1164 1865 1194 1890 et
1209 1863 1339 1891 actiones
1356 1863 1591 1900 proficiscantur,
1604 1866 1635 1892 ut
1650 1865 1752 1892 eadem

921 1907 961 1935 sit
976 1908 1145 1935 substantia
1155 1910 1184 1935 et
1199 1915 1322 1935 numero
1335 1916 1402 1941 una,
1415 1907 1513 1940 altrix,
1529 1908 1652 1942 auctrix,
1665 1917 1752 1944 gene-

921 1952 1021 1985 ratrix,
1035 1951 1196 1985 rationalis,
1209 1952 1341 1980 irascens
1355 1954 1383 1980 et
1398 1953 1609 1988 concupiscens
1623 1961 1629 1980 :
1642 1961 1747 1989 quem-

921 1997 1081 2025 admodum
1106 1996 1183 2033 ignis
1203 1997 1370 2025 substantia
1392 2005 1451 2024 una
1474 2000 1502 2025 et
1527 1997 1626 2025 eadem
1643 2001 1698 2031 est,
1715 2006 1749 2026 ex

921 2049 979 2077 qua
995 2041 1108 2073 urendi,
1121 2041 1288 2069 exsiccandi
1314 2043 1343 2069 et
1367 2041 1556 2070 illuminandi
1571 2042 1616 2070 vis
1632 2045 1661 2070 et
1676 2044 1751 2070 actio

921 2088 1076 2122 promanat
1088 2094 1094 2113 ε
1108 2085 1152 2113 vel
1168 2086 1226 2114 alia
1241 2088 1286 2113 est
1311 2086 1415 2114 animus
1431 2088 1572 2122 potestas,
1585 2086 1629 2114 vel
1652 2087 1754 2115 anima

920 2130 1010 2158 dividi
1028 2132 1133 2166 potest,
1147 2132 1175 2158 et
1199 2131 1363 2158 secundum
1390 2130 1476 2159 aliam
1493 2133 1523 2159 et
1540 2131 1628 2159 aliam
1655 2132 1752 2168 ipsius

922 2177 1034 2211 partem
1051 2174 1189 2210 quaelibet
1207 2174 1312 2202 harum
1334 2175 1538 2211 operationum
1555 2176 1601 2204 ﬁt.
1620 2176 1649 2204 id
1668 2184 1755 2213 porro

923 2219 995 2247 dicit
1017 2219 1200 2255 Aristoteles,
1217 2227 1403 2256 nequaquam
1428 2220 1470 2248 illi
1498 2220 1636 2249 doctrinm
1652 2229 1753 2249 assen-

929 2264 1015 2297 tiens,
1032 2264 1082 2291 sed
1109 2264 1251 2292 Timaeum
1276 2264 1503 2300 reprehendens,
1520 2265 1570 2301 qui
1594 2266 1630 2293 ad
1655 2267 1752 2301 partes

928 2307 1058 2344 corporis
1080 2307 1209 2335 animam
1235 2316 1353 2344 quoque
1377 2308 1526 2337 dividebat
1543 2318 1549 2337 :
1566 2317 1633 2337 nam
1658 2318 1753 2345 neque

928 2353 990 2388 ipse
1006 2360 1094 2380 unam
1109 2360 1174 2380 esse
1183 2352 1246 2381 vult
1262 2353 1367 2381 animae
1378 2353 1586 2388 substantiam,
1597 2353 1648 2382 sed
1664 2363 1698 2382 ex
1712 2355 1754 2382 di-

928 2397 1020 2424 versis
1036 2405 1100 2425 eam
1127 2397 1302 2425 substantiis
1317 2400 1481 2426 concretam
1507 2406 1607 2426 verum
1630 2398 1708 2427 inter
1722 2407 1753 2427 se

929 2441 1053 2476 coalitis,
1069 2444 1097 2469 et
1110 2441 1151 2469 ita
1166 2442 1392 2476 cohaerentibus,
1410 2445 1442 2469 ut
1456 2451 1515 2470 una
1534 2442 1574 2470 sit
1593 2451 1693 2471 earum
1712 2444 1752 2471 af-

930 2487 1024 2514 fectio.
1041 2486 1063 2513 A
1079 2486 1190 2514 ratione
1207 2488 1315 2523 quippe
1338 2487 1367 2514 in
1392 2486 1458 2515 illas
1485 2487 1663 2524 affectiones,
1675 2491 1704 2516 et
1718 2490 1754 2517 ab

928 2530 987 2558 illis
1008 2531 1037 2558 in
1055 2531 1197 2559 rationem
1219 2531 1329 2567 aliquid
1354 2532 1461 2560 transit
1477 2540 1483 2559 :
1501 2532 1649 2560 interdum
1677 2534 1755 2561 enim

929 2575 1212 2612 perturbationibus,
1222 2578 1253 2603 ut
1261 2576 1457 2612 subjiciuntur
1467 2579 1495 2604 et
1506 2577 1610 2605 rationi
1623 2581 1755 2614 pareant,

928 2629 963 2648 ex
978 2620 1101 2647 rationis
1121 2621 1381 2656 comprehensione
1407 2621 1513 2649 accidit
1529 2631 1534 2650 :
1552 2622 1709 2659 aliquando
1725 2623 1755 2651 in

929 2664 991 2693 suis
1006 2664 1144 2701 operibus
1166 2665 1310 2693 rationem
1338 2665 1473 2702 impediri
1498 2675 1533 2694 ex
1557 2666 1659 2695 habitu
1676 2668 1755 2704 ipsa-

930 2717 993 2737 rum
1009 2711 1037 2737 et
1053 2717 1129 2738 nexu
1153 2717 1219 2737 cum
1241 2710 1523 2746 perturbationibus,
1539 2712 1690 2749 contingit.
1706 2712 1754 2740 Sic

929 2754 1020 2793 igitur
1034 2754 1134 2784 anima
1145 2763 1204 2784 una
1217 2759 1259 2784 est
1278 2755 1454 2790 substantia,
1467 2758 1499 2784 ut
1509 2758 1536 2785 et
1550 2758 1644 2786 totum
1661 2757 1754 2785 homi-
