1950 3050
160 72 235 102 1071

829 68 1041 99 MICHAELIS
1062 69 1199 99 PSELLI

1794 69 1878 100 10⁸12

159 144 225 164 nem
242 136 330 164 unius
346 144 411 164 esse
426 136 598 164 substantiis
611 136 748 171 dicimus,
759 137 787 164 et
802 143 986 171 quaecunque

1079 145 1095 161 ιν
1111 134 1291 172 περιγίνεται.
1306 132 1401 166 Οὕτως
1426 135 1471 162 οὗν
1499 135 1548 172 μία
1571 135 1649 164 οὐσία
1673 136 1691 170 ἡ
1714 135 1807 173 ψυχὴ,
1838 135 1877 166 ὡς

159 190 194 210 ex
210 181 333 209 materia
357 183 386 209 et
411 182 504 209 forma
519 183 678 208 constant:
696 181 765 216 quia
789 181 866 216 quod
893 188 988 215 neque

158 225 340 254 irrationalis
365 226 465 253 anima
489 227 585 253 omnis
616 225 703 253 unius
728 227 773 253 est
801 224 988 257 substantiae,

159 271 288 299 ostendit
311 271 387 298 inter
406 278 437 297 se
461 278 538 305 saepe
567 270 711 298 dissidere
740 269 988 305 perturbationes,

158 315 233 343 iram
249 315 313 342 dico
337 319 364 342 et
379 314 570 350 cupiditatem
586 323 592 342 :
609 317 639 341 at
654 314 727 341 nihil
743 314 849 341 horum
866 315 987 349 pugnat.

157 363 360 396 Saepenumero
387 359 479 395 igitur
494 359 529 386 ad
547 359 687 387 rationem
713 358 808 393 magis
834 358 876 384 ira
900 358 989 393 perti-

158 408 217 439 net,
235 406 267 432 ut
290 404 316 431 ei
347 404 465 432 afﬁnior
496 406 615 439 propter
645 402 849 430 ambitionem.
867 401 991 429 Obsistit

158 451 256 477 autem
273 450 301 476 et
316 448 454 476 renititur
470 447 629 483 cupiditas,
647 447 716 482 quia
730 447 895 474 secundum
912 446 988 474 acci-

158 493 243 527 dens,
266 492 373 528 inquit,
389 492 418 520 in
445 491 588 520 similium
615 491 743 527 partium
769 493 867 527 partes
891 490 990 518 anima

158 537 300 565 dividitur
330 546 336 565 :
368 537 444 572 quod
480 536 560 564 enim
592 536 622 563 in
659 543 780 571 corpore
810 535 989 568 dividantur,

159 582 223 615 ipsa
243 588 361 618 quoque
386 589 446 609 una
469 579 621 614 dividitur,
639 582 672 607 ut
695 580 724 607 in
752 580 862 616 plantis
888 582 916 606 et
944 579 990 606 in-

161 627 261 654 sectis.

196 679 378 708 Irrationalis
394 679 492 706 anima
507 680 536 706 et
549 682 699 714 vegetans,
714 677 757 705 vis
773 686 806 705 ex
822 686 852 706 se
868 685 990 705 movens

162 725 293 761 corporis
308 724 366 752 dici
383 725 489 759 potest,
506 724 538 750 ut
558 723 653 751 forma
676 722 706 749 in
732 722 864 757 materia,
881 725 908 750 et
922 724 989 750 tan-

163 778 253 806 quam
269 768 437 796 substantia
458 776 512 795 sua
536 767 704 802 subjectum
730 766 896 802 perﬁciens,
911 769 940 794 et
954 766 989 793 ab

162 815 226 849 ipso
241 812 460 848 inseparabilis-
477 812 568 847 Cujus
589 811 666 838 enim
682 810 819 847 perfectio
836 811 891 838 erit
904 818 989 846 vege-

161 861 230 886 taus
254 857 362 890 anima,
383 856 407 883 si
435 865 451 883 a
476 864 597 891 corpore
622 854 797 891 separetur?
822 854 989 882 Entelecbia

161 909 278 939 quoque
308 900 461 929 rationalis
490 900 589 928 anima
617 899 675 927 dici
703 902 808 936 potest,
825 908 882 927 non
911 899 988 934 quod

161 946 329 975 substantia
345 945 478 981 perﬁciat
496 945 675 980 subjectum,
693 944 742 972 sed
759 944 835 980 quod
851 943 964 972 actione
982 952 989 971 :

163 995 195 1020 ut
212 992 391 1028 gubernator
414 998 519 1018 navem
544 989 659 1025 perﬁcit
673 988 702 1017 et
717 989 802 1025 regit,
818 997 874 1024 qua
898 996 929 1016 re
952 988 988 1015 ab

162 1037 224 1071 ipso
240 1035 370 1071 separari
393 1036 498 1070 potest.
515 1034 621 1063 Verum
637 1036 666 1061 et
682 1033 781 1069 aliquo
797 1034 884 1061 modo
900 1033 989 1061 ratio-

163 1081 239 1110 nalis
254 1080 342 1108 etiam
359 1078 459 1107 anima
480 1078 538 1106 dici
559 1080 656 1114 potest
671 1086 688 1105 a
702 1086 822 1114 corpore
838 1078 990 1113 insepara-

163 1125 242 1160 bilis,
259 1133 319 1160 qua
331 1125 376 1152 est
399 1122 572 1151 entelechia.
588 1122 659 1150 Nam
683 1122 822 1156 actiones,
841 1130 892 1158 per
916 1130 990 1157 quas

162 1169 270 1198 animal
289 1168 402 1205 perﬁcit
425 1168 524 1203 ipsum
543 1175 664 1195 movens
688 1166 742 1194 hoc
758 1167 800 1194 vel
817 1167 866 1194 illo
892 1167 989 1199 modo,

161 1214 250 1242 habet
269 1222 286 1242 a
306 1220 427 1248 corpore
453 1211 666 1248 inseparabiles
684 1220 690 1239 :
708 1211 757 1238 ubi
782 1212 860 1239 enim
877 1219 911 1239 ex
925 1212 990 1247 ipso

161 1258 330 1293 excesserit,
348 1266 404 1285 non
429 1257 476 1284 his
500 1256 630 1292 amplius
651 1258 760 1284 utetur.
778 1255 836 1284 Has
861 1256 940 1284 enim
957 1264 991 1283 ex

160 1304 264 1332 habitu
279 1303 315 1330 ad
340 1310 459 1337 corpus,
484 1301 599 1329 habuit.
618 1302 718 1336 Itaque
743 1301 797 1328 hoc
821 1303 916 1336 pacto,
933 1309 991 1336 qua

161 1347 323 1377 entelechia
337 1349 392 1380 est,
407 1346 462 1374 hoc
478 1346 553 1380 dico,
569 1346 731 1374 secundum
747 1345 835 1373 hasce
850 1346 988 1378 actiones,

163 1402 180 1421 a
206 1399 327 1427 corpore
355 1390 485 1426 separari
515 1399 573 1418 non
603 1392 708 1426 potest.
739 1390 990 1422 Quemadmodum

163 1436 379 1474 gubernatoris,
402 1437 434 1463 ut
454 1434 634 1471 gubernator
657 1437 713 1470 est,
730 1435 860 1463 actiones
884 1443 902 1462 a
925 1434 989 1462 navi

163 1481 293 1518 separari
322 1489 380 1509 non
409 1481 551 1516 possunt,
581 1482 610 1507 et
638 1481 791 1516 separatur
823 1479 921 1507 homo.
952 1480 991 1506 Ut

1042 180 1087 206 καὶ
1103 180 1149 207 τὸν
1165 179 1232 207 ὅλον
1253 180 1395 218 ἄνθρωπον
1420 183 1484 217 μιᾶς
1500 180 1567 208 εἶναί
1592 191 1679 217 φαμεν
1695 180 1804 214 οὐσίας,
1829 181 1876 207 καὶ

1044 224 1151 259 ἁπλῶς,
1179 225 1212 252 τὰ
1241 224 1265 261 ἐξ
1290 223 1360 260 ὕλης
1385 224 1431 252 καὶ
1456 224 1555 256 εἴδουςσ
1582 225 1639 253 ἐπεὶ
1657 225 1699 253 δτι
1715 235 1746 263 γε
1762 223 1829 253 οὖδὶ
1859 226 1877 259 ἡ

1044 267 1145 307 ἄλογος
1174 269 1252 307 ψυχὴ
1277 272 1350 297 πᾶσα
1371 272 1433 306 μιᾶς
1463 269 1533 298 ἐστιν
1564 269 1667 305 οὐσίας,
1695 268 1814 297 δεικνύει
1845 269 1878 296 τὸ

1046 314 1180 351 μάχεσθαι
1206 312 1343 349 ἄλλήλοις
1367 313 1504 345 πολλάκις
1532 314 1566 342 τὰ
1591 314 1677 349 πάθη,
1694 314 1783 349 θυμὸν
1800 312 1878 351 λέγω

1043 357 1089 385 καὶ
1112 357 1271 394 ίπιθυμίαψ
1303 357 1381 386 οὐδὶν
1407 357 1436 386 δὲ
1465 358 1552 386 αὐτῶν
1578 360 1705 396 μάχεται.
1727 357 1877 388 Πολλάκις

1043 405 1106 440 γοῦν
1122 403 1190 440 πρὸς
1204 405 1252 430 τοῦ
1267 400 1351 441 λόγου
1369 402 1476 439 μᾶλλον
1493 404 1506 430 ὁ
1522 403 1617 440 θυμὸς,
1636 402 1743 440 μᾶλλον
1758 402 1878 440 γίνεται,

1044 447 1082 478 ὡς
1098 446 1301 485 συγγενέστερος
1317 446 1362 475 διὰ
1388 448 1419 475 τὸ
1437 447 1595 487 φιλότιμον.
1624 446 1765 475 Ἀνθέλκει
1796 445 1828 474 δὲ
1859 448 1877 481 ἡ

1043 491 1183 529 ἐπιθυμία.
1213 493 1272 521 Ὀτι
1291 492 1361 520 κατὰ
1383 490 1569 529 συμϐεϐηκὸς,
1597 493 1689 531 φησὶν,
1705 493 1744 523 εἱς
1774 493 1879 528 ὁμοιοο

1046 540 1115 574 μερῆ
1141 535 1284 575 διαιρεῖται
1312 536 1381 573 μέρη
1397 537 1416 571 ἡ
1429 537 1505 574 ψυχή
1519 547 1525 554 '
1541 539 1580 573 τῷ
1595 538 1647 574 γάρ
1661 547 1704 564 τοι
1721 536 1747 564 ἐν
1763 538 1804 572 τῷ
1820 536 1877 563 σώ-

1047 591 1110 617 ματι
1127 579 1298 619 διαιρεῖσθυι,
1322 581 1367 608 καὶ
1381 581 1450 616 αὐτή
1475 579 1682 620 ωνδιαιρεῖται,
1697 581 1735 612 ὡς
1756 580 1803 608 ἐπὶ
1818 582 1877 608 τῶν

1046 627 1135 664 φυτῶν
1150 625 1196 652 καὶ
1209 627 1261 652 τῶν
1277 624 1412 662 ἐντόμων.

1080 680 1143 707 ’Ότι
1157 679 1175 713 ἡ
1193 679 1240 715 μὶν
1256 677 1355 717 ἄλογος
1370 679 1446 717 ψυχὴ
1462 679 1506 707 κιοὶ
1527 679 1545 714 ἡ
1575 679 1687 718 φυτικὴ,
1716 678 1878 716 ίντελᾶχεια

1045 722 1144 761 λέγοιτ’
1159 721 1190 750 ἃν
1202 725 1250 750 τοῦ
1265 723 1402 759 σώματος,
1418 723 1455 755 ὡς
1471 722 1542 755 εἶδος
1563 723 1589 751 ἐν
1606 723 1671 761 ὕλῃ,
1696 723 1742 751 καὶ
1759 723 1798 754 ὡς
1829 723 1877 750 οὐ·

1045 767 1089 804 σίᾳ
1101 766 1245 796 τελειοΰσα
1261 769 1293 796 τὸ
1322 768 1511 804 ὑποκείμενον,
1537 769 1582 796 καὶ
1603 768 1758 806 ἆχώριστος
1787 767 1878 806 incip-

1044 822 1133 850 χουσα
1157 812 1249 840 αὐτοῦ.
1276 813 1357 844 Τίνος
1382 812 1434 850 γάρ
1465 811 1538 840 ἔσται
1559 811 1700 847 τελειότης
1725 814 1742 847 ἡ
1771 813 1876 849 φυτική

1043 858 1119 895 ψυχὴ
1138 859 1306 895 χωρισθεῖσα
1328 859 1377 884 τοῦ
1402 857 1550 894 σώματοςς
1579 856 1752 895 Ἑντελὲχεια
1780 855 1812 884 δὲ
1831 857 1878 883 καὶ

1042 901 1060 932 ἡ
1078 899 1176 938 λογικὴ
1190 901 1267 938 ψυχὴ
1284 899 1440 938 λέγοιτ’-ἂν,
1457 900 1510 938 οὐχ
1525 900 1562 931 ὠς
1587 902 1622 938 τῇ
1638 901 1717 936 οὐσίᾳ
1731 900 1878 928 τελειοῦσι

1042 945 1073 972 τὸ
1102 945 1290 982 ὑποκείμενον,
1320 945 1393 973 ἀλλὰ
1420 947 1454 982 τῇ
1483 945 1614 983 ὶνιργείᾳ,
1643 945 1692 973 Καὶ
1717 945 1755 976 ὡς
1783 946 1797 973 ὁ
1827 956 1877 972 κυ-

1044 987 1179 1027 ϐερνήτης
1207 991 1238 1017 τὸ
1263 989 1362 1018 πλοῖον
1388 989 1491 1017 τελειοῖ
1504 989 1550 1018 καί
1577 989 1677 1017 τάττει·
1695 988 1737 1017 διὸ
1750 989 1797 1017 καὶ
1817 999 1876 1027 χω-

1045 1035 1121 1071 ριστή
1153 1034 1222 1062 ἔστιν
1252 1034 1345 1062 αὐτοῦ.
1376 1034 1491 1062 Δύναται
1508 1034 1555 1071 μὲν
1573 1045 1614 1062 τοι
1640 1035 1707 1062 κατά
1730 1045 1794 1062 τινα
1809 1034 1876 1071 1:96-

1043 1089 1094 1106 πον
1111 1077 1236 1117 λέγεσθαι
1251 1079 1296 1107 καὶ
1320 1080 1338 1114 ἡ
1355 1077 1453 1117 λογικὴ
1469 1079 1545 1117 ψυχὴ
1562 1079 1718 1116 ἀχώριστος
1741 1078 1811 1106 εἶναι
1827 1080 1876 1106 τοῦ

1044 1124 1183 1160 σώματος,
1206 1123 1272 1157 καθό
1289 1123 1357 1151 ἐστιν
1384 1122 1549 1161 ἐντελέχεια,
1580 1123 1635 1154 Τὰς
1659 1123 1710 1161 γὰρ
1737 1123 1877 1160 ἐνεργείας

1044 1169 1103 1200 καθ’
1132 1167 1163 1200 ἃς
1189 1167 1291 1196 τελειοῖ
1319 1169 1350 1195 τὸ
1380 1170 1460 1204 ζῶον,
1489 1170 1600 1196 κινοῦσα
1626 1167 1690 1195 αὐτὸ
1704 1167 1826 1195 τοιῶσδε
1856 1168 1874 1202 ἢ

1044 1211 1169 1247 τοιῶσδε,
1190 1211 1354 1250 ἀχωρίστως
1382 1209 1439 1250 ἔχει
1467 1214 1515 1240 τοῦ
1545 1213 1683 1249 σώματος.
1712 1211 1878 1248 Ἐξιλθοῦσα

1043 1259 1094 1295 γὰρ
1124 1257 1216 1291 αὑτοῦ,
1240 1257 1328 1285 οὐκέτι
1355 1257 1454 1288 ταύτας
1481 1256 1631 1295 ἓνεργήσιν
1663 1257 1721 1295 εἶχε
1746 1257 1800 1295 γὰρ
1829 1257 1876 1284 αὖ-

1044 1302 1092 1333 τάς
1107 1301 1137 1329 ἐκ
1152 1305 1200 1337 τῆς
1216 1302 1336 1340 σχέσεως
1351 1303 1401 1336 τῆς
1423 1302 1491 1339 πρὸς
1514 1302 1544 1329 τὸ
1571 1304 1660 1338 σῶμα·
1691 1301 1761 1329 ὣστε
1790 1301 1877 1337 ταύτῃ

1044 1347 1110 1374 καθὸ
1139 1346 1294 1384 ἔντεΛὲχειά
1323 1346 1389 1382 ἐστι,
1405 1345 1478 1384 λὲγω
1505 1345 1538 1381 δὴ
1563 1346 1630 1374 κατὰ
1643 1344 1724 1374 τάσδε
1736 1347 1786 1377 τὰς
1804 1346 1878 1384 ἐνερ-

1044 1391 1130 1430 γείας,
1160 1391 1314 1429 ἀχώριστος
1341 1390 1371 1418 ἃν
1399 1390 1441 1426 εἷή
1472 1393 1519 1419 τοῦ
1546 1390 1681 1427 σώματος·
1712 1390 1808 1429 ὥσπερ
1834 1391 1879 1418 καὶ

1043 1437 1093 1463 τοῦ
1124 1433 1292 1474 κυϐερνήτου
1330 1435 1358 1463 αἱ
1390 1436 1428 1467 ὡς
1460 1433 1628 1474 κυϐερνήτου
1667 1434 1802 1473 ἐνέργειαι
1828 1438 1877 1463 τοῦ

1045 1479 1145 1507 πλοίου
1160 1479 1226 1508 εἰσὶν
1243 1480 1407 1518 ἀχώριστοι,
1428 1479 1473 1508 καὶ
1489 1480 1637 1518 χωρίζεται
1655 1480 1701 1517 μὶν
1732 1480 1746 1507 ὁ
1769 1480 1878 1517 ἄνθρωο

163 1515 343 1562 gubernator
375 1515 512 1560 quidem,
542 1524 596 1552 etsi
630 1515 716 1560 agat,
749 1523 839 1552 simul
873 1532 890 1551 ει
922 1523 989 1551 navi

1079 1536 1105 1556 ις.
1121 1525 1165 1556 Ὠς
1183 1524 1230 1562 μέν
1245 1515 1289 1553 τὸί
1308 1515 1540 1563 ’κυϐερνήτηςΠιῧν
1564 1524 1590 1553 ἰν
1615 1515 1735 1563 ἄνεργιίᾳ
1762 1515 1828 1561 ἅμα.
1848 1535 1877 1552 τε

163 1571 315 1606 sejunctas
347 1571 410 1603 est,
449 1570 602 1605 corruptas
635 1569 723 1596 habet
755 1568 901 1605 ejusmodi
938 1576 987 1596 ac-

162 1615 269 1643 tiones.

197 1668 336 1696 Omnium
351 1666 514 1703 vegetantis
539 1667 642 1694 animas
662 1669 840 1703 potestatum
867 1666 989 1695 nobilis-

162 1713 268 1741 simam
286 1713 370 1740 aiunt
392 1720 457 1739 esse
471 1711 529 1739 vim
554 1712 725 1747 generandi,
741 1712 902 1740 secundam
919 1720 988 1739 auc-

161 1758 276 1792 tricem,
293 1756 409 1784 tertiam
426 1755 558 1784 altricem
573 1764 579 1783 :
592 1764 661 1784 nam
677 1756 803 1792 speciem
819 1765 990 1784 conservare

162 1800 272 1829 altricis
288 1808 363 1836 opus
387 1801 433 1827 est
449 1808 456 1827 :
473 1799 576 1827 tandiu
600 1799 677 1826 enim
705 1799 841 1833 vivimus,
857 1799 990 1835 quandiu

164 1846 281 1873 alimur.
297 1844 443 1872 Auctricis
463 1846 561 1872 autem
586 1846 641 1877 est,
657 1844 692 1872 ad
719 1844 880 1880 perfectum
895 1849 920 1872 el
939 1853 989 1872 na-

163 1889 289 1918 turalem
307 1889 428 1917 modum
445 1888 589 1916 deducere
606 1888 642 1916 ad
658 1896 746 1924 quem
763 1897 830 1916 cum
846 1888 991 1917 evaserint

164 1933 305 1963 animalia
320 1935 352 1969 let
377 1933 494 1969 plantae,
519 1933 555 1960 ad
579 1933 859 1968 prmatantissimum
879 1935 990 1961 naturae

165 1979 264 2011 ﬁnem,
290 1978 344 2006 hoc
369 1980 423 2011 est,
440 1978 476 2004 ad
504 1977 664 2013 generandi
690 1980 874 2012 potestatem,
888 1986 989 2013 perve-

165 2025 282 2051 nerunt.
300 2023 327 2050 Is
343 2022 421 2050 enim
438 2023 482 2050 est
498 2024 610 2049 natura:
629 2021 752 2050 ultimus
767 2025 795 2050 et
811 2022 990 2058 perfectissi-

165 2077 231 2096 mus
253 2076 360 2103 scopus
388 2069 507 2102 propter
529 2066 701 2095 aeternitatis
716 2067 991 2102 et,immortalitatis

164 2113 194 2140 in
220 2111 329 2149 genitis
353 2111 532 2139 animalibus
561 2112 763 2147 cupiditatem,
785 2120 848 2147 quae
873 2120 990 2140 succes-

164 2158 248 2186 sione
273 2158 471 2192 comparatur.
486 2156 606 2184 Auctrix
629 2157 727 2192 itaque
743 2156 991 2190 rationembabct

1042 1569 1208 1608 κεχώρισται
1222 1572 1273 1604 τῆς
1284 1570 1409 1604 νεὼς,καί
1423 1569 1593 1609 ἐφθαρμένας
1606 1567 1664 1608 ἔχει
1680 1569 1728 1600 τὰς
1743 1568 1875 1601 τοιαύτας

1043 1613 1176 1652 ἐνεργείας
1181 1637 1187 1642 .

1078 1668 1140 1696 ’Ότι
1163 1666 1303 1705 κρείττων,
1330 1667 1393 1706 φασὶ
1411 1689 1418 1702 ,
1447 1670 1540 1695 πασῶν
1565 1669 1609 1695 καὶ
1636 1668 1790 1706 τιμιώτερα
1820 1670 1874 1695 τῶν

1043 1715 1094 1747 τῆς
1109 1715 1226 1749 φυτικῆς
1258 1713 1352 1749 ψυχῆς
1380 1710 1519 1748 δυνάμεων
1542 1713 1559 1747 ὴ
1575 1713 1719 1750 γυνητική·
1747 1711 1875 1749 δεύτερον

1045 1755 1074 1784 δὲ
1098 1757 1115 1791 ἡ
1131 1756 1273 1793 αὐξητικὴ,
1300 1756 1344 1783 καὶ
1364 1756 1454 1794 τρίτον
1473 1757 1490 1791 ἡ
1511 1758 1654 1794 θρεπτική.
1669 1759 1723 1791 Τῆς
1749 1757 1799 1792 μὲν
1824 1758 1874 1794 γὰρ

1045 1802 1191 1839 θρεπτικῆς
1207 1800 1286 1838 ἔργον
1299 1801 1354 1828 tot?
1376 1801 1407 1828 τὸ
1434 1800 1527 1835 σώζειν
1557 1801 1588 1828 τὸ
1612 1800 1692 1832 εἶδος
1711 1802 1799 1839 μέχρι
1823 1802 1874 1839 γὰρ

1043 1845 1175 1874 τοσούτου
1188 1845 1340 1883 σωζόμεθα,
1370 1843 1424 1876 ’έως
1453 1845 1481 1872 ἂν
1497 1846 1670 1885 τρεφώμεθα.
1701 1847 1760 1880 Τῆς
1778 1845 1809 1873 δὲ
1825 1846 1873 1873 αὖ·

1045 1890 1166 1926 εητικῆς,
1193 1889 1224 1916 τὸ
1249 1889 1286 1919 εἰς
1310 1888 1341 1916 τὸ
1365 1887 1470 1916 τέλειον
1494 1889 1537 1916 καὶ
1568 1890 1636 1917 κατὰ
1665 1889 1744 1928 φύσιν
1774 1890 1875 1928 μὲτροιι

1045 1934 1165 1972 ἀγαγεῖν,
1192 1933 1230 1965 εἷς
1252 1933 1267 1961 ὃ
1291 1932 1422 1972 γενόμενα
1436 1933 1469 1961 τά
1483 1944 1512 1960 τε.
1529 1935 1585 1968 ζῶα
1608 1934 1701 1961 καὶτὰ
1716 1934 1800 1973 φυτὰ,
1831 1935 1875 1962 hri

1044 1979 1075 2006 τὸ
1103 1978 1311 2015 σκοπιμώτατον
1336 1981 1386 2013 τῆς
1416 1977 1520 2017 φύσεως
1548 1977 1639 2012 τέλος,
1661 1977 1734 2016 λέγω
1763 1977 1799 2013 δὴ
1827 1980 1875 2012 τὴν

1043 2022 1203 2060 γεννητικὴν
1234 2020 1357 2058 δύναμιν,
1386 2021 1561 2059 παραγίνεται
1579 2045 1585 2051 .
1620 2021 1707 2054 Οὗτος
1742 2023 1795 2060 γὰρ
1827 2026 1876 2058 τῆς

1045 2066 1149 2106 φύσεως
1177 2066 1191 2094 ὁ
1220 2065 1403 2098 τιλικώτατος
1427 2067 1527 2098 σκοπὸς
1558 2065 1602 2094 διὰ
1628 2068 1678 2102 τὴν
1707 2065 1799 2106 ἔφεσιν
1827 2069 1877 2099 τῆς

1043 2111 1200 2147 ἀϊδιότητος
1214 2114 1264 2146 τῆς
1278 2111 1423 2142 ἀθανασίας
1437 2114 1495 2142 τοῖς
1521 2114 1660 2150 γεννητοῖς
1691 2112 1784 2148 ζώοις,
1819 2112 1876 2140 tm-

1045 2158 1192 2193 σκευαστῇς
1207 2157 1242 2192 τῇ
1272 2154 1391 2193 διαδοχῇ
1417 2155 1572 2193 γενομένης·
1597 2156 1666 2184 ὣστε
1695 2157 1712 2190 ὴ
1745 2156 1795 2192 μὶν
1828 2157 1874 2185 αὖ·

166 2202 294 2230 materiae
323 2201 357 2229 ad
387 2200 547 2237 generandi
574 2201 644 2236 vim,
670 2201 705 2229 ad
736 2201 894 2229 auctricem
923 2210 990 2229 vero

1079 2201 1140 2236 τικὴ
1170 2201 1237 2234 ὕλης
1252 2200 1345 2238 ἰπὲχει
1369 2200 1450 2239 λόγον
1467 2201 1534 2238 πρὸς
1549 2202 1598 2236 τὴν
1610 2202 1786 2239 γεννητικήν.
1806 2202 1878 2238 Πρὸς

166 2247 262 2275 altrix.

200 2292 242 2320 Ad
254 2289 420 2319 Aristotelis
437 2289 581 2325 animum,
594 2298 677 2318 mens
688 2289 851 2318 entelechia
862 2291 992 2327 corporis

166 2337 223 2364 dici
247 2337 365 2372 potest:
384 2335 507 2370 ideoque
532 2335 569 2362 ab
593 2343 626 2362 eo
650 2335 781 2370 separari
806 2336 916 2371 nequit,
933 2344 991 2363 non

167 2380 346 2415 substantia,
362 2388 456 2415 neque
472 2379 610 2407 omnibus
621 2379 684 2407 suis
700 2379 878 2414 actionibus,
889 2380 939 2408 sed
955 2380 992 2408 iis

167 2429 382 2461 tantum,quas
407 2432 441 2452 ex
461 2424 562 2452 habitu
583 2426 612 2452 et
638 2424 791 2452 affectione
815 2425 849 2452 ad
874 2433 992 2461 corpus,

167 2470 263 2497 habet.
280 2470 409 2502 Quarum
425 2469 577 2505 praecipuae
592 2471 662 2497 sunt
677 2469 821 2504 effectivae,
834 2469 879 2497 hae
893 2472 991 2498 autem

166 2514 296 2542 actiones
312 2513 442 2549 separari
458 2522 474 2541 a
490 2522 611 2550 corpore
628 2522 684 2541 non
702 2517 826 2549 possunt
842 2524 848 2542 :
866 2523 933 2542 nam
950 2515 992 2543 si-

169 2558 228 2586 mul
247 2567 281 2586 ac
297 2561 468 2594 corruptum
485 2561 530 2586 est
545 2567 725 2595 corpus,una
740 2567 856 2595 quoque
872 2562 995 2595 pereunt

164 2604 207 2632 has
224 2603 332 2631 mentis
347 2602 489 2638 actiones,
501 2612 575 2639 quas
589 2612 624 2632 ex
638 2604 845 2639 conjunctione
861 2605 992 2641 corporis

163 2648 292 2676 habebat
309 2656 315 2676 :
331 2650 359 2675 et
374 2648 624 2683 quemadmodum
640 2649 830 2685 gubernator,
844 2650 894 2686 qui
911 2650 992 2678 navis

164 2693 254 2722 motio
270 2695 326 2729 est,
343 2693 413 2729 quia
428 2701 484 2720 non
500 2695 614 2721 tantum
630 2694 820 2730 gubernator,
836 2695 886 2722 sed
903 2695 990 2723 etiam

164 2739 250 2767 homo
266 2740 320 2772 est,
334 2740 362 2766 et
378 2746 436 2773 qua
452 2737 539 2765 homo
555 2740 608 2774 est,
626 2747 750 2767 manens
766 2741 849 2767 actus
865 2747 916 2767 seu
933 2748 992 2768 mo-

1047 2245 1075 2274 δὶ
1089 2247 1137 2281 τήν
1151 2245 1298 2281 αὐξητικὴν
1312 2246 1330 2281 ἡ
1348 2246 1490 2283 θρεπτική.

1080 2292 1141 2320 ’Ὁτι
1164 2292 1178 2318 ὁ
1193 2292 1255 2322 νοῦς
1276 2290 1344 2318 κατὰ
1372 2289 1566 2328 Ἀριστοτέλην
1597 2289 1700 2318 δύναιτ’
1726 2291 1757 2317 ἃν
1772 2289 1878 2318 ιντελὲ-

1046 2346 1109 2374 χεια
1123 2337 1170 2363 τοῦ
1195 2335 1320 2371 σώματος
1343 2334 1478 2372 λέγεσθαι,
1499 2335 1544 2362 καὶ
1565 2335 1634 2362 κατὰ
1649 2337 1730 2362 τοῦτο
1759 2334 1867 2373 ἀχώρι-

1047 2381 1108 2412 στός
1123 2381 1177 2408 ἔστι
1193 2381 1241 2408 τοῦ
1263 2379 1401 2416 σώματος,
1425 2378 1487 2407 οὔτε
1500 2381 1535 2417 τῇ
1565 2379 1653 2415 οὐσίᾳ,
1684 2378 1746 2407 οὔτι
1775 2381 1874 2410 πάσαις

1046 2424 1128 2453 αὐτοῦ
1155 2427 1215 2456 ταῖς
1245 2423 1403 2462 ἐνεργείαις.
1434 2422 1507 2450 ἀλλὰ
1526 2422 1648 2460 ταύταις,
1679 2422 1709 2454 ἅς
1736 2422 1818 2461 ’ἱσχιί
1847 2423 1872 2450 ἐκ

1045 2471 1094 2505 τῆς
1123 2469 1241 2507 σχέσεως
1271 2472 1321 2504 τῆς
1337 2469 1404 2506 πρὸς
1419 2468 1450 2496 τὸ
1474 2470 1564 2505 σῶμα,
1593 2468 1629 2495 ὦν
1664 2467 1783 2505 μάλιστά
1808 2468 1869 2495 εἶσιν

1047 2516 1074 2542 αἱ
1102 2514 1265 2553 πρακτικαί.
1295 2514 1381 2541 Αὗται
1411 2512 1440 2541 δὲ
1475 2513 1605 2550 ἐνέργειαι
1634 2513 1790 2550 ἀχώριστοι
1823 2512 1872 2540 εἶσὶ

1046 2562 1094 2587 τοῦ
1125 2560 1274 2595 σώματος·
1303 2558 1360 2595 ἅμα
1396 2558 1446 2596 γὰρ
1475 2560 1515 2594 τῷ
1542 2561 1677 2596 φθαρῆναι
1713 2557 1744 2584 τὸ
1779 2557 1867 2593 σῶμα,

1047 2604 1256 2644 συμφθείρονται
1278 2603 1321 2630 καὶ
1338 2603 1366 2630 αἱ
1379 2604 1502 2630 τοίαὖται
1531 2604 1578 2630 τοῦ
1606 2604 1654 2630 νοῦ
1682 2601 1830 2640 ἐνέργειαι,
1846 2604 1871 2632 ας

1048 2650 1078 2677 ὲκ
1100 2652 1149 2684 τῆς
1172 2648 1292 2686 σχέσεως
1321 2646 1386 2685 ἔσχε
1413 2649 1461 2675 τοῦ
1488 2647 1631 2683 σώματος.
1659 2646 1709 2674 Καὶ
1739 2646 1833 2684 ὥσπερ
1860 2647 1872 2674 δ

1046 2691 1226 2731 κυϐερνήτης,
1257 2691 1414 2730 ὶντελὶχεια
1443 2691 1479 2719 ὥν
1506 2695 1556 2727 τῆς
1584 2691 1662 2727 νεὼς,
1678 2690 1773 2725 ἒπειδή
1792 2689 1826 2725 δὴ
1843 2691 1873 2719 οὔ

1049 2740 1130 2777 μόνον
1147 2735 1317 2776 κυϐερνήτης
1336 2737 1418 2773 ἔστὶν,
1442 2735 1516 2765 ἀλλὰ
1531 2737 1575 2765 καί
1606 2737 1620 2764 ὁ
1650 2737 1808 2774 ἅνθρωπος,
1836 2735 1872 2767 ὡς
