1952 3054
74 163 157 194 10⁵13

819 162 871 193 DE
893 161 1033 192 ANIMA.

1711 163 1790 194 1074

73 227 103 257 Si
130 227 270 267 ἄνθρωπος
302 230 388 267 μένων
414 216 569 269 έντελὲχιια
591 234 642 267 τῆς
662 231 739 266 νεὼς,
753 228 837 266 ταύτῃ
851 237 896 255 και

991 238 994 253 ν
1010 227 1093 256 navis
1108 237 1114 256 :
1132 228 1175 256 sio
1190 228 1278 256 etiam
1305 229 1342 256 ab
1366 237 1400 257 eo
1423 237 1481 257 non
1498 229 1562 265 quit
1588 229 1730 265 separari,
1746 229 1788 257 ita

71 273 227 311 ἀχώριστός
257 274 338 302 ὶστιψ
356 274 427 302 οὕτω
456 275 501 302 καὶ
531 277 548 311 ἡ
576 276 697 313 ἡμετέρα
725 274 814 312 ψυγὴ,
831 272 903 299 ἔντε-

72 317 170 355 λέχιια
200 319 265 346 οὖσα
290 322 340 347 τοῦ
368 321 507 356 σώματος,
522 321 607 358 ταύτῃ
635 319 697 348 ἄνευ
712 319 839 355 σώματος
855 316 905 344 οὐκ

76 361 106 390 ἂν
123 361 180 398 εἷή.
198 363 308 398 Ἐπειδὴ
324 363 353 392 δὲ
368 362 428 402 ἔχει
442 366 517 396 τινὰς
541 365 586 392 καὶ
613 365 752 403 χωριστὰς
776 363 903 399 σώματος

71 407 219 446 ίνιργείας,
235 409 281 440 τὰς
306 410 367 446 περὶ
390 412 444 437 τῶν
469 412 576 445 νοητῶν
600 420 683 448 φημι,
701 409 738 440 είς
755 408 786 440 ἃς
803 407 835 434 οὐ
853 405 902 443 μό-

69 462 114 480 νον
140 453 170 480 οὐ
193 451 381 490 συμϐάλλεται
409 455 441 481 τὸ
461 456 551 491 σῶμα⁷
568 454 641 482 ἀλλὰ
667 454 712 482 καὶ
744 450 901 490 ἐμποδίζει-

69 495 210 535 πρόδηλον
226 497 267 525 ὅτι
284 499 329 526 καὶ
343 499 392 534 τήν
410 498 502 526 οὐσίαν
517 497 570 534 ἕξει
584 499 726 537 χωριστὴν
753 499 817 528 νοῦς
841 497 904 525 τότε

69 541 136 570 οὖσα
150 543 194 570 καὶ
210 542 359 581 λεγομένη,
375 543 464 571 οὐκέτι
482 544 529 580 μέν
545 554 590 572 τοι
606 545 683 582 ψυχὴ
707 543 730 570 εἰ
755 543 794 579 μή
821 540 901 569 δυνά-

71 597 134 623 μει·
156 587 246 626 ὥσπερ
273 587 318 616 καί
347 588 373 616 ἐν
402 589 509 625 σώματι
540 590 616 624 οὖσα,
641 589 673 616 οὗ
699 587 814 625 δυνάμει
845 586 901 614 ἐστὶ

70 642 147 662 νους.

107 686 169 713 Ὅτι
198 685 231 713 τὰ
257 688 324 722 ζῶα,
353 686 431 725 φησὶ,
463 686 571 724 μετέχει
601 690 652 722 τῆς
686 689 832 723 θρεπτικῆς
856 685 901 712 καὶ

77 729 238 765 αἰσθητικῆς
268 728 427 767 δυνάμεως·
459 729 504 758 διὰ
532 730 562 759 δὲ
588 732 638 766 τὴν
668 731 829 766 αἰσθητικὴν
857 727 901 757 καὶ

69 777 119 809 τῆς
147 773 301 812 ὀρικτικῆς,
326 775 371 802 καὶ
401 775 604 810 κατασκευάζει,
634 775 676 803 ὅτι
703 774 810 805 πάντως
839 772 902 802 ἔνθα

71 817 120 846 κᾶν
151 819 201 855 μία
227 818 352 854 αἴσθησις
382 819 410 857 ᾖ,
440 819 542 858 ἀνάγκη
571 821 636 848 εἶναι
672 819 816 856 ἇπιθυμίαν
855 818 900 846 καὶ

75 861 172 901 ὄρεξιν.
186 863 236 891 Διὰ
263 866 344 892 τοῦτο
367 863 413 892 οὖν
436 865 471 892 τὰ
495 866 550 899 (ea
570 864 692 900 αἴσθησιν
722 862 781 901 ἔχει
802 864 900 891 πάντα·

958 272 1046 300 etiam
1075 273 1192 301 animus
1216 276 1326 308 noster,
1341 274 1392 310 qui
1417 274 1522 302 animus
1547 274 1636 301 motio
1661 277 1715 307 est,
1732 274 1786 302 hoc

959 321 1043 353 pacto
1068 318 1131 345 sine
1158 327 1278 354 corpore
1293 327 1358 346 esse
1373 319 1485 354 nequit,
1501 319 1551 346 sed
1567 319 1705 354 quoniam
1730 319 1784 346 ali-

958 370 1034 397 quas
1059 362 1147 391 habet
1162 372 1178 390 ο
1195 371 1314 399 corpore
1330 363 1509 399 separabiles
1535 363 1674 396 actiones,
1687 363 1723 390 de
1738 372 1782 391 re-

957 406 1014 434 bus
1030 406 1251 435 intellectilibus
1268 407 1343 440 dico,
1356 409 1391 435 ad
1407 416 1482 444 quas
1498 417 1553 436 non
1567 408 1706 436 conducit
1719 416 1782 435 cor-

957 459 1024 486 pus,
1037 451 1087 479 sed
1103 460 1153 479 eas
1163 452 1251 480 etiam
1267 452 1401 488 impedit,
1414 452 1603 480 manifestum
1614 455 1661 480 est
1674 452 1782 480 mentis

958 496 1153 531 separabilem
1170 496 1231 524 fore
1255 496 1463 529 substantiam,
1480 505 1544 532 qus:
1568 499 1638 524 tunc
1653 499 1682 524 et
1697 505 1781 524 mens

957 542 1012 573 est,
1028 543 1057 568 et
1071 540 1188 574 dicitur,
1205 543 1234 569 at
1249 549 1306 569 non
1323 541 1422 569 anima
1436 541 1493 569 nisi
1509 543 1652 577 potestate
1665 550 1670 569 :
1683 549 1782 577 quem-

956 584 1116 612 admodum
1129 585 1218 613 etiam
1234 593 1301 613 cum
1318 588 1363 614 est
1377 586 1406 613 in
1423 594 1553 622 corpore,
1566 594 1622 614 non
1638 588 1683 614 est
1697 593 1782 614 mens

957 631 1110 664 potestate.

992 682 1151 715 Animalia,
1163 682 1268 719 inquit,
1280 683 1376 712 alendi
1388 687 1415 712 et
1431 683 1645 712 sentiendivim
1661 684 1780 718 habent,

956 729 985 755 et
1000 735 1052 763 per
1066 728 1210 756 sentiendi
1224 730 1409 764 potestatem,
1422 728 1508 756 etiam
1523 729 1779 764 appetendi.Quod

956 771 998 800 sic
1014 772 1127 808 probat,
1144 773 1214 808 quia
1230 773 1278 800 ubi
1292 773 1335 800 vel
1351 781 1428 801 unus
1443 782 1549 801 sensus
1565 774 1662 809 fuerit,
1676 772 1716 801 ibi
1731 782 1779 801 cu-

956 815 1106 851 piditatem
1124 818 1150 844 et
1170 816 1367 852 appetentiam
1391 825 1456 845 esse
1471 825 1590 845 necesse
1614 820 1669 845 est.
1685 819 1779 850 Quare

957 860 1095 888 animalia
1111 861 1210 888 omnia
1225 869 1344 889 sensum
1361 861 1488 890 habent:
1501 862 1530 890 in
1546 862 1684 890 omnibus
1699 862 1777 889 enim

70 907 97 935 ἐν
126 910 191 935 πᾶσι
215 908 267 946 γὰρ
292 909 400 939 πάντως
422 908 492 936 ἰστὶν
509 910 527 943 ἡ
544 909 610 948 ἁφὴ,
626 908 674 936 κᾶν
700 910 736 945 μή
761 918 803 940 τις
826 906 899 942 ἂίλλη

991 905 1076 932 nnino
1089 907 1133 932 est
1145 907 1252 940 tactus,
1269 906 1324 933 etsi
1349 906 1449 934 nullus
1465 906 1502 934 sit
1518 906 1594 934 alius
1610 914 1725 934 sensus.
1743 908 1779 934 At

69 954 125 979 τῶν
156 952 318 988 αἰσθήσεων.
334 953 365 982 Ἠ
394 951 422 980 δὶ
455 952 580 988 αἴσθησις
602 956 651 981 τοῦ
675 951 756 988 ἡδέος
780 953 824 980 καὶ
852 955 900 980 τοῦ

992 950 1240 985 nsusjucundum
1263 953 1291 977 et
1311 950 1468 978 molestum
1485 951 1609 991 percipit
1624 959 1630 978 ε
1648 951 1697 978 ubi
1713 959 1778 978 vero

73 995 201 1033 λυπηροῦ
215 994 461 1033 ἀντιλαμϐάνεται·
480 997 543 1030 ἔνθα
567 996 600 1033 δὴ
622 998 653 1026 τὸ
675 996 738 1033 ἡδὺ,
753 997 809 1025 ἐκεῖ
834 998 901 1024 πάν-

71 1051 125 1072 τως
151 1041 196 1068 καὶ
224 1041 242 1076 ἠ
268 1041 398 1078 ἐπιθυμία
421 1042 467 1069 καὶ
498 1040 596 1079 ὄρεξις.
618 1043 649 1071 Ἣ
684 1043 736 1080 γὰρ
770 1041 902 1079 ἐπιθυμία

71 1087 120 1113 τοῦ
148 1084 229 1120 ἡδέος
255 1085 327 1113 ἐστὶν
355 1084 464 1125 ἔφεσις·
495 1085 578 1122 ἔνθεν,
607 1086 652 1114 καὶ
677 1087 711 1114 τὰ
741 1084 826 1123 μόνης
853 1089 901 1121 τῆς

73 1130 144 1165 ἁφῆς
161 1130 323 1168 μετέχοντα,
342 1131 458 1168 ὁρῶνται
479 1129 644 1169 διαχεόμενα
664 1131 833 1168 προσιόντων
848 1133 901 1158 τῶν

71 1173 175 1209 ἡδέων⁸
193 1174 398 1212 συστελλόμενα
427 1174 466 1210 δὲ,
493 1175 619 1213 λυπηροῦ
648 1187 722 1208 τινος
745 1175 900 1213 προσπελά-

73 1229 178 1250 σαντος.
193 1219 295 1256 Ὀρίζιι
317 1219 347 1247 δὶ
370 1221 419 1255 τὴν
442 1218 540 1258 ὄρεξιν,
565 1220 706 1257 ἐπιθυμίᾳ,
725 1223 814 1257 θυμῷ,
834 1221 901 1258 βου-

71 1262 160 1298 λήσει·
181 1262 294 1291 ἕκαστον
322 1264 374 1302 γὰρ
402 1265 506 1293 τούτων
536 1263 622 1302 ὄρεξίς
647 1266 689 1297 τίς
718 1265 784 1293 ἐστι.
811 1263 901 1299 Δῆλον

68 1305 96 1335 Bt
117 1307 159 1336 ὅτι
182 1307 257 1343 ἀπλῆ
287 1309 335 1345 μὶν
360 1307 446 1347 ὄρεξις
470 1312 510 1345 τῷ
535 1309 686 1345 αἰσθητικῷ
702 1308 797 1340 ἁπλῶς
815 1310 900 1347 ὑπάρ-

68 1362 159 1390 χουσα
174 1352 306 1391 φαίνεται.
323 1353 364 1382 Οὐ
392 1356 464 1381 πᾶσα
479 1352 507 1381 δὲ
523 1351 610 1390 ὄρεξις
634 1354 713 1382 παντὶ
739 1354 899 1390 αἰσθητικῷ·

70 1399 129 1427 τοῖς
155 1397 203 1432 μὶν
231 1397 281 1435 γὰρ
310 1398 361 1432 τὴν
390 1399 460 1436 ἁφὴν
492 1398 576 1434 μόνην
607 1397 718 1436 ἔχουσιν
735 1399 752 1433 ἡ
767 1397 899 1426 κατ’ὲπι-

73 1441 173 1477 θυμίαν
189 1440 306 1479 ὑπᾶρχει
323 1440 419 1480 ὄρεξις·
436 1446 495 1474 τοῖς
521 1441 549 1470 δὲ
573 1442 660 1474 πάσας
679 1443 726 1474 τὰς
751 1442 900 1478 αἰσθήσεις,

73 1486 117 1512 καί
133 1487 150 1520 ἡ
175 1487 243 1513 κατὰ
273 1486 370 1523 θυμόν.
386 1487 520 1525 Ὀρῶνται
542 1488 593 1526 γὰρ
617 1488 651 1516 τὰ
674 1490 785 1516 τοιαῦτα
813 1487 901 1524 ἀμυν-

76 1531 138 1558 τικὰ
154 1528 228 1560 ὅντα.
244 1531 275 1560 Ἤ
291 1530 320 1559 δὶ
337 1531 470 1569 βούλησις
487 1532 571 1569 μόνου
587 1532 644 1560 ἐστὶ
656 1535 705 1560 τοῦ
720 1532 816 1570 λόγου,
832 1532 901 1559 ὥστε

75 1575 230 1612 ὁμωνύμως
244 1576 261 1611 ἠ
279 1574 377 1613 ὄρεξις,
393 1577 438 1604 καὶ
453 1578 470 1612 ἡ
491 1576 623 1614 ἐπιθυμία
638 1575 666 1604 δὶ
691 1577 830 1608 ὡσαύτως.
848 1577 898 1605 Καὶ

71 1619 122 1657 γὰρ
138 1621 156 1654 ἡ
173 1618 259 1657 ὄρεξις
286 1619 394 1658 λέγεται
422 1621 469 1657 μὶν
496 1621 541 1648 καὶ
565 1624 675 1655 κοινῶς,
691 1621 735 1648 ἐπί
757 1632 787 1649 τε
811 1623 899 1658 θυμοῦ

69 1663 114 1691 καὶ
145 1663 302 1701 ἐπιθυμίας,
317 1665 362 1692 καὶ
389 1667 438 1692 τοῦ
466 1665 628 1703 λόγοινκαί
656 1666 708 1703 γὰρ
736 1668 791 1693 τῶν
819 1666 897 1694 Θιίων

70 1708 213 1746 ὀρέγεσθαί
243 1719 341 1748 φαμεν,
368 1709 413 1737 καὶ
451 1709 606 1747 ἐπιστήμης
641 1710 791 1748 ὀρέγεσθαι.
821 1712 898 1739 Ἔστι

67 1752 97 1780 Si
110 1753 157 1780 καὶ
173 1751 332 1791 ἲδικιίντιρον
349 1753 483 1792 λεγομένη
505 1753 605 1793 ὅριξις,
622 1754 665 1783 ἐπὶ
694 1757 748 1782 τῶν
778 1758 898 1794 φυσικῶν

66 1798 212 1833 κινήσεων,
243 1797 524 1834 ἀντιδιαστελλομένη
552 1799 621 1836 πρὸς
650 1800 696 1826 τὸν
724 1798 818 1837 λόγον.
849 1800 899 1827 Καὶ

67 1841 201 1878 ιπιθυμία
231 1841 372 1877 ὡσαύτως,
385 1843 403 1876 ὴ
422 1842 469 1878 μὶν
499 1842 555 1870 ἐστὶ
581 1844 672 1877 κοινὴ,
688 1844 706 1878 ἡ
724 1842 752 1871 δὶ
777 1843 897 1871 ἀντιδια-

71 1885 244 1922 στελλομὲνη
261 1886 328 1924 πρὸς
343 1886 438 1923 θυμὸν,
454 1886 498 1914 καὶ
513 1887 558 1914 τὸν
576 1887 671 1926 λόγον.

103 1940 163 1968 Ὅτι
192 1939 225 1967 οὐ
251 1938 363 1977 λέγουσι
387 1940 418 1967 τὸ
443 1941 502 1979 φῶς
527 1943 626 1977 σῶμα¹
647 1941 705 1969 imi
731 1941 760 1970 δὲ
788 1941 899 1980 λέγουσί

68 1995 140 2015 τινες
156 1984 186 2012 τὸ
203 1986 260 2024 φῶς
276 1986 356 2021 σῶμα
382 1985 459 2020 εἶναι,
477 1984 586 2024 λέγουσι
612 1986 727 2025 σφαῖράν
751 1997 812 2014 τινα
842 1997 898 2025 φω-

66 2029 114 2060 τὸς
142 2027 265 2066 προϊέναι
295 2027 325 2056 ἐκ
352 2029 401 2056 τοῦ
429 2028 523 2063 ἡλίου.
548 2031 622 2058 Ἐπεὶ
654 2029 682 2058 δὶ
706 2031 750 2058 καὶ
778 2031 792 2058 ὁ
818 2030 899 2066 ἥλιος

68 2073 234 2112 σφαιρικός’
266 2072 322 2101 ἔστι
351 2072 379 2100 δὲ
407 2073 549 2112 σφαιρικὸς
574 2074 618 2102 καὶ
649 2076 663 2102 ὸ
692 2075 767 2112 ἀήρ¹
796 2076 897 2114 ἀνάγκη

66 2120 140 2145 πᾶσα
166 2118 216 2153 τὴν
245 2120 294 2145 τοῦ
320 2118 409 2157 φωτὸς
426 2121 540 2157 σφαῖραν
557 2121 706 2156 προϊοῦσαν
723 2121 790 2157 πρὸς
813 2122 898 2157 ἡμᾶς,

66 2162 85 2197 ἢ
101 2161 182 2190 ὠθεῖν
198 2163 247 2197 τήν
262 2164 376 2202 σφαῖραν
397 2164 446 2189 τοῦ
471 2163 562 2201 ἀέρος’
578 2164 622 2190 καὶ
647 2163 718 2192 οὕτω
739 2165 785 2192 τὸν
813 2165 898 2192 τόπον

66 2207 154 2241 αὐτῆς
167 2205 383 2242 καταλαϐοῦσαν,
400 2207 527 2246 φωτίζειν
543 2209 589 2236 τὸν
614 2209 676 2247 περὶ
700 2210 773 2246 ἡμᾶς
801 2209 898 2238 τόπον.

68 2251 100 2280 El
116 2249 333 2288 καταλαμϐάνει,
350 2251 424 2280 ἔσται
452 2252 529 2280 κενὸν
558 2253 638 2291 ἀέρος
665 2254 696 2281 τὸ
726 2254 897 2293 πεφωτισμέ-

66 2306 113 2324 νον
141 2296 332 2335 ἡμισφαίριον,
364 2298 430 2335 ὅπερ
460 2296 601 2327 ἀδύνατον.
633 2298 666 2326 Et
700 2297 728 2326 δὲ
754 2299 792 2335 μὴ
822 2299 896 2332 ὠθεῖ,

68 2339 133 2368 οὐδὲ
161 2341 284 2379 φωτίζει,
314 2341 384 2369 ὥστε
414 2343 452 2378 μὴ
483 2342 681 2380 ἀφικνούμενον
711 2343 750 2376 εἷς
775 2345 858 2380 ἡμᾶς·
875 2344 898 2371 εἰ

68 2384 98 2412 δὲ
114 2386 237 2422 χωρήσει
263 2384 298 2413 δι’
314 2385 407 2421 αὐτῆς,
425 2385 498 2414 ἔσται
524 2389 605 2423 σῶμα
631 2386 676 2415 διὰ
702 2387 828 2425 σώματος
851 2399 897 2416 κε-

68 2429 209 2467 χωρηκός·
223 2429 238 2457 ὅ
252 2439 279 2456 τι
294 2439 344 2467 περ
360 2428 501 2459 ἀδύνατον.
523 2431 557 2460 Ei'
583 2430 612 2459 δὶ
633 2431 741 2469 λίξουσί
764 2443 843 2468 τινες,
860 2434 898 2464 ὡς

68 2472 142 2502 ἄλλο
158 2476 238 2510 σῶμα
267 2472 377 2501 δύναται
405 2478 532 2512 χωρῆσαι
557 2474 602 2503 διὰ
625 2477 763 2513 σώματος·
779 2477 899 2514 μάλιστα

69 2519 118 2555 μὲν
132 2519 146 2546 ὁ
171 2518 254 2556 λόγος
274 2517 418 2550 ἀδύνατος.
434 2519 513 2548 Οὕτω
537 2519 590 2558 γὰρ
611 2519 735 2557 ἤμελλεν
751 2522 764 2549 ὁ
785 2521 899 2559 οὐρανὸς

66 2563 93 2591 ἐν
121 2563 232 2601 κέγχρῳ
268 2561 396 2590 δύνασθαι
437 2562 571 2601 λέγεσθαι.
601 2565 715 2593 Ἔπειτα
743 2566 765 2593 si
793 2565 837 2593 διὰ
865 2566 897 2594 τὸ

66 2606 152 2635 ἄυλον
164 2608 244 2643 εἶναι,
260 2606 371 2635 δύναται
386 2611 514 2646 χωρῆσαι
532 2607 578 2636 διὰ
602 2611 651 2636 τοῦ
673 2611 810 2646 σώματος,
827 2611 898 2649 ἰχώ-

66 2661 148 2690 ρησεν
177 2651 207 2679 ἂν
235 2652 267 2680 οὐ
293 2651 376 2689 μόνον
411 2651 445 2679 δι’
470 2653 559 2690 ἀέρος,
576 2652 650 2681 ἀλλὰ
677 2654 723 2681 καὶ
751 2653 786 2682 δι’
810 2654 897 2683 ἄλλου

67 2698 192 2724 ὁτουοῦν.
210 2697 257 2727 Τίς
286 2697 337 2734 γὰρ
366 2698 384 2731 ἡ
409 2697 605 2734 ἀποκλήρωσις
633 2696 683 2732 ιῖἠ,
708 2698 792 2726 ἄϋλον
818 2702 898 2737 σῶμα

69 2740 115 2770 διὰ
129 2742 256 2778 σώματος
277 2741 344 2769 εἶναι
365 2744 488 2780 χωροῦν,
508 2742 546 2778 μὴ
572 2743 618 2770 καὶ
641 2742 686 2771 διὰ
715 2744 813 2776 παντὸς
837 2755 897 2783 χω-

70 2789 145 2826 ρεῖν;
162 2785 231 2814 ὥστε
245 2783 298 2814 ἔδει
314 2787 358 2814 καὶ
377 2785 422 2814 διὰ
435 2788 490 2814 τῶν
505 2789 619 2825 στερεῶν
644 2788 779 2825 σωμάτων
805 2791 899 2827 χωρῆ-

70 2842 115 2860 σαι
139 2831 171 2859 τὸ
196 2829 328 2871 eme-814‘!
353 2834 405 2870 γῆς
431 2830 513 2869 λέγω,
533 2831 578 2860 καὶ
603 2835 656 2869 τῷν
681 2833 796 2871 ὁμοίων.
823 2834 898 2862 Διατί

914 1601 936 1635 C

952 994 1131 1030 jucundum,
1146 994 1185 1022 ibi
1200 994 1347 1030 cupiditas
1362 998 1391 1023 et
1405 995 1574 1031 appetentis
1589 996 1628 1023 sit
1641 998 1755 1032 oportet
1771 1004 1778 1023 :

957 1038 1102 1075 cupiditas
1113 1039 1189 1067 enim
1198 1039 1322 1075 jucundi
1334 1043 1379 1068 est
1391 1040 1539 1076 appetitus
1551 1049 1558 1067 ι
1571 1042 1599 1068 et
1609 1049 1672 1076 qua:
1683 1040 1778 1068 solum

956 1083 1067 1112 habent
1091 1086 1201 1112 tactum
1231 1084 1380 1118 animalia,
1401 1085 1566 1113 diffundere
1590 1093 1621 1112 se
1645 1085 1782 1112 videntur

957 1128 981 1156 si
993 1128 1126 1164 jucunda
1141 1129 1333 1164 accesserint;
1358 1129 1491 1157 contrahi
1507 1138 1574 1157 vero
1590 1129 1614 1157 si
1631 1129 1700 1165 quid
1719 1137 1781 1157 mo-

955 1172 1023 1200 lesti
1039 1173 1264 1209 appropinquet.
1281 1174 1483 1210 Appetentiam
1498 1176 1596 1202 autem
1608 1173 1779 1210 cupiditate,

956 1217 999 1245 ira
1021 1220 1050 1246 et
1072 1217 1222 1246 voluntate
1251 1218 1368 1252 deﬁnit;
1389 1219 1494 1246 horum
1524 1218 1602 1246 enim
1629 1217 1781 1254 quodlibet

956 1263 1124 1297 appetentia
1138 1265 1202 1290 est:
1219 1261 1343 1297 simplex
1366 1271 1433 1290 vero
1458 1263 1606 1298 appetitus
1622 1262 1652 1290 in
1667 1263 1780 1290 instru-

956 1308 1055 1334 mento
1080 1307 1224 1335 sentiendi
1249 1315 1370 1343 prorsus
1399 1307 1497 1335 inesse
1522 1308 1646 1335 videtur.
1663 1308 1697 1334 At
1721 1315 1779 1334 non

956 1351 1036 1378 omni
1053 1351 1164 1384 sensui,
1179 1351 1275 1379 omnis
1291 1351 1368 1379 inest
1383 1352 1541 1388 appetitus.
1560 1352 1597 1379 lis
1614 1351 1704 1386 enim,
1716 1360 1780 1386 qua:

956 1394 1050 1422 solum
1067 1395 1177 1423 habent
1201 1398 1323 1428 tactum,
1340 1397 1502 1424 secundum
1520 1396 1712 1432 cupiditatem
1728 1404 1779 1432 ap-

957 1439 1067 1475 petitus
1082 1440 1169 1468 inest.
1185 1441 1222 1468 At
1246 1448 1310 1476 qua
1335 1440 1474 1469 omnibus
1497 1441 1635 1468 sensibus
1659 1441 1782 1476 praedita

956 1486 1035 1518 sunt,
1052 1485 1088 1511 iis
1113 1484 1201 1512 etiam
1218 1485 1254 1512 ad
1270 1486 1344 1513 iram
1362 1484 1518 1521 propensio
1541 1487 1596 1513 est.
1612 1485 1676 1512 Haec
1700 1485 1780 1513 enim

956 1529 991 1556 ad
1014 1529 1217 1557 ulciscendum
1242 1532 1411 1566 comparata
1434 1529 1580 1558 videntur.
1596 1531 1632 1557 At
1647 1529 1782 1558 voluntas

955 1573 1048 1602 solius
1063 1577 1107 1601 est
1128 1574 1260 1609 rationis,
1278 1576 1309 1602 ut
1333 1577 1361 1602 et
1384 1574 1532 1610 appetitus
1558 1574 1717 1610 mquivoce,
1733 1574 1781 1602 iti-

955 1618 1080 1653 demque
1108 1618 1255 1653 cupiditas
1277 1619 1474 1647 communiter
1499 1627 1506 1646 :
1532 1619 1600 1647 item
1625 1619 1661 1646 de
1685 1619 1728 1647 ira
1753 1621 1782 1646 et

954 1663 1179 1698 concupiscente
1192 1665 1221 1690 et
1237 1663 1349 1691 ratione
1364 1663 1472 1691 dicitur
1487 1663 1654 1700 appetitus:
1667 1672 1736 1691 nam
1751 1666 1781 1691 et

954 1706 1068 1735 divinas
1084 1716 1130 1735 res
1152 1707 1280 1735 dicimur
1303 1710 1448 1744 expetere,
1473 1711 1536 1736 tum
1561 1710 1590 1736 et
1613 1707 1778 1736 scientiam.

954 1751 1008 1778 Sed
1024 1752 1140 1787 proprie
1160 1760 1192 1779 ac
1215 1760 1315 1788 presse
1331 1752 1425 1788 magis
1449 1752 1557 1780 dicitur
1581 1753 1729 1788 appetitus
1745 1753 1780 1780 de

955 1796 1139 1824 naturalibus
1168 1797 1296 1824 motibus
1321 1797 1427 1825 rationi
1456 1797 1619 1832 oppositus.
1647 1797 1779 1833 Itemque

955 1839 1101 1876 cupiditas
1117 1840 1174 1868 alia
1196 1841 1363 1869 communis
1383 1843 1437 1876 est,
1454 1841 1512 1869 alia
1536 1840 1676 1869 irascenti
1690 1843 1719 1869 et
1734 1849 1782 1868 ra-

954 1885 1026 1912 tioni
1042 1885 1187 1921 opposita.

990 1938 1096 1966 Lucem
1128 1947 1186 1966 non
1211 1941 1316 1967 vocant
1340 1947 1469 1975 corpus:
1493 1939 1563 1975 quia
1590 1947 1656 1967 vero
1683 1938 1780 1967 lucem

954 1982 1087 2010 nonnulli
1103 1990 1210 2018 corpus
1235 1991 1300 2011 esse
1325 1983 1437 2019 dicunt,
1454 1983 1599 2020 sphaeram
1620 1984 1780 2020 quamdam

953 2027 1078 2055 luminis
1093 2027 1162 2055 oriri
1179 2036 1213 2056 ex
1229 2027 1290 2056 sole
1306 2028 1604 2060 asserunt.0uoniam
1615 2036 1681 2056 vero
1693 2031 1722 2056 et
1737 2029 1780 2056 sol

954 2073 1100 2101 rotundus
1120 2075 1176 2105 est,
1191 2076 1254 2100 tum
1279 2073 1367 2101 etiam
1384 2082 1442 2108 aer,
1456 2082 1575 2109 prorsus
1592 2081 1710 2101 necesse
1724 2076 1779 2107 est,

954 2117 1099 2153 sphaeram
1118 2117 1252 2153 luminis,
1263 2125 1327 2154 quae
1343 2118 1378 2146 ad
1403 2127 1456 2146 nos
1471 2119 1560 2152 venit,
1572 2118 1615 2146 vel
1631 2118 1778 2155 spheram

954 2163 1031 2190 aeris
1045 2162 1206 2198 expellere:
1220 2163 1320 2198 sicque
1335 2166 1475 2198 occupato
1495 2163 1560 2198 ejus
1575 2163 1637 2190 loco
1653 2163 1778 2191 circum-

951 2207 1063 2242 jectum
1086 2207 1171 2235 nobis
1195 2207 1290 2234 locum
1315 2206 1492 2235 illuminare.
1508 2207 1538 2235 Si
1563 2210 1695 2243 occupat,
1712 2215 1778 2235 aere

953 2259 1044 2278 vacua
1055 2252 1111 2279 erit
1122 2251 1244 2279 dimidia
1253 2251 1446 2287 sphaera,quze
1456 2252 1624 2280 illuminata
1633 2254 1687 2286 est,
1700 2252 1778 2287 quod

952 2296 1115 2323 absurdum
1134 2304 1140 2324 :
1157 2299 1186 2323 at
1201 2295 1225 2324 si
1242 2304 1298 2323 non
1315 2296 1444 2332 expellit,
1461 2305 1556 2332 neque
1576 2297 1645 2324 item
1665 2296 1778 2324 illumi-

954 2343 1014 2376 nat,
1028 2343 1060 2367 ut
1075 2349 1140 2376 qus:
1156 2341 1190 2367 ad
1208 2349 1260 2368 nos
1286 2342 1458 2376 perventura
1483 2349 1540 2368 non
1557 2341 1605 2368 sit.
1623 2343 1658 2368 At
1672 2341 1696 2368 si
1713 2349 1777 2369 eam

953 2386 1129 2420 penetrabit,
1154 2393 1260 2420 corpus
1284 2393 1300 2411 a
1324 2393 1444 2420 corpore
1469 2385 1677 2421 penetrabitur,
1699 2386 1776 2421 quod

954 2430 1015 2457 ﬁeri
1042 2439 1100 2458 non
1124 2431 1230 2465 potest.
1251 2430 1301 2457 Sin
1326 2438 1393 2457 vero
1417 2429 1515 2457 dicent
1536 2429 1624 2464 aliqui
1650 2438 1736 2466 posse
1761 2439 1777 2458 a

953 2483 1073 2511 corpore
1097 2474 1242 2510 penetrari
1268 2482 1384 2510 corpus,
1402 2474 1649 2502 absurdissimum
1665 2474 1693 2502 id
1710 2483 1775 2510 pro-

953 2521 1027 2549 fecto
1042 2521 1096 2547 est.
1121 2519 1169 2546 Sic
1184 2519 1261 2546 enim
1288 2521 1387 2554 posset
1409 2519 1439 2546 in
1465 2518 1537 2546 miiii
1554 2527 1644 2554 grano
1669 2519 1773 2547 caelum

952 2564 1106 2593 contineri.
1122 2563 1241 2596 Deinde,
1258 2563 1284 2590 ei
1299 2563 1377 2598 quod
1401 2563 1528 2590 materia:
1545 2564 1583 2591 sit
1597 2571 1700 2599 expers
1714 2564 1774 2599 lux,

952 2617 1060 2645 corpus
1083 2610 1235 2645 penetrare
1260 2610 1366 2644 potest,
1389 2610 1571 2644 penetrasset
1596 2616 1652 2635 non
1678 2608 1774 2636 solum

953 2662 1059 2686 aerem,
1077 2654 1127 2682 sed
1145 2653 1223 2680 aliud
1240 2653 1393 2688 quodlibet
1417 2661 1523 2688 corpus
1539 2661 1545 2680 :
1564 2661 1630 2680 nam
1648 2661 1711 2688 qua:
1727 2653 1777 2681 illa

952 2698 1080 2727 conditio
1104 2701 1191 2731 esset,
1210 2699 1239 2724 et
1267 2697 1492 2724 immateriatum
1523 2705 1640 2733 corpus,
1670 2706 1776 2733 corpus

952 2747 1129 2781 penetraret,
1155 2751 1208 2772 nec
1237 2752 1323 2771 omne
1347 2744 1475 2780 corpus?
1504 2745 1603 2780 Itaque
1632 2747 1776 2780 oporteret

951 2790 1040 2818 etiam
1069 2789 1164 2817 lucem
1194 2788 1288 2816 solida
1316 2797 1434 2825 quoque
1462 2797 1584 2825 corpora
1612 2792 1774 2824 penetrare,

951 2837 1061 2864 terram
1076 2834 1141 2862 dico
1160 2836 1190 2862 et
1213 2832 1332 2861 similia.
1348 2833 1454 2866 Quidni
1475 2841 1554 2869 ergo,
1571 2841 1637 2860 cum
1659 2833 1702 2861 sol
1717 2833 1773 2861 sub
