1952 3052
182 151 261 182 10Ἷό
853 146 878 175 Μ
885 145 953 175 lCH.

1125 144 1220 173 BELLI
1826 141 1896 173 £016

183 222 263 248 terra
285 221 341 254 est,
356 227 414 247 non
439 227 506 247 eum
532 227 623 255 supra
646 220 754 246 terram
779 215 924 247 videmus,
944 213 953 240 1

1126 211 1164 248 μὴ
1177 211 1221 239 καὶ
1241 211 1292 239 ὑπὸ
1306 212 1356 246 τὴν
1371 213 1423 249 γῆν
1439 210 1517 243 ὄντος
1529 214 1578 239 τοῦ
1593 210 1676 246 ἡλίου
1691 213 1806 250 ὁρῶμεν
1833 212 1893 250 ὁπὶρ

185 267 294 292 terram
313 272 430 300 quoque
446 265 635 299 penetrante?
654 262 774 296 Deinde,
788 261 813 289 si
828 260 878 288 lux
892 267 956 294 corp

1142 259 1205 292 γῆν,
1229 258 1278 282 τοῦ
1304 256 1393 293 φωτὸς
1422 257 1467 284 καὶ
1496 255 1541 284 διὰ
1568 260 1618 292 τῆς
1645 260 1697 295 γῆς
1724 259 1894 294 χωροῦντος,

187 317 281 337 aerem
298 317 406 345 corpus
432 312 573 344 penetret,
592 308 674 335 illum
691 309 822 342 oporteat
845 304 958 332 densior

1123 310 1180 328 ειτα
1195 300 1220 327 εἴ
1236 303 1315 337 σῶμα
1330 301 1360 328 ’ὸν
1374 302 1405 328 τὸ
1420 303 1488 340 φῶς,
1503 304 1592 339 χωρεῖ
1618 301 1663 328 διὰ
1688 302 1824 338 σώματος
1853 302 1894 328 τοῦ

187 357 215 382 et
238 354 411 382 crassiorem
435 353 508 386 ﬁeri,
527 356 628 380 contra
652 359 740 387 quam
764 350 953 385 experimur:

1124 356 1156 379 ›ς,
1173 342 1226 373 ἔδει
1254 347 1300 373 καὶ
1323 346 1353 373 τὸ
1378 345 1443 374 δ’λον
1472 345 1635 383 πυκνότερον
1665 347 1711 374 καὶ
1740 346 1895 384 παχύτερον

187 398 274 426 nuior
289 398 366 426 enim
389 398 422 425 ﬁt
447 407 495 426 aer
520 397 697 431 illustratus,
714 393 958 431 quemadmodum

1125 395 1197 422 σθαι.
1216 392 1272 418 Νῦν
1303 389 1332 417 δὶ
1359 390 1514 418 τούναντίον
1532 400 1538 408 ·
1570 390 1826 429 λεπτομερέστερος

186 451 295 478 aquam
306 445 386 470 terra
400 443 507 478 capiat,
519 444 548 469 et
562 441 655 475 major
665 441 717 467 fiat
726 448 760 467 ex
776 439 909 474 utrisque
920 437 957 464 lo:

1126 438 1150 473 ᾕρ
1179 435 1365 473 φωτιζόμενος
1394 434 1507 473 γίνεται,
1525 435 1615 473 ὥσπερ
1643 436 1690 463 καὶ
1720 435 1747 463 ἑν
1775 437 1815 472 γῇ
1844 436 1897 471 (10)

186 487 307 514 omnino
332 494 451 514 necesse
476 489 521 514 est
544 493 652 521 corpus
677 492 711 512 ex
735 483 868 519 utrisque
891 482 957 509 dem

1126 480 1191 514 ιήσει
1207 478 1289 517 ὕδωρ·
1306 480 1350 507 καὶ
1382 481 1482 516 μείζων
1496 480 1511 507 ό
1531 479 1556 515 ἐξ
1585 480 1689 519 ἀμφοῖν
1718 481 1828 518 γίνεται
1855 479 1897 506 τό-

186 530 250 558 fieri
267 539 274 559 :
290 531 333 558 sic
351 539 448 559 aerem
476 538 545 558 cum
574 529 625 557 lux
654 528 811 557 accesserit
840 526 957 554 crassio:

1126 524 1262 561 ,Ἀνάγκη
1292 526 1365 551 πᾶσα
1391 524 1423 551 τὸ
1451 524 1477 559 ἐξ
1503 525 1604 561 ἀμφοῖν
1635 527 1716 561 σῶμα
1739 524 1897 562 παχύτερον

188 575 251 603 ﬁeri
267 583 386 603 necesse
400 577 446 603 est
461 583 468 603 :
486 583 565 603 nunc
588 582 655 602 vero
673 573 766 601 multo
789 580 875 600 secus
898 573 959 599 teni

1127 574 1198 600 σθαι.
1214 567 1294 597 Οὕτω
1310 566 1340 595 δὶ
1365 569 1410 596 καὶ
1437 568 1481 596 τὸν
1511 568 1577 607 ἀέρα
1604 569 1710 607 ἀνᾶγχη
1739 568 1898 606 παχύτερον

188 620 268 649 enim
281 623 309 648 el
323 620 460 648 subtilior
473 620 516 648 fit.

1130 613 1201 647 σθαι,
1230 613 1378 650 γενομένου
1402 615 1451 640 τοῦ
1479 614 1590 652 φωτός·
1607 616 1652 641 νῦν
1683 613 1713 641 δὲ
1740 612 1901 641 τούναντίον

1069 656 1318 695 λεπτομερέστερος
1331 656 1445 696 γίνεται.

225 730 282 768 (ιο)
298 731 384 759 Forte
397 728 442 757 καὶ
458 729 482 756 el
494 732 544 767 γῆ.

917 900 1173 950 ΨΗΜΟΥ

390 1004 444 1030 οτι
462 1004 506 1030 ΤΔ
527 1003 712 1031 ΚΙΝΗΜΔΤΑ
731 1003 798 1028 ΤΗΣ
819 1001 937 1027 ΨΥΧΠΣ
957 999 1099 1026 ΕΟΙΚΛΣΙ
1119 998 1202 1026 ΤΑΙΣ
1222 999 1286 1024 ΤΩΝ
1305 998 1480 1025 ΟΥΡΔΝΙΩΝ
1500 998 1682 1024 ΚΙΝΗΣΕΣΙ.

899 1128 1187 1177 PSELLI

487 1235 582 1267 QUOD
601 1234 727 1263 ANIME
747 1232 869 1261 MOTUS
888 1231 1125 1261 COELESTIBUS
1146 1230 1306 1259 MOTIBUS
1326 1230 1474 1259 SIMILES
1496 1231 1589 1259 SINT.

192 1390 252 1417 Τῶν
269 1388 456 1426 πρωτοτύπων
472 1389 590 1427 οὖροινοῦ
604 1387 763 1424 κινημάτων
1032 1386 1056 1419 Β
1070 1384 1102 1412 Ἡ
1118 1383 1158 1418 δὲ,
1173 1385 1240 1422 πρὸς
1256 1384 1324 1423 αὐτῇ
1339 1387 1373 1423 τῇ
1390 1385 1453 1421 σκιᾷ
1466 1385 1621 1422 καθημένη,

194 1433 244 1461 Καὶ
260 1436 313 1461 τῶν
329 1433 354 1461 έν
371 1434 446 1470 αὐτῷ
461 1435 605 1473 προσφυῶν
619 1433 788 1469 παθημάτων
1071 1430 1187 1458 Ἐκεῖθεν
1203 1429 1365 1467 ἠμαύρωσεν
1381 1431 1467 1465 αὐτῆς
1482 1431 1531 1465 τὴν
1548 1429 1626 1469 φύσιν

195 1478 281 1515 Εὕρῃς
296 1479 359 1516 παρ’
374 1480 442 1515 ἡμῖν
457 1477 563 1509 εἰκόνας
578 1477 778 1515 κεκρυμμένας,
1072 1474 1121 1501 Καί
1133 1484 1192 1505 πως
1208 1473 1360 1510 σκοτώδης,
1377 1474 1482 1513 ἀχλύος
1497 1474 1690 1512 πεπλησμένη,

192 1525 219 1549 Ὁ
234 1525 296 1554 νοῦς
313 1522 364 1561 γὰρ
381 1525 474 1559 ἡμῶν»
491 1523 535 1550 οἷα
550 1522 676 1560 λαμπρὸς
693 1522 848 1561 φωσφόρος,
1071 1517 1279 1557 ’Υποδραμοῦσα
1292 1519 1337 1546 τὸν
1354 1519 1452 1554 νοητὸν
1469 1519 1625 1558 φωσφόρον,

191 1568 243 1595 Τὸν
259 1567 340 1602 ἥλιόν
357 1578 416 1600 πως
431 1568 554 1602 εἶιιονίζιι
572 1566 732 1606 πανσόφως·
1073 1562 1206 1601 Συνέσχεν
1221 1563 1303 1591 αὐτοῦ
1317 1563 1364 1595 τὰς
1381 1563 1501 1602 διαυγεῖς
1517 1563 1674 1606 λαμπάδας.

193 1615 248 1646 Τῆς
265 1610 288 1639 δ’
302 1612 334 1639 αὗ
351 1612 471 1648 σελήνης
487 1612 557 1639 ἐστὶν
573 1613 590 1646 ἡ
607 1612 683 1650 ψυχή
699 1612 793 1643 τύπος.
1071 1607 1153 1634 Κάκεῖ
1169 1607 1216 1643 μὲν
1233 1607 1348 1645 ίστιγῆ,
1364 1606 1479 1643 σελήνη,
1495 1605 1651 1647 φωσφόρος,

198 1657 220 1684 Ο
238 1657 285 1692 μὲν
301 1657 366 1694 γὰρ,
383 1656 419 1687 ὡς
434 1655 592 1690 κάλλιστος,
609 1656 645 1687 ὡς
661 1655 772 1695 φωστὴρ
789 1654 883 1692 μέγας,
1072 1655 1163 1695 Ψυχή,
1174 1651 1203 1679 δὶ
1215 1651 1261 1679 καὶ
1276 1652 1340 1695 σὰρξ
1356 1651 1409 1680 ὧδι
1422 1651 1468 1680 καὶ
1483 1654 1546 1683 νοῦς
1560 1652 1740 1691 προσφόρως.

189 1700 271 1732 Ὁλος
289 1699 402 1739 διαυγής
417 1700 487 1729 ἐστιν
505 1694 725 1738 ἀστραπηϐόλοςο
1070 1696 1118 1724 Ἓν
1133 1694 1179 1723 οὗν
1195 1696 1262 1734 πρὸς
1274 1694 1301 1724 ἓν
1315 1707 1373 1728 πως
1388 1696 1501 1731 ἀντίθες,
1516 1695 1591 1731 πλὴν
1606 1696 1743 1734 εὐλόγως,

192 1746 277 1783 Ψυχὴ
295 1744 334 1782 δὲ,
350 1748 540 1784 προσπεσοῦσα
555 1746 683 1782 σώματος
697 1745 786 1779 φύσει,
1072 1741 1143 1778 Πρὸς
1157 1739 1238 1775 ἥλιον
1253 1743 1328 1784 νοῦν,
1344 1743 1425 1778 σῶμα
1439 1741 1508 1779 πρὸς
1523 1744 1573 1779 γῆν
1590 1741 1719 1776 αὖθίτωςι

190 1791 234 1825 Ἐξ
251 1789 379 1827 ἡμισείας
396 1791 487 1829 ὥσπερ
508 1791 620 1828 αὐγάζιι
639 1791 732 1827 μόνον.
1071 1784 1128 1819 Τὴν
1143 1785 1266 1822 ψυχικὴν
1281 1783 1310 1812 δὶ
1324 1785 1392 1822 πρὸς
1409 1785 1527 1822 σελήνην
1539 1785 1630 1814 οὐσίαν
1640 1796 1646 1803 ·

191 1835 230 1863 Τὸ
246 1835 292 1871 μὶν
307 1834 369 1873 γὰρ,
385 1834 423 1866 εἷς
439 1834 502 1862 νοῧν
517 1837 663 1874 προσφυῶς
679 1833 840 1872 ἀνηγμένον,
1072 1829 1102 1857 ’0
1120 1829 1167 1866 μὲν
1184 1830 1235 1874 γὰρ
1249 1829 1414 1868 αὐτόχρημα
1429 1830 1518 1867 φωτὸς
1533 1829 1610 1858 οὖσία
1622 1839 1629 1847 ⁸

194 1879 290 1910 Φωτὸς
308 1879 448 1917 μετέσχεν,
467 1879 558 1918 ὥσπερ
572 1879 602 1907 ἐκ
615 1879 726 1916 πρώτου
744 1879 828 1917 φάους
841 1887 848 1893 ³
1072 1873 1112 1916 Τὸ
1128 1875 1207 1910 σῶμα
1222 1873 1417 1910 λαμπρότητος
1432 1875 1610 1912 ἐστερημένον
1623 1884 1630 1891 ⁶

191 1924 226 1951 Τὸ
243 1922 265 1951 δ’
281 1923 313 1951 αὖ
329 1934 370 1961 γε,
387 1925 455 1960 πρὸς
471 1923 596 1959 αἴσθησιν
612 1924 727 1960 ἐμπεσὸν
741 1922 825 1957 χᾶτω,
1073 1920 1156 1957 Ψυχή
1171 1918 1210 1954 δὲ,
1225 1920 1400 1957 τυγχάνουσα
1416 1920 1484 1957 μέση
1500 1922 1555 1948 τῶν
1571 1919 1631 1954 δύο,

191 1968 241 1995 Καὶ
258 1969 348 2007 φωτὸς
363 1969 502 2006 ἠμοίρησε
518 1969 560 1996 καὶ
578 1969 690 1999 σκότους
706 1967 795 2005 γέμει,
1071 1964 1106 1991 Τὸ
1124 1964 1171 2000 μὲν
1187 1963 1297 2002 τέτευχε
1312 1964 1411 2004 φωτὸς,
1428 1965 1465 1996 ὡς
1480 1967 1528 1992 νοῦ
1543 1963 1672 2000 πλησίον,

200 2013 222 2041 Ο
240 2013 286 2049 μὲν
303 2013 352 2050 γὰρ
369 2013 505 2048 ἀκούτησς
519 2015 573 2040 τῶν
588 2012 643 2040 ἅνω
659 2012 762 2050 λόγων,
1073 2009 1111 2037 Τὸ
1126 2007 1150 2035 δ’
1166 2008 1196 2036 οὐ
1210 2007 1346 2046 τέτευχεν,
1363 2008 1442 2047 ἐγγὺς
1458 2009 1525 2037 οὖσα
1539 2008 1685 2045 σωμάτων.

192 2051 270 2088 Βρύει
287 2051 394 2090 διαυγεῖ
407 2055 562 2092 γνωπικῶς
578 2051 736 2089 λαμπηδόνι
752 2063 757 2069 ·

227 2142 444 2170 Primitivorum
465 2143 530 2171 coeli
546 2146 694 2177 motuum,
709 2145 738 2170 et
763 2150 864 2170 earum
880 2150 944 2177 qua:
961 2141 1017 2178 ipsi
1034 2143 1056 2177 α
1074 2143 1239 2170 secundum
1255 2143 1408 2171 scientiam
1432 2143 1578 2177 claritate;
1603 2143 1696 2172 altera
1718 2152 1802 2176 vero,
1823 2144 1905 2179 juxta

191 2186 299 2214 innatae
315 2191 385 2215 sunt
402 2187 586 2223 passionum,
603 2187 736 2215 invenias
758 2187 835 2222 apud
852 2195 904 2214 nos
919 2195 1019 2214 recon-
1075 2187 1170 2222 ipsam
1186 2188 1322 2215 umbram
1339 2188 1455 2221 sedens,
1472 2188 1539 2215 Inde
1562 2188 1731 2216 obscuravit
1746 2196 1837 2216 suam
1854 2196 1904 2215 na-

191 2231 269 2260 ditas
285 2231 439 2268 imagines.
455 2232 536 2260 Mens
562 2232 641 2260 enim
658 2234 771 2266 nostra,
788 2233 821 2259 ut
846 2231 1019 2267 splendidus
1073 2233 1182 2260 turam.
1199 2232 1234 2259 Et
1257 2232 1385 2268 quodam
1410 2232 1497 2260 modo
1513 2232 1679 2263 tenebroso.
1704 2231 1836 2268 caligine
1860 2240 1902 2260 re~

191 2275 304 2310 lucifer,
317 2276 409 2305 solem
432 2277 560 2314 quodam
577 2277 664 2305 modo
679 2275 898 2312 sapientissimo
914 2283 1019 2311 reprae-
1074 2275 1163 2312 pleta,
1178 2275 1395 2312 intelligibilem
1415 2276 1511 2305 lucem
1532 2278 1637 2313 prater
1650 2284 1787 2310 currens,
1804 2276 1903 2313 splen-

193 2323 298 2349 ssntat.
317 2322 404 2349 Lunae
420 2323 519 2350 autem
539 2324 585 2349 est
609 2324 638 2350 et
664 2321 765 2349 anima
788 2320 1017 2356 repraesentatio.
1073 2320 1158 2349 didos
1181 2320 1266 2349 illum
1281 2321 1379 2349 radios
1395 2321 1560 2350 coarctavit.
1576 2321 1612 2349 Et
1636 2323 1682 2349 est
1705 2321 1832 2357 quidem
1848 2321 1903 2349 illic

192 2364 665 2402 Illequidem,utpulcherrimum
675 2368 703 2393 et
713 2364 1018 2401 magnumluminare,
1073 2367 1162 2399 terra,
1182 2364 1262 2399 luna,
1279 2365 1431 2402 splendor,
1454 2365 1557 2394 animle
1583 2365 1625 2394 ibi
1640 2373 1717 2397 vero.
1729 2367 1759 2394 et
1783 2374 1856 2394 caro
1878 2368 1903 2394 et

191 2410 284 2438 totius
299 2410 474 2446 splendidus
489 2413 517 2439 et
533 2410 782 2447 fulgurajaciens.
800 2409 906 2437 Anima
920 2411 1018 2437 autem
1074 2417 1158 2438 mens
1173 2409 1320 2438 similiter.
1336 2410 1432 2439 Unum
1456 2410 1546 2447 igitur
1570 2410 1654 2439 alteri
1668 2411 1802 2446 quodam
1819 2411 1900 2438 modo

192 2461 257 2489 quae
268 2454 299 2482 in
311 2456 442 2490 corporis
453 2457 590 2483 naturam
610 2455 724 2488 incidit,
738 2457 879 2490 tauquam
896 2454 1020 2482 dimidia
1073 2454 1205 2490 opponit,
1221 2459 1358 2483 caeterum
1385 2455 1587 2492 probabiliter.
1602 2455 1663 2483 Soli
1677 2457 1825 2490 mentem,
1841 2463 1899 2483 cor-

192 2500 274 2533 parte
287 2501 402 2526 tantum
414 2499 559 2535 splendet.
573 2500 654 2532 Quod
670 2499 749 2527 enim
764 2498 794 2526 in
809 2501 939 2526 mentem
953 2500 1019 2533 apte
1074 2507 1129 2535 pus
1144 2501 1239 2535 terra,
1250 2500 1408 2528 animalem
1425 2500 1625 2528 substantiam
1641 2500 1726 2527 luna.
1740 2499 1830 2528 Mons
1844 2500 1900 2536 qni-

192 2542 353 2571 adductum
373 2547 427 2579 est,
443 2544 566 2572 luminis
592 2547 635 2572 est
660 2543 805 2580 particeps
828 2545 969 2578 tanquam
986 2551 1020 2571 ex
1073 2543 1139 2571 dem
1168 2544 1288 2572 omnino
1313 2543 1388 2572 lucis
1417 2544 1594 2578 substantia.
1615 2552 1722 2580 corpus
1747 2544 1898 2580 splendore

192 2586 288 2622 prima
306 2587 385 2622 luce;
410 2589 487 2624 quod
504 2591 602 2617 autem
618 2589 654 2616 ad
671 2597 776 2616 sensus
800 2588 877 2616 infra
901 2587 1019 2621 decidit,
1074 2591 1167 2623 caret;
1185 2588 1284 2617 anima
1307 2597 1385 2623 vero,
1401 2588 1477 2617 inter
1497 2597 1532 2617 ea
1547 2589 1655 2623 media,
1672 2588 1773 2616 lumen
1799 2590 1898 2617 sortita

193 2629 316 2660 luminis
337 2640 437 2661 exsors
451 2636 507 2669 est,
523 2636 551 2662 et
566 2633 695 2662 tenebris
707 2632 834 2669 plenum.
850 2632 944 2660 Altera
955 2633 1020 2668 qui-
1075 2635 1108 2660 ut
1123 2633 1211 2661 menti
1228 2634 1403 2669 propinqua,
1417 2633 1538 2662 aliunde
1561 2641 1620 2662 non
1643 2633 1750 2662 sortita
1764 2637 1823 2669 est,
1838 2641 1897 2662 cum

195 2674 262 2703 dem
279 2675 373 2703 audiit
388 2685 518 2712 superna
531 2677 620 2706 verba
641 2679 670 2706 et
684 2678 792 2705 referta
806 2679 852 2705 est
865 2676 1021 2712 splendida
1074 2677 1248 2713 corporibus
1259 2678 1356 2706 vicina
1369 2677 1419 2707 sit.
