1952 3054
68 174 145 204 lOTl
613 173 649 202 1N
676 171 983 202 PSYCHOGONIAM
1005 168 1210 200 PLATONIS.
1673 172 1676 175 ‘
1694 162 1774 193 £018

323 360 524 425 ΤΟΥ
599 358 1026 424 ΨΕΛΛΟΥ
1103 351 1523 420 ΜΙΧΑΗΛ

890 486 948 512 ΕΙΣ

179 588 335 636 ΤΗΝ
393 585 931 636 ΨΥΧΟΓΟΝΙΑΝ
996 585 1147 633 ΤΟΥ
1204 583 1668 633 ΠΛΑΤΩΝΟΣ.

337 786 1005 864 MIGHAELIS
1091 784 1516 862 PSELLI

768 941 1081 974 COMMENTARIUS

386 1057 454 1105 IN
491 1056 994 1105 PSYCHOGONIAM
1031 1056 1464 1105 PLATONICAM.

515 1166 567 1202 (Ex
581 1165 709 1194 editione
723 1165 816 1194 Caroli
830 1165 980 1194 Guilielmi
998 1166 1116 1201 Linder,
1132 1165 1337 1202 Upsalienats.)

716 1361 996 1393 AHGUMENTUM
1018 1362 1134 1392 LIBRI.

111 1466 142 1494 In
159 1465 254 1502 prima
270 1467 351 1502 parte
366 1473 434 1494 cum
450 1465 486 1493 de
501 1464 618 1493 duobus
629 1464 688 1492 illis
704 1472 802 1492 rerum
817 1464 977 1501 generibus
992 1464 1172 1501 disputatur,
1184 1473 1309 1502 quorum
1325 1465 1450 1494 alterum
1467 1477 1480 1491 α
1498 1467 1543 1494 est
1557 1465 1782 1502 sempiternum,

75 1512 226 1544 constans,
243 1509 340 1538 omnis
355 1517 458 1546 expers
473 1508 698 1541 vicissitudinis.
716 1516 768 1536 nec
790 1516 921 1544 unquam
939 1511 1047 1544 ortum,
1062 1508 1199 1543 alterum,
1216 1510 1292 1546 quod
1308 1509 1395 1538 habet
1410 1519 1443 1538 ea
1459 1519 1522 1546 quea
1537 1510 1671 1546 subjecta
1687 1511 1783 1537 muta-

76 1555 167 1583 tionis
182 1554 379 1582 vicissitudini
396 1557 484 1589 atque
503 1555 641 1590 generata
666 1555 736 1581 sunt
748 1553 802 1588 (a),
820 1564 834 1578 ››
851 1561 884 1581 ex
901 1553 1011 1590 quibus
1026 1554 1184 1589 generibus
1199 1555 1388 1591 componitur
1411 1555 1514 1583 animae
1539 1554 1705 1587 harmonia,
1719 1556 1783 1582 tum

77 1600 146 1627 inde
161 1600 197 1628 ab
214 1599 287 1635 ipsis
301 1599 363 1626 suis
389 1598 482 1626 initiis
497 1607 531 1626 ea
547 1597 689 1634 repetitur
713 1606 904 1625 numerorum
920 1599 1161 1634 proportionibus
1177 1599 1324 1627 declarata
1348 1608 1380 1628 ac
1405 1599 1552 1636 descripta
1568 1599 1731 1632 harmonia,
1747 1598 1784 1626 ad

77 1653 164 1680 quam
180 1646 239 1672 tota
265 1644 391 1680 exigitur
414 1643 520 1671 animis
545 1643 702 1670 mundanae
725 1642 876 1670 fabricatio
888 1643 936 1678 (b).
952 1643 1070 1671 Accedit
1096 1643 1212 1672 inversa
1227 1645 1361 1680 quaedam
1386 1647 1474 1681 atque
1498 1645 1654 1672 immutata
1679 1644 1784 1672 barum

78 1697 176 1717 rerum
191 1687 393 1724 interpretatio
404 1688 451 1723 (c).
469 1689 499 1716 In
523 1688 652 1715 secunda
674 1687 859 1714 harmoniam
875 1687 957 1714 illam
974 1687 1046 1715 solis
1071 1696 1261 1716 numerorum
1278 1689 1517 1725 proportionibus
1541 1689 1736 1725 persequitur.
1754 1689 1786 1716 In

78 1733 165 1761 tertia
180 1733 306 1761 duorum
323 1732 440 1760 illorum
466 1732 594 1766 orbium,
610 1730 712 1759 circuli
728 1731 941 1767 aequinoctialis
957 1732 1021 1759 dico
1045 1735 1073 1760 et
1096 1733 1217 1766 zodiaci,
1232 1733 1401 1770 descriptio,
1417 1734 1453 1761 ad
1477 1734 1622 1767 eamdem,
1640 1741 1729 1769 quam
1756 1732 1786 1760 in

78 1777 174 1814 prima
197 1779 277 1814 parte
305 1776 504 1812 allegoricam,
522 1778 553 1803 ut
568 1776 661 1808 aiunt,
677 1776 855 1803 sententiam
879 1778 1020 1804 revocata.
1039 1778 1069 1804 In
1086 1780 1191 1812 quarta
1206 1777 1333 1813 denique
1360 1780 1440 1814 parte
1470 1777 1618 1806 somitonii
1646 1775 1783 1805 sumendi

77 1822 124 1851 lex
138 1824 167 1850 et
182 1822 283 1858 regula
306 1820 475 1849 constituta.
492 1820 543 1848 His
568 1820 598 1847 in
624 1819 712 1848 rebus
727 1819 900 1847 enarrandis
917 1820 1029 1847 Psellus
1044 1823 1191 1849 auctorem
1217 1825 1337 1850 secutus
1362 1824 1407 1850 est
1432 1822 1565 1851 Proetum
1590 1821 1784 1854 Diadochum,

78 1866 288 1903 philosophum
309 1865 393 1892 illum
419 1864 496 1892 inter
523 1863 758 1900 Neoplatonic09,
775 1864 826 1899 qui
851 1866 1003 1900 vocantur,
1019 1865 1207 1893 eminentem.
1223 1866 1294 1902 Ejus
1309 1867 1464 1894 sententiis
1490 1875 1541 1903 pro
1565 1865 1627 1894 suis
1651 1873 1786 1902 saepenu-

79 1919 160 1939 mero
183 1911 222 1938 ita
248 1918 321 1937 usus
346 1911 401 1942 est,
418 1911 450 1936 ut
475 1908 576 1936 multis
603 1908 674 1936 locis
700 1909 765 1944 ipsa
778 1908 866 1936 verba
892 1908 986 1937 Procli
1015 1910 1232 1938 transcriberet.
1248 1910 1336 1939 Vides
1364 1911 1455 1947 igitur
1482 1911 1511 1938 in
1540 1910 1636 1939 Psello
1665 1918 1786 1946 prorsus

78 1955 213 1984 eamdem
229 1953 381 1983 Platonicae
407 1953 530 1982 rationis
555 1953 805 1990 perturbationem
821 1954 850 1981 et
867 1953 1082 1989 confusionem,
1099 1962 1188 1991 quam
1210 1956 1286 1992 apud
1304 1955 1527 1992 Neoplatonicos
1550 1955 1628 1989 illos,
1644 1955 1694 1991 qui
1719 1963 1787 1982 eum

78 2000 206 2028 Platonis
221 1999 385 2027 doctrinam
412 1999 446 2026 ad
471 2006 592 2026 suarum
607 1997 794 2026 voluntatum
811 1997 1037 2026 similitudinem
1055 2002 1232 2035 revocarent,
1248 2003 1310 2028 tum
1336 2001 1369 2028 ad
1397 2009 1440 2034 ea,
1458 2009 1521 2037 quae
1548 1999 1677 2028 Platonis
1692 2001 1787 2033 erant,

78 2044 252 2081 explicanda
276 2043 455 2072 adhibebant
478 2043 566 2071 verba
589 2041 764 2076 Aristotelis,
780 2042 820 2070 ita
840 2044 873 2070 ut
893 2042 1001 2071 mirum
1017 2043 1047 2072 in
1063 2045 1184 2073 modum
1208 2046 1308 2074 omnia
1331 2045 1408 2074 inter
1429 2054 1462 2074 se
1485 2048 1650 2082 permutata
1677 2044 1737 2073 sint
1759 2045 1790 2072 et

79 2099 226 2127 perversa.

115 2175 155 2246 l2;
171 2174 258 2239 5:23:
274 2173 418 2247 53:23::
433 2174 458 2244 ἐς
472 2174 487 2245 ἓ
499 2174 598 2245 ἓίςίι.

995 2176 1033 2211 (ο)
1047 2176 1134 2204 Psell.
1151 2176 1294 2213 Psyohog.
1311 2176 1331 2211 Ι,
1348 2176 1363 2213 §
1380 2177 1413 2204 12
1429 2183 1493 2212 sqq.

82 2315 1783 2332 Μ

712 2402 1162 2441 COMMENTARIUS

400 2516 469 2564 IN
501 2515 1002 2564 PSYCHOGONIAM
1036 2513 1468 2562 PLATONICAM.

478 2710 517 2739 A’.

1369 2706 1388 2734 Ι.

125 2766 158 2795 α’.
174 2765 213 2794 Τὸ
244 2765 292 2802 μὶν
321 2762 468 2802 λιγόμενόν
498 2762 580 2799 ἔστιν,
597 2762 638 2790 ὅτι
666 2761 697 2789 οὐ
723 2761 843 2798 μάτηνὴ
859 2762 896 2788 τῶ

1025 2783 1032 2789 .
1045 2760 1160 2788 Dictum
1172 2758 1290 2795 quidem
1301 2758 1357 2790 est,
1371 2764 1427 2784 non
1439 2757 1549 2784 temere
1557 2762 1574 2782 a
1582 2753 1666 2782 nobis
1677 2751 1794 2802 concin-

88 2810 184 2850 ιφιξῆς
199 2797 290 2848 Miami
318 2797 422 2847 ιῧριέις
449 2809 518 2845 ἡμῖν
549 2797 744 2845 μέμηχάνητάι
772 2807 821 2833 τοῦ
847 2815 859 2833 τ

1024 2814 1069 2836 ιω
1083 2812 1149 2834 esse
1163 2805 1311 2842 perpetua
1322 2802 1358 2830 de
1374 2801 1514 2830 relatione
1525 2799 1561 2828 ad
1573 2797 1684 2834 aliquid
1695 2797 1795 2832 dispu-
