1952 3054
140 125 217 156 1083

808 126 1016 157 MlCHAELIS
1039 128 1173 159 PSELLI

1769 128 1872 158 1084

137 191 230 219 olores
242 193 367 227 possunt
375 199 440 219 esse
452 192 556 219 animm
568 193 762 228 partes,quod
772 193 890 228 quidem
906 201 959 229 ap-

1062 203 1072 219 ν
1101 195 1191 230 μερῶν
1218 193 1313 228 αὐτῆς,
1330 193 1367 224 ὡς
1396 192 1469 220 ἔσται
1495 191 1580 227 δῆλον
1597 192 1622 220 ἐν
1639 191 1771 230 διαιρισει
1801 195 1871 220 τῶν

138 235 332 271 parebit,cum
345 236 476 264 confecta
486 237 541 264 erit
553 237 791 265 barmonicarum
803 239 963 274 proportio-

139 288 208 308 num
234 278 414 316 descriplio':
431 281 490 308 alia
513 282 640 316 denique
664 283 758 310 forma
772 283 836 318 ejus
856 285 920 316 est;
935 285 964 311 et

140 325 201 353 haec
214 326 314 353 omnia
327 325 404 353 inter
418 334 449 354 se
463 326 521 353 alia
533 326 599 354 aliis
615 327 726 354 insunt.
744 327 815 354 Nam
832 336 899 355 cum
914 336 963 355 su-

141 370 270 398 bstantia
294 370 515 398 multitudinem
540 374 606 406 apte
627 373 819 406 compositam
837 372 963 404 cohibet,

139 415 249 450 quippe
258 423 322 450 quae
331 423 384 443 nec
392 423 496 450 expers
506 415 707 443 multitudinis
716 417 820 450 sit,uec
829 416 964 444 multitu~

139 459 238 487 dinem
248 459 404 495 solam,sed
413 468 513 488 secum
520 460 616 496 ipsam
624 461 798 489 concordem
807 461 964 495 contineat,

139 505 203 531 tum
220 504 377 532 harmonia
391 507 419 532 et
435 505 500 540 ipsa
512 505 681 534 essentialis
697 508 752 539 est,
762 514 852 542 capax
869 514 966 533 essen-

139 548 186 576 tia;
197 550 226 576 et
241 549 364 576 formam
376 549 523 577 efﬁciens:
536 557 571 577 ex
586 558 644 586 qua
655 550 719 586 ipsa
734 550 963 584 demonstratur,

141 593 392 628 quemadmodum
409 595 459 620 aut
483 593 644 621 harmonia
665 595 877 630 temperatione
898 601 965 622 oon-

140 637 270 665 tineatur
285 637 384 665 anima
399 640 451 666 aut
466 646 523 665 non
534 638 728 666 contineatur.
740 638 871 666 Primum
885 639 964 666 enim

143 681 242 709 anima
256 682 286 709 in
310 682 469 710 essentiam
493 684 521 710 et
540 683 702 718 potentiam
726 685 755 710 et
777 683 964 711 efficientiam

139 726 274 759 discedit,
298 726 415 760 deinde,
432 729 466 754 ut
491 727 602 754 dictum
627 729 684 760 est,
699 727 728 754 in
754 727 964 761 substantiam,

140 770 325 798 harmoniam
333 772 361 798 et
369 771 493 799 formam
505 771 709 804 essentia,tum
721 780 788 799 vero
797 771 966 800 substantia

141 815 172 844 in
187 816 359 851 essentiam,
376 816 465 850 idem,
482 816 618 845 alterum.
632 818 727 853 Atque
753 817 814 845 hec
829 818 964 853 quaedam

141 859 226 895 quasi
242 860 346 888 divisio
358 860 464 889 anime
474 869 532 889 non
545 864 590 889 est
599 861 704 890 divisio
716 861 766 890 illa
779 862 964 898 quidem,sed

139 904 305 940 explicatio,
322 907 355 932 ut
371 913 433 941 quas
450 906 487 933 ab
503 906 608 933 animus
622 906 835 942 compositione
849 907 885 934 ad
901 907 965 942 ejus

139 949 246 985 ipsius,
263 950 342 985 quod
358 951 525 986 est,genera
539 950 687 986 simplicm
703 952 966 987 procedat.0uibus

141 1001 175 1021 ex
187 993 345 1029 generibus
361 995 435 1029 ejus,
452 995 530 1030 quod
548 997 602 1028 est,
620 995 747 1031 primum
761 996 878 1031 quidem
894 1004 965 1024 con-

141 1038 221 1066 sistit
234 1038 265 1066 in
282 1039 518 1075 intelligibilibus
533 1042 619 1075 atque
634 1040 836 1068 immobilibus
853 1041 964 1076 formis,

143 1082 267 1110 alterum
276 1083 305 1110 in
315 1083 434 1115 animis,
446 1083 476 1111 in
486 1083 657 1119 corporibus
663 1087 761 1112 autem
772 1087 964 1120 postremum.

142 1128 236 1160 Quare
260 1126 339 1156 Plato
365 1127 394 1155 in
421 1128 529 1156 Timeo
554 1136 606 1156 suo
632 1128 762 1164 primum
787 1129 919 1164 quidem,
935 1131 968 1157 ut

143 1172 238 1207 ipsius
249 1174 294 1200 est
318 1173 474 1207 sententia,
490 1172 554 1200 cmli
569 1173 711 1207 animam,
729 1182 816 1209 quam
833 1174 966 1202 eamdem

141 1217 271 1244 animam
287 1225 385 1245 rerum
415 1217 616 1245 universitatis
641 1217 780 1254 appellat,
797 1218 866 1246 eriri
882 1218 923 1246 ait
938 1218 967 1246 in

140 1260 237 1296 prima
251 1269 392 1297 generum
408 1261 545 1290 mislione
560 1262 646 1298 primi
663 1262 785 1290 crateris
802 1271 809 1290 :
826 1264 967 1291 craterem

141 1305 242 1333 dicens
252 1305 369 1333 vitalem
381 1305 462 1334 illam
473 1308 502 1334 et
512 1314 545 1334 su
551 1306 739 1335 bstantialem
751 1315 848 1335 rerum
856 1307 968 1343 opiﬁcis

141 1349 246 1378 animas
252 1350 296 1378 vel
303 1350 439 1378 animalis
449 1350 513 1379 vitea
522 1351 682 1387 potentiam
695 1362 702 1386 ;
715 1354 780 1379 tum
790 1360 857 1379 vero
867 1348 969 1380 buma-

142 1401 210 1420 nam
238 1401 354 1429 quoque
369 1395 500 1422 animam
522 1395 654 1429 generari
680 1395 818 1428 afﬁrmat,
833 1395 969 1423 videlicet

144 1437 248 1471 altera,
266 1440 297 1465 ut
310 1438 361 1472 ait,
378 1438 515 1466 mistione
531 1441 737 1475 (procreatam)
752 1448 786 1468 ex
801 1439 904 1468 iisdem
921 1448 967 1476 ge-

148 1482 279 1515 neribus,
302 1483 381 1518 quod
404 1485 458 1516 est,
475 1483 674 1512 inferioribus.
692 1484 751 1511 Hoc
775 1485 862 1512 modo
889 1485 967 1512 enim

143 1526 214 1554 dicit
231 1535 237 1554 :
255 1538 269 1552 ‹‹
286 1527 451 1562 iterumque
476 1527 505 1555 in
530 1530 666 1555 eumdem
689 1531 842 1562 craterem,
858 1529 888 1556 in
910 1537 968 1564 quo

143 1571 344 1599 universitatis
372 1572 501 1599 animam
528 1574 720 1608 temperatam
747 1573 968 1608 permiscuerat,
985 1566 1006 1598 C

142 1615 305 1650 superioris
315 1618 373 1643 tem
379 1616 536 1651 perationis
547 1616 687 1652 reliquias
699 1616 850 1645 miscendo
861 1617 970 1645 infudit

1018 238 1172 275 ἁρμονικῶν
1199 238 1289 276 λόγων
1312 238 1407 272 αὐτῆς.
1424 237 1473 265 Καὶ
1497 236 1568 265 ἄλλο
1593 238 1624 265 τὸ
1645 237 1716 268 εἶδος
1742 237 1844 273 αὐτῆς
1862 247 1870 253 ·

1018 282 1063 309 καὶ
1076 284 1164 310 πάντα
1178 285 1261 310 ταῦτα
1277 282 1302 310 ἐν
1318 281 1457 317 ἀλλήλοις
1473 282 1554 310 ἐστίν.
1570 283 1605 310 ’Ἠ
1630 292 1660 309 τι
1682 282 1732 320 γὰρ
1759 282 1869 320 ὕπαρ-

1019 326 1057 361 ξις
1072 325 1129 364 ἔχει
1147 327 1206 362 μεθ’
1222 328 1319 362 ἑαυτῆς
1348 327 1379 354 τὸ
1403 327 1580 364 ἡρμοσμένον
1606 325 1724 361 πλῆθος,
1742 326 1774 353 οὐ
1804 328 1867 363 γάρ

1019 371 1089 398 ἔστιν
1119 370 1304 406 ἁπλήθυντος,
1335 371 1397 399 οὐδέ
1421 382 1452 408 γε
1480 370 1589 406 πλῆθος
1619 371 1701 407 μόνον
1734 370 1868 408 ἔχουσα,

1019 415 1171 451 ἀνάρμονον
1199 414 1238 450 δὲ,
1254 416 1299 443 καὶ
1323 417 1340 450 ἡ
1357 416 1473 454 ἁρμονία
1501 414 1531 443 δὶ
1559 414 1695 450 οὐσιώδης
1723 415 1782 443 ἐπὶ
1811 415 1867 443 καὶ

1019 459 1097 495 αὕτη,
1138 461 1278 494 συνεκτική
1316 461 1362 488 καὶ
1405 459 1542 491 εἷ’δοποιὸς
1579 463 1630 494 τῆς
1671 459 1777 495 οὐσίας,
1812 460 1869 499 ἀφ’

1018 506 1051 538 ἧς
1079 504 1123 532 καὶ
1152 503 1297 541 δείκνυται,
1314 507 1373 536 πῶς
1403 505 1451 542 μὲν
1483 504 1554 532 ἐστιν
1583 504 1700 542 ἁρμονία
1723 505 1864 542 ἡψυχὴ,

1019 551 1078 580 πῶς
1105 547 1134 576 δὲ
1157 548 1199 577 οὕ.
1216 551 1255 584 (6)
1272 552 1420 586 Διαιρεῖται
1442 550 1494 586 γὰρ
1520 551 1537 584 ἡ
1553 549 1630 586 ψυχὴ
1660 551 1768 586 πρῶτον
1805 549 1864 585 μὲὟ

1020 593 1057 625 εἴς
1078 593 1168 621 οὐσίαν
1197 594 1242 621 καὶ
1265 592 1379 630 δύναμιν
1402 593 1447 620 καὶ
1473 593 1627 630 ἐνέργειαν·
1655 595 1672 628 ἡ
1703 591 1731 620 δὲ
1758 592 1862 627 οὐσία,

1019 639 1057 670 ὡς
1087 637 1203 676 εἴρηται,
1220 638 1259 670 εἷς
1288 638 1412 676 ὕπαρξιν,
1430 638 1562 676 ἁρμονίαν
1589 638 1635 666 καὶ
1663 636 1754 669 εῖδος·
1770 639 1790 672 ἡ
1828 636 1863 665 δὶ

1020 683 1132 719 ὕπαρεις
1167 683 1206 714 εἰς
1246 683 1349 718 οὐσίαν,
1376 683 1486 717 ταύτὸν,
1516 683 1639 721 θάτερον.
1669 682 1744 717 Αὕτη
1775 681 1810 710 δὶ
1839 683 1861 717 ἡ

1020 727 1136 755 δοκοῦσα
1166 726 1295 766 διαίρεσις
1322 731 1373 763 τῆς
1402 729 1495 765 ψυχῆς
1524 728 1576 755 οὐκ
1612 726 1669 754 ἔστι
1705 725 1860 763 διαίρισις,

1020 771 1093 800 ἀλλὰ
1107 771 1248 808 ἀνάλυσις,
1264 772 1302 803 ὡς
1318 772 1372 800 ἀπὸ
1395 771 1522 804 συνθέτου
1547 775 1597 807 τῆς
1626 774 1719 810 ψυχῆς
1748 771 1789 803 είς
1822 771 1862 798 τᾶ

1021 816 1094 845 ἁπλᾶ
1119 817 1183 854 γίνη
1212 818 1261 844 τοῦ
1298 814 1376 847 ὄντος
1404 818 1600 854 προχωροῦσα.
1630 818 1717 843 Ταῦτα
1741 814 1789 843 οὖν
1821 815 1860 843 τὰ

980 880 1004 913 Β
1020 862 1083 898 γένη
1098 863 1147 888 τοῦ
1176 859 1254 892 ὄντος
1277 861 1406 900 πρότερον
1433 861 1481 897 μιν
1508 860 1580 888 ἰστιν
1604 860 1631 888 ἰν
1652 863 1712 891 τοῖς
1738 862 1859 894 νοητοῖς

1055 905 1062 913 \
1095 905 1102 913 ς
1205 907 1217 913 -ο
1269 903 1294 913 νὴ
1383 903 1395 913 κ
1417 905 1425 913 Ι
1532 903 1555 913 ιι
1588 904 1596 913 9
1642 906 1648 913 I
1712 906 1724 911 ε
1766 902 1780 913 ιι

1018 905 1063 932 καὶ
1089 905 1230 940 ἆκινητοῖς
1255 903 1363 941 εἴδεσιν,
1381 903 1505 942 δεύτερον
1531 903 1560 932 δὲ
1586 904 1613 932 ἂν
1635 906 1748 942 ψυχαῖς,
1766 902 1858 941 ἔσχα-

1018 960 1064 978 τον
1084 949 1113 977 δὶ
1135 950 1160 977 ἐν
1184 950 1319 986 σώμασιν,
1337 949 1441 977 Γόνεσιν
1467 949 1512 977 οὗν
1535 950 1628 986 ψυχῆς
1654 949 1667 976 ὸ
1690 947 1810 976 Πλάτων
1826 946 1855 975 ἐν

1019 997 1058 1031 τῷ
1072 995 1181 1032 Τιμαίῳ
1196 997 1292 1033 πρῶτα
1308 995 1356 1031 μὶν
1370 997 1420 1029 τῆς
1438 996 1487 1022 τοῦ
1513 994 1628 1032 οὐρανοῦ
1652 992 1725 1030 λέγει
1755 995 1858 1030 ψυχῆς

1020 1040 1087 1067 κατὰ
1113 1040 1145 1067 τὸ
1175 1040 1270 1067 ἑαυτοῦ
1300 1038 1401 1076 δόγμα,
1431 1039 1465 1074 ἣν
1494 1039 1538 1066 καὶ
1567 1040 1616 1066 τοῦ
1645 1038 1746 1068 παντὸς
1778 1036 1857 1075 λέγει

1020 1085 1124 1121 ψυχὴν,
1158 1083 1185 1111 ἐν
1210 1086 1250 1120 τῷ
1279 1084 1382 1121 πρώτῳ
1412 1083 1529 1120 μίγματι
1559 1085 1612 1110 τῶν
1641 1084 1726 1120 γενῶν
1757 1081 1786 1109 ἂν
1816 1081 1860 1117 τῷ

1020 1130 1145 1167 κρατῆρι·
1162 1131 1285 1166 κρατῆρα
1314 1127 1402 1166 λέγων
1428 1129 1478 1162 τήν
1507 1127 1642 1165 ζωογόνον
1670 1126 1715 1154 καὶ
1731 1127 1858 1154 ὑποστα-

1020 1175 1101 1207 τικήν
1128 1176 1178 1207 τῆς
1201 1173 1327 1210 ψυχῆςῆ
1343 1174 1466 1210 ψυχικῆς
1494 1175 1567 1206 ζωῆς
1595 1173 1644 1199 τοῦ
1674 1172 1860 1209 Δημιουργοῦ

1023 1217 1158 1254 δύναμιν·
1189 1216 1313 1255 δεύτερον
1339 1215 1368 1244 δὶ
1392 1216 1436 1244 καὶ
1465 1217 1514 1251 τὴν
1549 1216 1718 1254 ἀνθρωπείαν
1757 1215 1857 1253 ψυχὴν

1022 1263 1144 1299 γενέσθαι
1160 1260 1244 1299 λάγει,
1261 1261 1287 1288 ἐν
1303 1263 1342 1297 τῷ
1369 1259 1457 1298 λέγειν
1482 1260 1509 1288 ἦν
1530 1263 1570 1296 τῷ
1592 1259 1708 1298 δευτέρῳ
1731 1260 1856 1298 κράματι

1023 1306 1052 1334 ix
1078 1309 1131 1334 τῶν
1162 1306 1249 1334 αὐτῶν
1280 1306 1327 1342 μὶν
1357 1307 1442 1343 γινῶν
1468 1307 1517 1332 τοῦ
1539 1302 1627 1341 ὄντος,
1642 1304 1795 1343 ὺφειμᾶνων
1812 1302 1854 1333 δέ.

1024 1350 1102 1388 Λέγει
1116 1350 1166 1388 γὰρ
1183 1349 1280 1381 οὕτως·
1293 1349 1339 1377 καὶ
1362 1349 1446 1377 πάλιν
1475 1349 1518 1377 επὶ
1547 1349 1595 1377 τὸν
1621 1348 1755 1387 πρότερον
1785 1358 1854 1386 κρα-

1022 1399 1103 1432 τῆρα,
1121 1394 1146 1422 ἐν
1163 1396 1186 1431 ᾦ
1203 1395 1252 1429 τήν
1273 1397 1321 1422 τοῦ
1346 1394 1446 1426 παντὸς
1470 1395 1564 1432 ψυχὴν
1589 1392 1685 1431 ἔμισγι
1711 1392 1854 1430 κιραννὺς,

1023 1440 1057 1467 τὰ
1070 1442 1124 1466 τῶν
1141 1438 1255 1471 πνόσθεν
1277 1438 1415 1466 ὑπόλοιπα
1443 1441 1586 1476 κπεχιῖτο
1612 1438 1718 1475 μίσγων
1746 1437 1853 1475 τρόπον

1026 1485 1073 1521 μὲν
1100 1494 1161 1511 τινα
1188 1483 1234 1510 τὸν
1264 1483 1344 1510 αὐτὸν
1375 1483 1497 1520 ἀκήρατα
1525 1481 1554 1510 δὲ
1582 1482 1671 1510 οὐκέτι
1701 1481 1814 1520 (λέγων)
1837 1485 1852 1516 1-

1026 1528 1172 1566 (·ἀκήρατα
1187 1526 1216 1554 δὲ
1246 1527 1334 1554 οὐκέτι
1364 1527 1462 1564 λὲγων,
1486 1527 1544 1554 ἀντὶ
1572 1529 1624 1554 τοῦ
1652 1525 1778 1562 ἅπροσπα
1806 1525 1852 1553 καὶ

1026 1572 1124 1606 ἀκλινῆ
1154 1572 1198 1599 καὶ
1228 1570 1397 1608 ἇμείλικτα·)
1427 1571 1499 1599 ἀλλὰ
1526 1572 1594 1609 πρὸς
1620 1571 1670 1605 τὴν
1699 1580 1853 1607 γενεσιουρ-

1022 1617 1098 1654 γικὸν
1112 1616 1278 1643 ἀπονεύοντα
1298 1615 1386 1654 φύσιν.

143 1659 232 1695 (Deus
247 1662 393 1696 summus)
408 1661 510 1688 eodem
534 1661 593 1688 fere
618 1662 702 1689 modo
725 1663 913 1698 temperatas,
929 1663 1055 1690 necdum
1079 1664 1178 1690 tamen
1203 1661 1332 1689 sinceras
1349 1671 1363 1685 »
1378 1661 1405 1696 («
1422 1661 1546 1688 necdum
1573 1662 1670 1688 tamen
1693 1659 1821 1688 sinceras
1839 1671 1849 1683 ι

143 1712 193 1732 eas
208 1703 370 1740 appellans,
387 1713 444 1733 non
458 1705 602 1734 informes
617 1706 787 1742 [difﬁciles],
813 1706 990 1742 immobiles,
1007 1706 1231 1743 implacabiles),
1256 1705 1307 1734 sed
1331 1706 1366 1733 ad
1392 1705 1567 1742 genetricem
1591 1706 1743 1741 vergentes
1769 1706 1852 1732 natu-

143 1757 206 1776 ram
212 1769 218 1776 .

178 1803 205 1830 5.
222 1802 300 1830 Talis
315 1803 375 1831 fere
391 1804 524 1832 universe
539 1807 567 1832 et
595 1804 795 1841 probabiliter,
812 1807 845 1832 ut
870 1805 971 1841 paucis

146 1855 206 1875 rem
222 1848 387 1883 expediam,
405 1848 534 1877 Platonis
550 1850 690 1877 definitur
715 1851 751 1878 de
775 1850 881 1878 animae
902 1859 970 1886 pro-

146 1893 293 1920 creatione
308 1893 452 1921 doctrina.
469 1894 523 1927 Qui
539 1902 605 1922 cum
623 1894 710 1922 talem
728 1894 833 1922 animis
850 1895 970 1931 permis-

147 1937 256 1965 tionem
272 1940 465 1973 temperatam
490 1946 555 1966 esse
567 1939 637 1966 dicit
652 1948 668 1966 a
683 1941 780 1967 mente
795 1939 846 1966 illa
861 1939 970 1974 divina,

148 1990 212 2017 quas
226 1981 354 2009 Alterius
371 1985 518 2015 naturam,
535 1991 551 2010 a
568 1983 713 2017 mistione,
733 1985 764 2010 ut
778 1983 828 2016 ait,
844 1984 970 2012 alienam

148 2026 305 2062 (siquidem
317 2029 422 2054 natura
434 2030 497 2062 ejus
509 2027 544 2055 ad
562 2027 789 2055 discernendum
800 2030 828 2055 et
839 2027 970 2056 dividen-

149 2070 220 2097 dum
237 2069 373 2105 proclivis
386 2073 431 2098 est
441 2071 476 2098 ab
488 2079 580 2106 eaque
591 2079 746 2106 processus
772 2071 812 2107 [et
822 2072 906 2107 quasi
922 2080 973 2107 per

150 2115 260 2150 gradus
273 2114 418 2149 quosdam
443 2115 641 2150 ascensiones]
657 2124 689 2144 ac
712 2115 973 2152 multiplicationes

150 2158 542 2195 proficiscuntur),adjuncta
553 2160 762 2195 essentia,cum
773 2161 881 2189 Eodem
893 2169 973 2189 com-

150 2203 295 2232 miscebat
309 2207 338 2232 et
361 2213 397 2233 ex
417 2205 512 2233 tribus
536 2206 642 2234 fecerat
666 2214 767 2240 unum,
782 2209 845 2235 tum
870 2216 973 2236 rursus

149 2248 246 2284 [quasi
260 2248 289 2276 in
305 2249 434 2285 scenam]
451 2249 564 2278 inducit
580 2250 633 2278 hoc
647 2253 753 2280 totum.
766 2252 871 2280 Totum
887 2251 972 2287 illud,

150 2293 229 2329 quod
245 2294 414 2322 mistionem
430 2295 561 2327 vocabat,
578 2295 607 2322 in
623 2304 667 2329 ea,
688 2304 752 2331 quas
776 2296 884 2332 decuit,
901 2305 973 2333 quo~

148 2344 213 2364 rum
230 2337 367 2373 quodque
383 2340 411 2365 et
435 2346 469 2366 ex
494 2338 595 2366 eodem
621 2341 650 2366 et
675 2338 765 2366 altero
790 2341 820 2367 et
844 2340 975 2368 essentia

149 2383 344 2417 temperatum
371 2384 442 2416 erat,
468 2383 601 2410 membra
624 2382 733 2412 divisit.
758 2395 768 2408 ι
787 2383 853 2411 Fuit
874 2387 974 2413 autem

149 2425 217 2453 talis
231 2425 281 2454 illa
298 2426 424 2461 partitio.
443 2429 536 2454 Unam
561 2427 704 2463 principio
721 2430 832 2464 partem
849 2429 976 2457 detraxit

149 2477 183 2497 ex
198 2471 260 2497 toto
277 2478 283 2497 ε
302 2471 463 2498 secundam
484 2475 583 2499 autem
600 2472 699 2507 prima:
717 2473 809 2507 partis
825 2473 947 2510 duplam
966 2482 973 2502 :

150 2513 254 2541 deinde
275 2515 407 2548 tertiam,
423 2524 487 2551 quas
514 2519 592 2544 esset
609 2517 743 2545 secundes
768 2519 974 2554 sesquialtera,

150 2558 251 2593 prima:
266 2558 353 2593 tripla
370 2567 376 2586 :
393 2559 499 2587 deinde
513 2562 660 2596 quartam,
677 2569 740 2596 quas
764 2563 900 2590 secundas
920 2563 975 2590 du-

1062 1806 1090 1831 ε’.
1108 1803 1230 1835 Καθόλου
1248 1803 1295 1839 μὶν
1314 1801 1359 1830 οὖν
1375 1802 1420 1830 καὶ
1436 1801 1592 1841 ἑμφατικῶς
1613 1802 1650 1833 ὡς
1671 1801 1696 1829 ἐν
1723 1801 1849 1839 βραχέσιν

1027 1847 1124 1881 ιίπεῖν,
1150 1848 1167 1882 ἡ
1196 1847 1309 1882 τοιαύτη
1352 1849 1401 1874 τοῦ
1427 1846 1574 1877 Πλάτωνός
1603 1845 1658 1873 ἐστι
1687 1845 1849 1883 ψυχογονία.

1025 1893 1156 1921 Τοιοῦτον
1185 1891 1229 1919 οὗν
1258 1892 1290 1918 τὸ
1315 1893 1407 1929 κρᾶμα
1434 1893 1484 1925 τῆς
1512 1892 1606 1928 ψυχῆς
1642 1889 1724 1917 ιίπὼν
1756 1900 1848 1927 συγκε-

1027 1938 1156 1975 ρασθῆναι
1183 1936 1256 1974 παρὰ
1275 1937 1323 1963 τοῦ
1348 1934 1518 1973 δημιουργοῦ
1545 1937 1603 1969 νοῦ,
1629 1934 1774 1972 μιγνύντος
1800 1935 1848 1968 τήν

1025 1983 1075 2009 τοῦ
1116 1981 1228 2019 θατέρου
1266 1980 1357 2019 φύσιν,
1388 1979 1548 2016 δύσμικτον,
1577 1978 1615 2010 ὥς
1651 1989 1743 2017 φησιν,
1772 1979 1849 2006 οὖσαν

1027 2024 1192 2063 (διακριτικὴ
1223 2025 1275 2063 γὰρ
1303 2024 1348 2051 καὶ
1379 2022 1528 2061 διαιρετικὴ
1557 2023 1602 2051 καὶ
1647 2021 1772 2060 προόδων
1805 2023 1848 2050 καὶ

1026 2069 1302 2106 πολλαπλασιασμῶν
1334 2069 1404 2096 ἐστιν
1428 2067 1503 2095 αἰτία
1526 2069 1544 2103 ἡ
1570 2068 1648 2107 φύσις
1676 2066 1782 2104 αὐτοῦ’)
1810 2069 1849 2103 τῷ

1027 2114 1116 2151 ταύτῷ
1147 2114 1215 2151 μετὰ
1236 2117 1286 2149 τῆς
1301 2113 1393 2145 οὐσίας
1408 2112 1454 2140 καὶ
1484 2112 1514 2140 ἐκ
1536 2114 1620 2149 τριῶν
1648 2112 1676 2139 ἓν
1705 2111 1850 2148 ποιησαμί-

1026 2169 1086 2194 νου,
1102 2158 1194 2196 ἐπάγει
1209 2157 1292 2186 πάλιν
1309 2157 1373 2186 ὅλον
1388 2159 1480 2186 τοῦτο,
1496 2156 1561 2185 ὅλον
1583 2156 1615 2184 τὸ
1641 2157 1732 2194 μίγμα
1756 2155 1847 2194 λέγων·

1030 2203 1127 2240 μοίρας
1157 2203 1220 2234 ὅσας
1249 2204 1373 2240 προσῆκι
1402 2200 1542 2238 διένειμεν,
1570 2200 1685 2236 ἑκάστην
1712 2199 1741 2228 δὲ
1768 2198 1797 2228 ἔκ
1820 2210 1848 2228 τε

1027 2247 1126 2275 ταύτοῦ
1167 2247 1214 2275 καὶ
1256 2247 1369 2285 θατέρου
1396 2247 1442 2274 καὶ
1466 2246 1516 2280 τῆς
1546 2244 1638 2276 οὐσίας
1670 2244 1846 2282 μεμιγμὶνην.

1027 2293 1148 2331 Ἥρχετο
1178 2291 1208 2320 δὶ
1235 2290 1348 2330 διαιρεῖν
1377 2289 1447 2318 ὦδε·
1471 2289 1534 2327 μίαν
1563 2290 1659 2328 ἀφεῖλε
1685 2290 1717 2318 τὸ
1746 2292 1846 2328 πρῶτον

1028 2337 1082 2364 ἀπὸ
1098 2337 1199 2368 παντὸς
1216 2339 1326 2374 μοῖραν,
1345 2335 1412 2373 μετὰ
1434 2333 1463 2362 δὶ
1486 2336 1570 2362 ταῦτα
1588 2334 1687 2373 ἀφῄρει
1709 2333 1845 2362 διπλασίαν

1027 2383 1140 2420 ταύτης,
1155 2384 1204 2417 τὴν
1231 2382 1260 2410 δὶ
1274 2383 1307 2410 αὗ
1320 2381 1416 2421 τρίτην
1430 2380 1563 2418 ἡμιολίαν
1582 2381 1630 2417 μὶν
1654 2384 1706 2416 τῆς
1721 2379 1848 2418 δευτέρας,

1029 2427 1193 2466 τριπλασίαν
1209 2426 1239 2455 δὶ
1252 2430 1303 2462 τῆς
1318 2427 1442 2466 πρώτης,
1458 2426 1589 2464 τετάρτην
1613 2424 1642 2453 δὶ
1664 2428 1715 2460 τῆς
1731 2423 1846 2463 δευτέρας

1028 2473 1160 2510 τριπλῆν,
1185 2474 1312 2510 πὲμπτην
1343 2470 1372 2499 δὶ
1400 2469 1518 2509 τριπλῆν
1546 2473 1596 2505 τῆς
1619 2469 1725 2506 τρίτης,
1753 2470 1801 2504 τὴν
1822 2468 1847 2496 δὶ

1029 2516 1109 2553 ἕκτην
1134 2521 1185 2552 τῆς
1210 2517 1323 2555 πρώτης
1351 2513 1549 2550 ὀκταπλασίαν,
1574 2512 1696 2552 ἑϐδόμην
1720 2512 1748 2542 δὶ
1775 2513 1847 2542 ἱπταη

1029 2559 1280 2590 καιεικοσιπϐασίαν
1295 2564 1345 2596 τῆς
1359 2560 1482 2596 πρώτης.

150 2603 198 2638 pla
213 2605 292 2630 esset
307 2611 313 2630 :
331 2603 475 2638 quintam,
492 2613 555 2640 qua!
571 2605 661 2633 tertiis
676 2606 765 2642 tripla
781 2615 788 2634 :
805 2610 867 2636 tum
885 2610 996 2637 sextam
1011 2608 1160 2645 octuplam
1181 2608 1296 2644 prima,
1311 2608 1460 2643 postremo
1481 2605 1649 2641 septimam,
1665 2613 1730 2641 quas
1744 2606 1846 2641 septem

150 2649 179 2674 et
193 2647 295 2684 viginti
311 2648 446 2684 partibus
466 2650 651 2679 antecederet
665 2650 775 2688 prima.
793 2663 808 2677 »

187 2746 225 2791 ςο)
242 2749 409 2791 ΠᾼΙιαιρςίται
453 2746 541 2791 γᾴρ..)

579 2750 774 2787 προχῳροῦσα,
821 2751 977 2787 Diuisione!
1030 2752 1172 2787 tanquam
1183 2750 1275 2787 invito
1285 2749 1610 2787 tributasesseceuset,
1620 2747 1648 2774 id
1655 2754 1714 2787 suo
1725 2747 1842 2787 quodam

153 2781 227 2810 istas
241 2783 285 2811 vel
302 2781 400 2820 potius
416 2781 614 2821 explicationes
628 2781 732 2813 dum
747 2785 773 2814 si
789 2786 854 2822 quis
863 2786 980 2816 Platoni
1030 2781 1101 2823 jure'
1108 2785 1205 2815 facere
1213 2786 1338 2815 videtur.
1353 2785 1483 2815 Profecto
1493 2783 1523 2812 in
1535 2783 1571 2812 iis
1586 2781 1643 2811 non
1655 2781 1844 2812 Plalo‘nismus
