1950 3050
95 131 180 162 1086

654 132 694 162 IN
717 132 1024 164 PSYGHOGONIAM
1048 133 1251 164 PLATONIS.

1732 130 1811 162 1086

135 200 167 228 ς’.
183 196 257 231 Αὕτη
272 199 337 234 γοῦν
353 198 370 232 ἢ
387 196 425 228 sic
439 197 474 225 τὰ
490 196 575 234 μείζω
589 196 721 235 διαίρεσις
743 201 793 233 τῆς
821 199 912 236 ψυχῆς

1019 199 1144 235 6.Atque
1159 199 1220 227 hac
1234 199 1354 235 quidem
1371 199 1476 228 anima
1491 201 1536 227 est
1550 199 1580 226 in
1597 197 1726 234 amplius
1741 206 1810 234 par-

95 240 233 279 Διῄρηται
248 241 298 278 γὰρ
314 241 386 269 οὕτω
408 242 467 269 κατ’
482 242 597 280 ἀριθμὸν
628 241 750 277 οὖσιώδη
782 242 820 274 εἰς
846 242 927 280 ὅρους

95 285 176 312 trra"
193 286 226 314 α’.
245 286 277 323 β’.
299 286 332 323 γ’.
360 285 390 314 δ’.
415 287 446 314 0'.
477 287 512 321 η’.
543 287 593 320 κζ’,
619 285 717 324 λόγους
743 285 771 314 8‘s
798 286 927 318 ὡσαύτως

92 332 154 358 τῶν
184 329 363 367 ἆπικειμάνων
389 331 459 368 ὅρων
480 329 544 358 ’ἵνα
575 331 622 367 μὲν
652 332 697 358 τὸν
724 335 773 366 τῆς
803 330 928 367 δευτέρας

94 377 167 411 πρὸς
183 376 232 409 τὴν
247 375 369 412 πρώτην,
386 374 435 402 δύο
451 374 479 402 δὲ
493 379 543 409 τῆς
571 375 666 413 τρίτης
694 380 762 413 πρὸς
791 377 841 410 τήν
871 375 927 403 ’δευ-

92 418 176 456 τὲρκν
204 419 248 446 καὶ
272 420 323 454 τήν
353 420 478 457 πρώτην,
494 418 541 447 ἕνα
569 418 597 447 δὲ
623 422 673 452 τῆς
699 420 831 457 τετάρτης
859 421 927 457 πρὸς

92 464 147 498 τήν
163 462 298 501 διυτὲραν,
313 464 357 491 καὶ
372 462 419 491 ἕνα
437 468 489 499 τῆς
509 464 637 500 πέμπτης
661 465 729 502 πρὸς
744 466 793 499 τήν
817 465 925 501 τρίτην,

94 508 143 535 καὶ
166 506 214 535 δύο
240 509 289 542 τῆς
314 506 395 543 ἓκτῆς
419 508 464 536 καὶ
485 512 535 540 τῆς
553 506 675 545 ἑϐδόμης
700 509 768 546 πρὸς
783 510 833 543 τήν
849 509 924 547 πρώ-

91 562 158 588 την·
176 553 213 584 ὡς
239 553 304 580 εἶναι
331 553 380 587 τὴν
407 554 501 591 ψυχὴν
524 552 670 588 ἓπταδικήν
689 555 728 590 (7)
750 552 818 581 κατᾶ
841 564 870 581 τι
893 553 926 581 τὰ

983 243 1058 272 titio.
1075 245 1134 271 Hoc
1145 244 1232 272 modo
1243 243 1321 272 enim
1335 252 1387 279 per
1407 252 1562 272 numerum
1583 242 1809 271 substantialem

983 287 1013 315 in
1029 287 1084 315 hoc
1098 289 1209 323 septem
1232 287 1376 315 terminos
1400 288 1495 316 divisa
1518 290 1586 316 est:
1603 288 1625 322 Ι,
1643 287 1678 320 II,
1697 287 1746 321 III,
1762 286 1810 321 IV,

983 333 1033 366 IX,
1051 332 1122 364 VIII,
1138 332 1253 365 XXVII,
1270 332 1506 368 similiterquein
1520 331 1691 367 eorum,qui
1703 339 1809 367 propo-

982 377 1029 404 siti
1047 379 1125 410 sunt,
1143 377 1336 405 terminorum
1356 377 1484 405 rationes
1508 377 1584 411 (has)
1602 385 1609 404 :
1627 384 1728 409 unam,
1745 383 1809 410 que

982 423 1117 449 secunde:
1144 421 1237 457 partis
1262 421 1334 449 ratio
1361 424 1406 449 est
1428 422 1464 449 ad
1488 422 1625 457 primam,
1642 421 1728 453 duas,
1745 427 1810 455 quas

982 466 1074 493 tertiae
1089 466 1205 501 (partis)
1229 468 1300 494 sunt
1315 466 1351 493 ad
1381 466 1541 494 secundam
1567 467 1595 494 et
1610 466 1647 493 ad
1672 465 1810 500 primam,

981 518 1083 545 unam,
1100 519 1164 546 que
1176 513 1290 546 quartae
1302 511 1337 537 ad
1358 510 1530 546 secundam,
1547 518 1636 537 unam
1648 510 1755 546 quintae
1772 509 1809 537 ad

980 555 1109 588 tertiam,
1126 556 1270 590 duasque,
1284 563 1350 589 qua
1365 557 1451 582 sectae
1466 557 1494 582 et
1510 555 1642 591 septima
1659 553 1811 591 (partium)

681 661 705 688 α’
773 661 795 697 β’
856 665 890 697 γ’·
940 661 962 689 δ’
1034 661 1055 698 0f
1108 661 1137 699 η’⁶
1189 661 1229 696 κζ’

776 801 795 823 .1.
862 800 881 821 ᾗ,
953 796 970 820 ,ι

95 1021 167 1059 μέρη
191 1022 237 1050 καὶ
261 1022 325 1054 τοὺς
348 1025 402 1050 τῶν
435 1025 524 1061 μορῶν
541 1024 609 1060 πρὸς
626 1022 738 1059 ἄλληλα
755 1023 868 1061 λόγους,
884 1033 912 1050 κο

1009 1024 1020 1052 i
1036 1025 1163 1061 primam
1179 1026 1333 1064 (rationes)
1348 1027 1541 1056 sunt.Anlma
1555 1027 1655 1064 igitur,
1672 1028 1696 1056 si
1709 1030 1807 1064 partes

96 1064 266 1103 συμϐαίνιιν,
303 1067 404 1102 ταύτην
441 1068 580 1107 ἑπταμερῆ
616 1068 661 1096 καὶ
694 1068 845 1106 ὶπτάλογον
880 1069 925 1097 καὶ

96 1110 268 1139 ὔπτάκυκλον
299 1112 377 1140 εἶναι.
407 1112 527 1144 Κύκλοις
563 1113 614 1151 γὰρ
652 1112 769 1141 ἆοίκασιν
799 1114 824 1141 οἱ
852 1115 926 1151 τριῖς

96 1155 286 1195 ἆπιτρεπτικοὶ
316 1157 352 1188 ὡς
380 1156 515 1195 τριαδικοὶ
541 1158 555 1186 ὁ
579 1159 613 1196 γ’,
630 1158 644 1186 ὁ
669 1158 702 1192 θ’,
717 1158 732 1186 ὁ
755 1160 805 1194 κζ,
825 1159 870 1186 καὶ
900 1159 926 1186 ol

98 1199 148 1228 δύο
173 1200 260 1233 ἰσάκις
286 1201 339 1230 ἴσοι
364 1203 377 1229 ὸ
403 1201 424 1229 δ’
439 1202 483 1230 καὶ
508 1203 522 1230 ὁ
544 1203 577 1237 θ’,
592 1203 638 1230 καὶ
663 1204 688 1230 οἱ
704 1202 752 1231 δύο
770 1203 857 1235 ίσδίκις
872 1203 925 1231 iam

98 1245 189 1277 ἰσάκις
205 1246 219 1273 ὁ
234 1247 260 1281 η’
284 1245 328 1274 καὶ
359 1247 417 1281 κζ’·
435 1246 521 1278 οὕτως
547 1246 594 1274 οὖν
621 1248 665 1275 καὶ
692 1247 879 1280 ἔπτάκυκλος·
907 1249 924 1283 ἡ

95 1289 150 1328 γὰρ
167 1291 252 1327 μονάς
267 1290 337 1318 ἔστιν
355 1291 368 1318 ὁ
385 1289 555 1329 δημιουρ-[ὸς
577 1293 649 1328 νοῦς,
666 1293 683 1327 ἡ
701 1291 730 1320 δὶ
754 1294 830 1330 ψυχὴ
856 1293 926 1332 πρό-

95 1344 178 1372 τερον
208 1334 261 1362 ἀπὸ
283 1337 331 1363 τοῦ
350 1337 398 1363 νοῦ
421 1338 565 1374 προϊοῦσα,
582 1334 734 1373 ίϐδομᾶδος
759 1335 818 1375 ἔχει
843 1336 925 1375 λόγον

100 1379 171 1417 πρὸς
198 1379 278 1407 αὐτόν
293 1389 299 1397 ·
316 1381 434 1418 πατρική
463 1381 513 1419 γὰρ
537 1381 582 1408 καὶ
607 1381 722 1419 ἀμήτωρ
747 1383 764 1416 ὴ
795 1379 925 1419 ὶϐδομάς.

100 1423 193 1452 Ἀλλὰ
220 1425 272 1462 γὰρ
302 1422 423 1458 λεκτέον,
439 1425 461 1452 el
489 1426 533 1452 καὶ
558 1423 840 1464 παρικϐατικώτιρον,
868 1427 927 1454 τίνα

102 1469 154 1503 τὴν
170 1468 309 1506 ὶκφάνιιαν
327 1470 341 1497 ὁ
359 1470 490 1508 μιρισμὸς
504 1473 553 1505 τῆς
569 1471 662 1508 ψυχῆς
679 1470 717 1502 είς
736 1472 782 1498 τὸν
804 1469 925 1507 οὗσιώδη

98 1512 217 1551 ἀριθμὸν
245 1514 365 1552 γεγονὼς
392 1514 477 1553 φέρει,
506 1515 551 1542 καὶ
579 1514 654 1546 ὅπως
678 1516 706 1542 αἱ
735 1516 802 1544 ἑπτὰ
832 1520 927 1555 μοῖραι

97 1557 199 1585 τούτου
212 1559 263 1594 τήν
275 1558 421 1586 ὑπόστασιν
436 1558 548 1597 ἔλαχον.

982 1069 1048 1105 ejus
1065 1069 1252 1106 partiumque
1267 1070 1346 1099 inter
1360 1079 1391 1099 se
1420 1072 1638 1108 proportionem
1654 1080 1807 1108 compara-

982 1113 1152 1150 tionemque
1172 1117 1350 1150 spectamus,
1368 1116 1533 1152 septenario
1547 1119 1602 1151 est,
1617 1117 1807 1153 sequiturque

983 1161 1014 1186 ut
1029 1159 1209 1195 septifariam
1225 1162 1253 1187 et
1267 1160 1362 1188 divisa
1375 1163 1404 1188 et
1428 1161 1577 1197 descripta
1601 1161 1765 1190 rationibus
1779 1163 1808 1189 et

982 1203 1145 1232 orbiculata
1158 1204 1205 1232 sit.
1222 1204 1350 1233 Orbibus
1361 1205 1438 1233 enim
1465 1205 1537 1240 (sive
1548 1205 1677 1242 circulis)
1693 1206 1806 1234 similes

981 1251 1052 1276 sunt
1067 1251 1125 1277 tres
1141 1248 1182 1276 illi
1198 1248 1286 1276 veluti
1298 1249 1446 1285 principes
1458 1250 1505 1286 (ad
1516 1252 1591 1278 retro
1598 1251 1805 1279 reﬂectendum

982 1293 1059 1329 facti)
1076 1294 1191 1321 numeri
1215 1293 1346 1330 triplices
1362 1295 1410 1326 III.
1427 1294 1477 1330 IX,
1494 1294 1605 1329 XXVII,
1631 1296 1748 1332 duoque
1762 1295 1805 1323 illi

981 1337 1130 1374 aqualiter
1150 1338 1279 1374 aequales
1294 1338 1329 1366 IV
1344 1340 1373 1366 et
1388 1339 1437 1374 IX,
1454 1347 1487 1366 ac
1503 1339 1561 1367 duo
1585 1339 1628 1366 illi
1653 1339 1806 1376 aequaliter

981 1382 1109 1418 mquales
1134 1382 1286 1418 mqualiter
1308 1382 1371 1410 VIII
1387 1385 1416 1411 et
1430 1383 1546 1411 XXVII.
1572 1384 1666 1415 Quare
1691 1386 1804 1420 septem

982 1436 1098 1464 quoque
1113 1427 1232 1456 circulis
1246 1427 1385 1455 conclusa
1399 1431 1453 1456 est.
1471 1428 1574 1457 Unitas
1600 1429 1678 1456 enim
1694 1431 1739 1457 est
1755 1429 1806 1457 illa

982 1480 1080 1501 rerum
1095 1472 1223 1500 effectrix
1236 1472 1320 1499 ratio.
1333 1472 1439 1500 Anima
1455 1475 1564 1506 autem,
1582 1476 1648 1501 ante
1665 1482 1681 1501 a
1695 1473 1807 1501 ratione

983 1517 1120 1553 profecta,
1138 1516 1334 1552 septenariam
1360 1516 1503 1544 rationem
1529 1525 1595 1544 cum
1621 1517 1673 1544 illa
1695 1517 1807 1545 habet:

981 1561 1167 1598 septenarius
1175 1560 1252 1588 enim
1269 1568 1410 1588 numerus
1421 1563 1450 1588 et
1466 1561 1637 1596 procreandi
1647 1564 1751 1596 potens
1766 1563 1812 1589 est

102 1610 198 1639 neque
214 1605 307 1631 matre
321 1604 423 1632 utitur.
439 1605 548 1632 Verum
564 1604 642 1632 enim
657 1613 736 1641 vero,
753 1607 888 1642 quamvis
904 1608 1030 1637 breviter
1045 1608 1073 1634 et
1088 1605 1172 1641 quasi
1188 1604 1390 1640 pratereundo
1417 1613 1475 1632 rem
1501 1605 1709 1640 transigentes,
1726 1613 1811 1633 enar-

102 1647 229 1675 randum
245 1648 442 1685 suscepimus,
458 1657 547 1684 quam
565 1649 691 1685 speciem
708 1650 744 1678 ad
768 1651 912 1681 rationem
934 1649 1141 1681 substantialis
1164 1648 1278 1677 numeri
1303 1649 1409 1676 factam
1433 1649 1551 1685 partitio
1575 1649 1679 1677 animae
1706 1657 1763 1686 pre
1779 1656 1811 1677 se

101 1692 187 1725 ferat,
203 1695 231 1720 et
244 1693 391 1728 quomodo
403 1696 513 1730 septem
529 1694 594 1730 ejus
609 1696 707 1730 partes
720 1696 873 1724 veritatem
889 1696 1079 1726 obtinuerint.

140 1735 170 1770 ζ’.
187 1736 218 1764 Ἦ
243 1737 290 1773 μὲν
321 1736 354 1772 δὴ
381 1737 477 1776 πρώτη
507 1740 590 1776 μοῖρα
615 1738 646 1765 τὸ
674 1738 843 1776 νοερώτατόν
875 1740 930 1768 tm

101 1779 148 1807 καὶ
169 1780 318 1817 ἀκρότατον
343 1785 394 1817 τῆς
418 1783 525 1820 ψυχῆς,
542 1782 618 1818 αὖτῷ
648 1785 689 1818 τῷ
719 1783 870 1821 ὑπερουσίῳ
893 1784 930 1812 ἑνὶ

1019 1739 1149 1768 7.Prima
1159 1738 1293 1774 igitur,in
1303 1746 1361 1774 qua
1370 1738 1474 1766 animas
1484 1739 1570 1774 quasi
1579 1747 1696 1767 summa
1705 1737 1804 1766 censis

985 1785 1031 1816 tit,
1049 1784 1177 1812 maxime
1192 1781 1375 1818 intelligendi
1389 1782 1417 1809 vi
1434 1782 1565 1818 praedita,
1582 1791 1645 1810 cum
1665 1783 1812 1810 eminente

106 1825 278 1853 συνάπτουσα
305 1825 351 1854 καὶ
379 1825 414 1863 τῇ
442 1826 552 1864 ὑπάρξιι
576 1830 626 1862 τῆς
656 1826 725 1862 ὅλης
754 1827 847 1859 οὐσίας
865 1838 871 1845 ι
889 1828 912 1856 δι

1011 1828 1038 1857 lo
1054 1836 1144 1864 supra
1156 1829 1305 1854 naturam.
1331 1825 1394 1854 Uno
1421 1827 1645 1862 substantiaquc
1669 1827 1811 1854 universaa

104 1869 150 1897 καὶ
178 1869 226 1906 μία
249 1870 477 1908 προσαγοριύεται
498 1871 536 1903 ὡς
555 1870 687 1906 ἓνοιιδής⁶
703 1872 749 1898 καὶ
773 1872 787 1900 ὁ
816 1873 912 1911 ἀριθμὸ

1009 1872 1124 1901 ssentiaa
1139 1871 1297 1906 conjuncta
1313 1872 1461 1906 est,quare
1478 1879 1537 1898 una
1551 1871 1651 1904 etiam,
1668 1873 1768 1906 utpote
1783 1871 1812 1898 in

105 1913 190 1949 αὐτῆς
217 1914 285 1942 κατὰ
309 1915 341 1942 τὸ
365 1914 474 1950 πλῆθος
501 1915 594 1943 δνώσει
619 1915 773 1953 κατέχεται,
794 1917 840 1944 καὶ
862 1916 933 1945 ἔστιν

106 1959 241 1998 ἀνάλογον
260 1962 295 1997 τῇ
322 1959 396 1997 αἰτίᾳ
416 1959 462 1988 καὶ
486 1963 525 1996 τῷ
549 1961 653 1998 κέντρῳ
668 1964 717 1996 τῆς
732 1962 824 2000 ψυχῆς
837 1972 844 1979 ’
866 1963 934 1990 κατὰ

103 2003 206 2040 ταύτην
234 2005 287 2043 γὰρ
314 2005 360 2032 καὶ
389 2005 584 2043 ἀνικφοίτητός
610 2004 665 2033 ἐστι
684 2007 739 2033 τῶν
756 2004 841 2035 ὅλων.
856 2007 889 2035 Ἦ
905 2005 933 2035 δὶ

104 2046 215 2087 διυτέρα
238 2048 476 2085 πολλαπλασιάζει
500 2051 550 2085 τὴν
576 2050 630 2088 πρὸ
653 2050 739 2085 αὐτῆς
763 2054 934 2089 γεννητικαῖς

104 2091 246 2131 προόδοις,
273 2093 305 2125 ἃς
331 2095 349 2129 ἡ
379 2092 443 2125 δυὰς
477 2092 652 2129 ἐνδείκνυται,
679 2093 724 2122 καὶ
758 2096 845 2126 πάσας
884 2095 931 2127 τὰς

105 2137 244 2177 προόδους
260 2138 380 2178 ἐκφαίνει
394 2140 444 2174 τῆς
471 2138 573 2170 οὐσίας·
591 2137 633 2167 διὸ
659 2139 705 2166 καὶ
734 2137 865 2167 διπλασία
890 2139 933 2168 λί-

104 2193 180 2221 γεται
207 2187 257 2219 τῆς
286 2182 410 2222 πρώτης,
428 2183 465 2215 ὡς
489 2184 508 2219 ή
540 2183 698 2221 μιμουμένη
727 2185 777 2219 τὴν
806 2184 930 2223 ἀόριστον

106 2226 190 2256 δυάδα
203 2229 248 2256 καὶ
273 2229 323 2264 τὴν
344 2228 466 2266 ἀπιιρίαν
478 2229 528 2263 τήν
541 2230 654 2265 νοητήν.
671 2229 702 2258 Ἦ
727 2227 757 2257 δὶ
780 2229 858 2267 τρίτη
883 2232 933 2257 πᾶ-

106 2282 153 2299 σαν
183 2273 268 2308 αὐτὴν
293 2273 445 2313 ἰπιοτρὲφει
476 2273 559 2302 πάλιν
598 2273 636 2305 οἷς
673 2274 724 2309 τὴν
758 2273 860 2312 ἀρχὴν,
886 2274 932 2302 καὶ

106 2316 161 2345 In:
176 2318 208 2345 τὸ
221 2317 313 2356 τρίτον
339 2319 426 2354 αὐτῆς
440 2319 471 2347 τὸ
487 2317 712 2356 συνελισσόμονον
742 2318 779 2350 εἷς
807 2319 855 2350 τὰς
883 2318 931 2357 ἆρ-

106 2362 171 2399 χάς·
187 2361 202 2389 ὃ
227 2360 261 2397 δὴ
289 2365 425 2400 μετρεῖται
448 2363 495 2400 μὲν
525 2363 576 2391 ὑπὸ
603 2365 654 2396 τῆς
681 2363 793 2402 πρώτης
823 2363 932 2402 μοίρας,

104 2406 143 2437 ὡς
172 2406 293 2437 ινώσιως
317 2407 362 2434 ἀπ’
389 2406 474 2442 αὐτῆς
503 2406 718 2444 πληρούμινον·
748 2408 930 2446 μιρικώτιρον

105 2449 135 2478 δὶ
163 2450 323 2478 συνάπτεται
349 2451 418 2490 πρὸς
445 2451 495 2486 τήν
525 2449 671 2489 δευτέρανθ
700 2451 746 2478 καὶ
775 2450 820 2479 διὰ
850 2453 931 2480 τοῦτο

104 2494 212 2533 λὲγιται
239 2494 388 2533 τριπλασία
418 2495 465 2532 μὶν
489 2494 606 2532 ἐκείνης,
622 2494 742 2532 ἡμιολία
765 2494 794 2523 δὲ
818 2495 930 2531 ταύτης,

988 1917 1114 1954 simplici
1132 1915 1228 1951 specie
1244 1915 1349 1950 posita,
1370 1915 1546 1950 appellatur.
1565 1915 1712 1943 Numerus
1736 1915 1811 1951 ejus,

988 1962 1012 1991 si
1029 1962 1064 1990 ad
1079 1960 1300 1989 multitudinem
1317 1962 1496 1995 spectamus,
1514 1959 1621 1987 unione
1633 1960 1810 1991 continetur,

987 2009 1130 2043 aptusque
1141 2007 1170 2033 et
1185 2003 1424 2032 accommodatus
1439 2006 1485 2031 est
1499 2004 1535 2032 ad
1547 2012 1664 2032 causam
1676 2007 1705 2032 et
1716 2003 1812 2031 umbi-

985 2051 1076 2079 licum
1087 2050 1203 2083 animos,
1219 2049 1248 2076 in
1262 2057 1321 2085 qua
1336 2048 1438 2076 ﬁrmus
1449 2051 1494 2077 est
1506 2057 1601 2085 neque
1612 2048 1673 2076 ulla
1689 2048 1811 2084 propin—

987 2097 1099 2132 quitate
1123 2103 1190 2123 cum
1216 2094 1264 2129 iis,
1279 2102 1344 2129 quae
1365 2093 1502 2121 universa
1526 2095 1606 2127 sunt,
1623 2094 1811 2129 coniunctus.

985 2140 1119 2170 Secunda
1144 2140 1242 2166 autem
1259 2146 1327 2174 pars
1342 2145 1417 2172 eam,
1434 2146 1497 2174 quas
1513 2138 1644 2174 proxime
1657 2137 1812 2170 antecedit,

985 2184 1163 2220 genitalibus
1179 2181 1357 2218 multiplicat
1372 2182 1588 2218 progressibus,
1605 2190 1680 2218 quos
1696 2182 1813 2210 exhibet

986 2229 1123 2257 dualilas.
1139 2229 1168 2256 et
1191 2235 1293 2255 omnes
1318 2227 1428 2262 profert
1452 2227 1586 2255 assentire
1612 2235 1786 2263 progressus
1805 2235 1811 2254 :

987 2281 1076 2310 quam
1088 2273 1182 2308 ipsam
1191 2271 1228 2299 ob
1239 2279 1300 2299 rem
1315 2271 1415 2307 primae
1428 2271 1521 2307 partis
1533 2270 1624 2307 dupla
1635 2270 1810 2307 appellatur,

987 2320 1087 2354 utpote
1102 2316 1247 2344 infinitam
1261 2315 1435 2343 dualitatem
1451 2317 1480 2343 et
1495 2315 1691 2343 inﬂnitionem
1706 2315 1814 2343 intelli-

986 2362 1104 2399 gibilem
1121 2361 1247 2388 imitata.
1274 2359 1357 2387 Illam
1380 2367 1448 2387 vero
1461 2362 1553 2388 totam
1570 2360 1606 2387 ad
1633 2359 1811 2396 principium

986 2409 1063 2435 retro
1079 2405 1202 2434 reﬂectit
1213 2404 1300 2432 tertia
1320 2412 1398 2440 pars,
1415 2405 1500 2439 cujus
1516 2404 1552 2432 ad
1574 2404 1718 2440 principia
1741 2412 1811 2432 con-

986 2451 1104 2479 volutus
1119 2452 1164 2478 est
1173 2449 1276 2483 triens,
1293 2449 1342 2484 qui
1352 2449 1470 2482 scilicet,
1487 2451 1587 2484 utpote
1602 2448 1811 2477 adunationem

986 2499 1091 2524 nactus
1102 2504 1118 2523 s
1130 2494 1224 2530 prima
1235 2495 1330 2529 parte,
1346 2493 1380 2520 ad
1392 2493 1456 2528 ejus
1475 2501 1643 2521 mensuram
1660 2493 1787 2529 exigitur
1802 2502 1809 2521 :

105 2539 131 2575 ἐξ
155 2539 284 2576 ἡμισείας
313 2540 361 2577 μὲν
390 2540 441 2568 ὑπὸ
464 2543 514 2575 τῆς
540 2538 664 2576 δευτέρας
679 2540 873 2577 συνεχόμενον,
890 2541 912 2567 ὡ

1009 2540 1097 2576 ιΙὶῳιει
1121 2543 1216 2567 autem
1233 2537 1328 2574 portio
1344 2537 1379 2564 ad
1396 2538 1557 2565 secundam
1574 2538 1695 2565 accedit.
1710 2537 1810 2574 Tripla

103 2583 133 2611 ἂν
167 2583 238 2622 μηδὲ
258 2585 308 2619 τὴν
335 2583 395 2620 ἱ¹σην
427 2583 538 2622 δύναμιν
569 2583 700 2623 ὖχοῦσης,
716 2584 816 2616 τιλὲως
832 2583 861 2612 δὲ
877 2585 928 2612 ὑπὸ

102 2631 153 2664 τῆς
179 2629 302 2667 πρώτης.
318 2629 349 2658 Ἦ
373 2627 396 2657 δ’
411 2629 443 2658 αὗ
465 2629 579 2668 τιτάρτη
605 2632 689 2669 μοῖρα
711 2629 756 2658 καὶ
771 2630 789 2665 ἡ
805 2628 928 2667 πίμπτη,

101 2721 245 2756 cernitur,
262 2721 314 2757 sed
329 2720 599 2757 Neoplatonismus.
615 2720 716 2757 Neque
733 2720 813 2757 enim
838 2719 869 2748 in
882 2720 931 2757 bis

111 2757 200 2786 rebus
211 2755 400 2799 explicandis
407 2755 521 2785 Psellus
536 2757 607 2793 quid
623 2755 686 2821 iﬁse
700 2755 933 2792 sentiat,pro{slt

114 2793 152 2821 lle
167 2792 298 2821 quidem.
314 2793 365 2821 sed
382 2794 462 2821 totus
476 2800 494 2821 ο
507 2791 607 2821 Proclo
621 2792 632 2821 l
655 2801 672 2821 ο
687 2792 758 2821 stat.
774 2790 895 2821 Linus.

101 2793 152 2823 ille
167 2790 298 2830 quidem,
314 2793 365 2822 sed
382 2794 462 2821 totus
476 2800 494 2821 ο
507 2790 607 2822 Proclo
621 2790 672 2822 IIIo
687 2792 758 2822 stet.
774 2790 895 2822 Lirinus.

984 2585 1075 2621 igitur
1097 2583 1185 2618 illius,
1210 2582 1299 2618 hujus
1321 2581 1514 2618 sesquialtera
1539 2582 1714 2618 appellatur,
1731 2591 1747 2610 a
1762 2591 1809 2611 se-

985 2629 1084 2658 cunda
1097 2628 1254 2664 enlm,qna
1266 2626 1327 2662 pari
1339 2629 1483 2662 potestate
1498 2635 1556 2655 non
1572 2627 1620 2662 sit,
1637 2635 1671 2656 ex
1685 2627 1809 2656 dimidio

1023 2720 1062 2756 (7)
1077 2715 1253 2756 ’Ema8_tw4y.
1271 2716 1335 2744 Haec
1349 2717 1447 2756 vox__in
1467 2716 1548 2756 nullo
1563 2719 1673 2756 prece
1699 2716 1807 2756 lingua

986 2751 1091 2791 map,
1105 2754 1183 2791 quod
1198 2753 1301 2785 sciam,
1316 2752 1479 2791 reperitur,_
1494 2753 1544 2791 sed
1561 2753 1590 2780 in
1604 2751 1733 2791 ΔΙδοιιιιοιι.
1749 2751 1806 2780 lex.

985 2793 1039 2822 tot.
1055 2788 1122 2820 Lat:
1132 2788 1190 2819 sub
1205 2795 1273 2818 voce
1286 2789 1461 2824 septenarius
1473 2788 1588 2824 legitur.
1603 2788 1723 2816 Lmen.
