1952 3052
143 120 222 150 108⁵7

829 122 1042 153 MIGHAELIS
1064 122 1201 153 PSELLl

1778 119 1854 149 1088

143 184 413 221 comprehenditur,
429 185 556 221 perfecte
579 188 678 215 autem
693 195 710 215 a
724 187 830 224 prima.
857 188 968 220 Quarta

1064 187 1123 214 ιπὸν
1150 185 1227 217 ἰδίως
1254 184 1409 223 προστάτην
1445 185 1528 220 αὐτὴν
1569 184 1764 223 ἀποφαίνουσα
1806 186 1856 210 τῶν

144 237 214 265 pars
230 238 316 266 porro
331 232 360 258 et
384 230 488 265 quinta
503 239 534 259 se
550 231 645 268 ipsam
672 234 797 268 utraque
818 233 972 268 praesidem

146 276 317 302 ceterarum
329 273 548 312 (posteriorum)
559 276 678 312 praebet;
690 285 790 305 eorum
803 277 973 312 enim,qute,

146 319 200 347 etsi
217 319 423 354 incorporalia,
441 327 561 355 corpore
585 321 767 356 dividuntur,
789 330 883 349 causa
905 323 975 349 sunt

144 363 389 399 intelligendique
413 363 440 391 vi
456 365 594 400 praedite,
610 365 716 401 plana,
737 367 898 401 quadratae,
915 374 974 393 una

142 416 177 436 ex
204 408 343 441 secunda,
361 408 452 436 altera
480 417 514 436 ex
542 410 630 437 tertia
657 412 735 444 nata,
758 412 862 446 quarta
891 410 973 438 enim

144 460 302 488 progressu
327 455 357 480 et
371 455 454 488 partu
481 457 644 489 procreata,
660 457 736 483 retro
753 457 852 483 autem
874 457 973 483 reﬂec-

142 498 232 525 tendo
245 499 274 525 et
288 499 524 526 consummando
539 499 645 534 quinta
661 507 668 526 :
685 502 810 536 utraque
821 499 974 535 plans,illa

145 551 162 570 ο
176 542 307 570 secunda
321 542 366 570 bis
383 543 570 578 producendo
586 545 727 580 profecta,
744 544 804 572 haec
824 546 868 572 ter
883 552 900 572 a
915 546 972 572 ter-

142 587 194 614 tia.
212 588 307 622 Atque
323 586 425 623 altera,
444 590 476 615 ut
490 587 618 621 videtur,
643 588 830 625 genitalium,
856 596 920 624 qua:
936 588 972 615 ad

144 639 251 668 corpus
268 632 425 668 pertinent,
451 633 662 668 particularum
687 633 875 661 dividuarum
893 633 973 660 ferax

143 678 199 711 est,
215 677 375 713 eademque
400 678 639 713 procreatricium
667 678 772 706 fertilis
798 678 971 712 formarum,

142 729 206 756 qua:
231 729 402 757 processum
427 722 533 750 animae
558 723 730 757 imitantur;
757 723 848 750 altera
873 724 970 749 autem

143 774 256 799 earum,
275 775 338 802 quae
354 768 382 794 in
404 775 524 803 corpore
539 767 665 795 dividua
685 769 755 795 sunt
768 767 824 794 illis
839 766 970 802 quidem,

144 810 195 837 sed
211 810 331 846 (mente)
348 811 457 847 percipi
474 814 610 847 possunt,
620 820 779 848 procrearis
794 813 847 844 est,
864 813 892 838 et
907 810 971 846 qui-

144 854 211 881 dem
237 862 350 888 earum,
380 864 444 891 quis
474 864 641 892 regressum
669 856 774 884 animae
805 855 970 883 imitantur.

144 897 268 926 Omnem
279 899 357 927 enim
374 900 570 936 cognitionem
583 901 705 929 reﬂectit
715 901 756 936 id,
774 900 851 937 quod
867 907 971 935 cogno-

142 943 208 976 scit,
225 943 261 971 ad
292 943 332 979 id,
358 945 435 980 quod
461 948 507 973 est
533 946 695 982 cognitum,
719 944 971 981 quemadmodum

142 987 239 1015 omnis
249 990 355 1017 natura
363 989 399 1017 ad
419 991 620 1026 generandum
633 992 662 1018 et
674 990 709 1018 ad
722 991 858 1018 deorsum
869 996 972 1017 versus

141 1033 360 1068 procedendum
374 1043 518 1071 prOpensa
525 1038 580 1063 est.
599 1035 685 1063 Sexta
696 1037 794 1063 autem
808 1036 836 1062 et
846 1034 973 1069 septima

143 1081 170 1105 et
184 1085 338 1113 corporum
350 1079 482 1114 ipsorum
495 1082 524 1107 et
544 1080 705 1108 solidarum
727 1079 849 1107 molium
864 1077 972 1114 princi-

145 1121 228 1158 pales
257 1124 406 1151 causasin
423 1133 454 1152 se
482 1125 698 1160 preformant:
729 1127 815 1159 atque
843 1122 874 1150 hi
904 1124 973 1150 sunt

144 1166 231 1194 solidi
262 1168 386 1204 numeri,
403 1168 476 1197 alter
504 1177 538 1196 ex
567 1169 708 1203 secunda,
725 1168 799 1196 alter
825 1176 859 1195 ex
886 1166 973 1194 tertia

146 1210 252 1247 (parte)
268 1212 372 1240 factus.
389 1214 463 1246 Quia
486 1216 583 1241 autem
605 1222 648 1248 ea,
666 1222 728 1249 quae
744 1215 874 1240 extrema
891 1213 971 1244 sunt,

146 1256 182 1282 ad
212 1263 255 1290 ea,
286 1265 350 1292 quae
378 1260 448 1285 sunt
477 1258 586 1294 prima,
617 1258 754 1294 ipsasque
792 1255 991 1284 extremitates

987 880 1011 911 Β

1030 230 1169 269 δευτέρων·
1188 230 1271 258 αἰτίαι
1286 231 1339 268 γάρ
1355 230 1406 258 εἶσι
1418 232 1472 258 τῶν
1496 230 1647 266 ἀσωμάτων
1675 231 1731 256 τῶν
1764 227 1857 265 μέντοι

1029 276 1138 312 σώμασι
1165 275 1363 314 μεριζομένων,
1386 274 1477 312 νοεραὶ
1502 273 1531 301 δὶ
1560 273 1682 301 ἐπίπεδοι
1710 273 1792 301 οὖσαι
1817 273 1858 300 καὶ

1028 321 1269 358 τιτραγωνικαὶ,ή
1303 320 1350 356 μὲν
1379 320 1432 347 ἀπὸ
1461 323 1511 354 τῆς
1541 318 1676 356 δευτέρας,
1699 319 1716 353 ἡ
1749 317 1780 345 δὲ
1809 318 1860 344 ἀπὸ

1028 366 1078 399 τῆς
1101 365 1196 403 τρίτης
1228 365 1337 403 μοίρας,
1351 368 1402 399 τῆς
1430 362 1550 401 προόδου
1578 363 1622 391 καὶ
1652 363 1860 400 ἀπογεννήσεως

1029 411 1046 444 ἡ
1069 409 1198 446 τετάρτη,
1223 412 1274 443 τῆς
1307 407 1335 436 δὲ
1363 407 1529 447 ἐπιστροφῆς
1560 408 1604 435 καὶ
1642 407 1815 438 τελειώσεως
1843 408 1861 440 ἡ

1028 454 1158 491 πέμπτη·
1184 452 1306 481 ἐπίπεδοι
1334 453 1384 491 γὰρ
1410 453 1573 491 ἀμφότεραι,
1599 451 1662 479 ἀλλ’
1681 453 1699 486 ἡ
1727 452 1777 488 μὶν
1809 451 1862 478 ἀπὸ

1027 501 1078 532 τῆς
1108 497 1243 535 δευτέρας,
1266 496 1309 528 δὶς
1338 497 1384 525 ἀπ’
1412 497 1496 531 αὐτῆς
1527 497 1675 533 ὑποστᾶσα,
1705 497 1722 531 ἡ
1753 494 1783 523 δὲ
1808 496 1862 523 ἀπὸ

1027 545 1078 577 τῆς
1094 543 1189 580 τρίτης
1212 542 1272 580 τρὶς
1292 541 1474 580 προελθοῦσα.
1491 541 1541 569 Καὶ
1563 540 1650 569 ἔοικεν
1673 540 1739 568 εἶναι
1763 541 1781 575 ἡ
1813 541 1861 576 μὶν

1028 588 1174 625 γεννητικὴ
1201 588 1256 614 τῶν
1287 586 1348 623 περὶ
1363 587 1395 614 τὸ
1411 588 1491 623 σῶμα
1513 587 1679 623 γεννητικῶν
1697 585 1804 623 μορίων
1823 586 1862 621 i8)

1030 634 1176 670 μεριστῶν,
1192 631 1314 669 γονίμων
1341 630 1370 659 δὶ
1388 631 1463 668 ὅμως
1481 629 1570 667 εἱδῶν,
1585 631 1636 665 τὴν
1660 628 1778 668 πρόοδον
1813 640 1861 666 μι-

1030 677 1174 713 μουμένων
1203 678 1253 708 τῆς
1274 677 1378 714 ψυχῆς,
1395 674 1459 710 ἡδὶ
1474 677 1527 703 τῶν
1555 674 1618 712 περὶ
1646 674 1677 702 τὸ
1705 677 1786 711 σῶμα
1814 684 1859 710 μι-

1029 723 1140 759 ριστῶν,
1156 721 1338 758 γνωριστικὴν
1366 719 1395 748 δὶ
1424 719 1537 757 δύναμιν
1559 719 1690 757 ἆχόντων,
1705 719 1752 746 καὶ
1775 718 1863 755 ταύτῃ

1030 766 1207 802 μιμουμένων
1236 766 1268 793 τὸ
1295 766 1344 800 τῆς
1381 767 1473 803 ψυχῆς
1507 763 1712 802 ἆπιστρςπτικόν
1731 775 1737 781 ·
1769 766 1859 791 πᾶσαν

1028 810 1079 848 γὰρ
1095 812 1195 848 γνῶσιν
1212 810 1365 849 ἐπιστρέφει
1380 811 1412 837 τὸ
1435 812 1569 848 γινῶσκον
1596 809 1635 840 είς
1661 809 1694 836 τὸ
1721 808 1859 846 γνωστὸν⁷

1029 854 1118 891 ὥσπερ
1144 858 1216 882 πᾶσα
1240 854 1317 887 φύσις
1343 857 1437 892 γιννᾷν
1465 853 1562 888 ἐθέλει,
1585 853 1630 881 καὶ
1657 853 1695 885 εἷς
1722 853 1754 880 τὸ
1784 853 1860 880 κάτω

1026 901 1163 931 ποιεῖσθαι
1185 899 1234 934 τήν
1260 898 1433 936 πρόοδον.¹Η
1460 897 1488 926 δὶ
1512 897 1576 933 ’ἐκτη
1607 898 1652 925 καὶ
1681 895 1788 934 ἑϐδόμη
1816 897 1861 924 καὶ

1028 943 1116 971 αὐτῶν
1145 946 1200 971 τῶν
1227 944 1362 980 σωμάτων
1386 943 1431 971 καὶ
1457 945 1511 970 τῶν
1541 945 1655 980 στερεῶν
1685 940 1778 979 ὄγκων
1809 942 1858 972 τὰς

1027 987 1222 1026 πρωτουργοὺς
1248 987 1336 1019 αἲτίας
1360 988 1385 1015 ἐν
1410 987 1477 1024 αὐτῇ
1502 987 1722 1025 προϋποτίθεται.
1747 986 1861 1023 Στιρεοὶ

1028 1031 1058 1060 δὲ
1073 1031 1130 1060 οἵδε
1146 1033 1171 1060 οἱ
1191 1032 1318 1070 ἀριθμοὶ,
1335 1033 1378 1060 καὶ
1409 1033 1423 1060 ὁ
1453 1032 1500 1069 μὶν
1531 1032 1584 1060 ἀπὸ
1611 1035 1662 1066 τῆς
1690 1030 1829 1069 δευτέρας,
1846 1031 1859 1057 ό

1028 1076 1056 1104 δὲ
1070 1077 1124 1104 ἀπὸ
1150 1080 1200 1112 τῆς
1224 1076 1330 1114 τρίτης.
1349 1077 1533 1116 Ἐπιστρέφων
1564 1075 1592 1103 Si
1607 1076 1621 1103 ὁ
1641 1076 1724 1114 λόγος
1754 1075 1801 1102 καὶ
1827 1075 1860 1102 τὰ

1027 1120 1128 1159 ἔσχατα
1151 1121 1189 1153 εἷς
1218 1122 1251 1149 τὰ
1272 1124 1368 1160 πρῶτα
1395 1121 1440 1149 καὶ
1464 1121 1511 1149 τὰς
1537 1121 1760 1158 ἀποπιρατώσεις
1778 1119 1860 1151 αὐτὰς

1026 1169 1076 1200 τῆς
1092 1167 1184 1203 ψυχῆς
1211 1165 1254 1193 ἐπὶ
1279 1166 1329 1201 τὴν
1350 1165 1487 1204 ἀκρότητα
1509 1165 1604 1201 αὐτῆς,
1620 1166 1670 1199 τήν
1697 1165 1745 1202 μὲν
1773 1164 1857 1192 ὀκτα-

1027 1209 1155 1244 πλασίαν,
1181 1210 1232 1245 τὴν
1255 1208 1283 1237 δὲ
1311 1208 1635 1246 ἓπτακαιεικοσιπλασίανγ
1651 1212 1702 1244 τῆς
1728 1209 1855 1246 πρώτης.

1028 1255 1132 1283 animae
1167 1256 1203 1283 ad
1241 1257 1306 1292 ejus
1334 1256 1420 1292 quasi
1456 1255 1567 1292 apicem
1605 1255 1680 1283 ratio
1716 1255 1855 1289 reflectit,

146 1307 235 1328 unam
259 1301 406 1337 octuplam
430 1303 531 1339 prima;
553 1302 645 1337 dedit,
674 1302 797 1330 alteram
821 1301 862 1330 ita
884 1299 1028 1333 formavit,
1062 1301 1094 1328 ut
1118 1303 1230 1337 septem
1254 1303 1283 1330 et
1304 1301 1407 1338 viginti
1441 1301 1578 1338 partibus
1603 1300 1704 1337 prima
1733 1301 1856 1328 antece-

147 1344 239 1372 deret.

181 1403 208 1430 8.
221 1405 323 1440 Itaque
334 1405 517 1441 septifariam
534 1405 628 1434 divisa
645 1407 688 1433 est
703 1405 831 1433 essentia
846 1402 974 1440 (natura)

151 1447 253 1483 animi,
271 1457 398 1485 namque
414 1458 590 1486 permanens
605 1453 651 1478 est
666 1453 694 1478 et
709 1449 869 1486 procedens
889 1450 918 1476 et
932 1455 975 1476 re-

150 1493 294 1529 grediens,
309 1496 338 1521 et
353 1503 465 1529 earum,
483 1504 546 1531 quas
562 1495 592 1522 in
608 1503 729 1531 corpore
743 1494 867 1522 dividua
894 1494 973 1525 sunt,

147 1537 344 1566 eesentiarum
356 1539 547 1575 ipsorumque
558 1547 714 1575 corporum
724 1538 854 1566 efficiens
865 1545 975 1573 regres-

1064 1405 1098 1437 η’.
1110 1402 1163 1430 Καὶ
1189 1402 1274 1434 οὕτως
1304 1403 1459 1441 ὶπταμερής
1479 1403 1496 1437 ἡ
1513 1401 1590 1430 οὐσία
1615 1405 1667 1437 τῆς
1694 1403 1801 1439 ψυχῆς,
1819 1402 1856 1432 ὡς

1030 1447 1147 1482 μένουσα
1175 1447 1219 1475 καὶ
1249 1449 1382 1486 προϊοῦσα
1409 1447 1455 1475 καὶ
1485 1446 1692 1485 ἐπιστρέφουσα,
1712 1446 1758 1473 καὶ
1785 1446 1857 1473 αἰτία

1028 1495 1078 1526 τῆς
1092 1490 1212 1530 προόδου
1227 1491 1271 1520 καὶ
1286 1495 1338 1527 τῆς
1356 1491 1522 1531 ἐπιστροφῆς
1537 1493 1590 1519 τῶν
1607 1491 1669 1528 περὶ
1683 1490 1716 1518 τά
1742 1491 1858 1527 σώματα

1031 1538 1164 1574 μεριστῶν
1197 1536 1295 1564 οὐσιῶν
1325 1536 1370 1564 καὶ
1396 1538 1450 1564 τῶν
1481 1536 1614 1573 σωμάτων
1639 1535 1739 1563 αὐτῶν.
1771 1535 1857 1572 Εἶχον

146 1589 212 1609 sum
239 1585 267 1610 et
294 1584 526 1613 conversionem.
544 1587 637 1620 Super
659 1584 724 1617 hoc,
741 1583 791 1618 qui
816 1583 852 1611 de
876 1582 974 1610 anima

1064 1592 1079 1607 ην
1096 1580 1141 1608 οὗν
1158 1580 1251 1609 πολλὰ
1265 1581 1310 1609 καὶ
1326 1580 1397 1609 καλά
1412 1580 1533 1618 θεάματα
1552 1580 1639 1618 λέγειν
1663 1579 1701 1612 εἰς
1722 1579 1771 1606 τόν
1797 1579 1858 1616 περὶ

145 1628 201 1661 est,
213 1626 275 1654 loco
285 1627 415 1656 Platonis
428 1628 521 1656 multa
532 1617 623 1664 eaque
632 1617 764 1665 jucunda
775 1630 804 1656 et
814 1626 972 1661 mirabilia,

1064 1629 1122 1663 χῆς
1149 1624 1228 1653 τόνδε
1254 1624 1304 1653 τοῦ
1333 1625 1479 1656 Πλάτωνος
1503 1617 1599 1658 τόπον,
1615 1624 1639 1652 si
1663 1622 1704 1651 δεῖ
1720 1634 1755 1660 με
1769 1622 1858 1654 οὕτως

147 1671 171 1698 si
187 1671 242 1699 hoc
260 1673 346 1700 modo
360 1673 456 1701 dicere
473 1674 546 1701 mihi
570 1673 647 1708 licet,
664 1682 680 1701 ο
696 1673 771 1701 mihi
795 1672 905 1708 optima
918 1672 972 1699 do-

147 1715 238 1749 mina,
255 1724 322 1744 eum
337 1717 403 1745 aliis
415 1718 504 1745 rebus
518 1720 580 1745 tum
596 1717 702 1745 litteris
714 1717 872 1745 reconditis
883 1724 972 1752 quam

147 1760 274 1788 maxime
298 1761 423 1796 initiata,
449 1762 560 1790 dissere
587 1770 719 1798 possum,
736 1764 885 1790 auctorem
903 1761 973 1789 Por.

146 1804 283 1840 phyrium
300 1808 327 1834 et
342 1806 542 1834 Jambliohum
558 1810 735 1842 ceterosque
756 1806 972 1835 Platonicorum

145 1857 249 1877 vocum
274 1849 527 1887 (motaeillarum‘)
542 1851 629 1887 quasi
655 1851 788 1879 fidicines
803 1853 924 1879 secutus
940 1859 973 1879 ac

149 1894 295 1930 precipue
318 1895 449 1923 divinum
476 1895 560 1923 illum
577 1903 752 1924 arcanorum
771 1895 971 1932 interpretem.

147 1936 299 1966 Musarum
312 1939 434 1967 numine
450 1939 594 1975 afﬂatum,
612 1940 752 1968 Proclum.
763 1941 905 1974 Quoniam
920 1949 971 1968 au-

146 1984 206 2010 tem
220 1982 291 2010 illud
308 1984 480 2012 mandatum
498 1984 570 2012 mihi
587 1993 643 2012 non
654 1987 707 2019 est,
720 1985 770 2012 sed
780 1985 846 2020 (hoc
856 1987 971 2013 tantum

147 2034 333 2063 concessum,
351 2031 383 2056 ut
391 2029 577 2066 exponerem)
590 2030 738 2064 quomodo
750 2029 873 2057 aliarum
890 2030 972 2058 dein-

147 2078 215 2106 ceps
227 2074 294 2108 post
304 2072 378 2101 alias
391 2073 421 2101 in
433 2074 563 2101 numeris
573 2074 722 2102 rationum
740 2075 920 2109 computatio
935 2075 971 2103 ad

147 2115 279 2144 Platonis
290 2117 326 2145 de
335 2118 440 2145 animae
454 2119 653 2154 procreatione
668 2118 831 2147 doctrinam
849 2120 972 2155 adjuva-

147 2162 202 2194 ret,
218 2168 281 2196 qua:
298 2162 334 2189 ad
351 2162 480 2198 id,quod
496 2163 680 2199 propositum
695 2166 750 2197 est,
767 2164 972 2193 demonstran-

147 2204 218 2233 dum
231 2206 411 2242 sufﬁcerent,
425 2207 552 2236 breviter
564 2210 593 2236 et
604 2209 787 2243 summatim,
803 2209 973 2246 complexus

148 2258 225 2278 sum.
242 2251 324 2284 Quod
341 2252 398 2280 nisi
414 2251 517 2280 inutile
531 2253 587 2280 erit
603 2261 636 2281 ac
651 2261 911 2289 supervacaneum,
929 2255 972 2291 ip-

1028 1670 1124 1706 εἷπεῖν,
1141 1669 1163 1697 ὦ
1191 1670 1322 1708 κρατίστη
1354 1680 1402 1706 μοι
1431 1668 1559 1697 δέσποινα
1586 1670 1637 1706 (9),
1666 1668 1698 1696 τά
1725 1679 1754 1696 τε
1787 1667 1860 1695 ἄλλα

1027 1717 1072 1745 καὶ
1100 1719 1155 1745 τῶν
1185 1717 1211 1744 ἐν
1242 1716 1410 1755 ἀπορῥήτοις
1453 1715 1624 1753 λεγομὲνων,
1651 1714 1858 1743 ἐποπτικώτατε

1028 1762 1123 1799 θεωρὶ,
1149 1761 1282 1798 ἑπόμενος
1316 1760 1464 1800 Πορφυρίῳ
1492 1771 1522 1788 τε
1549 1760 1594 1788 καὶ
1623 1757 1784 1797 Ἰαμελίχῳ
1811 1758 1856 1786 καὶ

1027 1809 1086 1838 τοῖς
1114 1805 1224 1838 λοιποῖς
1247 1808 1300 1833 τῶν
1323 1804 1505 1834 Ηλατωνικῶν
1528 1805 1630 1842 ἰύγγων
1646 1815 1652 1821 ·
1670 1803 1857 1842 ὀργανισταῖς,

1028 1851 1171 1889 ἐξαιρέτως
1187 1850 1215 1878 δὲ
1236 1853 1276 1887 τῷ
1298 1849 1559 1890 ἐκφαντορικωτάτῳ
1574 1849 1693 1887 Πρόκλῳ
1715 1848 1762 1876 καὶ
1790 1859 1857 1885 μου-

1028 1895 1171 1932 σολήπτῳ.
1188 1894 1268 1923 Ἀ)λ’
1283 1895 1393 1931 ἐπείπερ
1421 1894 1452 1922 οὖ
1476 1893 1557 1922 τοῦτο
1582 1893 1774 1930 ἐπιτέτραπται
1800 1903 1858 1930 μοι,

1027 1939 1101 1968 ἀλλὰ
1128 1942 1186 1971 πῶς
1205 1941 1222 1974 ἡ
1238 1941 1291 1967 τῶν
1308 1939 1333 1967 ἒν
1351 1939 1479 1977 ἀριθμοῖς
1506 1938 1602 1977 ἂφεξῆς
1629 1937 1719 1975 λόγων
1751 1937 1857 1975 εὕρεσις

1028 1985 1067 2017 τίς
1093 1985 1143 2019 τὴν
1173 1984 1320 2016 Ηλάτωνος
1348 1983 1512 2021 χρησιμεύει
1542 1982 1721 2021 ψυχογονίαν,
1747 1992 1858 2018 συμμε-

1027 2029 1208 2067 τρησάμενος,
1236 2027 1337 2066 ὅσαπερ
1361 2028 1439 2066 ἀρκεῖ
1474 2027 1542 2065 πρὸς
1579 2028 1629 2062 τήν
1666 2025 1779 2061 ἔνδειξιν
1808 2028 1856 2052 τοῦ

1027 2073 1218 2110 προκειμένου,
1254 2073 1395 2109 συντόμως
1430 2071 1476 2099 καὶ
1511 2069 1707 2110 κεφαλαιωδῶς
1747 2069 1856 2107 εἴρηκα.

1027 2118 1062 2148 Et
1077 2117 1106 2146 δι
1118 2128 1148 2155 γε
1163 2118 1200 2154 μὴ
1216 2116 1356 2154 περίεργόν
1377 2116 1432 2144 ιστι
1456 2115 1502 2143 καὶ
1526 2115 1666 2153 περισσὸν,
1690 2113 1788 2145 ἄλλως
1813 2114 1857 2141 καὶ

1027 2163 1094 2191 αὐτὸ
1118 2163 1150 2190 τὸ
1178 2161 1339 2200 διάγραμμα
1368 2159 1543 2198 μεθοδεύσας,
1573 2159 1725 2196 ἐκθήσομαί
1753 2169 1798 2186 σοι
1829 2159 1860 2186 ὲκ

1025 2207 1074 2236 τοῦ
1102 2207 1226 2245 τετράκις
1252 2204 1298 2234 διὰ
1326 2207 1419 2233 πασῶν
1445 2205 1492 2233 καὶ
1521 2204 1565 2232 διὰ
1581 2205 1600 2232 ε’
1615 2203 1660 2232 καὶ
1683 2203 1765 2231 τόνου
1795 2214 1857 2230 συν-

1027 2252 1120 2284 εστώς.
1140 2251 1229 2280 Ἀλλὰ
1244 2250 1351 2289 ῥητέον,
1368 2250 1431 2278 ὅσον
1447 2250 1504 2277 οἷόν
1520 2260 1550 2277 τε
1564 2249 1632 2286 πρὸς
1651 2249 1701 2283 τήν
1716 2250 1860 2286 παροῦσαν

147 2296 210 2323 sius
224 2298 340 2324 tantum
357 2296 582 2333 diagrammatis
597 2297 646 2325 vis
659 2306 692 2326 ac
707 2298 820 2326 ratione
839 2299 973 2335 dispositi

1065 2297 1118 2334 μὴν
1147 2298 1196 2323 τοῦ
1219 2294 1281 2332 περί
1307 2297 1362 2323 τῶν
1391 2294 1418 2322 ἐν
1445 2293 1603 2332 ψυχογονίᾳ
1633 2295 1680 2320 τοῦ
1708 2292 1859 2323 Πλάτωνος

147 2339 374 2377 descriptionem
386 2341 669 2378 enarrabimus,quzs
676 2344 805 2378 quatuor
814 2343 975 2373 intervallis

147 2386 259 2420 septem
272 2394 376 2414 vocum
391 2387 506 2423 (quater
517 2386 672 2422 diapason)
683 2387 877 2424 quinarioque
885 2389 975 2417 simul

147 2428 298 2458 intervallo
320 2431 479 2467 (diapente)
494 2433 523 2459 et
535 2433 604 2459 tono
619 2433 744 2459 constat.
760 2432 817 2460 Sed
833 2433 975 2470 dicamus,

148 2475 291 2508 quantum
304 2475 422 2510 quidem
433 2477 472 2509 (et
481 2475 578 2511 quale)
591 2475 619 2503 in
632 2476 818 2511 praesentiam
835 2478 870 2506 de
885 2479 976 2506 ratio-

149 2517 238 2546 nibus
254 2519 459 2555 arithmeticis,
476 2529 539 2556 quae
555 2520 667 2548 suntin
692 2521 893 2558 Psychogonia
908 2523 974 2551 Pla-

184 2598 222 2636 (8)
239 2599 363 2636 Μορίων.
381 2601 422 2628 Cl.
451 2601 589 2629 Tennull.
606 2601 718 2630 adnott.
736 2602 772 2630 ad
785 2603 894 2632 Jambi.
911 2604 973 2632 Nic.

147 2635 274 2677 Alrith'm'.
291 2644 318 2670 p.
331 2636 386 2677 μί
403 2645 447 2677 sq.
465 2648 479 2677 ει
496 2637 674 2677 Notandum,
689 2638 826 2677 ndinquit,
845 2640 973 2677 »μόριον

147 2671 183 2697 ab
199 2670 394 2714 arithnieticis
416 2670 473 2714 d_ici
498 2673 533 2700 de
556 2670 824 2710 superparticulari,
844 2670 919 2714 μέρη
941 2676 976 2705 de

148 2707 378 2743 superpatiente.
397 2719 410 2733 »
427 2709 548 2736 Lmnsn.

182 2743 222 2807 (Si)
240 2742 388 2786 Ἀέστξοινα.
419 2743 618 2785 Signiﬁcatu,
648 2745 823 2786 ut'opinor,
851 2747 976 2776 Eudocis

182 2797 184 2805 .
226 2779 354 2807 udoxm.
383 2780 575 2807 Constantino
602 2778 667 2807 VIII
691 2785 868 2807 inmoratam
896 2785 975 2807 nata.

148 2777 354 2816 (eiEudoxia),
383 2777 575 2809 Constantino
602 2778 667 2808 VIII
691 2777 868 2817 imperatore
896 2785 976 2820 nata,

1030 2341 1206 2378 εἰλημμένων
1236 2340 1422 2378 ἀριθμητικῶν
1453 2338 1557 2376 λόγων,
1581 2337 1644 2376 περί
1671 2348 1701 2365 τε
1728 2340 1784 2365 τῶν
1810 2340 1860 2366 τοῦ

1029 2384 1241 2414 πολλαπλασίου
1270 2384 1315 2412 καὶ
1341 2385 1395 2412 τῶν
1427 2383 1585 2420 μεσοτήτων
1609 2385 1663 2410 τῶν
1681 2381 1782 2418 peragi»
1797 2382 1860 2410 τού-

1029 2441 1095 2465 των,
1116 2429 1178 2468 περὶ
1201 2431 1255 2457 τῶν
1281 2428 1425 2466 ἰπιτρίτων
1448 2426 1494 2454 καὶ
1513 2426 1652 2464 ἡμιολίων
1672 2428 1726 2454 τῶν
1748 2426 1774 2454 ἰν
1800 2429 1860 2457 ταῖς

1032 2475 1176 2513 μεσότησιν
1218 2473 1451 2512 ἀναφαινομὲνων,
1481 2471 1544 2509 περὶ
1572 2470 1710 2509 ἆπογδόων
1741 2473 1797 2499 τῶν
1827 2471 1858 2499 τὰ

1031 2520 1204 2556 διαστήματα
1230 2516 1481 2556 συμπληρούντων,
1506 2515 1569 2554 περὶ
1597 2519 1649 2544 τοῦ
1678 2515 1836 2553 λείμματος
1851 2526 1857 2533 ·

1030 2611 1103 2630 uxor
1126 2602 1252 2630 duorum
1277 2600 1417 2636 deinceps
1432 2599 1655 2636 imperator-31m,
1672 2598 1859 2636 constantini

1029 2641 1117 2667 Ducas
1145 2634 1392 2673 (iO59-1067)det_
1422 2634 1548 2673 Romani
1586 2634 1725 2673 Diogenis
1764 2634 1859 2673 (1967-

1031 2674 1122 2709 1071).
1138 2670 1186 2710 Cfr
1200 2681 1264 2710 quas
1280 2670 1382 2710 de'illa
1396 2673 1497 2710 narrat
1510 2670 1767 2710 Nicepli._Brien_n.
1784 2670 1859 2710 Com-

1209 2706 1233 2744 ἱ,
1249 2717 1317 2746 pag.
1347 2708 1392 2741 43,
1420 2707 1456 2735 56
1484 2714 1550 2742 sqq.
1579 2706 1760 2742 (Patro-logie
1790 2708 1858 2734 tam.
