1950 3050
65 75 148 107 ιοεο

624 50 661 106 ιιι
686 75 994 108 PSYCHOGONIAM
1016 79 1220 113 PLATONIS.

1702 90 1781 121 4090

67 141 115 170 καὶ
131 140 182 179 γὰρ
195 141 227 168 τὸ
242 139 404 179 διάγραμμα
418 140 460 169 δεῖ
473 140 581 169 πάντων
596 140 699 169 τούτων
727 141 801 194 εἶναὶ
817 152 896 194 Τηρι-

987 146 1047 182 nis,
1077 155 1253 184 cognoscere
1282 150 1417 186 intersit,
1446 153 1483 181 de
1510 155 1625 183 numeri
1655 159 1781 194 augendi

68 184 206 220 ληπτικὸν
220 185 265 213 καὶ
289 186 545 213 καταπιπυκνῶσθαι
568 186 677 217 τούτοις
705 189 764 217 τοῖς
791 185 896 224 λόγοις.

66 231 126 260 Ἰνα
141 229 187 257 οὖν
202 229 228 257 ἂν
243 230 315 265 τάξι-ι
341 229 494 268 προΐωμεν,
517 228 646 267 λάϐωμεν
661 233 771 269 πρῶτον
795 230 822 258 ἐν
837 233 896 262 τοῖς

68 274 123 302 ἀπὸ
139 273 257 312 μονάδος
282 275 409 312 ἀριθμοῖς
434 275 497 306 τοὺς
521 275 686 314 λεγομένους
700 276 828 314 πρώτους
844 275 895 303 ὑπὸ

66 321 117 347 τοῦ
133 317 280 351 Πλάτωνος
296 318 409 357 λόγους.

952 189 1116 219 rationibus
1149 192 1259 228 iisque,
1284 202 1352 235 [quis
1381 195 1457 224 inter
1485 197 1551 226 illae
1581 189 1780 238 intercedunt,

952 234 1170 282 medietatibus,
1182 238 1218 265 de
1232 240 1430 275 sesquitertiis
1445 244 1474 269 et
1486 243 1701 279 sesquialteris,
1714 234 1779 282 qua;

951 277 980 305 in
997 280 1204 310 medietatibus
1226 286 1397 320 cernuntur,
1414 286 1450 314 de
1470 277 1692 323 sesquioctavis,
1710 277 1778 326 qui-

951 323 1006 351 bus
1035 325 1190 361 explentur
1217 327 1380 363 intervalla,
1409 331 1444 358 de
1473 331 1616 360 limmate.
1646 323 1777 371 Namque

69 365 255 400 diagramma
270 368 298 393 et
313 365 373 393 haec
389 365 488 393 omnia
508 365 663 402 complecti
688 366 775 394 debet
799 368 828 413 et
851 366 991 413 compleri
1007 368 1204 406 (condensari)
1219 372 1265 400 his
1281 373 1455 402 rationibus.
1471 376 1566 408 Quare
1589 365 1778 413 primum,‘ut

67 409 171 438 ordine
187 410 324 445 procedat
339 410 441 444 oratio,
458 410 487 438 in
514 410 549 438 iis
576 411 717 446 numeris,
734 410 785 446 qui
801 410 836 439 ab
851 411 965 440 unitate
988 416 1059 441 sunt
1079 416 1216 451 proximi,
1233 425 1294 454 eas,
1310 426 1375 454 quae
1389 428 1405 447 a
1421 420 1540 449 Platone
1565 427 1776 459 memorantur,

70 455 180 490 primas
196 455 324 482 rationes
338 463 504 484 sumamus.

105 499 136 530 θ’.
166 498 313 530 Ἐκκιίσθω
342 497 387 526 οὖν
413 497 446 533 δὴ
465 499 621 536 μονὰς,καὶ
636 502 737 532 ταύτης
767 497 898 526 διπλασία

67 541 146 574 δυάς·
164 543 220 571 εἶτα
235 543 323 580 τριὰς,
338 542 457 579 ἡμιολία
474 543 520 580 μὶν
534 545 585 577 τῆς
612 542 720 577 δυάδος,
749 542 898 580 τριπλασία

67 586 97 615 δὲ
116 591 166 623 τῆς
184 586 313 624 μονάδος·
330 588 387 615 εἶτα
413 588 520 626 τετρὰς,
550 587 680 616 διπλασία
707 591 757 623 τῆς
787 586 895 618 δυάδος·

67 632 126 660 alta
161 630 249 664 ἐννιὰς
284 632 432 670 τριπλασία
467 634 516 665 τῆς
549 631 678 670 τριάδος·
714 632 769 660 εἶτα
796 627 896 669 ὀγδοὰς

67 676 237 704 ὀκταπλασία
263 678 312 712 τῆς
329 676 459 713 μονάδος·
481 676 525 705 ἐπὶ
550 680 616 705 πᾶσι
630 675 659 705 δὶ
675 674 780 713 ἰϐδόμη
813 683 898 714 μοιρα

65 720 374 749 ἐπτακαιιικοσιπλασία
389 725 438 757 τῆς
465 720 593 759 μονάδος.
625 720 701 750 Ἀλλ’
725 720 749 748 si’
765 721 812 757 μὶν
829 720 895 762 Ξγρι

63 765 171 794 τούτων
199 763 262 802 ἔστη
289 766 322 794 τὰ
349 769 397 794 τοῦ
427 766 584 801 Πλάτωνος,
615 763 668 794 ἔδει
688 764 774 803 μηδὲν
789 774 908 804 περιὶρπ

987 502 1014 530 9.
1028 503 1145 532 Ponitor
1155 505 1246 542 igitur
1259 508 1371 543 unitas,
1382 510 1506 546 ejusque
1516 511 1624 548 duplus
1635 521 1778 542 numerus

952 546 1085 575 hinarius
1102 557 1110 576 :
1126 550 1231 579 deinde
1255 553 1402 581 ternarias
1429 546 1582 590 numerus,
1604 558 1778 593 sesquialter

952 590 1070 628 binarii,
1083 594 1206 623 unitatis
1223 596 1329 632 triplus
1341 606 1347 625 :
1361 600 1423 626 tum
1440 590 1777 635 quaternariusihinarii

952 635 1061 671 duplus
1083 646 1089 665 :
1114 640 1176 666 tum
1202 641 1390 676 novenarius,
1417 644 1535 672 ternarii
1560 645 1667 681 triplus
1685 655 1691 674 :
1712 649 1775 675 tum

952 682 1131 718 octonarius,
1143 684 1280 719 octuplus
1292 686 1414 714 unitatis
1427 696 1433 714 :
1446 691 1593 723 postremo
1605 693 1702 718 autem
1715 699 1778 726 sep-

951 725 1025 753 tima
1040 734 1119 762 pars,
1131 735 1194 763 quis
1220 732 1333 765 septem
1349 733 1377 758 et
1391 731 1496 767 viginti
1523 733 1655 768 partibus
1671 725 1776 763 unitati

952 770 1107 799 antecedit.
1124 773 1198 800 Tum
1223 782 1290 802 vero
1305 775 1330 802 si
1345 775 1406 804 haec.
1428 776 1570 806 hactenus
1595 778 1677 806 Plato
1701 782 1778 808 esset

64 810 192 849 γάζεσοαι
221 810 325 840 πλέον.
354 810 464 847 Ἐπιιδή
505 810 548 860 δὶκ
566 810 654 860 nimii
680 812 748 860 ἡμῖν
776 819 897 860 παρακε-

989 818 1133 851 rsecutus,
1145 817 1314 846 elaborandi
1331 819 1482 856 diligentia
1494 830 1550 850 non
1563 823 1691 859 amplius
1702 833 1777 860 opus

67 854 177 883 λούεται
201 855 235 882 τὰ
247 853 379 884 διπλάσια
401 856 446 883 καὶ
472 854 620 894 τριπλάσια
641 853 812 892 διαστήματα
839 856 898 885 ταῖς

64 910 96 927 τι
126 900 320 937 άριθμητικαῖς
346 900 392 928 καὶ
423 901 587 938 ἇρμονικαῖς
618 899 749 937 μεσότησι
779 898 897 934 συνδιῖν,

67 944 188 982 μονάδος
208 944 237 973 δὶ
257 945 307 973 οὐκ
330 944 385 974 ἔστι
411 946 457 974 καὶ
480 944 579 977 δυάδος
602 944 700 982 μεταξὺ
724 944 822 975 ταύτας
848 944 896 975 τὰς

68 990 223 1026 μεσότητας
253 991 339 1028 εὑρεῖν
359 1011 366 1024 ,
402 989 522 1026 ληπτέον
548 990 609 1018 τινὰ
637 991 746 1028 πρῶτον
780 989 895 1027 ἀριθμὸν

64 1034 95 1065 ὅς
125 1034 272 1072 ἐλάχιστος
298 1033 335 1062 ὢν
365 1033 416 1070 ἔξει
444 1035 531 1071 ἥμισυ
558 1035 603 1062 καὶ
631 1033 733 1072 τρίτον·
752 1032 894 1061 διπλάσιον

64 1079 118 1116 γὰρ
134 1082 187 1110 πᾶς
212 1079 328 1117 ἀριθμὸς
352 1079 425 1117 ἔχειν
441 1078 562 1107 δύναται.
592 1079 726 1118 Εἰλήφθω
752 1080 816 1116 γοῦν
833 1078 847 1105 ὁ
863 1081 896 1114 ς’,

65 1124 113 1151 καὶ
139 1123 237 1151 τούτου
268 1122 412 1155 διπλάσιος
439 1124 454 1151 6
471 1125 516 1162 ιβ’,
543 1124 589 1152 τὸν
617 1123 696 1151 αὑτὸν
714 1120 786 1161 ἔχων
802 1122 895 1160 λόγον,

66 1168 98 1195 ὃν
127 1167 197 1205 πρὸς
226 1166 310 1196 δυάδα
341 1168 435 1205 μονάς.
465 1168 575 1198 Τούτων
602 1166 635 1203 δὴ
650 1170 704 1195 τῶν
726 1167 894 1204 ὶξαπλασίων

66 1211 187 1248 μονάδος
214 1213 259 1240 καὶ
276 1211 373 1244 δυάδος
391 1213 469 1249 μέσοι
491 1213 692 1251 παρεντιθέντις
721 1212 735 1240 ὃ
756 1222 786 1240 τι
801 1212 825 1247 η’
849 1211 894 1239 καὶ

63 1257 87 1284 θ’
116 1257 164 1289 τὰς
195 1257 340 1294 εἰρημένας
367 1257 518 1294 μεσότητας
544 1256 751 1285 ἀποδώσουσιν.
781 1257 811 1285 Ὁ
846 1256 893 1293 μὶν

65 1301 120 1339 γὰρ
149 1302 176 1336 η’
203 1304 294 1338 ταυτῷ
323 1301 398 1339 μέρει
434 1305 487 1330 τῶν
514 1301 603 1340 ἄκρων
639 1301 764 1339 ὑπερίχει
792 1311 822 1328 τε
848 1301 893 1328 καὶ

67 1346 243 1384 ὑπερὲχιται,
274 1346 341 1385 ὅπιρ
364 1345 433 1375 ἴδιόν
451 1346 522 1375 ἐστιν
552 1348 703 1384 ἁρμονικῆς
733 1344 889 1383 ἀναλογίας·

65 1391 80 1418 6
98 1390 127 1418 δὲ
142 1391 163 1418 θ’
175 1390 229 1428 ἵσῳ
258 1391 305 1428 μὶν
336 1391 393 1428 [τὸν
410 1392 442 1428 ς’]
466 1392 525 1419 κατ’
541 1391 655 1429 ἀριθμὸν
673 1390 812 1428 ὑπερὲχιι,
839 1388 894 1426 ’ίσῳ

779 1474 805 1506 c'
875 1475 897 1499 η’

953 862 1038 887 esset.
1052 861 1173 893 Quando
1189 865 1287 891 autem
1307 864 1370 899 ipse
1386 865 1470 893 nobis
1486 867 1627 903 praecipit,
1639 871 1671 896 ut
1685 869 1778 905 dupla

952 906 981 932 et
995 904 1083 941 tripla
1098 906 1251 935 intervalla
1275 908 1469 938 arithmeticis
1494 914 1582 947 atque
1598 912 1778 942 harmonicis

952 950 1160 978 medietatibus
1184 951 1367 988 colligemus,
1383 954 1453 990 quia
1479 956 1556 984 inter
1581 958 1723 986 unitatem
1748 961 1778 987 et

951 993 1122 1023 dualitatem
1143 996 1315 1031 medietates
1332 998 1419 1026 nulla;
1436 999 1563 1035 interjici
1580 1004 1704 1037 possunt
1717 1003 1775 1039 pri-

951 1046 1018 1066 mus
1033 1038 1141 1075 aliquis
1158 1048 1299 1069 numerus
1311 1043 1475 1072 sumendus
1486 1047 1541 1079 est,
1554 1045 1604 1080 qui
1619 1054 1708 1082 quam
1720 1038 1778 1074 Vmi-

951 1083 1050 1111 nimus
1065 1083 1219 1112 dimidiam
1232 1087 1345 1121 partem
1358 1089 1444 1122 atque
1456 1089 1573 1117 tertiam
1586 1089 1709 1119 habeat:
1722 1093 1777 1119 du-

950 1127 1028 1163 plam
1044 1128 1122 1156 enim
1140 1129 1236 1165 quivis
1251 1139 1393 1160 numerus
1409 1132 1508 1160 habet.
1522 1134 1664 1163 Sumatur
1686 1136 1778 1172 igitur

949 1172 967 1199 6
982 1172 1135 1208 (senarius)
1148 1182 1287 1203 numerus
1302 1177 1426 1212 ejusque
1441 1177 1551 1214 duplus
1567 1180 1600 1207 12
1614 1179 1775 1216 (duodena-

950 1217 1170 1253 rius),eamdem
1183 1219 1325 1248 rationem
1339 1221 1552 1258 habens,quam
1560 1232 1626 1252 cum
1635 1225 1776 1254 dualitate

949 1262 1057 1289 unitas.
1066 1262 1098 1290 In
1111 1263 1206 1291 medio
1219 1263 1338 1293 illorum
1349 1274 1538 1295 numerorum
1549 1269 1690 1297 unitatem
1701 1273 1728 1298 et
1737 1271 1776 1298 bi-

949 1307 1065 1334 narium
1072 1307 1166 1335 sexies
1175 1309 1388 1338 continentium
1400 1310 1564 1347 interpositi
1573 1314 1741 1343 octonarius
1749 1317 1778 1343 et

949 1351 1124 1379 novenarius
1132 1360 1261 1389 eas,qu¢e
1272 1354 1354 1382 dictas
1367 1358 1446 1389 sunt,
1456 1356 1629 1386 medietates
1640 1359 1768 1387 reddunt

948 1395 1122 1424 Octonarius
1150 1397 1229 1425 enim
1253 1399 1354 1427 eadem
1385 1402 1466 1436 parte
1492 1404 1610 1437 praestat
1634 1404 1772 1432 extremis

972 1473 992 1497 ιγ
1061 1471 1094 1508 «β’

64 1645 97 1674 εὶ
123 1646 294 1685 δπιρίχετοιι,
312 1646 378 1685 ὅπερ
410 1646 479 1675 ἴδιόν
510 1647 580 1676 ἐστιν
609 1647 795 1686 ἀριθμητικῆς
813 1648 892 1686 μισό-

987 1650 1110 1685 demque
1120 1649 1288 1684 superatur,
1301 1647 1379 1683 quod
1391 1648 1510 1683 quidem
1523 1648 1700 1677 harmonicas
1712 1658 1779 1686 pro-

65 1701 165 1728 τητος.
186 1693 291 1729 Ἐξάχις
307 1691 357 1730 ἄρα
378 1694 428 1728 τήν
452 1692 556 1730 μονάδα
571 1693 616 1721 καὶ
633 1693 719 1722 δυάδα
733 1695 896 1730 ποιήσαντες

67 1734 184 1774 εὕρομιν
207 1736 340 1774 ἀριθμοὺς
365 1738 412 1769 τὰς
438 1738 580 1776 ιῖρημένας
605 1738 820 1777 ἆπιδεχομάνους
851 1750 898 1776 με·

67 1781 198 1816 σότητας.
223 1781 348 1818 Ὁμοίως
378 1781 406 1810 δὲ
434 1783 480 1810 καὶ
504 1783 566 1814 τοὺς
595 1783 710 1814 λοιποὺς
724 1786 777 1811 τῶν
803 1783 829 1811 ἦν
859 1785 900 1820 τῷ

68 1826 265 1864 προειρημὲνῳ
294 1826 384 1863 στίχῳ
398 1828 453 1854 τῶν
471 1825 620 1855 διπλασίων
638 1828 694 1864 ἅμα
714 1827 758 1856 καὶ
782 1827 899 1865 τριπλα-

65 1871 134 1898 σίων
159 1869 402 1906 ἰξαπλασιάσαντες
431 1871 584 1909 εὑρήσομεν
612 1871 711 1908 ὅρους,
742 1872 789 1903 οὕς
819 1871 899 1908 δυνη-

66 1916 172 1952 σόμεθα
196 1918 380 1943 καταπυκνοῦν
406 1916 599 1955 ἀριθμητικαῖς
620 1916 707 1944 τεκαὶ
736 1917 897 1954 ἀρμονικαῖς

66 1959 211 1997 μισότησι.

953 1693 1096 1731 portionis
1118 1693 1270 1729 proprium
1284 1694 1343 1726 est;
1360 1692 1538 1720 novensrius
1562 1695 1660 1722 autem
1676 1695 1778 1723 eodem

954 1746 1076 1767 numero
1092 1737 1266 1773 (senarium)
1277 1739 1397 1772 praestat
1411 1745 1468 1772 quo
1484 1737 1513 1773 (θ.
1526 1738 1717 1775 duodeuario)
1728 1748 1779 1767 su-

954 1785 1083 1819 peratur,
1100 1782 1178 1818 quod
1196 1781 1316 1817 quidem
1332 1781 1525 1809 arithmetica:
1545 1785 1590 1810 est
1613 1783 1780 1811 medietatis

954 1827 1116 1863 proprium.
1134 1826 1164 1854 Si
1189 1826 1282 1854 sexies
1299 1825 1390 1862 igitur
1415 1826 1557 1854 unitatem
1582 1829 1611 1855 et
1632 1828 1780 1856 binarium

953 1871 1182 1907 sumpserimus,
1207 1878 1347 1898 numeros
1372 1870 1571 1899 invenerimus
1595 1872 1778 1907 medietates,

953 1924 1028 1952 quas
1044 1915 1185 1948 diximus,
1201 1914 1378 1950 complexos.
1395 1915 1594 1951 Similiterque
1610 1917 1634 1944 si
1652 1917 1778 1953 reliquos

953 1961 984 1989 in
1013 1960 1087 1988 serie
1114 1959 1176 1993 illa,
1202 1967 1291 1995 quam
1321 1967 1411 1995 supra
1439 1961 1653 1995 enarravimus,
1674 1962 1780 1997 duplos

64 2005 232 2042 triplosque
248 2013 388 2033 numeros
403 2006 499 2034 sexies
512 2006 740 2043 sumpserimus,
757 2007 941 2036 inveniemus
957 2005 1111 2040 terminos,
1127 2012 1202 2041 quos
1222 2004 1417 2032 arithmetiois
1433 2006 1461 2032 et
1476 2004 1658 2034 harmonicis
1674 2007 1781 2036 medie-

64 2050 181 2079 tatibus
197 2050 379 2078 eondensare
393 2051 534 2087 (explere)
549 2052 720 2088 poterimus.

102 2094 127 2122 ι’.
159 2093 346 2132 Γεγονέτωσαν
381 2094 435 2122 ἀπὸ
475 2095 576 2126 παντὸς
612 2098 662 2123 τοῦ
694 2095 897 2135 προειρημένου

63 2138 162 2176 στίχου
189 2137 359 2174 ἐξαπλάσιοι.
390 2138 514 2170 ’Ἄλλους
544 2140 676 2177 ἀριθμοὺς
705 2140 731 2168 ἐν
744 2141 815 2176 τάξει
839 2141 896 2168 06v-

66 2194 122 2216 τις,
154 2183 235 2220 μόνον
261 2183 306 2210 τὸν
337 2182 376 2211 νδ⁷
402 2184 455 2222 πρὸ
484 2187 532 2211 τοῦ
564 2185 712 2221 μη’θιῖναι
728 2185 894 2224 ὀφείλοντες·

65 2230 163 2255 τοῦτον
191 2228 243 2266 γὰρ
268 2227 399 2266 πρότερον
429 2228 488 2256 sint
516 2228 677 2266 τριπλάσιον
704 2232 752 2257 τοῦ
777 2229 870 2267 τρίτου
887 2239 893 2246 ⁸

70 2271 129 2308 μετ’
153 2271 254 2299 ἐκεῖνον
282 2271 311 2299 δὶ
337 2272 417 2300 αὐτὸν
441 2274 522 2310 ἡμεῖς
550 2272 655 2310 ἔθεμεν,
670 2276 710 2310 τῷ
726 2273 826 2310 πλήθει
842 2275 894 2301 τῶν

987 2095 1032 2123 40.
1049 2094 1141 2122 Sunto
1152 2101 1187 2121 ex
1201 2093 1262 2121 tota
1275 2092 1339 2128 hac,
1353 2101 1442 2129 quam
1453 2102 1544 2130 supra
1555 2095 1694 2131 diximus,
1707 2096 1782 2125 serie

953 2140 1046 2168 sexies
1071 2137 1182 2174 sumpti
1197 2137 1348 2173 (numeri).
1366 2138 1498 2175 Reliquis
1523 2140 1655 2168 numeris
1679 2141 1783 2169 ordine

950 2183 1104 2220 dispositis
1119 2190 1290 2218 quanquam
1316 2182 1413 2211 solum
1439 2191 1597 2212 numerum
1612 2185 1648 2212 54
1662 2188 1731 2213 ante
1747 2186 1781 2214 48

951 2235 1059 2265 ponere
1074 2227 1265 2260 debebamus,
1279 2227 1406 2262 priorem
1424 2227 1507 2256 illum
1519 2228 1598 2256 enim
1609 2228 1690 2258 dicas
1702 2230 1781 2258 tertii

950 2272 1190 2310 triplum,tamen
1202 2273 1268 2307 post
1278 2271 1358 2299 hunc
1370 2271 1453 2300 illum
1463 2273 1781 2308 posuimus,unitatum

72 2315 196 2352 μονάδων
226 2315 378 2352 ὶπόμενοι,
406 2318 450 2345 καὶ
478 2317 509 2345 οὗ
538 2320 572 2356 τῇ
602 2319 799 2356 ἀπαριθμήσει,
825 2319 855 2353 ἣν
884 2319 897 2346 6

987 2316 1174 2345 ultitudinem
1187 2316 1332 2351 (ordinem
1345 2316 1512 2352 seriemque
1523 2319 1727 2354 numerorum)
1739 2327 1781 2348 se-

69 2360 184 2389 Πλάτων
209 2361 368 2396 πεποίηται,
383 2365 441 2393 τοῖς
457 2362 551 2401 λόγοις
567 2363 654 2391 αὐτῶν
681 2363 824 2400 ἑπόμενος,
851 2363 896 2391 καὶ

66 2404 184 2440 ἰναλλὰξ
221 2405 306 2436 τιθεὶς
344 2405 407 2437 τοὺς
442 2405 603 2439 διπλασίους
632 2408 674 2435 καὶ
707 2407 894 2445 τριπλασίους.

66 2449 175 2485 Μεταξὺ
203 2450 249 2486 μὶν
281 2449 326 2476 οὖν
353 2452 402 2477 τοῦ
427 2451 448 2482 ς’
463 2452 506 2479 καὶ
529 2453 577 2479 τοῦ
597 2452 629 2489 ιβ’
646 2452 825 2488 ἐμπισοῦνται
842 2453 856 2480 ὁ
872 2457 897 2488 η’

63 2495 108 2522 καὶ
139 2495 172 2528 0',
206 2493 303 2530 μεταξὺ
332 2493 360 2521 δὲ
384 2497 432 2522 τοῦ
449 2495 484 2533 ιβ’
509 2496 554 2523 καὶ
580 2495 619 2523 κδ’
636 2495 780 2524 διπλασίου
809 2497 895 2534 ἁρμο-

61 2539 126 2574 νική
145 2538 193 2576 μὶν
217 2538 334 2574 μεσότης
350 2539 363 2566 6
392 2539 434 2573 ις’,
461 2539 630 2577 ἀριθμητιχή
648 2539 677 2568 δὲ
690 2541 703 2567 δ
721 2544 765 2576 ιη”
797 2540 895 2577 μεταξὺ

66 2583 95 2612 δὶ
123 2585 172 2611 τοῦ
201 2581 346 2610 διπλασίου
371 2583 419 2610 τοῦ
443 2582 483 2611 κδ’
509 2584 617 2612 καὶτοῦ
634 2585 828 2623 μη¹ἀρμονικὴ
847 2586 893 2621 μὶν

762 2659 793 2692 ιβ
855 2667 883 2689 ις

835 2757 940 2778 ς’-ΧΑΙ
964 2759 978 2777 η

951 2362 1022 2396 cuti,
1031 2363 1120 2396 atque
1131 2369 1147 2388 a
1158 2360 1335 2388 numerandi
1347 2369 1428 2389 more
1443 2361 1628 2390 discedentes
1640 2362 1781 2399 Platonis,

951 2407 1012 2442 qui,
1026 2406 1169 2433 rationem
1187 2412 1378 2433 numerorum
1395 2408 1525 2439 secutus,
1538 2406 1666 2435 alternos
1676 2408 1782 2444 duplos

951 2453 980 2479 et
1002 2450 1108 2486 triplos
1137 2448 1309 2477 collocabat.
1341 2450 1451 2477 Inter6
1467 2450 1557 2486 igitur
1576 2453 1605 2478 et
1630 2452 1665 2479 42
1692 2453 1782 2481 medii

951 2495 1132 2524 intercedant
1146 2494 1163 2521 8
1179 2497 1206 2521 et
1220 2494 1238 2520 9
1254 2495 1369 2523 numeri
1386 2504 1393 2523 :
1410 2495 1486 2524 inter
1507 2496 1541 2524 42
1563 2498 1591 2524 et
1614 2497 1650 2524 24
1674 2498 1781 2534 duplos

950 2540 1122 2569 harmonica
1143 2538 1287 2567 medietas
1310 2539 1344 2567 46
1369 2542 1397 2568 et
1421 2540 1455 2569 48
1479 2541 1666 2570 arithmetica
1682 2551 1688 2570 :
1704 2543 1782 2572 inter

951 2584 1057 2621 duplos
1082 2591 1222 2611 numeros
1236 2584 1272 2611 24
1289 2587 1318 2612 et
1339 2585 1372 2611 48
1391 2584 1426 2611 32
1445 2585 1616 2615 harmoniae
1641 2587 1781 2616 medietas

951 2661 981 2687 ιη’
1052 2658 1088 2686 ιδ’
