1952 3054
149 129 225 159 1099

817 129 1026 160 MICHAELIS
1048 129 1183 160 PSELLI

1783 130 1860 159 “00

145 199 173 225 et
179 198 473 233 cognoscat;eamque
480 195 516 224 ob
524 204 644 224 causam
654 196 844 224 scientiarum
853 196 964 232 species

1075 206 1090 230 η
1107 198 1159 222 τῶν
1175 198 1302 233 γνωστῶν
1329 195 1532 231 ἑπιθοΑοὺν-ιαι,
1549 194 1645 223 διόλου
1668 195 1861 234 ἐνυπάρχοντι

146 250 210 278 quae
227 242 257 269 in
273 242 372 269 anima
386 241 500 276 insunt,
516 241 636 269 omnino
653 250 711 269 non
730 241 950 277 perturbantur.

184 287 228 314 13.
245 286 381 314 Secunda
396 293 475 321 pars,
493 294 556 321 quae
573 288 618 313 est
634 286 733 321 prima;
749 285 850 321 dupla,
879 288 978 313 osten-

151 331 204 364 dit,
221 330 480 363 animam,etiamsi
497 339 548 366 per
563 339 594 357 se
610 331 756 358 adunetnr
769 333 796 357 et
810 330 912 357 cadem
929 330 979 357 fiat

151 384 204 404 nec
220 375 356 411 prodiens
371 375 410 402 sit
425 377 453 402 et
468 375 634 408 uniformis,
653 375 808 410 procedere
825 377 926 402 tamen
952 377 981 402 et

151 419 259 448 mutari
275 419 436 447 secundum
453 427 498 454 ea,
514 427 579 454 quae
604 421 833 454 cognoscuntur.
864 419 925 450 Quo
949 419 979 446 in

149 472 255 501 genere
269 467 340 491 sunt
354 472 398 496 ea,
415 472 478 499 quae
493 463 522 490 in
537 464 727 499 generatione
742 465 812 491 sunt
827 463 933 498 posita,
951 466 978 491 et

150 510 186 536 ad
203 510 339 536 naturam
355 508 475 535 alterius
491 508 650 543 pertinent.
663 509 722 535 Hoc
737 509 782 535 est
797 507 886 543 enim,
899 508 977 543 quod

151 552 409 588 nstenditduplum
417 551 768 588 (intervallum).Quemad
774 552 893 579 modum
900 552 979 579 enim

149 597 179 625 in
197 598 257 626 Uno
271 597 349 625 idem
366 598 444 629 (nam
461 597 516 624 etsi
533 604 590 624 non
606 596 737 630 alteri,at
752 599 855 624 contra
874 604 908 623 ea
923 595 987 623 sibi-

151 651 274 678 prorsus
288 641 368 669 idem
385 641 474 677 [est]),
492 641 534 668 sic
550 641 579 668 in
595 641 711 669 duobus
726 640 767 674 id,
784 641 861 677 quod
887 641 980 668 diver-

151 695 218 715 sum
247 685 396 721 (alterum)
427 687 481 713 est.
497 685 578 717 Quod
609 685 727 721 quidem
758 693 816 712 non
839 693 856 712 a
883 685 980 720 seipso

153 731 302 759 diversum
319 730 397 766 (est),
422 730 473 757 sed
502 737 519 757 θ.
544 730 658 757 diverso
683 730 846 764 diversum,
871 729 912 756 ita
937 731 980 762 ut,

153 775 269 804 etiamsi
285 783 344 802 non
359 774 507 802 discordet
519 783 535 801 θ.
551 774 659 810 seipso,
676 774 712 801 ab
727 773 785 801 alio
801 773 955 801 dissideat.

188 821 233 848 44.
250 820 348 848 Tertia
363 828 441 855 pars,
458 828 522 855 quas
535 819 610 847 duas
625 819 714 847 habet
739 821 768 846 et
793 819 828 846 ad
855 819 981 854 primam

153 868 182 893 et
196 866 232 892 ad
249 865 410 892 secundam
424 864 561 900 (partem)
585 863 762 900 (habituum)
788 863 927 898 rationes,
953 865 982 890 et

152 910 254 946 prima:
270 908 358 945 tripla
373 911 419 936 est
433 909 627 944 secundaeque
648 908 851 944 sesquialtera,
877 908 978 944 cogni-

152 953 262 981 tionem
280 953 374 989 aperit
389 953 425 981 ad
441 961 475 980 ea
490 953 611 981 omnino
624 954 898 989 pertinentem,quae
914 961 980 980 sen-

155 998 254 1026 sibilia
277 1000 358 1030 sunt,
385 1006 450 1033 qua:
473 998 592 1033 quidem
617 999 671 1025 etsi
698 1006 749 1034 per
772 997 981 1025 subsistentias

154 1044 199 1077 (ut
213 1042 268 1070 hac
282 1050 350 1070 voce
364 1041 452 1075 ultar)
464 1044 608 1078 augentur
624 1050 691 1070 nam
707 1041 765 1069 tria
780 1041 981 1069 multitudinis

157 1349 276 1377 initium
291 1348 368 1384 (ost),
381 1347 509 1384 simplici
522 1349 619 1375 tamen
635 1349 664 1375 et
679 1347 793 1376 sincera
808 1348 984 1384 cognitionis

157 1394 208 1430 (vi)
224 1395 312 1429 atque
328 1401 371 1426 eo,
388 1392 466 1428 quod
484 1392 654 1420 universum
670 1392 788 1427 dicitur,
805 1393 982 1427 adunantur,

158 1441 187 1466 et
202 1446 268 1465 vero
285 1437 313 1464 in
331 1437 425 1464 multa
437 1436 684 1472 (multitudinem)
699 1445 733 1463 ex
758 1437 984 1472 particularibus

159 1483 414 1519 coguntumttque
422 1481 482 1508 haec
491 1480 608 1515 quidem
622 1480 714 1507 multa
723 1483 751 1507 et
759 1481 873 1509 diversa
881 1482 985 1517 (sunt),

158 1527 210 1555 sed
225 1526 353 1562 cognitio
369 1525 419 1552 illa
434 1527 462 1552 et
477 1524 603 1560 simplex
616 1528 661 1552 est
683 1533 777 1560 neque
800 1525 925 1553 diversa.
945 1527 985 1553 Ac

157 1573 296 1607 praeterea
309 1568 531 1604 sesquialteram
544 1568 633 1596 habet
649 1569 791 1596 rationem
818 1570 853 1597 ad
877 1579 985 1598 secun-

156 1616 223 1643 dam
241 1615 388 1660 (partem),
406 1613 655 1660 ostenditquetut
668 1614 783 1660 opinor,
801 1616 885 1649 ratio,
908 1614 981 1660 illud
997 1627 1019 1660 α

158 1660 269 1695 ipsum,
286 1658 363 1694 quod
380 1659 499 1685 auctum
515 1660 544 1685 et
559 1657 788 1693 multiplicatum
805 1662 859 1692 est,
876 1659 930 1686 etsi
955 1660 985 1686 in

158 1704 330 1732 universum
346 1701 432 1730 simul
454 1704 484 1729 et
509 1701 635 1737 simplex
659 1704 812 1738 (tanquam
838 1703 867 1730 in
894 1712 986 1731 unum

160 1748 307 1784 quoddam
324 1746 696 1782 redactum)copuletur,ex
704 1747 831 1783 simplici
845 1750 941 1776 tamen
951 1749 986 1776 ad

160 1792 381 1820 multitudinem
398 1791 495 1827 colligi
512 1799 519 1818 :
535 1798 570 1818 ex
586 1790 721 1826 pluribus
737 1792 815 1818 enim
834 1801 923 1820 unum
942 1793 985 1826 ﬁt,

160 1846 194 1865 ex
209 1845 267 1865 uno
283 1845 360 1872 saepe
375 1836 434 1864 hac
450 1835 534 1871 plura
557 1835 751 1870 (multitudo).
776 1837 818 1863 Ad
844 1837 986 1864 sensibile

158 1882 258 1917 igitur,
274 1881 350 1916 quod
375 1880 506 1908 ostendit
533 1880 664 1907 secunda
689 1888 756 1916 pars
780 1881 987 1916 (sesquialtera

157 1926 209 1965 illa
232 1926 316 1959 ratio)
343 1924 567 1952 multitudinem
588 1924 719 1960 apponit,
745 1933 834 1960 quam
860 1926 989 1953 ostendit

156 1970 252 2003 tertia,
270 1972 429 2004 utrumque
445 1971 544 1996 autem
559 1976 594 1996 ex
608 1977 653 2002 eo,
669 1969 746 2004 quod
764 1969 880 2005 proprie
896 1977 988 1997 unum

152 2014 270 2048 dicitur,
287 2016 492 2049 comparatum
508 2015 553 2040 est
567 2013 707 2048 (pendet).
727 2013 796 2045 Quae
812 2014 837 2040 si
855 2014 890 2040 ad
908 2013 988 2042 illius

151 2059 401 2094 comparationem
426 2057 504 2085 inter
527 2065 559 2085 se
584 2059 743 2085 censentur
770 2059 809 2092 (et
834 2058 988 2086 aestiman-

151 2104 223 2138 tur),
239 2102 378 2130 sensibile
394 2101 467 2129 illud
484 2101 607 2137 simplex
631 2102 667 2129 ab
695 2109 740 2136 eo,
765 2102 843 2137 quod
871 2103 987 2138 proprie

157 2155 249 2175 unum
267 2146 512 2182 dicitur,propius
525 2146 608 2174 abest
621 2154 710 2181 quam
727 2146 756 2174 id
771 2147 846 2181 quod
863 2149 982 2175 auctum

1031 241 1065 276 τῇ
1082 241 1171 277 ψυχῇ-

1071 287 1113 321 vf.
1128 285 1159 312 Ἡ
1176 283 1286 322 δευτέρα
1308 287 1401 321 μοῖρα,
1430 284 1559 312 διπλασία
1582 288 1632 320 τῆς
1654 285 1769 322 πρώτης
1783 283 1861 320 οὖσα,

1033 327 1128 364 δηλοῖ,
1155 328 1196 355 ὅτι
1222 328 1247 355 εἲ
1267 328 1312 356 καὶ
1338 329 1364 356 ἰν
1394 329 1476 366 ἑαυτῇ
1502 329 1615 364 ινίζεται
1638 330 1682 357 καὶ
1705 329 1861 363 ταυτίζετοιι

1032 372 1077 400 καὶ
1097 372 1290 412 ἀνεκφοίτητός
1320 373 1375 401 ἐστι
1402 374 1447 401 καὶ
1471 372 1617 410 μονοειδὴς
1641 374 1659 408 ἡ
1683 375 1775 412 ψυχὴ,
1797 373 1862 400 ἀλλ’

1034 417 1078 443 οὖν
1108 418 1274 455 προέρχεται
1303 417 1347 445 καὶ
1382 417 1556 446 ποικίλλεται
1581 419 1650 446 κατὰ
1677 418 1711 445 τά
1738 419 1861 455 γνωστὰ.

1034 462 1125 489 Ταῦτα
1140 460 1173 496 δὴ
1189 463 1222 488 τὰ
1238 462 1263 489 ἐι
1280 463 1382 499 γινὲσιι
1409 463 1453 490 καὶ
1478 463 1511 490 τὰ
1534 466 1584 497 τῆς
1608 464 1720 500 θατέρου
1740 463 1862 499 φύσεως.

1033 507 1117 533 Τοῦτο
1141 506 1191 544 γὰρ
1221 505 1305 541 δηλοῖ
1328 507 1360 534 τὸ
1387 506 1542 536 διπλάσιον.
1569 510 1612 538 Ὡς
1641 507 1690 545 γὰρ
1723 507 1749 534 ἐν
1764 509 1806 542 τῷ
1823 507 1861 534 ἐνὶ

1033 549 1064 577 τὸ
1093 550 1187 577 ταυτὸν
1220 550 1253 586 (εἰ
1282 551 1333 588 γὰρ
1364 552 1403 587 μὴ
1434 551 1518 588 ἑτέρῳ
1547 551 1653 585 ταύτὸν,
1684 550 1745 579 ἀλλ’
1774 551 1808 578 αὖ
1833 561 1862 588 γε

1034 593 1117 630 ἐαυτψ
1146 595 1277 631 πάντως),
1307 595 1394 627 οὕτως
1423 595 1448 623 ἐν
1477 598 1535 626 τοῖς
1559 594 1618 623 δυσῖ
1641 595 1672 623 τὸ
1693 595 1786 633 ἕτερον
1803 604 1810 610 “
1830 595 1862 622 οὐ

1034 639 1085 676 γάρ
1115 639 1210 666 ἑαυτοῦ
1234 638 1336 677 ἕτερον,
1360 639 1424 667 ἀλλ’
1446 639 1538 677 ἑτέρου
1563 639 1652 677 ἕτερον
1671 650 1678 657 ·
1709 640 1790 673 ὥστε,
1817 641 1863 667 καὶ

1034 683 1103 721 πρὸς
1127 683 1206 710 ἑαυτὸ
1234 683 1411 712 ἀστασίαστον
1438 685 1530 721 μᾶνον,
1561 685 1696 719 στασιάζει
1726 683 1865 716 πολλάκις

1035 727 1102 764 πρὸς
1118 726 1198 756 ὰλλο.

1073 814 1113 844 ιδί.
1130 817 1161 845 Ἠ
1185 816 1264 854 τρίτη
1284 820 1377 854 μοῖρα,
1403 817 1451 845 δύο
1476 816 1578 856 ἔχουσα
1605 819 1713 856 σχέσεις
1744 818 1815 854 πρός
1831 828 1861 845 τι

1034 861 1084 894 τὴν
1100 861 1211 898 πρώτην
1226 861 1270 888 καὶ
1285 863 1352 898 πρὸς
1374 863 1425 895 τήν
1451 861 1588 900 δευτέραν,
1609 863 1654 890 καὶ
1673 863 1723 897 τῆς
1745 867 1862 900 πρώτης

1035 905 1101 932 οὖσα
1115 905 1273 943 τριπλασία.
1289 910 1339 941 τῆς
1366 905 1394 934 δὲ
1419 906 1545 944 δευτέρας
1569 905 1698 943 ἡμιολία,
1717 905 1861 941 δηλοῐτὴν

1036 949 1074 980 εἷς
1085 950 1119 977 τὰ
1137 949 1253 985 αἰσθητὰ
1276 950 1384 982 πάντως
1406 954 1518 989 γνῶσιν,
1540 950 1607 989 ἅπερ
1632 951 1655 978 εί
1679 951 1724 978 καὶ
1751 950 1862 985 πληθῦ-

1035 1005 1125 1022 νοντιιι
1154 995 1221 1023 κατὰ
1248 996 1296 1027 τὰς
1326 995 1497 1032 ὕποστάτεις,
1522 998 1536 1024 ὁ
1561 998 1611 1035 γὰρ
1641 997 1703 1034 τρία
1736 996 1864 1032 πλήθους

1037 1039 1121 1077 ἀρχή,
1138 1038 1202 1066 ἀλλ’
1217 1039 1263 1067 οὖν
1289 1040 1421 1075 ἐνίζονται
1450 1044 1490 1078 τῷ
1511 1041 1602 1078 ἰνιαίῳ
1629 1041 1674 1069 καὶ
1704 1041 1786 1077 ἀπλῷ
1815 1045 1866 1075 τῆς

1038 1358 1165 1385 γνωσεως
1192 1347 1237 1375 καὶ
1263 1349 1302 1383 τῷ
1328 1344 1457 1381 καθόλου,
1482 1347 1528 1374 καὶ
1558 1347 1624 1383 μετᾶ
1651 1347 1685 1374 τὰ
1713 1346 1809 1375 πολλᾶ
1838 1347 1868 1374 ἐκ

1036 1395 1090 1420 τῶν
1123 1395 1240 1430 μερικῶν
1280 1392 1443 1429 συνάγεται·
1483 1392 1593 1419 κάκεῖνα
1626 1392 1673 1428 μὲν
1701 1391 1797 1419 πολλὰ
1821 1393 1867 1419 καὶ

1039 1435 1164 1476 διάφορα,
1192 1438 1210 1471 ἡ
1238 1435 1267 1463 δὲ
1289 1438 1388 1474 γνῶσις
1421 1434 1495 1470 ἁπλῆ
1525 1435 1570 1463 καὶ
1600 1434 1757 1475 ἀδιάφορος.
1787 1435 1867 1471 Πλὴν

1039 1480 1097 1518 ἔχει
1121 1481 1166 1508 καὶ
1194 1481 1264 1518 πρὸς
1290 1481 1340 1515 τὴν
1370 1479 1494 1516 δευτέραν
1523 1481 1568 1507 τὸν
1594 1479 1726 1516 ἡμιόλιον
1756 1479 1844 1518 λόγον
1860 1504 1867 1516 ,

1041 1525 1267 1563 ὑπεμφαίνοντος,
1284 1525 1373 1560 οἶμαι,
1385 1526 1434 1551 τοῦ
1449 1523 1543 1561 λόγου,
1555 1523 1596 1552 ὅτι
1612 1524 1637 1551 εἴ
1649 1524 1694 1552 καὶ
1709 1525 1740 1552 τὸ
1756 1524 1868 1560 πεπλη-

1039 1569 1169 1606 θυσμὲνον
1195 1569 1232 1601 είς
1256 1569 1287 1596 τὸ
1313 1568 1433 1596 καθόλου
1457 1569 1501 1596 καὶ
1527 1568 1628 1596 ἐνιαῖον
1653 1568 1770 1603 ἑνοῦται,
1800 1569 1868 1596 ἀλλ’

1039 1613 1086 1640 οὖν
1103 1613 1148 1641 καὶ
1163 1613 1229 1641 αὐτὸ
1244 1613 1278 1640 τὰ
1299 1612 1525 1649 πεπληθυσμένον
1549 1612 1576 1648 ἐξ
1601 1613 1700 1640 ἐνιαίου
1725 1614 1870 1651 συνάγεται

1041 1658 1078 1689 εἷς
1095 1657 1203 1692 πλῆθος
1219 1668 1224 1674 ·
1243 1658 1272 1685 ἐκ
1295 1657 1347 1695 γὰρ
1369 1657 1483 1685 πολλῶν
1509 1658 1640 1685 τοιούτων
1665 1658 1697 1685 τὸ
1725 1657 1761 1691 ἰν,
1777 1658 1824 1685 καὶ
1843 1659 1870 1694 ἐξ

1042 1703 1101 1734 ἑνὸς
1113 1705 1236 1730 τοιοῦτον
1253 1702 1389 1733 πολλάκις
1407 1703 1438 1729 τὸ
1454 1702 1573 1737 πλῆθος.
1590 1702 1652 1730 Ἐπὶ
1666 1703 1712 1730 οὖν
1726 1703 1757 1730 τὸ
1775 1702 1871 1738 αἰσθη-

1042 1747 1099 1781 τὸν,
1115 1745 1130 1774 ὅ
1146 1745 1256 1782 δηλοῖὴ
1273 1746 1383 1784 δευτέρα
1395 1749 1489 1784 μοῖρα,
1513 1747 1544 1774 τὸ
1567 1746 1674 1781 πλῆθος
1690 1747 1869 1784 παρίστησιν,

1043 1791 1057 1818 ὃ
1073 1790 1156 1826 δηλοῖ
1171 1793 1187 1826 ὴ
1212 1791 1302 1829 τρίτη,
1325 1792 1436 1829 ἑκάτερα
1460 1790 1489 1818 δὶ
1506 1793 1554 1818 τοῦ
1579 1791 1678 1829 κυρίως
1703 1792 1762 1823 ἑνὸς
1790 1791 1871 1830 ἐξήρ-

1042 1846 1148 1870 τηνται.
1179 1835 1272 1864 Αὐτῶν
1303 1836 1349 1872 μὲν
1386 1836 1454 1872 πρὸς
1479 1836 1566 1863 ἐκεῖνο
1600 1835 1811 1872 ἐξεταζομένων,
1839 1838 1871 1864 τὸ

1044 1879 1170 1914 αἰσθητὸν
1197 1880 1294 1907 ὶνιαῖον
1319 1879 1462 1917 ὶγγύτιρόν
1490 1880 1544 1907 ἐστι
1569 1882 1619 1907 τυῦ
1642 1880 1744 1918 κυρίως
1772 1880 1830 1912 ἐνὸς
1851 1880 1870 1916 ἥ

1042 1923 1073 1950 τὸ
1098 1922 1335 1960 πεπληθυσμένον,
1359 1924 1396 1955 ὡς
1414 1925 1427 1951 ὁ
1452 1922 1596 1956 διπλάσιος
1621 1923 1664 1951 διὸ
1690 1927 1739 1952 τοῦ
1763 1924 1834 1956 ἐνὸς,
1850 1925 1869 1960 ἤ

1043 1968 1057 1994 ὁ
1081 1966 1254 2004 τριπλάσιος.
1284 1968 1318 1995 Τὸ
1345 1968 1395 2006 γάρ
1421 1968 1446 1995 ἐν
1477 1968 1618 1999 τοσούτοις
1646 1972 1750 2005 μεῖζον,
1769 1980 1869 2007 μαχρι-

1043 2012 1111 2047 σμόν
1141 2014 1197 2048 (14)
1223 2023 1284 2039 τινα
1313 2012 1472 2051 ἑπεμφαίνει
1500 2013 1545 2040 καὶ
1572 2011 1768 2051 ἀλλοτρίωσιν.
1793 2015 1871 2042 Αὐτᾶ

1043 2055 1072 2084 δὶ
1084 2057 1152 2093 πρὸς
1179 2055 1292 2092 ἄλληλα
1316 2057 1514 2095 συγκρινόμενα
1538 2057 1648 2095 εὕρηται
1663 2058 1871 2096 συρεγγύτερον⁹

1043 2101 1079 2132 ὡς
1108 2100 1133 2127 ὲν
1157 2100 1280 2137 ἡμιολίῳ
1317 2101 1380 2139 γὰρ,
1423 2102 1460 2132 ὡς
1496 2102 1638 2140 ἀμφότερα
1663 2103 1716 2129 ὑπὸ
1743 2103 1870 2138 αἱσθησιν

1043 2143 1117 2173 ὄντα.

158 2190 447 2227 multiplicatumquo
463 2192 517 2223 est,
535 2189 611 2217 sicut
627 2189 736 2226 duplus
751 2191 913 2227 (numerus)
930 2191 979 2218 uni
996 2190 1114 2226 propior
1131 2193 1176 2218 est
1191 2199 1281 2227 quam
1298 2191 1416 2226 triplus.
1433 2191 1515 2225 Quod
1536 2191 1566 2219 in
1593 2190 1642 2219 isti
1664 2191 1743 2219 enim
1770 2193 1870 2228 majus

157 2239 212 2270 est,
227 2235 424 2272 prolixitatem
441 2234 602 2269 quamdam
618 2237 647 2262 et
661 2234 869 2263 alienationem
887 2244 944 2271 pra:
959 2244 991 2263 se
1006 2235 1070 2262 fert.
1097 2236 1176 2262 Inter
1198 2243 1229 2262 se
1253 2238 1351 2263 autem
1374 2238 1553 2271 comparata,
1580 2236 1718 2271 propiora
1741 2236 1867 2265 alterum

158 2280 242 2308 alteri
257 2287 320 2308 esse
334 2279 397 2307 visa
413 2278 549 2314 (reperta)
564 2281 650 2313 sunt;
669 2287 737 2307 nam
753 2279 833 2307 velut
848 2280 876 2307 in
893 2279 1087 2316 sesquialtera
1102 2279 1246 2315 (ratione),
1264 2280 1306 2307 sic
1322 2281 1481 2315 utrumque
1497 2281 1552 2308 sub
1568 2288 1689 2308 sensum
1705 2281 1793 2308 cadit.

194 2325 237 2352 15.
261 2324 370 2357 Quarta
395 2331 474 2360 pars,
500 2331 563 2359 quae
588 2323 725 2351 secundae
749 2324 839 2359 dupla
865 2327 919 2359 est,
945 2328 966 2352 el

1078 2326 1116 2351 ιε’.
1144 2324 1176 2351 Ἡ
1204 2323 1318 2360 τετάρτη
1361 2326 1454 2360 μοῖρα,
1495 2322 1624 2351 διπλασ.α
1661 2328 1711 2359 τῆς
1740 2323 1866 2362 δευτέρας

156 2372 257 2398 contra
272 2377 361 2397 unam
373 2368 454 2396 illam
467 2368 698 2404 posita,planum
711 2368 798 2395 habet
809 2369 984 2404 quadrilate-

157 2423 234 2448 rum,
249 2413 460 2450 cognitionem,
477 2421 540 2448 qua;
561 2414 606 2440 est
629 2413 659 2440 in
684 2412 852 2446 latitudine,
878 2414 983 2449 aperit.

156 2459 252 2490 Quare
267 2458 304 2486 ab
320 2466 377 2485 uno
395 2457 512 2489 recedit,
526 2465 593 2484 cum
610 2456 794 2492 longitudine
809 2459 908 2485 autem
924 2457 984 2486 sive

157 2502 298 2530 dualitate
313 2501 618 2537 comparatur.0mnis
634 2501 712 2529 enim
728 2502 983 2538 cognitio,longis-

158 2547 233 2575 sime
247 2554 403 2583 progressa
418 2553 590 2582 quanquam
606 2554 640 2573 ex
656 2554 713 2573 uno
729 2546 846 2582 pendet,
863 2546 939 2574 sicut
948 2555 983 2575 ex

159 2591 270 2619 unitate
294 2591 391 2619 omnis
417 2598 569 2624 numerus,
594 2597 718 2626 eamque
741 2591 778 2618 ob
802 2599 923 2619 causam
946 2591 982 2619 ad

159 2644 250 2664 unum
265 2635 333 2671 plus
343 2634 468 2670 pertinet
481 2635 682 2671 (accomodata
696 2635 731 2663 ad
745 2643 835 2663 unum
846 2636 913 2671 est),
930 2644 982 2664 ne-

157 2689 215 2716 que
227 2682 324 2708 tamen
337 2679 366 2707 in
384 2678 598 2716 longitudinem
614 2688 684 2708 sane
708 2680 825 2715 crescit,
850 2681 921 2708 dum
949 2689 983 2708 ex

157 2725 269 2753 unitate
285 2724 402 2761 pendet.
418 2724 460 2751 Ab
475 2723 527 2752 illa
541 2727 638 2752 autem
656 2724 740 2760 quasi
766 2724 890 2753 dimissa
914 2733 982 2753 cum

1040 2367 1116 2402 οὖσι,
1132 2367 1177 2394 καὶ
1204 2368 1270 2405 πρὸς
1294 2368 1343 2402 τήν
1371 2368 1433 2403 μίαν
1464 2367 1650 2404 ἀντικειμένη,
1678 2369 1723 2396 καὶ
1747 2368 1801 2404 ἤδη
1827 2381 1868 2397 τε-

1039 2411 1207 2449 τρᾶπλιυρον
1237 2412 1268 2439 τὸ
1294 2411 1420 2439 ἐπίπεδον
1461 2412 1574 2450 ἴχουσα,
1609 2411 1691 2448 δηλοῖ
1720 2415 1769 2448 τήν
1798 2415 1866 2442 κατὰ

1039 2456 1141 2487 πλάτος
1171 2457 1281 2494 γνῶσὶν.
1312 2457 1360 2484 Διὰ
1385 2459 1465 2484 τοῦτο
1496 2458 1548 2494 γὰρ
1577 2457 1623 2484 καὶ
1651 2459 1699 2484 τοῦ
1729 2457 1788 2489 ἐνὸς
1816 2459 1864 2495 μὲν

1038 2500 1192 2539 ἀφίσταται,
1208 2503 1247 2536 τῷ
1265 2502 1345 2537 μήκει
1369 2499 1399 2528 δὲ
1421 2500 1474 2529 εἴτε
1500 2501 1545 2528 οὖν
1568 2503 1601 2538 τῇ
1625 2500 1702 2529 δυάδι
1726 2502 1866 2538 ἀντιξετά-

1040 2548 1123 2579 ζιται.
1152 2547 1227 2572 Πᾶσα
1255 2545 1305 2583 γὰρ
1339 2547 1449 2583 γνῶσις,
1487 2545 1531 2573 ἐπὶ
1561 2547 1694 2582 μήκιστον
1719 2550 1864 2583 προϊοῦσα,

1038 2589 1157 2627 ἇξὲχεται
1189 2590 1235 2626 μὲν
1262 2592 1310 2617 τοῦ
1344 2590 1415 2626 ἑνὸς,
1451 2590 1489 2622 ὡς
1517 2590 1562 2617 καὶ
1591 2594 1644 2621 πᾶς
1671 2590 1789 2629 ἀριθμὸς
1816 2597 1866 2627 τῆς

1040 2633 1167 2671 μονάδος,
1192 2634 1237 2662 καὶ
1261 2634 1330 2662 κατὰ
1349 2637 1430 2663 τοῦτο
1462 2634 1607 2672 ἐνικωτέρα
1635 2635 1718 2670 ἐστὶν,
1746 2636 1777 2663 οὐ
1810 2638 1862 2673 μὴν

1037 2678 1067 2706 δὲ
1084 2679 1129 2707 καὶ
1154 2679 1192 2711 εἰς
1217 2678 1321 2710 πλάτος
1352 2678 1519 2715 ἐπιδίδωσιν,
1550 2679 1602 2706 ἐστ’
1630 2679 1660 2707 ἂν
1690 2684 1740 2715 τῆς
1772 2681 1864 2713 ὶνάόος

1037 2724 1168 2762 ἐξέχεται,
1198 2725 1262 2753 Ὂτε
1289 2723 1318 2751 δὲ
1346 2724 1449 2760 ἐκείνης
1477 2726 1536 2752 οἷον
1564 2725 1685 2763 ἀφεμένη
1710 2724 1863 2764 ἐπικάμψει

191 2811 246 2848 (14)
263 2810 435 2848 Μακρισμόν.
453 2811 525 2844 Vox,
542 2810 638 2845 credo,
655 2819 671 2838 a
688 2809 779 2838 Psello
795 2809 924 2839 inventa.
939 2811 1054 2840 Linon.
