1952 3054
67 173 143 203 ΗΟῙ

624 176 662 205 ΙΝ
684 176 990 208 PSYGHOGONIAM
1015 178 1221 208 PLATONIS.

1694 178 1773 209 “02

64 238 108 264 καὶ
126 238 281 276 πλαγιάσει,
298 239 384 274 διπλῆ
398 251 440 272 τις
467 241 504 272 ὡς
527 241 557 269 ἃν
582 241 731 280 ἐγγίγνεται
752 244 791 278 τῷ
810 242 875 278 (nix:

971 243 1096 271 ainﬂexit
1107 246 1135 271 et
1145 244 1316 279 obliquavit,
1325 244 1433 279 duplex
1444 244 1661 279 quodammodo
1673 244 1771 280 (facta)

62 283 208 321 πρότερον,
226 284 282 312 εἶτα
304 285 349 313 καὶ
372 286 412 322 τῷ
437 285 545 320 πλάτει,
569 287 613 313 καὶ
639 285 813 313 ἐπιπεδοῦται
830 287 886 314 οἷον

59 327 92 354 τὸ
122 330 256 365 γινῶσκον
282 330 351 357 κατὰ
374 331 405 358 τὸ
429 333 477 358 τοῦ
508 332 713 368 γινωσκομένου
749 330 886 365 ἐπίπεδον,

58 371 74 398 ’ὁ
89 370 174 407 δηλοῖ
188 373 299 401 ἐνταῦθα
322 376 339 409 ἡ
362 375 476 413 τετάρτη
493 378 576 413 μοῖρα
600 376 669 413 πρὸς
691 376 738 410 τήν
764 374 888 414 δευτέραν

58 416 107 443 καὶ
126 417 210 454 μόνην
227 417 412 456 ἀντικειμένη.

101 511 131 539 ις’
145 508 177 536 Ἠ
193 509 304 545 πέμπτη
325 512 420 547 μοῖρα,
447 509 597 547 τριπλασία
619 511 669 544 τῆς
692 510 786 547 τρίτης
810 510 885 546 οὖσα,

57 553 106 580 καὶ
124 553 194 588 μήτε
208 553 276 591 πρὸς
302 554 350 588 τήν
374 553 498 591 δευτέραν
526 556 596 591 μήτε
619 555 688 592 πρὸς
709 554 757 589 τὴν
773 555 885 592 πρώτην

58 597 248 633 ἀντικειμένη,
272 597 358 633 δηλοῖ
378 599 409 626 τὸ
434 601 488 626 τῶν
513 599 638 637 γνώσεων
663 598 747 628 πολύ.
773 600 887 635 Πυομήν

57 642 114 679 γὰρ
129 644 183 670 τῶν
199 641 312 670 πολλῶν
338 643 371 670 τὰ
395 643 466 680 τρία.
483 643 623 675 Πολλάκις
645 642 673 671 ὃέ
697 643 790 671 πολλὰ
804 644 837 671 τὰ
854 644 884 675 θ’·

55 686 119 714 ὅθεν
135 687 178 714 καὶ
198 687 299 723 μούσας
313 688 334 714 θ’
350 688 375 715 οἱ
400 688 513 724 ποιηταί
535 699 626 726 φασιν,
643 688 725 715 οἱονεὶ
749 687 886 719 πολλάκις

56 731 178 762 πολλάς.
193 731 230 758 Τὰ
245 730 273 759 δὲ
298 731 391 759 πολλὰ
415 731 476 760 οὔτε
496 733 565 770 πρὸς
589 733 620 760 τὸ
635 731 662 760 ἓν
687 731 746 770 ἔχει
760 733 810 767 τὴν
825 733 887 760 ἀντ-

57 776 188 812 εξέτοισιν,
205 776 241 807 ὡς
271 775 335 804 οὐδὲ
360 777 391 804 τὸ
421 776 549 804 ἐπίπεδον
578 776 594 811 ἢ
625 777 656 804 τὸ
681 777 788 814 στερεὸν
817 777 885 815 πρὸς

55 821 109 854 τήν
137 821 266 859 στιγμὴν,
295 819 358 848 οὔτε
386 821 433 857 μὲν
464 821 533 858 πρὸς
558 821 591 848 τὰ
619 820 677 856 δύο,
709 821 799 859 ὥσπερ
823 820 886 849 οὑδὶ

56 864 133 892 οἰκία
157 865 226 902 πρὸς
251 865 391 901 θεμέλιον,
415 865 460 892 καὶ
484 865 582 893 πλοῖον
610 866 678 903 πρὸς
707 865 812 904 τρόπιν,
840 866 884 893 καὶ

55 910 129 936 ἅπαν
154 909 223 947 πρὸς
247 909 348 947 ἀρχήν·
376 909 490 946 οὐδεμία
512 909 541 937 δὲ
565 910 638 947 ἀρχὴ
666 910 799 947 συγγενὴς
825 913 884 941 τοῖς

51 952 176 988 τίλεσιν,
193 954 266 991 ἀρχή
293 953 321 981 δὲ
345 953 470 989 πλήθους
494 956 511 989 ἡ
536 953 612 990 δυὰς,
630 954 660 981 οὗ
676 954 794 989 πλῆθος·
810 954 884 982 ἀλλὰ

50 999 89 1026 τὰ
113 997 206 1026 πολλὰ
227 999 294 1036 πρὸς
320 998 421 1027 πολλὰ.
438 1000 518 1031 ’Όθεν
535 1000 548 1026 ὁ
563 1000 584 1031 θ’
599 1000 667 1036 πρὸς
691 999 736 1026 τὸν
753 1000 776 1037 γ’
793 998 881 1034 ἐξετὰ-

53 1045 140 1078 ζεται,
156 1043 186 1070 τὸ
202 1042 309 1075 πλῆθος
325 1043 394 1080 πρὸς
413 1043 443 1070 τὸ
459 1043 574 1078 πλῆθος,
590 1043 635 1070 καὶ
657 1042 817 1082 ὑπεμιραῖνει
832 1043 878 1071 τὸν

50 1086 215 1124 τριπλάσιον
229 1087 298 1115 κατὰ
312 1087 383 1115 πολὺ
400 1087 620 1124 πληθυνόμενος.

941 287 1068 322 primum
1085 288 1268 316 multitudini
1284 290 1345 316 tum
1364 297 1429 316 vero
1450 288 1600 316 latitudini
1621 289 1706 324 quasi
1727 289 1771 316 in-

942 333 1083 360 nascitur.
1095 334 1128 360 Et
1138 341 1204 360 vero
1215 332 1255 366 id,
1272 334 1346 368 quod
1359 333 1504 367 cognocit,
1514 332 1599 369 quasi
1607 332 1730 368 planum
1741 341 1771 362 se

943 377 1011 404 facit
1028 377 1217 405 accomodate
1242 377 1278 405 ad
1304 378 1378 413 ejus,
1392 378 1469 413 quod
1494 378 1692 414 cognoscitur,
1707 378 1770 414 pla-

943 429 1026 455 num,
1045 421 1124 456 quod
1141 421 1187 449 hic
1203 421 1331 450 ostendit
1346 424 1451 457 quarta
1475 430 1555 457 pars,
1571 430 1635 457 quae
1650 421 1770 457 quidem

943 469 1045 494 contra
1059 466 1219 494 secundam
1230 469 1260 494 et
1276 475 1364 494 unum
1378 466 1459 494 illam
1480 466 1575 502 posita
1591 469 1645 495 est.

979 510 1023 538 16.
1039 510 1149 542 Quinta
1164 519 1245 547 pars,
1261 511 1353 538 tertiae
1369 511 1469 547 tripla,
1487 519 1582 547 neque
1605 513 1707 539 contra
1721 519 1767 539 se-

942 555 1069 582 cundam
1087 563 1181 591 neque
1189 558 1290 583 contra
1305 555 1432 591 primum
1447 556 1552 591 posita,
1567 556 1769 592 cognitionum

941 599 1162 627 multitudinem
1172 599 1557 628 ostendit.Fundamentum
1567 600 1645 628 enim
1654 608 1766 633 eorum,

942 651 1004 679 quis
1021 643 1114 671 multa
1130 644 1330 677 nominantur,
1348 644 1403 672 tria
1427 646 1506 672 sunt.
1533 644 1643 673 Pluries
1668 647 1765 672 autem

942 688 977 724 (si
991 689 1162 724 sumuntur)
1181 688 1284 723 multa,
1302 697 1406 716 novem
1418 688 1621 724 (efﬁciuntur).
1634 689 1703 717 Inde
1713 697 1766 717 no-

941 741 1005 760 vem
1016 733 1115 760 Musas
1126 732 1213 760 veluti
1222 732 1331 769 pluries
1339 733 1448 761 multas
1459 736 1548 768 poeta:
1555 734 1651 762 dicere
1660 734 1765 761 solent.

941 777 1031 805 Multa
1038 779 1135 805 tamen
1144 777 1256 805 nullam
1265 778 1513 813 comparationem
1528 786 1623 814 neque
1633 778 1669 806 ad
1681 787 1767 806 unum

943 821 1146 856 habentAsicut
1158 830 1214 849 non
1232 821 1352 857 planum
1362 824 1413 849 aut
1424 821 1551 850 solidum
1562 823 1597 850 ad
1611 825 1765 858 punctum,

941 874 1036 902 neque
1050 874 1116 893 vero
1129 866 1163 893 ad
1178 866 1326 893 binarium
1339 867 1763 902 numerum,quemadmodum

941 919 1035 946 neque
1055 912 1107 938 aut
1126 911 1162 938 ad
1183 910 1412 938 fundamentum
1435 911 1548 945 domus,
1565 913 1616 938 aut
1631 911 1714 939 navis
1727 911 1763 938 ad

938 954 1079 989 carinam,
1101 956 1152 982 aut
1176 954 1347 982 universum
1373 955 1408 982 ad
1431 954 1611 990 principium
1637 963 1644 982 :
1669 963 1763 991 neque

938 999 1016 1026 enim
1046 999 1141 1026 ullum
1166 999 1344 1034 principium
1369 999 1507 1027 extremis
1530 1001 1686 1035 cognatum
1707 1002 1762 1033 est,

939 1051 1108 1079 quanquam
1124 1043 1321 1070 multitudinis
1339 1043 1530 1079 principium,
1549 1052 1606 1071 non
1623 1044 1744 1072 multitu
1758 1060 1761 1063 -

938 1089 986 1120 do.
1000 1088 1129 1115 dualitas
1140 1090 1204 1121 est;
1221 1088 1272 1116 sed
1289 1087 1383 1115 multa
1395 1088 1603 1124 (habentinter
1615 1119 1617 1121 _
1628 1097 1660 1116 se
1680 1097 1759 1116 com-

53 1133 260 1168 parationem).
278 1133 340 1164 Qua
354 1141 389 1160 ex
405 1141 435 1160 re
452 1141 592 1161 numerus
609 1133 645 1160 lX
659 1142 726 1161 cum
743 1135 791 1167 IlI,
809 1136 841 1161 ut
853 1133 1013 1161 multitudo
1028 1141 1095 1160 cum
1112 1132 1313 1166 multitudine,
1331 1135 1517 1168 comparatur
1532 1135 1562 1161 et
1577 1133 1606 1160 in
1623 1133 1759 1161 multitu-

52 1177 154 1205 dinem
168 1180 274 1205 auctus
289 1177 409 1213 triplum
425 1178 607 1213 (numerum)
621 1178 747 1206 exhibet.

93 1223 132 1255 ιζ’·
149 1221 180 1249 Ἡ
195 1220 260 1256 ἕκτη
288 1223 382 1258 μοῖρα,
408 1220 576 1249 ὀκταπλασία
599 1223 650 1257 τῆς
669 1223 782 1258 πρώτης
799 1222 877 1257 οὖσα,

49 1265 177 1302 καὶπρὸς
194 1264 322 1301 οὐδεμίαν
347 1265 437 1302 ἑτέραν
463 1266 512 1300 τήν
540 1266 632 1303 σχέσιν
659 1264 770 1304 ἔχουσα,
795 1265 879 1301 δηλοῖ

49 1310 102 1344 τήν
128 1309 172 1337 ἐπὶ
198 1310 248 1344 τήν
268 1309 362 1348 τρίτην
389 1308 525 1338 διάστασιν
552 1312 608 1347 (15)
633 1313 686 1338 τῶν
710 1311 876 1348 πραγμάτων

48 1357 163 1392 γνῶσιν,
181 1353 310 1388 δηλονότι
321 1355 370 1389 τήν
387 1354 424 1385 εἷς
441 1355 522 1392 βάθος
533 1354 550 1388 ἢ
566 1356 656 1392 πάχος
705 1355 836 1392 ὕψος.Διὰ
845 1355 876 1382 τὸ

50 1398 82 1426 δὲ
98 1398 212 1435 ἄσχετος
229 1398 295 1426 οὖσα
321 1399 390 1436 πρὸς
412 1400 460 1430 τὰς
483 1398 580 1433 ἅλλοις,
596 1401 630 1436 τῇ
651 1399 745 1437 πρώτῃ
759 1399 875 1433 ἑνοῦται,

48 1444 68 1478 ἦ
87 1443 128 1470 ὅτι
143 1440 225 1474 κύϐος
239 1441 275 1471 ὢν
299 1443 335 1474 ὡς
351 1444 364 1470 ὁ
382 1444 440 1480 μετ’
464 1443 555 1478 αὐτὸν,
574 1444 617 1471 καὶ
640 1444 692 1471 ἀπὸ
711 1448 760 1478 τῆς
778 1442 876 1475 δυάδος

48 1489 96 1515 καὶ
113 1487 241 1526 τετράδος
264 1488 408 1525 γινομένη,
435 1487 496 1515 οὔτε
517 1489 586 1526 πρὸς
609 1487 693 1522 αὐτὴν
717 1488 762 1515 τὸν
783 1499 876 1526 τετρα-

47 1532 194 1568 πλασίονα,
209 1531 270 1560 οὔτε
284 1533 352 1570 πρὸς
366 1534 415 1567 τήν
432 1533 522 1570 ἐτὲραν
536 1533 581 1560 τὸν
610 1531 772 1560 διπλασίονα
787 1536 875 1570 τηρεῖ,

48 1576 124 1605 ἀλλὰ
138 1577 182 1604 τὸν
202 1577 267 1614 πρὸς
282 1577 330 1611 τὴν
355 1577 466 1612 πρώτην
493 1576 705 1610 ὀκταπλασίονα,
725 1578 775 1612 τὴν
799 1588 876 1615 περι-

48 1622 168 1659 έχουσαν
197 1621 329 1652 κάκείνας,
362 1621 531 1660 ’Βπια-ιρέφει
561 1620 589 1649 δὲ
618 1622 631 1648 ὁ
660 1621 741 1660 λόγος
774 1622 818 1649 καὶ
844 1623 877 1650 τὰ

49 1666 154 1704 ἔσχατα
182 1666 219 1697 εἰς
245 1667 278 1694 τὰ
302 1668 408 1704 πρῶτα,
429 1665 475 1693 ’ἱνα
501 1667 538 1703 μὴ
564 1666 797 1704 ἀπεσχοινισμὲνα
826 1668 876 1694 ὦσι

46 1711 151 1742 τελέως
166 1713 213 1738 τοῦ
229 1711 350 1748 πρώτου,
364 1710 428 1739 ἀλλ’
449 1711 520 1748 ὁμοῦ
542 1714 590 1738 τοῦ
605 1714 727 1748 γνωποῦ
743 1713 760 1746 ἡ
774 1714 875 1749 γνῶσις

49 1753 299 1792 ἁντιλαμϐάνηται,
316 1755 339 1782 εἰ
364 1755 409 1782 καὶ
424 1755 550 1786 ποικίλος
567 1755 647 1782 ἐστίν·
666 1756 680 1782 ὁ
695 1755 744 1792 γὰρ
761 1756 875 1792 ἀριθμὸς

49 1802 160 1838 πρῶτος
193 1799 300 1837 στερεὸς
333 1799 377 1826 καὶ
417 1801 526 1836 πρῶτος
560 1799 648 1835 ἱσᾴκις
685 1798 740 1829 ξ’σος
775 1799 873 1830 ἰσάκις·

48 1845 96 1872 καὶ
113 1843 157 1871 διὰ
170 1846 250 1871 τοῦτο
266 1844 302 1874 ὡς
318 1845 428 1880 πρῶτος
440 1846 480 1879 τῷ
495 1843 533 1870 ἐνὶ
556 1843 726 1878 συνάπτεται,
743 1842 872 1878 δηλονότι

48 1891 85 1926 τῇ
101 1889 197 1926 πρώτῃ
216 1887 308 1925 μοίρᾳ,
325 1887 421 1915 ἐκεῖθεν
434 1884 506 1925 ἔχων
519 1888 569 1922 τὴν
586 1887 721 1915 σύστασιν.

88 1978 132 2013 ιη’.
149 1978 181 2005 Ἡ
196 1976 225 2005 δὲ
247 1975 351 2013 ἑϐδόμη
377 1979 470 2015 μοῖρα,
495 1975 800 2004 ἐπτακαιεικοσιπλασῖα
823 1980 873 2011 τῆς

47 2022 161 2061 πρώτης
175 2021 242 2049 οὖσα
255 2022 300 2049 καὶ
323 2021 446 2059 δεύτερος
472 2019 555 2053 κύϐος
576 2020 642 2048 οὖσα
667 2021 774 2058 στερεὸς
788 2023 872 2049 ταῦτὰ

46 2071 88 2104 τῷ
117 2067 170 2105 πρὸ
197 2067 294 2094 τούτου
324 2066 449 2101 πέπονθε,
474 2066 519 2093 καὶ
547 2067 578 2093 τὸ
607 2065 715 2100 πλῆθος
744 2066 791 2102 μὲν
816 2068 869 2093 τῶν

46 2112 175 2150 γνώσεων
205 2111 249 2138 καὶ
284 2111 335 2145 τήν
364 2111 402 2143 εἷς
437 2113 509 2147 τρεῖς
548 2109 699 2141 διαστάσεις
737 2107 870 2145 ἐπιϐολὴν

46 2157 223 2194 παρίστησιν.
252 2153 421 2194 Ὑπερϐαίνει
451 2154 480 2183 δὲ
503 2156 547 2183 καὶ
573 2154 651 2187 οὗτος
665 2155 710 2182 τὸν
725 2155 748 2192 γ’
763 2156 808 2182 καὶ
823 2156 870 2183 τὸν

47 2206 80 2236 θ’,
94 2203 142 2228 τοῦ
166 2201 212 2237 μὲν
236 2199 428 2231 ἐννεαπλάσιος
452 2199 500 2235 ὣν,
515 2198 563 2227 τοῦ
586 2198 615 2227 δὲ
637 2199 812 2237 τριπλάσιος,
832 2200 868 2227 ὧν

44 2247 77 2273 τὸ
108 2246 154 2282 μὲν
184 2244 345 2283 τριπλάσιον
375 2244 450 2276 ἐντὸς
477 2245 511 2278 ἦν
540 2243 566 2271 ἐν
592 2244 705 2282 ἑτέροις,
728 2245 758 2272 τὸ
786 2243 814 2272 δὲ
829 2244 869 2272 ἐν·

971 1223 1013 1249 17.
1030 1222 1115 1249 Sexta
1140 1230 1218 1258 pars,
1244 1221 1340 1257 prima
1364 1222 1494 1258 octupla,
1516 1231 1584 1250 cum
1608 1223 1689 1250 nulla
1704 1222 1761 1251 alia

933 1267 1076 1294 rationem
1085 1266 1207 1300 habens,
1220 1274 1316 1294 rerum
1331 1267 1526 1302 cognitionem
1540 1267 1649 1294 indicat
1659 1267 1694 1294 ad
1703 1270 1761 1294 ter-

933 1312 1004 1338 tiam
1017 1311 1232 1338 dimensionem
1245 1311 1466 1346 (progressam),
1480 1311 1514 1338 ad
1531 1311 1759 1346 prolunditatem

932 1355 1067 1384 videlicet
1091 1355 1134 1383 vel
1155 1354 1382 1382 crassitudinem
1398 1355 1441 1382 vel
1467 1355 1666 1383 altitudinem.
1684 1357 1760 1388 Quo-

932 1400 1012 1428 niam
1028 1402 1140 1435 autem,
1153 1401 1253 1435 utpote
1264 1399 1300 1426 ad
1313 1398 1387 1426 alias
1404 1399 1546 1427 rationem
1563 1408 1620 1427 non
1637 1399 1761 1434 habens,

932 1453 998 1472 cum
1016 1444 1110 1480 prima
1125 1443 1398 1479 conjungitur,quia
1407 1443 1519 1471 scilicet
1530 1444 1623 1472 cubus
1634 1447 1688 1479 est,
1700 1445 1761 1472 sic-

933 1491 965 1516 ut
980 1489 1111 1525 proxime
1133 1496 1273 1524 sequens,
1285 1490 1313 1515 et
1328 1496 1361 1515 ex
1373 1497 1495 1515 numero
1511 1489 1624 1517 binario
1642 1491 1670 1516 et
1683 1497 1758 1524 qua—

932 1534 1059 1561 ternario
1076 1534 1119 1567 ﬁt,
1136 1541 1231 1568 neque
1250 1533 1286 1560 ad
1302 1532 1386 1560 illum
1399 1533 1595 1568 quadruplum
1611 1533 1757 1561 rationem

934 1586 1027 1614 neque
1043 1578 1078 1604 ad
1091 1577 1168 1604 hunc
1183 1577 1305 1612 duplam
1322 1577 1466 1613 sequitur,
1482 1577 1532 1604 sed
1545 1585 1609 1605 eam
1621 1580 1756 1612 (tuetur),

932 1631 1008 1658 quin,
1021 1622 1118 1658 prima:
1135 1621 1264 1657 octupla,
1277 1621 1329 1649 has
1345 1630 1462 1657 quoque
1478 1622 1691 1658 complectitur.
1706 1623 1759 1650 Ra-

932 1668 971 1695 tio
988 1669 1083 1695 autem
1097 1667 1132 1694 ad
1144 1667 1240 1702 prima
1253 1666 1373 1693 reﬂectit
1383 1669 1522 1700 extrema,
1539 1675 1575 1695 ne
1591 1675 1713 1702 prorsus
1722 1668 1758 1695 ab

932 1721 990 1740 uno
1007 1712 1140 1747 sejuncta
1155 1711 1225 1745 sint,
1246 1711 1308 1745 sed,
1339 1711 1455 1738 etiamsi
1484 1711 1566 1739 varia
1591 1711 1639 1745 sit,
1665 1720 1757 1739 unum

931 1757 1015 1792 quasi
1027 1756 1056 1783 in
1072 1756 1169 1783 locum
1186 1755 1339 1782 scientiam
1354 1755 1588 1790 comprehendit.
1611 1755 1758 1784 Numerus

929 1801 1007 1828 enim
1016 1801 1103 1836 (ejus)
1116 1799 1229 1827 solidus
1242 1799 1355 1835 primus
1368 1800 1432 1834 (est)
1440 1801 1467 1827 et
1477 1799 1629 1835 aequaliter
1636 1801 1757 1835 aequalis

930 1844 1091 1881 aequaliter,
1120 1844 1324 1878 quamobrem,
1350 1846 1382 1871 ut
1413 1851 1479 1871 cum
1497 1852 1555 1872 uno
1571 1844 1758 1872 connectitur

929 1889 1056 1925 primus,
1081 1888 1132 1923 (sic
1158 1888 1218 1923 ille)
1234 1896 1300 1915 cum
1319 1888 1414 1923 prima
1429 1887 1542 1916 scilicet
1563 1890 1654 1924 parte,
1678 1889 1755 1917 unde

928 1933 1169 1961 constitutionem
1187 1941 1271 1960 suam
1288 1932 1385 1960 habet.

964 1978 1006 2005 18.
1024 1977 1155 2013 Septima
1171 1985 1250 2012 pars,
1264 1985 1327 2012 quae
1339 1978 1451 2012 septem
1465 1978 1494 2004 et
1504 1977 1606 2013 viginti
1621 1978 1755 2013 partibus

927 2023 1052 2058 primam
1076 2024 1208 2058 praestat,
1233 2029 1357 2058 quaeque
1377 2021 1450 2048 alter
1461 2021 1554 2050 cubus
1570 2021 1682 2050 solidus
1698 2025 1753 2056 est,

926 2068 1027 2095 eodem
1043 2067 1139 2100 modo,
1156 2075 1214 2102 quo
1225 2066 1368 2102 proxima,
1381 2067 1426 2093 est
1441 2066 1554 2100 affecta,
1571 2068 1599 2094 et
1615 2066 1752 2094 multitu-

926 2113 1024 2140 dinem
1049 2111 1252 2148 cognitionum
1267 2113 1295 2138 et
1316 2111 1346 2138 in
1361 2113 1421 2138 tres
1436 2110 1636 2138 dimensiones
1652 2119 1750 2139 acces-

926 2156 1037 2184 sionem
1052 2156 1081 2183 in
1095 2156 1225 2183 medium
1241 2155 1360 2191 profert.
1375 2155 1493 2182 Excedit
1505 2163 1561 2190 quo
1569 2163 1625 2190 que
1636 2155 1750 2191 (nume-

925 2203 988 2235 rus)
1009 2201 1058 2228 ille
1068 2200 1248 2235 (numerum)
1271 2199 1310 2227 IlI
1327 2201 1355 2227 et
1371 2199 1417 2235 IX,
1434 2200 1485 2227 uni
1499 2207 1601 2227 novem
1619 2199 1752 2234 partibus

925 2247 1076 2282 prmstans,
1088 2244 1172 2273 alteri
1183 2245 1288 2277 tribus,
1298 2252 1458 2280 eorumque
1468 2244 1505 2278 is,
1517 2244 1566 2279 qui
1578 2244 1685 2279 triplus
1696 2246 1752 2277 est,

45 2290 209 2318 νεαπλάσιον
234 2290 278 2317 καὶ
305 2289 369 2317 αὐτὸ
393 2289 446 2316 ἀπὸ
467 2291 515 2316 τοῦ
532 2289 552 2316 θ’
568 2290 636 2326 πρὸς
658 2289 690 2317 τὸ
705 2290 728 2316 α’
744 2289 868 2324 σώζεται.

971 2290 1039 2317 ndiu
1062 2290 1138 2317 inest
1148 2289 1177 2316 in
1194 2288 1327 2324 reliquis,
1349 2288 1398 2324 qui
1421 2296 1487 2316 vero
1500 2296 1603 2316 novem
1616 2288 1750 2323 partibus

46 2336 95 2362 Διὰ
109 2337 188 2362 τοῦτο
209 2335 239 2361 τὸ
264 2334 358 2372 πόρῥω
381 2334 426 2361 καὶ
449 2334 554 2371 στερεὸν
581 2332 724 2362 ἑπταδικὸν
749 2334 763 2361 ὁ
786 2333 870 2371 λόγος

44 2381 125 2407 τιθεῶ
153 2382 193 2415 τῷ
220 2379 258 2406 ἑνὶ
297 2379 467 2415 συνάπτεται,
497 2379 542 2406 καὶ
580 2377 698 2417 ὑπερϐὰς
727 2379 760 2406 τὰ
791 2380 869 2416 μέσα,

46 2423 170 2462 ἀναφέρει
195 2423 242 2454 τὰς
266 2423 432 2460 περατώσεις
455 2425 506 2455 τῆς
531 2425 623 2461 ψυχῆς
646 2423 689 2451 ἐπὶ
714 2423 762 2458 τήν
786 2423 869 2462 ἀκρό-

46 2478 125 2503 τητα.

81 2577 136 2612 (15)
165 2576 419 2613 Βοοιῐιηᾼι-ὶιιηη.
449 2576 499 2604 lib.
526 2585 557 2611 ιι,
584 2585 609 2604 c.
628 2577 663 2604 20
678 2577 718 2613 (p.
737 2578 806 2605 1029
821 2579 867 2606 ed.

43 2611 868 2648 Basil.15-16.)uSicut,inquit,longitudininumerorum

44 2649 123 2677 aliud
141 2648 340 2681 intervallum,
353 2647 380 2674 id
402 2651 456 2681 est,
479 2647 675 2684 superﬁciem,
695 2653 726 2677 ut
741 2649 868 2677 latitudo

44 2685 259 2718 ostenderetur,
271 2683 445 2718 adjecimus,
457 2685 500 2712 ita
515 2683 589 2712 nunc
604 2685 761 2719 latitudini,
773 2687 798 2713 si
808 2687 870 2721 quis

927 2336 1022 2370 major
1037 2336 1092 2367 est,
1112 2335 1140 2361 et
1164 2333 1227 2369 ipse
1242 2341 1258 2360 a
1276 2341 1397 2360 numero
1423 2334 1463 2360 IX
1490 2333 1525 2360 ad
1543 2333 1553 2360 Ι
1570 2332 1750 2368 perducitur.

926 2380 1021 2412 Quare
1032 2378 1105 2406 ratio
1116 2377 1266 2413 proposita
1278 2377 1320 2411 id,
1344 2377 1423 2412 quod
1436 2385 1522 2413 porro
1534 2379 1578 2404 est
1587 2377 1749 2412 (excurrit),

925 2426 953 2452 et
968 2423 1094 2451 solidum
1112 2421 1294 2458 septemplex
1309 2430 1376 2450 cum
1393 2430 1451 2449 uno
1467 2421 1630 2457 conjungit,
1646 2429 1748 2457 eaque,

924 2477 988 2504 quae
1014 2467 1112 2495 media
1130 2468 1210 2500 sunt,
1227 2468 1397 2502 trangressa
1420 2466 1620 2494 extremitates
1645 2465 1748 2494 animae

923 2514 958 2542 ad
971 2520 1122 2541 summum
1138 2511 1289 2548 fastigium
1302 2511 1387 2539 tollit.

924 2577 1011 2606 addat
1038 2585 1110 2610 eam,
1139 2583 1200 2612 qum
1229 2576 1303 2612 alia:
1333 2575 1461 2610 altitudo,
1475 2575 1549 2603 alia:
1577 2575 1744 2609 crassitudo,

924 2612 1177 2648 aliaspro/‘undz‘tas
1189 2611 1363 2647 appellatur,
1375 2612 1502 2641 solidum
1516 2612 1630 2640 numeri
1641 2620 1747 2648 corpus

925 2648 1063 2685 explebit.
1083 2659 1096 2673 η
1114 2648 1238 2677 LINDER.
1779 2648 1782 2652 '
