1950 3050
95 135 175 164 1121

129 199 315 237 Λαμπόμενον
329 200 474 239 σκιρτηδὸν
490 200 558 229 ὅλου
572 203 639 230 κατᾶ
655 202 748 239 βενθεα
762 201 879 238 κόσμου,

131 245 216 273 Κλῦθι
232 245 317 282 πυρὸς
332 246 382 280 τήν
398 247 503 284 φωνήν.

95 286 231 326 Σύμϐολα
243 290 375 327 πατρικὸς
387 290 451 322 νόος
466 290 600 329 ἒνὲσπειρε
616 292 672 326 (22)
687 292 745 322 ταῖς
759 292 872 328 ψυχῆς.

95 334 224 362 Μάνθανε
236 335 291 370 (23)
304 334 336 361 τὸ
350 335 459 370 νοητὸν,
477 335 534 362 ἐπεὶ
550 335 614 362 νόου
631 334 681 370 ἔξω
696 335 823 373 ὑπάρχει.

92 378 172 406 ’Ἐστι
188 377 218 406 δὲ
229 379 287 415 (24)
302 377 335 414 δή
351 389 378 406 τι
390 380 500 414 νοητὸν,
546 380 602 417 χρή
621 390 650 406 σε
664 381 734 406 νοεῖν
750 379 812 407 νόου
836 377 920 408 ἄνθει.

91 421 172 450 Εἰσὶν
187 423 272 450 πάντα
287 424 343 460 (25)
359 424 445 462 πυρὸς
461 424 519 455 ἑνὸς
536 424 700 462 ἐκγεγαῶτα·

90 466 182 494 Πάντα
197 469 254 505 (26)
269 468 319 506 γὰρ
336 468 473 505 ἐξετέλησε
488 469 593 506 Πατὴρ,
609 469 654 496 καὶ
669 471 708 505 νῷ
721 467 871 506 παρέδωκε.

129 550 159 578 Si
173 551 279 587 seepius
289 551 361 579 mihi
375 551 492 580 locutus
504 551 594 579 fueris
606 559 727 587 prorsus
737 550 849 579 videbis
862 558 922 578 me-

92 595 283 630 morabilem;
312 604 408 632 neque
426 596 503 624 enim
518 595 657 629 caelestis,
673 603 818 631 curvaque
839 595 926 623 etde-

94 648 170 668 vexa
185 643 307 677 apparet
321 643 391 668 tunc
399 641 452 668 tibi
466 640 568 668 moles.
582 639 676 668 Stella:
688 648 745 667 non
758 639 924 676 splendent,

94 684 175 712 Iunis
191 685 291 713 lumen
306 687 416 713 tectum
443 686 498 718 est,
519 686 597 713 terra
615 693 673 713 non
700 686 768 719 stat,
783 684 926 719 (videntur

97 737 169 757 vero
184 730 283 757 omnia
298 738 361 757 esse
377 729 512 757 fulmina.

131 774 172 802 Ne
187 774 333 802 vocaveris
349 774 510 810 imaginem
526 775 637 802 naturis
653 773 747 810 ipsius
759 773 810 802 Dei
825 782 877 810 per
893 782 924 801 se

96 818 302 854 conspicuam.

129 862 266 899 Undique
281 863 409 900 simplici
425 863 524 891 amnio
539 863 627 891 tende
641 863 772 891 habenas
790 862 876 898 ignis.

127 907 200 935 Cum
217 908 327 935 videris
343 908 455 944 absque
467 909 561 936 forma
573 916 688 935 sacrum
699 908 796 943 ignem
810 907 920 935 mican-

93 951 156 978 tem
173 951 307 980 saltando
323 960 375 988 per
385 952 531 988 profunda
541 952 632 980 totius
643 951 830 987 mundi,audi
841 951 918 987 ignis

96 995 241 1024 sonitum.

129 1041 209 1068 Mens
225 1041 320 1077 ipsius
336 1041 388 1069 Dei
411 1041 519 1069 indidit
534 1041 640 1069 animis
666 1041 819 1068 hominum
835 1040 921 1077 signa

94 1086 230 1120 paterna.

134 1130 254 1166 Percipe
270 1130 299 1158 id
316 1130 392 1166 quod
410 1132 506 1166 potest
529 1129 678 1158 intellectu
703 1129 813 1166 percipi
831 1138 837 1158 :
854 1138 921 1158 nam

96 1179 145 1206 est
160 1179 242 1205 extra
257 1177 395 1203 mentem.

526 134 736 166 EXPOSITIO
758 134 1028 166 ORAGULORUM
1052 134 1372 166 CHALDAICORUM.

1725 136 1803 166 “22

936 202 963 236 Α
979 200 1111 240 Δευτέρῳ,
1122 201 1152 229 ’όν
1168 203 1277 239 πρῶτον
1291 201 1433 237 κληΐζεται
1448 202 1505 239 (27)
1520 199 1595 229 ἔθνεα
1614 200 1730 239 ἀνδρῶν.

976 245 1130 282 Nomius:sz
1147 246 1236 284 ἱυγγες
1250 246 1382 283 πατρόθεν
1396 247 1502 274 νοέουσι
1516 246 1561 273 καὶ
1576 246 1666 281 αὐταὶ,

1011 290 1130 322 Βουλαῖς
1146 291 1318 330 ἁφθὲγκτοισι
1333 290 1493 327 κινούμεναι
1509 291 1565 328 (28)
1581 290 1651 318 ὥστε
1665 294 1774 326 νοῆσαι.

976 335 1009 362 Ὤ
1024 337 1083 366 πῶς
1097 334 1201 372 κόσμος
1216 333 1274 372 ἕχει
1287 335 1398 372 νοεροὺς
1413 335 1535 373 ἀνοχῆας
1551 336 1607 373 (29)
1624 335 1778 372 ἀκαμπεῖςῐ

976 379 1088 407 Ἑαυτὸν
1106 379 1120 406 ὁ
1136 380 1230 417 Πατὴρ
1246 378 1378 417 ἥρπασεν·

1012 422 1078 452 Οὐδ’
1091 423 1117 451 ἐν
1134 425 1164 461 ἑῇ
1178 423 1290 461 δυνάμει
1305 427 1384 462 νοερᾷ
1398 423 1508 455 κλείσας
1523 422 1593 451 ἴδιον
1609 426 1673 462 πῦρ.

977 469 1070 506 Πατὴρ
1159 468 1190 496 οὐ
1204 467 1288 508 φόϐον
1302 468 1458 506 ἐνῦρώσκει,
1474 469 1559 501 πειθὼ
1576 468 1598 496 ’δ’
1615 468 1749 507 ἐπιχεύει.

1015 551 1067 578 Est
1080 559 1151 578 sane
1166 551 1306 586 quiddam
1319 551 1514 587 intelligentia
1525 552 1804 588 perceptibile,quod

980 597 1094 631 oportet
1109 597 1137 622 te
1152 595 1314 631 intelligere
1331 596 1401 624 ﬂore
1418 596 1536 624 mentis.

1015 639 1120 667 Omnia
1137 641 1207 667 sunt
1222 640 1365 675 producta
1383 648 1418 667 ex
1433 648 1492 668 uno
1505 640 1573 677 igne
1587 649 1593 668 :
1608 641 1721 677 quippe
1736 650 1804 669 cum

979 684 1079 712 omnia
1095 684 1179 712 Pater
1191 684 1354 719 perfecerit,
1371 686 1400 711 et
1413 685 1503 712 menti
1527 685 1681 713 tradiderit
1700 694 1805 714 secun-

981 729 1034 764 dae,
1050 737 1138 764 quam
1155 729 1278 765 primam
1295 730 1401 756 vocant
1416 729 1552 757 nationes
1567 729 1732 757 hominum.

1015 773 1133 809 Species
1149 781 1212 809 quae
1228 775 1326 801 mente
1347 773 1551 809 percipiuntur
1565 776 1685 810 paterna
1706 777 1804 803 mente

979 819 1122 854 perceptae
1136 820 1165 845 et
1189 818 1258 854 ipsa:
1271 817 1450 853 intelligunt,
1471 818 1587 846 consilii
1602 819 1699 847 tacitis
1717 822 1803 848 motae

937 876 961 909 B
981 862 1211 909 ut_intelligant.

1010 907 1032 935 Ο
1049 907 1195 943 quomodo
1211 907 1339 935 mundus
1354 907 1402 934 hic
1415 907 1504 936 habet
1519 910 1649 937 rectores
1663 909 1689 936 vi
1714 909 1802 937 intel-

972 951 1081 988 ligendi
1099 952 1235 987 prazdilos
1249 952 1300 987 qui
1315 959 1373 979 non
1387 951 1562 980 ﬂectuntur!

1011 997 1148 1032 Seipsum
1165 1004 1301 1024 summus
1318 1005 1423 1032 parens
1440 996 1517 1024 Deus
1532 1005 1549 1024 a
1565 997 1686 1033 reliquis
1706 998 1803 1025 omni-

975 1041 1030 1068 bus
1047 1040 1208 1068 subduxit:
1227 1048 1320 1076 neque
1345 1040 1375 1068 in
1400 1049 1454 1068 sua
1477 1041 1608 1076 potentia
1640 1041 1804 1069 intellectili

976 1085 1076 1121 ignem
1091 1093 1178 1112 suum
1195 1084 1326 1112 inclusit.

1015 1129 1097 1157 Pater
1113 1138 1170 1157 non
1187 1131 1301 1158 metum
1325 1129 1470 1165 immittit,
1487 1130 1538 1158 sed
1560 1130 1734 1166 obsequium
1759 1131 1803 1159 in-

977 1173 1086 1202 fundit.

715 1237 867 1266 JOANNIS
886 1235 1052 1265 OPSOPOEI
1071 1236 1184 1265 NOTE.

132 1287 190 1322 (23)
206 1283 343 1317 Μᾶνθανε.
367 1285 518 1314 Mai-silius
533 1285 584 1314 lib.
602 1295 621 1322 ι,
637 1286 677 1314 De
693 1286 784 1314 anim.
800 1287 920 1314 immor-

98 1324 213 1353 talitate
241 1330 304 1358 cap.
321 1323 356 1350 6:
371 1332 396 1358 ru
423 1322 503 1349 Aliud
523 1330 605 1349 mens
629 1322 694 1356 erit,
711 1322 789 1350 aliud
805 1322 922 1350 veritas.

99 1359 182 1392 Quod
198 1358 241 1386 sic
253 1357 347 1394 aperit
356 1357 508 1385 Zoroaster
520 1367 527 1386 :
543 1358 621 1385 Scito
631 1357 814 1394 intelligibile
826 1359 924 1394 ipsum

100 1403 167 1425 esse
181 1397 262 1423 extra
278 1395 416 1421 mentem.
433 1404 447 1418 »

138 1431 194 1466 (24)
208 1430 285 1466 Ἔστι
301 1427 340 1456 δὲ.
356 1429 435 1466 Idem
451 1428 581 1466 lib.xm,
593 1437 657 1465 cap.
668 1429 704 1456 5:
722 1440 735 1454 α
753 1429 803 1457 Est
818 1429 926 1466 intelli-

100 1467 190 1504 gibile
205 1465 316 1501 aliquid
327 1465 405 1504 quod
417 1465 581 1504 intelligere
594 1469 619 1492 Ie
627 1467 742 1504 oportet
753 1465 925 1504 mentis_ﬂo-

101 1500 143 1532 re.
161 1500 273 1530 Florem
286 1501 394 1537 mentis
405 1500 532 1537 appellat
541 1501 693 1528 Zoroaster
707 1501 804 1536 ipsum
822 1501 925 1528 animae

102 1543 253 1581 cenlruu‘i‘:
266 1536 448 1581 quod‘lPlato'
459 1537 592 1581 pominat
602 1536 710 1564 mentis
725 1539 822 1581 caput.
839 1547 854 1562 »

138 1575 146 1610 (
167 1574 195 1609 5)
223 1571 297 1601 Εἷσῖν
316 1571 411 1610 nam,
437 1573 516 1600 Idem
545 1572 593 1600 lib.
628 1581 659 1606 ιι,
676 1571 799 1610 cap._7:
825 1572 927 1610 «(Esse

102 1608 202 1646 ipsum
220 1609 310 1646 rebus
323 1609 462 1646 omnibus
477 1610 535 1646 est_
551 1616 716 1646 commune.
742 1608 813 1646 Esse
837 1608 928 1646 igitur
944 1610 965 1643 C

103 1644 273 1681 ubicunque
288 1644 336 1681 sit,
351 1645 459 1681 pendet
470 1652 504 1672 ex
519 1644 585 1672 Deo.
604 1645 683 1677 Quod
701 1645 823 1680 mystice
834 1644 929 1680 tetigit

103 1680 275 1710 Zoroaster:
292 1680 395 1716 Omnia
409 1682 480 1707 sunt
493 1688 526 1708 ex
543 1688 601 1708 uno
616 1681 683 1716 igne
698 1680 806 1716 genita.

140 1717 197 1753 (26)
209 1716 300 1744 Πάντα
310 1715 502 1753 γὰρᾝῇωῃυβ
515 1716 566 1753 lib.
579 1724 617 1749 ιν,
630 1715 747 1753 eupft:
765 1727 779 1742 «
794 1715 929 1753 Essentia

104 1751 275 1789 angelorum
288 1751 433 1788 principio
448 1751 583 1779 informis
598 1754 642 1779 est
657 1751 883 1787 quodammodo,
901 1753 930 1778 et

105 1791 246 1823 tanquam
263 1788 410 1823 passivum
425 1788 590 1822 subjectum
607 1787 755 1822 quoddam
773 1787 929 1822 exponitur

105 1797 246 1824 tanquam
263 1797 410 1823 pusswum
425 1797 590 1822 Βιλιῃθοιυπι
607 1797 755 1822 quoauam
773 1797 927 1822 exponitur

105 1825 141 1852 ad
157 1827 255 1852 actum
267 1823 461 1860 intelligendi,
473 1826 501 1850 et
509 1824 669 1860 formarum
680 1823 870 1860 idearuquue
882 1831 927 1860 or-

105 1862 205 1888 natum
223 1858 500 1895 suscipiendumne
514 1867 571 1894 quo
585 1859 738 1886 Zoroaster
747 1858 807 1895 ait:
823 1858 928 1895 Omnia

106 1895 224 1932 perfecit
232 1894 332 1932 pater,
355 1897 384 1922 et
399 1895 630 1932 mentipragbuit
645 1894 790 1932 secundae.
810 1906 820 1918 ι
839 1894 928 1932 _Porro

104 1928 215 1966 corrige
230 1928 380 1965 ὶξετὲλὴσε,
397 1933 426 1958 et
441 1928 536 1958 scribe
550 1928 710 1966 ἐξετέλεσσε.
728 1931 771 1958 Ita
799 1930 877 1957 enim
892 1929 926 1966 (in

103 1968 158 1995 hoc
175 1968 261 2003 verbo
282 1966 425 2003 syllabam
442 1965 609 2002 producunt
628 1968 729 2002 poetae,
745 1974 801 1993 non
818 1965 927 1993 vocalis

105 2003 203 2031 brevis
217 2002 246 2039 in
262 2002 380 2039 longam
397 2003 572 2030 mutatione.

140 2039 196 2076 (27)
212 2035 371 2073 Κληΐζεῖαι.
398 2038 522 2075 Regium
552 2037 702 2074 exemplar
729 2037 820 2065 habet
844 2035 927 2071 κληί-

983 1288 1060 1323 ζεται
1081 1287 1132 1312 πᾶν
1162 1285 1239 1323 γένος
1264 1283 1387 1323 ἀνδρῶνλ
1410 1287 1439 1313 et
1455 1285 1503 1323 ita
1528 1294 1643 1322 quoque
1671 1295 1803 1315 correxe-

981 1325 1027 1350 rat
1048 1322 1244 1350 Ranconetus.
1269 1322 1323 1350 Sed
1352 1322 1498 1350 laborabit
1523 1330 1652 1356 carmen,
1680 1323 1737 1350 nisi
1761 1323 1804 1350 illi

981 1358 1036 1395 bac
1064 1358 1177 1386 ratione
1205 1358 1383 1395 subvenias:
1412 1356 1534 1393 κληΐζετ’
1561 1358 1629 1395 ἅποιν
1659 1357 1738 1395 γένος
1761 1359 1803 1385 ἀν-

981 1392 1070 1432 δρζὶξνᾼ..
1089 1395 1213 1432 Recepta
1240 1393 1324 1432 lec_t_io
1340 1398 1443 1432 tamen
1452 1402 1510 1432 non
1538 1397 1584 1432 est
1598 1392 1802 1432 improbanda,

1017 1429 1074 1465 (28)
1087 1428 1261 1464 Κινούμεναι.
1277 1429 1386 1457 Marsil.
1416 1429 1532 1457 Ficinus
1556 1430 1606 1458 lib.
1625 1428 1693 1458 {De
1711 1431 1801 1458 anim.

981 1465 1124 1493 immort..
1141 1473 1204 1501 cap.
1220 1465 1256 1493 5:
1276 1476 1286 1490 ι
1304 1465 1405 1500 Angeli
1422 1468 1549 1498 movent,
1566 1474 1623 1494 non
1640 1470 1802 1500 moventur;

982 1502 1016 1529 de
1032 1501 1140 1537 quibus
1164 1503 1326 1533 Zoroaster,
1342 1501 1470 1529 Mundus
1485 1501 1575 1529 habet
1590 1502 1804 1530 intellectuales

981 1536 1109 1565 rectores
1125 1536 1302 1564 immobiles.
1320 1547 1334 1561 »

1017 1573 1073 1608 (29)
1091 1573 1240 1608 Ἀνοχῆας·
1267 1573 1345 1600 Idem
1371 1572 1422 1600 lib.
1442 1581 1481 1606 IV,
1506 1581 1570 1608 cap.
1587 1573 1621 1601 1:
1647 1584 1661 1598 «
1675 1573 1804 1608 Angelus

989 1609 1116 1636 animam
1133 1617 1192 1636 uno
1208 1608 1329 1640 excedit,
1345 1609 1423 1644 quod
1439 1611 1537 1636 manet
1549 1617 1556 1636 :
1569 1608 1627 1636 Deo
1642 1609 1719 1636 cedit
1735 1617 1804 1641 uno,

984 1645 1061 1680 quod
1078 1644 1232 1679 multiplex
1248 1646 1301 1672 est.
1319 1646 1395 1672 Deus
1406 1647 1503 1672 tamen
1516 1652 1567 1680 per
1577 1644 1730 1672 hocunum
1745 1645 1806 1672 abit

984 1689 1073 1715 super
1087 1680 1186 1708 omnia
1202 1680 1236 1708 ad
1255 1680 1413 1707 infinitum.
1431 1680 1511 1712 Quod
1523 1681 1565 1708 ita
1577 1680 1684 1708 cecinit
1698 1681 1805 1708 Zoroa-

984 1719 1060 1744 ster:
1077 1718 1163 1743 Pater
1178 1724 1275 1752 periise
1289 1716 1386 1752 ipsum
1404 1716 1512 1752 rapuit,
1533 1724 1626 1751 neque
1653 1716 1692 1752 ini
1709 1718 1806 1744 mente

984 1752 1103 1787 quidem
1131 1751 1313 1788 quasillum:
1333 1751 1478 1788 sequitur,
1507 1752 1663 1788 proprium)
1686 1751 1807 1779 inclusit

983 1786 1079 1823 ignem
1094 1796 1102 1818 ς
1121 1786 1178 1822 νὴ.
1195 1787 1236 1822 d.,
1253 1786 1366 1814 nullam
1377 1786 1470 1815 liabet
1481 1795 1546 1815 cum
1562 1786 1682 1815 caeteris
1698 1796 1806 1823 compa-

983 1823 1137 1851 rationem.

1018 1859 1074 1893 (30)
1091 1858 1184 1893 Πατὴρ
1210 1859 1265 1885 etc.
1278 1858 1358 1886 idem
1375 1857 1426 1885 lib.
1444 1866 1488 1892 m,
1505 1866 1568 1893 cup.
1585 1858 1658 1885 ult.:
1676 1869 1689 1882 τι
1701 1858 1729 1885 Si
1741 1858 1806 1886 ani-

984 1902 1047 1922 mos
1059 1893 1297 1930 pulsat,quiaqilli
1310 1902 1428 1921 sursum
1441 1895 1638 1929 deorsumque
1654 1893 1743 1922 libere
1757 1903 1806 1921 vo-

981 1928 1089 1957 lubiles
1105 1928 1188 1964 sunt;
1203 1928 1310 1965 pulsat,
1325 1932 1354 1957 et
1369 1930 1469 1963 libere,
1485 1930 1525 1957 ita
1541 1932 1573 1957 ut
1589 1928 1719 1964 alliciat;
1748 1939 1806 1958 non

983 1966 1091 2000 trahat,
1122 1974 1180 1993 non
1205 1969 1295 2001 cogat.
1313 1966 1361 1993 sed
1379 1966 1572 2001 persuadeat;
1587 1966 1662 2001 quod
1687 1966 1806 1993 Zoroas-

983 2004 1028 2029 ter
1053 2002 1095 2029 ita
1124 2003 1267 2029 testatur:
1285 2001 1370 2029 Pater
1386 2010 1443 2030 non
1460 2001 1584 2030 incurrit
1603 2004 1725 2036 metum,
1754 2002 1806 2030 sed

980 2037 1205 2074 persuasionem
1221 2037 1343 2065 inducit.
1363 2048 1377 2062 »
