1950 3050
67 126 146 157 1125

496 125 706 156 EXPOSITIO
729 125 998 157 ORAC-ULORUM
1020 125 1345 156 CHALDAICORUM.

1696 126 1775 156 1126

67 191 161 230 λόγιον
179 194 309 230 καθαῖρον
325 191 408 226 αὐτὴν
425 191 469 218 καὶ
492 191 634 230 ὁμόφρονα
648 194 682 230 τῇ
699 191 799 230 λογικῇ
815 193 892 229 ψυχῇ

987 192 1044 220 rina
1060 191 1260 219 irrationalem
1270 191 1399 220 hominis
1415 192 1543 220 animam
1555 191 1774 221 facitinteritus

66 237 228 271 ποιοῦν,εἰς
250 237 296 263 τὸν
326 235 448 263 ἐπέκεινα
475 239 524 271 τῆς
548 235 667 272 σελήνης
695 237 739 264 τὸν
764 237 889 275 ἀμφιφαῆ

66 281 168 316 ταύτην
202 281 379 316 ἀποκαθιστᾷ.
420 280 469 307 Καὶ
505 280 539 308 τὰ
579 281 627 317 μὶν
668 283 722 308 τῶν
749 280 892 309 Χαλδαίων

68 325 202 363 δόγματα,
231 328 355 353 τοιαῦτα.
383 326 414 352 Οἱ
450 324 478 352 δὲ
506 327 555 358 τῆς
585 323 720 357 εὐσεϐείας
753 325 891 365 ὑφηγηταὶ

66 370 113 397 καὶ
129 372 181 397 τῶν
193 371 391 408 Χριστιανικῶν
417 368 560 407 δογμάτων
585 369 722 409 ὑποφῆται
744 371 788 398 καὶ
805 371 892 408 κήρυ-

67 425 122 451 κες,
148 413 269 451 οὐδαμοῦ
291 415 339 448 τὴν
373 413 475 452 ἄλογον
512 415 604 452 ψυχὴν
639 415 789 452 ἀνάγουσιν,
820 414 895 442 ἀλλά

68 460 170 494 θνητήν
188 457 337 497 διαρρήδην
356 458 503 496 ὁρίζονται,
525 459 644 497 ’Άλογον
662 458 691 486 δὲ
702 460 793 496 ψυχὴν
811 459 895 491 τίθεν-

66 513 123 537 ται,
152 504 198 531 τὸν
229 503 313 540 θυμὸν
340 504 383 531 καὶ
409 504 458 538 τὴν
481 503 625 540 ἐπιθυμίαν
650 504 698 538 τὴν
727 503 892 542 ὀρεγομένην

64 548 206 586 γενέσεως.
222 546 299 575 Οὕτω
329 550 395 585 γοῦν
425 548 438 575 ὁ
470 548 605 580 Νυσσαεὺς
631 548 783 586 Γρηγόριος
805 548 830 575 ἐν
855 549 895 583 τῷ

66 593 131 630 περὶ
147 594 240 630 ψυχῆς
257 592 334 630 λόγῳ
348 591 481 629 διέξεισιν.

948 237 1088 270 nesciam,
1105 244 1231 272 eamque
1242 244 1336 272 usque
1347 237 1383 264 ad
1395 236 1541 264 elementa
1556 237 1612 264 sub
1634 237 1704 264 luna
1716 237 1773 265 sita

947 280 1061 308 extollit
1071 290 1077 316 ;
1088 283 1117 308 at
1127 280 1317 308 Chaldaicum
1330 281 1480 308 oraculum
1492 281 1638 316 expiatam
1649 281 1731 309 illam
1747 284 1774 310 et

948 333 1014 353 cum
1030 325 1152 353 rationis
1168 325 1309 361 participe
1332 325 1432 353 anima
1447 325 1540 353 amice
1554 326 1772 362 conspirantem

947 370 976 397 in
991 370 1139 406 regionem
1161 369 1237 397 hanc
1257 378 1322 405 quae
1337 370 1416 397 ultra
1437 369 1538 398 lunam
1563 373 1617 404 est,
1643 371 1773 407 undique

947 413 1077 442 lucidam
1085 414 1256 442 transvehit.
1269 416 1363 450 Atque
1374 414 1435 442 haec
1448 414 1567 450 quidem
1579 416 1650 443 sunt
1661 417 1773 443 statuta

949 458 1163 486 Chaldaeorum.
1176 459 1298 486 Pietatis
1318 467 1386 486 vero
1399 459 1533 487 doctores
1549 462 1578 487 et
1598 459 1775 488 Christiano-

949 511 1016 530 rum
1031 503 1204 540 dogmatum
1220 503 1395 539 interpretes
1407 512 1440 531 ac
1457 511 1603 539 praecones
1625 513 1772 540 nusquam

949 547 1081 575 locorum
1098 549 1211 575 brutam
1235 548 1366 575 animam
1393 548 1428 576 ad
1458 548 1611 584 superiora
1634 549 1775 583 educunt,

950 592 1001 619 sed
1017 592 1259 627 aperteinteritui
1271 592 1426 620 obnoxiam
1442 600 1506 620 esse
1521 593 1706 628 profitentur.
1719 595 1775 620 Ha.

67 638 140 666 bent
155 640 250 666 autem
264 646 314 673 pro
325 638 424 665 anima
435 638 520 665 bruta
530 638 602 665 iram
616 640 644 666 et
658 638 848 674 cupiditatem
858 636 1055 674 generationis
1065 636 1276 672 appetitricem.
1287 639 1381 672 Atque
1392 636 1433 664 ita
1440 638 1603 665 enarrando
1612 637 1778 666 traditGre-

67 683 171 718 gorius
186 682 337 718 Nyssenus
352 681 485 710 oratione
501 683 539 709 De
550 683 654 710 anima.

105 733 186 769 Μηδὲ
220 735 252 761 τὸ
288 737 338 769 τῆς
368 734 437 770 ὕλης
482 732 617 762 σκύϐαλον
658 737 774 773 κρημνῷ
811 745 893 762 κατα-

718 771 839 808 [λείψῃς-

105 823 191 859 Ὕλης
208 821 343 851 σκύϐαλον
360 834 426 862 φησι
447 824 479 852 τὸ
503 823 607 863 λόγιον,
632 825 664 852 τὸ
682 827 733 852 τοῦ
750 825 894 862 ἀνθρώπου

990 734 1029 762 Ne
1044 741 1105 762 vero
1119 734 1245 762 materiae
1259 735 1342 770 faces
1357 734 1387 761 in
1400 734 1558 770 praecipitio
1577 735 1733 770 relinquas.

985 822 1111 850 Materiae
1124 823 1207 851 faeces
1222 822 1350 859 appellat
1365 823 1517 851 oraculum
1526 823 1656 851 hominis
1668 833 1775 861 corpus

69 870 152 904 σῶμα
178 874 210 895 το
237 867 266 895 ἐκ
297 868 433 905 τεσσάρων
464 869 610 906 στοιχείων
641 869 815 907 συγκείμενον
839 870 893 904 καὶ,

987 870 1108 903 quatuor
1123 867 1276 896 elementis
1297 868 1503 908 compositum,
1520 870 1548 895 et
1563 870 1705 905 tanquam
1725 869 1777 897 do-

70 913 163 950 ὥσπερ
188 912 215 939 ἐν
239 911 414 943 διδασκαλίας
444 911 518 950 λόγῳ
544 913 588 940 καὶ
618 914 801 952 παραινέσεως
828 914 894 952 φησὶ

70 958 140 993 πρὸς
153 957 199 984 τὸν
213 955 419 993 διδασκόμενον,
440 957 481 985 ὅτι
507 958 554 992 Μὴ
577 958 658 994 μόνον
674 959 724 993 τὴν
739 960 830 996 ψυχήν
848 969 896 985 σου

69 1002 140 1039 πρὸς
164 1002 209 1028 τὸν
238 1001 301 1028 Θεὸν
326 1002 486 1039 μετεώριον,
521 1002 565 1029 καὶ
593 1006 642 1037 τῆς
674 1003 804 1040 βιωτικῆς
831 1014 896 1040 συγ-

70 1046 180 1084 χύσεως
204 1045 349 1083 ὑπερτέραν
379 1046 507 1081 ποίησον,
530 1045 592 1074 ἀλλ’
622 1046 644 1074 εἳ
675 1046 798 1081 δυνατὸν,
827 1046 897 1083 μηδὲ

69 1090 137 1118 αὖτό
160 1091 191 1117 τὸ
221 1092 301 1127 σῶμα
328 1089 394 1128 ὅπερ
422 1089 565 1129 ἠμφίεσαι,
595 1091 640 1118 καὶ
666 1092 731 1129 ὅπερ
760 1088 895 1119 σκόϐαλόν

69 1134 127 1162 ἐστι
140 1137 191 1169 τῆς
217 1134 297 1170 ὕλης,
323 1134 444 1162 τουτέστι
467 1134 608 1172 πράγμαυι
634 1135 837 1174 ἀπερριμμένον
851 1136 897 1162 καὶ

69 1178 356 1218 καταπεφρονημένον,
380 1178 424 1207 καὶ
450 1178 519 1214 ὕλης
544 1179 678 1217 παίγνιον,
696 1180 733 1211 εἷς
757 1180 803 1208 τὸν
820 1180 896 1217 περί-

69 1234 144 1262 γειον
166 1223 333 1261 καταλείπῃς
356 1223 473 1260 κόσμον.
503 1224 630 1262 Κρημνὸν
655 1225 706 1262 γὰρ
725 1225 770 1252 τὸν
786 1224 898 1256 ἐνταῦθα

71 1268 157 1296 τόπον
173 1268 301 1304 ὀνομάζει
325 1268 357 1295 τὸ
373 1268 475 1306 Αόγιον.
497 1269 605 1296 ’Ὡσπεῶ
621 1269 672 1306 γὰρ
688 1269 741 1296 ἀπὸ
762 1269 898 1307 μετεώρου

71 1313 159 1341 τύπου
184 1315 232 1340 τοῦ
262 1313 388 1351 οὐρανοῦ,
416 1313 433 1347 ἠ
464 1312 543 1351 φύσις
567 1314 647 1349 ἡμῶν
677 1313 789 1345 ὲνταῦθι
817 1324 897 1340 κατα-

71 1357 263 1394 κρημνίζεται,
292 1360 418 1395 Παραινεῖ
445 1357 503 1393 οὖν,
531 1357 575 1384 ’ίνα
602 1358 647 1385 καὶ
676 1357 740 1385 αὐτὸ
761 1358 791 1385 τὸ
808 1360 897 1394 σῶμα.

74 1403 140 1439 ὅπερ
157 1402 239 1439 φησὶν
263 1401 332 1436 ὕλης
356 1399 504 1436 σκύϐαλον,
531 1402 596 1439 πυρὶ
620 1401 684 1438 Θείῳ
703 1400 899 1437 ἐκδαπανήσω-

78 1457 138 1483 μεν,
167 1444 185 1480 ἥ
217 1444 437 1480 ἀπτλεπήναντες
475 1446 512 1476 εἱς
552 1446 645 1483 αἶθὲρα
671 1446 856 1483 κουφίσαιμεν,

75 1491 284 1528 μετιρασθῶμεν
310 1490 362 1518 ὑπὸ
386 1492 453 1517 Θεοῦ
482 1490 520 1521 εἰς
548 1487 630 1518 τόπον
656 1490 738 1518 ἅῦλον
759 1491 803 1518 καὶ
828 1491 899 1518 ἀσώ-

79 1545 163 1571 ματον
180 1544 186 1551 ι
203 1535 221 1569 ἥ
248 1535 402 1572 ἰνσώματον
435 1535 494 1571 μὶν,
521 1535 638 1572 αἰθέριον
661 1534 699 1570 δὲ,
728 1535 745 1569 ἧ
774 1535 897 1572 οὐράνιον

77 1580 108 1606 οὗ
138 1578 171 1614 δὴ
200 1578 348 1617 τετύχηκεν
379 1579 394 1606 6'
422 1589 450 1606 τε
476 1577 607 1614 Θεσϐίτης
636 1579 742 1616 Ἠλίας,
771 1579 815 1607 καὶ
846 1566 935 1617 πρὸα

73 1623 173 1651 τούτου
199 1623 300 1661 Ἑνὼχ,
327 1623 512 1660 μετατεθέντες
537 1623 589 1651 ἀπὸ
613 1627 663 1658 τῆς
687 1624 798 1651 ἐνταῦθα
814 1627 899 1660 ζωῆς,

73 1669 119 1696 καὶ
146 1668 185 1699 εἰς
214 1668 349 1706 θειοτέραν
381 1668 458 1704 ληξιν
487 1668 726 1704 άποκαθιστάντες,
755 1669 800 1696 καὶ
829 1667 899 1705 μηδὲ

73 1713 106 1740 τί)
120 1716 170 1747 τῆς
186 1712 256 1748 ὕλης
277 1710 426 1746 σκύϐαλον,
446 1712 508 1747 ἤτοι
520 1714 551 1740 τὸ
572 1713 674 1740 ἑαυτῶν
690 1716 768 1750 σῶμα
784 1716 899 1752 κρημνῷ

72 1757 280 1788 καταλιπόντες.
313 1758 444 1795 Κρημνὸς
475 1756 503 1784 δέ
525 1757 607 1794 ἐστιν,
625 1757 714 1795 ὥσπερ
739 1758 897 1795 εἷ’ρήκαμεν,

75 1803 90 1830 ὁ
118 1802 256 1840 περίγειος
280 1802 377 1833 τόπος.
407 1802 446 1830 Τὸ
481 1801 510 1829 δὶ
534 1804 657 1829 τοιοῦτον
688 1801 777 1840 δόγμα
802 1802 824 1829 εἶ
853 1802 897 1829 καὶ

74 1846 228 1883 θαυμαστόν
257 1846 312 1874 ἐστι
353 1846 398 1873 καὶ
441 1846 585 1885 ὑπερφυὲς,
620 1846 683 1874 ἀλλ’
713 1847 764 1873 οὑκ
788 1846 832 1874 ἐπὶ
858 1849 898 1883 τῷ

72 1891 200 1927 ἡμετέρῳ
227 1890 416 1928 βουλήματιὴ
448 1889 552 1926 δαπανή
579 1893 665 1918 κεῖται
690 1893 738 1918 τοῦ
760 1892 896 1927 σώματος,

72 1934 118 1962 καὶ
134 1935 151 1968 ἡ
167 1934 235 1971 πρὸς
251 1934 296 1961 τὸν
318 1934 452 1972 θειότερον
476 1934 558 1961 τόπον
580 1934 684 1962 τούτων
711 1935 870 1971 μετάστασις
889 1944 896 1950 ·

75 1979 160 2015 μόνης
188 1977 216 2005 δὲ
244 1980 293 2013 τῆς
322 1978 394 2010 θείας
426 1977 544 2016 ἤρτηται
572 1978 604 2006 τὸ
632 1979 744 2016 πρᾶγμα
771 1979 895 2016 χάριτος,

71 2025 122 2058 τῆς
146 2026 185 2059 τῷ
205 2023 354 2061 ἀπορρήτῳ
376 2023 441 2061 πυρὶ
465 2025 515 2058 τήν
540 2022 608 2059 ὕλην
634 2022 826 2059 ἐκδαπανώσης
849 2026 898 2052 τιιῦ

74 2068 211 2104 σώματος.
255 2068 300 2095 καὶ
343 2068 392 2102 τὴν
445 2065 561 2105 ἐμϐριθῆ
605 2068 650 2095 καὶ
688 2067 779 2105 γεώδη
819 2069 896 2107 φύσιν

73 2112 197 2149 ὀχήματι
214 2111 318 2150 πυρίνῳ
334 2111 552 2149 μετεωριζούσης
568 2112 606 2143 εἷς
618 2111 742 2150 οὐρανόν.

109 2165 156 2200 Μή
173 2164 275 2202 ἰξάξης,
289 2163 334 2192 ἵνα
350 2166 388 2202 μὴ
405 2165 461 2203 ἐξίῃ
478 2163 579 2203 ἔχουσά
592 2176 629 2193 τι.

950 913 1040 940 cendo
1063 914 1092 939 et
1112 912 1291 940 exhortando
1311 912 1490 948 discipulum
1507 912 1669 948 alloquitur
1686 922 1692 940 :
1709 914 1772 941 Non

950 956 1046 984 solum
1059 957 1186 984 animam
1200 958 1280 983 tuam
1292 957 1327 984 ad
1340 959 1431 984 “eum
1442 956 1564 990 eleva,et
1574 957 1676 985 utvila
1687 957 1776 992 hujus

950 1001 1052 1028 turbas
1064 1000 1283 1037 supereteflice,
1296 1001 1357 1034 sed,
1369 1001 1394 1028 si
1406 1001 1467 1028 ﬁeri
1480 1003 1585 1036 potest,
1598 1009 1633 1029 ne
1654 1001 1774 1037 quidem

951 1044 1048 1080 ipsum
1075 1053 1180 1080 corpus
1207 1053 1264 1080 quo
1280 1045 1408 1072 amictus
1436 1053 1478 1077 es,
1495 1046 1633 1081 quodque
1648 1046 1777 1073 materia:

953 1089 1006 1116 fax
1021 1091 1066 1116 est
1081 1089 1202 1124 rejicula
1217 1092 1245 1117 et
1257 1088 1399 1125 neglecta,
1421 1092 1450 1117 et
1462 1089 1591 1117 materia:
1615 1089 1777 1124 ludicrum,

951 1133 980 1160 in
992 1133 1123 1161 terrestri
1141 1133 1251 1160 mundo
1267 1133 1409 1169 relinque.
1432 1133 1632 1170 Praecipitium
1648 1143 1778 1170 namque

952 1178 1086 1205 nominat
1100 1177 1251 1205 oraculum
1267 1177 1365 1205 locum
1381 1178 1459 1205 hunc
1475 1178 1654 1206 inferiorem.
1668 1180 1690 1206 A
1705 1179 1776 1207 coelo

952 1223 1030 1250 enim
1045 1224 1198 1257 tamquam
1210 1221 1273 1250 loco
1285 1222 1362 1250 edito
1378 1224 1485 1250 natura
1496 1224 1598 1251 nostra
1608 1222 1666 1251 huc
1677 1224 1776 1259 praeci-

953 1266 1072 1302 pitatur.
1085 1267 1230 1294 Admonet
1245 1266 1345 1302 igitur,
1358 1268 1390 1294 ut
1404 1267 1539 1303 etipsum
1556 1275 1674 1303 corpus,
1696 1268 1773 1304 quod

953 1319 1005 1346 per
1021 1310 1148 1338 materiae
1161 1311 1259 1338 faecem
1272 1310 1380 1345 innuit,
1392 1311 1459 1347 igne
1472 1312 1569 1339 divino
1581 1312 1775 1340 absumamus

953 1358 982 1382 et
1006 1363 1215 1391 expurgemus,
1227 1358 1278 1382 aut
1292 1355 1494 1383 decorticatim
1511 1357 1541 1383 in
1554 1356 1662 1384 aethera
1687 1357 1775 1384 eleve-

954 1408 1031 1433 mus,
1048 1401 1098 1427 aut
1113 1407 1129 1426 a
1144 1399 1202 1427 Deo
1211 1407 1261 1426 ceu
1270 1402 1491 1427 transvasemur
1501 1400 1531 1427 in
1543 1400 1639 1428 locum
1649 1401 1775 1429 materia:

954 1447 982 1472 et
997 1443 1126 1478 corporis
1143 1446 1291 1479 expertem
1305 1453 1311 1478 ;
1327 1444 1370 1471 vel
1387 1452 1536 1480 corporem
1561 1453 1627 1472 eum
1645 1445 1776 1481 quidem,

954 1489 1004 1516 sed
1016 1488 1410 1523 mthereum,velcaalestem,
1428 1497 1514 1524 quem
1539 1490 1688 1516 consecuti
1709 1493 1778 1517 sunt

954 1533 1032 1561 Elius
1047 1532 1202 1560 Thesbites
1229 1536 1258 1560 et
1286 1535 1353 1560 ante
1383 1533 1461 1560 hunc
1485 1533 1595 1568 Enoch,
1619 1534 1655 1561 ab
1672 1542 1704 1562 ac
1719 1534 1778 1562 vita

956 1578 985 1605 in
1002 1578 1087 1613 fonge
1099 1577 1271 1605 diviniorem
1280 1577 1476 1605 conditionem
1490 1577 1636 1611 translati,
1648 1579 1776 1606 materias

955 1622 1129 1656 sedimento,
1151 1630 1205 1649 suo
1216 1630 1321 1657 nempe
1331 1621 1463 1657 ipsorum
1475 1630 1605 1656 corpore,
1619 1622 1648 1649 in
1665 1631 1777 1658 prteru—

954 1661 1012 1703 ptis
1031 1666 1103 1694 locis
1128 1666 1246 1694 nomine
1262 1666 1412 1694 destituto.
1431 1666 1479 1693 Est
1494 1669 1593 1694 autem
1610 1669 1776 1703 praeruptus

953 1711 1035 1738 locus
1064 1710 1316 1746 quemadmodum
1345 1710 1488 1744 diximus,
1514 1711 1594 1746 regio
1620 1712 1776 1739 terrestris.

952 1756 1045 1790 Atque
1060 1755 1115 1782 hoc
1129 1755 1237 1790 dogma
1251 1754 1320 1782 licet
1335 1754 1509 1782 admirabile
1525 1755 1565 1782 sit
1580 1757 1609 1783 et
1624 1755 1780 1789 excellens,

953 1808 1010 1827 non
1027 1801 1125 1826 tamen
1151 1800 1181 1826 in
1208 1802 1308 1827 nostra
1332 1799 1483 1826 voluntate
1505 1799 1563 1826 sita
1587 1802 1631 1827 est
1650 1800 1780 1835 corporis

953 1843 1111 1871 illustratio
1127 1845 1156 1870 et
1171 1843 1206 1871 ad
1223 1843 1398 1871 diviniorom
1414 1843 1510 1870 locum
1537 1843 1701 1875 translatio,
1726 1844 1775 1871 sed

952 1887 1061 1923 pendet
1089 1895 1136 1914 res
1152 1889 1213 1914 tota
1234 1896 1251 1914 a
1275 1887 1374 1914 divina
1390 1888 1496 1923 gratia,
1513 1889 1545 1915 ut
1561 1887 1622 1915 haec
1637 1887 1778 1915 ineffabili

952 1932 1018 1968 igne
1034 1931 1163 1967 corporis
1178 1931 1332 1959 materiam
1350 1933 1464 1964 exurat,
1490 1933 1518 1958 et
1542 1935 1774 1967 praegravantem

951 1979 1158 2012 terrenamque
1179 1978 1313 2003 naturam
1330 1976 1414 2012 igneo
1442 1975 1572 2003 vehiculo
1603 1976 1631 2003 in
1671 1976 1776 2004 ccelum

952 2021 1065 2049 evehat.

986 2165 1024 2192 Ne
1038 2165 1134 2200 exigas
1151 2163 1294 2198 animam,
1308 2171 1343 2192 ne
1356 2164 1386 2192 in
1405 2164 1658 2235 exeundoﬂabgyi
1668 2164 1777 2227 qlz’quz‘d

1549 2209 1625 2235 perac
1638 2209 1645 2227 ι
1660 2208 1674 2227 e
1688 2209 1731 2228 ur.

1549 2208 1731 2236 perwmemr.

108 2255 196 2283 Τοῦτο
211 2254 242 2282 τὰ
260 2253 354 2292 λόγιον
370 2253 415 2282 καί
440 2255 581 2287 Ηλωτῖνος
605 2255 631 2282 ἐν
658 2257 697 2292 τῷ
717 2255 779 2293 περὶ
795 2255 893 2293 ἀλόγου

987 2256 1045 2282 Hoc
1061 2253 1211 2281 oraculum
1229 2253 1317 2280 refert
1333 2253 1422 2281 etiam
1437 2253 1569 2281 Plotinus
1585 2253 1613 2280 in
1641 2253 1714 2280 libro
1740 2253 1776 2281 de

72 2298 212 2336 ἐξαγωγῆς
226 2299 341 2334 τίθησιν.
358 2299 430 2327 Ἐστὶ
447 2298 469 2326 δ’
498 2300 511 2327 ὁ
525 2299 608 2337 λόγος
633 2299 789 2338 παραίνεσις
813 2300 894 2337 ὑπερ-

75 2344 144 2378 φυής
170 2353 200 2370 τε
223 2344 268 2370 καὶ
298 2343 482 2382 ὑπερήφανος.
515 2344 586 2380 Φησῖ
616 2344 666 2382 γὰρ
694 2343 763 2380 μηδέ
791 2356 817 2372 τι
849 2345 896 2372 τὸ]

74 2387 216 2425 ἄνθρωπον
248 2388 481 2425 πραγματεύεσθαι
510 2388 571 2425 περί
599 2390 649 2424 τὴν
679 2389 818 2426 ἐξαγωγὴν
845 2393 895 2424 τῆς

73 2434 178 2469 ψυχῆς,
197 2431 266 2468 μηδὲ
278 2432 428 2471 φροντίζειν
442 2435 500 2464 πῶς
515 2433 544 2460 ἄν
561 2433 665 2468 ἐξέλθοι
680 2436 728 2461 τοῦ
744 2435 870 2470 σώματος
889 2444 895 2450 '

75 2475 147 2504 ἀλλὰ
170 2477 209 2512 τῷ
231 2479 336 2515 φυσικῷ
360 2475 436 2514 λόγῳ
462 2480 513 2512 τῆς
541 2476 690 2509 διαλύσεως
712 2481 895 2516 παταχωρεῖν.

73 2520 147 2548 Αὐτὸ
173 2521 224 2558 γὰρ
251 2521 282 2548 τὸ
307 2520 475 2557 ἐμμεριμνον
506 2521 572 2549 εἷναί
600 2532 659 2549 τινα
689 2522 750 2558 περὶ
771 2526 821 2557 τῆς
848 2525 896 2550 τοῦ

74 2565 201 2601 σώματος
228 2564 343 2599 λύσεως,
369 2565 414 2592 καὶ
452 2569 502 2600 τῆς
540 2565 657 2593 ἐντεῦθεν
686 2566 823 2604 ἐξαγωγῆς
848 2567 896 2601 τῆς

73 2611 176 2647 ψυχῆς,
204 2610 312 2647 μετάγει
339 2610 384 2637 τὸν
412 2612 475 2637 νοῦν
499 2609 552 2638 ἀπὸ
576 2613 630 2638 τῶν
656 2611 826 2648 κρειττόνων,
851 2611 896 2639 καὶ

75 2653 228 2691 ἃπασχολεῖ
243 2655 304 2690 περὶ
320 2654 369 2689 τὴν
390 2655 517 2689 τοιαύτην
535 2654 675 2694 φροντίδα,
692 2652 762 2683 ἔνθεν
778 2666 820 2683 τοι
836 2655 898 2683 οὐδὲ

74 2698 229 2737 καθαίρεται
255 2698 409 2726 τελεώτατα
429 2699 446 2733 ἡ
474 2700 561 2737 ψυχή.
584 2699 820 2737 Ἀσχολουμένοις
851 2699 897 2728 οὗν

75 2744 141 2779 ἡμῖν
167 2744 229 2781 περὶ
259 2744 308 2777 τὴν
337 2742 477 2777 ἀνάλυσιν,
505 2743 548 2771 ἐάν
577 2746 724 2779 τηνικαῦτα
748 2745 762 2772 ὁ
786 2745 898 2777 θάνατος

75 2787 271 2827 παραγένηται,
301 2788 351 2816 οὐκ
394 2786 523 2826 ἐλευθέρα
560 2788 725 2817 παντάπασιν
756 2789 851 2826 ἔξεισιν
878 2791 896 2825 ἡ

951 2299 1055 2327 animae
1072 2298 1250 2326 irrationalis
1266 2297 1430 2325 eductione.
1454 2298 1505 2325 Est
1527 2300 1626 2325 autem
1652 2297 1775 2333 insignis

950 2347 979 2372 et
995 2344 1092 2380 magni
1105 2344 1244 2371 momenti
1256 2343 1420 2371 exhortatio
1433 2351 1439 2370 :
1454 2343 1566 2370 homini
1584 2343 1722 2370 nimirum
1732 2343 1776 2371 ni-

951 2389 991 2417 hil
1007 2389 1171 2425 quidquam
1181 2388 1361 2415 moliendum
1374 2395 1437 2415 esse
1449 2388 1484 2415 de
1495 2387 1599 2415 anima:
1610 2388 1773 2421 eductione,

951 2442 1046 2470 neque
1056 2433 1295 2468 despisciendum
1307 2440 1364 2468 quo
1378 2434 1461 2467 pacto
1474 2432 1523 2459 illa
1533 2440 1548 2459 e
1560 2440 1679 2468 corpore
1691 2441 1773 2468 egre-

951 2479 1064 2512 diatur;
1083 2478 1133 2506 sed
1146 2477 1296 2513 negotium
1311 2476 1437 2504 naturali
1453 2476 1655 2505 dissolutionis
1670 2478 1775 2505 rationi

951 2522 1191 2560 permiltendum.
1217 2521 1355 2549 Anxietas
1383 2521 1461 2548 enim
1491 2523 1520 2548 et
1549 2521 1716 2549 sollicitudo
1739 2523 1775 2550 de

952 2567 1082 2603 corporis
1110 2566 1265 2600 solutione,
1292 2568 1321 2593 et
1342 2565 1446 2592 animae
1471 2573 1505 2592 ex
1529 2565 1580 2593 illo
1612 2567 1774 2603 eductione,

953 2613 1082 2639 mentem
1099 2619 1116 2638 a
1131 2609 1304 2638 melioribus
1320 2609 1547 2645 cogitationibus
1564 2613 1676 2645 avocat,
1687 2613 1714 2639 et
1724 2619 1776 2639 cu-

952 2657 994 2684 ris
1009 2655 1155 2690 ejusmodi
1171 2656 1305 2689 occupat,
1318 2654 1396 2681 unde
1407 2654 1533 2689 perfecte
1544 2655 1643 2682 anima
1659 2656 1776 2691 purgari

954 2700 1066 2736 nequit.
1079 2700 1107 2727 Si
1123 2699 1201 2727 enim
1213 2701 1283 2725 tunc
1297 2706 1377 2726 mors
1393 2698 1477 2725 nobis
1494 2699 1640 2734 adveniat,
1657 2701 1774 2735 quando

953 2746 1032 2773 curis
1043 2745 1078 2772 de
1103 2742 1279 2771 resolutione
1298 2742 1515 2779 distringimur,
1532 2743 1629 2771 anima
1644 2752 1701 2770 non
1717 2744 1776 2771 exit

953 2797 1074 2827 prorsus
1089 2788 1192 2823 libera,
1203 2787 1253 2816 sed
1265 2787 1395 2816 retinens
1415 2787 1525 2824 aliquid
1543 2788 1578 2815 de
1589 2787 1648 2814 vita
1660 2787 1773 2815 affecti-
