1950 3050
76 129 158 160 “37

508 130 717 162 EXPOSITIO
740 131 1010 163 ORACULOBUM
1033 134 1356 164 CHALDAIGORUM.

1704 134 1782 164 H38

80 196 106 224 Η
141 194 220 234 φύσις
252 195 339 223 πείθει
374 195 509 224 πιστεύειν
560 196 625 225 εἶναι
666 196 731 228 τοὺς
761 195 894 236 Δδαίμονας

991 201 1067 228 itura
1081 201 1188 236 suadet,
1205 205 1235 228 ut
1248 200 1392 229 credamus
1406 199 1500 236 genio:
1514 203 1618 228 sanctos
1632 207 1699 228 esse.

756 233 866 261 ἁγνούς.

74 267 127 294 Καὶ
167 267 200 294 τὰ
240 270 326 302 κακῆς
367 266 436 302 ὒλης
483 266 675 305 βλαστήματα,
714 235 904 341 χὲἷὲζὲζῗκαὶ

789 316 804 332 σ
841 314 868 333 α.

789 314 868 333 συΛα.

115 355 176 393 Οὐχ⁴
191 354 232 383 ὅτι
248 355 315 390 αὖτὴ
332 355 418 384 πείθει
434 356 526 392 τοῦτο,
543 356 605 385 ἀλλ’
631 357 672 386 ὅτι
687 357 836 394 κληθείσης
851 359 904 396 πρὸ

74 403 129 434 τῆς
143 399 290 437 παρουσίας
305 400 390 435 αὐτῆς
407 400 496 432 πολὺς
515 401 620 440 ἐπιρῥιῖ
646 401 781 438 δαιμόνων
808 403 903 440 χορὸς,

75 443 123 471 καί
146 443 301 476 πολυειδεῖς
328 445 524 484 προφαίνονται
560 447 661 485 μορφαὶ
700 446 903 483 δαιμονιώδεις,

76 488 132 516 ἀπὸ
156 488 262 516 πάντων
290 489 336 526 μὶν
359 492 414 516 τῶν
441 491 584 528 στοιχείων
608 491 823 529 ἆνεγειρόμεναι,
852 492 905 519 ἀπὸ

75 532 185 560 πάντων
201 532 230 560 δὲ
243 533 298 561 τῶν
315 536 404 571 μερῶν
415 536 463 562 τοῦ
485 534 643 570 σεληνιαῐου
669 534 773 572 δρόμου
800 536 904 572 συγκεί-

78 577 157 614 μεναί
182 587 212 605 τε
232 578 277 605 καὶ
304 577 490 616 μεριζόμεναι·
515 579 560 606 καὶ
583 578 677 617 ἱλαραὶ
695 580 741 607 καὶ
763 579 904 617 χαρίεσσαι

75 621 215 652 πολλάκις
231 621 552 661 φαινόμεναι,φαντασίαν
567 624 640 654 τινὸς
654 623 820 662 ἀγαθότητος
836 624 905 661 πρὸς

75 666 123 694 τὸν
138 665 306 703 τελούμενον
321 666 523 703 ὑποκρίνονται.

115 759 199 804 Ἢυχῂ
217 759 344 804 μερόπων
360 760 513 804 Θεὸνιιξιγξιι
529 759 691 804 ιΐςλὲαυτήν,

77 793 168 832 Οὐδὲν
174 793 275 832 ’θνητὸν
292 793 405 832 ἔχουσα.
423 793 475 831 8λή
481 793 487 797 ’
494 793 669 832 μεμεθυσταιή.

77 808 161 822 υυοεν
179 808 274 831 υνητον
292 808 405 832 εχουσαι
423 808 475 831 οΛη
517 808 669 832 ἱμευυσται.

77 831 225 868 Ἁρμονίαν
243 829 322 869 αὔχει
339 831 401 869 γὰρ,
420 832 463 869 ὑφ’
478 808 577 870 ᾗμπὲλε
592 835 672 870 σῶμα
689 833 822 870 βρότειον.

116 924 156 952 Τὸ
167 926 250 959 θιῖον,
281 924 359 963 φησὶ,
389 927 441 962 πῦρ
464 926 481 959 ἡ
510 925 588 963 ψυχὴ
618 925 737 964 βιάζεται
754 925 791 957 εἷς
807 926 904 959 ἒαυτὴν

83 969 174 1004 (τοῦτο
204 969 255 1007 γάρ
284 968 340 996 ἐστι
368 969 399 997 τὸ
428 969 536 1007 ἄγχειν)
566 969 611 997 διὰ
638 973 687 1005 τῆς
703 970 846 1002 ἀθανασίας
861 970 906 998 καὶ

81 1016 132 1047 τῆς
155 1012 342 1049 καθαρότητος
356 1035 362 1041 .
388 1013 453 1041 Τότε
477 1014 528 1052 γὰρ
549 1013 601 1050 ὅλη
631 1014 804 1050 Iunilius-rei,
828 1025 907 1042 τουτ-

82 1057 149 1091 έστι,
164 1056 319 1094 πληροῦται
334 1061 385 1092 τῆς
398 1057 551 1095 κρείττονος
567 1060 639 1094 ζωῆς
662 1058 707 1086 καὶ
731 1058 907 1096 ἐλλάμψεως,

80 1101 126 1129 καὶ
148 1102 206 1129 οἷον
231 1101 363 1137 ἐξίσταται
389 1103 499 1137 ἑαυτῆς.
522 1103 587 1131 Εἶτα
602 1103 670 1140 πρὸς
694 1104 778 1138 αὐτὴν
795 1104 809 1130 ὁ
826 1103 909 1140 λόγος

82 1146 177 1184 φησὶν,
202 1146 331 1183 ἁρμονίαν
358 1145 448 1184 αὔχει,
471 1148 593 1175 τουτέστι
618 1147 750 1184 σεμνύνου
778 1150 812 1184 τῇ
841 1147 907 1183 altri-

81 1192 122 1218 νεῖ
143 1190 189 1217 καὶ
215 1192 302 1228 νοητῇ
324 1190 457 1228 ἁρμονίᾳ,
481 1191 499 1228 ᾖ
524 1190 690 1226 ωνδέδεσαι,
715 1192 908 1229 ἀριθμητικοῖς

82 1231 178 1272 λόγοις
207 1234 252 1262 καὶ
283 1237 439 1271 μουσικοῖς.
473 1236 538 1263 Ὑπὸ
571 1236 654 1273 ταύτῃ
681 1237 732 1274 γὰρ
760 1238 795 1269 τῆ
823 1239 909 1274 νοητῇ

83 1278 202 1316 ἁρμονίᾳ
229 1279 274 1306 καὶ
297 1279 329 1307 τὰ
358 1280 482 1317 βρότειον
511 1280 556 1308 καὶ
588 1281 712 1312 σύνθετον
732 1281 908 1318 συνηρμόσθη

84 1325 164 1360 σῶμα
197 1323 297 1355 ὶκεῖθιν
336 1323 597 1362 ἐπιχορηγουμὲνην
636 1323 701 1362 ἕχον
733 1325 783 1359 τήν
814 1324 909 1352 σύσται-

85 1378 137 1396 σιν.

728 1458 840 1498 ὄμματα
881 1460 910 1489 δὲ

84 1459 218 1498 Ἦγςίσθω
260 1461 354 1498 ψυχῆς
398 1460 480 1499 βάθος
522 1458 685 1500 ἄμϐροτονθ

775 1498 874 1534 [πάντα

84 1530 187 1569 Ἀρδην
201 1531 346 1559 ἇκπξτασον
359 1529 425 1560 ἄνω.

120 1583 222 1618 Ψυχῆς
247 1581 329 1619 βάθος
345 1581 372 1608 αἱ
386 1579 502 1618 τριπλαῖ
521 1580 606 1614 αὐτῆς
621 1580 749 1618 δυνάμεις
778 1580 855 1609 ιὶσίν·
882 1582 910 1609 αἱ

84 1624 189 1663 νοιραὶ,
215 1625 243 1652 αἱ
272 1623 454 1661 διανοητικαὶ,
479 1625 506 1652 αἱ
536 1623 698 1660 δοξαστικαί·
729 1623 840 1662 ὅμματα
870 1624 910 1659 δὲ,

84 1669 112 1696 αἱ
136 1669 251 1706 τριπλαῖ
275 1669 363 1697 αὐτῶν
384 1669 532 1707 γνωστικαὲ
553 1669 695 1707 ἐνέργειαι.
724 1671 760 1698 Τὸ
788 1670 835 1707 μὲν
860 1670 909 1708 γᾶρ

85 1711 163 1750 ὅμμα
187 1713 314 1751 γνώσεως
340 1711 492 1751 σύμϐολον·
518 1715 535 1749 ἡ
553 1712 581 1741 δὶ
598 1714 667 1749 ζωὴ,
684 1713 808 1752 ὀρέξεως.
826 1715 912 1742 ’Δνοι-

84 1757 172 1796 τὲσθω
197 1756 255 1794 οὗν⁷
272 1758 349 1796 φησὶ,
376 1758 408 1785 τὸ
431 1761 481 1793 τῆς
497 1760 590 1796 ψυχῆς
611 1758 741 1786 ἀθάνατον
759 1758 851 1796 βάθος,
867 1759 911 1786 καὶ

85 1802 133 1832 τὰς
158 1801 308 1840 γνωστικάς
324 1813 366 1830 σοι
382 1801 509 1839 δυνάμεις
525 1801 610 1840 ἄρδην
626 1802 769 1830 ἐκπέτασον
786 1804 850 1837 ὀινω,
866 1803 911 1830 καὶ

87 1844 153 1873 ὅλον
179 1846 287 1881 σαυτὸν,
310 1845 356 1874 ’ίνα
383 1845 415 1874 τὸ
443 1845 586 1883 ἡμεδαπὸν
609 1846 662 1884 δρῶ
679 1847 790 1883 μετάθες
805 1847 849 1875 ἐπὶ
864 1848 909 1875 τὸν

87 1889 197 1928 Κύριον.

135 1985 181 2019 Μὴ
199 1985 306 2021 πνεῦμα
322 1983 442 2022 μολύνῃς
460 1983 531 2021 μηδὲ
549 1983 664 2022 βαθύνῃς
678 1984 710 2012 τὸ
726 1983 862 2013 ἐπίπεδον.

122 2068 173 2096 Δύο
189 2070 308 2107 χιτῶνας
335 2067 493 2096 ἐπενδύουσι
518 2069 568 2104 τὴν
595 2070 688 2107 ψυχὴν
714 2070 740 2097 οἱ
766 2068 910 2098 Χαλδαῖοι·

85 2114 131 2141 καὶ
146 2114 192 2141 τὸν
220 2114 267 2150 μὲν
291 2115 473 2150 πνευματικὸν
499 2113 654 2150 ὠνόμασαν,
676 2114 791 2142 ἀπὸτοῦ
814 2114 912 2150 αἴσθη-

84 2160 134 2186 τοῦ
162 2159 268 2195 κόσμου
298 2157 475 2197 ἐξυφανθὲντα
504 2158 573 2196 αὐτῇ
592 2168 598 2176 ’
637 2159 683 2186 τὸν
713 2158 741 2186 δὲ
769 2158 910 2196 αὐγοειδῆ,

86 2202 188 2231 λεπτὸν
211 2202 255 2230 καὶ
280 2202 385 2242 ἆναφῆο
413 2202 495 2239 ὅνπερ
521 2201 647 2230 ἐπίπεδον
671 2203 806 2240 ὠνόμασε.
837 2205 912 2239 Μήτε

959 272 992 299 Et
1005 280 1097 308 pravae
1111 274 1238 301 materiae
1253 273 1389 308 germina,
1405 272 1490 299 utilia
1503 276 1530 299 ei
1546 272 1624 300 bona.

959 361 1023 388 Non
1048 362 1125 397 quod
1150 363 1216 397 ipsa
1240 364 1346 389 natura
1371 361 1424 388 hoc
1449 360 1561 388 ratione
1585 361 1718 394 suadeat,
1734 361 1785 388 sed

960 406 1038 441 quod
1054 406 1078 433 si
1094 407 1211 441 quando
1227 406 1278 433 illa
1302 408 1438 433 evocetur
1465 407 1531 432 ante
1547 405 1704 432 adventum
1721 405 1786 440 ejus

961 451 1099 486 frequens
1115 451 1283 478 daemonum
1300 453 1392 477 cmtus
1409 449 1522 482 afﬂuat,
1540 452 1568 476 et
1583 449 1653 476 varii
1671 450 1787 484 generis

960 494 1118 530 formasque
1134 498 1250 530 spectra
1264 494 1444 522 dzemoniaca
1459 496 1638 529 procurrant
1653 495 1681 521 et
1696 502 1787 530 appa-

960 541 1053 570 reant,
1070 539 1106 566 ab
1121 539 1260 566 omnibus
1276 538 1382 574 partim
1398 538 1552 566 elementis
1567 537 1702 571 excitata,
1718 546 1788 574 par-

960 583 1012 609 tim
1029 582 1065 610 ab
1081 583 1218 610 omnibus
1234 582 1348 610 lunaris
1373 591 1478 610 cursus
1502 582 1685 618 portionibus
1707 590 1785 609 com-

960 626 1055 662 posita
1069 629 1098 654 et
1112 626 1240 654 discreta
1256 635 1262 654 :
1280 627 1338 654 imo
1355 634 1422 654 cum
1447 626 1548 654 laetitia
1562 629 1590 654 et
1604 626 1699 662 gratia
1713 634 1786 661 qua~

959 670 1027 698 dam
1048 670 1198 698 blanditiae
1223 671 1331 707 saepius
1356 670 1537 698 occurrentia
1561 670 1689 706 speciem
1705 670 1789 698 boni-

959 715 1029 743 tatis
1044 715 1159 743 initiata
1174 715 1314 750 praebent.

959 764 1059 791 Anima
1071 764 1212 792 hominum
1229 766 1319 792 Deum
1334 765 1364 791 in
1384 764 1504 799 seipsum
1517 764 1695 799 constringet,

960 799 990 828 Si
1004 800 1078 828 nihil
1092 800 1190 828 caduci
1203 800 1339 834 obtinens,
1354 802 1410 827 tota
1424 799 1566 827 inebriato
1580 801 1629 827 est.
1794 831 1795 834 η

960 837 1141 864 Harmoniam
1169 836 1242 870 iacta
1270 843 1400 871 namque,
1429 836 1478 863 sub
1507 844 1561 871 qua.
1582 834 1786 906 corpusfvittale

1697 879 1724 898 cs
1739 891 1746 897 .

996 920 1043 948 Ait
1057 921 1135 956 quod
1151 920 1250 948 anima
1266 920 1294 947 in
1312 919 1440 955 seipsam
1461 919 1489 947 vi
1515 919 1671 955 compellat
1683 919 1783 956 ignem

961 965 1093 993 divinum
1109 965 1150 1000 {id
1165 965 1243 992 enim
1260 965 1315 992 sibi
1329 964 1389 992 vult
1403 964 1433 991 τὸ
1449 964 1554 1001 ἄγχειν,
1574 963 1785 999 constringere)

960 1009 1074 1038 ratione
1088 1009 1317 1036 immortalitatis
1334 1011 1361 1036 ct
1376 1008 1522 1044 puritatis.
1539 1008 1621 1036 Tunc
1635 1008 1713 1036 enim
1724 1010 1786 1036 tota

962 1053 1107 1082 inebriato.
1120 1055 1175 1087 est,
1188 1053 1216 1080 id
1233 1056 1277 1081 est
1292 1053 1431 1089 impletur
1446 1053 1638 1089 praestantiori
1649 1053 1708 1080 vita
1718 1054 1746 1080 et
1757 1053 1789 1080 il-

961 1098 1196 1131 luminatione,et
1207 1098 1291 1134 quasi
1300 1100 1381 1125 extra
1392 1098 1519 1133 soipsam
1530 1100 1671 1125 movetur.
1680 1097 1790 1125 Deinde

963 1143 1057 1179 ipsam
1076 1143 1205 1170 animam
1228 1142 1388 1178 alloquitur
1412 1138 1564 1170 oraculum
1589 1142 1701 1178 dicens,
1719 1143 1788 1170 Har.

963 1188 1086 1216 maniam
1097 1188 1184 1223 jacta,
1205 1187 1234 1214 id
1251 1189 1294 1215 est
1318 1187 1444 1222 gloriare
1467 1187 1503 1214 de
1518 1187 1645 1214 obscura
1660 1188 1689 1214 et
1703 1186 1789 1214 intel-

964 1231 1069 1268 ligibili
1085 1231 1352 1267 coagmentatione,
1369 1240 1426 1266 qua
1450 1231 1586 1267 colligata
1600 1239 1631 1258 es
1647 1230 1790 1258 arithme-

964 1276 1030 1304 ticis
1046 1279 1074 1304 et
1090 1276 1212 1303 musicis
1237 1276 1483 1312 proportionibus.
1505 1275 1564 1303 Sub
1581 1275 1635 1303 hac
1649 1275 1728 1303 enim
1745 1275 1789 1302 in-

963 1320 1110 1357 telligibili
1139 1320 1294 1348 harmonia
1319 1320 1406 1348 etiam
1431 1320 1517 1347 vitale
1545 1322 1574 1348 et
1598 1319 1790 1355 compositum

964 1373 1071 1400 corpus
1090 1366 1328 1401 coagmentatum
1352 1368 1396 1392 est
1412 1366 1561 1392 structura
1583 1363 1666 1392 illinc
1680 1372 1791 1400 suppe-

964 1409 1066 1438 ditata.

964 1460 1156 1496 Principatum
1170 1461 1260 1487 teneat
1280 1460 1380 1487 animm
1403 1459 1577 1496 profunditas
1591 1458 1687 1486 dicina
1701 1466 1711 1486 :
1726 1466 1790 1486 ocu-

1478 1495 1530 1530 [los
1545 1495 1637 1522 autem
1651 1502 1753 1522 omnes.

965 1531 996 1559 In
1011 1531 1099 1559 altum
1113 1538 1224 1558 sursum
1238 1530 1387 1558 cxtendite.

927 1564 948 1598 α
1003 1580 1116 1608 Animas
1132 1579 1318 1615 profunditas
1343 1579 1442 1607 innuit
1465 1578 1596 1615 triplices
1612 1579 1677 1614 ejus
1692 1580 1793 1614 poten-

969 1625 1036 1659 tias,
1053 1633 1116 1660 quaa
1132 1624 1162 1652 in
1173 1624 1334 1658 intellectu,
1346 1623 1521 1660 cogitatione
1537 1625 1566 1651 et
1581 1623 1716 1659 opinions
1731 1623 1795 1651 sita)

969 1671 1039 1697 sunt
1058 1681 1064 1704 ς
1080 1668 1156 1697 oculi
1172 1677 1239 1696 vero
1256 1668 1386 1704 triplices
1412 1676 1513 1696 earum
1540 1668 1725 1704 operationes
1749 1676 1798 1696 co-

969 1713 1128 1750 gnoscendi
1145 1713 1171 1740 vi
1187 1713 1332 1749 praeditas.
1347 1715 1397 1741 Est
1407 1713 1484 1741 enim
1502 1713 1605 1740 oculus
1621 1712 1796 1748 cognitionis

969 1759 1099 1794 signum,
1116 1760 1148 1784 ut
1162 1761 1190 1785 et
1204 1758 1262 1785 vita
1287 1758 1487 1794 appetitionis.
1508 1757 1577 1784 Vult
1598 1757 1689 1793 igitur
1705 1759 1736 1784 ut
1751 1765 1796 1785 re-

970 1805 1083 1831 seretur
1110 1802 1213 1830 animae
1238 1802 1417 1829 immortalis
1441 1801 1638 1838 profunditas,
1664 1804 1692 1829 et
1721 1809 1794 1837 quas

970 1847 1062 1875 habes
1076 1847 1102 1874 vi
1125 1846 1318 1882 cognoscendi
1344 1847 1477 1882 prmditas
1503 1846 1658 1882 potentias,
1674 1854 1794 1874 sursum

971 1892 1000 1920 in
1013 1891 1105 1919 altum
1122 1891 1226 1924 eleves,
1243 1891 1301 1918 imo
1316 1891 1442 1926 teipsum
1459 1893 1566 1923 totum,
1578 1893 1611 1918 ut
1625 1892 1794 1919 nostrorum

968 1936 1064 1964 verbis
1079 1938 1154 1969 utar,
1171 1936 1205 1963 ad
1222 1935 1380 1963 Dominum
1394 1935 1564 1963 transferas.

968 1985 1007 2014 Ne
1029 1986 1157 2021 spiritum
1180 1985 1350 2020 cainquines,
1376 1993 1463 2020 neque
1485 1985 1660 2021 superﬁciem
1678 1985 1710 2012 in
1729 1992 1794 2020 pro-

1503 2020 1634 2057 [fumium
1648 2028 1758 2056 augeas.

1004 2069 1254 2098 Chaldaeiduahus
1265 2068 1372 2096 tunicis
1385 2069 1513 2097 animam
1524 2068 1694 2104 induunt,et
1707 2077 1796 2096 unam

970 2115 1086 2150 quidem
1105 2113 1289 2150 spirituulem
1303 2113 1527 2147 nominarunt,a
1541 2113 1673 2141 sensibili
1686 2114 1797 2141 mundo

969 2159 1025 2195 ipsi
1043 2161 1215 2191 contextam,
1233 2158 1355 2186 alterum
1381 2166 1447 2186 vero
1464 2158 1658 2192 luciformem,
1679 2160 1796 2186 tenuem

969 2206 998 2231 et
1024 2203 1195 2238 intactilem,
1226 2211 1289 2239 quae
1321 2203 1493 2239 superﬁcies
1518 2203 1565 2230 hic
1589 2204 1721 2231 vocatur.
1755 2202 1796 2230 Ne

87 2247 144 2283 οὖν,
174 2247 251 2286 φησὶ,
280 2247 325 2275 τὸν
351 2247 534 2283 πνευματικὸν
562 2249 669 2285 χιτῶνα
692 2251 742 2283 τῆς
756 2249 848 2286 ψυχῆς
866 2259 894 2284 μ(

991 2248 1069 2283 gitur,
1094 2247 1201 2283 inquit,
1227 2247 1410 2282 spiritualem
1439 2247 1543 2274 anima:
1568 2247 1701 2274 tunicam
1729 2246 1796 2274 affe-

87 2290 171 2328 λύνῃς
201 2291 348 2329 ἀκαθαρσίᾳ
377 2292 480 2327 παθῶν,
513 2293 582 2329 μήτε
611 2292 657 2320 τὸν
683 2291 810 2320 ἰπίπιδον
829 2293 916 2328 αὐτῆς

91 2335 209 2374 βαθύνῃς
236 2336 406 2374 προσθήκαις
433 2337 502 2364 τισὶν
530 2335 638 2368 ὑλικαῖς
660 2346 667 2354 ⁶
699 2337 771 2365 ἀλλὰ
796 2338 915 2375 τήρησον

88 2379 260 2418 ἆμφοτὲρους
281 2379 325 2407 hri
348 2384 398 2415 τῆς
414 2380 529 2420 φύσεως,
544 2381 590 2409 τὸν
616 2382 663 2418 μὶν
685 2382 814 2420 καθαρὸν,
826 2382 871 2409 τὸν
888 2381 917 2410 δὲ

90 2422 183 2464 ἆὸαφῆ
187 2445 193 2452 .

141 2524 264 2559 Ζήτησον
279 2522 452 2561 παράδεισον.

125 2571 290 2612 Παράδεισός
314 2571 370 2600 ἐστι
396 2570 561 2607 Χαλδαϊκὸς,
587 2575 639 2604 πᾶς
655 2574 669 2600 ὁ
698 2573 759 2611 περὶ
786 2574 831 2600 τὸν
861 2576 914 2601 Πα-

87 2618 153 2655 τὲρα
182 2617 268 2655 χορὸς
296 2619 350 2645 τῶν
378 2616 455 2644 Θείων
483 2615 634 2654 δυνάμεων,
663 2617 707 2645 καί
737 2618 770 2645 τὰ
797 2617 916 2656 ἐμπόρια

89 2661 181 2697 κάλλη
208 2663 261 2689 τῶν
291 2660 497 2699 δημιουργικῶν
528 2664 637 2699 πηγῶν·
659 2663 779 2698 ’Ἂνοιξις
794 2661 822 2690 δὶ
835 2663 916 2690 αὐτοῦ

92 2705 128 2734 δι’
156 2703 302 2742 εὐσεϐείας,
327 2707 345 2741 ἡ
377 2706 507 2743 μετουσία
527 2708 581 2734 τῶν
607 2706 724 2744 ἀγαθῶν,
748 2706 863 2746 φλογίνη
887 2706 916 2734 δὲ

93 2750 224 2789 ῥομφαία,
254 2750 445 2788 ήᾶμείλιλτος
458 2752 516 2781 τοῖς
540 2751 654 2786 ἀναξιως
681 2752 914 2789 προσιρχομὲνοις

94 2794 220 2834 δύναμις.
250 2796 298 2824 Καὶ
335 2795 443 2827 τούτοις
469 2795 516 2833 μὲν
539 2795 692 2824 κέκλεισται
721 2795 765 2824 διὰ
787 2797 837 2832 τήν
867 2797 915 2824 ἄν-

970 2295 1070 2321 ctuum
1087 2291 1277 2319 immunditia
1293 2292 1487 2324 contamines,
1499 2299 1594 2327 neque
1608 2290 1792 2326 superficiem

970 2337 1050 2365 illius
1065 2336 1275 2364 additamentis
1291 2336 1468 2371 quibusdam
1494 2335 1696 2363 materialibus
1711 2335 1740 2363 in
1755 2335 1795 2363 al-

970 2381 1125 2409 titudinem
1142 2389 1306 2408 excresccrc
1331 2380 1432 2415 facias,
1449 2381 1498 2408 sed
1524 2380 1627 2408 ambas
1642 2382 1675 2408 ut
1689 2381 1796 2408 natura

971 2434 1026 2454 sua
1041 2434 1104 2453 sese
1119 2425 1228 2453 habent
1242 2433 1407 2460 conserves,
1420 2425 1495 2453 hanc
1511 2432 1626 2462 puram,
1639 2424 1721 2453 illam
1733 2424 1796 2453 nul-

969 2470 998 2498 lo
1014 2470 1109 2498 colore
1125 2469 1272 2497 infectam.

1043 2526 1141 2559 Quaere
1153 2524 1326 2561 paradisum.

1007 2574 1097 2602 Totus
1126 2574 1291 2602 divinarum
1320 2574 1514 2609 potentiarum
1545 2573 1652 2602 chorus
1681 2575 1797 2602 Patrem

972 2619 1116 2654 ambiens,
1132 2620 1160 2646 et
1176 2619 1272 2655 ignita:
1284 2618 1519 2654 pulchritudines
1531 2618 1654 2646 fontium
1671 2618 1798 2654 publicis

971 2663 1074 2691 ofﬁciis
1097 2664 1322 2696 destinatorum,
1340 2663 1493 2698 paradisus
1518 2663 1661 2690 Chaldaeis
1676 2663 1794 2691 dicitur.

969 2708 1085 2743 Apertio
1101 2710 1197 2735 autem
1215 2708 1294 2735 illius
1319 2717 1384 2743 quin
1409 2708 1440 2734 lit
1463 2707 1569 2743 pietate
1585 2708 1792 2741 intercedente,

970 2755 1015 2780 est
1031 2753 1172 2780 bonorum
1197 2752 1295 2779 fruitio
1312 2760 1317 2779 :
1335 2751 1451 2788 gladius
1476 2760 1541 2780 vero
1558 2752 1722 2786 ﬂammeus,
1739 2759 1792 2786 po-

970 2797 1061 2826 tentia
1074 2796 1195 2833 indigne
1205 2797 1410 2826 accedentibus
1424 2796 1627 2833 implacabilis.
1640 2797 1735 2831 Atque
1745 2795 1791 2824 his
