1953 3047
85 139 166 170 ΗΜ

121 205 217 234 Ποιναὶ
232 206 359 243 μερόπων
373 206 533 244 ἄγκτειραι.

125 250 158 278 Ol
172 250 221 287 μὶν
246 250 296 288 γὰρ
330 250 471 288 ἀναγωγοὶ
501 249 614 289 ἄγγελοι
644 251 773 288 ἀνάγουσι
795 249 842 281 τὰς
869 250 922 286 ψυ-

84 295 142 334 χὰς
158 295 198 334 ἐφ’
215 294 327 327 ἑαυτοὺς
342 295 373 323 ἐκ
393 297 444 328 τῆς
468 295 598 334 γενέσεως
628 295 820 334 ἐφελκόμενοι.
835 294 869 323 Al.
894 292 923 321 δὲ

86 339 195 374 ποιναὶ,
212 339 276 374 ἤτοι
303 339 330 367 αἱ
344 339 533 377 τιμωρητικαὶ
561 342 615 368 τῶν
640 339 790 376 διδομένων
816 338 921 378 φύσεων

86 385 135 412 καὶ
168 384 298 422 βάσκανοι
330 386 384 412 τῶν
417 384 595 422 ἀνθρωπίνων
626 387 735 423 ψυχῶν,
764 383 922 419 ἐνδεσμοῦσι

85 427 188 460 ταύτας
202 431 261 460 τοῖς
287 428 393 460 ὑλικοῖς
419 429 528 465 πάθεσι,
543 429 589 457 καὶ
609 431 668 457 οἷον
693 429 861 466 ἀπάγχουσι,
878 428 922 455 καὶ

87 471 123 499 οὐ
147 471 229 508 μόνον
253 472 318 503 τοὺς
341 475 395 500 τῶν
420 475 514 505 παθῶν
530 473 648 511 πλήρεις
670 473 831 508 αἰκίζονται,
851 471 924 500 ἀλλὰ

85 516 135 544 καὶ
162 516 227 548 τοὺς
256 517 294 548 εἷς
318 517 366 552 τὴν
387 516 472 545 ἅΰλον
496 517 588 547 οὐσίαν
613 517 862 554 ἐπεστραμμένους·
877 516 922 544 καὶ

84 561 141 598 γὰρ
157 560 202 588 καὶ
219 561 292 590 οὗτοι
307 561 346 594 εἰς
361 562 410 596 τήν
437 560 507 597 ὕλην
532 562 578 590 καὶ
597 562 646 596 τήν
669 562 770 599 γένεσιν
798 560 922 593 ἐλθόντες

87 603 199 634 δέονται
213 609 263 641 τῆς
276 605 408 642 τοιαύτης
432 607 598 644 καθάρσεως.
615 604 744 638 Πολλοὺς
772 605 824 643 γὰρ
852 605 922 642 ὁρῶ-

89 660 141 686 μεν
169 650 214 678 καὶ
240 653 296 678 τῶν
323 650 407 683 ὁσίως
443 651 488 679 καὶ
526 652 652 688 καθαρῶς
687 648 921 686 πολιτευομένων,

86 693 312 732 ἀπροσδοκήτοις
326 697 482 734 συμφοραῖς
496 694 722 734 περιπίπτοντας.

199 781 333 821 Σύμϐολα
347 784 480 822 πατρικὸς
493 783 555 815 νοὺς
570 781 678 822 ἔσπειρε
693 785 807 821 ψυχαῖς.

126 830 231 866 Ὥσπερ
246 829 305 865 (16)
333 829 350 863 ἡ
376 829 514 863 Μωααϊκὴ
541 825 638 866 βίϐλος
665 828 723 856 κατ’
738 827 829 855 εἰκόνα
856 828 923 854 Θεοῦ

90 871 209 901 πλάττει
237 873 284 901 τὸν
319 873 475 910 ἄνθρωπον,
499 870 571 901 οὕτω
595 872 640 900 καὶ
673 872 687 900 ὀ
715 870 852 903 Χαλδαῖος
876 870 921 898 τὸν

90 917 215 952 ποιητὴν
236 917 280 945 καὶ
302 917 406 954 πατᾶρα
431 918 481 944 τοῦ
495 917 601 953 κόσμου
619 915 685 954 φησὶ
701 913 829 953 σύμϐολα
843 915 924 953 ἄγκα-

91 964 238 999 τασπεῖραι
266 963 326 992 ταῖς
354 962 458 998 ψυχαῖς
486 964 537 996 τῆς
566 961 662 990 δαυτοῦ
690 960 840 996 ἴδιότητος.
870 961 922 988 Καὶ

88 1007 144 1045 γὰρ
168 1006 222 1034 ἀπὸ
248 1008 303 1034 τῶν
339 1008 479 1043 πατρικῶν
509 1006 672 1042 σπερμάτων
702 1005 756 1042 οὐχ
779 1005 807 1032 αἱ
835 1004 922 1042 ψυχαὶ

93 1050 274 1088 μόναι,ἆλΛὰ
292 1051 337 1079 καὶ
362 1051 389 1078 αἱ
406 1050 597 1088 ὑπερκείμεναι
619 1053 703 1078 πᾶσαι
727 1050 813 1085 τάξεις
840 1046 922 1077 ἐϐλά-

91 1106 205 1132 στησαν.
223 1095 272 1123 Καὶ
288 1094 362 1123 ἄλλα
379 1096 426 1132 μὶν
447 1096 480 1123 τὰ
509 1095 535 1122 ἐν
564 1095 659 1126 αὐταῖς
682 1097 740 1126 ταῖς
764 1094 921 1130 ἀσωμάτοις

90 1140 220 1178 ὑπάρξεσι
243 1141 414 1176 συνθήματα,
443 1139 596 1176 ἆσωμάτως
620 1137 684 1166 ὄντα
712 1139 756 1166 καὶ
783 1137 918 1168 ἑνοειὲὧς.

90 1183 167 1212 ἄλλα
181 1183 209 1212 δὲ
225 1184 252 1212 ἐν
268 1187 327 1215 τοῖς
343 1185 458 1221 κόσμοις
477 1185 636 1220 συνθήματα
659 1183 703 1211 καὶ
730 1180 857 1219 σύμϐολα
883 1182 919 1210 εἱ-

89 1239 146 1264 c“,
161 1230 188 1256 al
217 1228 332 1267 ἄῤῥητοι
358 1231 409 1256 τοῦ
437 1230 504 1257 θεοῦ
529 1227 675 1264 ἴδιὸτητες,
689 1228 717 1256 αἱ
730 1228 776 1255 καὶ
790 1230 843 1255 τῶν
859 1227 919 1264 ἀρε-

89 1276 147 1301 τῶν
163 1274 365 1312 ὐπερκείμεναι.

197 1319 248 1356 Βίῃ
261 1321 343 1355 σῶμα
358 1317 494 1346 λιπόντων
511 1318 598 1356 ψυχαὶ
617 1318 817 1355 καθαρώταται.

130 1362 166 1392 Εἴ
187 1373 229 1394 τις
258 1363 439 1400 εὐγνωμόνως
455 1362 552 1391 ἀκούοι
578 1365 627 1390 τοῦ
656 1362 751 1400 ῥητοῦ,
768 1362 818 1390 οὐκ
845 1361 918 1389 ἐναν-

88 1408 218 1436 τιώσεται
233 1410 292 1439 τοῖς
307 1407 454 1444 ἡμετέροις
470 1406 599 1445 δόγμασι.
616 1407 668 1436 Καὶ
690 1407 741 1444 γὰρ
768 1407 794 1434 οἱ
823 1417 919 1446 στεφα-

89 1455 164 1480 νῗται
191 1453 326 1491 μάρτυρες
356 1451 456 1490 βιαίοις
493 1451 573 1479 αἶ’ῶσι
601 1452 632 1480 τὸ
659 1453 739 1488 σῶμα
781 1451 919 1485 λιπόντες,

90 1497 210 1535 καθαρὰς
237 1497 286 1528 τὰς
312 1497 413 1524 ἑαυτῶν
450 1496 541 1534 ψυχὰς
568 1495 750 1524 τετελὲκασιν.
780 1494 858 1524 Ἀλλ’
888 1495 919 1523 οὐ

89 1541 173 1569 τοῦτό
188 1551 270 1580 φησιν
284 1542 300 1569 ὁ
318 1539 468 1577 Χαλδαῖος,
484 1540 558 1569 ἀλλὰ
579 1540 666 1568 πάντα
694 1540 780 1578 βίαιον
807 1540 920 1567 θάνατον

522 139 729 172 EXPOSITIO
752 137 1024 170 ORACULORUM
1046 137 1371 169 GHALDAICORUM.

1723 141 1800 171 «1142

1050 207 1146 232 Pana
1161 204 1272 232 viﬁcula
1287 207 1353 232 sunt
1365 205 1487 233 homines
1497 206 1729 242 constringentz’a.

1011 249 1084 277 Nam
1100 249 1288 277 subvectares
1304 249 1399 285 angeli
1416 251 1531 278 animas
1546 259 1563 278 υ,
1578 252 1674 287 prima
1685 252 1730 279 sui
1747 253 1802 280 ori-

977 293 1044 330 gine
1059 296 1198 322 attractas
1214 295 1249 322 ad
1267 302 1299 322 se
1313 294 1461 323 evehunt:
1478 298 1578 323 contra
1595 304 1684 332 pmnaa
1716 296 1799 324 ultri-

978 346 1025 366 ces
1054 338 1193 366 nimirum
1216 341 1386 366 naturarum
1412 339 1497 368 nobis
1523 348 1740 376 concessurum,
1770 344 1799 369 et

978 385 1124 411 tormenta
1151 383 1347 411 humanarum
1375 383 1553 418 animarum,
1598 385 1799 413 materialibus

977 427 1044 456 illas
1054 427 1205 455 all'ectibus
1221 427 1359 456 irretiunt
1374 430 1402 456 et
1417 430 1503 462 quasi
1525 429 1724 465 strangulant.
1741 430 1799 458 Nec

977 472 1073 500 solum
1087 472 1116 499 in
1133 472 1186 500 bos
1201 472 1322 500 savium
1338 473 1387 508 qui
1405 474 1563 501 etl'ectuum
1579 474 1674 501 turbis
1688 474 1802 503 obsessi

978 512 1112 550 sunt.sed
1129 518 1157 544 et
1168 517 1196 544 in
1212 516 1278 544 illos
1293 517 1343 552 qui
1355 518 1390 545 ad
1402 518 1581 546 abstractam
1599 518 1635 546 ab
1651 519 1731 547 omni
1743 528 1803 548 ma-

977 561 1051 589 teria
1065 561 1223 589 essentiam
1236 562 1367 589 conversi
1380 563 1539 597 sunt:quod
1558 563 1587 590 hi
1603 572 1721 599 quoque
1734 572 1802 599 quo-

977 606 1056 632 niam
1073 605 1216 641 progeniti
1233 608 1312 639 sunt,
1330 608 1358 633 et
1373 606 1500 634 materia:
1512 607 1801 643 copulati,ejusmodi

975 649 1148 678 lustratione
1163 649 1437 685 indigeant.Multos
1452 651 1530 678 enim
1548 652 1635 680 etiam
1652 660 1686 680 ex
1699 652 1736 680 iis
1749 653 1800 689 qui

976 696 1107 722 sanctam
1122 696 1152 722 et
1165 694 1310 723 illibatam
1335 694 1426 723 vitam
1440 695 1705 732 egerunt,inopinis
1721 697 1799 725 cala-

976 738 1130 767 mitatibus
1144 738 1360 767 circumventos
1372 739 1465 768 fuisse
1481 740 1579 768 videre
1593 740 1672 769 licet.

1089 783 1173 819 Signa
1187 784 1288 811 innuit
1301 785 1448 812 animabus
1463 793 1540 813 mens
1553 786 1691 819 pateram.

1013 827 1268 859 Quemadmodum
1285 827 1359 856 liber
1373 828 1480 864 Moysis
1494 829 1645 858 hominem
1669 830 1704 858 ad
1724 830 1798 858 ima-

977 872 1075 908 ginem
1091 872 1141 900 Dei
1166 872 1323 900 formatum
1343 873 1433 901 fuisse
1455 873 1536 908 dicit,
1552 874 1593 902 ita
1612 874 1699 902 etiam
1714 875 1799 903 Chal-

951 916 962 930 -'
977 917 1059 945 deus
1072 917 1114 945 ait
1126 916 1309 945 conditorem
1325 919 1354 945 et
1370 918 1473 945 mundi
1491 921 1641 954 parentem
1659 919 1744 955 signa
1767 927 1799 947 ac

976 963 1062 990 notas
1076 970 1137 989 sua:
1153 961 1248 997 ipsius
1262 962 1449 997 proprietatis
1461 963 1619 991 animabus
1644 963 1798 992 insevisse.

976 1006 1092 1035 Etenim
1108 1013 1166 1033 non
1183 1006 1287 1033 animm
1299 1008 1413 1034 tantum
1431 1015 1446 1034 e
1471 1009 1592 1042 paterno
1608 1008 1719 1037 semine
1735 1017 1800 1044 pro-

977 1051 1070 1079 ductas
1084 1053 1165 1086 sunt,
1195 1051 1247 1078 sed
1270 1059 1372 1079 omnes
1386 1051 1474 1080 etiam
1487 1052 1605 1080 ordines
1635 1053 1798 1088 superiores

977 1103 1061 1123 suam
1078 1095 1222 1131 originem
1239 1096 1306 1123 inde
1317 1095 1493 1124 habuerunt.
1506 1097 1560 1124 Sed
1577 1097 1606 1124 in
1623 1098 1798 1126 substantiis

976 1139 1156 1175 incorporeis
1172 1139 1228 1167 alia
1243 1142 1314 1168 sunt
1329 1140 1424 1176 signa,
1449 1141 1620 1176 incorporea
1635 1150 1741 1178 nempe
1770 1145 1798 1171 et

975 1184 1144 1217 individua;
1161 1184 1219 1212 alia
1234 1184 1304 1212 item
1316 1184 1345 1212 in
1362 1185 1480 1212 mundis
1493 1185 1578 1221 signa
1589 1188 1659 1213 sunt
1674 1188 1702 1214 et
1718 1195 1794 1223 sym-

975 1228 1042 1256 bola
1057 1228 1299 1256 inenarrabilium
1314 1229 1365 1256 Dei
1382 1229 1605 1265 proprietatum,
1619 1231 1691 1266 ipsis
1706 1231 1794 1259 etiam

975 1273 1134 1301 virtutibus
1149 1272 1235 1308 longe
1245 1273 1493 1302 excellentiorum.
1687 1302 1690 1303 ,

1013 1318 1043 1345 Vi
1053 1325 1151 1353 corpus
1165 1318 1380 1352 relinquentium
1391 1320 1496 1346 anima:
1509 1320 1573 1346 sunt
1587 1320 1756 1355 purissimae.

1011 1362 1064 1394 Qui
1084 1361 1195 1389 dictum
1225 1362 1304 1389 istud
1331 1370 1414 1398 equa
1445 1365 1541 1390 mente
1577 1364 1800 1397 auscultaverit,

974 1406 1104 1442 reperiet
1119 1406 1147 1434 id
1163 1410 1270 1434 nostris
1284 1407 1421 1434 doctrinae
1436 1415 1494 1434 non
1511 1408 1668 1436 adversari.
1688 1410 1801 1438 Etenim

981 1451 1111 1479 coronati
1141 1453 1284 1487 martyres
1313 1451 1364 1486 qui
1387 1451 1558 1480 at'ﬂictionis
1582 1455 1713 1489 tempore
1735 1462 1804 1482 cum

981 1495 1112 1524 crueialu
1128 1503 1234 1531 corpus
1250 1495 1440 1532 reliquerunt,
1453 1505 1524 1525 suas
1534 1497 1668 1532 ipsorum
1693 1499 1808 1527 animas

983 1540 1150 1568 lustrarunt
1166 1542 1195 1568 et
1209 1548 1299 1576 puras
1314 1541 1518 1569 reddiderunt.
1533 1542 1568 1569 At
1596 1541 1651 1570 hoc
1666 1551 1725 1570 non
1749 1544 1810 1572 vult

89 1572 206 1613 ίπαινεῖ·
219 1572 311 1622 διότι,
330 1585 424 1625 φησὶν,
440 1572 467 1620 ἠγ
489 1586 566 1623 ψυχὴ
595 1572 731 1616 ἰπιπόνιυς
754 1583 872 1612 λιποῦσα
898 1583 922 1611 τί

1009 1585 1149 1619 Ιιοιάωιιε,
1166 1572 1217 1612 sed
1234 1585 1333 1613 laudat
1349 1593 1465 1613 omnem
1489 1588 1613 1614 mortem
1639 1587 1808 1621 violentam,

92 1633 184 1667 σῶμα,
202 1630 375 1668 βδελύττεται
394 1631 444 1665 τὴν
459 1630 573 1662 ἐνταῦθα
599 1630 683 1666 ζωὴν,
700 1629 744 1657 καὶ
769 1632 842 1666 μισεῖ
874 1630 924 1664 τήν

91 1676 162 1714 πρὸς
191 1678 272 1703 τοῦτο
299 1675 478 1714 ἐπιστροφὴν,
496 1675 542 1702 καὶ
569 1674 703 1713 χαίρουσα
727 1675 797 1711 πρὸς
819 1674 853 1702 τὰ
872 1672 928 1701 ἅνω

89 1723 188 1758 χωρεῖ.
207 1721 242 1748 A't
259 1719 287 1748 δὲ
303 1719 328 1748 ἐν
345 1720 435 1751 νόσοις
457 1720 516 1747 κατ’
528 1719 637 1747 ἔκλυσιν
655 1721 703 1746 τοῦ
734 1721 850 1754 ζωτικοῦ
874 1719 927 1746 σώ-

97 1775 181 1802 ματος
195 1763 379 1793 ἀπολιποῦσαι
398 1764 445 1791 τὸν
473 1763 543 1802 βίον,
559 1763 592 1791 οὐ
620 1763 696 1800 μάλα
723 1774 751 1791 τι
781 1761 926 1801 δυσχεραί-

93 1820 171 1837 νουσι
185 1809 235 1844 τὴν
251 1809 318 1847 πρὸς
333 1811 415 1836 τοῦτο
437 1808 525 1836 νεῦσίν
537 1818 567 1836 τε
582 1808 628 1835 καὶ
645 1807 743 1846 ῥοπήν.

94 1908 156 1935 Ὅτι
170 1906 247 1944 ψυχὴ
264 1908 317 1942 πῦρ
332 1906 401 1944 οὖσα
415 1905 524 1944 φαεινὸν
540 1903 652 1944 δυνάμει
668 1904 785 1944 Πατρρς,

95 1939 247 1975 momina:
258 1952 288 1970 τι
297 1939 393 1978 γ’μὲνει,
408 1939 454 1969 καὶ
471 1943 545 1976 ζωῆς
557 1939 683 1978 δεσπότις
697 1939 754 1968 ἐστὶ

96 1978 149 2008 Καί
164 1977 222 2016 ἔχει
238 1976 334 2007 πολλᾶ
346 1978 524 2016 πληρώματα
537 1976 660 2006 κόλπων.

135 2033 167 2061 Ἦ
181 2032 259 2070 ψυχὴ
276 2030 359 2060 ἅϋλον
375 2030 443 2059 οὖσα
470 2031 516 2059 καὶ
541 2029 686 2067 ἀσώματον
710 2031 776 2067 πῦρ,
792 2028 924 2062 συνθέτων

97 2076 171 2105 ὅλων
200 2077 246 2104 καὶ
266 2078 316 2104 τοῦ
341 2075 439 2104 ὑλικοῦ
461 2076 588 2112 σώματος
604 2074 780 2112 ἐξῃρημένον,
794 2074 925 2105 ἀθάνατός

97 2121 180 2149 ἔστιν.
203 2121 241 2149 Οὐ
266 2121 316 2158 γὰρ
350 2119 581 2158 ἰγκαταμέμικται
610 2119 679 2155 άύτῇ
707 2118 801 2146 ὑλικόν
829 2129 856 2145 τι
879 2119 924 2146 καὶ

96 2164 324 2198 σκοτῶδες·ούδὶ
351 2164 477 2196 σύνθετός
499 2164 582 2199 ἑστιν,
607 2163 653 2191 ἵνα
683 2162 798 2200 διαλυθῇ
828 2164 865 2194 εἰς
891 2163 925 2190 τὰ

97 2210 124 2246 ἐξ
153 2212 189 2239 ὧν
220 2211 358 2245 συνετέθη.
374 2210 450 2238 Ἔστι
480 2208 508 2237 δὲ
535 2209 580 2237 καὶ
608 2207 734 2239 δεσπότις
765 2211 850 2243 ζωῆς,
864 2210 923 2239 τοῖς

984 1638 1017 1658 eo
1028 1630 1105 1666 quod
1134 1630 1233 1658 anima
1261 1638 1323 1665 quas
1350 1638 1456 1666 corpus
1472 1639 1541 1659 cum
1561 1631 1660 1660 dolore
1688 1632 1807 1666 deserit,

982 1674 1059 1702 hanc
1073 1674 1163 1703 vitam
1183 1674 1372 1703 abominetur
1395 1677 1423 1702 et
1459 1676 1711 1705 conversationem
1737 1685 1805 1705 cum

983 1727 1102 1755 corpore
1117 1719 1294 1752 odit,conlra
1305 1728 1371 1747 cum
1388 1720 1495 1755 gaudio
1507 1721 1542 1748 ad
1560 1721 1713 1757 superiora
1729 1730 1807 1749 revo-

981 1763 1032 1792 lat.
1049 1766 1086 1791 At
1100 1771 1162 1798 quae
1179 1763 1209 1791 in
1226 1764 1336 1791 morbis
1352 1764 1456 1791 animae
1467 1773 1586 1800 corpore
1598 1764 1651 1793 hoc
1663 1766 1804 1794 naturali-

981 1809 1026 1835 ter
1041 1807 1185 1835 dissoluto
1201 1807 1289 1835 vitam
1300 1807 1542 1843 relinquunt,non
1554 1809 1714 1837 admodum
1730 1818 1805 1846 seng

980 1852 1078 1880 ferunt
1093 1854 1199 1880 nutum
1215 1855 1244 1879 et
1260 1853 1487 1888 propensionem
1504 1853 1549 1881 sui
1566 1862 1634 1889 erga
1650 1863 1768 1890 corpus.

1034 1905 1105 1943 Quia
1119 1905 1215 1943 anima
1228 1906 1303 1939 igm‘s
1319 1907 1358 1932 est
1375 1905 1482 1933 lucidus
1497 1907 1620 1942 potentia
1634 1909 1733 1943 patris,

1033 1940 1260 1978 Immortalisqae
1270 1946 1372 1972 manet.
1387 1945 1412 1969 et
1426 1940 1617 1970 vitz'domina
1631 1940 1679 1978 est,

1032 1979 1066 2005 Et
1081 1977 1160 2005 habet
1175 1977 1266 2005 multa
1280 1977 1482 2013 complementa
1495 1979 1616 2006 sinuum.

1014 2030 1119 2058 Anima
1129 2038 1196 2058 cum
1208 2030 1248 2058 sit
1258 2030 1335 2066 ignis
1349 2031 1476 2058 materize
1490 2031 1679 2068 corporisque
1689 2040 1803 2069 expers,

978 2078 1006 2103 et
1020 2075 1057 2103 ab
1074 2075 1209 2102 universo
1225 2075 1455 2111 compositorum
1482 2083 1588 2112 genere
1602 2078 1631 2104 et
1659 2077 1803 2106 materieli

977 2127 1097 2155 corpore
1112 2121 1256 2155 exempta,
1273 2119 1448 2147 immortalis
1463 2120 1600 2148 est.Nihil
1615 2121 1693 2149 enim
1710 2124 1801 2150 mate-

979 2164 1026 2191 riae
1043 2166 1094 2192 aut
1104 2163 1239 2200 caliginis
1256 2164 1402 2200 particeps
1413 2163 1456 2192 illi
1472 2164 1638 2193 immistum
1651 2166 1801 2195 estzmulto

979 2209 1077 2236 minus
1089 2208 1250 2244 composita
1265 2210 1319 2243 est,
1337 2211 1369 2236 ut
1381 2209 1409 2236 in
1427 2218 1460 2236 ea
1475 2217 1508 2237 ex
1520 2210 1626 2245 quibus
1642 2211 1802 2239 constituta

97 2257 202 2294 νεκροῖς
228 2256 300 2290 ζωὴν
330 2253 537 2291 ἰπιλάμπουσα.
565 2254 647 2291 Ἔχει
679 2252 709 2281 δὲ
735 2252 781 2280 καὶ
808 2251 922 2280 πολλῶν

1010 2254 1041 2288 it,
1057 2253 1163 2281 resolvi
1192 2253 1296 2288 possit.
1327 2253 1375 2281 Est
1403 2255 1545 2289 praeterea
1573 2255 1639 2282 vitae
1669 2255 1800 2290 domina,

97 2300 274 2338 πληρώματα
300 2299 413 2328 κόλπων
431 2308 438 2315 ·
454 2299 592 2327 τουτᾶστιν
620 2297 679 2336 ἔχει
708 2296 834 2334 δυνάμεις
863 2297 926 2324 ὑπο-

99 2344 222 2375 δεκτικὰς
246 2347 296 2379 τῆς
320 2342 389 2379 δλης
408 2343 628 2380 διακοσμήσεως·
645 2341 756 2370 δύναται
779 2343 830 2379 γὰρ
858 2341 926 2369 κατᾶ

97 2389 145 2421 τὰς
160 2389 305 2429 διαφόρους
319 2389 415 2428 ἀρετὰς
429 2389 468 2422 είς
482 2388 530 2420 τὰς
545 2387 692 2428 διαφόρους
722 2387 806 2422 ζώνας
830 2387 925 2426 ἐγκατ-

98 2437 185 2462 οικεῖν
195 2436 244 2462 τοῦ
259 2434 387 2472 οὐρανοῦ.

170 2524 263 2560 Ηατήρ
280 2521 312 2550 οὐ
327 2519 412 2562 φόϐον
427 2521 584 2559 ἐνθρώσκει,
600 2522 687 2549 πειθὼ
703 2519 727 2549 δ’
740 2520 855 2558 ἐπιχὲει.

133 2566 285 2602 Τουτέστιν,
312 2566 353 2594 ὅτι
380 2566 413 2594 τὸ
443 2568 514 2598 θεῖον
543 2565 593 2593 οὐκ
622 2564 678 2593 ἔστι
701 2565 853 2604 φριμάσσον
883 2564 927 2591 καὶ

99 2612 322 2651 ἇγανακτητικὸν,
339 2609 414 2639 ἀλλὰ
439 2609 526 2647 γλυκὺ
549 2609 593 2637 καὶ
618 2609 791 2647 γαληνιαῖον·
808 2608 868 2641 ὅθεν
897 2608 927 2636 οὗ

99 2655 185 2696 φόϐον
209 2657 320 2693 ἐμποιεῖ
342 2658 402 2686 ταῖς
427 2653 621 2690 ὑποκειμέναις
642 2653 763 2691 φύσεσιν,
778 2652 927 2696 ἀλλὰλπει-

99 2694 144 2729 θοῖ
167 2701 212 2729 καὶ
236 2700 330 2739 χάριτι
355 2700 442 2728 πάντα
465 2698 617 2739 ίφὲλκιται.
634 2698 665 2726 Εἰ
689 2698 738 2735 γὰρ
763 2697 797 2732 ἦν
813 2694 929 2736 φοϐερὸν

980 2300 1112 2326 mortuos
1127 2297 1192 2325 vitae
1208 2297 1297 2325 radiis
1317 2297 1480 2325 illustrans.
1498 2299 1590 2326 Habet
1604 2299 1692 2327 etiam
1709 2300 1801 2336 pluri-

980 2349 1094 2370 morum
1111 2341 1230 2369 sinuum
1245 2341 1469 2377 complementa,
1482 2341 1510 2369 id
1523 2345 1567 2370 est
1576 2343 1688 2372 obtinet
1703 2348 1803 2380 poten-

980 2387 1037 2414 tias
1054 2386 1249 2422 susceptrices
1265 2386 1355 2414 totius
1379 2387 1654 2423 administrationis,
1667 2389 1735 2424 quia
1750 2398 1802 2426 pro

980 2431 1123 2458 virtutum
1139 2430 1307 2458 diversitate
1317 2430 1448 2458 diversas
1466 2439 1554 2460 zonas
1580 2432 1642 2461 sive
1666 2433 1730 2461 coeli
1756 2443 1802 2463 re-

981 2475 1082 2512 giones
1095 2474 1137 2502 illi
1153 2475 1319 2503 inhabitare
1334 2475 1410 2502 licet.

1017 2520 1087 2547 Deus
1101 2528 1156 2548 ηοη
1167 2520 1258 2556 injicit
1273 2522 1386 2553 metum,
1402 2522 1451 2547 sed
1466 2520 1626 2556 obsequium
1635 2521 1767 2557 infundit.

1019 2564 1048 2591 Id
1060 2565 1114 2597 est,
1131 2563 1229 2592 divina
1242 2566 1348 2591 natura
1364 2572 1421 2592 non
1434 2564 1542 2599 tremit,
1561 2574 1654 2602 neque
1669 2567 1805 2604 indigna-

981 2609 1083 2636 bunda
1099 2611 1155 2642 est,
1171 2609 1220 2636 sed
1238 2610 1338 2637 suavis
1354 2611 1382 2636 et
1397 2609 1567 2645 tranquilla.
1586 2611 1652 2639 Ideo
1668 2620 1725 2640 non
1748 2613 1804 2641 im-

983 2653 1073 2680 mittit
1084 2656 1194 2680 metum
1212 2653 1354 2688 subjectis
1371 2653 1550 2687 naturis,sed
1566 2655 1687 2683 suadela
1697 2659 1726 2684 et
1735 2665 1803 2692 gra-

982 2697 1132 2725 tiaomnia
1147 2698 1181 2725 ad
1198 2706 1230 2725 se
1244 2697 1344 2725 trahit.
1357 2698 1386 2725 Si
1403 2698 1480 2725 enim
1511 2699 1705 2728 formidabilis
1725 2703 1802 2728 esset

716 2756 867 2784 JOANNIS
886 2756 1045 2784 OPSOPIEI
1066 2755 1181 2783 NOT/E.

135 2806 193 2843 (16)
208 2805 309 2842 Ὠσπερ
325 2807 380 2834 etc.
396 2806 430 2834 Et
444 2803 505 2833 haec
520 2810 638 2840 quoque
653 2802 833 2838 transcripta
848 2803 919 2831 sunt
933 2810 951 2830 ο
964 2800 1126 2837 Nicephoro
1138 2809 1204 2838 pag.
1222 2801 1273 2829 126
1288 2801 1358 2830 dicti
1373 2802 1585 2830 commentarii.
