1953 3047
140 131 219 161 1143

806 132 1016 163 MlClIAELlS
1040 132 1175 162 PSELLI

1773 133 1854 162 11M

141 199 170 225 et
185 197 397 231 minax,omnis
409 207 505 227 rerum
517 199 588 228 ordo
600 199 712 228 dudum
726 199 831 227 fuisset
842 199 949 227 dissolt

1051 197 1068 224 ιὶ
1095 196 1413 233 ἀπειλητικὸν,διελύθη
1443 196 1473 225 ἃν
1497 198 1515 232 ἦ
1544 199 1615 225 πᾶσα
1642 196 1715 232 τάξις
1739 199 1795 225 τῶν
1813 195 1857 225 ὅν-

140 245 201 275 tus,
217 251 285 270 eum
303 243 377 271 nihil
393 244 432 271 sit
447 244 523 279 quod
545 244 609 278 eius
637 244 796 280 potentiam
821 244 967 272 sustinere

141 287 295 323 potuisset.
314 290 407 324 Atque
417 287 473 316 ista
488 288 632 316 sententis
649 289 865 324 quadamtenus
881 297 898 316 ο
919 297 967 315 no-

141 332 213 360 stris
224 340 290 360 vera
320 335 468 360 censetur.
495 333 573 361 Deus
602 333 679 361 enim
701 332 750 361 lux
782 335 827 361 est
846 335 875 360 et
890 332 968 368 ignis

140 384 319 404 consumens
335 377 438 405 malos.
458 377 542 405 Minae
555 379 654 405 autem
676 377 725 405 Dei
740 379 766 404 et
783 379 877 404 terror
899 378 969 404 sunt

140 421 321 449 intermissio
340 421 445 449 divinas
475 430 544 458 erga
566 431 620 450 nos
636 421 828 458 benignitatis
852 423 970 457 propter

139 473 255 500 pravam
270 474 364 494 rerum
376 466 677 494 administrationem.

141 515 226 551 fater
241 516 362 550 seipsum
377 516 481 551 rapuit.

141 550 179 578 Ne
193 550 302 586 quidem
317 559 347 578 ιη
372 550 535 578 ίηῐειιεειίιί
562 558 613 579 sua
626 551 751 587 potentia
769 551 833 621 ίῖιτιε
843 550 969 613 ιρνοῃνίο

796 594 841 613 mc
857 594 914 613 uso.

178 636 294 663 Oraculi
307 636 354 663 hic
368 644 474 663 sensus
490 638 545 664 est:
557 643 715 672 supremus
731 637 862 663 omnium
880 635 968 668 Deus,

143 680 193 715 qui
209 682 239 707 et
251 680 333 708 Pater
349 680 447 708 dictus
463 683 578 711 est.non
596 680 691 708 solum
704 680 806 715 primis
821 682 849 707 et
864 687 969 707 secun-

143 724 190 752 dis
206 725 320 752 naturis
335 725 504 760 nostrisque
513 725 734 758 animabus,sed
746 724 833 751 etiam
847 725 969 759 proprias

144 777 206 796 sum
221 769 356 804 potentiae
368 769 497 804 seipsum
511 769 578 796 fecit
593 768 922 804 incomprehensibilem
943 770 971 795 et

145 812 423 848 imperceptibilem.
442 813 574 840 Potentia
584 813 785 840 auteml’atris
803 815 849 840 est
866 812 968 840 Filius.

146 857 231 884 Pater
245 857 334 891 enim,
352 857 460 892 inquit,
476 865 508 885 se
519 857 669 892 subripuit
685 857 721 885 ab
748 857 829 885 omni
854 859 968 885 natura.

1023 253 1090 277 των,
1109 241 1227 278 μηδενὸς
1260 242 1405 279 ὑπομεῖναι
1433 239 1581 279 δυναμένου
1608 243 1658 277 τὴν
1679 241 1782 269 ἐκείνου
1808 241 1856 270 δύ-

1022 297 1115 323 ναμιν.
1132 288 1219 315 Τοῦτο
1249 285 1277 314 δὲ
1304 287 1336 314 τὸ
1365 285 1456 324 δόγμα
1481 286 1510 314 ἐκ
1528 286 1627 323 μέρους
1642 285 1771 322 ἀληθεύει
1789 287 1855 322 παρ’

1023 331 1145 366 ἡμῖν.’0
1158 331 1209 369 γὰρ
1230 331 1296 363 Θεὸς
1316 331 1361 358 καὶ
1387 333 1444 370 φῶς
1475 331 1531 359 ἐστι
1554 331 1601 358 καὶ
1624 333 1676 369 πῦρ
1705 330 1856 358 καταναλῖ-

1023 386 1086 403 σκον
1111 375 1175 407 τοὺς
1202 375 1373 414 μοχθηρούς.
1390 375 1507 411 Ἀπειλῆ
1533 374 1561 403 δὲ
1585 377 1651 403 Θεοῦ
1679 376 1724 402 καὶ
1754 373 1854 415 φόϐος,

1022 421 1040 455 ἡ
1057 419 1092 447 δι’
1106 420 1262 456 οἰκονομίαν
1279 421 1336 457 (17)
1351 420 1407 448 ἐστὶ
1427 420 1521 459 σχὲσις
1545 421 1596 456 τῆς
1619 419 1688 458 πρὸς
1711 420 1786 456 ἡμᾶς
1803 421 1855 448 αὐ-

1021 467 1070 492 τοῦ
1086 464 1251 502 ἃγαθότητος
1259 485 1265 494 .

1021 514 1051 542 ‘O
1068 515 1159 577 Πατὴρ
1176 514 1269 542 ἑαυτὸν
1284 513 1414 551 ἥρπασεν,

1023 549 1087 577 Οὐδ’
1103 550 1128 577 ἐν
1158 552 1174 577 ἦ
1191 549 1303 577 δυνάμει
1318 553 1396 577 νοεοᾶ
1411 561 1414 577 1

1023 549 1087 578 Οὐδ’
1103 550 1128 577 ἐν
1143 548 1175 587 ἑῇ
1191 548 1309 586 δυνάμει
1318 553 1396 586 νοερᾶ
1411 549 1521 581 κλείσας
1537 548 1606 577 ἴδιον
1622 552 1688 587 πῦρ.

1059 635 1089 661 Ὁ
1121 635 1168 670 μὲν
1197 637 1260 665 νοῦς
1289 633 1384 671 λογίου
1413 636 1550 668 τοιοῦτος,
1567 635 1604 665 ὡς
1633 635 1647 662 ὁ
1671 633 1715 661 ἐπὶ
1743 634 1854 661 πάντων

1024 679 1100 713 Θεὸς,
1116 679 1145 710 ὃς
1161 678 1190 706 δὲ
1205 678 1250 706 καὶ
1266 679 1359 715 Πατὴρ
1387 677 1559 714 ὠνόμασται,
1578 678 1771 713 ἀκατάληπτον
1797 678 1858 706 tau-

1022 724 1068 750 τὸν
1084 726 1158 750 ποιεῖ
1183 723 1228 750 καὶ
1257 721 1456 760 ἀπερίληπτον,
1473 722 1504 750 οὐ
1533 723 1616 759 μόνον
1643 725 1703 753 ταῖς
1731 723 1855 760 πρώταις

1024 768 1069 795 καὶ
1099 766 1236 805 δευτέραις
1264 768 1358 805 φύσεσι
1387 768 1431 795 καὶ
1460 770 1521 798 ταῖς
1555 766 1703 806 ἡμετέραις
1740 768 1855 804 ψυχαῖς,

1023 809 1098 838 ἀλλά
1116 811 1161 838 καὶ
1176 811 1245 847 αὐτῇ
1258 813 1292 848 τῇ
1310 811 1365 847 ἰδίᾳ
1392 809 1514 848 δυνάμει.
1532 811 1651 847 Δύναμις
1675 810 1705 839 δὲ
1727 813 1776 839 τοῦ
1801 813 1856 838 Πα-

1023 855 1087 892 τρὸς
1113 856 1127 883 6
1150 856 1223 887 Υἱός.
1239 856 1352 884 Ἑαυτὸν
1371 855 1434 894 γὰρ,
1462 856 1555 894 φησὶν,
1570 855 1689 890 ἥρπασεν
1717 856 1731 883 6
1759 855 1855 892 Ηατήρ

145 883 312 929 eam
328 883 459 937 esse;
478 883 667 929 6555s.;
686 883 949 937 incitante.

1051 883 1182 934 tanaim:
1197 883 1316 937 oposwc,
1329 883 1386 930 Οὐκ
1519 883 1555 927 τὸ,
1576 883 1665 938 έόγμα
1693 883 1852 935 ὀρθόέοξονι.

148 953 206 974 non
223 948 286 973 est:
301 954 363 980 quae
378 946 462 974 docet
477 946 505 973 in
518 946 588 974 Filio
604 946 718 974 Patrem
743 948 842 974 exacte
866 954 971 981 repra-

149 993 297 1018 ssntatum
326 991 464 1026 cognosci
494 999 587 1026 posse,
619 991 738 1026 perinde
764 999 797 1018 ac
811 990 915 1018 Filium
940 990 970 1017 in

150 1035 234 1062 Patre
249 1043 256 1061 :
273 1037 361 1070 atque
376 1035 449 1062 adeo
466 1036 560 1063 Patris
576 1036 734 1063 terminum
745 1043 810 1063 esse
823 1035 928 1062 Filium
944 1036 973 1062 et

149 1078 282 1106 divinum
298 1086 462 1106 sermonem
479 1081 589 1106 naturae
601 1080 679 1107 vires
690 1081 890 1115 superantem.

149 1128 199 1155 Eu
225 1128 400 1163 intelligibile
428 1128 575 1164 quoddam,
600 1128 671 1164 quod
684 1129 786 1155 mentis
813 1129 880 1162 ﬂore
903 1135 920 1155 a
948 1131 973 1154 le

635 1164 851 1200 [percipiendum
865 1166 917 1191 est.

183 1211 309 1239 Cuilibet
319 1212 358 1240 rei
370 1214 466 1240 mente
476 1211 734 1247 comprehensibili
745 1212 909 1248 oppositam
921 1220 972 1247 po-

147 1256 269 1283 tentiam
286 1256 385 1284 anima
400 1256 499 1290 habet,
517 1259 549 1284 ut
564 1257 755 1284 sensibilibus
779 1264 910 1289 sensum,
926 1264 972 1284 co-

146 1299 319 1336 gitabilibus
335 1301 558 1334 cogitationem,
574 1300 812 1336 iutelligibilibus
829 1303 968 1328 mentem.

146 1344 222 1372 Dicit
238 1345 336 1380 itaque
351 1344 516 1379 Chaldaeus,
529 1345 606 1381 quod
624 1345 758 1380 quamvis
774 1345 850 1373 Deus
862 1345 971 1373 intelli-

147 1388 247 1424 gibilis
261 1389 411 1422 sit,mente
421 1394 519 1417 tamen
527 1389 734 1425 comprehendi
745 1398 801 1418 non
814 1390 971 1425 possit,sed

148 1432 211 1460 solo
223 1434 330 1461 mentis
346 1433 427 1461 ﬂore.
445 1434 512 1462 Flos
532 1437 631 1462 autem
649 1434 756 1462 mentis
767 1437 812 1462 est
840 1434 971 1469 singula-

146 1477 189 1505 ris
200 1480 228 1505 et
245 1477 399 1505 individua
414 1479 519 1506 anima!
536 1479 675 1514 potentia.
692 1478 766 1511 Quia
781 1478 879 1515 itaque
895 1481 971 1507 Deus

147 1521 264 1557 proprie
275 1530 369 1550 unum
379 1524 475 1557 est,ne
489 1523 604 1550 coneris
615 1530 682 1550 eum
699 1526 796 1550 mente
810 1524 970 1559 percipere,

1025 945 1069 971 ’Ev
1099 945 1139 980 τῷ
1167 944 1221 980 Υἱῷ
1245 944 1298 982 γὰρ
1325 945 1389 982 παρ’
1404 945 1473 980 ἡμῖν
1490 945 1504 971 ὁ
1521 944 1613 981 Πατήρ
1628 942 1854 982 δεδογμάτισται,

1026 987 1117 1026 ὥσπερ
1132 989 1177 1016 καὶ
1198 989 1212 1016 6
1228 989 1288 1020 Υἱὸς
1305 988 1331 1016 ἰν
1344 991 1385 1025 τῷ
1399 988 1495 1026 Ηατρί.
1511 988 1564 1016 Καὶ
1579 987 1644 1026 ὄρος
1667 991 1716 1016 τοῦ
1744 988 1853 1026 [ἰατρὸς

1027 1033 1041 1060 6
1057 1033 1118 1064 Υἱὸς
1134 1033 1179 1060 καὶ
1192 1034 1264 1065 θεῖος
1276 1032 1362 1071 λόγος
1377 1033 1527 1072 ὑπερφυής.

1115 1129 1193 1156 Ἔστι
1207 1138 1234 1155 τι
1248 1128 1346 1163 νοητὸν
1361 1128 1376 1155 ὃ
1389 1128 1445 1165 χρή
1462 1137 1490 1154 σε
1506 1129 1577 1155 νοιῖν
1590 1126 1655 1155 νόου
1670 1125 1754 1154 ἄνθει.

1061 1213 1093 1240 Ἠ
1122 1213 1198 1250 ψυχὴ
1224 1211 1328 1248 ἑκάστῳ
1356 1211 1496 1248 νοουμένῳ
1521 1210 1663 1249 πράγματι
1678 1209 1857 1246 κατάλληλον

1026 1254 1084 1293 ἔχει
1110 1257 1155 1284 καὶ
1183 1255 1296 1293 δύναμιν
1309 1267 1316 1274 ·
1333 1259 1391 1287 τοῖς
1409 1257 1457 1292 μὲν
1473 1255 1628 1290 αἶσθητοῖς,
1643 1255 1778 1290 αἴσθησιν,
1793 1257 1855 1286 τοῖς

1027 1299 1055 1328 δὲ
1078 1300 1246 1336 διανοητοῖς,
1262 1300 1392 1336 διάνοιαν,
1407 1303 1466 1332 τοῖς
1485 1299 1514 1328 δὲ
1537 1302 1658 1336 νοητοῖς,
1673 1302 1748 1328 νοῦν.
1764 1299 1854 1334 Φησὶν

1027 1345 1071 1373 οὖν
1097 1346 1111 1372 ὁ
1138 1344 1285 1380 Χαλδαῖος,
1301 1345 1342 1373 ὅτι
1358 1345 1382 1372 εἰ
1404 1345 1449 1372 καί
1464 1344 1562 1380 νοητόν
1578 1344 1650 1372 ἔστιν
1667 1344 1681 1372 6
1696 1344 1772 1380 Θεὸς,
1789 1343 1855 1371 ἀλλ’

1026 1389 1056 1417 οὐ
1071 1391 1111 1425 τῷ
1126 1389 1165 1424 νῷ
1181 1390 1236 1417 ἐστι
1253 1389 1370 1424 ληπτὸν,
1386 1388 1461 1417 ἀλλὰ
1487 1391 1528 1425 τῷ
1551 1388 1623 1416 ἄνθει
1638 1391 1687 1416 τοῦ
1711 1390 1770 1417 νοῦ.
1785 1389 1854 1416 ’Ἅν-

1025 1434 1071 1464 Θος
1100 1432 1129 1461 δὲ
1149 1436 1197 1461 τοῦ
1218 1436 1276 1469 νοῦ,
1292 1435 1309 1469 ἡ
1326 1433 1411 1461 ἱνιαία
1429 1437 1480 1468 τῆς
1504 1435 1597 1471 ψυχῆς
1620 1431 1745 1469 δύναμις.
1774 1432 1852 1461 Ἐπεὶ

1026 1475 1071 1504 οὖν
1088 1478 1102 1504 6
1127 1477 1191 1508 Θεὸς
1220 1476 1321 1514 κυρίως
1350 1477 1421 1504 ἐστὶν
1449 1476 1488 1511 ἓν,
1504 1478 1541 1513 μή
1570 1477 1658 1515 πειρῶ
1686 1473 1852 1504 καταλαϐεῖν

1026 1520 1105 1548 αὐτὸν
1137 1520 1181 1548 διὰ
1208 1523 1256 1548 τοῦ
1282 1524 1338 1557 νοῦ,
1355 1520 1428 1549 ἀλλὰ
1453 1519 1498 1548 διὰ
1512 1524 1562 1556 τῆς
1579 1521 1683 1552 ὶνιαίας
1698 1519 1852 1557 δυνάμεως.

146 1566 198 1594 sed
210 1566 362 1603 individua
377 1567 506 1602 potentia
521 1575 577 1602 qua
590 1575 681 1594 unum
698 1567 949 1603 cognoscitur.NaI

1052 1566 1066 1593 ὸ
1095 1565 1147 1603 γὰρ
1175 1566 1293 1603 πρώτως
1320 1566 1359 1600 ἓν,
1377 1566 1453 1602 μόνῳ
1480 1567 1520 1602 τῷ
1535 1566 1597 1603 παρ’
1610 1567 1678 1602 ἡμῖν
1693 1565 1730 1592 ἐνὶ
1745 1564 1853 1600 ληπτὸν

147 1609 244 1646 primo
256 1612 285 1638 et
301 1618 352 1646 per
366 1619 397 1638 se
413 1619 505 1638 unum
527 1611 590 1639 solo
610 1611 688 1647 quod
702 1611 731 1638 in
748 1612 832 1640 nobis
843 1615 888 1640 est
913 1620 972 1640 uno

146 1654 396 1690 comprehendere
424 1654 502 1688 licet,
549 1663 609 1683 non
652 1656 838 1692 cogitatione,
879 1664 973 1692 neque

148 1701 257 1726 mente.

149 1748 263 1776 Anime
277 1748 450 1783 expulsor“.
479 1747 558 1776 illam
582 1750 721 1784 respiraro
739 1750 884 1784 facientes,
907 1753 973 1777 sunt

694 1786 795 1821 [solum
807 1786 918 1821 faciles.

183 1832 223 1860 Ne
239 1833 306 1868 quis
321 1833 400 1861 dicat
413 1841 521 1869 cupere
536 1841 567 1861 se
582 1834 700 1869 quidem
716 1835 847 1862 animum
865 1843 881 1862 a
910 1843 973 1862 eor-

149 1885 219 1913 pore
233 1877 403 1912 dissolvere,
419 1878 469 1905 sed
486 1886 543 1906 non
560 1879 701 1914 posse,ait
714 1879 973 1914 oraeulum,facul-

149 1924 224 1949 tates
234 1930 298 1957 qua)
313 1922 442 1950 animam
455 1930 470 1948 θ
485 1931 623 1957 corporea
639 1927 742 1951 natura
753 1924 830 1951 foras
841 1924 972 1952 trahunt.

149 1974 273 2001 eamque
288 1975 305 1994 a
320 1967 398 1993 vitiis
415 1970 442 1993 et
464 1968 603 1994 azrurnnis
627 1976 655 1994 In
680 1976 800 2002 corpore
829 1969 973 2003 perpessis

149 2010 234 2044 quasi
251 2011 399 2045 respirare
418 2012 669 2047 iuciunt,abruptu
686 2012 787 2039 faciles
802 2012 906 2046 esse,id
918 2016 973 2048 est,

149 2053 215 2081 illas
229 2053 310 2089 ipsas
327 2054 481 2082 facultates
501 2054 619 2088 liberas,
634 2063 687 2082 nec
715 2056 751 2083 ab
781 2056 842 2084 ulla
869 2059 975 2085 natura

150 2099 299 2131 coercitas,
317 2107 350 2126 ea
368 2102 512 2133 potestate
525 2099 632 2134 vigere.
652 2103 683 2127 ut
698 2101 827 2128 animum
843 2110 857 2128 ο
871 2110 974 2136 corpo-

150 2142 209 2171 reis
224 2143 348 2171 vinculis
363 2151 502 2179 generose
517 2145 677 2172 admodum
695 2145 831 2181 expedire
847 2148 875 2173 et
904 2146 974 2174 libe-

149 2195 215 2214 rare
230 2186 356 2215 valeant.

150 2233 262 2262 Oportet
277 2234 303 2260 te
311 2232 445 2268 festinare
458 2233 493 2260 ad
508 2233 595 2260 lucem
604 2235 632 2261 et
649 2235 686 2261 ad
696 2235 784 2270 patris
798 2235 901 2269 radios,

155 2312 230 2341 Unde
245 2314 371 2342 immissa
381 2314 434 2341 tibi
443 2317 482 2341 est
504 2314 600 2341 anima
614 2315 738 2350 plurima
752 2321 841 2344 mente
864 2319 972 2345 vestita.

189 2359 332 2391 Quoniam
349 2359 446 2386 anima
463 2367 519 2386 non
536 2359 673 2386 asemine
688 2361 910 2388 subsistentiam
925 2361 974 2388 ha-

151 2401 211 2436 bet,
227 2410 280 2430 nec
296 2403 325 2430 in
341 2403 488 2438 corporeis
504 2404 745 2438 temperamentis
761 2405 906 2440 consistit,
922 2407 973 2434 sed

152 2454 168 2473 e
182 2447 318 2481 supernis
333 2455 349 2474 a
364 2447 422 2475 Deo
438 2456 522 2475 suam
543 2449 701 2476 essentiam
722 2452 807 2476 nacta
832 2452 887 2484 est,
908 2451 973 2479 ideo

151 2491 185 2517 ad
198 2490 273 2518 hunc
286 2499 426 2519 conversa
446 2492 591 2527 respicere
601 2497 629 2520 et
656 2494 691 2520 ad
722 2493 852 2521 divinam
878 2495 972 2522 lucem

150 2534 255 2561 reverti
271 2535 365 2562 debet.
382 2536 513 2564 Plurima
538 2545 665 2572 namque
694 2542 791 2565 mente
811 2538 915 2566 vestita
943 2547 971 2566 In

149 2577 360 2606 hascinferiora
384 2581 482 2608 venit:
511 2581 539 2607 id
567 2584 622 2614 est,
638 2583 768 2609 accincta
779 2585 806 2610 et
832 2584 973 2610 instructa

149 2621 206 2650 fuit
221 2631 237 2649 υ.
252 2623 336 2651 Patre
351 2626 381 2651 et
395 2626 525 2652 creatore
544 2626 876 2654 commonet’actiouibus
902 2627 974 2654 divi-

1026 1610 1086 1641 πώς
1103 1609 1170 1644 ἐστι,
1186 1611 1229 1637 καὶ
1247 1609 1309 1638 οὔτε
1321 1608 1438 1646 διανοίᾳ,
1455 1608 1517 1637 οὔτε
1531 1612 1579 1646 νῷ.

1027 1752 1128 1787 Ψυχῆς
1144 1747 1293 1786 ἐξωοτῆρις
1308 1748 1450 1783 ἀνάπνοες,
1466 1746 1575 1776 εὔλυτοί
1590 1747 1672 1776 εἰσιν.

1063 1835 1123 1862 Ἵνα
1139 1835 1176 1870 μή
1188 1844 1229 1864 τις
1242 1832 1329 1871 λέγοι,
1345 1832 1387 1860 ὅτι
1409 1831 1549 1869 Βούλομαι
1574 1832 1621 1868 μὲν
1651 1830 1787 1859 ἀπολῦσαι
1803 1831 1854 1866 τὴν

1027 1879 1120 1916 ψυχὴν
1136 1880 1184 1905 τοῦ
1200 1878 1339 1914 σώματος,
1355 1877 1385 1905 οὐ
1408 1876 1523 1914 δύναμαι
1546 1875 1586 1912 δὲ,
1601 1875 1668 1915 φησὶ
1688 1876 1720 1904 τὸ
1744 1875 1854 1913 λόγιον,

1029 1923 1070 1950 ὅτι
1084 1923 1111 1950 αἱ
1127 1921 1273 1958 ὲξωθοῦσαι
1287 1922 1337 1956 τήν
1354 1922 1446 1960 ψυχὴν
1464 1920 1591 1958 δυνάμεις
1616 1920 1670 1948 ἀπὸ
1686 1922 1736 1953 τῆς
1759 1930 1855 1956 σωμα-

1027 1968 1105 2001 τικῆς
1122 1967 1238 2006 φύσεως,
1254 1965 1299 1994 καὶ
1315 1967 1372 1993 οἷον
1389 1966 1514 1993 ἀναπνεῖν
1539 1966 1623 2000 αὐτὴν
1648 1967 1776 1993 ποιοῦσαι
1801 1964 1855 1992 ἀπὸ

1027 2014 1075 2040 τοῦ
1103 2013 1129 2039 ἐν
1152 2013 1260 2048 σώματι
1287 2011 1394 2048 μόχθου
1417 2010 1462 2038 καὶ
1488 2013 1538 2045 τῆς
1564 2009 1721 2044 κακώσεως,
1744 2007 1854 2037 ιῦλυτοί

1029 2057 1091 2084 εἶσι·
1120 2056 1253 2090 τουτέστι,
1281 2055 1327 2083 καὶ
1357 2055 1434 2083 αὐταὶ
1464 2054 1603 2092 ἐλεύθεραι
1627 2054 1694 2082 εἰσιν
1719 2053 1747 2081 αἲ
1774 2052 1855 2081 δυνά-

1031 2112 1100 2138 μεις,
1133 2101 1170 2137 μὴ
1201 2100 1252 2128 ὑπό
1285 2110 1358 2131 τινος
1388 2099 1543 2137 εἷργόμεναι
1573 2098 1691 2138 φύσεως,
1720 2097 1765 2125 καὶ
1791 2098 1856 2125 ἀπο-

1029 2145 1110 2173 λῦσαι
1124 2144 1168 2172 καὶ
1183 2147 1233 2179 τῆς
1245 2145 1404 2180 σωματικῆς
1419 2143 1505 2178 πέδης
1526 2144 1577 2178 τὴν
1607 2143 1699 2180 ψυχὴν
1724 2142 1854 2179 γενναίως

1031 2189 1105 2226 μάλα
1120 2187 1288 2223 δεδύνηνται.

988 2246 1012 2278 D
1030 2235 1086 2272 Χρή
1117 2244 1144 2261 σε
1173 2232 1295 2261 σπεύδειν
1325 2233 1393 2270 πρὸς
1417 2234 1449 2260 τὸ
1477 2232 1544 2271 φάος
1573 2232 1618 2260 καὶ
1651 2232 1719 2278 πρὸς
1745 2233 1852 2275 ματρὸς

1711 2267 1816 2304 ίαῦγὰς.

1027 2316 1121 2346 Ἔνθεν
1138 2313 1263 2352 ἐπέμφθη
1279 2323 1320 2341 σοι
1336 2314 1412 2351 ψυχὴ
1429 2312 1515 2340 πολὺν
1531 2311 1665 2349 ἑσσαμένη
1687 2313 1762 2340 νοῦν.

1064 2357 1174 2392 Ἐπειδὴ
1192 2360 1247 2394 (18)
1263 2358 1312 2385 οὐκ
1326 2357 1379 2385 ἀπὸ
1395 2359 1556 2394 σπερμάτων
1572 2358 1590 2392 ἡ
1607 2357 1683 2394 ψυχή
1707 2356 1758 2390 τὴν
1788 2355 1853 2383 ἀπό-

1029 2414 1118 2431 στασιν
1157 2400 1272 2437 ἔλαϐεν,
1303 2401 1367 2430 οὐδὲ
1414 2401 1439 2429 ἐν
1483 2404 1652 2438 σωματικαῖς
1697 2401 1852 2440 ὑφειστήκει

1028 2449 1164 2486 κράσεσιν,
1189 2447 1234 2474 καὶ
1263 2446 1363 2474 ἄνωθεν
1390 2446 1444 2474 ἀπὸ
1469 2449 1535 2474 Θεοῦ
1557 2446 1607 2480 τήν
1637 2445 1749 2483 ὕπαρξιν
1778 2445 1854 2483 ἔσχε,

1027 2493 1095 2530 πρὸς
1134 2491 1235 2519 ἐκεῖνον
1271 2491 1316 2518 καὶ
1346 2490 1532 2528 ἐπεστράφθω,
1556 2490 1602 2518 καὶ
1627 2490 1696 2528 πρὸς
1722 2489 1754 2516 τὸ
1782 2492 1853 2521 θεῖον

1028 2540 1086 2574 φῶς
1102 2536 1214 2564 ποιείτω
1229 2537 1278 2570 τήν
1304 2534 1409 2563 ἄνοδον.
1428 2534 1518 2562 Πολυν
1540 2535 1592 2572 γᾲρ
1618 2534 1752 2570 ἑσσαμένη
1780 2536 1854 2567 νοῦν,

1028 2581 1138 2609 ἐνταῦθα
1171 2580 1311 2615 κατῆλθε·
1331 2580 1480 2613 τουτέστιν,
1511 2577 1654 2607 ἐνεδύσατο
1692 2578 1766 2616 παρὰ
1805 2579 1854 2605 τοῦ

1028 2629 1145 2661 ποιητοῦ
1169 2625 1213 2653 καὶ
1238 2624 1344 2661 Πατρὸς
1365 2624 1531 2661 ἀναμνήσεις
1557 2626 1611 2652 τῶν
1637 2622 1780 2660 θειοτέρων
1809 2620 1853 2649 λί-

763 2680 915 2708 JOANNIS
935 2681 1094 2709 OPSOPdSl
1114 2680 1230 2708 NOTAE.

186 2720 243 2759 (t7)
260 2723 297 2747 Δι’
313 2719 472 2759 οἶκονομίαν
489 2726 587 2757 posset
601 2724 682 2757 verti,
700 2726 729 2752 in
750 2725 848 2753 mundi
868 2726 968 2759 guber-

149 2757 274 2794 ξιαιὶοηρ,
291 2760 324 2784 ut
337 2758 372 2784 ad
392 2757 483 2794 Deum
510 2759 662 2792 referatur,
680 2769 736 2788 non
762 2761 798 2788 ad
823 2757 967 2794 homines,

145 2791 230 2826 juxta
245 2796 375 2821 nostram
390 2791 670 2829 interpretationem.

1060 2726 1115 2761 (18)
1132 2722 1253 2761 Ἐπειδή.
1271 2722 1383 2761 Retulit
1397 2722 1457 2750 haec
1482 2721 1570 2761 Pselli
1599 2721 1687 2750 verba
1711 2721 1741 2748 in
1756 2728 1851 2761 suum

1024 2757 1268 2789 commentarium
1285 2758 1467 2795 Nicephorus
1482 2759 1538 2788 sub
1554 2758 1642 2786 ﬁnem
1666 2764 1733 2794 pag.
1752 2757 1814 2785 126.
