1953 3047
62 116 155 146 1145

506 116 714 147 EXPOSlTlO
737 117 1008 147 ORACULORUM
1032 116 1354 148 CllALDAlCOBUM.

1705 117 1782 148 1146

62 182 154 218 ξιων,
172 182 218 210 ὅτι
229 183 280 217 τήν
290 182 403 210 ἐνταῦθα
418 179 556 218 ἐλάμϐανε
570 181 696 216 κάθοδον,
714 182 786 215 ἔνθεν
801 193 843 210 τοι
861 183 874 210 δ

989 184 1053 211 .oris
1070 185 1158 212 sortis
1173 186 1261 220 atque
1275 185 1466 218 conditionis,
1483 193 1550 212 cum
1566 185 1646 213 illinc
1662 185 1785 214 huciter

59 228 125 254 τῶν
143 225 277 254 τοιούτων
293 226 471 263 ἀναμνήσεων
487 226 570 254 πάλιν
586 227 671 254 ὲκεῖσι
686 227 830 255 ἑπάνιισιν.

104 315 172 342 Eiet
187 316 274 342 πάντα
287 315 344 346 ἑνὸς
359 316 519 353 ἐκγεγαῶτα.

102 359 257 396 Ἥμιτιρον
280 359 324 386 καὶ
355 359 456 395 ἀληθὲς
485 360 516 387 τὸ
545 358 643 397 δόγμα.
674 360 765 387 Πάντα
790 360 842 397 γὰρ
869 361 903 387 τὰ

62 401 148 438 ὄντα,
175 403 208 431 τά
235 414 264 431 τε
293 405 377 439 νοητά
404 405 447 431 καὶ
475 404 610 439 αἰσθητὰ,
640 404 693 432 ἀπὸ
724 405 806 441 μόνον
835 407 902 432 Θεοῦ

59 449 120 482 τήν
165 448 310 476 ὑπόστασιν
338 446 458 483 ἔλαϐον,
491 452 536 476 καί
561 449 630 486 πρὸς
660 449 742 485 μόνον
767 449 832 476 Θεὸν
856 449 902 476 ἒπ-

62 493 231 530 ἐστραπται·
258 493 293 520 τὰ
324 493 371 529 μὶν
400 491 475 526 ὅντα,
506 493 594 529 μόνως
623 492 783 524 οὐσιωδῶς’
812 494 846 520 τὰ
875 492 903 520 δὲ

62 535 135 564 ὄντα
158 537 204 565 καὶ
233 539 321 572 ζῶντα
344 537 389 564 καὶ
413 539 538 570 νοοῦντα,
555 535 696 569 οὐσιωδῶς
719 537 764 564 καὶ
782 539 902 572 ζωτικῶς

61 581 113 609 καὶ
130 584 244 618 νοερῶς.
267 581 326 620 Ἀφ’
342 581 399 612 ἑνὸς
422 582 467 608 οὖν
483 582 570 609 πάντα
583 581 737 619 γεγένηται,
760 581 806 608 καὶ
833 581 903 618 πρὸς

58 623 92 652 ἓν
110 624 192 657 αὖθις
207 626 224 660 ἠ
238 625 342 653 τούτων
357 625 496 663 ἀναγωγή.
507 627 672 654 Ἃπταιστον
687 625 734 652 οὖν
747 625 779 652 τὸ
795 624 902 663 λόγιον,

59 671 111 697 καί
128 669 238 707 πλῆρες
252 672 301 697 τοῦ
317 670 452 707 ἡμετέρου
467 669 612 709 δόγματος.

958 236 1046 255 suum
1063 228 1220 263 affectarat,
1237 231 1269 256 ut
1284 229 1389 257 merito
1404 229 1508 257 iisdem
1525 229 1646 258 monitis
1660 229 1784 258 incitata

958 271 1026 299 hinc
1043 272 1113 300 illuc
1129 273 1223 300 redire
1239 275 1365 301 studeat.

993 317 1098 344 Omnia
1112 319 1148 344 ab
1160 326 1215 344 uno
1231 319 1296 352 igne
1309 318 1442 353 producta
1454 322 1528 346 sunt.

993 361 1104 396 Dogma
1119 370 1217 389 verum
1235 365 1279 389 est
1294 366 1322 390 et
1342 363 1475 398 religioni
1497 365 1603 390 nostra:
1625 365 1781 390 consente-

957 413 1055 433 neum.
1071 406 1175 433 Omnia
1188 415 1315 442 namque
1324 415 1506 442 quaecunque
1518 407 1664 441 sunt,sive
1674 409 1781 437 mente.

957 450 1018 477 sive
1034 458 1121 478 sensu
1148 451 1362 486 perceptibilia,
1388 452 1546 479 essentiam
1571 459 1654 478 suam
1680 460 1696 478 a
1719 451 1782 478 solo

958 494 1015 521 Deo
1031 498 1225 530 acceperunt:
1243 499 1271 523 et
1287 496 1322 522 ad
1335 496 1430 523 solum
1446 499 1536 524 Deum
1550 503 1689 524 conversa
1701 498 1780 523 sunt.

957 546 991 565 ea
1006 539 1125 574 quidem
1143 547 1208 574 quas
1231 541 1437 568 tantummodo
1462 542 1542 573 sunt,
1566 539 1780 573 essentialiter;

958 590 1023 618 quas
1038 591 1105 610 vero
1121 587 1191 610 sunt
1205 586 1234 611 et
1249 584 1359 615 vivunt,
1372 584 1567 612 cssentialiter
1582 587 1610 611 et
1633 584 1780 617 vitaliter;

958 629 987 654 et
1001 635 1065 662 quas
1081 629 1151 654 sunt
1167 630 1196 655 et
1210 628 1311 655 vivunt
1323 629 1360 664 (a)
1377 631 1405 656 et
1419 628 1599 664 intelligunt,
1620 628 1783 656 essentiali-

959 673 1012 705 ter,
1029 671 1157 699 vitaliter
1171 673 1200 698 et
1215 671 1459 700 intellectualiter.
1477 673 1521 699 Ab
1543 681 1601 700 uno
1625 672 1714 708 igitur
1737 674 1783 700 est

60 715 204 744 omnium
229 723 327 744 rerum
358 716 521 752 productio,
547 718 575 744 et
603 717 639 744 ad
666 723 760 743 unum
789 715 898 743 iterum
929 715 1046 744 illarum
1079 717 1221 745 reductio.
1239 719 1334 753 Atque
1350 717 1402 745 hoc
1419 717 1570 744 oraculum
1598 716 1678 744 omni
1704 718 1782 744 caret

63 760 310 796 reprehensione,
328 763 355 788 et
372 763 472 788 nostra
482 761 615 789 doctrina
631 761 768 788 refertum
783 761 839 788 est.

195 804 231 831 "A
246 806 311 835 νοῦς
332 802 415 841 λέγει,
439 807 480 840 τῷ
498 807 569 832 νοεῖν
585 803 674 839 δήπου
690 803 775 841 λέγει.

101 848 201 884 Ὅταν,
227 849 319 887 φησὶν,
348 848 464 886 ἀκούσῃς
481 847 692 886 διηρθρωμένῃ(
707 851 799 887 φωνῆς
829 846 900 875 ἅνω-

63 892 112 919 Θιν
137 892 295 930 βροντώσης
319 892 348 920 ἐκ
373 892 499 930 οὐρανοῦ,
528 893 566 929 μή
592 890 733 930 ὑπολάϐῃς
756 892 794 922 ὡς
811 892 824 919 ὁ
851 893 900 926 τὴν

64 937 166 975 φωνὴν
195 937 295 972 ταύτην
325 937 400 976 ipsi:
428 937 546 975 ἅγγιλος
578 938 596 973 ἢ
624 938 704 972 Θεὸς,
741 939 902 975 προφορικῷ

66 981 149 1020 λόγῳ
165 982 369 1018 συνήρθμωσεν.
393 980 458 1009 ἀλλ’
480 982 581 1012 ὲκεῖνος
598 982 645 1018 μὲν
660 981 727 1008 κατὰ
740 984 789 1015 τῆν
807 981 902 1008 ἑαυτοῦ

65 1024 151 1064 φύσιν
182 1025 336 1063 ἀμερίστως
364 1025 446 1062 μόνον
471 1025 574 1061 ἐνόησε,
604 1025 636 1052 σὺ
663 1024 701 1058 δὲ,
732 1026 769 1056 ὡς
797 1023 900 1059 ἠδύνω,

64 1069 190 1104 ἤκουσας
218 1072 267 1097 τοῦ
302 1071 442 1106 νοήματος
482 1067 658 1100 συλλαϐικῶς
693 1069 737 1097 καὶ
764 1079 900 1108 προφορι-

68 1124 139 1145 κως.
171 1118 261 1152 Ωσπερ
281 1114 333 1152 γὰρ
365 1115 379 1142 ὁ
404 1115 468 1145 Θεὸς
489 1113 543 1141 τῶν
558 1114 700 1152 ἡμετέρων
717 1116 814 1151 φωνῶν
830 1113 901 1152 ἀφώ-

65 1168 124 1190 νως
152 1157 256 1192 ἀκούει,
285 1158 356 1186 οὕτω
385 1158 430 1186 καὶ
465 1159 479 1186 ὁ
507 1157 650 1196 ἄνθρωπος
677 1159 724 1189 τὰς
751 1160 800 1184 τοῦ
828 1156 896 1185 Θεοῦ

65 1202 172 1234 ἑννοίας
189 1206 352 1242 φωνητικῶς
367 1202 486 1241 δὲχεται,
496 1202 608 1234 ἕκαστος
621 1203 711 1234 καθὼς
722 1200 779 1240 ἔχει
796 1202 900 1240 φύσεως

70 1246 202 1285 ἰνεθγῶν.

957 805 1024 838 Quae
1043 813 1119 832 mens
1135 806 1267 841 loquitur,
1284 814 1317 833 ea
1332 806 1427 842 utique
1448 806 1628 841 intelligendo
1648 806 1779 842 loquitur-

992 849 1124 882 Quando,
1142 849 1193 883 ait,
1209 858 1310 884 vocem
1327 850 1513 878 articulatam
1531 858 1658 885 superne
1673 858 1688 877 e
1709 849 1780 878 caelo

956 893 1145 921 detonantem
1167 894 1323 927 audiveris,
1348 902 1384 922 ne
1403 894 1553 922 existimes
1578 894 1655 930 quod
1679 901 1779 921 vocem

957 937 1038 965 illam
1060 939 1147 966 edens
1169 938 1229 966 sive
1246 938 1369 974 angelus
1391 939 1452 966 sive
1472 939 1549 967 Deus
1571 938 1622 966 tali
1644 946 1780 966 sermone

957 981 1122 1017 protulerit,
1153 982 1267 1018 qualem
1285 991 1334 1010 ore
1363 983 1524 1019 exprimere
1553 983 1701 1010 solemus:
1728 984 1778 1010 sed

956 1027 1033 1061 quod
1051 1026 1076 1054 is
1092 1026 1206 1062 quidem
1232 1028 1395 1055 secundum
1421 1035 1505 1055 suam
1529 1027 1623 1063 ipsius
1643 1029 1777 1055 naturam

955 1071 1067 1105 absque
1082 1070 1142 1099 ulla
1158 1071 1300 1099 divisione
1316 1075 1413 1100 mente
1427 1074 1544 1100 tantum
1560 1080 1593 1099 ea
1608 1080 1671 1107 quas
1695 1072 1779 1099 audi-

955 1114 1021 1142 visti
1037 1115 1201 1151 agitaverit,
1218 1119 1249 1144 tu
1266 1125 1332 1144 vero
1348 1125 1399 1153 pro
1411 1125 1445 1144 ea
1455 1125 1513 1152 qua
1525 1116 1616 1152 polles
1629 1116 1777 1151 facultate,

954 1160 1061 1187 mentis
1077 1160 1214 1196 cogitata,
1229 1169 1285 1188 non
1306 1169 1391 1189 secus
1418 1170 1450 1189 ac
1479 1161 1607 1198 syllabas
1635 1163 1663 1188 et
1689 1161 1777 1190 verba

954 1211 1001 1230 ore
1009 1204 1131 1240 prolata,
1140 1205 1241 1232 auditu
1252 1206 1426 1241 perceperis.
1436 1206 1688 1237 Quemadmodum
1698 1205 1776 1233 enim

953 1247 1030 1275 Deus
1044 1257 1127 1276 voces
1140 1252 1257 1277 nostras
1271 1250 1389 1277 exaudit
1404 1250 1515 1285 absque
1543 1258 1645 1278 vocum
1670 1249 1777 1277 articu-

68 1292 192 1328 latione,
207 1292 248 1321 ita
264 1293 350 1321 etiam
369 1293 456 1321 homo
472 1293 575 1320 divina:
591 1293 698 1320 mentis
714 1292 918 1327 conceptiones
937 1293 1078 1328 tanquam
1095 1293 1216 1322 vocibus
1232 1302 1384 1330 expressas
1408 1295 1526 1331 excipit,
1543 1294 1675 1331 quolibet
1694 1294 1773 1322 scili-

70 1339 117 1365 cet
132 1345 184 1373 pro
201 1346 260 1365 sua;
277 1340 388 1365 natura
405 1337 516 1365 ratione
529 1340 558 1365 et
573 1338 733 1373 capacitate
744 1338 893 1373 operante.

128 1380 183 1409 Ἀεὶ
210 1380 307 1408 τούσδε
326 1381 402 1419 χθὼν
417 1381 583 1418 κατωρύεται
600 1381 626 1412 ἐς
639 1381 719 1408 τέκνα
736 1381 845 1418 μέχρις.

109 1425 175 1463 Περὶ
202 1427 257 1453 τῶν
286 1425 372 1457 ἀθέων
402 1426 417 1453 ὁ
445 1425 527 1462 λόγος
552 1425 645 1464 φησὶν,
675 1424 716 1452 ὅτι
747 1425 899 1462 μὲχριτῶν

76 1469 219 1507 ἀπογόνων
247 1468 374 1497 διατοίνει
398 1470 450 1504 τὴν
465 1467 577 1497 κὸλασιν
602 1469 695 1501 αὐτοῖς
712 1471 725 1497 'o
749 1469 823 1500 Θεός.
847 1469 898 1499 Τὰς

71 1514 123 1552 γὰρ
147 1514 328 1552 ὑποχθονίους
342 1513 468 1545 κολάσεις
491 1513 720 1550 ὑποδεικνύμενον
744 1514 774 1540 τὸ
791 1513 898 1550 λόγιον,

992 1382 1126 1417 Perpetua
1136 1384 1165 1411 in
1177 1383 1224 1411 hos
1233 1385 1309 1411 terra
1318 1385 1414 1411 subtus
1424 1384 1513 1412 ululat
1524 1391 1608 1419 usque
1617 1383 1654 1411 ad
1666 1383 1775 1411 liberos-

991 1425 1030 1454 De
1046 1426 1145 1462 impiis
1161 1436 1258 1455 sermo
1274 1429 1327 1462 est,
1345 1428 1422 1464 quod
1434 1436 1535 1456 eorum
1545 1427 1689 1464 supplicia
1700 1427 1777 1455 Deus

955 1470 1043 1498 etiam
1067 1479 1160 1507 usque
1177 1472 1205 1500 in
1234 1475 1368 1508 posteros
1395 1474 1541 1500 extendat.
1572 1472 1645 1500 Nam
1675 1480 1776 1508 pmnas

955 1523 1029 1550 quas
1045 1516 1100 1543 sub
1116 1518 1194 1544 terra
1206 1516 1331 1544 subituri
1349 1519 1428 1549 sunt,
1452 1517 1587 1545 indicans
1612 1516 1775 1551 oraculum,

72 1557 190 1593 αὐτοὺς,
217 1559 300 1597 φησί,
330 1558 518 1596 κατωρύεται,
547 1558 706 1593 τουτέστιν,
735 1558 877 1594 ἐπιμυκᾶτι

999 1567 1052 1595 eos,
1069 1560 1175 1596 inquit,
1191 1561 1286 1589 subtus
1301 1562 1400 1595 ululat,
1417 1561 1446 1589 id
1477 1564 1522 1589 est
1545 1562 1685 1589 adversus
1710 1560 1776 1588 illos

74 1601 163 1634 οὐτοῖς
179 1603 193 1630 ὁ
219 1603 270 1631 ὑπὸ
284 1607 335 1641 γῆν
351 1603 445 1638 τόπος,
470 1603 514 1631 καὶ
545 1604 601 1631 οἷον
632 1601 781 1633 λεοντῶδες
798 1602 898 1640 ἒπηχεῖ

72 1645 195 1685 ὅρυγγα.
225 1648 272 1675 Διὸ
302 1648 346 1675 καὶ
373 1648 498 1685 Πρόκλος
529 1647 615 1687 φησὶ.
648 1650 705 1675 Τῶν
734 1648 898 1685 συγγενικῶν

72 1694 168 1730 ψυχῶν
198 1693 325 1732 ὁμοφυής
352 1692 423 1720 ἔστὶν
452 1694 470 1727 ἡ
506 1693 652 1728 σύνταξις·
679 1692 723 1720 καὶ
753 1693 780 1719 αἱ
812 1692 897 1728 μήπω

72 1735 249 1764 ἀπολυθεῖσαι
279 1739 335 1764 τῶν
361 1740 412 1772 τῆς
441 1736 549 1776 φύσεως
576 1735 683 1773 δεσμῶν
707 1736 733 1763 ἐν
757 1738 817 1767 τοῖς
842 1738 897 1762 τῶν

73 1781 211 1818 ὁμογενῶν
236 1781 398 1818 κατέχονται
427 1782 543 1813 πάθεσι.
578 1784 623 1808 Δεῖ
652 1781 697 1808 οὖν
726 1780 770 1808 καὶ
799 1779 896 1811 ταύτας

73 1828 164 1863 τυχεῖν
191 1829 241 1860 τῆς
270 1825 339 1860 ὅλης
356 1824 446 1860 δίκης,
470 1825 516 1852 καὶ
540 1824 758 1859 ἆναπλησθείσας
779 1823 824 1851 διὰ
847 1825 895 1859 τὴν

74 1870 184 1909 φυςικήν
202 1870 357 1908 συγγένειαν
374 1871 427 1897 τῶν
447 1869 606 1906 μιασμάτων
622 1870 789 1906 καθαρθῆναι
814 1867 897 1895 πάλιν

74 1914 100 1950 ἐξ
114 1915 215 1943 αὐτῶν.

143 2004 188 2038 Μή
206 2003 371 2040 συναυξήσῃς
386 2004 435 2037 τήν
452 2003 629 2041 εἱμαρμὲνην.

108 2047 282 2085 Εῗμαρμένην
308 2049 364 2084 (19)
392 2048 418 2075 οἱ
434 2048 586 2086 σοφώτεροι
609 2049 663 2075 τῶν
688 2046 831 2082 Ἑλλήνων
847 2047 897 2081 τήν

73 2092 147 2130 φύσιν
173 2093 390 2129 κατονομάζουσι
405 2102 410 2108 ·
440 2091 547 2128 μᾶλλον
572 2091 600 2119 δὶ
624 2092 655 2119 τὸ
678 2091 819 2128 πλήρωμα
841 2093 894 2118 τῶν

73 2137 246 2174 ἐλλάμψεων,
271 2137 308 2164 ὧν
333 2138 351 2171 ἡ
375 2139 428 2164 τῶν
445 2135 529 2164 ὄντων
547 2136 623 2175 φύσις
642 2135 803 2174 εἰσδέχεται.
820 2137 895 2164 Ἔστι

74 2181 102 2209 δὲ
124 2182 237 2220 πρόνοια
264 2182 310 2218 μὲν
334 2182 351 2216 ἡ
382 2180 482 2218 ἄμεσος
505 2181 558 2208 ἀπὸ
581 2183 630 2208 τοῦ
660 2183 726 2208 Θεοῦ
750 2180 894 2218 εὐεργεσία.

75 2227 222 2264 εἱμαρμένη
247 2226 287 2260 δὲ,
311 2227 328 2261 ἡ
355 2225 399 2253 διὰ
413 2230 462 2260 τῆς
479 2228 527 2253 τοῦ
543 2225 638 2262 εἶρμὴῦ
653 2227 706 2252 τῶν
728 2223 810 2252 ὄντων
828 2236 895 2261 συμ-

74 2271 175 2306 πλοκῆς
198 2271 362 2308 τὰὴμὲτερα
375 2268 545 2308 κυϐερνῶσα.
564 2271 615 2299 Καὶ
634 2270 686 2298 ὑπὸ
701 2269 831 2307 πρόνοιαν
849 2270 895 2306 μὲν

74 2314 191 2352 κείμεθα,
209 2314 271 2342 ὅταν
287 2317 389 2353 νοερῶς
406 2314 567 2352 ἐνεργῶμεψ
592 2314 643 2341 ὑπὸ
667 2314 844 2351 εἱμαρμένην,
868 2312 896 2341 δὲ

75 2360 133 2387 ὅταν
146 2359 189 2386 καὶ
206 2362 381 2395 σωματικῶς.
400 2360 443 2394 Μὴ
457 2358 504 2386 οὖν
525 2359 659 2396 αὐξήσῃς,
684 2358 760 2397 φησὶ,
783 2359 832 2392 τὴν
857 2359 894 2385 εἱ-

75 2405 212 2442 μαρμίνην
228 2406 327 2439 σαυτῷ,
343 2404 389 2430 καὶ
405 2404 471 2442 ὑπὲρ
489 2404 589 2438 ταύτην
606 2405 695 2440 γινοῦ,
711 2402 756 2430 καὶ
773 2402 824 2430 ὐπὸ
847 2402 895 2438 μό-

73 2459 110 2485 νῳ
120 2451 175 2484 Θεῷ
189 2446 384 2485 κυϐερνήθητι.

107 2543 141 2569 οὗ
155 2542 205 2580 γὰρ
222 2542 274 2569 ἀπὸ
297 2544 434 2580 Πατρικῆς
451 2542 540 2579 ἀρχῆς
561 2541 654 2572 ἀτελές
673 2551 698 2568 τι
715 2541 856 2578 τροχάζει.

109 2626 202 2663 Πάντα,
233 2627 327 2664 φησὶν,
359 2626 373 2653 ὁ
400 2627 493 2663 Πατὴρ
522 2626 635 2663 προάγει
665 2625 757 2654 τίλεια
784 2626 893 2654 καὶαύ-

955 1605 1051 1640 mugit
1065 1607 1094 1633 et
1108 1605 1238 1633 infremit
1253 1606 1334 1634 locus
1351 1607 1570 1640 subterraneus,
1586 1608 1615 1633 et
1634 1607 1775 1640 tanquam

952 1648 1070 1677 leonino
1086 1650 1186 1685 rugitu
1202 1651 1354 1686 obstrepit.
1371 1651 1646 1686 Quapropteretiam
1659 1650 1776 1678 Proolus

951 1693 1003 1727 ait,
1027 1696 1219 1729 cognatarum
1249 1695 1414 1722 animarum
1439 1701 1631 1730 congenerem
1659 1702 1777 1730 quoque

953 1738 1014 1765 sive
1048 1738 1233 1766 consimilem
1259 1747 1324 1767 esse
1367 1739 1629 1775 compositionem;
1667 1746 1775 1773 easque

953 1790 1015 1817 quae
1032 1783 1162 1810 nondum
1180 1786 1293 1810 natura:
1308 1782 1433 1811 vinculis
1449 1783 1588 1810 exsoluta:
1607 1785 1687 1816 sunt,
1705 1791 1774 1810 con-

952 1826 1230 1863 similibusquoque
1245 1828 1399 1855 affectibus
1433 1827 1598 1863 implicatas
1628 1826 1773 1855 distineri.

952 1870 1090 1906 Oportere
1105 1871 1204 1906 itaque
1217 1873 1244 1899 et
1260 1871 1313 1899 has
1324 1880 1410 1899 omne
1420 1872 1598 1907 supplicium
1610 1871 1735 1908 explere,
1747 1873 1775 1899 et

951 1923 1018 1942 cum
1030 1915 1066 1942 ob
1077 1915 1240 1943 naturalem
1250 1915 1690 1952 cognationeminquinamentis
1701 1915 1774 1944 infe-

951 1964 1003 1986 ctae
1020 1961 1107 1994 atque
1123 1960 1233 1988 refertae
1250 1961 1468 1993 luerint,denuo
1481 1960 1586 1988 abillis
1610 1960 1772 1996 repurgari.

986 2004 1025 2031 Ne
1038 2004 1190 2032 adauzcris
1203 2008 1302 2039 fatum.

986 2051 1087 2076 Fatum
1104 2049 1288 2085 appellarunt
1305 2049 1498 2085 sapientiores
1512 2049 1589 2077 inter
1600 2051 1715 2077 Graecos
1729 2049 1773 2085 ip-

951 2102 1014 2121 sam
1054 2098 1199 2129 naturam,
1224 2094 1266 2121 vel
1292 2094 1391 2129 potius
1426 2093 1673 2130 complementum
1702 2093 1773 2121 illu-

952 2138 1144 2165 minationum
1163 2146 1237 2174 quas
1253 2138 1364 2165 entium
1382 2140 1488 2165 natura
1512 2138 1624 2174 recipit.
1650 2138 1684 2165 Et
1706 2146 1772 2173 pro-

950 2182 1079 2210 videntia
1094 2182 1213 2218 quidem
1233 2184 1277 2210 est
1299 2183 1470 2210 immediate
1485 2182 1537 2210 Dei
1561 2182 1770 2210 beneﬁcentia:

953 2227 1041 2254 fatum
1060 2235 1136 2260 vero,
1153 2227 1228 2263 quod
1246 2227 1424 2255 connexione
1441 2229 1467 2254 et
1487 2227 1562 2254 serie
1586 2235 1684 2254 rerum
1709 2233 1772 2253 οω-

951 2271 1033 2298 nium
1049 2271 1330 2306 terrenagubernat.
1356 2271 1536 2306 Subjicimur
1559 2273 1657 2298 autem
1681 2269 1774 2305 provi-

951 2315 1146 2349 dentiae,cum
1175 2314 1413 2342 intellectualiter
1424 2323 1595 2351 operemur;
1627 2315 1685 2342 fato
1705 2322 1772 2342 vero

951 2368 1016 2387 cum
1056 2360 1145 2387 etiam
1175 2359 1374 2395 corporaliter.
1405 2360 1445 2387 Ne
1473 2359 1563 2395 igitur
1586 2359 1649 2395 (ait)
1687 2361 1772 2386 tuum

951 2405 1046 2440 ipsius
1088 2405 1180 2432 fatum
1219 2405 1364 2440 adaugere
1393 2404 1473 2437 velis,
1502 2404 1592 2439 idque
1622 2411 1771 2439 superare,

950 2451 1000 2477 sed
1018 2449 1166 2477 committe
1178 2451 1206 2477 te
1222 2449 1314 2477 solius
1329 2449 1380 2477 Dei
1397 2448 1539 2476 voluntati
1564 2450 1649 2484 atque
1672 2449 1772 2476 mode—

951 2494 1067 2522 rationi.

949 2544 1008 2571 Non
1023 2543 1097 2570 enim
1113 2551 1130 2570 α
1143 2546 1258 2578 paterno
1271 2543 1414 2578 principio
1425 2543 1614 2578 imperfectum
1629 2542 1699 2614 qflir‘li
1708 2550 1771 2605 gro-

1653 2586 1681 2606 ce
1702 2587 1710 2605 ι
1727 2598 1733 2605 .

1653 2586 1733 2606 εεαιι.

985 2627 1090 2656 Omnis
1114 2627 1178 2662 (ait)
1207 2627 1336 2663 perfecta
1357 2629 1385 2654 et
1409 2627 1541 2655 numeris
1554 2627 1692 2655 omnibus
1721 2635 1771 2662 pro

702 2684 854 2714 JDANNIS
866 2686 1024 2714 OPSOPEI
1039 2684 1151 2713 NOT/E.

124 2735 368 2772 lQlE'tpappévnv.
384 2737 480 2772 Istam
491 2743 608 2771 quoque
620 2735 673 2763 fati
688 2734 916 2772 descriptionem
932 2736 1001 2764 hinc
1017 2734 1252 2771 decerpsitidem
1265 2734 1384 2772 Niceph.
1403 2742 1469 2771 pag.
1486 2734 1548 2763 HO.

124 2772 147 2808 ιι)
162 2771 226 2800 Hazc
241 2771 270 2800 in
287 2772 386 2800 Graeco
402 2771 617 2807 desiderantur,
634 2771 757 2800 fortasse
771 2779 806 2800 ex
819 2771 1056 2801 homoioteleuto.
