1950 3050
145 100 216 131 1151

808 99 1022 132 MICHAELIS
1046 101 1181 132 PSELLI

1778 101 1853 132 H52

144 168 282 194 mentem.
301 168 405 195 Postea
419 167 554 203 sequitur
571 167 646 203 junx
666 170 764 196 mente
780 167 971 203 comprehen-

1076 177 1100 202 ς,
1120 166 1165 194 καὶ
1182 167 1196 194 ὁ
1214 165 1319 198 ὑλαῖος.
1336 167 1409 195 Μετὰ
1424 165 1453 194 δὶ
1475 166 1540 199 τοὺς
1560 169 1698 204 συνοχιῖς,
1715 167 1742 194 οἱ
1762 165 1854 194 τελετ-

143 211 250 240 sibilis.
273 212 345 239 Huic
370 212 495 248 proximi
525 215 595 240 sunt
623 213 801 240 mundorum
832 214 970 244 rectores,

145 256 262 292 igneus,
277 256 426 289 mtherius,
442 260 471 284 et
490 257 663 285 materialis.
681 257 751 285 Post
775 259 902 285 rectores
917 264 971 283 cae-

144 301 342 328 remoniarum
367 300 525 337 principes.
542 302 593 329 His
618 303 782 329 succedunt
797 301 970 337 perennium

145 345 271 372 fontium
297 347 407 380 patres.
424 346 472 381 qui
491 348 519 373 et
534 347 637 374 mundi
654 347 790 373 ductores
816 346 971 373 nominan-

145 391 202 423 tur,
215 398 340 426 quorum
357 391 472 424 primus
492 391 582 418 semel
607 399 695 426 supra
712 391 808 418 dictus
824 392 889 417 est:
906 391 972 424 post

145 441 233 469 quem
260 434 375 467 Hecate,
394 435 499 462 deinde
522 436 547 462 is
563 443 650 470 quem
671 435 718 463 bis
732 443 823 470 supra
838 433 971 461 nomina-

144 478 243 505 vimus
260 487 267 506 :
284 478 320 506 ab
337 479 389 506 hoc
405 482 474 506 sunt
495 482 554 506 tres
569 479 781 515 implacabiles,
796 482 824 506 et
839 479 970 506 omnium

145 522 270 550 ultimus
294 523 469 550 succinctor.
494 523 678 551 Venerantur
704 525 792 551 etiam
822 523 970 550 fontanam

115 592 120 597 ,
145 567 308 595 trinitatem
335 568 413 602 ﬁdei,
428 568 560 595 veritatis
580 571 608 596 et
627 569 746 596 amoris.
762 569 879 596 Ponunt
902 569 971 595 item

146 611 238 639 solem
265 612 484 648 imperatorem,
501 616 529 640 et
544 621 560 640 a
576 614 655 640 fonte
679 612 824 640 materiali
849 612 973 639 archan-

146 657 284 719 gelicum,
315 657 463 685 sensionis
491 658 612 691 fontem,
637 658 789 685 fontanum
814 657 972 692 judicium,

160 701 319 719 nlminnnm
338 701 446 719 fnnfnm
475 702 662 719 annnnlnnnm
689 702 796 719 rnnham
826 701 972 719 nl-nnnntn-

160 701 320 729 ulmineum
338 701 460 736 fontem,
475 702 663 737 speculorum
689 702 808 734 fontem,
825 701 973 729 characte-

146 754 213 773 rum
229 746 339 774 fontem
364 746 522 782 incognitis
539 746 631 781 signis
646 749 675 774 et
690 746 831 782 symbolis
856 746 972 772 inrum-

145 790 276 824 bentem,
292 792 320 817 et
335 790 522 817 summitates
546 790 692 823 fontanas,
709 790 864 826 Apollinis,
881 789 971 817 Osiri-

148 834 204 866 dis,
222 834 368 866 Mercurii,
384 834 549 861 Materiales
572 843 640 862 vero
664 835 759 862 fontes
783 835 886 862 dicunt
909 842 974 862 esse
988 848 1012 882 Β

148 881 328 912 centrorum,
350 879 563 906 elementorum
594 881 624 906 et
651 879 833 907 somniorum
858 886 973 906 zonam.

150 923 222 951 Item
235 923 365 950 animam
377 924 528 951 fontanam
536 944 543 950 .
554 923 693 951 Fontibus
704 924 887 958 subjungunt
898 923 976 959 prin-

148 967 224 1003 cipia
241 975 247 995 :
263 968 339 1002 quod
358 968 511 1003 principiis
532 968 698 1004 superiores
714 969 743 995 et
758 967 975 995 excellentiores

149 1012 209 1040 sint
236 1012 344 1040 fontes.
369 1012 587 1048 Principiorum
615 1013 726 1040 autem!
741 1012 880 1040 animalia
908 1020 976 1048 pro-

149 1056 313 1084 creantium
339 1056 497 1084 summitas
521 1059 642 1084 vocatur
661 1057 766 1084 Hecate
790 1065 797 1084 :
823 1057 975 1090 medietas,

150 1101 249 1129 anima
275 1100 442 1128 inchoativa
461 1109 468 1128 :
489 1101 670 1134 extremitas,
686 1101 780 1128 virtus
801 1100 975 1128 inchoativa.

151 1146 227 1173 Sunt
242 1145 319 1180 apud
336 1145 402 1173 illos
418 1153 534 1181 quoque
557 1145 669 1173 Hecates
684 1144 794 1178 ἅζωνοι,
811 1153 874 1179 quae
889 1153 977 1173 zonas

151 1198 208 1218 non
222 1190 342 1222 habent,
350 1192 383 1216 ut
394 1189 550 1217 Chaldaica
560 1187 722 1226 τριεκὸότις,
732 1188 871 1224 κωμάς,θῒ
883 1188 979 1216 ἔκκλυ-

150 1234 240 1267 στική.
259 1233 302 1261 Dii
327 1236 425 1261 autem
453 1232 553 1267 ἅζωνοι
569 1234 628 1261 illis
653 1234 794 1262 dicuntur
817 1234 936 1270 Sarapis
951 1237 980 1262 et

150 1278 297 1314 Dionysus
317 1278 378 1305 sive
399 1279 531 1306 Bacchus
545 1287 551 1305 :
565 1278 689 1306 Osiridis
712 1279 783 1306 item
801 1278 876 1315 σειρά
891 1279 980 1315 (quasi

150 1323 185 1351 ad
198 1323 347 1358 geniorum
371 1324 458 1350 series
477 1324 579 1350 catena:
593 1331 668 1350 more
682 1325 814 1358 connexa)
830 1326 858 1351 et
873 1323 979 1359 Apolli-

151 1367 197 1395 nis
213 1367 399 1402 appellantur
421 1366 520 1400 ἅζωνοι
537 1367 577 1394 dii
594 1368 671 1403 quod
687 1368 820 1403 expedite
835 1370 980 1403 potestate

153 1420 207 1439 sua
222 1412 252 1439 in
268 1412 350 1439 zonis
365 1414 501 1445 utuntur,
513 1414 542 1439 et
554 1420 643 1447 supra
654 1412 724 1440 deos
736 1413 911 1448 conspicuos
926 1412 981 1440 col-

155 1455 242 1483 locati
258 1458 337 1484 sunt.
349 1458 464 1482 Ζωναῖοι
479 1459 580 1484 contra
591 1456 641 1492 qui
652 1464 742 1484 zonas
756 1456 874 1489 habent,
890 1457 980 1484 libere

154 1500 230 1527 circa
247 1500 310 1527 cmli
335 1509 422 1528 zonas
446 1500 602 1528 volvuntur
617 1502 645 1528 et
660 1501 843 1537 gubernandi
867 1509 978 1529 munus

1024 210 1108 248 ἀρχαι
1126 221 1132 227 ·
1165 211 1233 248 μετὰ
1259 210 1287 239 δὲ
1316 212 1441 247 τούτους,
1471 213 1497 239 οἱ
1526 214 1640 249 πηγαῖοι
1671 211 1803 248 πατέρες,
1832 211 1855 237 οἱ

1024 255 1191 291 καλούμενοι
1220 256 1263 283 καὶ
1285 256 1480 294 κοσμαγωγοί·
1500 257 1536 284 ὢν
1566 257 1580 283 ὁ
1608 258 1719 294 πρῶτος
1748 256 1764 283 ὁ
1791 255 1856 290 ἅπαξ

1025 299 1147 328 ἐπέκεινα
1176 299 1331 338 λεγόμενος·
1366 302 1425 337 μεθ’
1454 301 1483 328 ’ὸν
1512 302 1530 336 ἡ
1559 300 1670 336 Ἑκάτη,
1687 301 1744 328 εἶτα
1774 299 1790 326 ὁ
1818 298 1857 330 δὶς

1025 344 1167 372 ἐπέκεινα·
1187 346 1245 382 μεθ’
1261 346 1289 372 ὃν
1318 348 1392 383 τρεῖς
1419 345 1593 382 ἀμιίλικτοι·
1623 345 1668 372 καὶ
1695 343 1858 374 τελευταῖος

1026 389 1040 416 ὁ
1068 389 1217 424 ὑπεζωκός.
1249 387 1379 417 Σὲϐονται
1406 389 1435 418 δὲ
1464 389 1508 418 καὶ
1537 390 1654 428 πηγαίαν
1679 388 1783 427 τριάδα
1813 388 1858 415 πί.

1025 444 1109 464 στεως
1132 434 1177 461 καὶ
1202 433 1330 469 ἀληθείας
1353 434 1397 462 καὶ
1421 432 1615 472 ἕρωτος.Φοισὶ
1640 433 1669 461 δὲ
1695 434 1741 461 καὶ
1774 433 1858 470 ἀρχι-

1027 479 1072 505 κὸν
1087 477 1180 513 ἥλιον,
1197 478 1249 506 ἀπὸ
1264 482 1314 513 τῆς
1332 478 1428 514 ὑλικῆς
1455 482 1547 517 πηγῆς
1571 478 1616 506 καί
1637 477 1859 516 ἀργαγγελικὸν,

1026 522 1071 550 καὶ
1100 524 1192 560 πηγὴν
1220 522 1381 558 αἰσθήσεως,
1398 524 1443 550 καὶ
1471 523 1593 561 πηγαίαν
1622 523 1722 561 κρίσιν,
1744 522 1793 550 καὶ
1818 531 1860 548 κερ

1027 567 1133 605 ραύνιον
1164 568 1267 605 πηγὴν,
1283 567 1328 594 καὶ
1357 568 1448 606 πηγὴν
1478 566 1613 605 διατηρῶν
1638 567 1684 594 καὶ
1712 567 1858 604 χαρακτήο

1028 621 1081 648 ρων
1112 612 1204 649 πηγὴν
1236 609 1445 639 ἐπιϐατεύουσαν
1480 615 1538 643 τοῖς
1575 612 1725 649 ἀγνώστοις
1756 612 1857 645 συνθή-

1029 666 1118 693 μασι’
1159 657 1204 683 καὶ
1262 656 1382 694 πηγαίας
1432 657 1583 695 ἀκρότητας
1604 678 1611 692 ,
1649 655 1858 691 Ἀπόλλωνος,

1030 699 1174 738 Ὀσίριδος,
1206 701 1317 737 Ῥρμοῦ.
1346 700 1454 732 Ὑλικᾶς
1488 699 1517 729 δὲ
1552 701 1642 738 πηγάς
1675 711 1768 738 φασιν,
1799 699 1858 727 κίν-

1028 755 1100 781 τρων
1131 745 1176 772 καὶ
1207 745 1362 782 στοιχείων,
1393 745 1439 772 καὶ
1467 745 1578 783 ὀνεῖρων
1600 745 1698 780 ζώνην,
1725 744 1774 772 καὶ
1803 754 1857 778 πη-

1028 791 1108 826 γαῖαν
1138 790 1242 826 ψυχήν.
1271 789 1343 816 Μετὰ
1373 788 1401 816 δὲ
1430 790 1477 820 τὰς
1503 790 1594 827 πηγὰς
1631 789 1758 826 λέγουσιν
1793 789 1858 816 εἶναι

1029 833 1126 870 ἀρχάς.
1142 834 1178 861 Ai
1192 834 1242 871 γὰρ
1257 833 1346 871 πηγαὶ
1371 833 1555 872 ἆρχικώτεραι
1583 836 1637 862 τῶν
1660 834 1757 871 ἀρχῶν
1770 843 1778 850 ·
1803 835 1857 860 τῶν

1029 876 1058 905 δὲ
1087 878 1230 915 ζωογόνων
1259 879 1398 916 ἀρχῶν,ἡ
1430 879 1477 915 μὶν
1496 878 1738 915 ἀκρότης,⁶Εκάτη
1764 876 1859 905 καλεῖ-

1027 932 1082 950 ται.
1096 923 1131 950 ¹Η
1154 921 1182 949 δὲ
1207 922 1334 959 μεσότης,
1348 923 1424 959 ψυχὴ
1449 923 1563 961 ἀρχική.
1579 923 1611 951 Ἦ
1641 921 1670 950 δὶ
1688 922 1858 959 περάτωσις,

1029 966 1111 1003 ἀρετὴ
1136 966 1250 1005 ἀρχική.
1271 966 1332 995 Εἰσὶ
1359 966 1387 994 δὲ
1416 967 1479 1004 παρ’
1493 967 1586 998 αὐτοῖς
1611 967 1654 994 καὶ
1679 966 1782 1001 ἄζωνοι

1029 1011 1150 1044 Ἑκάται,
1166 1011 1203 1041 ὡς
1230 1012 1247 1046 ἡ
1267 1010 1416 1048 τριεκδότις
1441 1012 1459 1046 ἡ
1480 1010 1635 1046 Χαλδαϊκὴ,
1650 1011 1694 1039 καὶ
1710 1013 1728 1045 ἡ
1745 1011 1858 1047 κωμὰς,

1030 1056 1075 1083 καὶ
1104 1057 1121 1090 ἡ
1148 1055 1322 1090 ἐκκλυστική.
1349 1056 1492 1090 ’Δζωνικοὶ
1522 1054 1551 1083 δὲ
1573 1056 1637 1093 παρ’
1665 1055 1760 1086 αὐτοῖς
1791 1055 1860 1087 θεοὶ,

1032 1099 1045 1126 ὁ
1075 1099 1205 1136 Σάραπις,
1234 1100 1278 1127 καὶ
1315 1100 1328 1127 ὁ
1350 1100 1477 1130 Διόνυσος
1521 1099 1566 1127 καὶ
1595 1101 1612 1134 ἡ
1638 1102 1687 1127 τοῦ
1717 1097 1861 1135 Ὀσίριδος

1032 1144 1108 1181 σιιρὰ
1131 1145 1198 1180 (23),
1213 1146 1258 1171 καὶ
1287 1145 1304 1178 ἡ
1324 1146 1372 1171 τοῦ
1400 1142 1590 1175 Ἅπόλλωνος.
1607 1145 1726 1179 Ἀζωνοι
1753 1142 1785 1171 δὲ
1814 1154 1863 1171 κα·

1032 1187 1143 1216 λοῦνται
1159 1189 1185 1215 οἳ
1212 1187 1330 1219 εὐλύτως
1351 1188 1579 1224 ἐνεξουσιάζοντες
1603 1191 1662 1220 ταῖς
1688 1189 1791 1223 ζώναις
1819 1189 1863 1215 καὶ

1035 1231 1241 1270 ὑπεριδρυμένοι
1271 1235 1324 1260 τῶν
1353 1233 1479 1272 ἐμφανῶν
1512 1235 1589 1265 θεῶν.
1615 1235 1731 1260 Ζωναῖοι
1764 1231 1808 1266 δὲ,
1837 1233 1862 1260 ei

1031 1278 1078 1308 τὰς
1103 1277 1128 1304 ἐν
1154 1277 1258 1315 οὐρανῷ
1284 1277 1368 1312 ζώνας
1389 1276 1534 1308 ἀπολύτως
1562 1277 1792 1315 περιελίττοντες,
1818 1277 1863 1304 καὶ

1031 1322 1066 1349 τὰ
1082 1320 1148 1358 τῇδε
1165 1320 1339 1352 διοικοῦντες.
1355 1324 1431 1349 Θιῖον
1461 1321 1511 1360 γὰρ
1538 1322 1615 1359 γένος
1643 1321 1699 1349 ἐστὶ
1731 1324 1798 1358 παρ’
1814 1321 1862 1348 αὖ·

1032 1369 1090 1397 τοῖς
1121 1369 1247 1400 ζωναῖον,
1271 1366 1302 1393 τὸ
1328 1366 1557 1402 κατανειμάμενον
1582 1366 1631 1397 τὰς
1657 1367 1706 1393 τοῦ
1727 1365 1863 1400 αἴσθητοῦ

1032 1411 1138 1447 κόσμου
1156 1409 1274 1448 μερίδας,
1292 1410 1336 1437 καὶ
1361 1410 1518 1447 ζωσάμινυν
1541 1410 1589 1442 τὰς
1614 1411 1676 1447 πιρῖ
1700 1410 1747 1438 τὸν
1763 1409 1861 1437 ὑλαῖον

1033 1456 1116 1483 τόπον
1142 1454 1351 1493 διακληρώσεις.
1382 1455 1458 1483 Μετὰ
1490 1454 1519 1482 δὲ
1547 1455 1595 1487 τὰς
1628 1454 1713 1490 ζώνας
1743 1454 1818 1482 ἐστὶν
1848 1455 1862 1481 ὁ

1035 1499 1159 1534 ἀπλανὴς
1190 1499 1301 1535 κύκλος,
1331 1500 1467 1537 περιέχων
1488 1499 1536 1530 τὰς
1572 1499 1639 1527 ἑπτὰ
1675 1498 1806 1538 σφαίρας,
1836 1498 1862 1526 ἂν

152 1545 274 1579 obeunt,
291 1527 401 1572 habent
424 1527 502 1572 enim
519 1527 645 1573 Chaldéi
660 1527 976 1581 υᾱέβὲιᾶὲιῖέξηιᾘζίᾇῖ

1073 1556 1075 1575 :
1096 1527 1249 1582 τὰμᾶστρα,
1266 1527 1318 1572 Ῑέαὶ
1344 1527 1429 1575 ἄλλός
1451 1544 1499 1580 μὲν
1520 1527 1584 1581 παρ’
1601 1527 1729 1575 αὖτοῖςιὸ
1743 1527 1865 1577 ἱῆλιακὸς

152 1597 259 1622 nasum,
272 1590 349 1625 quod
374 1589 522 1617 sensibilis
537 1590 640 1617 mundi
658 1591 755 1625 partes
776 1589 931 1625 inhabitat,
948 1592 977 1618 et

154 1633 288 1668 regiones
303 1634 380 1661 circa
395 1633 576 1661 materialem
599 1633 696 1661 locum
712 1636 790 1661 sorte
804 1634 978 1662 distributas

153 1677 254 1712 cingit.
268 1679 337 1705 Post
347 1686 435 1705 zonas
451 1680 496 1705 est
512 1677 639 1705 circulus
653 1687 708 1706 non
724 1686 825 1706 errans
836 1687 885 1706 seu
903 1679 977 1706 ﬁxus

152 1723 264 1757 septem
288 1722 374 1749 orbes
388 1721 597 1758 complectens,
613 1722 643 1749 in
660 1722 769 1758 quibus
786 1722 874 1750 stellas
896 1725 976 1751 sunt.

153 1766 240 1794 Porro
257 1766 333 1794 alius
348 1766 408 1794 illis
424 1769 468 1794 est
483 1767 614 1794 mundus
629 1767 745 1799 solaris,
757 1767 875 1795 aetherio
888 1767 978 1795 fundo

152 1811 355 1844 subserviens;
387 1810 463 1838 alius
487 1811 618 1842 Zonaaus.
643 1819 722 1839 unus
737 1819 752 1839 e
767 1814 889 1847 septem.
909 1812 978 1840 Ani-

152 1863 268 1882 marum
295 1855 493 1883 humanarum
519 1855 666 1891 duplicem
693 1858 806 1891 ponunt
830 1865 947 1884 causam
964 1865 979 1884 e

151 1900 232 1927 fonte
261 1900 381 1935 perenni
416 1902 663 1935 promanantem,
693 1902 845 1936 paternam
876 1909 979 1936 nempe

152 1946 292 1976 mentem,
309 1946 337 1970 et
361 1943 493 1971 animam
519 1944 681 1972 fontanam.
698 1944 798 1972 Prodit
821 1947 929 1980 autem,
947 1947 979 1972 ut

153 1988 196 2015 illi
223 1988 340 2020 volunt,
366 1987 553 2023 particularis
581 1989 681 2016 anima
704 1997 721 2016 a
744 1989 874 2021 fontana,
894 1990 979 2024 juxta

155 2033 251 2059 Patris
261 2032 442 2060 voluntatem
456 2040 461 2060 :
475 2035 504 2060 et
514 2032 602 2060 habet
617 2033 775 2061 essentiam
786 2041 837 2068 per
846 2041 877 2061 se
892 2042 979 2070 gene-

154 2078 248 2103 ratam
274 2078 301 2104 et
318 2076 489 2104 animatam.
505 2076 630 2104 Aliunde
650 2077 728 2104 enim
753 2085 811 2104 non
836 2080 978 2106 movetur.

153 2121 226 2148 Nam
251 2121 287 2155 si,
304 2123 336 2147 ut
351 2121 379 2147 in
397 2121 514 2148 oraculo
531 2121 634 2154 fertur,
650 2120 725 2155 ignis
739 2121 828 2148 divini
853 2130 921 2157 pars
935 2125 981 2150 est

154 2167 183 2192 et
197 2165 275 2200 ignis
291 2165 418 2199 lucidus,
435 2167 522 2201 atque
539 2167 666 2200 paternae
686 2166 794 2193 mentis
808 2169 977 2203 conceptus,

1029 1589 1133 1626 κόσμος
1158 1591 1198 1625 τῷ
1219 1589 1332 1627 αἶ’θερίῳ
1358 1588 1432 1626 βάθει
1448 1587 1596 1616 δουλιύων·
1621 1587 1708 1618 ἄλλος
1730 1586 1761 1615 δὶ
1776 1589 1791 1615 ὁ
1810 1590 1863 1622 ζω-

1031 1635 1168 1668 ναῖος,εἷς
1193 1633 1229 1660 ὣν
1249 1635 1303 1660 τῶν
1319 1633 1396 1660 ἑπτά.
1417 1634 1477 1660 ’τῶν
1502 1631 1531 1660 δὶ
1556 1632 1732 1670 ἂνθρωπίνων
1759 1633 1863 1668 ψυχῶν

1032 1678 1104 1706 αἶίτια
1129 1677 1206 1705 διττὰ
1228 1679 1335 1715 πηγαῖα
1357 1676 1489 1708 τίθενται·
1506 1676 1553 1704 τόν
1577 1687 1606 1704 τε
1629 1677 1760 1713 πατρικὸν
1784 1678 1862 1708 νοῦν,

1031 1723 1077 1750 καὶ
1098 1723 1147 1757 τὴν
1175 1721 1292 1759 πηγαίαν
1308 1722 1411 1758 ψυχήν.
1429 1721 1478 1749 Καὶ
1499 1721 1665 1759 προέρχεται
1692 1721 1739 1757 μὶν
1767 1719 1864 1750 αὐτοῖς

1032 1769 1049 1802 ἡ
1068 1767 1165 1805 μερικὴ
1200 1766 1253 1793 ἀπὸ
1275 1769 1324 1800 τῆς
1351 1765 1471 1803 πηγαίας
1495 1765 1564 1792 κατὰ
1585 1764 1716 1803 βούλησιν
1732 1767 1782 1793 τοῦ
1811 1775 1863 1792 πα-

1031 1812 1095 1848 τρός
1111 1821 1119 1828 “
1136 1809 1194 1849 ἔχει
1220 1810 1248 1838 δὶ
1275 1811 1319 1838 καὶ
1342 1810 1485 1848 αὐτόγονον
1516 1810 1609 1838 οὐσίαν
1633 1810 1678 1837 καὶ
1706 1809 1861 1844 αὐτόζωον.

1033 1856 1072 1885 Οὐ
1087 1856 1137 1894 γάρ
1164 1856 1234 1883 ἐστιν
1250 1855 1288 1886 ὡς
1310 1854 1508 1893 ὲτεροκίνητος.
1533 1854 1565 1882 El
1585 1855 1637 1893 γὰρ
1663 1855 1730 1882 κατὰ
1754 1855 1786 1882 τὸ
1816 1854 1862 1881 λό-

1033 1911 1092 1939 γιον
1109 1903 1192 1938 μοῖρα
1205 1902 1253 1927 τοῦ
1268 1899 1352 1937 πυρός
1367 1899 1422 1927 ἐστι
1437 1902 1486 1927 τοῦ
1501 1899 1573 1931 θείου
1601 1900 1646 1927 καὶ
1671 1901 1723 1936 πῦρ
1753 1899 1862 1938 φαεινὸν

1033 1945 1078 1973 καὶ
1103 1944 1191 1980 νόημα
1209 1943 1349 1981 πατρικὸν,
1371 1942 1441 1974 εἶδός
1467 1943 1538 1971 ἐστιν
1559 1942 1641 1971 ἇϋλον
1664 1944 1709 1971 καὶ
1738 1942 1861 1974 αὗθυπό-

1034 1999 1140 2017 στατον.
1160 1990 1290 2016 Τοιοῦτον
1305 1987 1354 2026 γὰρ
1370 1990 1421 2014 πᾶν
1441 1987 1472 2015 τὸ
1488 1989 1571 2021 θεῖον,
1584 1987 1615 2014 οὗ
1633 1987 1714 2024 μέρος
1727 1988 1745 2021 ἡ
1762 1988 1842 2024 ψυχή
1854 1996 1862 2003 ·

1033 2034 1078 2061 καὶ
1104 2033 1193 2060 πάντα
1217 2032 1295 2071 φασὶν
1326 2032 1392 2059 εἶναι
1417 2031 1443 2059 ἐν
1472 2032 1569 2068 ἑκάστῃ
1597 2031 1684 2069 ψυχῇ.
1710 2032 1772 2058 Καθ’
1802 2031 1863 2058 ἑκά-

1034 2088 1100 2112 στην
1131 2076 1159 2104 δὲ
1189 2075 1314 2111 ἰδιότητα
1342 2075 1478 2114 ἄγνωστον
1514 2075 1598 2113 ῥητοῦ
1625 2075 1670 2103 καὶ
1700 2074 1862 2112 ἀπορρήτου

1034 2123 1216 2158 συνθήματος
1233 2121 1278 2148 καὶ
1303 2117 1514 2148 καταϐιϐάσουσι
1543 2119 1572 2147 δὲ
1594 2120 1645 2155 τὴν
1672 2119 1766 2157 ψυχὴν
1791 2118 1862 2146 πολ-

1034 2166 1111 2198 λάκις
1129 2166 1155 2194 ἐν
1170 2166 1210 2202 τῷ
1223 2166 1320 2201 κόσμῳ
1336 2163 1371 2192 δι’
1392 2164 1478 2196 αἰτίας
1505 2164 1626 2192 πολλάς’
1642 2163 1660 2199 ἢ
1688 2163 1732 2191 διὰ.
1760 2173 1862 2200 πτερο-

153 2210 282 2246 profecto
298 2209 391 2237 forma
407 2212 451 2237 est
467 2209 597 2237 materies
610 2217 713 2246 expers
728 2212 756 2237 et
771 2218 822 2246 per
836 2219 867 2239 se
882 2212 980 2239 subsi-

1073 2221 1132 2246 ησιν
1149 2211 1216 2247 (24),
1232 2209 1249 2244 ἢ
1266 2209 1310 2237 διὰ
1333 2208 1465 2247 βούλησιν
1492 2210 1638 2246 πατρικήν.
1655 2209 1801 2244 Δοξάζουσι
1833 2207 1862 2235 δὶ

153 2257 245 2283 stens.
259 2254 313 2282 Illa
328 2254 405 2281 enim
423 2254 521 2281 omnia
538 2263 604 2282 cum
619 2253 716 2282 divina
733 2257 839 2282 natura
854 2263 983 2284 commu-

153 2299 264 2333 nicant,
281 2298 366 2334 cujus
383 2299 529 2334 particula
544 2301 590 2325 est
607 2295 717 2325 anima.
736 2299 823 2326 Aiunt
837 2300 937 2328 omnia
952 2301 981 2328 in

153 2343 284 2379 qualibet
299 2343 399 2370 anima
414 2351 489 2375 esse,
503 2343 552 2370 sed
568 2345 597 2370 et
611 2342 732 2370 cuilibet
746 2343 982 2379 inexplicabilem

153 2391 182 2415 et
197 2387 379 2423 incognitam
405 2387 560 2414 fundorum
578 2390 606 2414 et
621 2387 808 2415 infandorum
830 2388 982 2424 signorum

1035 2256 1081 2283 τὸν
1111 2256 1215 2291 κόσμον
1245 2253 1331 2282 ἀίδιον
1361 2254 1405 2281 καὶ
1434 2255 1480 2285 τὰς
1502 2256 1556 2281 τῶν
1580 2253 1685 2290 ἄστρων
1701 2251 1860 2291 περιόδους·

1035 2300 1081 2328 τὸν
1098 2298 1126 2327 δὲ
1150 2297 1216 2334 ἅδην
1246 2297 1400 2335 πολλαχῶς
1425 2298 1644 2335 καταμερίζουσι.
1661 2297 1710 2325 Καὶ
1733 2300 1781 2325 νῦν
1811 2298 1860 2333 μὶν

1036 2344 1115 2371 αὐτὸν
1144 2343 1202 2375 θεὸν
1228 2342 1406 2379 ὀνομάζουσιν
1425 2342 1548 2380 ἀρχηγὸν
1573 2345 1623 2376 τῆς
1643 2341 1784 2379 περιγείου
1810 2341 1863 2376 λή-

1037 2389 1112 2424 ξεως·
1129 2390 1172 2415 νῦν
1203 2386 1232 2415 δὲ
1254 2387 1298 2414 τὸν
1324 2387 1375 2415 ὑπὸ
1398 2386 1515 2422 σελήνην
1539 2385 1623 2414 τόπον
1649 2386 1732 2425 φασί·
1753 2388 1802 2413 νῦν
1834 2384 1862 2413 δὶ

772 2460 924 2489 JOANNIS
943 2461 1101 2491 OPSOPIEI
1121 2461 1236 2490 NOTIE.

189 2513 246 2547 (22)
260 2512 387 2546 Ἀζωνοι.
401 2513 516 2541 Servius
532 2513 561 2540 in
579 2513 652 2540 illud
675 2513 787 2540 Eneid.
805 2522 857 2542 xu.
877 2517 903 2542 et
926 2515 981 2542 diis

152 2549 342 2575 communibus
350 2557 428 2575 aras:
438 2560 451 2573 ‹‹
461 2548 496 2576 Ut
507 2551 605 2577 autem
619 2549 731 2576 altioris
743 2549 872 2577 scientiae
888 2550 981 2578 homi-

152 2584 240 2611 nibus
253 2583 361 2620 placet,
372 2585 411 2611 dii
427 2592 600 2612 communes
616 2587 686 2612 sunt
701 2585 751 2620 qui
766 2585 866 2618 ἅζωνοι
882 2587 981 2614 dicun-

152 2621 210 2657 tur,
233 2619 261 2646 id
292 2620 406 2657 est__qui
426 2621 496 2648 certi
525 2619 841 2657 certasrnon’habent
871 2626 980 2657 partes,

153 2655 203 2682 sed
229 2654 435 2692 generaliterra
456 2656 572 2684 cunctis
597 2656 745 2683 coluntur.
763 2654 879 2692 Ubique
900 2654 978 2685 enini

154 2698 203 2730 eos
226 2691 506 2730 esse_1nanifestum
533 2695 586 2730 est,
604 2695 635 2719 ut
660 2695 753 2719 mater
773 2691 876 2726 Deum,
894 2695 979 2729 cujus

155 2728 285 2762 potestas
300 2726 329 2752 in
343 2726 482 2762 omnibus
498 2728 578 2755 zonis
594 2731 647 2754 est.
665 2738 677 2752 ››

191 2762 247 2798 (23)
269 2760 360 2798 Σιιρά.
388 2760 469 2798 Σειρά
490 2762 567 2790 idem
593 2763 708 2791 videtur
733 2763 872 2792 denotare
901 2765 979 2801 quod

1036 2515 1147 2552 Synesii
1163 2513 1293 2552 σίρῥαιον,
1314 2514 1399 2552 cujus
1419 2513 1664 2550 significationem
1692 2513 1760 2541 vide
1783 2515 1862 2550 apud

1036 2550 1231 2586 Nicephorum
1248 2558 1313 2586 pag.
1328 2550 1390 2577 114.

1073 2583 1130 2621 (2ἇ)
1146 2583 1339 2622 Πτερορῖἰιηῖτιν.
1363 2585 1624 2622 εστίγδοιιᾱυιξιλοεῇ
1647 2583 1862 2622 ¹τετορορῥύησιν,

1035 2623 1132 2650 ethoc
1161 2624 1205 2650 est
1220 2620 1238 2649 θ’
1249 2621 1378 2649 Platonis
1403 2620 1589 2656 philosophia
1613 2620 1643 2647 in
1659 2620 1794 2653 Phedm,
1814 2622 1864 2648 ubi

1035 2629 1064 2650 et
1079 2629 1132 2650 noc
1161 2629 1234 2650 este
1249 2629 1378 2649 Platonis
1403 2629 1517 2656 pnuoso
1541 2629 1589 2648 nia
1613 2629 1643 2647 In
1659 2629 1794 2653 rneuro,
1814 2629 1862 2648 uni

1035 2658 1175 2685 Adrastia
1191 2657 1283 2693 legem
1299 2656 1426 2693 exponit.
1442 2656 1492 2693 Ἢν
1509 2629 1679 2693 §§_(inquit)
1696 2656 1862 2693 βαρυνθεῖσα

1034 2694 1051 2727 ἦ
1068 2693 1144 2730 ψυχή
1169 2690 1356 2730 πτερορῥυήσῖῃ
1382 2702 1411 2719 τε
1438 2692 1483 2719 καὶ
1512 2690 1628 2725 sane;
1652 2690 1703 2729 γῆν
1729 2690 1810 2729 πέσῃ,
1836 2697 1864 2721 et

1034 2737 1100 2765 quae
1113 2731 1288 2765 sequuntur.
