1953 3047
75 125 156 156 “53

525 125 565 154 ΙΝ
587 124 778 156 MERCURII
801 125 1052 156 TRlSMEGlSTl
1078 126 1326 158 PlMANDRUM.

1702 126 1782 156 1154

71 191 122 224 τήν
150 188 313 226 μισαιτάτην
327 191 375 217 τοῦ
388 189 507 228 alo-pio»
531 189 636 226 κόσμου
651 190 696 217 καὶ
717 193 765 217 τοῦ
791 189 896 218 ὑλαίου*
914 194 940 227 Α
956 193 1192 228 symbolorumve
1216 192 1326 228 proprie

994 193 1192 220 mbolorumve
1216 192 1433 228 proprietatem.
1460 190 1570 218 Volunt
1596 191 1725 219 animam
1751 192 1782 219 in

70 235 117 262 νῦν
135 233 163 261 ὃὶ
177 235 226 268 τὴν
253 233 352 271 ἄλογον
375 235 480 271 ψυχήν,
504 234 549 261 καὶ
574 234 692 261 τιθέασιν
711 234 737 261 ἐν
753 234 820 272 αὐτῇ
849 238 897 270 τήν

72 277 203 315 λογικὴν,
222 277 270 317 οὐκ
285 277 436 311 οὐσιωδῶς,
453 276 527 305 ἀλλὰ
551 281 693 315 σχετικῶς,
711 278 773 306 ὅταν
791 289 901 315 συμπα-

70 325 126 354 θῶς
149 321 201 359 ἔχῃ
217 322 285 360 πρὸς
301 322 384 357 αὐτὴν
398 322 442 350 καὶ
468 320 595 359 προϐάλῃ
616 323 662 350 τὸν
678 323 788 361 μερικὸν
806 322 897 361 λόγον.

70 365 155 398 Ἰδὲας
172 366 201 394 δὲ
216 367 369 404 νομίζουσι,
381 369 425 393 νῦν
442 367 489 403 μὲν
510 367 557 398 τὰς
580 369 628 394 τοῦ
656 368 760 405 [ἰατρὸς
787 367 899 403 ἑννοίάς,

69 412 116 438 νῦν
148 409 176 438 δὲ
201 410 266 441 τοὺς
290 409 410 438 καθόλου
435 410 547 448 λόγους,
572 411 616 438 καὶ
644 413 772 450 φυσικοὺς
787 413 831 440 καὶ
849 414 900 449 ψυ-

71 454 170 492 χικοὺς
184 455 229 482 καὶ
245 455 369 490 νοητούς·
392 457 437 482 νῦν
464 454 492 482 δὶ
512 455 560 487 τὰς
585 455 750 494 ἐξῃρημένας
773 459 828 484 τῶν
855 454 900 483 ὅν-

69 501 126 526 τῶν
152 499 288 537 ὑπάρξεις,
314 499 386 530 Τοὺς
414 498 443 527 δὲ
470 500 533 538 περὶ
565 503 682 538 μαγειῶν
710 499 811 538 λόγους
837 512 899 528 συν-

71 546 180 571 ιστῶσιν
211 543 264 571 ἀπό
293 554 322 571 τε
350 546 404 571 τῶν
432 544 587 581 ἀκροτάτων
618 543 770 582 δυνάμεων,
792 545 844 573 ἀπό
871 557 900 573 τε

68 591 124 616 τῶν
149 589 296 626 περιγιίων
321 587 406 617 ὑλῶν.
431 592 566 626 Συμπαθῆ
584 587 612 616 δὲ
634 589 668 617 τὰ
682 588 737 617 ἅνω
751 592 810 620 τοῖς
825 591 899 618 κάτω

69 632 135 671 φασὶ
159 633 204 661 καὶ
234 632 352 670 μάλιστα
374 633 409 661 τὰ
442 633 492 661 ὑπὸ
516 633 653 669 σελήνην.
682 635 899 663 Ἀποκαθιστῶσι

70 676 101 705 δὲ
129 677 177 709 τὰς
204 678 295 715 ψυχὰς
325 678 393 714 μετὰ
429 678 474 705 τὸν
512 678 660 716 λεγόμενον
692 679 803 706 θάνατον
833 680 901 707 κατὰ

68 723 105 750 τὰ
135 722 219 760 μέτρα.
244 724 299 750 τῶν
330 722 437 750 οἰκείων
467 723 643 760 καθάρσεων,
681 722 708 751 ἐν
737 722 814 755 ὅλοις
840 727 899 756 τοῖς

68 768 120 794 τοῦ
143 766 249 803 κόσμου
275 766 378 804 μέρεσι.
400 767 479 798 Τινάς
513 765 542 794 δὲ
564 767 609 794 καὶ
629 768 695 805 ὑπὲρ
723 769 768 796 τὸν
795 768 898 804 κόσμον

69 809 285 847 ἀναϐιϐάζουσι,
305 812 351 839 καὶ
388 812 468 848 μὲσας
494 811 575 843 αὐτὰς
602 811 766 850 διορίζονται
791 816 845 841 τῶν
870 824 900 841 τι

70 855 226 892 ἀμιρίστων
255 856 300 883 καί
332 857 465 893 μεριστῶν
494 855 617 894 φύσεων.
653 857 760 884 Τούτων
790 856 819 885 δὶ
843 861 897 885 τῶν
917 878 939 909 Β

75 899 87 909 ἢ
154 899 159 909 ν
268 900 275 909 ἱ
329 900 339 909 Ἷ
366 900 372 909 1
463 900 469 908 1
499 901 520 909 In
629 900 649 909 I‘
749 902 755 909 ι
785 901 819 909 -.Χ
837 903 841 909 1

73 899 217 937 δογμάτων
246 900 280 927 τὰ
306 900 396 928 πλείω
425 900 471 928 καὶ
499 900 691 936 Ἀριστοτέλης
712 902 756 929 καὶ
784 901 899 929 Πλάτων

73 942 208 979 ἐδέξαντο⁶
225 944 251 970 οἱ
268 942 296 971 δὶ
311 944 372 983 περι
390 943 529 972 Πλωτίνον
547 945 590 971 καὶ
608 942 784 983 Ἰάμϐλιχον,
797 946 901 985 Πορφύ-

73 988 132 1026 ριόν
152 999 182 1016 τε
206 988 250 1016 καὶ
280 987 404 1026 Πρόκλον
426 990 489 1016 πᾶτι
514 989 768 1025 κατηκολούθησαν,
793 990 837 1017 καὶ
862 991 901 1022 ὡς

72 1032 145 1064 θείας
159 1034 248 1071 φωνὰς
265 1032 471 1070 ἀσυλλογίστως
485 1035 569 1060 ταῦτα
585 1032 719 1068 ἐδέξαντο.

955 237 1101 264 mundum
1125 236 1239 265 demitti
1264 237 1300 264 ob
1325 235 1433 262 multas
1456 243 1571 270 causas,
1589 238 1640 262 aut
1663 239 1783 271 propter

955 289 1117 316 pennarum
1132 281 1302 314 deﬂuvium,
1315 283 1365 308 aut
1381 282 1498 315 propter
1515 283 1666 316 paternam
1679 280 1782 307 volun-

955 328 1055 353 tatem.
1069 325 1258 353 Arbitrantur
1279 325 1423 352 mundum
1450 327 1591 351 aeternum
1615 332 1690 359 esse,
1709 328 1741 352 ut
1756 326 1785 352 et

955 370 1107 397 stellarum
1132 370 1349 398 conversiones.
1369 369 1523 396 Plutonem
1550 369 1611 396 sive
1634 369 1782 397 infernum

955 413 984 441 in
1010 414 1103 442 varias
1135 417 1234 450 partes
1262 414 1407 447 dividunt,
1424 420 1551 448 eumque
1581 414 1666 440 modo
1694 414 1782 441 deum

955 458 1114 494 appellant,
1131 458 1244 486 ordinis
1269 458 1348 485 illius
1365 457 1415 493 qui
1438 457 1516 485 circa
1539 460 1646 485 terram
1672 460 1782 485 sortem

954 511 1039 530 suam
1062 503 1200 538 obtinuit,
1217 503 1337 535 ducem;
1364 503 1451 530 modo
1476 502 1624 537 regionem
1641 502 1783 530 subluna-

955 555 1016 574 rem
1033 556 1040 574 :
1057 548 1144 575 modo
1165 547 1278 575 medias
1297 547 1374 574 inter
1393 546 1542 574 aetheriam
1558 549 1587 573 et
1601 546 1783 574 materialem

955 592 1100 619 mundum
1116 595 1213 628 partes
1227 591 1400 624 obeuntem;
1416 592 1502 618 modo
1514 591 1643 618 animam
1660 590 1783 618 rationis

953 638 1119 671 expertem:
1133 637 1162 663 in
1179 644 1213 663 ea
1236 635 1410 663 rationalem
1436 635 1566 663 animam
1583 635 1781 669 constituunt,

954 688 1012 708 non
1029 680 1235 714 essentialiter,
1248 680 1298 708 sed
1316 679 1504 715 proportione
1515 679 1653 714 quadam,
1665 680 1783 716 quando

954 725 1162 753 convenienter
1176 725 1212 753 ad
1236 724 1316 752 illam
1342 724 1445 752 ail'ecta
1470 726 1524 759 est,
1541 724 1713 760 particulari
1737 732 1783 751 ra-

955 769 1034 797 tione
1051 770 1189 806 projecta.
1207 770 1290 797 ldeas
1315 769 1461 796 deﬁniunt
1483 768 1570 796 modo
1596 777 1661 797 esse
1686 769 1784 797 Patris

956 814 1185 850 intelligentiae:
1203 814 1289 841 modo
1310 812 1490 841 universales
1505 813 1643 847 rationes,
1661 815 1784 842 natura-

956 857 1007 893 les,
1024 857 1168 886 animales
1188 860 1217 886 et
1237 857 1424 886 intellectiles
1441 865 1448 884 :
1467 857 1552 885 modo
1567 857 1750 887 substantias
1766 866 1783 886 a

956 903 1044 930 rebus
1061 902 1134 938 ipsis
1161 903 1335 930 abstractas.
1352 903 1498 930 Astruunt
1520 910 1638 930 omnem
1662 903 1784 938 magicas

956 947 1085 975 scientia:
1112 947 1254 975 rationem
1278 946 1378 983 perﬁci
1403 955 1419 973 a
1445 946 1571 974 summis
1598 947 1736 982 potentiis
1757 951 1785 975 et

957 992 1080 1019 terrenis
1092 991 1235 1026 materiis,
1245 990 1471 1018 familiaritatem
1484 991 1553 1018 item
1567 993 1596 1018 et
1611 991 1784 1019 convenien-

955 1036 1027 1064 tiam
1039 1036 1192 1071 superiora
1203 1044 1271 1064 cum
1282 1035 1471 1063 inferioribus
1487 1035 1605 1068 habere,
1621 1035 1784 1071 praesertim

73 1087 138 1114 quas
155 1079 209 1106 sub
224 1078 295 1106 luna
310 1081 390 1106 sunt.
407 1077 557 1106 Cullocant
572 1079 687 1107 animas
713 1082 778 1115 post
794 1083 929 1114 mortem,
943 1081 1029 1116 juxta
1053 1080 1205 1108 modulum
1222 1082 1250 1108 et
1267 1088 1435 1108 mensuram
1452 1079 1662 1107 lustrationum
1681 1080 1784 1115 singu-

72 1123 110 1150 lis
127 1122 305 1150 familiarum
322 1124 351 1150 et
366 1123 614 1158 convenientium,
631 1124 660 1150 in
677 1124 816 1152 omnibus
832 1126 933 1152 mundi
950 1125 1084 1161 partibus
1097 1133 1103 1152 :
1116 1125 1261 1160 quasdam
1278 1124 1365 1152 etiam
1384 1123 1461 1151 ultra
1476 1124 1621 1151 mundum
1638 1125 1784 1152 evehunt:

72 1175 183 1202 easque
197 1167 368 1195 discrimine
390 1167 465 1195 facto
481 1167 510 1194 in
526 1170 646 1196 naturas
662 1168 796 1197 dividuas
821 1172 850 1197 et
873 1170 1040 1197 individnas
1065 1171 1212 1205 separant.
1229 1170 1321 1205 Atque
1337 1169 1417 1196 Plato
1434 1169 1553 1204 quidem
1569 1171 1597 1196 et
1612 1169 1786 1197 Aristoteles

73 1212 173 1248 plures
189 1220 223 1239 ex
239 1211 420 1240 enumeratis
436 1212 589 1248 opiniones
605 1217 778 1249 receperunt
794 1223 800 1241 :
820 1213 950 1242 Plotinus
966 1223 1042 1247 vero,
1057 1214 1253 1249 Jamblichus,
1269 1214 1460 1249 Porphyrius,
1477 1213 1607 1247 Proclus,
1624 1221 1784 1250 eorumque

72 1255 212 1292 discipuli
231 1264 334 1284 omnes
359 1257 390 1284 in
417 1256 586 1285 universum
612 1258 824 1293 approbarunt,
842 1262 869 1286 et
884 1267 942 1287 non
968 1267 1053 1287 secus
1069 1267 1101 1287 ac
1117 1259 1231 1286 divinas
1245 1266 1329 1286 voces
1353 1259 1465 1294 absque
1488 1257 1549 1286 ullo
1573 1258 1741 1287 discrimine
1756 1260 1785 1287 et

74 1301 208 1329 examine
223 1301 418 1329 admiserunt.

721 1484 845 1532 ΤΟΥ
884 1484 1139 1532 ΨΕΛΛΟΥ

481 1593 540 1620 ΕΙΣ
561 1593 627 1621 TON
649 1593 766 1621 EPMOI‘
785 1592 853 1620 ΤΟΥ
871 1591 1126 1620 ΤΡΙΣΜΕΓΙΣΤΟΥ
1148 1593 1326 1620 ΠΟΙΜΑΝΔΡ]

994 1591 1126 1620 ἰΙῚΣΤΟΥ
1148 1593 1382 1620 ΠΟΙΜΑΝΔΡΗΝ.

814 1736 1032 1784 PSELLI

527 1841 567 1871 IN
591 1840 781 1873 MERCURII
804 1839 1053 1871 TRISMEGISTI
1077 1839 1327 1870 PIMANDRUM.

914 1934 950 1942 ..-

113 2025 219 2053 Ἐοίκιν
246 2024 260 2051 ὀ
283 2024 351 2061 γόης
372 2022 451 2053 οὗτος
478 2024 513 2060 τῇ
536 2021 592 2058 σείᾳ
623 2021 715 2060 Γρᾶφῇ
740 2021 771 2048 οὗ
799 2020 899 2059 παρὲρ-
916 2027 937 2061 α

76 2079 133 2106 γως
159 2067 341 2105 ὡμιληκέναι·
367 2065 426 2100 ὅθεν
441 2067 470 2094 ἐκ
488 2066 588 2102 ταύτης
604 2066 766 2104 ὁρμώμενος
788 2068 823 2103 τῇ
839 2075 902 2093 κοσ-

79 2112 195 2148 μοποιίᾳ
218 2112 374 2150 ἐπιχειρεῖ,
404 2110 474 2148 μηδὲ
496 2110 578 2141 αὐτὰς
602 2110 689 2138 ὀκνῶν
713 2110 760 2141 τὰς
788 2110 902 2138 Minui."-

76 2157 125 2189 κάς
147 2157 232 2193 λᾶξεις
246 2156 330 2194 ψιλὰς
356 2155 441 2184 ἐνίοτε
462 2155 631 2193 ἀναγράφειν
654 2154 691 2186 ὡς
718 2154 763 2182 καὶ
790 2155 822 2182 τὸ
837 2163 902 2192 προ-

247 2201 261 2206 ·-
318 2201 324 2211 Q
367 2201 374 2210 ς
422 2198 435 2210 Ἰ
605 2200 612 2208 κ
864 2199 871 2207 \

76 2202 198 2239 κείμενον
213 2212 295 2230 τουτο
312 2212 393 2239 ρητον
421 2200 497 2228 ολιιν·
527 2200 557 2227 τὸ
581 2210 644 2236 γαρ,
676 2210 688 2224 α
704 2200 784 2227 Εἶπεν
801 2199 815 2226 ὁ
827 2202 901 2234 Θεος,

77 2246 217 2282 αὐξάνεσθε
231 2247 275 2274 καὶ
292 2245 473 2281 πληθύνεσθα,
490 2256 504 2270 υ
521 2246 611 2283 σαφῶς
625 2243 654 2271 ἐκ
678 2247 728 2278 τῆς
754 2246 902 2278 Μωσαϊκῆς

77 2291 259 2327 κοσμοποιίας
288 2290 376 2318 ἰστίν.
406 2289 442 2316 Οὐ
469 2289 524 2326 μὴν
551 2289 670 2325 ἐνέμεινε
697 2287 838 2319 παντελῶς
867 2289 901 2325 τῇ

77 2335 212 2371 ἁπλότητι
236 2335 282 2363 καὶ
309 2334 450 2373 σαφηνείᾳ,
474 2333 518 2361 καὶ
541 2335 581 2369 τῷ
600 2333 672 2365 εὐθεῖ
695 2333 739 2360 καὶ
761 2331 903 2370 εἰλικρινεῖ

77 2380 122 2408 καὶ
140 2378 213 2411 ὅλως
235 2378 349 2407 θεοειδεῖ
371 2381 421 2412 τῆς
448 2381 575 2417 Γραφῆς,
597 2376 662 2404 ἀλλ’
686 2377 723 2408 εἷς
751 2377 782 2404 τὸ
805 2376 901 2408 eteae;

79 2424 198 2463 ὑπερῥύη
225 2424 310 2456 πάθος
329 2426 388 2455 τοῖς
410 2425 464 2450 τῶν
492 2421 635 2457 Ἑλλήνων
660 2423 766 2460 σοφοῖς,
790 2420 829 2452 εἷς
852 2421 901 2449 ἀιλ⁴

79 2468 212 2507 ληγορίας
243 2468 289 2495 καὶ
314 2467 418 2498 πλάνας
449 2467 495 2494 καὶ
514 2465 653 2504 τερατείας
678 2465 708 2493 ἐκ
730 2469 780 2500 τῆς
802 2465 902 2497 εὐθείας

79 2512 143 2541 ὁδοῦ
166 2513 212 2541 καὶ
235 2512 374 2544 ἀπλανοῦς
398 2511 559 2550 ἱκτραπεὶς,
585 2511 603 2546 ἢ
631 2511 682 2538 ὑπὸ
708 2512 755 2538 τοῦ
784 2511 904 2547 Ποιμάν-

79 2556 144 2596 δρου
166 2556 346 2588 συνελασθείς.
376 2556 432 2585 Οὐκ
456 2554 560 2591 ἄδηλον
590 2554 619 2582 δὲ
646 2552 719 2586 ὅστις
742 2555 775 2589 ἦν
805 2556 818 2582 ὁ
847 2557 901 2583 τῶν

78 2601 218 2638 Ἑλλήνων
248 2600 436 2639 Ηοιμάνδρης,
462 2601 476 2628 ὁ
503 2600 548 2628 καὶ
574 2600 638 2636 παρ’
662 2601 729 2636 ἡμῖν
746 2600 904 2637 κοσμοκράο

78 2657 133 2684 τωρ
159 2647 361 2684 ὀνομαζόμενος
382 2645 400 2680 ἢ
423 2647 478 2673 τῶν
503 2644 606 2672 ἐκείνου
626 2654 676 2675 τις.
693 2643 821 2679 Κλὲπτης
840 2644 903 2682 γὰρ,

79 2691 171 2731 φησὶν,
188 2692 203 2719 ὸ
218 2689 350 2722 διάϐολος
372 2689 418 2717 καὶ
439 2689 617 2729 ἰκφερομυθεῖ
638 2688 674 2731 τά
695 2687 826 2726 ἡμέτερα,
849 2688 904 2726 οὐχ

77 2736 122 2764 ’ίνα
146 2736 171 2763 οἱ
196 2735 299 2763 ἰκείνου
322 2734 513 2771 μεταμάθωσιν
537 2734 587 2768 τὴν
611 2730 745 2767 ἀσέϐειαν,
773 2731 835 2760 ἀλλ’
859 2731 902 2760 ’ίνα

79 2783 136 2813 τοῖς
156 2784 207 2817 τῆς
230 2779 358 2815 ἀληθείας
375 2779 477 2817 ῥήμασι
502 2778 547 2806 καὶ
568 2778 702 2815 νοήμασιν
728 2777 778 2812 τήν
804 2777 904 2806 ἑαυτῶν

994 2022 1114 2050 Videtur
1129 2023 1293 2050 incantator
1309 2021 1358 2050 ille
1374 2030 1431 2050 non
1443 2022 1537 2050 obiter
1549 2021 1578 2049 in
1589 2022 1688 2050 divina
1703 2021 1782 2050 Scri-

957 2068 1044 2103 ptura
1059 2069 1191 2095 versatus
1202 2075 1280 2101 esse;
1294 2067 1372 2094 unde
1383 2075 1417 2094 ex
1432 2066 1482 2094 illa
1492 2066 1640 2102 profectus
1651 2067 1686 2094 de
1697 2075 1782 2094 mun-

958 2111 986 2138 di
1002 2111 1149 2139 creatione
1173 2113 1290 2147 tractat,
1306 2119 1364 2139 non
1389 2111 1528 2139 dubitans
1548 2113 1651 2139 tenues
1675 2110 1783 2147 Moysis

957 2163 1042 2183 voces
1058 2164 1272 2192 nonnunquam
1288 2155 1498 2190 transcribere;
1515 2158 1548 2183 ut
1562 2157 1590 2183 et
1605 2155 1666 2183 haec
1682 2163 1785 2191 propo-

957 2200 1014 2228 sita
1038 2201 1134 2228 verba.
1152 2200 1226 2228 Illud
1250 2201 1328 2228 enim
1344 2208 1376 2227 :u
1396 2200 1471 2227 Dixit
1494 2202 1582 2234 Deus,
1602 2199 1729 2228 Crescite
1754 2200 1783 2226 et

958 2244 1226 2280 multiplicamini»
1246 2245 1394 2272 evidenter
1417 2253 1452 2272 ex
1476 2244 1604 2272 Mosaica
1627 2243 1783 2272 creationis

956 2289 1079 2317 historia
1095 2290 1199 2317 oritur.
1214 2289 1275 2317 Non
1288 2289 1406 2324 quidem
1424 2290 1520 2316 servat
1535 2288 1654 2316 omnino
1670 2286 1785 2323 simpli-

956 2334 1076 2361 citatem
1097 2336 1125 2361 et
1145 2333 1380 2368 perspicuitatem
1397 2334 1425 2360 et
1440 2332 1626 2367 rapiditatem
1642 2334 1671 2360 et
1686 2331 1782 2359 since-

958 2378 1073 2405 ritatem
1097 2380 1125 2405 et
1140 2378 1323 2405 divinitatem
1346 2377 1516 2413 Scriptura),
1533 2377 1584 2404 sed
1609 2377 1638 2404 in
1663 2375 1786 2404 solitum

957 2422 1124 2449 Graecorum
1141 2422 1308 2457 sapientum
1325 2429 1437 2449 morem
1454 2421 1525 2454 abit,
1543 2421 1573 2448 in
1588 2419 1742 2456 allegorias
1758 2421 1786 2447 et

957 2474 1070 2494 errores
1086 2469 1114 2493 et
1129 2468 1264 2502 portenta
1280 2474 1313 2493 ex
1329 2468 1408 2493 recta
1421 2468 1450 2493 et
1468 2473 1571 2493 secura
1584 2464 1631 2492 via
1645 2463 1784 2500 delapsus

957 2511 1001 2540 vel
1017 2519 1034 2538 a
1050 2510 1221 2539 Poimandre
1237 2513 1366 2538 coactus.
1383 2510 1446 2537 Non
1468 2510 1611 2537 incertum
1626 2511 1724 2536 autem
1740 2509 1786 2536 est

957 2555 1024 2591 quis
1050 2560 1127 2583 esset
1152 2555 1200 2582 ille
1225 2555 1393 2583 Graecorum
1421 2553 1615 2587 Pcemandres,
1630 2553 1708 2581 idem
1733 2552 1785 2588 qui

958 2601 1035 2636 apud
1056 2608 1108 2628 nos
1125 2599 1227 2627 mundi
1246 2599 1386 2627 Dominus
1406 2599 1576 2626 nominatur
1591 2600 1643 2626 aut
1658 2606 1735 2625 unus
1750 2605 1786 2625 ex

958 2645 1023 2680 ejus
1048 2644 1204 2672 ministris.
1220 2644 1278 2672 Fur
1303 2644 1395 2677 enim,
1412 2643 1518 2679 inquit,
1535 2645 1580 2671 est
1606 2642 1742 2670 diabolus
1757 2642 1786 2669 et

960 2691 1076 2716 nostros
1100 2696 1251 2716 sermones
1266 2687 1397 2723 divulgat
1423 2696 1480 2715 non
1503 2689 1535 2715 ut
1558 2687 1624 2722 ejus
1648 2684 1786 2721 discipuli

960 2732 1143 2768 impietatem
1161 2732 1325 2767 dediscant,
1343 2733 1392 2760 sed
1418 2734 1450 2759 ut
1472 2731 1603 2760 veritatis
1617 2731 1736 2759 vocibus
1758 2731 1788 2758 et

960 2777 1114 2806 sententiis
1127 2785 1211 2805 suam
1238 2777 1419 2814 impietatem
1436 2778 1585 2810 ornantes,
1604 2773 1785 2812 persuasibi-
