1953 3047
57 109 137 140 ΗΜ

569 110 620 141 DE
641 110 754 142 LOClS
777 111 828 141 ΕΤ
849 111 1067 143 NOMINIBUS
1090 112 1256 142 A'l‘TlClS.

1685 113 1762 144 “58

54 174 100 201 ’καὶ
128 176 169 210 τῷ
186 185 200 200 α
217 176 341 212 Σφηττοῖ
354 174 459 212 γέγονα,
474 174 518 201 καί
534 174 634 212 Θρίηζε
648 174 693 202 καὶ
709 174 848 213 Φαληροῖ,
865 187 878 201 η

979 176 1074 205 Thriaa
1103 178 1132 205 et
1147 176 1274 212 Phaleri,
1305 188 1319 202 «
1334 179 1363 205 et
1387 185 1505 206 rursum
1522 188 1533 204 ι
1565 178 1674 214 Spheto
1698 178 1762 206 abi-

54 218 102 246 καὶ
128 218 204 249 αὖθις
221 229 236 245 κ
253 218 408 257 Σφηττόθεν
433 218 532 255 ἀπῄειν
546 219 591 246 καί
614 219 786 255 Φαληρόθιν,
804 232 817 245 ›)
835 219 886 247 ὥσ-

55 273 107 300 περ
123 262 274 298 ὶνθουσιᾷς,
293 262 339 289 καὶ
355 261 416 290 λίαν
437 262 511 300 ἔχεις
529 263 666 301 ἐρωτικῶς
682 263 756 292 δυοῖν
772 264 884 302 θατίρου

54 310 163 345 τυχιῖν,
183 308 201 342 ἢ
219 309 342 346 Σφηττοῖ
363 307 484 344 γενέσθαι
507 307 552 335 καὶ
577 308 752 347 Κηφισιάσιν,
778 308 796 343 ἢ
822 308 884 346 περὶ

55 354 111 380 τῶν
126 351 238 389 χωρίων
253 351 442 390 ἐναργέστιρόν
457 362 483 380 τι
499 353 603 389 μαθεῖν.

91 405 141 432 Διὰ
154 405 238 432 ταῦτά
262 415 304 432 σοι
320 404 374 442 ἐγὼ
389 404 418 433 ἐκ
434 405 550 434 πολλῶν
568 403 683 444 βιϐλίων
700 406 884 444 συνηγηοχὼς

53 449 151 488 γράφω
162 448 250 478 ταυτί.

91 493 201 532 Ηλευρᾶ
227 504 268 525 τις
291 492 398 529 διῆκται
429 497 480 530 τῆς
509 495 638 530 Ἀττικῆς
668 495 713 523 σὺν
741 497 776 533 τῇ
793 495 884 532 Μεγά-

54 537 109 576 ρίδι
139 538 193 566 ἀπὸ
223 537 338 566 Σουνίου
369 538 467 577 μέχρις
496 540 626 576 Ἰσθμοῦ.
655 541 785 572 Ἐνταῦθα
816 540 884 567 κατὰ

56 583 142 620 μέσην
168 591 220 611 που
249 584 299 618 τὴν
314 583 443 618 τοιαύτην
458 585 590 621 γραμμὴν
605 587 664 615 τοῖς
680 584 718 615 εἲς
732 585 781 619 τήν
801 584 882 612 πόλιν

54 626 255 655 καταπλέουσιν
286 628 300 655 6
335 627 477 665 Πειραιεὺς
499 628 626 663 ἀπαντᾷ,
659 629 690 656 τὸ
719 626 884 666 περιϐόητον

53 675 108 700 τῶν
138 671 292 708 Ἀθηναίων
321 672 450 700 ἐπίνειον.
479 673 554 700 Μετὰ
584 671 613 700 δὲ
626 674 672 701 τὸν
690 674 813 712 Πειραιᾶ,
829 675 884 700 Φα-

55 716 152 753 ληρεῖς
181 715 271 754 δῆμος
300 716 326 744 ἐν
354 719 388 750 τῆ
418 717 513 756 ἑφεξῆς
541 717 662 756 παραλίᾳ
686 718 752 746 ὲστί·
769 719 827 754 μεθ’
853 717 882 745 ὅν

54 761 257 800 Ἀναγυράσιοι.
289 761 345 789 Εἶτ’
382 762 576 801 Ἀναφλ’5στιοι
610 763 693 801 μέχρι
721 766 772 797 τῆς
801 761 883 800 ἄκρας

52 807 103 834 τοῦ
117 804 233 834 Σουνίου
256 805 409 841 διήκοντες.
434 807 501 835 Εἶτα
516 807 548 834 τὸ
564 807 689 843 Σούνιον,
706 806 795 844 δῆμος
811 807 884 842 ἄξιοι

55 850 226 888 λογώτατος·
256 851 314 887 μεθ’
343 850 358 878 θ
386 851 533 885 Μαραθὼν,
563 850 632 879 ὅπου
661 851 814 887 Μιλτιάδης
835 851 883 882 τὰς

57 895 127 931 μετὰ
142 893 256 926 Λᾶτιδος
284 896 333 922 τοῦ
357 894 462 933 Πέρσου
478 894 605 932 ’δυνάμεις
632 894 714 934 ἄρδην
739 895 882 935 διέφθειρε.

56 939 134 968 Μετὰ
162 937 191 967 δὶ
216 940 378 976 Μαραθῶνα,
400 939 581 977 Τρικόρυθος¹
606 941 663 968 εἶτα
692 941 837 977 Ῥαμνοῦς,
852 940 883 968 τὸ

56 986 204 1022 Νεμὲσεως
218 984 304 1021 ἱερόν.

95 1030 157 1058 Τῶν
174 1028 202 1057 δὲ
231 1030 302 1067 ὁρῶν
330 1029 363 1057 τὰ
391 1029 512 1067 ὀνόματα
539 1030 657 1067 μάλιστά
685 1031 739 1059 ἐστι
759 1034 852 1060 ταῦτα·
869 1033 883 1061 ό

55 1074 220 1111 Ὑμηττὸςὸ
245 1073 396 1112 Βριλησσὸς
425 1075 439 1102 6
465 1073 653 1112 Λυκαϐηττὸς,
680 1077 697 1112 ἡ
729 1076 881 1114 Πάρνηθος,

55 1120 70 1147 6
88 1118 261 1156 Κορυδαλός.

91 1163 216 1200 Ποταμοῖ
245 1162 274 1191 δὶ
302 1163 328 1192 οἱ
358 1163 590 1201 διωνομασμένοι,
621 1165 635 1192 6
666 1166 814 1204 Κηφισσὸς,
838 1167 883 1196 καὶ

54 1208 69 1235 6
100 1208 226 1244 ³1λισσὸς,
261 1207 329 1246 ῥέων
357 1208 394 1239 είς
418 1209 468 1244 τήν
484 1209 617 1248 παραλίαν
642 1209 738 1238 ἐκτῶν
755 1212 820 1249 ὑπὲρ
833 1216 882 1248 τῆς

55 1253 162 1290 Ἀγρας
186 1253 231 1280 καὶ
259 1253 308 1280 τοῦ
337 1253 454 1280 Λυκτίου
485 1256 586 1290 μερῶν,
610 1254 655 1282 καί
677 1259 727 1291 τῆς
742 1260 836 1294 πηγῆς
850 1258 882 1292 ἣν

54 1297 174 1334 ῧμνηκεν
191 1297 217 1325 ἐν
234 1296 347 1335 Φαίδρῳ
363 1297 489 1326 Πλάτων.

94 1351 236 1388 Κάμψαντι
261 1349 290 1379 δὶ
316 1351 348 1379 τὸ
378 1350 491 1379 Σούνιον
523 1351 590 1388 ἀκτή
620 1352 676 1380 ἑστι
690 1353 758 1392 πρὸς
784 1353 882 1394 ἄρκτον

57 1395 274 1435 ἀμφιθάλαττος,
300 1396 380 1430 στενὴ
395 1396 427 1423 τὸ
451 1395 571 1433 πρῶτον,
596 1397 652 1425 εἶτα
667 1397 705 1430 εἰς
733 1398 782 1434 τήν
801 1400 884 1436 μεσό-

54 1450 132 1478 γαιον
161 1439 336 1468 πλατύνεται.
353 1440 392 1469 Τὸ
409 1439 437 1468 δὲ
453 1440 549 1469 λοιπὸν
565 1441 596 1468 τὸ
625 1442 693 1480 πρὸς
718 1441 814 1481 ἄρκτον
827 1444 881 1472 ἐστὶ

55 1483 175 1522 πλευρὸν
209 1484 263 1512 ἀπὸ
296 1486 345 1520 τῆς
374 1485 511 1522 Ὠροπίας,
545 1485 590 1514 ἐπὶ
616 1485 691 1515 δύσιν
722 1492 882 1526 παρατεῖνον

58 1528 144 1567 μιχρι
159 1532 210 1564 τῆς
227 1527 391 1568 Μεγαρίδος.

93 1573 275 1611 Τπὲρκεινται
294 1572 324 1601 δὶ
337 1575 387 1607 τῆς
404 1574 530 1610 ’Λττικῆς
545 1575 572 1603 αἱ
584 1575 761 1613 Σκειρωνίδες
775 1577 880 1617 πέτραι.

55 1617 133 1647 Μετᾶ
147 1617 176 1646 δὲ
190 1617 289 1650 ταύτας
303 1617 372 1657 ἄκρα
395 1618 535 1657 πρόκειται
565 1621 663 1657 Μινῴα
686 1620 881 1661 ὠνομασμένη,

54 1664 173 1690 ποιοῦσα
186 1663 232 1690 τόν
247 1663 274 1690 ἐν
288 1664 323 1701 τῇ
339 1663 439 1700 Νισαίᾳ
454 1663 562 1701 λιμένα.

91 1708 122 1736 Ἦ
138 1706 167 1735 Si
196 1707 296 1736 Νισαία
311 1707 427 1736 ἐπίνιιόν
443 1707 499 1736 ἐστι
515 1711 568 1737 τῶν
584 1710 726 1748 Μεγάρων,
743 1712 814 1740 ὀκτὼ
838 1712 883 1740 καὶ

56 1748 121 1779 δέκα
136 1750 257 1783 σταδίοις
273 1750 366 1790 διέχον
383 1756 432 1788 τῆς
447 1752 566 1785 πόλεως.
583 1755 615 1783 Ἡ
632 1754 661 1782 δὲ
674 1756 794 1794 Μεγαρὶς
807 1757 884 1794 μερὶς

55 1796 104 1824 καὶ
120 1795 188 1831 αὕτη
204 1797 235 1824 οὐ
254 1797 372 1835 βραχεῖα
395 1801 445 1833 τῆς
467 1797 586 1830 πόλεως·
614 1800 632 1834 ἡ
657 1800 707 1837 γὰρ
725 1801 834 1836 Ἀττικῆ
853 1802 885 1829 τὸ

57 1841 175 1869 παλαιὸν
190 1840 280 1868 Ἰωνία
293 1842 338 1868 καὶ
354 1842 408 1872 Ἰὰς
423 1841 556 1870 ἐκαλεῖτο.

95 1886 130 1913 Τὸ
153 1884 181 1913 δὲ
212 1885 338 1924 Θριάσιον
362 1884 455 1913 πεδίον
481 1886 570 1925 ἀγχοῦ
599 1890 686 1916 κεῖται
713 1892 764 1924 τῆς
791 1889 885 1919 Ἐλευ-

62 1940 147 1962 σινος.
182 1951 183 1954 η

97 1974 241 2012 Πρόκειται
279 1973 308 2002 δὲ
341 1975 394 2003 ἃπὸ
419 1979 470 2010 τῆς
504 1977 618 2008 Νισαίας
645 1976 756 2006 πλέοντι
784 1978 810 2012 ἐς
836 1980 887 2015 τήν

61 2019 190 2055 Ἀττικὴν
212 2020 230 2055 ἡ
255 2018 392 2056 Σαλαμίς·
413 2019 440 2048 ἐν
466 2019 495 2048 δὲ
517 2022 553 2058 τῇ
569 2019 690 2060 παραλίᾳ
703 2024 737 2060 τῇ
752 2024 821 2051 κατά
832 2027 889 2052 Σα-

61 2063 165 2101 λαμῖνα
187 2065 295 2092 κεῖσθαι
320 2061 464 2101 συμϐαίνει
491 2064 526 2093 τὰ
554 2064 615 2104 ὅρια
633 2070 684 2101 τῆς
707 2077 736 2095 τε
766 2071 887 2107 Μεγαρι-

59 2112 111 2144 κῆς
125 2108 170 2136 καὶ
198 2110 249 2142 τῆς
279 2107 409 2140 Ἀτθίδος
441 2110 491 2147 ὅρη
524 2108 552 2138 δέ
582 2109 709 2148 εἴσιδύο,
734 2112 751 2140 ἃ
774 2111 888 2141 καλοῦσι

60 2154 177 2192 item.

95 2198 161 2226 Εἶτα
183 2197 266 2231 πόλις
281 2197 416 2235 Ἐλευσιν,
447 2197 473 2226 ἓν
501 2198 520 2236 ᾗ
533 2199 565 2227 τὸ
580 2203 630 2236 τῆς
646 2201 794 2239 Δήμητρος
816 2202 887 2241 ἱερὸν

939 221 1007 249 bam
1023 224 1053 249 et
1068 221 1200 256 Phalero,
1215 222 1300 258 quasi
1315 222 1413 250 divino
1431 222 1527 250 furore
1547 222 1712 258 corriperis,
1735 225 1764 251 et

939 265 1022 293 valde
1037 268 1158 302 exoptas
1183 274 1218 294 ex
1241 266 1287 294 his
1309 267 1426 294 duobus
1452 275 1544 294 unum
1569 267 1699 303 assequi,
1719 267 1763 295 vel

939 310 1041 345 Spheti
1058 311 1166 339 versari
1178 313 1207 339 et
1220 310 1374 347 Cephisiae,
1387 311 1430 339 vel
1447 311 1482 339 de
1498 311 1545 339 his
1561 311 1631 340 locis
1651 311 1762 347 aliquid

939 354 967 382 in
985 357 1105 383 extenso
1120 355 1244 383 discere.

975 407 1040 436 ldeo
1055 408 1108 436 tibi
1124 417 1157 437 ea
1167 409 1264 437 scribo
1278 416 1341 444 quas
1352 416 1386 436 ex
1402 407 1504 436 multis
1519 407 1602 436 libris
1613 408 1726 445 collegi.

974 497 1030 524 Ora
1046 498 1181 533 quaedam
1204 497 1332 526 Atticam
1358 505 1426 525 cum
1453 497 1599 533 Megaride
1624 497 1734 533 trajicit
1749 507 1765 526 θ.

940 542 1026 570 sunio
1042 550 1137 578 usque
1150 543 1186 570 ad
1203 543 1361 571 Isthmum.
1378 544 1460 570 Tunc
1484 542 1514 569 in
1537 542 1633 570 medio
1649 542 1765 570 circiter

938 585 993 614 hoc
1017 587 1141 615 circuitu
1157 587 1192 615 iis
1208 587 1259 623 qui
1289 587 1324 615 ad
1351 587 1451 614 urbem
1477 586 1616 622 navigant
1638 587 1764 615 occurrit

940 630 1075 665 Piraseus,
1100 631 1214 659 celeber
1239 631 1455 659 Atheniensum
1483 633 1595 666 portus.
1620 631 1688 659 Post
1716 631 1764 659 Pi-

939 684 1045 703 raeeum
1060 678 1170 710 autem,
1187 675 1350 703 Phalerams
1371 675 1459 703 Vicus
1475 675 1504 702 iu
1522 675 1618 703 vicina
1642 684 1694 703 ora
1721 676 1764 704 si-

938 722 987 748 tus
1001 722 1046 748 est
1060 729 1066 747 :
1085 723 1151 756 post
1165 728 1251 756 quem
1267 719 1451 756 Anagyrasii.
1483 719 1592 747 Deinde
1616 720 1766 756 Anaphly-

939 764 988 792 stii
1005 772 1099 800 usque
1114 765 1150 793 ad
1167 765 1380 793 extremitatem
1396 764 1477 792 Sunii
1490 765 1702 800 pervenientes.
1716 764 1767 793 De-

940 809 1007 836 inde
1023 809 1160 843 Sunium,
1185 809 1438 837 celebratissimus
1461 809 1553 837 vicus.
1578 809 1688 838 Deinde
1703 809 1766 838 Ma-

939 853 1054 887 rathon,
1071 853 1120 881 ubi
1138 853 1285 888 Miltades,
1302 853 1380 890 regis
1403 855 1561 882 Persarum
1584 854 1729 882 exercitus
1747 862 1764 882 a

939 897 1042 925 Datide
1069 898 1174 926 ductos
1198 898 1333 926 funditus
1349 897 1463 926 delevit.
1483 900 1551 926 Post
1565 898 1764 926 Marathonem

937 950 1004 970 vero
1016 943 1225 979 'l‘rycorythus,
1242 942 1347 971 deinde
1363 942 1526 978 Rhamnus,
1538 943 1654 971 Nemeei
1665 951 1765 972 conse-

939 989 1049 1015 oratus.

975 1031 1118 1060 Montium
1135 1039 1203 1060 vera
1219 1032 1340 1060 nomina
1354 1032 1415 1060 haec
1431 1034 1500 1060 sunt
1527 1032 1683 1068 praecipue,
1708 1032 1765 1068 Hy-

938 1078 1060 1112 mettus,
1076 1076 1234 1111 Brilessue,
1253 1076 1438 1113 Lycabettus,
1451 1077 1627 1112 Parnethus,
1638 1076 1764 1113 Coryda-

973 1165 1064 1193 Fluvii
1079 1168 1175 1194 autem
1199 1166 1242 1194 sic
1258 1166 1458 1200 nominantur,
1476 1166 1620 1202 Cephisus
1649 1167 1677 1194 et
1699 1166 1763 1194 llis-

938 1217 1000 1243 sus,
1016 1209 1046 1237 in
1074 1210 1254 1238 maritimam
1281 1210 1430 1247 regionem
1455 1211 1550 1239 ﬂuens
1573 1219 1607 1238 ex
1631 1211 1764 1246 partibus

937 1261 1002 1289 quae
1018 1254 1206 1290 ultraAgram
1216 1257 1244 1282 et
1260 1257 1383 1291 Lyceum
1394 1257 1477 1291 sunt,
1491 1257 1521 1283 et
1536 1263 1570 1283 ex
1583 1255 1661 1282 fonte
1674 1262 1762 1290 quem

938 1297 968 1325 in
983 1298 1104 1326 Phedro
1120 1298 1277 1327 celebravit
1295 1299 1385 1327 Plato.

974 1351 1113 1380 Flectenti
1127 1360 1195 1380 vero
1206 1352 1242 1380 ab
1253 1352 1344 1380 Sunio
1365 1361 1416 1380 ora
1428 1354 1473 1380 est
1483 1353 1519 1380 ad
1531 1353 1762 1388 septentrionem

938 1396 1086 1432 utrimque
1108 1405 1186 1424 mare
1203 1396 1326 1431 habens,
1345 1399 1472 1433 angusta
1499 1397 1639 1433 primum,
1656 1397 1762 1425 deinde

938 1439 969 1468 in
983 1440 1096 1468 medias
1111 1443 1204 1468 terras
1221 1443 1370 1477 protenso.
1387 1441 1497 1470 Caetera
1512 1450 1577 1469 vero
1594 1442 1629 1469 ad
1645 1444 1762 1478 septen-

939 1484 1066 1512 trionem
1082 1493 1133 1513 ora
1146 1485 1182 1513 ab
1197 1484 1304 1521 Oropia
1322 1486 1358 1514 ad
1373 1485 1552 1514 ocoidenlem
1577 1486 1763 1522 protenditur

939 1537 1033 1565 usque
1048 1529 1085 1557 ad
1100 1530 1260 1566 Megarida.

973 1574 1077 1602 Atticae
1092 1575 1314 1610 superemineat
1328 1575 1496 1603 Scironides
1519 1577 1616 1611 petrae.
1633 1575 1702 1604 Post
1715 1582 1763 1606 eas

937 1627 1004 1646 vero
1015 1619 1183 1655 praeminet
1193 1619 1427 1656 promontorium
1438 1619 1546 1648 Minoia
1555 1619 1765 1656 nomine,quod

938 1663 1040 1691 Nisaee
1055 1666 1172 1700 portum
1189 1663 1287 1692 elﬁcit.

973 1708 1068 1736 Nisaee
1083 1717 1169 1744 porro
1184 1710 1286 1744 portus
1303 1708 1520 1744 Megarensium
1537 1711 1581 1737 est
1597 1708 1646 1745 qui
1662 1709 1763 1737 decem

939 1754 967 1779 et
983 1754 1047 1780 octo
1074 1753 1170 1780 stadia
1199 1753 1234 1780 ab
1250 1752 1322 1780 urbe
1349 1753 1450 1781 distat.
1467 1753 1592 1789 Megaris
1621 1755 1720 1781 autem
1735 1754 1765 1781 et

939 1796 1004 1832 ipsa
1020 1804 1087 1832 pars
1103 1797 1269 1832 reipublicae
1285 1805 1342 1825 non
1359 1797 1484 1826 minima
1501 1799 1546 1826 est
1561 1805 1568 1825 :
1583 1797 1676 1826 Attica
1686 1797 1765 1825 enim

942 1841 1105 1875 antiquitus
1120 1841 1207 1868 Jonia
1223 1843 1250 1869 et
1264 1841 1314 1869 Jas
1331 1841 1546 1877 appellabatur.

976 1885 1119 1914 Thriasus
1134 1894 1220 1921 porro
1235 1894 1358 1922 campus
1371 1894 1462 1922 prope
1478 1885 1596 1915 Eleusin
1606 1886 1696 1922 jacet.

977 1974 1000 2001 A
1014 1973 1109 2002 Niszsa
1124 1975 1223 2001 autem
1235 1973 1264 2001 in
1280 1973 1408 2002 Atticam
1425 1973 1575 2010 naviganti
1600 1973 1772 2010 praeminet

942 2017 1101 2047 Salamiua.
1126 2020 1157 2046 In
1171 2027 1222 2046 ora
1236 2020 1335 2046 autem
1352 2018 1531 2046 Salaminicu
1546 2019 1596 2046 Siti
1612 2020 1681 2046 sunt
1697 2018 1770 2046 ﬁnes

943 2063 1103 2099 Megaridis
1117 2065 1145 2090 et
1160 2063 1269 2091 Atticas.
1286 2063 1348 2091 Duo
1364 2071 1451 2099 porro
1476 2065 1592 2091 montes
1607 2064 1678 2091 sunt
1693 2069 1767 2098 quos

941 2110 1047 2136 vocant
1061 2107 1187 2135 Cornua.

980 2196 1091 2225 Deinde
1106 2197 1177 2224 urbs
1192 2196 1307 2224 Eleusis
1319 2195 1349 2224 in
1374 2204 1433 2232 qua
1448 2196 1560 2225 Cereris
1578 2196 1722 2232 templum
1737 2198 1766 2225 et

58 2246 110 2278 τῆς
143 2243 311 2276 Ἐλευσινίας
350 2243 395 2271 καὶ
432 2243 447 2271 6
483 2245 613 2281 μυστικὸς
643 2246 738 2282 σηκός,
766 2240 884 2275 Εἶταντὶ

975 2241 1068 2278 ystica
1091 2240 1165 2269 olea.
1193 2241 1303 2269 Deinde
1325 2240 1468 2268 Thriasus
1497 2249 1630 2277 campus.
1661 2240 1772 2268 Deinde

61 2287 187 2326 Θριάσιον
218 2286 320 2316 πεδίον.
350 2288 416 2316 Εἶτα
444 2288 462 2322 ἡ
492 2288 646 2326 Ψυτταλία,
671 2290 764 2325 νησίον
786 2290 889 2329 ἔρημον

61 2331 208 2369 πετρῶδες,
230 2333 274 2359 καὶ
300 2333 318 2367 ἡ
334 2331 490 2370 Μουνυχία,
505 2333 591 2365 τόπος
615 2333 712 2367 κοῖλος
727 2335 771 2363 καὶ
789 2336 887 2364 ὑπόνο-

64 2387 114 2414 μος
142 2376 249 2413 στομίῳ
278 2379 370 2414 μικρῷ
397 2377 447 2411 τήν
472 2376 578 2405 εἶ’σοδον
605 2376 690 2416 ἔχων.
719 2379 767 2407 Καὶ
782 2380 814 2408 τὸ
840 2381 886 2417 μὲν

62 2421 179 2449 παλαιὸν
206 2420 373 2459 ἐτετείχιστο
402 2421 447 2448 καὶ
475 2422 638 2459 συνῴκιστο,
669 2424 714 2451 καὶ
735 2424 774 2461 τῷ
802 2425 887 2463 τείχει

62 2465 150 2502 τούτῳ
175 2467 294 2500 συνῆπτο
319 2465 364 2492 καὶ
389 2465 423 2493 τὰ
451 2466 542 2504 μακρὰ
563 2468 645 2505 τείχη
674 2471 730 2496 τῶν
756 2469 886 2505 Ἀθηνῶν

62 2511 88 2538 οἳ
113 2509 141 2538 δὲ
165 2509 267 2538 πολλοὶ
297 2509 417 2546 πόλεμοι
444 2510 476 2537 τὸ
498 2513 592 2549 τεῖχος
617 2513 783 2550 κατήρειψαν
798 2515 888 2542 καὶτὸ

60 2556 111 2587 τῆς
140 2554 299 2593 Μουνυχίας
324 2552 423 2592 ἔρυμα,
451 2554 497 2582 τόν
527 2565 557 2583 τε
576 2557 689 2593 Πειραιᾶ
718 2556 887 2587 συνέστειλαν

61 2599 99 2630 εἷς
124 2599 214 2637 βραχὺ
237 2599 282 2626 καὶ
315 2599 350 2626 τὰ
373 2598 464 2636 μακρὰ
486 2600 566 2638 τείχη
590 2602 770 2639 κατέσπασαν,
800 2607 888 2631 Λακε-

61 2642 210 2680 δαιμονίων
241 2643 289 2679 μὶν
313 2642 485 2671 καθελόντων
512 2645 656 2683 πρότερον,
685 2647 830 2684 Ῥωμαίων
860 2647 890 2676 δὲ

61 2687 185 2726 ὕστερον,
211 2687 292 2723 ἡνίκα
318 2686 409 2719 Σύλας
441 2687 660 2728 ἐκπολιορκήσας
694 2691 751 2719 εἷλε
776 2692 887 2721 καὶτὸν

63 2735 176 2769 Πειραιᾶ
199 2733 244 2760 καὶ
259 2732 290 2760 τὸ
306 2732 400 2761 Ἄστυ.

100 2777 171 2806 Αὐτὸ
196 2776 225 2806 δὲ
252 2778 284 2805 τὸ
309 2777 392 2806 “Anu
420 2776 506 2815 πέτρα
530 2777 600 2807 ἱστὶν
626 2779 652 2808 ἐν
673 2779 760 2818 πεδίῳ
783 2791 888 2819 περιοι-

942 2285 1091 2322 Psyttalia,
1108 2284 1206 2313 insula
1230 2293 1320 2321 parva
1344 2285 1461 2313 deserta
1475 2287 1504 2313 et
1521 2287 1647 2321 petrosa,
1664 2286 1693 2312 et
1708 2284 1771 2313 Mu-

942 2330 1057 2366 nychia,
1073 2329 1157 2358 locus
1187 2337 1275 2357 cavus
1300 2332 1329 2357 et
1356 2329 1502 2357 sull'ossus
1526 2329 1599 2357 ostio
1624 2337 1712 2365 parvo
1727 2328 1768 2356 in-

941 2382 1076 2410 gressum
1107 2374 1248 2410 przebens.
1279 2374 1314 2401 Et
1342 2374 1518 2409 antiquitus,
1554 2374 1674 2409 quidem
1701 2381 1769 2400 mu-

942 2418 1003 2446 nita
1030 2421 1092 2446 erat
1120 2421 1150 2446 et
1178 2418 1287 2446 incolas
1317 2417 1450 2453 habebat,
1467 2420 1495 2445 et
1516 2418 1570 2445 hoc
1587 2426 1671 2445 muro
1689 2417 1771 2445 unie-

943 2463 1051 2490 bantur
1077 2462 1157 2499 longi
1186 2463 1367 2490 Athenarum
1399 2463 1493 2490 muri.
1524 2463 1682 2490 Innumera
1717 2470 1770 2489 au-

942 2510 1001 2535 tem
1029 2507 1105 2536 bella
1133 2515 1252 2535 murum
1283 2510 1451 2535 everterunt
1465 2510 1494 2534 et
1521 2507 1681 2543 Munychia
1702 2514 1767 2534 mu-

943 2551 1121 2586 nimentum,
1139 2552 1340 2588 Pii-tecumque
1355 2551 1385 2579 in
1410 2559 1534 2588 parvum
1558 2551 1688 2587 spatium
1704 2559 1770 2578 con-

943 2599 1105 2631 traxerunt,
1126 2596 1290 2632 longosque
1317 2604 1419 2624 muros
1442 2596 1608 2624 diruerant.
1637 2595 1768 2623 Laceda-

944 2641 1036 2669 monii
1061 2641 1144 2678 prius
1169 2649 1218 2668 eos
1243 2641 1424 2676 dejecerunt,
1451 2643 1480 2668 et
1503 2640 1609 2668 deinde
1632 2639 1768 2674 Romani,

944 2686 1063 2721 quando
1079 2685 1155 2722 Sylla
1172 2685 1325 2714 obsidione
1341 2688 1458 2721 captum
1474 2685 1614 2713 Piraeeum
1635 2687 1664 2713 et
1677 2684 1769 2712 Athe-

944 2739 997 2759 nas
1012 2730 1175 2766 occupavit.

980 2785 1047 2820 lpsa
1058 2791 1125 2812 vero
1139 2783 1211 2812 urbs
1221 2786 1267 2812 est
1281 2791 1313 2811 ru
1319 2791 1368 2819 pes
1380 2782 1411 2810 in
1422 2791 1525 2819 campo
1536 2790 1706 2818 assurgens,
1716 2788 1767 2809 un-
