1950 3050
194 103 270 134 H59

852 102 1064 134 MICHAELIS
1089 103 1223 133 PSELLl

1818 101 1883 132 1160

188 169 276 205 dique
288 169 426 197 domibus
436 169 628 198 circumdate.
641 170 672 198 In
689 169 753 205 ipsa
765 171 862 198 autem
879 177 952 205 rupe
966 178 997 197 es

1091 168 1187 204 δυμένη
1213 166 1316 203 κύκλῳ·
1347 167 1390 194 ἐπὶ
1421 166 1450 194 δὲ
1478 169 1512 203 τῇ
1541 167 1627 205 πέτρα
1653 166 1685 194 τὸ
1708 168 1760 201 τῆς
1782 165 1882 200 Ἀθηνᾶς

188 214 322 242 Minervae
342 214 493 250 templum,
510 215 592 242 urbis
607 215 745 243 Praesidis
761 215 916 250 antiquum
933 217 1010 242 tem-

188 260 314 296 plum,in
330 268 388 295 quo
400 260 650 296 inexstiuguibilis
663 261 821 296 lampas,et
831 259 1008 293 Parthenon,

186 307 214 331 et
229 305 358 331 eburnea
372 305 509 339 Minerva,
532 305 680 340 egregium
697 305 806 332 Phidiae
831 313 916 339 opus.
931 305 963 331 Et
979 305 1010 330 ut

186 349 339 384 Hegesiem
355 348 384 375 ir.
397 350 461 384 ejus
472 349 506 376 de
515 350 585 377 urbe
600 349 694 377 Libris
705 349 908 382 imiter,timeo
919 357 954 376 ne
966 357 1009 375 re-

184 393 538 428 dundemetpropositum
552 402 649 421 meum
659 394 712 421 hoc
724 394 867 429 scriptum
878 393 1008 420 excedat.

186 437 267 465 Unde
288 437 393 472 partim
409 441 438 465 et
462 438 588 473 sparsim
605 438 699 465 dicam
719 446 725 466 :
746 438 821 465 Illud
842 437 1008 472 Leocorion,

184 481 239 509 hoc
254 481 400 509 Theseum
415 490 422 515 ;
437 481 476 509 ibi
493 481 664 515 Marathon;
689 482 748 510 illic
764 482 925 517 Rhamnus,
950 481 1010 509 illic

184 526 310 559 Decelia,
327 525 440 553 celebre
451 526 730 562 Peloponnesiorum
744 526 1008 563 propugnaculum.

183 569 255 597 Hinc
267 570 405 605 Lyceum;
417 569 486 597 hinc
498 570 682 607 Olympicum
695 571 835 599 stadium.
846 571 887 598 lbi
899 571 1008 598 Acade-

185 615 244 642 mia
254 617 282 642 et
293 614 534 650 philosophorum
547 616 665 650 horti,et
677 617 835 650 Odeum,et
851 616 933 643 Varia
943 624 1008 651 por-

184 659 301 693 ticus;et
311 658 443 686 illustres
456 659 519 693 vici,
537 660 683 696 Cephisia,
699 660 839 693 Phalerea,
856 659 1007 695 Sphettus,

184 703 332 739 Cecropia,
355 703 507 739 Cytherus,
533 705 680 740 Aphidna,
705 704 829 732 Eleusis.
856 705 919 732 Haec
940 707 1008 732 sunt

183 747 290 776 veteris
298 747 462 775 Academiae
472 748 603 783 vestigia,
620 748 680 776 hac
691 757 781 783 novae;
797 749 895 776 omnia
907 748 1007 776 Musas

183 791 411 829 spirant,omnia
421 793 614 824 Gratias.Qum
626 793 704 820 enim
717 793 745 820 in
753 793 869 820 civitate
879 794 950 820 sunt
960 801 1005 820 nr—

182 844 323 865 canorum
335 835 436 870 ruinze,
457 835 634 864 illustriores
655 839 724 864 sunt
738 837 811 873 ipsis
824 837 1003 864 civitatibus.

1064 213 1149 250 ἱερὸν,
1178 212 1194 240 8
1221 223 1251 240 τε
1278 212 1394 250 ἀρχαῖος
1423 211 1487 242 ναὸς
1517 212 1595 247 ὁτῆς
1621 209 1761 242 Πολιάδος
1788 209 1815 237 ἐν
1834 211 1882 246 ea

1065 255 1195 290 ἄσϐεστος
1224 257 1339 296 λύχνος,
1366 258 1410 285 καὶ
1437 258 1451 284 ὁ
1471 257 1626 293 Ιιαροενὼν,
1649 256 1695 284 καὶ
1711 258 1728 291 ἡ
1756 256 1883 292 ﬂeein-

1065 314 1111 334 νος
1141 304 1252 338 Ἀθηνᾶ,
1278 303 1309 329 τὸ
1335 302 1450 337 ἐξαίσιον
1474 304 1523 330 τοῦ
1539 301 1652 329 Φειδίου
1675 300 1768 338 ἔργον.
1786 300 1884 329 Καὶῖνα

1065 345 1098 381 δή
1126 347 1173 374 τὸν
1203 346 1334 384 Ἡγησίαν
1366 345 1392 373 ἐν
1419 349 1478 377 τοῖς
1509 345 1571 384 περὶ
1597 349 1645 381 τῆς
1674 345 1786 376 πόλεως
1801 344 1884 382 λόγοις

1066 393 1251 428 μιμήσωμαι,
1278 391 1350 419 ἀκνῶ
1376 390 1545 425 πλεονάζειν,
1576 391 1614 427 μὴ
1640 387 1731 426 συμϐῇ
1755 393 1808 424 τῆς
1829 399 1884 425 προ-

1064 436 1162 468 θέσεως
1186 435 1307 463 ἐκπεσεῖν
1331 437 1381 470 τὴν
1402 437 1520 474 γραφήν.
1546 436 1622 467 Ὃθεν
1645 435 1712 462 κατὰ
1739 434 1823 472 μέρος
1846 434 1886 461 καὶ

1064 478 1266 517 διεσπασμένως
1296 479 1368 517 ἐρῶ·
1404 480 1491 507 ἐκεῖνο
1516 479 1691 516 Λεωκόριον·
1723 481 1807 506 τοῦτο
1836 481 1886 513 Θη-

1063 528 1143 552 σεῖον·
1175 527 1258 552 τοῦτο
1295 525 1446 562 Μαραθών·
1491 524 1578 552 έκεῖνο
1616 525 1764 560 Ῥιμνοῦς’
1810 522 1889 550 τοῦτο

1063 569 1203 605 Δεκέλεια,
1231 570 1262 597 τὸ
1291 570 1435 606 περιφανὲς
1462 571 1516 596 τῶν
1545 568 1772 603 Πελοποννησίων
1800 568 1888 605 ὀρμη-

1061 614 1167 651 τήριον·
1197 615 1278 640 τοῦτο
1305 612 1430 640 Λύκειον⁴
1461 612 1549 640 έκεῖνο
1575 612 1606 640 τὸ
1627 610 1800 647 Ὀλυμπικὸν
1826 611 1891 638 στά-

1062 655 1131 684 διον’
1162 657 1275 684 ἐνταῦθα
1307 658 1325 691 ἡ
1341 656 1499 694 ’Δκαδημία
1522 656 1568 684 καὶ
1584 657 1610 683 οἱ
1638 658 1725 689 κῆποι
1740 658 1794 683 τῶν
1811 655 1890 693 φιλο-

1062 702 1164 740 σόφων,
1187 701 1233 729 καὶ
1261 702 1292 729 τὸ
1318 700 1432 741 ’ῼδεῖον,
1455 701 1500 729 καὶ
1525 703 1542 736 ἡ
1559 700 1676 736 Ποικίλη
1693 701 1769 728 στοά·
1786 700 1833 728 καὶ
1863 700 1890 727 οἱ

1061 749 1218 784 περιφανεῖς
1246 745 1342 783 δῆμοι,
1359 747 1376 781 ἡ
1392 746 1523 785 Κηφισία,
1539 746 1572 774 τὰ
1587 745 1715 783 Φάληριι,
1732 746 1751 780 ἡ
1770 745 1890 782 Σφηττὼ

1060 792 1078 826 ἡ
1104 791 1255 828 Κεκροπία,
1280 792 1297 826 ἡ
1320 791 1443 827 Κύθηρος
1458 812 1465 825 ,
1490 792 1507 826 ἡ
1537 788 1651 829 “Aerem
1667 811 1674 823 ,
1704 790 1722 823 ἡ
1755 789 1887 820 Ἐλευσίς”

1060 835 1173 873 λείψανα
1188 838 1271 863 ταῦτα
1293 839 1344 870 τῆς
1367 834 1485 867 παλαιᾶς
1516 833 1698 871 Ἀκαδημίας,
1728 832 1820 861 ἐκεῖνα
1838 837 1888 868 τῆς

182 878 322 916 νεωτέρας·
354 878 440 906 πάντα
457 882 565 916 μουσῶν
581 882 650 916 πνεῖ,
664 881 751 907 πάντα
765 879 899 917 χαρίτων.
914 879 949 907 τὰ
962 879 1014 917 γὰρ
1030 879 1056 907 έν
1071 881 1105 916 τῇ
1119 879 1199 908 πόλει
1216 880 1319 917 ἐρείπια
1339 882 1393 907 τῶν
1418 879 1583 918 ἀποῤῥήτων
1605 878 1643 908 ἔτι
1669 891 1884 920 περιφανισηρι

183 923 290 952 πόλεων
297 947 303 953 .

217 971 254 998 Ut
282 974 380 1000 autem
411 971 506 1007 magis
522 978 554 998 ac
583 969 677 1005 magis
692 970 809 998 civitate
835 969 952 1002 fruaris,
969 969 1006 997 ab
1022 971 1045 1003 Β

182 1024 232 1043 ora
247 1024 310 1051 quae
330 1016 470 1044 Euboaum
486 1016 599 1050 spectat
626 1014 727 1042 Atticas
753 1014 920 1046 cohaerenti,
944 1016 1004 1041 sta-

182 1060 234 1087 tim
249 1061 376 1088 occurrit
390 1061 504 1095 Oropus
520 1062 548 1087 et
563 1067 646 1086 sacer
661 1061 761 1095 portus
778 1067 865 1095 quem
887 1058 1003 1094 Delphi-

181 1105 264 1132 nium
293 1107 407 1140 vocant,
437 1103 514 1140 apud
544 1111 630 1138 quem
657 1103 780 1139 antiqua
809 1105 853 1130 est
883 1103 1003 1130 Eretria.

179 1149 289 1177 Deinde
317 1149 451 1183 Delium,
481 1147 608 1183 Apollini
642 1150 865 1175 consecratum.
904 1147 1004 1183 Neque

179 1193 281 1229 procul
306 1193 411 1229 ingens
440 1194 542 1229 portus
567 1200 654 1227 quem
678 1192 861 1220 Profundum
882 1192 1002 1219 Portum

178 1237 342 1265 nominant.
359 1237 470 1265 Deinde
492 1235 586 1272 Aulis,
612 1238 747 1272 petrosus
761 1236 854 1264 locus.
868 1236 901 1264 Et
916 1244 1004 1272 prope

177 1282 316 1317 Euripus.

212 1328 250 1355 Et
264 1326 383 1362 quidem
396 1334 431 1354 ea.
449 1328 494 1354 est
508 1334 610 1353 versus
620 1326 760 1353 Euboeam
776 1333 827 1353 ore
843 1325 1000 1353 maritima.

178 1371 211 1398 In
228 1370 334 1398 mediis
351 1373 448 1398 autem
463 1370 549 1398 terris
563 1370 599 1397 ab
612 1370 763 1398 occidente
788 1372 831 1398 est
855 1370 1002 1402 Cithcron,

179 1416 215 1443 ad
240 1415 472 1451 septentrionem
499 1414 692 1443 Phocensium
712 1415 794 1442 urbs.
811 1416 853 1441 Ex
875 1414 1001 1441 Phocen-

180 1459 262 1488 sibus
287 1461 386 1487 autem
415 1458 566 1487 montibus
595 1458 681 1485 multi
711 1458 895 1486 descendunt
911 1457 1001 1493 ﬂuvii,

178 1512 303 1540 quorum
316 1504 460 1531 maximus
475 1506 518 1530 est
533 1502 725 1538 Chephissus.
743 1503 886 1530 Schoenos
903 1504 1000 1530 autem

177 1548 249 1576 urbs
279 1551 323 1576 est
349 1548 567 1576 Thebanorum.
593 1547 664 1575 Eam
704 1550 801 1574 autem
832 1547 1002 1583 praeterﬂuit

176 1592 283 1620 ﬂuvius
311 1592 455 1620 Schcenus
485 1592 613 1619 nomine.
639 1591 775 1618 Citheron
800 1593 899 1618 autem
916 1599 1001 1618 mons

1095 969 1153 997 ’Ἵνα
1169 967 1197 996 δὲ
1212 968 1256 996 ἐπὶ
1271 967 1354 996 πλέον
1384 969 1581 1007 κατατρυφῲης
1606 972 1656 1004 τῆς
1682 969 1807 1004 πόλεως,
1836 970 1888 998 ἀπὸ

1058 1016 1108 1047 τῆς
1135 1014 1202 1050 πρὸς
1217 1011 1331 1040 Εὔϐοιαν
1358 1013 1493 1050 παραλίας
1520 1017 1570 1048 τῆς
1599 1017 1729 1052 συνεχοῦς
1758 1015 1796 1050 τρ.
1826 1015 1887 1042 Ἀτ-

1058 1060 1131 1094 τικῇ,
1162 1057 1237 1088 εὐθὺς
1265 1059 1279 1085 ὁ
1307 1059 1424 1095 Ὠροπὸς
1440 1058 1592 1095 πρόκειται⁹
1617 1059 1662 1086 καὶ
1678 1060 1692 1086 ὸ
1708 1059 1782 1096 ἱερὸς
1799 1058 1886 1095 λιμὴν

1059 1103 1088 1129 δν
1117 1102 1231 1130 καλοῦσι
1260 1101 1413 1141 Δελφίνιον,
1437 1103 1495 1130 καθ’
1524 1103 1553 1130 ὃν
1582 1104 1599 1138 ἡ
1629 1101 1734 1130 παλαιᾶ
1750 1103 1884 1142 Ἐρέτριτι.

1061 1147 1126 1174 Εἶτα
1153 1147 1184 1174 τὸ
1214 1146 1336 1182 Δήλιον,
1365 1147 1396 1174 τὸ
1422 1147 1495 1184 ἱερὸν
1524 1149 1575 1174 τοῦ
1604 1147 1806 1180 Ἀπόλλωνος.
1837 1148 1884 1175 Καὶ

1058 1191 1131 1228 παρὰ
1156 1193 1252 1218 τοῦτον
1278 1190 1363 1228 λιμὴν
1395 1191 1489 1228 μέγας,
1521 1190 1549 1218 ὅν
1577 1191 1692 1219 καλοῦσι
1718 1191 1810 1224 Βαθὺν
1841 1196 1887 1219 Δι-

1060 1236 1135 1272 μένα.
1165 1236 1222 1267 Εἶθ’
1250 1237 1267 1270 ἡ
1294 1235 1389 1271 Αὐλὶς,
1415 1234 1552 1273 πετρῶδες
1566 1235 1682 1274 χωρίον.
1700 1236 1748 1264 Καὶ
1766 1236 1886 1272 πλησίον

1059 1281 1073 1308 ὁ
1089 1279 1219 1316 Εὔριπος.

1094 1325 1143 1351 Καὶ
1163 1325 1180 1359 ἡ
1212 1324 1259 1361 μὶν
1289 1324 1410 1362 παραλία
1436 1324 1549 1360 τοιαύτη
1578 1335 1620 1356 τις
1635 1327 1652 1360 ἡ
1670 1326 1738 1363 πρὸς
1754 1323 1884 1356 Εὔϐοιαν.

1058 1369 1099 1397 Τὰ
1130 1367 1153 1396 δ’
1180 1368 1205 1396 ἐν
1233 1370 1267 1406 τῇ
1298 1367 1440 1407 μεσογαίᾳ,
1469 1369 1523 1396 ἀπὸ
1549 1370 1599 1404 τῆς
1627 1369 1740 1408 ἑσπέρας
1757 1371 1884 1398 ὁΚιΘαι-

1057 1413 1122 1450 ρὼν,
1147 1413 1216 1451 πρὸς
1238 1412 1267 1440 δὶ
1291 1412 1388 1450 ἄρκτον
1419 1415 1436 1448 ἡ
1460 1413 1578 1441 Φωκέων
1610 1413 1702 1446 πόλις.
1720 1415 1770 1443 Ἐκ
1785 1414 1816 1443 δὶ
1832 1417 1882 1443 τῶν

1057 1461 1191 1486 Φωκικῶν
1219 1459 1289 1496 ὁρῶν
1309 1457 1412 1487 πολλοὶ
1437 1459 1558 1496 ποταμοὶ
1582 1460 1791 1498 καταφέρονται,
1818 1461 1855 1488 ὧν
1870 1461 1884 1488 ὸ

1056 1504 1192 1541 Κηφισσός
1220 1504 1354 1541 μέγιστος.
1384 1504 1416 1532 Ἥ
1443 1502 1472 1530 δὶ
1502 1506 1617 1542 Σχοῖνος
1641 1505 1721 1542 χώρα
1747 1505 1805 1533 ἐστὶ
1835 1509 1885 1540 τῆς

1056 1545 1206 1583 Θηϐαϊκῆς·
1238 1548 1279 1585 ῥεῖ
1302 1545 1331 1575 δὶ
1359 1548 1402 1575 καὶ
1428 1548 1551 1584 ποταμὸς
1577 1547 1612 1576 δι’
1635 1548 1719 1584 αὐτῆς
1748 1551 1885 1587 Σχοινοῦς

1056 1592 1269 1629 ὀνομαζόμενος.
1308 1593 1337 1620 '0
1370 1591 1400 1619 δὲ
1434 1593 1570 1630 Κιθαιρὼν
1601 1592 1666 1630 ὅρος
1694 1592 1820 1631 ὑψηλόν.
1854 1595 1884 1623 Ὁ

175 1636 308 1665 excelsus
337 1638 390 1664 est.
422 1636 558 1664 Ismenus
585 1636 691 1663 ﬂuvius
719 1638 748 1663 et
776 1637 889 1671 Asopus
905 1635 998 1671 plani-

1092 1647 1148 1664 ντοι
1178 1637 1304 1672 Ἰσμηνὸς
1334 1637 1457 1673 ποταμὸς
1489 1638 1533 1664 καὶ
1564 1637 1578 1664 ὁ
1606 1637 1731 1669 Ἀσωπὸς
1759 1637 1806 1665 διὰ
1836 1640 1886 1666 τοῦ

1091 1680 1114 1689 Nl
1185 1681 1203 1689 ll
1330 1683 1343 1688 -ι
1414 1681 1421 1689 1
1473 1683 1487 1689 υ
1543 1685 1557 1689 Α
1583 1679 1616 1689 ο..
1688 1683 1695 1689 ι
1728 1681 1751 1689 λι
1793 1682 1820 1689 γ’

175 1682 246 1709 tiem
256 1689 318 1717 quae
334 1684 401 1709 ante
411 1681 528 1709 Thebas
538 1681 616 1716 jacet
625 1680 835 1716 praeterﬂuunt.
848 1680 930 1707 Dirce
947 1688 998 1708 au-

176 1727 236 1753 tem
260 1725 325 1753 fons
350 1727 404 1753 est.
431 1725 466 1752 Et
489 1725 625 1753 Citheron
645 1733 703 1753 non
728 1725 829 1761 procul
853 1733 869 1752 ιι
892 1725 999 1752 Thebis

176 1769 289 1798 finitur.

211 1814 319 1843 Deinde
335 1814 406 1842 urbs
420 1814 552 1850 Thespis;
571 1822 660 1850 prope
675 1813 844 1842 Heliconem
869 1816 898 1841 et
921 1814 998 1842 Cris-

175 1867 266 1887 sreum
282 1858 380 1887 sinum
393 1859 482 1893 jacet.
499 1859 590 1892 Prope
604 1858 747 1894 Thespias
768 1860 866 1885 autem
889 1860 933 1886 est
945 1862 998 1885 As-

176 1912 234 1936 cra,
249 1902 366 1931 Hesiodi
377 1902 517 1938 patria,in
533 1902 680 1930 Heliconis
692 1903 803 1930 dextra.
817 1902 934 1930 Helicon
950 1910 1000 1930 su-

174 1950 233 1976 tem
249 1949 294 1975 est
308 1947 337 1975 in
353 1947 489 1975 Phocide.
506 1947 611 1975 Portus
627 1948 724 1975 autem
741 1947 937 1983 Thespiorum
955 1949 1000 1975 est

174 1994 291 2019 Creusa.
310 1991 375 2019 Post
388 1991 529 2027 Thespias
544 1999 611 2019 vero
627 1993 671 2019 est
686 1991 870 2027 Mycalissus,
889 1994 916 2019 et
929 2000 996 2027 pro-

174 2044 210 2072 pe
225 2035 395 2071 Eleutheraa,
421 2036 492 2064 urbs
516 2036 699 2064 contermina
723 2035 953 2064 Atheniensibus
970 2039 999 2064 et

175 2080 296 2108 Beotiis.

211 2169 276 2196 Haec
290 2169 325 2196 de
340 2168 460 2197 Athenis
475 2169 628 2197 sufﬁciunt
645 2169 858 2198 Atheniensum
877 2170 997 2199 fautori.

175 2213 232 2242 Nos
243 2214 321 2242 enim
337 2213 404 2249 plus
420 2214 570 2242 effecimus
581 2223 670 2250 quem
681 2222 799 2242 eramus
812 2215 917 2250 rogati,
930 2223 998 2242 cum

175 2258 354 2286 mentionem
375 2258 568 2287 habuerimus
588 2259 623 2286 de
644 2259 816 2295 regionibus
831 2261 860 2287 et
876 2260 910 2287 de
927 2259 999 2288 civi-

175 2303 285 2330 tatibus
300 2302 368 2331 huic
384 2303 449 2331 urbi
466 2303 581 2331 vicinis.

1054 1680 1149 1709 πεδίου
1179 1681 1268 1719 ῥέουσι
1296 1683 1345 1709 τοῦ
1373 1681 1426 1719 πρὸ
1453 1683 1507 1709 τῶν
1540 1679 1656 1716 Θηϐὦνι
1683 1683 1700 1717 ἡ
1726 1681 1757 1710 δὲ
1786 1682 1886 1720 Δίρκη,

1052 1726 1140 1763 κρήνη
1156 1725 1222 1754 ἔστί.
1249 1725 1299 1753 Καὶ
1315 1726 1328 1753 ὁ
1344 1726 1478 1764 Κιθαιρὼν
1492 1725 1522 1753 οὐ
1536 1725 1631 1765 πόῤῥω
1646 1737 1699 1754 που
1713 1729 1769 1754 τῶν
1784 1725 1886 1762 Θηϐῶν

1052 1770 1177 1806 τελευτᾷ.

1088 1815 1153 1842 Μεθ’
1181 1814 1198 1841 ἃ
1225 1815 1270 1842 καὶ
1294 1816 1311 1850 ἡ
1337 1814 1419 1847 πόλις
1433 1815 1461 1842 αἱ
1483 1815 1595 1843 Θεσπιαῖ
1611 1815 1678 1854 πρὸς
1691 1818 1731 1852 τῷ
1747 1815 1885 1844 Ἑλικῶνι

1053 1858 1211 1895 ἐπικειμένη
1241 1861 1280 1895 τῷ
1309 1859 1446 1897 Κρισσαίῳ
1474 1858 1583 1896 κόλπῳ.
1612 1862 1657 1888 Ἐν
1693 1859 1721 1888 δὲ
1745 1863 1810 1892 ταῖς
1840 1864 1886 1889 Θι-

1053 1906 1145 1935 σπιαῖς
1160 1903 1215 1931 ἐστι
1245 1904 1323 1938 καὶή
1350 1906 1465 1943 "Au‘xpn,
1492 1905 1509 1939 ἡ
1538 1907 1585 1933 τοῦ
1614 1904 1742 1933 Ἡσιόδου
1773 1905 1886 1943 πατρὶς,

1053 1947 1079 1975 ἐν
1095 1947 1167 1983 δεξιᾷ
1189 1950 1237 1976 τοῦ
1253 1947 1411 1980 Ἑλικῶνος.
1441 1949 1469 1976 Ὁ
1495 1947 1524 1976 δὲ
1546 1948 1663 1977 Ἑλικὼν
1688 1951 1812 1987 συνεχής
1832 1949 1886 1977 ἐστι

1052 1994 1086 2029 τῇ
1110 1991 1227 2020 Φωκίδι.
1251 1991 1378 2021 Επίνειον
1408 1991 1437 2020 δὲ
1462 1995 1516 2020 τῶν
1546 1995 1668 2021 Θεσπιῶν
1696 1995 1714 2028 ἡ
1746 1993 1885 2031 Κρέουσα.

1053 2037 1128 2066 Μετὰ
1143 2035 1172 2064 δὲ
1199 2037 1245 2068 τὰς
1272 2037 1388 2068 Θεσπιὰς
1418 2039 1436 2072 ἡ
1465 2036 1658 2073 Μυκαλησσὸς,
1685 2038 1731 2066 καὶ
1762 2037 1886 2073 πλησίον

1054 2083 1080 2110 αἶ
1105 2081 1272 2120 Ἐλεύθεραι,
1288 2081 1369 2113 πόλις
1385 2079 1541 2122 ἀμφίϐολος
1558 2083 1712 2118 ’Λθηναίοις
1736 2082 1783 2110 καὶ
1801 2084 1890 2112 Βοιωι

1052 2138 1124 2158 τοις.

1090 2172 1180 2208 Ἀρκεῖ
1210 2172 1291 2198 ταῦεα
1328 2170 1390 2208 περὶ
1415 2171 1539 2207 Ἀθηνῶν
1575 2173 1616 2207 τῷ
1643 2173 1699 2199 τῶν
1727 2171 1888 2207 Ἀθηναίων

1054 2215 1164 2253 ἐραστῇ.
1188 2215 1283 2250 Ἡμεῖς
1310 2215 1362 2253 γὰρ
1391 2214 1475 2243 πλέον
1501 2226 1528 2243 τι
1551 2218 1600 2243 τοῦ
1622 2215 1811 2253 ἐπιτάγματος
1839 2227 1890 2244 πε-

1053 2260 1218 2296 ποιήκαμεν,
1242 2259 1286 2286 καὶ
1299 2261 1353 2287 τῶν
1370 2261 1516 2298 προσεχῶν
1534 2258 1636 2295 ταύτης
1667 2259 1889 2300 ἐπιμνηςαθέντες

1055 2315 1115 2344 χωρ
1121 2304 1166 2332 ίων
1181 2304 1226 2332 καὶ
1241 2303 1360 2332 πόλεων.
