1950 3050
75 102 158 132 1161

830 105 1046 136 EPISTOL/E.

1708 112 1787 142 1162

588 252 832 301 ΜΙΧΑΗΛ
871 253 995 301 ΤΟΥ
1033 254 1286 303 ΨΕΛΛΟΥ

335 350 383 382 Εἰς
397 351 443 379 τὸν
457 351 578 389 χαλκοῦν
592 352 680 380 ἵππον
693 354 738 381 τὸν
753 352 779 381 ἐν
794 355 834 390 τῷ
848 352 1035 391 Ἱπποδρόμῳ,
1052 354 1168 392 ἀπῃωρη
1175 355 1254 391 μένον
1271 356 1315 383 τὸν
1331 354 1402 384 πόδα
1414 353 1525 393 ἔχοντα.

761 502 951 532 MICHAELIS
972 503 1095 532 PSELLI

433 578 466 609 1n
482 587 597 610 aereum
612 587 729 618 equum
744 579 778 609 in
792 579 1020 619 Hippodromo,
1042 581 1095 620 qui
1112 582 1224 621 pedem
1241 583 1418 614 attollebat.

641 659 798 694 (BANDURI,
813 660 961 696 Imperith
977 660 1079 689 ονίεηι.
1097 661 1123 693 l,
1139 662 1212 697 178.)

111 828 252 862 Ἕμπνους
268 827 282 853 ὀ
297 825 418 863 χαλκοῦς
430 825 516 857 Ἵππος
532 827 611 858 οὗτος
627 827 656 854 ’ὸν
675 826 795 864 βλέπεις,

112 871 250 906 Ἐμπνους
266 869 377 905 ἀληθῶς
392 871 437 898 καὶ
452 871 613 910 φριμάζεται
629 872 711 909 τάχα.

112 915 161 942 Τὸν
178 914 306 952 πρόσθιον
324 914 352 943 δὲ
366 918 461 943 τοῦτον
479 915 589 954 ἐξαίρων
601 915 682 951 πόδα,

112 958 195 987 Βαλεῖ
211 970 240 987 σε
254 960 299 986 καὶ
315 958 374 994 λὰξ,
392 959 416 987 εἴ
430 960 567 998 παρέλθῃς
580 960 698 994 πλησίον
713 970 720 978 ⁸

113 1006 228 1041 Δραμεῑν
246 1005 371 1042 καθορμᾷ
387 1014 394 1021 ο
411 1005 499 1039 στῆθι,
518 1005 555 1041 μὴ
572 1005 779 1044 προσσεγγίσῃς,

110 1091 223 1120 Μᾶλλον
240 1091 269 1121 δὲ
284 1095 375 1133 φιῦγε,
395 1094 432 1130 μή
449 1091 534 1132 λάϐῃς
550 1094 581 1122 τὸ
593 1096 640 1121 τοῦ
656 1094 750 1132 λόγου.

415 1283 768 1349 ΜΙΧΑΗΛ

913 833 940 866 Α
991 829 1087 865 Spirat
1101 838 1195 858 aereus
1209 830 1265 858 iste
1280 838 1384 867 equus,
1401 839 1489 868 quem
1504 833 1600 861 cernis

991 875 1089 910 Spirat
1104 883 1213 909 revera,
1230 883 1263 903 ac
1281 876 1412 904 fortassis
1428 877 1568 905 infremit.

991 919 1066 951 Quin
1078 921 1106 947 et
1121 920 1295 948 anteriorem
1312 922 1415 956 pedem
1431 921 1521 950 istum
1536 922 1674 950 attollens

991 965 1031 992 Te
1045 965 1124 993 calce
1138 965 1266 1002 impetat,
1284 966 1307 993 si
1323 967 1442 1002 propius
1458 969 1589 996 accedas.

989 1010 1031 1037 Ad
1047 1018 1166 1037 cursum
1177 1010 1368 1039 estincitatus
1381 1021 1388 1046 ;
1401 1012 1473 1040 siste
1488 1020 1662 1049 ergo,ueque
1674 1022 1778 1049 appro-

1620 1058 1755 1094 [pinques
1770 1067 1777 1092 ;

988 1099 1045 1126 Aut
1059 1098 1155 1135 potius
1171 1099 1247 1135 fuge,
1265 1109 1300 1128 ne
1316 1100 1369 1128 tibi
1385 1101 1463 1130 dicta
1479 1101 1625 1130 eveniant.

839 1283 1012 1348 ΤΟΥ
1084 1284 1445 1350 ΨΕΛΛΟΥ

747 1413 1106 1463 ΕΠΙΣΤΟΛΑΙ.

281 1602 737 1666 MIGHAELIS
783 1601 1079 1665 PSELLI
1127 1602 1580 1667 EPISTOLAE.

85 1796 125 1824 ΑΖ
155 1797 199 1832 Τῷ
236 1795 426 1835 μητροπολίτῃ
465 1795 673 1835 Θεσσαιλονζκης,
710 1796 750 1833 τῷ
785 1797 906 1835 γεγονότι

1001 1796 1179 1832 Metropolitae
1197 1797 1400 1835 Thessalonica,
1420 1797 1468 1835 qui
1481 1799 1570 1832 [actus
1592 1798 1631 1825 est
1645 1798 1787 1825 rhetorum

319 1831 452 1869 μαΐστώρι
467 1834 520 1859 τῶν
541 1832 677 1870 ῥητόρων.

123 1883 206 1914 Οὐδὲν
233 1885 247 1912 ὁ
272 1884 376 1923 ῥήτωρ,
392 1885 434 1912 ὅτι
457 1886 494 1922 μὴ
518 1885 630 1923 γλῶσσα
649 1885 774 1922 λαμπρὰ,
789 1885 836 1912 κᾶν
866 1884 911 1912 λέ-

85 1941 130 1967 γῃ,
173 1929 221 1956 κᾶν
260 1930 362 1969 γράφῃ,
403 1929 450 1957 κᾶν
495 1928 609 1967 παιδεύῃ
663 1929 822 1968 ῥητορικὴν,
862 1929 910 1956 κᾶν

86 1973 236 2013 φιλοσοφίᾳ
258 1975 303 2001 τὸν
329 1976 392 2002 νοῦν
413 1973 521 2012 ἀσχολῇ
539 1983 546 1990 ⁶
562 1975 612 2009 τήν
641 1973 669 2002 δὲ
700 1974 824 2012 γλῶτταν
851 1972 913 2001 ταύ-

84 2029 134 2053 την
166 2017 217 2056 ἔχῃ
241 2029 270 2045 τε
296 2019 367 2055 ὁμοῦ
390 2019 435 2046 καὶ
450 2018 574 2057 ἀφίησιν.
591 2019 639 2046 Καὶ
669 2017 714 2046 διὰ
741 2020 823 2046 ταῦτα
852 2016 913 2045 οὔτε

87 2063 233 2098 Ἀθηναῖος
261 2063 279 2098 ἢ
307 2063 480 2101 Σπαρτιάτης
508 2063 590 2097 ἐστὶν,
617 2062 689 2091 ἀλλὰ
716 2062 836 2098 πολίτης
864 2066 914 2097 τῆς

87 2107 262 2144 οἰκουμένης,
279 2107 324 2135 καὶ
349 2108 470 2145 ἀτεχνῶς
491 2107 615 2145 ἄστραπή
641 2109 658 2143 ἢ
689 2108 788 2145 βροντή
813 2117 912 2135 παντα-

88 2151 156 2189 χόσε
184 2153 359 2190 περιηχυῦσά
385 2162 415 2179 τε
443 2152 488 2179 καὶ
511 2152 697 2188 ἐκλάμπουσα.
715 2152 753 2181 Οὐ
783 2153 833 2190 γὰρ
862 2152 914 2188 μό-

89 2206 137 2224 νον
161 2195 305 2233 ἐπιδημῶν
328 2198 396 2233 ἡμῖν
430 2200 480 2231 τῆς
506 2197 608 2234 τέχνης
641 2196 841 2234 μεταχειρίζεις
863 2197 913 2231 τὴν

91 2239 237 2278 σάλπιγγα,
266 2241 339 2269 ἀλλὰ
368 2241 411 2268 καὶ
441 2240 595 2277 ἀποδημῶν
624 2240 741 2276 τοξεύεις
775 2241 815 2279 ἐφ’
839 2242 914 2277 ἡμᾶς

87 2284 152 2316 τοὺς
182 2285 280 2323 λόγους
311 2285 401 2323 ὥσπερ
429 2286 506 2317 τινὰς
528 2285 637 2316 ὀϊστούς
654 2294 660 2301 ·
680 2285 724 2313 καὶ
740 2285 855 2321 τοξεύων
885 2284 915 2312 οὐ

90 2329 233 2364 πλήττεις,
253 2329 327 2358 ἀλλὰ
353 2330 464 2368 βάλλων
487 2329 598 2365 ἡδύνεις
614 2340 620 2346 ·
645 2331 690 2358 καὶ
715 2330 746 2357 τὸ
775 2331 916 2369 φάρμακον

89 2376 139 2401 τοῦ
163 2373 260 2412 βάλους
277 2373 321 2401 διὰ
343 2374 432 2410 πάσης
457 2378 538 2413 φοιτᾷ
557 2378 608 2409 τῆς
628 2377 731 2413 ψυχῆς.
745 2375 840 2405 Οὕτως
868 2385 916 2402 σου

90 2420 107 2453 ἡ
126 2418 198 2454 λέξις
214 2427 220 2435 ·
239 2418 324 2450 οὕτως
340 2419 353 2446 ὁ
368 2421 433 2450 νοῦς
450 2429 456 2435 “
478 2419 565 2450 οὕτως
589 2420 607 2454 ἡ
631 2419 749 2458 ἂρμονία
766 2429 772 2436 '
790 2419 860 2446 οὕτω
885 2420 916 2446 τὸ

92 2462 196 2494 κάλλος
224 2466 275 2498 τῆς
302 2464 424 2502 φράσεως
442 2473 447 2480 ·
465 2466 588 2495 τοιοῦτος
618 2465 632 2491 ὸ
656 2463 721 2500 ἐμὸς
752 2464 842 2502 ῥήτωρ
871 2464 915 2491 καὶ

93 2507 239 2544 πάνδημος
268 2509 312 2535 καὶ
345 2505 430 2540 ὅντως
463 2507 655 2545 δημαίτατος⁶
682 2508 794 2543 τοιαύτη
815 2510 833 2543 ἡ
864 2507 916 2545 ἐμὴ

94 2553 192 2590 Σειρὴν
209 2553 253 2580 καὶ
269 2553 300 2580 τὸ
318 2552 451 2591 μελιχρὸν
468 2553 557 2589 στόμα
572 2562 578 2569 ·
596 2554 613 2587 ἡ
630 2554 716 2581 πιιῡώ
732 2562 739 2569 ·
756 2554 773 2588 ἡ
801 2553 916 2591 ἀνάγκη·

128 2645 167 2680 (1)
183 2646 262 2674 Hanc
277 2645 428 2679 epistolam
445 2652 511 2673 cum
527 2644 643 2673 duabus
659 2644 851 2680 sequentibus
861 2645 920 2672 edi-

92 2681 137 2709 dit
152 2682 230 2709 Frid.
247 2681 337 2710 Tafel.
352 2681 387 2708 V.
403 2683 432 2709 C.
450 2682 479 2709 in
496 2681 664 2716 Appendice
679 2681 714 2709 ad
727 2681 916 2709 Dissertatio-

94 2725 163 2745 nem
183 2718 216 2746 de
240 2718 429 2746 Thessalonica
452 2718 563 2752 eiusque
592 2725 668 2753 agro.
703 2717 916 2752 Metropolitum

92 2752 179 2781 illum
196 2754 232 2783 ad
248 2761 336 2791 quem
353 2753 455 2781 scribit
470 2753 584 2781 Psellus
603 2752 739 2782 eumdem
755 2762 820 2782 esse
835 2756 919 2790 putat

255 2819 386 2850 ΡΑτιιοι..
411 2819 467 2849 Gn.
490 2817 610 2848 CXXII.

934 2491 955 2524 C

1278 1833 1408 1868 magister
1421 1833 1470 1867 (1).

1001 1885 1075 1917 Quid
1090 1884 1169 1913 aliud
1186 1887 1283 1913 orator
1293 1886 1349 1913 nisi
1366 1886 1426 1913 sive
1440 1885 1653 1921 loquatur,sive
1667 1887 1786 1920 scribat,

967 1930 1026 1958 sive
1036 1930 1209 1958 rhetoricem
1217 1930 1591 1967 doceat,sivephilosophias
1601 1933 1728 1959 mentem
1741 1940 1789 1967 ap-

967 1974 1064 2010 plicet.
1080 1982 1197 2010 semper
1212 1983 1262 2010 per
1276 1975 1408 2010 linguam
1424 1976 1583 2011 operatur?
1599 1976 1678 2003 Hanc
1703 1983 1788 2011 porro

968 2019 1005 2046 ob
1020 2026 1138 2046 causam
1156 2027 1213 2046 non
1228 2019 1415 2047 Atheniensis
1425 2022 1480 2053 est,
1491 2028 1548 2047 non
1564 2020 1788 2056 Spartiates,sed

968 2062 1047 2090 orbis
1063 2062 1190 2090 universi
1202 2063 1272 2090 civis
1287 2064 1347 2097 est;
1363 2063 1449 2099 longe
1465 2064 1543 2091 enim
1568 2064 1684 2100 lateque
1709 2067 1791 2092 tonat

969 2115 1002 2135 ac
1017 2107 1226 2143 fulgurat.Non
1242 2107 1318 2135 enim
1335 2107 1432 2135 solum
1448 2108 1621 2144 eloquentiae
1637 2117 1690 2136 nos
1706 2109 1792 2144 quusi

968 2152 1040 2179 tuba
1054 2151 1212 2186 demulces,
1238 2152 1390 2180 nobiscum
1416 2161 1612 2187 conversans;
1631 2154 1682 2181 sed
1698 2161 1712 2180 e
1727 2153 1791 2181 lon-

968 2197 1078 2232 ginquo
1093 2197 1181 2224 etiam
1198 2205 1348 2225 sermones
1362 2199 1429 2225 tuos
1444 2198 1567 2226 telorum
1584 2197 1679 2225 instar
1693 2198 1723 2225 in
1740 2207 1792 2225 nos

966 2241 1054 2277 jacis,
1069 2240 1111 2268 ita
1125 2242 1224 2268 tamen
1240 2243 1272 2268 ut
1287 2250 1322 2269 ne
1337 2241 1472 2269 vulneres
1489 2243 1648 2276 auditores,
1667 2243 1725 2270 imo
1741 2243 1792 2270 de-

970 2285 1207 2319 mulceas,totam
1218 2285 1347 2313 animam
1359 2295 1464 2314 vocum
1477 2286 1623 2314 illecebris
1634 2287 1792 2314 imbuenda

970 2333 1036 2358 Haec
1051 2332 1096 2358 est
1107 2332 1212 2357 natura
1227 2330 1374 2364 dictionis,
1400 2332 1516 2366 mentis,
1541 2331 1721 2365 harmonia};
1738 2332 1794 2360 hoc

972 2376 1058 2403 modo
1074 2374 1141 2410 styli
1153 2374 1308 2411 rhythmus
1320 2375 1470 2411 procedit;
1487 2376 1542 2403 hac
1557 2376 1671 2404 ratione
1686 2379 1794 2410 orator,

972 2419 1086 2456 qualem
1104 2427 1260 2455 praesumo,
1278 2420 1407 2448 omnium
1433 2422 1478 2448 est
1502 2420 1646 2456 gentium.
1673 2421 1714 2448 En
1732 2429 1795 2449 mea

973 2464 1068 2499 Siren,
1085 2472 1176 2500 osque
1196 2463 1382 2500 melliﬂuum,
1406 2465 1539 2498 suadela,
1565 2466 1741 2500 necessitas;
1760 2474 1795 2494 en

975 2512 1140 2537 animorum
1156 2508 1310 2543 illecebras,
1326 2509 1469 2537 mentium
1492 2518 1578 2544 esca;
1603 2511 1797 2546 cogitatorum

975 2561 1181 2587 musa,vocum
1189 2553 1328 2588 suavitas;
1335 2553 1523 2590 voluptarum
1532 2554 1799 2592 medulla,Calliope

974 2653 1042 2673 cum
1058 2644 1109 2672 illo
1126 2652 1232 2681 magno
1248 2644 1401 2673 Eustathio
1413 2645 1464 2681 qui
1476 2654 1552 2673 anno
1565 2646 1633 2674 1192
1643 2647 1799 2674 defunctus

973 2683 1036 2718 est;
1055 2681 1131 2718 quod
1153 2681 1436 2718 cumnaatarterl’selli
1460 2682 1553 2710 nostri
1578 2691 1635 2710 non
1663 2683 1798 2718 quadrat.

971 2717 1117 2781 Epistolas
1124 2717 1191 2745 4-12
1200 2717 1288 2745 edidit
1295 2717 1505 2747 Boissonadius
1514 2717 1796 2754 Norimbergm1838.

998 2762 1055 2781 nrr.

998 2762 1055 2781 DIT.

1599 2818 1636 2847 37
