1953 3047
153 119 232 150 1163

818 110 1031 141 MlGilAELlS
1055 111 1194 142 PSELLI.

1782 111 1862 141 “64

150 178 742 222 philosophameturaimmutabilis.1dem
754 185 826 205 sane
834 179 921 213 Byzan

1092 178 1128 203 ὧν
1154 175 1273 215 καρδιῶν
1300 176 1452 214 θέλγητρον
1470 185 1476 192 ·
1504 177 1536 204 τὸ
1563 178 1616 204 τῶν
1645 177 1742 215 ψυχῶν
1775 177 1861 213 θήρα-

149 220 180 258 in
195 226 447 261 Thessalia,longe
455 225 492 253 ab
503 223 623 252 Athenis
636 233 643 256 ς
656 223 733 250 idem
746 222 774 249 in
787 224 847 249 tota
856 220 975 254 Graacia,

151 282 241 309 super
256 270 450 303 montibus,in
467 268 611 300 vallibus;
628 268 706 295 idem
722 269 799 295 terra
825 265 976 293 luxuriosa

151 320 180 347 et
191 319 222 345 in
237 317 300 345 solo
317 315 411 348 arido,
428 312 633 347 immutabilis,
650 312 759 347 ubique
774 318 910 344 sonorus,
926 310 975 337 de-

151 360 306 393 lectabilis,
323 359 445 387 auribus
463 357 581 390 suavis;
598 357 675 384 idem
692 355 821 388 subtilis,
839 354 976 386 ﬂoridus;

152 410 318 447 pellucidus
330 405 755 443 ideoqueclarus;gravisidem
767 412 798 432 ac
808 403 975 436 vehemens,

153 463 230 482 acer.
245 453 328 481 Adde
344 452 421 488 quod
437 450 535 479 omnia
547 449 712 485 promiscue
725 450 820 475 movet
835 447 873 482 (id
886 447 977 474 dicta-

153 507 220 526 men
238 498 358 530 meum).
375 497 409 523 Et
424 503 496 522 sane
511 494 560 522 ubi
578 491 913 530 philosophatur,gravis
928 499 977 527 ap-

152 545 253 580 paret;
269 549 334 569 vere
350 542 448 568 orator
460 539 509 567 ubi
526 538 682 574 magnifice
698 537 760 564 vult
774 536 975 571 loqui.Sacer-

151 587 230 615 dotio
245 585 398 622 fungitur?
415 592 500 612 nemo
517 584 610 619 magis
626 583 764 610 sacerdos
785 581 845 608 illo.
861 581 902 608 De
917 583 978 608 arte

149 630 288 659 disserit?
303 629 407 662 Verba,
422 635 505 655 voces
531 626 616 662 plane
631 625 837 653 convenientes
863 623 893 650 in
917 632 978 650 me-

148 676 231 703 dium
248 674 367 711 profert.
383 672 473 700 Nemo
490 671 555 707 ipso
580 669 818 705 magniﬁcentior
832 668 976 700 laudator,

148 719 329 756 explanator,
347 715 978 752 explorator,perscrutator,argumentator,

154 764 196 793 Tu
207 763 325 799 quidem
339 764 441 789 cetera
450 759 556 787 habilis
568 767 609 792 es,
621 761 649 785 et
665 757 796 793 epistolae
810 759 869 784 tuas
879 756 977 783 dulce-

152 808 220 835 dine
234 808 298 843 ipsa
314 805 458 833 dulciores
475 806 566 831 artem
583 804 678 838 ipsam
701 802 840 837 produnt.
853 800 924 827 Nam
942 800 978 827 ad

153 850 351 886 eloquentiam
369 850 476 876 natura
491 855 634 884 perquam
661 846 783 873 fautrice
796 845 899 880 uteris,
916 853 978 880 qua:

155 904 206 930 per
217 903 249 923 os
260 897 344 922 tuum
357 901 446 929 quam
459 891 699 928 splendidissime
716 898 850 918 resonare
861 889 933 918 velle
943 889 981 916 vi-

155 941 249 968 detur.
267 938 406 974 Antiquis
422 937 542 973 quidem
558 935 740 971 temporibus
752 935 882 970 undique
892 936 980 962 terra-

156 992 222 1012 rum
247 984 276 1010 in
299 982 481 1010 Thessaliam
506 981 691 1008 conﬂueruut
710 979 746 1006 ob
767 979 840 1006 alias
856 987 980 1012 causas;

156 1029 280 1065 posthac
294 1031 391 1055 autem
407 1027 561 1062 plerosque
577 1025 617 1053 ibi
633 1027 825 1053 conventuros
841 1024 935 1052 sentio
952 1026 983 1051 ut

157 1075 186 1101 te
215 1073 387 1108 loquentem
415 1071 548 1098 audiant.
574 1070 733 1097 Ambitiosa
756 1076 826 1096 sane
851 1069 902 1096 tibi
918 1076 982 1096 esse

158 1116 307 1152 licet,quia
323 1115 401 1152 quod
418 1124 452 1143 ex
466 1123 515 1142 ore
530 1114 594 1142 ﬂuit
605 1117 664 1147 tuo,
675 1123 732 1142 non
750 1121 871 1149 corpora
886 1112 981 1141 solum

158 1161 267 1197 tangit,
282 1160 333 1188 sed
349 1161 376 1188 in
393 1160 522 1188 animam
537 1158 628 1186 intrat
649 1161 677 1186 et
698 1158 876 1193 voluptatem
893 1159 981 1190 creat,

160 1205 279 1239 exaltat,
294 1204 433 1236 intendit,
459 1203 580 1236 relaxat,
605 1202 764 1237 perfundit,
791 1202 870 1229 acria
885 1201 980 1232 solvit.

159 1249 266 1277 retinet
280 1250 308 1275 et
322 1247 384 1274 vice
398 1255 494 1274 versa.
511 1246 592 1278 Quod
602 1246 627 1273 si
641 1245 820 1273 Thessaliam
837 1247 916 1272 tuam
928 1244 981 1272 tibi

159 1292 288 1328 loquenti
301 1299 385 1319 aures
397 1291 573 1326 praebentem
587 1290 720 1323 habes,te
735 1291 763 1316 et
774 1289 852 1316 illam
865 1289 980 1317 beatam

162 1338 245 1371 dico;
263 1339 300 1369 te,
317 1335 395 1372 quod
411 1335 521 1363 dociles
545 1334 696 1362 auditores
720 1333 883 1367 inveneris;
900 1333 981 1361 illam

162 1382 240 1417 quod
257 1380 324 1408 talis
339 1380 412 1415 ipsis
427 1379 563 1407 sacerdos
578 1387 611 1406 ac
622 1379 719 1406 orator
727 1377 904 1413 obtigeritsi
915 1386 981 1406 vero

162 1425 236 1454 nulli
251 1425 373 1453 semidei
384 1423 531 1452 auditores
543 1422 980 1458 exstiterint,beatisicquoque.

161 1471 225 1498 Tua
234 1469 351 1506 quidem
363 1468 499 1496 felicitate
510 1467 581 1495 nihil
590 1466 812 1503 perfectius:tibi
823 1466 982 1502 stylus,tibl

161 1513 461 1547 satisdatio,deﬁuitio
471 1512 616 1540 contraria
632 1519 664 1539 ac
680 1511 982 1547 ratiocinati3,praavia
1001 1518 1005 1522 ‘

160 1558 306 1586 institutio
321 1546 356 1585 ac
370 1557 551 1590 constitutio,
575 1557 707 1584 idearum
731 1555 858 1591 denique
881 1546 931 1582 mir

575 1557 707 1584 idearum
731 1555 858 1591 denique
881 1546 981 1582 mistio
997 1546 1019 1580 (ἶ
1038 1546 1178 1584 ἐπιτείνειν
1194 1567 1200 1572 ·
1229 1557 1317 1595 χαλᾷν
1335 1568 1341 1573 ·

161 1602 214 1630 tibi
232 1604 335 1637 praesto
350 1601 506 1629 sunt.Nam
522 1600 687 1636 Graecia(ut
695 1600 831 1636 equidem
849 1599 984 1635 arbitror)

161 1649 189 1674 et
197 1654 260 1681 qua:
271 1646 403 1681 regiones
414 1645 529 1673 Gracia
538 1646 672 1679 adjacent
685 1644 829 1672 autetiam
839 1644 985 1679 objacent,

162 1695 252 1731 (sicut
267 1694 428 1730 Ionia)jam
441 1694 510 1722 olim
520 1694 550 1721 in
561 1694 666 1721 litteris
673 1693 789 1721 erudita
796 1692 986 1720 luerat.Nunc

164 1742 262 1767 autem
275 1738 373 1766 omnia
386 1739 421 1766 ad
434 1740 624 1766 monumenta
631 1737 986 1773 antiqua,rudera,ruinas

165 1784 281 1812 redacta
296 1785 374 1811 sunt.
388 1783 453 1811 Jam
465 1783 523 1810 scis
534 1782 604 1818 quid
614 1782 667 1810 tibi
683 1782 898 1814 faciendum,ne
911 1782 986 1809 scire

165 1829 248 1854 tuum
266 1829 374 1863 pereat.
400 1827 530 1862 Loquere
553 1835 651 1854 coram
676 1827 761 1854 nobis
786 1826 986 1859 audientibus,

162 1871 300 1907 laqueum
316 1880 373 1899 non
389 1872 572 1907 distendens,
581 1872 775 1908 gutturjusto
790 1871 915 1899 nimium
927 1879 985 1898 non

160 1916 319 1948 tendendo,
335 1918 437 1951 pectus
448 1924 505 1943 non
517 1916 778 1952 comprimens,sed
794 1917 984 1952 grammatico

161 1959 335 1996 obloquens,
357 1960 501 1995 uobisque
523 1968 609 1988 voces
631 1960 738 1988 litteris
762 1963 984 1996 reprmsentatas

159 2004 237 2032 sicut
252 2012 304 2040 per
315 2004 447 2032 canalem
462 2004 671 2033 advehens.Sic
683 2013 732 2032 cor
743 2013 792 2041 per
808 2014 896 2033 venas
906 2005 982 2034 calo-

157 2056 220 2076 rem
235 2049 288 2076 toti
313 2049 427 2083 corpori
451 2049 647 2076 communicat
665 2059 671 2083 ;
688 2049 730 2077 sic
754 2049 845 2085 hepar
870 2058 921 2085 per
934 2049 984 2077 ilia

157 2093 331 2129 sanguinem
350 2093 491 2121 membris
508 2092 616 2126 mittit;
629 2093 671 2121 sic
686 2094 838 2121 cerebrum
855 2102 904 2129 per
916 2095 982 2122 dor-

156 2145 223 2165 sum
240 2145 358 2165 sensum
379 2145 568 2165 communem
593 2137 704 2173 ubique
729 2138 921 2167 disseminat:
939 2139 982 2167 sic

155 2182 206 2216 qui
218 2181 388 2216 Megalopoli
398 2189 503 2215 aquam
516 2181 586 2209 alibi
598 2182 703 2210 ducere
710 2183 979 2217 debebant,fossam

1029 230 1093 256 τρον
1111 229 1118 236 ·
1135 222 1151 255 ἡ
1169 222 1265 249 Μοῦσα
1277 224 1331 249 τῶν
1348 221 1455 248 ἐννοιῶν
1473 231 1478 237 ·
1496 222 1514 255 ἡ
1543 220 1625 258 χάρις
1653 223 1707 248 τῶν
1736 219 1837 256 λέξεων
1855 230 1860 236 ·

1029 264 1061 291 τὸ
1088 264 1204 302 γλεῦκος
1231 267 1280 300 τῆς
1309 264 1412 300 ἡδονῆς
1430 274 1436 281 ·
1451 266 1468 298 ἡ
1487 264 1638 304 φιλόσοφος
1654 263 1801 300 Καλλιόπη
1821 274 1828 280 ·
1844 265 1860 299 ἡ

1031 307 1222 345 ἀμετάϐλητος
1250 310 1338 349 φύσις.
1364 311 1395 339 Ὁ
1419 309 1502 340 αὐτὸς
1529 309 1581 347 γὰρ
1615 309 1641 336 ἐν
1670 309 1821 345 Βυζαντίῳ,
1837 309 1861 336 ἐν

1032 352 1175 389 Θισσαλίᾳ,
1193 353 1290 392 πόρῥω
1314 356 1367 381 τῶν
1394 355 1528 388 Ἀθηνῶν,
1545 354 1614 391 πρὸς
1643 354 1710 390 αὺτῇ
1740 355 1776 391 τῇ
1798 353 1862 381 Ἑλ-

1032 396 1106 432 λάδι,
1131 397 1157 424 ἐν
1178 397 1327 437 γηλόφοις,
1352 398 1378 425 ἐν
1401 397 1542 436 γηπέδοις,
1568 397 1593 425 ἐν
1617 398 1773 436 τρυφώσαις
1802 398 1862 435 χώ-

1033 451 1101 478 ραις,
1118 441 1144 468 ἐν
1168 442 1301 479 αὐχμηρᾷ
1328 444 1374 480 γῇ,
1392 443 1424 470 οὐ
1456 440 1636 478 μεταϐάλλων
1653 451 1660 458 ⁸
1690 442 1721 469 οὗ
1751 452 1862 479 μετατι-

1033 485 1144 522 θέμενος
1162 496 1168 503 ·
1185 486 1344 525 ἁπανταχοῦ
1372 485 1500 524 εὕκροτος
1514 496 1520 503 ·
1547 485 1682 523 εὕμουσος
1697 496 1704 503 ·
1733 486 1838 524 εὔηχος
1855 496 1861 502 ·

1032 529 1195 568 γλαφυρός·
1226 531 1366 568 ἀνθηρός·
1395 531 1462 568 μετὰ
1495 533 1544 559 τοῦ
1586 530 1716 569 λαμπροῦ
1744 532 1836 570 σαφής
1853 540 1860 547 ·

1035 575 1103 610 μετὰ
1127 577 1176 602 τοῦ
1204 577 1307 614 σαφοῦς
1337 575 1446 612 σεμνὸς,
1464 576 1508 603 καὶ
1540 576 1608 612 μιτὰ
1622 575 1720 603 τούτου
1748 575 1862 614 γοργός,

1033 619 1077 645 καὶ
1104 619 1160 654 μετ’
1190 619 1292 647 ἐκείνου
1322 620 1459 656 ἀκμαῖος·
1492 621 1580 647 πάντα
1616 620 1697 647 κινῶν
1740 620 1862 658 ἆμὲσως,

1033 667 1155 704 ἐκμέσως
1176 669 1310 705 (τοιοῦτον
1339 669 1390 707 γὰρ
1417 669 1449 697 τὸ
1476 669 1542 706 ἐμὸν
1570 669 1780 707 σεμνολόγημα)
1797 679 1803 686 ’
1831 669 1862 696 ἂν

1034 712 1193 751 σοφιστεύῃ,
1209 714 1307 749 σεμνός
1325 724 1331 731 ·
1358 713 1388 740 ἃν
1419 713 1549 751 σεμνύνῃ,
1575 713 1741 751 ῥητορικός·
1765 713 1794 741 ἂν
1823 714 1864 740 ie—

1034 757 1144 794 ρατεύῃ,
1175 756 1261 788 δεινὸς
1295 758 1430 796 ἱερατικός
1448 768 1455 774 '
1484 758 1514 785 ἂν
1554 757 1722 796 τεχνολογῇ,
1752 758 1864 795 εὑρετὴς

1034 798 1149 838 ἀκριϐὴς
1174 803 1227 828 τῶν
1256 802 1325 838 πρὸς
1355 802 1490 841 εὐφημίαν
1516 802 1649 841 ἀφορμῶν
1668 812 1675 818 ·
1703 801 1865 840 μεγαλήγο-

1037 855 1083 882 ρος
1111 845 1251 881 ἐπαινέτης
1267 855 1273 861 ‘
1291 846 1441 884 ὑψηλογῶν
1466 846 1500 874 τὰ
1524 850 1594 886 σαφῆ
1613 857 1620 863 ·
1649 846 1806 886 σαφηνίζων
1831 847 1866 873 τὰ

1039 888 1133 926 ὑψηλὰ
1146 889 1286 926 μεθόδοις⁹
1302 890 1375 929 φημὶ
1394 893 1494 927 τομαῖς
1519 890 1573 917 τισὶ
1601 890 1645 918 καῖ
1673 889 1809 925 λειότησι.
1827 890 1865 917 Σὺ

1037 932 1066 960 δὶ
1089 933 1178 961 τᾶλλα
1203 935 1249 970 μὶν
1275 934 1358 965 καλός
1376 945 1382 951 -
1408 934 1471 962 ἀλλ’
1496 933 1667 962 ἐπιστέλλων
1683 951 1717 956 -
1735 935 1866 972 ὑπέρευγι

1035 981 1086 1012 τῆς
1114 978 1295 1016 γλυκύτητος.
1323 981 1350 1006 Ὀ
1383 979 1434 1017 γάρ
1472 990 1514 1006 τοι
1553 978 1761 1016 ἐπιστολιμαῖος
1795 979 1866 1016 πρὸς

1036 1023 1110 1058 ἡμᾶς
1127 1022 1208 1060 λόγος
1227 1024 1375 1060 μονονουχὶ
1392 1024 1483 1061 φωνὴν
1500 1023 1623 1062 ἀφίησιν,
1643 1024 1685 1050 ὅτι
1708 1023 1787 1061 φωνή
1816 1026 1868 1058 τῆς

1035 1067 1136 1104 τέχνης
1152 1067 1193 1096 σύ.
1211 1067 1405 1104 Ηλεονέκτημα
1427 1068 1478 1105 γάρ
1507 1078 1549 1095 σοι
1573 1068 1675 1106 ὑπῆρξε
1701 1069 1768 1106 μέγα
1795 1069 1867 1105 πρὸς

1035 1111 1099 1142 τοὺς
1128 1111 1227 1148 λόγους
1252 1113 1269 1146 ἡ
1297 1111 1387 1149 φύσις,
1402 1112 1470 1147 πρὸς
1494 1114 1576 1139 τοῦτο
1594 1110 1658 1142 ξ’σως
1683 1112 1868 1150 γεγενημένη,

1034 1154 1080 1182 ἵνα
1095 1166 1138 1182 σοι
1154 1156 1185 1183 τὸ
1199 1159 1249 1190 τῆς
1265 1157 1366 1193 τέχνης
1392 1156 1497 1192 ἀξίωμα
1520 1155 1711 1193 λαμπρότερον
1736 1156 1782 1184 καὶ
1811 1155 1870 1184 δια-

1036 1198 1195 1237 φανέστερον
1220 1199 1341 1236 γένηται.
1374 1199 1461 1227 Πάλαι
1491 1200 1538 1236 μὲν
1583 1199 1629 1227 οὖν
1656 1201 1717 1227 καθ’
1744 1200 1868 1237 ἱστορίαν

1034 1246 1085 1277 τῆς
1113 1245 1161 1270 τοῦ
1189 1246 1285 1281 καιροῦ
1313 1244 1347 1280 (Ῡ)
1373 1242 1508 1275 ἐκδόσεως
1538 1245 1576 1280 (Ὺ)
1599 1244 1787 1282 ἁπανταχόθεν
1816 1248 1869 1279 τῆς

1037 1286 1198 1323 οἰκουμένης
1221 1288 1288 1324 πρὸς
1316 1287 1364 1322 τὴν
1392 1286 1538 1315 Θετταλίαν
1565 1289 1591 1315 οἱ
1607 1288 1722 1319 πλείους
1739 1287 1868 1327 ἐφοιτων·

1035 1338 1080 1363 νῦν
1097 1335 1125 1363 δέ
1138 1335 1266 1368 πλείονας
1280 1336 1356 1372 οἶμαι
1386 1335 1478 1369 αὐτόθι
1507 1335 1658 1375 βαδιεῖσθαι
1688 1337 1755 1364 κατά
1783 1337 1868 1366 κλέος

1036 1382 1089 1406 τῶν
1114 1382 1162 1407 τσῦ
1187 1383 1234 1408 acii
1256 1380 1341 1418 λόγου
1367 1381 1517 1417 σταγόνων.
1533 1381 1584 1408 Καί
1614 1391 1643 1408 σε
1672 1382 1748 1416 οἶμαι
1779 1381 1864 1417 ζηλο-

1035 1427 1128 1451 τυπεῖν
1153 1425 1198 1452 καὶ
1222 1425 1267 1452 τὸν
1293 1425 1425 1463 μάρτυρα,
1455 1424 1497 1452 ὅτι
1529 1426 1567 1461 μή
1609 1426 1744 1462 σωμάτων
1779 1425 1864 1462 μόνον

1037 1467 1182 1507 ἐφάπτεται
1198 1468 1284 1506 ῥεῦμα
1298 1469 1330 1496 τὸ
1346 1470 1403 1504 σὸν,
1419 1468 1493 1497 ἀλλὰ
1520 1470 1564 1496 καὶ
1595 1469 1633 1501 εἱς
1662 1471 1754 1508 ψυχὴν
1773 1469 1864 1497 εἰσδύ-

1036 1523 1086 1548 νει,
1101 1513 1148 1540 καὶ
1171 1513 1204 1540 τὰ
1228 1513 1321 1541 πολλᾶ
1346 1516 1429 1541 ταῦτα
1446 1512 1554 1541 δύναται
1570 1512 1678 1548 ἡδύνειν
1695 1524 1702 1530 ·
1720 1514 1838 1552 ἐπαίρειν
1858 1525 1865 1531 ·

1373 1557 1490 1595 διαχέειν
1519 1569 1524 1575 ·
1557 1557 1712 1596 δριμύττειν
1729 1569 1736 1575 ’
1765 1559 1841 1586 λύειν
1858 1569 1864 1576 ·

1040 1600 1148 1638 ἐπέχειν
1166 1611 1172 1617 ·
1201 1601 1301 1636 τᾶλλα,
1328 1601 1377 1630 ὅσα
1403 1605 1452 1636 τῆς
1482 1602 1619 1630 ἀντιθέτου
1651 1602 1761 1641 μερίδος
1780 1602 1866 1638 ἐστίν,

1040 1649 1072 1676 Εἰ
1094 1651 1141 1686 μὲν
1159 1649 1203 1677 οὖν
1221 1651 1238 1685 ἡ
1255 1651 1288 1685 σὴ
1311 1650 1444 1678 Θεσσαλία
1468 1650 1585 1686 ἐπήκοός
1613 1650 1667 1679 ἐστι
1696 1653 1750 1679 τῶν
1776 1651 1803 1679 ἐν
1827 1655 1870 1688 τῷ

1041 1696 1079 1730 σῷ
1108 1694 1185 1732 λόγῳ
1213 1695 1334 1732 ῥυθμῶν,
1363 1694 1445 1733 ἄμφω
1476 1695 1616 1733 μακαρίζω
1638 1699 1688 1730 τῆς
1713 1696 1841 1733 εὐτυχίας
1860 1705 1868 1712 ·

1041 1738 1068 1765 σὲ
1099 1738 1157 1774 μὶν,
1174 1738 1215 1766 δτι
1243 1737 1329 1776 ἔχεις,
1356 1738 1396 1778 ἐφ’
1416 1740 1456 1770 οἷς
1482 1738 1512 1766 ἂν
1542 1740 1592 1774 τήν
1620 1738 1733 1776 δύναμιν
1764 1739 1868 1778 ἐνδείξῃ

1039 1785 1093 1810 τῶν
1121 1781 1210 1821 λόγων
1227 1783 1370 1814 ’ἐκείνους
1400 1783 1438 1819 δὲ,
1460 1783 1501 1810 ὅτι
1530 1783 1657 1812 τοιούτου
1685 1785 1868 1822 τετυχήκασιν

1040 1828 1133 1865 ἱερέως
1161 1828 1205 1855 καὶ
1234 1827 1358 1865 ῥήτορος
1390 1828 1422 1855 Εἰ
1459 1827 1488 1855 δὶ
1524 1829 1636 1864 ἡμίονοι
1665 1829 1730 1866 παρ’
1759 1829 1869 1866 ἡμιθέῳ

1041 1872 1194 1908 ἑστήκασιν,
1224 1872 1348 1910 εὐτυχεῖς
1393 1873 1440 1908 μὶν
1471 1873 1546 1900 οὗτοι
1572 1873 1618 1900 καὶ
1645 1872 1741 1904 οὕτως.
1772 1873 1810 1901 Σὺ
1840 1873 1869 1901 δὲ

1039 1916 1194 1954 ἠτύχησας,
1210 1916 1235 1944 ἐν
1253 1918 1295 1948 οἷς
1311 1916 1480 1954 ηὖτύχησας·
1497 1917 1540 1944 καὶ
1560 1916 1645 1954 μάτην
1674 1917 1717 1944 σοὶ
1745 1918 1776 1945 τὸ
1794 1920 1870 1956 χρῶ-

1041 1971 1079 1997 μα
1108 1960 1322 1998 διαμεμέληται,
1350 1961 1396 1989 καὶ
1428 1961 1460 1989 τὸ
1487 1962 1597 1989 πιθανὸν
1626 1965 1677 1996 τῆς
1703 1961 1868 2000 ἀπολογίας,

1038 2006 1082 2032 καὶ
1098 2006 1111 2032 ὁ
1127 2005 1302 2043 ἀνθορισμὸς,
1319 2005 1364 2033 καὶ
1394 2007 1408 2033 ὁ
1434 2004 1632 2043 συλλογισμὸς,
1649 2006 1694 2033 καὶ
1723 2007 1740 2040 ἠ
1763 2016 1868 2042 προκα-

1036 2050 1174 2083 τάστασις,
1190 2050 1236 2077 καὶ
1262 2051 1280 2084 ἡ
1297 2050 1527 2082 κατάστασις,καὶ
1556 2051 1573 2084 ἡ
1606 2050 1677 2086 μίξις
1696 2052 1749 2077 τῶν
1776 2049 1868 2079 ἰδεῶν.

1037 2095 1067 2122 ῚΙ
1094 2095 1146 2132 γὰρ
1173 2094 1274 2125 Ἑλλὰς
1304 2094 1385 2131 (ὥστε
1417 2095 1518 2130 οἶμαι),
1545 2095 1592 2121 καὶ
1628 2095 1678 2122 ὅσα
1711 2098 1868 2132 προσοικεῖν

1036 2137 1120 2176 ἔλαχε
1149 2141 1183 2171 τῇ
1199 2137 1314 2167 Ἑλλάδι
1346 2139 1415 2175 (τινὰ
1439 2137 1468 2165 δὲ
1492 2139 1535 2166 καὶ
1555 2139 1698 2175 ἀντοικεῖν,
1713 2139 1750 2169 ὡς
1765 2140 1782 2173 ἡ
1799 2139 1868 2175 ξύμ-

1035 2193 1107 2210 πασα
1123 2183 1233 2219 Ἰωνία),
1246 2182 1331 2210 πάλαι
1349 2183 1396 2219 μὶν
1414 2182 1457 2210 ἐπὶ
1471 2185 1530 2213 τοῖς
1548 2182 1643 2221 λόγοις
1660 2181 1866 2220 δεδημοσίευτο.

154 2226 307 2262 grandem,
326 2226 551 2254 subterraneum
576 2229 663 2262 atque
690 2227 802 2255 aerium
824 2228 908 2263 quasi

1114 2231 1142 2260 δὲ
1169 2232 1249 2270 μέχρι
1272 2236 1321 2267 τῆς
1345 2233 1468 2269 ἱστορίας
1494 2233 1635 2267 ἱστήκασι,
1650 2231 1769 2260 κολωνοί
1796 2243 1867 2263 τινες

153 2271 233 2299 vium
250 2271 485 2307 fecerunt.lgitur
500 2274 530 2299 tu
548 2280 663 2308 quoque
679 2281 730 2308 per
745 2273 858 2300 litteras
873 2281 979 2300 sermo-

153 2324 224 2343 num
235 2316 345 2344 ﬂuenta
359 2316 443 2344 nobis
452 2316 575 2351 porrige,
588 2317 722 2352 propina,
733 2317 831 2352 irriga.
843 2317 978 2345 Summo-

152 2368 219 2396 pere
236 2362 337 2398 utique
349 2361 455 2397 linguaa
469 2364 524 2389 tua:
537 2362 711 2390 suavitatem
722 2370 978 2397 amo,ruorumque

151 2407 269 2433 tuorum
286 2415 389 2434 norma
405 2407 433 2433 in
451 2409 548 2434 mente
561 2414 627 2434 mea
639 2407 768 2442 reposita
777 2406 978 2434 est.Dictionis

151 2456 207 2482 tua;
223 2454 352 2489 exempla
364 2455 392 2482 iu
410 2454 531 2482 auribus
545 2454 615 2482 mihi
628 2457 808 2487 resouant,et
819 2455 977 2483 harmonia:

151 2498 372 2532 perfectissima:
395 2498 425 2525 in
461 2501 560 2526 mente
588 2506 653 2526 mea
685 2499 829 2527 residunt.
856 2501 977 2532 Quando

148 2542 270 2569 tandem
295 2544 323 2569 te
347 2550 431 2577 apem
460 2542 626 2578 aspiciam?
660 2544 777 2578 quando
812 2544 977 2573 alvearibus

148 2584 213 2613 istis
230 2584 350 2619 relictis,
368 2586 488 2613 sublimi
506 2586 602 2614 volatu
620 2586 708 2614 hosce
735 2590 852 2616 nostros
877 2588 976 2617 hortos

147 2629 258 2657 invises
275 2633 304 2657 et
320 2630 424 2658 ﬂorum
449 2630 585 2658 delibans
613 2640 705 2659 rorem
731 2633 788 2660 mel
806 2633 833 2660 in
850 2632 977 2661 alvearia

148 2674 313 2710 asportabis
324 2674 337 2701 ‘I
352 2674 392 2701 De
407 2679 508 2702 ceslero
526 2683 582 2702 non
599 2678 643 2703 est
667 2677 744 2712 quod
771 2677 924 2712 epistolam
939 2679 974 2705 ad

149 2727 203 2746 nos
218 2721 299 2746 tuam
316 2719 509 2746 accusem.Tu
519 2719 555 2747 de
566 2719 674 2755 quibus
686 2721 760 2748 inter
771 2729 825 2749 nos
841 2723 977 2751 convenit

149 2763 207 2791 noli
223 2762 366 2798 oblivisci,
378 2761 487 2798 quippe
497 2763 666 2798 juramento
680 2773 741 2794 rem
757 2766 974 2795 roborastiJIoc

1034 2275 1109 2308 ὅντες
1139 2278 1288 2313 μνημάτων
1319 2276 1547 2314 ἀρχαιοπρεπῶν,
1569 2275 1770 2312 ἐκλελειμμένα
1800 2276 1855 2314 ἐρεί

1033 2331 1092 2348 πια.
1105 2321 1189 2349 Οἶσθα
1218 2321 1320 2358 Tel/,3
1347 2321 1485 2356 ποιήσεις,
1513 2319 1560 2347 ’ίνα
1591 2321 1628 2356 μή
1661 2331 1709 2348 σου
1733 2322 1751 2355 ἡ
1783 2321 1866 2359 σοφία

1032 2365 1180 2400 ἀπόληται.
1197 2365 1263 2403 Λέγε
1286 2366 1348 2403 παρ’
1372 2366 1440 2401 ἡμῖν
1468 2367 1527 2396 τοῖς
1549 2364 1691 2399 ἀκούουσι,
1715 2366 1752 2401 μή
1778 2376 1864 2393 κατα-

1032 2410 1124 2437 τείνων
1139 2411 1183 2437 τὸν
1201 2409 1314 2448 βρόχον,
1332 2410 1369 2446 μή
1399 2409 1561 2446 ὑπερτείνων
1587 2409 1633 2436 τὸν
1659 2409 1796 2448 φάρυγγα,
1826 2411 1864 2447 μὴ

1035 2455 1190 2490 συμπιέζων
1213 2454 1259 2481 τὸν
1287 2453 1397 2492 θώρακα
1411 2463 1418 2470 ·
1435 2453 1498 2481 ἀλλ’
1517 2454 1693 2491 ὑπαγορεύων
1708 2457 1748 2490 τῷ
1775 2465 1866 2492 γραμ-

1035 2501 1123 2535 ματεῖ,
1139 2499 1183 2525 καὶ
1211 2497 1361 2535 κρουνηδὸν
1390 2499 1457 2534 ἡμῖν
1482 2497 1585 2536 ἐγχέων
1615 2498 1680 2529 τοὺς
1711 2498 1811 2537 λόγους
1834 2499 1860 2526 ἐν

1031 2543 1200 2581 γράμμασιν.
1216 2542 1297 2571 Οὕτω
1312 2553 1354 2569 τοι
1371 2542 1415 2569 καὶ
1431 2543 1448 2576 ὴ
1464 2541 1562 2579 καρδία
1587 2541 1632 2570 διά
1657 2553 1732 2574 τινος
1761 2543 1862 2581 ἄγγους

1032 2587 1063 2614 τὸ
1091 2588 1190 2624 θερμὸν
1216 2587 1334 2617 ἅπαντος
1362 2586 1534 2623 κατασπείρει
1564 2589 1614 2614 τοῦ
1644 2587 1773 2623 σώματος
1792 2597 1798 2604 ·
1819 2588 1865 2615 καὶ

1033 2632 1064 2658 τὸ
1093 2633 1166 2667 ἧπαρ
1193 2630 1237 2658 διὰ
1264 2634 1314 2665 τῆς
1343 2630 1441 2665 κοίλης
1469 2630 1625 2668 ἐποχετεύει
1652 2631 1683 2658 τὸ
1707 2633 1777 2667 αἷμα
1805 2635 1864 2663 τοῖς

1036 2677 1127 2714 μέρεσι
1145 2686 1152 2693 ’
1168 2675 1212 2703 καὶ
1230 2676 1243 2703 ὁ
1259 2674 1408 2714 ἐγκέφαλος
1422 2673 1467 2702 διὰ
1480 2677 1529 2702 τοῦ
1545 2675 1674 2702 νωτιαίου
1697 2677 1748 2710 τὴν
1772 2675 1865 2711 αἴσθῃ.

1033 2731 1072 2748 σιν
1097 2723 1223 2758 πανταχῆ
1250 2719 1344 2747 δίδωσι
1362 2730 1368 2736 ·
1386 2721 1431 2747 καὶ
1446 2719 1472 2747 οἱ
1487 2719 1517 2746 τὸ
1533 2718 1607 2757 ὕδωρ
1632 2719 1719 2747 πάλαι
1743 2722 1778 2757 τῇ
1805 2721 1864 2750 Με-

1033 2763 1411 2804 γαλοπόλειέφελκυσάμενοι
1426 2764 1475 2799 τήν
1501 2763 1624 2802 μεγάλην
1649 2763 1762 2793 ἐνταῦθα
1791 2763 1862 2802 ἀμᾶ-
