1953 3047
81 130 152 160 1165

818 125 1034 157 EPISTOLIE.

1698 129 1776 159 1166

81 206 124 234 ραν
149 195 322 231 έποιήσαντο,
346 193 392 222 τὸν
416 193 583 230 ὑποχθόνιον
606 192 652 220 καὶ
675 191 776 229 ἀέριον,
794 191 830 222 ὥς
855 201 916 225 τις,

1007 196 1154 222 amentum
1171 194 1221 222 ubi
1235 196 1266 222 tu
1281 193 1553 230 solveris,equidem
1569 201 1616 222 me
1631 193 1775 229 disculpo:

82 241 177 279 εΐρηκι,
206 238 341 276 ποταμόν.
372 238 423 266 Καὶ
453 237 484 264 σὺ
506 239 650 274 τοιγαροῦν
682 235 718 263 δι’
746 235 898 263 ὶπιστολῶν

80 286 142 322 ἡμῖν
167 285 283 322 χορήγει
306 283 337 310 τὸ
363 285 436 319 νᾶμα
463 284 511 309 τοῦ
542 281 639 318 λόγου,
662 280 707 308 καὶ
734 280 828 314 πότιζε
855 280 900 307 καὶ

956 237 1029 265 scito
1052 241 1162 274 autem,
1188 246 1235 266 me
1249 239 1288 273 hin
1313 241 1468 274 utramque
1495 240 1607 274 partem
1640 246 1777 266 securum

955 290 1031 309 esse.

80 328 229 367 κατάρδευε,
244 329 289 360 Ὣς
313 327 375 356 λίαν
396 327 448 365 γάρ
465 337 512 353 σου
535 329 584 361 τῆς
610 324 737 364 γλώττης
761 324 864 361 ἐρῶμεν
888 325 932 352 καὶ
954 329 1005 360 τῆς
1030 325 1056 353 έν
1076 326 1144 363 αὐτῇ
1169 328 1294 365 χάριτος,
1310 328 1354 354 καί
1374 338 1426 363 μου
1442 328 1456 354 ὃ
1470 329 1523 354 τῶν
1538 328 1613 362 ἠθῶν
1630 337 1677 354 σου
1692 326 1777 358 τύπος

82 373 217 412 ἐγκάθηται
232 373 266 408 τῇ
282 372 359 409 ψυχῇ
376 380 382 386 ·
400 370 604 408 ένεσφράγισται
621 367 649 396 δέ
666 379 718 404 μου
733 371 791 399 τοῖς
808 367 858 395 ὠσὶ
873 368 907 395 τὰ
923 368 986 406 ἴχνη
1003 373 1054 403 τῆς
1071 369 1179 405 λέξεως,
1195 371 1239 397 καὶ
1256 371 1273 405 ἡ
1287 373 1337 403 τῆς
1359 370 1490 408 ἁρμονίας
1512 371 1576 408 ἠχὼ
1600 370 1639 399 ἔτι
1666 382 1718 407 μου
1742 373 1777 408 τῇ

82 419 152 455 ψυχῇ
169 413 313 454 ἐμϐομὸεἷ.
332 414 422 443 Ἀλλὰ
436 414 500 442 πότε
518 412 567 441 ἴδω
582 414 632 447 τὴν
648 412 777 448 μέλισσαν
791 422 798 447 ;
815 412 879 439 πότε
895 411 923 439 δὲ
937 415 990 440 τῶν
1007 413 1099 445 αὐτόθι
1117 412 1243 450 σίμϐλων
1259 415 1444 452 ἀπαναστήσῃ,
1459 415 1504 442 καὶ
1525 414 1643 452 διαέριος
1663 416 1779 453 γεγονὼς

83 462 144 499 πρὸς
165 461 229 492 τοὺς
255 460 366 491 ἐνταῦθα
391 460 496 493 κήπους
520 458 668 495 φοιτήσεις,
684 457 729 484 καὶ
752 455 913 494 περιελεύσῃ
935 457 969 484 τὰ
992 456 1069 492 ἄνθη,
1084 458 1130 491 ἀφ’
1144 459 1180 485 ὧν
1195 459 1245 493 τήν
1263 458 1358 495 δρόσον
1373 459 1571 496 ἀναλεξάμενος
1587 460 1618 487 τὸ
1633 459 1696 496 μέλι
1720 463 1778 490 τοῖς

81 503 204 542 σίμϐλοις
234 504 388 539 ἐνίσταξας;
411 504 446 530 Τὸ
473 502 502 530 δὶ
530 502 627 530 λοιπὸν
655 505 704 536 τῆς
727 501 795 538 πρὸς
819 502 893 536 ἡμᾶς
920 511 968 527 σου
995 501 1142 536 ἐπιστολῆς
1167 502 1221 540 ἐγὼ
1248 504 1295 539 μὲν
1321 502 1377 530 οὔτ’
1402 503 1618 541 ἐπαγκαλέσαιμι
1643 514 1696 539 σοι,
1720 502 1781 532 οὔτε

81 548 321 588 προσονειδίσαιμι.
339 548 377 575 Συ
392 546 421 575 δὲ
435 547 488 574 τῶν
506 546 664 584 ὁμολογιῶν
683 545 817 582 μέμνησο,
834 544 878 572 καὶ
895 544 962 583 πρός
978 556 1010 582 γε
1024 547 1140 580 τούτοις,
1158 547 1199 574 ὅτι
1219 548 1278 574 κατ’
1293 547 1377 574 αὐτοῦ
1401 550 1450 575 τοῦ
1473 548 1627 584 κρείττονος
1653 548 1780 585 ἐμφύτως

80 595 224 632 ὀμώμοχας
240 604 246 610 '
272 592 303 620 ἂν
326 592 353 620 εἷ’
373 603 400 619 τι
423 591 465 626 εἴη
490 593 538 618 τοῦ
562 590 645 628 ὅρκου
671 589 759 623 λύσις,
777 589 826 616 οὐκ
849 588 878 616 ἃν
900 589 1028 627 φθάνοιμι
1043 590 1143 625 ταύτην
1161 590 1262 622 διδούς.
1281 592 1313 620 Εἴ
1329 591 1352 619 δ’
1368 591 1413 619 οῦν
1429 593 1467 628 μή
1483 592 1613 630 γενοίμην
1629 592 1708 623 αὐτός
1736 603 1780 620 σοι

80 640 232 677 παρενθήκη
249 637 410 673 κακότητος,
427 636 457 664 σὺ
475 635 504 663 δὲ
520 634 610 666 διδοὺς
628 632 776 671 λαμὸἀνειν
793 631 863 661 οἷόυ.
878 635 1006 662 Τοιοῦτον
1020 635 1070 672 γὰρ
1087 635 1224 670 πεποίηκα
1239 636 1271 663 τὸ
1285 635 1362 673 ἐμὸν,
1375 636 1421 664 ἵνα
1445 636 1489 664 καὶ
1515 635 1606 668 διδοὺς
1630 638 1648 672 ἢ
1672 634 1779 674 λαμϐά-

80 694 129 711 νων
145 682 224 712 διδῶ.

389 727 426 755 B’.
442 727 486 762 Τῷ
502 725 587 761 αὐτῷ.

115 781 227 810 Πολλῶν
262 778 348 808 ὄντων
381 779 427 807 καὶ
472 777 612 815 μεγάλων,
643 775 678 804 δι’
709 777 725 803 ἅ
759 776 906 812 θαυμάζειν

81 826 260 865 προῄρημαι,
293 823 498 861 θαυμασιώτατε
534 821 667 856 δέσποτα,
695 820 758 865 ἀντὶ,
792 819 905 865 πολλῶν

82 863 232 910 χρημάτων
261 868 376 905 ἑλοίμην
404 866 435 895 ἂν
465 877 513 894 σου
538 866 588 900 τήν
628 865 690 903 περὶ
720 864 784 910 τοὺς
809 863 906 901 φίλους

85 908 234 950 ἆπλότητα,
249 914 280 948 ἢν
296 913 341 940 καὶ
359 912 451 948 παρὼν
467 910 563 945 σώζεις
587 910 633 938 καὶ
663 908 814 945 ἀποδημῶν
845 919 908 935 συν-

85 947 187 997 τηρςῖςξ
213 958 243 987 '0
273 957 320 994 μὲν
355 947 440 993 μῦθος
465 957 588 990 ποιητῶν
621 952 755 991 προῆλθε,
778 953 851 990 παρὰ
879 947 946 979 δὶΒ

85 1007 132 1038 τῆς
160 1005 210 1037 σῆς
241 1003 333 1039 ψυχῆς
363 1001 381 1035 ὴ
411 998 600 1036 καλογάγαθία
627 1001 676 1032 τῆς
704 998 829 1035 γνώμης.
861 997 910 1024 Διὰ

84 1050 164 1076 ταῦτα
196 1045 241 1074 καὶ
275 1045 375 1076 παντὸς
404 1045 560 1071 οὑτινοσοῦν
587 1043 798 1080 προτεθειμένου
829 1041 911 1076 ζητή-

88 1103 169 1129 ματος
182 1091 279 1121 ἐντοῖς
299 1089 445 1126 ἡμετέροις
474 1086 633 1125 συλλόγοις,
663 1086 739 1118 εὐθὺς
766 1086 821 1124 ἐγὼ
841 1085 909 1123 πρὸς

86 1138 115 1165 σε
139 1135 260 1174 ἀναφέρω
282 1135 328 1162 τὸν
355 1134 430 1167 νοῦν,
450 1133 495 1160 καὶ
519 1134 627 1170 πρῶτον
657 1132 703 1168 μὲν
729 1130 847 1168 εὔχομαι
870 1132 910 1166 τῷ

87 1184 153 1217 θεῷ,
169 1181 234 1215 ὅσην
257 1178 362 1206 εὔνοιαν
389 1177 461 1215 ἔχων
487 1177 543 1215 ὖγὼ
565 1177 634 1214 πρὸς
662 1176 690 1203 σε
717 1174 844 1208 διατελῶ,
861 1175 910 1209 τὴν

87 1226 168 1260 αὐτὴν
184 1223 342 1261 ἀντιλαχεῖν
359 1222 432 1260 παρά
457 1223 516 1249 σοῦ.
535 1220 726 1256 Ἀπολήψαιμι
757 1219 796 1254 3‘s,
813 1219 835 1246 εἰ
864 1219 910 1246 τὸν

88 1271 206 1308 παρόντα
224 1269 344 1306 μοναχὸν
364 1271 414 1302 τῆς
438 1270 487 1301 σῆς
511 1265 682 1302 ἀντιλήψεως
708 1264 831 1301 ἀξιώσεις
848 1273 854 1281 ·
879 1265 912 1298 ἢν

88 1316 199 1352 πρώτην
239 1313 294 1350 ἐγὼ
329 1312 374 1340 καὶ
405 1310 555 1346 καλλίστην
585 1310 706 1347 ἥγημαι,
734 1309 779 1337 καὶ
808 1309 834 1336 ἐν
854 1311 913 1339 τοῖς

92 1359 209 1396 μάλιστα
232 1357 376 1393 τετίμηκα.
394 1356 440 1390 Μὴ
464 1354 509 1382 οῦν
535 1355 672 1386 ἀντίθετος
691 1355 771 1390 γενοῦ
798 1353 912 1388 σεαυτῷ,

90 1403 152 1431 ἀλλ’
168 1403 265 1439 ὅμοιος
296 1401 466 1437 ἁπανταχοῦ,
492 1398 518 1426 έν
542 1401 601 1430 τοῖς
626 1399 777 1435 σχήμασιν,
799 1397 825 1424 έν
854 1399 914 1427 τοῖς

90 1447 193 1483 ἤθεσιν,
219 1445 413 1483 ὁμοιόαρκτος,
434 1443 530 1474 τέλους
553 1442 654 1480 ἀγαθοῦ
675 1442 821 1480 προοίμιον
846 1441 914 1468 κάλ-

91 1493 182 1521 λιστον
199 1492 336 1527 παριο-τῶν
355 1498 361 1504 ’
381 1489 418 1524 μή
435 1487 461 1523 ἐξ
478 1486 642 1524 ὑπολήψεως
658 1485 688 1514 τὸ
704 1485 787 1513 καλὸν
803 1483 916 1524 ἐργαζὸ-

93 1547 182 1574 μενος,
202 1535 265 1562 ἀλλ’
288 1534 317 1561 ἐκ
339 1532 494 1570 περιουσίας
517 1533 566 1566 τήν
595 1531 659 1567 περὶ
677 1533 788 1558 σεαυτοῦ
818 1530 914 1568 ἀρετὴν

91 1584 171 1609 πᾶσιν
196 1578 365 1609 ἇπιδεικνύς·
390 1576 508 1614 εὑρέσεις
536 1576 570 1603 τὰ
600 1576 737 1614 φθάσαντα
764 1577 817 1602 τῶν
854 1574 917 1611 μελ-

1293 726 1328 754 II.
1346 726 1449 754 Eidem.

997 777 1087 806 Multa
1099 787 1168 806 sane
1182 781 1210 806 et
1222 779 1360 815 praeclara
1371 782 1442 808 sunt
1453 783 1571 817 propter
1580 789 1641 816 quae
1653 782 1681 809 te
1691 781 1785 809 admi-

962 831 1020 857 ror,
1036 823 1154 850 domine
1169 823 1387 857 illustrissime;
1403 825 1454 852 sed
1481 825 1511 852 in
1536 825 1638 860 primis
1663 826 1699 853 ob
1721 833 1784 853 mo-

962 875 1027 894 rum
1039 867 1261 903 simplicitatem
1273 877 1360 903 quam
1373 876 1442 904 erga
1454 869 1563 897 amicos
1575 869 1785 903 ostendis,sive

963 911 1079 946 absens,
1095 912 1154 939 sive
1170 920 1299 948 praesens
1316 913 1415 940 fueris.
1435 913 1558 941 Fabulae
1573 913 1688 949 quidem
1706 914 1784 949 apud

963 957 1062 991 poetas
1076 957 1235 992 repereris;
1252 965 1267 984 θ
1278 959 1327 984 tuo
1343 959 1443 985 autem
1460 958 1558 985 animo
1572 957 1714 986 virtutum
1731 958 1786 985 ﬂo-

964 1008 1011 1028 ros
1025 1000 1202 1036 germinant.
1226 1000 1265 1028 De
1289 1001 1518 1037 quibuscunque
1545 1001 1623 1029 enim
1647 1002 1787 1030 sermoci-

964 1045 1061 1072 nando
1077 1044 1336 1080 disputavorimus,
1357 1045 1410 1073 tibi
1435 1054 1552 1082 semper
1575 1046 1788 1082 pulcherrimas

966 1090 1065 1124 partes
1078 1089 1184 1116 tribuo.
1205 1090 1354 1125 Deumque
1369 1098 1521 1125 nunquam
1538 1099 1596 1117 non
1613 1090 1737 1126 imploro
1756 1092 1790 1118 ut

965 1135 1056 1160 temet
1067 1133 1137 1160 mihi
1149 1133 1276 1161 amicum
1287 1134 1335 1161 det
1347 1134 1448 1161 eadem
1462 1142 1527 1169 quas
1538 1143 1591 1170 ego
1602 1135 1788 1163 sentientem.

969 1177 996 1204 ω
1014 1180 1110 1204 autem
1129 1177 1228 1212 facies,
1245 1178 1268 1205 si
1286 1179 1463 1206 monachum
1489 1179 1601 1207 huncce
1624 1187 1710 1214 quem
1735 1179 1790 1206 tibi

968 1222 1293 1255 commendo,benevole
1304 1222 1462 1256 exceperis.
1481 1223 1523 1250 Ita
1534 1223 1612 1250 enim
1628 1223 1708 1250 cordi
1725 1231 1789 1250 meo

968 1274 1145 1302 magnopere
1156 1266 1329 1294 satisfacies.
1341 1268 1397 1294 Res
1410 1266 1505 1294 facilis
1519 1276 1525 1294 :
1542 1267 1585 1294 tui
1595 1267 1700 1295 similis
1715 1269 1788 1300 esto,

968 1309 998 1336 in
1011 1309 1123 1343 habitu,
1139 1309 1166 1336 in
1182 1309 1332 1343 moribus;
1344 1310 1446 1337 eodem
1458 1313 1538 1338 utere
1549 1311 1701 1346 principio,
1711 1311 1789 1346 quod

969 1353 1037 1381 boni
1056 1353 1122 1380 finis
1137 1356 1248 1381 certum
1266 1356 1310 1381 est
1323 1354 1489 1388 augurium.
1510 1355 1667 1391 Nunquam
1680 1357 1790 1383 temere

970 1405 1002 1424 ac
1017 1405 1068 1433 pro
1084 1397 1168 1425 libitu
1185 1398 1295 1425 bonum
1312 1398 1402 1432 faxis;
1419 1398 1534 1427 virtutis
1549 1402 1605 1427 tute
1621 1399 1671 1427 lux
1694 1399 1790 1428 omni-

970 1442 1026 1469 bus
1041 1441 1146 1469 luceat.
1164 1442 1291 1469 Mentem
1308 1443 1482 1478 prudentem
1499 1443 1588 1471 rebus
1608 1444 1717 1472 futuris
1740 1444 1791 1471 ob-

970 1486 1072 1519 tende;
1099 1487 1146 1513 ubi
1173 1494 1272 1514 severe
1294 1490 1420 1514 tractare
1439 1487 1514 1515 alios
1538 1489 1644 1523 possis,
1674 1488 1793 1516 lenitate

973 1533 1062 1558 utere.
1088 1530 1134 1557 Nil
1160 1534 1238 1558 certe
1261 1531 1398 1566 episcopo
1423 1531 1476 1559 hac
1502 1540 1532 1559 re
1547 1533 1642 1568 magis
1658 1541 1792 1561 necessa-

972 1575 1060 1602 rium.
1076 1574 1219 1602 Simulare
1245 1578 1342 1602 autem
1368 1578 1396 1603 et
1420 1576 1610 1604 dissimulare
1634 1577 1725 1605 nefas.
1749 1577 1792 1604 En

92 1625 195 1654 λὸντων
224 1623 378 1660 τιθέμενος,
407 1621 451 1648 καὶ
481 1621 549 1658 πρὸς
583 1619 654 1650 ἰδέας
685 1618 916 1656 μεταποιούμενος

1007 1627 1107 1646 νιιωιὶῐῃ
1123 1627 1211 1654 quam
1230 1628 1382 1655 nunquam
1398 1628 1454 1648 non
1471 1621 1614 1656 sequeris,
1626 1622 1745 1649 modum
1763 1622 1792 1649 in

91 1670 247 1708 κρείττονας
265 1677 271 1684 ·
289 1668 326 1703 μὴ
343 1665 438 1696 δεινῶς
466 1666 517 1700 τήν
533 1664 646 1692 σεαυτοῦ
677 1662 829 1700 μεθοδεύων
846 1673 917 1708 χρη-

92 1706 223 1751 στότητρ,
252 1711 314 1740 ἀλλ’
341 1710 480 1744 ἐπιεικῶς,
507 1709 625 1746 ἀφελῶς.
653 1707 737 1744 El’mp
766 1708 818 1744 γὰρ
848 1706 917 1751 ἄλλο

92 1770 119 1786 τι
147 1761 187 1793 τῷ
207 1757 331 1793 ἀρχιερεῖ
354 1756 407 1781 τῶν
431 1753 646 1791 ἀναγκαιοτάτων
675 1752 743 1785 ἐστὶ,
771 1754 864 1784 ταῦτα,
895 1750 917 1777 εἶ

95 1802 199 1830 δύναιο.
238 1800 364 1838 Τρόποος
407 1796 437 1824 Si
475 1797 521 1825 καὶ
562 1795 803 1832 ἐπιτετηδευμένας
846 1793 917 1824 ἰδέας

974 1663 1122 1697 omnibus,
1140 1664 1168 1690 in
1180 1664 1276 1691 verbis
1287 1667 1314 1691 et
1330 1664 1357 1691 in
1375 1664 1444 1692 ludo
1459 1665 1523 1700 ipso
1539 1665 1715 1693 adhibendo.
1732 1665 1791 1693 Cre-

972 1710 1034 1735 tera
1049 1707 1164 1735 obvioni
1180 1710 1207 1735 et
1223 1709 1404 1743 contemptui
1421 1710 1512 1736 trade.
1540 1710 1690 1742 Quomodo
1713 1710 1792 1738 enim

972 1751 1047 1786 quod
1066 1751 1129 1778 sine
1153 1751 1293 1779 dedecore
1319 1752 1451 1788 proloqui
1477 1761 1533 1780 non
1558 1753 1650 1789 ausis,
1676 1761 1706 1781 re
1729 1753 1793 1789 ipsa

974 1795 1072 1830 perﬁci
1089 1803 1156 1822 cum
1173 1795 1276 1822 decere
1292 1795 1407 1830 possit?

95 1845 240 1884 πεοίεργόν
257 1837 312 1872 έστι
329 1845 499 1881 προσποιεῖν.
515 1840 626 1871 Τούτοις
641 1840 763 1877 κέχρησο
778 1840 816 1876 μή
831 1839 898 1866 κατὰ
911 1837 1050 1875 περίοδον,
1068 1837 1141 1865 ἀλλὰ
1155 1838 1222 1865 κατὰ
1244 1839 1384 1876 συνέχειαν
1396 1848 1403 1854 ·
1419 1839 1463 1866 καὶ
1489 1839 1521 1867 τὸ
1546 1840 1644 1878 μέτρον
1668 1840 1694 1868 ἐν
1715 1841 1797 1868 ἅπασι

96 1881 227 1931 φύλαττε,
243 1889 268 1916 έν
286 1887 399 1923 λέξεσιν,
417 1887 452 1931 te
463 1884 796 1931 butliaqrnibppam.‘fb
812 1882 840 1911 δὲ
855 1883 921 1920 ὑπὲρ
937 1885 1016 1910 τοῦτο
1033 1881 1098 1920 ἄφες
1121 1885 1180 1914 τοῖς
1195 1882 1268 1910 κάτω
1284 1883 1386 1921 βυθοῖς.
1403 1884 1437 1911 Τὸ
1453 1885 1504 1922 γὰρ
1522 1885 1559 1921 μὴ
1578 1885 1676 1923 μέχρις
1698 1885 1799 1923 ὀνόμα-

95 1925 143 1967 τος
161 1934 290 1971 εὐπρεπὲς
307 1934 364 1963 πῶς
380 1931 410 1958 ἂν
425 1929 467 1966 εἴη
483 1930 669 1968 πραττόμενον
685 1925 810 1964 εὖσεϐέςς

411 1984 447 2012 I".
464 1985 512 2020 Τῷ
527 1983 614 2019 αὐτῷ.

134 2032 234 2061 Ὀντος
263 2027 421 2066 ἀναγκαίου,
451 2026 568 2065 φιλτάτη
598 2027 688 2063 ψυχὴ,
712 2024 809 2053 ιῗδέναι
837 2036 874 2059 σε,
899 2024 926 2052 τί

100 2077 148 2113 μὲν
167 2075 258 2113 ὅρκος,
273 2073 299 2101 τί
315 2072 343 2100 δὲ
359 2071 458 2107 ἀληθὲς
476 2081 482 2087 '
499 2071 543 2098 καὶ
558 2071 584 2098 τί
616 2071 662 2107 μὲν
693 2070 785 2109 φιλίας
816 2070 926 2106 θεσμὸς,

96 2122 124 2148 τί
153 2119 183 2147 δὶ
206 2119 342 2157 ἱερατικὸς
367 2117 477 2153 θεσμὸς,
500 2118 553 2143 τῶν
581 2114 674 2143 ἄλλων
699 2115 744 2142 καὶ
769 2113 885 2151 μᾶλλον,
910 2113 927 2148 ἢ

98 2165 143 2193 ὅτι
172 2165 203 2192 τὸ
242 2162 406 2202 ἐπιφώνημα
440 2159 524 2198 λόγος
550 2159 621 2187 ἐστὶν
649 2158 693 2186 ἐπὶ
721 2161 760 2194 τῷ
787 2159 929 2195 πράγματι

99 2209 198 2245 ἔξωθεν
229 2208 291 2245 παρ’
318 2208 398 2242 ἡμῶν
428 2203 588 2242 λεγόμενος,
601 2204 646 2231 καὶ
674 2205 691 2238 ἡ
717 2202 844 2240 περίοδος
859 2202 931 2230 πολ-

99 2254 164 2286 λοῖς
189 2252 337 2280 ὑποπίπτει
358 2249 402 2278 καὶ
428 2248 568 2279 ποικίλοις
592 2251 651 2279 τοῖς
668 2249 803 2286 σχήμασι,
820 2248 863 2275 καὶ
889 2247 930 2274 ὅτι

1306 1981 1355 2009 ΙΙΙ.
1372 1982 1477 2010 Eidem.

1017 2026 1056 2053 Te
1069 2025 1144 2053 scire
1155 2025 1264 2053 clarum
1277 2028 1332 2059 est,
1342 2026 1387 2053 vir
1397 2027 1579 2062 charissime,
1593 2029 1664 2064 quid
1676 2029 1805 2064 sitjurtv

982 2069 1199 2104 mentum,quid
1212 2069 1410 2105 veritas;quod
1422 2071 1556 2098 amicitias
1562 2072 1806 2108 vinculum,quod

982 2114 1027 2142 lex
1042 2116 1241 2141 sacrosancta.
1258 2116 1381 2150 Insuper
1395 2114 1486 2142 latere
1500 2118 1527 2143 te
1544 2124 1601 2143 non
1618 2119 1713 2152 potest
1728 2117 1806 2152 quod

984 2158 1179 2194 epiphonema
1191 2160 1235 2186 est
1246 2159 1391 2186 sententia
1403 2160 1438 2186 de
1449 2168 1478 2187 re
1491 2159 1621 2195 qualibet
1641 2161 1764 2198 prolata,
1781 2164 1810 2189 et

985 2204 1062 2239 quod
1075 2203 1212 2239 periodus
1225 2203 1383 2231 multorum
1396 2204 1578 2233 schematum
1591 2205 1700 2233 formas
1716 2209 1811 2242 potest

986 2248 1123 2281 induere;
1141 2247 1219 2282 quod
1231 2250 1404 2283 argumenta
1416 2252 1532 2276 suntex
1544 2252 1625 2285 parte
1637 2250 1810 2286 apodictica,

101 2301 158 2326 τῶν
186 2294 411 2334 ἐπιχειρημάτων
434 2294 468 2321 τὰ
494 2293 541 2330 μέν
564 2293 633 2320 ἐστιν
658 2291 844 2326 ἀποδεικτικαὶ,
860 2291 915 2319 πολ

1007 2303 1022 2322 c
1047 2294 1317 2329 interpretationem
1345 2294 1551 2322 multimodnm
1576 2296 1753 2330 admittunt;
1778 2305 1813 2324 ex

102 2343 157 2377 λῆς
196 2333 342 2378 ἑρμηνείας
382 2336 509 2374 δεόμενα,
538 2336 600 2371 ἤτοι
644 2335 814 2373 ἐναγωνίου³
843 2335 877 2362 τὰ
905 2333 933 2362 δὲ

100 2385 278 2424 πανηγυρικά
294 2392 301 2399 ·
327 2383 372 2410 καὶ
395 2380 496 2414 τάλλα,
513 2380 600 2408 ὁπόσα
628 2382 677 2415 τῆς
707 2383 758 2415 σῆς
784 2379 932 2417 ῥητορικῆς

101 2430 275 2468 σοφίσματος
298 2427 344 2455 καὶ
367 2426 557 2464 τεχνάσματος
580 2441 615 2446 -
639 2425 781 2461 θαυμάζω,
805 2424 882 2468 duo):
906 2433 935 2450 σε

101 2467 327 2510 τὸντηλικοῦτον
354 2471 399 2498 καὶ
428 2470 640 2507 ἀναγκαιότατον
660 2471 773 2507 πρᾶγμα
802 2467 934 2497 διέλαθεν,

102 2518 190 2548 Ἀλλ’
221 2517 348 2549 ὑπόθεσιν
378 2515 425 2552 μὲν
464 2514 682 2550 κατασκευάζων,
709 2513 864 2549 οἰκονομεῖν
889 2512 935 2540 τὸν

103 2564 193 2602 λόγον
237 2561 388 2596 ἰπίστασαι,
417 2555 630 2596 περιλαμϐάνων
669 2557 819 2602 πολλάκις,
843 2556 868 2584 ἐν
887 2557 937 2602 γτῇ

105 2601 238 2646 διῄγήσει
265 2605 296 2633 τὸ
319 2603 510 2643 παρεληλυθὸς
539 2604 588 2630 τοῦ
615 2604 722 2640 καιροῦ,
746 2601 790 2629 καὶ
809 2601 938 2646 ἀποπλη-

106 2655 165 2690 ρῶν
196 2649 374 2680 ἒνδιασκεύως
410 2649 442 2676 τὸ
481 2648 536 2675 ἅνω
574 2647 665 2684 μέρος,
696 2647 732 2678 ὡς
768 2646 799 2673 οὐ
830 2645 938 2690 μέλλων

107 2689 276 2735 ἐνοχλήσειν
290 2697 349 2726 τοῖς
365 2693 458 2724 αὐτοῖς
475 2691 520 2720 διὰ
541 2693 591 2726 τήν
617 2693 671 2719 τῶν
701 2690 859 2728 μελλόντων
886 2689 942 2718 δια-

107 2742 256 2770 τύπωσιν·
282 2738 386 2767 ἁπλοῦν
417 2736 445 2765 δέ
482 2748 508 2764 τι
539 2739 652 2774 πρᾶγμα
679 2735 876 2772 διατιθέμενος,
902 2735 941 2771 μή

111 2786 245 2824 δεόμενον
272 2782 385 2812 πολλῶν
413 2781 594 2820 περιστάσεων
633 2780 705 2819 μηδὲ
742 2779 942 2818 ποικιλωτέρας

989 2341 1069 2374 parte
1085 2339 1340 2375 panegyrioaﬁsec
1356 2339 1456 2366 omnia
1471 2342 1548 2367 certe
1572 2340 1723 2368 rhetoricas
1750 2343 1812 2369 stu-

989 2383 1085 2411 dendo
1098 2383 1247 2411 edidicisti
1264 2391 1269 2410 :
1288 2383 1357 2419 quid
1375 2383 1466 2419 igitur
1480 2392 1539 2411 non
1555 2384 1663 2412 mirum
1677 2386 1727 2420 sit,
1752 2394 1813 2414 rem

990 2427 1121 2456 omnium
1129 2435 1256 2455 maxtme
1263 2428 1459 2455 necessariam
1472 2430 1500 2455 te
1512 2428 1628 2464 fugere?
1641 2429 1814 2465 Exemplum

991 2471 1110 2499 ati‘eram
1139 2479 1146 2499 :
1172 2471 1281 2499 Orandi
1305 2474 1398 2500 artem
1424 2472 1574 2507 possides;
1600 2481 1663 2509 quas
1691 2475 1816 2503 antehac

992 2515 1069 2543 facta
1092 2517 1172 2549 sunt,
1197 2515 1365 2543 narratione
1387 2516 1460 2544 scite
1485 2517 1688 2552 complecteris
1718 2518 1759 2546 ita
1783 2521 1817 2547 ut

992 2568 1058 2587 cum
1076 2559 1164 2588 rebus
1179 2559 1287 2587 futuris
1308 2559 1338 2587 in
1364 2561 1530 2588 auditorum
1556 2561 1654 2589 animo
1677 2563 1818 2592 confundi

994 2606 1150 2640 nequeant.
1168 2605 1249 2638 Quod
1265 2604 1289 2632 si
1305 2604 1453 2641 negotium
1478 2605 1603 2642 simplex
1628 2608 1816 2636 tractandum

994 2649 1082 2683 venit,
1099 2649 1215 2684 etquod
1232 2649 1407 2685 ambagibus
1423 2649 1537 2685 rejectis
1555 2659 1642 2686 parvo
1659 2651 1817 2680 rhetorices

996 2696 1138 2730 apparatu
1163 2695 1333 2721 contentum
1364 2697 1418 2726 est,
1447 2695 1497 2730 qui
1534 2695 1640 2723 modus
1674 2696 1817 2723 adhiben-

997 2739 1053 2766 dus
1067 2738 1117 2769 sit.
1142 2738 1279 2774 ignorare
1302 2738 1420 2770 videris.
1449 2739 1595 2775 siquidem
1619 2740 1682 2767 sols
1705 2740 1819 2768 theoria

999 2791 1072 2811 usus
1100 2783 1203 2818 praxin
1220 2782 1354 2819 negligis.
1375 2782 1506 2818 Namque
1522 2783 1682 2819 episcopali
1699 2785 1814 2813 muneri
