1953 3047
176 151 253 182 H67

845 143 1056 174 MICHAELIS
1080 143 1216 174 PSELLI

1809 144 1886 175 “68

174 216 393 253 sophismatum
409 219 498 241 usum
513 210 631 247 penitus
647 217 783 238 recusare
797 209 842 238 fas
861 217 919 237 non

1114 209 1234 243 ισκευῆς,
1251 208 1300 236 οὐκ
1326 208 1377 237 οἷδ’
1398 209 1472 240 ὅπως
1495 209 1545 244 τήν
1569 209 1682 246 ἀρίστην
1713 207 1885 248 ὗπερϐαίνεις

176 261 313 298 quamvis
324 267 382 295 quo
394 257 569 294 profundius
583 255 650 292 quis
664 255 847 291 sophismata
862 255 1001 287 sectatur,

177 319 211 338 eo
225 309 341 345 longius
356 308 392 335 ab
414 304 574 342 episcopali
593 304 736 338 dignitate
756 303 888 330 recedere
903 302 1002 330 videa-

176 357 235 382 tur.
253 354 289 381 At
301 355 332 380 tu
344 351 463 387 quidem
476 358 534 377 non
548 349 573 376 is
585 347 691 375 videris
703 347 754 383 qui
770 347 916 382 majorum
932 354 1002 374 con-

176 397 384 427 suetudinibus
399 395 554 429 valedicas,
571 401 666 428 neque
682 394 711 420 te
725 399 792 418 cum
814 391 1002 418 Cretensibus

176 441 360 471 cretizissare
376 439 512 473 dixerim,
528 439 562 465 ut
577 439 621 464 est
635 437 666 463 in
682 435 848 463 Proverbio.
874 437 894 461 E
919 435 1003 463 Creta

175 495 229 523 ego
245 493 303 514 non
319 492 397 518 sum,
413 491 466 511 nec
482 483 596 510 huncce
611 481 750 508 honorem
767 479 876 507 ambio.
894 479 1001 506 Rheto-

175 531 234 559 rice
249 538 317 558 cum
333 527 508 565 philosopho
519 525 649 562 loqueris
660 524 733 552 artis
744 528 800 552 tum
811 523 888 551 haud
906 523 1003 559 impe-

174 575 241 610 rito,
257 575 307 602 sed
333 573 385 610 qui
409 570 610 608 philosophari
636 569 734 605 potius
759 577 848 604 quam
873 567 1002 603 argutari

174 619 253 648 velit.
270 619 307 646 Ut
328 625 414 654 porro
440 615 570 652 epistolas
594 617 652 642 tua:
674 613 858 648 aliquantum
881 620 1001 647 respon-

173 665 271 696 deam,
288 663 338 691 ubi
353 664 381 690 te
404 669 491 689 omne
515 668 585 695 erga
608 667 662 686 nos
687 658 818 685 debitum
844 656 1002 684 exsolvisse

175 711 315 737 autumas
331 707 405 735 scito
421 705 500 742 quod
516 704 648 732 debitum
665 711 722 730 non
739 702 827 730 solvit
841 702 891 737 qui
914 700 1003 729 comi-

173 755 219 781 ter
247 751 413 788 respondet,
440 751 592 786 pactorum
618 755 684 775 vero
709 755 766 774 non
783 745 926 774 meminit.
944 745 1003 773 Hoc

176 798 265 826 ﬁdem
281 796 418 824 fraudare
433 796 478 822 est
492 793 713 827 amicitiamque
728 791 836 818 fallere.
860 790 888 817 Si
913 790 1003 825 igitur

175 841 248 870 artis
263 840 416 868 rhetoricas
429 838 554 866 antistes
573 836 714 873 mysteria
739 835 850 863 adultis
876 833 1002 862 revelare

175 885 342 922 presumis,
358 883 565 920 promissoque
583 880 661 908 haud
678 879 806 914 steteris,
822 879 1002 914 adeptosque

177 929 436 964 fefellerie,nonne
451 929 481 955 te
505 925 651 954 mendacii
675 923 820 960 arguont?
843 923 896 951 Ubi
921 922 1000 951 enim

176 983 229 1010 pro
245 976 307 1002 arte
333 981 421 1009 quam
446 980 505 999 non
528 969 656 998 docuisti
684 968 846 996 mercedem
872 967 1000 1004 recipere

176 1027 268 1047 ausus
296 1026 340 1051 es,
364 1018 405 1045 lui
430 1015 542 1052 aliquid
567 1014 633 1042 aliis
660 1012 944 1041 communicaturum
969 1020 1000 1039 es

176 1063 339 1100 professus.
358 1061 448 1094 Quale
474 1059 636 1088 amicorum
658 1057 866 1085 commercium
893 1056 1001 1092 putas?

175 1111 253 1140 Num
275 1111 385 1147 scripta
409 1109 474 1137 sine
498 1116 598 1141 sensu,
621 1106 685 1134 sine
708 1106 830 1134 veritate
851 1113 900 1133 eos
924 1105 1001 1132 inter

175 1156 426 1184 communicatum
441 1153 497 1181 iri?
511 1161 582 1180 num
597 1159 672 1179 vana
687 1150 807 1178 nomina
823 1151 1000 1178 instrumen-

176 1203 274 1228 torum
299 1207 443 1228 caecorum
468 1198 562 1225 instar
583 1196 689 1232 jactari
715 1195 806 1223 reris?
830 1195 877 1222 Sic
901 1195 1000 1222 Ixiona

176 1245 252 1280 apud
269 1244 428 1272 Homerum
440 1243 519 1270 Juno
533 1241 655 1276 decepit.
668 1240 764 1276 Hujus
779 1239 857 1267 enim
874 1239 1000 1275 pulchri-

178 1289 282 1317 tudine
305 1290 389 1324 capto
413 1287 472 1316 Dea
503 1286 581 1314 nube
611 1285 803 1319 circumdata,
828 1284 874 1311 sui
905 1284 999 1319 ipsius

177 1333 369 1362 simulacrum
400 1331 517 1360 obtulit.
543 1333 601 1366 Ego
622 1337 701 1364 vero,
726 1328 810 1357 crede
834 1327 918 1362 mihi,
942 1337 999 1356 non

176 1386 255 1414 sum,
280 1386 375 1414 neque
401 1385 450 1405 ero
475 1376 574 1409 Ixion;
600 1375 736 1402 umbram
764 1381 817 1409 ego
847 1381 999 1409 nunquam

176 1431 229 1458 pro
245 1430 275 1450 re
290 1421 414 1450 habebo.
432 1421 500 1449 Ideo
514 1420 604 1448 etiam
627 1421 720 1446 artem
745 1420 827 1445 tuam
848 1417 906 1450 odi,
931 1417 1001 1453 quia

175 1466 279 1503 puellae
291 1465 428 1494 amabilis
438 1466 535 1500 imago
548 1465 667 1492 est.Non
677 1470 745 1490 vero
755 1462 785 1489 in
802 1461 925 1490 scientia
936 1469 1000 1489 um-

175 1511 286 1543 bratili,
302 1511 352 1538 sed
368 1510 397 1538 in
414 1508 547 1537 veritatis
563 1507 627 1535 luce
642 1507 823 1542 requiescere
843 1505 918 1534 volo.
935 1505 999 1533 Pla-

174 1555 253 1583 tonis
266 1562 383 1590 quoque
398 1553 530 1589 sophista
539 1560 597 1580 non
606 1551 678 1579 mihi
690 1550 849 1586 placet,qui
859 1550 896 1577 ad
904 1549 999 1586 ipsius

176 1601 372 1637 Demiurgum
389 1600 531 1628 libentius
547 1607 674 1627 recurro.
692 1598 732 1626 Ila
751 1598 824 1625 mihi
840 1606 910 1625 sane
934 1606 998 1634 per-

175 1654 297 1674 suasum
313 1647 359 1673 est
374 1653 381 1673 :
399 1645 423 1672 si
440 1644 511 1672 mihi
527 1645 604 1671 male
627 1643 727 1670 famati
752 1643 941 1678 Dobrysoutis
964 1643 998 1678 (ἒ)

175 1691 239 1719 loco
245 1690 375 1727 Elysium
383 1697 520 1725 campum
529 1691 679 1724 pratumve
685 1687 844 1722 asphodelo
851 1687 999 1715 consitum

176 1735 307 1769 offerres,
325 1736 451 1770 putasne
465 1742 511 1761 me
526 1733 680 1760 nominum
697 1731 850 1767 splendore
869 1734 1000 1768 captum,

178 1778 322 1807 delectum
333 1786 398 1807 esse
410 1777 573 1806 facturum?
588 1780 630 1804 An
643 1776 754 1812 aliquid
767 1776 866 1812 magni
878 1778 905 1804 te
915 1776 1000 1804 offer-

176 1833 207 1852 re
223 1823 333 1852 credis?
348 1824 406 1859 Ego
421 1831 515 1859 neque
531 1830 617 1850 omne
632 1824 718 1850 tuum
734 1821 957 1854 monasterium,
975 1821 1000 1849 si

178 1876 245 1896 cum
260 1867 362 1904 impiis
376 1869 478 1902 staret,
505 1870 698 1902 acceptarem.
726 1865 801 1897 Quid
825 1867 923 1893 autem
946 1865 1000 1892 tibi

172 1921 242 1940 cum
259 1912 447 1949 possessione
462 1910 633 1940 commune?
642 1909 742 1938 Nonne
759 1910 839 1937 fraus
850 1910 950 1938 omnia
973 1911 1002 1937 et

173 1956 361 1984 ludibrium?
375 1956 525 1988 Quomodo
540 1963 606 1983 vero
621 1954 759 1990 episcopo
774 1954 898 1990 dignum
920 1954 1000 1982 frau-

177 2001 243 2029 dem
259 2001 335 2029 hanc
350 1999 628 2028 manifestissimum
643 1999 805 2026 excusare?
820 1998 892 2030 Quid
905 2000 916 2025 ἲ
931 2000 1001 2027 tunc

175 2046 250 2074 adeo
266 2044 408 2078 liberalis,
423 2053 476 2081 ego
492 2052 559 2072 vero
587 2043 726 2072 sordidus
754 2044 783 2070 et
797 2043 917 2071 avarus?
925 2043 1000 2071 Cedo

171 2094 226 2122 tibi
243 2103 307 2130 quae
322 2102 449 2122 oceanus
460 2093 626 2121 Atlanticus
641 2092 743 2120 habet?
757 2100 820 2128 quas
836 2092 912 2120 circa
927 2092 1000 2128 Hyr-

172 2139 288 2167 caniam
303 2141 333 2167 et
348 2147 429 2167 mare
443 2137 581 2174 Caspium
598 2137 654 2165 sita
669 2139 755 2171 sunt;
773 2137 847 2164 adde
871 2137 1000 2165 insulam

172 2183 299 2212 Thulefn
315 2186 343 2211 et
359 2183 508 2219 regionem
519 2185 600 2210 extra
611 2181 809 2215 Phasidem,et
818 2190 1000 2218 quaecunque

171 2227 259 2264 plaga
272 2228 482 2262 meridionalis,
500 2230 578 2256 terra
597 2227 675 2255 intra
699 2227 774 2255 duos
799 2227 894 2262 polos,
920 2226 998 2262 regio

1056 252 1214 289 οἰκονομίαν
1245 254 1335 291 ὥσπερ
1365 254 1396 281 τὸ
1425 253 1550 281 λεκτικὸν
1593 253 1677 290 μόνον
1716 254 1800 292 μέρος
1835 258 1883 288 τῆς

1054 297 1156 334 τέχνης
1177 296 1499 336 διακριϐωσάμενος,τὸν
1525 296 1554 325 δὲ
1578 299 1768 336 πραγματικὸν
1799 299 1882 326 τύπον

1055 342 1215 378 ἠγνοηκώς.
1229 343 1299 380 Ἐγὼ
1315 341 1344 370 δὲ
1360 353 1402 370 σοι
1417 343 1448 370 τὸ
1464 342 1509 370 καὶ
1529 343 1591 380 περὶ
1619 343 1682 375 τοὺς
1711 342 1812 380 λόγους
1839 354 1884 370 σο-

1056 386 1177 424 φίζεσθαι
1195 385 1260 424 ἄχρι
1275 390 1326 421 τῆς
1341 387 1536 424 ἀρχιερατικῆς
1553 386 1654 424 δίδωμι
1682 387 1860 424 τελειότητος
1877 397 1883 404 ·

1059 435 1126 470 μετὰ
1139 433 1168 461 δὲ
1182 437 1265 462 ταῦτα
1279 434 1341 463 οὐδὲ
1353 435 1480 473 τεχνίτην
1497 446 1526 463 σε
1540 437 1588 462 τοῦ
1613 435 1696 473 λόγου
1724 436 1885 474 προσίεμαι,

1058 478 1116 505 οὐδ’
1132 478 1157 506 εἴ
1174 479 1267 507 πολλὰ
1281 480 1397 516 κάμνοις
1421 479 1568 518 ἐπιχειρῶν
1588 481 1784 518 τεχνικώτατα.
1801 482 1885 510 ’Ὁσον

1055 524 1106 560 γὰρ
1133 524 1170 555 εἰς
1198 525 1247 558 τήν
1275 526 1434 562 σοφιστικήν
1472 522 1645 561 ἐμϐαοῦνεις,
1672 528 1802 553 τοσοῦτον
1835 530 1887 560 τῆς

1056 568 1130 605 ἱερᾶς
1147 569 1274 606 ἆποικίζῃ
1293 569 1465 608 φιλοσοφίας.
1482 568 1573 597 Ἀλλὰ
1593 569 1624 596 σύ
1655 580 1702 606 μοι
1727 568 1817 602 δοκεῖς
1847 572 1886 607 μή

1056 612 1208 650 ἀναχωρεῖν
1235 613 1337 645 ἐθέλειν
1362 616 1415 641 τῶν
1438 613 1561 652 ἀρχαίων
1582 615 1656 648 ἠθῶν
1673 623 1681 631 ·
1707 615 1752 642 καὶ
1781 616 1832 642 οὐκ
1858 615 1887 642 ἂν

1056 656 1173 694 εἶ’ποιμι,
1190 657 1230 684 ὅτι
1246 659 1314 696 πρὸς
1331 659 1424 695 Κρῆτα
1437 658 1575 696 κρητίζεις
1589 661 1681 695 (τοῦτο
1712 657 1744 692 δὴ
1775 660 1806 686 τὸ
1834 663 1887 693 τῆς

1055 702 1226 739 παροιμίας).
1250 704 1322 740 Κρὴς
1351 703 1401 741 γὰρ
1426 702 1482 730 οὔτ’
1508 703 1576 740 εἰμὶ,
1603 702 1659 730 οὔτ’
1684 703 1786 736 ἐκεῖθεν
1817 704 1885 731 εἶναι

1058 743 1241 783 βεϐούλημαι.
1264 748 1335 785 Πρὸς
1365 746 1393 775 δὲ
1417 746 1568 786 φιλόσοφον
1593 747 1762 786 ῥητορεύεις,
1793 747 1886 775 εἰδότα

1057 790 1104 826 μὶν
1132 791 1175 818 καὶ
1205 792 1253 825 τὴν
1284 792 1334 826 σὴν
1363 792 1472 830 τέχνην,
1489 791 1651 831 φιλοσοφεῖν
1673 791 1702 819 δὲ
1733 791 1840 829 μᾶλλον
1867 794 1884 828 ἢ

1055 835 1222 873 σοφιστεύειν
1251 835 1387 868 ἐθέλοντα.
1416 837 1465 864 Καὶ
1492 835 1538 864 ’ἶνα
1565 847 1608 864 σοι
1640 836 1731 874 βραχύ
1759 848 1785 864 τι
1815 838 1886 875 πρὸς

1016 894 1040 927 Β
1054 880 1102 914 τήν
1121 879 1267 915 ἐπιπολὴν
1285 879 1464 917 διαλέξωμαι,
1481 880 1506 908 ἐν
1574 881 1606 909 τὸ
1635 885 1688 908 πᾶν
1717 881 1886 917 ἀποπεπλή-

1057 925 1159 962 ρῶσθαί
1175 936 1216 952 σοι
1230 928 1280 953 τοῦ
1295 926 1362 964 πρὸς
1387 928 1462 962 ἡμᾶς
1487 927 1586 964 χρέους
1615 926 1722 963 ᾠήθης,
1738 926 1788 954 οὐκ
1816 925 1884 961 ἔστι,

1056 969 1211 1007 λογιωτάτη
1227 971 1316 1008 ψυχὴ,
1333 971 1432 1008 χρὲους
1452 969 1628 1008 ὲκπλήρωσις
1656 971 1688 998 τὸ
1716 970 1810 1008 λόγοις
1838 972 1885 1008 μὶν

1054 1015 1224 1042 κατατιθέναι
1240 1015 1286 1045 τὰς
1308 1015 1435 1053 χάριτας,
1451 1013 1541 1053 ἔργοις
1567 1014 1596 1043 δὲ
1622 1014 1712 1052 μηδήν
1743 1018 1796 1043 τῶν
1820 1015 1883 1044 διω-

1055 1059 1256 1096 μολογημένων
1283 1058 1397 1088 διδόναι.
1425 1060 1530 1095 Ἀπάτη
1556 1060 1607 1097 γὰρ
1641 1062 1744 1088 τοῦτο·
1775 1061 1822 1088 καὶ
1852 1061 1884 1088 οὐ

1054 1102 1148 1140 φιλίας
1177 1102 1310 1140 σύνδεσις,
1340 1103 1404 1131 ἀλλ’
1433 1104 1578 1141 ἀναίρεσις.
1605 1104 1704 1133 Ὁπότε
1739 1107 1806 1142 γοῦν
1853 1104 1885 1132 σὺ

1052 1150 1102 1175 τοῦ
1132 1148 1281 1185 ῥητορικοῦ
1315 1148 1489 1184 προύκάθησο
1530 1149 1640 1185 θρόνου,
1666 1149 1689 1176 εἷ
1730 1149 1886 1187 ἐπηγγείλω

1056 1193 1102 1229 μὶν
1132 1193 1165 1220 τὰ
1188 1196 1238 1227 τῆς
1265 1192 1366 1230 τέχνής
1406 1193 1604 1221 ἀνακαλύπτειν
1634 1197 1693 1225 τοῖς
1722 1195 1886 1230 κυουμένοις

1055 1241 1169 1280 ἄρρητα,
1186 1242 1242 1269 εἶτα
1267 1240 1296 1269 δὲ
1319 1244 1400 1269 τοῦτο
1427 1243 1474 1278 μὲν
1493 1243 1543 1270 οὐκ
1567 1242 1678 1278 ἐποίεις,
1702 1243 1884 1281 ἐργαστήριον

1055 1285 1083 1313 δὲ
1108 1297 1135 1313 τι
1166 1286 1308 1324 βαναυσίας
1337 1286 1444 1318 τούτοις
1470 1287 1615 1324 ἀνεώγνυς,
1642 1288 1693 1315 οὐκ
1717 1287 1748 1315 ἂν
1771 1287 1802 1315 σέ
1841 1299 1884 1319 τις

1054 1329 1237 1368 ψευδολογίας
1267 1330 1403 1368 ἐγράψατο
1417 1341 1423 1365 ;
1439 1331 1471 1358 Εἴ
1486 1330 1515 1358 δὲ
1540 1331 1640 1369 τέχνην
1666 1332 1713 1368 μὶν
1729 1334 1805 1368 ἡμᾶς
1835 1333 1885 1360 οὐκ

1054 1374 1214 1412 ὶπηγγείλω
1237 1373 1383 1409 διδάσκειν,
1410 1374 1474 1403 ἀλλ’
1497 1375 1543 1402 οὖν
1573 1377 1635 1414 παιρ⁷
1652 1377 1732 1413 ἡμῶν
1761 1376 1885 1416 εἰλήφεις

1057 1421 1164 1455 μισθὸν,
1180 1420 1197 1454 ἦ
1216 1418 1270 1456 (ἵνα
1288 1421 1324 1456 μὴ
1343 1421 1479 1458 φορτικῶς
1505 1419 1591 1457 λέγω)
1606 1422 1654 1448 τοῦ
1677 1423 1727 1448 σοῦ
1746 1432 1773 1448 τι
1797 1421 1886 1459 προῄ-

1055 1474 1124 1500 ρησο
1153 1464 1285 1502 παρέχειν
1315 1463 1388 1500 ἐμοί.
1415 1464 1514 1493 Ὁποῖα
1539 1463 1568 1491 δὲ
1596 1465 1664 1502 πρὸς
1686 1464 1830 1500 ἀλλήλους
1857 1467 1884 1493 οἱ

1054 1507 1198 1547 φιλοῦντες
1223 1508 1333 1540 εἰώθασι
1369 1506 1566 1544 διαμείϐεσθαι,
1594 1510 1635 1546 ἄρ’
1655 1508 1707 1536 οἴει
1734 1510 1782 1540 τὰς
1815 1520 1882 1548 γρα-

1057 1553 1106 1591 φὰς
1141 1551 1343 1590 ἐκπεφευγέναι,
1380 1552 1483 1580 εἴδωλα
1519 1553 1686 1591 πραγμάτων
1728 1553 1838 1588 ὃιδούςς
1865 1556 1882 1590 ἦ

1058 1596 1129 1633 μηδὲ
1151 1599 1244 1630 τοῦτο,
1261 1596 1324 1625 ἀλλ’
1344 1597 1465 1634 ὀνόματα
1488 1600 1654 1636 πραγμάτων
1681 1596 1781 1636 ἔρημα,
1799 1599 1882 1626 ὁποῖα

1053 1642 1079 1669 οἱ
1109 1641 1150 1669 σοὶ
1180 1640 1321 1678 σκινδαψοὶ
1349 1642 1393 1669 καὶ
1422 1643 1453 1669 τὸ
1488 1642 1718 1680 πολυθρύλλητον
1748 1642 1879 1681 βλίτυρι;

1054 1689 1133 1718 Οὕτω
1162 1692 1227 1727 γοῦν
1253 1690 1299 1717 καὶ
1334 1691 1381 1718 τὸν
1410 1690 1506 1725 Ἰξίονα
1533 1692 1550 1725 ἠ
1577 1693 1626 1718 τοῦ
1654 1692 1778 1729 Ὀμήρου
1806 1693 1881 1730 ’Ἡρα

1054 1734 1203 1769 ἡπάτηκεν.
1221 1735 1295 1762 Ἐπεὶ
1325 1734 1376 1772 γὰρ
1399 1734 1454 1771 ἤρα
1476 1734 1577 1770 ταύτης
1601 1735 1614 1762 ὁ
1635 1735 1722 1773 ἥρως,
1737 1735 1880 1764 καταπλα-

1054 1778 1111 1815 γεὶς
1131 1779 1161 1805 τὸ
1186 1778 1292 1814 ἐκείνης
1310 1778 1426 1813 κάλλος,
1441 1780 1459 1814 ἡ
1476 1778 1504 1806 δὲ
1531 1778 1674 1818 νεφύδριόν
1698 1790 1725 1807 τι
1753 1791 1885 1818 περισπα-

1056 1823 1170 1859 σαμὲνη,
1212 1823 1256 1850 καὶ
1296 1823 1385 1860 τούτῳ
1429 1824 1524 1858 ἑαυτὴν
1555 1823 1693 1860 εἷκάσασα,
1724 1823 1815 1852 ἐδίδου
1843 1827 1883 1861 τῷ

1055 1867 1142 1902 Ἰξίονι
1171 1866 1290 1905 πάροδον
1319 1868 1405 1904 πυρὸς
1433 1869 1464 1895 τὸ
1493 1867 1619 1896 εἴδωλον.
1647 1868 1725 1897 Ἀλλ’
1753 1869 1808 1906 ἐγώ
1830 1880 1883 1902 σοι,

1057 1911 1216 1950 λογιώτατε,
1233 1912 1318 1946 Ἰξίονι
1345 1910 1407 1940 οὔτε
1436 1910 1582 1949 εῗμὶ,οῧτε
1607 1911 1716 1949 ἔσομαι,
1743 1912 1806 1940 οὐδὲ
1834 1917 1885 1948 τῆς

1054 1958 1107 1983 τῶν
1133 1956 1302 1993 πραγμάτων
1333 1955 1426 1987 οὐσίας
1454 1956 1488 1984 τὰ
1525 1955 1628 1984 εἷ’δωλα
1664 1958 1882 1994 προτιμήσαιμι.

1056 2005 1105 2032 Διά
1117 2008 1201 2033 ταῦτα
1212 2007 1276 2043 γοῦν
1305 2005 1349 2033 καὶ
1372 2006 1421 2040 τὴν
1453 2006 1501 2040 σὴν
1529 2005 1628 2043 τέχνην
1660 2009 1744 2042 μισῶ,
1760 2006 1802 2034 ὅτι
1831 2017 1881 2034 πο-

1055 2053 1145 2084 θεινῆς
1175 2049 1229 2076 tm
1257 2049 1352 2087 κορίου
1381 2048 1508 2078 ε’ίὸωλον.
1534 2050 1585 2078 Καὶ
1609 2048 1673 2077 οὐδὶ
1701 2050 1727 2078 ἐν
1755 2052 1790 2088 τῇ
1820 2053 1883 2086 σχιᾷ

1053 2096 1102 2121 τοῦ
1117 2095 1280 2132 γράμματος
1294 2094 1479 2130 ἀναπαύομαι,
1497 2093 1560 2122 ἀλλ’
1576 2094 1602 2122 ἐν
1621 2097 1660 2131 τῷ
1675 2098 1725 2130 τῆς
1752 2095 1884 2130 ἀληθείας

1055 2138 1124 2177 φωτί
1141 2148 1147 2155 ’
1172 2137 1236 2166 οὐδὲ
1263 2139 1309 2165 τὸν
1337 2141 1386 2166 τοῦ
1416 2137 1564 2169 Πλάτωνος
1593 2140 1726 2178 σοφιστὴν
1755 2140 1823 2167 κατά
1851 2139 1882 2166 τὰ

1053 2180 1281 2220 προϐεϐλημένον
1303 2186 1353 2217 τῆς
1391 2181 1488 2218 λέξεως
1519 2181 1648 2221 δέχομαι,
1675 2183 1739 2211 ἀλλ’
1767 2183 1807 2215 εἷς
1835 2184 1881 2211 τὸν

1054 2226 1157 2254 ἐκείνου
1187 2227 1358 2264 δημιουργὸν
1394 2227 1519 2266 ἀναφὲρω
1554 2226 1687 2264 τοῦνομα.
1715 2228 1747 2256 El
1777 2226 1807 2255 δῦ.
1835 2239 1882 2265 μοι

171 2263 346 2309 antipodum
363 2276 453 2302 tenet.
471 2273 650 2301 Charissime
668 2272 767 2307 frater,
793 2271 818 2299 si
844 2270 942 2306 promi:

1125 2274 1173 2298 τοῦ
1191 2263 1335 2311 δυσοήμογυ
1358 2263 1541 2308 Δοϐρόσοντος
1556 2272 1593 2309 (Ῡ)
1617 2263 1648 2300 τὸ
1673 2271 1800 2300 ’Δλύσιον
1831 2263 1883 2300 ἀδί-

171 2320 249 2346 stare
263 2318 293 2346 in
309 2318 408 2346 animo
423 2318 476 2346 tibi
491 2319 578 2352 est,re
592 2324 770 2352 vera,neque
784 2315 923 2343 inanibus
935 2324 942 2337 π

1110 2327 1115 2347 :
1134 2314 1228 2343 πεδίον
1257 2317 1302 2344 καὶ
1330 2316 1376 2344 τὸν
1402 2315 1552 2355 ἀσφοδελὸν
1569 2315 1669 2344 ἐκεῖνον
1688 2315 1823 2353 λειμῶνα,
1841 2318 1881 2355 ἆρ’

171 2361 218 2390 bis
233 2371 288 2391 nos
304 2363 401 2391 adeas.
419 2362 551 2391 Posthac
565 2363 730 2389 Graecorum
747 2359 862 2388 fabulas
887 2362 916 2388 et
940 2369 942 2387 ι

1112 2359 1228 2396 δεξάμην
1244 2360 1289 2388 χαὶ
1318 2362 1412 2395 ταῦτα,
1427 2359 1563 2398 λαμπρῶν
1588 2358 1672 2388 ὅντων
1698 2363 1753 2388 τῶν
1783 2361 1882 2398 ὀνομά-

173 2409 274 2435 menta
290 2407 391 2436 inania
403 2408 456 2435 tibi
473 2407 592 2442 largior.

1120 2407 1179 2439 ;"H
1204 2404 1236 2431 σὺ
1260 2405 1354 2440 ᾠήθης
1380 2404 1409 2431 ἃν
1426 2405 1556 2443 παρεχειν
1577 2405 1603 2432 τί
1620 2415 1667 2441 μοι
1694 2407 1748 2432 τῶν
1773 2405 1878 2441 ὅντων,

169 2449 269 2478 Ὁπότε
298 2449 327 2478 δὶ
354 2451 451 2478 καὶτὸ
479 2451 525 2478 σὸν
555 2450 739 2487 μοναστήριυν
768 2448 834 2484 μετᾶ
855 2450 908 2476 τῶν
939 2447 1052 2476 ἀνοσίων
1077 2448 1239 2487 τεταγμένον
1257 2448 1313 2477 οὔτ’
1328 2447 1382 2477 ἔστι
1412 2459 1456 2477 χαι
1487 2448 1741 2486 δυσωνυμωτάτων,
1763 2449 1878 2487 ἑλοίμην

169 2493 200 2521 ἂν
226 2495 276 2529 τήν
305 2494 407 2534 δωρεὰν
436 2498 480 2523 καὶ
509 2497 558 2530 τήν
589 2494 751 2532 ἀνυπαρξίαν
781 2495 829 2520 τοῦ
856 2494 1038 2531 πράγματος;
1067 2492 1170 2525 Ἣδὲως
1198 2492 1222 2520 δ’
1250 2494 1280 2520 ἄν
1310 2504 1358 2521 σου
1386 2493 1536 2530 πυθοίμην,
1563 2494 1591 2521 τί
1623 2493 1656 2529 δή
1686 2505 1728 2522 σοι
1758 2495 1804 2522 καὶ
1833 2498 1880 2529 τῆς

168 2538 290 2572 κτήσεως
319 2540 509 2578 προσεγένετο,
539 2539 606 2575 ἐμοῦ
635 2538 673 2574 μὴ
703 2537 924 2575 προσειληφότος
952 2537 982 2564 τὸ
1008 2539 1131 2575 πρᾶγμα.
1163 2537 1199 2564 Οὐ
1228 2538 1259 2565 τὸ
1292 2540 1344 2565 πᾶν
1373 2538 1462 2572 ἀπάτη
1486 2538 1532 2565 καὶ
1560 2537 1648 2575 γέλως
1675 2539 1719 2566 καὶ
1750 2541 1791 2574 τῷ
1820 2536 1877 2567 ὄντι

170 2582 265 2619 βαθεῖα
293 2584 464 2622 φενάκη;Τὸ
493 2582 522 2611 δὲ
550 2583 596 2611 καὶ
626 2582 821 2620 ἀπολογεῖσθαι
850 2582 913 2620 περὶ
941 2581 1012 2609 οὕτω
1041 2584 1141 2621 σαφοῦς
1170 2581 1318 2619 χλευασίας
1347 2582 1392 2610 καὶ
1420 2581 1707 2619 εἷρωνείας,πήλίκον
1733 2593 1778 2610 τοι
1794 2582 1832 2614 εἰς
1847 2582 1877 2609 τὸ

169 2625 268 2663 μίτρον
294 2630 344 2662 τῆς
375 2627 580 2666 ἀρχιερωσύνης
609 2626 703 2662 δοκεῖ,
720 2625 840 2664 Ἀρόὖν
867 2627 899 2654 σὺ
928 2626 974 2661 μὶν
1006 2625 1077 2654 οὕτω
1106 2625 1333 2665 φιλοτιμότατος,
1358 2626 1410 2664 ἐγὼ
1440 2625 1469 2654 δὲ
1492 2626 1678 2665 σμικρολόγος
1706 2628 1751 2654 καὶ
1779 2625 1877 2666 φειδω-

168 2669 240 2706 λός;
271 2671 490 2710 Ἀντιδωροῦμαι
521 2671 553 2708 ’δή
590 2683 643 2707 σοι,
674 2669 760 2699 ὁπόσα
791 2671 837 2708 μὲν
869 2672 882 2699 ὁ
903 2671 1044 2708 Ἐσπὲριος
1073 2670 1190 2703 ὠκεανὸς
1221 2669 1290 2709 ἔχει,
1313 2672 1401 2699 ὁπόσα
1431 2670 1458 2698 δὲ
1487 2671 1562 2702 ἐντὸς
1590 2671 1728 2709 Ὑρκανίας
1758 2671 1803 2699 καὶ
1831 2674 1878 2709 τῆς

166 2714 290 2747 Κασπίας
319 2716 455 2753 θαλάττης
483 2717 549 2751 ἐστὶ,
579 2717 624 2744 καὶ
653 2717 702 2750 τὴν
733 2716 840 2751 Θούλην
870 2716 919 2750 τὴν
946 2718 1039 2750 νῆσον,
1067 2716 1112 2742 καὶ
1140 2716 1174 2743 τὰ
1202 2715 1276 2746 ἐκτὸς
1303 2715 1431 2750 Φάσιδος,
1460 2717 1504 2743 καὶ
1535 2716 1622 2743 ὁπόσα
1650 2717 1667 2750 ἡ
1699 2713 1874 2753 μεημῦρινὴ

166 2759 327 2801 περιείληφε
355 2765 403 2799 γῆ,
420 2762 444 2797 ὅ,
456 2773 482 2789 τι
513 2772 541 2788 τε
568 2761 642 2792 ἐντὸς
671 2760 804 2798 ἑκατέρων
830 2762 884 2787 τῶν
917 2759 1062 2798 ὀμφαλῶν,
1091 2761 1134 2788 καὶ
1165 2760 1198 2788 τεὶ
1225 2763 1278 2788 τῶν
1309 2761 1440 2789 ἀντοίκων
1469 2760 1514 2788 καὶ
1545 2759 1690 2796 ἀντιδόξων
1721 2761 1874 2797 ξύμπαντα.

167 2803 285 2834 Φίλτατε
312 2805 423 2844 ἀδελφὲ,
453 2805 587 2842 σύντομόν
617 2815 660 2832 σοι
688 2803 772 2842 λόγον
799 2803 853 2840 ἐρῶ
870 2814 876 2821 '
894 2804 916 2832 εἰ
950 2805 997 2841 μὶν
1025 2804 1120 2843 βούλει
1150 2805 1183 2832 τὰ
1213 2805 1264 2840 τῆς
1292 2806 1360 2843 πρὸς
1389 2807 1464 2843 ἡμᾶς
1491 2803 1657 2843 ἐπαγγελίας
1685 2804 1825 2843 πληροῦν,
1851 2803 1877 2832 ἐν
