1953 3047
131 121 208 151 1169

875 120 1090 150 ΕΡῘΒΤΟΜΕ.

1754 125 1832 154 M70

126 184 281 224 πράγμασιν
298 186 378 222 ἡμῖν,
392 185 465 213 ἀλλὰ
482 186 520 221 μή
537 185 562 212 ἐν
577 184 690 222 ὀνόμασι
706 184 789 222 κόρου
805 185 855 219 τήν
872 183 984 222 δωρεάν.
1003 185 1032 213 Ei
1050 184 1072 212 δ’
1089 185 1144 220 οὖν,
1163 189 1323 224 παραχωρῶ
1339 197 1380 214 σοι
1395 190 1476 215 τοῦτο
1503 189 1570 224 μετὰ
1590 191 1643 216 τῶν
1658 188 1831 225 Ἑλληνικῶν

122 231 218 268 μύθων
233 231 278 258 καὶ
290 229 465 267 ἀνυπάρκτων
477 230 656 267 πλασμάτων.

282 287 316 312 Δ’.
334 284 404 322 Πρὸς
416 284 461 311 τὸν
476 285 597 322 Καίσαρα
610 284 654 311 τὸν
672 284 791 312 Acin:qu

158 328 269 356 Πίστευέ
297 339 356 365 μοι,
388 329 520 365 ὑπὲρτιμε
557 328 684 364 δέσποτα,
714 330 759 356 καὶ
797 328 864 366 ὑπὲρ
900 331 951 355 πᾶν

122 371 211 409 ὄνομα
242 373 287 400 καὶ
317 373 436 410 ἀξίωμα,
453 374 548 411 μάγοι,
562 373 608 400 ’ίνα
632 373 717 404 οὕτως
746 373 826 408 εἶ’πω,
852 373 895 399 καὶ
927 372 952 399 οἱ

120 417 220 456 τρόποι
247 418 413 455 τυγχάνουσι
444 420 488 444 καί
517 419 545 445 οἱ
576 418 655 455 λόγοι
680 429 738 452 σου,
751 418 796 445 καὶ
822 416 953 455 ἀρρήτοις

127 461 256 499 δυνάμεσι
281 463 331 496 τήν
354 462 423 499 ἐμὴν
449 463 540 500 ψυχὴν
566 462 772 499 καταθέλγουσι.
800 462 848 490 Καὶ
870 463 951 488 τοῦτο

122 509 171 542 ζῶ,
199 507 212 534 ὃ
241 506 335 544 βλέπω
360 508 388 534 σὲ
405 517 410 523 ·
436 508 479 534 καὶ
515 507 594 535 τοῦτο
623 507 757 541 ἀναπνέω,
780 507 795 534 ’ὀ
822 508 871 538 τῆς
902 510 950 540 σῆς

121 551 217 579 ἀκούω
233 555 324 590 φωνῆς
343 562 348 568 ·
364 551 410 579 καὶ
425 554 505 579 τοῦτο
521 552 621 590 χαίρω,
639 552 652 578 ὃ
668 554 728 582 τοῖς
745 553 802 581 σοῖς
818 550 950 587 ἐντυγχά-

121 607 158 623 νω
173 596 329 634 γράμμασι.
348 596 412 634 Περὶ
428 596 459 623 οὔ
485 596 517 631 δὴ
543 597 698 634 ἠρώτησας,
716 595 856 632 συντόμως
883 595 949 622 ἀπο-

121 640 250 678 κρίνομαί
267 651 308 667 σοι
326 650 332 655 ·
350 653 364 666 ‹‹
387 639 484 671 Οὐδεὶς
512 642 586 676 ἡμᾶς
609 640 789 676 ἐμισθώσατο.
808 652 821 665 n
838 638 950 666 Δὲδοικα

123 685 152 712 δὲ
166 685 211 712 ἳνα
227 686 265 721 μή
279 685 324 712 καὶ
338 687 419 712 τοῦτο
436 685 543 712 ἀκούσω
562 695 568 701 ·
588 697 601 711 u
619 685 734 722 Ἑταῖρε,
751 687 809 716 πῶς
824 683 949 716 εἴσῆλθες

123 742 137 755 ‹‹
157 729 220 763 ὦδε,
253 729 291 765 μή
322 728 393 766 ἔχων
425 727 526 765 ἔνδυμα
551 730 663 766 γάμους
680 742 691 756 ι
724 729 764 757 Οὐ
784 729 835 766 γὰρ
851 727 910 756 οἶδα
926 728 948 755 εἰ

123 773 288 810 ἀποδέχεται
323 775 372 808 τὴν
407 773 554 811 παρουσίαν
585 785 638 810 μου
667 775 681 801 ὁ
707 774 844 805 Θειότατος
866 774 948 809 ἡμῶν

127 817 254 856 βασιλεύς
268 827 273 833 ·
290 819 321 845 τὸ
337 818 388 856 γὰρ
404 819 550 855 πρόσωπον
569 818 651 846 αὐτοῦ
671 818 708 847 εἷς
731 819 805 855 ἡμᾶς
833 817 888 854 οὐχ
911 817 949 849 ὡς

123 864 189 900 χθὲς
218 862 262 890 καὶ
290 863 385 901 τρίτην
415 864 530 899 ἡμέραν.
547 862 623 898 Πλὴν
652 862 780 890 οὐδεποτε
807 861 947 892 παντελῶς

123 908 324 944 ἀποστήσομαι,
351 906 399 934 κᾶν
425 907 536 945 ἐξελάσῃ
564 907 668 945 βιαίως,
693 907 740 935 κᾶν
781 907 847 943 μετᾶ
874 906 947 941 πλη-

121 955 188 990 γῶν,
213 951 261 979 κᾶν
292 953 349 989 μεθ’
366 950 468 989 ὕϐρεων
487 962 493 969 ·
521 953 560 988 μὴ
586 952 656 979 οὕτω
685 952 796 989 μανείην
823 951 898 980 ποτὲ.
915 951 948 979 El.

121 998 173 1035 γὰρ
196 997 241 1024 καὶ
266 997 335 1035 πρὸς
365 996 414 1033 ἐμὲ
442 997 625 1034 ἀπόστροφος,
650 997 723 1024 ἀλλὰ
754 997 874 1034 χρηστὸς
903 996 947 1023 καὶ

123 1041 329 1080 φιλάνθρωπος.
353 1040 453 1079 Αὔριον
486 1041 531 1068 οὖν
559 1042 604 1069 καὶ
630 1041 786 1078 ἐλεύσομαι,
810 1041 854 1068 καὶ
884 1041 949 1068 ἀκο-

123 1085 224 1124 ρὲστως
239 1085 440 1114 καταπολαύσω
459 1097 507 1114 σου
522 1090 571 1121 τῆς
587 1086 657 1123 ἐμῆς
675 1087 767 1123 ψυχῆς
789 1085 834 1113 καὶ
859 1086 948 1119 πνοῆς

122 1131 167 1158 καὶ
185 1133 267 1166 ζωῆς.

430 1176 468 1204 Ε”.
488 1177 531 1212 Τῷ
551 1176 637 1212 αὐτῷ.

160 1218 217 1247 Οὐκ
231 1219 287 1247 ἔστι
301 1230 343 1250 τις
357 1219 455 1256 ὅμοιός
481 1230 535 1256 σοι,
557 1219 673 1248 δέσπυτα
701 1219 880 1258 χρηστότατε,
902 1218 948 1246 ’ίνα

124 1263 168 1290 καὶ
193 1266 272 1291 τοῦτο
301 1264 474 1302 θαρρούντως
496 1263 615 1301 εἴποιμι,
639 1263 701 1292 οὕτε
723 1265 773 1299 τὴν
798 1264 946 1298 καλλονήν,

125 1306 188 1334 οὕτε
215 1308 264 1342 την
292 1309 433 1346 φρόνησιν.
453 1309 525 1346 Λὲγω
551 1308 579 1336 δὲ
602 1311 693 1344 τοῦτο,
719 1307 894 1343 ἀποϐλέπων,
911 1309 948 1340 εἷς

124 1353 170 1380 τὸν
202 1353 302 1380 σκοπὸν
330 1355 384 1379 τῶν
411 1354 478 1391 πρὸς
507 1353 555 1390 ἐμὲ
583 1365 630 1381 σου
657 1354 836 1392 γραμμάτων.
861 1354 948 1390 Ὁμοῦ

123 1407 153 1424 τε
168 1398 217 1435 γὰρ
234 1397 278 1424 καί
294 1399 361 1434 ἡμῖν
379 1398 416 1429 εἷς
439 1399 611 1435 παραμυθίαν
633 1398 740 1426 ’ίστασαι
767 1399 811 1426 καὶ
835 1401 874 1434 τῷ
900 1409 947 1434 με-

125 1441 203 1480 γάλῳ
221 1440 327 1479 βασιλεῖ
341 1443 386 1470 καὶ
402 1442 511 1481 ἀδελφῷ
535 1454 583 1470 σου
608 1444 658 1478 τήν
681 1445 871 1481 προσήκουσαν
893 1443 947 1470 σώ-

128 1490 181 1522 ζεις
207 1486 357 1523 ὑπόληψιν,
383 1489 428 1514 καί
451 1487 573 1525 συνάγεις
596 1489 646 1522 τήν
677 1487 746 1524 ἐμὴν
769 1488 881 1526 γνώμην
911 1487 949 1518 si;

124 1532 173 1566 τήν
197 1530 279 1570 ἄκραν
303 1531 406 1559 ἐκείνου
428 1532 516 1559 πίστιν
540 1543 570 1559 τε
593 1533 637 1560 καὶ
657 1531 773 1564 διάθεσιν
791 1542 797 1548 ⁸
816 1532 881 1569 ὅπερ
903 1532 948 1559 καὶ

125 1578 160 1613 τῇ
186 1575 239 1612 ἐμῇ
265 1577 342 1613 ψυχῇ
366 1578 547 1614 μαρτυρήσεις
565 1577 654 1608 αὐτός.
686 1578 737 1605 Καὶ
766 1577 858 1615 θάρρει
887 1577 948 1614 περὶ

124 1620 223 1648 τούτου
243 1629 249 1636 ·
268 1619 379 1657 ἕτοιμος
395 1621 446 1658 γὰρ
468 1621 513 1648 καὶ
541 1623 591 1656 τὴν
612 1621 680 1659 ἐμὴν
705 1622 775 1649 οὖειν
800 1622 866 1659 ὑπὲρ
889 1620 950 1648 τού-

126 1676 174 1692 του
197 1666 301 1703 ψυχήν.
317 1665 408 1701 Ἀλλ’,
435 1666 500 1704 ὅπερ
526 1667 610 1702 εἷπον,
633 1666 749 1694 δέσποτα
774 1677 838 1703 μου,
853 1658 949 1694 αἰδοῦ·
965 1658 987 1691 C

131 1719 201 1746 μαι·
219 1707 323 1746 ὄμνυμι
337 1711 387 1746 τὴν
410 1711 483 1749 ἱεράν
507 1722 554 1738 σου
577 1713 681 1749 ψυχήν.
698 1713 741 1747 Μή
769 1723 835 1739 ποτε
858 1722 952 1750 φορτι-

127 1754 174 1781 κόν
203 1765 236 1790 με
261 1754 408 1792 λογίζεται,
431 1755 449 1790 ἢ
473 1755 522 1783 οὐκ
545 1756 684 1794 ἀρέσκεται
708 1759 767 1787 τοῖς
783 1756 876 1794 λόγοις
900 1767 952 1793 μου

123 1799 168 1826 καὶ
194 1800 229 1835 τῇ
251 1799 395 1834 παρουσίᾳ,
411 1810 455 1826 και
486 1799 530 1827 ’ὀιὰ
556 1802 639 1827 ταῦτα
668 1799 728 1828 οὗτε
751 1799 839 1834 ἡδέως
867 1810 951 1837 προσ-

125 1842 229 1879 ομιλεῖ,
246 1841 308 1870 οὕτε
334 1854 387 1879 μου
412 1844 539 1880 ἀνέχεται
563 1844 701 1881 λέγοντος.
727 1844 828 1881 Ἑνάγει
859 1843 887 1871 δὲ
918 1855 952 1880 με

125 1887 163 1919 εἰς
186 1888 230 1915 τὸν
256 1890 378 1915 τοιοῦτον
402 1890 501 1915 σκοπὸν
526 1890 544 1923 ἡ
569 1889 688 1926 προτέρα
711 1889 808 1916 τούτου
829 1888 895 1925 πρός
917 1899 951 1925 με

112 1931 244 1963 γδιάθεσις
279 1932 453 1968 ἁπλουστάτη
487 1934 532 1960 καὶ
568 1932 812 1972 φιλανθρωποτάτη
845 1934 950 1971 τυγχά-

127 1987 218 2012 νουσα,
235 1977 279 2004 καὶ
306 1978 403 2014 μηκέτι
425 1980 469 2005 νῦν
494 1979 525 2006 τὸ
549 1977 662 2014 σύνηθες
687 1978 788 2015 ἷ’δίωμοι
816 1978 949 2012 σώζουσα.

127 2021 164 2050 Οὐ
180 2022 269 2049 τοίνυν
287 2025 374 2059 μισῶν
389 2022 419 2050 οὐ
441 2024 643 2061 προσέρχομαι,
659 2023 723 2051 ἀλλ’
746 2022 907 2060 αἰδούμενος
931 2024 949 2058 ἢ

127 2064 308 2104 φοϐοὗμενος.
325 2067 436 2098 Ἀλλως
458 2078 486 2095 τε
506 2069 551 2095 καὶ
577 2068 726 2104 αὐτοτελής
754 2068 820 2103 ἐστι,
844 2069 887 2096 καὶ
918 2068 949 2095 οὐ

109 2109 210 2149 ,δεῖταί
234 2122 308 2143 τινος
337 2110 398 2139 οὕτε
426 2115 510 2151 copo?)
535 2111 596 2140 οὔτε
624 2113 794 2151 ὲμπειρικοῦ.
820 2113 892 2150 Ἐγὼ
922 2112 950 2141 δὲ

125 2155 266 2195 οὐδέτερον
286 2157 334 2193 μέν
350 2157 419 2194 εἶμι,
435 2158 529 2188 πιστὸς
545 2157 573 2184 δὲ
587 2158 621 2185 τὲι
633 2158 699 2195 πρὸς
727 2157 790 2190 τοὺς
819 2157 949 2189 δεσπότας

125 2200 170 2228 καὶ
186 2200 307 2236 ἀληθὴς,
320 2201 364 2229 καὶ
381 2201 411 2229 οὖ
428 2200 576 2239 δυνάμενος
603 2203 641 2237 μὴ
668 2202 816 2240 μεγαλῦναι
841 2204 949 2241 πράξεις

125 2245 271 2273 αὐθεντου·
296 2246 341 2273 καὶ
367 2246 380 2273 ὁ
406 2247 509 2284 μακρὸς
533 2247 634 2284 χρόνος
653 2249 736 2274 ταῦτα
757 2257 803 2284 μοι
833 2247 950 2284 ἐμαρτύ-

126 2289 314 2327 ρησε-πλέον
344 2289 372 2318 δὲ
400 2301 425 2318 τι
454 2294 493 2327 τῷ
524 2291 632 2329 βασιλεῖ
659 2292 748 2328 τούτῳ
774 2293 950 2329 προσ-τέθεικα

1223 286 1270 314 IV.
1288 287 1327 314 Ad
1343 288 1482 315 Caesarem
1499 288 1610 315 Ducam.

1043 330 1134 358 Crede
1150 331 1439 365 mihi,illustrissime
1454 332 1669 366 domine,omne
1684 341 1791 361 nomen
1802 335 1832 360 et

1007 374 1181 411 dignitatern
1199 384 1333 411 superas,
1346 377 1452 413 magici
1469 379 1502 405 ut
1516 378 1558 404 ita
1572 377 1679 412 dicam,
1691 385 1788 405 mores
1803 380 1832 404 et

1006 427 1157 448 sermones
1171 421 1212 448 tui
1227 421 1460 456 inveniuntur,et
1473 421 1614 449 indicibili
1628 422 1735 450 virtute
1751 429 1830 449 men-

1007 466 1065 490 tem
1083 472 1178 492 meum
1194 465 1355 493 incantant.
1376 466 1459 493 Tunc
1483 467 1556 500 vivo,
1582 474 1648 493 cum
1673 468 1702 493 te
1725 466 1828 500 video;

1006 510 1077 536 tunc
1088 509 1210 545 respiro,
1223 518 1290 537 cum
1302 513 1382 538 tuam
1395 519 1493 538 vocem
1507 511 1604 544 audio;
1619 513 1688 538 tunc
1704 511 1828 545 gaudeo,

1005 561 1072 580 cum
1090 556 1156 581 tuas
1171 553 1282 582 litteras
1299 555 1426 591 perlego.
1445 555 1482 582 De
1496 563 1553 590 quo
1579 557 1677 583 autem
1703 555 1827 582 interro-

1004 597 1091 632 gasti,
1110 597 1235 626 breviter
1248 598 1300 626 tibi
1318 599 1479 634 respondeo
1492 608 1499 627 :
1511 610 1526 624 «
1539 599 1630 628 Nemo
1646 607 1700 626 nos
1715 599 1828 626 condu-

1003 641 1055 669 xit.
1082 653 1097 667 ››
1122 643 1219 670 Timui
1248 651 1314 670 vero
1348 652 1384 671 ne
1416 643 1489 671 illud
1524 652 1640 680 quoque
1672 643 1791 671 audiam
1819 651 1826 670 :

1004 687 1143 720 «Amice,
1160 687 1305 723 quomodo
1328 688 1384 715 huc
1406 687 1533 722 intrasti,
1562 696 1619 715 non
1642 688 1755 716 habens
1778 696 1826 716 ve-

1004 734 1078 759 stem
1096 731 1279 767 nuptialem?
1304 743 1318 756 υ
1343 732 1446 760 Nescio
1472 732 1550 760 enim
1575 741 1612 759 an
1637 732 1823 768 praesentiam

1004 785 1099 804 meam
1122 777 1246 813 accipiat
1272 777 1474 805 divinissimus
1503 779 1604 805 noster
1632 777 1791 812 imperator
1818 779 1824 798 ί

1002 821 1100 849 vultus
1115 822 1193 849 enim
1219 821 1282 857 ejus
1304 823 1340 849 ad
1367 830 1419 850 nos
1444 830 1501 850 non
1526 824 1558 848 ut
1581 820 1643 848 heri
1668 824 1696 848 et
1716 820 1825 848 nudius

1003 866 1118 893 tertius.
1145 868 1281 894 Attamen
1304 874 1456 902 nunquam
1488 865 1608 894 omnino
1638 865 1734 899 abibo,
1757 873 1825 892 cum

1003 909 1144 938 violenter
1158 911 1332 946 abegeris,et
1343 919 1409 938 cum
1426 910 1531 946 plagis,
1548 912 1576 938 et
1590 918 1657 937 cum
1673 911 1825 937 contume-

1003 954 1051 982 liis
1068 963 1074 981 :
1089 963 1126 982 ne
1141 955 1260 990 quando
1275 955 1316 983 ita
1329 955 1485 983 insaniam.
1501 955 1530 982 Si
1545 954 1623 982 enim
1639 963 1655 981 a
1671 962 1717 981 me
1742 961 1824 981 aver-

1003 1000 1120 1034 sus,sed
1137 999 1232 1027 bonus
1245 1002 1275 1028 et
1290 1000 1437 1036 benignus
1452 1008 1495 1027 es.
1511 1000 1582 1028 Cras
1596 999 1687 1035 igitur
1700 999 1825 1032 veniam,

1003 1047 1033 1072 et
1048 1044 1255 1073 insatiabiliter
1270 1045 1404 1081 perfruar
1418 1047 1457 1079 te,
1470 1044 1578 1072 mentis
1592 1045 1621 1071 et
1635 1043 1741 1071 animas
1757 1050 1827 1070 more

1002 1088 1073 1117 vita.

1337 1181 1370 1206 V.
1387 1179 1491 1207 Eidem.

1039 1223 1100 1251 Non
1112 1225 1156 1251 est
1164 1223 1272 1251 similis
1280 1223 1458 1259 tibi,optime
1466 1223 1596 1256 domine,
1607 1223 1639 1249 ut
1647 1221 1701 1249 hoc
1709 1221 1832 1249 ﬁdenter

1003 1267 1097 1294 dicam
1104 1276 1208 1303 ,ueque
1216 1268 1436 1304 pulchritudine
1443 1266 1757 1303 nequeprudentia.lta
1763 1274 1830 1293 vero

1002 1311 1115 1347 loquor,
1127 1313 1317 1340 considerans
1326 1313 1488 1347 objectumt
1498 1319 1603 1339 uarum
1616 1311 1651 1339 ad
1663 1310 1829 1338 melittera-

1004 1356 1179 1384 rum.Simul
1195 1357 1272 1385 enim
1284 1360 1313 1385 et
1324 1357 1408 1385 nobis
1423 1356 1654 1384 consolationem
1665 1355 1788 1390 praebes,
1799 1356 1829 1382 et

1005 1410 1111 1437 magno
1123 1401 1294 1437 imperatori
1306 1402 1387 1430 fratri
1401 1403 1450 1429 tuo
1462 1400 1683 1429 convenientem
1696 1407 1828 1427 reveren-

1004 1445 1075 1472 tiam
1087 1454 1196 1480 servas,
1206 1448 1234 1473 et
1245 1445 1383 1473 fiduciam
1396 1453 1490 1473 meam
1504 1445 1620 1472 inducis
1632 1444 1662 1471 in
1679 1451 1827 1471 summam

1004 1491 1067 1525 ejus
1079 1490 1167 1518 ﬁdem
1180 1493 1208 1517 et
1219 1490 1461 1526 dispositionem;
1478 1490 1556 1525 quod
1572 1489 1635 1525 ipse
1651 1487 1741 1516 menti
1757 1495 1827 1514 mea:

1005 1534 1199 1562 attestaberis.
1217 1535 1251 1561 Et
1265 1535 1342 1562 circa
1355 1535 1428 1562 illud
1445 1534 1583 1562 ﬁduciam
1599 1533 1684 1568 habe,
1711 1534 1830 1567 paratus

1005 1579 1083 1607 enim
1098 1588 1164 1607 sum
1179 1580 1214 1607 ad
1227 1588 1323 1607 meam
1335 1580 1430 1615 ipsius
1439 1580 1528 1607 vitam
1541 1587 1591 1615 pro
1602 1577 1652 1605 illo
1665 1577 1831 1605 sacriﬁcan-

1005 1624 1144 1652 dam.Sed
1154 1625 1231 1660 quod
1241 1624 1301 1652 dixi
1311 1625 1398 1660 hujus
1407 1632 1452 1652 me
1462 1624 1618 1660 pudet,per
1626 1629 1739 1650 sacram
1749 1623 1829 1648 tuam

1007 1668 1184 1704 vitamjuro.
1200 1669 1239 1697 Ne
1251 1669 1325 1697 forte
1336 1677 1382 1697 me
1394 1669 1551 1697 molestum
1563 1668 1688 1704 reputet,
1707 1674 1742 1693 ne
1756 1672 1832 1701 aegre

1007 1713 1081 1741 lerat
1087 1714 1174 1741 verba
1181 1723 1245 1742 mea
1252 1714 1484 1750 etprsesentiam,
1496 1712 1595 1740 etideo
1602 1709 1832 1746 nequejucunde

1007 1766 1121 1785 mecum
1136 1758 1435 1793 colloquatur,neque
1450 1765 1497 1784 me
1511 1756 1657 1784 dicentem
1673 1754 1828 1782 sustineat.

1006 1803 1048 1829 Ad
1067 1802 1122 1830 tale
1138 1802 1298 1830 consilium
1314 1811 1361 1829 me
1387 1801 1509 1829 adducit
1533 1800 1612 1836 prior
1636 1800 1700 1834 ejus
1726 1798 1755 1825 in
1781 1805 1828 1825 me

1007 1845 1160 1880 dispositio
1177 1845 1355 1872 sinceritatis
1371 1847 1399 1872 et
1419 1843 1625 1872 benevolentiae
1649 1842 1745 1878 plena,
1771 1849 1829 1869 non

1001 1891 1064 1925 jam
1080 1891 1197 1918 solitam
1214 1899 1291 1918 nunc
1306 1891 1433 1918 indolem
1450 1889 1646 1918 servans.Non
1658 1888 1746 1923 igitur
1761 1895 1828 1914 cum

1005 1936 1072 1963 odio
1100 1936 1182 1968 adeo,
1207 1936 1258 1964 sed
1284 1943 1350 1963 cum
1376 1935 1487 1971 pudore
1511 1936 1539 1962 et
1563 1933 1678 1961 timore.
1703 1932 1829 1959 Aliunde

1005 1980 1093 2008 etiam
1110 1981 1165 2008 Slbl
1181 1980 1238 2016 ipsi
1255 1980 1374 2014 sufficit,
1391 1982 1419 2007 et
1434 1987 1491 2007 non
1508 1978 1619 2013 indiget
1632 1977 1758 2012 alicujus
1779 1984 1829 2004 ne-

1005 2034 1060 2061 que
1075 2025 1220 2061 sapientia
1234 2033 1329 2061 neque
1344 2024 1534 2060 experientia.
1550 2023 1608 2059 Ego
1632 2024 1730 2049 autem
1755 2019 1829 2048 nihil

1004 2071 1122 2106 quidem
1139 2079 1216 2104 sum,
1240 2071 1290 2098 sed
1316 2070 1345 2097 in
1365 2069 1412 2097 his
1438 2077 1502 2104 quia
1527 2068 1563 2095 ad
1588 2067 1723 2094 dominos
1747 2073 1827 2092 meos

1005 2117 1140 2150 spectant
1154 2114 1249 2142 fidelis
1260 2116 1289 2141 et
1300 2122 1397 2148 verus,
1411 2115 1440 2141 et
1456 2122 1513 2140 non
1531 2119 1652 2148 possum
1666 2118 1725 2138 non
1742 2108 1829 2137 extol-

1004 2159 1063 2187 lere
1079 2159 1209 2188 actiones
1232 2159 1391 2195 principis;
1417 2158 1599 2193 lcngumque
1624 2157 1742 2190 tempus
1767 2153 1830 2180 haec

1005 2204 1078 2232 mihi
1093 2206 1264 2232 attestatur:
1290 2203 1384 2239 magis
1400 2205 1498 2230 autem
1514 2201 1584 2229 huic
1598 2198 1767 2236 imperatori
1782 2197 1831 2224 ad-

1005 2249 1076 2277 hesi
1092 2251 1120 2277 et
1133 2248 1286 2276 adhaerebo
1301 2256 1428 2283 semper.
1445 2246 1475 2274 Si
1490 2254 1558 2274 vero
1583 2245 1623 2272 ita
1647 2251 1704 2271 non
1729 2249 1829 2278 parem

1004 2294 1076 2321 mihi
1087 2294 1311 2329 dispositionem
1325 2292 1455 2320 vicissim
1467 2291 1586 2327 praebet,
1602 2289 1631 2316 id
1643 2287 1739 2323 culpis
1754 2285 1828 2314 meis

126 2335 171 2362 καὶ
186 2336 334 2372 προσθήσω
349 2334 414 2372 ἄχρι
430 2336 540 2368 παντός.
557 2336 589 2364 Ei
608 2336 630 2363 δ’
646 2337 724 2367 οὗτος
752 2337 782 2364 οὐ
810 2338 862 2371 τὴν
891 2336 949 2372 ἴσην

1031 2338 1147 2366 ttribuo.
1164 2338 1206 2365 Tu
1225 2346 1289 2365 vero
1305 2336 1377 2364 mihi
1394 2336 1435 2363 ita
1450 2343 1548 2363 serves
1563 2333 1606 2361 tui
1623 2331 1721 2360 fratris
1741 2331 1828 2358 bene-

124 2378 280 2406 ἀντιδίδωσί
307 2391 353 2416 μοι
379 2379 507 2416 διάθεσιν,
532 2383 590 2411 ταῖς
614 2381 757 2419 ἁμαρτίαις
788 2392 840 2417 μου
867 2384 948 2410 τοῦτο

125 2423 282 2461 λογίζομαι.
310 2424 347 2451 Σὺ
376 2423 404 2452 δέ
433 2435 480 2461 μοι
508 2424 579 2452 οὕτω
604 2426 701 2460 σώζοις
730 2426 779 2460 τήν
809 2427 875 2461 πρὸς
902 2427 948 2454 τὸν

1003 2382 1170 2416 volentiam,
1189 2384 1217 2409 et
1228 2382 1257 2409 in
1270 2389 1317 2409 me
1328 2380 1538 2416 benignitatem
1550 2380 1579 2406 et
1588 2377 1767 2405 voluntatem
1782 2375 1831 2402 in—

1005 2426 1233 2463 comparabilem
1250 2426 1393 2459 moribus,
1409 2423 1597 2453 sermonibus
1612 2423 1641 2450 et.
1656 2421 1780 2449 actibus.

126 2467 241 2507 ἀδελφὸν
259 2467 375 2504 εὔνοιαν,
391 2469 436 2497 καὶ
453 2469 524 2497 οὕτω
539 2469 583 2497 καί
598 2471 646 2504 τὴν
663 2471 731 2507 πρὸς
747 2470 795 2507 ἐμὲ
810 2471 950 2507 εὐμένειαν
966 2471 1011 2499 καὶ
1035 2470 1152 2503 διάθεσιν
1177 2468 1372 2507 ἀπαράμιλλον
1396 2468 1440 2496 καὶ
1463 2467 1576 2506 τρόποις
1599 2465 1645 2494 καὶ
1669 2463 1763 2502 λόγοις
1785 2456 1831 2490 κειἰ

126 2513 295 2551 πράγμασιν.

438 2559 468 2592 ζ’.
485 2557 533 2595 Τῷ
549 2559 631 2595 αὐτῷ.

160 2609 317 2650 Ὀλόφωτὸν
334 2622 381 2639 σου
404 2618 453 2647 τήν
479 2611 599 2648 σελήνην
623 2612 771 2648 ἀπέλαϐον,
796 2614 950 2652 ὑψηλότατε

126 2657 230 2694 Καῖσαρ
264 2657 308 2684 καὶ
344 2656 469 2685 δέσποτα.
486 2657 670 2693 Ὀλολαμπής
693 2660 745 2697 γὰρ
770 2659 851 2693 αὐτὴν
879 2658 950 2696 ἐφώ-

124 2711 197 2728 τισεν
225 2700 306 2736 ἥλιος
327 2710 334 2717 °
363 2701 421 2729 ὅθεν
461 2702 504 2729 καὶ
535 2712 702 2742 περιαστραφ
731 2704 770 2735 εἰς
800 2703 950 2740 ἐμακάρισά

127 2756 175 2773 σου
188 2746 220 2774 τὸ
245 2748 311 2785 φῶς.
328 2746 359 2773 Ei
389 2745 427 2782 δὲ,
444 2745 483 2773 ἔτι
511 2746 648 2784 περίγειος
677 2747 725 2781 ὢν,
741 2748 812 2775 οὕτω
830 2759 877 2785 μοι
904 2748 951 2778 τὰς

126 2790 235 2822 ἀκτῖνας
275 2791 415 2829 προχέεις,
455 2791 594 2828 ὑπέργειος
631 2793 756 2830 γεγονὼς,
783 2793 863 2820 ποίαν
903 2791 952 2820 οὐκ

1330 2559 1378 2587 VI.
1398 2558 1504 2586 Eidem.

1040 2615 1142 2642 Totam
1160 2613 1289 2641 lucidam
1305 2615 1388 2641 tuam
1407 2612 1508 2640 lunam
1534 2609 1642 2645 accepi,
1668 2607 1834 2636 celsissimo

1004 2660 1100 2688 Cesar
1123 2661 1152 2686 et
1178 2658 1310 2691 domine;
1340 2657 1460 2685 omnino
1485 2656 1563 2683 enim
1587 2653 1746 2690 splendens
1769 2659 1833 2679 eam

1006 2704 1049 2732 sol
1064 2703 1335 2736 illuminavit,unde
1345 2701 1410 2729 luce
1420 2700 1616 2728 circumfusus
1630 2698 1730 2725 lumen
1745 2697 1829 2722 tuum

1005 2748 1143 2776 laudibus
1159 2747 1294 2776 extuli.Si
1306 2754 1383 2781 vero,
1400 2745 1496 2774 adhuc
1511 2743 1667 2777 terrestris,
1683 2742 1723 2768 ita
1739 2741 1766 2766 in
1783 2746 1829 2766 me

1007 2793 1106 2821 radios
1128 2792 1266 2826 eﬁ'undis,
1289 2799 1380 2827 supra
1405 2793 1513 2818 terram
1537 2788 1650 2825 positus
1675 2783 1754 2822 quali
1780 2788 1828 2809 me
