1953 3047
145 125 220 154 11⁵11

816 121 1029 155 MIGHAELIS
1051 121 1187 151 PSELLI

1780 124 1860 153 M72

145 188 301 224 splendore
316 197 372 217 non
392 189 576 218 illustrabis?
601 189 718 225 qualem
743 198 801 218 non
827 188 957 225 tulgoren

1066 185 1204 222 οστίλψεις
1247 195 1293 222 μοι
1332 183 1453 222 αἴγληνς
1483 185 1563 213 ποίαν
1601 187 1651 214 οὐκ
1687 186 1859 225 ἀπαυγᾶσῑις

146 233 417 262 immittes?Deinde
433 235 596 271 interrogas
612 236 759 271 quomodo
773 243 819 262 me
835 233 973 262 habeam?

150 278 203 306 hoc
220 278 283 315 ipso
297 278 391 306 solum
410 279 481 307 bene
498 280 574 315 quod
593 288 639 307 me
665 280 838 315 interrogas,
864 279 892 306 in
919 287 973 306 cte-

146 322 218 351 teris
231 332 297 351 vero
313 324 526 359 optime.Nemo
541 324 621 352 enim
637 333 690 352 nos
705 325 866 360 interrogat
881 331 975 359 neque

148 367 184 395 de
199 367 283 395 nobis
297 369 390 395 curat.
407 368 453 402 Et,
469 377 521 404 per
535 371 618 396 tuum
634 377 751 396 sacrum
774 371 802 395 et
825 368 975 403 augustis-

147 411 256 439 simum
272 414 372 448 caput,
388 413 469 440 nullo
484 413 541 441 alio
566 421 636 448 egeo
663 413 720 440 nisi
746 415 779 440 ut
803 412 974 447 interroger.

147 456 203 484 Sed
219 456 298 484 istud
314 465 430 492 quoque
447 466 463 485 ο,
479 466 524 485 me
540 457 705 485 invidiosus
721 457 832 485 daemon
849 456 974 492 eripuit;

148 502 176 528 et
191 500 247 528 nisi
264 509 334 528 aure
358 503 389 528 tu
415 501 480 529 vitae
504 509 574 529 meas
599 501 705 528 libram
731 503 870 537 aequaret,
896 500 975 528 brevi

148 544 312 573 habitasset
326 545 356 573 in
372 546 485 573 inferno
502 546 602 573 anima
618 554 701 579 mea;
719 546 790 573 adeo
807 546 904 573 animo
925 545 975 572 de—

144 589 241 625 jeetus
257 598 334 623 sum,
351 591 422 618 adeo
439 591 544 618 anxius
560 599 638 618 sum.
655 591 710 618 Sed
729 590 832 625 lingua
848 592 908 623 tua,
926 593 977 617 tua

150 642 245 668 musa,
261 637 313 662 tua
328 634 423 668 Siren,
440 637 491 662 tua
506 635 738 668 incantamenta,
754 634 798 662 tui
811 634 901 669 sibili,
926 636 978 662 tua

149 678 302 713 persuasio
317 681 346 707 et
360 679 527 715 eloquentia
543 679 668 707 suadent
693 687 739 706 me
770 679 877 715 saepius
901 679 977 706 bono

151 723 250 751 animo
274 731 339 751 esse
362 725 391 751 et
416 723 507 752 laetari
524 732 531 751 ί
549 726 577 751 et
593 723 706 759 gaudeo
722 723 781 751 tuis
797 723 903 758 verbis,
919 723 978 750 tuis

152 766 416 800 exhortationibus,
433 768 493 795 tuis
518 768 548 795 in
574 776 621 795 me
645 767 897 803 dispositionibus.
923 767 978 795 Sed

151 819 197 839 me
214 811 310 839 dolere
326 811 400 838 nihil
417 811 619 847 impossibile;
636 814 673 846 ‘tu
697 820 764 840 vero
789 821 825 840 ne
848 820 979 848 unquam

151 855 261 888 doleas,
278 863 313 883 ne
329 855 444 883 invidia:
462 856 518 883 telo
534 855 659 891 laedaris,
673 865 708 884 ne
725 856 862 884 inimicus
878 859 980 884 contra

151 901 181 927 te
198 898 362 934 prmvaleat.
380 900 409 927 Si
424 900 490 935 quis
506 902 603 928 autem
620 903 724 928 ventus
746 905 825 928 luam
851 904 978 928 mentem

155 943 313 978 disturbat,
330 952 366 972 ne
382 944 515 978 mireris;
537 953 604 972 nam
629 945 785 972 contrariis
811 945 980 973 mutationi-

153 987 210 1016 bus
224 988 283 1015 vita
297 988 470 1024 agitatur,et
484 991 597 1024 oportet
613 990 742 1024 primum
760 997 841 1017 mare
854 989 980 1023 misceri,

156 1032 322 1067 deindeque
336 1033 365 1060 in
382 1033 541 1069 zephyrum
558 1036 761 1070 tempestatem
778 1034 884 1062 sedari.

197 1167 260 1196 Hec
275 1167 400 1196 Poellus.

479 1221 540 1249 VII.
557 1221 666 1249 Eidem.

197 1275 253 1303 Sed
269 1277 334 1311 post
350 1275 458 1310 lances,
475 1274 687 1311 gloriosissime
702 1274 862 1310 imperator
876 1277 905 1302 et
920 1283 984 1302 ma-

161 1319 239 1347 xime
253 1320 349 1348 Czesar
365 1320 582 1356 dominansque
599 1327 668 1347 mea:
686 1319 790 1346 animae
816 1321 915 1355 caput,
939 1321 985 1347 est

159 1364 246 1392 etiam
262 1364 374 1392 trutina
390 1366 418 1392 et
432 1365 497 1400 ejus
513 1363 624 1400 regula.
642 1364 716 1396 Quid
732 1363 833 1400 igitur,
850 1366 882 1390 ut
900 1363 984 1392 nobis

157 1408 263 1436 libram
280 1408 414 1444 impleas,
432 1409 578 1444 pecudum
595 1408 749 1436 exhauries
765 1416 910 1436 mammas
921 1408 934 1435 ‘2
948 1417 984 1436 ne

160 1454 204 1485 tu,
222 1460 257 1480 ne
274 1453 302 1479 in
321 1461 374 1480 nos
389 1455 486 1480 tutum
503 1453 576 1480 ovile
592 1453 740 1486 exsicces;
756 1461 802 1485 ne,
830 1455 861 1479 ut
885 1453 983 1481 lances

157 1505 268 1531 aequas,
284 1497 326 1523 illi
342 1497 501 1532 inaequales
516 1497 627 1531 gratias
643 1497 782 1532 praebeas,
801 1496 883 1531 plura
898 1498 982 1526 nobis

1031 230 1233 267 μαρμαρυγήν;
1264 230 1328 256 Εἶτα
1357 228 1390 264 δὴ
1427 229 1530 268 ἐρωτᾷς
1554 232 1614 261 πῶς
1643 230 1766 268 ἔχοιμι;
1795 231 1861 259 αὐτὸ

1029 277 1108 302 τοῦτο
1127 274 1209 310 μόνον
1224 273 1318 305 καλῶς
1333 274 1373 301 ὅτι
1397 285 1430 311 με
1455 274 1568 311 ἐρωτᾷς,
1584 275 1617 302 τὰ
1637 274 1662 302 δ’
1687 275 1760 304 ἄλλα
1790 277 1862 304 πάνυ

1030 319 1132 350 καλῶς.
1158 318 1255 350 Οὐδεὶς
1288 318 1339 356 γὰρ
1376 320 1458 355 ἡμῶν
1498 317 1559 347 οὔτε
1593 319 1768 357 πυνθίνιται,
1800 320 1862 348 οὔτε

1029 363 1152 399 κήδεται.
1177 364 1238 397 Καὶ,
1270 364 1304 398 νή
1330 364 1377 398 τήν
1404 364 1478 401 ἱεράν
1508 375 1555 391 σου
1585 365 1630 392 καὶ
1660 363 1860 402 ὑπερσὲϐαστον

1030 408 1162 446 κεφαλὴν,
1180 407 1243 435 οὐδὲ
1256 408 1348 446 ἒτὲρου
1362 409 1435 439 τινὸς
1460 407 1558 444 δέομαι
1587 409 1600 444 ἢ
1626 411 1675 437 τοῦ
1699 409 1862 448 ἐρωτᾶσθαι.

1031 452 1119 480 Ἀλλά
1143 453 1188 480 καὶ
1216 452 1297 480 τουτό
1324 462 1358 489 μι
1381 453 1395 480 6
1422 453 1554 490 βάσκανος
1579 452 1685 490 δαίμων
1712 454 1862 493 ἀφείλετο·

1030 497 1087 530 καὶ,
1105 497 1128 524 εἷ
1145 497 1183 533 μὴ
1208 498 1225 531 ἡ
1253 497 1286 531 σὴ
1311 501 1401 535 χρυσῆ
1424 496 1555 535 πλάστιγξ
1580 498 1626 525 τὸν
1651 501 1700 526 τοῦ
1728 498 1790 536 βίου
1808 509 1863 535 μου

1033 542 1111 578 ζυγὸν
1140 541 1224 575 ἶ¹σαζε,
1241 539 1405 579 παραϐραχὺ
1430 542 1578 580 παρῴκησι
1598 545 1638 578 τῷ
1663 540 1714 580 ᾅδῃ
1739 544 1757 577 ἡ
1782 544 1861 580 ψυχή

1034 596 1086 622 μου
1104 595 1109 601 ·
1128 585 1216 616 οὕτως
1246 586 1353 622 ἀθυμῶ,
1384 585 1471 617 οὕτως
1501 585 1646 623 ἀδημονῶ.
1675 586 1754 616 Ἀλλ’
1776 588 1794 622 ἡ
1826 588 1859 622 σὴ

1032 630 1155 666 γλῶσσα,
1172 631 1189 664 ἡ
1203 631 1236 664 σή
1264 632 1360 667 μοῦσα,
1378 631 1395 665 ἡ
1417 631 1450 665 σὴ
1472 632 1576 667 σειρὴν,
1592 631 1625 658 τὰ
1651 631 1685 659 σὰ
1710 631 1862 669 Θέλγητρα,

1032 674 1060 701 αἱ
1076 674 1119 701 σαὶ
1144 673 1248 712 ἶ¹υγγες,
1263 676 1281 709 ἡ
1312 675 1345 709 σή
1377 675 1525 710 πιθανότης
1550 675 1595 703 καὶ
1619 675 1773 713 εὖγλωττία
1801 677 1862 704 πεί-

1035 724 1073 750 θει
1106 729 1138 754 με
1167 718 1302 750 πολλάκις
1329 720 1373 747 καὶ
1404 720 1528 756 εὐθυμεῖν
1559 720 1604 747 καὶ
1632 721 1864 758 γάννυσθαι⁸καί

1034 763 1125 801 χαίρω
1142 762 1183 791 ἐπὶ
1200 766 1258 794 τοῖς
1280 766 1338 794 σοῖς
1365 763 1469 802 λόγοις,
1486 763 1530 791 ἐπὶ
1550 767 1611 796 ταῖς
1637 767 1696 795 σαῖς
1721 764 1865 803 παρακλή-

1035 818 1118 843 aestv,
1144 807 1188 834 ἐπὶ
1224 810 1284 839 ταῖς
1322 811 1380 840 σαῖς
1417 809 1486 846 πρὸς
1521 808 1569 845 ἐμὲ
1598 808 1756 838 διαθέσεσιν.
1784 809 1854 838 Ἀλλ

1035 853 1083 889 ἐμὶ
1101 854 1146 889 μὲν
1165 851 1308 881 λυπεῖσθαι
1339 852 1414 881 οὐδὶν
1439 854 1561 885 ἀπεικός.
1588 854 1619 881 σὺ
1649 853 1678 882 Si
1706 856 1744 892 μὴ
1771 854 1864 890 λυπη-

1035 898 1084 934 Θῇς
1099 907 1175 932 ποτε,
1193 896 1263 934 μηδὲ
1285 897 1365 934 βέλος
1390 899 1487 935 ἅψαιτο
1513 899 1668 937 βασκανίας,
1687 899 1758 936 μηδέ
1781 910 1864 927 κατι-

1035 942 1134 979 σχύσαι
1165 952 1213 969 σου
1242 943 1257 969 6
1284 942 1394 980 ἐχθρός.
1425 943 1457 970 Εἰ
1487 941 1516 970 δὲ
1544 943 1585 974 τίς
1612 954 1660 971 σου
1689 943 1862 980 διακυμαίνει

1035 984 1135 1023 ἄνεμος
1165 987 1215 1020 τὴν
1243 988 1346 1024 ψυχὴν,
1376 988 1414 1023 μὴ
1444 987 1607 1025 θαυμάσῃς·
1632 991 1691 1019 ταῖς
1712 988 1763 1026 γὰρ
1789 988 1863 1015 ἐναγ-

1034 1031 1105 1061 τίαις
1123 1028 1288 1067 μεταϐολαῖς
1305 1032 1319 1058 6
1337 1031 1397 1068 βίος
1410 1031 1579 1069 ταράττεται,
1595 1032 1639 1060 καὶ
1666 1031 1708 1060 δεῖ
1728 1033 1863 1070 πρότερον

1035 1079 1199 1113 τιναχθῆναι
1213 1076 1262 1110 τὴν
1279 1074 1426 1112 θᾶλασσαν,
1442 1076 1490 1108 εἶθ’
1505 1076 1591 1108 οὕτως
1607 1080 1702 1112 στῆναι
1723 1077 1762 1108 εἷς
1780 1077 1864 1114 αὔραν

1036 1120 1085 1154 τήν
1101 1119 1254 1158 καταιγίδα.

1073 1164 1102 1190 '0
1116 1163 1226 1195 Ψελλὸς
1242 1166 1335 1192 ταῦτα.

1353 1221 1386 1246 Ζ’.
1402 1219 1449 1254 Τῷ
1463 1218 1546 1254 αὐτῷ.

1074 1270 1164 1299 Ἀλλᾶ
1185 1271 1252 1308 μετά
1283 1272 1331 1302 τὰς
1361 1271 1540 1309 πλάστιγγας,
1564 1272 1762 1310 φιλοτιμότατι
1789 1272 1866 1309 βασι-

1038 1315 1095 1352 λεῦ,
1111 1315 1157 1343 καὶ
1189 1316 1298 1353 μέγιστε
1326 1317 1441 1354 Καῖσαρ,
1471 1316 1516 1343 καὶ
1546 1315 1693 1351 δεσποτικὴ
1716 1320 1766 1352 τῆς
1796 1317 1866 1353 ἐμῆς

1038 1361 1131 1397 ψυχῆς
1141 1359 1259 1398 κεφαλὴ,
1276 1359 1331 1388 ἔστι
1347 1360 1391 1387 καὶ
1407 1361 1424 1394 ἡ
1440 1360 1557 1397 τρυτάνη
1584 1360 1628 1388 καὶ
1654 1361 1668 1387 ὁ
1691 1360 1793 1396 ταύτης
1816 1371 1867 1388 κα-

1037 1404 1102 1433 νών.
1122 1404 1152 1431 Τί
1176 1404 1233 1440 οὖν,
1257 1403 1303 1431 ’ίνα
1331 1404 1484 1442 πληρώσῃς
1504 1406 1572 1441 ἡμῖν
1596 1405 1643 1432 τὸν
1672 1407 1762 1442 ζυγὸν,
1790 1405 1865 1433 ὲκκις

1036 1449 1135 1480 νώσαις
1158 1451 1212 1476 τῶν
1241 1449 1406 1485 θρεμμάτων
1430 1449 1495 1480 τοὺς
1522 1449 1659 1484 μαστούς;
1687 1450 1725 1486 μὴ
1756 1449 1789 1477 σύ
1813 1460 1864 1487 γε·

1039 1492 1109 1529 μηδὲ
1123 1492 1164 1532 ἐφ’
1180 1495 1247 1529 ἡμῖν
1264 1492 1402 1531 ἄποψύξῃς
1417 1493 1448 1520 τὸ
1463 1492 1594 1529 ποίμνιον
1612 1504 1619 1511 ·
1638 1492 1719 1530 μηδὶ,
1732 1493 1779 1521 ’ίνσι
1804 1494 1865 1521 ἰσά-

159 1541 341 1568 distribuens
353 1544 381 1568 et
394 1549 447 1569 nos
458 1549 547 1576 super
556 1549 659 1568 omnes
670 1542 854 1574 statuens,tu
866 1542 915 1577 qui
932 1551 957 1570 sl

1066 1549 1086 1571 ις
1127 1538 1174 1568 τὰς
1218 1538 1400 1575 πΛάστιγγας,
1431 1537 1537 1569 ἀνίσους
1563 1538 1637 1574 αὖτῷ
1668 1539 1786 1575 ποιήσῃς
1816 1539 1865 1570 τὰς

158 1593 243 1620 peras
255 1593 404 1613 sermones
416 1587 445 1613 et
456 1585 550 1621 elogia
559 1593 734 1620 omnemque
746 1585 919 1614 rhetoricam
936 1595 982 1614 ar-

156 1631 215 1657 tem
231 1631 260 1657 et
274 1630 454 1657 facultatem.
471 1630 529 1665 Ego
544 1637 611 1657 vero
627 1638 705 1656 nunc
721 1630 841 1666 cognovi
866 1631 983 1666 sapiens

155 1681 230 1708 esse,
246 1674 315 1709 quia
330 1676 412 1701 tuam
430 1673 502 1701 meis
525 1674 712 1701 sermonibus
737 1674 867 1701 animam
891 1683 982 1703 aucu-

156 1726 219 1752 por;
234 1718 312 1745 unde
327 1725 467 1753 arrogans
481 1718 600 1745 omnino
615 1717 709 1745 factus
725 1725 802 1752 sum,
814 1721 841 1746 et
856 1718 982 1748 frontem

156 1761 276 1795 erexi,et
291 1761 417 1789 summis
433 1761 533 1797 digitis
549 1761 687 1794 ambulo;
706 1764 734 1789 et
749 1762 773 1789 si
790 1763 857 1798 quis
873 1771 919 1790 me
935 1772 981 1791 ro-

155 1805 265 1840 gaverit
282 1814 287 1832 :
303 1815 316 1830 ι(
328 1805 402 1837 Quid
417 1814 544 1840 unquam
559 1805 673 1833 taliaRet
687 1814 821 1841 quaenam
835 1810 982 1836 transmu-

154 1848 226 1875 tatio
241 1848 299 1875 ista
318 1851 347 1876 at
374 1857 448 1876 nova
474 1849 658 1885 arrogantia;
684 1850 781 1878 statim
808 1852 979 1887 respondeo,

155 1891 225 1927 quia
241 1901 287 1921 me
303 1901 428 1929 magnus
444 1894 539 1921 Caesar
555 1893 695 1927 laudavit,
712 1894 782 1930 quia
798 1896 870 1923 meis
886 1896 980 1924 verbis

153 1936 216 1972 ipse
232 1937 357 1972 capitur,
375 1938 455 1972 quia,
471 1938 584 1965 caeteris
600 1938 738 1966 omnibus
755 1940 897 1975 superior,
916 1949 980 1969 mea

153 1982 299 2015 potestate
314 1982 451 2008 vincitur.
468 1982 524 2009 Sed
540 1990 575 2009 ne
595 1983 713 2017 quando
737 1983 793 2010 ista
819 1984 916 2012 fucata
940 1985 979 2011 vi-

153 2023 278 2051 deantur
303 2027 331 2051 et
353 2025 480 2052 mendax
504 2026 614 2061 opinio,
639 2035 691 2062 ego
707 2035 783 2061 sum,
809 2028 887 2062 quod
912 2037 979 2056 sum

152 2075 260 2101 revera,
285 2068 425 2104 ignorans
453 2069 551 2103 homo,
574 2077 603 2097 et
634 2071 680 2098 vix
710 2072 841 2107 seipsum
871 2080 978 2109 cogno-

153 2119 250 2140 SCGDS.

189 2156 219 2183 Si
234 2164 300 2184 vero
316 2159 347 2184 tu
364 2165 410 2185 me
427 2158 555 2192 miraris,
568 2159 664 2187 dicam
680 2160 731 2187 tibi
747 2169 911 2189 sermonem
928 2171 978 2190 ve-

153 2201 294 2236 naticum,
311 2209 399 2237 quem
416 2202 513 2230 nescio
529 2211 565 2231 an
581 2205 610 2231 et
623 2204 687 2239 ipse
703 2205 953 2234 animadverteris.

1037 1582 1162 1619 χάριτας,
1179 1582 1211 1609 τὰ
1225 1582 1314 1609 πλείω
1330 1581 1418 1618 νέμων
1432 1583 1501 1619 ἡμῖν
1516 1582 1562 1610 καὶ
1579 1583 1645 1620 ὑπὲρ
1671 1582 1735 1614 τοὺς
1761 1581 1866 1614 ἄλλους

1036 1627 1131 1660 τιθεὶς,
1149 1628 1162 1653 6
1187 1628 1295 1654 πάντων
1317 1626 1440 1654 ἐπέκεινα
1463 1627 1508 1654 καὶ
1534 1626 1626 1665 λόγων
1650 1628 1693 1655 καὶ
1719 1627 1865 1664 ἐγκωμίων

1037 1671 1081 1699 καὶ
1105 1671 1206 1708 τέχνης
1237 1671 1384 1709 ῥητορικῆς
1410 1671 1454 1699 καὶ
1481 1670 1634 1709 δυναμεως.
1658 1672 1732 1709 Ἐγὼ
1762 1670 1792 1699 δὲ
1820 1674 1865 1699 νῦν

1036 1714 1119 1754 ἔγνων
1145 1717 1211 1743 εἶναι
1236 1716 1330 1755 σοφὸς,
1347 1716 1388 1743 δτι
1414 1727 1461 1743 σου
1482 1719 1542 1748 τοῖς
1565 1716 1644 1752 ἐμοῖς
1671 1715 1764 1754 λόγοις
1789 1717 1866 1753 θηρῶ

1035 1761 1084 1795 τήν
1097 1761 1201 1797 ψυχήν·
1219 1760 1278 1792 ὅθεν
1303 1760 1400 1797 ἀθρόον
1429 1757 1545 1797 σοϐαρὸς
1568 1760 1676 1798 γέγονα,
1692 1761 1736 1788 καὶ
1761 1759 1866 1788 Eoi-tanta

1035 1806 1084 1839 τὴν
1110 1805 1204 1843 ὀφρῦν,
1232 1805 1276 1832 καὶ
1302 1804 1344 1831 ἐπ’
1365 1803 1445 1842 ἄκρον
1484 1803 1586 1842 βαδίζω
1623 1803 1764 1832 δακτύλων
1780 1815 1786 1821 “
1814 1806 1863 1832 κᾶν

1037 1850 1070 1886 μὲ
1096 1860 1138 1880 τις
1162 1847 1253 1886 ἔρηται
1269 1857 1276 1864 ·
1305 1861 1319 1874 ‹‹
1340 1848 1373 1876 Τί
1398 1859 1464 1876 ποτε
1487 1851 1589 1883 ταῦτα;
1606 1848 1651 1876 καὶ
1674 1849 1715 1879 τίς
1739 1850 1753 1876 6
1779 1860 1864 1886 μετα-

1035 1894 1231 1931 σχηματισμὸς
1246 1893 1291 1920 καὶ
1307 1894 1324 1927 ἡ
1340 1893 1418 1927 καινὴ
1435 1890 1564 1930 graecis;
1584 1905 1597 1919 n
1624 1893 1703 1926 εὐθὺς
1729 1893 1862 1932 ὶπιφέρω,

1035 1939 1075 1966 ὅτι
1100 1949 1133 1975 με
1157 1939 1170 1965 6
1192 1938 1273 1976 μέγας
1299 1941 1401 1975 Καῖσαρ
1426 1937 1566 1974 ἐπῄνεσεν,
1585 1938 1626 1965 δτι
1653 1948 1705 1975 μου
1729 1941 1789 1970 τοῖς
1814 1937 1863 1966 λό-

1033 1994 1093 2021 γοις
1118 1983 1198 2014 οὗτος
1219 1982 1350 2017 ἑάλωκεν,
1367 1984 1419 2018 δτι,
1440 1985 1494 2009 τῶν
1523 1981 1617 2009 ἄλλων
1640 1982 1786 2021 ὑπέρτερος
1812 1983 1862 2020 ὣν,

1032 2031 1082 2062 τῆς
1103 2027 1172 2064 ἐμῆς
1197 2028 1311 2062 ἡττᾶται
1344 2025 1496 2063 δυνάμεως.
1522 2025 1610 2055 Ἀλλὰ
1638 2028 1676 2063 μή
1699 2037 1767 2054 ποτε
1790 2038 1863 2064 κομ-

1032 2072 1096 2109 ψεία
1119 2074 1202 2099 ταῦτα
1225 2071 1269 2099 καὶ
1301 2069 1414 2108 ψευδὴς,
1439 2070 1541 2107 οἴησις,
1564 2070 1617 2109 ἐγὼ
1648 2070 1676 2099 δέ
1708 2071 1764 2108 εἶμι
1795 2072 1862 2110 ὅπερ

1033 2117 1101 2154 εἰμὶ,
1129 2116 1236 2153 ἀμαθὴς
1261 2117 1401 2153 ἅνθρωπος
1433 2116 1478 2143 καὶ
1502 2114 1583 2152 μόλις
1608 2116 1701 2144 ἑαυτὸν
1724 2116 1862 2154 ἐπιγνούς,

1068 2161 1099 2190 El
1116 2159 1145 2188 δὲ
1170 2162 1315 2197 Θαυμάζεις
1342 2171 1375 2196 με
1398 2159 1440 2194 σὺ,
1457 2159 1511 2197 ἐρῶ
1536 2170 1577 2187 σοι
1603 2159 1685 2198 λόγον
1711 2160 1860 2198 θηρατικὸν

1031 2206 1060 2233 ὃν
1077 2206 1127 2234 οὐκ
1143 2204 1203 2233 οἶδα
1219 2205 1241 2232 εί
1257 2205 1301 2232 καὶ
1315 2204 1396 2235 αὐτὸς
1415 2204 1590 2239 κατενόησας.

188 2245 342 2279 Nootuam,
364 2246 512 2274 volucrem
528 2238 778 2276 deformissimum
796 2252 824 2277 et
839 2251 957 2286 turpissi

1066 2251 1122 2284 Τὴν
1139 2252 1245 2287 γΛαῦκα
1267 2250 1298 2276 τὸ
1314 2247 1419 2286 ὄρνεον,
1435 2249 1466 2276 τὸ
1492 2249 1690 2286 ἀμορφώτατον
1717 2251 1786 2283 ζῶον
1812 2249 1858 2276 καὶ

154 2297 236 2317 mum
253 2293 383 2326 aspectu,
402 2291 525 2319 miratur
540 2292 649 2328 aquila,
666 2296 694 2320 et
709 2293 855 2328 circumit,
871 2298 899 2322 et
913 2298 975 2323 stu-

149 2334 341 2368 pensiutuetu
347 2344 369 2368 r,
381 2335 459 2362 velut
467 2338 603 2364 naturam
614 2338 771 2372 quamdam
780 2338 975 2367 admiratione

148 2377 334 2412 dignam.Sed
346 2380 386 2407 ita
403 2380 521 2415 quidem
538 2380 647 2415 aquila,
665 2384 772 2409 noctua
788 2385 884 2410 autem
901 2384 974 2411 nihil

148 2422 247 2450 minus
265 2424 405 2451 deformis
421 2426 475 2452 est.
491 2426 594 2452 Nonne
610 2425 701 2462 igitur
716 2434 746 2454 es
762 2428 793 2453 tu
809 2427 908 2463 aquila
931 2437 975 2456 ro-

146 2465 217 2493 bore
229 2469 257 2494 et
268 2470 422 2503 potestate,
439 2477 492 2505 ego
503 2471 602 2498 autem
614 2470 724 2498 animal
736 2471 861 2499 informe
870 2474 900 2499 et
913 2474 974 2501 arte

145 2516 248 2545 expers
257 2511 271 2538 ?

181 2554 291 2583 Deinde
302 2559 413 2585 veteres
426 2558 573 2594 sapientes
587 2559 725 2587 admirari
734 2560 971 2597 pretermittens,

143 2605 190 2625 me
206 2600 234 2626 et
247 2607 311 2627 mea
326 2601 436 2637 scripta
450 2602 534 2630 colis.
557 2603 630 2636 Quid
656 2604 724 2632 boui
752 2607 849 2632 autem
874 2605 903 2633 in
930 2606 971 2634 eis

141 2640 242 2669 inest?
258 2644 329 2678 quid
346 2645 484 2680 pulchri?
499 2647 570 2683 quid
587 2649 725 2677 venusti?
740 2649 790 2677 sed
804 2650 900 2677 dicam
917 2650 970 2678 tibi

142 2684 233 2714 alium
251 2695 415 2718 sermonem
431 2692 467 2718 ad
484 2700 537 2719 nos
554 2693 647 2727 magis
663 2694 893 2722 convenientem.

176 2731 247 2766 Apis
263 2732 392 2768 primum
409 2743 424 2762 e
439 2735 561 2763 ﬂoribus
577 2737 635 2764 mel
647 2737 787 2774 colligens
799 2747 896 2766 rosam
905 2740 968 2774 qui-

138 2775 205 2802 dem
223 2777 440 2813 praetervolitat,
458 2778 549 2807 mittit
572 2783 670 2810 autem
696 2782 831 2818 ocellum,
855 2782 964 2817 lilium,

1031 2293 1242 2328 ἀκαλλὲστσιτον,
1273 2293 1403 2330 θαυμάζει
1438 2293 1451 2320 ὁ
1489 2293 1564 2324 ἀετὸς
1602 2293 1647 2320 καὶ
1682 2293 1859 2331 πιριίπταται

1029 2338 1140 2374 ταύτην,
1165 2339 1208 2365 καὶ
1233 2338 1366 2375 περιέπει,
1386 2337 1431 2364 καὶ
1456 2337 1583 2372 τέθηπεν,
1601 2338 1692 2374 ὥσπερ
1720 2338 1781 2365 τινὰ
1805 2338 1859 2377 φύ-

1031 2394 1071 2410 σιν
1089 2383 1162 2418 ἀξίαν
1185 2383 1332 2419 θαύματος.
1349 2380 1429 2409 Ἀλλ’
1445 2383 1458 2409 6
1485 2382 1532 2418 μὲν
1559 2381 1635 2412 ἀετὸς
1659 2382 1744 2413 οὕτως
1761 2392 1767 2398 ·
1784 2383 1801 2417 ἡ
1828 2381 1858 2410 δὲ

1030 2426 1108 2454 οὐδὲν
1124 2429 1203 2461 ἧττον
1220 2426 1304 2465 γλαύξ
1320 2426 1375 2454 ἐστι
1389 2425 1526 2461 δυσειδής.
1544 2427 1590 2461 Μή
1608 2436 1673 2453 ποτε
1687 2425 1731 2453 οὖν
1758 2426 1789 2453 σὺ
1808 2427 1857 2463 μὶν

1029 2471 1106 2502 ἀετὸς
1121 2471 1171 2506 τήν
1188 2470 1269 2509 ἰσχὺν
1283 2471 1327 2498 καὶ
1343 2471 1393 2505 τὴν
1410 2469 1598 2508 δύναμιν,ἒγὼ
1609 2469 1638 2498 δὲ
1651 2472 1718 2504 ζῶον
1735 2469 1858 2502 ἀκαλλὲς

1027 2526 1057 2543 τε
1071 2516 1116 2543 καὶ
1132 2514 1243 2554 ἄτεχνον
1257 2525 1264 2550 ;

1064 2561 1129 2589 Εἶτα
1159 2559 1192 2595 δὴ
1222 2560 1298 2599 ἀφεὶς
1324 2559 1387 2591 τοὺς
1417 2558 1550 2590 παλαιοὺς
1571 2558 1716 2595 θαυμάζειν
1742 2559 1855 2598 σοφοὺς,

1027 2604 1076 2642 ἐμὶ
1090 2605 1135 2632 καὶ
1150 2605 1183 2632 τὰ
1198 2604 1250 2642 ἐμὲ
1265 2604 1402 2642 περιέπεις
1418 2605 1628 2641 συγγράμματα.
1650 2604 1680 2630 Τί
1712 2602 1741 2630 δὲ
1768 2603 1853 2631 καλὸν

1027 2648 1053 2676 ἐν
1069 2649 1176 2680 τούτοις
1190 2659 1196 2684 ;
1212 2650 1238 2676 τί
1261 2647 1289 2676 δὲ
1313 2650 1414 2687 ὡραῖον
1428 2658 1434 2682 ;
1450 2647 1477 2675 τί
1500 2646 1528 2675 δὶ
1550 2647 1665 2685 ἀνθηρόν
1679 2658 1686 2682 ς
1705 2646 1784 2675 Ἀλλ’
1801 2648 1855 2685 ἐρῶ

1026 2704 1068 2721 σοι
1083 2694 1126 2721 καὶ
1143 2694 1225 2731 λόγον
1242 2692 1331 2730 ἕτερον
1346 2693 1413 2730 πρὸς
1429 2694 1503 2728 ἡμᾶς
1520 2692 1695 2720 οἷκειότατον.

1059 2739 1091 2766 Ἡ
1122 2738 1238 2775 μέλισσα
1266 2738 1313 2769 τὰς
1335 2737 1422 2775 ἀρχὰς
1447 2736 1635 2774 ἆνθολογοῖισα
1654 2738 1702 2763 τοῦ
1729 2735 1851 2772 μέλιτος,

1022 2783 1188 2820 παρίπταται
1211 2783 1259 2820 μὶν
1283 2782 1315 2810 τὸ
1340 2780 1431 2820 l5580»,
1447 2781 1559 2819 παρίησι
1576 2779 1605 2808 δὶ
1625 2781 1657 2808 τὸ
1678 2779 1722 2807 ’ίον
1743 2779 1788 2807 καὶ
1817 2780 1850 2807 τὸ
