1953 3047
102 134 182 164 ΗΊ3

853 135 1071 168 EPISTOLE.

1735 136 1813 166 “'1‘

99 198 193 236 κρίνον
214 199 260 227 καὶ
283 201 328 227 τὸν
353 200 477 228 ὑάκινθον
503 201 548 229 καὶ
563 202 608 229 τὸν
640 201 796 240 νάρκισσον,
825 201 869 230 καὶ
891 213 898 226 π

1012 201 1181 238 'yacinthum
1197 202 1225 229 et
1238 201 1416 236 narcissum,
1430 203 1458 229 et
1474 201 1574 236 thymo
1585 201 1812 230 insidet.Planta

99 244 179 280 θύμῳ
208 244 397 282 προσίσταται.
429 245 517 273 Φυτὸν
548 247 562 273 ὁ
592 246 679 283 θύμος
707 245 872 284 δριμύτατόν
898 257 928 274 τε

98 288 144 315 καὶ
175 287 371 325 ἀνοσμὸτστον·
403 289 466 318 ἀλλ’
496 291 513 325 ἡ
543 290 660 327 μέλισσα
679 290 796 318 ἰντεῦἢεν
812 292 859 322 τὰς
876 302 927 326 πη-

100 333 149 369 γὰς
173 329 230 370 ἔχει
256 335 303 361 τοῦ
335 333 455 370 μέλιτος.
473 335 552 366 Ἴσως
573 335 637 372 γοῦν
663 336 708 363 καὶ
735 335 766 362 σὺ
794 338 847 363 τῶν
879 336 926 372 μὶν

99 377 174 415 παρὰ
195 380 255 410 τοῖς
279 377 376 410 ἄλλοις
403 377 491 417 ῥόδων
514 383 704 418 καταφρονεῖς,
734 381 786 408 ἀπὸ
815 379 844 407 δὲ
872 383 926 408 τῶν

102 421 176 457 ἐμῶν
193 422 319 459 ἇνόσμων
334 422 423 460 λόγων
437 424 481 451 καὶ
494 423 587 459 ἀηδῶν
602 425 651 459 τήν
667 426 716 460 σὴν
731 424 926 462 καταμιλιτοῖς

99 465 226 503 γλῶσσαν
241 466 287 494 καὶ
301 467 332 494 τὸ
349 467 513 506 μελισσαγὶς
530 469 690 504 ἀποστάζεις
705 472 788 506 νᾶμα.

135 509 212 538 Ἀλλ’
237 511 287 549 δρα
317 513 352 539 τὰ
377 511 603 550 παραδείγματα.
634 513 700 541 Οῧτε
729 515 743 541 ὁ
774 514 850 545 ἀετὸς
877 515 926 549 τὴν

97 553 205 592 γλαῦκα
233 559 448 595 περιφρονεῖται,
474 558 536 585 οὕτε
563 558 609 586 τάν
644 558 730 594 θύμον
758 559 775 593 ἡ
809 558 926 594 μέλισσα

95 602 221 638 γεωργεῖ·
263 599 336 628 ἀλλᾶ
361 602 420 629 κατ’
449 601 568 637 ἐξουσίαν
597 603 611 630 ὸ
629 603 677 639 μὲν
707 604 767 639 ὁρᾷ,
783 604 800 638 ἡ
818 601 846 630 δὲ
863 602 925 641 δρε-

97 653 188 673 πεται.
213 645 300 672 Ἕπου
315 646 359 673 καὶ
377 645 408 673 σὺ
424 646 541 683 τούτοις,
565 647 609 674 καὶ
631 650 684 674 τῶν
709 647 781 684 ἐμῶν
804 647 926 675 ἀπόλαυε

97 687 188 724 λόγων
200 688 282 716 ὁπότε
298 700 340 716 σοι
359 690 507 727 βουλητόν.

132 733 192 769 Ἆρ’
208 734 254 760 οὖν
270 734 315 761 καιί
331 734 431 770 ταύτην
459 735 642 773 ἔγκωμιάσεις
663 747 715 773 μου
741 737 790 771 τὴν
816 737 926 765 ἐπιστο-

97 776 161 811 λήν,
220 777 282 806 οὔτε
316 780 333 814 ἡ
359 779 430 816 λέξις
457 779 582 817 λαμπρὰ,
610 779 671 809 οὔτε
697 782 789 812 ὁνοῦς
807 782 924 819 ὑψηλὸς,

100 821 162 849 οὕτε
177 824 194 857 ἡ
210 825 331 859 συνθήκη
349 823 518 862 εὐάρμοστος
531 835 537 859 ;

982 249 1027 274 est
1043 247 1163 281 thymus
1179 246 1274 273 acerbi
1292 248 1320 273 et
1337 246 1395 273 fere
1411 245 1522 273 nullius
1537 246 1636 274 odoris
1652 257 1659 281 ;
1677 247 1727 274 sed
1745 247 1810 282 apis

982 291 1050 318 inde
1066 291 1162 318 mellis
1175 291 1268 318 fontes
1284 291 1392 318 haurit.
1409 290 1520 318 Pariter
1531 291 1622 326 igitur
1636 293 1665 319 et
1679 293 1711 319 tu
1727 299 1809 319 rosas

983 344 1045 372 qua:
1061 336 1138 371 apud
1156 335 1230 363 alios
1245 338 1314 363 sunt
1334 334 1474 371 despicis,
1498 337 1526 363 et
1550 343 1584 363 ex
1608 335 1682 364 meis
1708 337 1806 364 odoris

982 380 1149 419 expertibus
1165 379 1353 407 sermonibus
1368 382 1396 407 et
1417 379 1553 408 cantibus
1576 382 1657 408 tuam
1673 380 1806 417 linguam

982 424 1135 452 melliﬁcas
1150 426 1179 452 et
1194 424 1338 452 mellitum
1355 424 1449 452 rivum
1465 424 1575 452 educis.

1016 514 1071 542 Sed
1097 514 1163 541 vide
1190 513 1324 549 exempla
1348 523 1354 541 :
1381 521 1477 550 neque
1501 513 1600 548 aquila
1625 514 1654 542 in
1671 516 1809 543 noctuam

981 558 1251 594 meditatur,neque
1265 558 1399 594 thymum
1417 558 1481 594 apis
1492 558 1561 585 colit
1573 568 1580 593 ;
1594 559 1646 586 sed
1662 561 1807 594 quantum

980 603 1009 630 in
1026 610 1056 630 se
1073 605 1118 630 est
1131 602 1181 630 illa
1197 602 1316 638 quidem
1332 603 1475 635 intuetur,
1492 602 1552 630 haec
1569 611 1635 631 vero
1651 603 1806 631 metit.llas

979 649 1010 674 tu
1026 654 1143 682 quoque
1159 646 1277 674 imitare
1292 648 1320 674 et
1336 647 1409 674 meis
1426 647 1522 674 fruere
1530 647 1718 675 sermonibus
1734 655 1807 683 quo-

980 691 1035 719 ties
1050 691 1102 719 tibi
1118 690 1248 718 libuerit.

1016 736 1092 764 Num
1109 735 1201 771 igitur
1209 735 1283 763 hanc
1295 743 1390 763 meam
1400 736 1553 772 epistolam
1565 736 1749 772 praadicabis,
1758 737 1805 764 cui

981 780 1062 807 nulla
1077 780 1154 808 inest
1167 789 1221 807 vox
1242 780 1359 814 eximia,
1382 780 1464 808 nulla
1488 781 1632 808 sententia
1656 781 1804 817 sublimis,

981 824 1061 851 nulla
1078 824 1150 852 bene
1164 826 1262 860 aptata
1277 824 1440 852 connexio?

134 866 229 894 Βούλει
260 868 304 895 οὖν
339 868 429 906 βραχύ
457 869 483 896 τί
516 880 557 897 σοι
582 872 756 907 προσπαῖξαι·
787 870 850 898 ἀλλ’
882 871 898 898 ε“

143 910 169 921 1(
239 912 245 921 η
321 915 335 921 ..
442 913 449 921 ι
483 914 490 921 .
600 913 612 921 ι
646 915 653 921 .
703 915 728 921 λ.
789 916 826 921 --.
862 916 866 921 .

1018 869 1066 896 Vis
1081 869 1172 904 igitur
1187 869 1272 896 breve
1283 869 1430 904 quoddam
1443 869 1496 896 tibi
1513 869 1706 903 arridere,sed
1719 869 1804 906 longe

99 910 195 948 πόρῤω
219 912 250 939 τὸ
280 915 378 949 σχῆμα
406 913 450 940 καὶ
480 914 494 941 ὁ
526 913 673 950 μονιδικὸς
701 915 770 952 βίος.
789 916 872 952 Κάγώ
899 926 925 943 τι

93 957 217 982 τοιοῦτον
233 955 260 983 ἰν
276 956 384 992 νεότητι
401 958 534 991 πέπονθα,
559 958 604 986 καὶ
632 958 802 998 διαστρόφων
818 959 927 987 ἑάλωκα

95 999 244 1038 ὀφθαλμῶν
270 1001 315 1028 καὶ
340 1005 438 1039 χροιᾶς
463 1003 493 1030 οὖ
508 1003 577 1030 πάνυ
595 1002 706 1037 λευκῆς,
721 1004 767 1031 καὶ
795 1004 862 1042 ὑπὲρ
877 1004 924 1035 τὰς

96 1042 234 1075 εὐώπιδας
259 1046 302 1072 καὶ
324 1044 493 1084 ῥοόοπήχεις
506 1047 555 1081 τὴν
572 1046 658 1078 οὕτως
675 1045 790 1085 ἔχουσαν
806 1046 923 1087 ἔστερξα.

94 1088 166 1125 Ἀρα
180 1088 334 1126 ἐγνώρισάς
350 1101 397 1126 μοι
411 1091 442 1118 τὸ
458 1092 562 1124 πάθος;
581 1091 648 1122 εἶδες
673 1092 698 1119 ὲν
726 1093 872 1130 κατόπτρῳ
891 1094 922 1121 τὸ

95 1132 140 1160 σὺν
157 1133 322 1170 πρόσωπον;
340 1136 388 1163 Ἐκ
403 1138 454 1173 γῆς
469 1136 520 1174 γὰρ
537 1136 581 1163 καὶ
597 1136 677 1168 αὐτὸς
693 1136 922 1176 πεπλαστούργη-

95 1187 138 1204 σαι
157 1178 248 1215 ὥσπερ
265 1177 328 1216 ἐγώ.

128 1225 183 1256 Τῆς
198 1220 330 1258 δουλικῆς
344 1226 428 1252 ταῦτα
442 1225 486 1252 καὶ
498 1225 627 1263 γλώσσης
643 1237 688 1253 σοι
703 1227 748 1254 καὶ
764 1226 868 1264 χειρός.

415 1283 455 1311 Η’.
471 1285 515 1319 Τῷ
533 1282 617 1319 αὐτῷ.

131 1328 180 1356 Καὶ
197 1330 235 1366 μὴ
251 1329 336 1361 καλός
353 1331 410 1368 εἶμι
433 1331 478 1358 καὶ
508 1332 603 1371 σοφὸς,
633 1332 778 1370 ἀσύγκριτε
807 1336 920 1371 Καῖσαρ,

93 1373 137 1400 καὶ
167 1373 217 1407 τὴν
243 1374 321 1412 φῦσιν
346 1375 391 1402 καὶ
415 1376 464 1410 τήν
480 1377 575 1414 ψυχήν
590 1386 596 1411 ;
613 1377 679 1405 Εἶτα
694 1376 727 1412 δὴ
743 1378 788 1404 καὶ
804 1377 920 1414 ἐμαυτὸν

96 1417 197 1454 ἀγνοῶ,
221 1417 281 1446 οὔτε
302 1418 448 1457 κατόπτρῳ
464 1421 618 1457 χρώμενος,
635 1420 697 1449 οὔτι
721 1421 755 1456 δὴ
786 1422 917 1459 Mum;-

96 1471 176 1498 μενος
204 1463 305 1493 ὁπόσας
335 1461 449 1501 βίϐλους
478 1463 575 1502 ἔτυχον
605 1465 738 1501 ἀνελίξεις.
770 1465 848 1494 Ἀλλ’
873 1466 918 1494 ὅτι

94 1506 142 1542 μὲν
167 1509 225 1538 τοῖς
239 1509 293 1534 τῶν
311 1509 401 1547 σοφῶν
417 1510 622 1546 συγγράμμασιν
648 1509 751 1546 ὁμιλῶ,
777 1511 826 1544 τήν
847 1509 916 1547 ἐμὴν

91 1551 187 1589 σοφίαν
219 1552 287 1589 πρὸς
310 1553 361 1586 τὴν
387 1552 494 1580 ἰκείνων
524 1555 672 1592 συγκρίνων
691 1578 698 1591 ,

91 1593 194 1632 ὄμνυμι
220 1596 270 1631 τὴν
294 1596 367 1635 ἱεράν
393 1608 440 1625 σου
467 1599 580 1636 ψυχὴν,
610 1599 655 1627 καὶ
686 1599 724 1630 ὡς
748 1600 915 1627 παντάπασιν

91 1640 200 1676 ἀμαθὴς
225 1641 441 1679 ἐγκαλύπτομαυ
466 1641 529 1670 ὅταν
544 1642 572 1671 δὲ
599 1646 659 1675 ταῖς
676 1647 734 1675 σαῖς
760 1644 821 1682 περὶ
847 1644 915 1681 ἐμοῦ

92 1684 251 1722 μαρτυρίαις
275 1686 400 1724 ἐντύχω,
431 1690 530 1724 μικροῦ
554 1688 598 1716 καὶ
627 1688 732 1720 ἰσόθεος
755 1690 822 1716 εἶναι
849 1699 915 1727 φαν-

90 1728 226 1765 τάζομαι.
260 1730 312 1758 Καὶ
337 1731 367 1757 σὺ
399 1732 446 1767 μὲν
475 1732 522 1762 τὰς
549 1731 616 1768 ἐμὰς
643 1732 789 1764 ἐπιστολας
820 1731 914 1770 βιϐλία

88 1776 196 1804 ποιεῖς’
223 1773 278 1811 ἐγὼ
304 1773 333 1802 δὲ
359 1775 392 1802 τὰ
418 1777 450 1802 σὰ
475 1775 623 1814 γράμματα
642 1779 701 1807 τοῖς
723 1776 801 1813 ἐμοῖς
827 1777 912 1815 ἄγχι-

87 1817 176 1854 ρᾶττω
209 1819 340 1855 στέρνοις,
374 1820 418 1846 καὶ
455 1820 630 1858 ἀναγινώτχω
663 1821 837 1858 πυκνότερον·
866 1822 910 1849 καὶ

86 1861 203 1897 ἕμαυτὸν
240 1861 342 1900 ἄγαμαι
381 1864 425 1891 καὶ
461 1863 608 1902 πέπεισμαι
648 1866 713 1892 εἶναι
744 1866 838 1904 σοφὸς,
867 1866 912 1893 καὶ

84 1905 186 1933 ἐπαινῶ
202 1917 230 1934 σι
242 1910 292 1941 τῆς
309 1908 471 1945 μαρτυρίας.

121 1950 255 1989 Πρότερον
283 1950 311 1979 δὲ
340 1953 394 1990 οὐχ
422 1953 509 1984 οὕτως
537 1955 623 1991 εἶχον.
655 1954 734 1983 ’Δλλ⁸
760 1955 787 1981 αἱ
805 1955 851 1991 μὶν
867 1954 911 1982 πί-

85 2000 176 2030 θηκοι,
204 1994 311 2023 ἐπειδὰν
332 1997 431 2024 τέκωσι
455 1998 548 2026 καὶτὰ
573 1999 667 2036 νεογνὰ
685 1998 792 2033 ’ίδωσιν,
828 1999 910 2036 ἀγάλ-

88 2049 158 2076 ματα
187 2040 254 2068 αὐτά
284 2040 400 2079 ἥγηνται
428 2042 472 2070 καὶ
497 2045 545 2070 τοῦ
566 2043 687 2075 κάλλους
717 2044 909 2080 θαυμάζουσιν,

83 2083 260 2121 ἀπατώμινσι
285 2088 325 2122 τῷ
349 2086 502 2125 φιλοτέκνῳ
525 2091 576 2122 τῆς
599 2087 713 2127 φύσεως·
739 2088 791 2126 ἐγὼ
820 2087 849 2116 δὲ
875 2089 910 2116 τὰ

83 2127 136 2164 ἐμὰ
151 2130 317 2166 γεννήματα,
330 2131 395 2162 τοὺς
411 2129 512 2169 λόγους
528 2132 612 2171 φημὶ,
629 2131 758 2160 οὐδέποτε
772 2133 907 2170 ἠγάσθην,

84 2171 147 2200 οὗδὶ
162 2173 289 2212 ἐφίλησα.
307 2177 359 2202 Νῦν
376 2174 404 2203 ’δὶ
421 2174 465 2203 διὰ
479 2177 528 2210 τὴν
550 2177 599 2212 σήν
627 2177 775 2216 μαρτυρίαν
798 2177 841 2205 καὶ
867 2177 909 2205 τὲ-

83 2217 158 2251 θηπα
172 2218 216 2245 καὶ
233 2219 307 2258 φιλῶ
322 2220 365 2247 καὶ
383 2220 625 2258 συναγκαλίζομαι.

737 1554 915 1592 αἶ’σχύνομαι,
931 1573 952 1606 c

982 913 1059 941 absit
1074 913 1110 940 ab
1123 913 1224 940 habitu
1242 916 1271 940 et
1284 914 1344 940 vita
1359 913 1581 941 monachorum.
1607 915 1665 950 Ego
1689 922 1806 949 quoque

981 958 1040 986 tale
1055 959 1202 993 quoddam
1219 958 1247 984 in
1261 958 1418 992 juventute
1433 960 1570 993 expertus
1590 966 1656 985 sum
1672 961 1702 985 et
1715 958 1806 986 torvis

981 1003 1072 1031 oculis
1088 1004 1190 1037 captus
1205 1010 1271 1030 sum
1288 1003 1316 1029 et
1330 1001 1426 1030 colore
1441 1010 1498 1030 non
1515 1002 1642 1030 multum
1667 1003 1804 1035 candido,

980 1051 1008 1075 et
1023 1055 1113 1083 supra
1128 1049 1201 1074 bene
1229 1046 1364 1074 oculatus
1380 1049 1408 1074 et
1432 1055 1515 1074 roseo
1537 1046 1633 1074 colore
1656 1047 1799 1074 micantes

979 1091 1137 1127 quamdam
1150 1091 1191 1118 ita
1200 1099 1232 1118 se
1243 1091 1399 1118 habentem
1414 1091 1518 1118 amavi.
1531 1090 1607 1118 Num
1621 1090 1693 1118 mihi
1705 1090 1803 1118 simile

978 1136 1119 1172 quiddam
1129 1134 1290 1172 experiris?
1300 1134 1442 1162 Vidistiin
1454 1136 1573 1171 speculo
1587 1135 1689 1163 faciem
1701 1135 1803 1171 tuam}?

977 1181 998 1208 E
1014 1183 1092 1208 terra
1106 1180 1182 1208 enim
1199 1182 1227 1208 et
1242 1180 1305 1215 ipse
1319 1180 1462 1208 formatus
1475 1187 1506 1208 es
1522 1180 1597 1207 sicut
1613 1187 1676 1215 ego.

1013 1225 1078 1253 Haec
1093 1233 1182 1253 servs
1197 1227 1253 1252 tum
1268 1224 1376 1260 [iugum
1391 1226 1419 1252 et
1434 1233 1551 1252 manus.

1290 1283 1362 1311 VIII.
1378 1283 1484 1310 Eidem.

1010 1334 1111 1360 Nonne
1128 1332 1224 1360 bonus
1241 1340 1306 1359 sum
1323 1333 1352 1358 et
1376 1332 1506 1367 sapiens,
1531 1332 1628 1359 Caesar
1651 1333 1757 1359 natura
1771 1334 1801 1360 et

975 1379 1073 1404 mente
1090 1376 1356 1412 incomparabilis?
1381 1375 1489 1404 Deinde
1514 1376 1661 1412 meipsum
1685 1376 1799 1412 ignoro,

975 1430 1069 1457 neque
1095 1423 1180 1449 utens
1209 1420 1340 1456 speculo,
1367 1428 1460 1456 neque
1483 1419 1650 1456 recogitans
1673 1422 1801 1455 quantos

973 1466 1065 1494 libros
1088 1465 1271 1494 revolverim.
1297 1465 1352 1493 Sed
1377 1465 1496 1501 quando
1528 1473 1596 1493 cum
1621 1465 1801 1501 sapientium

973 1510 1092 1547 scriptis
1106 1519 1273 1545 conversor,
1289 1518 1384 1538 meam
1412 1509 1589 1546 sapientiam
1613 1518 1680 1538 cum
1696 1517 1798 1538 eorum

973 1555 1116 1592 sapientia
1141 1563 1326 1591 comparans,
1352 1555 1503 1589 erubesco,
1520 1555 1590 1590 juro
1614 1563 1666 1591 per
1684 1563 1798 1584 sacram

972 1603 1052 1628 tuam
1079 1600 1220 1635 animam,
1244 1602 1273 1627 et
1297 1599 1376 1627 velut
1399 1599 1519 1627 omnino
1540 1599 1662 1635 ignarus
1686 1607 1732 1628 me
1748 1600 1797 1628 ab-

970 1645 1080 1672 scondo
1097 1653 1103 1678 ;
1120 1652 1187 1672 cum
1213 1647 1311 1672 autem
1337 1644 1396 1672 tuis
1421 1644 1456 1672 de
1480 1652 1526 1671 me
1550 1643 1729 1672 testimoniis
1744 1652 1794 1672 oc-

969 1697 1066 1722 curro,
1082 1689 1140 1716 fere
1156 1688 1272 1716 divinus
1295 1696 1358 1716 esse
1374 1688 1446 1716 mihi
1470 1688 1579 1716 videor.
1604 1688 1645 1716 Tu
1671 1688 1790 1724 quidem

970 1741 1050 1760 meas
1067 1733 1206 1768 epistolas
1221 1732 1312 1760 libros
1327 1733 1399 1760 facis
1415 1740 1422 1759 :
1440 1740 1492 1768 ego
1517 1734 1614 1759 autem
1631 1734 1697 1760 tuas
1712 1731 1790 1760 litte-

968 1785 1016 1804 ras
1032 1777 1139 1812 pectori
1157 1785 1221 1804 meo
1236 1776 1384 1812 insculpo,
1410 1779 1438 1803 et
1461 1776 1525 1812 lego
1551 1776 1745 1812 frequentius,
1763 1778 1792 1804 et

969 1821 1113 1857 meipsum
1130 1821 1259 1848 admiror
1274 1823 1302 1848 et
1317 1828 1490 1856 persuasum
1506 1820 1598 1848 habeo
1614 1828 1660 1848 me
1675 1820 1791 1856 sapien-

967 1867 1024 1893 tem
1042 1873 1118 1898 esse,
1133 1867 1162 1892 et
1176 1865 1212 1892 de
1227 1867 1278 1892 tuo
1293 1867 1321 1892 te
1335 1864 1505 1892 testimonio
1521 1864 1665 1892 collaudo.

1002 1954 1086 1982 Prius
1102 1954 1142 1982 ila
1157 1962 1215 1982 non
1231 1962 1278 1982 me
1293 1953 1449 1982 habebam.
1475 1953 1530 1981 Sed
1554 1954 1647 1982 simias
1672 1954 1790 1990 quando

966 1999 1085 2036 pariunt
1097 2001 1126 2026 et
1141 2001 1272 2026 recenter
1287 2001 1372 2026 natos
1397 2001 1532 2031 cernunt,
1555 1998 1707 2034 cupidines
1723 1997 1790 2026 illos

965 2043 1135 2072 existimant
1155 2046 1184 2071 et
1207 2043 1456 2079 pulchritudinem
1482 2042 1638 2078 mirantur,
1662 2043 1790 2078 deceptae

965 2087 1092 2116 naturali
1104 2088 1195 2124 prolis
1220 2096 1338 2121 amore;
1359 2095 1412 2124 ego
1436 2090 1534 2115 autem
1560 2095 1640 2116 meos
1667 2087 1787 2122 liberos,

964 2141 1115 2160 sermones
1130 2133 1363 2168 dico,nunquam
1379 2133 1543 2160 admiratus
1553 2141 1788 2168 sum,nunqunm

964 2177 1157 2206 amavi.Nunc
1173 2186 1239 2205 vero
1256 2180 1374 2214 propter
1389 2180 1473 2206 tuum
1482 2178 1682 2206 testimonium
1696 2178 1787 2212 foveo,

962 2230 1029 2249 amo
1045 2224 1073 2249 et
1086 2221 1256 2257 amplector.

119 2263 178 2289 "Iv:
204 2254 244 2290 δὲ’
263 2274 305 2291 σοι
341 2264 385 2292 καὶ
416 2254 469 2292 ἀπὸ
496 2254 550 2293 τῶν
567 2254 702 2304 ,θιάτρων
730 2267 888 2305 φθὲγξωμνιι

1008 2265 1036 2294 'Jt
1052 2254 1150 2294 autem
1165 2266 1217 2293 tibi
1234 2266 1341 2301 aliquid
1357 2275 1372 2294 θ
1397 2266 1573 2302 spectaculis
1587 2267 1724 2301 afferam;
1741 2266 1787 2294 di-

84 2305 147 2344 φασὶ
165 2307 210 2334 καὶ
236 2308 300 2340 τοὺς
325 2309 457 2348 ἡνιόχους
477 2310 582 2349 ἀγνοιῖν
607 2311 640 2338 τὰ
662 2310 755 2339 πολλὰ
783 2311 820 2338 ὧν
843 2322 910 2339 κατ-

84 2353 209 2387 ορθοῦσιν
240 2352 256 2387 ἢ
287 2353 495 2391 ἁμαρτάνουσιν
525 2355 550 2382 nl.
575 2353 604 2382 δὲ
631 2353 751 2393 ἀκριϐεῖς
766 2359 817 2390 τῆς
832 2357 909 2391 ἡνιο-

82 2395 193 2432 χήσεως
211 2396 310 2433 θιωροὶ
332 2396 422 2425 ’ίσασιν
447 2396 568 2436 ἀκριϐῶς
584 2399 606 2427 εἰ
634 2397 801 2437 δημοχαρὴς
825 2401 839 2427 ὁ
861 2399 908 2428 ’ῑπ-

81 2449 142 2472 πος,
159 2439 183 2465 εἴ
200 2440 386 2478 ἓτερόγναθος,
405 2442 429 2469 εἴ
455 2444 492 2478 μὴ
516 2444 563 2470 τὸν
587 2442 671 2478 δεξιὸν
699 2445 712 2472 ὁ
734 2445 850 2482 ἡνίοχος
868 2447 909 2481 τῷ

86 2486 229 2520 καμπτῆρι
258 2486 431 2523 προσήγαγεν
448 2485 466 2520 ἢ
481 2488 520 2521 τῷ
541 2488 612 2523 ζυγῷ
636 2487 700 2518 τοὺς
721 2486 823 2519 ’ίππους
848 2498 909 2515 συν-

85 2527 217 2562 ήρμοσεν.
234 2529 316 2559 "Iam:
331 2529 377 2556 οὖν
393 2529 470 2567 κάγὼ
482 2530 514 2557 τὰ
529 2529 622 2558 πολλὰ
648 2534 702 2558 τῶν
719 2531 791 2569 ἐμῶν
807 2533 906 2569 ἀγνοῶ·

84 2570 116 2597 σὺ
154 2569 183 2598 δὴ
222 2573 276 2599 ἄνω
315 2575 471 2611 καθήμενος
505 2574 658 2612 ἀνακρίνοις
687 2577 732 2604 καὶ
763 2576 908 2607 διιυθύνεις

84 2614 197 2650 ἅπαντα,
226 2617 276 2651 τὴν
302 2616 418 2654 ἔννοιαν,
444 2619 494 2653 τὴν
522 2618 605 2655 λέξιν,
621 2621 651 2647 τὸ
667 2624 773 2658 σχῆμα,
789 2622 838 2656 τήν
858 2621 907 2657 μὲ-

84 2658 176 2693 θοδον,
191 2661 240 2695 τήν
256 2661 401 2698 ἁρμονίαν,
415 2663 460 2690 τὸν
478 2662 592 2701 ῥυθμὸν,
607 2665 656 2699 τὴν
673 2665 830 2694 ἀνάπαυσιν.

121 2704 189 2731 Φασὶ
221 2704 249 2733 δὲ
276 2706 321 2734 καὶ
355 2708 404 2742 τὴν
436 2707 536 2739 Πυθίαν
563 2708 741 2746 χρησμῳδεῖν
770 2711 816 2746 μὲν
844 2709 907 2740 τοὺς

85 2746 140 2793 ᾅνω
170 2750 325 2788 χρησμοὺς,
355 2752 394 2788 μή
420 2751 578 2784 ἐπίστασθαι
593 2751 622 2781 δὲ
637 2757 689 2782 τῶν
706 2757 841 2793 χρησμῶν
856 2754 905 2789 τὴν

85 2791 214 2821 διάνοιαν
246 2794 310 2823 ἀλλ’
339 2796 365 2823 οῖ
380 2795 529 2832 Ἕλληνες,
545 2791 732 2836 ἑκόιχόμενοιη
748 2799 783 2827 τὰ
799 2798 907 2836 μαντεύ-

964 2311 1169 2346 cunt_aurigas
1185 2310 1320 2346 ignorare
1336 2310 1430 2338 multa
1445 2319 1478 2338 ex
1503 2311 1550 2338 his
1574 2319 1636 2346 qua:
1649 2310 1721 2338 bene
1737 2313 1788 2339 aut

965 2355 1040 2383 male
1056 2355 1166 2383 faciunt
1184 2363 1190 2382 :
1207 2354 1290 2390 periti
1306 2357 1404 2382 autem
1421 2355 1492 2382 artis
1508 2354 1596 2390 hujus
1607 2357 1788 2391 spectatores

964 2400 1062 2427 sciunt
1077 2399 1185 2435 optime
1201 2402 1299 2426 utrum
1316 2398 1417 2426 docilis
1437 2407 1530 2434 equus
1555 2407 1592 2426 an
1617 2401 1786 2434 contumax,

965 2447 1063 2471 utrum
1081 2444 1183 2479 auriga
1200 2452 1255 2471 non
1272 2443 1405 2470 dextrum
1422 2443 1456 2470 ad
1475 2446 1578 2471 metam
1596 2444 1785 2478 direxerit,an

959 2488 1032 2524 jugo
1059 2496 1148 2523 equos
1173 2488 1362 2524 coaptaverit.
1389 2487 1499 2514 Pariter
1522 2487 1612 2524 igitur
1631 2490 1660 2515 et
1683 2496 1736 2524 ego
1751 2496 1786 2516 ex

964 2532 1038 2559 meis
1050 2532 1176 2567 plurima
1192 2533 1310 2568 ignoro;
1323 2536 1351 2559 tu
1367 2540 1433 2559 vero
1453 2540 1542 2567 supra
1555 2532 1660 2559 sedens
1674 2532 1785 2568 dijudi-

964 2585 1011 2604 cas
1027 2579 1056 2604 ct
1069 2577 1202 2612 exploras
1219 2579 1334 2610 cuncta,
1351 2576 1785 2613 sententiam,dictionemﬁgu-

962 2630 1035 2654 ram,
1054 2622 1235 2655 methodum,
1251 2621 1444 2656 harmoniam,
1465 2621 1636 2657 rhythmum
1653 2623 1682 2649 et
1705 2621 1784 2649 desi-

962 2666 1104 2693 nentiam.

997 2710 1103 2738 Dicunt
1118 2711 1204 2738 etiam
1222 2709 1353 2746 Pythiam
1368 2710 1518 2737 vaticinari
1543 2710 1661 2746 quidem
1686 2709 1784 2738 divina

961 2754 1205 2789 oracula,neecire
1214 2757 1310 2782 autem
1327 2754 1511 2782 oraculorum
1525 2754 1780 2791 signiﬁcationem:

962 2793 1014 2826 sed
1030 2799 1154 2834 gentiles
1169 2799 1307 2826 vaticinia
1321 2798 1782 2835 excipientesjnterpretabantur
