1953 3047
157 138 233 167 1175

820 133 1031 164 MICHAELIS
1054 133 1191 163 PSELLI

1782 135 1862 164 1176

153 207 182 233 et
195 202 486 233 conciliabant.Talis
497 204 524 230 et
538 204 570 229 tu
581 201 722 230 inveniris
735 210 819 229 meus
835 201 979 237 interpres

1079 209 1118 233 τα,
1150 199 1295 236 ἐξηγοῦντο
1324 198 1369 226 καὶ
1399 197 1584 234 συνεϐίϐαζον.
1611 202 1742 232 Τοιοῦτος
1763 199 1793 228 δὲ
1818 201 1861 228 καὶ

154 252 182 277 et
197 248 312 277 divinus
330 249 424 284 rcipsa
441 247 664 275 Themistocles.
689 247 748 282 Ego
773 247 892 282 quidem
914 254 978 273 mea

155 294 274 322 oracula
297 294 410 329 ignoro,
437 295 468 320 tu
493 300 560 320 vero
582 301 616 320 ea
636 291 790 326 intelligis,
815 291 929 318 extollis
951 295 979 318 et

156 347 255 366 eorum
270 338 386 365 miraris
403 336 654 373 pulchritudinem
667 337 696 363 et
706 335 901 363 subtilitatem
916 343 922 368 ;
939 334 980 361 ita

155 386 187 411 ut
201 383 321 410 timeam
338 390 375 410 ne
390 383 498 410 sortem
514 381 643 409 Narcissi
660 380 800 416 experiar.
842 403 847 408 .

190 472 346 500 Narcissus
361 471 532 499 adolescens
543 472 605 498 erat
615 469 696 497 molli
713 469 809 497 nitens
822 468 982 505 pulchritu-

156 517 234 550 dine,
251 517 300 544 sed
317 516 444 544 maxime
459 515 584 551 simplex
597 518 624 542 et
639 515 749 550 absque
769 513 849 542 omni
865 513 980 541 subtili-

155 564 226 589 tate.
253 562 386 594 Quadam
411 561 458 588 die
483 561 518 587 ad
547 568 692 595 aquarum
718 559 827 587 fontem
851 558 980 591 veniens,

156 615 243 634 suum
259 606 353 642 ipsius
367 606 480 633 vultum
497 605 784 632 intuetur.Nesciens
801 605 898 631 autem
916 610 981 630 esse

156 651 266 686 proprii
281 650 411 686 corporis
429 651 565 686 ﬁguram,
582 657 681 677 amore
697 649 813 685 capitur
827 649 890 683 eius
904 647 982 683 quod

157 696 259 728 cernit,
276 698 304 723 et
319 695 467 723 existimat
481 694 698 722 adolescentem
724 701 788 721 esse
811 701 911 720 verum
927 692 982 719 sub

159 749 233 775 aqua
247 740 398 767 latentem.
413 739 476 766 Non
493 739 583 774 igitur
597 738 665 766 hinc
681 738 762 772 abiit,
775 738 824 765 sed
842 737 983 764 intuendo

158 787 294 812 mortuus
316 786 376 818 est;
411 786 546 818 terraque
569 783 647 810 hunc
682 783 820 810 miserata
843 783 945 809 ﬂorem
969 789 985 808 θ

158 829 276 866 proprio
304 829 370 856 sinu
398 828 497 856 eduxit
521 829 654 863 ejusdem
683 827 822 855 nominis.
841 827 881 855 Ne
897 826 985 862 igitur

158 874 221 910 ipse
236 881 357 901 cernens
374 881 470 901 meam
496 872 674 908 sapientiam
699 872 727 899 in
755 871 873 907 scriptis
900 874 931 898 ut
955 872 984 898 in

158 918 288 955 speculo,
307 925 406 945 amore
423 917 481 945 mei
498 917 589 944 nimio
606 917 706 952 capiar
722 918 750 944 et
761 925 826 944 mea
837 917 864 944 in
882 916 986 943 umbra

160 964 305 999 exspirem
312 983 318 990 .

195 1008 251 1036 Sed
267 1008 390 1035 conﬁde.
408 1006 486 1034 Ixion
503 1008 648 1034 Junonem
666 1006 825 1039 amabat,et
840 1005 986 1033 sibiillius

159 1053 189 1080 in
203 1055 298 1080 mente
309 1052 435 1087 effigiem
452 1052 577 1087 ﬁngens,
593 1050 719 1079 osculari
735 1050 791 1078 sibi
807 1050 961 1078 videbatur
978 1058 984 1077 :

161 1098 289 1133 quadam
304 1105 371 1137 vc_ro
388 1097 433 1123 die
448 1096 543 1131 ipsam
560 1104 693 1128 cernens,
710 1095 985 1130 seipsumjinsimu-

161 1141 231 1169 lavit
241 1146 379 1176 tanquam
392 1140 641 1168 deformissimam
649 1140 775 1175 efﬁgiem
786 1140 984 1175 efﬂngentem.

162 1187 195 1214 Et
210 1194 262 1222 ego
279 1186 378 1221 igitur,
394 1185 510 1221 quando
527 1187 609 1212 tuam
625 1184 749 1220 inspicio
760 1184 985 1220 magnanimita-

160 1233 219 1257 tem
236 1233 264 1258 et
278 1230 442 1265 ingenium,
468 1238 563 1257 meam
590 1230 714 1265 ﬁguram
739 1229 888 1262 deserens,
903 1231 985 1256 tuam

161 1274 412 1310 pulchritudinem
428 1275 576 1309 admiror;
594 1274 678 1310 quasi
690 1274 760 1301 olim
771 1276 853 1301 tuum
866 1282 984 1302 caseum

159 1319 295 1352 miratus,
311 1328 390 1347 nunc
405 1322 472 1347 ante
487 1319 625 1353 butyrum
643 1321 756 1354 stupeo.

196 1364 269 1392 Cum
286 1364 405 1399 regibus
421 1366 520 1391 autem
536 1363 618 1390 nulla
632 1363 705 1391 mihi
728 1363 833 1399 cupido
860 1363 986 1391 multum

160 1409 344 1444 colloquendi
358 1417 365 1443 ;
381 1411 499 1444 propter
511 1411 539 1436 te
554 1416 620 1436 vero
645 1408 681 1436 ad
696 1410 831 1444 quartam
849 1409 986 1444 paginam

164 1454 319 1490 attingam.

199 1501 263 1526 ΙΙωο
279 1507 369 1526 servas
384 1500 442 1526 tua:
459 1506 576 1526 manus.

492 1557 536 1584 IX.
549 1556 654 1590 Eidem,

199 1606 304 1638 Quales
319 1608 386 1640 tuae,
413 1615 428 1633 ο
453 1606 558 1641 Caesar,
584 1605 775 1641 cogitationes
792 1605 798 1632 ἔ
815 1605 912 1641 qualia
927 1608 985 1634 tuas

164 1651 273 1680 mentis
289 1651 413 1679 consilia
427 1651 433 1678 l
446 1651 519 1678 duas
530 1651 604 1678 meis
616 1650 745 1678 fontibus
756 1650 897 1686 aperuisti
907 1651 988 1678 [istu-

167 1696 219 1730 las,
236 1698 269 1723 ut
284 1695 356 1723 mihi
381 1704 489 1732 aquam
513 1697 604 1722 totam
630 1695 805 1729 eﬂ‘underes,
833 1697 865 1722 ut
889 1703 988 1723 meum

161 1743 256 1768 totum
273 1739 443 1768 exhaurires
464 1741 621 1767 ﬂuentum.
649 1739 759 1767 Deinde
784 1748 853 1767 num
870 1739 990 1775 ignoras

167 1794 214 1813 me
228 1785 437 1813 inexhaustum
453 1784 561 1812 habere
577 1785 697 1818 fontem,
713 1786 895 1820 etquantum
912 1785 991 1820 sugi-

165 1833 223 1864 tur,
239 1832 354 1858 tantum
368 1829 429 1857 vias
446 1828 551 1865 aperiri
567 1831 596 1856 et
610 1837 697 1857 venas
713 1829 828 1856 dilatari
844 1830 879 1857 ah
896 1829 989 1856 abun-

166 1874 329 1902 dantiorem
338 1882 353 1901 e
364 1874 479 1910 gurgite
489 1873 695 1909 profluentiam
706 1874 720 1900 ‘2
731 1873 795 1901 Scio
810 1876 838 1901 te
853 1873 990 1901 subtilem

167 1927 231 1947 esse
244 1921 273 1947 et
288 1919 324 1946 ad
336 1926 454 1946 omnem
465 1918 601 1946 virtutem
613 1920 710 1954 aptus,
722 1917 853 1953 velleque
868 1918 993 1945 occulta-

167 1967 226 1991 tam
242 1963 271 1991 in
297 1971 343 1990 me
368 1963 559 1998 margaritam
585 1970 711 1996 sumere,
735 1964 767 1989 ut
789 1962 870 1989 illam
896 1963 925 1989 in
942 1965 992 1990 tuo

168 2009 335 2036 diademate
350 2007 512 2042 insculpas.
530 2007 573 2034 'l‘u
590 2015 657 2034 vero
675 2006 747 2034 mihi
764 2015 821 2034 non
838 2006 992 2039 unam,sed

170 2053 278 2081 multas
291 2053 353 2087 jam
376 2051 549 2086 subripuisti
565 2060 571 2084 ;
589 2052 728 2086 majorem
752 2053 848 2078 autem
877 2050 992 2085 harum,

170 2100 198 2125 et
213 2097 308 2124 colore
322 2096 580 2128 candidissimam,
606 2095 756 2131 figuraque
782 2095 994 2131 praestantissi-

171 2151 249 2170 mum
275 2149 333 2168 non
357 2139 606 2175 comprehendere
640 2141 760 2175 poteris.
796 2140 891 2167 llabeo
917 2139 995 2167 enim

171 2195 235 2215 eam
251 2187 280 2214 in
298 2186 405 2213 mentis
422 2185 499 2219 sinu,
526 2193 583 2220 quo
609 2193 667 2212 non
693 2187 846 2220 penetrant
869 2184 996 2212 furentis

171 2240 288 2260 manus.
305 2230 379 2262 Quid
405 2238 451 2257 me
475 2229 643 2266 ubicunque
667 2229 866 2262 circuscribis,
896 2232 924 2257 et
938 2229 996 2256 cir-

172 2277 317 2305 cumfodis
333 2274 538 2303 circulariter?
554 2274 731 2302 inviolabilis
744 2283 809 2302 sum
819 2275 848 2301 in
860 2274 998 2302 doctrina:

171 2321 321 2349 thesauro.
338 2320 485 2352 Quantum
502 2328 516 2346 e
533 2321 618 2355 puteo
634 2319 832 2352 bauris,tanto
848 2318 997 2354 copiosius

172 2367 317 2394 ﬂuentum
333 2364 437 2397 efﬁcis,
448 2364 560 2392 Eximia
575 2366 672 2392 autem
688 2367 740 2391 tua
755 2363 824 2391 furti
841 2363 956 2399 peritia.

211 2499 258 2528 Sol
275 2499 403 2528 naturali
420 2499 527 2527 virtute
542 2501 571 2527 et
588 2498 727 2526 facultate
744 2498 944 2526 calidissimus
955 2499 999 2526 est

175 2547 319 2572 extractor
335 2544 468 2572 humoris
485 2543 704 2571 immensitatis.
722 2543 831 2570 Idcirco
849 2543 877 2570 in
891 2551 956 2570 vere
972 2545 1000 2570 et

175 2591 274 2616 aestate
290 2589 374 2616 nobis
389 2588 582 2624 propinquior
597 2589 691 2616 factus
716 2587 836 2615 attrahit
861 2587 998 2615 arborum

176 2634 340 2663 humorem.
356 2636 384 2660 et
407 2633 572 2660 fructiferas
597 2631 662 2660 illas
686 2632 793 2660 efﬁcit:
821 2641 877 2660 non
901 2634 999 2659 autem

177 2679 290 2711 delegat
316 2677 391 2704 lunae
413 2678 545 2704 eamdem
570 2677 747 2704 facultatem.
773 2678 815 2704 Tu
843 2685 910 2704 vero
929 2675 999 2703 mihi

179 2731 261 2751 meus
284 2721 326 2749 sol
353 2724 435 2749 tuam
461 2722 561 2749 lunam
587 2721 796 2758 circumegisti,
821 2724 848 2749 et
866 2721 954 2756 jubes
970 2723 1003 2747 ut

178 2768 290 2805 aliquid
307 2767 396 2796 etiam
413 2767 478 2803 ipsa
493 2775 508 2794 ο
525 2775 588 2794 meo
603 2768 681 2795 fonte
695 2768 821 2795 hauriat.
839 2767 912 2799 Quid
929 2765 1002 2793 mihi

179 2822 284 2841 caseus
299 2815 328 2841 et
343 2812 482 2848 butyrum
493 2811 507 2838 ?
521 2811 661 2838 illecebrae
681 2814 750 2839 sunt
774 2812 829 2839 ista
853 2813 882 2838 et
905 2811 1003 2838 viscus

1001 886 1024 919 B

1001 1571 1023 1604 C

1014 2263 1036 2295 D

1032 244 1064 271 σὺ
1087 243 1230 281 τυγχάνεις
1252 245 1266 270 ὁ
1281 243 1347 280 ἐμὸς
1362 243 1497 280 ἑρμηνεὺς
1517 245 1563 272 καὶ
1581 248 1653 277 θεῖος
1676 247 1715 281 τῷ
1738 245 1799 273 ὅντι
1816 249 1860 273 Θι-

1035 288 1195 325 μιστοκλῆς.
1219 288 1300 326 Κάγὼ
1324 289 1371 325 μὶν
1394 289 1458 320 τοὺς
1482 288 1565 326 ἐμοὺς
1589 290 1734 327 χρησμοὺς
1758 290 1860 329 ἀγνοῶ,

1035 333 1065 360 σὺ
1081 332 1110 360 δὲ
1125 331 1273 372 ἐξακριϐεἶς
1285 334 1408 370 τούτους,
1433 333 1477 362 καὶ
1502 334 1701 372 ὑψηλολογεῖς,
1725 335 1770 362 καὶ
1802 341 1862 366 θαυ-

1037 378 1129 414 μάζεις
1158 379 1202 405 καὶ
1231 381 1279 406 τοῦ
1306 377 1427 411 κάλλους
1454 379 1499 406 καὶ
1525 382 1576 414 τῆς
1601 378 1772 415 δεινότητος·
1791 380 1863 407 ὥστε

1036 421 1146 450 δέδοικα
1162 423 1199 459 μὴ
1217 423 1294 450 πάθω
1309 424 1340 450 τὸ
1355 425 1402 450 τοῦ
1419 423 1581 462 Ναρκίσσου.

1071 468 1102 496 Ὀ
1141 468 1289 505 Νάρκισσος
1321 469 1460 505 μειράκιον
1498 469 1530 503 ἦν
1571 467 1669 497 κάλλει
1705 467 1865 505 διαλάμπον

1037 509 1123 549 ἁδρῷ,
1138 512 1345 540 ἀπλοΐκώτατον
1373 511 1402 540 δὲ
1426 513 1472 540 καὶ
1497 512 1653 549 δεινότητος
1667 514 1756 549 πάσης
1773 513 1863 545 ἐκτός.

1038 557 1089 584 Καί
1104 567 1170 584 ποτε
1185 557 1254 594 πρὸς
1268 558 1360 595 πηγὴν
1391 556 1494 585 ὑδάτων
1523 557 1614 592 ἐλθὸν,
1641 559 1673 585 τὸ
1703 559 1801 586 ἑαυτοῦ
1826 559 1866 585 ἐν-

1038 601 1192 639 οπτρίζεται
1221 601 1388 639 πρόσωπον.
1414 602 1565 639 Ἥγνοηκὸς
1589 601 1618 629 δὲ
1646 603 1687 629 ὅτι
1715 604 1764 629 τοῦ
1792 601 1864 629 ἰδίου

1038 646 1165 682 σώματός
1181 646 1250 673 ἐστιν
1274 647 1292 680 ἡ
1323 647 1393 680 σκιὰ,
1424 643 1511 683 ἔρωτα
1541 644 1675 683 λαμϐάνει
1691 648 1739 674 τοῖ’)
1756 647 1863 685 ὁρωμέ-

1037 701 1095 719 νου.
1125 691 1170 718 καὶ
1201 691 1278 727 ᾠήθη
1308 690 1349 718 ὅτι
1380 691 1519 727 μειράκιόν
1534 691 1603 718 ἐστιν
1629 691 1730 726 ἀληθὲς
1742 692 1863 723 κρυπτό-

1040 747 1119 772 μενον
1151 736 1266 768 ὑπὸτῆς
1281 739 1384 773 πηγῆς.
1415 735 1454 764 Οὐ
1482 736 1572 763 τοίνυν
1601 736 1701 768 ἐκεῖθεν
1721 736 1864 775 ἀφίστατο,

1038 780 1101 808 ἀλλ’
1130 781 1200 818 ὁρῶν
1230 780 1376 815 ἐτεθνήκει.
1394 780 1442 807 Καὶ
1473 782 1491 815 ἠ
1520 781 1558 818 γῆ
1586 783 1681 808 τοῦτον
1696 781 1864 817 οἰκτείρασα,

1040 825 1117 856 ἄνθος
1147 824 1176 852 ἐκ
1201 826 1254 852 τῶν
1285 825 1392 852 οἰκείων
1418 825 1540 862 Ααγόνων
1569 825 1672 863 ἀοῆκεν
1701 826 1864 861 ὁμώνυμον.

1040 871 1083 904 Μὴ
1112 869 1201 896 τοίνυν
1231 869 1275 897 καὶ
1299 869 1379 901 αὐτὸς
1395 868 1503 905 βλέπων
1517 870 1566 904 τὴν
1584 869 1654 905 ἐμήν
1670 870 1768 909 σοφίαν
1783 870 1821 901 ὡς
1838 870 1863 896 ἐν

1041 914 1184 951 κατόπτρῳ
1206 916 1264 944 τοῖς
1285 914 1458 951 γράμμασιν,
1482 912 1568 952 ἔρωτα
1598 912 1714 953 σφοδρὸν
1745 914 1865 951 ἐμαυτοῦ

1041 956 1155 994 λάϐοιμι
1171 958 1216 986 καὶ
1230 960 1264 995 τῇ
1281 958 1334 995 ἐμῇ
1350 957 1509 995 ἐναποψύξω
1525 961 1596 994 σκιᾷ.

1078 1003 1167 1031 Ἀλλὰ
1206 1003 1307 1040 Θάῤῥει.
1345 1003 1375 1031 Ὁ
1411 1003 1496 1038 Ἰξίων
1524 1002 1579 1040 ἤρα
1610 1007 1660 1037 τῆς
1686 1005 1783 1041 Ἥρας,
1809 1003 1865 1038 καὶ,

1040 1047 1166 1075 πλάττων
1206 1047 1234 1075 ἐν
1262 1049 1296 1084 τῇ
1326 1049 1402 1084 ψυχῇ
1430 1047 1461 1074 τὸ
1490 1047 1595 1083 ἐκείνης
1625 1046 1750 1081 ε’ίδωλον,
1778 1047 1865 1075 ἐδόκει

1040 1095 1121 1120 τοῦτο
1145 1092 1318 1126 ἀσπάζεσθαν
1349 1091 1415 1119 ἰδὼν
1444 1090 1473 1119 δέ
1493 1102 1559 1119 ποτε
1583 1091 1698 1126 ταύτην,
1727 1091 1866 1129 ἐμέμῳετο

1041 1136 1134 1164 ἑαυτὸν
1171 1137 1209 1167 ὡς
1245 1136 1442 1174 ἀμορφώτατον
1477 1137 1698 1164 ἀναπλάττοντας
1735 1135 1864 1165 εἷδωλον.

1041 1181 1121 1218 Κάγὼ
1136 1181 1237 1216 τοίνυν,
1254 1181 1316 1208 ὅταν
1331 1181 1368 1211 εἰς
1399 1182 1430 1208 τὸ
1455 1181 1499 1208 σὸν
1531 1181 1700 1219 μγαλοφυές
1714 1178 1866 1208 ἀποϐλέπω

1040 1225 1086 1253 καὶ
1115 1224 1276 1263 περιδέξιον,
1302 1226 1352 1259 τήν
1370 1225 1438 1261 ἐμὴν
1463 1225 1677 1261 κατοιλιμπάνων
1708 1226 1798 1261 σκιὰν,
1818 1226 1867 1259 τὴν

1042 1271 1090 1304 σὴν
1108 1269 1207 1308 ἄγαμαι
1224 1269 1388 1307 ὡραιότητα·
1403 1270 1494 1307 ὥσπερ
1509 1269 1639 1305 δὴπάλαι
1656 1270 1803 1307 θαυμάζων
1819 1281 1866 1297 σου

1040 1315 1104 1346 τοὺς
1119 1315 1226 1353 τυροὺς⁷
1242 1317 1288 1342 νῦν
1306 1316 1496 1352 ὑπερηγάσθην
1508 1315 1539 1342 τὸ
1557 1315 1700 1352 βούτυρον.

1077 1362 1140 1390 Τοῖς
1163 1358 1191 1386 δέ
1215 1370 1247 1397 γε
1272 1359 1430 1397 ἀνακτόροις
1454 1358 1485 1387 οὔ
1514 1371 1563 1396 μοι
1591 1358 1696 1394 σπουδή
1723 1357 1867 1397 παραϐάλ-

1043 1404 1100 1432 λειν
1127 1407 1246 1435 πυκνῶς·
1276 1403 1320 1431 διὰ
1347 1403 1376 1431 δὲ
1405 1404 1434 1431 es
1459 1405 1527 1431 κατὰ
1549 1405 1599 1439 τήν
1628 1403 1743 1442 τετράδα
1765 1405 1861 1443 ἀφίξο-

1044 1459 1102 1485 μαι.

1076 1495 1131 1528 Τῆς
1147 1491 1277 1528 δουλικῆς
1293 1493 1338 1520 καὶ
1352 1493 1436 1520 ταῦτα
1451 1494 1554 1531 χειρός.

1353 1552 1390 1579 0’.
1402 1552 1450 1588 Τῷ
1464 1550 1546 1588 αὐτῷ.

1079 1602 1130 1630 Οἴα
1143 1611 1202 1635 σου,
1231 1603 1342 1638 Καῖσαρ,
1369 1601 1403 1628 τὰ
1417 1600 1612 1638 ἐνθυμήματαί
1638 1602 1681 1628 οἷα
1697 1599 1725 1628 δὲ
1745 1601 1779 1628 τὰ
1797 1602 1862 1638 βου-

1043 1645 1164 1682 λεύματα
1187 1649 1237 1680 τῆς
1257 1646 1367 1682 ψυχῆςί
1394 1645 1445 1672 Δύο
1470 1655 1516 1682 μοι
1531 1647 1590 1676 ταῖς
1605 1648 1708 1682 πηγαῖς
1735 1645 1865 1680 ἐξέτεινας

1044 1691 1165 1728 ἀγωγὰς,
1192 1689 1238 1716 τίνα
1268 1700 1319 1726 μου
1342 1689 1406 1717 ὅλον
1433 1689 1587 1728 ἐκψορήσῃς
1604 1690 1636 1716 τὸ
1652 1688 1735 1727 ὕδωρ,
1750 1689 1793 1717 ἴνα
1811 1701 1863 1726 μου

1044 1738 1129 1762 πᾶσαν
1164 1733 1349 1771 ἐκδαπανήσῃς
1383 1735 1432 1769 τὴν
1471 1734 1575 1772 βρύσιν.
1609 1735 1674 1762 Εἶτα
1698 1733 1731 1768 δὴ
1761 1734 1870 1772 ἀγνοεῖς

1045 1780 1086 1806 ὅτι
1109 1779 1242 1806 ἀκένιυτον
1264 1778 1320 1817 ἔχω
1347 1780 1377 1806 τὸ
1394 1780 1489 1817 ῥεῦμα,
1504 1779 1560 1815 καὶ,
1577 1778 1638 1806 ὅσον
1665 1777 1694 1806 ἂν
1722 1777 1871 1813 ἐκοηλάζοι

1044 1835 1096 1858 τις,
1124 1826 1251 1851 τοσοῦτον
1281 1823 1344 1854 τοὺς
1360 1824 1462 1861 πόρους
1477 1823 1628 1859 ἀναστομοῖ
1649 1823 1755 1855 καὶτὰς
1769 1821 1874 1860 φλέϐας

1047 1868 1150 1906 εὐρύνει
1177 1869 1245 1906 πρὸς
1268 1869 1318 1902 τήν
1351 1867 1381 1895 ἐκ
1404 1868 1503 1906 βάθους
1532 1868 1693 1906 ἀπορῥοήνς
1733 1866 1802 1896 Οἶδα
1831 1867 1873 1895 δτι

1048 1912 1132 1943 δεινὸς
1159 1913 1184 1940 εἴ
1206 1914 1252 1940 καὶ
1276 1913 1344 1950 πρὸς
1373 1916 1459 1940 πᾶσαν
1487 1912 1585 1950 ἀρετήν
1614 1911 1765 1950 περιδέξιος
1783 1934 1791 1947 ,
1828 1911 1874 1939 καὶ

1050 1957 1142 1995 βούλει
1174 1958 1221 1984 τὸν
1251 1956 1466 1995 ἐγκεκρυμμένον
1496 1967 1543 1993 μοι
1574 1954 1743 1994 μαργαρίτην
1765 1953 1873 1989 λαϐεῖν,

1045 2001 1082 2029 ’ἶν’
1110 2002 1265 2040 εγκολάψῃς
1281 2004 1378 2029 τοῦτον
1394 2001 1437 2028 ἐπὶ
1452 2003 1500 2028 τοῦ
1528 2003 1576 2028 σοῦ
1596 1999 1776 2037 διαδήματος.
1794 2000 1832 2027 Σὺ
1846 1999 1875 2027 δέ

1051 2057 1097 2083 μοι
1120 2046 1182 2074 οὐδὲ
1203 2046 1259 2080 Eva,
1289 2046 1362 2074 ἀλλὰ
1390 2045 1513 2077 πολλοὺς
1540 2044 1594 2080 ἤδη
1617 2044 1764 2083 κέκλοφας·
1781 2045 1828 2072 τὸν
1847 2043 1875 2072 δὲ

1049 2103 1081 2129 γε
1113 2091 1222 2128 μείζονα
1247 2091 1361 2128 τούτων,
1388 2091 1433 2118 καὶ
1461 2090 1623 2118 λευκότατον
1653 2090 1700 2126 μὶν
1729 2089 1769 2125 τῷ
1795 2090 1876 2127 χρώ-

1052 2147 1115 2173 ματι
1131 2136 1352 2174 περιφερέστατον
1380 2134 1408 2162 Si
1429 2137 1467 2171 τῷ
1492 2136 1627 2172 σχήματι,
1648 2134 1678 2161 οὐ
1704 2132 1807 2170 δυνήσῃ
1831 2144 1878 2161 πε-

1051 2178 1185 2219 ριλαϐεῖν.
1211 2182 1290 2218 "Exin
1315 2180 1364 2218 γὰρ
1388 2181 1482 2207 τοῦτον
1513 2179 1538 2206 ἐν
1566 2182 1624 2210 τοῖς
1652 2180 1784 2216 ψυχικοῖς
1807 2177 1874 2205 κόλ-

1052 2236 1127 2260 ποις,
1156 2225 1187 2252 οὗ
1209 2225 1247 2261 μή
1279 2225 1422 2263 φθάνουσιν
1450 2224 1478 2251 αἱ
1501 2226 1592 2262 χεῖρες
1620 2226 1668 2251 τοῦ
1695 2222 1875 2253 κλέπτοντος.

1051 2270 1082 2298 Τί
1108 2281 1140 2307 με
1173 2270 1350 2307 περικυκλιῖς
1379 2269 1521 2304 πάντοθεν,
1549 2268 1593 2296 καὶ
1622 2267 1808 2306 περιορύττεις
1829 2267 1877 2294 κύ-

1053 2314 1162 2350 κλωσε;
1179 2313 1279 2345 ἄσυλός
1296 2313 1352 2350 εἶ’μι
1364 2314 1409 2341 τὸν
1423 2315 1472 2348 τῆς
1486 2313 1609 2351 γνώσεως
1631 2311 1776 2349 Θησαυρόν.
1793 2313 1876 2340 Ὅσον

1054 2359 1192 2397 ἀπαρύττῃ
1218 2360 1267 2386 τοῦ
1301 2357 1426 2397 φρέατος,
1460 2359 1588 2385 τοσοῦτον
1627 2355 1833 2394 πλουσιώτερον
1863 2356 1877 2383 ὁ

1054 2406 1126 2440 νᾶμα
1154 2406 1251 2434 ποιεῖς.
1281 2403 1432 2442 Ὑπερφυής
1459 2401 1488 2430 δέ
1517 2413 1564 2429 σου
1591 2402 1634 2429 καὶ
1665 2403 1683 2436 ἡ
1707 2405 1757 2436 τῆς
1769 2400 1879 2435 κλοπ-ἧς

1052 2448 1149 2485 τέχνη.

1090 2493 1118 2519 Ὁ
1138 2491 1220 2527 ἥλιος
1245 2493 1344 2531 φυσικῇ
1368 2490 1479 2528 δυνάμει
1504 2491 1549 2519 καὶ
1573 2490 1716 2529 περιουσίᾳ
1745 2491 1878 2527 θερμότα-

1054 2548 1101 2569 τος
1120 2537 1245 2569 ἐλκτικός
1273 2536 1327 2564 ἐστι
1355 2536 1443 2571 τῆςέν
1468 2538 1508 2572 τῷ
1539 2535 1612 2574 βάθει
1639 2536 1801 2574 ὑγρότητος.
1832 2535 1880 2562 Διιὶ

1055 2585 1138 2610 ταῦτα
1150 2581 1229 2619 ἔαρος
1251 2582 1296 2608 καί
1321 2582 1416 2618 Θέρους
1440 2580 1599 2616 πλησιάζων
1624 2581 1692 2616 ἡμῖν
1709 2578 1817 2607 ἀνέλκει
1832 2579 1880 2613 τήν

1057 2628 1082 2655 ἐν
1120 2630 1177 2658 τοῖς
1216 2624 1337 2663 δένδροις
1370 2623 1472 2661 ἰκμάδα
1509 2625 1554 2652 καὶ
1583 2622 1704 2662 ἔγκαρπα
1723 2624 1757 2651 τὰ
1783 2621 1882 2660 δένδρα

1056 2675 1139 2700 ποιεῖ’
1171 2672 1201 2698 οὐ
1232 2671 1285 2707 μὴν
1302 2670 1436 2698 ἐπιτάσσει
1462 2670 1506 2697 καὶ
1521 2671 1555 2706 τῇ
1571 2669 1674 2706 σελήνῃ
1688 2669 1738 2702 τὴν
1752 2667 1883 2702 τοιαύτην

1057 2717 1203 2754 ἐνέργειαν,
1228 2716 1266 2742 Σὺ
1282 2715 1310 2742 δέ
1335 2725 1380 2751 μοι
1397 2715 1411 2742 ὁ
1427 2714 1493 2751 ἐμὸς
1516 2713 1597 2748 ἥλιος
1621 2714 1666 2741 καὶ
1689 2713 1738 2747 τὴν
1763 2714 1813 2747 σὴν
1834 2722 1882 2739 πε-

1058 2762 1201 2801 ριέστησας
1230 2759 1356 2796 σελήνην,
1380 2760 1425 2787 καὶ
1455 2759 1608 2798 ἐπιτρέπεις
1633 2757 1681 2786 ’ίνα
1709 2769 1736 2786 τι
1751 2757 1796 2785 καί
1812 2757 1882 2791 αὖτή

1058 2807 1111 2834 ἀπὸ
1132 2809 1183 2840 τῆς
1199 2805 1268 2842 ἐμῆς
1283 2808 1376 2842 πηγῆς
1399 2803 1564 2841 ἀπαρύηται.
1593 2803 1623 2830 Τί
1653 2813 1700 2839 μοι
1728 2803 1773 2830 τὸν
1798 2803 1884 2841 τυρὸν
