  <div class='ocr_page' id='page_1' title='image "/cluster/home/n/w/nwhite01/storage/ocr_20150623/122/njp.32101077773016/622.png"; bbox 0 0 1953 3047; ppageno 0'>
   <div class='ocr_carea' id='block_1_1' title="bbox 97 132 177 161">
    <p class='ocr_par' dir='ltr' id='par_1_1' title="bbox 97 132 177 161">
     <span class='ocr_line' id='line_1_1' title="bbox 97 132 177 161; baseline 0.013 -1"><span class='ocrx_word' id='word_1_1' title='bbox 97 132 112 160; x_wconf 81' lang='grc'><strong>1</strong></span> <span class='ocrx_word' id='word_1_2' title='bbox 121 132 177 161; x_wconf 82' lang='lat'><strong>1&#39;77</strong></span> 
     </span>
    </p>
   </div>
   <div class='ocr_carea' id='block_1_2' title="bbox 849 129 1062 161">
    <p class='ocr_par' dir='ltr' id='par_1_2' title="bbox 849 129 1062 161">
     <span class='ocr_line' id='line_1_2' title="bbox 849 129 1062 161; baseline -0.005 -2"><span class='ocrx_word' id='word_1_3' title='bbox 849 129 1062 161; x_wconf 80' lang='lat' dir='ltr'><strong>EPISTOL/E.</strong></span> 
     </span>
    </p>
   </div>
   <div class='ocr_carea' id='block_1_3' title="bbox 1727 133 1804 162">
    <p class='ocr_par' dir='ltr' id='par_1_3' title="bbox 1727 133 1804 162">
     <span class='ocr_line' id='line_1_3' title="bbox 1727 133 1804 162; baseline 0.013 -1"><span class='ocrx_word' id='word_1_4' title='bbox 1727 133 1804 162; x_wconf 77' lang='lat' dir='ltr'><strong>M78</strong></span> 
     </span>
    </p>
   </div>
   <div class='ocr_carea' id='block_1_4' title="bbox 97 196 933 236">
    <p class='ocr_par' dir='ltr' id='par_1_4' title="bbox 97 196 926 235">
     <span class='ocr_line' id='line_1_4' title="bbox 97 196 926 235; baseline -0.002 -10"><span class='ocrx_word' id='word_1_5' title='bbox 97 199 145 225; x_wconf 76' lang='grc' dir='ltr'><strong>καὶ</strong></span> <span class='ocrx_word' id='word_1_6' title='bbox 173 199 204 226; x_wconf 84' lang='grc' dir='ltr'>τὸ</span> <span class='ocrx_word' id='word_1_7' title='bbox 234 197 385 235; x_wconf 71' lang='grc' dir='ltr'>βούτυρον;</span> <span class='ocrx_word' id='word_1_8' title='bbox 417 196 588 233; x_wconf 71' lang='grc' dir='ltr'><strong>δελεάσματα</strong></span> <span class='ocrx_word' id='word_1_9' title='bbox 622 198 706 224; x_wconf 70' lang='grc' dir='ltr'>ταῦτα</span> <span class='ocrx_word' id='word_1_10' title='bbox 734 196 778 223; x_wconf 79' lang='grc' dir='ltr'>κιοὶ</span> <span class='ocrx_word' id='word_1_11' title='bbox 805 196 856 231; x_wconf 77' lang='grc' dir='ltr'><strong>ἷξοῖ</strong></span> <span class='ocrx_word' id='word_1_12' title='bbox 881 197 926 224; x_wconf 74' lang='grc' dir='ltr'><strong>καὶ</strong></span> 
     </span>
    </p>
   </div>
   <div class='ocr_carea' id='block_1_5' title="bbox 1022 196 1804 236">
    <p class='ocr_par' dir='ltr' id='par_1_5' title="bbox 1027 199 1804 236">
     <span class='ocr_line' id='line_1_5' title="bbox 1027 199 1804 236; baseline 0.001 -10"><span class='ocrx_word' id='word_1_13' title='bbox 1027 199 1110 233; x_wconf 74' lang='lat' dir='ltr'><strong>retia,</strong></span> <span class='ocrx_word' id='word_1_14' title='bbox 1126 200 1158 227; x_wconf 88' lang='lat' dir='ltr'><strong>ut</strong></span> <span class='ocrx_word' id='word_1_15' title='bbox 1174 207 1220 227; x_wconf 85' lang='lat' dir='ltr'><strong>me</strong></span> <span class='ocrx_word' id='word_1_16' title='bbox 1235 201 1329 227; x_wconf 83' lang='lat' dir='ltr'><strong>totum</strong></span> <span class='ocrx_word' id='word_1_17' title='bbox 1344 199 1444 236; x_wconf 85' lang='lat' dir='ltr'><strong>capias</strong></span> <span class='ocrx_word' id='word_1_18' title='bbox 1459 201 1487 227; x_wconf 88' lang='lat' dir='ltr'><strong>et</strong></span> <span class='ocrx_word' id='word_1_19' title='bbox 1501 200 1560 227; x_wconf 88' lang='lat' dir='ltr'><strong>tuis</strong></span> <span class='ocrx_word' id='word_1_20' title='bbox 1573 199 1687 235; x_wconf 79' lang='lat' dir='ltr'><strong>laqueis</strong></span> <span class='ocrx_word' id='word_1_21' title='bbox 1710 200 1804 228; x_wconf 86' lang='lat' dir='ltr'><strong>invol-</strong></span> 
     </span>
    </p>
   </div>
   <div class='ocr_carea' id='block_1_6' title="bbox 98 241 924 280">
    <p class='ocr_par' dir='ltr' id='par_1_6' title="bbox 98 241 924 280">
     <span class='ocr_line' id='line_1_6' title="bbox 98 241 924 280; baseline -0.002 -10"><span class='ocrx_word' id='word_1_22' title='bbox 98 244 186 280; x_wconf 73' lang='grc' dir='ltr'>πάγαι</span> <span class='ocrx_word' id='word_1_23' title='bbox 217 243 300 279; x_wconf 76' lang='grc' dir='ltr'>εἰσὶν,</span> <span class='ocrx_word' id='word_1_24' title='bbox 329 241 374 269; x_wconf 73' lang='grc' dir='ltr'>’ἱνα</span> <span class='ocrx_word' id='word_1_25' title='bbox 403 252 436 278; x_wconf 76' lang='grc' dir='ltr'><strong>με</strong></span> <span class='ocrx_word' id='word_1_26' title='bbox 465 241 530 268; x_wconf 81' lang='grc' dir='ltr'>ὅλον</span> <span class='ocrx_word' id='word_1_27' title='bbox 560 242 683 278; x_wconf 77' lang='grc' dir='ltr'>θηράσῃς</span> <span class='ocrx_word' id='word_1_28' title='bbox 711 241 755 269; x_wconf 81' lang='grc' dir='ltr'><strong>καὶ</strong></span> <span class='ocrx_word' id='word_1_29' title='bbox 781 244 838 272; x_wconf 78' lang='grc' dir='ltr'>τοῖς</span> <span class='ocrx_word' id='word_1_30' title='bbox 867 244 924 272; x_wconf 81' lang='grc' dir='ltr'>σοῖς</span> 
     </span>
    </p>
   </div>
   <div class='ocr_carea' id='block_1_7' title="bbox 99 285 925 326">
    <p class='ocr_par' dir='ltr' id='par_1_7' title="bbox 99 285 925 326">
     <span class='ocr_line' id='line_1_7' title="bbox 99 285 925 326; baseline -0.002 -11"><span class='ocrx_word' id='word_1_31' title='bbox 99 287 280 326; x_wconf 70' lang='grc' dir='ltr'>περισφίγξῃς</span> <span class='ocrx_word' id='word_1_32' title='bbox 310 285 441 321; x_wconf 76' lang='grc' dir='ltr'><strong>δικτύοις,</strong></span> <span class='ocrx_word' id='word_1_33' title='bbox 471 285 488 321; x_wconf 65' lang='grc' dir='ltr'><strong>ἢ</strong></span> <span class='ocrx_word' id='word_1_34' title='bbox 522 287 613 324; x_wconf 76' lang='grc' dir='ltr'>ὥσπερ</span> <span class='ocrx_word' id='word_1_35' title='bbox 643 286 721 323; x_wconf 75' lang='grc' dir='ltr'>ἰχθῦν</span> <span class='ocrx_word' id='word_1_36' title='bbox 752 285 925 323; x_wconf 78' lang='grc' dir='ltr'><strong>ὑπεξαγαγὼν</strong></span> 
     </span>
    </p>
   </div>
   <div class='ocr_carea' id='block_1_8' title="bbox 98 330 926 368">
    <p class='ocr_par' dir='ltr' id='par_1_8' title="bbox 98 330 926 368">
     <span class='ocr_line' id='line_1_8' title="bbox 98 330 926 368; baseline -0.002 -9"><span class='ocrx_word' id='word_1_37' title='bbox 98 334 149 367; x_wconf 77' lang='grc' dir='ltr'>τῆς</span> <span class='ocrx_word' id='word_1_38' title='bbox 180 331 328 366; x_wconf 78' lang='grc' dir='ltr'><strong>θαλάσσης,</strong></span> <span class='ocrx_word' id='word_1_39' title='bbox 357 331 375 365; x_wconf 73' lang='grc' dir='ltr'>ἢ</span> <span class='ocrx_word' id='word_1_40' title='bbox 402 330 491 368; x_wconf 79' lang='grc' dir='ltr'>ὥσπερ</span> <span class='ocrx_word' id='word_1_41' title='bbox 518 331 619 366; x_wconf 84' lang='grc' dir='ltr'>πτηνὸν</span> <span class='ocrx_word' id='word_1_42' title='bbox 651 330 681 358; x_wconf 76' lang='grc' dir='ltr'>ἐκ</span> <span class='ocrx_word' id='word_1_43' title='bbox 694 332 742 357; x_wconf 79' lang='grc' dir='ltr'><strong>τοῦ</strong></span> <span class='ocrx_word' id='word_1_44' title='bbox 755 330 832 367; x_wconf 76' lang='grc' dir='ltr'>ἆέρος</span> <span class='ocrx_word' id='word_1_45' title='bbox 849 340 926 357; x_wconf 82' lang='grc' dir='ltr'>κατε-</span> 
     </span>
    </p>
   </div>
   <div class='ocr_carea' id='block_1_9' title="bbox 99 374 926 414">
    <p class='ocr_par' dir='ltr' id='par_1_9' title="bbox 99 374 926 414">
     <span class='ocr_line' id='line_1_9' title="bbox 99 374 926 414; baseline -0.002 -10"><span class='ocrx_word' id='word_1_46' title='bbox 99 377 213 414; x_wconf 76' lang='grc' dir='ltr'>νεγκών.</span> <span class='ocrx_word' id='word_1_47' title='bbox 245 376 305 403; x_wconf 84' lang='grc' dir='ltr'><strong>Ἐπὶ</strong></span> <span class='ocrx_word' id='word_1_48' title='bbox 333 375 397 407; x_wconf 69' lang='grc' dir='ltr'>τοὺς</span> <span class='ocrx_word' id='word_1_49' title='bbox 424 374 539 413; x_wconf 74' lang='grc' dir='ltr'>ἄρκτους</span> <span class='ocrx_word' id='word_1_50' title='bbox 567 375 612 402; x_wconf 74' lang='grc' dir='ltr'><strong>καὶ</strong></span> <span class='ocrx_word' id='word_1_51' title='bbox 640 375 704 406; x_wconf 82' lang='grc' dir='ltr'>τοὺς</span> <span class='ocrx_word' id='word_1_52' title='bbox 719 374 868 413; x_wconf 75' lang='grc' dir='ltr'><strong>παρδάλεις</strong></span> <span class='ocrx_word' id='word_1_53' title='bbox 892 376 926 412; x_wconf 76' lang='grc' dir='ltr'><strong>τῇ</strong></span> 
     </span>
    </p>
   </div>
   <div class='ocr_carea' id='block_1_10' title="bbox 101 417 926 459">
    <p class='ocr_par' dir='ltr' id='par_1_10' title="bbox 101 417 926 459">
     <span class='ocr_line' id='line_1_10' title="bbox 101 417 926 459; baseline -0.002 -11"><span class='ocrx_word' id='word_1_54' title='bbox 101 422 238 459; x_wconf 83' lang='grc' dir='ltr'>θηρατικῇ</span> <span class='ocrx_word' id='word_1_55' title='bbox 266 421 350 458; x_wconf 66' lang='grc' dir='ltr'>τέχνῃ</span> <span class='ocrx_word' id='word_1_56' title='bbox 380 430 428 447; x_wconf 86' lang='grc' dir='ltr'><strong>σου</strong></span> <span class='ocrx_word' id='word_1_57' title='bbox 455 423 529 458; x_wconf 78' lang='grc' dir='ltr'>χρῶ*</span> <span class='ocrx_word' id='word_1_58' title='bbox 558 419 607 456; x_wconf 68' lang='grc' dir='ltr'><strong>ἐμὲ</strong></span> <span class='ocrx_word' id='word_1_59' title='bbox 637 419 665 447; x_wconf 71' lang='grc' dir='ltr'><em>δὲ</em></span> <span class='ocrx_word' id='word_1_60' title='bbox 694 420 744 447; x_wconf 79' lang='grc' dir='ltr'><strong>οὐκ</strong></span> <span class='ocrx_word' id='word_1_61' title='bbox 772 419 801 447; x_wconf 86' lang='grc' dir='ltr'><strong>ἂν</strong></span> <span class='ocrx_word' id='word_1_62' title='bbox 830 417 926 451; x_wconf 78' lang='grc' dir='ltr'>λάϐοις</span> 
     </span>
    </p>
   </div>
   <div class='ocr_carea' id='block_1_11' title="bbox 98 463 925 502">
    <p class='ocr_par' dir='ltr' id='par_1_11' title="bbox 98 463 925 502">
     <span class='ocr_line' id='line_1_11' title="bbox 98 463 925 502; baseline -0.001 -9"><span class='ocrx_word' id='word_1_63' title='bbox 98 466 176 500; x_wconf 66' lang='grc' dir='ltr'>ποτε,</span> <span class='ocrx_word' id='word_1_64' title='bbox 206 463 269 492; x_wconf 71' lang='grc' dir='ltr'><strong>οὐδὲ</strong></span> <span class='ocrx_word' id='word_1_65' title='bbox 298 463 498 502; x_wconf 78' lang='grc' dir='ltr'>διασπαράξεις,</span> <span class='ocrx_word' id='word_1_66' title='bbox 529 463 591 492; x_wconf 76' lang='grc' dir='ltr'>οὕτε</span> <span class='ocrx_word' id='word_1_67' title='bbox 603 465 689 500; x_wconf 79' lang='grc' dir='ltr'>κυσὶν,</span> <span class='ocrx_word' id='word_1_68' title='bbox 717 463 778 492; x_wconf 67' lang='grc' dir='ltr'>οὔτε</span> <span class='ocrx_word' id='word_1_69' title='bbox 805 463 925 502; x_wconf 83' lang='grc' dir='ltr'>δόρασιν.</span> 
     </span>
    </p>
   </div>
   <div class='ocr_carea' id='block_1_12' title="bbox 98 509 925 547">
    <p class='ocr_par' dir='ltr' id='par_1_12' title="bbox 98 509 925 547">
     <span class='ocr_line' id='line_1_12' title="bbox 98 509 925 547; baseline -0.001 -10"><span class='ocrx_word' id='word_1_70' title='bbox 98 512 158 537; x_wconf 73' lang='lat' dir='ltr'><strong>&quot;iw.</strong></span> <span class='ocrx_word' id='word_1_71' title='bbox 180 509 208 537; x_wconf 73' lang='grc' dir='ltr'><strong>δὲ</strong></span> <span class='ocrx_word' id='word_1_72' title='bbox 237 520 280 537; x_wconf 87' lang='grc' dir='ltr'><strong>σοι</strong></span> <span class='ocrx_word' id='word_1_73' title='bbox 294 509 411 545; x_wconf 75' lang='grc' dir='ltr'>τάληθὲς</span> <span class='ocrx_word' id='word_1_74' title='bbox 428 510 492 547; x_wconf 67' lang='grc' dir='ltr'><strong>ἐρᾶν</strong></span> <span class='ocrx_word' id='word_1_75' title='bbox 522 509 587 540; x_wconf 75' lang='grc' dir='ltr'>ὅλος</span> <span class='ocrx_word' id='word_1_76' title='bbox 612 509 667 546; x_wconf 76' lang='grc' dir='ltr'>ἐγώ</span> <span class='ocrx_word' id='word_1_77' title='bbox 697 520 738 536; x_wconf 88' lang='grc' dir='ltr'><strong>σοι</strong></span> <span class='ocrx_word' id='word_1_78' title='bbox 761 510 925 546; x_wconf 76' lang='grc' dir='ltr'>τεθήραμαι,</span> 
     </span>
    </p>
   </div>
   <div class='ocr_carea' id='block_1_13' title="bbox 98 552 926 592">
    <p class='ocr_par' dir='ltr' id='par_1_13' title="bbox 98 552 926 592">
     <span class='ocr_line' id='line_1_13' title="bbox 98 552 926 592; baseline 0 -12"><span class='ocrx_word' id='word_1_79' title='bbox 98 554 144 580; x_wconf 84' lang='grc' dir='ltr'>καί</span> <span class='ocrx_word' id='word_1_80' title='bbox 171 565 204 590; x_wconf 80' lang='grc' dir='ltr'><strong>με</strong></span> <span class='ocrx_word' id='word_1_81' title='bbox 228 552 301 592; x_wconf 79' lang='grc' dir='ltr'>ἔχεις</span> <span class='ocrx_word' id='word_1_82' title='bbox 331 553 357 580; x_wconf 81' lang='grc' dir='ltr'>ἐν</span> <span class='ocrx_word' id='word_1_83' title='bbox 387 556 446 584; x_wconf 82' lang='grc' dir='ltr'>ταῖς</span> <span class='ocrx_word' id='word_1_84' title='bbox 476 554 581 591; x_wconf 75' lang='grc' dir='ltr'>χερσὶν,</span> <span class='ocrx_word' id='word_1_85' title='bbox 607 552 732 590; x_wconf 79' lang='grc' dir='ltr'>ἔμψυχον</span> <span class='ocrx_word' id='word_1_86' title='bbox 749 553 860 587; x_wconf 76' lang='grc' dir='ltr'>καὶήδὺ</span> <span class='ocrx_word' id='word_1_87' title='bbox 877 555 926 588; x_wconf 77' lang='grc' dir='ltr'>θή-</span> 
     </span>
    </p>
   </div>
   <div class='ocr_carea' id='block_1_14' title="bbox 101 597 924 636">
    <p class='ocr_par' dir='ltr' id='par_1_14' title="bbox 101 597 924 636">
     <span class='ocr_line' id='line_1_14' title="bbox 101 597 924 636; baseline 0 -11"><span class='ocrx_word' id='word_1_88' title='bbox 101 608 186 636; x_wconf 83' lang='grc' dir='ltr'>ραμα,</span> <span class='ocrx_word' id='word_1_89' title='bbox 212 599 256 626; x_wconf 81' lang='grc' dir='ltr'>καὶ</span> <span class='ocrx_word' id='word_1_90' title='bbox 273 597 390 629; x_wconf 81' lang='grc' dir='ltr'>λεαίνεις</span> <span class='ocrx_word' id='word_1_91' title='bbox 419 598 445 625; x_wconf 76' lang='grc' dir='ltr'>ἐν</span> <span class='ocrx_word' id='word_1_92' title='bbox 473 601 533 629; x_wconf 77' lang='grc' dir='ltr'>τοῖς</span> <span class='ocrx_word' id='word_1_93' title='bbox 561 597 665 632; x_wconf 70' lang='grc' dir='ltr'>ὀδοῦσι,</span> <span class='ocrx_word' id='word_1_94' title='bbox 693 597 800 635; x_wconf 71' lang='grc' dir='ltr'>μᾶλλον</span> <span class='ocrx_word' id='word_1_95' title='bbox 817 597 844 625; x_wconf 64' lang='grc' dir='ltr'><strong>δὲ</strong></span> <span class='ocrx_word' id='word_1_96' title='bbox 860 597 924 625; x_wconf 82' lang='grc' dir='ltr'>ὅλον</span> 
     </span>
    </p>
   </div>
   <div class='ocr_carea' id='block_1_15' title="bbox 100 642 927 681">
    <p class='ocr_par' dir='ltr' id='par_1_15' title="bbox 100 642 927 681">
     <span class='ocr_line' id='line_1_15' title="bbox 100 642 927 681; baseline 0 -11"><span class='ocrx_word' id='word_1_97' title='bbox 100 643 128 670; x_wconf 82' lang='grc' dir='ltr'>ὲν</span> <span class='ocrx_word' id='word_1_98' title='bbox 143 645 178 680; x_wconf 80' lang='grc' dir='ltr'><strong>τῇ</strong></span> <span class='ocrx_word' id='word_1_99' title='bbox 201 645 278 680; x_wconf 78' lang='grc' dir='ltr'>ψυχῇ</span> <span class='ocrx_word' id='word_1_100' title='bbox 304 654 353 670; x_wconf 84' lang='grc' dir='ltr'><strong>σου</strong></span> <span class='ocrx_word' id='word_1_101' title='bbox 382 642 558 680; x_wconf 72' lang='grc' dir='ltr'>συνείληφας.</span> <span class='ocrx_word' id='word_1_102' title='bbox 591 642 624 671; x_wconf 86' lang='grc' dir='ltr'>Τί</span> <span class='ocrx_word' id='word_1_103' title='bbox 654 643 704 681; x_wconf 74' lang='grc' dir='ltr'><strong>γὰρ</strong></span> <span class='ocrx_word' id='word_1_104' title='bbox 733 642 869 681; x_wconf 75' lang='grc' dir='ltr'>ἀθήρατόν</span> <span class='ocrx_word' id='word_1_105' title='bbox 884 653 927 670; x_wconf 85' lang='grc' dir='ltr'><strong>σοι</strong></span> 
     </span>
    </p>
   </div>
   <div class='ocr_carea' id='block_1_16' title="bbox 99 686 925 726">
    <p class='ocr_par' dir='ltr' id='par_1_16' title="bbox 99 686 925 726">
     <span class='ocr_line' id='line_1_16' title="bbox 99 686 925 726; baseline -0.001 -11"><span class='ocrx_word' id='word_1_106' title='bbox 99 690 155 715; x_wconf 80' lang='grc' dir='ltr'>τῶν</span> <span class='ocrx_word' id='word_1_107' title='bbox 185 687 258 724; x_wconf 78' lang='grc' dir='ltr'>ἐμῶν</span> <span class='ocrx_word' id='word_1_108' title='bbox 288 687 424 726; x_wconf 72' lang='grc' dir='ltr'>πὲφυιεν;</span> <span class='ocrx_word' id='word_1_109' title='bbox 454 689 471 722; x_wconf 80' lang='grc' dir='ltr'><strong>ἡ</strong></span> <span class='ocrx_word' id='word_1_110' title='bbox 501 688 599 725; x_wconf 70' lang='grc' dir='ltr'>ψυχή;</span> <span class='ocrx_word' id='word_1_111' title='bbox 622 688 660 723; x_wconf 80' lang='grc' dir='ltr'>μή</span> <span class='ocrx_word' id='word_1_112' title='bbox 690 689 770 714; x_wconf 73' lang='grc' dir='ltr'>τοῦτο</span> <span class='ocrx_word' id='word_1_113' title='bbox 786 686 858 715; x_wconf 58' lang='grc' dir='ltr'>εἴποι</span> <span class='ocrx_word' id='word_1_114' title='bbox 873 697 925 717; x_wconf 84' lang='grc' dir='ltr'>τις·</span> 
     </span>
    </p>
   </div>
   <div class='ocr_carea' id='block_1_17' title="bbox 101 731 926 771">
    <p class='ocr_par' dir='ltr' id='par_1_17' title="bbox 101 731 926 771">
     <span class='ocr_line' id='line_1_17' title="bbox 101 731 926 771; baseline -0.001 -11"><span class='ocrx_word' id='word_1_115' title='bbox 101 732 176 760; x_wconf 82' lang='grc' dir='ltr'>ἀλλὰ</span> <span class='ocrx_word' id='word_1_116' title='bbox 202 731 358 771; x_wconf 72' lang='grc' dir='ltr'>διαῤῥαγείη</span> <span class='ocrx_word' id='word_1_117' title='bbox 386 731 575 769; x_wconf 76' lang='grc' dir='ltr'>ψευδόμενος·</span> <span class='ocrx_word' id='word_1_118' title='bbox 600 733 617 767; x_wconf 88' lang='grc' dir='ltr'><strong>ἡ</strong></span> <span class='ocrx_word' id='word_1_119' title='bbox 638 732 768 770; x_wconf 68' lang='grc' dir='ltr'>γλῶσσας</span> <span class='ocrx_word' id='word_1_120' title='bbox 798 731 856 760; x_wconf 75' lang='grc' dir='ltr'>ἰδού</span> <span class='ocrx_word' id='word_1_121' title='bbox 885 743 926 760; x_wconf 89' lang='grc' dir='ltr'><strong>σοι</strong></span> 
     </span>
    </p>
   </div>
   <div class='ocr_carea' id='block_1_18' title="bbox 101 776 927 815">
    <p class='ocr_par' dir='ltr' id='par_1_18' title="bbox 101 776 927 815">
     <span class='ocr_line' id='line_1_18' title="bbox 101 776 927 815; baseline 0 -11"><span class='ocrx_word' id='word_1_122' title='bbox 101 777 203 813; x_wconf 74' lang='grc' dir='ltr'>ταύτην</span> <span class='ocrx_word' id='word_1_123' title='bbox 233 777 344 805; x_wconf 75' lang='grc' dir='ltr'>ἐκτιίνω</span> <span class='ocrx_word' id='word_1_124' title='bbox 378 777 405 804; x_wconf 71' lang='grc' dir='ltr'>ἓν</span> <span class='ocrx_word' id='word_1_125' title='bbox 429 777 533 815; x_wconf 65' lang='grc' dir='ltr'>λόγοις,</span> <span class='ocrx_word' id='word_1_126' title='bbox 564 777 590 804; x_wconf 84' lang='grc' dir='ltr'>ἐν</span> <span class='ocrx_word' id='word_1_127' title='bbox 619 776 785 811; x_wconf 75' lang='grc' dir='ltr'>ἔπιστολαῖς,</span> <span class='ocrx_word' id='word_1_128' title='bbox 816 776 842 804; x_wconf 80' lang='grc' dir='ltr'>ἐν</span> <span class='ocrx_word' id='word_1_129' title='bbox 864 788 927 813; x_wconf 78' lang='grc' dir='ltr'>συγ-</span> 
     </span>
    </p>
   </div>
   <div class='ocr_carea' id='block_1_19' title="bbox 101 820 928 860">
    <p class='ocr_par' dir='ltr' id='par_1_19' title="bbox 101 820 928 860">
     <span class='ocr_line' id='line_1_19' title="bbox 101 820 928 860; baseline 0 -11"><span class='ocrx_word' id='word_1_130' title='bbox 101 822 271 859; x_wconf 72' lang='grc' dir='ltr'>γράμμασιν·</span> <span class='ocrx_word' id='word_1_131' title='bbox 303 822 325 849; x_wconf 82' lang='grc' dir='ltr'>εἶ</span> <span class='ocrx_word' id='word_1_132' title='bbox 356 820 385 849; x_wconf 72' lang='grc' dir='ltr'><strong>δὲ</strong></span> <span class='ocrx_word' id='word_1_133' title='bbox 413 821 518 860; x_wconf 79' lang='grc' dir='ltr'>βούλει,</span> <span class='ocrx_word' id='word_1_134' title='bbox 535 822 577 849; x_wconf 86' lang='grc' dir='ltr'><strong>καὶ</strong></span> <span class='ocrx_word' id='word_1_135' title='bbox 603 821 685 858; x_wconf 72' lang='grc' dir='ltr'>τέμνε</span> <span class='ocrx_word' id='word_1_136' title='bbox 707 822 751 849; x_wconf 88' lang='grc' dir='ltr'><strong>καὶ</strong></span> <span class='ocrx_word' id='word_1_137' title='bbox 783 822 928 859; x_wconf 71' lang='grc' dir='ltr'>σπάραττε·</span> 
     </span>
    </p>
   </div>
   <div class='ocr_carea' id='block_1_20' title="bbox 102 865 930 904">
    <p class='ocr_par' dir='ltr' id='par_1_20' title="bbox 102 865 930 904">
     <span class='ocr_line' id='line_1_20' title="bbox 102 865 930 904; baseline -0.001 -10"><span class='ocrx_word' id='word_1_138' title='bbox 102 867 130 894; x_wconf 74' lang='grc' dir='ltr'>αἱ</span> <span class='ocrx_word' id='word_1_139' title='bbox 159 869 270 904; x_wconf 76' lang='grc' dir='ltr'>χεῖρες;</span> <span class='ocrx_word' id='word_1_140' title='bbox 310 866 383 894; x_wconf 71' lang='grc' dir='ltr'>ἀλλὰ</span> <span class='ocrx_word' id='word_1_141' title='bbox 421 865 614 902; x_wconf 70' lang='grc' dir='ltr'>ἓιακοντξσουσί</span> <span class='ocrx_word' id='word_1_142' title='bbox 648 877 690 894; x_wconf 89' lang='grc' dir='ltr'><strong>σοι</strong></span> <span class='ocrx_word' id='word_1_143' title='bbox 717 866 761 894; x_wconf 77' lang='grc' dir='ltr'><strong>καὶ</strong></span> <span class='ocrx_word' id='word_1_144' title='bbox 791 866 868 894; x_wconf 75' lang='grc' dir='ltr'>αὗται</span> <span class='ocrx_word' id='word_1_145' title='bbox 897 866 930 894; x_wconf 72' lang='grc' dir='ltr'><strong>τὰ</strong></span> 
     </span>
    </p>
   </div>
   <div class='ocr_carea' id='block_1_21' title="bbox 101 909 929 948">
    <p class='ocr_par' dir='ltr' id='par_1_21' title="bbox 101 909 929 948">
     <span class='ocr_line' id='line_1_21' title="bbox 101 909 929 948; baseline 0 -10"><span class='ocrx_word' id='word_1_146' title='bbox 101 910 196 939; x_wconf 79' lang='grc' dir='ltr'>πολλὰ</span> <span class='ocrx_word' id='word_1_147' title='bbox 224 912 268 938; x_wconf 87' lang='grc' dir='ltr'><strong>καὶ</strong></span> <span class='ocrx_word' id='word_1_148' title='bbox 301 910 408 948; x_wconf 79' lang='grc' dir='ltr'>μεγάλα</span> <span class='ocrx_word' id='word_1_149' title='bbox 434 910 569 948; x_wconf 68' lang='grc' dir='ltr'>ἐγκώμιον</span> <span class='ocrx_word' id='word_1_150' title='bbox 588 912 614 938; x_wconf 66' lang='grc' dir='ltr'>οἱ</span> <span class='ocrx_word' id='word_1_151' title='bbox 629 910 710 942; x_wconf 80' lang='grc' dir='ltr'>πόδες</span> <span class='ocrx_word' id='word_1_152' title='bbox 725 921 731 946; x_wconf 87' lang='grc'><strong>;</strong></span> <span class='ocrx_word' id='word_1_153' title='bbox 749 910 811 939; x_wconf 79' lang='grc' dir='ltr'>ἀλλ’</span> <span class='ocrx_word' id='word_1_154' title='bbox 828 909 929 948; x_wconf 72' lang='grc' dir='ltr'>ἕψομαί</span> 
     </span>
    </p>
   </div>
   <div class='ocr_carea' id='block_1_22' title="bbox 102 955 927 994">
    <p class='ocr_par' dir='ltr' id='par_1_22' title="bbox 102 955 927 994">
     <span class='ocr_line' id='line_1_22' title="bbox 102 955 927 994; baseline 0 -11"><span class='ocrx_word' id='word_1_155' title='bbox 102 967 145 983; x_wconf 90' lang='grc' dir='ltr'><strong>σοι</strong></span> <span class='ocrx_word' id='word_1_156' title='bbox 175 955 229 991; x_wconf 74' lang='grc' dir='ltr'><strong>ὅπη</strong></span> <span class='ocrx_word' id='word_1_157' title='bbox 260 966 302 983; x_wconf 88' lang='grc' dir='ltr'><strong>σοι</strong></span> <span class='ocrx_word' id='word_1_158' title='bbox 328 955 477 993; x_wconf 75' lang='grc' dir='ltr'>βουλητὸν,</span> <span class='ocrx_word' id='word_1_159' title='bbox 504 956 530 982; x_wconf 75' lang='grc' dir='ltr'>ἐν</span> <span class='ocrx_word' id='word_1_160' title='bbox 544 955 686 994; x_wconf 80' lang='grc' dir='ltr'>γελόφοις,</span> <span class='ocrx_word' id='word_1_161' title='bbox 704 955 729 983; x_wconf 82' lang='grc' dir='ltr'>ἐν</span> <span class='ocrx_word' id='word_1_162' title='bbox 744 955 885 994; x_wconf 69' lang='grc' dir='ltr'>γηπέδοις,</span> <span class='ocrx_word' id='word_1_163' title='bbox 902 955 927 983; x_wconf 84' lang='grc' dir='ltr'>ἐν</span> 
     </span>
    </p>
   </div>
   <div class='ocr_carea' id='block_1_23' title="bbox 101 1000 929 1038">
    <p class='ocr_par' dir='ltr' id='par_1_23' title="bbox 101 1000 929 1038">
     <span class='ocr_line' id='line_1_23' title="bbox 101 1000 929 1038; baseline 0.001 -11"><span class='ocrx_word' id='word_1_164' title='bbox 101 1000 193 1037; x_wconf 70' lang='grc' dir='ltr'>ὕψεσιν</span> <span class='ocrx_word' id='word_1_165' title='bbox 225 1001 307 1038; x_wconf 75' lang='grc' dir='ltr'>ὁρῶν,</span> <span class='ocrx_word' id='word_1_166' title='bbox 334 1000 360 1027; x_wconf 74' lang='grc' dir='ltr'>ἐν</span> <span class='ocrx_word' id='word_1_167' title='bbox 392 1000 487 1038; x_wconf 80' lang='grc' dir='ltr'>βάθεσι</span> <span class='ocrx_word' id='word_1_168' title='bbox 514 1001 578 1037; x_wconf 78' lang='grc' dir='ltr'>γῆς.</span> <span class='ocrx_word' id='word_1_169' title='bbox 607 1000 702 1031; x_wconf 73' lang='grc' dir='ltr'>Οὕτως</span> <span class='ocrx_word' id='word_1_170' title='bbox 726 1000 799 1038; x_wconf 75' lang='grc' dir='ltr'>ἔχεις</span> <span class='ocrx_word' id='word_1_171' title='bbox 816 1011 848 1037; x_wconf 83' lang='grc' dir='ltr'><strong>με</strong></span> <span class='ocrx_word' id='word_1_172' title='bbox 864 1000 929 1028; x_wconf 78' lang='grc' dir='ltr'>ὅλον</span> 
     </span>
    </p>
   </div>
   <div class='ocr_carea' id='block_1_24' title="bbox 103 1043 930 1082">
    <p class='ocr_par' dir='ltr' id='par_1_24' title="bbox 103 1043 930 1082">
     <span class='ocr_line' id='line_1_24' title="bbox 103 1043 930 1082; baseline 0 -10"><span class='ocrx_word' id='word_1_173' title='bbox 103 1043 207 1073; x_wconf 79' lang='grc' dir='ltr'>λαϐών.</span> <span class='ocrx_word' id='word_1_174' title='bbox 228 1045 306 1074; x_wconf 88' lang='grc' dir='ltr'>Ἀλλ’</span> <span class='ocrx_word' id='word_1_175' title='bbox 331 1044 381 1082; x_wconf 80' lang='grc' dir='ltr'><strong>ὅρα</strong></span> <span class='ocrx_word' id='word_1_176' title='bbox 411 1045 449 1081; x_wconf 84' lang='grc' dir='ltr'>μὴ</span> <span class='ocrx_word' id='word_1_177' title='bbox 479 1044 634 1081; x_wconf 76' lang='grc' dir='ltr'>πλεονεξίαν</span> <span class='ocrx_word' id='word_1_178' title='bbox 656 1046 670 1072; x_wconf 83' lang='grc' dir='ltr'>ὁ</span> <span class='ocrx_word' id='word_1_179' title='bbox 696 1043 866 1075; x_wconf 75' lang='grc' dir='ltr'>δικαιότατος</span> <span class='ocrx_word' id='word_1_180' title='bbox 882 1044 930 1082; x_wconf 78' lang='grc' dir='ltr'><strong>ἐγ-</strong></span> 
     </span>
    </p>
   </div>
   <div class='ocr_carea' id='block_1_25' title="bbox 101 1088 929 1126">
    <p class='ocr_par' dir='ltr' id='par_1_25' title="bbox 101 1088 929 1126">
     <span class='ocr_line' id='line_1_25' title="bbox 101 1088 929 1126; baseline -0.002 -10"><span class='ocrx_word' id='word_1_181' title='bbox 101 1088 219 1125; x_wconf 76' lang='grc' dir='ltr'>κληῦῇς.</span> <span class='ocrx_word' id='word_1_182' title='bbox 251 1089 377 1126; x_wconf 78' lang='grc' dir='ltr'>Σήμερον</span> <span class='ocrx_word' id='word_1_183' title='bbox 407 1088 458 1125; x_wconf 70' lang='grc' dir='ltr'><strong>γὰρ</strong></span> <span class='ocrx_word' id='word_1_184' title='bbox 483 1089 500 1122; x_wconf 84' lang='grc' dir='ltr'><strong>ἡ</strong></span> <span class='ocrx_word' id='word_1_185' title='bbox 532 1088 698 1126; x_wconf 76' lang='grc' dir='ltr'>Καισαρισσά</span> <span class='ocrx_word' id='word_1_186' title='bbox 728 1099 761 1124; x_wconf 81' lang='grc' dir='ltr'><strong>με</strong></span> <span class='ocrx_word' id='word_1_187' title='bbox 781 1089 929 1126; x_wconf 78' lang='grc' dir='ltr'>τεθήρακεν</span> 
     </span>
    </p>
   </div>
   <div class='ocr_carea' id='block_1_26' title="bbox 104 1132 929 1171">
    <p class='ocr_par' dir='ltr' id='par_1_26' title="bbox 104 1132 929 1171">
     <span class='ocr_line' id='line_1_26' title="bbox 104 1132 929 1171; baseline -0.001 -10"><span class='ocrx_word' id='word_1_188' title='bbox 104 1134 196 1171; x_wconf 80' lang='grc' dir='ltr'>ὥσπερ</span> <span class='ocrx_word' id='word_1_189' title='bbox 226 1132 331 1161; x_wconf 81' lang='grc' dir='ltr'>δελέατι</span> <span class='ocrx_word' id='word_1_190' title='bbox 367 1135 442 1171; x_wconf 84' lang='grc' dir='ltr'><strong>τυρῷ</strong></span> <span class='ocrx_word' id='word_1_191' title='bbox 471 1134 516 1160; x_wconf 75' lang='grc' dir='ltr'>καὶ</span> <span class='ocrx_word' id='word_1_192' title='bbox 547 1133 692 1170; x_wconf 76' lang='grc' dir='ltr'>ἁρτιπαγεῐ</span> <span class='ocrx_word' id='word_1_193' title='bbox 714 1133 848 1170; x_wconf 84' lang='grc' dir='ltr'>γάλακτι.</span> <span class='ocrx_word' id='word_1_194' title='bbox 880 1133 929 1160; x_wconf 74' lang='grc' dir='ltr'><strong>Καὶ</strong></span> 
     </span>
    </p>
   </div>
   <div class='ocr_carea' id='block_1_27' title="bbox 104 1177 930 1216">
    <p class='ocr_par' dir='ltr' id='par_1_27' title="bbox 104 1177 930 1216">
     <span class='ocr_line' id='line_1_27' title="bbox 104 1177 930 1216; baseline 0 -12"><span class='ocrx_word' id='word_1_195' title='bbox 104 1178 157 1216; x_wconf 76' lang='grc' dir='ltr'><strong>γὰρ</strong></span> <span class='ocrx_word' id='word_1_196' title='bbox 189 1180 317 1215; x_wconf 84' lang='grc' dir='ltr'>θηρῶμαι</span> <span class='ocrx_word' id='word_1_197' title='bbox 346 1178 454 1208; x_wconf 79' lang='grc' dir='ltr'>τούτοις</span> <span class='ocrx_word' id='word_1_198' title='bbox 485 1178 521 1208; x_wconf 85' lang='grc' dir='ltr'>ὡς</span> <span class='ocrx_word' id='word_1_199' title='bbox 548 1177 660 1213; x_wconf 82' lang='grc' dir='ltr'>ἀληθῶς</span> <span class='ocrx_word' id='word_1_200' title='bbox 685 1178 730 1205; x_wconf 82' lang='grc' dir='ltr'><strong>καὶ</strong></span> <span class='ocrx_word' id='word_1_201' title='bbox 747 1177 844 1214; x_wconf 78' lang='grc' dir='ltr'>λίχνος</span> <span class='ocrx_word' id='word_1_202' title='bbox 872 1177 930 1214; x_wconf 77' lang='grc' dir='ltr'><strong>εἷμὶ</strong></span> 
     </span>
    </p>
   </div>
   <div class='ocr_carea' id='block_1_28' title="bbox 103 1221 926 1260">
    <p class='ocr_par' dir='ltr' id='par_1_28' title="bbox 103 1221 926 1260">
     <span class='ocr_line' id='line_1_28' title="bbox 103 1221 926 1260; baseline 0 -11"><span class='ocrx_word' id='word_1_203' title='bbox 103 1223 135 1249; x_wconf 82' lang='grc' dir='ltr'>τὸ</span> <span class='ocrx_word' id='word_1_204' title='bbox 165 1223 274 1260; x_wconf 77' lang='grc' dir='ltr'>βρῶμα,</span> <span class='ocrx_word' id='word_1_205' title='bbox 301 1222 357 1256; x_wconf 79' lang='grc' dir='ltr'>καὶ,</span> <span class='ocrx_word' id='word_1_206' title='bbox 374 1222 453 1257; x_wconf 67' lang='grc' dir='ltr'>ἡνίκα</span> <span class='ocrx_word' id='word_1_207' title='bbox 480 1221 530 1249; x_wconf 62' lang='grc' dir='ltr'><strong>ἴδω</strong></span> <span class='ocrx_word' id='word_1_208' title='bbox 542 1223 573 1249; x_wconf 79' lang='grc' dir='ltr'><strong>τὸ</strong></span> <span class='ocrx_word' id='word_1_209' title='bbox 588 1223 740 1260; x_wconf 77' lang='grc' dir='ltr'>γνώρισμα,</span> <span class='ocrx_word' id='word_1_210' title='bbox 758 1222 836 1254; x_wconf 65' lang='grc' dir='ltr'>εὐθὺς</span> <span class='ocrx_word' id='word_1_211' title='bbox 850 1232 926 1259; x_wconf 81' lang='grc' dir='ltr'>περι-</span> 
     </span>
    </p>
   </div>
   <div class='ocr_carea' id='block_1_29' title="bbox 106 1266 931 1305">
    <p class='ocr_par' dir='ltr' id='par_1_29' title="bbox 106 1266 931 1305">
     <span class='ocr_line' id='line_1_29' title="bbox 106 1266 931 1305; baseline 0 -11"><span class='ocrx_word' id='word_1_212' title='bbox 106 1267 195 1304; x_wconf 80' lang='grc' dir='ltr'>χαίνω</span> <span class='ocrx_word' id='word_1_213' title='bbox 219 1267 264 1294; x_wconf 75' lang='grc' dir='ltr'><strong>καὶ</strong></span> <span class='ocrx_word' id='word_1_214' title='bbox 296 1267 328 1294; x_wconf 87' lang='grc' dir='ltr'>τὸ</span> <span class='ocrx_word' id='word_1_215' title='bbox 353 1267 497 1304; x_wconf 79' lang='grc' dir='ltr'>ἄγκιστρον</span> <span class='ocrx_word' id='word_1_216' title='bbox 522 1266 673 1304; x_wconf 83' lang='grc' dir='ltr'>περιπείρει</span> <span class='ocrx_word' id='word_1_217' title='bbox 700 1277 734 1303; x_wconf 78' lang='grc' dir='ltr'><strong>με</strong></span> <span class='ocrx_word' id='word_1_218' title='bbox 761 1267 806 1294; x_wconf 86' lang='grc' dir='ltr'><strong>καὶ</strong></span> <span class='ocrx_word' id='word_1_219' title='bbox 833 1267 931 1305; x_wconf 78' lang='grc' dir='ltr'>ἀναρτᾷ</span> 
     </span>
    </p>
   </div>
   <div class='ocr_carea' id='block_1_30' title="bbox 107 1310 929 1349">
    <p class='ocr_par' dir='ltr' id='par_1_30' title="bbox 107 1310 929 1349">
     <span class='ocr_line' id='line_1_30' title="bbox 107 1310 929 1349; baseline 0 -10"><span class='ocrx_word' id='word_1_220' title='bbox 107 1322 140 1348; x_wconf 84' lang='grc' dir='ltr'><strong>με</strong></span> <span class='ocrx_word' id='word_1_221' title='bbox 163 1311 193 1339; x_wconf 78' lang='grc' dir='ltr'>ἐκ</span> <span class='ocrx_word' id='word_1_222' title='bbox 205 1313 254 1339; x_wconf 74' lang='grc' dir='ltr'>τοῦ</span> <span class='ocrx_word' id='word_1_223' title='bbox 279 1311 393 1348; x_wconf 73' lang='grc' dir='ltr'>λαιμοῦ.</span> <span class='ocrx_word' id='word_1_224' title='bbox 419 1312 465 1345; x_wconf 84' lang='grc' dir='ltr'>Μή</span> <span class='ocrx_word' id='word_1_225' title='bbox 492 1311 581 1339; x_wconf 66' lang='grc' dir='ltr'>τοίνυν</span> <span class='ocrx_word' id='word_1_226' title='bbox 615 1322 667 1347; x_wconf 89' lang='grc' dir='ltr'><strong>μου</strong></span> <span class='ocrx_word' id='word_1_227' title='bbox 691 1310 870 1349; x_wconf 79' lang='grc' dir='ltr'>ὂιασπαράξῃς</span> <span class='ocrx_word' id='word_1_228' title='bbox 883 1313 929 1339; x_wconf 85' lang='grc' dir='ltr'><strong>τὸν</strong></span> 
     </span>
    </p>
   </div>
   <div class='ocr_carea' id='block_1_31' title="bbox 107 1354 928 1394">
    <p class='ocr_par' dir='ltr' id='par_1_31' title="bbox 107 1354 928 1394">
     <span class='ocr_line' id='line_1_31' title="bbox 107 1354 928 1394; baseline 0.001 -12"><span class='ocrx_word' id='word_1_229' title='bbox 107 1355 201 1392; x_wconf 81' lang='grc' dir='ltr'>λόγον,</span> <span class='ocrx_word' id='word_1_230' title='bbox 231 1355 248 1389; x_wconf 73' lang='grc' dir='ltr'><strong>ἢ</strong></span> <span class='ocrx_word' id='word_1_231' title='bbox 281 1354 390 1391; x_wconf 73' lang='grc' dir='ltr'>μᾶλλον</span> <span class='ocrx_word' id='word_1_232' title='bbox 422 1355 460 1392; x_wconf 83' lang='grc' dir='ltr'>μὴ</span> <span class='ocrx_word' id='word_1_233' title='bbox 491 1355 651 1394; x_wconf 72' lang='grc' dir='ltr'>σφετερίσῃς</span> <span class='ocrx_word' id='word_1_234' title='bbox 677 1354 745 1390; x_wconf 80' lang='grc' dir='ltr'>ὅλην</span> <span class='ocrx_word' id='word_1_235' title='bbox 771 1356 821 1390; x_wconf 74' lang='grc' dir='ltr'>τὴν</span> <span class='ocrx_word' id='word_1_236' title='bbox 836 1357 928 1393; x_wconf 75' lang='grc' dir='ltr'>ἄγραν·</span> 
     </span>
    </p>
   </div>
   <div class='ocr_carea' id='block_1_32' title="bbox 106 1398 929 1439">
    <p class='ocr_par' dir='ltr' id='par_1_32' title="bbox 106 1398 929 1439">
     <span class='ocr_line' id='line_1_32' title="bbox 106 1398 929 1439; baseline 0 -13"><span class='ocrx_word' id='word_1_237' title='bbox 106 1399 181 1427; x_wconf 77' lang='grc' dir='ltr'>ἀλλα</span> <span class='ocrx_word' id='word_1_238' title='bbox 195 1398 318 1432; x_wconf 54' lang='lat' dir='ltr'><strong>atatem</strong></span> <span class='ocrx_word' id='word_1_239' title='bbox 344 1410 392 1436; x_wconf 89' lang='grc' dir='ltr'><strong>μοι</strong></span> <span class='ocrx_word' id='word_1_240' title='bbox 406 1400 455 1434; x_wconf 82' lang='grc' dir='ltr'><strong>τήν</strong></span> <span class='ocrx_word' id='word_1_241' title='bbox 470 1401 555 1436; x_wconf 78' lang='grc' dir='ltr'>Θήραν</span> <span class='ocrx_word' id='word_1_242' title='bbox 578 1398 739 1439; x_wconf 76' lang='grc' dir='ltr'>ἀμφότεροι.</span> <span class='ocrx_word' id='word_1_243' title='bbox 766 1400 814 1427; x_wconf 79' lang='grc' dir='ltr'>Καὶ</span> <span class='ocrx_word' id='word_1_244' title='bbox 831 1400 862 1428; x_wconf 78' lang='grc' dir='ltr'>σὺ</span> <span class='ocrx_word' id='word_1_245' title='bbox 882 1401 929 1437; x_wconf 78' lang='grc' dir='ltr'><strong>μὶν</strong></span> 
     </span>
    </p>
   </div>
   <div class='ocr_carea' id='block_1_33' title="bbox 104 1444 931 1483">
    <p class='ocr_par' dir='ltr' id='par_1_33' title="bbox 104 1444 931 1483">
     <span class='ocr_line' id='line_1_33' title="bbox 104 1444 931 1483; baseline 0.002 -12"><span class='ocrx_word' id='word_1_246' title='bbox 104 1444 212 1477; x_wconf 80' lang='grc' dir='ltr'>καὶτῆς</span> <span class='ocrx_word' id='word_1_247' title='bbox 228 1444 331 1475; x_wconf 78' lang='grc' dir='ltr'>ἐννοίας</span> <span class='ocrx_word' id='word_1_248' title='bbox 355 1444 491 1482; x_wconf 77' lang='grc' dir='ltr'>ἀπογεύσῃ</span> <span class='ocrx_word' id='word_1_249' title='bbox 516 1445 560 1472; x_wconf 69' lang='grc' dir='ltr'>καὶ</span> <span class='ocrx_word' id='word_1_250' title='bbox 582 1447 632 1478; x_wconf 81' lang='grc' dir='ltr'><strong>τῆς</strong></span> <span class='ocrx_word' id='word_1_251' title='bbox 657 1445 765 1480; x_wconf 69' lang='grc' dir='ltr'>λέξεως·</span> <span class='ocrx_word' id='word_1_252' title='bbox 794 1447 828 1481; x_wconf 82' lang='grc' dir='ltr'><strong>τῇ</strong></span> <span class='ocrx_word' id='word_1_253' title='bbox 857 1444 885 1473; x_wconf 74' lang='grc' dir='ltr'><strong>δά</strong></span> <span class='ocrx_word' id='word_1_254' title='bbox 899 1457 931 1483; x_wconf 82' lang='grc' dir='ltr'><strong>γε</strong></span> 
     </span>
    </p>
   </div>
   <div class='ocr_carea' id='block_1_34' title="bbox 104 1487 932 1526">
    <p class='ocr_par' dir='ltr' id='par_1_34' title="bbox 104 1487 932 1526">
     <span class='ocr_line' id='line_1_34' title="bbox 104 1487 932 1526; baseline 0.002 -10"><span class='ocrx_word' id='word_1_255' title='bbox 104 1488 159 1525; x_wconf 79' lang='grc' dir='ltr'>ἐμῇ</span> <span class='ocrx_word' id='word_1_256' title='bbox 175 1487 313 1517; x_wconf 75' lang='grc' dir='ltr'>δισπότιδι</span> <span class='ocrx_word' id='word_1_257' title='bbox 337 1487 484 1525; x_wconf 79' lang='grc' dir='ltr'>μεταδίδου</span> <span class='ocrx_word' id='word_1_258' title='bbox 512 1491 564 1516; x_wconf 78' lang='grc' dir='ltr'>τῶν</span> <span class='ocrx_word' id='word_1_259' title='bbox 594 1490 643 1523; x_wconf 80' lang='grc' dir='ltr'><strong>τῆς</strong></span> <span class='ocrx_word' id='word_1_260' title='bbox 664 1489 813 1524; x_wconf 76' lang='grc' dir='ltr'>ἐπιστολῆς</span> <span class='ocrx_word' id='word_1_261' title='bbox 829 1490 932 1526; x_wconf 78' lang='grc' dir='ltr'>νοημά-</span> 
     </span>
    </p>
   </div>
   <div class='ocr_carea' id='block_1_35' title="bbox 103 1533 929 1572">
    <p class='ocr_par' dir='ltr' id='par_1_35' title="bbox 103 1533 929 1572">
     <span class='ocr_line' id='line_1_35' title="bbox 103 1533 929 1572; baseline 0.001 -11"><span class='ocrx_word' id='word_1_262' title='bbox 103 1544 170 1567; x_wconf 81' lang='grc' dir='ltr'>των,</span> <span class='ocrx_word' id='word_1_263' title='bbox 198 1533 244 1561; x_wconf 82' lang='grc' dir='ltr'><strong>ἶνα</strong></span> <span class='ocrx_word' id='word_1_264' title='bbox 274 1544 320 1570; x_wconf 82' lang='grc' dir='ltr'><strong>μοι</strong></span> <span class='ocrx_word' id='word_1_265' title='bbox 335 1533 381 1560; x_wconf 82' lang='grc' dir='ltr'><strong>καὶ</strong></span> <span class='ocrx_word' id='word_1_266' title='bbox 398 1533 464 1568; x_wconf 71' lang='grc' dir='ltr'>αὕτη</span> <span class='ocrx_word' id='word_1_267' title='bbox 484 1534 607 1571; x_wconf 81' lang='grc' dir='ltr'>μετάσχῃ</span> <span class='ocrx_word' id='word_1_268' title='bbox 621 1537 670 1569; x_wconf 83' lang='grc' dir='ltr'><strong>τῆς</strong></span> <span class='ocrx_word' id='word_1_269' title='bbox 686 1536 740 1561; x_wconf 83' lang='grc' dir='ltr'><strong>τῶν</strong></span> <span class='ocrx_word' id='word_1_270' title='bbox 756 1533 846 1572; x_wconf 83' lang='grc' dir='ltr'>λόγων</span> <span class='ocrx_word' id='word_1_271' title='bbox 861 1533 929 1572; x_wconf 84' lang='grc' dir='ltr'>γλυ-</span> 
     </span>
    </p>
   </div>
   <div class='ocr_carea' id='block_1_36' title="bbox 979 243 1805 280">
    <p class='ocr_par' dir='ltr' id='par_1_36' title="bbox 979 243 1805 280">
     <span class='ocr_line' id='line_1_36' title="bbox 979 243 1805 280; baseline 0.001 -9"><span class='ocrx_word' id='word_1_272' title='bbox 979 243 1087 279; x_wconf 78' lang='lat' dir='ltr'><strong>vas,vel</strong></span> <span class='ocrx_word' id='word_1_273' title='bbox 1105 246 1137 271; x_wconf 91' lang='lat' dir='ltr'><strong>ut</strong></span> <span class='ocrx_word' id='word_1_274' title='bbox 1152 244 1264 280; x_wconf 86' lang='lat' dir='ltr'><strong>piscem</strong></span> <span class='ocrx_word' id='word_1_275' title='bbox 1280 252 1295 272; x_wconf 80' lang='grc' dir='ltr'>θ</span> <span class='ocrx_word' id='word_1_276' title='bbox 1311 244 1384 272; x_wconf 89' lang='lat' dir='ltr'><strong>mari</strong></span> <span class='ocrx_word' id='word_1_277' title='bbox 1400 245 1540 277; x_wconf 89' lang='lat' dir='ltr'><strong>cducens,</strong></span> <span class='ocrx_word' id='word_1_278' title='bbox 1551 244 1594 271; x_wconf 81' lang='lat' dir='ltr'><strong>vel</strong></span> <span class='ocrx_word' id='word_1_279' title='bbox 1611 246 1644 271; x_wconf 87' lang='lat' dir='ltr'><strong>ut</strong></span> <span class='ocrx_word' id='word_1_280' title='bbox 1657 244 1805 272; x_wconf 83' lang='lat' dir='ltr'><strong>volucrem</strong></span> 
     </span>
    </p>
   </div>
   <div class='ocr_carea' id='block_1_37' title="bbox 981 288 1806 324">
    <p class='ocr_par' dir='ltr' id='par_1_37' title="bbox 981 288 1806 324">
     <span class='ocr_line' id='line_1_37' title="bbox 981 288 1806 324; baseline 0 -8"><span class='ocrx_word' id='word_1_281' title='bbox 981 296 1014 315; x_wconf 86' lang='lat' dir='ltr'><strong>ex</strong></span> <span class='ocrx_word' id='word_1_282' title='bbox 1026 296 1092 316; x_wconf 83' lang='lat' dir='ltr'><strong>nere</strong></span> <span class='ocrx_word' id='word_1_283' title='bbox 1103 288 1298 316; x_wconf 87' lang='lat' dir='ltr'><strong>dimittens.ln</strong></span> <span class='ocrx_word' id='word_1_284' title='bbox 1312 297 1397 316; x_wconf 85' lang='lat' dir='ltr'><strong>ursos</strong></span> <span class='ocrx_word' id='word_1_285' title='bbox 1407 291 1435 316; x_wconf 81' lang='lat' dir='ltr'><strong>et</strong></span> <span class='ocrx_word' id='word_1_286' title='bbox 1447 289 1606 324; x_wconf 78' lang='lat' dir='ltr'><strong>pantheras</strong></span> <span class='ocrx_word' id='word_1_287' title='bbox 1618 288 1806 316; x_wconf 79' lang='lat' dir='ltr'><strong>tuavenatica</strong></span> 
     </span>
    </p>
   </div>
   <div class='ocr_carea' id='block_1_38' title="bbox 981 333 1804 370">
    <p class='ocr_par' dir='ltr' id='par_1_38' title="bbox 981 333 1804 370">
     <span class='ocr_line' id='line_1_38' title="bbox 981 333 1804 370; baseline 0 -10"><span class='ocrx_word' id='word_1_288' title='bbox 981 335 1043 361; x_wconf 87' lang='lat' dir='ltr'><strong>arte</strong></span> <span class='ocrx_word' id='word_1_289' title='bbox 1054 336 1152 367; x_wconf 87' lang='lat' dir='ltr'><strong>utere;</strong></span> <span class='ocrx_word' id='word_1_290' title='bbox 1169 341 1214 361; x_wconf 88' lang='lat' dir='ltr'><strong>me</strong></span> <span class='ocrx_word' id='word_1_291' title='bbox 1224 336 1322 361; x_wconf 84' lang='lat' dir='ltr'><strong>autem</strong></span> <span class='ocrx_word' id='word_1_292' title='bbox 1336 341 1486 370; x_wconf 83' lang='lat' dir='ltr'><strong>nunquam</strong></span> <span class='ocrx_word' id='word_1_293' title='bbox 1506 333 1602 369; x_wconf 85' lang='lat' dir='ltr'><strong>capies</strong></span> <span class='ocrx_word' id='word_1_294' title='bbox 1615 336 1642 360; x_wconf 89' lang='lat' dir='ltr'><strong>et</strong></span> <span class='ocrx_word' id='word_1_295' title='bbox 1653 341 1804 369; x_wconf 83' lang='lat' dir='ltr'><strong>nunquam</strong></span> 
     </span>
    </p>
   </div>
   <div class='ocr_carea' id='block_1_39' title="bbox 981 377 1807 414">
    <p class='ocr_par' dir='ltr' id='par_1_39' title="bbox 981 377 1807 414">
     <span class='ocr_line' id='line_1_39' title="bbox 981 377 1807 414; baseline -0.001 -9"><span class='ocrx_word' id='word_1_296' title='bbox 981 378 1157 406; x_wconf 85' lang='lat' dir='ltr'><strong>dilacerabis</strong></span> <span class='ocrx_word' id='word_1_297' title='bbox 1168 386 1262 414; x_wconf 86' lang='lat' dir='ltr'><strong>neque</strong></span> <span class='ocrx_word' id='word_1_298' title='bbox 1273 379 1396 406; x_wconf 85' lang='lat' dir='ltr'><strong>canibus</strong></span> <span class='ocrx_word' id='word_1_299' title='bbox 1409 385 1503 413; x_wconf 85' lang='lat' dir='ltr'><strong>neque</strong></span> <span class='ocrx_word' id='word_1_300' title='bbox 1514 378 1630 405; x_wconf 89' lang='lat' dir='ltr'><strong>telis.Ut</strong></span> <span class='ocrx_word' id='word_1_301' title='bbox 1645 381 1742 406; x_wconf 86' lang='lat' dir='ltr'><strong>autem</strong></span> <span class='ocrx_word' id='word_1_302' title='bbox 1754 377 1807 405; x_wconf 90' lang='lat' dir='ltr'><strong>tibi</strong></span> 
     </span>
    </p>
   </div>
   <div class='ocr_carea' id='block_1_40' title="bbox 981 422 1806 458">
    <p class='ocr_par' dir='ltr' id='par_1_40' title="bbox 981 422 1806 458">
     <span class='ocr_line' id='line_1_40' title="bbox 981 422 1806 458; baseline -0.001 -8"><span class='ocrx_word' id='word_1_303' title='bbox 981 430 1047 450; x_wconf 86' lang='lat' dir='ltr'><strong>vera</strong></span> <span class='ocrx_word' id='word_1_304' title='bbox 1063 423 1174 457; x_wconf 89' lang='lat' dir='ltr'><strong>dicam;</strong></span> <span class='ocrx_word' id='word_1_305' title='bbox 1191 425 1272 450; x_wconf 89' lang='lat' dir='ltr'><strong>totus</strong></span> <span class='ocrx_word' id='word_1_306' title='bbox 1288 431 1340 458; x_wconf 90' lang='lat' dir='ltr'><strong>ego</strong></span> <span class='ocrx_word' id='word_1_307' title='bbox 1357 431 1373 450; x_wconf 77' lang='grc' dir='ltr'><strong>ιι</strong></span> <span class='ocrx_word' id='word_1_308' title='bbox 1387 425 1415 450; x_wconf 89' lang='lat' dir='ltr'><strong>te</strong></span> <span class='ocrx_word' id='word_1_309' title='bbox 1431 425 1535 458; x_wconf 82' lang='lat' dir='ltr'><strong>captus</strong></span> <span class='ocrx_word' id='word_1_310' title='bbox 1551 431 1629 457; x_wconf 87' lang='lat' dir='ltr'><strong>sum,</strong></span> <span class='ocrx_word' id='word_1_311' title='bbox 1652 424 1681 449; x_wconf 88' lang='lat' dir='ltr'><strong>et</strong></span> <span class='ocrx_word' id='word_1_312' title='bbox 1705 431 1750 450; x_wconf 88' lang='lat' dir='ltr'><strong>me</strong></span> <span class='ocrx_word' id='word_1_313' title='bbox 1777 422 1806 449; x_wconf 88' lang='lat' dir='ltr'><strong>in</strong></span> 
     </span>
    </p>
   </div>
   <div class='ocr_carea' id='block_1_41' title="bbox 982 466 1810 502">
    <p class='ocr_par' dir='ltr' id='par_1_41' title="bbox 982 466 1810 502">
     <span class='ocr_line' id='line_1_41' title="bbox 982 466 1810 502; baseline -0.001 -8"><span class='ocrx_word' id='word_1_314' title='bbox 982 466 1119 495; x_wconf 88' lang='lat' dir='ltr'><strong>manibus</strong></span> <span class='ocrx_word' id='word_1_315' title='bbox 1135 467 1236 501; x_wconf 85' lang='lat' dir='ltr'><strong>habes,</strong></span> <span class='ocrx_word' id='word_1_316' title='bbox 1248 467 1392 495; x_wconf 73' lang='lat' dir='ltr'><strong>viventem</strong></span> <span class='ocrx_word' id='word_1_317' title='bbox 1410 469 1438 494; x_wconf 90' lang='lat' dir='ltr'><strong>et</strong></span> <span class='ocrx_word' id='word_1_318' title='bbox 1448 467 1612 502; x_wconf 84' lang='lat' dir='ltr'><strong>jucundam</strong></span> <span class='ocrx_word' id='word_1_319' title='bbox 1628 466 1768 502; x_wconf 67' lang='lat' dir='ltr'><strong>praedam,</strong></span> <span class='ocrx_word' id='word_1_320' title='bbox 1780 468 1810 493; x_wconf 88' lang='lat' dir='ltr'><strong>et</strong></span> 
     </span>
    </p>
   </div>
   <div class='ocr_carea' id='block_1_42' title="bbox 982 511 1807 545">
    <p class='ocr_par' dir='ltr' id='par_1_42' title="bbox 982 511 1807 545">
     <span class='ocr_line' id='line_1_42' title="bbox 982 511 1807 545; baseline 0 -7"><span class='ocrx_word' id='word_1_321' title='bbox 982 511 1120 539; x_wconf 82' lang='lat' dir='ltr'><strong>dentibus</strong></span> <span class='ocrx_word' id='word_1_322' title='bbox 1133 511 1270 545; x_wconf 82' lang='lat' dir='ltr'><strong>dilanias,</strong></span> <span class='ocrx_word' id='word_1_323' title='bbox 1284 512 1344 540; x_wconf 85' lang='lat' dir='ltr'><strong>imo</strong></span> <span class='ocrx_word' id='word_1_324' title='bbox 1365 520 1433 540; x_wconf 82' lang='lat' dir='ltr'><strong>vero</strong></span> <span class='ocrx_word' id='word_1_325' title='bbox 1457 514 1552 539; x_wconf 90' lang='lat' dir='ltr'><strong>totum</strong></span> <span class='ocrx_word' id='word_1_326' title='bbox 1578 511 1607 539; x_wconf 91' lang='lat' dir='ltr'><strong>in</strong></span> <span class='ocrx_word' id='word_1_327' title='bbox 1634 513 1731 539; x_wconf 87' lang='lat' dir='ltr'><strong>mente</strong></span> <span class='ocrx_word' id='word_1_328' title='bbox 1756 513 1807 538; x_wconf 83' lang='lat' dir='ltr'><strong>tua</strong></span> 
     </span>
    </p>
   </div>
   <div class='ocr_carea' id='block_1_43' title="bbox 981 555 1810 591">
    <p class='ocr_par' dir='ltr' id='par_1_43' title="bbox 981 555 1810 591">
     <span class='ocr_line' id='line_1_43' title="bbox 981 555 1810 591; baseline -0.001 -8"><span class='ocrx_word' id='word_1_329' title='bbox 981 556 1217 591; x_wconf 86' lang='lat' dir='ltr'><strong>comprehendis.</strong></span> <span class='ocrx_word' id='word_1_330' title='bbox 1234 557 1307 588; x_wconf 88' lang='lat' dir='ltr'><strong>Quid</strong></span> <span class='ocrx_word' id='word_1_331' title='bbox 1324 557 1402 584; x_wconf 88' lang='lat' dir='ltr'><strong>enim</strong></span> <span class='ocrx_word' id='word_1_332' title='bbox 1420 564 1552 584; x_wconf 88' lang='lat' dir='ltr'><strong>meorum</strong></span> <span class='ocrx_word' id='word_1_333' title='bbox 1570 555 1622 583; x_wconf 89' lang='lat' dir='ltr'><strong>tibi</strong></span> <span class='ocrx_word' id='word_1_334' title='bbox 1640 564 1698 583; x_wconf 91' lang='lat' dir='ltr'><strong>non</strong></span> <span class='ocrx_word' id='word_1_335' title='bbox 1725 555 1810 583; x_wconf 81' lang='lat' dir='ltr'><strong>facile</strong></span> 
     </span>
    </p>
   </div>
   <div class='ocr_carea' id='block_1_44' title="bbox 982 600 1808 636">
    <p class='ocr_par' dir='ltr' id='par_1_44' title="bbox 982 600 1808 636">
     <span class='ocr_line' id='line_1_44' title="bbox 982 600 1808 636; baseline 0 -8"><span class='ocrx_word' id='word_1_336' title='bbox 982 603 1068 635; x_wconf 79' lang='lat' dir='ltr'><strong>captu</strong></span> <span class='ocrx_word' id='word_1_337' title='bbox 1084 603 1181 636; x_wconf 89' lang='lat' dir='ltr'><strong>potest</strong></span> <span class='ocrx_word' id='word_1_338' title='bbox 1195 601 1282 628; x_wconf 87' lang='lat' dir='ltr'><strong>esse?</strong></span> <span class='ocrx_word' id='word_1_339' title='bbox 1298 609 1334 628; x_wconf 88' lang='lat' dir='ltr'><strong>an</strong></span> <span class='ocrx_word' id='word_1_340' title='bbox 1352 602 1456 628; x_wconf 79' lang='lat' dir='ltr'><strong>mens?</strong></span> <span class='ocrx_word' id='word_1_341' title='bbox 1470 609 1506 628; x_wconf 89' lang='lat' dir='ltr'><strong>ne</strong></span> <span class='ocrx_word' id='word_1_342' title='bbox 1521 600 1588 636; x_wconf 85' lang='lat' dir='ltr'><strong>quis</strong></span> <span class='ocrx_word' id='word_1_343' title='bbox 1602 600 1632 628; x_wconf 87' lang='lat' dir='ltr'><strong>id</strong></span> <span class='ocrx_word' id='word_1_344' title='bbox 1648 600 1738 635; x_wconf 90' lang='lat' dir='ltr'><strong>dicat,</strong></span> <span class='ocrx_word' id='word_1_345' title='bbox 1759 600 1808 628; x_wconf 86' lang='lat' dir='ltr'><strong>sed</strong></span> 
     </span>
    </p>
   </div>
   <div class='ocr_carea' id='block_1_45' title="bbox 983 644 1810 681">
    <p class='ocr_par' dir='ltr' id='par_1_45' title="bbox 983 644 1810 681">
     <span class='ocr_line' id='line_1_45' title="bbox 983 644 1810 681; baseline -0.001 -9"><span class='ocrx_word' id='word_1_346' title='bbox 983 644 1079 680; x_wconf 91' lang='lat' dir='ltr'><strong>potius</strong></span> <span class='ocrx_word' id='word_1_347' title='bbox 1094 645 1298 681; x_wconf 84' lang='lat' dir='ltr'><strong>disrumpatur</strong></span> <span class='ocrx_word' id='word_1_348' title='bbox 1323 645 1509 679; x_wconf 88' lang='lat' dir='ltr'><strong>mentiendo;</strong></span> <span class='ocrx_word' id='word_1_349' title='bbox 1535 653 1572 672; x_wconf 90' lang='lat' dir='ltr'><strong>an</strong></span> <span class='ocrx_word' id='word_1_350' title='bbox 1593 644 1720 680; x_wconf 80' lang='lat' dir='ltr'><strong>lingua?</strong></span> <span class='ocrx_word' id='word_1_351' title='bbox 1744 652 1810 672; x_wconf 85' lang='lat' dir='ltr'><strong>ecce</strong></span> 
     </span>
    </p>
   </div>
   <div class='ocr_carea' id='block_1_46' title="bbox 983 688 1810 725">
    <p class='ocr_par' dir='ltr' id='par_1_46' title="bbox 983 688 1810 725">
     <span class='ocr_line' id='line_1_46' title="bbox 983 688 1810 725; baseline -0.001 -9"><span class='ocrx_word' id='word_1_352' title='bbox 983 689 1035 716; x_wconf 89' lang='lat' dir='ltr'><strong>tibi</strong></span> <span class='ocrx_word' id='word_1_353' title='bbox 1050 689 1130 716; x_wconf 84' lang='lat' dir='ltr'><strong>illam</strong></span> <span class='ocrx_word' id='word_1_354' title='bbox 1147 689 1261 725; x_wconf 71' lang='lat' dir='ltr'><strong>praebeo</strong></span> <span class='ocrx_word' id='word_1_355' title='bbox 1277 689 1306 716; x_wconf 91' lang='lat' dir='ltr'><strong>in</strong></span> <span class='ocrx_word' id='word_1_356' title='bbox 1319 689 1426 724; x_wconf 82' lang='lat' dir='ltr'><strong>verbis,</strong></span> <span class='ocrx_word' id='word_1_357' title='bbox 1442 689 1586 725; x_wconf 81' lang='lat' dir='ltr'><strong>epistolis,</strong></span> <span class='ocrx_word' id='word_1_358' title='bbox 1604 688 1723 724; x_wconf 79' lang='lat' dir='ltr'><strong>scriptis</strong></span> <span class='ocrx_word' id='word_1_359' title='bbox 1749 697 1756 716; x_wconf 70' lang='grc' dir='ltr'><strong>ς</strong></span> <span class='ocrx_word' id='word_1_360' title='bbox 1784 688 1810 716; x_wconf 91' lang='lat' dir='ltr'><strong>si</strong></span> 
     </span>
    </p>
   </div>
   <div class='ocr_carea' id='block_1_47' title="bbox 983 733 1810 767">
    <p class='ocr_par' dir='ltr' id='par_1_47' title="bbox 983 733 1810 767">
     <span class='ocr_line' id='line_1_47' title="bbox 983 733 1810 767; baseline 0 -7"><span class='ocrx_word' id='word_1_361' title='bbox 983 742 1049 761; x_wconf 88' lang='lat' dir='ltr'><strong>vero</strong></span> <span class='ocrx_word' id='word_1_362' title='bbox 1066 733 1148 767; x_wconf 80' lang='lat' dir='ltr'><strong>velis,</strong></span> <span class='ocrx_word' id='word_1_363' title='bbox 1167 734 1243 762; x_wconf 84' lang='lat' dir='ltr'><strong>hanc</strong></span> <span class='ocrx_word' id='word_1_364' title='bbox 1259 742 1326 762; x_wconf 84' lang='lat' dir='ltr'><strong>seca</strong></span> <span class='ocrx_word' id='word_1_365' title='bbox 1339 736 1368 762; x_wconf 89' lang='lat' dir='ltr'><strong>et</strong></span> <span class='ocrx_word' id='word_1_366' title='bbox 1384 734 1511 762; x_wconf 80' lang='lat' dir='ltr'><strong>dilacera</strong></span> <span class='ocrx_word' id='word_1_367' title='bbox 1528 742 1534 760; x_wconf 89' lang='lat'><strong>:</strong></span> <span class='ocrx_word' id='word_1_368' title='bbox 1551 742 1588 762; x_wconf 87' lang='lat' dir='ltr'><strong>an</strong></span> <span class='ocrx_word' id='word_1_369' title='bbox 1606 733 1733 761; x_wconf 78' lang='lat' dir='ltr'><strong>manus?</strong></span> <span class='ocrx_word' id='word_1_370' title='bbox 1758 733 1810 760; x_wconf 86' lang='lat' dir='ltr'><strong>sed</strong></span> 
     </span>
    </p>
   </div>
   <div class='ocr_carea' id='block_1_48' title="bbox 982 778 1810 814">
    <p class='ocr_par' dir='ltr' id='par_1_48' title="bbox 982 778 1810 814">
     <span class='ocr_line' id='line_1_48' title="bbox 982 778 1810 814; baseline -0.001 -8"><span class='ocrx_word' id='word_1_371' title='bbox 982 778 1037 806; x_wconf 88' lang='lat' dir='ltr'><strong>tibi</strong></span> <span class='ocrx_word' id='word_1_372' title='bbox 1053 778 1262 806; x_wconf 83' lang='lat' dir='ltr'><strong>ministrabunl</strong></span> <span class='ocrx_word' id='word_1_373' title='bbox 1277 781 1305 806; x_wconf 87' lang='lat' dir='ltr'><strong>et</strong></span> <span class='ocrx_word' id='word_1_374' title='bbox 1318 779 1381 806; x_wconf 66' lang='lat' dir='ltr'><strong>ista</strong></span> <span class='ocrx_word' id='word_1_375' title='bbox 1398 778 1526 814; x_wconf 88' lang='lat' dir='ltr'><strong>plurima</strong></span> <span class='ocrx_word' id='word_1_376' title='bbox 1541 780 1570 806; x_wconf 87' lang='lat' dir='ltr'><strong>et</strong></span> <span class='ocrx_word' id='word_1_377' title='bbox 1585 778 1713 806; x_wconf 85' lang='lat' dir='ltr'><strong>maxima</strong></span> <span class='ocrx_word' id='word_1_378' title='bbox 1724 785 1810 806; x_wconf 87' lang='lat' dir='ltr'><strong>enco-</strong></span> 
     </span>
    </p>
   </div>
   <div class='ocr_carea' id='block_1_49' title="bbox 985 823 1843 859">
    <p class='ocr_par' dir='ltr' id='par_1_49' title="bbox 985 823 1843 859">
     <span class='ocr_line' id='line_1_49' title="bbox 985 823 1843 859; baseline -0.001 -8"><span class='ocrx_word' id='word_1_379' title='bbox 985 823 1059 857; x_wconf 85' lang='lat' dir='ltr'><strong>mia;</strong></span> <span class='ocrx_word' id='word_1_380' title='bbox 1077 832 1112 851; x_wconf 83' lang='lat' dir='ltr'><strong>an</strong></span> <span class='ocrx_word' id='word_1_381' title='bbox 1128 823 1239 859; x_wconf 79' lang='lat' dir='ltr'><strong>pedes?</strong></span> <span class='ocrx_word' id='word_1_382' title='bbox 1255 823 1306 851; x_wconf 86' lang='lat' dir='ltr'><strong>sed</strong></span> <span class='ocrx_word' id='word_1_383' title='bbox 1322 824 1462 858; x_wconf 84' lang='lat' dir='ltr'><strong>insequar</strong></span> <span class='ocrx_word' id='word_1_384' title='bbox 1477 825 1506 850; x_wconf 89' lang='lat' dir='ltr'><strong>te</strong></span> <span class='ocrx_word' id='word_1_385' title='bbox 1521 831 1697 858; x_wconf 87' lang='lat' dir='ltr'><strong>quocunque</strong></span> <span class='ocrx_word' id='word_1_386' title='bbox 1712 823 1810 850; x_wconf 88' lang='lat' dir='ltr'><strong>volue-</strong></span> <span class='ocrx_word' id='word_1_387' title='bbox 1840 823 1843 826; x_wconf 84' lang='grc'><strong>’</strong></span> 
     </span>
    </p>
   </div>
   <div class='ocr_carea' id='block_1_50' title="bbox 984 867 1811 904">
    <p class='ocr_par' dir='ltr' id='par_1_50' title="bbox 984 867 1811 904">
     <span class='ocr_line' id='line_1_50' title="bbox 984 867 1811 904; baseline -0.001 -9"><span class='ocrx_word' id='word_1_388' title='bbox 984 868 1035 901; x_wconf 76' lang='lat' dir='ltr'><strong>ris,</strong></span> <span class='ocrx_word' id='word_1_389' title='bbox 1052 868 1082 896; x_wconf 89' lang='lat' dir='ltr'><strong>in</strong></span> <span class='ocrx_word' id='word_1_390' title='bbox 1098 868 1233 901; x_wconf 86' lang='lat' dir='ltr'><strong>collibus,</strong></span> <span class='ocrx_word' id='word_1_391' title='bbox 1250 867 1279 895; x_wconf 91' lang='lat' dir='ltr'><strong>in</strong></span> <span class='ocrx_word' id='word_1_392' title='bbox 1296 868 1403 904; x_wconf 84' lang='lat' dir='ltr'><strong>planis,</strong></span> <span class='ocrx_word' id='word_1_393' title='bbox 1421 868 1450 895; x_wconf 88' lang='lat' dir='ltr'><strong>in</strong></span> <span class='ocrx_word' id='word_1_394' title='bbox 1466 867 1637 895; x_wconf 79' lang='lat' dir='ltr'><strong>summitate</strong></span> <span class='ocrx_word' id='word_1_395' title='bbox 1653 867 1811 899; x_wconf 81' lang='lat' dir='ltr'><strong>montium,</strong></span> 
     </span>
    </p>
   </div>
   <div class='ocr_carea' id='block_1_51' title="bbox 984 911 1810 949">
    <p class='ocr_par' dir='ltr' id='par_1_51' title="bbox 984 911 1810 949">
     <span class='ocr_line' id='line_1_51' title="bbox 984 911 1810 949; baseline -0.004 -9"><span class='ocrx_word' id='word_1_396' title='bbox 984 913 1013 939; x_wconf 90' lang='lat' dir='ltr'><strong>in</strong></span> <span class='ocrx_word' id='word_1_397' title='bbox 1030 915 1112 940; x_wconf 74' lang='lat' dir='ltr'><strong>terra:</strong></span> <span class='ocrx_word' id='word_1_398' title='bbox 1126 913 1306 949; x_wconf 85' lang='lat' dir='ltr'><strong>gurgitibus.</strong></span> <span class='ocrx_word' id='word_1_399' title='bbox 1324 913 1367 940; x_wconf 87' lang='lat' dir='ltr'><strong>Ita</strong></span> <span class='ocrx_word' id='word_1_400' title='bbox 1382 914 1476 940; x_wconf 87' lang='lat' dir='ltr'><strong>totum</strong></span> <span class='ocrx_word' id='word_1_401' title='bbox 1493 920 1540 939; x_wconf 92' lang='lat' dir='ltr'><strong>me</strong></span> <span class='ocrx_word' id='word_1_402' title='bbox 1565 914 1683 947; x_wconf 83' lang='lat' dir='ltr'><strong>captum</strong></span> <span class='ocrx_word' id='word_1_403' title='bbox 1709 911 1810 938; x_wconf 81' lang='lat' dir='ltr'><strong>babes.</strong></span> 
     </span>
    </p>
   </div>
   <div class='ocr_carea' id='block_1_52' title="bbox 983 955 1806 991">
    <p class='ocr_par' dir='ltr' id='par_1_52' title="bbox 983 955 1806 991">
     <span class='ocr_line' id='line_1_52' title="bbox 983 955 1806 991; baseline -0.002 -7"><span class='ocrx_word' id='word_1_404' title='bbox 983 957 1039 984; x_wconf 79' lang='lat' dir='ltr'><strong>Sed</strong></span> <span class='ocrx_word' id='word_1_405' title='bbox 1073 965 1141 985; x_wconf 89' lang='lat' dir='ltr'><strong>cave</strong></span> <span class='ocrx_word' id='word_1_406' title='bbox 1171 965 1207 985; x_wconf 87' lang='lat' dir='ltr'><strong>ne</strong></span> <span class='ocrx_word' id='word_1_407' title='bbox 1233 957 1362 984; x_wconf 78' lang='lat' dir='ltr'><strong>avarities</strong></span> <span class='ocrx_word' id='word_1_408' title='bbox 1391 956 1581 991; x_wconf 86' lang='lat' dir='ltr'><strong>justissimus</strong></span> <span class='ocrx_word' id='word_1_409' title='bbox 1614 955 1806 984; x_wconf 83' lang='lat' dir='ltr'><strong>insimuleris.</strong></span> 
     </span>
    </p>
   </div>
   <div class='ocr_carea' id='block_1_53' title="bbox 984 1001 1810 1035">
    <p class='ocr_par' dir='ltr' id='par_1_53' title="bbox 984 1001 1810 1035">
     <span class='ocr_line' id='line_1_53' title="bbox 984 1001 1810 1035; baseline -0.002 -6"><span class='ocrx_word' id='word_1_410' title='bbox 984 1001 1075 1029; x_wconf 80' lang='lat' dir='ltr'><strong>Hodie</strong></span> <span class='ocrx_word' id='word_1_411' title='bbox 1110 1003 1187 1029; x_wconf 90' lang='lat' dir='ltr'><strong>enim</strong></span> <span class='ocrx_word' id='word_1_412' title='bbox 1212 1001 1370 1029; x_wconf 69' lang='lat' dir='ltr'><strong>Caesarissa</strong></span> <span class='ocrx_word' id='word_1_413' title='bbox 1396 1009 1441 1029; x_wconf 88' lang='lat' dir='ltr'><strong>me</strong></span> <span class='ocrx_word' id='word_1_414' title='bbox 1465 1003 1569 1029; x_wconf 80' lang='lat' dir='ltr'><strong>venata</strong></span> <span class='ocrx_word' id='word_1_415' title='bbox 1601 1003 1646 1028; x_wconf 83' lang='lat' dir='ltr'><strong>est</strong></span> <span class='ocrx_word' id='word_1_416' title='bbox 1670 1003 1810 1035; x_wconf 78' lang='lat' dir='ltr'><strong>tanquam</strong></span> 
     </span>
    </p>
   </div>
   <div class='ocr_carea' id='block_1_54' title="bbox 985 1045 1810 1081">
    <p class='ocr_par' dir='ltr' id='par_1_54' title="bbox 985 1045 1810 1081">
     <span class='ocr_line' id='line_1_54' title="bbox 985 1045 1810 1081; baseline -0.001 -8"><span class='ocrx_word' id='word_1_417' title='bbox 985 1046 1124 1074; x_wconf 81' lang='lat' dir='ltr'><strong>illecebra</strong></span> <span class='ocrx_word' id='word_1_418' title='bbox 1155 1054 1240 1074; x_wconf 89' lang='lat' dir='ltr'><strong>caseo</strong></span> <span class='ocrx_word' id='word_1_419' title='bbox 1264 1049 1292 1074; x_wconf 89' lang='lat' dir='ltr'><strong>et</strong></span> <span class='ocrx_word' id='word_1_420' title='bbox 1316 1054 1418 1074; x_wconf 81' lang='lat' dir='ltr'><strong>recens</strong></span> <span class='ocrx_word' id='word_1_421' title='bbox 1449 1053 1551 1081; x_wconf 82' lang='lat' dir='ltr'><strong>presso</strong></span> <span class='ocrx_word' id='word_1_422' title='bbox 1584 1045 1669 1072; x_wconf 88' lang='lat' dir='ltr'><strong>lacte.</strong></span> <span class='ocrx_word' id='word_1_423' title='bbox 1694 1045 1810 1072; x_wconf 83' lang='lat' dir='ltr'><strong>Etenim</strong></span> 
     </span>
    </p>
   </div>
   <div class='ocr_carea' id='block_1_55' title="bbox 984 1089 1814 1127">
    <p class='ocr_par' dir='ltr' id='par_1_55' title="bbox 984 1089 1814 1127">
     <span class='ocr_line' id='line_1_55' title="bbox 984 1089 1814 1127; baseline -0.001 -9"><span class='ocrx_word' id='word_1_424' title='bbox 984 1093 1089 1127; x_wconf 85' lang='lat' dir='ltr'><strong>captus</strong></span> <span class='ocrx_word' id='word_1_425' title='bbox 1103 1099 1168 1118; x_wconf 89' lang='lat' dir='ltr'><strong>sum</strong></span> <span class='ocrx_word' id='word_1_426' title='bbox 1186 1090 1252 1118; x_wconf 83' lang='lat' dir='ltr'><strong>istis</strong></span> <span class='ocrx_word' id='word_1_427' title='bbox 1268 1093 1410 1123; x_wconf 83' lang='lat' dir='ltr'><strong>revera,et</strong></span> <span class='ocrx_word' id='word_1_428' title='bbox 1427 1090 1530 1118; x_wconf 87' lang='lat' dir='ltr'><strong>avidus</strong></span> <span class='ocrx_word' id='word_1_429' title='bbox 1546 1098 1611 1118; x_wconf 89' lang='lat' dir='ltr'><strong>sum</strong></span> <span class='ocrx_word' id='word_1_430' title='bbox 1627 1089 1814 1124; x_wconf 75' lang='lat' dir='ltr'><strong>ciborum,t_et</strong></span> 
     </span>
    </p>
   </div>
   <div class='ocr_carea' id='block_1_56' title="bbox 985 1134 1813 1169">
    <p class='ocr_par' dir='ltr' id='par_1_56' title="bbox 985 1134 1813 1169">
     <span class='ocr_line' id='line_1_56' title="bbox 985 1134 1813 1169; baseline -0.004 -6"><span class='ocrx_word' id='word_1_431' title='bbox 985 1138 1018 1163; x_wconf 90' lang='lat' dir='ltr'><strong>ut</strong></span> <span class='ocrx_word' id='word_1_432' title='bbox 1032 1135 1116 1163; x_wconf 91' lang='lat' dir='ltr'><strong>video</strong></span> <span class='ocrx_word' id='word_1_433' title='bbox 1133 1144 1193 1163; x_wconf 85' lang='lat' dir='ltr'><strong>rem</strong></span> <span class='ocrx_word' id='word_1_434' title='bbox 1210 1135 1361 1169; x_wconf 79' lang='lat' dir='ltr'><strong>eximiam,</strong></span> <span class='ocrx_word' id='word_1_435' title='bbox 1376 1135 1478 1163; x_wconf 77' lang='lat' dir='ltr'><strong>statim</strong></span> <span class='ocrx_word' id='word_1_436' title='bbox 1494 1143 1544 1162; x_wconf 89' lang='lat' dir='ltr'><strong>ore</strong></span> <span class='ocrx_word' id='word_1_437' title='bbox 1558 1134 1640 1162; x_wconf 87' lang='lat' dir='ltr'><strong>inhio</strong></span> <span class='ocrx_word' id='word_1_438' title='bbox 1653 1137 1682 1161; x_wconf 83' lang='lat' dir='ltr'><strong>et</strong></span> <span class='ocrx_word' id='word_1_439' title='bbox 1705 1134 1813 1161; x_wconf 83' lang='lat' dir='ltr'><strong>hamus</strong></span> 
     </span>
    </p>
   </div>
   <div class='ocr_carea' id='block_1_57' title="bbox 986 1178 1815 1216">
    <p class='ocr_par' dir='ltr' id='par_1_57' title="bbox 986 1178 1815 1216">
     <span class='ocr_line' id='line_1_57' title="bbox 986 1178 1815 1216; baseline -0.002 -9"><span class='ocrx_word' id='word_1_440' title='bbox 986 1188 1032 1208; x_wconf 90' lang='lat' dir='ltr'><strong>me</strong></span> <span class='ocrx_word' id='word_1_441' title='bbox 1048 1180 1153 1216; x_wconf 86' lang='lat' dir='ltr'><strong>pungit</strong></span> <span class='ocrx_word' id='word_1_442' title='bbox 1168 1183 1197 1208; x_wconf 87' lang='lat' dir='ltr'><strong>et</strong></span> <span class='ocrx_word' id='word_1_443' title='bbox 1211 1183 1330 1216; x_wconf 83' lang='lat' dir='ltr'><strong>gutture</strong></span> <span class='ocrx_word' id='word_1_444' title='bbox 1344 1187 1523 1216; x_wconf 78' lang='lat' dir='ltr'><strong>suspensum</strong></span> <span class='ocrx_word' id='word_1_445' title='bbox 1539 1181 1627 1207; x_wconf 89' lang='lat' dir='ltr'><strong>tenet.</strong></span> <span class='ocrx_word' id='word_1_446' title='bbox 1653 1181 1696 1206; x_wconf 85' lang='lat' dir='ltr'><strong>Ne</strong></span> <span class='ocrx_word' id='word_1_447' title='bbox 1723 1178 1815 1214; x_wconf 88' lang='lat' dir='ltr'><strong>igitur</strong></span> 
     </span>
    </p>
   </div>
   <div class='ocr_carea' id='block_1_58' title="bbox 985 1224 1809 1260">
    <p class='ocr_par' dir='ltr' id='par_1_58' title="bbox 985 1224 1809 1260">
     <span class='ocr_line' id='line_1_58' title="bbox 985 1224 1809 1260; baseline -0.002 -8"><span class='ocrx_word' id='word_1_448' title='bbox 985 1233 1083 1252; x_wconf 90' lang='lat' dir='ltr'><strong>meum</strong></span> <span class='ocrx_word' id='word_1_449' title='bbox 1100 1233 1265 1253; x_wconf 83' lang='lat' dir='ltr'><strong>sermonem</strong></span> <span class='ocrx_word' id='word_1_450' title='bbox 1283 1224 1436 1257; x_wconf 77' lang='lat' dir='ltr'><strong>dilaceres.</strong></span> <span class='ocrx_word' id='word_1_451' title='bbox 1448 1224 1492 1252; x_wconf 86' lang='lat' dir='ltr'><strong>vel</strong></span> <span class='ocrx_word' id='word_1_452' title='bbox 1507 1224 1604 1260; x_wconf 83' lang='lat' dir='ltr'><strong>potius</strong></span> <span class='ocrx_word' id='word_1_453' title='bbox 1620 1232 1657 1251; x_wconf 89' lang='lat' dir='ltr'><strong>ne</strong></span> <span class='ocrx_word' id='word_1_454' title='bbox 1681 1224 1809 1259; x_wconf 80' lang='lat' dir='ltr'><strong>przsdam</strong></span> 
     </span>
    </p>
   </div>
   <div class='ocr_carea' id='block_1_59' title="bbox 985 1267 1810 1303">
    <p class='ocr_par' dir='ltr' id='par_1_59' title="bbox 985 1267 1810 1303">
     <span class='ocr_line' id='line_1_59' title="bbox 985 1267 1810 1303; baseline -0.002 -7"><span class='ocrx_word' id='word_1_455' title='bbox 985 1271 1078 1297; x_wconf 87' lang='lat' dir='ltr'><strong>totam</strong></span> <span class='ocrx_word' id='word_1_456' title='bbox 1094 1272 1176 1296; x_wconf 86' lang='lat' dir='ltr'><strong>tuam</strong></span> <span class='ocrx_word' id='word_1_457' title='bbox 1193 1269 1293 1303; x_wconf 83' lang='lat' dir='ltr'><strong>facias;</strong></span> <span class='ocrx_word' id='word_1_458' title='bbox 1308 1269 1358 1296; x_wconf 91' lang='lat' dir='ltr'><strong>sed</strong></span> <span class='ocrx_word' id='word_1_459' title='bbox 1375 1268 1446 1296; x_wconf 86' lang='lat' dir='ltr'><strong>mihi</strong></span> <span class='ocrx_word' id='word_1_460' title='bbox 1463 1269 1550 1296; x_wconf 92' lang='lat' dir='ltr'><strong>ambo</strong></span> <span class='ocrx_word' id='word_1_461' title='bbox 1566 1268 1751 1296; x_wconf 79' lang='lat' dir='ltr'><strong>venationem</strong></span> <span class='ocrx_word' id='word_1_462' title='bbox 1768 1267 1810 1294; x_wconf 85' lang='lat' dir='ltr'><strong>di-</strong></span> 
     </span>
    </p>
   </div>
   <div class='ocr_carea' id='block_1_60' title="bbox 985 1311 1811 1349">
    <p class='ocr_par' dir='ltr' id='par_1_60' title="bbox 985 1311 1811 1349">
     <span class='ocr_line' id='line_1_60' title="bbox 985 1311 1811 1349; baseline -0.004 -8"><span class='ocrx_word' id='word_1_463' title='bbox 985 1314 1132 1342; x_wconf 86' lang='lat' dir='ltr'><strong>vidite.Tu</strong></span> <span class='ocrx_word' id='word_1_464' title='bbox 1149 1314 1268 1349; x_wconf 85' lang='lat' dir='ltr'><strong>quidem</strong></span> <span class='ocrx_word' id='word_1_465' title='bbox 1285 1313 1461 1349; x_wconf 79' lang='lat' dir='ltr'><strong>coigtatione</strong></span> <span class='ocrx_word' id='word_1_466' title='bbox 1484 1315 1513 1340; x_wconf 89' lang='lat' dir='ltr'><strong>et</strong></span> <span class='ocrx_word' id='word_1_467' title='bbox 1536 1312 1663 1340; x_wconf 82' lang='lat' dir='ltr'><strong>dictione</strong></span> <span class='ocrx_word' id='word_1_468' title='bbox 1687 1311 1811 1346; x_wconf 74' lang='lat' dir='ltr'><strong>frueris;</strong></span> 
     </span>
    </p>
   </div>
   <div class='ocr_carea' id='block_1_61' title="bbox 986 1356 1814 1393">
    <p class='ocr_par' dir='ltr' id='par_1_61' title="bbox 986 1356 1814 1393">
     <span class='ocr_line' id='line_1_61' title="bbox 986 1356 1814 1393; baseline -0.004 -7"><span class='ocrx_word' id='word_1_469' title='bbox 986 1367 1056 1386; x_wconf 77' lang='lat' dir='ltr'><strong>mese</strong></span> <span class='ocrx_word' id='word_1_470' title='bbox 1073 1361 1170 1386; x_wconf 80' lang='lat' dir='ltr'><strong>autem</strong></span> <span class='ocrx_word' id='word_1_471' title='bbox 1187 1358 1311 1386; x_wconf 67' lang='lat' dir='ltr'><strong>dominas</strong></span> <span class='ocrx_word' id='word_1_472' title='bbox 1327 1358 1423 1386; x_wconf 87' lang='lat' dir='ltr'><strong>tribue</strong></span> <span class='ocrx_word' id='word_1_473' title='bbox 1439 1357 1569 1393; x_wconf 66' lang='lat' dir='ltr'><strong>epistolae</strong></span> <span class='ocrx_word' id='word_1_474' title='bbox 1584 1356 1758 1390; x_wconf 78' lang='lat' dir='ltr'><strong>sententias,</strong></span> <span class='ocrx_word' id='word_1_475' title='bbox 1781 1358 1814 1383; x_wconf 89' lang='lat' dir='ltr'><strong>ut</strong></span> 
     </span>
    </p>
   </div>
   <div class='ocr_carea' id='block_1_62' title="bbox 986 1400 1812 1438">
    <p class='ocr_par' dir='ltr' id='par_1_62' title="bbox 986 1400 1812 1438">
     <span class='ocr_line' id='line_1_62' title="bbox 986 1400 1812 1438; baseline -0.002 -8"><span class='ocrx_word' id='word_1_476' title='bbox 986 1403 1059 1430; x_wconf 86' lang='lat' dir='ltr'><strong>mihi</strong></span> <span class='ocrx_word' id='word_1_477' title='bbox 1073 1406 1102 1430; x_wconf 89' lang='lat' dir='ltr'><strong>et</strong></span> <span class='ocrx_word' id='word_1_478' title='bbox 1118 1403 1183 1438; x_wconf 89' lang='lat' dir='ltr'><strong>ipsa</strong></span> <span class='ocrx_word' id='word_1_479' title='bbox 1199 1402 1346 1438; x_wconf 81' lang='lat' dir='ltr'><strong>particeps</strong></span> <span class='ocrx_word' id='word_1_480' title='bbox 1365 1402 1417 1429; x_wconf 83' lang='lat' dir='ltr'><strong>ﬁat</strong></span> <span class='ocrx_word' id='word_1_481' title='bbox 1442 1409 1612 1429; x_wconf 81' lang='lat' dir='ltr'><strong>sermonum</strong></span> <span class='ocrx_word' id='word_1_482' title='bbox 1640 1400 1812 1433; x_wconf 81' lang='lat' dir='ltr'><strong>suavitatis;</strong></span> 
     </span>
    </p>
   </div>
   <div class='ocr_carea' id='block_1_63' title="bbox 985 1444 1815 1483">
    <p class='ocr_par' dir='ltr' id='par_1_63' title="bbox 985 1444 1815 1483">
     <span class='ocr_line' id='line_1_63' title="bbox 985 1444 1815 1483; baseline -0.005 -8"><span class='ocrx_word' id='word_1_483' title='bbox 985 1450 1015 1475; x_wconf 85' lang='lat' dir='ltr'><strong>et</strong></span> <span class='ocrx_word' id='word_1_484' title='bbox 1024 1447 1182 1483; x_wconf 82' lang='lat' dir='ltr'><strong>voluptatis</strong></span> <span class='ocrx_word' id='word_1_485' title='bbox 1193 1447 1287 1482; x_wconf 88' lang='lat' dir='ltr'><strong>gratia</strong></span> <span class='ocrx_word' id='word_1_486' title='bbox 1299 1446 1407 1482; x_wconf 69' lang='lat' dir='ltr'><strong>smpius</strong></span> <span class='ocrx_word' id='word_1_487' title='bbox 1419 1454 1465 1473; x_wconf 87' lang='lat' dir='ltr'><strong>me</strong></span> <span class='ocrx_word' id='word_1_488' title='bbox 1481 1445 1580 1473; x_wconf 82' lang='lat' dir='ltr'><strong>venari</strong></span> <span class='ocrx_word' id='word_1_489' title='bbox 1599 1444 1679 1473; x_wconf 83' lang='lat' dir='ltr'><strong>velit.</strong></span> <span class='ocrx_word' id='word_1_490' title='bbox 1696 1444 1815 1472; x_wconf 77' lang='lat' dir='ltr'><strong>Gaudeo</strong></span> 
     </span>
    </p>
   </div>
   <div class='ocr_carea' id='block_1_64' title="bbox 985 1489 1815 1525">
    <p class='ocr_par' dir='ltr' id='par_1_64' title="bbox 985 1489 1815 1525">
     <span class='ocr_line' id='line_1_64' title="bbox 985 1489 1815 1525; baseline -0.004 -6"><span class='ocrx_word' id='word_1_491' title='bbox 985 1492 1065 1520; x_wconf 86' lang='lat' dir='ltr'><strong>enim</strong></span> <span class='ocrx_word' id='word_1_492' title='bbox 1080 1500 1148 1519; x_wconf 83' lang='lat' dir='ltr'><strong>cum</strong></span> <span class='ocrx_word' id='word_1_493' title='bbox 1165 1500 1216 1519; x_wconf 87' lang='lat' dir='ltr'><strong>vos</strong></span> <span class='ocrx_word' id='word_1_494' title='bbox 1230 1499 1276 1519; x_wconf 90' lang='lat' dir='ltr'><strong>me</strong></span> <span class='ocrx_word' id='word_1_495' title='bbox 1291 1493 1454 1525; x_wconf 86' lang='lat' dir='ltr'><strong>venantur;</strong></span> <span class='ocrx_word' id='word_1_496' title='bbox 1470 1499 1522 1518; x_wconf 91' lang='lat' dir='ltr'><strong>vos</strong></span> <span class='ocrx_word' id='word_1_497' title='bbox 1533 1490 1612 1518; x_wconf 89' lang='lat' dir='ltr'><strong>enim</strong></span> <span class='ocrx_word' id='word_1_498' title='bbox 1625 1489 1712 1518; x_wconf 88' lang='lat' dir='ltr'><strong>verba</strong></span> <span class='ocrx_word' id='word_1_499' title='bbox 1725 1497 1815 1516; x_wconf 84' lang='lat' dir='ltr'><strong>vacua</strong></span> 
     </span>
    </p>
   </div>
   <div class='ocr_carea' id='block_1_65' title="bbox 986 1534 1813 1570">
    <p class='ocr_par' dir='ltr' id='par_1_65' title="bbox 986 1534 1813 1570">
     <span class='ocr_line' id='line_1_65' title="bbox 986 1534 1813 1570; baseline -0.005 -6"><span class='ocrx_word' id='word_1_500' title='bbox 986 1539 1015 1564; x_wconf 91' lang='lat' dir='ltr'><strong>et</strong></span> <span class='ocrx_word' id='word_1_501' title='bbox 1029 1536 1158 1564; x_wconf 86' lang='lat' dir='ltr'><strong>volantia</strong></span> <span class='ocrx_word' id='word_1_502' title='bbox 1173 1536 1202 1563; x_wconf 90' lang='lat' dir='ltr'><strong>in</strong></span> <span class='ocrx_word' id='word_1_503' title='bbox 1219 1535 1358 1563; x_wconf 84' lang='lat' dir='ltr'><strong>manibus</strong></span> <span class='ocrx_word' id='word_1_504' title='bbox 1373 1535 1499 1569; x_wconf 84' lang='lat' dir='ltr'><strong>habetis,</strong></span> <span class='ocrx_word' id='word_1_505' title='bbox 1515 1542 1569 1570; x_wconf 81' lang='lat' dir='ltr'><strong>ego</strong></span> <span class='ocrx_word' id='word_1_506' title='bbox 1584 1542 1650 1562; x_wconf 82' lang='lat' dir='ltr'><strong>vero</strong></span> <span class='ocrx_word' id='word_1_507' title='bbox 1674 1534 1813 1569; x_wconf 75' lang='lat' dir='ltr'><strong>butyrum</strong></span> 
     </span>
    </p>
   </div>
   <div class='ocr_carea' id='block_1_66' title="bbox 104 1573 1143 1616">
    <p class='ocr_par' dir='ltr' id='par_1_66' title="bbox 104 1573 1143 1616">
     <span class='ocr_line' id='line_1_66' title="bbox 104 1573 1143 1616; baseline 0.004 -11"><span class='ocrx_word' id='word_1_508' title='bbox 104 1578 230 1613; x_wconf 68' lang='grc' dir='ltr'>κύτητος·</span> <span class='ocrx_word' id='word_1_509' title='bbox 261 1578 304 1605; x_wconf 82' lang='grc' dir='ltr'><strong>καὶ</strong></span> <span class='ocrx_word' id='word_1_510' title='bbox 330 1579 380 1610; x_wconf 81' lang='grc' dir='ltr'><strong>τῆς</strong></span> <span class='ocrx_word' id='word_1_511' title='bbox 408 1577 511 1613; x_wconf 75' lang='grc' dir='ltr'>ἡδονῆς</span> <span class='ocrx_word' id='word_1_512' title='bbox 538 1578 616 1606; x_wconf 73' lang='grc' dir='ltr'>ἓνεκα</span> <span class='ocrx_word' id='word_1_513' title='bbox 637 1578 774 1610; x_wconf 80' lang='grc' dir='ltr'>πολλάκις</span> <span class='ocrx_word' id='word_1_514' title='bbox 798 1589 832 1616; x_wconf 84' lang='grc' dir='ltr'><strong>με</strong></span> <span class='ocrx_word' id='word_1_515' title='bbox 847 1580 930 1616; x_wconf 79' lang='grc' dir='ltr'>θηρᾷν</span> <span class='ocrx_word' id='word_1_516' title='bbox 947 1573 969 1606; x_wconf 80' lang='lat' dir='ltr'>C</span> <span class='ocrx_word' id='word_1_517' title='bbox 989 1583 1018 1608; x_wconf 85' lang='lat' dir='ltr'><strong>et</strong></span> <span class='ocrx_word' id='word_1_518' title='bbox 1032 1589 1143 1609; x_wconf 84' lang='lat' dir='ltr'><strong>caseos.</strong></span> 
     </span>
    </p>
   </div>
   <div class='ocr_carea' id='block_1_67' title="bbox 108 1620 1810 1663">
    <p class='ocr_par' dir='ltr' id='par_1_67' title="bbox 108 1620 1810 1663">
     <span class='ocr_line' id='line_1_67' title="bbox 108 1620 1810 1663; baseline -0.001 -13"><span class='ocrx_word' id='word_1_519' title='bbox 108 1622 250 1660; x_wconf 85' lang='grc' dir='ltr'>βούλοιτο.</span> <span class='ocrx_word' id='word_1_520' title='bbox 267 1623 361 1660; x_wconf 80' lang='grc' dir='ltr'>Χαίρω</span> <span class='ocrx_word' id='word_1_521' title='bbox 377 1623 427 1660; x_wconf 75' lang='grc' dir='ltr'>γὶρ</span> <span class='ocrx_word' id='word_1_522' title='bbox 444 1623 605 1661; x_wconf 83' lang='grc' dir='ltr'>θηρώμενος</span> <span class='ocrx_word' id='word_1_523' title='bbox 619 1627 683 1661; x_wconf 87' lang='grc' dir='ltr'>παρ’</span> <span class='ocrx_word' id='word_1_524' title='bbox 701 1624 786 1660; x_wconf 77' lang='grc' dir='ltr'>ὑμῶν·</span> <span class='ocrx_word' id='word_1_525' title='bbox 805 1624 883 1661; x_wconf 77' lang='grc' dir='ltr'>ὑμεῖς</span> <span class='ocrx_word' id='word_1_526' title='bbox 896 1624 945 1662; x_wconf 69' lang='grc' dir='ltr'><strong>γὰρ</strong></span> <span class='ocrx_word' id='word_1_527' title='bbox 966 1624 1066 1663; x_wconf 80' lang='grc' dir='ltr'>λόγους</span> <span class='ocrx_word' id='word_1_528' title='bbox 1082 1625 1178 1656; x_wconf 82' lang='grc' dir='ltr'>κενοὺς</span> <span class='ocrx_word' id='word_1_529' title='bbox 1194 1624 1238 1652; x_wconf 82' lang='grc' dir='ltr'><strong>καὶ</strong></span> <span class='ocrx_word' id='word_1_530' title='bbox 1254 1624 1415 1661; x_wconf 82' lang='grc' dir='ltr'>πτερόεντας</span> <span class='ocrx_word' id='word_1_531' title='bbox 1432 1622 1456 1650; x_wconf 77' lang='grc' dir='ltr'>ἐν</span> <span class='ocrx_word' id='word_1_532' title='bbox 1472 1626 1532 1654; x_wconf 84' lang='grc' dir='ltr'>ταῖς</span> <span class='ocrx_word' id='word_1_533' title='bbox 1549 1622 1641 1660; x_wconf 82' lang='grc' dir='ltr'>χερσὶν</span> <span class='ocrx_word' id='word_1_534' title='bbox 1654 1620 1741 1659; x_wconf 69' lang='grc' dir='ltr'>ἔχετε,</span> <span class='ocrx_word' id='word_1_535' title='bbox 1758 1622 1810 1660; x_wconf 81' lang='grc' dir='ltr'><strong>ἐγὼ</strong></span> 
     </span>
    </p>
   </div>
   <div class='ocr_carea' id='block_1_68' title="bbox 107 1666 459 1706">
    <p class='ocr_par' dir='ltr' id='par_1_68' title="bbox 107 1666 459 1706">
     <span class='ocr_line' id='line_1_68' title="bbox 107 1666 459 1706; baseline 0.003 -12"><span class='ocrx_word' id='word_1_536' title='bbox 107 1666 137 1694; x_wconf 69' lang='grc' dir='ltr'><strong>δὲ</strong></span> <span class='ocrx_word' id='word_1_537' title='bbox 154 1667 274 1706; x_wconf 82' lang='grc' dir='ltr'>βούτυρα</span> <span class='ocrx_word' id='word_1_538' title='bbox 289 1667 335 1694; x_wconf 83' lang='grc' dir='ltr'><strong>καὶ</strong></span> <span class='ocrx_word' id='word_1_539' title='bbox 350 1668 459 1705; x_wconf 79' lang='grc' dir='ltr'>τυρούς.</span> 
     </span>
    </p>
   </div>
   <div class='ocr_carea' id='block_1_69' title="bbox 422 1731 615 1767">
    <p class='ocr_par' dir='ltr' id='par_1_69' title="bbox 422 1731 615 1767">
     <span class='ocr_line' id='line_1_69' title="bbox 422 1731 615 1767; baseline 0.01 -9"><span class='ocrx_word' id='word_1_540' title='bbox 422 1731 448 1758; x_wconf 89' lang='grc' dir='ltr'><strong>ι’.</strong></span> <span class='ocrx_word' id='word_1_541' title='bbox 466 1731 514 1766; x_wconf 82' lang='grc' dir='ltr'>Τᾦ</span> <span class='ocrx_word' id='word_1_542' title='bbox 529 1731 615 1767; x_wconf 83' lang='grc' dir='ltr'>αὐτῷ.</span> 
     </span>
    </p>
   </div>
   <div class='ocr_carea' id='block_1_70' title="bbox 143 1774 932 1814">
    <p class='ocr_par' dir='ltr' id='par_1_70' title="bbox 143 1774 932 1814">
     <span class='ocr_line' id='line_1_70' title="bbox 143 1774 932 1814; baseline 0.001 -12"><span class='ocrx_word' id='word_1_543' title='bbox 143 1775 294 1812; x_wconf 71' lang='grc' dir='ltr'>Ἔγραψας,</span> <span class='ocrx_word' id='word_1_544' title='bbox 321 1775 344 1802; x_wconf 74' lang='grc' dir='ltr'><strong>εὶ</strong></span> <span class='ocrx_word' id='word_1_545' title='bbox 370 1774 415 1802; x_wconf 82' lang='grc' dir='ltr'>καὶ</span> <span class='ocrx_word' id='word_1_546' title='bbox 442 1776 480 1811; x_wconf 84' lang='grc' dir='ltr'>μή</span> <span class='ocrx_word' id='word_1_547' title='bbox 511 1777 544 1812; x_wconf 83' lang='grc' dir='ltr'><strong>τῇ</strong></span> <span class='ocrx_word' id='word_1_548' title='bbox 562 1776 647 1813; x_wconf 76' lang='grc' dir='ltr'>χειρὶ,</span> <span class='ocrx_word' id='word_1_549' title='bbox 665 1775 737 1803; x_wconf 75' lang='grc' dir='ltr'>ἀλλὰ</span> <span class='ocrx_word' id='word_1_550' title='bbox 750 1778 784 1813; x_wconf 80' lang='grc' dir='ltr'><strong>τῇ</strong></span> <span class='ocrx_word' id='word_1_551' title='bbox 801 1778 889 1814; x_wconf 70' lang='grc' dir='ltr'>ψυχῇ.</span> <span class='ocrx_word' id='word_1_552' title='bbox 903 1777 932 1803; x_wconf 73' lang='grc'><strong>’0</strong></span> 
     </span>
    </p>
   </div>
   <div class='ocr_carea' id='block_1_71' title="bbox 108 1818 932 1857">
    <p class='ocr_par' dir='ltr' id='par_1_71' title="bbox 108 1818 932 1857">
     <span class='ocr_line' id='line_1_71' title="bbox 108 1818 932 1857; baseline 0.002 -11"><span class='ocrx_word' id='word_1_553' title='bbox 108 1819 158 1856; x_wconf 73' lang='grc' dir='ltr'><strong>γὰρ</strong></span> <span class='ocrx_word' id='word_1_554' title='bbox 176 1820 317 1857; x_wconf 77' lang='grc' dir='ltr'>χαρακτήρ</span> <span class='ocrx_word' id='word_1_555' title='bbox 333 1820 474 1857; x_wconf 75' lang='grc' dir='ltr'>γνώριμος</span> <span class='ocrx_word' id='word_1_556' title='bbox 497 1820 541 1846; x_wconf 79' lang='grc' dir='ltr'><strong>καὶ</strong></span> <span class='ocrx_word' id='word_1_557' title='bbox 572 1818 692 1857; x_wconf 78' lang='grc' dir='ltr'>ἀκριϐῶς</span> <span class='ocrx_word' id='word_1_558' title='bbox 723 1820 880 1856; x_wconf 59' lang='grc' dir='ltr'>εἴκασμὲνος</span> <span class='ocrx_word' id='word_1_559' title='bbox 895 1821 932 1852; x_wconf 76' lang='grc' dir='ltr'><strong>εἰς</strong></span> 
     </span>
    </p>
   </div>
   <div class='ocr_carea' id='block_1_72' title="bbox 108 1863 344 1900">
    <p class='ocr_par' dir='ltr' id='par_1_72' title="bbox 108 1863 344 1900">
     <span class='ocr_line' id='line_1_72' title="bbox 108 1863 344 1900; baseline 0.004 -10"><span class='ocrx_word' id='word_1_560' title='bbox 108 1863 139 1890; x_wconf 79' lang='grc' dir='ltr'>τὸ</span> <span class='ocrx_word' id='word_1_561' title='bbox 154 1863 344 1900; x_wconf 79' lang='grc' dir='ltr'>πρωτότυπον,</span> 
     </span>
    </p>
   </div>
   <div class='ocr_carea' id='block_1_73' title="bbox 144 1907 931 1946">
    <p class='ocr_par' dir='ltr' id='par_1_73' title="bbox 144 1907 931 1946">
     <span class='ocr_line' id='line_1_73' title="bbox 144 1907 931 1946; baseline 0 -10"><span class='ocrx_word' id='word_1_562' title='bbox 144 1909 210 1936; x_wconf 79' lang='grc' dir='ltr'>Εἶτα</span> <span class='ocrx_word' id='word_1_563' title='bbox 240 1908 266 1936; x_wconf 81' lang='grc' dir='ltr'>ἐν</span> <span class='ocrx_word' id='word_1_564' title='bbox 293 1910 332 1944; x_wconf 79' lang='grc' dir='ltr'>τῷ</span> <span class='ocrx_word' id='word_1_565' title='bbox 361 1909 398 1944; x_wconf 77' lang='grc' dir='ltr'><strong>μὴ</strong></span> <span class='ocrx_word' id='word_1_566' title='bbox 416 1907 602 1944; x_wconf 77' lang='grc' dir='ltr'>ἐμπιπλᾶσθαί</span> <span class='ocrx_word' id='word_1_567' title='bbox 618 1919 647 1936; x_wconf 89' lang='grc' dir='ltr'><strong>σε</strong></span> <span class='ocrx_word' id='word_1_568' title='bbox 660 1910 714 1935; x_wconf 83' lang='grc' dir='ltr'><strong>τῶν</strong></span> <span class='ocrx_word' id='word_1_569' title='bbox 729 1907 802 1943; x_wconf 76' lang='grc' dir='ltr'>ἐμῶν</span> <span class='ocrx_word' id='word_1_570' title='bbox 828 1908 931 1946; x_wconf 80' lang='grc' dir='ltr'>λόγῶν,</span> 
     </span>
    </p>
   </div>
   <div class='ocr_carea' id='block_1_74' title="bbox 111 1951 933 1991">
    <p class='ocr_par' dir='ltr' id='par_1_74' title="bbox 111 1951 933 1991">
     <span class='ocr_line' id='line_1_74' title="bbox 111 1951 933 1991; baseline 0.001 -11"><span class='ocrx_word' id='word_1_571' title='bbox 111 1951 180 1989; x_wconf 71' lang='grc' dir='ltr'>μηδὲ</span> <span class='ocrx_word' id='word_1_572' title='bbox 208 1953 381 1990; x_wconf 75' lang='grc' dir='ltr'>κορὲννυσθαι</span> <span class='ocrx_word' id='word_1_573' title='bbox 405 1956 455 1987; x_wconf 76' lang='grc' dir='ltr'><strong>τῆς</strong></span> <span class='ocrx_word' id='word_1_574' title='bbox 481 1953 595 1988; x_wconf 68' lang='grc' dir='ltr'>τούτων,</span> <span class='ocrx_word' id='word_1_575' title='bbox 626 1953 662 1984; x_wconf 85' lang='grc' dir='ltr'>ὡς</span> <span class='ocrx_word' id='word_1_576' title='bbox 684 1954 806 1991; x_wconf 51' lang='grc' dir='ltr'>γράρεις.</span> <span class='ocrx_word' id='word_1_577' title='bbox 830 1952 933 1991; x_wconf 76' lang='grc' dir='ltr'>γλυκύ-</span> 
     </span>
    </p>
   </div>
   <div class='ocr_carea' id='block_1_75' title="bbox 106 1997 932 2036">
    <p class='ocr_par' dir='ltr' id='par_1_75' title="bbox 106 1997 932 2036">
     <span class='ocr_line' id='line_1_75' title="bbox 106 1997 932 2036; baseline 0.001 -11"><span class='ocrx_word' id='word_1_578' title='bbox 106 2007 199 2032; x_wconf 82' lang='grc' dir='ltr'>τητος,</span> <span class='ocrx_word' id='word_1_579' title='bbox 225 1997 303 2025; x_wconf 81' lang='grc' dir='ltr'>αὐτοὶ</span> <span class='ocrx_word' id='word_1_580' title='bbox 328 1999 475 2034; x_wconf 79' lang='grc' dir='ltr'>καθιοῦμεν</span> <span class='ocrx_word' id='word_1_581' title='bbox 506 1997 729 2035; x_wconf 77' lang='grc' dir='ltr'>ἀνθολογοῦντες,</span> <span class='ocrx_word' id='word_1_582' title='bbox 755 1998 813 2032; x_wconf 80' lang='grc' dir='ltr'>ἀεὶ,</span> <span class='ocrx_word' id='word_1_583' title='bbox 842 1998 932 2036; x_wconf 82' lang='grc' dir='ltr'>ὥσπερ</span> 
     </span>
    </p>
   </div>
   <div class='ocr_carea' id='block_1_76' title="bbox 108 2041 931 2081">
    <p class='ocr_par' dir='ltr' id='par_1_76' title="bbox 108 2041 931 2081">
     <span class='ocr_line' id='line_1_76' title="bbox 108 2041 931 2081; baseline 0.001 -12"><span class='ocrx_word' id='word_1_584' title='bbox 108 2042 134 2069; x_wconf 70' lang='grc' dir='ltr'>αἱ</span> <span class='ocrx_word' id='word_1_585' title='bbox 162 2041 300 2078; x_wconf 77' lang='grc' dir='ltr'>μέλισσαι,</span> <span class='ocrx_word' id='word_1_586' title='bbox 324 2043 433 2076; x_wconf 68' lang='grc' dir='ltr'>καίτήν</span> <span class='ocrx_word' id='word_1_587' title='bbox 462 2044 511 2069; x_wconf 75' lang='grc' dir='ltr'><strong>τοῦ</strong></span> <span class='ocrx_word' id='word_1_588' title='bbox 538 2041 651 2078; x_wconf 66' lang='grc' dir='ltr'>μέλιτος</span> <span class='ocrx_word' id='word_1_589' title='bbox 680 2043 801 2080; x_wconf 73' lang='grc' dir='ltr'>ἐργασίαν</span> <span class='ocrx_word' id='word_1_590' title='bbox 825 2042 931 2081; x_wconf 74' lang='grc' dir='ltr'>ἐξεργα-</span> 
     </span>
    </p>
   </div>
   <div class='ocr_carea' id='block_1_77' title="bbox 110 2085 932 2124">
    <p class='ocr_par' dir='ltr' id='par_1_77' title="bbox 110 2085 932 2124">
     <span class='ocr_line' id='line_1_77' title="bbox 110 2085 932 2124; baseline 0.002 -11"><span class='ocrx_word' id='word_1_591' title='bbox 110 2087 229 2123; x_wconf 80' lang='grc' dir='ltr'>ζόμενοι·</span> <span class='ocrx_word' id='word_1_592' title='bbox 249 2085 312 2114; x_wconf 82' lang='grc' dir='ltr'>ἀλλ’</span> <span class='ocrx_word' id='word_1_593' title='bbox 326 2086 348 2114; x_wconf 74' lang='grc' dir='ltr'>εἰ</span> <span class='ocrx_word' id='word_1_594' title='bbox 364 2087 408 2114; x_wconf 77' lang='grc' dir='ltr'><strong>καὶ</strong></span> <span class='ocrx_word' id='word_1_595' title='bbox 424 2088 441 2121; x_wconf 80' lang='grc' dir='ltr'>ἡ</span> <span class='ocrx_word' id='word_1_596' title='bbox 460 2086 580 2118; x_wconf 69' lang='grc' dir='ltr'>θάλασσα</span> <span class='ocrx_word' id='word_1_597' title='bbox 594 2087 642 2114; x_wconf 79' lang='grc' dir='ltr'><strong>οὐκ</strong></span> <span class='ocrx_word' id='word_1_598' title='bbox 667 2085 737 2114; x_wconf 77' lang='grc' dir='ltr'>ἔστιν</span> <span class='ocrx_word' id='word_1_599' title='bbox 754 2086 932 2124; x_wconf 71' lang='grc' dir='ltr'>ἐμπιπλαμέ-</span> 
     </span>
    </p>
   </div>
   <div class='ocr_carea' id='block_1_78' title="bbox 109 2131 930 2170">
    <p class='ocr_par' dir='ltr' id='par_1_78' title="bbox 109 2131 930 2170">
     <span class='ocr_line' id='line_1_78' title="bbox 109 2131 930 2170; baseline 0.002 -12"><span class='ocrx_word' id='word_1_600' title='bbox 109 2142 154 2166; x_wconf 92' lang='grc' dir='ltr'><strong>νη,</strong></span> <span class='ocrx_word' id='word_1_601' title='bbox 169 2131 239 2159; x_wconf 68' lang='grc' dir='ltr'>κατὰ</span> <span class='ocrx_word' id='word_1_602' title='bbox 259 2132 306 2159; x_wconf 85' lang='grc' dir='ltr'><strong>τὸν</strong></span> <span class='ocrx_word' id='word_1_603' title='bbox 330 2131 458 2169; x_wconf 76' lang='grc' dir='ltr'>εἰρηκότα</span> <span class='ocrx_word' id='word_1_604' title='bbox 483 2132 577 2170; x_wconf 70' lang='grc' dir='ltr'>σοφὸν,</span> <span class='ocrx_word' id='word_1_605' title='bbox 604 2133 712 2160; x_wconf 67' lang='grc' dir='ltr'>πάντων</span> <span class='ocrx_word' id='word_1_606' title='bbox 730 2135 785 2159; x_wconf 82' lang='grc' dir='ltr'>τῶν</span> <span class='ocrx_word' id='word_1_607' title='bbox 800 2135 930 2169; x_wconf 76' lang='grc' dir='ltr'>ποταμῶν</span> 
     </span>
    </p>
   </div>
   <div class='ocr_carea' id='block_1_79' title="bbox 110 2176 932 2215">
    <p class='ocr_par' dir='ltr' id='par_1_79' title="bbox 110 2176 932 2215">
     <span class='ocr_line' id='line_1_79' title="bbox 110 2176 932 2215; baseline 0.001 -12"><span class='ocrx_word' id='word_1_608' title='bbox 110 2176 148 2207; x_wconf 75' lang='grc' dir='ltr'>εἷς</span> <span class='ocrx_word' id='word_1_609' title='bbox 164 2177 246 2211; x_wconf 74' lang='grc' dir='ltr'>αὑτὴν</span> <span class='ocrx_word' id='word_1_610' title='bbox 265 2176 506 2214; x_wconf 68' lang='grc' dir='ltr'>ἀπεῤῥευγομὲνων</span> <span class='ocrx_word' id='word_1_611' title='bbox 523 2177 555 2203; x_wconf 69' lang='grc' dir='ltr'>τὰ</span> <span class='ocrx_word' id='word_1_612' title='bbox 578 2176 708 2215; x_wconf 60' lang='grc' dir='ltr'>ῥεύματα,</span> <span class='ocrx_word' id='word_1_613' title='bbox 733 2176 795 2204; x_wconf 81' lang='grc' dir='ltr'>ἀλλ’</span> <span class='ocrx_word' id='word_1_614' title='bbox 812 2177 864 2204; x_wconf 84' lang='grc' dir='ltr'>ἀπὸ</span> <span class='ocrx_word' id='word_1_615' title='bbox 878 2180 932 2204; x_wconf 78' lang='grc' dir='ltr'>τῶν</span> 
     </span>
    </p>
   </div>
   <div class='ocr_carea' id='block_1_80' title="bbox 111 2221 931 2259">
    <p class='ocr_par' dir='ltr' id='par_1_80' title="bbox 111 2221 931 2259">
     <span class='ocr_line' id='line_1_80' title="bbox 111 2221 931 2259; baseline 0.001 -11"><span class='ocrx_word' id='word_1_616' title='bbox 111 2221 180 2259; x_wconf 68' lang='grc' dir='ltr'>ὁρῶν</span> <span class='ocrx_word' id='word_1_617' title='bbox 197 2221 238 2248; x_wconf 73' lang='grc' dir='ltr'><strong>ἀεὶ</strong></span> <span class='ocrx_word' id='word_1_618' title='bbox 253 2223 399 2258; x_wconf 83' lang='grc' dir='ltr'>προχεῖται</span> <span class='ocrx_word' id='word_1_619' title='bbox 414 2221 448 2248; x_wconf 74' lang='grc' dir='ltr'><strong>τὰ</strong></span> <span class='ocrx_word' id='word_1_620' title='bbox 464 2221 569 2258; x_wconf 79' lang='grc' dir='ltr'>νάματα</span> <span class='ocrx_word' id='word_1_621' title='bbox 592 2222 680 2249; x_wconf 76' lang='grc' dir='ltr'>καὶτὸ</span> <span class='ocrx_word' id='word_1_622' title='bbox 694 2225 743 2256; x_wconf 82' lang='grc' dir='ltr'><strong>τῆς</strong></span> <span class='ocrx_word' id='word_1_623' title='bbox 761 2222 841 2259; x_wconf 79' lang='grc' dir='ltr'>ὑγρᾶς</span> <span class='ocrx_word' id='word_1_624' title='bbox 868 2221 931 2249; x_wconf 82' lang='grc' dir='ltr'>ἀκό-</span> 
     </span>
    </p>
   </div>
   <div class='ocr_carea' id='block_1_81' title="bbox 112 2265 739 2304">
    <p class='ocr_par' dir='ltr' id='par_1_81' title="bbox 112 2265 739 2304">
     <span class='ocr_line' id='line_1_81' title="bbox 112 2265 739 2304; baseline 0.002 -12"><span class='ocrx_word' id='word_1_625' title='bbox 112 2276 204 2303; x_wconf 79' lang='grc' dir='ltr'>ρεστον</span> <span class='ocrx_word' id='word_1_626' title='bbox 221 2265 275 2303; x_wconf 66' lang='grc' dir='ltr'><strong>οὐχ</strong></span> <span class='ocrx_word' id='word_1_627' title='bbox 289 2266 350 2301; x_wconf 78' lang='grc' dir='ltr'>ἱστᾷ</span> <span class='ocrx_word' id='word_1_628' title='bbox 364 2268 418 2293; x_wconf 82' lang='grc' dir='ltr'>τῶν</span> <span class='ocrx_word' id='word_1_629' title='bbox 434 2268 564 2302; x_wconf 70' lang='grc' dir='ltr'>ποταμῶι</span> <span class='ocrx_word' id='word_1_630' title='bbox 579 2266 629 2301; x_wconf 78' lang='grc' dir='ltr'>τὴν</span> <span class='ocrx_word' id='word_1_631' title='bbox 645 2267 739 2304; x_wconf 73' lang='grc' dir='ltr'>φοράν.</span> 
     </span>
    </p>
   </div>
   <div class='ocr_carea' id='block_1_82' title="bbox 147 2310 936 2348">
    <p class='ocr_par' dir='ltr' id='par_1_82' title="bbox 147 2310 936 2348">
     <span class='ocr_line' id='line_1_82' title="bbox 147 2310 936 2348; baseline 0.003 -12"><span class='ocrx_word' id='word_1_632' title='bbox 147 2311 181 2339; x_wconf 68' lang='grc' dir='ltr'><strong>Οἱ</strong></span> <span class='ocrx_word' id='word_1_633' title='bbox 211 2311 258 2346; x_wconf 75' lang='grc' dir='ltr'>μὲν</span> <span class='ocrx_word' id='word_1_634' title='bbox 287 2311 332 2337; x_wconf 75' lang='grc' dir='ltr'><strong>οὖν</strong></span> <span class='ocrx_word' id='word_1_635' title='bbox 365 2311 507 2346; x_wconf 83' lang='grc' dir='ltr'>Ἀθηναῖοι</span> <span class='ocrx_word' id='word_1_636' title='bbox 538 2311 623 2338; x_wconf 70' lang='grc' dir='ltr'>πάλαι</span> <span class='ocrx_word' id='word_1_637' title='bbox 658 2311 709 2338; x_wconf 77' lang='grc' dir='ltr'><strong>ὑπὸ</strong></span> <span class='ocrx_word' id='word_1_638' title='bbox 743 2312 791 2338; x_wconf 73' lang='grc' dir='ltr'>τοῦ</span> <span class='ocrx_word' id='word_1_639' title='bbox 825 2310 936 2348; x_wconf 67' lang='grc' dir='ltr'>Δαρείου</span> 
     </span>
    </p>
   </div>
   <div class='ocr_carea' id='block_1_83' title="bbox 111 2353 936 2392">
    <p class='ocr_par' dir='ltr' id='par_1_83' title="bbox 111 2353 936 2392">
     <span class='ocr_line' id='line_1_83' title="bbox 111 2353 936 2392; baseline 0.002 -11"><span class='ocrx_word' id='word_1_640' title='bbox 111 2355 178 2382; x_wconf 73' lang='grc' dir='ltr'>κατὰ</span> <span class='ocrx_word' id='word_1_641' title='bbox 214 2355 263 2389; x_wconf 80' lang='grc' dir='ltr'><strong>τήν</strong></span> <span class='ocrx_word' id='word_1_642' title='bbox 300 2353 410 2392; x_wconf 65' lang='grc' dir='ltr'>ἤπειρον</span> <span class='ocrx_word' id='word_1_643' title='bbox 442 2354 662 2392; x_wconf 67' lang='grc' dir='ltr'>πολεμούμενοι,</span> <span class='ocrx_word' id='word_1_644' title='bbox 692 2356 736 2382; x_wconf 81' lang='grc' dir='ltr'><strong>καὶ</strong></span> <span class='ocrx_word' id='word_1_645' title='bbox 765 2355 936 2387; x_wconf 72' lang='grc' dir='ltr'>ἀνθίστασθαι</span> 
     </span>
    </p>
   </div>
   <div class='ocr_carea' id='block_1_84' title="bbox 111 2398 936 2438">
    <p class='ocr_par' dir='ltr' id='par_1_84' title="bbox 111 2398 936 2438">
     <span class='ocr_line' id='line_1_84' title="bbox 111 2398 936 2438; baseline 0.001 -12"><span class='ocrx_word' id='word_1_646' title='bbox 111 2399 179 2437; x_wconf 82' lang='grc' dir='ltr'>πρὸς</span> <span class='ocrx_word' id='word_1_647' title='bbox 203 2399 251 2431; x_wconf 82' lang='grc' dir='ltr'><strong>τὰς</strong></span> <span class='ocrx_word' id='word_1_648' title='bbox 281 2398 408 2436; x_wconf 75' lang='grc' dir='ltr'>χιλιάδας</span> <span class='ocrx_word' id='word_1_649' title='bbox 435 2399 537 2427; x_wconf 78' lang='grc' dir='ltr'>ἐκείνου</span> <span class='ocrx_word' id='word_1_650' title='bbox 559 2399 603 2427; x_wconf 86' lang='grc' dir='ltr'><strong>καὶ</strong></span> <span class='ocrx_word' id='word_1_651' title='bbox 622 2398 755 2437; x_wconf 74' lang='grc' dir='ltr'>μυριάδας</span> <span class='ocrx_word' id='word_1_652' title='bbox 772 2400 810 2436; x_wconf 84' lang='grc' dir='ltr'>μή</span> <span class='ocrx_word' id='word_1_653' title='bbox 828 2400 936 2438; x_wconf 53' lang='grc' dir='ltr'>ἐξισχύ-</span> 
     </span>
    </p>
   </div>
   <div class='ocr_carea' id='block_1_85' title="bbox 113 2443 936 2484">
    <p class='ocr_par' dir='ltr' id='par_1_85' title="bbox 113 2443 936 2484">
     <span class='ocr_line' id='line_1_85' title="bbox 113 2443 936 2484; baseline 0.001 -13"><span class='ocrx_word' id='word_1_654' title='bbox 113 2454 197 2478; x_wconf 86' lang='grc' dir='ltr'>οντες,</span> <span class='ocrx_word' id='word_1_655' title='bbox 227 2443 370 2471; x_wconf 69' lang='grc' dir='ltr'>ἀπένευσαν</span> <span class='ocrx_word' id='word_1_656' title='bbox 399 2443 436 2475; x_wconf 85' lang='grc' dir='ltr'>εἷς</span> <span class='ocrx_word' id='word_1_657' title='bbox 466 2445 516 2478; x_wconf 76' lang='grc' dir='ltr'><strong>τήν</strong></span> <span class='ocrx_word' id='word_1_658' title='bbox 533 2443 682 2480; x_wconf 77' lang='grc' dir='ltr'>θάλασσαν,</span> <span class='ocrx_word' id='word_1_659' title='bbox 710 2445 753 2472; x_wconf 89' lang='grc' dir='ltr'><strong>καὶ</strong></span> <span class='ocrx_word' id='word_1_660' title='bbox 769 2444 846 2472; x_wconf 79' lang='grc' dir='ltr'>ναυσὶ</span> <span class='ocrx_word' id='word_1_661' title='bbox 863 2455 936 2484; x_wconf 82' lang='grc' dir='ltr'>χρη-</span> 
     </span>
    </p>
   </div>
   <div class='ocr_carea' id='block_1_86' title="bbox 113 2487 937 2527">
    <p class='ocr_par' dir='ltr' id='par_1_86' title="bbox 113 2487 937 2527">
     <span class='ocr_line' id='line_1_86' title="bbox 113 2487 937 2527; baseline 0.002 -12"><span class='ocrx_word' id='word_1_662' title='bbox 113 2489 225 2524; x_wconf 68' lang='grc' dir='ltr'>σάμενοι</span> <span class='ocrx_word' id='word_1_663' title='bbox 246 2488 294 2522; x_wconf 83' lang='grc' dir='ltr'>τὴν</span> <span class='ocrx_word' id='word_1_664' title='bbox 323 2488 458 2526; x_wconf 77' lang='grc' dir='ltr'>σωτηρίαν</span> <span class='ocrx_word' id='word_1_665' title='bbox 482 2487 638 2517; x_wconf 81' lang='grc' dir='ltr'>διαπόντιον</span> <span class='ocrx_word' id='word_1_666' title='bbox 668 2487 795 2526; x_wconf 75' lang='grc' dir='ltr'>εὕραντο·</span> <span class='ocrx_word' id='word_1_667' title='bbox 827 2489 878 2527; x_wconf 76' lang='grc' dir='ltr'><strong>ἐγὼ</strong></span> <span class='ocrx_word' id='word_1_668' title='bbox 908 2488 937 2517; x_wconf 75' lang='grc' dir='ltr'>ὃὶ</span> 
     </span>
    </p>
   </div>
   <div class='ocr_carea' id='block_1_87' title="bbox 112 2532 937 2572">
    <p class='ocr_par' dir='ltr' id='par_1_87' title="bbox 112 2532 937 2572">
     <span class='ocr_line' id='line_1_87' title="bbox 112 2532 937 2572; baseline 0.004 -13"><span class='ocrx_word' id='word_1_669' title='bbox 112 2533 164 2560; x_wconf 71' lang='grc' dir='ltr'>ποῦ</span> <span class='ocrx_word' id='word_1_670' title='bbox 188 2533 286 2572; x_wconf 44' lang='lat' dir='ltr'><strong>chus;</strong></span> <span class='ocrx_word' id='word_1_671' title='bbox 309 2535 358 2560; x_wconf 79' lang='grc' dir='ltr'>ποῖ</span> <span class='ocrx_word' id='word_1_672' title='bbox 381 2532 528 2570; x_wconf 82' lang='grc' dir='ltr'>τράπωμαι</span> <span class='ocrx_word' id='word_1_673' title='bbox 543 2544 550 2568; x_wconf 87' lang='lat'>;</span> <span class='ocrx_word' id='word_1_674' title='bbox 566 2534 696 2566; x_wconf 73' lang='grc' dir='ltr'>πάντοθεν</span> <span class='ocrx_word' id='word_1_675' title='bbox 726 2534 821 2572; x_wconf 77' lang='grc' dir='ltr'>πάγαι,</span> <span class='ocrx_word' id='word_1_676' title='bbox 839 2533 937 2562; x_wconf 72' lang='grc' dir='ltr'>πάντο-</span> 
     </span>
    </p>
   </div>
   <div class='ocr_carea' id='block_1_88' title="bbox 113 2576 937 2616">
    <p class='ocr_par' dir='ltr' id='par_1_88' title="bbox 113 2576 937 2616">
     <span class='ocr_line' id='line_1_88' title="bbox 113 2576 937 2616; baseline 0.002 -12"><span class='ocrx_word' id='word_1_677' title='bbox 113 2578 155 2604; x_wconf 79' lang='grc' dir='ltr'><strong>θεν</strong></span> <span class='ocrx_word' id='word_1_678' title='bbox 189 2578 321 2615; x_wconf 72' lang='grc' dir='ltr'>θήρατρα.</span> <span class='ocrx_word' id='word_1_679' title='bbox 351 2576 486 2606; x_wconf 81' lang='grc' dir='ltr'>Ἐκκλίνω</span> <span class='ocrx_word' id='word_1_680' title='bbox 513 2578 582 2616; x_wconf 78' lang='grc' dir='ltr'>πρὸς</span> <span class='ocrx_word' id='word_1_681' title='bbox 602 2580 670 2616; x_wconf 59' lang='grc' dir='ltr'><strong>γῆν</strong></span> <span class='ocrx_word' id='word_1_682' title='bbox 700 2577 765 2606; x_wconf 86' lang='grc' dir='ltr'>ἀλλ’</span> <span class='ocrx_word' id='word_1_683' title='bbox 799 2579 876 2610; x_wconf 72' lang='grc' dir='ltr'>εὐθύς</span> <span class='ocrx_word' id='word_1_684' title='bbox 903 2590 937 2616; x_wconf 89' lang='grc' dir='ltr'><strong>με</strong></span> 
     </span>
    </p>
   </div>
   <div class='ocr_carea' id='block_1_89' title="bbox 112 2621 937 2660">
    <p class='ocr_par' dir='ltr' id='par_1_89' title="bbox 112 2621 937 2660">
     <span class='ocr_line' id='line_1_89' title="bbox 112 2621 937 2660; baseline 0.002 -12"><span class='ocrx_word' id='word_1_685' title='bbox 112 2623 226 2659; x_wconf 77' lang='grc' dir='ltr'>Θηρᾶται</span> <span class='ocrx_word' id='word_1_686' title='bbox 250 2622 282 2649; x_wconf 70' lang='grc' dir='ltr'><strong>τὰ</strong></span> <span class='ocrx_word' id='word_1_687' title='bbox 309 2621 436 2659; x_wconf 62' lang='grc' dir='ltr'>βούτυρα,</span> <span class='ocrx_word' id='word_1_688' title='bbox 467 2622 614 2659; x_wconf 69' lang='grc' dir='ltr'>ἀποτέμνει</span> <span class='ocrx_word' id='word_1_689' title='bbox 647 2634 694 2660; x_wconf 85' lang='grc' dir='ltr'><strong>μοι</strong></span> <span class='ocrx_word' id='word_1_690' title='bbox 710 2624 760 2657; x_wconf 73' lang='grc' dir='ltr'>τὴν</span> <span class='ocrx_word' id='word_1_691' title='bbox 778 2621 840 2650; x_wconf 79' lang='grc' dir='ltr'>ὁδὸν</span> <span class='ocrx_word' id='word_1_692' title='bbox 855 2624 889 2650; x_wconf 74' lang='grc' dir='ltr'><strong>τὰ</strong></span> <span class='ocrx_word' id='word_1_693' title='bbox 904 2624 937 2651; x_wconf 73' lang='grc' dir='ltr'><strong>σὰ</strong></span> 
     </span>
    </p>
   </div>
   <div class='ocr_carea' id='block_1_90' title="bbox 113 2665 934 2705">
    <p class='ocr_par' dir='ltr' id='par_1_90' title="bbox 113 2665 934 2705">
     <span class='ocr_line' id='line_1_90' title="bbox 113 2665 934 2705; baseline 0.002 -12"><span class='ocrx_word' id='word_1_694' title='bbox 113 2667 228 2702; x_wconf 77' lang='grc' dir='ltr'>ποίμνια</span> <span class='ocrx_word' id='word_1_695' title='bbox 256 2667 301 2693; x_wconf 78' lang='grc' dir='ltr'><strong>καὶ</strong></span> <span class='ocrx_word' id='word_1_696' title='bbox 333 2665 465 2703; x_wconf 75' lang='grc' dir='ltr'>βουκόλια</span> <span class='ocrx_word' id='word_1_697' title='bbox 483 2690 488 2695; x_wconf 91' lang='grc'>.</span> <span class='ocrx_word' id='word_1_698' title='bbox 518 2666 666 2705; x_wconf 70' lang='grc' dir='ltr'>Ἐκδράμω</span> <span class='ocrx_word' id='word_1_699' title='bbox 696 2668 764 2705; x_wconf 82' lang='grc' dir='ltr'>πρὸς</span> <span class='ocrx_word' id='word_1_700' title='bbox 791 2667 934 2699; x_wconf 74' lang='grc' dir='ltr'>θάλασσαν·</span> 
     </span>
    </p>
   </div>
   <div class='ocr_carea' id='block_1_91' title="bbox 115 2708 936 2751">
    <p class='ocr_par' dir='ltr' id='par_1_91' title="bbox 115 2708 936 2751">
     <span class='ocr_line' id='line_1_91' title="bbox 115 2708 936 2751; baseline 0.004 -14"><span class='ocrx_word' id='word_1_701' title='bbox 115 2711 187 2739; x_wconf 75' lang='grc' dir='ltr'>ἀλλὰ</span> <span class='ocrx_word' id='word_1_702' title='bbox 212 2708 292 2748; x_wconf 73' lang='grc' dir='ltr'>βαϐαὶ</span> <span class='ocrx_word' id='word_1_703' title='bbox 308 2713 358 2745; x_wconf 83' lang='grc' dir='ltr'><strong>τῆς</strong></span> <span class='ocrx_word' id='word_1_704' title='bbox 383 2713 437 2738; x_wconf 79' lang='grc' dir='ltr'>τῶν</span> <span class='ocrx_word' id='word_1_705' title='bbox 466 2711 568 2749; x_wconf 78' lang='grc' dir='ltr'>ἰχθύων</span> <span class='ocrx_word' id='word_1_706' title='bbox 595 2715 678 2751; x_wconf 76' lang='grc' dir='ltr'>φορᾶς</span> <span class='ocrx_word' id='word_1_707' title='bbox 693 2713 699 2740; x_wconf 76' lang='grc' dir='ltr'><strong>ι</strong></span> <span class='ocrx_word' id='word_1_708' title='bbox 716 2712 796 2743; x_wconf 76' lang='grc' dir='ltr'>αὐτός</span> <span class='ocrx_word' id='word_1_709' title='bbox 812 2723 858 2748; x_wconf 84' lang='grc' dir='ltr'><strong>μοι</strong></span> <span class='ocrx_word' id='word_1_710' title='bbox 873 2713 936 2740; x_wconf 66' lang='grc' dir='ltr'><strong>τοῦ-</strong></span> 
     </span>
    </p>
   </div>
   <div class='ocr_carea' id='block_1_92' title="bbox 114 2754 937 2794">
    <p class='ocr_par' dir='ltr' id='par_1_92' title="bbox 114 2754 937 2794">
     <span class='ocr_line' id='line_1_92' title="bbox 114 2754 937 2794; baseline 0.001 -11"><span class='ocrx_word' id='word_1_711' title='bbox 114 2766 168 2783; x_wconf 79' lang='grc' dir='ltr'><strong>των</strong></span> <span class='ocrx_word' id='word_1_712' title='bbox 198 2756 212 2783; x_wconf 82' lang='grc' dir='ltr'>ὁ</span> <span class='ocrx_word' id='word_1_713' title='bbox 240 2757 382 2793; x_wconf 74' lang='grc' dir='ltr'>κράτιστος</span> <span class='ocrx_word' id='word_1_714' title='bbox 399 2754 500 2791; x_wconf 80' lang='grc' dir='ltr'>ἀπαντᾷ</span> <span class='ocrx_word' id='word_1_715' title='bbox 514 2755 643 2794; x_wconf 72' lang='grc' dir='ltr'>τύραννος</span> <span class='ocrx_word' id='word_1_716' title='bbox 658 2756 703 2784; x_wconf 84' lang='grc' dir='ltr'><strong>καὶ</strong></span> <span class='ocrx_word' id='word_1_717' title='bbox 734 2755 793 2784; x_wconf 78' lang='grc' dir='ltr'>δυσὶ</span> <span class='ocrx_word' id='word_1_718' title='bbox 823 2756 937 2789; x_wconf 79' lang='grc' dir='ltr'>κύκλοις</span> 
     </span>
    </p>
   </div>
   <div class='ocr_carea' id='block_1_93' title="bbox 115 2797 935 2840">
    <p class='ocr_par' dir='ltr' id='par_1_93' title="bbox 115 2797 935 2840">
     <span class='ocr_line' id='line_1_93' title="bbox 115 2797 935 2840; baseline 0.002 -13"><span class='ocrx_word' id='word_1_719' title='bbox 115 2797 313 2838; x_wconf 76' lang='grc' dir='ltr'>περιλαμϐάνει</span> <span class='ocrx_word' id='word_1_720' title='bbox 345 2798 480 2837; x_wconf 76' lang='grc' dir='ltr'>μεῶσπερ</span> <span class='ocrx_word' id='word_1_721' title='bbox 495 2800 550 2828; x_wconf 84' lang='grc' dir='ltr'>τισὶ</span> <span class='ocrx_word' id='word_1_722' title='bbox 574 2801 667 2839; x_wconf 68' lang='grc' dir='ltr'>κέρασι</span> <span class='ocrx_word' id='word_1_723' title='bbox 690 2803 740 2829; x_wconf 73' lang='grc' dir='ltr'>τοῦ</span> <span class='ocrx_word' id='word_1_724' title='bbox 768 2799 839 2828; x_wconf 71' lang='grc' dir='ltr'>ἰδίου</span> <span class='ocrx_word' id='word_1_725' title='bbox 855 2811 935 2840; x_wconf 85' lang='grc' dir='ltr'>στρα-</span> 
     </span>
    </p>
   </div>
   <div class='ocr_carea' id='block_1_94' title="bbox 1316 1732 1476 1760">
    <p class='ocr_par' dir='ltr' id='par_1_94' title="bbox 1316 1732 1476 1760">
     <span class='ocr_line' id='line_1_94' title="bbox 1316 1732 1476 1760; baseline -0.013 0"><span class='ocrx_word' id='word_1_726' title='bbox 1316 1734 1353 1760; x_wconf 83' lang='lat' dir='ltr'><strong>X.</strong></span> <span class='ocrx_word' id='word_1_727' title='bbox 1372 1732 1476 1760; x_wconf 77' lang='lat' dir='ltr'><strong>Eidem.</strong></span> 
     </span>
    </p>
   </div>
   <div class='ocr_carea' id='block_1_95' title="bbox 1022 1777 1813 1814">
    <p class='ocr_par' dir='ltr' id='par_1_95' title="bbox 1022 1777 1813 1814">
     <span class='ocr_line' id='line_1_95' title="bbox 1022 1777 1813 1814; baseline -0.006 -8"><span class='ocrx_word' id='word_1_728' title='bbox 1022 1778 1181 1814; x_wconf 86' lang='lat' dir='ltr'><strong>Soripsisti,</strong></span> <span class='ocrx_word' id='word_1_729' title='bbox 1198 1778 1223 1806; x_wconf 89' lang='lat' dir='ltr'><strong>si</strong></span> <span class='ocrx_word' id='word_1_730' title='bbox 1242 1786 1300 1806; x_wconf 90' lang='lat' dir='ltr'><strong>non</strong></span> <span class='ocrx_word' id='word_1_731' title='bbox 1325 1781 1377 1805; x_wconf 83' lang='lat' dir='ltr'><strong>tua</strong></span> <span class='ocrx_word' id='word_1_732' title='bbox 1403 1784 1502 1809; x_wconf 83' lang='lat' dir='ltr'><strong>manu,</strong></span> <span class='ocrx_word' id='word_1_733' title='bbox 1527 1777 1605 1802; x_wconf 83' lang='lat' dir='ltr'><strong>certe</strong></span> <span class='ocrx_word' id='word_1_734' title='bbox 1629 1777 1680 1802; x_wconf 86' lang='lat' dir='ltr'><strong>tua</strong></span> <span class='ocrx_word' id='word_1_735' title='bbox 1705 1778 1813 1809; x_wconf 83' lang='lat' dir='ltr'><strong>mente,</strong></span> 
     </span>
    </p>
   </div>
   <div class='ocr_carea' id='block_1_96' title="bbox 987 1819 1813 1860">
    <p class='ocr_par' dir='ltr' id='par_1_96' title="bbox 987 1819 1813 1860">
     <span class='ocr_line' id='line_1_96' title="bbox 987 1819 1813 1860; baseline -0.007 -9"><span class='ocrx_word' id='word_1_736' title='bbox 987 1823 1136 1860; x_wconf 82' lang='lat' dir='ltr'><strong>exemplar</strong></span> <span class='ocrx_word' id='word_1_737' title='bbox 1151 1823 1229 1851; x_wconf 90' lang='lat' dir='ltr'><strong>enim</strong></span> <span class='ocrx_word' id='word_1_738' title='bbox 1245 1823 1326 1850; x_wconf 86' lang='lat' dir='ltr'><strong>nosci</strong></span> <span class='ocrx_word' id='word_1_739' title='bbox 1341 1822 1426 1850; x_wconf 83' lang='lat' dir='ltr'><strong>facile</strong></span> <span class='ocrx_word' id='word_1_740' title='bbox 1442 1824 1487 1849; x_wconf 88' lang='lat' dir='ltr'><strong>est</strong></span> <span class='ocrx_word' id='word_1_741' title='bbox 1502 1823 1530 1848; x_wconf 91' lang='lat' dir='ltr'><strong>et</strong></span> <span class='ocrx_word' id='word_1_742' title='bbox 1555 1819 1688 1856; x_wconf 83' lang='lat' dir='ltr'><strong>apprime</strong></span> <span class='ocrx_word' id='word_1_743' title='bbox 1713 1827 1743 1846; x_wconf 86' lang='lat' dir='ltr'><strong>se</strong></span> <span class='ocrx_word' id='word_1_744' title='bbox 1768 1827 1813 1846; x_wconf 86' lang='lat' dir='ltr'><strong>re-</strong></span> 
     </span>
    </p>
   </div>
   <div class='ocr_carea' id='block_1_97' title="bbox 987 1868 1308 1904">
    <p class='ocr_par' dir='ltr' id='par_1_97' title="bbox 987 1868 1308 1904">
     <span class='ocr_line' id='line_1_97' title="bbox 987 1868 1308 1904; baseline -0.003 -9"><span class='ocrx_word' id='word_1_745' title='bbox 987 1868 1043 1895; x_wconf 82' lang='lat' dir='ltr'><strong>fert</strong></span> <span class='ocrx_word' id='word_1_746' title='bbox 1057 1868 1093 1895; x_wconf 88' lang='lat' dir='ltr'><strong>ad</strong></span> <span class='ocrx_word' id='word_1_747' title='bbox 1110 1870 1308 1904; x_wconf 84' lang='lat' dir='ltr'><strong>prototypum.</strong></span> 
     </span>
    </p>
   </div>
   <div class='ocr_carea' id='block_1_98' title="bbox 1023 1907 1814 1948">
    <p class='ocr_par' dir='ltr' id='par_1_98' title="bbox 1023 1907 1814 1948">
     <span class='ocr_line' id='line_1_98' title="bbox 1023 1907 1814 1948; baseline -0.008 -8"><span class='ocrx_word' id='word_1_748' title='bbox 1023 1912 1133 1940; x_wconf 87' lang='lat' dir='ltr'><strong>Deinde</strong></span> <span class='ocrx_word' id='word_1_749' title='bbox 1148 1920 1180 1940; x_wconf 93' lang='lat' dir='ltr'><strong>eo</strong></span> <span class='ocrx_word' id='word_1_750' title='bbox 1197 1912 1274 1948; x_wconf 89' lang='lat' dir='ltr'><strong>quod</strong></span> <span class='ocrx_word' id='word_1_751' title='bbox 1292 1920 1348 1939; x_wconf 90' lang='lat' dir='ltr'><strong>non</strong></span> <span class='ocrx_word' id='word_1_752' title='bbox 1366 1910 1475 1938; x_wconf 85' lang='lat' dir='ltr'><strong>nostris</strong></span> <span class='ocrx_word' id='word_1_753' title='bbox 1491 1909 1678 1938; x_wconf 84' lang='lat' dir='ltr'><strong>sermonibus</strong></span> <span class='ocrx_word' id='word_1_754' title='bbox 1692 1907 1814 1943; x_wconf 83' lang='lat' dir='ltr'><strong>implea-</strong></span> 
     </span>
    </p>
   </div>
   <div class='ocr_carea' id='block_1_99' title="bbox 988 1951 1813 1993">
    <p class='ocr_par' dir='ltr' id='par_1_99' title="bbox 988 1951 1813 1993">
     <span class='ocr_line' id='line_1_99' title="bbox 988 1951 1813 1993; baseline -0.008 -8"><span class='ocrx_word' id='word_1_755' title='bbox 988 1957 1039 1991; x_wconf 83' lang='lat' dir='ltr'><strong>ris,</strong></span> <span class='ocrx_word' id='word_1_756' title='bbox 1057 1965 1151 1993; x_wconf 88' lang='lat' dir='ltr'><strong>neque</strong></span> <span class='ocrx_word' id='word_1_757' title='bbox 1166 1956 1282 1985; x_wconf 87' lang='lat' dir='ltr'><strong>satieris</strong></span> <span class='ocrx_word' id='word_1_758' title='bbox 1304 1955 1435 1990; x_wconf 87' lang='lat' dir='ltr'><strong>illorum,</strong></span> <span class='ocrx_word' id='word_1_759' title='bbox 1460 1957 1491 1982; x_wconf 92' lang='lat' dir='ltr'><strong>ut</strong></span> <span class='ocrx_word' id='word_1_760' title='bbox 1515 1953 1632 1987; x_wconf 88' lang='lat' dir='ltr'><strong>scribis,</strong></span> <span class='ocrx_word' id='word_1_761' title='bbox 1658 1951 1813 1984; x_wconf 81' lang='lat' dir='ltr'><strong>suavitate,</strong></span> 
     </span>
    </p>
   </div>
   <div class='ocr_carea' id='block_1_100' title="bbox 988 1997 1814 2038">
    <p class='ocr_par' dir='ltr' id='par_1_100' title="bbox 988 1997 1814 2038">
     <span class='ocr_line' id='line_1_100' title="bbox 988 1997 1814 2038; baseline -0.008 -8"><span class='ocrx_word' id='word_1_762' title='bbox 988 2009 1040 2029; x_wconf 86' lang='lat' dir='ltr'><strong>nos</strong></span> <span class='ocrx_word' id='word_1_763' title='bbox 1052 2002 1202 2038; x_wconf 75' lang='lat' dir='ltr'><strong>pergimus</strong></span> <span class='ocrx_word' id='word_1_764' title='bbox 1213 2001 1299 2029; x_wconf 85' lang='lat' dir='ltr'><strong>ﬂores</strong></span> <span class='ocrx_word' id='word_1_765' title='bbox 1311 2008 1427 2036; x_wconf 85' lang='lat' dir='ltr'><strong>semper</strong></span> <span class='ocrx_word' id='word_1_766' title='bbox 1438 1999 1619 2034; x_wconf 80' lang='lat' dir='ltr'><strong>colligentes,</strong></span> <span class='ocrx_word' id='word_1_767' title='bbox 1636 1997 1716 2024; x_wconf 88' lang='lat' dir='ltr'><strong>velut</strong></span> <span class='ocrx_word' id='word_1_768' title='bbox 1731 2005 1814 2032; x_wconf 83' lang='lat' dir='ltr'><strong>apes,</strong></span> 
     </span>
    </p>
   </div>
   <div class='ocr_carea' id='block_1_101' title="bbox 987 2041 1811 2074">
    <p class='ocr_par' dir='ltr' id='par_1_101' title="bbox 987 2041 1811 2074">
     <span class='ocr_line' id='line_1_101' title="bbox 987 2041 1811 2074; baseline -0.008 0"><span class='ocrx_word' id='word_1_769' title='bbox 987 2050 1015 2074; x_wconf 88' lang='lat' dir='ltr'><strong>el.</strong></span> <span class='ocrx_word' id='word_1_770' title='bbox 1030 2047 1125 2074; x_wconf 83' lang='lat' dir='ltr'><strong>mellis</strong></span> <span class='ocrx_word' id='word_1_771' title='bbox 1141 2046 1325 2074; x_wconf 80' lang='lat' dir='ltr'><strong>fabricationi</strong></span> <span class='ocrx_word' id='word_1_772' title='bbox 1341 2047 1489 2073; x_wconf 79' lang='lat' dir='ltr'><strong>vacantes.</strong></span> <span class='ocrx_word' id='word_1_773' title='bbox 1505 2043 1560 2071; x_wconf 89' lang='lat' dir='ltr'><strong>Sed</strong></span> <span class='ocrx_word' id='word_1_774' title='bbox 1577 2041 1632 2070; x_wconf 88' lang='lat' dir='ltr'><strong>etsi</strong></span> <span class='ocrx_word' id='word_1_775' title='bbox 1648 2050 1729 2069; x_wconf 87' lang='lat' dir='ltr'><strong>mare</strong></span> <span class='ocrx_word' id='word_1_776' title='bbox 1754 2049 1811 2068; x_wconf 86' lang='lat' dir='ltr'><strong>non</strong></span> 
     </span>
    </p>
   </div>
   <div class='ocr_carea' id='block_1_102' title="bbox 987 2086 1815 2128">
    <p class='ocr_par' dir='ltr' id='par_1_102' title="bbox 987 2086 1815 2128">
     <span class='ocr_line' id='line_1_102' title="bbox 987 2086 1815 2128; baseline -0.008 -9"><span class='ocrx_word' id='word_1_777' title='bbox 987 2091 1142 2128; x_wconf 89' lang='lat' dir='ltr'><strong>impletum</strong></span> <span class='ocrx_word' id='word_1_778' title='bbox 1159 2091 1293 2126; x_wconf 86' lang='lat' dir='ltr'><strong>sit,juxta</strong></span> <span class='ocrx_word' id='word_1_779' title='bbox 1305 2089 1449 2126; x_wconf 70' lang='lat' dir='ltr'><strong>sapientis</strong></span> <span class='ocrx_word' id='word_1_780' title='bbox 1464 2089 1588 2120; x_wconf 84' lang='lat' dir='ltr'><strong>dictum,</strong></span> <span class='ocrx_word' id='word_1_781' title='bbox 1605 2086 1743 2114; x_wconf 91' lang='lat' dir='ltr'><strong>omnibus</strong></span> <span class='ocrx_word' id='word_1_782' title='bbox 1760 2088 1815 2113; x_wconf 83' lang='lat' dir='ltr'><strong>ﬂu-</strong></span> 
     </span>
    </p>
   </div>
   <div class='ocr_carea' id='block_1_103' title="bbox 987 2130 1812 2165">
    <p class='ocr_par' dir='ltr' id='par_1_103' title="bbox 987 2130 1812 2165">
     <span class='ocr_line' id='line_1_103' title="bbox 987 2130 1812 2165; baseline -0.01 -1"><span class='ocrx_word' id='word_1_783' title='bbox 987 2136 1118 2164; x_wconf 85' lang='lat' dir='ltr'><strong>minibus</strong></span> <span class='ocrx_word' id='word_1_784' title='bbox 1133 2136 1162 2163; x_wconf 90' lang='lat' dir='ltr'><strong>in</strong></span> <span class='ocrx_word' id='word_1_785' title='bbox 1179 2135 1252 2163; x_wconf 89' lang='lat' dir='ltr'><strong>illud</strong></span> <span class='ocrx_word' id='word_1_786' title='bbox 1270 2136 1419 2163; x_wconf 87' lang='lat' dir='ltr'><strong>undarum</strong></span> <span class='ocrx_word' id='word_1_787' title='bbox 1435 2134 1546 2161; x_wconf 84' lang='lat' dir='ltr'><strong>ﬂuenta</strong></span> <span class='ocrx_word' id='word_1_788' title='bbox 1561 2130 1774 2165; x_wconf 80' lang='lat' dir='ltr'><strong>deferentibus,</strong></span> <span class='ocrx_word' id='word_1_789' title='bbox 1797 2139 1812 2157; x_wconf 88' lang='lat' dir='ltr'><strong>e</strong></span> 
     </span>
    </p>
   </div>
   <div class='ocr_carea' id='block_1_104' title="bbox 987 2175 1816 2216">
    <p class='ocr_par' dir='ltr' id='par_1_104' title="bbox 987 2175 1816 2216">
     <span class='ocr_line' id='line_1_104' title="bbox 987 2175 1816 2216; baseline -0.01 -7"><span class='ocrx_word' id='word_1_790' title='bbox 987 2181 1137 2208; x_wconf 89' lang='lat' dir='ltr'><strong>montibus</strong></span> <span class='ocrx_word' id='word_1_791' title='bbox 1144 2183 1241 2208; x_wconf 85' lang='lat' dir='ltr'><strong>autem</strong></span> <span class='ocrx_word' id='word_1_792' title='bbox 1250 2187 1365 2216; x_wconf 86' lang='lat' dir='ltr'><strong>semper</strong></span> <span class='ocrx_word' id='word_1_793' title='bbox 1371 2179 1544 2207; x_wconf 78' lang='lat' dir='ltr'><strong>ell&#39;unduntu</strong></span> <span class='ocrx_word' id='word_1_794' title='bbox 1551 2176 1706 2208; x_wconf 84' lang='lat' dir='ltr'><strong>rfontes,et</strong></span> <span class='ocrx_word' id='word_1_795' title='bbox 1713 2175 1816 2202; x_wconf 86' lang='lat' dir='ltr'><strong>humo-</strong></span> 
     </span>
    </p>
   </div>
   <div class='ocr_carea' id='block_1_105' title="bbox 987 2219 1815 2253">
    <p class='ocr_par' dir='ltr' id='par_1_105' title="bbox 987 2219 1815 2253">
     <span class='ocr_line' id='line_1_105' title="bbox 987 2219 1815 2253; baseline -0.01 0"><span class='ocrx_word' id='word_1_796' title='bbox 987 2225 1027 2253; x_wconf 88' lang='lat' dir='ltr'><strong>ris</strong></span> <span class='ocrx_word' id='word_1_797' title='bbox 1034 2225 1171 2253; x_wconf 81' lang='lat' dir='ltr'><strong>insatiata</strong></span> <span class='ocrx_word' id='word_1_798' title='bbox 1182 2224 1303 2252; x_wconf 86' lang='lat' dir='ltr'><strong>aviditas</strong></span> <span class='ocrx_word' id='word_1_799' title='bbox 1309 2232 1367 2251; x_wconf 89' lang='lat' dir='ltr'><strong>non</strong></span> <span class='ocrx_word' id='word_1_800' title='bbox 1377 2223 1487 2251; x_wconf 88' lang='lat' dir='ltr'><strong>detinet</strong></span> <span class='ocrx_word' id='word_1_801' title='bbox 1494 2221 1651 2249; x_wconf 80' lang='lat' dir='ltr'><strong>fluminum</strong></span> <span class='ocrx_word' id='word_1_802' title='bbox 1658 2219 1801 2246; x_wconf 83' lang='lat' dir='ltr'><strong>tributum</strong></span> <span class='ocrx_word' id='word_1_803' title='bbox 1809 2239 1815 2245; x_wconf 90' lang='lat'>.</span> 
     </span>
    </p>
   </div>
   <div class='ocr_carea' id='block_1_106' title="bbox 950 2262 1818 2305">
    <p class='ocr_par' dir='ltr' id='par_1_106' title="bbox 950 2262 1818 2305">
     <span class='ocr_line' id='line_1_106' title="bbox 950 2262 1818 2305; baseline -0.009 -8"><span class='ocrx_word' id='word_1_804' title='bbox 950 2269 974 2302; x_wconf 91' lang='lat' dir='ltr'><strong>D</strong></span> <span class='ocrx_word' id='word_1_805' title='bbox 1023 2269 1216 2297; x_wconf 77' lang='lat' dir='ltr'><strong>Athenienses</strong></span> <span class='ocrx_word' id='word_1_806' title='bbox 1247 2269 1338 2305; x_wconf 83' lang='lat' dir='ltr'><strong>igitur</strong></span> <span class='ocrx_word' id='word_1_807' title='bbox 1373 2267 1443 2295; x_wconf 90' lang='lat' dir='ltr'><strong>olim</strong></span> <span class='ocrx_word' id='word_1_808' title='bbox 1479 2266 1535 2294; x_wconf 90' lang='lat' dir='ltr'><strong>sub</strong></span> <span class='ocrx_word' id='word_1_809' title='bbox 1568 2264 1655 2293; x_wconf 81' lang='lat' dir='ltr'><strong>Dario</strong></span> <span class='ocrx_word' id='word_1_810' title='bbox 1689 2262 1718 2290; x_wconf 86' lang='lat' dir='ltr'><strong>in</strong></span> <span class='ocrx_word' id='word_1_811' title='bbox 1746 2271 1818 2290; x_wconf 83' lang='lat' dir='ltr'><strong>con-</strong></span> 
     </span>
    </p>
   </div>
   <div class='ocr_carea' id='block_1_107' title="bbox 991 2308 1816 2344">
    <p class='ocr_par' dir='ltr' id='par_1_107' title="bbox 991 2308 1816 2344">
     <span class='ocr_line' id='line_1_107' title="bbox 991 2308 1816 2344; baseline -0.01 -3"><span class='ocrx_word' id='word_1_812' title='bbox 991 2314 1102 2341; x_wconf 87' lang='lat' dir='ltr'><strong>tinente</strong></span> <span class='ocrx_word' id='word_1_813' title='bbox 1118 2312 1272 2344; x_wconf 85' lang='lat' dir='ltr'><strong>bellantes,</strong></span> <span class='ocrx_word' id='word_1_814' title='bbox 1289 2314 1317 2340; x_wconf 86' lang='lat' dir='ltr'><strong>et</strong></span> <span class='ocrx_word' id='word_1_815' title='bbox 1333 2310 1469 2340; x_wconf 85' lang='lat' dir='ltr'><strong>resistere</strong></span> <span class='ocrx_word' id='word_1_816' title='bbox 1483 2312 1527 2338; x_wconf 85' lang='lat' dir='ltr'><strong>tot</strong></span> <span class='ocrx_word' id='word_1_817' title='bbox 1551 2308 1684 2336; x_wconf 88' lang='lat' dir='ltr'><strong>millibus</strong></span> <span class='ocrx_word' id='word_1_818' title='bbox 1707 2309 1736 2335; x_wconf 90' lang='lat' dir='ltr'><strong>et</strong></span> <span class='ocrx_word' id='word_1_819' title='bbox 1754 2314 1816 2341; x_wconf 84' lang='lat' dir='ltr'><strong>my-</strong></span> 
     </span>
    </p>
   </div>
   <div class='ocr_carea' id='block_1_108' title="bbox 993 2352 1818 2393">
    <p class='ocr_par' dir='ltr' id='par_1_108' title="bbox 993 2352 1818 2393">
     <span class='ocr_line' id='line_1_108' title="bbox 993 2352 1818 2393; baseline -0.01 -7"><span class='ocrx_word' id='word_1_820' title='bbox 993 2358 1126 2386; x_wconf 88' lang='lat' dir='ltr'><strong>riadibus</strong></span> <span class='ocrx_word' id='word_1_821' title='bbox 1156 2357 1306 2393; x_wconf 83' lang='lat' dir='ltr'><strong>copiarum</strong></span> <span class='ocrx_word' id='word_1_822' title='bbox 1333 2357 1398 2392; x_wconf 88' lang='lat' dir='ltr'><strong>ejus</strong></span> <span class='ocrx_word' id='word_1_823' title='bbox 1424 2363 1483 2383; x_wconf 87' lang='lat' dir='ltr'><strong>non</strong></span> <span class='ocrx_word' id='word_1_824' title='bbox 1507 2353 1648 2388; x_wconf 81' lang='lat' dir='ltr'><strong>valentes,</strong></span> <span class='ocrx_word' id='word_1_825' title='bbox 1674 2352 1710 2380; x_wconf 86' lang='lat' dir='ltr'><strong>ad</strong></span> <span class='ocrx_word' id='word_1_826' title='bbox 1737 2359 1818 2379; x_wconf 82' lang='lat' dir='ltr'><strong>mare</strong></span> 
     </span>
    </p>
   </div>
   <div class='ocr_carea' id='block_1_109' title="bbox 991 2395 1817 2430">
    <p class='ocr_par' dir='ltr' id='par_1_109' title="bbox 991 2395 1817 2430">
     <span class='ocr_line' id='line_1_109' title="bbox 991 2395 1817 2430; baseline -0.011 1"><span class='ocrx_word' id='word_1_827' title='bbox 991 2402 1211 2430; x_wconf 86' lang='lat' dir='ltr'><strong>declinaverunt</strong></span> <span class='ocrx_word' id='word_1_828' title='bbox 1225 2404 1254 2430; x_wconf 88' lang='lat' dir='ltr'><strong>et</strong></span> <span class='ocrx_word' id='word_1_829' title='bbox 1269 2401 1395 2429; x_wconf 88' lang='lat' dir='ltr'><strong>navibus</strong></span> <span class='ocrx_word' id='word_1_830' title='bbox 1408 2402 1524 2427; x_wconf 88' lang='lat' dir='ltr'><strong>utentes</strong></span> <span class='ocrx_word' id='word_1_831' title='bbox 1541 2398 1667 2426; x_wconf 83' lang='lat' dir='ltr'><strong>salutem</strong></span> <span class='ocrx_word' id='word_1_832' title='bbox 1682 2396 1712 2424; x_wconf 91' lang='lat' dir='ltr'><strong>in</strong></span> <span class='ocrx_word' id='word_1_833' title='bbox 1730 2395 1817 2423; x_wconf 90' lang='lat' dir='ltr'><strong>undis</strong></span> 
     </span>
    </p>
   </div>
   <div class='ocr_carea' id='block_1_110' title="bbox 991 2439 1819 2482">
    <p class='ocr_par' dir='ltr' id='par_1_110' title="bbox 991 2439 1819 2482">
     <span class='ocr_line' id='line_1_110' title="bbox 991 2439 1819 2482; baseline -0.011 -7"><span class='ocrx_word' id='word_1_834' title='bbox 991 2447 1165 2475; x_wconf 83' lang='lat' dir='ltr'><strong>invenerunt</strong></span> <span class='ocrx_word' id='word_1_835' title='bbox 1183 2455 1190 2474; x_wconf 82' lang='lat'><strong>:</strong></span> <span class='ocrx_word' id='word_1_836' title='bbox 1208 2454 1260 2482; x_wconf 86' lang='lat' dir='ltr'><strong>ego</strong></span> <span class='ocrx_word' id='word_1_837' title='bbox 1275 2454 1340 2474; x_wconf 88' lang='lat' dir='ltr'><strong>vero</strong></span> <span class='ocrx_word' id='word_1_838' title='bbox 1356 2453 1414 2481; x_wconf 85' lang='lat' dir='ltr'><strong>quo</strong></span> <span class='ocrx_word' id='word_1_839' title='bbox 1430 2443 1559 2481; x_wconf 77' lang='lat' dir='ltr'><strong>fugiam?</strong></span> <span class='ocrx_word' id='word_1_840' title='bbox 1568 2450 1625 2478; x_wconf 88' lang='lat' dir='ltr'><strong>quo</strong></span> <span class='ocrx_word' id='word_1_841' title='bbox 1642 2449 1688 2469; x_wconf 89' lang='lat' dir='ltr'><strong>me</strong></span> <span class='ocrx_word' id='word_1_842' title='bbox 1703 2439 1819 2468; x_wconf 81' lang='lat' dir='ltr'><strong>vertar?</strong></span> 
     </span>
    </p>
   </div>
   <div class='ocr_carea' id='block_1_111' title="bbox 992 2485 1816 2528">
    <p class='ocr_par' dir='ltr' id='par_1_111' title="bbox 992 2485 1816 2528">
     <span class='ocr_line' id='line_1_111' title="bbox 992 2485 1816 2528; baseline -0.011 -8"><span class='ocrx_word' id='word_1_843' title='bbox 992 2492 1101 2528; x_wconf 87' lang='lat' dir='ltr'><strong>ubique</strong></span> <span class='ocrx_word' id='word_1_844' title='bbox 1112 2490 1221 2527; x_wconf 83' lang='lat' dir='ltr'><strong>laquei,</strong></span> <span class='ocrx_word' id='word_1_845' title='bbox 1232 2490 1342 2526; x_wconf 90' lang='lat' dir='ltr'><strong>ubique</strong></span> <span class='ocrx_word' id='word_1_846' title='bbox 1353 2489 1477 2517; x_wconf 76' lang='lat' dir='ltr'><strong>insidiae.</strong></span> <span class='ocrx_word' id='word_1_847' title='bbox 1493 2488 1534 2516; x_wconf 89' lang='lat' dir='ltr'><strong>Ad</strong></span> <span class='ocrx_word' id='word_1_848' title='bbox 1546 2489 1655 2515; x_wconf 88' lang='lat' dir='ltr'><strong>terram</strong></span> <span class='ocrx_word' id='word_1_849' title='bbox 1668 2485 1816 2521; x_wconf 83' lang='lat' dir='ltr'><strong>confugio;</strong></span> 
     </span>
    </p>
   </div>
   <div class='ocr_carea' id='block_1_112' title="bbox 991 2529 1817 2570">
    <p class='ocr_par' dir='ltr' id='par_1_112' title="bbox 991 2529 1817 2570">
     <span class='ocr_line' id='line_1_112' title="bbox 991 2529 1817 2570; baseline -0.011 -5"><span class='ocrx_word' id='word_1_850' title='bbox 991 2537 1042 2565; x_wconf 88' lang='lat' dir='ltr'><strong>sed</strong></span> <span class='ocrx_word' id='word_1_851' title='bbox 1058 2536 1158 2564; x_wconf 84' lang='lat' dir='ltr'><strong>statim</strong></span> <span class='ocrx_word' id='word_1_852' title='bbox 1175 2543 1221 2563; x_wconf 89' lang='lat' dir='ltr'><strong>me</strong></span> <span class='ocrx_word' id='word_1_853' title='bbox 1236 2537 1361 2563; x_wconf 86' lang='lat' dir='ltr'><strong>venatur</strong></span> <span class='ocrx_word' id='word_1_854' title='bbox 1376 2534 1527 2570; x_wconf 78' lang='lat' dir='ltr'><strong>butyrum.</strong></span> <span class='ocrx_word' id='word_1_855' title='bbox 1543 2532 1620 2559; x_wconf 88' lang='lat' dir='ltr'><strong>viam</strong></span> <span class='ocrx_word' id='word_1_856' title='bbox 1645 2529 1719 2558; x_wconf 88' lang='lat' dir='ltr'><strong>mihi</strong></span> <span class='ocrx_word' id='word_1_857' title='bbox 1743 2538 1817 2566; x_wconf 69' lang='lat' dir='ltr'><strong>praz~</strong></span> 
     </span>
    </p>
   </div>
   <div class='ocr_carea' id='block_1_113' title="bbox 991 2576 1816 2616">
    <p class='ocr_par' dir='ltr' id='par_1_113' title="bbox 991 2576 1816 2616">
     <span class='ocr_line' id='line_1_113' title="bbox 991 2576 1816 2616; baseline -0.011 -7"><span class='ocrx_word' id='word_1_858' title='bbox 991 2581 1117 2609; x_wconf 91' lang='lat' dir='ltr'><strong>cludunt</strong></span> <span class='ocrx_word' id='word_1_859' title='bbox 1131 2584 1187 2608; x_wconf 71' lang='lat' dir='ltr'><strong>tum</strong></span> <span class='ocrx_word' id='word_1_860' title='bbox 1202 2588 1306 2616; x_wconf 84' lang='lat' dir='ltr'><strong>greges</strong></span> <span class='ocrx_word' id='word_1_861' title='bbox 1321 2582 1350 2606; x_wconf 85' lang='lat' dir='ltr'><strong>et</strong></span> <span class='ocrx_word' id='word_1_862' title='bbox 1363 2578 1501 2615; x_wconf 85' lang='lat' dir='ltr'><strong>pecudes.</strong></span> <span class='ocrx_word' id='word_1_863' title='bbox 1516 2576 1558 2604; x_wconf 86' lang='lat' dir='ltr'><strong>Ad</strong></span> <span class='ocrx_word' id='word_1_864' title='bbox 1573 2583 1653 2604; x_wconf 91' lang='lat' dir='ltr'><strong>mare</strong></span> <span class='ocrx_word' id='word_1_865' title='bbox 1677 2581 1816 2608; x_wconf 88' lang='lat' dir='ltr'><strong>recurro;</strong></span> 
     </span>
    </p>
   </div>
   <div class='ocr_carea' id='block_1_114' title="bbox 991 2619 1819 2662">
    <p class='ocr_par' dir='ltr' id='par_1_114' title="bbox 991 2619 1819 2662">
     <span class='ocr_line' id='line_1_114' title="bbox 991 2619 1819 2662; baseline -0.011 -8"><span class='ocrx_word' id='word_1_866' title='bbox 991 2626 1054 2659; x_wconf 86' lang='lat' dir='ltr'><strong>sed,</strong></span> <span class='ocrx_word' id='word_1_867' title='bbox 1071 2634 1087 2653; x_wconf 91' lang='grc' dir='ltr'><strong>ο</strong></span> <span class='ocrx_word' id='word_1_868' title='bbox 1101 2625 1226 2662; x_wconf 89' lang='lat' dir='ltr'><strong>piscium</strong></span> <span class='ocrx_word' id='word_1_869' title='bbox 1242 2622 1404 2659; x_wconf 79' lang='lat' dir='ltr'><strong>impetum!</strong></span> <span class='ocrx_word' id='word_1_870' title='bbox 1422 2623 1483 2658; x_wconf 84' lang='lat' dir='ltr'><strong>ipse</strong></span> <span class='ocrx_word' id='word_1_871' title='bbox 1499 2621 1571 2650; x_wconf 86' lang='lat' dir='ltr'><strong>mihi</strong></span> <span class='ocrx_word' id='word_1_872' title='bbox 1594 2619 1819 2656; x_wconf 88' lang='lat' dir='ltr'><strong>potentissimus</strong></span> 
     </span>
    </p>
   </div>
   <div class='ocr_carea' id='block_1_115' title="bbox 992 2661 1820 2697">
    <p class='ocr_par' dir='ltr' id='par_1_115' title="bbox 992 2661 1820 2697">
     <span class='ocr_line' id='line_1_115' title="bbox 992 2661 1820 2697; baseline -0.012 0"><span class='ocrx_word' id='word_1_873' title='bbox 992 2678 1040 2697; x_wconf 86' lang='lat' dir='ltr'><strong>rex</strong></span> <span class='ocrx_word' id='word_1_874' title='bbox 1059 2668 1177 2697; x_wconf 90' lang='lat' dir='ltr'><strong>illorum</strong></span> <span class='ocrx_word' id='word_1_875' title='bbox 1202 2666 1330 2696; x_wconf 86' lang='lat' dir='ltr'><strong>occurrit</strong></span> <span class='ocrx_word' id='word_1_876' title='bbox 1353 2669 1382 2694; x_wconf 87' lang='lat' dir='ltr'><strong>et</strong></span> <span class='ocrx_word' id='word_1_877' title='bbox 1407 2666 1523 2693; x_wconf 87' lang='lat' dir='ltr'><strong>duobus</strong></span> <span class='ocrx_word' id='word_1_878' title='bbox 1548 2664 1668 2692; x_wconf 87' lang='lat' dir='ltr'><strong>orbibus</strong></span> <span class='ocrx_word' id='word_1_879' title='bbox 1691 2670 1738 2689; x_wconf 88' lang='lat' dir='ltr'><strong>me</strong></span> <span class='ocrx_word' id='word_1_880' title='bbox 1763 2661 1820 2688; x_wconf 83' lang='lat' dir='ltr'><strong>cir-</strong></span> 
     </span>
    </p>
   </div>
   <div class='ocr_carea' id='block_1_116' title="bbox 992 2705 1820 2749">
    <p class='ocr_par' dir='ltr' id='par_1_116' title="bbox 992 2705 1820 2749">
     <span class='ocr_line' id='line_1_116' title="bbox 992 2705 1820 2749; baseline -0.012 -8"><span class='ocrx_word' id='word_1_881' title='bbox 992 2714 1112 2742; x_wconf 86' lang='lat' dir='ltr'><strong>cumdat</strong></span> <span class='ocrx_word' id='word_1_882' title='bbox 1127 2716 1268 2749; x_wconf 83' lang='lat' dir='ltr'><strong>tanquam</strong></span> <span class='ocrx_word' id='word_1_883' title='bbox 1285 2711 1331 2739; x_wconf 87' lang='lat' dir='ltr'><strong>sui</strong></span> <span class='ocrx_word' id='word_1_884' title='bbox 1346 2711 1490 2739; x_wconf 82' lang='lat' dir='ltr'><strong>exercitus</strong></span> <span class='ocrx_word' id='word_1_885' title='bbox 1501 2707 1718 2737; x_wconf 89' lang='lat' dir='ltr'><strong>cornibus.Scis</strong></span> <span class='ocrx_word' id='word_1_886' title='bbox 1730 2705 1820 2741; x_wconf 85' lang='lat' dir='ltr'><strong>igitur</strong></span> 
     </span>
    </p>
   </div>
   <div class='ocr_carea' id='block_1_117' title="bbox 991 2749 1820 2794">
    <p class='ocr_par' dir='ltr' id='par_1_117' title="bbox 991 2749 1820 2794">
     <span class='ocr_line' id='line_1_117' title="bbox 991 2749 1820 2794; baseline -0.014 -7"><span class='ocrx_word' id='word_1_887' title='bbox 991 2759 1061 2794; x_wconf 90' lang='lat' dir='ltr'><strong>quid</strong></span> <span class='ocrx_word' id='word_1_888' title='bbox 1085 2758 1212 2786; x_wconf 81' lang='lat' dir='ltr'><strong>faciam?</strong></span> <span class='ocrx_word' id='word_1_889' title='bbox 1232 2757 1275 2784; x_wconf 89' lang='lat' dir='ltr'><strong>Ad</strong></span> <span class='ocrx_word' id='word_1_890' title='bbox 1301 2764 1369 2784; x_wconf 83' lang='lat' dir='ltr'><strong>aera</strong></span> <span class='ocrx_word' id='word_1_891' title='bbox 1391 2755 1493 2783; x_wconf 84' lang='lat' dir='ltr'><strong>volabo</strong></span> <span class='ocrx_word' id='word_1_892' title='bbox 1518 2756 1548 2781; x_wconf 88' lang='lat' dir='ltr'><strong>et</strong></span> <span class='ocrx_word' id='word_1_893' title='bbox 1573 2752 1682 2782; x_wconf 70' lang='lat' dir='ltr'><strong>aethera</strong></span> <span class='ocrx_word' id='word_1_894' title='bbox 1705 2749 1820 2777; x_wconf 85' lang='lat' dir='ltr'><strong>habebo</strong></span> 
     </span>
    </p>
   </div>
   <div class='ocr_carea' id='block_1_118' title="bbox 992 2798 1818 2836">
    <p class='ocr_par' dir='ltr' id='par_1_118' title="bbox 992 2798 1818 2836">
     <span class='ocr_line' id='line_1_118' title="bbox 992 2798 1818 2836; baseline -0.013 -5"><span class='ocrx_word' id='word_1_895' title='bbox 992 2803 1205 2836; x_wconf 79' lang='lat' dir='ltr'><strong>auxiliatorem;</strong></span> <span class='ocrx_word' id='word_1_896' title='bbox 1222 2809 1279 2829; x_wconf 88' lang='lat' dir='ltr'><strong>non</strong></span> <span class='ocrx_word' id='word_1_897' title='bbox 1296 2800 1375 2828; x_wconf 86' lang='lat' dir='ltr'><strong>enim</strong></span> <span class='ocrx_word' id='word_1_898' title='bbox 1391 2807 1546 2836; x_wconf 83' lang='lat' dir='ltr'><strong>passerum</strong></span> <span class='ocrx_word' id='word_1_899' title='bbox 1562 2798 1664 2825; x_wconf 82' lang='lat' dir='ltr'><strong>contra</strong></span> <span class='ocrx_word' id='word_1_900' title='bbox 1679 2801 1724 2822; x_wconf 85' lang='lat' dir='ltr'><strong>me</strong></span> <span class='ocrx_word' id='word_1_901' title='bbox 1739 2801 1818 2822; x_wconf 82' lang='lat' dir='ltr'><strong>nunc</strong></span> 
     </span>
    </p>
   </div>
  </div>
