1950 3050
157 104 234 133 11⁵19

825 105 1034 138 MICHAELIS
1057 105 1192 136 PSELLI

1791 104 1865 135 “80

158 171 250 200 aciem
276 172 437 207 ordinabis,
464 182 532 202 nam
558 174 631 204 istos
653 175 765 204 detinet
790 175 965 212 quadragint

1066 171 1184 208 ;ύματος.
1202 170 1283 198 Οἶσθα
1299 170 1344 198 οὖν
1360 171 1374 198 ὃ
1390 171 1515 207 ποιήσως
1531 171 1671 208 πτήσομαι
1700 170 1775 209 πρὸς
1805 170 1864 207 ἀέρα

157 216 272 245 dierum
290 217 486 246 intervallum.

193 351 258 378 Hac
273 359 361 379 servae
377 354 432 380 tuae
449 353 567 389 mentis,
583 354 607 382 si
623 363 682 382 non
698 363 812 382 manus.

480 413 528 438 XI.
547 411 655 439 Eidem.

191 457 250 493 Ego
267 458 383 494 quidem
399 459 567 494 timueram,
583 461 709 489 maxime
723 461 829 495 Caesar,
846 469 980 489 mearum

157 501 349 537 epistolarum
364 504 474 532 formas
489 505 653 540 ostendere,
669 505 878 534 erubesceham
903 506 981 534 enim

156 545 192 573 de
207 545 264 580 his,
288 549 428 583 tanquam
454 557 512 576 non
537 549 714 578 habentibus
737 550 902 578 naturalem
928 558 980 577 nec

157 590 340 619 adscititiam
355 592 616 628 pulchritudinem.
632 594 704 622 Cum
738 596 836 623 autem
859 595 889 622 in
915 594 981 622 illas

156 637 257 663 contra
273 644 355 672 spem
371 638 529 673 adamasti,
545 641 574 666 et
598 639 669 666 mihi
689 640 808 667 suasisti
835 642 867 667 ut
891 648 980 667 novas

155 679 272 708 ederem
289 681 446 716 fetus,ecce
461 682 515 710 tibi
532 683 628 718 palam
645 684 785 720 pudorem
796 692 913 712 omnem
929 684 980 712 de-

157 731 244 759 pono,
261 727 290 752 et
305 725 556 761 pulchritudinem
572 730 697 763 ostento,
713 730 742 756 et
755 728 835 756 velut
850 729 980 757 medicus

104 806 107 807 ν
157 776 242 803 pavo.
257 769 306 797 ille
319 769 438 806 elegans
453 774 482 798 et
497 771 651 799 familiaris
667 772 862 805 volucris,tibi
878 781 980 800 earum

155 812 280 840 formam
296 815 428 849 expando
444 816 646 851 spectandam,
663 818 701 850 et,
719 819 751 844 ut
765 817 896 850 vides,ad
912 819 979 845 tuas

1036 216 1080 244 καὶ
1095 216 1141 244 τὸν
1157 216 1251 253 καιρὸν
1267 214 1317 251 ἔξω
1333 215 1492 253 σύμμαχον·
1518 215 1549 243 οὗ
1572 215 1622 254 γὰρ
1644 216 1688 243 καὶ
1715 216 1862 253 στρουθοὺς

1036 262 1096 293 καθ’
1111 262 1190 298 ἡμῶν
1208 260 1409 298 ἑκστρατεύσεις
1423 263 1479 288 νῦν·
1496 259 1589 299 ἐπέχει
1609 261 1659 299 γὰρ
1684 263 1702 296 ἡ
1730 271 1862 299 τεσσαρα-

1036 307 1119 342 κονθή
1126 316 1209 343 μιρος
1223 305 1337 336 τούτους
1357 303 1494 343 περίοδος.

1072 351 1128 385 Τῆς
1143 348 1275 384 δουλικῆς
1288 351 1372 377 ταῦτα
1387 350 1492 386 ψυχῆς,
1508 349 1531 376 εί
1545 349 1590 376 καὶ
1607 349 1644 386 μή
1661 348 1769 387 χειρός.

1374 410 1418 443 Τῷ
1437 407 1521 443 αὐτῷ.

1074 457 1145 495 Ἐγὼ
1163 457 1210 493 μὲν
1227 455 1350 491 ἰδεδίειν,
1368 457 1478 494 μέγιστε
1504 459 1616 493 Καῖσαρ,
1639 457 1688 487 τὰς
1709 459 1765 484 τῶν
1783 457 1864 493 ἡμῶν

1037 500 1190 529 ἐπιστολῶν
1216 500 1420 539 παραδεικνύων
1451 503 1576 540 μορφάς·
1617 501 1784 538 ὴσχυνόμην
1813 501 1864 538 γὰρ

1039 546 1105 584 ὑπὲρ
1131 545 1246 580 τούτων,
1276 546 1314 577 ὡς
1343 546 1381 582 μὴ
1406 544 1529 582 ἐχουσῶν
1546 547 1616 581 μήτε
1630 546 1742 584 φυσικὸν
1757 545 1863 576 καλλος

1039 591 1108 627 μήτε
1146 590 1302 625 ἐπίκτητον.
1339 589 1414 618 Ἐπεὶ
1444 589 1473 617 δὲ
1499 589 1530 617 σὺ
1559 590 1663 617 τούτων
1690 589 1863 621 ἀνελπίστως

1036 635 1169 672 ἠράσθης,
1199 634 1244 662 καί
1275 645 1307 671 με
1323 635 1452 665 πέπεικας
1476 634 1548 662 καλᾶ
1563 634 1661 662 τίκτειν
1691 635 1861 672 γεννήματα,

1037 678 1096 706 ἰδού
1121 689 1162 706 σοι
1177 678 1327 717 προδήλως
1356 678 1628 716 ἀπηναισχύντημαι,
1655 679 1700 706 καὶ
1722 679 1775 713 τὴν
1792 678 1862 716 ὤραν

1036 723 1236 762 παραδεικνύω,
1252 724 1295 751 καὶ
1312 723 1401 760 ὥσπερ
1418 724 1432 751 ὁ
1460 721 1577 760 μηδικὸς
1600 724 1683 758 ταὼς,
1714 725 1798 750 τοῦτο
1828 722 1860 758 δὴ

1034 769 1066 796 τὸ
1081 766 1232 807 φιλόκαλον
1259 770 1326 802 ζῶον
1351 768 1396 795 καὶ
1425 767 1548 802 σύνηθες,
1577 768 1709 806 θεατρίζω
1727 779 1771 795 σοι
1797 768 1862 795 τοῦ-

1035 823 1089 840 των
1105 813 1153 847 τὴν
1179 812 1345 849 ὡραιότητα,
1361 812 1418 846 καὶ,
1434 812 1471 844 ὡς
1486 813 1561 850 ὁρᾷς,
1585 813 1629 840 ἐπὶ
1644 815 1702 844 ταῖς
1726 816 1790 843 σαῖς
1818 813 1862 844 θύ-

155 856 232 884 fores
247 857 331 885 adsto
348 867 404 886 non
420 861 541 888 vocatus
553 868 647 896 neque
659 861 822 889 mercedem
832 869 903 889 meae
917 861 965 898 pul

1070 867 1092 888 ις
1117 859 1283 895 προϋπαντῶ
1310 857 1379 894 μήτε
1401 856 1583 894 καλούμενος,
1601 858 1670 894 μήτε
1686 857 1787 894 μισθὸν
1813 861 1862 891 τῆς

154 900 332 929 ehritudinis
349 903 506 939 excipiens.

191 945 337 982 Salomon,
354 947 444 982 igitur
460 948 514 976 hos
529 958 603 985 quos
629 958 686 978 non
712 951 845 979 invitavit
869 951 980 979 amicos

154 997 207 1025 per
222 990 512 1027 circumspectionem
530 994 651 1022 simulat
665 995 694 1022 in
711 995 898 1024 familiarium
914 1005 981 1024 con-

156 1035 328 1063 suetudines
343 1038 372 1064 et
387 1036 533 1072 colloquia
546 1038 740 1074 introducere,
758 1047 794 1068 ne
815 1041 979 1068 satietatem

156 1085 258 1106 eorum
274 1081 504 1109 conversationis
519 1083 628 1118 experti
650 1084 765 1111 oderint
790 1092 796 1112 :
820 1093 888 1121 ergo
912 1093 979 1113 vero

155 1123 335 1152 contrarium
352 1125 446 1154 facere
462 1127 538 1160 novi,
554 1127 690 1156 dilectam
706 1128 868 1165 tibiﬂmagis
884 1137 979 1157 meam

153 1168 404 1203 pulchritudinem
417 1172 577 1199 ostendens
601 1180 653 1208 per
677 1174 925 1209 perseverantiam
951 1176 981 1202 et

154 1212 249 1246 magis
265 1214 407 1249 cupitam.

187 1256 260 1284 Nam
275 1257 324 1285 ille
339 1258 471 1292 Proteus,
487 1260 531 1288 vir
544 1260 587 1288 vel
603 1261 820 1298 demon,quem
835 1264 979 1291 Homerus

153 1300 260 1328 format
275 1304 304 1329 et
324 1304 527 1339 transformat,
552 1305 706 1342 multiplex
731 1309 792 1334 erat
815 1309 843 1335 et
869 1307 978 1336 formas

151 1345 379 1380 permutabat,et
394 1356 472 1375 nunc
488 1348 531 1376 leo
548 1349 640 1377 oculis
655 1350 874 1383 ostendebatur,
899 1359 978 1378 nunc

151 1397 282 1425 serpens,
313 1399 390 1419 nunc
410 1401 472 1426 sus,
490 1393 578 1429 ignis,
595 1394 692 1429 arbor,
708 1395 783 1430 lapis
798 1398 826 1423 et
842 1395 950 1423 ferrum
968 1404 975 1424 :

151 1440 205 1469 ego
215 1442 281 1461 vero
298 1435 350 1463 tibi
368 1436 397 1463 in
416 1437 542 1465 terarum
558 1440 679 1466 naturas
695 1447 752 1467 non
781 1440 975 1468 transforma-

151 1477 312 1515 bor,neque
327 1482 446 1516 stupore
462 1481 617 1517 percellam
635 1483 878 1518 phantasmatum
895 1484 975 1513 inso-

150 1522 202 1550 lita
219 1524 374 1559 varietate;
391 1525 439 1553 sed
456 1526 623 1555 citharistas
639 1527 787 1556 imitabor.

186 1611 259 1645 Quid
272 1615 369 1641 autem
383 1614 432 1642 isti
448 1615 573 1643 faciunt?
582 1617 700 1652 quando
711 1617 843 1645 sentiunt
854 1618 974 1647 audien-

149 1657 192 1683 tes
209 1657 335 1685 melodia
350 1658 484 1693 satiatos,
501 1660 626 1689 chordas
651 1662 823 1696 immutant,
851 1662 974 1691 calamis

156 1699 222 1728 illas
231 1701 584 1738 ﬂoclentes,variantes,et
595 1705 722 1734 diversas
735 1706 905 1735 harmoniae
919 1707 975 1735 eli-

149 1743 269 1780 cientes,
286 1748 318 1774 ut
333 1755 385 1782 per
408 1747 496 1776 talem
521 1749 712 1778 variationem
736 1753 764 1778 et
787 1751 974 1780 inﬂexionem

149 1789 269 1818 musica:
284 1791 448 1828 {voluptatis
473 1793 574 1822 avidos
596 1794 746 1823 auditores
770 1795 906 1824 habeant.
932 1796 974 1825 Ita

148 1833 240 1869 igitur
253 1837 282 1862 et
300 1843 353 1871 ego
379 1836 430 1864 tibi
458 1845 536 1866 meos
561 1847 711 1867 sermones
737 1839 864 1868 variabo.
889 1841 973 1868 Nunc

146 1877 266 1913 quidem
283 1879 390 1908 hilares
406 1880 473 1909 illos
489 1882 541 1910 tibi
559 1884 789 1919 praebebo,nunc
805 1893 872 1913 vero
888 1885 972 1914 vehe-

147 1924 278 1957 mentes;
296 1932 373 1952 nuno
386 1926 526 1954 remissos
541 1930 570 1955 et
585 1927 700 1962 molles,
717 1937 795 1956 nunc
814 1937 973 1965 generosos

146 1968 174 1994 et
190 1966 289 2001 fortes,
307 1968 350 1996 vel
367 1968 452 1998 aliam
470 1971 597 2007 denique
612 1973 739 2009 speciem
756 1973 908 2002 habentes.

182 2103 324 2130 Homerus
348 2103 457 2140 quippe
469 2104 610 2141 hoplitem
627 2105 764 2140 laudans,
788 2107 817 2135 id
834 2107 971 2136 laudibus

146 2145 338 2180 adjicit,scire
351 2155 419 2175 cum
435 2148 593 2177 immutare
609 2150 744 2186 clypeum
760 2159 838 2180 nunc
854 2152 888 2180 ad
905 2152 972 2180 dex-

143 2191 313 2225 tram,nunc
329 2191 365 2219 ad
382 2191 604 2230 sinislram.Ego
615 2195 718 2228 autem
735 2204 831 2224 meum
842 2199 970 2224 armatu-

144 2242 374 2269 ram,sermones
390 2237 501 2266 scilicet
516 2246 607 2273 meos,
618 2248 675 2267 non
692 2240 721 2267 in
738 2240 828 2268 latera
843 2243 970 2277 tantum,

143 2279 193 2306 sed
210 2279 239 2307 in
257 2279 358 2309 faciem
374 2284 402 2309 et
417 2281 447 2310 in
468 2284 550 2319 tergo
576 2284 750 2312 immutabo.
777 2284 839 2313 Non
864 2285 970 2314 unicus

142 2326 187 2351 est
202 2324 357 2353 verborum
374 2326 564 2364 color,neque
578 2328 672 2365 figura
683 2329 780 2363 unica;
788 2330 838 2358 sed
856 2332 970 2358 utrum-

143 2375 199 2403 que
214 2368 367 2405 multiplex
383 2373 411 2398 et
425 2371 557 2407 varium;
573 2374 602 2400 et
625 2372 675 2409 qui
699 2381 800 2401 eorum
825 2378 970 2410 tempera-

143 2415 242 2439 menta
257 2415 285 2440 et
297 2414 456 2449 juncturas
472 2416 568 2444 noscit
581 2416 777 2445 multiformia
787 2418 970 2446 amatoribus

142 2455 291 2485 exhibebit
305 2460 551 2494 spectacula.Vidi
569 2470 619 2496 ego
636 2461 705 2489 olim
723 2462 851 2497 puellam
867 2463 896 2490 in
908 2463 972 2490 tha-

141 2499 219 2528 lamo
251 2501 345 2530 forma
371 2505 489 2539 propria
514 2505 662 2542 decoram,
688 2509 717 2534 et
741 2507 880 2542 adjuncta
905 2507 971 2543 pul-

143 2543 309 2574 chritudine
337 2551 489 2583 ornatam;
516 2550 612 2585 prima
645 2550 724 2579 enim
759 2551 806 2579 die
839 2559 972 2588 purpura

142 2587 220 2615 hanc
235 2590 360 2618 ornabat
392 2595 420 2620 et
453 2601 542 2622 aurea
573 2595 655 2628 vitta,
691 2598 719 2623 et
755 2595 856 2623 tunica
893 2596 970 2624 vario

146 2631 251 2660 ﬂorum
285 2635 381 2664 colore
410 2637 508 2665 nitens
534 2641 562 2666 et
584 2639 676 2667 fascia
703 2640 860 2676 pectoralis
893 2640 971 2668 elec-

143 2676 238 2712 trina;
256 2678 305 2706 sed
325 2679 366 2706 illi
381 2681 516 2710 assidens
538 2683 618 2710 brevi
643 2687 886 2712 ornamentorum
914 2684 972 2712 ful-

144 2721 277 2756 gentium
315 2723 378 2751 visu
417 2724 540 2753 satiatus
578 2735 654 2755 sum.
695 2728 830 2756 Secunda
872 2731 971 2757 autem

144 2765 191 2793 die
205 2769 342 2796 ornatum
363 2767 538 2803 immutans,
564 2773 592 2799 et
616 2774 720 2800 aurata
743 2772 842 2801 tunica
867 2773 973 2802 induta

1034 901 1105 940 ὥρας
1122 899 1225 930 λαϐών.

1069 947 1100 975 Ὁ
1130 947 1177 982 μὲν
1202 947 1247 973 οὖν
1283 946 1417 983 Σολομῶν
1431 949 1489 978 τοῖς
1503 946 1685 982 αὖτοκλήτοις
1698 949 1756 974 τῶν
1775 946 1863 986 φίλων

1035 989 1070 1018 δι’
1084 988 1225 1021 εὐλαϐείας
1253 994 1372 1018 ποιεῖται
1387 991 1435 1022 τὰς
1451 991 1488 1023 εἰς
1515 991 1578 1023 τοὺς
1594 992 1719 1027 συνήθεις
1738 990 1862 1022 εἰσόδους

1034 1035 1078 1063 καί
1107 1036 1278 1071 ἀπαντήσεις,
1306 1035 1353 1063 ’ἶνα
1383 1037 1433 1073 μὴ,
1462 1036 1543 1073 κόρον
1563 1036 1650 1064 αὐτῶν
1669 1040 1721 1071 τῆς
1748 1036 1863 1073 ὁμιλίας

1034 1077 1181 1114 λαϐόντες,
1214 1081 1384 1116 μισήσωσιν·
1415 1080 1468 1119 ἐγὼ
1499 1080 1527 1108 δὲ
1555 1080 1708 1108 τούναντίον
1734 1082 1862 1116 ποιήσειν

1034 1123 1175 1163 διέγνωκα,
1191 1125 1391 1163 ἧρασμιώτερόν
1406 1136 1447 1153 σοι
1463 1126 1493 1153 τὸ
1513 1125 1578 1162 ἐμὸν
1604 1125 1710 1157 κάλλος
1742 1124 1864 1153 ἐπιδεικ-

1033 1169 1104 1196 νόειν
1119 1169 1164 1197 διὰ
1177 1173 1227 1205 τῆς
1242 1170 1382 1207 συνεχείας
1393 1170 1438 1197 καὶ
1453 1171 1642 1208 ποθεινότερον

1069 1258 1099 1285 Ὁ
1129 1258 1175 1294 μὲν
1205 1258 1255 1295 γὰρ
1279 1257 1403 1296 Πρωτεὺς
1433 1258 1543 1293 ἐκεῖνος,
1571 1259 1639 1296 ἀνὴρ
1659 1259 1677 1294 ἢ
1694 1257 1819 1294 δαίμων,
1835 1259 1861 1285 ’ὸν

1032 1302 1159 1340 ’Όμηρος
1184 1302 1297 1330 πλάττει
1325 1303 1370 1330 καὶ
1400 1302 1591 1340 μεταπλάττει,
1622 1301 1804 1334 παντοδαπὸς
1830 1303 1861 1337 ἦν

1032 1346 1076 1374 καὶ
1109 1346 1280 1383 μετήλλαττε
1303 1347 1351 1378 τὰς
1375 1348 1493 1386 μορφὰς,
1510 1347 1554 1375 καὶ
1583 1350 1628 1374 νῦν
1646 1348 1693 1384 μὶν
1711 1347 1787 1374 Λέων
1804 1350 1862 1378 τοῖς

1032 1391 1132 1428 ὁρῶσιν
1162 1390 1308 1427 ἐδείκνυτο,
1336 1393 1383 1419 νῦν
1408 1391 1436 1419 δὲ
1463 1391 1535 1429 ὄφις,
1550 1394 1598 1419 νῦν
1613 1391 1642 1419 δὲ
1654 1394 1712 1427 σῦς,
1730 1393 1778 1419 καὶ
1797 1394 1860 1429 πῦρ,

1031 1436 1077 1463 καὶ
1094 1434 1213 1474 δένδρον,
1241 1436 1286 1464 καὶ
1312 1436 1400 1470 λίθος,
1429 1437 1474 1464 καὶ
1503 1435 1624 1474 σίδηρος·
1646 1437 1698 1475 ἐγὼ
1716 1435 1746 1464 δὲ
1762 1447 1808 1464 σοι
1827 1436 1862 1467 εἷς

1033 1480 1080 1517 μὲν
1097 1479 1243 1518 θηριώδεις
1258 1480 1349 1520 φύσεις
1365 1481 1396 1508 οὖ
1411 1479 1612 1518 μεταϐήσομαι,
1639 1479 1701 1509 οὐδὶ
1727 1480 1861 1516 ἕκπλήξω

1031 1526 1066 1562 τῇ
1081 1527 1135 1552 τῶν
1162 1526 1359 1564 φαντασμάτων
1384 1525 1536 1561 καινότητι·
1562 1525 1635 1554 ἀλλὰ
1647 1525 1712 1557 τοὺς
1728 1525 1797 1564 περὶ
1812 1526 1860 1560 τήν

1032 1569 1143 1607 κιθάραν
1162 1571 1333 1607 μιμήσομαι.

1064 1614 1094 1641 Τί
1130 1613 1158 1642 δὶ
1194 1615 1270 1642 οὗτοι
1303 1613 1423 1653 δρῶσιν;
1462 1614 1569 1643 ἐπειδὰν
1608 1613 1757 1648 αἵσθῶνται
1793 1615 1859 1646 τοὺς

1030 1658 1176 1690 ἀκούοντας
1191 1659 1402 1698 κορεννυμένους
1430 1662 1478 1687 τοῦ
1505 1659 1616 1696 μέλους,
1646 1657 1858 1697 μεταϐάλλουσι

1028 1704 1075 1734 τὰς
1105 1703 1220 1741 χορδὰς,
1252 1703 1410 1743 στρέφοντες
1442 1704 1524 1732 αὐτὰς
1554 1707 1613 1736 τοῖς
1633 1704 1786 1740 καλάμοις,
1813 1705 1857 1732 καὶ

1030 1747 1256 1788 μεταστρέφοντες
1293 1749 1338 1776 καὶ
1374 1748 1503 1780 ποικίλας
1534 1749 1664 1786 ἁρμονίας
1695 1750 1858 1787 μεταχειρί-

1029 1795 1131 1827 ζοντες,
1159 1793 1204 1820 ἳνα
1232 1792 1276 1820 διὰ
1303 1797 1353 1828 τῆς
1385 1793 1514 1830 τοιαύτης
1544 1793 1719 1832 μεταλλαγῆς
1750 1805 1780 1822 τε
1811 1794 1855 1822 καὶ

1030 1835 1202 1873 μεταϐάσεων
1230 1837 1392 1876 ἀκορέστους
1414 1842 1464 1873 τῆς
1496 1842 1628 1875 μουσικῆς
1653 1837 1760 1874 ἡδονῆς
1791 1841 1856 1870 τοῦς

1027 1881 1160 1918 ἀκροατὰς
1186 1880 1299 1920 ἔχωσιν.
1328 1882 1404 1910 Οὕτω
1427 1886 1492 1921 γοῦν
1512 1884 1588 1920 κάγώ
1604 1894 1646 1911 σοι
1674 1885 1857 1919 μεταποιήσω

1026 1926 1089 1956 τοὺς
1120 1926 1202 1963 ἐμοὺς
1233 1926 1345 1964 λόγους.
1374 1927 1427 1955 Καὶ
1457 1930 1501 1955 νῦν
1531 1928 1578 1964 μὲν
1609 1927 1721 1966 ἱλαροὺς
1738 1928 1858 1959 τούτους

1027 1971 1132 2008 παρέξω
1148 1971 1201 2006 σοὶ,
1221 1972 1266 1999 νῦν
1283 1970 1312 1999 δὲ
1328 1972 1482 2007 συντόνους,
1498 1973 1542 2000 καὶ
1558 1975 1604 2000 νῦν
1621 1973 1668 2009 μὶν
1698 1971 1857 2008 ἀναϐεϐλη-

1029 2015 1125 2051 μένους
1140 2016 1184 2043 καί
1202 2015 1354 2052 μαλακοὺς,
1369 2019 1413 2044 νῦν
1431 2015 1459 2044 δὲ
1475 2017 1614 2054 γενναίους
1637 2017 1681 2044 καὶ
1707 2017 1857 2056 ἰσχυροὺς,

1026 2061 1069 2086 νῦν
1086 2058 1114 2087 δὲ
1129 2059 1218 2096 ἄλλην
1237 2061 1344 2100 μορφὴν
1361 2060 1486 2099 ἔχοντας.

1061 2105 1091 2133 Ὀ
1122 2107 1187 2142 γοῦν
1218 2106 1340 2143 Όμηρος
1377 2106 1494 2142 ὁπλίτην
1530 2105 1644 2134 ἐπαινῶν
1680 2106 1776 2145 ἄνδρα,
1810 2109 1856 2135 καὶ

1025 2151 1105 2177 τοῦτο
1139 2152 1197 2180 τοῖς
1222 2149 1340 2182 ἐπαίνοις
1369 2151 1558 2188 προστίθησιν,
1586 2151 1627 2179 δτι
1657 2150 1712 2179 οἶδε
1741 2162 1855 2188 μετακι-

1024 2196 1078 2220 νεῖν
1105 2195 1155 2228 τήν
1185 2193 1284 2222 ἀσπίδα
1307 2197 1353 2222 νῦν
1385 2196 1432 2232 μὲν
1461 2195 1500 2227 εἷς
1528 2194 1609 2231 δεξιὰ,
1626 2198 1670 2223 νῦν
1701 2195 1730 2223 δὲ
1755 2196 1795 2227 είς
1814 2197 1856 2224 εὖ·

1027 2238 1131 2274 ώνυμα.
1149 2239 1219 2276 Ἐγὼ
1235 2237 1264 2266 δὶ
1276 2239 1308 2266 τὸ
1323 2238 1388 2275 ὶμὸν
1403 2239 1489 2268 ὅπλον
1502 2240 1565 2272 τοὺς
1580 2239 1681 2278 λόγους
1694 2240 1745 2268 οὐκ
1761 2241 1808 2268 ἐπὶ
1823 2242 1856 2269 τὰ

1026 2281 1129 2320 πλάγια
1145 2280 1239 2319 μόνον,
1256 2282 1328 2311 ἀλλὰ
1342 2283 1548 2322 καὶὲμπροσθιν
1563 2287 1795 2323 μεταχειριοῦμαι
1811 2287 1855 2314 καὶ

1027 2325 1146 2359 ὄπισθεν.
1177 2327 1238 2365 Οὐχ
1260 2326 1287 2355 ἓν
1311 2327 1364 2356 ἐστι
1389 2329 1419 2356 τό
1440 2331 1492 2356 τῶν
1509 2328 1600 2366 λόγων
1614 2332 1729 2367 χρῶμα,
1762 2330 1812 2358 οὖὲ
1838 2332 1854 2365 ἢ

1028 2372 1119 2409 μορφή
1138 2371 1197 2408 μία-
1213 2371 1278 2400 ἀλλ’
1301 2373 1385 2410 ἄμφω
1399 2372 1558 2401 παντοδαπᾶ
1577 2374 1622 2401 καὶ
1637 2374 1764 2402 ποικίλα-
1778 2376 1827 2402 καὶ
1843 2376 1855 2402 ὁ

1024 2415 1073 2447 τὰς
1095 2416 1202 2452 κράσεις
1223 2417 1267 2443 καὶ
1293 2416 1426 2449 συνθέσεις
1449 2418 1552 2445 τούτων
1578 2417 1657 2450 είδὼς
1679 2418 1856 2459 πολύμορᾳι

1027 2459 1104 2496 δείξει
1119 2463 1178 2492 τοῖς
1193 2460 1316 2498 ἐρασταῖς
1331 2462 1364 2488 τὰ
1379 2462 1508 2499 θεάματα.

1062 2503 1141 2532 Εἶδον
1164 2504 1219 2542 ἐγώ
1246 2515 1312 2532 ποτε
1340 2506 1447 2545 νύμφην
1475 2507 1517 2534 ἰπὶ
1547 2506 1682 2539 παστάδος
1712 2508 1761 2535 καὶ
1783 2508 1854 2547 ὧρας

1027 2547 1056 2576 εὖ
1081 2546 1198 2586 ἔχουσαν
1212 2549 1257 2576 καὶ
1290 2552 1329 2586 τῷ
1345 2549 1499 2588 ἑπιποιήτῳ
1512 2550 1610 2580 κάλλει
1635 2554 1853 2589 κεκοσμημένην

1027 2592 1172 2629 λαμπρῶς·
1198 2593 1242 2620 καὶ
1257 2594 1308 2628 τήν
1321 2604 1352 2631 γε
1366 2595 1477 2631 πρώτην
1494 2596 1598 2632 ἡμέραν
1628 2596 1759 2635 πορφύρα
1788 2598 1854 2625 τρι-5-

1025 2648 1075 2673 την
1102 2638 1210 2674 ἐκόσμει
1239 2638 1283 2666 καὶ
1312 2643 1402 2677 ’χρυσῆ
1417 2640 1516 2676 ταινία,
1533 2641 1577 2668 καὶ
1606 2640 1714 2678 ἐπωμὶς
1747 2641 1855 2678 ἐξηνθι-

1027 2682 1112 2718 σμὲνη
1130 2683 1227 2719 κόσμῳ
1250 2682 1414 2720 παντοδαπῷ
1432 2685 1476 2712 καὶ
1490 2685 1508 2720 ἡ
1525 2684 1705 2722 στηθοδεσμὶς
1720 2685 1855 2724 ἠλεκτρί-

1026 2735 1079 2761 νη·
1119 2725 1182 2754 ἀλλ’
1213 2725 1385 2765 ἐνδιατρίψας
1416 2729 1504 2768 βραχύ
1533 2740 1559 2757 τι
1588 2732 1645 2761 τοῖς
1671 2732 1856 2770 φαινομένοις

1027 2770 1182 2808 ὡραϊσμοῖς
1210 2771 1353 2810 ἐκορέσθην
1381 2771 1457 2802 ὶδών.
1482 2772 1568 2803 Ἀλλᾶ
1594 2775 1644 2810 τήν
1669 2785 1701 2813 γε
1722 2773 1855 2815 δευτέραν
