1950 3050
86 104 164 134 1181

834 103 1051 135 ΕΡῙΞΤΟΕΕ.

1716 106 1794 137 MSS

85 171 193 209 ἡμέραν
214 168 403 206 μεταϐαλοῦσα
417 171 462 198 τὸν
478 170 582 207 κόσμον
603 170 648 198 καὶ
672 174 815 209 χρυσοϋφῆ
838 170 909 206 ἐσθῆ·

992 180 1079 200 ursus
1110 172 1273 207 alliciebat;
1307 173 1393 201 tertia
1431 180 1550 209 quoque
1586 172 1734 208 similiter,
1766 175 1798 202 et

86 226 122 243 τα
138 213 321 249 ἐπενδυθεῑσα,
337 214 420 242 πάλιν
435 214 518 252 ἐθήρα
535 225 541 231 ·
557 215 602 242 καὶ
625 215 675 249 τὴν
701 215 795 252 τρίτην
819 215 917 250 οὕτως,

85 260 132 287 καὶ
147 261 198 294 τήν
212 260 343 297 τετάρτην
362 270 368 276 ·
385 260 429 287 κπιὶ
446 260 479 293 ἦν
505 259 650 297 ἀκόρεστον
676 260 708 287 τὸ
730 258 825 288 καλόν.
842 260 918 288 Εἰσὶν

85 304 133 332 οὖν
163 305 259 341 κάμοὶ,
287 307 398 342 Καῖσαρ,
415 302 531 332 ἐλλόϐια
561 303 659 343 λογικᾶ
686 304 730 332 καὶ
759 303 917 343 περιδέραια

85 350 226 386 γνωστικὰ
239 349 284 377 καὶ
309 349 522 388 περιτραχήλιοι
548 350 648 386 κόσμοι
675 350 721 377 κοὶ
751 349 914 385 ἐπιστήθιοι.

86 394 140 422 Κᾶν
156 395 288 431 κορεσθῇς
303 396 351 421 τοῦ
374 396 490 432 χρυσοῦ,
507 395 717 432 παραγυμνώσω
744 393 771 422 τί
795 404 839 422 σοι
868 397 916 422 τοῦ

85 438 293 477 ἠλεκτρώδους.
309 438 340 466 Εἰ
357 438 386 466 δὲ
400 439 445 467 καὶ
460 438 558 467 τούτου
573 438 713 476 πλησθῇς,
728 438 785 477 ἔχω
802 439 914 478 σαπφεί-

85 493 161 521 ρους,
190 483 235 511 καὶ
272 483 426 518 ὑακίνθους,
455 483 499 511 καὶ
528 483 622 515 λίθους
649 483 757 521 ἑτέρους
784 483 916 512 παντοδα-

83 528 166 563 ποὺς,
179 528 224 556 καὶ
239 529 288 562 τὴν
303 529 468 567 χροιὰν,καὶ
479 529 528 563 τὴν
546 527 670 565 δύναμιν.
687 528 749 563 Καὶ,
765 529 802 559 ὡς
817 527 914 563 ἔοικεν,

85 571 149 600 οὔτε
174 573 205 600 σὺ
229 572 378 611 πλησθήσῃ
407 574 473 601 ποτὶ
496 575 544 601 τοῦ
560 573 633 610 ὶρᾷν,
650 571 711 600 οὔτε
726 573 778 610 ἐγὼ
793 572 914 604 κάλλους

83 616 219 656 ἀπορήσω
234 618 279 645 καὶ
296 617 457 653 ἐπιδείξεως.

375 676 427 704 ΙΒ’.
442 676 489 712 Τῷ
505 674 628 712 Καίσαρι.

122 724 310 762 Εὐτυχέστατε
337 725 441 762 Καῖσαρ
455 734 461 741 ”
477 726 560 752 τοῦτο
584 724 637 761 γὰρ
659 722 692 759 δή
719 735 761 752 σοι
775 726 824 759 τῆς
854 724 916 752 ἐπι-

86 768 189 804 στολῆς
205 768 273 796 ἕστω
288 769 446 807 προοίμιον.
460 769 665 807 Εὐτυχέστατον
682 767 711 796 δὲ
734 779 763 796 σε
787 769 859 808 φημὶ
884 769 914 797 οὐ

85 813 158 841 διότι
176 814 259 850 μόνον
275 817 323 848 τῆς
338 815 386 841 τοῦ
402 813 534 851 Καίσαρος
550 813 625 849 ἀξίας
647 813 801 852 τετύχηκας
824 815 915 851 (τοῦτο

973 217 1130 253 quarta;§et
1140 217 1370 253 pulchritudinis
1378 218 1499 246 satietas
1509 226 1567 245 non
1579 218 1730 246 erat.Sunt
1740 218 1795 254 igi-

971 264 1020 289 tur
1034 261 1122 289 etiam
1139 262 1329 296 mihi,Caasar,
1341 262 1463 290 armillis
1479 261 1659 298 spiritualee,
1675 265 1795 298 torques

972 306 1196 342 intellectuales,
1213 309 1241 335 et
1256 307 1322 335 colli
1338 310 1368 335 et
1384 307 1510 343 pectoris
1526 309 1657 335 ornatus.
1675 307 1705 335 Si
1725 315 1796 335 auro

971 351 1096 378 satiatus
1130 360 1171 386 es,
1199 352 1340 380 exhibebo
1369 351 1424 379 tibi
1458 351 1568 387 aliquid
1609 360 1643 379 ex
1678 351 1795 380 electro.

970 396 999 424 Si
1016 404 1082 423 vero
1099 406 1132 426 eo
1148 405 1265 434 quoque
1280 396 1408 425 lassatus
1434 396 1533 430 fueris,
1559 396 1652 424 habeo
1678 396 1796 433 sapphi-

971 451 1029 477 rcs,
1047 444 1219 480 hyacinthos
1230 445 1258 470 et
1268 442 1381 478 lapides
1392 441 1465 469 alios
1475 441 1572 469 varios
1583 441 1679 469 colore
1693 445 1722 470 et
1736 442 1794 469 vir~

971 489 1044 516 tute.
1062 489 1106 524 Et,
1123 491 1155 516 ut
1169 488 1295 521 videtur,
1313 494 1408 522 neque
1423 488 1451 514 te
1466 486 1586 514 satietas
1601 494 1732 521 unquam
1752 486 1794 514 vi-

971 533 1058 560 dendi
1076 533 1240 569 occupabit,
1258 539 1352 567 neque
1369 538 1415 559 me
1429 530 1659 566 pulchritudinis
1672 534 1700 558 et
1715 530 1796 558 exhi-

970 576 1090 604 bitionis
1107 575 1278 612 indigentia.

1293 677 1354 705 XII.
1362 707 1365 709 ,
1375 678 1487 706 Caesari

1009 728 1190 757 Felicissime
1205 729 1318 761 Caasar;
1336 727 1365 755 id
1383 727 1461 754 enim
1479 726 1532 754 tibi
1548 727 1677 762 epistolas
1690 728 1794 763 {prom-

971 774 1063 802 mium
1080 774 1128 801 sit.
1146 772 1362 801 Felicissimum
1379 775 1477 799 autem
1493 773 1520 799 te
1535 772 1600 799 dico
1617 780 1673 799 non
1697 771 1794 799 solum

971 818 1040 854 quin
1055 817 1176 846 Caesaris
1191 817 1364 853 dignitatem
1381 817 1506 852 adeptus
1523 815 1564 844 sis
1582 816 1646 851 (hoc
1667 824 1794 852 namque

86 858 141 895 γὰρ
156 858 202 885 καὶ
218 857 336 889 πολλοῖς
353 856 453 890 ἄλλοις
468 855 635 895 συμϐέϐηκε,
650 858 692 886 καὶ
709 857 738 885 οἷ’
758 869 787 896 γε
808 858 909 886 πλείου.

990 865 1000 890 t
1015 863 1116 890 multis
1132 861 1197 890 aliis
1214 861 1337 897 contigit
1352 861 1401 896 qui
1419 860 1517 896 plures
1531 870 1548 888 a
1564 860 1701 888 felicitate
1716 861 1794 888 defe-

85 905 139 937 τῆς
155 902 281 940 εὐτυχίας
298 901 539 940 διημαρτήκασιν),
556 901 619 930 ἀλλ’
634 901 675 930 ὅτι
700 903 773 940 παρὰ
786 905 834 930 τοῦ
849 902 918 931 καλ-

90 945 187 974 λίστου
204 946 338 984 βασιλέως
354 947 399 974 καὶ
419 945 538 984 ἀδελφοῦ
563 946 601 978 εἱς
623 947 673 981 τήν
700 946 831 985 μεγίστην
852 947 917 975 ταύ-

88 1001 139 1026 την
156 991 310 1029 ἀνηνέχθης
334 992 488 1029 περιωπήν,
503 991 532 1022 ’ὸς
556 989 602 1027 δὴ,
617 991 733 1029 προνοίᾳ
747 1002 776 1019 τε
797 994 832 1030 τῇ
861 991 916 1020 ἅνω

89 1036 251 1072 κινούμενος
264 1036 309 1063 καὶ
325 1036 392 1073 μετά
408 1036 541 1073 λογισμοῦ
564 1036 678 1074 κρίσεως
704 1036 790 1064 πάντα
817 1040 915 1072 ποιῶν,

87 1080 221 1108 κοινωνόν
245 1091 273 1108 σε
295 1083 343 1109 τοῦ
370 1081 484 1117 κρότους
509 1083 607 1118 μικροῦ
633 1080 686 1109 δεῖν
717 1081 742 1116 ἐξ
765 1080 915 1119 ἀδελφικῆς

87 1125 196 1156 εὐνοίας
219 1126 364 1161 πεποίηκε.
387 1124 562 1163 Προσκείσθω
591 1125 642 1163 γὰρ
671 1127 705 1162 τῇ
735 1126 849 1163 προνοίᾳ
871 1126 915 1154 καὶ

85 1171 122 1206 τῇ
137 1171 186 1197 τοῦ
201 1170 339 1207 λογισμοῦ
353 1170 439 1208 κρίσει
455 1169 499 1197 καὶ
514 1170 545 1197 τὸ
560 1169 614 1197 ἀπὸ
639 1174 689 1205 τῆς
716 1170 835 1208 σχέσεως
852 1171 916 1210 φίλ-

84 1224 163 1252 τρον.
181 1213 266 1242 Πάλιν
293 1214 338 1242 οὖν
362 1215 413 1249 τήν
436 1215 548 1252 πρώτην
566 1225 608 1242 σοι
637 1215 730 1252 φωνὴν
757 1214 915 1254 ἐπιφθέγξο-

88 1269 148 1296 μαι·
167 1258 348 1296 εὖτυχὲστατε
363 1261 482 1296 Καῖσαρ·
499 1260 647 1297 προσθήσω
663 1258 745 1287 δὲκαὶ
764 1259 917 1298 λογιώτατε

87 1303 134 1330 καὶ
164 1304 303 1342 σοφώτατε
319 1313 325 1319 ·
343 1302 425 1343 ἄμφω
452 1303 504 1341 γὰρ
534 1305 590 1341 ὁρῶ
619 1305 692 1341 παρὰ
717 1304 758 1331 σοὶ
785 1305 851 1341 μετὰ
864 1309 915 1340 τῆς

89 1347 218 1386 εὐτυχίας
232 1349 281 1383 τὴν
298 1348 392 1387 σοφίαν
409 1348 453 1375 καὶ
468 1349 518 1383 τὴν
534 1347 694 1386 λογιότητα.

125 1393 174 1420 Καὶ
203 1394 240 1430 μή
273 1403 306 1429 με
337 1391 477 1430 ὑπολάϐῃς
506 1392 611 1420 κόλακά
643 1392 807 1428 τηλικοῦτον
837 1395 914 1430 εἶναι,

89 1437 199 1473 μᾶλλον
222 1436 251 1464 δὲ
265 1437 356 1474 ἀμαθῆ
374 1437 526 1473 ἐπαινέτην,
544 1437 585 1465 ὅτι
599 1437 675 1475 ἀφεὶς
690 1437 732 1465 ἐπὶ
760 1441 818 1470 τοῖς
834 1450 914 1476 στρα-

84 1482 244 1518 τηγήμασιν
265 1481 443 1519 ἐγκωμιάζειν
467 1492 505 1516 σε,
529 1481 574 1509 καὶ
600 1483 641 1513 οἷς
662 1481 746 1510 πάλαι
772 1484 915 1521 κατώρθω-

973 906 1097 942 cerunt),
1111 907 1162 934 sed
1179 906 1247 942 quia
1262 907 1297 934 ab
1321 906 1432 941 optimo
1457 905 1632 941 imperatore
1656 907 1684 933 et
1708 905 1796 933 fratre

971 951 1008 979 ad
1031 951 1084 979 hoc
1101 951 1261 978 maximum
1279 950 1428 986 fastigium
1444 949 1573 977 elevatus
1589 950 1641 984 sis,
1658 950 1707 985 qui
1724 958 1794 978 sane

972 995 1159 1031 pravidentia
1175 994 1284 1023 cmlesti
1299 995 1443 1022 adductus
1456 997 1485 1021 et
1499 1003 1566 1022 cum
1583 995 1705 1022 rationis
1717 994 1796 1029 judi-

971 1041 1016 1067 cio
1028 1039 1128 1067 omnia
1139 1047 1229 1075 agens
1246 1039 1416 1074 participem
1433 1041 1461 1066 te
1476 1039 1603 1073 imperii,
1620 1041 1669 1066 aut
1687 1047 1792 1074 parum

971 1084 1064 1118 abest,
1082 1084 1208 1112 fraterna
1223 1083 1423 1110 benevolentia
1438 1082 1541 1110 effecit.
1558 1083 1690 1110 Addatur
1714 1083 1793 1110 enim

972 1127 1157 1164 providentia:
1173 1130 1201 1155 et
1217 1127 1339 1154 rationis
1350 1126 1464 1162 judicio
1479 1126 1613 1154 amicitias
1625 1127 1711 1154 etiam
1724 1126 1794 1154 inci-

971 1175 1146 1201 tamentum.
1159 1173 1267 1200 Iterum
1284 1179 1351 1207 ergo
1367 1172 1495 1206 priorem
1512 1171 1564 1198 tibi
1579 1179 1678 1199 vocem
1694 1179 1795 1207 expro-

972 1226 1062 1252 mam,
1073 1216 1240 1244 felicissime
1255 1218 1358 1250 Caesar;
1377 1215 1512 1251 adjiciam
1527 1217 1636 1250 autem,
1654 1214 1794 1251 eloquen-

971 1261 1083 1289 tissime
1099 1263 1126 1289 et
1142 1260 1359 1297 sapientissime
1376 1269 1382 1288 :
1400 1262 1559 1296 utrumque
1575 1260 1653 1287 enim
1669 1260 1747 1296 apud
1767 1262 1795 1288 te

970 1306 1053 1334 video
1068 1314 1133 1333 cum
1151 1305 1299 1338 felicitate,
1316 1304 1491 1341 sapientiam
1504 1306 1533 1332 et
1547 1304 1756 1340 eloquentiam.

1005 1397 1039 1423 Et
1055 1404 1091 1423 ne
1108 1403 1153 1422 me
1169 1394 1329 1430 suspiceris
1345 1393 1526 1422 adulatorem
1541 1393 1628 1421 talem
1644 1401 1719 1428 esse,
1739 1401 1794 1429 po-

969 1439 1029 1467 tius
1044 1447 1111 1467 vero
1127 1439 1296 1474 imperitum
1312 1438 1506 1472 laudatorem,
1531 1437 1600 1472 quia
1624 1437 1744 1465 mittens
1766 1440 1793 1465 te

970 1485 1005 1512 de
1020 1484 1133 1511 bellicis
1159 1483 1416 1518 strategematibus
1441 1483 1609 1518 praedicare,
1634 1484 1663 1510 et
1686 1482 1722 1509 de
1746 1482 1793 1510 his

85 1536 136 1556 κας
152 1525 195 1553 καὶ
211 1528 255 1553 νῦν
271 1527 425 1563 κατορθοῖς,
441 1527 490 1560 τήν
505 1526 558 1554 ἀπὸ
582 1529 631 1554 τοῦ
656 1525 740 1564 λόγου
768 1538 810 1555 σοι
827 1528 909 1566 εὐφη-

991 1537 1034 1556 uae
1055 1528 1125 1555 olim
1154 1528 1227 1555 bene
1256 1527 1342 1563 egisti
1370 1529 1397 1554 et
1427 1535 1506 1554 nunc
1535 1526 1609 1562 agis,
1640 1535 1656 1553 ιι
1685 1525 1792 1554 litteris

86 1569 151 1606 μίαν
167 1570 307 1607 προσάγω,
326 1571 395 1606 μήτε
409 1569 627 1609 φιλοσοφήσαντί
642 1581 709 1599 ποτε
736 1572 805 1608 μήτε
830 1572 911 1610 ῥητο-

85 1614 221 1652 ρεύσαντι.
237 1615 300 1652 Οὐχ
316 1615 402 1646 οὕτως
423 1615 538 1651 ἐμαυτὸν
565 1615 661 1644 ἀπιτῶ
679 1625 685 1632 ·
707 1615 771 1644 ἀλλ’
793 1615 855 1644 οὔτε
884 1617 913 1644 at

82 1659 186 1694 ἀπατᾷν
205 1658 352 1696 βούλομαι.
368 1660 398 1688 Ὀ
417 1659 467 1697 γάρ
483 1670 525 1687 σοι
547 1660 608 1698 περὶ
631 1660 694 1692 τοὺς
717 1659 819 1698 λόγους
845 1660 912 1698 ἔρως

81 1703 127 1730 καὶ
149 1704 167 1738 ἡ
194 1703 325 1740 ἑπιθυμία
349 1707 399 1739 τῆς
418 1705 542 1741 γνώσεως
565 1705 610 1732 καὶ
633 1705 664 1733 τὸ
684 1704 784 1733 ἐθέλειν
816 1705 912 1743 λόγοις

82 1750 177 1787 σοφοῖς
204 1747 322 1784 ὁμιλεῖν,
336 1746 368 1775 τό
389 1759 418 1776 τε
444 1748 584 1786 θέλγεσθαι
609 1748 706 1777 κάλλει
735 1750 912 1788 συγγραμμά-

81 1803 136 1819 των
159 1792 204 1819 καὶ
231 1791 383 1820 ἐπιστολῶν
408 1794 515 1831 χάρισι,
536 1792 636 1829 ταύτην
667 1804 710 1821 σοι
738 1794 788 1829 τὴν
816 1794 909 1833 σοφίαν

82 1840 299 1876 προσμαρτυρεῖ.
535 1843 538 1847 ’

119 1885 182 1914 Τοῖς
198 1882 245 1919 μίν
271 1882 315 1909 οὗν
346 1881 475 1913 παλαιοῖς
504 1881 615 1914 ἐκείνοις
646 1883 775 1920 Καίσαρσι
801 1883 832 1911 τὸ
860 1887 911 1919 τῆς

84 1927 222 1965 εὐτυχίας,
238 1925 325 1963 ὄνομα
356 1928 457 1964 μὲχρις
487 1927 575 1955 αὐτῶν
604 1928 648 1964 ἦν,
678 1928 723 1955 καὶ
753 1927 841 1960 οὐδεὶς
856 1931 910 1956 τῶν

83 1974 174 2010 σοφῶν
192 1971 228 1999 δι’
241 1971 358 2003 ἐκείνους
389 1972 522 2010 εὐτύχησε
539 1982 545 1988 ·
562 1973 596 2009 τῇ
624 1971 653 1999 δὲ
675 1974 708 2009 σῇ
739 1972 909 2011 μεγαλοπρε-

80 2017 143 2052 πείᾳ
159 2017 249 2054 ὥσπερ
266 2016 349 2051 ἡλίου
365 2019 423 2055 φῶς
446 2018 463 2052 ἡ
485 2016 584 2051 κλῆσις
604 2017 708 2054 ἐγένετο
725 2027 732 2034 ·
750 2018 794 2044 καὶ
823 2018 852 2048 ὃς
873 2017 908 2046 δι’

79 2060 110 2088 ἄν
133 2072 175 2088 σοι
197 2061 336 2098 πλησιάσῃ
362 2061 439 2093 εὐθὺς
463 2061 581 2098 εὐτυχεῖ.
599 2061 648 2088 Καὶ
676 2061 774 2089 τούτου
805 2063 906 2100 μαρτύ-

79 2116 137 2143 ριον
154 2106 234 2137 αὐτὸς
250 2109 359 2143 πρῶτος
374 2105 438 2143 ἐγώ.
455 2105 543 2133 Πάλαι
575 2106 622 2142 μὶν
638 2106 689 2144 γὰσ
705 2106 748 2134 ἐπὶ
773 2109 834 2138 τοῖς
857 2106 908 2134 λό-

77 2159 136 2186 γοις
152 2148 347 2186 ἐθαυμαζόμην
364 2158 370 2165 ·
387 2151 432 2176 νῦν
449 2147 478 2176 δὶ
494 2149 537 2176 ἐπὶ
552 2151 586 2186 τῇ
603 2151 636 2186 σῇ
652 2149 732 2189 φιλίᾳ
756 2148 906 2187 εὐδόκιμος

79 2192 104 2220 ὲν
121 2196 185 2220 πᾶσι
201 2192 350 2230 γεγένημαι
367 2202 373 2208 ·
390 2193 482 2220 καινὸν
498 2193 550 2230 γάρ
575 2203 604 2220 σε
627 2195 681 2220 τῶν
711 2193 785 2230 ἐμῶν
812 2193 904 2232 λόγων

969 1572 1143 1608 applausum
1157 1572 1210 1599 tibi
1221 1572 1375 1608 all‘ero,qui
1386 1580 1479 1607 neque
1490 1571 1681 1607 philosophia
1697 1579 1792 1606 neque

967 1617 1137 1653 elcquentiaa
1154 1616 1272 1644 deditus
1288 1616 1379 1644 fuisti.
1396 1616 1458 1643 Non
1475 1616 1517 1644 ita
1536 1618 1644 1644 memet
1667 1615 1790 1651 decipio,

967 1662 1016 1689 sed
1035 1670 1129 1697 neque
1143 1664 1172 1688 te
1192 1661 1326 1697 decipere
1352 1660 1425 1688 volo.
1447 1660 1519 1688 Nam
1542 1668 1626 1688 amor
1648 1660 1697 1688 ille
1721 1663 1790 1687 tuus

966 1705 1130 1733 litterarum
1147 1708 1175 1733 et
1189 1705 1327 1733 doctrinae
1344 1705 1488 1737 studium,
1505 1707 1533 1732 et
1547 1704 1624 1732 velle
1643 1705 1792 1740 sapientes

967 1751 1043 1778 inter
1058 1758 1209 1777 sermones
1225 1749 1402 1782 conversari,
1417 1752 1446 1776 et
1460 1749 1597 1777 delectari
1612 1749 1790 1784 scriptorum

966 1794 1186 1830 pulchritudine
1217 1797 1246 1821 et
1274 1794 1463 1830 epistolarum
1494 1793 1600 1829 gratia,
1629 1793 1681 1821 tibi
1714 1793 1789 1821 hanc

965 1839 1063 1866 inesse
1079 1839 1254 1874 sapientiam
1271 1841 1458 1866 attestantur.

1002 1884 1153 1911 Veteribus
1168 1883 1286 1919 quidem
1304 1882 1393 1918 igitur
1408 1882 1474 1910 istis
1487 1882 1650 1910 Cesaribus
1667 1881 1788 1910 felicita-

965 1926 1003 1954 tis
1019 1935 1125 1954 nomen
1143 1935 1231 1962 penes
1247 1934 1296 1954 eos
1317 1925 1380 1958 fuit,
1406 1926 1457 1954 Sed
1481 1925 1580 1953 nullus
1607 1925 1785 1962 sapientium

964 1981 1016 2008 per
1030 1981 1080 2000 eos
1093 1972 1227 2000 felicitate
1244 1980 1315 2000 usus
1330 1975 1374 1998 est
1390 1980 1396 1998 ε
1414 1974 1469 1999 tua
1485 1974 1583 1999 autem
1598 1971 1785 2008 magniﬁcen-

964 2017 1010 2044 tius
1027 2019 1059 2044 ut
1074 2016 1172 2044 lumen
1188 2016 1242 2044 soli
1256 2016 1316 2044 haec
1329 2015 1486 2052 appellatio
1508 2016 1657 2050 convenit;
1680 2019 1709 2044 et
1732 2017 1783 2052 qui

962 2061 998 2088 ad
1024 2064 1052 2088 to
1081 2061 1236 2088 accesserit
1265 2060 1364 2089 statim
1394 2060 1531 2089 felicitate
1545 2060 1662 2088 fruitur.
1689 2062 1784 2096 Hujus

963 2113 1079 2141 quoque
1095 2105 1177 2132 testis
1192 2104 1255 2141 ipse
1271 2105 1384 2140 primus
1399 2112 1452 2141 ego
1468 2113 1544 2132 sum.
1561 2104 1637 2133 Olim
1658 2113 1786 2141 namque

963 2152 1081 2186 propter
1097 2157 1246 2177 sermones
1271 2149 1494 2178 admirationem
1521 2158 1680 2185 moverem,
1706 2158 1784 2178 nunc

961 2203 1028 2222 vero
1044 2198 1163 2230 propter
1177 2197 1259 2222 tuam
1275 2195 1433 2222 amicitiam
1449 2195 1579 2222 famosus
1590 2195 1667 2231 apud
1681 2203 1785 2222 omnes

79 2237 220 2272 ἐπαινέτην
252 2237 390 2274 εὐτύχηκα
407 2247 413 2254 ·
430 2238 474 2265 καὶ
501 2237 619 2274 μάλιστα
643 2237 696 2272 ὅτι,
711 2238 774 2270 τοὺς
802 2237 906 2271 ἄλλους

992 2241 1056 2266 ctus
1073 2247 1138 2265 sum
1149 2247 1156 2266 Ξ
1167 2247 1273 2266 novum
1290 2238 1368 2266 enim
1387 2247 1518 2267 meorum
1535 2247 1705 2267 sermonum
1721 2238 1783 2266 Ιιω-

79 2280 178 2319 σοφοὺς
193 2281 269 2320 ἀφεὶς
284 2280 397 2318 (πολλοὶ
425 2280 454 2309 δὶ
483 2280 546 2313 ἴσως
577 2282 642 2310 εἶ’σὶν
672 2282 740 2320 ἐμοῦ
772 2283 904 2315 καλλίους

77 2328 123 2353 καῖ
142 2325 331 2363 ὑψηλότεροι),
349 2326 379 2353 σὺ
396 2325 424 2354 δὲ
441 2326 535 2364 βούλει
550 2329 604 2354 τῶν
617 2327 690 2363 ἐμῶν
709 2327 800 2364 μόνων
826 2328 905 2365 χαρί-

76 2381 130 2398 των
157 2373 336 2408 κατατρυφᾷν,
368 2371 424 2407 καὶ,
459 2371 506 2402 τὰς
529 2370 704 2404 ὠκεανίτιὸας
729 2374 784 2400 τῶν
817 2372 904 2400 πάλαι

75 2417 167 2453 σοφῶν
182 2414 339 2442 καταλιπὼν
356 2415 456 2452 πηγὰς,
471 2416 502 2443 τὸ
525 2416 590 2452 ἐμὸν
618 2416 802 2455 Λιπτόρῥυτον
828 2416 901 2456 ὕδωρ

74 2458 142 2497 ἀρύῃ
156 2459 201 2486 καὶ
218 2458 317 2496 χανδὸν
334 2459 443 2498 ἐμφορῇ
459 2470 511 2496 μου
527 2462 577 2488 τοῦ
591 2460 720 2497 νάματος.

109 2503 188 2532 Ἀλλ’
199 2503 252 2542 ἐγὼ
271 2505 318 2540 μὲν
343 2503 387 2531 ἐπὶ
410 2514 452 2532 σοι
475 2505 582 2543 εὐτυχῶ
608 2505 652 2533 καὶ
684 2505 753 2542 μέγα
783 2508 875 2544 φρονῶ
891 2515 898 2523 ·

72 2549 114 2576 σοὶ
144 2547 167 2576 δ’
183 2548 233 2587 ἄρα
259 2548 300 2580 τίς
326 2548 432 2586 δαίμων
456 2546 598 2584 ἐϐάσκηνε,
613 2549 658 2576 καί
681 2550 809 2586 νοήματά
835 2561 896 2578 τινα

72 2592 262 2624 δυσελπιστίας
290 2594 373 2630 μεστὰ
400 2595 434 2630 τῇ
462 2595 538 2631 ψυχῆ
568 2604 616 2621 σου
649 2593 822 2633 παρέφθειρι,
853 2595 898 2622 καὶ

73 2637 225 2677 ὑπείληφας
249 2637 290 2665 δτι
315 2647 356 2665 σοι
383 2638 397 2665 ὁ
418 2636 595 2677 ἀδιλφὸς,’ίν’
610 2638 696 2669 οὕτως
722 2638 828 2675 εἴποιμι
852 2640 898 2667 καὶ

71 2683 174 2721 πατὴρ,
202 2682 344 2718 ἠλάττωσέ
372 2693 415 2710 σοι
442 2683 492 2717 τὴν
527 2684 640 2721 πρώτην
673 2683 823 2720 εὐμένειαν,
852 2684 896 2712 καὶ

75 2729 158 2765 μέχρι
184 2729 237 2754 τῶν
266 2728 435 2764 παρασήμων
474 2729 523 2761 τῆς
560 2727 687 2766 εὐτυχίας
723 2728 895 2766 προαγαγὼν,

73 2777 122 2808 τῆς
145 2773 213 2811 πρὸς
237 2773 267 2800 ei
291 2772 394 2804 εὐνοίας
419 2772 553 2800 innocuo
569 2787 576 2809 ί
593 2774 653 2802 Τίνι
676 2775 740 2811 γοῦν
763 2771 806 2801 ἐπὶ
833 2775 896 2805 ταῖς

961 2283 1091 2311 datorem
1110 2283 1231 2311 feliciter
1246 2283 1370 2319 adeptus
1385 2286 1501 2318 sum;et
1516 2284 1677 2319 praesertim
1693 2284 1781 2318 quod,

960 2327 1033 2355 alios
1053 2327 1201 2363 sapienles
1217 2327 1441 2363 przetermittens
1464 2327 1563 2362 (multi
1587 2331 1685 2356 autem
1710 2328 1783 2355 forte

960 2375 1029 2400 sunt
1039 2381 1084 2400 me
1095 2372 1231 2400 meliores
1242 2375 1270 2399 et
1281 2372 1524 2408 sublimiores),tu
1532 2372 1575 2400 vis
1587 2373 1658 2400 meis
1668 2374 1782 2400 tantum

958 2416 1108 2453 leporibus
1124 2416 1272 2449 delectari,
1286 2419 1313 2444 et
1331 2417 1489 2445 Oceanicos
1512 2419 1642 2445 veterum
1666 2416 1783 2452 sapien-

957 2461 1029 2488 tium
1044 2461 1138 2489 fontes
1154 2460 1545 2496 relinquens,tenuissimam
1562 2468 1657 2488 meam
1672 2468 1781 2496 aquam

956 2505 1058 2533 hauris
1075 2508 1101 2533 et
1118 2513 1166 2533 ore
1182 2505 1274 2532 hianti
1292 2513 1356 2532 meo
1371 2514 1405 2532 ex
1421 2505 1514 2533 rivulo
1530 2504 1696 2533 inebriaris.

992 2550 1045 2578 Sed
1058 2558 1111 2586 ego
1122 2550 1240 2586 quidem
1253 2549 1287 2577 de
1299 2551 1325 2577 te
1333 2549 1404 2576 mihi
1418 2549 1550 2585 gratulor
1559 2549 1778 2585 etglorior,Tibi

955 2595 1032 2624 enim
1043 2595 1109 2631 quis
1119 2595 1232 2623 daemon
1241 2595 1392 2628 invidit,et
1401 2595 1628 2631 cogitationibus
1639 2596 1777 2631 despera-

954 2640 1033 2668 tione
1049 2639 1144 2676 plenis
1157 2642 1283 2667 mentem
1302 2641 1380 2667 luam
1397 2640 1538 2676 corrupit,
1549 2642 1580 2667 ut
1596 2639 1780 2668 arbitrareris

953 2687 1034 2713 tuum
1045 2685 1259 2719 fratrem,etuta
1268 2684 1361 2712 dicam
1371 2687 1494 2721 patrem,
1505 2685 1690 2713 imminuisse
1700 2685 1777 2720 prio-

952 2737 1014 2757 rem
1025 2729 1089 2758 inte
1096 2729 1319 2765 benignitatem,
1330 2731 1357 2757 et
1364 2729 1399 2756 ad
1407 2729 1555 2757 felicitatis
1564 2728 1713 2765 fastigium
1724 2728 1776 2755 ad-

951 2774 967 2801 d
973 2776 1104 2802 ucentem
1110 2772 1353 2807 ,benevolentiam
1359 2773 1388 2802 in
1397 2776 1424 2802 te
1430 2773 1678 2811 deposuisse?0uo
1686 2771 1758 2808 igitu
1763 2780 1777 2800 r
