1953 3047
164 100 239 131 “83

827 99 1037 129 MlCHAELlS
1059 99 1196 129 PSELLI

1793 98 1868 129 1484

162 166 197 193 de
213 166 310 193 fratris
325 164 451 201 egregiis
465 164 585 193 dotibus
601 166 674 193 teste
690 164 771 192 uter?
785 172 872 200 quem
889 163 980 192 alium
995 199 997 203 ι

1109 161 1229 201 ἀδελφοῦ
1253 162 1402 194 καλλοναῖς
1429 164 1545 200 μάρτυρι
1571 164 1732 201 χρήσομαις
1758 163 1822 190 τίνα
1844 162 1868 190 δὲ

161 210 307 247 proferam
324 218 411 238 sacrm
427 209 508 237 illius
523 210 626 237 animis
642 209 864 237 veracissimam
875 208 985 237 deseri-

160 257 274 290 ptorem
287 257 298 283 P
312 255 399 282 Solus
414 255 478 290 ipse
494 255 633 288 sufﬁcies,
661 255 710 290 qui
739 256 806 282 ante
829 254 985 290 imperium

159 300 254 327 virum
271 300 344 327 mihi
361 307 436 334 saepe
452 299 653 335 depinxisti,et
668 301 734 334 post
749 299 904 334 imperium
917 298 987 326 talia

161 343 246 371 nobis
261 343 378 371 locutus
394 352 425 371 es
441 352 449 371 :
466 355 480 369 ‹‹
498 346 600 371 Nonne
616 343 684 371 talis
697 343 788 370 frater
801 345 846 371 est
869 342 985 378 qualem

161 388 216 415 tibi
232 396 299 415 eum
316 388 460 424 descripsi
475 391 503 416 et
516 388 656 416 veraciter
671 387 802 424 depinxi?
812 398 826 412 »
842 387 986 415 Memento

161 431 292 468 epistola:
307 441 340 460 ex
355 433 464 460 Edessa
478 435 507 461 et
521 441 690 461 sermonum
704 431 987 468 posteriorum.0uid

162 479 259 504 autem
276 477 328 504 tali
345 477 444 513 plures
459 485 552 505 annos
565 477 595 504 in
620 477 726 504 virtute
750 479 939 504 conversatus
961 478 990 503 et

161 521 191 548 in
207 529 310 549 omnes
322 522 468 557 benignus
483 525 512 549 et
527 521 824 549 benevolentissimus
837 521 942 554 factus,
958 520 988 547 in

161 568 190 594 te
205 565 267 594 solo
283 567 451 594 immutavit
466 566 574 594 mentis
591 566 826 602 ingenuitatem?
842 566 883 593 Ne
897 566 925 592 id
943 574 988 592 ar-

162 611 290 646 bitreris,
307 611 417 647 optime
427 611 555 639 virorum
567 611 743 639 omnium.Si
755 611 832 638 enim
846 619 892 638 me
904 612 989 646 putas

163 655 194 682 in
211 655 338 683 animam
356 656 500 691 inspicere
516 663 602 691 posse
615 657 644 683 et
654 655 768 682 occulta
778 657 807 682 et
818 654 990 682 abscondita

165 708 286 728 noscere
302 700 431 733 solertia,
447 700 501 727 tibi
518 709 600 728 mens
616 700 695 728 illius
709 700 847 732 adhaeret,
864 700 989 727 benevo-

164 745 254 773 lentia
269 744 299 772 in
311 747 339 772 te
355 745 499 773 asseritur
514 747 542 772 et
557 748 681 781 augetur
692 744 910 780 benignitas.Tu
923 752 989 771 vero

166 789 264 817 noscis
278 789 383 817 melius
401 798 489 825 quam
505 798 557 825 ego
571 792 657 817 tuum
673 789 792 816 fratrem
809 797 865 816 non
882 788 990 816 habere

163 834 324 862 adulatorie
333 834 502 869 indolem,et
512 834 732 869 amicitiamque
741 833 989 868 concordiamque

167 887 224 906 non
240 879 269 906 in
281 887 330 906 ore
345 878 559 912 clamitare,sed
573 879 601 906 in
613 881 711 906 mente
722 878 988 906 abscondere.Nam

166 923 312 952 labiorum
327 923 420 959 elogia
434 923 542 959 linquit
557 923 626 951 viris
642 923 775 951 delicatis
791 926 818 951 et
833 923 989 958 obsequio-

169 968 230 1002 sis;
253 969 315 1004 ipse
341 971 439 996 autem
468 968 624 1004 antiquum
652 976 837 996 summorum
865 967 995 995 virorum

169 1023 281 1042 morem
300 1014 432 1042 imitatur
449 1018 478 1042 et
495 1014 626 1047 sublimi,
644 1014 756 1050 judicio
775 1013 916 1050 praeditus
932 1017 991 1041 est:

170 1059 292 1086 minime
316 1058 345 1086 in
376 1059 484 1087 amicos
515 1059 651 1086 intonare
679 1058 791 1093 volens,
814 1057 994 1094 tranquillus

169 1106 214 1131 est
224 1105 251 1131 et
263 1106 539 1139 serenus,tanquam
551 1103 662 1139 zephiri
674 1112 745 1131 aura
754 1103 784 1130 in
797 1103 912 1130 animos
924 1102 995 1130 ami-

170 1156 270 1176 corum
282 1148 409 1184 spirans.
420 1148 464 1176 Me
476 1148 567 1184 igitur
578 1157 654 1184 saepe
669 1147 785 1183 decepit
801 1156 858 1175 non
873 1155 994 1174 currens

170 1193 205 1221 ad
222 1195 423 1220 accurrentem
440 1201 534 1228 neque
548 1192 676 1220 suaviter
699 1192 898 1228 amplectens;
924 1193 995 1218 tunc

171 1238 259 1265 etiam
276 1245 322 1265 res
338 1237 410 1265 mihi
427 1239 614 1273 contemptus
629 1237 793 1270 videbatur,
810 1237 914 1264 deinde
929 1244 995 1263 vero

170 1282 250 1310 brevi
267 1282 350 1310 illum
365 1284 535 1318 penetrans,
562 1282 661 1318 potius
688 1284 790 1317 expeto
819 1283 851 1309 ut
874 1281 903 1308 in
928 1289 995 1309 sen-

168 1327 261 1354 tentia
275 1329 439 1362 perseveret
455 1335 544 1362 quam
562 1329 594 1354 ut
609 1335 722 1354 morem
739 1328 843 1353 mutet.

1043 208 1127 237 ἆλλον
1158 206 1352 245 προϐαλοῦμαι
1375 212 1424 243 τῆς
1448 209 1520 246 ἱερᾶς
1545 207 1648 236 ἐκείνου
1673 211 1769 247 ψυχῆς
1804 209 1870 235 συνί-

1042 264 1126 291 στορα
1150 251 1362 292 ἆκριῧέστατονς
1389 254 1509 290 ἀρκέσεις
1546 253 1629 290 μόνος
1658 253 1748 289 αὐτὸςΙ
1774 254 1806 285 ὃς
1827 255 1868 280 καὶ

1041 298 1095 335 πρὸ
1109 300 1158 326 τοῦ
1173 299 1289 336 κράτους
1305 299 1351 326 τὸν
1367 297 1451 336 ἄνδρα
1481 309 1526 335 μοι
1550 297 1686 330 πολλάκις
1710 299 1868 335 ὑπεζωγρά‹

1043 354 1142 382 φησας,
1170 344 1214 370 καὶ
1247 344 1315 380 μετᾶ
1343 343 1374 370 τὸ
1408 344 1506 380 κράτος
1542 345 1653 370 τοιαῦτα
1688 343 1758 381 πρὸς
1795 344 1869 379 ἡμᾶς

1043 388 1174 426 ἐφθέγγου
1191 398 1198 404 ·
1217 400 1231 414 ‹‹
1246 389 1305 426 Ἆρ’
1327 387 1391 426 οὐχὶ
1415 390 1539 419 τοιοῦτος
1564 389 1578 415 ὁ
1604 387 1721 421 ἁδελφὸς
1745 387 1805 415 οἷόν
1828 397 1871 414 σοι

1045 435 1167 460 «τοῦτον
1187 433 1311 470 ἱστόρουν
1337 432 1382 460 καὶ
1408 430 1527 470 ἀκριϐῶς
1548 430 1686 471 ἕγραφον;
1703 444 1717 458 ››
1735 433 1873 468 Ἀναμνή-

1044 477 1122 512 αθητί
1150 488 1196 514 μοι
1220 477 1264 504 καὶ
1288 479 1336 504 τοῦ
1364 477 1389 512 ἐξ
1415 477 1542 512 Ἐδέσσης
1558 477 1720 515 γράμματος
1744 478 1790 504 καί
1815 479 1871 504 τῶν

1046 522 1112 558 μετὰ
1135 524 1218 549 ταῦτα
1240 521 1342 559 λόγων.
1368 522 1400 550 Τί
1428 520 1456 549 δὲ
1483 522 1496 549 ὁ
1524 522 1641 559 τοσαύτῃ
1667 521 1711 548 ἐπὶ
1742 520 1872 548 πλείοσιν

1044 566 1114 594 ἔτεσι
1129 567 1287 605 συντραφεὶς
1312 566 1394 604 ἀρετῇ
1420 566 1465 593 καὶ
1481 569 1561 593 πᾶσιν
1584 565 1704 600 ἒπιεικής
1728 565 1772 593 καὶ
1797 575 1871 603 χρη-

1045 611 1172 642 στότατος
1185 611 1317 649 γεγονὼς,
1335 611 1378 638 ἐπὶ
1404 611 1446 638 σοὶ
1468 610 1544 647 μόνῳ
1575 610 1728 646 μετήλλαξε
1750 611 1799 645 τὴν
1827 609 1872 637 εὖ·

1043 655 1145 693 γένειαν
1168 659 1218 690 τῆς
1241 657 1353 693 ψυχῆς;
1379 655 1417 692 μή
1446 657 1526 683 τοῦτο
1550 654 1619 689 οἷόυ,
1642 654 1774 682 κάλλιστε
1802 654 1871 681 πάν-

1043 710 1098 727 των
1120 699 1236 738 ἀνδρῶν.
1255 699 1294 728 Εἴ
1315 700 1366 737 γάρ
1398 710 1431 736 με
1459 699 1508 727 ο⁰ίει
1537 699 1576 730 εἲς
1604 700 1695 737 ψυχὴν
1712 699 1871 737 παρακύψαι

1046 743 1194 781 δυνάμενον
1209 745 1251 772 καὶ
1277 744 1377 783 κρύφια
1402 747 1495 781 μαθεῖν
1519 744 1564 771 καὶ
1591 743 1732 781 ἀπόρῥητα
1754 744 1871 782 γνώμης

1046 789 1166 824 ὀξύτητι,
1183 788 1368 826 ἐνεστήρικταί
1383 799 1427 816 σοι
1451 791 1467 824 ἡ
1493 789 1595 816 ἐκείνου
1614 789 1710 826 ’γνώμη
1738 789 1782 816 καὶ
1807 798 1874 825 προ-

1045 834 1160 866 τέοειταί
1188 844 1230 861 cm
1257 835 1288 861 τὸ
1318 832 1408 861 εὔνουν
1437 834 1482 861 καί
1507 833 1621 868 ηὔξηται
1646 835 1663 868 ἦ
1681 833 1816 870 εὐμένεια.
1834 833 1872 860 ΣΞ»

1045 877 1073 906 δὲ
1098 877 1172 910 οἶδας
1196 878 1264 914 ἐμοῦ
1287 877 1402 906 κάλλιον
1428 878 1474 905 τὸν
1499 878 1543 905 σὸν
1569 877 1685 916 ἀδελφὸν
1707 877 1748 905 ὅτι
1774 877 1874 905 ἀκολά-

1047 933 1140 951 κευτον
1169 921 1226 960 ἔχει
1252 923 1283 950 τὸ
1308 923 1387 957 ἦθος,
1403 923 1447 950 καὶ
1471 923 1520 957 την
1544 922 1636 962 φιλίαν
1659 923 1704 950 καὶ
1724 923 1773 956 τὴν
1797 922 1876 958 εὐμε-

1048 978 1119 994 νειαν
1146 967 1195 994 οὐκ
1218 966 1244 994 ἐν
1270 969 1304 1003 τῇ
1333 966 1444 1005 γλώσσῃ
1460 967 1594 1003 σαλπίζει,
1612 966 1676 995 ἀλλ’
1692 967 1717 994 ἰν
1746 969 1780 1004 τῇ
1796 969 1875 1004 ψυχῇ

1048 1012 1239 1047 κατακρύπτει.
1265 1012 1318 1046 Τὴν
1343 1012 1395 1049 γὰρ
1421 1012 1446 1039 ἒν
1482 1012 1604 1049 χείλεσιν
1631 1013 1768 1051 εὐφημίαν
1798 1022 1877 1049 περι-

1049 1057 1141 1094 έργοις
1172 1057 1273 1094 ἀφῆκεν
1308 1055 1418 1093 ἀνδράσι
1440 1056 1484 1084 καὶ
1511 1056 1706 1094 εὐτραπέλοις·
1737 1057 1819 1087 αὐτὸς
1849 1055 1878 1083 δὲ

1048 1101 1079 1128 τὸ
1108 1101 1221 1139 ἀρχαῖον
1249 1103 1302 1128 τῶν
1337 1101 1470 1138 μεγίστων
1496 1100 1599 1138 ἀνδρῶν
1629 1101 1784 1138 μεμίμηται
1811 1101 1881 1135 ἦθος

1049 1157 1054 1161 _
1085 1146 1092 1156 ,
1113 1146 1119 1155 ρ
1391 1145 1398 1153 .
1439 1146 1465 1162 ,,
1572 1148 1584 1153 η
1630 1144 1651 1154 ..ι
1688 1145 1700 1155 η
1853 1146 1860 1153 ι

1050 1156 1093 1173 και
1110 1144 1276 1185 υψηλόφρων
1298 1146 1362 1183 ἄγαν
1389 1157 1444 1173 εστι
1484 1146 1598 1183 βροντᾳν
1629 1155 1658 1173 οε
1684 1156 1784 1180 ηκιστα
1811 1156 1880 1183 προς

1049 1190 1112 1221 τοὺς
1129 1190 1224 1230 Ῡίλους
1243 1189 1422 1228 βουλόμενος,
1439 1190 1512 1221 λεῖος
1538 1190 1593 1218 ἐστὶ
1615 1190 1661 1218 καὶ
1686 1189 1812 1226 ἀκύμων,
1829 1189 1881 1217 ὥτ-

1050 1245 1098 1272 περ
1117 1235 1231 1272 ζεφύρου
1255 1237 1360 1272 πνεῦμα
1381 1238 1439 1266 ταῖς
1458 1237 1511 1262 τῶν
1541 1235 1715 1274 φιλουμὲνων
1741 1235 1877 1262 ἐπιπνέων

1050 1281 1162 1317 ψυχαῖς.
1179 1280 1246 1316 Ἐμὲ
1265 1282 1328 1317 γοῦν
1342 1279 1479 1311 πολλάκις
1500 1280 1623 1315 ἧπάτησε
1650 1281 1687 1317 μὴ
1718 1278 1881 1316 συνδραμὼν

1050 1323 1253 1362 προπδραμόντι
1272 1323 1341 1362 μηδὲ
1355 1324 1443 1360 ἡδέως
1459 1325 1699 1361 κατασπασάμενος
1717 1335 1723 1340 ·
1745 1325 1791 1352 καὶ
1819 1324 1881 1352 τότε

172 1370 221 1407 μὲν
236 1370 385 1408 παρόρασιν
402 1369 574 1407 ἐλογισάμην
589 1370 621 1397 τὸ
637 1373 752 1407 πρᾶγμα
769 1379 774 1384 ·
790 1369 846 1397 εἶτα
862 1367 906 1404 δὴ,
922 1366 1081 1407 καταϐραχὺ
1098 1369 1198 1399 συνιεὶς
1223 1368 1337 1404 ἐκείνου,
1356 1369 1460 1407 μᾶλλον
1486 1369 1608 1405 ἐπιζητῶ
1630 1373 1681 1404 τῆς
1706 1369 1821 1407 γνώμης
1847 1369 1879 1396 τὸ

169 1415 281 1450 σύνηθες
296 1414 314 1449 ἢ
330 1415 378 1449 τὴν
395 1416 443 1442 τοῦ
458 1414 543 1449 ἤθους
560 1413 751 1452 μεταλλαγήν.

205 1477 282 1505 Talis
297 1480 341 1506 est
357 1480 472 1512 mente;
489 1480 518 1505 et
530 1477 671 1505 scientem
688 1480 716 1505 te
730 1477 804 1504 illud
820 1485 873 1505 cur
893 1485 999 1505 mmror

170 1521 292 1555 invadit,
307 1530 372 1549 cum
390 1525 524 1558 oporteat
539 1523 639 1558 potius
662 1521 815 1557 complecti
840 1529 944 1557 puram
971 1524 999 1550 et

172 1567 318 1594 sinceram
331 1566 517 1602 imperatoris
532 1566 683 1594 indolem?

207 1611 267 1646 Ego
283 1611 373 1646 igitur
387 1611 442 1647 ipsi
454 1613 536 1638 tuam
548 1611 681 1647 relegens
692 1610 995 1647 epistolam,videbam

173 1655 319 1690 quomodo
335 1655 396 1683 haec
411 1656 529 1691 quidem
545 1655 741 1690 subriderent,
757 1655 807 1682 illa
826 1663 893 1683 vero
917 1655 994 1682 dele-

173 1702 296 1728 ctarent.
313 1699 386 1727 Cum
400 1703 498 1728 autem
513 1700 640 1736 legerem
656 1700 697 1727 illi
714 1699 889 1728 monachum
906 1702 934 1727 et
954 1699 997 1727 in-

165 1746 281 1781 tegram
297 1745 501 1778 mutationem,
518 1753 622 1780 parum
639 1745 733 1773 abfuit
755 1745 825 1780 quin
852 1744 996 1780 lacryma-

169 1792 261 1824 retur,
278 1789 334 1817 nisi
350 1798 367 1817 ο.
390 1798 434 1818 me
457 1790 619 1826 impeditus
644 1790 758 1824 fuisset,
786 1792 814 1817 et
838 1797 941 1825 parum
967 1790 996 1816 te

168 1833 327 1862 incusaret.
346 1834 386 1862 De
402 1834 558 1862 Antiochia
573 1834 738 1870 apologiam
754 1834 890 1868 faciebat,
911 1834 995 1868 jura~

169 1881 267 1907 menta
292 1879 403 1906 addens
428 1879 506 1914 quod
532 1887 590 1907 non
613 1880 695 1913 juxta
720 1881 801 1906 tuam
826 1878 994 1914 opinionem

168 1924 341 1952 mandatum
356 1923 449 1951 latum
466 1924 616 1958 fuerit,sed
634 1926 667 1951 ut
681 1925 869 1960 cognosceret
883 1922 994 1958 aliquid

168 1976 203 1996 ex
216 1971 244 1996 te
259 1976 362 1996 eorum
387 1976 451 2003 quae
473 1968 524 1996 ille
549 1967 663 1996 occulta
689 1968 784 2004 magis
807 1970 901 1995 erant.
927 1968 994 2000 Quae

167 2013 231 2040 visa
245 2015 315 2040 sunt
330 2013 384 2040 tibi
400 2013 562 2048 conspicua
577 2013 662 2049 signa
677 2013 752 2040 dixit
768 2020 832 2040 esse
852 2019 994 2039 sensuum

167 2066 226 2085 sua:
249 2057 358 2085 mentis
383 2057 571 2092 eximiorum,
596 2057 728 2092 sincerae,
752 2057 886 2092 inquam,
913 2056 943 2082 in
967 2058 994 2083 te

164 2101 380 2137 dispositionis,
401 2101 538 2129 fraternae
560 2101 779 2135 benevolentiae,
806 2101 836 2128 in
859 2100 994 2128 eamdem

164 2145 344 2174 voluntatem
357 2146 563 2173 unanimitatis
576 2148 605 2173 et
614 2145 898 2181 concordia,quibus
906 2145 996 2172 addu-

166 2193 233 2219 ctus
248 2193 276 2218 te
291 2190 322 2218 in
338 2190 454 2227 imperii
468 2190 613 2218 vestibulo
629 2190 732 2218 statuit
756 2192 785 2218 et
810 2198 918 2226 magna
942 2189 994 2217 tibi

164 2243 217 2271 per
232 2234 348 2264 minora.
361 2235 512 2264 indicavit.

1088 1477 1220 1509 Τοιοῦτός
1246 1477 1301 1505 ἐστι
1329 1478 1379 1512 τήν
1408 1478 1512 1514 ψυχήν.
1538 1477 1588 1504 Καὶ
1614 1476 1698 1504 stam
1724 1486 1768 1503 σοι
1798 1478 1879 1503 τοῦτο

1053 1520 1098 1548 διὰ
1120 1521 1147 1548 τί
1171 1521 1335 1558 προσπίπτει
1363 1521 1432 1556 ἀνία,
1450 1520 1509 1548 δέον
1528 1521 1634 1557 μᾶλλον
1659 1521 1823 1555 ἀσπάζεσθαι
1848 1520 1879 1547 τὸ

1052 1566 1169 1603 καθαρὸν
1182 1566 1227 1593 καὶ
1243 1565 1380 1593 ἄπλαστον
1393 1567 1441 1593 τοῦ
1459 1565 1592 1603 βασιλέως
1611 1564 1712 1602 ἰδίωμα
1726 1574 1732 1599 ;

1088 1611 1187 1648 ¹⁷Εγωγ’
1203 1610 1248 1638 οὖν
1263 1610 1337 1646 αὖτῷ
1358 1611 1408 1644 τὴν
1435 1611 1484 1644 σήν
1509 1609 1737 1647 ὑπαναγινώιηιων
1767 1609 1876 1637 ἐπιστο-

1052 1654 1103 1689 λὴν
1131 1655 1223 1692 ἑώρων
1245 1654 1318 1685 ὅπως
1342 1655 1376 1682 τὰ
1402 1655 1450 1691 μὶν
1471 1653 1559 1689 ἡδέως
1583 1652 1773 1692 προσεμειδία,
1789 1654 1823 1682 τὰ
1849 1653 1878 1682 8‘s

1050 1699 1204 1737 ἱλαρύνετο.
1234 1701 1297 1726 Ὅτε
1332 1698 1361 1726 δὲ
1397 1699 1547 1736 ἐπανέγνων
1580 1699 1653 1734 αὒτῷ
1679 1699 1724 1726 τὸν
1753 1699 1876 1736 μοναχὸν

1050 1744 1094 1771 καὶ
1123 1745 1172 1778 τὴν
1200 1744 1299 1781 ἀθρόαν
1330 1742 1489 1779 ἀλλοίωσιν,
1509 1746 1606 1781 μικροῦ
1627 1742 1680 1771 δεῖν
1710 1743 1755 1770 καὶ
1785 1743 1874 1779 ἐξεδά-

1049 1799 1156 1825 κρυσεν,
1174 1787 1196 1815 εί
1213 1787 1241 1815 δὲ
1255 1790 1293 1824 μή
1312 1799 1359 1824 μοι
1375 1787 1485 1826 ἄχθοιο.
1501 1787 1545 1816 καί
1572 1788 1662 1826 βραχύ
1684 1788 1711 1816 τί
1735 1799 1783 1815 σου
1811 1799 1874 1815 κατ-

1051 1833 1202 1870 εμέμψατο.
1231 1833 1426 1870 Ἀπελογίσατο
1457 1832 1485 1860 δὲ
1513 1833 1557 1860 καὶ
1595 1833 1657 1870 περὶ
1691 1836 1742 1867 τῆς
1771 1833 1875 1860 Ἀντιο-

1050 1878 1136 1915 χείας,
1163 1877 1260 1913 ὅρκους
1290 1877 1425 1916 ἀρρήτους
1451 1877 1578 1913 προσθεὶς
1601 1877 1642 1905 δτι
1670 1878 1708 1913 μή
1733 1877 1802 1904 κατά
1829 1877 1876 1907 τὰς

1051 1923 1097 1954 σὰς
1129 1922 1280 1959 ὑπολήψεις
1309 1924 1326 1957 ἡ
1357 1922 1502 1959 πρόσταξις
1538 1922 1659 1959 γέγονεν,
1688 1921 1751 1949 ἀλλ’
1776 1921 1822 1949 ἵνα
1850 1933 1875 1950 τι

1049 1968 1126 2005 γνοίη
1157 1967 1229 2005 παρὰ
1255 1969 1303 1994 σοῦ
1328 1969 1383 1994 τῶν
1412 1966 1498 1994 ἐκεῖσε
1522 1966 1760 2004 άπορῥητοτὲρων.
1783 1966 1821 1993 Τὰ
1850 1965 1878 1993 δὲ

1030 2011 1198 2050 ’φαινόμενά
1227 2022 1269 2039 σοι
1298 2011 1448 2049 παράσημα
1476 2014 1578 2048 σημεῖα
1602 2009 1699 2050 ἔφησεν
1724 2012 1792 2037 εἶναι
1821 2013 1876 2038 τῶν

1050 2055 1076 2083 ἐν
1102 2058 1136 2093 τῇ
1164 2057 1241 2093 ψυχῇ
1270 2057 1452 2093 παρασήμων,
1483 2056 1554 2094 φημί
1594 2053 1627 2088 δὴ
1665 2058 1715 2089 τῆς
1750 2055 1818 2091 πρὸς
1850 2055 1878 2082 σὲ

1049 2101 1166 2138 καθαρᾶς
1191 2099 1345 2134 διαθέσεως,
1373 2103 1424 2134 τῆς
1460 2098 1611 2138 ἆδελφικῆς
1649 2099 1799 2136 εὐμενείας,
1826 2103 1877 2134 τῆς

1050 2145 1088 2177 εἰς
1114 2145 1145 2173 τὸ
1172 2145 1237 2173 αὐτὸ
1262 2143 1370 2181 Θέλημα
1393 2144 1544 2181 συμπνοίας
1568 2154 1598 2172 τε
1630 2144 1675 2171 καὶ
1700 2143 1877 2179 συννεύσεως,

1049 2189 1093 2226 ἀφ’
1121 2190 1157 2216 ὧν
1186 2188 1401 2225 κινούμενοςηέν
1444 2188 1591 2226 προθύροις
1631 2198 1659 2215 σε
1685 2190 1734 2215 τοῦ
1761 2188 1878 2225 κράτους

1049 2233 1144 2270 ἔστησε
1159 2243 1165 2250 ·
1182 2233 1227 2261 καὶ
1251 2234 1286 2261 τὰ
1309 2233 1415 2271 μεγάλα
1439 2233 1484 2260 διὰ
1505 2235 1559 2260 τῶν
1585 2233 1752 2270 μικροτέρων
1773 2232 1876 2270 ἐχαραο

1047 2280 1185 2315 κτήρισεν.

202 2326 231 2354 Si
247 2326 339 2362 igitur
353 2326 502 2354 sincerum
520 2334 566 2353 me
582 2326 710 2353 amicum
725 2326 845 2360 reputas
860 2325 888 2351 et
902 2323 992 2351 veris-

1088 2323 1113 2351 Ei
1139 2321 1185 2350 οὖν
1222 2322 1402 2359 ἀνυπόκριτὸν
1434 2333 1467 2359 με
1497 2322 1576 2361 φίλον
1606 2320 1808 2358 ὑπολαμϐςῖνεις
1831 2322 1877 2350 καὶ

166 2370 288 2405 simum,
305 2373 334 2399 et
349 2370 483 2407 apprime
508 2371 566 2398 scis
592 2377 638 2397 me
665 2369 752 2396 ﬁdem
777 2377 835 2396 non
861 2367 998 2396 fraudare

166 2423 219 2443 nec
235 2415 410 2450 amicitiam,
427 2415 515 2443 talem
532 2414 583 2442 tibi
609 2414 729 2442 fratrem
753 2413 876 2448 conjice,
901 2411 998 2448 qualis

167 2467 320 2495 nunquam
336 2460 413 2488 alius
430 2459 520 2487 frater
534 2458 564 2486 in
581 2457 711 2486 amicitia
725 2460 753 2485 et
768 2458 886 2486 sincera
899 2457 998 2485 volun-

167 2506 228 2532 tate
244 2505 308 2532 fuit.

206 2549 329 2576 Omnem
347 2548 439 2584 igitur
454 2548 552 2576 luctus
572 2549 746 2583 praetextum
771 2555 805 2574 ex
829 2546 927 2575 animo
949 2554 997 2574 ex-

169 2592 294 2629 pellens.
309 2593 427 2621 dulcem
440 2601 523 2629 spem
539 2592 669 2628 concipe;
693 2594 722 2620 et
746 2591 860 2620 conﬁde
884 2591 914 2618 in
940 2591 998 2618 fra-

168 2640 244 2666 trem
260 2641 343 2666 tuum
360 2641 389 2666 et
403 2638 570 2666 dominum.
586 2637 620 2665 Et
634 2637 659 2665 si
675 2637 746 2674 quid
763 2637 872 2672 saepius
897 2637 998 2664 contra

170 2682 352 2711 voluntatem
369 2682 484 2716 accidit,
496 2683 525 2710 id
542 2684 646 2719 reputa
661 2691 695 2710 ex
709 2680 857 2717 imperiali
873 2679 998 2708 admini-

175 2727 326 2760 stratione,
344 2729 372 2755 et
387 2727 486 2762 potius
501 2727 550 2754 Dei
569 2726 749 2762 providentia
763 2725 924 2761 provenire.
944 2724 999 2751 Per

173 2774 256 2800 tuum
272 2780 390 2801 sacrum
406 2773 504 2807 caput,
519 2771 671 2799 felicitates
693 2770 828 2798 maxime:
852 2769 997 2804 guberna-

1052 2366 1245 2403 ἀληθέστατον,
1273 2367 1317 2394 καὶ
1357 2364 1477 2405 ἀκριϐῶς
1506 2365 1580 2398 οἶδας
1615 2366 1651 2397 ὡς
1679 2367 1711 2394 οὐ
1739 2365 1875 2403 ψεύδομαι

1051 2412 1141 2440 πίστιν
1157 2410 1219 2439 οὐδὲ
1234 2411 1470 2450 φιλίαν,τοιοῦτόν
1487 2422 1528 2439 σοι
1539 2411 1584 2439 τὸν
1601 2409 1718 2450 ἀδελφὸν
1735 2411 1875 2445 ἐπίστασο,

1052 2457 1146 2484 ὁποῖον
1165 2457 1215 2484 οὐκ
1230 2455 1316 2488 ἄλλος
1328 2455 1434 2493 ἐγένετο
1449 2455 1487 2487 είς
1503 2455 1595 2495 φιλίαν
1612 2454 1729 2494 ἀδελφὸς
1740 2455 1786 2482 καὶ
1803 2455 1878 2493 ἀκρι·

1052 2498 1183 2536 ϐεστάτην
1198 2500 1326 2529 διάθεσιν.

1088 2547 1177 2572 Πᾶσαν
1208 2543 1253 2572 οὖν
1291 2544 1383 2579 λύπης
1418 2544 1544 2572 ὑπόθεσιν
1571 2542 1718 2572 ἀποϐαλὼν
1741 2547 1792 2579 τῆς
1827 2546 1876 2582 ψυ-

1052 2593 1119 2626 χῆς,
1145 2588 1287 2626 γλυκείαις
1316 2587 1408 2616 ἐλπίσι
1438 2589 1543 2623 σύνεσο,
1572 2589 1617 2616 καὶ
1646 2588 1736 2627 θάρρει
1766 2589 1810 2616 ἐπὶ
1838 2592 1878 2625 τῷ

1051 2632 1163 2672 ἀδελφῷ
1190 2633 1235 2660 καὶ
1264 2631 1389 2671 δεσπότῃ,
1411 2633 1462 2660 Κᾶν
1485 2632 1512 2660 εἷ’
1536 2633 1562 2660 τί
1587 2644 1630 2660 σοι
1658 2632 1796 2664 πολλάκις
1822 2636 1875 2660 τῶν

1052 2675 1214 2713 ἀϐουλήτων
1232 2677 1386 2716 συμπίπτῃ,
1403 2677 1562 2715 οἷκονομίαν
1585 2679 1665 2705 τοῦτο
1689 2676 1772 2715 δέχου
1800 2679 1885 2716 βασι-ι

1053 2721 1136 2757 λικήν
1163 2722 1208 2750 καὶ
1239 2722 1357 2758 μάλιστα
1385 2725 1453 2750 Θεοῦ
1477 2722 1618 2760 πρόνοιαν.
1645 2723 1688 2756 Νὴ
1714 2722 1764 2756 τὴν
1801 2723 1874 2759 ἱεράν

1052 2776 1100 2794 σου
1111 2767 1162 2804 γὰρ
1178 2766 1310 2805 κεφαλήν,
1326 2768 1354 2795 αἱ
1371 2767 1493 2804 μέγισται
1519 2769 1572 2795 τῶν
1595 2767 1728 2804 εὐτυχιῶν
1757 2764 1875 2805 ἀκυϐέρ-
