1953 3047
158 145 1867 167 W

651 240 1362 343 APPENDIX

259 403 392 482 AD
457 404 775 483 ΟΡΕΒΑ
843 404 1364 487 MlCHAELIS
1429 406 1758 487 PSELLI

799 620 1216 673 ANONYMI

457 727 538 774 DE
586 727 1132 799 ANTIQUITATIBUS
1180 728 1554 777 CPOLITANIS

731 823 827 852 LIBRI
847 825 927 853 SIVE
946 825 1084 854 PARTES
1105 826 1281 858 QUATUOR.

632 901 714 936 (Ans.
735 902 879 934 BANDURI,
903 903 1055 938 Imperium
1078 903 1226 934 Orientale,
1249 905 1320 931 tom.
1337 903 1377 939 Ι.)

187 1057 319 1086 Auctoris
334 1057 439 1085 harum
454 1057 607 1093 Originum
621 1057 674 1086 GP.
691 1065 796 1086 nomen
812 1058 981 1094 ignoratur;
999 1058 1049 1086 sed
1064 1058 1119 1086 sub
1134 1058 1233 1086 Alexio
1257 1058 1405 1086 Comneno
1434 1067 1501 1086 eum
1526 1058 1634 1087 vixisse
1657 1067 1693 1086 ex
1707 1059 1817 1087 iambis
1833 1059 1863 1087 in

153 1103 248 1131 fronte
263 1102 366 1138 positis
380 1102 538 1138 Alexioque
553 1102 722 1138 imperatori
738 1102 917 1139 nuncupatis
931 1103 1084 1138 arguitur;
1101 1111 1135 1130 ex
1150 1102 1259 1138 quibus
1275 1103 1363 1130 etiam
1380 1103 1551 1138 scriptorem
1564 1106 1699 1132 nostrum
1711 1103 1863 1131 exstitisse

153 1147 335 1183 professione
350 1146 527 1174 monachum
545 1146 629 1174 facile
644 1147 802 1181 crederem,
819 1147 889 1174 dum
904 1146 945 1174 ibi
959 1146 1091 1174 Alexium
1117 1147 1252 1182 pluribus
1275 1146 1376 1174 laudat
1390 1155 1407 1174 a
1422 1147 1625 1175 muniﬁcentia
1639 1150 1668 1175 et
1682 1147 1864 1176 liberalitate

151 1192 180 1220 in
198 1192 357 1220 monachos
372 1192 422 1227 (a).
439 1191 590 1220 Trecentis
604 1191 694 1227 igitur
709 1193 737 1219 et
752 1192 966 1228 quinquaginta
982 1191 1098 1219 circiter
1113 1191 1197 1219 annis
1213 1191 1357 1219 Codinum
1373 1193 1456 1220 aetate
1471 1193 1571 1227 prazit;
1587 1193 1637 1227 qui
1653 1192 1754 1228 procul
1769 1192 1863 1220 dubio

151 1237 290 1273 pleraque
305 1245 338 1264 ex
354 1238 455 1264 nostro
470 1236 612 1272 scriptore
627 1236 736 1270 hausit;
754 1237 783 1263 in
800 1236 902 1264 multis
915 1244 982 1264 vero
997 1236 1033 1264 ab
1069 1245 1102 1264 eo
1114 1237 1269 1271 discrepat;
1283 1245 1378 1272 neque
1393 1237 1422 1264 in
1436 1237 1628 1265 describenda
1640 1237 1711 1265 urbe
1722 1238 1862 1265 eumdem

152 1282 282 1310 ordinem
299 1283 405 1309 servat.
423 1281 553 1309 Codinus
569 1281 678 1317 quippe
694 1281 775 1308 nullo
787 1281 889 1308 ordine
904 1283 1018 1308 servato
1034 1281 1116 1308 urbis
1131 1281 1181 1308 CP.
1199 1281 1321 1308 zedificia
1337 1283 1479 1314 recenset,
1494 1281 1585 1308 situm
1602 1290 1658 1309 non
1676 1281 1829 1317 assignat;
1847 1289 1863 1309 ο

152 1327 297 1355 contrario
312 1334 379 1353 vero
393 1326 563 1361 Anonymus
580 1327 678 1353 noster
694 1326 796 1353 urbem
813 1327 872 1353 tres
889 1325 917 1352 in
935 1327 1033 1361 partes
1050 1325 1239 1352 distributum
1265 1325 1366 1353 ordine
1387 1325 1543 1359 describit;
1569 1328 1597 1353 et.
1618 1326 1714 1362 primo
1739 1326 1861 1361 quidem

150 1371 225 1398 libro
255 1370 380 1405 primam
410 1370 491 1397 urbis
516 1372 628 1405 partem
654 1371 702 1405 qui
729 1370 888 1406 incipiebat
913 1378 931 1397 a
957 1369 1064 1405 palatio
1089 1369 1219 1403 Chalces,
1235 1372 1264 1397 et
1279 1378 1295 1397 a
1311 1369 1402 1397 millic
1419 1379 1514 1406 usque
1529 1371 1564 1398 ad
1585 1373 1699 1406 portam
1716 1372 1860 1405 Auream;

152 1415 226 1444 libro
243 1415 371 1442 secundo
387 1414 506 1442 alteram
524 1416 635 1450 partem
652 1423 715 1450 quas
735 1415 893 1450 incipiebat
908 1423 924 1442 a
937 1414 1154 1449 Tzicanisterio,
1181 1415 1361 1450 Hodegelriaa
1387 1415 1521 1448 ecclesia,
1545 1418 1574 1443 et
1595 1415 1748 1451 Manganis
1765 1423 1861 1451 usque

152 1461 187 1488 ad
205 1459 420 1492 Blanchernas;
437 1459 512 1486 libro
526 1459 612 1487 tertio
627 1462 739 1495 partem
755 1460 881 1493 tertiam,
894 1467 959 1495 (10$
971 1459 1129 1494 incipiebat
1141 1460 1177 1487 ab
1193 1459 1285 1487 altera
1301 1462 1383 1495 parte
1398 1460 1427 1488 S.
1444 1460 1548 1495 Sergii,
1565 1462 1593 1487 et
1609 1459 1726 1496 palatiis
1735 1459 1860 1495 Sophia-

152 1505 199 1532 nis
217 1512 310 1539 usque
325 1504 359 1531 ad
377 1512 477 1531 muros
491 1503 687 1531 occidentales
710 1505 881 1539 Magnarum
907 1504 1071 1532 Portarum.
1090 1504 1159 1531 Item
1171 1504 1272 1531 eodem
1290 1504 1344 1532 hoc
1360 1504 1434 1532 libro
1451 1505 1511 1539 agit
1525 1505 1561 1532 de
1577 1505 1696 1540 palatiis
1711 1507 1741 1532 et
1755 1513 1859 1532 mona-

152 1550 250 1577 steriis
266 1548 445 1576 suburbanis
462 1557 468 1576 :
485 1549 521 1576 de
543 1548 728 1575 monasteriis
746 1549 894 1581 Peraticie,
913 1551 941 1576 et
956 1550 991 1577 de
1002 1549 1195 1576 monasteriis
1211 1551 1293 1576 trans
1305 1550 1422 1577 fretum.
1434 1549 1520 1576 Libro
1536 1549 1662 1585 denique
1677 1552 1782 1585 quarto
1798 1550 1860 1586 agit

153 1596 325 1628 Anonymus
340 1595 441 1619 noster
457 1593 492 1619 de
508 1594 656 1619 structura
671 1592 740 1619 aedis
757 1593 922 1628 Sophianaa,
939 1601 1002 1628 qua
1027 1593 1055 1620 in
1082 1592 1184 1620 multis
1199 1593 1315 1620 diversa
1329 1593 1365 1620 ab
1381 1593 1468 1620 editis
1494 1596 1625 1628 apparet.
1643 1593 1746 1621 Varias
1760 1596 1860 1621 autem

151 1637 292 1664 lectiones
308 1636 475 1671 plerasque,
492 1645 556 1672 qua
572 1636 599 1663 in
616 1636 843 1664 Commentariis
858 1637 968 1664 nostris
984 1636 1139 1668 habentur,
1155 1637 1381 1672 suppeditarunt
1408 1637 1498 1664 codex
1514 1636 1623 1673 Regius
1639 1645 1721 1665 num.
1747 1638 1860 1665 3058.3.

151 1683 250 1718 (quem
265 1682 293 1708 2.
308 1680 491 1716 appellamus
507 1681 542 1708 ad
560 1681 756 1709 differentiam
771 1681 886 1708 Codicis
901 1681 980 1714 Regii
996 1689 1078 1708 num.
1095 1681 1205 1708 3028.4.
1223 1689 1257 1708 ex
1281 1689 1339 1716 quo
1366 1684 1492 1716 quatuor
1508 1681 1617 1717 primos
1643 1682 1860 1718 Antiquitatum

152 1726 242 1760 libros
257 1725 479 1761 exscripsimus,
495 1727 523 1752 et
539 1733 626 1761 quem
643 1725 663 1752 Ι.
681 1727 831 1759 vocamus)
848 1728 877 1753 et
891 1726 987 1753 Codex
998 1725 1182 1753 Colbertinus
1194 1733 1276 1752 num.
1287 1725 1369 1752 3607.
1382 1725 1480 1761 Stylus
1492 1728 1589 1753 autem
1607 1726 1751 1762 Anonymi
1762 1727 1858 1754 nostri

153 1772 199 1797 est
213 1770 311 1798 varius
327 1772 356 1797 et
371 1769 531 1805 inaequalis,
548 1771 647 1805 utpote
663 1769 711 1805 qui
728 1778 802 1805 opus
817 1778 917 1802 suum,
930 1772 962 1797 ut
978 1769 1113 1802 arbitror,
1130 1778 1164 1797 ex
1179 1769 1302 1796 diversis
1325 1769 1518 1806 scriptoribus
1540 1770 1694 1806 Originum
1720 1779 1771 1798 seu
1799 1774 1859 1798 An-

149 1814 762 1850 tiquitatumConstantinopolitanarum,et
771 1823 805 1842 ex
818 1814 884 1842 allis
895 1814 1104 1842 Chronicorum
1118 1814 1310 1850 scriptoribus
1319 1813 1367 1849 qui
1380 1817 1446 1841 ante
1457 1813 1554 1849 ipsum
1567 1814 1860 1849 ﬂoruerunt,consar-

152 1860 261 1887 cinavit
272 1868 323 1895 pro
336 1867 414 1887 more
430 1861 582 1887 auctorum
599 1859 679 1886 illius
691 1859 752 1887 aevi.
765 1859 902 1887 Hauserit
912 1859 1004 1895 igitur
1015 1867 1048 1886 ex
1060 1859 1203 1894 opusculo
1219 1858 1354 1894 Hesychii
1377 1858 1494 1891 Milesii,
1506 1859 1584 1894 quod
1605 1859 1777 1887 inscribitur
1793 1859 1859 1895 Περὶ

151 1906 205 1930 τῶν
220 1904 353 1939 πατρίων,
369 1904 430 1931 eive
445 1904 481 1931 De
495 1903 650 1938 originibus
666 1903 718 1930 (ΣΡ.
735 1906 763 1930 et
778 1911 812 1930 ex
828 1903 918 1931 altero
941 1903 1073 1938 ejusdem
1090 1903 1167 1930 tituli
1195 1906 1223 1930 et
1243 1903 1409 1939 argumenti
1425 1902 1578 1938 opusculo,
1595 1906 1713 1930 auctore
1727 1903 1858 1931 Christo-

153 1949 234 1983 doro,
253 1948 380 1976 Pasnisci
399 1948 467 1981 lilio,
484 1947 631 1983 Copteusi,
649 1956 735 1982 quem
763 1948 883 1975 laudant
897 1948 1001 1975 Suidas
1016 1951 1044 1976 et
1060 1948 1188 1975 Eudocia
1203 1950 1336 1983 Augusta
1359 1947 1388 1974 in
1414 1948 1508 1982 Ioniis,
1525 1956 1612 1983 opere
1627 1956 1682 1976 ms.
1699 1956 1716 1975 a
1730 1948 1860 1976 nobisin

152 1993 377 2020 Commentariis
391 2000 466 2027 sape
481 1992 579 2019 citato.
596 1992 740 2019 Fortassis
756 1994 784 2019 et
800 2000 834 2019 ex
849 1991 914 2019 aliis
930 1992 1061 2027 ejusdem
1078 1991 1244 2027 argumenti
1261 1991 1468 2027 scriptoribus,
1484 1991 1534 2026 qui
1550 1992 1680 2019 citantur
1696 2000 1713 2019 a
1728 1992 1861 2028 Porphy-

152 2037 285 2073 rogenitc
301 2037 352 2064 lib.
370 2045 390 2064 II
406 2037 442 2064 De
455 2037 538 2064 them.
553 2044 616 2071 cap.
635 2037 689 2063 t2:
709 2037 846 2064 Pristerea
871 2045 906 2064 ex
933 2039 1051 2064 auctore
1075 2037 1210 2064 Chronici
1235 2036 1432 2070 Alexandrini,
1459 2036 1647 2071 Theophane,
1672 2037 1802 2065 Cedreno
1827 2045 1860 2065 ac

152 2081 275 2116 reliquis
292 2081 421 2108 historia:
437 2080 602 2116 Byzantina:
616 2079 820 2115 scriptoribus.
837 2081 979 2108 Caeterum
995 2089 1080 2108 voces
1096 2081 1308 2116 peculiares,ac
1325 2081 1446 2116 phrases
1461 2081 1570 2116 quibus
1581 2081 1673 2108 utitur
1688 2082 1861 2117 Anonymus

153 2127 264 2159 noster,
281 2125 310 2152 in
327 2123 551 2152 Commentariis
567 2124 745 2152 adnotantur
760 2124 822 2152 suis
839 2125 909 2153 locis
926 2127 953 2153 et
969 2125 1152 2161 explicantur
1163 2125 1210 2161 (ὁ).

185 2219 219 2248 (a)
237 2216 356 2242 Casimiri
370 2215 467 2241 Oudini
484 2219 649 2247 argumenta.
667 2217 763 2248 quibus
779 2217 842 2241 istas
862 2217 1039 2248 Antiquitates
1054 2216 1176 2242 Michaeli
1188 2217 1270 2241 Pscllo
1287 2216 1423 2248 vindicare
1438 2216 1524 2241 voluit
1539 2216 1565 2240 in
1582 2216 1650 2242 libro
1670 2217 1706 2241 De
1721 2217 1858 2248 scriptori-

155 2249 201 2274 bus
211 2248 391 2278 ecciesz‘asticis,
404 2251 468 2273 tom.
485 2249 515 2278 ll,
532 2247 793 2274 ud:1.odum'iuccrta
810 2256 868 2274 esse
884 2256 915 2274 ac
929 2247 1030 2273 lubrica
1044 2248 1140 2280 probat
1152 2249 1207 2280 ipse
1224 2248 1372 2273 Baudurius
1394 2247 1420 2272 in
1437 2248 1594 2272 Praefatione
1610 2249 1642 2273 ad
1658 2250 1714 2273 tom
1737 2248 1861 2272 INumi':-

155 2282 252 2304 mntum
267 2280 461 2309 imperatorum,
475 2279 554 2309 Paris,
569 2280 627 2304 l'll8
643 2279 688 2303 fol.

186 2312 222 2341 (Ιι)
234 2311 319 2337 Adeat
333 2310 438 2345 Lector,
453 2311 474 2335 si
488 2311 568 2345 lubet.
584 2312 672 2339 ipsum
688 2310 816 2345 Bapdurii
827 2318 907 2345 opus;
922 2310 1050 2345 hisenim
1066 2310 1272 2339 commentariis.
1284 2317 1363 2341 quam
1374 2317 1422 2342 per
1430 2313 1470 2336 est
1481 2310 1674 2342 diﬂ‘usioribus,
1687 2317 1751 2335 nam
1763 2317 1812 2342 per
1822 2310 1862 2336 in-

155 2345 258 2374 tegrum
275 2343 398 2368 maximas
408 2343 502 2367 formae
513 2342 638 2367 volumen
652 2342 845 2373 exspiatantur.
862 2342 949 2367 locum
959 2342 1022 2367 dare
1034 2349 1089 2366 non
1104 2349 1255 2373 possumus.
