1953 3047
59 117 142 148 1189

577 110 630 142 DE
651 111 985 147 ANTIQUITATIBUS
1009 115 1250 146 CPOLlTANIS.

1689 116 1767 148 H90

650 265 1182 347 ΑΝΟΝΥΜΙ

402 395 484 444 DE
517 395 1031 450 ANTIQUITATIBUS
1068 398 1429 448 CPOLITANIS

770 495 885 526 LIBER
912 495 1060 528 PRIMUS

249 572 308 609 Qui
322 571 432 611 incipit
444 580 463 601 a
477 570 595 611 palatio
610 569 741 602 Chalces
755 572 787 601 et
801 579 820 602 a
835 570 993 609 Milliario,
1010 581 1047 602 ac
1064 573 1217 613 pertingit
1230 574 1271 605 ad
1286 577 1411 615 portam
1428 576 1578 608 Auream.

156 735 330 764 INCIPIUNT
346 733 415 762 CUM
432 733 498 762 ΠΕΟ
520 732 622 762 URBIS
640 732 799 766 ANTIQUI-

421 769 538 798 TATES.

64 826 127 858 Quo
143 827 227 861 pacto
244 823 374 852 occultos
389 823 510 859 laqueos
525 822 657 857 evasisti,

64 871 100 898 Et
115 877 211 905 quaem
227 869 376 905 sapienter
389 876 439 896 eos
454 867 483 894 in
499 867 594 895 lucem
611 866 754 894 eduxisti!

64 913 129 941 Nisi
143 913 222 941 enim
239 913 301 946 hos,
314 912 372 940 Deo
388 912 555 947 adjuvante,
571 911 764 947 explorasses.

67 961 130 987 Non
146 957 279 986 hostium
294 956 485 993 supercilium
502 956 670 992 dejecisses,
687 964 704 984 ο
719 955 890 992 imperator.

67 1003 110 1031 Ad
127 1010 266 1039 suprema
280 1001 453 1036 conscende,
467 1000 625 1028 virtutibus
639 1002 810 1034 coronatus;

70 1047 138 1076 Illas
158 1047 307 1081 enimjam
321 1045 391 1074 olim
406 1047 503 1074 tecum
520 1047 686 1082 pugnantes
702 1045 828 1081 obtines,

69 1092 135 1120 Hac
151 1091 306 1128 praevalida
321 1099 403 1118 arma
417 1089 447 1117 in
464 1090 572 1126 praaliis
587 1092 695 1126 gestas,

69 1136 269 1170 Prudentium,
285 1134 497 1168 fortitudinem,
514 1135 748 1170 temperantiam.

67 1181 232 1214 Justitiam,
246 1181 368 1216 ipsaque
384 1187 442 1207 una
457 1180 642 1215 conjunctae.

69 1226 118 1253 Dei
136 1225 275 1253 mandata
290 1232 421 1259 servans,
445 1232 461 1251 ο
477 1223 647 1259 imperator,

69 1271 250 1303 Mansuetus,
268 1268 400 1303 humilis,
417 1276 450 1296 ac
467 1268 561 1296 facilis
576 1277 694 1296 accessu
709 1277 752 1302 es,

69 1314 272 1350 Omnibusque
286 1315 313 1340 te
329 1312 483 1340 monachis
498 1313 640 1348 expsndis

69 1361 184 1394 Eosque
199 1357 346 1393 supremis
362 1357 533 1385 muneribus
549 1357 636 1384 ditas.

71 1405 164 1436 Quare
180 1405 208 1431 te
224 1402 358 1430 Christus
376 1401 469 1437 magis
486 1401 639 1438 magisque
654 1403 835 1429 remunerat.

70 1449 145 1476 Dum
162 1449 189 1475 te
197 1447 333 1483 protegit,
345 1448 499 1482 servatque
511 1446 539 1473 in
551 1446 658 1482 pugnis
670 1454 736 1474 cum
744 1446 890 1480 hostibus,

71 1495 111 1520 Ac
126 1500 175 1520 eos
191 1492 291 1520 dexter
305 1490 359 1518 tibi
375 1490 491 1525 penitus
503 1490 533 1517 in
547 1491 644 1526 fugam
658 1490 753 1518 vertit.

71 1537 211 1565 Caeterum
223 1536 252 1564 in
270 1535 441 1563 memoriam
457 1537 639 1571 perpetuam,
655 1543 671 1562 ο
687 1535 857 1571 imperator,

72 1582 201 1610 Tuorum
218 1583 393 1616 tropaeorum
409 1579 492 1608 nullo
507 1582 638 1616 tempore
653 1579 821 1614 delendam,

71 1626 191 1659 Domus,
207 1625 325 1660 templs,
343 1627 469 1657 statuas,
486 1625 721 1660 mmniorumque
738 1624 815 1652 situs

72 1670 211 1707 Byzantii,
228 1670 257 1698 in
274 1678 367 1697 unum
383 1672 517 1697 accurate
533 1669 665 1705 collecte,

70 1714 132 1742 Tibi
151 1713 246 1742 Alexio
261 1715 409 1742 Gomneno
424 1713 594 1750 imperatori
612 1714 711 1742 oﬁ‘ero.

904 733 1050 767 AAPXEI
1080 736 1144 761 ΣΥΝ
1173 737 1238 774 ΘΕῼ
1263 736 1346 774 ΑΓΙῼ
1373 737 1421 764 TA
1453 737 1581 766 HATPIA
1608 740 1680 768 ΤΗΣ
1708 741 1771 769 ΠΟ-

1304 774 1406 801 ΛΕΩΣ.

980 821 1013 849 Ὢ
1029 824 1088 854 πῶς
1104 822 1240 859 μετῆλθες
1254 823 1303 855 τὰς
1316 823 1504 862 κεκρυμμὲνας
1519 827 1621 865 πάγας,

945 866 997 893 Καὶ
1015 868 1074 898 πῶς
1088 870 1177 906 σοφῶς
1194 867 1291 906 ἤγαγες
1306 868 1387 900 αὐτὰς
1404 869 1442 901 εἰς
1458 870 1543 907 φάοςέ

946 910 976 938 El
995 911 1033 947 μὴ
1048 912 1102 949 γὰρ
1118 911 1198 943 αὐτὸς
1213 911 1242 940 ἐκ
1256 915 1324 940 Θεοῦ
1339 913 1513 942 insanin-ron.

947 954 1003 983 Οὐκ
1017 954 1046 982 ἂν
1062 955 1185 987 καθεῖλες
1201 955 1338 994 δυσμενῶν
1355 958 1450 998 ὀφρῦν,
1467 958 1561 996 μεδον.

946 999 1036 1036 Χώριι
1051 1001 1109 1027 κατ’
1123 999 1212 1038 ἄκρων
1229 1002 1335 1039 ἀρεταῖς
1351 1003 1513 1040 ἐστεμμένος
1531 1014 1538 1021 ·

945 1044 1041 1082 Ἔχεις
1055 1045 1106 1082 γὰρ
1122 1045 1203 1077 αὐτὰς
1219 1047 1418 1085 συμμαχούσας
1433 1059 1475 1076 σοι
1491 1050 1588 1084 πάλαι,

945 1088 1055 1116 ’Ὁπλον
1070 1091 1196 1125 κραταιὸν
1214 1089 1281 1122 εἶδες
1296 1091 1321 1119 ἐν
1341 1093 1445 1130 μάχαις
1467 1093 1593 1131 [φέριιν.]

948 1134 1098 1170 Φρόνησιν,
1115 1133 1237 1173 ἀνδρείαν
1252 1146 1292 1171 τε,
1308 1135 1352 1164 καί
1369 1138 1559 1176 σωφροσύνην,

948 1178 1138 1214 Δικαιοσύνην,
1155 1181 1365 1218 συνεζευγμένας
1380 1182 1492 1217 ταύτας,

948 1224 1014 1250 Θεοῦ
1029 1222 1172 1260 φυλάττων
1190 1223 1314 1260 ἐντολὰς,
1331 1226 1512 1265 αὐτοκράτορ,

948 1267 1049 1303 Πραῢς,
1063 1267 1202 1304 ταπεινὰς,
1215 1270 1260 1296 καὶ
1275 1270 1397 1308 γαληνὸς
1413 1273 1566 1310 τυγχάνεις,

948 1314 1090 1349 Συμπῖισιν
1104 1311 1204 1345 ἁπλοῖς
1219 1315 1317 1342 σαυτὸν
1334 1318 1394 1347 τοῖς
1412 1318 1605 1353 μονοτρόποις,

948 1356 1000 1384 Καὶ
1016 1355 1209 1386 πλουτοποιεῖς
1225 1356 1339 1396 δωρεαῖς
1354 1360 1523 1397 ὑπερτάτως.

946 1401 1026 1432 Ὅθεν
1044 1411 1072 1428 σε
1086 1402 1206 1438 Χριστὸς
1221 1401 1408 1439 ἀνταμείϐεται
1423 1404 1508 1433 πλέον

949 1448 1070 1480 Σκέπων,
1088 1445 1231 1483 φυλάττων
1248 1447 1273 1475 ἐν
1291 1447 1391 1481 πάλαις
1408 1449 1547 1486 ἐναντίων,

948 1491 979 1518 T’
996 1489 1092 1521 αὐτοὺς
1108 1492 1251 1528 τροπώσας
1267 1491 1352 1528 δεξιὸς
1367 1493 1539 1533 ὁλοτρόπως.

948 1535 1070 1571 Μνήμην
1087 1534 1185 1563 λοιπὸν
1201 1535 1335 1566 ἄπαυστον
1352 1538 1377 1566 ἐν
1398 1539 1460 1577 βίῳ,
1476 1539 1548 1576 ἅναξ,

948 1580 1008 1624 Τῶν
1025 1582 1077 1606 σῶν
1093 1581 1241 1618 τροπαίων,
1259 1583 1297 1618 μή
1317 1587 1494 1621 μαρανθεῖσαν
1511 1583 1615 1624 χρόνῳ.

949 1622 1060 1658 οἱ¹κους,
1076 1625 1166 1659 ναοὺς,
1184 1626 1286 1662 στήλας
1300 1638 1340 1663 τε,
1355 1629 1401 1656 καὶ
1415 1622 1631 1668 τειχῶν-θέσεις,

949 1669 995 1699 Ἐς
1008 1668 1035 1696 ἓν
1052 1670 1171 1706 συνάψας
1187 1669 1307 1709 ἀκριϐῶς
1325 1673 1480 1710 Βυζαντίου,

950 1712 1065 1749 ’Λλεξίῳ
1083 1713 1190 1749 μίδοντι
1207 1719 1342 1753 Κομνηνῷ
1357 1718 1441 1755 φέρω.

350 1779 392 1804 De
407 1777 537 1812 Byzantii
555 1776 712 1812 conditore,
735 1776 820 1813 deque
835 1776 958 1812 ejusdem
973 1776 1049 1804 urbis
1067 1785 1210 1806 mmorum
1224 1779 1279 1807 situ
1297 1781 1380 1816 atque
1393 1782 1494 1816 forma.

106 1831 263 1858 Sciendum
279 1831 334 1862 est,
350 1828 520 1865 Byzantium
545 1829 678 1865 Byzantis
696 1829 774 1865 regis
791 1829 893 1858 urbem

73 1875 174 1908 fuisse,
195 1874 281 1909 cujus
292 1873 400 1910 palatia
413 1873 442 1900 in
456 1873 591 1909 Acropoli
604 1876 696 1901 erant.
708 1874 761 1902 Ubi
774 1876 803 1902 et
816 1873 895 1902 Jovis

72 1918 215 1954 templum
233 1918 302 1946 olim
319 1917 462 1952 exstabat,
478 1926 512 1945 ex
527 1925 584 1953 quo
597 1921 757 1954 supersunt
769 1925 896 1946 marmo-

73 1965 114 1993 rei
131 1965 256 1993 fornices
282 1963 453 2000 ingentibus
468 1962 533 1991 fulti
548 1962 714 1998 columnis;
741 1963 790 1991 ubi
805 1963 894 1991 etiam

72 2009 152 2038 Jovis
168 2017 200 2037 ac
216 2008 334 2037 Saturni
349 2008 435 2044 signa
450 2007 635 2044 reperiuntur
652 2016 658 2036 :
671 2008 776 2044 priscis
787 2009 896 2045 quippe

73 2062 137 2082 mos
152 2055 215 2081 erat
229 2053 258 2080 in
276 2053 393 2080 urbium
410 2052 527 2080 arcibus
540 2061 610 2080 suas
629 2053 731 2080 domos
747 2053 790 2081 vel
812 2053 893 2089 pala-

73 2097 115 2125 tia
126 2100 286 2126 exstruere.
299 2097 359 2124 Sub
370 2098 496 2132 Byzente
507 2096 608 2132 igitur,
625 2096 667 2124 uti
687 2096 834 2133 hodieque
849 2097 895 2124 in-

73 2120 200 2177 cipiebat
215 2149 318 2168 murus
334 2149 351 2169 a
367 2120 440 2168 tudrri
457 2120 640 2177 Acrgpoleos,
661 2144 690 2169 et
705 2120 845 2178 pergebat
860 2142 896 2169 sd
912 2120 934 2153 Ο

73 2186 178 2214 turrim
196 2193 288 2221 usque
303 2185 422 2221 Eugenii
434 2193 440 2212 :
454 2185 522 2212 inde
536 2186 715 2213 ascendebat
729 2186 764 2213 ad
786 2186 896 2214 Strate-

74 2231 211 2266 gium,et
239 2230 482 2266 progrediebatur
497 2230 533 2256 ad
562 2229 710 2257 Achilleas
740 2231 896 2258 Thermas.

74 2275 205 2302 Porticus
220 2283 288 2302 vero
315 2273 421 2301 Urbicii
447 2274 535 2307 dicta,
561 2281 625 2310 qua:
656 2275 764 2302 ibidem
790 2277 898 2308 exstat,

74 2321 156 2354 porta
171 2318 318 2346 terrestris
347 2318 573 2355 Byzantinorum
590 2321 662 2346 erat.
680 2319 752 2346 Hinc
767 2319 796 2346 in
812 2319 898 2347 Chal-

73 2364 203 2398 copratis
220 2362 359 2391 tendebat
375 2371 489 2398 murus,
505 2365 533 2391 et
548 2371 642 2398 usque
658 2363 694 2390 ad
716 2363 896 2396 Milliarium,

68 2407 132 2435 ubi
148 2407 242 2435 altera
257 2409 319 2435 erat
349 2409 434 2443 porta
457 2407 614 2436 terrestris.
639 2408 710 2436 Inde
725 2408 900 2444 procedebat

73 2452 108 2479 ad
123 2450 235 2479 tortiles
250 2451 404 2479 columnas
415 2451 694 2487 szculariorum,et
705 2453 900 2481 descendebat

75 2498 109 2525 ad
125 2498 232 2533 Topos,
248 2499 277 2524 et
305 2505 409 2524 rursus
435 2496 608 2524 deﬂeotebut
637 2505 687 2533 per
711 2497 857 2534 Mangana
871 2500 900 2526 et

73 2542 215 2570 Thermas
231 2541 420 2575 Arcadianas,
436 2543 523 2577 atque
539 2541 580 2569 ita
593 2541 714 2569 demum
734 2543 899 2570 reverteba-

75 2589 122 2614 tur
136 2586 165 2613 in
182 2586 360 2622 Acropolim.
377 2586 468 2613 Totus
485 2588 583 2613 autem
600 2594 710 2614 munus
731 2586 834 2622 viginti
853 2595 898 2615 se-

74 2633 151 2666 ptem
167 2630 298 2658 turribus
314 2630 478 2658 instructus
493 2632 565 2658 erat.
583 2632 649 2658 Haec
665 2631 756 2667 igitur
770 2634 834 2660 erat
850 2639 899 2659 ur-

77 2679 121 2706 bis
136 2679 233 2706 !orma
247 2678 302 2707 sub
318 2678 450 2714 Byzante.

987 1829 1047 1866 Χρή
1075 1829 1216 1866 γινώσκειν
1246 1831 1287 1859 ὅτι
1313 1832 1344 1859 τὸ
1375 1834 1518 1868 Βυζάντιον
1541 1834 1625 1867 πόλις
1653 1837 1686 1872 ἦν
1715 1839 1775 1867 τοῦ.

951 1872 1086 1919 βύζαντος
1116 1874 1258 1919 βασιλέως,
1275 1876 1357 1914 οὗπερ
1381 1877 1415 1904 τὰ
1443 1877 1562 1906 παλατια
1590 1880 1657 1914 ἦσαν
1687 1880 1714 1908 ἐν
1742 1883 1776 1919 τῇ

952 1917 1126 1963 Ἀκροίτὸλειἶ
1154 1919 1184 1947 Ὀ
1214 1918 1244 1963 δε
1270 1919 1296 1947 ἐν
1326 1920 1394 1954 αὐτῆ
1424 1923 1488 1953 ναὸς
1515 1923 1623 1962 ὑπῆρχε
1646 1917 1776 1963 πρότερον

950 1964 998 2007 τοῦ
1028 1963 1101 1997 Διὸς,
1118 1962 1143 1999 ἐξ
1171 1964 1202 1991 οὗ
1231 1961 1290 2002 ἔχει
1318 1966 1366 1997 τὰς
1392 1968 1583 2006 μαρμαρίνους
1602 1961 1704 2007 Ῠάψίδας
1731 1961 1779 2002 τὰς

951 2005 1063 2043 ὕπερθεν
1092 2010 1146 2035 τῶν
1178 2008 1306 2047 μεγάλων
1336 2011 1446 2046 κιόνων,
1475 2005 1500 2039 οἳ
1542 2005 1695 2052 ὑπάρχουσι
1730 2017 1778 2043 τοῦ

953 2050 1014 2083 Διὸς
1042 2051 1086 2097 καὶ
1110 2054 1158 2079 τοῦ
1183 2053 1286 2091 Κρόνου
1309 2055 1336 2082 αἱ
1360 2055 1458 2091 στῆλαι
1478 2066 1483 2072 ·
1509 2056 1545 2084 δι’
1560 2050 1601 2086 ὧν
1617 2050 1696 2097 Ἰὲχιιν
1721 2058 1780 2092 ἔθος

951 2098 1009 2126 τοῖς
1032 2095 1162 2128 παλαιοῖς
1188 2097 1226 2128 εἰς
1248 2099 1297 2130 τὰς
1323 2099 1488 2136 ἀκροπόλεις
1513 2101 1613 2137 κτίζιιν
1638 2095 1688 2136 τὰς
1718 2105 1778 2132 δαυ-

950 2142 1004 2167 τῶν
1022 2140 1120 2175 οἲκίας,
1136 2140 1199 2176 ἤτοι
1214 2143 1247 2170 τὰ
1267 2143 1396 2173 παλάτια.
1415 2148 1536 2183 ’Ήρχιτο
1563 2145 1591 2174 δὲ
1618 2148 1649 2175 τὸ
1674 2151 1778 2187 τεῖχος,

951 2185 1021 2212 καθά
1049 2185 1094 2212 γαί
1120 2188 1174 2222 νῦν,
1205 2187 1249 2214 ἐπὶ
1281 2190 1329 2215 τοῦ
1356 2189 1502 2226 Βύζαντος,
1519 2191 1572 2219 ἀπὸ
1599 2195 1647 2220 τοῦ
1676 2185 1780 2230 πύργου

951 2232 1001 2275 τῇς
1023 2229 1228 2275 Ἀκροπόλεως,
1251 2232 1295 2259 καὶ
1324 2231 1455 2271 διήρχετο
1479 2235 1518 2266 εἷς
1542 2236 1588 2263 τὸν
1617 2239 1665 2264 τοῦ
1692 2229 1780 2275 Εὖγε-

952 2272 1012 2319 νίσυ
1033 2273 1153 2319 γπύργον,
1183 2275 1227 2302 καὶ
1258 2275 1381 2305 ἀνέϐαινε
1411 2279 1494 2316 μέχρι
1523 2280 1570 2306 τοῦ
1599 2272 1780 2319 Στρατηγὶου,

953 2317 998 2363 καὶ
1028 2317 1131 2355 ἤρχετο
1159 2319 1198 2350 sic
1226 2320 1257 2347 τὸ
1285 2323 1333 2348 rei}
1362 2321 1519 2359 Ἀχιλλέως
1549 2317 1722 2363 λουτρόν.Ἡ
1752 2325 1781 2354 δὶ

954 2361 1039 2389 ἐκεῖσε
1066 2363 1140 2399 ἁψὶς,
1165 2364 1182 2398 ἡ
1213 2363 1350 2402 λεγομένη
1374 2369 1422 2393 τοῦ
1457 2361 1720 2408 Οὐρϐικίου,πόρτα
1748 2371 1782 2406 ἧν

955 2409 1071 2444 χερσαῖα
1097 2409 1151 2434 τῶν
1178 2409 1340 2446 Βυζαντίων,
1364 2411 1409 2438 καὶ
1435 2409 1573 2440 ἀνέϐαινεν
1595 2413 1634 2446 εἲς
1657 2414 1689 2442 τὰ
1708 2415 1781 2444 Χαλ-

954 2453 1104 2494 κοπρατεῖα
1118 2452 1150 2479 τὸ
1163 2455 1256 2491 τεῖχος
1279 2452 1331 2486 ἓως
1352 2457 1401 2482 τοῦ
1423 2455 1572 2494 λεγομένου
1601 2458 1714 2488 Μιλίου.
1732 2461 1781 2489 Ἠν

956 2493 984 2522 δὶ
1007 2496 1113 2523 κάκεῖσε
1136 2496 1223 2535 πόρτα
1247 2501 1300 2526 τῶν
1327 2493 1478 2535 Βυζαντίων
1506 2505 1642 2540 χερσαῖα”
1668 2503 1714 2532 καὶ
1741 2503 1781 2532 δι-

955 2540 1060 2577 ήρχετο
1083 2540 1121 2586 εἷς
1143 2540 1206 2572 τοὺς
1226 2541 1360 2574 πλεκτοὺς
1384 2544 1476 2577 κίονας
1497 2548 1551 2573 τῶν
1574 2546 1782 2586 Τζυκαλαρίων,

955 2584 998 2611 καὶ
1029 2583 1184 2613 κατέϐαινεν
1212 2586 1250 2617 ιίς
1279 2587 1397 2624 Τόπους,
1424 2589 1470 2617 καὶ
1508 2590 1667 2628 ἀπέκαμπτι
1698 2583 1781 2622 πάλιν

956 2626 1001 2676 διὰ
1026 2630 1078 2655 τῶν
1110 2629 1263 2667 Μαγγάνων
1300 2633 1343 2659 καὶ
1374 2633 1568 2672 Ἀρκαδιανῶν,
1596 2637 1641 2664 καὶ
1670 2635 1781 2676 ἔφθασεν

957 2671 995 2719 si;
1008 2672 1058 2706 τὴν
1075 2673 1252 2719 ⁷ᾼκρόττολιν.
1269 2676 1335 2714 Εἶχε
1360 2676 1389 2704 δὶ
1415 2678 1538 2717 πύργους
1561 2680 1592 2707 τὸ
1608 2680 1672 2709 ὅλον
1689 2671 1784 2719 τεῖχος

956 2715 1120 2746 εἴκοσιιπτά.
1138 2719 1189 2746 Καὶ
1204 2719 1316 2755 τοιαύτη
1336 2721 1382 2758 μὲν
1399 2723 1433 2758 ἦν
1500 2723 1543 2752 ἐπὶ
1571 2727 1620 2753 τοῦ
1643 2715 1780 2761 Βύζαντος

957 2769 1012 2798 σχη
1018 2762 1190 2801 ματογραφία
1204 2767 1254 2799 τῆς
1269 2763 1387 2798 πόλεως.
