1950 3050
86 114 167 147 M93

650 113 832 146 ANONYMI
854 113 1147 150 ANTIQUITATES
1170 116 1231 146 GP.

1716 116 1794 149 1194

82 180 126 207 καὶ
142 189 208 206 αυτα
235 179 274 211 εἲς
296 181 331 208 τὰ
355 179 422 208 αὐτὰ
445 179 576 217 παλάτια,
601 180 646 208 καὶ
668 180 702 208 τὰ
725 179 852 207 ἐννεακαίὲ

1024 181 1286 217 [plum.1Erarium
1302 182 1372 210 item
1401 182 1554 218 publicum
1580 184 1608 210 et
1637 183 1794 219 privatum,

83 221 258 259 Ἀκκούϐιτα,
287 225 330 252 καὶ
369 225 401 252 τὸ
431 225 580 261 Στὲψιμον,
609 225 654 252 καὶ
682 225 727 252 τὸν
763 225 827 252 ναὸν
865 225 913 251 τοῦ

84 269 179 306 Ἀγίου
209 270 357 308 Στεφάνου,
387 270 469 307 ὅνπερ
512 270 570 308 εἶχε
594 270 753 307 χειμονικὸν
782 271 911 297 κοιτῶνα.

84 315 226 351 Ἀνήγειρε
266 313 294 341 δὲ
329 313 374 341 καὶ
406 315 457 348 τήν
497 314 672 352 Μαγναύραν,
699 314 745 341 καὶ
779 314 829 348 τὴν
865 313 912 340 τοῦ

86 360 184 395 Κυρίου
225 358 393 393 ἐκκλησίαν,
418 358 465 386 καὶ
499 359 627 392 Γενικὸν,
654 359 699 386 καὶ
734 358 764 385 τὸ
795 357 912 394 Ἰδικὸν,

85 403 129 430 καὶ
160 403 191 430 τὸ
219 403 386 440 Βεστιάριον,
402 403 447 430 καὶ
465 403 510 430 τὸν
527 400 686 438 Καϐαλλᾶν,
703 402 746 430 καὶ
763 403 792 429 τὸ
810 402 912 440 Σίγμα,

84 447 129 474 καὶ
162 448 193 474 τὸ
223 448 333 482 Ὠατον,
361 448 393 474 τὸ
421 448 490 484 πρὸς
517 449 567 482 τὴν
604 447 670 474 Νέαν
706 447 840 483 κείμενον,
868 446 912 474 καὶ

87 493 169 529 μέχρι
185 495 236 526 τῆς
252 492 460 528 ὀνομαζομένης
479 491 597 529 Σιδηρᾶς
614 491 729 527 πόρτης,
745 492 789 519 καὶ
816 492 849 518 τὰ
864 501 913 518 πα-

85 536 166 564 λάτια
183 536 267 574 μέχρι
292 538 342 563 τοῦ
371 535 509 574 Γερανίου,
524 537 569 564 καὶ
597 537 628 563 τὸ
644 533 850 573 Χρυσόκλαϐον,
866 535 911 562 καὶ

85 581 116 608 τὸ
134 580 205 618 μέγα
220 580 335 618 λουτρὸν
362 583 411 608 τοῦ
439 580 618 617 Οἰκονομίου,
637 580 668 607 τὸ
696 579 850 614 πλησιάζον
875 579 912 609 εἰς

82 626 113 652 τὸ
138 627 377 663 Τζυκανιστήριον,
394 623 458 662 ἕχον
476 625 587 660 ἐνοήκας
608 625 684 660 ἑπτὰ,
700 624 745 651 καί
767 625 846 655 στοὰς
865 625 909 662 ιβ’·

81 670 125 697 καὶ
152 667 295 706 κόλυμὸον
331 670 462 708 εὐμεγέθη
493 668 623 704 ἔνζωδονο
646 668 690 696 καὶ
717 669 745 696 αἱ
773 670 819 704 μὲν
845 668 912 696 ἔπτὰ

82 714 209 749 ἦνθῆκαι,
240 714 278 745 εἰς
305 714 456 750 ἀνάμνησιν
486 717 539 742 τῶν
565 715 585 748 ζ’
608 713 755 749 πλανητῶν
780 713 910 752 ἀστέρων·

80 759 108 786 αἱ
138 757 167 786 δὲ
197 759 232 796 ιβ’
248 758 326 786 στοαὶ
354 761 409 786 τῶν
442 759 477 797 ιβ’
495 761 588 795 μηνῶν
607 759 655 789 τὰς
682 759 790 796 κράσεις
803 757 909 794 ’ίσαζον,

81 802 148 840 ὅπερ
177 802 222 830 οὖν
252 803 324 837 ἧπτε
355 804 438 840 μέχρι
467 805 516 830 τοῦ
542 802 676 841 βασιλέως
707 805 794 840 Κυροῦ
822 805 909 838 Νικη-

81 847 168 887 φόρου
195 849 244 875 τοῦ
275 850 373 875 Φωκᾶ·
391 848 405 875 ὀ
435 846 464 875 δὲ
491 846 637 875 κατὲλυσεο
653 847 781 883 Ἰωάννης
810 847 909 883 Τζιμί-

85 903 164 928 σκης,
180 891 225 919 καὶ
255 891 285 920 in
311 895 361 927 τῆς
389 892 487 920 τούτου
516 891 585 927 ὕλης
611 889 698 920 ἔκτισε
720 893 770 927 τὴν
788 891 911 927 Χαλκὴν,

82 936 146 969 ἔνθα
168 936 212 964 καὶ
238 936 336 973 ἐτάφη.
362 936 535 973 Βουλόμενος
564 935 592 964 δὲ
619 937 719 971 κτίζειν
748 936 793 964 καὶ
823 937 909 964 Ἱππι-

73 975 128 1009 ’κὸν
145 981 213 1009 κατὰ
230 981 347 1018 μίμησιν
363 984 414 1016 τῆς
428 982 550 1018 Ῥώμης,
567 982 627 1019 εὗρε
640 981 671 1009 τὸ
695 983 745 1008 τοῦ
774 979 909 1020 Σεϐήρου,

83 1026 129 1053 καὶ
158 1025 351 1063 ἀνεπλήρωσεν
379 1026 456 1061 αὐτὸ,
484 1025 567 1064 ἤγουν
591 1026 623 1053 τὸ
663 1025 691 1053 ’ὲν
732 1025 813 1063 μέρος
855 1028 908 1053 τῶν

83 1069 237 1108 βαθμίδων,
254 1070 298 1098 καὶ
327 1072 381 1097 τῶν
404 1069 452 1098 δύο
481 1071 648 1108 περιπάτων,
663 1070 709 1098 καὶ
736 1070 908 1108 καγκέλλων,

81 1115 128 1143 καὶ
156 1113 236 1142 αὺτὸν
264 1115 309 1142 τὸν
337 1113 492 1153 Σφενδῶνα,
507 1115 553 1142 καὶ
580 1114 644 1146 τοὺς
673 1119 848 1153 καμπτῆρας,
864 1115 909 1142 καὶ

80 1160 145 1190 τοὺς
175 1158 290 1196 δήμους.
307 1161 396 1187 Πάντα
422 1158 451 1187 δὲ
478 1160 511 1187 τὰ
537 1159 774 1198 χαλκουργήματα
803 1160 848 1187 καὶ
876 1160 910 1187 τὰ

80 1205 161 1239 ξόανα
192 1203 221 1231 ἑκ
250 1203 387 1243 διαφόρων
426 1207 497 1231 ναῶν
539 1205 582 1232 καὶ
622 1203 729 1232 πόλεων
769 1204 907 1242 ἀθροίσας,

78 1246 186 1282 ἔστησεν
218 1248 285 1276 αὐτὰ
313 1249 351 1280 είς
380 1249 485 1285 κόσμον
514 1252 564 1283 τῆς
591 1249 713 1280 πόλεως·
731 1248 836 1285 ὁμοίως
862 1249 907 1276 καὶ

77 1293 142 1324 τοὺς
169 1293 261 1324 κίονας
305 1295 354 1321 τοῦ
383 1293 551 1330 περιπάτου·
583 1293 705 1321 ὲπάτωσι
738 1292 767 1321 δὲ
795 1293 908 1324 τούτους

80 1338 149 1374 μετὰ
188 1341 326 1375 συγκοπῆς
342 1361 350 1373 ,
388 1338 433 1365 καὶ
474 1337 626 1365 ἐπετέλεσαν
669 1338 734 1365 αὐτὸ
751 1360 759 1373 ,
797 1339 905 1376 πρῶτον

78 1383 198 1417 ποιήσας
212 1381 258 1409 καὶ
273 1382 386 1409 ἱππικὸν
412 1382 513 1419 ἀγῶνα.
530 1382 560 1409 Ὁ
584 1380 612 1408 ’ὁὶ
634 1379 705 1419 ἔχων
735 1380 799 1412 τοὺς
833 1381 906 1418 ὀρνι-

78 1426 153 1458 θίους
178 1425 265 1458 πόδας
290 1425 365 1464 ἤχθη
393 1425 446 1453 ἀπὸ
479 1429 529 1461 τῆς
563 1425 688 1463 μεγάλης
711 1426 904 1463 Ἀντιοχείας·

968 225 1156 258 Vestiarium,
1173 227 1322 254 Caballum
1339 230 1368 254 et
1383 227 1481 263 Sigma
1497 236 1530 255 ac
1543 227 1648 255 Oatum
1665 228 1797 263 proxime

968 270 1121 298 ecclesiam
1138 271 1259 306 Novam,
1272 273 1301 299 et
1316 273 1418 299 cetera
1434 280 1525 307 usque
1542 272 1576 299 ad
1593 274 1709 305 portam
1728 273 1796 300 Fer-

967 323 1059 348 ream,
1071 317 1099 342 et
1114 315 1225 351 palatia
1236 316 1271 343 ad
1287 315 1446 343 Geranium
1471 324 1564 351 usque
1577 325 1583 344 :
1595 318 1660 344 tum
1671 317 1796 353 Chryso-

968 359 1081 387 clavum
1089 360 1262 387 etbalneum
1281 368 1421 396 magnum
1436 361 1615 394 OEconomii,
1630 361 1794 396 proximum

966 404 1189 440 szcanisterio,
1217 405 1294 440 quod
1310 407 1424 440 septem
1445 405 1630 440 receptacula
1654 405 1792 440 habebat,

967 451 994 476 et
1009 449 1162 476 duodecim
1184 450 1326 484 porticus,
1357 451 1385 477 et
1409 449 1626 485 amplissimam
1648 450 1792 485 piscinam

967 493 1069 528 ﬁguris
1083 494 1235 521 variatam.
1252 496 1286 521 Et
1315 497 1427 529 septem
1459 494 1580 530 quidem
1607 494 1794 530 receptacula

966 537 995 564 in
1017 538 1187 564 memoriam
1205 541 1317 573 septem
1334 539 1538 574 planetarum:
1556 539 1710 567 duodecim
1726 547 1792 567 vero

968 582 1106 616 porticus,
1117 582 1271 610 duodecim
1282 584 1429 610 mensium
1442 585 1677 618 temperamento.
1696 592 1791 619 equa-

966 625 1140 660 bant;quod
1164 627 1324 662 permansit
1349 636 1443 663 usque
1458 628 1492 654 ad
1510 631 1643 663 tempore
1672 627 1786 655 domini

966 669 1151 704 imperatoris
1166 670 1321 706 Nicephori
1336 671 1446 698 Phocus.
1461 671 1591 699 Joannes
1606 680 1674 699 vero
1699 672 1786 699 Zimi-

966 722 1029 742 sces
1059 714 1131 741 illud
1161 715 1274 749 evertit,
1300 717 1328 742 et
1356 723 1391 742 ex
1416 715 1482 750 ipsa
1513 716 1635 744 materia
1663 715 1789 743 Chalcen

965 758 1104 789 condidit.
1121 759 1150 785 in
1168 767 1225 795 qua
1238 761 1266 786 et
1281 759 1416 795 sepultus
1431 763 1484 788 est.
1501 762 1643 788 Caeterum
1670 760 1791 795 cupiens

964 803 1053 830 etiam
1081 803 1291 831 Constantinus
1324 804 1438 831 Circum
1477 805 1513 832 ad
1543 806 1637 833 instar
1667 804 1790 833 Romani

965 847 1119 881 mdiﬁcare,
1137 855 1215 882 eum,
1241 856 1328 884 quem
1352 849 1474 876 Severus
1493 849 1698 885 imperfectum
1723 848 1789 876 reli-

966 895 1081 928 queret,
1093 893 1157 928 ipse
1173 892 1316 923 absolvit:
1333 901 1421 921 unam
1438 901 1543 929 nempe
1554 894 1701 929 graduum
1719 901 1788 929 par-

963 938 1034 971 tem,
1050 945 1083 965 ao
1099 938 1224 965 duarum
1239 938 1404 973 porticuum
1422 940 1451 966 et
1477 937 1687 972 cancellorum,
1713 946 1788 974 prie-

964 984 1042 1009 terea
1065 981 1163 1017 ipsum
1202 981 1415 1017 sphendonem,
1439 982 1531 1010 ﬂexus
1560 990 1612 1010 seu
1641 984 1736 1010 metas
1758 984 1788 1010 et

965 1026 1123 1053 factionum
1158 1026 1253 1054 sedes.
1283 1027 1387 1054 Omnia
1406 1029 1504 1054 autem
1536 1035 1615 1054 aenea
1639 1027 1725 1062 signa
1753 1035 1787 1055 ac

963 1070 1123 1098 simulacra
1137 1079 1172 1098 ex
1185 1070 1273 1098 variis
1289 1070 1407 1106 templis
1420 1074 1449 1099 et
1471 1071 1638 1099 civitatibus
1667 1070 1789 1099 collecta

963 1115 1000 1142 ad
1015 1118 1152 1142 ornatum
1168 1115 1251 1143 urbis
1276 1116 1385 1143 erexit:
1416 1115 1553 1143 similiter
1581 1118 1610 1143 et
1634 1115 1788 1143 columnas

964 1159 1138 1193 ambulacri,
1154 1168 1228 1196 quas
1243 1160 1352 1188 crustis
1365 1160 1488 1194 ornavit,
1506 1169 1538 1188 ac
1553 1160 1632 1188 edito
1657 1160 1788 1196 primum

963 1204 1090 1240 equestri
1105 1205 1274 1238 certamine,
1291 1213 1365 1240 opus
1390 1205 1520 1241 perfecit.
1550 1205 1658 1233 Verum
1688 1207 1788 1232 statua.

963 1257 1026 1284 quea
1042 1249 1130 1284 pedes
1147 1249 1240 1277 elatos
1257 1250 1353 1284 habet,
1371 1249 1469 1278 delata
1489 1250 1545 1277 fuit
1568 1258 1583 1277 e
1603 1257 1711 1285 magna
1725 1252 1786 1276 An-

962 1293 1081 1328 tiochia,
1097 1296 1125 1321 et
1140 1293 1372 1329 Bellerophontis
1383 1297 1439 1327 est,
1469 1294 1521 1330 qui
1541 1294 1600 1322 illic
1624 1293 1785 1322 colebatur.

961 1338 1103 1366 Gestarum
1120 1338 1155 1366 de
1164 1338 1285 1374 reliquis
1297 1338 1412 1373 statuis,
1426 1343 1498 1374 quot
1510 1341 1538 1366 et
1549 1337 1650 1372 quales
1661 1347 1702 1366 ea;
1712 1338 1786 1372 sint,

961 1385 990 1410 et
1004 1383 1082 1410 unde
1097 1382 1234 1418 quaalibet
1248 1383 1369 1415 venerit,
1382 1385 1410 1410 et
1425 1391 1515 1419 quare
1531 1383 1641 1411 fuerint
1668 1384 1782 1416 erectas,

962 1429 1108 1462 postremo
1120 1427 1247 1455 breviter
1262 1427 1405 1455 dicemus.

77 1468 137 1498 ἔστι
154 1470 182 1499 δὶ
197 1472 211 1499 6
226 1469 465 1508 Βελλεροφόντης·
485 1470 531 1498 καὶ
544 1470 629 1498 ἐκεῖσε
644 1467 770 1498 ἐσέϐοντο
786 1470 875 1499 αὐτόν.
892 1471 996 1499 Ὃποσα
1012 1469 1041 1498 δὲ
1061 1471 1106 1498 καὶ
1121 1470 1194 1499 ἄλλα
1209 1471 1364 1509 ἀγάλματα,
1381 1471 1426 1498 καὶ
1451 1471 1525 1499 ἅτινό
1554 1470 1617 1505 εἲσι,
1632 1471 1678 1499 καὶ
1702 1470 1781 1498 πόθεν

75 1515 173 1550 ἥκασιν
189 1514 313 1549 ἕκαστον,
328 1515 373 1542 καὶ
389 1513 460 1542 διατί
476 1514 680 1551 ἰστηλώθησαν,
697 1513 812 1552 ἔσχατον
829 1514 1006 1553 λεπτομεριῖκ
1023 1515 1148 1552 ἇροῠμεν.

76 1597 117 1623 De
132 1596 250 1631 quatuor
266 1595 395 1622 Romanis
407 1594 558 1629 magistris,
575 1596 673 1631 electo
687 1595 827 1631 patriciis,
844 1602 909 1630 quos
919 1595 1004 1622 Roma
1019 1594 1282 1630 Constantinopolim
1306 1594 1402 1631 eduxit
1427 1595 1621 1623 Constantinus
1644 1595 1778 1629 Magnus;

129 1629 202 1659 dede
216 1631 341 1666 (adiﬁciis
356 1631 390 1659 ab
406 1631 503 1658 iisdem
518 1631 547 1658 in
563 1629 658 1658 eadem
674 1630 743 1658 urbe
753 1631 807 1659 GP.
829 1629 958 1658 ιιᾱεσίιιιιίε
971 1639 976 1658 :
991 1638 1098 1659 necnon
1113 1631 1150 1658 da
1161 1629 1289 1667 Scythica
1306 1630 1478 1658 Constantini
1490 1631 1524 1658 Μ.
1540 1630 1724 1666 expeditione-

112 1705 228 1733 Μέλλων
255 1703 300 1733 οὖν
331 1706 344 1732 6
373 1704 460 1742 Μέγας
490 1707 690 1737 Κωνοταντῖνος
711 1705 821 1740 οἰκῆσαι
851 1705 882 1740 τῆ

1011 1714 1062 1734 ηυῐη
1080 1706 1170 1742 igitur
1185 1707 1287 1735 urbem
1304 1715 1389 1735 suam
1418 1706 1544 1735 habitari
1569 1706 1781 1734 Constantinus

74 1749 156 1778 πόλιν
187 1750 279 1784 αὐτοῦ,
312 1749 418 1785 μᾶλλον
459 1748 487 1777 δὲ
522 1749 586 1780 τοὺς
613 1750 767 1786 Ῥωμαίους
800 1749 837 1780 εἷς
870 1750 902 1776 τὸ

75 1795 222 1828 Βυζάντιον
264 1796 465 1831 κατακρατῆσαι
480 1816 487 1828 ,
518 1791 613 1821 ἔλαϐεν
653 1794 678 1829 ἰξ
721 1794 810 1821 αὐτῶν
847 1796 900 1821 τῶν

70 1836 214 1875 Ῥωμαίων
256 1838 289 1865 τὰ
330 1837 434 1865 τούτων
482 1836 652 1872 δακτυλίδα,
689 1838 748 1868 ὶνὸς
789 1837 901 1865 ἑκάστου

71 1883 161 1919 ἰδίως,
178 1883 224 1910 καὶ
249 1881 405 1910 ἀπέστειλεν
436 1881 535 1913 αὐτοὺς
563 1882 601 1913 εἷς
629 1883 674 1910 τὸν
709 1881 822 1919 βασιλέα
846 1884 899 1909 τῶν

71 1929 181 1966 Περσῶν
213 1924 337 1965 Σάϐαρον
355 1935 361 1942 ·
393 1925 418 1962 ἐξ
445 1927 483 1954 ὧν
509 1927 535 1954 οἱ
562 1927 609 1963 μὲν
636 1927 762 1964 τέσσαρες
789 1926 901 1964 ἐτύγχα-

70 1983 116 2000 νον
149 1973 302 2010 μάγιστροι·
320 1972 454 2008 Ῥωμαῖοι
482 1969 510 1998 δὲ
533 1970 549 1998 6'
571 1982 601 1998 τε
626 1969 725 2007 Ἀδὰμ.
752 1971 766 1998 6
790 1971 899 2007 Πρωτά-

70 2027 140 2049 σιος,
170 2017 184 2044 6
209 2015 367 2052 Φιλόξενος,
393 2016 437 2042 καὶ
469 2016 483 2043 ὁ
513 2013 730 2052 Σκόμϐρος,καὶ
760 2015 898 2054 πατρίκιοι

70 2062 154 2094 ὀκτὼ,
169 2062 183 2088 6
207 2058 326 2098 Ιῐρόϐος,
343 2061 357 2088 6
382 2062 527 2097 Δομνῖνος,
544 2059 711 2091 Σαλούστιος
727 2061 740 2087 ὁ
765 2057 897 2098 ἔπαρχος,

70 2105 210 2136 Μόδεστος
239 2104 283 2132 καὶ
319 2105 333 2132 6
363 2102 515 2140 Εὔϐουλος,
531 2106 544 2132 6
572 2107 692 2142 Δαρεῖος,
709 2105 722 2132 6
748 2107 866 2142 Μαῦρος,
883 2105 897 2132 6

69 2149 199 2181 Ῥοδανός
217 2159 223 2166 ·
253 2148 351 2180 οἷ’τινες
386 2149 604 2185 ἐξαπεστάλησαν
623 2170 629 2182 ,
661 2149 728 2185 μετὰ
766 2148 897 2177 πλείστου

71 2196 187 2233 στρατοῦ
216 2195 379 2229 ποιήσαντες
424 2193 449 2221 ἄν
492 2192 600 2230 Περσίδι
643 2197 731 2230 μῆνας
757 2197 799 2228 ις’,
825 2195 839 2221 6
869 2193 897 2221 δὲ

71 2239 166 2276 Μέγας
189 2241 390 2270 Κωνσταντῖνος
415 2238 581 2270 ἀποστείλας
606 2238 644 2269 εἰς
659 2238 768 2275 Ῥώμην
798 2237 897 2266 ἀνελά-

71 2281 135 2311 ϐετο
163 2283 210 2314 τὰς
239 2286 367 2321 γυναῖκας
393 2283 500 2310 αὐτῶν·
519 2283 545 2310 οὶ
578 2281 606 2310 ’δὶ
634 2283 775 2314 σταλέντες
801 2282 895 2319 ἐκεῖσε,

71 2328 215 2360 ἐθεάσαντο
242 2328 287 2355 καὶ
315 2327 380 2359 τοὺς
406 2327 508 2359 τόπους
545 2327 601 2358 ἑνὸς
629 2327 752 2361 ἑκάστου,
780 2330 832 2354 ποῦ
868 2338 897 2355 τε

70 2375 174 2400 κεῖνται
202 2372 247 2399 καὶ
278 2371 370 2403 ὅπως·
397 2372 488 2409 ἑτέρας
516 2371 560 2399 ἐπὶ
585 2371 649 2403 τοὺς
678 2371 819 2410 αἰγιαλοὺς
847 2375 897 2407 τῆς

72 2417 220 2452 θαλάσσης,
245 2415 332 2447 ἄλλας
375 2416 419 2443 ἐπὶ
460 2416 524 2447 τοὺς
569 2417 699 2454 ἠπείρους
742 2417 894 2447 ὡσαύτως·

72 2461 215 2489 ἐθεάσαντο
231 2459 259 2488 δὲ
274 2461 319 2488 καὶ
342 2460 390 2492 τὰς
412 2460 535 2495 ἀνόδους,
551 2462 579 2487 αἳ
603 2461 671 2496 ἦσαν
694 2460 895 2499 κοχλιοειδεῖς·

70 2505 117 2533 καὶ
133 2503 262 2536 λαϐόντες
277 2505 325 2536 τὰς
342 2504 474 2544 φαμιλίας
490 2507 544 2532 τῶν
568 2505 671 2533 τούτων
695 2505 897 2542 συγκλητικῶν,

70 2550 189 2585 ἀνῆλθον
206 2549 250 2577 ἐπὶ
265 2550 296 2577 τὸ
308 2550 465 2584 Βυζάντιον,
477 2549 522 2577 καὶ
538 2548 643 2577 ἔκτισαν
657 2549 741 2586 ὅμοια
755 2550 898 2586 κτίσματα,

71 2595 116 2622 καὶ
149 2594 274 2622 ἐκάθισαν
301 2593 386 2621 ἐκεῖσε
407 2594 455 2624 τὰς
486 2593 619 2633 φαμιλίας
643 2594 741 2622 αὐτῶν.
759 2593 900 2624 Ἐλθόντες

84 2639 131 2666 οὖν
160 2638 190 2666 ἐκ
219 2637 350 2676 Περσίδος
381 2639 448 2674 μετὰ
476 2637 554 2672 νίκης
585 2638 716 2675 μεγάλης;
740 2635 903 2666 ἆνελάϐοντο

113 2684 120 2694 \
180 2683 185 2692 I
371 2682 376 2691 ν
412 2685 423 2690 -ι
469 2683 479 2695 p
495 2683 500 2692 ι
538 2683 543 2692 1
707 2682 720 2693 τ
784 2682 789 2692 ν
830 2682 835 2691 \

73 2694 121 2711 και
149 2693 238 2711 πακτα
265 2692 427 2719 κεντηναρια
451 2693 510 2718 τςε.
547 2681 661 2718 Ειδέξατο
691 2693 736 2710 ουν
762 2693 858 2713 αυτους
887 2683 901 2710 6

77 2727 206 2766 βασιλεὺς
246 2727 379 2763 ἀσμένως,
423 2726 469 2754 καὶ
510 2727 628 2761 ποιήσας
669 2726 801 2764 εὐωχίαν,
830 2728 900 2755 εἶπεν

77 2773 173 2804 αὐτοῖς
190 2782 196 2789 ·
227 2772 324 2801 Θιλιτε
351 2771 478 2804 ἀπελθεῖν
522 2771 561 2804 εἰς
588 2771 718 2809 Ῥώμην;
749 2771 903 2809 δοκιμάζων

238 2839 370 2869 Panos.
394 2838 450 2869 Gn.
473 2837 592 2869 CXXII.

958 1751 1091 1787 Magnus,
1123 1752 1182 1779 imo
1212 1752 1310 1787 potius
1347 1753 1494 1779 Romanos
1520 1751 1650 1787 Byzantii
1679 1750 1780 1778 sedem

957 1795 1072 1831 imperii
1093 1795 1201 1823 habere
1226 1795 1323 1830 vellet,
1353 1796 1498 1830 cujusque
1524 1795 1630 1823 borum
1655 1794 1782 1822 annulos

957 1840 1077 1875 accepit,
1094 1839 1234 1875 misitque
1248 1839 1328 1874 ipsos
1341 1841 1444 1867 contra
1459 1842 1597 1875 Saporem
1624 1839 1779 1867 Persarum

955 1891 1065 1919 regem,
1082 1892 1208 1919 quorum
1225 1886 1351 1919 quatuor
1364 1883 1496 1918 magistri
1512 1886 1613 1911 crant:
1645 1883 1777 1917 Romani,

955 1927 1087 1955 videlicet
1101 1928 1204 1961 Adam,
1222 1928 1383 1962 Protasius,
1397 1928 1583 1960 Pbiloxenus,
1600 1927 1776 1963 Scombrus;

954 1974 1018 2000 octo
1043 1980 1110 2000 vero
1139 1972 1264 2008 patricii,
1309 1973 1420 2000 Probus
1449 1981 1564 2007 nempe,
1600 1971 1774 2006 Domninus,

989 2017 1135 2045 Salustius
1152 2017 1313 2052 prefectus,
1326 2017 1487 2047 Modestus.
1503 2017 1647 2052 Eubulus,
1670 2016 1777 2044 Darius

952 2063 1070 2089 Maurus
1086 2069 1118 2089 ac
1135 2062 1305 2094 Rhodanus.
1323 2062 1373 2097 qui
1399 2069 1466 2089 cum
1489 2061 1659 2097 ingentibus
1685 2061 1777 2096 copiis

952 2107 982 2134 in
1011 2106 1225 2142 expeditionem
1240 2106 1335 2140 missi,
1353 2106 1381 2133 in
1399 2106 1517 2133 Perside
1530 2105 1678 2133 sexdecim
1694 2114 1777 2133 men-

952 2158 999 2179 ses
1015 2151 1188 2179 ccmmcrati
1201 2153 1281 2178 sunt.
1295 2153 1408 2178 Interea
1419 2150 1629 2178 Constantinus
1639 2153 1777 2186 Magnus,

952 2195 1052 2223 missis
1080 2195 1201 2223 Romam
1227 2195 1338 2230 legatis,
1356 2203 1456 2223 eorum
1482 2203 1586 2222 uxores
1607 2194 1771 2223 accersivit.

951 2241 1094 2268 Caeterum
1108 2239 1197 2275 legati
1212 2239 1315 2267 sedulo
1340 2241 1534 2267 observarunt
1561 2239 1658 2267 locum
1672 2238 1777 2266 situm-

952 2291 1009 2319 que
1024 2284 1186 2319 cujusque;
1199 2292 1248 2311 eas
1263 2283 1398 2311 videlicet
1420 2284 1524 2311 domos
1540 2292 1603 2318 qua:
1632 2283 1668 2310 ad
1698 2291 1779 2311 oram

953 2328 1043 2356 maris
1056 2330 1151 2362 erant,
1165 2330 1194 2355 et
1205 2336 1255 2356 eas
1268 2336 1331 2363 quas
1345 2327 1381 2355 ad
1397 2328 1596 2355 continentem
1610 2336 1616 2360 ;
1647 2326 1779 2362 itemque

952 2372 1143 2408 contemplati
1166 2375 1236 2400 sunt
1258 2372 1354 2400 scalas
1383 2380 1447 2407 quae
1462 2374 1545 2399 erant
1573 2371 1708 2399 cochleas.
1726 2374 1777 2399 As-

953 2417 1082 2452 sumptis
1098 2417 1187 2452 igitur
1217 2412 1338 2444 familiis
1354 2416 1457 2444 borum
1473 2418 1654 2448 senatorum,
1667 2415 1778 2451 Byzan-

953 2462 1026 2489 tium
1042 2461 1202 2495 redierunt,
1221 2461 1318 2497 ibique
1343 2461 1434 2488 simili
1451 2461 1545 2488 forma
1571 2459 1693 2488 adiﬁcia
1708 2468 1779 2488 con-

954 2509 1136 2540 struxerunt,
1158 2514 1321 2541 eorumque
1345 2505 1468 2533 familiis
1489 2505 1635 2532 dederunt
1657 2504 1776 2532 inhabi-

953 2551 1055 2579 tanda.
1075 2551 1148 2579 Cum
1163 2551 1265 2586 itaque
1279 2550 1408 2586 acceptis
1420 2549 1559 2577 trecentis
1585 2551 1614 2577 et
1628 2549 1784 2585 sexaginta

955 2595 1086 2630 quinque
1112 2595 1287 2623 centenariis
1321 2594 1437 2627 tributi,
1466 2602 1481 2621 e
1507 2593 1625 2621 Perside
1658 2593 1781 2621 victores

956 2640 1123 2673 rediissent,
1139 2639 1297 2674 imperator
1319 2647 1369 2667 eos
1396 2638 1502 2666 lubens
1531 2637 1653 2673 excepit,
1683 2646 1716 2665 ac
1745 2637 1781 2665 ad

956 2684 1122 2712 convivium
1165 2683 1314 2718 admissis,
1345 2683 1516 2719 explorandi
1545 2683 1650 2718 gratia,
1685 2681 1783 2717 inquit

957 2729 1034 2757 illis:
1056 2739 1065 2753 α
1098 2728 1248 2763 Numquid
1287 2727 1395 2756 abituri
1434 2727 1505 2755 estis
1528 2727 1649 2755 Romam
1671 2726 1710 2753 Β»
1726 2726 1782 2753 Re-

960 2774 1142 2810 sponderunt
1166 2773 1219 2807 illi,
1237 2783 1252 2798 (ι
1284 2773 1368 2801 Haud
1401 2774 1467 2801 ante
1496 2772 1571 2801 duos
1604 2777 1720 2800 menses
1748 2777 1781 2798 eo

1582 2835 1621 2866 38
