1953 3047
204 124 284 156 1199

682 122 879 152 APPENDIX
900 123 951 151 AD
975 121 1206 151 MICHAELEM
1229 119 1424 151 PSELLUM.

1848 121 1940 151 1200

204 190 252 219 bis
275 197 285 219 :
309 189 401 222 State,
426 191 531 222 Persa,
560 196 613 217 nec
641 187 765 215 ulterius
793 186 1005 224 progredimini
1023 195 1030 215 :
1045 187 1073 221 Α
1087 185 1158 222 πρόσ

1115 185 1182 213 νόσω
1208 188 1336 223 χωριῖτε’
1371 185 1402 212 οὖ
1429 185 1482 222 γὰρ
1511 185 1627 212 συνοίσει
1644 185 1719 221 ὑμῖν,
1736 185 1793 214 Τὸν
1809 184 1866 213 οὖν
1884 187 1936 213 αὖ-

204 242 300 271 neque
315 233 393 262 enim
408 233 552 261 conducat
569 233 664 260 vobis.
685 234 787 260 Fertur
808 233 907 267 itaque
930 231 1028 267 ipsum

203 279 405 308 Justinianum
420 278 456 305 de
471 277 559 305 rebus
575 286 591 305 a
612 277 752 304 Belisario
779 277 871 312 gestis
894 276 1029 304 inﬂatum

203 324 303 351 animo
318 323 420 350 fuisse.
437 322 486 349 llic
501 321 602 357 itaque
618 321 774 349 Belisarius
799 323 903 348 contra
926 321 1030 348 Persas

203 371 234 396 et
244 366 372 403 reliquas
382 366 510 395 Orientis
522 366 656 394 nationes
668 366 703 393 ab
714 366 891 401 imperatore
903 364 1030 401 legatus,

203 420 271 440 cum
286 418 390 439 omnes
404 410 591 445 debellasset,
603 410 639 437 ad
655 409 887 445 oppugnandum
903 409 1030 437 Gelime-

203 464 265 484 rem
282 455 392 484 missus
407 455 464 483 fuit
473 455 509 482 ad
526 454 732 482 Mauritaniam
750 462 757 482 ε
774 453 841 482 istic
857 454 1030 481 observante

201 502 231 528 et
244 502 442 528 commeatum
458 499 673 526 intercludente
688 498 832 534 Pharano,
845 498 874 526 in
891 506 1030 533 magnam

202 544 342 573 frumenti
358 544 511 580 penuriam
528 544 678 578 conjectus
693 547 736 571 est
749 543 896 577 Gelimer;
912 543 982 578 quia
999 542 1029 569 in

202 588 378 618 Mauritania
407 589 589 616 frumentum
624 596 681 615 non
709 588 828 619 seritur,
858 587 909 615 sed
939 587 1030 615 coctis

202 633 291 670 olyris
305 635 475 661 vescuntur.
491 633 566 660 Tum
579 631 628 659 ille
643 632 744 659 missis
769 631 875 659 litteris
901 631 1031 667 postulat

201 678 237 706 ab
250 677 437 713 imperatore,
453 679 486 704 ut
500 676 557 704 sibi
572 684 689 712 panem,
706 676 860 712 spongiam
883 678 911 703 et
935 675 1030 703 citha-

200 731 263 751 ram
279 721 470 750 transmittat.
494 721 622 756 Stupens
645 720 735 756 igitur
758 720 918 755 imperator
943 728 959 747 a
983 722 1029 747 ta-

200 766 322 794 bellario
352 765 531 799 sciscitatur,
557 773 610 793 cur
636 764 693 793 ista
722 766 842 800 peteret.
867 763 1030 800 Respondit

199 811 250 839 ille
265 819 272 838 :
289 811 398 838 Panem
415 809 612 845 scilicet,quia
625 809 723 837 cibum
738 808 1028 845 expetit;spongiam,

1083 230 1129 258 τὸν
1155 230 1342 259 Ἰουστινιανόν
1365 229 1474 267 λὲγιται
1500 228 1651 267 ἐπαρθῆναι
1674 233 1734 261 τοῖς
1759 232 1813 257 τοῦ
1846 230 1935 259 Βελι-

1085 274 1179 312 σαρίου
1202 274 1387 312 εὐτυχήμασιν
1406 295 1412 302 .
1436 272 1522 304 Οὗτος
1548 272 1594 300 οὖν
1622 273 1731 305 σταλεὶς
1760 274 1836 301 κατὰ
1873 278 1932 301 τῶν

1085 321 1194 355 Περσῶν
1210 319 1254 346 καὶ
1269 321 1323 346 τῶν
1345 318 1449 346 λοιπῶν
1472 320 1526 345 τῶν
1542 319 1591 352 τῆς
1607 318 1761 353 Ἀνατολῆς
1777 319 1862 357 παρὰ
1879 322 1933 346 τοῦ

1087 362 1242 400 βασιλέως,
1265 363 1310 390 καὶ
1336 363 1439 393 πάντας
1462 363 1763 401 χατατροπωσάμενος,
1793 364 1846 391 καῖ
1879 367 1933 390 Γε-

1085 407 1185 446 λίμερα
1207 411 1340 445 κρατῆσαι
1373 407 1529 435 ἀπέστειλεν
1556 407 1634 435 αὐτὸν
1660 407 1699 439 εἰς
1727 409 1931 444 Μαυρουσίαν,

1084 451 1170 479 huic:
1192 454 1334 489 τηρεῖσθαι
1354 452 1407 479 ὑπὸ
1433 454 1482 479 τοῦ
1506 454 1595 489 Φαρᾶ,
1622 451 1650 482 ὃς
1668 451 1705 482 εἰς
1722 451 1852 490 μεγάλην
1884 451 1929 480 ἔν-

1085 495 1156 524 δειαν
1187 495 1268 533 ἄρτου
1295 497 1416 534 γεγονὼς
1444 495 1488 523 διὰ
1511 497 1542 523 τὸ
1567 497 1604 532 μὴ
1636 495 1663 524 ἐν
1699 499 1739 532 τῷ
1762 497 1847 533 τόπῳ
1873 501 1931 531 τῆς

1085 540 1258 577 Μαυρουσίας
1272 543 1346 568 σῖτον
1370 541 1558 578 γεωργεῖσθαι,
1584 540 1648 568 ἀλλ’
1672 541 1750 579 ἑφθὸν
1777 542 1829 573 τὰς
1854 541 1927 569 ὀλύ-

1084 594 1132 621 ρας
1158 586 1298 618 σιτεῖσθαι,
1324 583 1423 623 ἔγραψε
1445 587 1484 620 τῷ
1508 584 1616 622 βασιλεῖ
1638 585 1743 613 στεῖλαι
1767 585 1846 622 αὐτῷ
1871 587 1927 623 ἅρ-

1082 639 1129 656 τον
1153 628 1198 656 καὶ
1222 629 1340 666 σπόγγον
1368 629 1412 656 καὶ
1433 630 1558 666 κιθάραν.
1583 629 1614 657 Ὁ
1641 628 1669 656 δὲ
1697 629 1850 667 ἐκπλαγεὶς
1875 630 1924 658 ἐπὶ

1082 673 1202 708 τούτοις,
1227 673 1310 710 ἤρετο
1332 674 1378 700 τὸν
1404 672 1549 701 ἐπιστολέα
1572 673 1648 704 τίνος
1673 673 1755 711 χάριν
1770 674 1861 702 ταῦτά
1889 686 1922 712 γε

1084 717 1216 752 ἐπιζητεῖ.
1245 718 1296 745 Καὶ
1321 718 1434 754 ὶξῑῖπεν,
1459 717 1501 745 ὅτι
1525 717 1604 755 ἄρτον
1631 718 1691 755 μὶν⁷
1717 717 1761 746 διὰ
1783 719 1816 746 τὸ
1833 719 1921 746 αὐτὸν

1085 761 1223 798 ἐπιθυμεῖν
1249 772 1278 789 τι
1302 761 1346 789 καὶ
1371 764 1478 800 φαγεῖν·
1496 761 1625 799 σπόγγον,
1649 760 1737 789 διὰτὸ
1759 762 1855 790 λούειν
1886 763 1919 790 τὸ

1084 806 1152 833 ἅπαν
1168 806 1250 833 αὐτοῦ
1275 808 1356 843 σῶμα
1381 807 1432 833 ὑπὸ
1459 808 1513 833 τῶν
1541 805 1675 843 δακρύων·
1704 807 1753 841 τὴν
1781 805 1810 834 δὲ
1837 808 1919 839 κιθά-

201 858 234 883 ut
248 863 355 891 corpus
370 856 464 882 totum
480 853 619 890 lacrymis
633 853 733 882 abluat
749 862 755 881 :
772 853 927 899 citharam,
945 855 976 881 ut
998 853 1026 880 in
1044 867 1067 899 Β
1082 861 1159 899 ραν,-

1115 862 1143 885 ιν,
1175 849 1220 878 διὰ
1249 851 1280 878 τὸ
1304 852 1520 889 παραμυθεῖσθαι
1543 850 1631 887 ἑαυτῷ
1654 853 1714 882 ταῖς
1739 855 1914 890 συμφοραῖς.

201 899 419 928 calamitatibus
445 898 501 927 sibi
523 898 628 927 solatio
652 898 700 925 sit.
727 898 810 926 Tunc
834 897 1028 926 admiratione

200 944 384 980 stupefactus
400 943 560 980 imperator
581 943 730 979 postulata
745 942 826 970 misit
852 950 858 970 :
877 942 941 970 ideo
965 950 1026 970 ere-

199 991 267 1017 ctus
289 987 388 1016 animo
410 987 600 1016 Justinianus
624 990 791 1023 equestrem
816 985 872 1014 sibi
899 988 1028 1015 statuam

201 1033 344 1062 columna:
360 1032 512 1069 imposuit.
535 1032 591 1061 Sed
616 1034 719 1068 postea
743 1031 853 1059 invidia
878 1034 975 1059 motus
997 1031 1027 1060 in

200 1077 444 1106 strenuissimum
476 1077 582 1104 ducem
617 1076 800 1110 Belisarium,
837 1076 894 1112 ipsi
928 1075 1028 1104 oculos

200 1120 475 1157 eli'odit,jussitque
495 1121 595 1149 sedere
620 1128 688 1148 eum
712 1121 747 1148 ad
774 1120 857 1148 Lauri
883 1122 1029 1148 monaste-

201 1165 360 1200 rium,dato
376 1165 494 1193 vasculo
510 1167 648 1198 testaceo,
664 1167 696 1192 ut
710 1164 761 1201 qui
776 1164 843 1192 illac
857 1164 1026 1198 transirent,

203 1208 323 1238 obolum
338 1208 370 1236 in
384 1208 458 1237 illud
474 1209 663 1244 conjicerent.

289 1265 332 1291 De
345 1263 445 1291 ualui:
459 1271 519 1298 qua
534 1263 564 1289 in
579 1262 677 1291 Chalce
691 1265 792 1291 erecte
804 1263 941 1290 visuntur.

238 1311 270 1336 In
286 1306 392 1336 Chalce
407 1307 550 1344 proxime,
575 1308 659 1343 quasi
684 1309 753 1335 ante
775 1307 875 1343 palatii
898 1307 1029 1335 ambula-

203 1360 298 1385 crum,
314 1351 430 1387 inclyta
443 1351 604 1380 Pulcheriaa
619 1354 714 1380 erecta
729 1354 774 1380 est
785 1354 886 1379 statua
910 1359 917 1379 :
941 1352 1028 1379 Zeno-

202 1396 250 1425 nis
263 1396 334 1424 item
349 1398 378 1424 et
392 1395 535 1424 Ariadnes
552 1403 558 1424 :
576 1395 685 1424 ibidem
711 1398 849 1432 praeterea
873 1396 935 1423 aliae
963 1396 1028 1424 dum

203 1441 355 1478 pedestres
370 1441 487 1468 exstant
501 1448 591 1476 super
615 1440 783 1468 columnam
805 1440 952 1475 exiguam,
976 1440 1027 1468 Se-

203 1485 292 1512 cundi
322 1484 489 1520 philosophi
521 1484 657 1512 distichis
692 1487 810 1512 ornatae.
840 1485 880 1512 Ex
906 1485 1027 1512 adverso

204 1537 291 1558 arcus
305 1528 438 1582 ejusdem
453 1527 576 1582 Challc-esL
593 1529 730 1577 uisuntur
752 1529 850 1582 capita
862 1529 930 1582 Jduo
954 1529 1025 1582 Gor-
1042 1549 1064 1582 α

202 1580 326 1609 sonum,
358 1572 431 1600 facie
470 1571 617 1606 muliebri,
647 1580 680 1600 ac
715 1579 786 1600 auro
819 1572 956 1600 obducta.
987 1572 1024 1600 Ex

201 1615 312 1651 templo
334 1617 433 1644 autem
459 1615 556 1643 Dianae
581 1615 713 1651 Ephesiae
737 1618 801 1643 octo
816 1617 918 1643 statuas
934 1615 1028 1643 allata

202 1660 332 1694 fuerunt,
349 1668 476 1696 quarum
491 1663 618 1696 quatuor
636 1659 666 1687 in
682 1660 803 1696 palatio,
828 1661 906 1696 quod
927 1663 973 1688 est
997 1660 1028 1688 in

203 1705 322 1741 regione
334 1704 434 1738 Tauri,
451 1704 598 1733 collocatae
615 1707 695 1739 sunt,
712 1705 896 1733 Constantini
912 1712 1028 1741 nempe,

200 1748 426 1783 Juliani,uxoris
440 1757 474 1777 ac
489 1749 587 1777 fratris
602 1750 666 1784 ejus
681 1749 758 1778 Galli
774 1749 914 1785 :reliquas
930 1753 1028 1777 autem

202 1796 331 1831 quatuor
361 1793 463 1830 posita:
491 1796 562 1821 sunt
583 1793 613 1820 in
636 1793 758 1822 sinistra
786 1796 869 1829 parte
898 1793 1027 1822 Chalces.

202 1838 313 1867 Ibidem
330 1840 358 1866 et
372 1846 442 1866 crux
458 1846 476 1866 a
488 1837 657 1866 Justiniano
673 1838 769 1874 posita
788 1838 853 1872 luit,
878 1841 907 1866 et
930 1841 1030 1866 statua

201 1883 338 1912 inaurata
364 1882 505 1918 Belisarii,
529 1885 558 1910 et
579 1884 676 1910 statua
699 1882 807 1910 Tiberii
824 1883 945 1911 Thracis
961 1883 1028 1911 Gib-

201 1928 276 1961 bosi,
302 1930 331 1955 et
349 1927 457 1955 Justini
486 1927 573 1963 primi
601 1928 695 1955 l'orma
725 1927 899 1962 macilenta;
924 1931 1029 1956 statuae

201 1971 272 2000 item
289 1972 353 2007 ejus
368 1973 560 2008 cognatorum
576 1974 699 2007 septem,
724 1972 787 2000 aliae
813 1980 847 2000 ex
872 1980 1027 2005 marmore,

202 2016 267 2044 alia!
282 2025 316 2044 ex
330 2024 385 2044 sere
401 2016 493 2044 factae.
509 2016 651 2044 Praeterea
666 2017 740 2045 duos
757 2017 823 2044 illos
849 2025 950 2052 equos,
977 2017 1027 2052 qui

202 2068 294 2097 supra
307 2061 476 2096 Gorgonum
492 2060 589 2097 capita
603 2060 633 2088 in
649 2063 717 2089 ante
741 2061 819 2088 dicto
842 2069 911 2088 arcu
938 2063 1027 2096 stant,

200 2103 387 2132 Justinianus
414 2103 525 2132 Sancta
554 2104 667 2140 Sophia;
695 2105 839 2137 conditor,
868 2112 902 2132 ex
931 2105 1027 2132 Diana;

200 2147 354 2184 Ephesius;
368 2148 477 2185 templo
494 2148 564 2177 illuc
578 2148 740 2182 transtulit,
757 2151 785 2177 et
800 2157 890 2184 supra
913 2149 1027 2177 colum-

201 2201 271 2221 nam
287 2192 388 2226 erexit,
406 2201 441 2221 ne
456 2193 523 2229 equi
551 2193 768 2229 pulchritudine
792 2193 921 2229 impares
946 2194 1027 2222 vide-

1082 895 1113 923 Ὀ
1147 894 1176 923 δὲ
1211 895 1337 932 βασιλεὺς
1366 895 1512 932 ἐκπλαγεὶς
1541 895 1586 922 καὶ
1615 895 1774 932 θαυμάσας,
1806 894 1916 924 ἔστειλε

1081 940 1171 976 τούτῳ
1203 940 1237 967 τὰ
1271 940 1424 974 αἰτηθέντα.
1454 939 1503 967 Διά
1531 941 1616 967 ταῦτα
1644 940 1690 967 οὖν
1720 941 1914 972 Ίουστινιανός

1083 984 1208 1022 ἐπαρθεὶς
1236 984 1276 1023 ἐφ’
1301 983 1387 1012 ’ίππον
1418 985 1510 1012 ἑαυτὸν
1534 983 1642 1020 ἔστησεν
1672 985 1716 1012 ἐπὶ
1740 986 1850 1016 κίονος·
1882 986 1913 1016 ’ὸς

1083 1029 1191 1066 ὕστερον
1217 1029 1354 1067 φθονήσας
1384 1028 1422 1065 τῷ
1450 1028 1558 1067 ῥηθὲντι
1588 1029 1835 1067 στρατηγικωτάτῳ
1860 1031 1913 1058 Βε-

1083 1071 1208 1110 λισαρίῳ,
1235 1073 1348 1111 ἐξώρυξε
1375 1073 1473 1100 τούτου
1487 1072 1551 1103 τοὺς
1569 1073 1738 1112 ὀφθαλμοὺς,
1754 1074 1798 1101 καὶ
1827 1085 1914 1110 προσ-

1082 1117 1156 1152 ἐταξι
1169 1120 1267 1145 τοῦτον
1292 1121 1454 1152 καθεσθῆναι
1472 1117 1510 1148 εἰς
1525 1118 1559 1145 τὰ
1574 1117 1692 1156 Λαύρου,
1709 1118 1753 1145 καὶ
1769 1117 1913 1146 ἐπιδοῦναι

1082 1161 1156 1198 αὐτῷ
1182 1164 1276 1194 σκιῦος
1298 1162 1467 1201 ὀστράκινον,
1489 1162 1534 1190 καὶ
1560 1162 1728 1201 ἰπιῤῥίπτειν
1744 1164 1820 1200 αὐτῷ
1847 1164 1913 1195 τοὺς

1083 1205 1268 1244 διρχομίνους
1285 1204 1400 1235 ὀϐολόν.

1153 1261 1218 1298 Περὶ
1232 1263 1286 1288 τῶν
1302 1261 1411 1296 στηλῶν
1427 1260 1466 1292 εἰς
1481 1262 1531 1296 τὴν
1547 1261 1656 1295 Χαλκήν
1674 1261 1836 1298 ἱσταμένων.

1117 1305 1179 1333 Ὅτι
1195 1304 1220 1332 ἐν
1236 1307 1271 1342 τῇ
1294 1307 1389 1342 Χαλκῇ
1415 1305 1546 1341 πλησίον,
1578 1305 1748 1343 Ηουλχιρίας
1773 1310 1823 1341 τῆς
1851 1307 1911 1334 ἀοι-

1082 1347 1184 1385 δίμου,
1212 1349 1249 1380 ὡς
1277 1350 1346 1387 πρὸς
1372 1350 1418 1377 τὸν
1446 1349 1592 1386 περίπατον
1621 1352 1671 1377 τοῦ
1700 1349 1836 1378 παλατίου
1866 1352 1910 1378 ἀν-

1081 1393 1183 1431 ηγιρθη
1214 1393 1303 1429 στήλη
1333 1393 1424 1429 αὕτησ
1455 1394 1584 1425 ὡσαύτως
1621 1395 1666 1422 καὶ
1703 1395 1831 1432 Ἀριάδνη
1861 1396 1907 1423 καὶ

1082 1438 1187 1472 Ζήνων.
1217 1441 1348 1465 Ἰστανται
1377 1437 1422 1465 καὶ
1446 1436 1533 1474 ἕτεραι
1562 1437 1611 1465 δύο
1639 1438 1737 1474 στῆλαι
1754 1439 1831 1474 πεζαὶ
1862 1439 1907 1467 in?

1081 1481 1171 1512 κίονος
1195 1481 1345 1519 βραχέως,
1371 1481 1477 1519 ἇλιγιῖα
1505 1481 1618 1520 ἔχουσαι
1646 1483 1797 1511 Σεκούνδου
1828 1484 1906 1521 φίλο·

1083 1525 1184 1564 σόφου’
1209 1526 1335 1564 ἀντικρὺς
1366 1525 1394 1554 δὲ
1417 1530 1467 1560 τῆς
1492 1527 1606 1561 Χαλκῆς
1629 1526 1725 1564 ἀψίδος
1751 1531 1907 1565 Γοργονοει-

1084 1569 1139 1601 δεῖς
1163 1570 1278 1608 κεφαλαὶ
1311 1569 1358 1598 δύο
1382 1568 1573 1610 χρυσέμόαφοι
1598 1575 1755 1610 γυνακιῖαι·
1781 1572 1905 1610 ἤχθησαν

1083 1613 1116 1642 δα
1128 1615 1180 1642 ἀπὸ
1208 1615 1322 1654 Ἐφέσου
1346 1614 1376 1642 ἐκ
1398 1617 1446 1643 τοῦ
1471 1618 1535 1643 ναοῦ
1550 1618 1600 1648 τῆς
1625 1616 1785 1654 ’Δρ-τέμιδος
1809 1618 1906 1653 ιεντῆλαι

1084 1659 1166 1686 ὀκτώ·
1197 1659 1242 1686 καὶ
1258 1659 1284 1686 αἱ
1312 1659 1360 1695 μὶν
1375 1660 1501 1696 τέσσαρες
1524 1659 1550 1687 ἂν
1579 1663 1638 1692 τοῖς
1658 1663 1706 1687 τοῦ
1728 1661 1835 1698 Ταύρου
1863 1663 1907 1698 μὲ-

1084 1713 1167 1739 ρεσιν,
1195 1702 1221 1730 ἐν
1247 1706 1306 1734 τοῖς
1321 1703 1466 1734 παλατίοις
1490 1705 1736 1741 προεπεπήγιισαιν,
1768 1706 1907 1733 Κωνσταν-

1082 1747 1177 1782 τίνου,
1201 1748 1246 1775 καὶ
1273 1747 1442 1782 Ὶουλιαινοῖὶ¹
1468 1752 1512 1776 καὶ
1537 1752 1587 1782 τῆς
1610 1749 1760 1786 γυναικὸς,
1786 1751 1828 1777 καὶ
1858 1751 1904 1778 τοῦ

1083 1791 1202 1830 ἀδελφοῦ
1232 1791 1313 1819 αὑτοῦ
1339 1792 1459 1820 Γάλλου’
1477 1793 1503 1820 αἱ
1527 1791 1555 1820 δὲ
1569 1793 1694 1830 τέσσαρες
1719 1793 1746 1821 ἐν
1772 1797 1829 1825 τοῖς
1856 1798 1903 1829 τῆς

1082 1835 1194 1869 Χαλκῆς
1224 1835 1374 1873 εὐωνύμοις
1399 1837 1523 1874 μέρεσιν,
1555 1835 1616 1864 ἔνθα
1640 1838 1685 1864 καί
1714 1839 1826 1874 σταυρὸς
1853 1839 1902 1867 ὑπὸ

1082 1881 1274 1908 ’[ουστινιανοῠ
1312 1880 1462 1918 ἐπεπήγει,
1501 1881 1546 1908 καὶ
1583 1881 1671 1916 στήλη
1710 1880 1900 1922 χρυσέμϐαφος

1083 1924 1244 1962 Βιλισαρίου
1271 1925 1315 1952 καὶ
1339 1922 1463 1963 Τιϐερίου
1491 1927 1540 1953 τοῦ
1565 1925 1762 1961 Κουρτοειδοῦς
1790 1928 1900 1965 Θρᾳκὸς,

1082 1970 1126 1996 καὶ
1150 1972 1199 1996 τοῦ
1222 1969 1365 1997 ’[ουστίνου
1391 1971 1438 1997 τοῦ
1455 1971 1566 2007 πρώτου
1582 1969 1754 2005 λεπτοιιδής,
1779 1972 1822 1999 καὶ
1849 1975 1899 2000 τῶν

1084 2016 1218 2051 συγγενῶν
1244 2013 1325 2041 αὐτοῦ
1350 2013 1449 2048 στῆλαι
1474 2015 1561 2048 ἔπτὰ,
1591 2015 1618 2042 αί
1645 2015 1693 2051 μὲν
1718 2016 1770 2043 ἀπὸ
1797 2017 1900 2054 μαρμά-

1083 2068 1149 2095 ρων,
1184 2058 1210 2085 αἱ
1235 2056 1263 2085 δὶ
1287 2057 1400 2095 χαλκαῖ.
1432 2059 1480 2086 Καὶ
1508 2059 1533 2086 οἱ
1559 2057 1607 2086 δύο
1630 2058 1711 2086 ’ίπποι
1737 2059 1822 2087 ἐπάνω
1849 2064 1900 2089 τῶν

1083 2100 1266 2140 Γοργονειδῶν
1291 2103 1429 2139 ἱστάμεννι
1450 2103 1475 2130 ἐν
1500 2105 1534 2139 τῇ
1559 2102 1647 2140 ἀψίδι,
1663 2104 1707 2131 καὶ
1723 2104 1797 2131 οὗτοι
1810 2105 1838 2132 ἐκ
1855 2109 1901 2140 τῆς

1082 2145 1242 2184 ’Λρτὲμιδος
1266 2147 1319 2174 ἀπὸ
1344 2147 1457 2186 Ἐφέσου
1482 2146 1608 2185 ἤχθησαν
1634 2148 1685 2176 ὑπὸ
1716 2150 1900 2178 ’ίουστινιανοῦ
1949 2148 1950 2152 ¹

1080 2193 1129 2218 τοῦ
1144 2191 1283 2222 κτίσαντος
1298 2191 1348 2226 τὴν
1364 2192 1457 2229 Ἀγίαν
1475 2192 1588 2231 Σοφίαν
1604 2193 1648 2220 καὶ
1661 2192 1813 2228 ἐστήλωσεν
1826 2195 1897 2229 αὐτὰ,

200 2239 304 2266 rentur
318 2245 324 2265 :
342 2240 370 2266 et
385 2245 501 2265 crucem
515 2237 626 2265 ibidem
642 2237 751 2273 posuit,
768 2239 800 2265 ut
824 2237 939 2266 firmius
963 2241 1026 2266 sta-
1043 2232 1064 2265 D
1083 2234 1127 2262 διὰ
1141 2246 1155 2263 τ

1115 2235 1172 2263 ὶτὸ
1189 2236 1227 2272 μὴ
1243 2234 1407 2271 ἆντιζηλοῦν
1431 2235 1565 2271 ἀλλήλων
1578 2236 1642 2268 τοὺς
1662 2236 1775 2268 Ιίππους·
1801 2238 1898 2274 ὁμοίως

200 2284 255 2310 ret.
271 2281 383 2310 Ibidem
400 2282 509 2318 pariter
524 2281 649 2317 ingentis
666 2281 752 2309 molis
775 2289 848 2309 area
875 2282 1026 2310 Maximini

199 2328 298 2355 statua
311 2326 406 2362 posita
414 2326 671 2360 cernitur,necnon
683 2328 789 2354 statuas
800 2327 893 2355 totius
907 2327 1026 2355 familiae

199 2370 356 2399 Theodosii
372 2378 450 2398 nunc
464 2369 554 2398 etiam
570 2373 740 2406 supersunt.

457 2423 495 2451 De
508 2424 609 2451 ualui:
624 2424 768 2451 Mauricii.

232 2466 264 2495 In
287 2467 392 2496 Chalce
417 2467 554 2496 visuntur
582 2468 670 2495 etiam
699 2471 804 2496 statum
835 2467 968 2497 Mauricii
992 2477 1025 2497 ac

197 2511 306 2546 uxoris,
333 2511 555 2548 liberorumque
583 2513 659 2547 ejus,
685 2513 721 2540 ab
746 2513 846 2541 eodem
870 2513 1024 2549 Mauricio,

196 2556 334 2584 manibus
347 2556 486 2591 extensis,
502 2565 593 2593 supra
607 2557 715 2585 Christi
730 2556 891 2593 imaginem
906 2561 1024 2592 erectae;

194 2599 315 2636 reliqua
329 2608 397 2629 vero
423 2603 527 2629 statua:
548 2601 609 2629 illic
630 2601 788 2634 collocata,
814 2610 848 2630 ex
870 2605 949 2630 terra
973 2604 1025 2630 At-

195 2644 253 2673 tica
267 2645 400 2673 deducte
416 2648 487 2673 sunt
503 2654 509 2673 :
527 2646 603 2674 inter
615 2654 689 2682 quas
704 2655 764 2674 una
789 2649 834 2674 est
854 2646 1023 2683 philosophi

194 2689 361 2725 cujusdam,
392 2692 425 2718 ut
459 2690 549 2717 tradit
587 2691 734 2727 Ligurius.
763 2691 919 2726 Postquam
955 2699 1022 2719 vero

194 2733 353 2762 Mauricius
370 2743 387 2762 a
402 2734 499 2762 Phoca
520 2737 645 2771 tyranno
668 2736 840 2763 interiectus
866 2736 932 2770 fuit,
958 2736 1021 2764 dia-

193 2783 284 2808 conus
299 2779 421 2816 quidam
438 2779 557 2807 nomine
571 2780 691 2814 Acatus,
708 2788 785 2807 unus
805 2788 839 2808 ex
865 2780 1021 2808 sectatori-

1080 2280 1124 2307 καὶ
1140 2280 1185 2307 τὸν
1203 2280 1315 2317 σταυρὸν
1331 2278 1375 2306 διὰ
1390 2280 1420 2308 τὸ
1432 2279 1549 2318 ἑδραῖον·
1577 2281 1621 2308 καὶ
1639 2281 1791 2317 Μαξιμίνου
1813 2282 1895 2318 στήλη

1080 2323 1172 2362 χαλκῆ
1190 2324 1215 2351 ἐν
1230 2323 1321 2355 αὐτοῖς
1346 2323 1455 2352 ’ίσταται
1483 2324 1632 2362 βαρυτάτη,
1659 2323 1722 2353 ἔνθα
1746 2327 1792 2353 νῦν
1813 2327 1855 2354 καὶ
1869 2328 1896 2354 τὸ

1078 2368 1155 2406 γένος
1172 2369 1239 2396 ἅπαν
1255 2367 1399 2396 Θεοδοσίου
1416 2369 1542 2407 ὑπάρχει.

1239 2421 1304 2458 Περὶ
1319 2423 1372 2449 τῶν
1390 2420 1498 2456 στηλῶν
1518 2423 1567 2449 τοῦ
1587 2423 1750 2460 Μαυριχίου.

1114 2465 1166 2493 Καὶ
1185 2467 1232 2493 τοῦ
1257 2466 1418 2503 Μαυρικίου,
1440 2467 1485 2493 καὶ
1509 2469 1559 2500 τῆς
1584 2467 1713 2504 γυναικὸς
1740 2467 1830 2504 αὐτοῦ,
1857 2470 1896 2497 καί

1077 2512 1130 2537 τῶν
1155 2509 1266 2537 τέκνων.
1294 2511 1339 2538 Ἐν
1355 2510 1406 2548 γὰρ
1430 2512 1464 2548 τῇ
1485 2511 1581 2547 Χαλχῇ
1599 2510 1723 2539 ’ἵστανται
1741 2513 1896 2541 αἱτοιαῦται

1079 2553 1178 2588 στῆλαι
1205 2556 1254 2581 τοῦ
1279 2554 1452 2591 Μαυρικίου,
1480 2553 1580 2586 ἄνωθεν
1605 2558 1654 2589 τῆς
1680 2555 1837 2593 θεανδρικῆς
1865 2558 1896 2585 ιῖ-

1076 2599 1156 2630 κόνος
1183 2601 1231 2627 τοῦ
1257 2600 1347 2633 Ἰησοῦ
1373 2599 1416 2626 ὑπ’
1451 2599 1533 2626 αὐτοῦ
1562 2603 1826 2635 κατασχευασθεῖσαι,
1855 2602 1893 2629 καὶ

1078 2643 1249 2680 ἂκτιταμὲναι
1272 2646 1330 2674 ταῖς
1356 2643 1462 2681 χερσίν.
1487 2644 1521 2671 Ai.
1544 2642 1573 2670 δὲ
1595 2643 1690 2672 λοιπαὶ
1718 2644 1748 2672 ἐκ
1771 2647 1819 2680 τῆς
1845 2649 1893 2674 τῶν

1076 2688 1229 2723 ’Ἀθηναίων
1256 2688 1338 2723 ἥχασι
1369 2691 1440 2725 γῆς’
1477 2687 1629 2727 φιλοσόφου
1658 2688 1687 2716 δά
1716 2700 1796 2728 φασιν
1823 2691 1891 2725 εἶναι,

1076 2733 1113 2764 ὡς
1137 2732 1212 2771 λέγει
1236 2733 1281 2760 καὶ
1312 2734 1325 2760 ὁ
1353 2733 1494 2771 Λιγύριος.
1520 2733 1596 2762 Mrta
1619 2733 1651 2761 τὸ
1673 2737 1806 2771 σφαγῆναι
1827 2737 1892 2773 παρὰ
1943 2756 1944 2759 η

1075 2780 1123 2805 τοῦ
1137 2777 1268 2815 τυράννου
1285 2779 1369 2805 Φωχᾶ
1385 2777 1547 2815 Μαυρίκιον,
1571 2778 1610 2810 ei;
1632 2788 1674 2810 τις
1699 2777 1821 2812 διάκονος
1841 2783 1888 2808 τῶν
