1953 3047
64 102 76 129 Ι
86 101 150 131 201

638 103 817 134 ΛΝΟΝΥΜΙ
840 102 1133 138 ANTIQUITATES
1155 103 1215 132 ΟΡ.

1703 100 1782 132 £503

65 167 202 201 μαθητῶν
235 167 371 205 Εὖτυχίου
396 170 444 195 τοῦ
474 169 611 206 αἱρετικοῦ
639 169 752 205 ὀνόματι
772 170 895 203 "Anates,

985 177 1013 196 Js
1041 168 1179 204 Eutychis
1209 168 1346 202 haeretici,
1376 167 1479 195 videns
1507 166 1597 195 victos
1626 166 1782 203 magistros

64 209 139 237 ἰδὼν
173 212 340 246 ἡττηθέντας
373 213 438 243 τοὺς
476 214 537 250 περὶ
576 214 658 241 αὐτοῦ
694 212 896 246 διδασκάλους,

62 255 197 287 κάκεῖνος
227 255 391 293 ἀποδράσας,
412 255 546 285 κατέλαϐε
569 259 684 296 διάστρον
713 269 739 285 τι
763 258 899 293 καλούμε-

63 309 114 325 νον
147 301 312 336 Σεραπίωνα·
329 304 409 329 τοῦτο
427 301 455 329 δὲ
470 302 614 340 ἰτύγχανεν
640 303 668 330 δν
689 302 714 331 ἔν
743 305 797 330 τῶν
826 302 900 339 παρὰ

68 345 191 381 Πέρσαις
242 345 367 383 ῥηγίων.
406 349 578 384 Καταμηνύει
617 346 645 375 δὲ
688 347 820 385 Περιττίῳ
859 349 899 382 τῷ

66 390 242 427 φρουράρχῳ
270 391 303 417 τὰ
325 395 375 425 τῆς
402 391 537 423 ἀσθενείας
566 394 620 420 τῶν
648 392 673 419 ἓν
690 394 724 428 τῇ
741 390 899 427 Χαλκηδόνι

65 433 232 468 οἰκούντων,
262 435 400 471 προσθεὶς,
425 435 466 463 ὅτι
496 437 553 472 ἅμα
582 439 622 472 τῷ
636 434 797 464 καταλαϐεῖν
819 435 898 462 αὐτὸν

64 477 187 508 τούτους
210 479 411 516 χειρώσεσθαι,
436 480 480 507 καὶ
507 479 575 515 δῆτα
600 481 714 517 ἀμενητὶ
738 480 898 518 στρατεύσας

65 523 80 549 ὁ
119 522 214 559 ῥηθεὶς
247 523 373 561 Πέρσης,
403 525 448 551 καὶ
477 524 549 563 ἔχων
581 525 752 563 στρατιωτῶν
782 522 900 560 ἐϐδομή-

64 577 153 594 κοντα
183 566 324 604 χιλιάδας,
353 566 558 605 καταλαμϐάνει
589 571 639 604 τήν
669 568 840 604 Χαλκηδόνα
873 568 899 595 οἱ

65 610 97 638 δὲ
130 611 216 647 μόλις
245 610 360 650 ἴσχυσαν
376 611 514 650 διαφυγεῖν
545 613 583 644 εἷς
610 611 898 642 Κωνσταντινούπολιν

67 655 140 692 μετᾶ
167 658 222 683 τῶν
250 656 348 692 τιμίων
377 656 512 694 λειψάνων
542 661 593 693 τῆς
622 658 702 696 ἁγίας
730 657 897 697 Εὖφημίας,

67 700 139 736 ὑπὲρ
168 700 202 734 ἧς
226 701 257 728 τὸ
281 699 365 728 πλὶον
395 701 557 736 ἐσπούδαζεν
587 703 602 730 ὁ
631 701 769 739 προδότης
797 702 901 729 καὶάν-

68 744 144 782 ίερος
168 745 297 779 “¹Ακατος,
321 745 409 776 θέλων
437 747 536 782 ἀμῦναι
565 747 661 781 αὐτὴν,
691 745 761 774 ὃιότι
775 746 840 776 τοὺς
855 746 900 773 αἱ·

67 789 171 826 ρὲσιως
188 788 275 816 αὐτῶν
300 789 403 826 τόμους
431 790 612 828 κατῄσχυνεν,
640 791 697 826 ἅμα
713 789 753 824 δὲ,
768 791 814 817 καὶ
829 788 899 817 διότι

65 832 100 859 οὐ
132 834 313 871 συνεχωρήθη
344 833 478 872 Εὐτπόχιον
509 836 555 862 τὸν
585 835 675 872 ἀτυχῆ
704 835 755 869 τήν
770 834 899 869 τοιαύτην

66 877 219 915 εὐτυχῆσαι
247 877 417 914 μητρόπολιν
438 899 444 906 .
474 878 695 914 Λεηλατήσαντες
721 878 750 906 δὲ
777 879 839 906 τότε
866 879 900 906 τὰ

67 921 158 948 ἐκεῖσε
182 921 268 949 πάντα
293 923 318 949 οἱ
349 922 459 959 Πέρσαι⁷
488 920 585 950 ἔλαϐον
610 924 654 951 καὶ
675 924 706 951 τὸ
728 923 899 961 χρυσάγκαυ-

67 975 133 992 στον
160 963 270 1003 ἄγαλμα
284 968 332 993 τοῦ
355 966 451 994 Ἠλίου
475 967 550 1002 θεοῦ,
572 969 620 994 τοῦ
645 967 797 1005 λεγομάνου
826 967 898 1004 Κρό-

67 1020 128 1044 νου,
154 1009 199 1037 καὶ
227 1009 369 1048 ἀπήγαγον
399 1010 437 1043 εἰς
461 1011 573 1049 Περσίαν
589 1033 597 1046 ,
627 1012 671 1039 καὶ
699 1012 830 1048 ἐτίμησαν
860 1012 899 1043 ὡς

67 1054 142 1082 ϐιόν.

230 1099 294 1136 Περῖ
314 1101 363 1127 τοῦ
377 1101 437 1130 πῶς
452 1099 556 1135 ἐκλήθη
574 1099 740 1138 Αὔγουστος.

103 1144 132 1169 '0
159 1142 312 1181 Αὔγουστος
343 1144 357 1171 ὁ
383 1144 539 1175 Ὀκταούϊος
569 1144 714 1181 Αὐγούστῳ
731 1145 798 1182 μηνὶ
827 1146 898 1173 ὑπά-

65 1197 156 1223 τευσε,
185 1188 228 1215 καὶ
264 1188 390 1225 ἐτίμησεν
420 1189 510 1222 αὐτὸν,
543 1188 680 1224 Σεξτίλιον
709 1190 740 1217 τὸ
764 1190 896 1227 πρότερον

66 1232 227 1269 λεγόμενον,
254 1232 299 1260 καὶ
325 1232 465 1269 ὠνόμασεν
481 1233 562 1261 αὐτὸν
590 1233 751 1271 Αὔγουστον·
774 1233 800 1261 ἐν
823 1234 898 1271 αὐτῷ

67 1275 98 1303 δὲ
126 1275 285 1311 ἐτελεύτησε
313 1278 352 1312 τῷ
384 1277 450 1313 μηνὶ
476 1280 515 1313 τῷ
544 1278 575 1310 ιθ’
605 1278 704 1314 ἡμίρᾳ.
733 1279 779 1314 Τῷ
799 1277 828 1306 δὲ
845 1281 897 1306 Σε-

66 1318 213 1358 πτεμϐρίῳ
244 1321 308 1357 μηνὶ
335 1321 467 1358 ἰγιννήθη
494 1321 533 1353 εἴς
560 1322 606 1353 τὰς
628 1323 679 1360 κγ’,
704 1323 748 1350 καὶ
778 1322 896 1358 ἐνίκησεν

68 1365 226 1399 Ἄντώνιον,
243 1366 286 1392 καὶ
317 1365 417 1403 ἤρξατο
443 1370 492 1401 τῆς
519 1367 681 1404 μοναρχίας,
698 1367 743 1394 καὶ
769 1367 895 1403 ἐτίμησεν

68 1409 148 1436 αὑτὸν
173 1409 293 1447 ἄρχοντα
309 1409 499 1445 Ἰνδικτιῶνος,
516 1409 577 1444 ἤτοι
601 1412 689 1448 ἀρχὴν
707 1412 819 1449 χρόνου·
837 1412 897 1444 ὅθεν

71 1451 256 1492 Σεπτὲμῦριος
271 1454 424 1491 τετίμηται.

212 1553 275 1589 Περὶ
290 1554 343 1580 τῶν
356 1553 506 1590 Νουμιρων
520 1553 564 1580 καὶ
579 1556 628 1588 τῆς
646 1553 766 1588 Χαλκῆς.

103 1596 139 1623 Τὰ
154 1596 283 1634 Νούμερα
297 1597 342 1624 καὶ
356 1598 406 1632 τήν
423 1597 535 1632 Χαλκὴν
550 1598 564 1625 ὁ
580 1597 668 1636 Μέγας
693 1600 895 1629 Κωνσταντῖνος

68 1637 166 1667 ἔκτισιν
181 1640 226 1667 καὶ
242 1639 287 1668 διὰ
301 1641 332 1668 τὸ
356 1641 421 1668 εἶναι
436 1641 513 1679 ἀργὰ,
532 1641 658 1677 ἐποίησεν
674 1642 742 1670 αὐτοὶ
769 1641 894 1681 φυλακὴν

71 1685 84 1711 ὁ
100 1684 270 1722 Ἡράκλειος,
286 1686 330 1712 καὶ
343 1686 368 1713 el
376 1686 501 1721 καθεξῆς.

71 1782 134 1820 Περὶ
164 1786 214 1817 τῆς
242 1782 351 1820 χαλκῆς
381 1783 497 1829 στήλης,
530 1785 580 1817 τῆς
606 1783 752 1820 ἱσταμένης
779 1783 816 1814 εἰς
843 1784 895 1818 τὴν

428 1828 531 1854 πυΑην.

106 1863 165 1890 Ὅτι
190 1862 215 1889 ἐν
233 1862 369 1900 λεγομένῃ
394 1862 492 1900 Χαλκῇ
520 1862 607 1900 στήλῃ
636 1862 729 1900 χαλκῆ
759 1862 804 1897 ἦν,
834 1861 896 1897 ἥτις

72 1906 132 1941 ἔστη
158 1907 230 1943 παρὰ
259 1909 308 1934 τοῦ
336 1907 465 1945 Μεγάλου
492 1907 705 1941 Κωνσταντίνου,
729 1909 777 1934 τοῦ
796 1906 895 1943 Κυρίου

71 1952 149 1988 ἡμῶν
167 1952 257 1986 Ἰησοῦ
283 1952 400 1988 Χριστοῦ
424 1952 562 1990 τυγχάνει.
587 1952 618 1980 Ὁ
633 1950 662 1979 δὲ
679 1951 780 1979 Λέωνὸ
805 1955 894 1989 πατῆρ

71 1998 117 2023 τοῦ
154 1994 307 2024 Καῦαλίνου
342 1996 442 2032 ταύτην
482 1998 645 2034 κατήγαγεν·
674 1998 691 2032 ἡ
723 1995 752 2025 δὶ
776 2000 821 2024 νῦν
851 1996 896 2024 διὰ

72 2040 197 2079 ψηφίδων
214 2041 339 2078 ὁρωμένη
357 2041 448 2075 εἰκὼν,
465 2041 593 2072 ὡσαύτως
610 2041 692 2069 ἐστίν.
710 2043 894 2079 Ἀνιστορήθη

72 2085 99 2112 δὲ
114 2085 184 2122 παρὰ
200 2085 320 2123 Εἰρήνης
334 2087 384 2120 τῆς
398 2085 551 2121 Ἀθηναίας,
566 2085 592 2120 ἐξ
617 2085 649 2120 ἧς
673 2087 740 2124 γυνή
764 2086 896 2124 αἱμορῥο-

72 2132 134 2156 οὖσα
150 2129 222 2175 ίάρηδ
239 2130 283 2157 καί
299 2129 435 2175 ἕτεραδοῦν
452 2129 545 2158 πολλᾶ
568 2129 692 2166 θαύματα
717 2129 894 2159 ἐπιτελοῦντο

72 2173 108 2205 εἰς
119 2173 150 2201 τὸ
165 2171 253 2210 ὄνομα
265 2176 313 2202 τοῦ
329 2171 459 2212 Χρῖστοῦ.

953 221 1034 246 suos,
1052 216 1080 241 et
1103 213 1166 248 ipse
1190 213 1320 248 profugit
1345 212 1380 239 ad
1406 211 1561 239 castellum
1587 213 1781 247 cognomento

954 257 1133 294 Serapionis,
1151 258 1228 293 quod
1245 257 1335 284 situm
1351 259 1415 284 erat
1428 256 1459 283 in
1476 255 1594 292 regione
1615 255 1781 290 Persarum,

954 305 1041 337 atque
1056 302 1157 330 statim
1184 302 1302 330 Periltio
1327 301 1464 338 praefecto
1489 299 1669 336 prasidiario
1686 299 1782 336 signi-

955 346 1053 374 ﬁcavit
1067 346 1249 374 debilitatem
1272 346 1380 374 civium
1402 343 1694 377 Chalcedonensium,
1711 344 1782 372 sub-

951 392 1082 427 jungens
1107 391 1239 428 insuper,
1257 391 1354 426 ipsum
1381 391 1476 427 primo
1491 390 1603 426 impetu
1629 389 1713 418 facile
1732 397 1783 418 eos

955 437 1115 472 subjugare
1145 444 1242 472 posse.
1265 437 1360 469 Quare
1388 435 1575 471 supradictus
1602 434 1691 462 Persa
1718 433 1783 462 sine

955 489 1037 508 mora
1066 489 1097 508 se
1126 489 1193 508 cum
1222 480 1410 516 septuaginta
1428 479 1560 507 millibus
1588 478 1720 507 militum
1749 478 1780 506 in

953 526 1030 553 viam
1055 525 1146 559 dedit,
1161 527 1301 560 tantaque
1324 524 1472 552 celeritate
1493 523 1601 551 invasit
1621 522 1781 551 Chalcedo-

955 577 1033 601 nem.
1051 572 1083 596 ut
1098 569 1211 597 civibus
1230 569 1278 596 vix
1303 569 1375 597 satis
1402 568 1617 604 relinqueretur
1639 567 1782 603 temporis

954 614 988 640 nd
1017 613 1255 641 transferendum
1285 612 1426 648 reliquias
1467 615 1577 640 sanctae
1613 611 1782 648 Euphemia

955 657 1252 693 Constantinopolim,
1268 666 1285 685 a
1301 657 1409 692 quibus
1437 656 1584 692 imprimis
1606 656 1717 692 impius
1732 655 1783 685 ille

956 702 1090 738 proditor
1115 703 1223 730 Acatus
1252 701 1347 729 ultum
1378 701 1421 729 ire
1450 700 1609 729 festinabat
1636 700 1782 729 haereseos

956 747 1144 782 Eutychianss
1169 746 1287 782 scriptis
1302 746 1416 774 illatam
1437 745 1643 782 ignominiam,
1659 747 1688 773 et
1703 745 1781 781 quod

956 791 1136 818 infcrtunato
1152 790 1274 826 Eutychi
1299 790 1386 818 istam
1414 789 1601 826 metropolim
1622 789 1782 817 concedere

957 836 1122 863 noluerant.
1139 835 1218 862 Inter
1241 837 1346 863 caetera
1367 842 1431 869 qua:
1447 836 1517 862 tunc
1531 834 1672 869 temporis
1686 833 1780 861 Persa

955 881 1112 916 predando
1138 880 1336 913 abstulerunt,
1364 880 1421 907 fuit
1436 887 1554 915 quoque
1566 887 1689 907 aureum
1704 878 1778 906 illud

953 928 983 953 et
997 927 1136 953 encausto
1152 925 1333 952 elaboratum
1348 924 1466 960 signum
1481 923 1568 958 Solis,
1578 922 1777 959 cognominati

953 969 1052 1005 Groni,
1078 970 1156 1005 quod
1172 969 1202 997 in
1225 969 1376 997 Persidem
1398 968 1558 997 deductum
1582 976 1635 1004 pro
1659 968 1714 997 deo
1728 975 1778 996 co-

952 1014 1042 1042 luere.

1058 1103 1113 1132 Cur
1127 1105 1264 1139 Augusta:
1277 1104 1380 1132 mauis
1394 1104 1434 1131 sic
1448 1102 1607 1139 appellatus
1618 1103 1673 1139 (sit.

986 1149 1138 1184 Augustus
1150 1148 1289 1176 Octavius
1307 1156 1408 1176 mense
1419 1148 1551 1183 Augusto
1564 1147 1693 1184 primum
1708 1155 1780 1175 con-

952 1192 1083 1220 sulatum
1100 1192 1168 1220 iniit
1184 1201 1190 1220 :
1207 1200 1267 1228 qua
1290 1192 1326 1220 de
1350 1200 1441 1220 causa
1464 1191 1544 1220 hunc
1568 1199 1712 1227 mensem,
1727 1191 1780 1228 qui

951 1236 1066 1264 Sextilis
1091 1239 1177 1264 antea
1200 1238 1370 1268 vocabatur.
1392 1244 1460 1264 cum
1485 1236 1516 1263 in
1542 1235 1653 1264 honore
1676 1234 1780 1264 haberi

952 1280 1049 1313 vellet,
1067 1283 1234 1316 Augustum
1262 1280 1453 1316 nuncupavit.
1469 1280 1578 1308 Eodem
1602 1287 1715 1312 mense,
1731 1279 1780 1308 die

951 1325 1170 1353 undevicesima
1185 1327 1308 1353 mortem
1336 1324 1419 1352 obiit.
1436 1324 1488 1352 Die
1512 1327 1611 1352 autem
1639 1323 1780 1352 vicesima

950 1369 1038 1397 tertia
1071 1369 1255 1405 Septembris
1284 1373 1371 1396 natus
1399 1372 1454 1402 est,
1484 1369 1647 1404 eodemque
1676 1375 1778 1396 mense

952 1414 1076 1441 Antonio
1091 1414 1204 1442 devicto
1227 1413 1308 1442 solus
1330 1413 1488 1449 imperium
1513 1413 1654 1447 obtinuit,
1669 1412 1777 1441 idcirco

949 1459 1060 1488 dictum
1092 1466 1223 1486 mensem
1252 1458 1454 1493 Septembrem
1479 1458 1589 1486 honore
1610 1457 1718 1492 atl‘ecit,
1747 1458 1777 1484 et

949 1506 982 1531 ut
997 1503 1121 1531 lndictio
1136 1503 1172 1530 ab
1187 1510 1220 1531 eo
1236 1502 1354 1530 initium
1371 1504 1502 1530 sumeret
1517 1501 1633 1530 statuit.

1138 1560 1140 1562 '
1189 1557 1226 1584 Dc
1240 1556 1365 1583 Numeri:
1379 1557 1404 1584 et
1420 1555 1533 1583 Chatta.
1602 1583 1606 1585 .

985 1600 1113 1629 Numera
1127 1602 1156 1628 et
1170 1600 1293 1628 Cbalcen
1318 1599 1531 1628 Constantinus
1545 1599 1669 1635 Magnus
1683 1598 1777 1626 aediﬁ-

951 1646 1025 1673 cavit
1042 1655 1048 1673 :
1065 1645 1114 1673 sed
1133 1644 1271 1680 quoniam
1298 1644 1371 1672 nulli
1389 1644 1456 1672 usui
1482 1645 1577 1677 erant,
1605 1643 1671 1671 ideo
1685 1644 1778 1671 Hera-

950 1689 1014 1717 clus
1029 1692 1057 1717 et
1085 1689 1189 1724 reliqui
1215 1688 1354 1724 deinceps
1379 1688 1571 1724 imperatores
1585 1695 1621 1716 ea
1634 1687 1664 1715 in
1680 1695 1777 1716 carce-

951 1742 1011 1761 rem
1027 1734 1191 1761 mutarunt.

1055 1786 1093 1813 De
1107 1789 1199 1814 statua
1213 1793 1293 1814 aenea
1307 1792 1371 1822 qua
1387 1785 1415 1812 in
1428 1789 1510 1821 porta
1523 1785 1584 1813 sila
1596 1786 1666 1813 erat.

985 1866 1016 1893 In
1032 1864 1137 1893 Chalce
1160 1866 1258 1892 statua
1273 1872 1351 1892 tenes
1365 1866 1438 1897 erat.
1457 1872 1546 1901 quam
1564 1863 1775 1892 Constantinus

949 1912 1071 1946 Magnus
1095 1909 1197 1943 erexit,
1210 1909 1336 1945 efﬁgiem
1367 1909 1481 1936 Domini
1498 1908 1592 1936 nostri
1605 1907 1676 1936 Jesu
1691 1907 1775 1936 Chri-

949 1955 986 1982 sti
1014 1956 1247 1990 reprsesentans:
1266 1953 1342 1980 hanc
1366 1961 1433 1981 vero
1457 1953 1513 1981 Leo
1537 1952 1679 1981 Caballini
1693 1954 1777 1989 pater

949 1999 1061 2027 evertit.
1077 1999 1145 2031 Quae
1169 2000 1267 2025 autem
1284 1997 1394 2025 Christi
1409 1997 1505 2033 imago
1527 1997 1614 2026 hodie
1629 1996 1690 2024 illic
1705 1996 1775 2025 visi-

951 2045 999 2070 tur
1025 2041 1134 2070 musivi
1163 2041 1272 2077 operis,
1302 2042 1338 2069 ab
1368 2042 1451 2069 Irene
1477 2041 1651 2069 Atheniensi
1679 2039 1778 2077 posita

950 2089 994 2115 est
1010 2096 1016 2115 ε
1034 2088 1119 2122 cujus
1133 2086 1271 2122 imaginis
1286 2094 1341 2122 ope
1357 2085 1588 2113 bmmorrhoissa
1602 2086 1704 2114 curata
1719 2088 1776 2120 est,

951 2131 1101 2167 multaque
1116 2131 1173 2159 alia
1188 2130 1218 2158 in
1233 2131 1350 2158 nomine
1365 2129 1474 2158 Christi
1497 2130 1576 2158 edita
1600 2132 1672 2158 sunt
1685 2128 1775 2157 mira-

950 2175 1027 2203 cuia.

203 2247 258 2275 Cur
274 2247 370 2274 urbem
381 2247 546 2281 describam,
561 2255 622 2275 eam
636 2249 694 2275 tres
709 2248 740 2276 in
753 2249 844 2283 parte:
857 2247 980 2282 dividat,
995 2251 1022 2275 et
1036 2255 1054 2274 α
1067 2254 1187 2282 quonam
1201 2246 1260 2274 loco
1274 2246 1404 2282 quaelibet
1416 2254 1483 2282 par:
1497 2245 1624 2282 incipiat.

107 2307 201 2336 Ἰστὲον
227 2308 284 2343 οὗν,
308 2306 350 2336 ὅτι
375 2307 519 2346 δυσεύρετα
542 2306 606 2336 ὄντα
620 2308 778 2336 τὰτοιαῦτα
794 2307 838 2336 διὰ
861 2309 892 2337 τὸ

985 2309 1141 2337 Sciendum
1167 2308 1258 2344 igitur
1282 2311 1336 2341 est,
1364 2309 1437 2341 haec,
1461 2315 1529 2335 cum
1554 2315 1630 2344 egre
1654 2306 1775 2344 reperiri

74 2352 256 2389 συγκεχυμένα
278 2353 356 2387 εἶναι,
391 2352 504 2390 διῃσὲθη
531 2352 570 2384 είς
592 2353 653 2391 τρία
677 2354 758 2391 μὲρη.
785 2353 834 2382 Καὶ
862 2353 894 2381 τὸ

76 2397 119 2432 μὶν
134 2398 241 2433 πρῶτον
269 2397 382 2434 ἄρχεται
407 2396 459 2424 άπὸ
478 2398 527 2424 τοῦ
542 2396 676 2425 παλατίου
700 2400 749 2432 τῆς
773 2397 894 2433 Χαλκῆς,

72 2441 113 2468 καὶ
135 2443 182 2468 τοῦ
207 2440 310 2469 Μιλίου
337 2440 419 2479 μίχρι
444 2444 493 2475 τῆς
517 2441 654 2479 Χρυσίας·
686 2442 718 2469 τὸ
749 2441 778 2469 δὶ
802 2440 892 2479 ἕτερον

74 2485 122 2512 ἀπὸ
154 2487 202 2512 τοῦ
234 2484 479 2522 Τζυγκανιστηριου
496 2507 503 2521 ,
531 2489 582 2520 τῆς
611 2484 813 2524 Ὁδηγητρίας,
840 2488 896 2513 τῶν

74 2529 228 2566 Μαγγάνων,
264 2529 347 2567 μέχρι
369 2529 547 2566 Βλαχερνῶν·
575 2530 606 2557 τὸ
636 2529 664 2557 Si
691 2530 782 2567 τρίτον
814 2529 896 2567 μέρος

74 2574 122 2601 ἀπὸ
146 2576 194 2601 τοῦ
210 2574 303 2611 ἱτέρου
330 2575 440 2611 μόρους,
465 2576 514 2601 τοῦ
530 2573 623 2611 ’Δγίου
650 2574 766 2612 Σιργίου
781 2575 825 2602 καὶ
839 2576 893 2601 τῶν

76 2621 190 2657 Σοφιῶν.
217 2619 264 2646 Καὶ
289 2619 303 2646 ὁ
324 2618 493 2655 βουλόμενος
509 2619 594 2656 εὑρεῖν
611 2629 650 2655 τι,
663 2619 694 2646 οὐ
711 2618 892 2657 δυσχεραίνει,

76 2662 133 2691 ἀλλ’
147 2663 245 2694 εὐθέως
262 2663 369 2699 εὑρήσει
384 2663 416 2690 τὸ
432 2662 609 2698 ζητούμενον.

207 2707 273 2745 Περὶ
289 2707 322 2735 τὰ
335 2706 455 2735 παλάτια
468 2708 517 2734 τοῦ
532 2706 752 2738 ’Βουκολὲοντος.

110 2752 146 2780 Τὰ
169 2751 289 2780 παλάτια
315 2754 364 2779 τοῦ
401 2750 600 2783 Βουκολιοντος
619 2774 627 2788 ,
652 2752 687 2780 τὰ
719 2750 819 2780 ἄνωθεν
845 2753 894 2780 τοῦ

949 2355 1081 2390 possent,
1109 2355 1209 2389 utpote
1239 2353 1371 2385 confusa,
1402 2352 1432 2380 in
1462 2357 1520 2380 tres
1555 2353 1652 2388 partes
1681 2351 1776 2380 divisa

950 2399 1059 2431 fuisse;
1075 2405 1200 2433 quarum
1213 2397 1309 2433 prima
1319 2397 1479 2432 incipiebat
1492 2404 1509 2424 a
1519 2395 1629 2432 palatio
1639 2395 1774 2431 Chalces,

949 2444 978 2470 et
990 2451 1006 2470 a
1021 2441 1168 2475 Milliario,
1185 2450 1279 2477 usque
1293 2442 1328 2469 ad
1357 2444 1470 2477 portam
1491 2441 1635 2475 Auream;
1651 2441 1744 2470 altera
1757 2449 1776 2469 ι

949 2486 1191 2521 Tzincanisterio,
1208 2486 1390 2522 Hodegetrias
1413 2485 1545 2518 ecclesia,
1560 2487 1589 2514 et
1610 2485 1775 2522 Manganis,

949 2539 1044 2566 usque
1068 2531 1103 2559 ad
1130 2531 1348 2563 Blanchernas;
1372 2531 1459 2558 tertia
1482 2530 1601 2558 demum
1624 2530 1661 2558 ab
1684 2529 1778 2558 altera

949 2579 1041 2610 parte,
1059 2575 1173 2603 scilicet
1183 2575 1219 2603 ab
1239 2575 1299 2603 uade
1310 2575 1340 2603 S.
1351 2574 1454 2609 Bergii,
1467 2577 1495 2601 et
1512 2577 1596 2610 portu
1618 2574 1774 2610 Sophiano.

949 2620 992 2647 Ita
1007 2622 1041 2648 ut
1056 2620 1106 2656 qui
1133 2619 1246 2655 aliquid
1274 2619 1404 2646 invenire
1428 2618 1561 2652 voluerit,
1579 2627 1637 2647 non
1652 2618 1775 2654 laboret,

949 2664 1000 2692 sed
1017 2663 1119 2692 statim
1136 2663 1262 2699 reperiat
1277 2663 1356 2698 quod
1367 2662 1482 2698 quaarit.

1180 2709 1218 2736 De
1231 2708 1352 2743 palatiis
1372 2707 1542 2736 Bucoleom'e.

985 2752 1096 2782 Palatia
1109 2752 1283 2781 Bucoleonis
1294 2754 1474 2788 nuncupata,
1487 2760 1551 2789 quo
1567 2750 1662 2780 muris
1671 2749 1773 2779 immi-
