1953 3047
88 124 165 154 i209

652 122 831 154 ANONYMI
852 123 1146 159 ANTIOUITATES
1169 124 1228 154 GP.

1710 122 1788 152 1210

77 188 145 217 εἶσὶν
162 189 236 216 οὗτοι
262 189 287 216 οἱ
304 187 352 216 δύο
367 190 488 226 σταυροὶ,
505 189 549 216 καὶ
563 188 595 216 τὸ
617 188 703 226 βίκιον
728 190 776 215 τοῦ
803 189 900 226 μύρου,

994 199 1023 217 ise
1037 189 1093 217 illis
1108 183 1220 224 cruces,
1233 194 1262 218 et
1278 190 1414 217 urceolus
1429 189 1537 217 vitreus
1556 188 1710 224 unguenti,
1727 196 1785 223 quo

79 232 103 268 ᾦ
131 232 264 270 ἠλείψατο
294 234 307 260 ό
337 234 454 269 Ἰησους,
483 233 528 260 καὶ
570 232 666 260 πολλὰ
703 232 903 271 σημειοφορικά

78 276 157 314 ἕτερα
169 278 276 310 τιθέντα
293 279 339 314 μὲν
356 278 430 315 παρὰ
457 279 504 305 τοῦ
534 277 661 315 Μεγάλου
690 277 902 312 Κωνσταντίνου,

74 321 274 360 ἀσφαλισθέντα
290 321 318 349 δὲ
330 323 403 359 παρὰ
417 324 464 350 τοῦ
481 321 606 360 Μεγάλου
622 320 777 350 Θεοδοσίου.

288 375 353 413 Περὶ
368 378 416 403 τοῦ
432 375 552 412 ἅρματος
569 375 679 404 Ἠλίου.

111 422 170 447 Ὀτι
194 421 225 447 τὸ
250 421 324 456 ἅρμα
340 420 436 449 Ἡλίου
461 420 488 448 ἐν
512 421 635 458 τίτρασιν
658 419 756 451 ’ίπποις
781 419 904 456 πυρίνοις

74 464 236 501 ἱπταμένοις
250 465 323 502 παρὰ
339 463 386 492 δύο
409 464 517 499 στηλῶν
533 463 648 492 ἔκπαλαι
666 465 788 502 ὑπῆρχεν
813 463 838 491 ὲν
866 466 904 499 τῷ

74 509 166 546 ὡρείῳ
181 507 284 545 Μιλίῳ.
302 509 384 541 Ἔνθα
407 508 564 545 ιύὢημίσθη
590 511 792 539 Κωνσταντῖνος
815 507 840 535 ἐν
864 510 904 543 τῷ

74 556 182 588 νικῆσαι
211 553 354 587 Ἀζώτιον.
382 553 544 591 Κατενιχθὶν
580 551 608 580 δὲ
641 553 672 580 τὸ
706 552 779 590 ἅρμα
812 552 838 580 ἐν
867 554 905 587 τῷ

73 597 275 635 Ἰπποδρομίῳ,
291 596 532 637 δορυφορούμενον
549 596 691 632 στηλίδιον
719 597 815 634 μικρὸν
840 606 904 623 κατ-

75 643 223 678 εσκευάσθη
263 643 336 680 παρὰ
376 641 578 669 Κωνσταντίνου
616 642 667 668 ὑπὸ
696 640 792 669 Ἡλίου
829 640 906 682 φερός

76 697 172 723 μενον,
187 686 267 724 Τύχη
297 690 348 721 τῆς
378 686 486 717 πόλεως
513 686 551 717 εἷς
575 686 606 713 τὸ
630 685 719 722 στάμα
743 685 840 722 εἰσῄει,
861 685 904 712 και

76 731 244 770 στεφανωθὶν
274 731 359 768 ἐξῄιι⁴
377 730 481 762 ἐτίθετο
504 729 532 757 ὂὶ
556 729 582 757 ἐν
607 733 646 766 τῷ
673 730 781 766 Σενάτῳ
805 730 906 766 ἑορτῶν

76 775 210 802 ἐπιουσῶν
223 775 268 802 καὶ
284 775 410 812 γενεσίων
424 779 475 810 τῆς
494 774 603 805 πόλεως
626 774 799 810 τελουμένων
813 784 818 789 ·
837 773 906 801 διότι

79 819 108 847 δὲ
123 819 165 847 ἐπὶ
183 819 305 859 κεφαλῆς
331 820 443 856 σταυρὸν
471 819 555 857 εἶχεν,
572 819 600 846 ὃν
628 819 742 856 ἐχάραξε
767 820 905 847 linive-rav-

958 234 1098 262 inunotus
1115 235 1168 262 fuit
1182 235 1313 268 Jesus,et
1329 234 1422 262 multa
1435 233 1492 261 alia
1505 233 1786 268 admiranda,quaaa

957 279 1152 307 Constantino
1167 281 1271 316 Magno
1286 279 1326 306 ibi
1347 278 1501 310 collocata,
1529 278 1714 305 Theodosius
1728 279 1787 305 Ma-

959 331 1034 358 gnus
1050 324 1164 351 tiriuius
1179 324 1341 352 consistere
1357 323 1434 351 iecit.

1259 377 1293 405 De
1307 385 1393 404 curru
1406 376 1490 404 Solis.

996 422 1027 448 lu
1044 429 1133 449 aureo
1147 421 1283 449 Milliario
1295 421 1359 456 jam
1382 421 1450 448 inde
1465 421 1502 448 ab
1526 419 1657 455 antiquis
1672 422 1786 456 tempo-

959 464 1043 492 ribus
1058 473 1163 492 currus
1174 464 1246 492 solis
1257 464 1391 492 trahente
1401 464 1544 499 quadriga
1556 471 1700 499 equorum
1711 457 1788 498 ignei

960 507 1065 535 coloris
1078 509 1162 544 quasi
1178 508 1341 536 volantium
1357 517 1374 535 a
1389 508 1505 536 duabus
1515 507 1662 536 columnis
1675 507 1788 535 viseba-

960 555 1008 579 tur
1023 561 1029 580 :
1047 553 1096 580 ubi
1109 553 1320 580 Constantinus
1337 555 1492 588 postquam
1512 552 1645 580 Azotium
1669 551 1788 586 vicerat,

961 596 1066 624 faustis
1090 597 1354 625 acclamationibus
1377 599 1518 633 exceptus
1541 600 1596 624 est.
1619 595 1672 624 Ubi
1689 599 1787 625 autem

961 649 1066 668 currus
1081 640 1131 668 ille
1146 642 1176 668 in
1193 642 1425 677 Hippodromum
1449 641 1593 668 deductus
1617 641 1683 676 fuit,
1700 648 1789 676 parva

961 687 1061 712 statua
1076 686 1221 713 fortunam
1250 685 1332 713 urbis
1353 686 1481 713 referens
1496 685 1532 712 ab
1556 685 1620 720 ipso
1643 686 1788 712 Constan-

961 729 1023 757 tino
1039 730 1171 757 confecta
1185 732 1240 764 est,
1263 738 1327 765 quas
1342 738 1360 757 a
1384 729 1446 757 sole
1469 732 1583 766 gestata
1606 729 1642 757 ad
1658 728 1788 756 tribunal

963 774 1153 809 Ilippodr-nui
1169 774 1342 807 ducebatur,
1359 774 1488 810 indeque
1507 776 1646 802 coronata
1669 772 1787 801 exibat:

964 818 1128 853 ponebatur
1144 821 1242 846 autem
1259 819 1287 846 in
1313 821 1418 846 senatu
1441 827 1510 846 cum
1533 817 1687 846 celebritas
1701 817 1788 845 Nata-

78 867 172 894 τῖνος.
201 863 351 894 Ἰουλιανὸς
394 864 459 890 αὐτὸ
497 863 589 901 βόθρῳ
630 864 796 900 κατέχωσιν.
826 864 903 895 Ἔνθα

994 870 1033 889 im
1050 863 1131 890 urbis
1144 863 1322 891 immineret.
1344 864 1417 895 Quia
1441 871 1508 890 vero
1523 862 1612 898 capiti
1641 864 1705 898 ejus
1721 870 1787 889 cru-

81 912 192 945 Ἅριιος
222 908 267 935 τὸν
293 907 420 945 ἕγθιστον
445 909 558 934 Θάνατον
584 908 637 935 ἀπὸ
657 909 707 940 τῆς
724 907 845 943 καμάρας
859 910 907 934 τοῦ

84 953 176 990 Φόρου
201 955 250 980 τοῦ
280 952 397 980 Σινάτου
423 951 574 985 ἀπέδωκεν,
591 954 644 979 ποῦ
668 953 710 979 καὶ
729 952 754 978 cl.
769 952 907 990 παρερχό-

84 997 160 1033 μὲνοι
190 997 255 1035 οὖρα
282 999 327 1024 καί
356 997 444 1034 κόπρα
472 996 575 1027 ἰτίθουν
612 996 684 1032 αὐτῷ
716 998 756 1032 τῷ
789 996 907 1034 ἐχθίστῳ

85 1041 194 1078 Ἀρείῳ.

357 1130 422 1168 Περὶ
436 1132 485 1158 τοῦ
501 1131 629 1158 Σενάτου.

115 1176 176 1201 Ὅτι
190 1175 220 1201 τὸ
237 1174 363 1208 Σενάτον,
379 1176 417 1206 ὡς
431 1175 457 1202 0i.
479 1175 526 1211 μὶν
553 1174 690 1212 λέγουσιν,
711 1173 736 1209 ἐξ
761 1174 849 1211 ἀρχῆς
872 1174 905 1208 ἦν

79 1219 134 1246 τῶν
161 1217 338 1246 κωδικέλλων
368 1218 575 1256 φυλακτήριον·
606 1218 691 1246 ἐκεῖσε
718 1219 769 1256 γὰρ
794 1219 819 1245 οἱ
849 1219 904 1246 Πα-

78 1261 350 1300 τρίκιοιᾶλάμῦανον
375 1262 482 1297 αὐτοὺς,
498 1263 523 1290 ἐν
551 1264 574 1299 ᾤ
602 1273 631 1291 τε
659 1263 704 1290 καὶ
731 1262 904 1300 Καλλίστρα-

79 1318 126 1338 τος
154 1309 262 1345 πρῶτον
289 1308 338 1342 τὴν
370 1307 444 1343 ἀξίαν
470 1310 519 1335 τοῦ
549 1308 651 1335 ὑπάτου
674 1306 760 1334 ἐκεῖσε
787 1306 904 1343 ἰδᾶξατο,

79 1354 130 1380 τοῦ
147 1351 237 1388 δήμου
254 1352 409 1390 κράξαντος,
426 1351 633 1389 Καλλίστρατος
650 1351 767 1388 εὐτυχὴς
790 1351 835 1378 καὶ
865 1351 904 1383 εἲς

79 1395 151 1424 ἄλλο
181 1397 330 1434 προκόψει·
359 1398 373 1424 ὁ
403 1395 432 1424 δὶ
459 1395 590 1435 φοϐηθεὶς
619 1397 772 1434 προσέφυγε
799 1397 833 1432 τῇ
861 1395 903 1423 ἰχ-

78 1440 190 1476 κλησίᾳ.
220 1444 422 1471 Κωνσ-ταντῖνος
452 1439 480 1468 δὲ
508 1440 665 1477 ἐξωμόσατο
699 1441 738 1477 μὴ
777 1439 904 1474 ἀδικῆσαι

79 1485 170 1514 αὐτόν,
196 1486 226 1514 Ὀ
255 1484 284 1513 δὶ
314 1486 351 1522 μή
386 1485 572 1522 ἀνασχόμενος
601 1484 796 1523 ἐχειροτονήθη
821 1495 904 1522 πρισ-

77 1527 199 1567 6ύτερος,
216 1530 272 1558 εἶτα
291 1529 451 1561 ἐπίσκοπος.

78 1583 144 1620 Περὶ
168 1585 217 1611 τοῦ
240 1584 362 1615 τεθέντος
387 1583 538 1654 στοιχῧρυ,
554 1583 597 1610 καὶ
613 1584 662 1610 τοῦ
677 1582 779 1619 Φόρου,
795 1583 840 1610 καὶ
855 1586 903 1618 τῆς

431 1629 461 1646 στ
503 1629 548 1654 ης.

431 1629 548 1654 στηΛης.

116 1664 237 1696 Κάτωθιν
255 1662 283 1691 δὲ
297 1665 347 1691 τοῦ
365 1663 456 1696 κίονος
469 1665 519 1691 τοῦ
544 1663 635 1700 Φόρου
657 1662 733 1699 ἰτὲθη
760 1663 805 1691 καὶ
830 1662 904 1690 Παλ-

78 1706 173 1735 λάδιον
199 1709 348 1746 στοιχεῖον,
365 1708 409 1735 καὶ
431 1707 508 1743 ἕτερα
531 1707 625 1735 πολλὰ
647 1709 859 1745 σημειοφορικά.
873 1708 904 1736 ’0

78 1750 107 1779 δὶ
130 1751 232 1783 κύκλος
255 1755 304 1780 τοῦ
329 1752 420 1789 Φόρου
442 1752 488 1780 ἐπὶ
507 1755 540 1780 τὸ
565 1750 622 1779 ἴσον
650 1755 699 1786 τῆς
727 1751 826 1782 ποδὲας
856 1753 904 1787 τῆς

77 1795 179 1834 κόρτης
202 1799 250 1824 τοῦ
275 1796 402 1833 Μεγάλου
421 1796 634 1830 Κωνσταντίνου,
650 1797 681 1830 ἢν
705 1796 783 1827 αὐτὸς
807 1793 903 1831 ἔπηξεν

78 1840 124 1867 ὅτε
152 1840 266 1872 ἀνῆλθεν
293 1841 347 1868 ἀπὸ
371 1841 490 1877 Ῥώμης.
507 1841 540 1869 Οἱ
571 1839 599 1868 δὶ
628 1839 676 1867 δύο
703 1838 903 1878 σιγματοιιδεῖς

77 1881 197 1920 ἔμϐολοι
212 1884 360 1922 ἐτύγχανον
375 1886 437 1912 τότε
453 1883 566 1912 οταῦλοι
582 1883 702 1923 γύρωθεν
720 1887 769 1912 τοῦ
792 1884 902 1922 κόρτης.

76 1929 108 1957 Ὁ
135 1927 164 1956 δὲ
191 1927 375 1967 περίϐλεπτος
404 1930 483 1960 οὗτος
511 1929 590 1963 κίων,
617 1928 662 1956 καὶ
689 1930 706 1963 ἡ
736 1929 825 1964 στήλη
855 1930 904 1956 τοῦ

79 1972 269 2008 ’Δπόλλωνος,
296 1972 352 2001 ἔστι
378 1976 426 2002 τοῦ
460 1973 586 2011 Μεγάλου
629 1973 845 2008 Κωνσταντίνου,
874 1974 904 2008 ἢν

77 2014 188 2053 ἴπησεν
206 2018 283 2049 οὗτος
300 2017 376 2054 δίκην
400 2017 494 2053 ἡλίου,
509 2018 593 2050 τιθεὶς
618 2017 644 2045 ἐν
668 2020 703 2055 τῇ
727 2017 832 2057 κεφαλῇ
857 2017 904 2045 αύ-

76 2064 126 2090 τοῦ
154 2063 217 2094 τοὺς
245 2062 332 2097 ἥλους
356 2063 386 2090 ἐκ
409 2065 463 2090 τῶν
485 2065 534 2090 τοῦ
549 2063 667 2101 Χριστοῦ
683 2061 761 2098 δίκην
779 2062 904 2097 ἀκτίνων,

77 2107 115 2137 ὡς
130 2106 212 2141 ἥλιος
227 2110 285 2139 τοῖς
299 2107 428 2138 πολίταις
444 2106 606 2144 ἕκλάμπων.

78 2160 143 2198 Περὶ
157 2163 212 2188 τῶν
227 2160 357 2204 τεθέντων
369 2160 501 2207 ’ἡνιόχων
526 2160 552 2204 ἰν
576 2162 616 2206 159
638 2161 758 2197 Σινάτῳ,
773 2160 818 2188 καὶ
841 2161 904 2198 περὶ

289 2199 342 2224 τῶν
360 2198 375 2224 ι’
385 2195 504 2236 κοφίνων
517 2199 571 2224 τῶν
587 2195 689 2234 ἄρτων.

963 915 1026 934 cem
1042 907 1168 942 insculpi
1184 907 1395 935 Constantinus
1410 907 1711 940 curaverat,Julianus
1721 914 1787 934 eam

962 951 992 978 in
1009 953 1118 979 ioveam
1134 952 1240 987 conjici
1252 952 1345 988 jussit
1359 961 1366 980 ε
1385 952 1434 980 ubi
1448 952 1537 980 Arius
1552 952 1582 979 in
1597 959 1713 979 camera
1722 950 1788 978 Fori

962 998 1082 1023 senatus
1097 996 1276 1024 teterrimam
1302 999 1426 1024 mortem
1451 996 1525 1024 obiit.
1550 1004 1557 1024 :
1580 999 1668 1031 atque
1683 1003 1717 1023 eo
1731 995 1787 1023 loci

961 1041 1012 1075 qui
1036 1041 1224 1076 prasteribant
1246 1042 1362 1068 urinam
1393 1043 1422 1068 et
1446 1043 1575 1069 stercora
1599 1040 1786 1068 odiosissima

961 1086 1030 1112 Ario
1040 1085 1235 1121 deponebant.

1290 1130 1325 1158 De
1340 1129 1453 1157 Senatu.

995 1175 1026 1201 In
1042 1174 1162 1208 Senatu,
1179 1176 1210 1202 ut
1225 1174 1348 1210 quidam
1363 1174 1495 1208 tradunt,
1512 1173 1640 1202 codicilli
1654 1173 1785 1209 antiqui-

960 1219 1009 1246 tus
1024 1219 1269 1246 asservabantur:
1289 1219 1329 1246 ibi
1344 1219 1424 1247 enim
1449 1218 1566 1246 Patricii
1591 1226 1641 1246 eos
1664 1217 1787 1254 accipie-

959 1263 1041 1297 bant,
1058 1262 1106 1291 ubi
1122 1262 1307 1291 Callistratus
1327 1263 1454 1298 primum
1480 1262 1652 1298 dignitatem
1677 1270 1785 1289 consu-

959 1307 1049 1335 larem
1069 1307 1210 1343 suscepit,
1235 1308 1417 1336 acclamante
1437 1307 1545 1344 populo
1566 1316 1573 1335 :
1599 1306 1785 1335 Callistratus

960 1354 1077 1381 fortuna
1091 1353 1205 1380 favente
1219 1352 1341 1388 insuper
1353 1352 1389 1380 ad
1413 1352 1493 1380 aliud
1520 1351 1697 1388 provehatur
1713 1359 1720 1379 :
1737 1351 1786 1379 ille

959 1405 1026 1424 vero
1041 1396 1214 1433 perterritus
1229 1397 1265 1425 ad
1282 1397 1435 1425 ecclesiam
1452 1397 1594 1433 confugit,
1608 1399 1637 1424 et
1651 1395 1786 1432 quamvis

959 1441 1170 1469 Constantinus
1182 1442 1297 1477 juraret
1312 1450 1343 1469 se
1359 1442 1470 1469 nullam
1489 1441 1515 1469 ei
1531 1441 1669 1477 iniuriam
1685 1440 1784 1468 illatu-

960 1495 1034 1522 rum,
1052 1489 1149 1515 tamen
1165 1487 1213 1515 ille
1230 1487 1328 1515 minus
1344 1487 1449 1522 ﬁdens,
1475 1487 1604 1523 primum
1621 1486 1785 1523 presbyter,

959 1531 1065 1560 deinde
1079 1531 1237 1567 episcopus
1251 1534 1367 1560 creatus
1382 1534 1437 1560 est.

1039 1585 1077 1613 De
1090 1585 1217 1614 Palladio
1231 1585 1362 1621 deposito,
1377 1585 1410 1613 de
1426 1587 1496 1614 Foro
1511 1590 1537 1613 et
1552 1585 1585 1613 de
1598 1587 1704 1613 statua.

992 1665 1099 1692 Subter
1114 1664 1179 1692 Fori
1194 1664 1364 1693 columnam
1376 1664 1553 1699 Palladium,
1576 1667 1604 1692 et
1620 1664 1713 1693 multa
1729 1664 1788 1693 alia

958 1709 1135 1737 admiranda
1155 1709 1252 1744 posita
1274 1709 1405 1737 fuerunt.
1437 1710 1585 1737 Circuitus
1609 1712 1708 1737 autem
1732 1709 1786 1737 fori

958 1756 1059 1781 tantus
1073 1755 1128 1787 est,
1145 1756 1275 1788 quantus
1289 1754 1343 1781 fuit
1356 1754 1487 1781 ambitus
1512 1753 1629 1781 teutorii
1646 1754 1786 1781 Constan<

958 1797 1011 1824 tini
1025 1796 1132 1833 Magni,
1146 1798 1224 1833 quod
1241 1797 1331 1825 Roma
1353 1798 1524 1834 Byzantium
1553 1797 1675 1825 veniens
1700 1797 1785 1825 isthic

958 1841 1069 1869 ﬁxerat.
1095 1840 1162 1868 Duce
1189 1844 1287 1868 autem
1320 1841 1378 1869 illa;
1409 1842 1619 1869 semirotundaa
1654 1842 1785 1878 porticus

958 1887 1029 1913 tunc
1044 1885 1186 1921 temporis
1201 1885 1320 1914 stabula
1334 1889 1429 1921 erant,
1443 1886 1520 1914 circa
1535 1886 1707 1914 tentorium.
1723 1886 1786 1914 Cae-

959 1932 1054 1957 terum
1078 1929 1204 1966 insignis
1230 1929 1280 1958 illa
1304 1930 1444 1959 columna
1468 1933 1497 1959 et
1519 1933 1619 1959 statua
1640 1930 1785 1967 Apollinis

958 1977 1003 2002 est
1017 1974 1202 2002 Constantini
1219 1975 1328 2012 Magni,
1344 1984 1433 2011 quam
1449 1975 1513 2012 ipse
1527 1975 1622 2004 instar
1637 1975 1710 2004 solis
1724 1984 1784 2004 ere-

960 2019 1011 2054 xit,
1033 2019 1132 2047 inﬁxis
1155 2019 1244 2055 capiti
1268 2020 1343 2055 ejus,
1378 2020 1527 2048 radiorum
1561 2020 1667 2056 instar,
1694 2020 1785 2048 clavis

959 2063 1105 2099 passionis
1132 2063 1251 2100 Christi,
1268 2067 1300 2092 ut
1325 2064 1414 2092 veluti
1437 2065 1480 2093 sol
1506 2064 1620 2094 civibus
1643 2065 1706 2093 suis
1720 2064 1783 2093 elu-

959 2112 1045 2137 ceret.

958 2163 995 2190 De
1008 2164 1106 2191 statui:
1118 2163 1360 2198 aurigarumque;
1372 2165 1402 2191 in
1414 2164 1521 2192 Senatu
1537 2164 1679 2193 collocata
1693 2167 1785 2198 erant.

1099 2206 1132 2226 ac
1144 2199 1177 2226 de
1192 2198 1284 2226 decem
1302 2199 1491 2235 reliquiarum
1505 2200 1641 2236 εορΙιίηἱε.

114 2242 158 2270 Ἐν
187 2241 215 2269 δὲ
235 2244 275 2278 τῷ
292 2241 400 2278 Σινάτῳ
416 2241 582 2277 ἀπιτὲθησαν
599 2242 625 2269 οἱ
645 2240 756 2279 ἡνίοχοι
775 2240 801 2268 ἰν
828 2241 899 2276 ζευεο

995 2243 1027 2270 ln
1052 2242 1162 2270 Senatu
1187 2246 1290 2271 erecta:
1316 2247 1386 2271 sunt
1409 2244 1579 2280 aurigarum
1604 2244 1785 2272 Circensium

80 2283 174 2316 ίπποις
196 2284 222 2312 ἐν
248 2287 288 2321 τῷ
309 2285 501 2324 ἀστρονομικῷ
525 2285 643 2324 ὀργάνῳ,
659 2283 722 2312 ἵνθα
744 2288 794 2319 τῆς
808 2285 903 2320 Ἀρτὲ-

78 2328 158 2367 μιδος
174 2329 219 2357 καὶ
234 2333 283 2364 τῆς
299 2329 463 2368 ’Δφροδίτης
476 2330 584 2358 ’ίαταται
612 2328 714 2365 στήλη,
728 2328 753 2356 ἐν
776 2331 819 2360 αῖς
843 2340 904 2356 σκυ-

74 2373 173 2405 τάλαις
200 2373 404 2412 ἀπεκεφαλίσθη
435 2375 487 2402 ὑπὸ
512 2376 658 2412 Ἀρειανῶν
681 2372 826 2411 ’Δρκάδιος
854 2374 903 2410 ιὶιρ⁴

77 2417 236 2456 χιδιάκονος
263 2421 313 2452 τῆς
327 2419 419 2456 Ἀγίας
446 2419 627 2456 Εῗρήνης.οἱ
656 2418 685 2446 Si
713 2417 777 2446 δέκα
797 2419 902 2458 κόφινοι

74 2465 129 2491 τῶν
160 2463 395 2502 πιρισσιυμάτων,
411 2462 475 2492 δέκα
504 2463 550 2499 ἔτη
581 2463 608 2492 ἂν
636 2465 676 2500 τῷ
701 2463 828 2499 παλατίῳ
855 2465 903 2491 τοῦ

77 2510 194 2536 Σενάτου
217 2508 387 2536 κατέκειντο·
406 2509 474 2545 μετὰ
502 2507 531 2536 δὶ
556 2510 640 2536 ταῦτα
664 2508 716 2536 ὑπὸ
744 2508 794 2543 τὴν
826 2507 902 2546 βάσιν

74 2555 123 2581 τοῦ
138 2552 231 2584 κίονος
245 2554 408 2591 κατεχώσθη
413 2563 471 2582 σαν.

958 2289 1063 2314 statua:
1077 2287 1108 2314 in
1124 2295 1234 2323 organo
1249 2288 1459 2321 astronomico,
1476 2289 1526 2315 ubi
1542 2289 1629 2316 etiam
1646 2288 1745 2316 Dianze
1757 2290 1787 2316 et

958 2331 1076 2359 Veneris
1091 2333 1211 2360 statuis:
1228 2331 1264 2359 ad
1280 2340 1354 2367 quas
1367 2333 1510 2360 Arcadius
1521 2332 1746 2360 archidiaconus
1754 2333 1783 2360 S.

958 2377 1049 2404 Irenaa
1064 2377 1100 2404 ab
1116 2376 1236 2404 Arianis
1251 2375 1352 2412 ﬂagris
1367 2377 1482 2405 occisus
1493 2381 1546 2405 est.
1563 2377 1668 2406 Decem
1685 2380 1784 2405 autem

958 2421 1077 2456 cophini
1092 2420 1285 2456 reliquiarum
1300 2422 1400 2449 decem
1417 2422 1502 2450 annis
1523 2422 1554 2450 in
1570 2421 1678 2458 palatio
1694 2422 1785 2450 Sena-

958 2468 1007 2493 tus
1017 2465 1177 2501 jacuerunt
1190 2474 1197 2500 ;
1214 2468 1316 2501 postea
1330 2474 1396 2494 vero
1412 2466 1448 2494 ad
1464 2466 1559 2495 basim
1571 2466 1713 2494 columnas
1723 2467 1783 2494 suf-

958 2509 1029 2537 fossi
1045 2510 1136 2539 fuere.

409 2627 450 2654 De
464 2626 565 2653 ualui:
578 2632 643 2662 quae
657 2625 725 2653 olim
740 2626 772 2653 in
785 2633 891 2659 magna
904 2626 1018 2654 ecclesia
1031 2628 1119 2655 acuta
1129 2628 1232 2664 Sophia
1246 2629 1345 2656 erectx
1358 2628 1450 2655 erant.

113 2689 157 2718 Ἐν
179 2687 208 2716 δὶ
230 2690 265 2726 τῇ
292 2687 397 2726 μεγάλῃ
425 2687 566 2724 ἐκκλησίᾳ,
580 2690 616 2726 τῇ
639 2690 684 2716 νῦν
711 2687 902 2725 ὀνομαζομένῃ

76 2735 94 2769 ἡ
123 2733 202 2772 Ἀγία
229 2732 329 2772 Σοφία,
358 2733 458 2768 στῆλαι
483 2732 593 2760 ἵσταντο
626 2735 693 2768 ut,
722 2732 751 2760 αἱ
777 2731 903 2764 πλείονες

75 2776 183 2808 τούτων
208 2775 371 2815 Ἑλληνικαὶ
402 2777 546 2816 ὑπῆρχον·
572 2775 670 2809 α’ίτινες
693 2776 724 2806 ἔκ
753 2779 808 2805 τῶν
836 2775 904 2806 πολ-

994 2689 1026 2718 Iu
1042 2698 1150 2727 magna
1161 2690 1294 2726 ecclesia,
1312 2699 1375 2727 qua
1395 2691 1458 2726 jam
1485 2689 1652 2726 appellatur
1678 2691 1784 2718 Sancta

959 2734 1068 2770 Sophia
1082 2737 1185 2764 erectis
1196 2738 1283 2764 erant
1302 2735 1524 2772 quadringentae
1544 2734 1648 2771 viginti
1670 2736 1782 2770 septem

958 2780 1079 2814 statuis,
1113 2787 1239 2816 quarum
1284 2778 1429 2816 pleraque
1474 2778 1579 2807 σπι-κοῶ
1615 2779 1715 2812 erant;
1748 2784 1783 2804 ex
