1953 3047
109 122 188 152 1213

674 121 856 153 ΑΝΟΝΥΜῙ
880 120 1172 156 ANTIQUITATES
1193 120 1253 151 GP.

1739 121 1818 151 1214

106 190 157 221 τῆς
187 186 387 224 πανηγύρεως·
411 186 455 214 καὶ
484 187 573 225 γυμνῆ
604 186 732 217 ὡσαύτως
764 185 852 222 στήλη
884 196 931 220 ση-

1025 185 1134 212 :ilicans
1151 185 1365 222 impudentiam
1387 195 1486 213 eorum
1513 187 1564 222 qui
1580 188 1682 213 emunt
1703 188 1732 214 et
1747 195 1817 215 ven-

111 231 242 268 μαίνουσα
269 231 299 258 τὸ
328 231 506 269 ἀναίσχυντον
535 233 589 259 τῶν
618 242 648 258 τι
676 228 861 269 ἀγοραζόντων
890 229 933 256 καὶ

109 274 278 303 πωλούντων
285 297 290 303 .

111 330 175 366 Περί
204 332 252 356 τοῦ
282 330 473 366 Συστηματίου
491 352 497 364 ,
529 332 578 357 τοῦ
616 330 641 357 ἐν
671 332 711 366 τῷ
740 330 823 367 Φάρῳ
855 329 934 365 μέσον

444 366 603 401 ἱσταμένου.

148 410 336 446 Συστημάτιον
376 408 404 437 δὲ
436 410 516 446 μέσον
546 412 595 437 τοῦ
625 410 717 446 Φόρου
745 408 861 444 ἕνζωδον
892 408 935 436 ἐπὶ

108 455 208 482 κιόνων
233 454 386 490 ἱστάμενον,
402 455 447 481 καὶ
477 454 502 482 ἐν
527 455 600 490 αὐτῷ
620 454 722 490 ὂηλοῦν
743 455 790 485 τὰς
818 453 937 490 ἱστορίας

106 501 162 526 τῶν
188 498 346 535 μελλόντων
377 498 501 536 ἐσχάτως
528 499 646 537 γίνεσθαι
677 498 720 526 ἐπὶ
736 498 821 534 ταύτᾳ
835 500 869 534 τῇ
886 497 937 524 πό-

109 542 176 570 λει·
201 544 227 570 οἱ
257 542 285 570 δὲ
318 541 483 578 στηλωτικοὶ
514 545 567 570 τῶν
598 541 824 579 ἀποτελεσμάτων
853 545 936 569 ταῦτα

107 589 196 615 πάντα
225 587 354 615 συνίασιν.
383 586 539 622 Ἐστῆλωσε
566 586 594 614 δὲ
609 588 677 614 αὐτὰ
700 587 887 617 Ἀπολλώνιος
921 587 934 613 ὁ

109 631 227 663 Τυανεὺς
242 631 428 669 παρακληθεὶς
443 632 515 668 παρὰ
531 631 732 659 Κωνσταντίνου
744 634 792 658 τοῦ
809 631 935 667 Μεγάλου

105 677 153 704 καί
169 676 297 708 εἰσελθὼν
315 676 490 713 έστοιχείωσε
504 676 537 703 τὰ
553 676 671 713 ὀνόματα
690 680 739 711 τῆς
766 676 935 713 ἐπικρατείας

104 721 158 753 ἕως
172 722 268 753 τέλους
287 721 402 749 αἰώνων.

107 775 173 812 Περὶ
189 777 237 802 τοῦ
253 777 310 805 πῶς
327 774 414 801 ἔκτισε
436 775 485 812 τὴν
502 773 655 812 πόλινηὸτε
675 773 771 812 ἐξῆλθε
788 774 854 810 μετὰ
880 776 934 800 τῶν

290 811 455 848 μεγιστάνων
473 810 498 836 ἒν
514 813 554 846 τῷ
569 810 652 847 Φόρῳ
667 808 756 845 πεζός.

143 856 205 883 ’Ὁτι
235 854 345 891 μέλλων
361 855 449 882 κτίσαι
463 855 512 888 τὴν
532 854 611 882 πόλιν
627 855 640 881 ὁ
669 855 761 892 Μέγας
790 857 934 882 Κωνσταν-
952 874 973 905 Β

106 903 193 934 τῖνος,
216 901 261 927 καὶ
277 899 396 938 ὀφείλων
420 899 501 934 πῆξαι
531 900 562 926 τὸ
578 898 715 935 θεμέλιον,
746 898 790 926 καὶ
819 898 933 934 κατεμέ-

106 955 204 982 τρησεν
234 944 338 979 αὐτὴν,
376 944 457 978 πεζὸς
486 943 601 979 ἐξελθὼν
629 944 696 980 μετᾶ
723 947 776 971 τῶν
809 944 933 981 μεγιστά-

105 1000 160 1016 των
185 988 277 1023 αὐτοῦ,
293 988 338 1016 καὶ
368 987 454 1015 Ulli)»:
483 988 520 1019 εἷς
545 988 590 1015 τὸν
609 988 709 1024 Φόρον,
727 989 800 1015 εἶπον
817 988 889 1024 αὐτῷ
908 988 933 1014 ol.

107 1032 248 1071 ἄρχοντι-,ς’
282 1034 357 1060 Ποίει
387 1033 465 1063 τέλος
491 1036 538 1060 το]
566 1033 685 1070 τείχους,
703 1032 829 1061 δέσποτα.
847 1033 933 1059 Ἐκεῖ-

109 1089 154 1108 νος
184 1077 212 1105 δὲ
238 1075 299 1116 ἔφη·
330 1078 401 1114 Ούχὶ
424 1077 475 1108 ἕως
502 1077 533 1104 οὗ
567 1080 616 1114 στῇ
646 1078 659 1105 ὁ
683 1077 844 1115 προςὶὖωγός
869 1087 933 1113 μου,

108 1122 196 1150 ἐκεῖσε
224 1122 377 1160 πληρώσω,
408 1122 497 1153 Μόνος
511 1122 560 1160 γὰρ
585 1122 663 1154 οὗτος
686 1121 757 1160 ἑώρα
777 1123 822 1149 τὸν
852 1121 932 1159 ἅγγε-

108 1166 168 1194 λον.
199 1165 339 1198 Ἀπελθὼν
354 1165 382 1194 δὶ
399 1167 481 1204 μέχρι
508 1169 557 1194 τοῦ
582 1166 754 1201 Ἑξωκιονίου
769 1167 849 1201 πεζὸς
867 1166 934 1202 μετὰ

110 1212 199 1246 πάσης
215 1214 264 1246 τῆς
296 1211 464 1248 συγκλήτου,
494 1211 580 1239 ἐκεῖσε
595 1210 624 1238 δὲ
653 1210 717 1238 ἰδὼν
743 1212 788 1239 τὸν
820 1210 933 1248 ἄγγελον

107 1257 159 1290 τήν
190 1255 323 1294 ῥομφαίαν
352 1255 433 1283 αὐτοῦ
461 1257 584 1292 inisse/15a
601 1277 607 1289 ,
641 1256 686 1283 καὶ
718 1256 853 1292 μηνύοντα
880 1254 931 1286 ἕως

107 1301 163 1328 έχιῖ
191 1302 288 1337 στῇναι
317 1300 408 1334 αὐτὸν,
436 1301 481 1327 καὶ
510 1300 554 1328 διὰ
581 1303 661 1328 τοῦτο
689 1300 784 1337 ἔπηξεν
819 1300 875 1328 ἐκεῖ
901 1301 931 1327 τὸ

107 1347 213 1382 τεῖχος*

339 1390 402 1426 Περὶ
429 1391 476 1416 τοῦ
498 1388 700 1427 ’Λρτοπωλίου.

140 1444 185 1471 Ἐν
203 1442 230 1470 δὲ
244 1445 304 1473 τοῖς
335 1442 532 1478 Ἀρτοπωλίοις
561 1443 676 1480 κυνάρια
706 1441 815 1478 ἔστησεν
846 1441 933 1470 εἴκοσι

105 1491 249 1526 περιφερῆ,
271 1487 315 1514 καὶ
328 1490 446 1520 ταῶνας,
459 1487 503 1514 καὶ
533 1487 636 1522 ἀετοὺς,
664 1487 709 1514 καὶ
739 1487 857 1522 λεαίνας,
888 1487 932 1514 καί

105 1534 189 1568 κριῶν
218 1532 326 1569 κάρας,
363 1532 407 1558 καὶ
437 1533 595 1568 στρουθῶν,
624 1532 669 1558 καὶ
698 1532 849 1569 κορώνης,
885 1532 930 1559 καὶ

104 1576 244 1614 τρυγόνος,
273 1576 317 1604 καὶ
345 1575 444 1613 γαλῆς,
473 1577 518 1603 καὶ
545 1575 701 1612 δαμάλεως,
731 1577 776 1604 καὶ
797 1576 929 1614 Γοργόνας

106 1620 164 1657 δύο,
181 1621 243 1657 μίαν
263 1621 309 1657 μὲν
344 1620 373 1648 έκ
401 1619 506 1656 δεξιῶν,
523 1621 566 1648 καὶ
597 1620 689 1658 ἒτέραν
719 1621 745 1656 ἐξ
775 1620 932 1657 εὐωνύμων,

103 1668 161 1692 κατ’
190 1665 252 1702 ύψιν
268 1665 418 1704 ἀμφότεραι
446 1665 606 1703 βλέπουσαι,
634 1666 686 1693 ἀπὸ
714 1666 863 1703 μαρμαίρων
888 1665 933 1703 έγ-

106 1709 305 1747 γεγλυμμέναι,
330 1710 374 1737 καὶ
403 1710 507 1747 χοίρων
528 1709 639 1747 ἀγέλας.
669 1712 787 1738 Ἰσταντο
804 1709 832 1737 ὂὶ
849 1710 932 1748 μέχρι

107 1755 244 1789 Ζήνωνος.
276 1753 398 1789 Γαληνὸς
414 1753 442 1781 δέ
455 1765 495 1785 τις
513 1754 604 1792 ἷλιτρὸς
621 1754 665 1781 καὶ
679 1754 829 1793 φιλόσοφος
847 1755 932 1792 ὑπάρ-

103 1809 173 1837 χων,
199 1799 284 1826 ἐκεῖσε
312 1799 478 1836 παραιωθεὶς
505 1799 552 1829 τὰς
583 1799 714 1836 Γοργόνας
739 1798 827 1837 ἔλεγεν
857 1800 932 1836 ἱερο-

107 1842 238 1881 γλυφικὰ,
254 1842 299 1869 καὶ
325 1842 508 1880 ἀστρονομικά
521 1845 574 1869 τῶν
603 1842 772 1878 μελλόντων,
802 1842 933 1878 δηλώσασ

107 1887 153 1917 τὰς
170 1887 291 1925 ἱστορίας
316 1888 401 1918 πάσας
429 1887 474 1913 σὺν
497 1889 554 1917 τοῖς
587 1887 700 1923 ὀνόμασι
728 1887 931 1915 Κωνσταντίνου

104 1934 153 1958 τοῦ
183 1930 312 1968 Μεγάλου
341 1931 516 1961 τυπώσαντος
541 1933 633 1959 ταῦτα.
663 1932 718 1959 Τοῦ
747 1930 776 1958 δὲ
804 1931 931 1966 Γαληνοῦ

105 1975 148 2003 ἐπὶ
179 1975 312 2002 πλείστων
343 1976 546 2012 συγνάσαντος,
577 1976 621 2002 καὶ
649 1979 708 2007 τοῖς
738 1975 931 2013 ἀναγνώσμασι

105 2020 301 2058 προσχόντος,
336 2020 369 2047 τὰ
410 2019 547 2056 μέλλοντα
574 2017 728 2056 συμϐαίνειν
757 2023 796 2057 τῷ
826 2022 930 2056 Ζήνωνι

104 2065 178 2102 παρὰ
216 2063 334 2102 Βηρίνης
373 2063 495 2095 εἷπόντος
523 2065 567 2091 καὶ
600 2065 786 2102 γελάσαντος·
823 2065 930 2093 Καλλί-

106 2109 218 2146 στρατός
248 2119 289 2140 τις
319 2109 448 2148 συρφετὸς
461 2109 589 2146 κάπημος
617 2111 652 2146 τῇ
667 2110 764 2148 τέχνῃ,
793 2110 859 2146 μετὰ
882 2111 932 2145 τήν

106 2153 235 2181 ἐπάνοδον
260 2154 404 2189 Ζήνωνος,
423 2151 565 2181 διαϐάλλει
581 2154 626 2181 τὸν
644 2153 778 2189 Γαληνόν·
798 2155 811 2182 ό
828 2153 857 2181 δὲ
878 2155 930 2189 Ζή-

104 2210 157 2226 νων
172 2201 267 2226 τοῦτον
286 2199 424 2236 ἅνῃρήκει,
440 2199 504 2235 δπιρ
522 2197 648 2236 λέγουσιν
665 2198 731 2226 εἶναι
746 2198 858 2234 ἀληθές·
884 2199 928 2226 καὶ

992 230 1075 257 dunt.

1103 329 1140 355 De
1153 335 1285 364 compage
1301 336 1362 364 quae
1375 329 1465 356 stabat
1480 329 1509 356 in
1524 328 1612 356 medio
1627 330 1696 357 Fari.

1028 408 1059 435 In
1077 408 1173 436 medio
1190 408 1253 436 Fori
1271 417 1427 445 compages
1453 409 1588 444 quaedam
1603 409 1694 436 variis
1710 409 1818 437 distin-

992 455 1038 480 cta
1054 453 1168 489 ﬁguris,
1183 453 1390 488 columnisque
1414 453 1487 480 fulta
1511 453 1670 488 visebatur,
1688 462 1750 489 quas
1767 463 1814 482 res

992 497 1056 524 urbi
1081 497 1239 532 aliquando
1265 499 1418 525 eventuras
1443 497 1591 525 indicabat
1613 506 1619 525 :
1641 498 1691 533 qui
1717 500 1816 526 autem

993 540 1251 576 apotelesmaticen
1286 543 1433 576 exercent,
1463 541 1524 569 hac
1558 542 1658 569 omnia
1690 545 1810 571 norunt.

991 586 1132 613 Caeterum
1159 585 1218 612 haac
1232 585 1405 620 Apollonius
1421 586 1555 622 Tyaneus
1569 587 1671 621 erexit,
1689 587 1815 615 accersi-

990 632 1038 657 tus
1066 638 1082 657 a
1111 630 1304 657 Constantino
1338 630 1454 666 Magno,
1484 631 1580 666 iisque
1610 631 1728 659 nomine
1762 632 1818 659 im-

991 676 1159 710 peratorum
1190 682 1283 710 usque
1313 675 1349 702 ad
1383 675 1556 702 saeculorum
1585 676 1672 704 ﬁnem
1702 675 1816 704 inscul-

991 719 1059 754 psit.

992 772 1131 806 Quomodo
1146 773 1240 810 urbem
1266 772 1424 810 wdiﬁcavit,
1441 773 1552 810 quando
1575 781 1631 801 una
1646 782 1709 802 cum
1722 781 1819 810 proce-

1203 809 1282 836 ribus
1296 809 1396 836 Forum
1410 809 1493 844 pedes
1507 810 1588 837 adiit.

1026 853 1098 880 Cum
1112 851 1198 880 vellet
1209 853 1311 881 urbem
1326 854 1450 880 condere
1458 853 1669 882 Constantinus
1682 855 1817 890 Magnus,

989 906 1022 926 ac
1037 898 1231 926 fundamenta
1250 899 1359 934 jacere,
1377 907 1499 927 mensus
1515 901 1560 928 est
1576 900 1683 935 ipsam,
1700 907 1818 935 unaque

989 951 1055 970 cum
1071 943 1242 979 proceribus
1259 943 1320 971 suis
1346 944 1433 979 pedes
1458 944 1538 978 exiit,
1555 946 1643 980 atquc
1658 945 1694 972 ad
1712 945 1816 972 Forum

988 987 1141 1023 processit,
1172 996 1229 1024 quo
1260 988 1309 1015 ubi
1335 992 1505 1024 pervenlum
1530 989 1596 1024 fuit,
1624 989 1764 1025 inquiunt
1789 989 1815 1016 si

988 1040 1132 1068 proceres,
1149 1032 1211 1067 Hic,
1228 1033 1357 1066 domine,
1371 1041 1455 1060 muro
1470 1035 1566 1060 statue
1580 1033 1752 1061 terminum.
1765 1033 1816 1061 Ille

986 1084 1054 1104 vero
1070 1077 1222 1112 respondit
1236 1085 1243 1104 :
1260 1077 1336 1111 Non,
1362 1077 1420 1105 nisi
1437 1078 1461 1105 is
1477 1078 1528 1113 qui
1543 1085 1591 1105 me
1607 1078 1743 1113 praecedit
1757 1078 1815 1105 du-

987 1124 1050 1149 ctor
1064 1122 1228 1149 constiterit
1256 1122 1344 1149 finem
1361 1122 1476 1150 faciam.
1489 1122 1576 1150 Solus
1590 1123 1669 1150 enim
1685 1122 1749 1158 ipse
1762 1131 1812 1150 an-

987 1166 1084 1201 gelum
1099 1167 1226 1195 videbat.
1249 1167 1425 1203 Progressus
1450 1168 1543 1203 igitur
1567 1169 1656 1203 pedes
1671 1177 1739 1196 cum
1754 1170 1815 1196 toto

988 1213 1090 1238 senatu
1117 1219 1211 1247 usque
1235 1212 1271 1239 ad
1295 1212 1495 1247 Exocionium,
1510 1212 1583 1240 vidit
1607 1213 1647 1240 ibi
1664 1213 1814 1249 angelum,

988 1255 1082 1283 deﬁxa
1096 1255 1125 1283 in
1151 1259 1261 1284 terram
1285 1257 1464 1292 rhomphzea,
1481 1257 1617 1285 stationis
1642 1257 1758 1284 initium
1774 1258 1817 1285 fa-

988 1308 1051 1328 cere
1078 1308 1083 1328 :
1110 1309 1201 1336 quare
1223 1301 1285 1337 ipse
1309 1309 1426 1337 quoque
1452 1301 1493 1328 ibi
1518 1301 1661 1335 substitit,
1677 1304 1706 1329 et
1726 1301 1815 1329 ﬁnem

989 1353 1073 1373 muro
1089 1345 1204 1373 statuit.

1300 1393 1337 1418 De
1351 1391 1499 1426 Arlopolw.

1024 1445 1055 1471 In
1070 1443 1231 1480 Artopoliis
1258 1444 1379 1472 catellos
1407 1444 1510 1480 viginti
1540 1444 1763 1480 circumposuit,
1789 1445 1818 1472 et

988 1496 1126 1524 pavones,
1144 1488 1270 1524 aquilas,
1288 1489 1404 1522 leaenas,
1417 1488 1541 1516 arietum
1558 1489 1665 1524 capita,
1679 1491 1707 1516 et
1719 1496 1816 1524 passe-

988 1541 1065 1566 rum,
1082 1533 1207 1560 cornicis
1224 1533 1304 1567 item,
1321 1533 1456 1566 turturis,
1475 1533 1539 1560 felis
1559 1536 1588 1561 et
1603 1532 1727 1568 bucula,
1742 1533 1816 1560 Gor-

988 1585 1079 1613 gones
1094 1578 1176 1610 duas,
1190 1576 1278 1604 aliam
1295 1586 1311 1605 a
1326 1577 1570 1613 dextris,aliamia
1583 1577 1725 1613 sinistris,
1743 1578 1816 1605 facie

988 1621 1043 1649 sibi
1060 1621 1184 1649 invicem
1205 1622 1345 1649 obversas
1359 1629 1393 1649 ex
1409 1621 1607 1649 marmoribus
1623 1621 1767 1657 sculptus,
1783 1629 1817 1649 ac

987 1666 1105 1694 demum
1128 1674 1284 1702 porcorum
1309 1673 1422 1702 greges.
1439 1666 1634 1693 Perstiterunt
1649 1668 1748 1694 autem
1765 1674 1818 1693 us-

988 1719 1045 1747 que
1059 1711 1095 1738 ad
1120 1711 1277 1738 Zenonem.
1303 1710 1446 1738 Getarum
1463 1710 1591 1738 Galenus
1615 1711 1736 1745 quidam
1755 1718 1816 1738 me-

986 1755 1071 1783 dicus
1085 1756 1113 1782 et
1128 1754 1323 1790 philosophus
1339 1754 1412 1781 istac
1436 1756 1540 1790 praeter
1554 1756 1705 1789 Gorgonas
1720 1757 1816 1782 trans-

987 1798 1060 1834 iens,
1084 1798 1305 1834 hieroglyphica
1329 1806 1394 1826 esse
1417 1798 1500 1833 dixit,
1516 1798 1614 1834 iisque
1636 1799 1814 1826 astronomi-

987 1851 1053 1870 cum
1088 1842 1178 1870 iuturi
1219 1841 1394 1878 praesagium
1439 1842 1594 1877 contineri,
1633 1845 1662 1870 et
1694 1844 1817 1871 cunctas

987 1887 1143 1915 declaravit
1171 1886 1311 1915 historias
1340 1895 1407 1914 cum
1433 1887 1604 1915 nominibus
1629 1887 1814 1915 Constantini

987 1932 1094 1967 Magni,
1110 1932 1159 1967 qui
1175 1931 1226 1959 illa
1237 1932 1400 1960 efﬂuxerat.
1415 1932 1487 1960 Cum
1504 1934 1602 1960 autem
1614 1932 1675 1960 haec
1686 1931 1816 1960 Galenus

985 1977 1167 2013 frequentius
1186 1980 1363 2012 enarrasset,
1389 1980 1418 2006 et
1433 1978 1551 2006 lectioni
1577 1987 1679 2006 eorum
1694 1978 1814 2006 insiste-

986 2025 1039 2055 ret,
1071 2030 1162 2058 eaque
1193 2030 1256 2058 quae
1283 2022 1390 2050 Zenoni
1421 2022 1531 2050 Verinm
1560 2031 1649 2058 opera
1676 2024 1816 2051 eventura

985 2069 1080 2101 erant,
1096 2066 1291 2102 praedixisset,
1305 2068 1333 2094 et
1350 2067 1378 2093 in
1397 2066 1489 2094 risum
1506 2069 1729 2103 prorumperet;
1747 2067 1811 2095 Ca1-

985 2111 1119 2139 listratus
1148 2111 1269 2146 quidam
1298 2111 1385 2139 homo
1416 2111 1501 2138 nihili
1529 2112 1579 2148 qui
1604 2112 1814 2148 cauponariam

987 2156 1150 2189 exercebat,
1166 2157 1233 2191 post
1247 2155 1371 2184 Zenonis
1387 2156 1514 2184 reditum
1532 2156 1676 2185 Galenum
1695 2165 1815 2185 accusa-

985 2201 1036 2234 vit,
1053 2201 1128 2228 Zeno
1145 2202 1243 2228 autem
1260 2200 1358 2236 ipsum
1372 2201 1537 2229 interfecit:
1552 2202 1629 2238 quod
1645 2202 1733 2229 etiam
1750 2209 1816 2229 vere

105 2244 156 2281 γὰρ
173 2244 199 2271 αἱ
211 2243 306 2282 ἀγέλαι
322 2244 374 2270 τῶν
392 2242 498 2281 χοίρων
520 2241 697 2281 διερχόμεναι
718 2242 805 2270 ἐκεῖσε
830 2243 867 2274 εἲς
883 2243 929 2271 τὸν

1025 2244 1144 2280 ntigisse
1158 2245 1268 2272 dicunt.
1290 2245 1416 2280 Ideoque
1432 2254 1588 2281 porcorum
1603 2254 1705 2282 greges
1721 2245 1816 2273 isthao

105 2287 405 2325 Ἀρτοτυριανὸντόπον
423 2287 503 2323 μέσον
516 2290 566 2322 τῆς
582 2288 715 2325 καμάρας,
740 2287 798 2315 ὅθεν
821 2287 930 2326 ἀνέρχε-

104 2343 158 2366 ται,
173 2331 296 2359 ἵστανται
312 2333 395 2365 ἒνεοὶ,
418 2332 463 2359 καὶ
479 2333 511 2359 οὐ
526 2331 649 2360 ΞΒνανται
668 2332 864 2370 παρέρχεσθαι,
884 2333 929 2360 ὅτε

106 2378 131 2403 οἳ
146 2376 303 2414 χοιροὸὶται
317 2376 344 2403 οἱ
358 2375 473 2407 τούτους
490 2376 659 2413 ἐλαύνοντες,
679 2376 784 2413 τύψωσι
804 2377 928 2413 τούτους,

104 2421 147 2448 καὶ
161 2421 222 2449 τότε
253 2420 424 2457 μεθίστανται
437 2431 443 2437 ·
469 2421 551 2456 ἡνίκα
572 2422 623 2459 γὰρ
645 2423 723 2459 ψυχῇ
739 2423 808 2458 αἷμα
824 2421 930 2460 ὀλίγον,

105 2466 209 2503 ἀθρόως
226 2466 298 2503 ὁρμᾷ
313 2466 331 2500 ἡ
347 2464 443 2502 ἀγέλη.

186 2555 249 2594 Περὶ
261 2556 310 2582 τοῢ
326 2554 452 2592 σταυρίου
466 2554 515 2582 τοῦ
530 2553 676 2592 ἱδρυμένου
692 2557 735 2584 ἐπὶ
748 2556 847 2588 κίονος.

139 2610 177 2638 Τὸ
193 2608 221 2636 δὲ
241 2607 365 2645 σταυρῶν
379 2608 410 2635 τὸ
438 2606 580 2645 ἶδρύμενον
612 2609 655 2636 ἐπὶ
682 2610 773 2641 κίονος
806 2608 927 2645 πλησίον

104 2657 155 2681 τῶν
179 2652 373 2691 ’Λρτοπωλίων
402 2651 427 2679 ἐν
454 2653 488 2689 τῇ
514 2652 690 2691 λιθοστρώτῳ
705 2654 776 2691 αὐλῇ
793 2655 926 2692 ἀνηγέρθη

103 2699 174 2736 παρὰ
197 2696 397 2725 Κωνσταντίνου
427 2699 475 2724 τοῦ
506 2697 659 2736 Μεγάλου,
689 2698 734 2726 ὅτε
774 2698 880 2734 δχτίσθη
910 2700 927 2734 ἡ

104 2742 199 2774 πόλις.
224 2743 269 2774 Εἰς
295 2741 325 2770 δὶ
351 2742 382 2769 τὸ
411 2742 527 2770 παλαιὸν
555 2742 649 2782 ἔφερον
680 2743 764 2772 έκιῖσε
789 2743 852 2775 τοὺς
879 2742 928 2772 ’ίπ-

105 2799 171 2822 πους
183 2788 316 2827 ἑκατέρων
344 2789 400 2818 ¹τῶν
431 2790 520 2827 μερῶν
541 2787 663 2827 ἡνίοχοι,
687 2788 732 2818 καὶ
761 2788 927 2829 οὐφημίζον-

983 2292 1172 2318 transeuntes
1187 2289 1222 2316 ad
1237 2289 1458 2324 Artotyrianum
1484 2290 1581 2318 locum
1598 2290 1627 2317 in
1644 2289 1740 2318 medio
1756 2290 1814 2318 for-

984 2334 1058 2362 nicis
1075 2334 1150 2362 unde
1166 2333 1346 2368 ascenditur,
1360 2334 1444 2369 quasi
1461 2334 1573 2370 stupidi
1587 2334 1756 2362 consistunt
1767 2343 1814 2362 ne-

985 2387 1041 2415 que
1071 2378 1149 2406 ultra
1173 2378 1309 2414 progredi
1333 2381 1458 2414 possunt
1480 2387 1487 2407 :
1514 2379 1606 2407 donec
1635 2388 1653 2408 a
1681 2379 1814 2407 subulcis

984 2423 1137 2458 verberati,
1177 2431 1310 2459 gressum
1346 2425 1464 2451 movent
1494 2432 1501 2451 :
1530 2424 1630 2452 statim
1669 2424 1748 2452 enim
1780 2432 1814 2452 ac

985 2468 1139 2506 paululum
1168 2468 1324 2504 sanguinis
1352 2467 1457 2503 efﬂuit,
1482 2476 1550 2496 cum
1575 2468 1688 2505 impetu
1712 2477 1814 2505 proce-

985 2514 1070 2542 dunL

1142 2559 1179 2586 De
1193 2565 1274 2586 cruce
1289 2565 1373 2593 supra
1387 2557 1547 2586 columnam
1562 2562 1659 2586 erecta.

1022 2615 1141 2641 Crucem
1158 2610 1328 2639 collocatam
1346 2619 1436 2647 supra
1450 2611 1618 2640 columnam
1635 2614 1753 2648 propter
1764 2612 1814 2639 Ar-

985 2657 1095 2693 topolia
1117 2656 1147 2684 in
1166 2655 1240 2684 atrio
1254 2655 1404 2692 lapidibus
1430 2658 1519 2684 strato
1535 2656 1626 2684 erexit
1648 2656 1812 2685 Constanti-

985 2710 1041 2730 nus
1053 2702 1189 2737 Msgnus,
1202 2700 1319 2736 quando
1336 2700 1438 2728 urbem
1455 2701 1595 2729 condidit.
1612 2701 1747 2737 Antiquis
1759 2709 1811 2728 au-

981 2749 1040 2774 tem
1056 2745 1237 2781 temporibus
1253 2744 1409 2780 utriusque
1420 2744 1555 2773 factionis
1585 2746 1693 2781 aurigas
1718 2753 1810 2780 equos

981 2790 1021 2819 ibi
1033 2790 1225 2827 agitabant,et
1237 2789 1429 2818 acclamante:
1439 2789 1568 2825 aiebant,
1582 2789 1678 2819 Cruci:
1684 2790 1810 2826 potentia
