1953 3047
137 103 214 133 1215

623 106 819 138 APPENDIX
841 108 893 138 AD
918 106 1153 138 MICHAELEM
1174 109 1369 140 PSELLUM.

1762 112 1844 142 1218

132 169 212 196 nobis
235 169 397 204 opituletur.
424 170 531 196 Ibidem
560 172 669 206 pariter
692 174 846 201 exstabant
868 177 955 208 portae
970 177 1014 206 Αι

1045 184 1055 203 ς
1078 170 1181 211 ἔλεγον·
1213 176 1265 201 Τοῦ
1293 177 1409 210 σταυροῦ
1439 176 1456 210 ὴ
1487 174 1602 212 δύναμις
1632 176 1724 214 βοηθῇ
1749 177 1840 213 ἡμῖν.

132 221 219 241 {enea
239 216 365 248 quatuor
388 222 439 248 pro
455 217 582 250 quatuor
607 216 792 249 factionibus,
818 217 958 244 totidem-

133 266 190 294 que
204 259 232 286 in
249 259 349 287 orbem
369 259 510 294 porticus,
527 268 559 287 ac
584 261 720 297 pleraque
736 263 793 289 alia
808 263 957 290 admiran-

133 303 188 338 da;
206 311 271 339 quae
287 303 321 330 ad
347 303 541 338 Theophilum
567 313 662 342 usque
685 314 852 341 pervenere,
869 315 885 334 a
900 314 957 341 quo

132 347 259 383 primum
277 348 358 375 locus
374 346 422 375 ille
438 347 524 375 vallis
541 348 676 384 planctus
699 353 887 386 nuncupatus
903 352 958 385 est,

132 400 166 419 ac
182 392 327 427 mancipia
348 400 365 420 a
389 393 623 428 negotiatoribus
647 395 792 430 ejusmodi
809 394 896 422 isthic
909 403 958 422 ve-

131 447 202 467 num
219 439 341 474 proponi
354 439 457 474 jussit.

379 483 417 510 De
434 483 539 511 Toxaru
555 485 585 511 ut
599 489 705 512 vocant.

165 530 276 555 Toxara
290 528 396 555 domus
420 530 483 555 erat
504 528 620 556 Toxaraa
646 529 837 562 Manclavite,
862 530 913 564 qui
927 529 957 557 in

129 572 241 609 templo
265 572 292 599 S.
310 572 467 600 Mamantis
490 572 663 601 Michaelem
687 573 893 610 imperatorem
913 574 958 601 in-

128 617 251 646 terfecit.

237 661 275 689 De
289 661 401 689 ecclesia
417 661 463 688 SS.
481 661 669 696 Quadraginta
684 665 850 698 martyrum.

167 705 251 733 {Ech
266 705 316 733 SS.
341 706 539 742 Quadraginta
564 709 724 743 martyrum
749 709 833 734 antea
853 708 958 742 praeto—

130 749 206 777 rium
222 749 380 777 exstiterat.
406 750 541 778 Tiberius
566 759 631 778 vero
656 751 754 778 Thrax
776 759 843 778 cum
869 758 959 778 uxore

130 793 294 827 Anastasis,
313 794 426 822 eductis
443 794 510 821 hinc
539 794 589 829 qui
605 803 720 823 carcere
738 795 958 828 detinebantur,

129 838 192 866 loco
209 838 289 874 prius
316 840 437 874 purgato
462 847 494 866 ac
521 839 665 873 dimenso,
692 847 726 866 ex
751 847 843 874 eoque
857 839 957 874 ejectis

130 882 273 916 materiis,
290 882 482 910 fundamenta
497 884 531 910 ad
559 885 687 919 quatuor
715 884 830 911 cubitos
845 883 956 911 eduxit.

129 927 246 954 Tiberio
263 929 359 955 autem
383 927 442 954 vita
468 928 578 960 functo.
603 928 764 956 Mauricius
790 928 854 962 ejus
868 936 958 964 gener

129 971 252 1007 imperio
268 972 390 1007 potitus,
410 972 502 1000 eadem
527 980 641 1000 sacram
668 972 802 1005 absolvit,
826 980 859 1000 ac
873 972 957 1000 dedi-

129 1016 188 1043 cari
204 1016 325 1044 curavit.

210 1069 247 1096 De
261 1072 353 1097 sancto
369 1069 504 1097 Theodoro
518 1070 680 1104 cognomine
694 1070 875 1098 Carbonarz'a.

165 1113 264 1141 Sancti
292 1113 435 1142 Theodori
476 1114 619 1150 templum
650 1114 780 1142 Hilarion
815 1115 957 1150 patricius

129 1157 233 1185 Leonis
249 1157 363 1186 Macelo:
379 1159 561 1194 temporibus
577 1159 722 1187 excitavit.

422 1213 459 1240 De
473 1213 661 1240 Anemodulio.

164 1256 394 1284 Anemodulium
412 1257 449 1284 ab
466 1257 561 1292 impio
576 1257 730 1285 Heliodoro
746 1260 874 1286 erectum
892 1257 955 1292 fuit,

129 1303 260 1335 tempore
277 1301 381 1328 Leonis
397 1301 488 1329 Isauri
508 1309 515 1328 :
532 1301 656 1337 ipsemet
671 1302 825 1329 duodecim
838 1310 954 1338 quoque

128 1345 212 1381 signa
226 1347 379 1372 ventorum
394 1346 541 1373 excitavit.
569 1346 700 1378 Quatuor
714 1354 780 1374 vero
795 1346 955 1374 simulacra

98 1392 105 1397 ‘
129 1398 207 1417 sanes
222 1389 345 1425 grandia
361 1389 519 1426 Dyrrachio
535 1390 631 1418 delata
647 1392 736 1418 fuere.
752 1391 840 1419 Erant
856 1393 954 1419 autem

127 1434 188 1461 hso
203 1433 319 1461 mulieri
335 1434 451 1462 cuidam
466 1435 559 1463 vidua:
576 1443 628 1470 pro
644 1435 721 1468 dote,
735 1436 771 1463 ab
788 1436 885 1463 nescio
896 1443 952 1471 quo

127 1477 237 1513 templo
259 1480 398 1506 extracta.
423 1481 565 1507 Ceterum
591 1479 645 1507 hoc
670 1479 742 1507 scite
766 1487 800 1506 ac
815 1479 954 1507 omnibus

975 857 997 888 Β

128 1523 314 1550 astronomia:
345 1524 476 1552 numeris
505 1523 672 1552 absolutum
699 1523 820 1559 perfecit
843 1524 953 1559 (Helio-
967 1541 989 1575 α

127 1567 241 1602 dorus).

424 1612 461 1640 De
476 1613 542 1640 Foro
558 1613 650 1640 Tauri.

162 1657 193 1684 In
211 1656 283 1684 Foro
298 1656 384 1684 Tauri
399 1658 458 1684 stat
479 1656 636 1684 Theodosii
651 1657 747 1692 Magni
763 1658 870 1685 statua.
888 1657 954 1686 Fuit

126 1702 225 1728 autem
241 1700 376 1736 primitus
391 1703 538 1737 argentea,
556 1704 585 1728 et
607 1701 642 1728 ad
659 1709 722 1728 eam
738 1700 826 1737 legati
841 1704 953 1730 extera-

127 1753 191 1772 rum
208 1745 338 1781 gentium
355 1745 584 1781 excipiebantur.
597 1745 714 1773 Exstitit
728 1745 814 1773 etiam
832 1745 872 1772 ibi
883 1746 952 1774 olim

126 1789 267 1825 palatium
295 1792 324 1817 et
352 1790 568 1818 xenodochium
609 1790 820 1826 Romanorum,
852 1799 953 1820 versus

126 1833 222 1861 locum
237 1842 325 1870 quem
351 1834 528 1862 Alonitzium
551 1836 665 1862 vocant.
687 1835 782 1870 Super
804 1835 953 1871 ingentem

126 1877 295 1906 columnam
323 1879 419 1906 stabat
442 1878 625 1906 Theodosius
652 1886 658 1906 :
685 1878 765 1906 illius
794 1887 860 1907 vero
890 1879 952 1912 ﬁlii,

129 1922 272 1951 llonorius
288 1923 407 1959 quidem
431 1923 460 1950 in
483 1922 598 1959 lapideo
614 1922 724 1951 fornice
738 1923 883 1956 orientali,
899 1926 954 1952 Ar-

127 1967 229 1994 cadius
244 1969 342 1994 autem
359 1967 388 1994 in
408 1966 524 2002 lapideo
552 1966 658 1994 fornice
673 1967 857 2001 occidentali,
873 1970 954 1996 uter-

129 2020 185 2047 que
201 2019 291 2047 super
306 2011 438 2047 ingentes
455 2011 613 2047 quadratas
627 2011 790 2040 columnas.
804 2012 835 2038 In
857 2012 953 2040 medio

128 2055 193 2083 Fori
209 2056 283 2083 atrio
298 2057 343 2084 est
357 2058 457 2084 statua
471 2055 630 2091 equestris,
647 2063 733 2090 quam
748 2055 867 2091 quidam
883 2058 953 2084 Jesu

129 2100 217 2134 Nave,
232 2099 282 2128 alii
306 2099 538 2135 Bellerophontis
561 2108 627 2127 esse
641 2099 752 2128 volunt.
777 2099 873 2128 Allata
885 2109 954 2130 vero

127 2143 183 2172 fuit
197 2153 232 2172 ex
256 2152 363 2180 magna
385 2144 548 2172 Antiochia.
574 2144 715 2172 Caeterum
738 2145 819 2173 basis
837 2144 954 2181 lapidea

127 2189 326 2224 quadrilatera
339 2187 484 2225 equestris
510 2188 591 2216 illius
604 2190 708 2216 statua
733 2188 822 2217 habet
843 2190 952 2218 inscul-

127 2236 192 2269 ptas
221 2233 360 2261 historias
390 2233 554 2261 Russorum
582 2233 633 2269 qui
657 2234 825 2262 novissimis
849 2234 953 2263 diebul

127 2279 228 2306 urbem
244 2278 385 2306 vastaturi
402 2279 482 2313 sunt,
499 2278 584 2313 cujus
601 2278 642 2306 rei
653 2278 898 2314 impedimentum
909 2281 955 2307 est

126 2330 266 2359 perquam
292 2323 449 2350 minimum
476 2321 548 2350 illud
575 2321 705 2358 signum,
722 2323 799 2358 quod
823 2323 953 2351 vinctum

124 2375 157 2394 ac
173 2367 358 2403 genuﬂexum
374 2367 432 2395 illic
449 2367 578 2403 positum
595 2367 708 2394 visitur.
722 2367 866 2395 Praeterea
880 2376 953 2403 quo-

125 2419 180 2446 que
197 2420 246 2447 pes
262 2411 350 2440 laevus
364 2411 473 2448 ;magni
496 2411 573 2447 equi,
590 2411 664 2446 quod
684 2411 712 2438 in
728 2419 762 2439 eo
777 2410 951 2448 inscriptum

125 2457 180 2488 est,
210 2457 427 2492 praesignificat.
458 2455 598 2483 Similiter
627 2458 656 2482 et
685 2463 791 2491 magna
815 2456 954 2484 columna

125 2507 262 2531 concava,
284 2502 312 2527 et
335 2499 516 2536 Xerolophus
542 2498 663 2527 ultimos
688 2498 769 2526 urbis
793 2507 879 2527 casus
905 2508 954 2528 ex-

124 2543 376 2580 pugnationesque
391 2545 611 2580 repraesentant.

426 2633 464 2661 De
478 2632 647 2661 Diaconissa.

160 2675 321 2705 Ecclesiam
336 2676 512 2706 Diaconissaa
528 2676 660 2705 condidit
675 2677 812 2713 Cyriacus
827 2678 951 2714 patriar-

125 2720 180 2748 cha
197 2723 326 2757 tempore
349 2721 482 2750 Mauricii
506 2720 693 2758 imperatoris
717 2722 877 2758 compatris
892 2723 950 2751 sui.

128 2764 171 2794 lta
195 2774 261 2795 vero
283 2769 453 2803 nuncupata
477 2766 543 2799 fuit,
565 2766 644 2801 quod
666 2766 834 2802 patriarcha
855 2767 952 2797 adhuc

967 2220 993 2252 D

1013 217 1115 244 Ἐκεῖσε
1145 216 1173 244 δὲ
1197 217 1307 245 ἵσταντο
1336 219 1380 246 καὶ
1396 219 1480 247 πύλαι
1497 219 1602 257 χαλκαῖ
1630 220 1756 258 τέσσαρες
1785 224 1841 248 τῶν

1011 263 1147 298 τεσσάρων
1176 264 1276 300 μερῶν,
1306 263 1351 290 καὶ
1380 263 1525 300 περίπατοι
1552 265 1677 302 τέσσαρες
1705 266 1841 304 γύρωθεν,

1012 306 1056 332 καὶ
1074 308 1277 345 σημειοφορικὰ
1296 306 1399 342 πολλὰ,
1427 309 1472 335 καὶ
1503 307 1647 347 διῆρκεσαν
1674 310 1757 348 μέχρι
1784 313 1839 337 τῶν

1013 350 1161 389 Θεοφίλου·
1186 350 1277 379 ἔκτοτε
1293 350 1321 379 δὲ
1337 351 1440 387 ἐκλήθη
1456 352 1553 384 κοιλὰς
1569 354 1752 390 κλαυθμῶνος
1777 353 1841 391 παρ’

1014 396 1107 431 αὐτοῦ,
1124 395 1168 422 καὶ
1183 397 1386 434 προσετάγησαν
1404 398 1430 424 οἱ
1454 401 1666 436 σωματοπρᾶται
1693 399 1779 426 ἐκεῖσε
1795 410 1840 426 πι-

1013 441 1141 477 πράσκειν
1157 441 1190 467 τὰ
1205 439 1326 468 οἰκετικὰ
1340 441 1484 478 πρόσωπα.

1224 485 1261 512 Τὰ
1281 483 1415 523 λεγόμενα
1433 489 1481 513 τοῦ
1506 489 1622 524 Τοξαρᾶ.

1048 530 1084 556 Τἐι
1111 529 1213 567 Τοξαρῖι
1239 529 1315 560 οἶκος
1343 531 1376 564 ἦν
1406 531 1514 568 Τοξαρᾶ
1545 529 1758 568 Μαγκλαόίτου,
1789 534 1839 559 τοῦ

1012 573 1153 604 ἀνελόντος
1181 574 1295 612 Μιχαὴλ
1310 575 1356 602 τὸν
1381 574 1494 612 βασιλέα
1523 575 1560 606 εἰς
1583 577 1628 603 τὸν
1652 577 1750 614 ’Ἃγιον
1777 577 1839 605 Μά-

1015 627 1099 653 μαντα
1105 639 1110 645 .

1266 662 1330 700 Περὶ
1345 665 1398 689 τῶν
1414 663 1515 700 Ἀγίων
1531 664 1572 691 Μ’.

1049 706 1082 734 Οἱ
1097 707 1189 743 "Avia:
1205 706 1407 744 Τεσσαράκοντα
1422 708 1553 744 πρότερον
1569 708 1695 746 ὑπῆρχον
1720 710 1841 746 πραιτώ-

1013 751 1114 787 ριον.Ὀ
1132 749 1160 778 δὲ
1175 748 1300 786 Τιϐέριος
1314 751 1327 778 ὁ
1344 751 1412 787 Θρᾷξ
1429 751 1474 778 σὺν
1486 754 1519 788 τῇ
1530 753 1635 789 γυναικὶ
1647 753 1730 780 αὐτοῦ
1742 755 1840 781 ’Λ-ιασ-

1012 795 1091 830 τασίᾳ
1105 795 1167 825 τοὺς
1183 794 1310 831 δεσμίους
1328 795 1451 830 ἐξεώσας,
1467 797 1512 823 καὶ
1527 796 1573 823 τὸν
1594 797 1678 825 τόπον
1704 798 1839 832 ἀνακαθη-

1013 849 1068 876 ρας,
1083 839 1127 866 καὶ
1145 838 1336 876 διαμετρήσας,
1353 840 1395 866 καὶ
1412 841 1460 875 τὴν
1478 840 1546 875 ὕλην
1564 841 1775 878 ἐναποϐὲμενος,
1793 843 1839 869 καὶ

1013 881 1135 910 ἐκϐαλὼν
1148 884 1178 910 τὸ
1188 883 1452 921 γῶμα,έθεμελίο›σε
1468 885 1551 923 μέχρι
1568 889 1669 923 πηχῶν
1685 887 1836 923 τεσσάρων.

1010 927 1228 962 Τελευτήσαντος
1262 927 1291 955 δὲ
1319 930 1367 955 τοῦ
1395 926 1535 966 Τιϐερίου,
1565 931 1579 957 ὁ
1603 928 1726 968 γαμϐρὸς
1754 931 1838 958 αὑτοῦ

1011 971 1160 1009 Μαυρίκιος
1176 974 1311 1009 κρατήσας
1335 972 1514 1011 ἀνεπλήρωσε
1537 975 1583 1001 τὸν
1606 975 1680 1006 ναὸν,
1708 975 1753 1002 καὶ
1779 974 1837 1002 ἐνε-

1010 1016 1146 1054 θρονίασεν
1163 1016 1254 1045 αὐτόν.

1096 1070 1159 1107 Περὶ
1173 1072 1221 1097 τοῦ
1237 1071 1327 1108 Ἀγίου
1344 1069 1486 1108 Θεοδώρου
1502 1072 1534 1099 τὰ
1549 1070 1748 1110 Καρϐουνάρια.

1045 1114 1097 1142 Τὸν
1125 1113 1153 1141 δὲ
1167 1115 1259 1152 ’Ἃγιον
1273 1113 1413 1151 Θεόδωρον
1429 1113 1530 1142 ἔκτισεν
1545 1115 1669 1154 Ἱλαρίων
1690 1117 1835 1155 πατρίκιος

1009 1157 1036 1185 ἐν
1053 1161 1110 1190 τοῖς
1126 1158 1236 1196 χρόνοις
1250 1159 1363 1190 Λέοντος
1377 1161 1426 1186 τοῦ
1442 1159 1580 1187 Μακὲλου.

1233 1212 1295 1250 Περὶ
1315 1211 1364 1239 τοῦ
1385 1212 1610 1249 Ἀνεμοδουλίου.

1045 1257 1082 1285 Τὸ
1098 1255 1126 1284 δὲ
1140 1255 1351 1293 Ἀνεμοδούλιον
1382 1257 1526 1292 ὲστηλώθη
1543 1258 1615 1295 παρᾶ
1633 1261 1682 1285 τοῦ
1697 1258 1837 1286 Ἡλιοδώ-

1009 1311 1057 1338 ρου
1071 1303 1119 1327 τοῦ
1136 1298 1291 1335 δυσσεϐοῦς,
1308 1300 1333 1328 ιν
1350 1304 1408 1333 τοῖς
1423 1301 1536 1339 χρόνοις
1554 1302 1669 1333 Λέοντος
1681 1306 1732 1330 τοῦ
1747 1307 1837 1339 Συρο-

1007 1345 1146 1383 γενοῦς,’ὁς
1161 1346 1205 1372 γαὶ
1218 1344 1357 1380 ἑστήλωσε
1368 1346 1432 1376 τοὺς
1450 1346 1483 1383 ιβ’
1499 1346 1667 1382 ἀνέμους.Τὰ
1679 1346 1707 1374 δὲ
1721 1347 1838 1386 τέσσαρα

1007 1389 1254 1427 χαλκουργειῖματα
1267 1390 1301 1416 τὰ
1317 1389 1426 1426 μεγάλα
1440 1388 1564 1427 ἤχθησαν
1582 1390 1635 1418 ἀπὸ
1648 1393 1697 1418 τοῦ
1717 1392 1837 1428 κάπρου

1008 1433 1168 1473 Δυῤῥαχίου·
1186 1434 1253 1472 Εἶχε
1269 1433 1297 1461 δὲ
1313 1434 1381 1461 αὐτά
1395 1435 1462 1471 γυνή
1478 1435 1554 1472 ’χήρα
1572 1434 1610 1466 εἱς
1625 1438 1726 1473 προῖκα
1750 1435 1836 1470 αὐτῆς

1007 1479 1060 1505 ἀπὸ
1074 1480 1139 1505 ναοῦ
1153 1488 1237 1509 τινος.
1255 1478 1328 1506 Μετὰ
1342 1478 1452 1513 πολλῆς
1469 1477 1497 1506 Si
1513 1478 1669 1516 ἐπιστήμης
1678 1480 1724 1507 καὶ
1739 1480 1838 1517 ἀστρο-

1008 1523 1103 1559 νομίας
1119 1521 1204 1550 ἰποίει
1217 1525 1310 1551 τοῦτο.

1292 1611 1356 1648 Περί
1371 1614 1419 1639 τοῦ
1435 1612 1556 1649 Ταύρου.

1043 1657 1105 1685 ’Ότι
1118 1655 1144 1682 ἐν
1172 1657 1211 1691 τῷ
1235 1656 1330 1693 Ταύρῳ
1355 1656 1443 1692 στήλη
1460 1659 1508 1684 τοῦ
1533 1656 1659 1695 Μεγάλου
1689 1656 1837 1685 Θεοδοσίου

1005 1700 1123 1728 ἵσταται*
1148 1702 1181 1734 ἦν
1205 1699 1234 1727 δὲ
1262 1700 1358 1736 πρώην
1377 1701 1489 1739 ἀργρρᾶ,
1517 1700 1576 1729 ἔνθα
1603 1701 1668 1733 τοὺς
1699 1702 1752 1730 ἀπὸ
1780 1705 1835 1730 τῶν

1009 1745 1090 1772 ἐθνῶν
1117 1744 1235 1778 ἥκοντας
1259 1743 1367 1782 ἐδὲχετο
1381 1745 1466 1773 ἐκεῖσε
1498 1746 1608 1783 ὑπῆρχε
1622 1744 1652 1773 δὲ
1667 1747 1763 1783 πρώην
1779 1757 1835 1774 πα-

1009 1789 1112 1823 λάτιον,
1138 1790 1181 1816 καὶ
1199 1788 1369 1827 ξενοδοχεῖον
1384 1792 1437 1817 τῶν
1462 1791 1616 1826 Ῥωμαίων,
1633 1790 1670 1821 εἷς
1683 1791 1716 1817 τὸ
1731 1791 1835 1819 καλού-

1011 1845 1087 1870 μενον
1114 1833 1242 1868 δηλονότι
1272 1833 1458 1868 Ἀλωνίτζιον,
1486 1835 1592 1862 Ἐπάνω
1609 1833 1637 1862 δὶ
1651 1837 1700 1862 τοῦ
1714 1835 1835 1872 μεγάλου

1008 1878 1098 1910 κιόνος
1131 1878 1284 1913 ἐστήλωται
1313 1877 1475 1909 Θεοδόσιος·
1500 1880 1525 1906 οἱ
1556 1877 1585 1906 δὶ
1613 1879 1668 1906 υἱοί
1697 1879 1790 1915 αὐτοῦ,
1819 1880 1834 1908 ὁ

1010 1924 1057 1960 μὶν
1085 1923 1225 1960 Ὀνώριος,
1256 1922 1346 1950 ἆπάνω
1374 1926 1423 1958 τῆς
1450 1923 1556 1958 λιθίνης
1572 1922 1668 1960 ἀψίδος
1697 1927 1748 1959 τῆς
1764 1925 1834 1961 πρὸς

1009 1966 1123 2003 δυσμᾴς·
1155 1967 1169 1994 ὁ
1198 1966 1227 1994 δὲ
1250 1966 1394 2004 Ἃρκάὸιος
1410 1966 1436 1994 ἐν
1449 1969 1483 2000 τῆ
1499 1968 1567 2005 πρὸς
1590 1967 1726 2002 ἀνατολὴν
1743 1967 1837 2006 λιθίνῃ

1008 2011 1096 2048 ἀψίδι·
1122 2011 1234 2049 ὕπερθεν
1252 2010 1280 2038 δὲ
1303 2013 1357 2038 τῶν
1375 2009 1564 2049 περιϐλέπτων
1587 2012 1714 2049 μεγάλων
1736 2014 1837 2040 κιόνων

1007 2058 1062 2084 τῶν
1086 2055 1273 2093 τετραδισίων,
1299 2056 1386 2084 Μέσον
1415 2059 1464 2091 τῆς
1479 2056 1567 2091 αὐλῆς
1580 2056 1636 2084 ίστι
1657 2054 1775 2094 ἔφιππος
1805 2058 1835 2085 ὃν

1009 2101 1035 2128 ei.
1061 2100 1108 2137 μὶν
1134 2099 1256 2137 λέγουσιν
1285 2101 1389 2135 Ἰησοῦν
1413 2101 1459 2128 τὸν
1489 2103 1578 2135 Ναυῆ,
1607 2099 1695 2138 ἕτεροι
1720 2100 1759 2136 ei,
1788 2102 1836 2129 τὸν

1008 2143 1244 2183 Βελλεροφόντην
1273 2143 1350 2182 ἤχθη
1380 2143 1409 2172 δὲ
1437 2145 1490 2172 ἀπὸ
1518 2148 1568 2180 τῆς
1587 2145 1712 2182 μεγάλης
1728 2147 1837 2174 Ἀντιοο

1007 2189 1096 2227 χείας.
1121 2189 1156 2216 Τὸ
1172 2187 1200 2216 δὶ
1228 2189 1427 2227 τετράπλευρον
1457 2192 1505 2216 τοῦ
1534 2189 1654 2228 ἐφίππου
1672 2190 1704 2217 τὸ
1728 2189 1836 2226 λιθόξε-

1009 2245 1070 2262 στον
1103 2233 1162 2271 ἔχει
1205 2233 1430 2271 ἐγγεγραμμένας
1460 2233 1580 2271 ἱστορίας
1615 2236 1669 2261 τῶν
1709 2234 1835 2273 ἐσχάτως

1009 2277 1168 2315 μελλόντων
1193 2279 1260 2310 Ῥὦς
1288 2279 1398 2315 πορθεῖν
1429 2279 1477 2313 τήν
1494 2278 1576 2312 αὐτὴν
1606 2278 1699 2313 πόλιν,
1729 2279 1774 2307 καὶ
1801 2280 1834 2308 τὸ

1007 2321 1151 2360 ὗμπόὸιον,
1180 2322 1245 2359 ὅπερ
1276 2321 1474 2360 ἄνθρωποειδὶς
1505 2322 1709 2360 χαλκούργημα
1744 2323 1834 2362 βραχὺ

1007 2367 1158 2404 παντελῶς,
1183 2367 1227 2395 καὶ
1257 2366 1399 2404 δεδεμένον
1429 2367 1588 2405 γονυκλινὶς
1616 2365 1693 2404 ἔχει·
1721 2369 1736 2396 ὁ
1763 2369 1837 2400 ποὺς

1008 2411 1151 2448 εὐώνυμος
1168 2414 1218 2439 τοῦ
1239 2411 1327 2439 ’ίππου
1355 2414 1406 2439 τοῦ
1435 2411 1554 2449 μεγάλου
1578 2412 1623 2439 καὶ
1638 2413 1718 2444 αὐτὸς
1734 2415 1836 2450 σημαί-

1007 2467 1057 2492 νει,
1088 2456 1129 2484 ὅτι
1154 2455 1239 2484 ἰκεῖσε
1266 2456 1484 2495 ἐγγεγραμμένον
1515 2456 1597 2485 ἐστίν.
1624 2457 1761 2489 Ὡσαύτως
1786 2459 1834 2486 καὶ

1007 2501 1021 2528 ὁ
1034 2503 1136 2540 κοῦφος
1149 2501 1216 2528 κίων
1233 2501 1247 2528 ὁ
1264 2501 1359 2539 μέγας,
1374 2500 1419 2528 καὶ
1435 2501 1449 2528 ὁ
1469 2501 1634 2540 Ξηρόλοφος
1664 2500 1758 2539 ἔχουσι
1786 2503 1835 2534 τὰς

1007 2545 1123 2584 ἰσχάτας
1151 2545 1271 2583 ἱστορίας
1300 2549 1350 2580 τῆς
1378 2545 1510 2581 πόλεως,
1549 2545 1594 2572 καὶ
1631 2545 1678 2578 τὰς
1715 2546 1832 2580 ἁλώσεις

1007 2590 1172 2629 ἑνιστόρους.

1255 2635 1321 2672 Περὶ
1336 2638 1387 2670 τῆς
1402 2634 1589 2670 Διακονίσσης.

1040 2679 1079 2706 Τὰ
1111 2677 1140 2706 δὲ
1170 2679 1346 2715 Διακονίσσης
1376 2679 1463 2707 ἔκτισε
1493 2679 1627 2716 Κυριακὸς
1654 2682 1831 2720 πατριάρχης

1005 2723 1032 2751 ιν
1057 2726 1117 2755 τοῖς
1144 2724 1258 2762 χρόνοις
1285 2724 1438 2760 Μαυρικίου
1455 2722 1589 2762 βασιλέως
1617 2726 1666 2751 τοῦ
1686 2726 1831 2754 συντεκνου

1007 2767 1099 2798 αὖτοῦ.
1129 2767 1251 2805 Ἐκλήθη
1283 2767 1312 2796 Si
1344 2769 1381 2800 ὡς
1395 2768 1448 2796 ἀπὸ
1461 2768 1565 2796 τοῦτὸν
1579 2769 1752 2808 πατριάρχην
1770 2769 1828 2799 διά-
