1950 3050
73 115 149 144 1225

636 113 818 146 ΑΝΟΝΥΜΙ
841 115 1132 151 ANTIQUITATES
1155 117 1214 147 ΟΡ.

1699 115 1779 145 1226

72 179 116 207 καὶ
134 178 178 207 διὰ
191 183 272 208 τοῦτο
288 179 392 216 ἐκλήθη
422 181 440 215 ἡ
469 180 551 212 πόλις
567 180 640 218 παρά
655 179 819 219 Φῖλοδώρου
847 187 895 208 Λο-

988 182 1130 210 iiiodorus
1158 182 1290 218 Logista,
1321 181 1453 210 Iconium
1484 183 1584 210 vocata
1611 183 1670 216 est,
1699 182 1778 218 quod

71 224 162 262 τίστου
188 223 312 259 Ἰκόνιον,
329 223 373 252 διὰ
386 225 418 252 τὸ
431 224 477 252 τὸν
494 225 594 262 Περσὲς
621 223 704 260 δεῖξαι
729 225 779 259 τὴν
809 224 900 252 εἰκόνα

72 269 157 296 ἐκεῖσε
184 272 234 304 τῆς
265 269 419 307 Γοργόνης.
448 271 497 298 Ἠν
538 268 566 297 δὲ
593 272 628 306 τῇ
656 269 736 297 πόλει
765 268 897 306 πρότερον

72 311 160 350 ὄνομα
177 316 303 341 Δαναεῐα·
330 312 422 341 ἔπειτα
442 313 568 350 ἐπλήσθη
593 313 758 352 θρηνῳδίας,
782 314 828 341 καὶ
857 311 900 340 οὔ·

70 368 125 388 τως
153 357 257 393 ἐκλήθη
283 361 399 395 Θρῆνος.
421 359 503 386 Ἔνθα
530 359 575 386 καὶ
600 358 746 393 ἐτελειώθη
774 359 787 385 ὁ
816 357 899 388 αὐτὸς

71 402 186 440 Περσεὺς
212 402 257 429 σὺν
272 404 307 438 τῇ
322 401 501 440 Ἀνδρομὲδῃ·
530 402 621 431 ἐπάνω
638 401 666 430 δὲ
679 406 731 437 τῆς
745 401 836 438 πύλης
851 403 900 436 τῆς

70 446 178 475 πόλεως
194 446 340 483 ἐστηλώθη
356 447 508 486 ἀμφότερα.
532 448 568 475 Ai.
591 447 620 475 δὶ
646 449 767 475 τοιαῦται
799 446 898 481 στῆλαι

68 491 164 526 ἥκασιν
190 490 233 518 ἰπὶ
257 491 472 526 Κωνσταντίνου,
490 492 558 528 μιτὰ
585 492 618 519 τὸ
634 491 818 529 πληρωθῆναι
847 491 899 525 τήν

68 536 238 573 Ἀντιοχέων
255 535 415 572 ἐκκλησίαν,
440 536 526 564 καὶέν
550 539 590 572 τῷ
611 535 725 574 μεγάλῳ
755 539 899 562 Κωνστοιν-

64 580 140 607 τίνου
169 580 277 618 λουτρῷ
313 578 447 617 ἔστησαν,
485 579 604 614 πλησίον
635 582 686 608 τοῦ
714 583 898 614 Τζυκανιστη-

67 625 141 662 ρίου.

365 669 431 708 Περὶ
446 673 495 704 τῆς
511 670 591 700 Νέας.

101 715 155 748 Τὴν
169 713 197 742 δὲ
212 714 282 742 Νέαν
297 712 395 749 ἔκτισε,
412 714 456 741 καὶ
472 715 521 741 τοῦ
547 714 639 750 Φόρου
665 714 714 748 τήν
739 713 899 751 Ὑπεραγίαν

69 758 214 793 Θεοτόκον⁷
238 758 283 785 καὶ
298 758 331 786 τὰ
353 759 460 795 Τζήρου
488 759 532 786 καὶ
559 758 605 786 τὸν
634 760 729 795 ’Ἀγιον
754 756 897 794 Διομήδην

68 802 214 834 Βασίλειος
229 804 243 831 ὁ
260 801 401 832 Μακεδών.

339 857 404 894 Περὶ
418 857 472 884 τῶν
496 856 631 895 Ὁδηγῶν.

102 902 164 930 ’Ότι
191 900 256 932 τοὺς
280 900 414 939 Ὀδηγοὺς
445 900 533 928 ἔκτισε
560 900 679 938 Μιχαὴλ
708 901 721 928 ὁ
748 900 899 938 ἀναιρεθεὶς

66 946 120 973 ὑπὸ
144 945 300 980 Βασιλείου,
317 945 448 983 πρότερον
474 946 548 973 οἶκον
575 945 742 983 ὑπάρχοντα.
775 945 826 973 Καὶ
854 955 899 971 τυ-

65 989 144 1028 φλῶν
160 989 274 1018 πολλῶν
303 992 338 1027 τῇ
354 990 441 1018 ἐκεῖσε
457 989 524 1028 οὔσῃ
554 991 632 1027 πηγῇ
662 988 830 1027 βλεψάντων,
854 995 899 1022 καὶ

63 1034 164 1072 ἑτέρων
180 1034 297 1062 πολλῶν
319 1034 464 1071 θαυμάτων
488 1033 652 1072 γεγονότων,
682 1033 787 1069 ἐκλήθη
817 1031 900 1068 Ὀδη-

63 1079 131 1117 γός.

265 1169 330 1207 Περὶ
344 1170 393 1196 τοῦ
408 1168 559 1205 Ζευξίππου
572 1167 700 1206 λουτροῦ.

101 1214 133 1242 Ὁ
157 1212 186 1241 δὲ
222 1213 372 1250 Ζεύξιππος
395 1214 426 1240 τὸ
452 1212 568 1251 λουτρὸν
599 1212 650 1240 ὑπὸ
680 1209 803 1250 Ζεϐήρου
825 1222 899 1240 κατε.

66 1258 214 1293 σκιυάσθη,
239 1258 284 1285 καὶ
314 1257 493 1295 ἔστοιχειώθη
524 1257 652 1289 ἅπτεσθαι
672 1257 740 1294 μετὰ
762 1255 900 1292 κανδήλας

68 1301 196 1337 ὑαλίνης,
211 1302 242 1329 τὸ
258 1300 287 1329 δὲ
302 1300 375 1340 ὕδωρ
388 1302 455 1336 {tau
480 1300 618 1340 σφοδρῶς,
643 1302 688 1329 καὶ
702 1302 747 1328 τὸν
765 1300 829 1339 ἀέρα
851 1302 900 1328 τοῦ

69 1347 199 1385 λουτροῦ.
225 1345 381 1384 Ἀλόγιστοι
412 1345 440 1374 δέ.
466 1357 538 1378 τινες
567 1346 690 1377 ἐλθόντες
719 1346 900 1384 κατέστρεψαν

69 1390 164 1419 τοῦτο·
182 1390 204 1418 ὧ
219 1394 269 1426 τῆς
286 1390 386 1428 ζημίας
400 1391 406 1419 ί

123 1445 186 1482 Περὶ
203 1447 253 1479 τῆς
269 1444 417 1481 ἱσταμένης
432 1445 538 1479 στήλης
553 1445 578 1471 ὲν
594 1445 634 1480 τῷ
649 1443 842 1481 ⁷Δρμαμὲντῳ.

84 1490 134 1520 ,ἹΙ
160 1487 189 1516 δὲ
212 1488 342 1525 ἱσταμένη
374 1488 462 1524 στήλη
493 1488 520 1516 ἐν
548 1490 586 1524 τῷ
615 1487 797 1525 Ἀρμαμὲντῳ
812 1490 898 1515 Φωκᾶ

67 1536 118 1561 τοῦ
155 1533 323 1571 στρατιώτου
358 1532 402 1560 ἐπὶ
440 1535 489 1559 τοῦ
530 1531 675 1571 βασιλέως,
714 1533 758 1560 καὶ
797 1531 823 1559 ἐν
857 1534 896 1568 τῷ

67 1575 180 1614 ἑϐδόμῳ
210 1576 262 1605 ἔτει
299 1581 350 1612 τῆς
389 1576 528 1615 βασιλείας
556 1577 639 1604 αὐτοῦ
668 1576 730 1613 περὶ
755 1576 786 1604 τὸ
813 1575 895 1607 τέλος

66 1620 225 1656 σπουδάζων
240 1621 385 1659 ἀναγαγεῖν
402 1621 485 1656 αὐτὴν
500 1620 527 1649 ἐν
540 1623 580 1657 τῷ
594 1622 726 1649 κτισθὲντι
741 1620 823 1655 κίονι,
848 1621 894 1648 καὶ

68 1667 138 1703 μετὰ
150 1667 181 1694 τὸ
196 1666 338 1704 ἀναγαγεῖν
365 1665 448 1701 αὐτὴν
481 1666 516 1700 ιη’
544 1665 747 1704 περιελθουσῶν
772 1666 894 1703 ἡμερων,

66 1711 221 1749 κατηνέχθη
251 1713 301 1744 τῆς
328 1710 478 1748 βασιλείας.
504 1710 573 1739 Τότε
598 1709 626 1737 δὶ
641 1711 674 1745 ἧν
691 1711 705 1738 ὁ
723 1710 864 1745 Ξυκεώτης
880 1710 894 1738 ὁ

69 1755 157 1786 ὅσιος.

257 1798 324 1836 Περὶ
338 1800 391 1826 τῶν
407 1797 584 1835 καλουμένων
599 1798 710 1826 Τόπων.

103 1844 138 1872 Οἱ
168 1843 197 1870 δὲ
226 1842 372 1881 λεγόμενοι
399 1843 499 1877 Τόποι,
528 1843 554 1869 οἱ
583 1841 702 1877 πλησίον
732 1844 780 1870 τοῦ
804 1841 895 1879 Ἀγίου

66 1888 204 1926 Λαζάρου,
233 1886 380 1927 8ιῷτοῦτο
409 1886 563 1922 ἐκλήθησαν
589 1886 684 1918 οὕτως·
718 1884 800 1914 ὁπότε
829 1886 895 1914 im:-

66 1933 148 1968 νέστη
176 1931 338 1963 Βασιλίσκος
370 1930 548 1970 δρουγγάριος
580 1931 626 1959 καὶ
655 1931 809 1969 πατρίκιος,
839 1931 895 1966 Ζή-

67 1987 135 2004 νωνι
164 1978 204 2012 τῷ
239 1974 371 2014 βασιλεῖ,
397 1974 514 2013 δευτέρῳ
543 1975 596 2003 ἔτει
621 1976 667 2003 καὶ
696 1974 800 2012 δεκάτῳ
828 1975 894 2012 μηνὶ

67 2025 119 2056 τῆς
148 2020 289 2059 βασιλείας
317 2019 410 2056 αὐτοῦ,
439 2019 484 2047 καὶ
506 2019 612 2055 ἐδίωξεν
629 2020 720 2057 αὐτὸν,
744 2020 787 2047 καὶ
816 2019 894 2057 ἐκρά-

66 2076 134 2101 τησε
159 2064 323 2096 Βασιλίσκος
346 2068 396 2100 τῆς
427 2064 567 2102 βασιλείας
593 2063 639 2099 ἔτη
665 2063 722 2093 δύο.
752 2063 895 2102 Ὑποστρὲ-

68 2112 121 2147 ψας
149 2109 177 2137 δὲ
195 2110 210 2136 ὁ
239 2110 330 2144 Ζήνων
350 2109 418 2146 μετὰ
442 2108 595 2140 δυναστείας
625 2111 738 2146 στρατοῦ
766 2109 820 2136 ἀπὸ
846 2112 896 2143 τῆς

70 2154 195 2192 μεγάλής
218 2154 392 2191 Ἀντιοχείας
414 2153 460 2181 καὶ
475 2153 562 2185 ἐλθὼν
581 2153 648 2190 μετὰ
668 2156 792 2191 ταραχῆς
808 2152 833 2180 ἐν
860 2154 895 2189 τῇ

68 2198 160 2226 πόλει·
191 2197 309 2236 προδοὺς
338 2198 488 2235 Ἀρμάτιος
514 2197 560 2225 τὸν
591 2197 703 2236 στρατὸν
718 2199 766 2224 τοῦ
783 2195 894 2225 Βασιλί-

955 227 1077 255 Perseus
1094 227 1133 255 ibi
1149 227 1293 263 Gorgonis
1313 227 1397 255 icona
1413 226 1628 255 monstraverit.
1646 226 1778 254 Priscum

954 280 1022 299 vero
1052 272 1133 300 urbis
1163 280 1270 299 nomen
1301 274 1362 299 erat
1393 272 1529 300 Danaeia.
1554 271 1684 306 Denique
1713 271 1781 306 quia

955 316 1217 345 lamentationibus
1245 316 1354 352 repleta
1384 318 1455 351 erat,
1471 316 1607 344 Threnus
1630 315 1780 352 cognomi-

956 363 1024 389 nata
1054 361 1116 388 fuit.
1140 361 1170 389 In
1202 362 1256 389 bac
1285 361 1358 389 urbe
1387 363 1512 388 Perseus
1539 362 1569 388 et
1595 360 1780 388 Andromeda

954 406 1042 434 vitam
1071 408 1245 442 exegerunt,
1271 405 1349 433 unde
1378 405 1530 433 amborum
1557 406 1660 432 statuae
1689 406 1778 441 portu

954 449 1035 477 urbis
1065 450 1210 485 impositae
1239 452 1320 478 sunt.
1345 450 1395 477 Hau
1421 458 1489 477 vero
1513 451 1616 477 statuae
1646 451 1778 485 tempore

954 494 1135 522 Constantini
1170 494 1295 522 advectae
1329 495 1416 528 sunt,
1452 495 1607 530 postquam
1641 493 1779 521 absoluta

955 538 1010 566 fuit
1033 538 1156 566 ecclesia
1182 538 1442 571 Antiochenorum,
1467 546 1499 565 ac
1526 538 1556 565 in
1582 546 1689 574 magno
1713 537 1780 566 bal-

954 591 1008 610 neo
1035 582 1218 610 Constantini
1246 591 1335 619 prope
1359 581 1608 619 szcanisterium
1631 582 1778 611 collocatas

953 629 1033 654 sunt.

1233 672 1271 699 De
1285 671 1401 699 ecclesia
1415 671 1500 699 Nova.

988 715 1149 744 Ecclesiam
1173 715 1293 750 Novam,
1309 715 1403 744 tndem
1427 715 1626 744 Sanctissimae
1653 715 1780 752 Deiparaa

952 761 983 789 in
1009 761 1090 795 Foro,
1107 760 1259 788 ecclesiam
1284 761 1315 789 S.
1331 760 1483 788 Michaelis
1507 760 1590 788 Tzeri
1613 760 1722 788 dictam
1748 769 1781 789 ac

952 809 981 834 Β.
999 805 1167 834 Diomedem
1182 805 1315 833 condidit
1329 805 1458 833 Basilius
1474 804 1602 834 Macedo.

1026 860 1062 887 De
1082 859 1196 887 ecclesia
1211 860 1335 894 Deiparz
1350 858 1524 894 Hodegorum
1538 860 1708 895 cognomine.

990 903 1143 939 Templum
1173 903 1202 931 S.
1229 903 1355 939 Deiparze
1381 903 1566 940 Hodegorum
1591 903 1704 931 dictum
1732 912 1780 931 ex-

955 949 1063 976 struxit
1083 947 1219 983 Michael,
1238 956 1324 983 quem
1353 947 1481 976 Basilius
1506 947 1662 976 interfecit.
1686 950 1782 976 Antea

954 1000 1020 1020 vero
1041 992 1116 1020 mdes
1142 991 1198 1019 fuit
1212 992 1410 1028 complurium
1435 1000 1589 1026 caecorum,
1605 992 1656 1029 qui
1672 1001 1688 1021 a
1702 993 1782 1021 fonte

954 1037 1018 1072 ejus
1034 1036 1090 1064 loci
1105 1036 1199 1064 visum
1216 1038 1395 1072 receperant,
1411 1038 1441 1064 et
1460 1036 1529 1072 quia
1545 1036 1602 1064 alia
1617 1036 1711 1064 multa
1726 1037 1781 1064 mi-

955 1080 1054 1109 racula
1069 1080 1177 1108 ibidem
1198 1080 1276 1108 edita
1296 1082 1379 1115 sunt,
1395 1080 1460 1108 ideo
1476 1081 1612 1117 Hodegus
1627 1089 1781 1117 nuncupa-

953 1128 1016 1153 tum
1034 1125 1097 1153 fuit.

1209 1170 1245 1197 De
1260 1170 1361 1198 Balnea
1376 1170 1521 1205 Zeuxippi.

989 1214 1127 1251 Zeuxippi
1158 1213 1296 1242 balneum
1324 1216 1447 1242 Severus
1476 1213 1643 1248 mdiﬁcavit,
1663 1215 1693 1242 et
1719 1215 1782 1242 arto

954 1259 1082 1295 quadam
1099 1259 1139 1286 ita
1153 1258 1302 1293 instruxit,
1317 1260 1350 1286 ut
1364 1258 1465 1286 vitreis
1480 1257 1609 1286 lucernis
1624 1258 1782 1287 succende-

954 1305 1034 1331 retur
1049 1312 1056 1331 :
1073 1312 1107 1331 ex
1122 1311 1214 1338 eoque
1230 1311 1307 1338 aqua
1328 1303 1540 1331 ferventissime
1554 1302 1701 1338 ebulliret,
1716 1310 1781 1330 aer-

953 1355 1008 1382 que
1024 1346 1122 1375 balnei
1147 1346 1300 1375 calefieret.
1317 1346 1349 1374 Id
1366 1348 1464 1374 autem
1489 1346 1589 1375 stolidi
1613 1347 1712 1375 nescio
1728 1347 1780 1383 qui

953 1391 1102 1420 venientes
1117 1394 1300 1426 everterunt;
1318 1399 1334 1419 ο
1349 1391 1557 1419 detrimentum
1570 1391 1576 1418 i

1034 1446 1072 1472 De
1085 1447 1176 1473 statua
1191 1452 1252 1480 quae
1268 1445 1297 1472 in
1312 1444 1487 1472 Armamenlo
1501 1445 1632 1472 collocata
1646 1447 1696 1473 est.

988 1489 1091 1517 Statua
1112 1497 1176 1524 qua:
1192 1489 1221 1516 in
1237 1489 1425 1516 Armamento
1445 1488 1551 1516 visitur
1566 1488 1668 1516 Phocea
1683 1490 1728 1516 est
1744 1496 1780 1517 ex

952 1533 1048 1561 milite
1076 1532 1272 1569 imperatoris,
1298 1541 1386 1568 quam
1419 1533 1482 1568 ipse
1510 1533 1635 1569 septimo
1662 1532 1780 1569 imperii

952 1578 998 1605 sui
1016 1586 1092 1605 anno
1108 1577 1250 1605 columnze
1266 1577 1378 1612 imponi
1395 1577 1527 1610 curavit;
1544 1576 1780 1605 duodevicesimo

950 1624 1048 1650 autem
1065 1622 1112 1650 die
1128 1622 1163 1649 ab
1177 1623 1274 1649 erecta
1292 1623 1392 1649 statua
1408 1621 1529 1657 imperio
1553 1621 1681 1657 pellitur.
1691 1620 1779 1648 Vive-

949 1667 998 1695 bat
1013 1669 1083 1694 tunc
1100 1666 1240 1701 temporis
1257 1666 1286 1693 S.
1304 1666 1475 1694 Theodorus
1493 1666 1625 1701 Syceota.

1211 1799 1249 1826 De
1266 1799 1344 1833 Topis
1358 1800 1390 1826 ut
1404 1801 1512 1826 vocant.

985 1842 1057 1878 Topi
1079 1841 1209 1877 proxime
1233 1843 1263 1870 S.
1280 1841 1435 1876 Lazarum,
1451 1845 1606 1879 propterea
1630 1842 1673 1871 ita
1697 1851 1775 1871 nun-

950 1886 1047 1922 cupati
1073 1889 1153 1922 sunt,
1169 1887 1248 1922 quod
1275 1895 1342 1914 cum
1368 1886 1527 1915 Basiliscus
1551 1887 1731 1923 drungarius
1747 1890 1776 1916 et

950 1930 1092 1966 patricius
1121 1931 1276 1958 defecisset
1303 1931 1339 1959 ab
1369 1931 1546 1967 imperatore
1574 1932 1700 1967 Zenone,
1730 1932 1777 1968 ip-

950 1983 1076 2011 sumque
1101 1975 1215 2003 decimo
1242 1983 1343 2003 mense
1372 1978 1439 2011 post
1467 1977 1631 2004 secundum
1661 1975 1778 2011 imperii

951 2028 1059 2047 annum
1090 2019 1162 2047 solio
1192 2019 1390 2053 deturbasset,
1418 2020 1481 2056 ipse
1510 2020 1671 2049 Basiliscus
1695 2021 1778 2048 hien-

950 2064 1033 2091 nium
1049 2063 1173 2100 imperio
1194 2064 1305 2100 potitus
1330 2066 1384 2092 est.
1401 2064 1452 2092 His
1479 2064 1589 2093 exactis
1610 2066 1685 2093 Zeno
1711 2073 1779 2093 cum

950 2108 1120 2145 ingentibus
1153 2108 1244 2144 copiis
1273 2117 1290 2136 a
1325 2117 1433 2145 magna
1466 2109 1620 2137 Antiochia
1651 2110 1779 2142 rediens,

949 2152 1235 2189 Constantinopolim
1267 2161 1333 2180 cum
1375 2153 1456 2181 omni
1493 2153 1598 2181 bellico
1637 2156 1781 2189 apparatu

951 2197 1040 2224 venit.
1058 2199 1129 2224 Cum
1148 2199 1246 2224 autem
1261 2197 1412 2225 Armatius
1428 2197 1536 2225 Zenoni
1551 2198 1684 2232 studens,
1701 2206 1782 2226 exer-

70 2254 147 2279 σκου,
164 2235 271 2280 φρονῶν
287 2242 321 2270 τὰ
344 2244 393 2270 τοῦ
417 2243 555 2277 Ζήνωνος,
583 2240 666 2279 ἔφυγε
689 2243 703 2269 ὁ
734 2241 896 2272 Βασιλίσκος

988 2250 1044 2269 .um
1071 2241 1205 2269 Basilisci
1228 2241 1417 2277 prodidisset,
1441 2241 1602 2270 Basiliscus
1627 2250 1687 2269 una
1711 2249 1779 2269 cum

70 2288 119 2315 σὺν
143 2289 177 2324 τῇ
211 2287 318 2325 γυναικὶ
350 2286 394 2314 καὶ
430 2289 488 2318 τοῖς
515 2286 620 2318 τέκνοις
656 2286 739 2314 αὐτοῦ
781 2286 818 2317 είς
848 2287 897 2321 τήν

70 2331 164 2369 Ἁγίαν
193 2332 313 2369 Εἰρήνην
332 2332 382 2366 τήν
411 2330 549 2360 παλαιάν.
578 2331 608 2360 Ὁ
638 2329 667 2358 δὲ
695 2331 787 2366 Ζήνων
816 2329 899 2368 ὥρισε

70 2376 178 2414 γενέσθε
205 2376 288 2403 τόπον
328 2376 469 2414 κριτηρίου
486 2397 494 2410 ,
522 2376 567 2403 καὶ
603 2375 715 2412 θρόνους
748 2377 796 2402 τοῦ
824 2375 898 2412 ἱεροῦ

68 2419 247 2458 καταλόγου,
277 2420 322 2447 καὶ
347 2423 397 2455 τῆς
428 2420 585 2457 συγκλήτου
602 2441 609 2454 ,
642 2419 687 2447 καὶ
716 2420 897 2451 καθεσθέντων

68 2464 154 2492 ἐκεῖσε
197 2464 304 2491 πάντων
322 2485 329 2498 ,
368 2463 525 2491 κατεδίκασε
556 2465 604 2492 τὸν
642 2464 815 2500 ΒασιΛίοκον,
853 2472 898 2499 καὶ

68 2508 193 2546 ἐξώρισεν
230 2508 310 2536 αὐτὸν
354 2508 392 2540 εἷς
427 2508 532 2545 Λίμνας
574 2509 656 2546 γώρὰ
706 2507 898 2540 Καππαδοκίας

67 2551 170 2580 ἔσωθεν
200 2551 364 2581 καστελλίου
382 2574 389 2581 .
413 2555 469 2588 Τῆς
494 2552 523 2580 Si
546 2552 628 2590 Θύρας
652 2553 816 2591 σφραγείσης
845 2553 898 2580 ἀπὸ

71 2596 168 2634 λιμοῦ,
192 2598 236 2625 καὶ
254 2596 348 2634 δίψης,
369 2597 414 2624 καὶ
430 2597 537 2634 ψύχους
559 2596 718 2633 παρέδωκαν
734 2598 781 2628 τὰς
795 2597 897 2624 ἑαυτῶν

70 2641 174 2679 ψυχάς.
201 2642 250 2669 Καὶ
289 2641 387 2669 τούτου
425 2641 505 2679 χάριν
545 2641 699 2677 ἐκλήθησαν
726 2641 824 2674 Τόποι,
855 2640 899 2668 διὰ

67 2686 133 2718 τοὺς
148 2686 325 2718 καθεσθέντας
336 2687 430 2723 κριτὰς
453 2686 540 2713 ἐκεῖσε
554 2686 597 2714 καὶ
614 2686 707 2723 ἱερεῖς.
723 2687 855 2725 ’Ἐφθανον
870 2684 899 2713 δὲ

70 2731 171 2759 ἐκεῖθεν
187 2732 222 2759 τὰ
235 2731 371 2767 κτίσματα
385 2733 438 2758 τῶν
452 2730 602 2768 Τρικλίνων
619 2730 692 2767 παρά
705 2732 753 2757 τοῦ
768 2728 897 2768 Μεγάλου

71 2778 135 2804 Κων
140 2775 280 2804 παντίνου
295 2775 444 2804 κτισθέντα.

234 2842 366 2872 ΡΑτιιοι..
392 2841 447 2871 Gn.
472 2839 590 2872 CXXII.

953 2294 1040 2313 uxore
1055 2287 1084 2313 et
1098 2285 1200 2313 liberis
1224 2285 1254 2312 in
1279 2285 1432 2313 ecclesiam
1457 2285 1610 2321 antiquam
1635 2286 1664 2312 S.
1682 2287 1781 2313 Irenes

953 2330 1021 2365 fuga
1037 2338 1068 2358 se
1084 2330 1203 2365 recepit.
1219 2329 1295 2357 Zeno
1320 2331 1417 2357 autem
1437 2330 1529 2365 jussit
1545 2329 1607 2357 fieri
1624 2329 1687 2358 loca
1699 2329 1780 2366 judi-

952 2374 1053 2408 ciaria,
1069 2376 1097 2402 et
1122 2375 1206 2402 sedes
1231 2373 1308 2402 clero
1332 2376 1360 2402 et
1384 2374 1516 2408 senatui;
1539 2382 1573 2401 ac
1601 2373 1652 2401 ubi
1678 2382 1781 2402 omnes

952 2419 1168 2452 consedissent,
1184 2418 1391 2446 condemnavit
1411 2418 1598 2453 Basiliscum,
1615 2421 1643 2446 et
1658 2419 1688 2446 in
1705 2419 1780 2446 Lim-

953 2472 1006 2492 nas
1032 2463 1129 2491 locum
1155 2463 1346 2499 Cappadociae
1373 2462 1513 2499 relegavit
1537 2465 1567 2490 et
1590 2463 1710 2491 castello
1734 2463 1780 2491 in-

952 2508 1051 2542 clusit,
1067 2510 1155 2544 atque
1179 2507 1313 2535 obserato
1333 2508 1420 2542 ostio,
1437 2507 1479 2535 sic
1504 2507 1553 2535 ille
1578 2508 1665 2542 fame,
1682 2507 1731 2536 siti
1747 2516 1780 2535 ac

953 2552 1061 2589 frigore
1075 2561 1136 2580 una
1150 2561 1217 2580 cum
1246 2560 1332 2580 uxore
1348 2560 1381 2580 ac
1401 2551 1502 2579 liberis
1527 2551 1689 2580 exstinctus
1705 2552 1780 2580 inte-

953 2597 1010 2625 riit.
1028 2597 1070 2624 0b
1087 2597 1165 2624 hunc
1189 2596 1280 2632 igitur
1295 2597 1432 2632 jndicum
1447 2604 1480 2623 ac
1502 2596 1687 2624 sacerdotum
1710 2604 1780 2624 con-

953 2650 1080 2675 sessum,
1107 2641 1187 2669 iocus
1218 2641 1266 2669 ille
1288 2641 1438 2677 Toporum
1464 2649 1570 2668 nomen
1595 2643 1699 2669 nactus
1723 2643 1778 2668 est.

951 2687 991 2714 Eo
1007 2694 1101 2722 usque
1111 2694 1177 2714 vero
1194 2685 1398 2721 pertingebant
1413 2684 1541 2713 triclinia
1557 2693 1573 2713 ο.
1587 2684 1779 2714 Constantino

951 2732 1056 2767 Magno
1071 2731 1231 2758 exstructa.

1578 2837 1617 2866 39
