1953 3047
181 103 256 133 Hal

493 167 530 194 De
542 167 692 202 Sirategt'o.

211 211 368 241 Alexandri
393 211 562 240 Macedonis
587 213 685 240 statua
698 211 727 238 in
744 210 890 247 Strategio
914 218 1005 245 supra

176 266 315 294 magnam
349 257 518 284 columnam
553 258 649 284 erecta
679 255 794 289 visitur,
824 264 889 291 quae
922 255 1005 291 prius

177 301 348 338 Chrysopoli
373 301 489 336 stabat;
504 301 583 336 quod
600 300 640 328 ibi
664 299 803 328 exercitui
828 307 882 327 suo
896 299 1005 334 duplex

177 345 359 382 stipendium
375 353 432 373 uno
447 345 550 373 eodem
573 347 706 381 tempore
721 343 892 380 erogaverit.
910 343 1004 375 Quare

176 389 249 418 urbs
272 389 322 417 illa
337 398 354 417 a
370 389 578 418 Macedonibus
607 391 777 424 nuncupata
802 387 858 415 fuit
881 387 1004 424 Chryso-

176 433 264 470 polis,
280 442 297 461 a
312 433 418 470 populo
433 442 500 461 vero
517 433 702 469 strategium.
720 432 812 460 Annis
828 435 925 460 autem
943 440 1005 459 sex-

175 478 269 506 centis
294 478 489 514 quadraginta
505 480 534 505 et
549 480 625 512 octo,
648 480 804 513 postquam
829 476 891 504 haec
907 479 1004 504 statua

174 523 346 559 Chrysopoli
361 527 459 551 erecta
483 522 539 550 fuit
567 531 582 550 a
606 522 702 558 plebe,
718 521 1003 557 Constantinopolim

172 576 238 596 eam
267 567 460 603 transportari
490 567 602 595 curavit
622 566 834 595 Constantinus
862 567 1002 606 Magnus;

171 612 333 648 eodemque
349 611 378 639 in
394 611 457 640 loco
480 614 598 647 propter
615 610 767 646 planitiem
796 610 905 637 milites
921 618 1003 637 exer-

171 656 229 684 ceri
241 656 386 684 solebant.
400 655 594 684 Monolithum
605 655 716 683 ibidem
729 654 916 689 collocatum,
928 654 1003 690 frag.

171 703 306 728 mentum
332 702 395 728 erat
421 699 512 734 illius,
528 700 606 736 quod
623 699 653 727 in
670 698 871 735 Hippodromo
896 701 1002 732 exstat,

172 745 306 773 Delatum
332 747 431 772 autem
457 746 502 772 est
526 743 662 779 Athenis,
686 743 742 771 sub
766 742 930 771 Theodosio
950 742 1002 771 Ju-

171 790 264 824 niore,
279 798 295 817 a
312 789 411 817 l'roclo
423 789 556 825 patricio.
569 788 675 816 Eodem
688 787 718 815 in
729 787 875 824 Strategio
887 788 1001 823 positus

171 836 234 862 erat
257 833 376 870 Tripus,
394 833 619 869 praeteritarum,
638 833 826 869 praesentium
843 835 871 860 et
886 832 999 860 futura-
1014 843 1038 875 Β

171 887 237 906 rum
254 885 352 906 rerum
377 877 512 906 notitiam
529 877 684 905 continens
701 886 708 905 :
725 877 794 905 item
810 876 898 904 Polus
920 880 995 904 Aus-

169 922 264 957 tralis,
293 924 322 950 et
347 922 463 950 catinus
491 922 667 955 Tricaccabi,
689 921 741 958 qui
766 922 845 958 jacet
872 921 902 949 in
931 921 995 949 loco

168 967 250 1004 'I‘zyri
266 968 359 1000 dicto;
383 967 408 994 is
436 967 516 994 enim
541 975 593 1002 pro
617 965 736 994 oraculo
760 968 846 994 erat:
863 966 994 1002 proxime

168 1014 279 1045 autem,
295 1011 378 1039 urbis
400 1011 530 1038 Fortuna
545 1010 707 1046 visebatur;
723 1019 787 1046 quae
809 1011 909 1039 omnia
923 1013 992 1038 Bar-

167 1056 220 1084 das
235 1055 332 1083 Cessar
350 1055 501 1082 Michaelis
525 1054 700 1088 avunculus,
716 1054 823 1090 partim
845 1054 936 1082 alium
962 1054 992 1083 in

166 1100 264 1128 locum
279 1100 474 1135 transportari
490 1099 611 1134 curavit,
628 1099 735 1135 partim
752 1099 896 1134 confregit
910 1107 991 1126 com-

166 1144 341 1181 minuitque.

428 1189 466 1217 Dc
478 1196 564 1224 parvo
580 1188 727 1223 Slrategio.

202 1235 234 1262 In
253 1241 341 1270 parvo
360 1233 505 1269 Strategio
530 1235 626 1261 exstat
649 1231 754 1261 Leonis
779 1232 904 1260 Macella
928 1234 990 1260 sta-

167 1281 230 1307 tua.

448 1323 486 1350 De
501 1321 710 1358 Chalcopratiis.

202 1370 234 1396 In
257 1367 468 1403 Chalcopratiis
493 1375 510 1395 a
533 1366 726 1395 Constantino
745 1366 850 1402 Magno
875 1366 988 1394 habita-

166 1414 236 1441 runt
250 1412 355 1446 Judaai,
373 1419 467 1440 annos
490 1413 606 1439 centum
633 1412 662 1438 et
686 1410 807 1446 triginta
820 1411 904 1444 duos,
920 1418 987 1438 ven-

164 1457 330 1493 debantque
344 1456 385 1484 ibi
400 1458 567 1483 iuramenta.
584 1455 766 1483 Theodosius
783 1463 848 1482 vero
873 1455 987 1488 Junior,

162 1501 206 1528 eis
226 1501 294 1528 inde
317 1499 457 1536 expulsis,
472 1499 568 1527 locum
593 1499 769 1535 repurgavit,
787 1507 819 1527 ac
843 1500 985 1535 templum

162 1546 191 1573 S.
206 1545 336 1581 Deipara:
361 1544 510 1578 condidit;
527 1543 603 1579 quod
619 1546 702 1572 terra
727 1545 807 1571 motu
822 1543 985 1580 collapsum

161 1589 348 1618 remdiflcavit
361 1588 509 1623 Justinus,
521 1587 569 1623 qui
586 1595 620 1615 ex
631 1587 805 1622 Curopalata
819 1588 927 1624 potitus
941 1591 986 1617 est

160 1633 294 1670 imperio,
314 1641 348 1661 ac
372 1632 494 1668 insuper
521 1631 759 1668 possessionibus
785 1632 986 1662 immobilibus

160 1677 360 1715 locupletavit.

261 1770 299 1797 De
312 1776 389 1796 sacro
405 1766 560 1796 Conditorio
575 1765 645 1802 quod
658 1765 759 1794 ibi/lem
773 1767 883 1795 visitur.

198 1815 321 1842 Sacrum
332 1812 533 1841 Conditorium
545 1811 574 1838 in
586 1809 797 1846 Chalcopratiis
807 1811 942 1840 Justinus
955 1815 984 1840 et

162 1858 272 1894 Sophia
300 1857 504 1889 condiderunt,
531 1854 673 1890 templum
699 1855 920 1884 reaediﬁcantes.
940 1857 982 1884 Ibi

160 1903 302 1932 lectorum
336 1901 431 1929 ofﬁcio
465 1900 664 1935 fungebantur
691 1899 814 1927 Michael
844 1900 983 1936 Rangabe

158 1946 334 1983 Curopalata
348 1947 506 1980 antequam
525 1943 650 1979 imperio
667 1943 819 1978 potiretur,
830 1946 859 1972 et
874 1945 982 1973 Bardas

156 1992 263 2026 Caesar,
289 1989 438 2019 Michaelis
462 1987 637 2020 avunculus,
654 1989 682 2015 et
696 1987 863 2024 complures
887 1990 980 2026 magi-

154 2035 209 2065 stri
234 2044 241 2063 :
267 2035 430 2070 eodemque
453 2034 483 2060 in
508 2032 571 2060 loco
596 2031 728 2067 deposita
752 2032 832 2066 jacet
855 2041 926 2061 zona
951 2036 980 2062 et

152 2080 242 2109 vestis
271 2078 464 2108 sanctissimae
487 2076 629 2112 Deiparae.
654 2075 809 2104 Maiorium
835 2079 932 2106 autem
949 2079 978 2106 in

152 2123 344 2152 Blancbernis
359 2123 537 2151 asservatur.

423 2176 462 2204 De
474 2175 576 2203 Sancto
590 2174 703 2203 Jacobo.

654 100 852 131 APPENDIX
875 100 926 130 AD
950 99 1181 130 MICHAELEM
1203 100 1398 132 PSELLUM.

1020 165 1048 199 Α
1310 165 1374 202 Περὶ
1388 167 1436 192 τοῦ
1453 165 1636 203 Στρατηγίου.

1816 104 1830 133 1
1835 104 1885 134 232

1095 210 1155 236 ’Ότι
1181 209 1213 236 τὺ
1241 208 1412 246 καλούμενον
1443 211 1624 248 Στρατήγιον,
1651 212 1669 246 ἡ
1698 212 1789 248 στήλη
1821 212 1886 240 ἐστὶν

1059 251 1236 291 Ἀλεξάνδρου
1258 256 1308 281 τοῦ
1333 252 1503 288 Μακεδόνος,
1525 255 1543 290 ἡ
1567 254 1594 282 ἐν
1615 257 1655 291 τῷ
1679 255 1792 294 μεγάλῳ
1819 258 1884 285 κίονι

1058 297 1202 334 ἱσταμένη,
1231 298 1276 325 καὶ
1302 297 1398 326 ’ἕστατο
1426 301 1537 336 πρῶτον
1567 299 1605 331 εἷς
1633 298 1821 338 Χρυσόπολιν,
1848 302 1884 330 δτι

1057 342 1104 369 τὸν
1120 342 1234 379 στρατὸν
1256 342 1338 370 αὐτοῦ
1354 342 1440 371 ἐκεῖσε
1464 343 1589 381 ἐρόγευσε
1611 343 1714 380 διπλῆν
1737 344 1823 383 ρόγαν
1844 347 1884 374 τὸν

1058 384 1104 413 ἕνα
1119 387 1229 424 χρόνον·
1248 385 1292 414 διὰ
1305 389 1386 415 τοῦτο
1402 386 1506 424 ἐκλήθη
1535 388 1568 416 τὸ
1591 387 1680 426 ὄνομα
1702 393 1753 424 τῆς
1780 391 1884 423 πόλεως

1058 431 1132 469 παρὰ
1145 433 1198 458 τῶν
1214 431 1376 459 Μακεδόνων
1397 432 1581 470 Χρυσόπολις.
1598 433 1638 462 Τὸ
1663 432 1693 460 Si
1719 436 1883 473 Στρατήγιον

1058 474 1206 511 ὠνομάσθη
1231 476 1304 514 παρὰ
1326 479 1374 504 τοῦ
1396 476 1476 504 λαοῦ·
1493 477 1646 516 ’Λνηγὲρθη
1662 478 1680 513 ἠ
1697 478 1786 514 στήλη
1815 481 1884 517 παρὰ

1057 521 1106 546 τοῦ
1135 518 1257 555 πλήθους
1287 523 1336 548 τοῦ
1364 520 1432 548 λαοῦ
1464 521 1513 548 ἀντὶ
1537 524 1592 548 τῶν
1620 522 1781 560 χμη¹ὲτῶν.
1805 524 1834 553 Ὀ
1857 523 1884 552 δὶ

1058 563 1148 600 Μέγας
1177 565 1379 596 Κωνσταντῖνος
1408 562 1500 604 ἔφερεν
1530 565 1614 600 αὐτὴν
1645 566 1683 598 εἷς
1713 567 1762 601 τήν
1792 567 1882 597 πόλιν.

1059 608 1161 636 Ἐκεῖσε
1176 607 1205 636 δὲ
1228 607 1463 646 ἀπεδοκιμάζοντο
1486 610 1511 637 οἱ
1535 613 1710 648 στρατιῶται,
1727 612 1769 639 δτι
1791 612 1882 641 πεδίον

1057 653 1090 687 ἧν
1108 653 1121 680 6
1137 652 1230 684 τόπος.
1246 654 1286 682 Τὸ
1315 652 1344 681 δὲ
1373 655 1539 689 Μονόλιθον,
1568 655 1599 682 τὸ
1627 655 1772 692 ἱστάμενον
1800 656 1883 686 ἐκεῖσε

1057 697 1211 734 ἆπόκομμα
1237 700 1286 726 τοῦ
1315 698 1461 735 ἱσταμένου
1489 699 1529 730 εἷς
1555 699 1587 727 τὸ
1615 699 1810 738 Ἱπποδρόμιον
1837 702 1881 736 ἦν.

1057 742 1124 769 Ἠκι
1152 739 1180 768 δὲ
1209 742 1262 770 ἀπὸ
1278 743 1400 778 Ἀθηνῶν
1427 743 1501 781 παρὰ
1532 743 1659 780 Ηρόκλου
1684 745 1829 783 πατρικίου
1856 746 1880 774 ἰν

1055 788 1114 816 τοῖς
1143 787 1256 823 γρόνοις
1283 789 1332 814 τοῦ
1361 789 1460 825 μικροῦ
1488 786 1767 818 Θεοδοσίου.¹ἰστατο
1794 789 1822 818 δὲ
1845 791 1881 823 εἰς

1055 829 1100 857 τὸν
1118 826 1199 857 αὐτὸν
1213 830 1298 858 τόπον
1312 831 1344 858 τὸ
1365 833 1547 870 Στρατήγιον,
1562 832 1607 860 καὶ
1630 833 1644 860 6
1666 834 1786 871 Τρίπους
1809 833 1880 873 ἔχων

1052 874 1085 901 τὰ
1109 875 1309 913 παρῳχηκότα,
1330 877 1363 903 τὰ
1389 876 1523 904 ἐνεστῶτα
1545 877 1591 905 καὶ
1615 878 1648 905 τὰ
1673 878 1822 916 μάλλον-ια,
1836 880 1880 908 καὶ

1050 919 1064 946 6
1079 918 1169 950 νότιος
1184 919 1272 951 πόλος
1284 920 1330 948 καὶ
1345 921 1362 954 ἡ
1384 919 1484 956 λεκάνη
1504 920 1553 948 τοῦ
1574 920 1778 960 Τρικακκάϐου,
1794 925 1812 959 ἡ
1836 935 1877 952 τι-

1048 963 1124 991 Θεῖσα
1136 964 1175 995 είς
1185 965 1219 992 τὰ
1232 964 1345 1002 Τζύρου.
1361 965 1408 996 Εἷς
1424 968 1547 1002 μαντεῖον
1562 967 1596 1001 ἦν
1613 967 1627 994 6
1641 967 1736 1000 τόπος.
1753 967 1875 1004 Πλησίον

1049 1006 1078 1035 δὲ
1091 1007 1177 1035 ἐκεῖσε
1192 1008 1225 1042 ἦν
1245 1009 1290 1036 καὶ
1310 1009 1327 1044 ἡ
1352 1009 1432 1047 Τύχη
1454 1014 1504 1045 τῆς
1527 1010 1644 1042 πόλεως.
1662 1012 1692 1040 '0
1717 1011 1747 1039 δὶ
1769 1012 1876 1051 Βάρδας

1047 1052 1061 1079 6
1078 1055 1192 1090 Καῖσαρ,
1208 1053 1222 1080 6
1247 1056 1319 1085 θεῖος
1344 1054 1472 1092 Μιχαὴλ,
1499 1055 1639 1091 μετέθηκε,
1656 1055 1702 1084 καὶ
1725 1057 1877 1095 παρέλυσεν

1046 1095 1123 1131 αὐτὰ,
1139 1097 1184 1124 καὶ
1200 1097 1351 1136 συνέτριψε.

1238 1187 1302 1225 Περὶ
1317 1190 1365 1215 τοῦ
1383 1190 1482 1226 μικροῦ
1498 1190 1680 1228 Στρατηγίου.

1079 1230 1110 1258 Ὁ
1125 1229 1154 1257 δὲ
1169 1231 1266 1269 μικρὸς
1281 1233 1453 1269 Στρατήγιος
1469 1233 1585 1271 ὑπάρχει
1609 1235 1698 1271 στήλη
1727 1239 1777 1264 τοῦ
1800 1240 1874 1265 Λεω-

1046 1273 1178 1310 μακέλου.

1263 1321 1327 1358 Περὶ
1344 1323 1397 1349 τῶν
1414 1321 1506 1350 Χαλκο
1512 1323 1655 1361 πρατείων.

1078 1364 1138 1392 ’Ὁτι
1163 1365 1197 1392 τὰ
1218 1363 1374 1401 καλούμενα
1405 1365 1630 1405 Χαλκοπρατεῖα,
1659 1369 1794 1407 πρότερον
1818 1372 1872 1399 ἀπὸ

1042 1409 1092 1434 τοῦ
1131 1411 1333 1437 Κωνσταντινου
1364 1412 1413 1438 τοῦ
1446 1410 1574 1450 Μεγάλου
1605 1413 1730 1441 κατοικία
1758 1415 1792 1449 ἧν
1817 1418 1870 1443 τῶν

1043 1450 1194 1480 Ἰουδαίων.
1224 1454 1306 1482 Ἦσαν
1337 1453 1367 1482 δὶ
1395 1454 1481 1482 ἐκεῖσε
1510 1455 1628 1493 χρόνους
1657 1457 1719 1496 ρλβ’
1742 1459 1787 1486 καὶ
1813 1459 1870 1487 ἰπί-

1042 1506 1162 1534 πρασκον
1176 1496 1262 1525 ἐκεῖσε
1275 1497 1308 1525 τὰ
1331 1498 1516 1536 χαλκώματα.
1532 1500 1563 1528 Ὁ
1587 1499 1616 1528 δὶ
1641 1502 1746 1540 Μικρὸς
1770 1502 1871 1531 Θεοδό-

1043 1550 1100 1571 σιος
1130 1540 1240 1576 ἆξᾶωσεν
1265 1542 1362 1573 αὐτοὺς
1391 1542 1502 1578 ἐκεῖθεν,
1528 1545 1573 1572 καὶ
1595 1545 1792 1584 ἀνακαθαρίσας
1823 1549 1870 1576 τὸν

1039 1584 1164 1612 τοιοῦτον
1191 1586 1286 1622 τόπον,
1303 1587 1367 1614 ναὸν
1395 1591 1445 1623 τῆς
1467 1589 1646 1626 Θεομήτορος
1661 1590 1798 1629 ἀνήγειρε,
1817 1593 1869 1620 ὑπὸ

1041 1632 1154 1666 σεισμοῦ
1168 1632 1365 1668 ωμπτωθέντα
1384 1632 1531 1664 Ἰουστῖνος
1560 1634 1574 1662 6
1602 1634 1655 1662 ἀπὸ
1683 1637 1869 1673 Κουροπαλά-

1038 1684 1092 1702 των
1119 1674 1199 1702 αὐτὸν
1229 1675 1365 1714 ἀνήγειρε,
1394 1677 1438 1704 καί
1465 1677 1582 1714 ἀκίνητα
1608 1680 1736 1716 κτήματα
1763 1680 1869 1709 ἀπεκύ-

1039 1728 1119 1756 ρωσε.

1215 1764 1280 1803 Περὶ
1294 1767 1344 1798 τῆς
1361 1765 1387 1793 ἐν
1403 1765 1471 1804 αὐτῇ
1487 1767 1565 1805 ἁγίας
1587 1770 1685 1806 Σοροῧ.

1073 1808 1128 1842 Τὴν
1147 1807 1176 1835 δὲ
1200 1808 1274 1847 ἁγίαν
1301 1809 1387 1847 Σορὸν
1408 1809 1448 1842 είς
1470 1811 1504 1838 τὰ
1526 1811 1737 1851 Χαλκοπρατεῖα
1750 1814 1869 1844 Ἰουοτῖ-

1036 1861 1080 1882 νος
1103 1853 1147 1880 καὶ
1173 1853 1260 1892 Σοφία
1283 1851 1380 1890 ἔκτισε,
1395 1855 1440 1882 καὶ
1463 1855 1509 1883 τὸν
1534 1857 1597 1884 ναὸν
1627 1857 1867 1895 ἀνοικοδομήσαν-

1036 1907 1089 1928 τες.
1116 1898 1219 1926 Ἐκεῖσε
1247 1899 1280 1933 ἦν
1324 1900 1516 1937 ἀναγινώσκων
1546 1901 1662 1938 Μιχαὴλ
1688 1903 1702 1930 6
1731 1903 1867 1942 Ῥαγγαϐὶ

1035 1942 1079 1969 καὶ
1104 1942 1321 1979 Κουροπαλάτης
1346 1944 1398 1981 πρὸ
1422 1947 1470 1971 τοῦ
1491 1945 1660 1982 βασιλεῦσαι,
1681 1948 1725 1974 καὶ
1756 1948 1866 1986 Βάρόας

1036 1987 1050 2014 6
1077 1987 1150 2018 θεῖος
1179 1987 1305 2025 Μιχαὴλ,
1322 1987 1367 2015 καὶ
1391 1988 1495 2016 πολλοὶ
1521 1988 1576 2017 τῶν
1606 1991 1776 2029 μαγίστρων’
1793 1991 1867 2021 ὅπου

1034 2031 1078 2058 καὶ
1109 2032 1282 2067 ἀπόκειταιιή
1306 2033 1378 2068 ζώνη
1408 2033 1452 2060 καὶ
1483 2034 1500 2068 ἡ
1529 2033 1612 2069 ἰσθής
1635 2038 1686 2070 τῆς
1716 2036 1868 2076 ὑπεραγίας

1033 2075 1177 2106 Θεοτόκου.
1192 2078 1227 2104 Τὸ
1243 2075 1272 2104 δι
1287 2077 1363 2114 ἅγιον
1381 2077 1521 2118 μαφόριον
1531 2081 1617 2106 κεῖται
1633 2079 1659 2107 ἐν
1678 2075 1865 2120 Βλαχὲρναις.

1245 2174 1309 2212 Περί
1323 2177 1373 2203 τοῦ
1387 2176 1481 2214 Ἀγίου
1497 2174 1639 2206 Ἰακώϐου.

185 2221 340 2259 Templum
355 2223 384 2250 S.
400 2219 501 2248 Jacobi
527 2219 605 2247 idem
630 2219 789 2254 imperator
812 2219 977 2262 aedificavit,
992 2209 1016 2242 D

1075 2219 1210 2258 Ανήγειρε
1236 2217 1266 2246 δὲ
1283 2209 1338 2247 ’καὶ
1375 2209 1432 2248 τὸν.
1451 2222 1548 2258 ’Ἅγιον
1576 2219 1706 2250 Ἰάκωϐον
1734 2224 1748 2251 ὁ
1778 2224 1862 2257 αὐτὸς

148 2275 182 2295 ac
201 2268 231 2295 in
256 2275 339 2296 sacro
371 2264 535 2293 conditorio
570 2264 740 2291 sanctorum
769 2264 973 2292 Innocentium

145 2312 287 2349 reliquias
303 2309 444 2347 reposuit;
461 2309 532 2337 item
549 2307 695 2336 Simeonis
711 2307 889 2342 Theodochi,
905 2317 972 2344 pro-

143 2357 250 2392 phetis
267 2355 423 2389 Zachariae,
449 2355 479 2382 et
501 2352 604 2381 Jacobi
629 2351 728 2380 fratris
751 2352 872 2381 Christi.
898 2353 970 2381 Pras-

141 2403 222 2429 terea
238 2401 268 2429 in
283 2399 404 2428 sinistra
427 2400 508 2434 parte
530 2396 607 2425 sacri
625 2396 780 2424 conditorii
803 2399 971 2426 asservatur

141 2452 226 2473 coma
252 2447 281 2473 S.
312 2443 432 2473 Joannis
465 2441 674 2474 Priscursoris;
709 2440 740 2468 in
768 2441 870 2469 dextra
900 2450 967 2471 vero

137 2493 222 2526 parte
237 2491 407 2518 sanctarum
429 2486 587 2516 mulierum
613 2485 887 2521 unguentiferarum
903 2495 964 2515 cor-

136 2541 220 2569 pora.

457 2586 494 2614 De
515 2584 640 2613 basilica.

171 2632 203 2660 In
220 2640 253 2661 ea
267 2633 349 2668 parte
365 2631 460 2667 ipsius
475 2629 604 2658 basilica:
619 2636 693 2664 pone
709 2627 877 2664 Miliarium,
896 2637 959 2665 quae

132 2685 221 2706 aureo
237 2675 368 2713 laqueari
379 2678 482 2711 operta
496 2678 549 2708 est,
557 2674 654 2701 stabat
665 2674 764 2701 statua
773 2673 866 2701 virilis
876 2673 959 2702 inau-

130 2723 206 2758 rata,
218 2722 269 2751 ubi
283 2721 374 2750 etiam
389 2719 539 2748 visebatur
558 2718 700 2746 Examum
721 2717 848 2746 Heraclii
862 2717 957 2755 impe-

131 2766 247 2802 ratoris,
256 2774 290 2795 ac
300 2765 453 2802 genuﬂexa
462 2764 478 2792 J
483 2761 624 2791 nstiniani
640 2762 758 2797 tyranni
772 2763 880 2790 statua.
891 2763 954 2792 Illic

1031 2263 1170 2301 βασιλεὺς,
1196 2264 1241 2291 καὶ
1270 2264 1415 2300 κατέθηκεν
1446 2264 1472 2292 ἐν
1498 2267 1532 2303 τῇ
1573 2268 1653 2304 Σορῷ
1686 2270 1740 2295 τῶν
1771 2269 1860 2307 ἁγίων

1026 2307 1141 2343 Νηπίων
1174 2308 1207 2336 τὰ
1242 2308 1365 2346 λείψανα,
1392 2309 1438 2337 καὶ
1466 2311 1514 2336 τοῦ
1551 2310 1628 2348 ἁγίου
1659 2313 1774 2348 Συμεὼν
1807 2317 1860 2342 τοῦ

1026 2350 1176 2389 Θεοδόχου,
1206 2352 1250 2380 καὶ
1278 2355 1327 2381 τοῦ
1356 2353 1433 2390 ἁγίου
1462 2355 1606 2393 προφήτου
1633 2356 1780 2394 Ζαχαρίου,
1810 2359 1858 2386 καὶ

1022 2398 1071 2423 τοῦ
1100 2397 1177 2434 ἁγίου
1194 2395 1327 2425 Ἰακώϐου
1357 2400 1407 2425 τοῦ
1433 2396 1611 2437 ἀδελφοθέουσ
1627 2399 1672 2427 καὶ
1689 2400 1716 2428 ἒν
1740 2403 1775 2438 τῇ
1791 2402 1859 2440 ἁγίᾳ

1023 2443 1115 2478 Σορῷ,
1144 2441 1170 2469 ἐν
1205 2441 1340 2479 εὐωνύμῳ
1385 2443 1436 2479 μὶν
1477 2445 1526 2470 τοῦ
1555 2443 1632 2481 ἁγίου
1649 2445 1776 2474 Ἰωάννου
1804 2449 1858 2475 τοῦ

1020 2484 1184 2530 Προδρόμου
1198 2487 1245 2518 τὰς
1258 2486 1368 2525 τρίχας,
1383 2486 1410 2515 ἂν
1427 2485 1500 2523 δεξιᾷ
1516 2486 1545 2515 δὲ
1565 2490 1619 2516 τῶν
1645 2489 1729 2527 ἁγίων
1761 2501 1856 2530 μυρο-

1020 2529 1110 2568 φόρων
1126 2533 1276 2569 γυναικῶν.

1277 2586 1341 2624 Περὶ
1355 2589 1406 2621 τῆς
1418 2584 1581 2621 Βασιλικῆς.

1050 2628 1098 2660 Εἲς
1126 2627 1154 2656 δὲ
1177 2630 1222 2657 τὸν
1243 2633 1295 2666 τῆς
1311 2629 1461 2666 Βασιλικῆς
1476 2630 1657 2671 χρυσόροφων
1680 2633 1768 2661 ὀπίσω
1796 2637 1852 2663 τοῦ

1014 2672 1128 2709 Μιλίου,
1144 2674 1178 2709 ἦν
1201 2673 1389 2714 ἀνδροείκελον
1419 2673 1533 2713 ἄγαλμα
1555 2674 1764 2717 χρυσέμϐαφον,
1782 2676 1850 2708 ἔνθα

1011 2719 1044 2763 ἦν
1073 2719 1104 2747 τὸ
1119 2720 1238 2757 ’Ἐξαμωι
1253 2720 1418 2760 Ἡρακλείου
1448 2723 1497 2749 τοῦ
1527 2720 1672 2760 βασιλέως,
1685 2724 1732 2752 καὶ
1758 2735 1848 2763 γονυ-

1009 2762 1103 2796 κλινὶς
1120 2765 1311 2794 Ἰυυστινιανοὸ
1338 2768 1388 2794 τοῦ
1412 2767 1553 2805 τυράννου.
1570 2766 1644 2796 Ἐκεῖ
1670 2768 1684 2796 6
1709 2767 1848 2806 Τερϐίλις
