1953 3047
87 139 160 171 1233

648 141 828 172 ANONYMI
849 141 1144 178 ANTIQUITATES
1167 143 1226 173 GP.

1707 141 1787 171 ηδε

83 202 284 242 ὶδημηγόρησεν
302 215 309 222 ·
330 204 356 233 Ξν
381 207 423 237 οἷς
452 206 549 246 ιλὲφας
590 206 685 234 ἵστατο
725 207 895 244 παμμεγέθη(

986 208 1133 237 ,Terbelis
1156 209 1349 237 concionstus
1372 211 1426 237 est.
1444 209 1515 237 Item
1540 208 1642 236 eodem
1667 207 1697 236 in
1721 207 1784 236 loco

86 248 133 276 ὑπὸ
169 247 293 288 Σεϐήρου
320 251 578 288 κατεσκευασμένος.
605 252 688 290 Ὅρος
717 250 746 279 δὲ
772 251 805 286 ἦν
835 252 903 289 πρὸς

82 295 127 320 τοῦ
157 294 256 332 μέρους
269 296 324 322 τῶν
339 292 513 332 ἀναϐαθμῶν,
529 293 593 328 ἔνθα
607 295 640 330 ἧν
658 296 704 324 καὶ
729 295 820 334 σχολὴ
851 307 902 335 φυ-

83 335 230 366 λαττόντων
246 339 296 373 τὴν
311 339 404 368 πόλιν.
421 341 520 376 Ἐμενε
550 339 579 368 δὲ
603 339 688 368 ἐκεῖσε
717 340 903 379 ἀργυροκόπος

82 381 208 415 ὶναντίοις
234 386 325 422 ζυγοῖς
351 384 402 419 τήν
441 384 539 421 πράσιν
577 385 755 422 ποιούμενος,
780 386 824 413 καὶ
853 387 902 413 τοῦ

82 426 229 464 οἶκήματος
253 428 338 456 αὑτοῦ
362 429 564 467 πορθουμένου,
579 429 689 465 ἠπείλει
707 432 748 466 τῷ
770 430 816 458 τὸν
839 429 901 458 ξλι-

80 481 160 510 φαντα
176 471 336 511 φυλάττοντι
361 473 487 510 θάνατον,
503 473 525 502 εί
549 474 587 511 μή
611 476 707 502 τοῦτον
731 476 900 513 κρατήσειεν.

77 516 107 545 ’0
121 515 148 544 δὲ
171 517 329 554 θηροκόμος
354 518 406 545 οὐκ
431 517 561 553 ἐνεδίδου,
578 519 606 546 ὂν
633 519 764 552 φονεύσας
789 520 803 546 ὁ
823 522 900 557 ζυγο-

77 559 199 596 πλάστης
229 560 331 590 δέδωκε
356 563 438 600 βορὰν
460 562 501 599 τῷ
527 562 666 601 ἐλέφαντι.
688 564 723 591 Τὸ
748 563 777 591 δὶ
806 564 899 600 θηρίον

78 604 217 637 ἀτίθασσον
235 605 276 642 ὃν,
293 607 337 634 καὶ
351 607 431 634 αὐτὸν
448 606 548 635 ἀνεῖλε·
565 607 609 635 καὶ
633 608 646 635 ὁ
669 605 791 646 Σεϐῆρος
818 607 899 635 ἀκού-

77 659 123 680 σας
137 652 175 686 τῷ
191 650 280 688 θηρίῳ
295 651 388 682 θυσίας
404 650 528 689 ἤνεγκεν.
546 651 589 681 'Ev
604 652 677 688 αὗτῷ
704 651 733 680 δὶ
759 654 800 689 τῷ
822 653 900 689 τόπῳ

75 693 207 730 παρευθὺς
239 694 396 731 ἀνετυπώοη
421 696 452 723 τό
477 706 507 723 τε
531 695 626 734 θηρίον
638 696 682 723 καὶ
700 697 714 724 ὁ
729 696 899 733 θηροκόμος·

74 738 155 770 Ἔνθα
182 739 227 766 καὶ
252 739 393 777 Ἡρακλῆς
420 739 580 778 ἐλατρεύθη,
597 740 706 772 πολλὰς
735 741 827 773 θυσίας
855 740 897 769 δε-

74 782 197 819 ξάμενος,
218 783 247 815 ὃς
274 783 301 811 ἰν
328 786 369 820 τῷ
396 783 585 823 Ἰπποδρομίῳ
614 785 753 822 μετετὲθη.
779 786 839 814 Ἐπὶ
870 785 900 814 δὶ

72 826 222 855 ἰουλιανοῦ
252 828 385 856 ὑπατικοῦ
415 829 467 856 ἀπὸ
482 829 592 866 Ῥώμης
606 829 688 864 ἦλθεν
715 830 759 858 ἐπὶ
787 830 818 858 τὸ
846 832 898 860 Βυ-

75 871 188 906 ζάντιον·
207 871 325 910 εἰσήχθη
342 871 371 901 δὶ
387 873 454 909 μετᾶ
469 873 578 908 στηλῶν
600 873 674 904 δέκα.

148 1006 212 1044 Περῖ
228 1005 262 1034 τὰ
279 1006 431 1045 Πατρικίας
445 1008 495 1042 τῆς
511 1007 658 1046 ὑπεραγίας
672 1007 815 1038 Θεοτόκου.

106 1050 152 1082 Είς
170 1051 215 1078 τὸν
240 1051 304 1078 ναὸν
331 1054 382 1086 τῆς
404 1052 538 1080 Θεοτόκου
560 1053 594 1080 τὰ
615 1053 772 1091 Πατρικίας,
785 1051 894 1081 ὄπισθεν

69 1098 119 1130 τῆς
137 1095 214 1134 ἁγίας
230 1095 342 1132 Σοφίας,
358 1096 385 1123 0i.
401 1096 525 1134 βασιλεῖς
538 1096 660 1135 ἤρχοντο
676 1097 720 1125 ἐπὶ
739 1100 799 1129 ταῖς
813 1108 896 1135 προε-

69 1138 172 1167 λεύσεσι
200 1140 268 1176 μετὰ
291 1142 345 1168 τῶν
371 1139 532 1176 δεηοινῶν,
555 1141 600 1169 ὅτε
623 1139 744 1178 ἔμελλον
768 1141 894 1175 ἀπελθεῖν

68 1183 107 1215 εἷς
122 1185 169 1218 τήν
200 1184 275 1222 ἁγίαν
300 1185 414 1223 Σοφίαν·
430 1185 504 1217 οἶκος
533 1185 584 1224 γὰρ
613 1187 646 1221 ἦν
672 1186 759 1214 ἐκεῖσε
776 1186 895 1219 κτισθείς

67 1229 139 1266 παρὰ
165 1231 214 1256 τοῦ
242 1228 371 1266 Μεγάλου
400 1231 662 1259 Κωνσταντίνου.Λὶ
690 1230 718 1258 δὲ
744 1230 894 1269 πατρίκιαι,

67 1273 95 1300 αἱ
125 1273 238 1310 Ζωσταῖ,
267 1273 335 1310 [καὶ]
363 1274 388 1301 οἱ
412 1274 551 1312 πατρίκιοι
576 1274 662 1302 ἐκεῖσε
689 1276 894 1313 προσήρχοντο,

66 1318 111 1345 καὶ
129 1316 271 1352 ἤλλασσον
287 1318 334 1346 τὸν
352 1317 465 1357 βασιλέα
480 1319 523 1347 καὶ
540 1320 590 1354 τήν
603 1318 745 1347 δέσποιναν
761 1320 828 1357 μετὰ
849 1320 894 1348 καὶ

70 1363 124 1389 τῶν
139 1362 338 1399 πραιποσίτων.

328 1407 393 1444 Περί
407 1409 456 1436 τοῦ
471 1408 636 1445 Βοσπορίου.

100 1451 161 1479 Ὀτι
182 1451 214 1479 τὸ
243 1452 408 1489 Βοσπόριον,
433 1453 524 1483 καθώς
552 1463 633 1490 φησιν
659 1452 788 1489 Ἰωάννης
803 1454 817 1481 ὁ
833 1454 895 1482 Ἀν-

63 1495 187 1533 τιοχεὺς,
204 1495 250 1523 ὅτε
265 1496 352 1531 Βύζας
367 1495 454 1524 ἔκτισε
467 1497 498 1524 τὸ
514 1497 672 1532 Βυζάντιον,
691 1498 756 1535 βοῦν
772 1499 894 1526 ἀπέστει-

65 1540 111 1567 λεν
128 1540 244 1568 ἀπὸτοῦ
264 1541 449 1580 Προσφορίου,
465 1541 511 1569 καὶ
535 1540 657 1575 ἀπῆλθεν
682 1542 720 1574 εἰς
749 1543 893 1580 Χρυσόπο-

959 255 1073 281 erectus
1088 256 1151 281 erat
1166 262 1184 281 a
1197 253 1301 282 Severo
1317 253 1437 290 elephas
1459 252 1588 289 ingentis
1604 252 1785 288 magnitudi-

958 297 1014 326 dis.
1032 297 1100 325 Erat
1114 300 1212 326 autem
1228 297 1310 326 collis
1334 299 1401 325 ante
1424 300 1536 334 partem
1561 297 1719 333 graduum,
1735 297 1786 325 ubi

957 344 986 370 et
1011 342 1114 370 schola
1137 342 1295 370 custodum
1324 342 1408 370 urbis
1437 341 1607 369 excubabat.
1630 341 1787 369 Habitabat

958 386 1045 414 etiam
1063 387 1102 414 ibi
1118 387 1303 423 argentarius
1319 387 1369 423 qui
1388 386 1524 414 lancibus
1543 385 1653 422 iniquis
1668 386 1698 413 in
1713 393 1784 414 ven-

956 431 1054 459 dendo
1071 431 1219 464 utebatur,
1235 432 1321 467 cujus
1334 431 1453 459 ofﬁcina
1476 439 1543 458 cum
1568 430 1604 458 ab
1629 429 1785 466 elephanto

957 475 1187 510 subverteretur,
1205 478 1328 503 mortem
1355 475 1403 503 ille
1420 475 1629 503 interminatus
1651 476 1698 502 est
1719 475 1784 510 ejus

956 520 1084 553 custodi,
1101 519 1158 547 nisi
1175 519 1303 548 belluam
1320 520 1478 548 cohiberet.
1496 519 1668 555 Magistrum
1685 521 1783 547 autem

955 563 1115 600 elephanti.
1126 573 1192 592 cum
1209 565 1304 592 minas
1316 564 1410 600 ipsius
1422 563 1626 598 tloccifaceret,
1638 563 1784 592 interfecit

956 607 1049 636 falsus
1065 608 1114 636 illo
1130 608 1284 644 libripens,
1300 611 1329 636 et
1343 608 1500 644 elephanto
1515 608 1713 636 devorandum
1729 608 1782 636 ob-

951 653 1033 688 jecit.
1050 652 1152 681 Bellua
1162 661 1228 681 vero
1244 653 1369 681 necdum
1386 653 1516 681 cicurata
1530 653 1629 689 ipsum
1645 661 1705 681 una
1718 661 1784 680 sus-

955 697 1033 725 tulit.
1050 698 1131 730 Ouod
1148 697 1198 725 ubi
1214 697 1331 726 rescivit
1353 697 1477 725 Severus
1500 696 1655 733 elephanto
1669 697 1781 725 sacriﬁ-

954 742 1042 775 cavit,
1057 744 1086 770 et
1100 742 1130 770 in
1146 742 1247 770 eodem
1268 742 1330 770 loco
1351 741 1445 778 ipsius
1461 740 1565 769 bellum
1579 742 1703 777 ejusque
1718 749 1781 769 ma-

953 785 1038 822 gistri
1073 788 1187 814 statuas
1215 786 1315 814 erexit.
1345 786 1457 814 Ibidem
1491 793 1610 822 quoque
1641 783 1781 814 Hercules

954 829 1058 858 multis
1073 830 1227 859 sacrificiis
1248 830 1408 864 colebatur,
1425 830 1476 866 qui
1492 832 1595 866 postea
1616 830 1646 858 in
1671 829 1780 866 Hippo-

952 875 1090 903 dromum
1121 875 1282 903 translatus
1310 877 1373 909 est;
1401 874 1520 902 Juliano
1546 874 1625 902 enim
1659 873 1780 902 consule

952 919 1045 947 Roma
1055 919 1227 955 Byzantium
1239 919 1378 947 advectus
1389 918 1512 947 {uituna
1522 927 1589 947 cum
1599 917 1665 947 aliis
1678 918 1778 947 decem

951 963 1069 991 statuis.

1021 1009 1058 1036 De
1073 1008 1174 1044 templo
1189 1008 1218 1037 S.
1237 1009 1368 1045 Deiparae
1390 1009 1522 1037 Patriciae
1535 1011 1706 1043 nuncupata.

986 1053 1018 1080 In
1043 1052 1198 1081 ecclesiam
1222 1053 1252 1081 S.
1273 1053 1403 1090 Deiparaa
1431 1052 1606 1089 cognomine
1634 1051 1776 1085 Patricius,

950 1105 1014 1133 qua
1030 1099 1076 1126 est
1091 1105 1166 1134 pone
1182 1098 1211 1126 S.
1227 1097 1342 1134 Sophia
1358 1097 1524 1131 ecclesiam,
1539 1097 1732 1133 imperatores
1745 1099 1776 1125 et

950 1143 1081 1178 augusta
1096 1141 1180 1170 ibant
1202 1142 1425 1178 processionum
1450 1150 1540 1170 causa
1562 1149 1629 1169 cum
1645 1141 1681 1169 ad
1697 1141 1773 1169 San-

949 1188 1026 1213 ctam
1040 1186 1179 1222 Sophinm
1195 1185 1265 1214 ituri
1276 1189 1388 1220 essent;
1400 1186 1508 1214 etenim
1524 1186 1630 1213 domus
1643 1185 1683 1213 ibi
1699 1187 1772 1221 erat,

949 1238 1038 1266 quam
1054 1231 1265 1259 Constantinus
1281 1233 1403 1267 Magnus
1419 1232 1611 1259 exstruxerat.
1622 1231 1684 1258 Huc
1697 1238 1777 1258 acce-

949 1274 1059 1302 debant
1082 1275 1222 1311 patriciae,
1237 1276 1328 1303 Zostm
1343 1283 1377 1303 ac
1392 1275 1507 1311 patricii
1524 1283 1583 1302 una
1607 1282 1674 1302 cum
1700 1282 1774 1310 pras-

949 1319 1065 1354 positis,
1082 1327 1115 1347 ac
1131 1320 1300 1356 imperatori
1316 1322 1344 1348 et
1364 1321 1495 1355 augustas
1511 1318 1669 1347 mutatoria
1684 1317 1777 1354 porri-

949 1363 1068 1399 gebunt.

1214 1409 1252 1436 De
1266 1409 1397 1444 Bosporio
1410 1410 1505 1444 portu.

985 1452 1145 1489 Bosporius
1179 1455 1281 1489 portus
1314 1453 1356 1480 ita
1388 1453 1593 1488 nuncupatur,
1623 1453 1655 1480 ut
1682 1451 1783 1488 inquit

949 1496 1078 1525 Joannes
1101 1498 1311 1532 Antiocbcnus,
1328 1497 1417 1533 quod,
1434 1497 1554 1534 quando
1569 1497 1661 1533 Byzas
1681 1496 1782 1524 condi-

952 1542 995 1569 dit
1018 1541 1201 1578 Byzantium,
1218 1542 1321 1570 bovem
1351 1541 1438 1570 solvit
1465 1551 1483 1569 ιι
1512 1541 1575 1570 loco
1603 1540 1782 1577 Prosphorio

65 1583 121 1619 λιν,
149 1584 194 1612 καὶ
223 1575 310 1616 οὕτως
342 1575 446 1620 ἐκλήθη
482 1586 642 1624 Βοσπόριον.
670 1587 742 1614 Ἐκεῖ
769 1575 798 1614 ἐξ
827 1586 895 1615 ἐπω-

988 1575 1051 1621 οιοξ
1062 1587 1114 1622 qui
1141 1586 1270 1614 tranavit
1298 1585 1502 1622 Chrysopolim
1534 1593 1639 1622 usque,
1663 1575 1694 1613 et
1718 1585 1785 1614 ideo

65 1628 164 1656 λοῦντο
182 1629 208 1656 οὶ
226 1629 288 1667 βόες
302 1629 347 1657 καὶ
373 1629 412 1661 εἱς
427 1631 459 1658 τὸ
485 1630 676 1668 σιγματοειόὶς
699 1634 794 1669 τεῖχος
817 1632 899 1671 μέχρι

65 1674 115 1700 τοῦ
143 1673 343 1712 Κοπρωνύμου.
375 1675 494 1706 Ἐκεῖνος
522 1675 618 1713 ὥρισεν
649 1675 687 1708 εἷς
720 1675 766 1703 τὸν
792 1677 897 1715 Ταῦρον

67 1717 230 1748 πωλεῖσθαι.

129 1851 195 1889 Περὶ
211 1853 259 1879 τοῦ
274 1851 370 1890 Ἀγίου
387 1851 498 1880 Παύλου
512 1855 561 1880 τοῦ
577 1852 834 1892 Ὀρφανοτροφείου.

104 1896 158 1924 Τὸν
176 1894 205 1923 δὲ
220 1898 317 1934 Ἅγιον
334 1895 442 1924 Παῦλον
457 1897 489 1924 τὸ
499 1897 744 1936 Ὀρφανοτροιρεῖον
758 1898 897 1936 ἀνήγειρεν

63 1940 212 1972 Ἰουστίνος
249 1941 294 1968 καὶ
334 1940 446 1981 Σοφία·
477 1941 607 1974 ὡσαύτως
642 1942 689 1969 καὶ
726 1943 772 1969 τὸν
803 1944 896 1971 ’Ὁσιον

62 1984 194 2020 Ζωτικὸν,
223 1985 269 2013 καὶ
306 1985 446 2014 ἰτύπωσαν
486 1985 668 2014 ἀναπαύεσθαι
696 1987 759 2018 τοὺς
790 1984 899 2020 λωεοὺς

61 2028 160 2064 ἐκεῖσε,
190 2029 235 2057 καὶ
266 2030 409 2067 σιτηρέσια
435 2028 594 2066 λαμϐάνειν.
613 2031 765 2067 Παρία-τατο
786 2030 814 2059 Si
843 2034 897 2059 Ζω-

59 2073 138 2105 me;
155 2074 169 2101 ὁ
184 2071 436 2112 πρωτοὸεστιάριος
453 2074 536 2103 αὐτοῦ
549 2078 609 2107 τοῖς
622 2075 779 2113 κτίσμασιν.

342 2119 408 2158 Περὶ
423 2121 472 2147 τοῦ
488 2120 623 2157 Νεωρίου.

96 2163 194 2198 ’⁷οτιὴ
217 2164 353 2202 λεγομένη
385 2163 470 2201 λίμνη
499 2166 548 2192 τοῦ
579 2164 699 2202 Νεωρίου
728 2165 792 2203 βοῦν
822 2166 894 2203 εἶχεν

58 2208 207 2244 ἱστάμενον
242 2207 364 2245 χαλκοῦν
393 2209 571 2246 παμμεγέθη.
599 2208 710 2246 Κράζειν
742 2208 770 2237 δὶ
800 2207 892 2248 ἔλεγον

955 1630 1098 1666 angustias
1129 1631 1185 1658 illze
1211 1631 1300 1658 maris
1325 1630 1498 1667 Bosporium
1519 1630 1715 1666 appellantur.
1740 1629 1784 1658 Ibi

954 1675 1033 1703 enim
1048 1677 1077 1703 et
1093 1675 1120 1703 in
1137 1675 1188 1703 illa
1204 1675 1280 1702 muri
1297 1678 1379 1711 parte
1396 1683 1460 1711 quo:
1475 1677 1522 1703 est
1543 1675 1579 1702 ad
1601 1675 1725 1711 ﬁguram
1741 1673 1783 1702 si-

953 1727 1022 1755 gma
1047 1722 1228 1753 constructa,
1248 1720 1337 1747 boves
1362 1720 1573 1752 vendebantur,
1590 1719 1668 1755 quod
1693 1719 1781 1747 etiam

953 1762 1045 1791 moris
1060 1763 1116 1791 fuit
1137 1771 1231 1799 usque
1250 1763 1285 1791 ad
1302 1763 1528 1792 Constantinum
1545 1763 1780 1799 Copronymum;

954 1807 1003 1843 qui
1020 1807 1184 1842 constituit,
1203 1810 1234 1834 ut
1249 1807 1276 1834 in
1292 1807 1389 1835 Tauro
1404 1807 1609 1835 venderentur.

1114 1852 1152 1879 De
1166 1851 1401 1888 orphanolrophio
1417 1852 1511 1879 Sancti
1524 1850 1623 1879 Pauli.

989 1895 1274 1932 Orphanotrophium
1299 1896 1329 1924 S.
1351 1896 1433 1923 Pauli
1460 1895 1597 1924 Justinus
1621 1897 1651 1924 et
1674 1895 1782 1932 Sophia

952 1940 1124 1975 condidere;
1143 1940 1282 1968 similiter
1302 1943 1331 1968 et
1355 1941 1495 1968 Sanctum
1521 1940 1664 1976 Zoticum,
1677 1942 1706 1968 et
1720 1943 1780 1968 sta~

952 1987 1072 2013 tucrunt
1101 1985 1141 2012 ibi
1171 1984 1322 2012 mutilatos
1342 1985 1450 2020 quibus
1478 1984 1620 2013 alimenta
1648 1985 1779 2021 praebue-

952 2032 1031 2058 runt.
1050 2029 1166 2058 Prmtnit
1191 2032 1289 2058 autem
1307 2029 1428 2057 mdiﬁcio
1455 2032 1484 2058 et
1507 2030 1622 2058 Zoticus
1647 2031 1781 2065 protove-

951 2074 1084 2102 stiarius.

1236 2120 1273 2147 De
1283 2121 1366 2155 portu
1383 2120 1494 2147 Neorio.

986 2165 1016 2191 In
1034 2165 1119 2199 portu
1145 2166 1316 2199 nuncupnto
1340 2163 1445 2192 Neorio
1462 2163 1515 2191 bos
1531 2171 1628 2191 aeneus
1649 2162 1778 2199 ingentis

951 2207 1037 2235 molis
1052 2208 1161 2242 stabat,
1176 2216 1263 2243 quem
1281 2207 1371 2235 semel
1388 2208 1417 2235 in
1433 2216 1511 2235 anno
1526 2207 1647 2235 solitum
1664 2206 1778 2242 mugire

61 2252 144 2279 αὐτὸν
162 2252 199 2282 ὡς
217 2252 282 2290 βοῦν
298 2252 361 2289 μίαν
380 2254 427 2280 νοῦ
443 2252 580 2288 ἐνιαυτοῦ,
595 2253 640 2280 καί
664 2252 785 2290 γίνεσθαι
808 2254 894 2292 παρά-

986 2253 1058 2284 -υηῑ,
1075 2254 1104 2279 et
1128 2252 1230 2279 eodem
1256 2251 1303 2279 die
1332 2252 1401 2279 mali
1427 2251 1498 2287 quid
1527 2251 1593 2278 urbi
1624 2250 1777 2278 accidisse.

61 2296 167 2331 πτωμᾶ
188 2306 215 2323 τι
242 2295 268 2323 ὲν
301 2298 336 2334 τῇ
369 2296 460 2334 ἡμέρᾳ
493 2296 592 2335 ἐκείνῃ.
613 2298 807 2335 Ἐστοιχείωσε
827 2295 856 2324 Si
879 2298 894 2325 ὁ

61 2339 146 2371 αὐτὸς
164 2340 269 2374 Κόνων,
287 2340 312 2368 ἐν
329 2341 352 2377 ᾧ
367 2341 411 2368 καὶ
427 2340 512 2379 ἅγορα
525 2344 579 2369 τῶν
595 2340 749 2369 θαλασσίων
766 2341 895 2379 ἐμπόρων

58 2384 92 2412 τὸ
118 2384 253 2422 πρότερον
277 2385 330 2419 ἦν·
350 2384 393 2412 ἐπὶ
418 2384 446 2413 ὃὶ
461 2386 609 2414 ’1ουστίνου
633 2385 760 2423 μετετέθη
784 2385 822 2417 εἷς
847 2385 893 2414 τὸν

59 2427 217 2457 Ἰουλιανοῦ
233 2427 342 2466 λιμένα.

221 2482 285 2520 Περῖ
301 2482 336 2510 τὰ
349 2484 398 2510 τοῦ
414 2482 558 2515 Βασιλιδος
574 2483 740 2521 καλούμενα,

100 2526 149 2554 Τὰ»
165 2524 193 2554 δὲ
221 2525 380 2561 Βασιλίδος,
403 2527 478 2558 οἶκος
500 2527 533 2562 ἦν
558 2526 721 2559 Βασιλίδους
749 2529 895 2567 πατρικίου

59 2570 107 2598 καὶ
123 2570 298 2609 κοιαίστορος
312 2573 361 2598 τοῦ
376 2571 504 2610 Μεγάλου
519 2572 719 2601 Ίουστινιανοῦ.

308 2624 374 2662 Περὶ
389 2627 443 2652 τῶν
459 2624 656 2663 Ἀρκαδιανῶν.

93 2669 158 2697 Ὀτι
199 2669 213 2696 ὁ
239 2669 334 2706 Ἀγιος
369 2669 500 2705 Ἰωάννης
538 2670 565 2696 αἱ
596 2668 789 2708 Ἀρκαδιαναὲ,
823 2670 896 2708 παρὰ

64 2711 212 2750 Αρκαδίου
231 2712 352 2748 ἐκτίσθη,
369 2712 563 2750 ίπιλεξαμένου
582 2714 626 2742 καὶ
652 2714 680 2742 ἐκ
702 2717 755 2742 τῶν
772 2713 895 2742 πολιτῶν

55 2756 195 2795 χιλιάδας
222 2757 250 2792 ’ἐξ
280 2756 321 2788 εἲς
346 2757 454 2794 ὀψίκιον
480 2757 672 2797 dotali-how
702 2759 740 2790 εἵς
766 2759 800 2787 τὰ
827 2759 894 2798 πρό-

48 2812 153 2837 κενσα,
170 2802 185 2829 ὃ
201 2801 260 2830 ἐστι
277 2801 345 2840 μετὰ
359 2803 512 2839 στασίματα
527 2813 533 2821 υ
550 2801 660 2831 ἐκάλεσε
675 2802 703 2831 Si
717 2803 816 2835 αὐτοὺς
831 2803 894 2841 Ἀρ·

949 2296 1093 2324 Eumdem
1110 2297 1208 2323 autem
1232 2298 1348 2331 portum
1365 2295 1489 2331 magicis
1505 2295 1660 2331 praestigiis
1676 2303 1777 2323 conse-

950 2341 1042 2368 cravit
1057 2340 1120 2377 ipse
1135 2340 1249 2373 Conon;
1267 2340 1295 2368 in
1313 2348 1370 2376 quo
1387 2342 1415 2367 et
1431 2339 1649 2367 maritimorum
1665 2347 1777 2367 merca-

951 2388 1047 2412 torum
1066 2387 1150 2412 antca
1177 2385 1271 2412 t'ornm
1289 2386 1352 2412 erat
1368 2393 1375 2412 :
1391 2383 1509 2412 Justino
1525 2391 1591 2412 vero
1615 2383 1779 2420 imperante

951 2429 980 2456 in
996 2429 1106 2457 Juliuni
1122 2431 1241 2465 portum
1257 2427 1432 2456 translatum
1450 2430 1506 2456 est.

1152 2479 1188 2506 De
1205 2478 1339 2506 Basilidis
1352 2482 1442 2506 tractu
1457 2486 1490 2505 ac
1504 2477 1570 2506 ede.

985 2524 1110 2551 Tractus
1134 2522 1271 2551 Basilidis
1300 2522 1409 2558 dictus,
1425 2523 1532 2550 domus
1556 2523 1620 2550 erat
1643 2521 1781 2550 Basilidis

950 2567 1066 2604 patricii
1083 2571 1112 2595 et.
1127 2566 1283 2603 quaestoris
1299 2566 1462 2595 Justiniani
1478 2566 1586 2602 Magni.

1247 2626 1284 2653 De
1304 2624 1478 2652 Λνεαιίίαηὶε.

987 2669 1144 2697 Ecclesium
1160 2669 1190 2697 S.
1205 2669 1330 2697 Joannis
1351 2668 1520 2696 Arcadiam:
1539 2669 1672 2696 vocatam
1688 2667 1782 2695 aedifi-

951 2713 1027 2742 cavit
1038 2713 1250 2749 Arcudius,qui
1261 2721 1310 2742 sex
1321 2712 1413 2741 millia
1424 2712 1532 2741 civium
1545 2713 1580 2740 ad
1592 2711 1779 2748 obsequium,

950 2759 979 2786 id
995 2761 1050 2792 est,
1068 2759 1103 2786 ad
1129 2758 1345 2794 processionem
1372 2760 1439 2794 post
1454 2757 1598 2786 stationes
1622 2756 1683 2784 ﬁeri
1708 2754 1777 2782 soli-

950 2806 1025 2837 tum,
1041 2802 1098 2831 sibi
1122 2802 1362 2838 adlegit,eosque
1385 2802 1564 2830 Arcadianos
1587 2798 1776 2836 nuncupavit,
