1950 3050
82 128 96 158 1
101 128 160 159 33⁸1

650 125 831 157 ANONYMI
853 124 1145 161 ANTIQUITATES
1167 124 1226 154 ΟΡ.

1716 116 1796 148 1938

82 192 199 224 πίστεως
225 194 379 228 ἀνάστασιν,
395 194 413 230 ἢ
439 192 484 221 διὰ
505 192 537 220 τὸ
560 195 674 230 γυναῖκα
695 192 834 230 ἐγκύμονα
857 202 907 218 πε-

1002 193 1096 219 catam
1119 190 1210 218 fuisse
1225 189 1312 223 dicit;
1328 188 1389 217 sive
1414 188 1532 223 propter
1554 186 1639 213 recta:
1654 183 1722 211 ﬁdei
1747 183 1796 211 in-

82 239 179 265 σοῠσαν
213 237 391 274 τελευτῆσαι¹
416 241 512 273 κοινῆς
539 236 568 265 δὲ
594 237 647 266 ὑπὸ
674 239 728 264 τῶν
758 234 911 275 ὀρθοὸόξων

81 282 227 321 γενομένης
242 283 329 321 εὐχῆς
345 282 453 318 ἀνέστη.

301 381 369 419 Περὶ
382 381 433 414 τῆς
447 379 543 419 ’Λγίας
557 379 693 418 Εἴρήνης.

117 428 148 459 Ἠ
172 430 268 468 πρώην
296 429 325 458 δὶ
349 429 482 466 ἐκκλησία
507 431 524 465 ἡ
539 429 617 468 Ἀγία
641 430 746 467 Εἰρήνη
769 427 912 457 είδωλεῒον

82 475 216 513 ὑπῆρχεν.
241 476 384 514 Ἀνήγειρε
411 473 440 502 δὲ
463 475 477 502 ὁ
500 475 581 505 αὐτὸς
609 473 683 505 ὅσιος
709 474 753 501 καὶ
778 474 810 502 τὸ
834 483 912 501 νοσο-

79 523 203 556 κομεῖον,
216 521 247 547 τὸ
262 519 288 547 ἐν
305 521 339 557 τῇ
355 519 436 557 ’Δγίᾳ
448 519 552 558 Εΐρήνῃ
565 516 606 547 ὅν.

161 573 226 610 Περὶ
240 573 289 600 τοῦ
304 574 369 600 ναοῦ
384 574 436 608 τῆς
451 571 585 600 Θιοτόκου
601 571 632 599 τὸ
649 569 824 607 Καραϐίτζιν.

115 621 151 649 Τό
178 619 207 649 δὶ
231 618 397 660 Καραείτζιν
417 621 466 656 τήν
494 619 640 659 ὑπεραγίαν
666 619 799 647 Θεοτόκον
826 617 914 646 ἔκτισε

79 665 198 704 Μιχαὴλ
226 665 240 693 ὁ
272 665 423 704 ἀναιρεθεὶς
458 665 510 693 ύπὸ
546 663 703 694 Βασιλείου.
734 663 856 699 Ἐκλήθη
885 661 914 692 δὲ

79 709 166 741 οὕτως
192 709 237 737 διὰ
260 710 389 745 τοιαύτην
415 707 514 738 αἰτίαν.
541 709 621 746 Χήρα
646 709 715 747 γυνή
739 708 773 743 ἦν
796 707 822 735 ἐν
853 709 913 738 τοῖς

80 754 195 792 χρόνοις
224 753 360 792 Θεοφίλου
386 756 436 782 τοῦ
461 754 563 792 πατρὸς
587 753 682 788 αὐτοῦ,
699 754 712 780 ὁ
742 751 771 780 δὲ
794 752 913 790 πραιπό-

81 809 160 830 σιτος
184 801 233 826 τοῦ
262 798 398 838 Θεοφίλου
427 798 543 836 ὀνόματι
573 799 741 838 Νικηφόρος,
772 799 914 837 ἀφήρπασε

79 842 254 881 κουμπάρίαν
281 847 332 879 τῆς
360 844 451 881 χήρας
481 842 633 881 εὐμεγέθη·
660 843 722 877 ἥτις
747 842 911 881 πολλαχόσε

967 235 1190 270 staurationem,
1207 234 1265 262 sive
1282 233 1362 270 quia,
1379 240 1446 260 cum
1463 230 1594 266 collapsa
1609 228 1716 257 mulier
1734 230 1795 256 ute-

966 288 1032 308 rum
1052 283 1172 315 gestans
1196 277 1339 306 exstincta
1363 277 1450 309 esset,
1467 272 1677 303 communibus
1691 271 1794 300 ortho-

967 324 1110 352 doxorum
1126 323 1263 361 precibus
1279 320 1392 351 revixit.

1254 377 1296 404 Da
1310 378 1406 403 sancta
1421 374 1509 402 Irene.

1003 426 1131 454 Ecclesia
1142 426 1255 454 Sanctae
1266 427 1366 452 Irenes
1376 424 1464 451 antea
1477 420 1626 449 idolorum
1641 418 1796 447 delubrum

967 473 1040 499 erat.
1057 471 1137 498 Idem
1154 472 1251 498 autem
1275 470 1395 497 sanctus
1420 466 1587 494 Marcianus
1611 463 1754 492 exstruxit
1768 465 1797 490 et

968 515 1182 549 nosocomium,
1199 515 1276 550 quod
1301 514 1377 549 apud
1395 513 1534 540 Sanctam
1549 512 1663 537 lreuem
1679 507 1794 536 visitur-

1030 571 1070 596 De
1085 569 1207 596 Ecclesia
1220 568 1248 596 S.
1265 568 1388 603 Deiparz
1405 565 1563 594 Carabz'lz-in
1579 562 1726 599 appellata.

1003 617 1163 646 Ecclesiam
1179 616 1375 644 sanctissimae
1396 614 1537 650 Deiparae,
1549 620 1612 649 qua!
1630 610 1793 639 Carabitzin

966 664 1099 697 vocatur,
1111 661 1237 690 Michael
1254 669 1341 696 quem
1352 659 1480 687 Basilius
1496 656 1641 685 interfecit
1651 655 1792 684 condidit.

967 707 1034 735 Hec
1055 715 1123 734 vero
1147 703 1395 734 denominationis
1422 710 1510 731 causa
1533 701 1598 728 fuit.
1615 701 1683 728 Erat
1705 699 1794 727 vidua

968 753 1102 788 quaedam
1128 751 1184 779 sub
1206 748 1368 786 Theophilo
1384 748 1517 784 ejusdem
1534 744 1683 773 Michaelis
1699 746 1792 780 patre,

968 798 1054 832 cujus
1082 796 1224 832 grandem
1253 795 1402 822 triremem
1427 791 1455 820 vi
1482 791 1630 827 eripuerat
1657 789 1791 825 ejusdem

967 840 1121 877 Theophili
1150 839 1337 876 praepositus,
1363 837 1480 866 nomine
1507 835 1700 871 Nicephorus.
1725 833 1791 860 Haec

81 880 208 924 δεηθεῖσα
231 880 437 929 Θεοφίλουγτοῦ
465 880 610 926 βασιλέως,
631 887 723 923 ἔμενεν
752 880 907 924 ἀδιοίκητος

1002 895 1028 913 ro
1045 885 1133 913 vidua
1156 893 1223 912 cum
1248 884 1356 920 saepius
1372 891 1407 910 ea
1421 883 1456 910 de
1472 889 1503 909 re
1519 881 1555 909 ad
1580 880 1788 915 imperatorem

81 931 127 961 διὰ
150 932 182 961 τὸ
205 931 360 965 κωλύεσθαι
376 931 427 960 ὑπὸ
440 934 487 959 τοῦ
513 932 595 960 αὐτοῦ
610 930 802 970 πραιποσίτου.
817 933 849 962 Ἡ
878 931 907 961 δὲ

79 977 252 1015 ἆπορήσασα,
282 976 450 1016 παρεκάλεσέ
477 987 551 1008 τινας
578 978 632 1004 τῶν
657 978 830 1014 παιγνιωτῶν
858 979 906 1005 τοῦ

78 1019 286 1059 Ἱπποδρομίου,
314 1021 359 1050 καὶ
390 1022 543 1059 ὑπέσχοντο
572 1021 641 1058 αὐτῇ
675 1020 719 1048 διά
745 1031 819 1052 τινος
852 1032 907 1058 μη-

77 1069 167 1105 χανῆς
201 1065 387 1102 διοικηθῆναι.
416 1066 582 1101 Ποιήσαντες
613 1064 642 1093 δὲ
671 1066 697 1093 ot
730 1065 806 1093 αὐτοὶ
844 1075 908 1093 παι-

79 1112 193 1150 γνιῶται
206 1109 380 1148 κουμπαρίαν
399 1111 498 1149 μικρὰν
514 1110 539 1137 ἐν
565 1111 689 1149 σχήματι
711 1109 811 1138 πλοίου
842 1109 908 1148 μετά

80 1156 212 1194 ἇρμὲνου,
232 1155 277 1183 καὶ
307 1155 396 1188 θέντες
425 1155 510 1191 αὐτὴν
541 1154 585 1182 ἐπὶ
615 1154 722 1191 ἁμάξης
751 1155 818 1191 μετὰ
844 1165 908 1193 τρο-

80 1203 151 1239 χῶν,
179 1200 326 1239 γενομένου
366 1198 495 1236 ἱππικοῦ,
519 1195 634 1234 ἔστησαν
673 1197 823 1237 ἔμπροσθεν
859 1201 907 1227 τοῦ

83 1243 226 1282 βασιλικοῦ
270 1244 406 1281 στάμοιτος
441 1245 591 1283 φωνοῦντες
629 1242 767 1279 ἀλλήλοις
784 1253 792 1261 ⁸
813 1244 906 1280 Χοὶνε⁷

80 1289 194 1318 κατάπιε
230 1288 310 1318 αύτό.
335 1290 388 1318 Τοῖ’)
426 1286 455 1318 δὲ
489 1287 700 1328 ἀντιλέγοντος·
729 1288 765 1316 Ού
791 1288 908 1326 δύναμαι

78 1336 159 1362 τοῦτο
182 1337 295 1368 ποιῆσαι
311 1343 318 1350 ⁸
347 1331 428 1361 πάλιν
455 1332 505 1372 ἔφη
531 1333 544 1360 ὸ
559 1331 663 1370 ἕτερος,
679 1332 763 1361 ὅτιὈ
790 1333 908 1370 πραιπό-

79 1389 153 1410 σιτος
177 1377 335 1417 Νικηφόρος
357 1379 408 1411 τῆς
437 1379 528 1415 χήρας
552 1378 583 1405 τὸ
606 1376 704 1404 πλοῖον
733 1377 816 1415 γέμον
845 1388 908 1405 κατ-

80 1423 138 1450 ἑπιε
155 1444 162 1457 ,
181 1423 226 1450 καὶ
266 1422 298 1449 σὺ
340 1422 391 1450 οὐκ
430 1421 537 1460 ῗσχύεις
567 1424 660 1460 φαγεῖν
688 1424 796 1456 τοῦτο;
821 1423 910 1451 Ταῦτα

79 1467 190 1495 ἐποίουν
205 1468 251 1495 καὶ
277 1466 373 1504 ἔλεγον
395 1466 466 1504 πρὸς
493 1465 525 1494 τὰ
555 1468 708 1506 φανερῶσαι
733 1469 773 1503 τῷ
804 1466 912 1504 βασιλεῖ

78 1513 141 1551 περὶ
167 1514 215 1540 τοῦ
245 1509 367 1549 καράϐου
390 1514 442 1546 τῆς
471 1511 610 1553 γυναικός.
641 1510 691 1538 Καὶ
719 1511 799 1549 γνοὺς
826 1513 911 1540 ταῦτα

79 1558 93 1584 ὁ
111 1555 240 1594 βασιλεὺς
260 1555 414 1595 ἠρώτησεν,
431 1555 589 1599 ἆκμήνγούκ
614 1554 755 1599 ἐδιοικήθη
777 1557 794 1590 ἡ
823 1557 910 1594 χήρα,
926 1566 948 1599 C

80 1602 112 1628 Ἡ
139 1599 168 1628 δὲ
192 1601 260 1641 γυνή
286 1599 476 1637 παρισταμένη
502 1598 633 1634 πλησίον,
650 1598 694 1626 καὶ
721 1599 840 1629 πεσοῦσα
867 1599 910 1628 ἐπὶ

79 1645 239 1684 πρόσωπον,
264 1642 352 1672 ἐδέετο
376 1646 426 1672 τοῦ
452 1642 587 1682 βασιλέως
615 1643 803 1678 ἐκδικηθῆναι.
824 1644 854 1672 'O
883 1642 912 1671 δὲ.

83 1689 210 1728 βασιλεὺς
235 1688 303 1717 πάνυ
325 1687 459 1724 λυπηθεὶς
483 1687 529 1716 καί
561 1687 697 1726 ὀργισθεὶς
727 1686 838 1716 ἐκάλεσε
864 1688 909 1716 τὸν

82 1734 235 1772 Μυγιίέριον
253 1733 400 1772 λεγόμενον
417 1733 463 1760 τὸν
479 1731 604 1771 ἔπαρχον
621 1732 733 1769 ὀνόματι
759 1730 910 1769 Θεόδωρον,

81 1779 126 1806 καὶ
155 1777 259 1806 κελεύει
288 1777 452 1812 ἀππεθῆναι
483 1776 549 1812 ξύλα
584 1777 629 1804 καὶ
668 1776 788 1816 φρύγανα
820 1776 846 1804 ἐν
875 1779 909 1814 τῇ

85 1821 222 1862 Σφενδόνῃ
238 1844 246 1857 ,
276 1821 322 1850 καὶ
352 1818 535 1849 συλλαϐέσθαι
562 1821 608 1848 τὸν
635 1820 814 1859 πραιπόσιτον
832 1843 839 1856 ,
865 1822 910 1849 καὶ

83 1870 181 1896 καῦσαι
208 1867 276 1904 μετὰ
297 1870 348 1902 τῆς
372 1865 474 1901 στολῆς
499 1865 592 1900 αὐτοῦ,
616 1865 630 1893 ’ὸ
650 1865 694 1893 καὶ
719 1866 842 1904 παραυτᾶ
865 1866 910 1904 γὲ-

81 1922 156 1950 γονε,
185 1911 229 1939 καὶ
258 1912 275 1946 ἡ
303 1911 373 1949 γυνὴ
403 1907 526 1938 ἀπέλαϐε
556 1910 588 1938 τὸ
619 1909 699 1944 ἴδιον,
729 1910 773 1937 καὶ
804 1909 833 1937 ἐκ
861 1914 911 1945 τῆς

83 1957 260 1987 ὑποστάσεως
275 1955 358 1983 αὐτοῦ
380 1954 429 1985 οὐκ
454 1953 543 1994 ὀλίγα.
563 1954 611 1982 Διὰ
640 1953 668 1982 δὲ
691 1955 722 1982 τὸ
750 1955 910 1991 καταμένειν

80 2002 166 2029 ἐκεῖσε
182 2000 222 2033 εἲς
241 2001 287 2028 τὸν
312 2000 366 2027 ἀπὸ
380 1996 525 2038 Βαρϐάρου
539 1999 612 2027 οἶκον
628 2000 676 2027 τοῦ
691 2001 847 2037 Μαυριανοῦ
860 2001 909 2035 τήν

80 2048 207 2085 γυναῖκα,
221 2044 333 2077 ὲκὸἱΛεςε
348 2040 525 2083 Καραϐίτζιν.

81 2147 147 2185 Περὶ
184 2151 235 2183 τῆς
273 2148 368 2186 Ἀγίας
410 2146 538 2190 Εἰρήνης
568 2149 620 2182 τῆς
648 2145 767 2178 παλαιᾶς
793 2146 825 2174 τὸ
858 2150 911 2175 Πα-

408 2192 525 2222 τριαρχε
530 2192 579 2211 ιον.

960 931 1070 959 frustra
1087 929 1258 965 appellaret,
1273 927 1450 966 impediente
1465 933 1526 954 eam
1540 923 1605 961 ipso
1621 922 1787 960 praeposito,

962 984 997 1004 ne
1008 975 1059 1011 jus
1075 982 1162 1002 suum
1178 974 1279 1002 contra
1296 972 1396 1008 ipsum
1412 970 1564 1004 obtineret,
1582 969 1699 997 tandem
1715 975 1786 996 con-

962 1019 1020 1048 silii
1035 1019 1120 1055 inops
1136 1018 1172 1046 ad
1184 1017 1375 1054 Hippodromi
1393 1015 1500 1043 mimos
1515 1013 1649 1046 recurrit,
1662 1012 1704 1040 illi
1721 1020 1788 1040 vero

963 1073 1023 1093 rem
1054 1072 1085 1092 se
1118 1065 1178 1091 arte
1212 1062 1339 1098 quadam
1373 1061 1545 1096 peracturos
1577 1056 1787 1093 promiserunt.

962 1111 1065 1145 Itaque
1084 1108 1160 1136 facta
1184 1114 1272 1143 prava
1300 1104 1414 1133 triremi
1438 1111 1504 1131 cum
1530 1101 1651 1130 carbaso
1679 1100 1789 1136 navigii

962 1154 1087 1182 lormam
1103 1152 1268 1185 exhibente,
1284 1158 1349 1178 eam
1372 1148 1471 1176 currui
1488 1147 1558 1175 rotis
1573 1146 1718 1174 instructo
1733 1145 1791 1172 im-

963 1197 1101 1234 positam,
1131 1204 1198 1224 cum
1227 1195 1290 1223 ludi
1314 1195 1467 1222 Circenses
1496 1192 1664 1228 agerentur,
1691 1197 1789 1218 coram

962 1241 1151 1278 imperatoria
1167 1240 1236 1268 sede
1259 1239 1450 1271 collocarunt,
1467 1237 1591 1265 invicem
1617 1235 1790 1268 clamantes,

963 1287 1049 1322 Aperi
1065 1294 1108 1319 os,
1125 1287 1153 1313 et
1177 1284 1289 1320 degluti
1312 1283 1406 1311 illam.
1424 1282 1556 1318 Cumque
1570 1280 1643 1308 alter
1658 1287 1689 1307 se
1704 1278 1733 1306 id
1749 1279 1791 1306 fa-

963 1340 1027 1360 cere
1042 1339 1128 1368 posse
1155 1332 1285 1366 negaret,
1303 1335 1407 1356 rursus
1425 1327 1475 1354 ille
1490 1335 1496 1354 :
1513 1325 1693 1361 Nicephorius
1719 1331 1791 1360 pra!-

964 1376 1078 1413 positus
1094 1377 1231 1403 onustam
1248 1373 1341 1401 viduae
1357 1372 1507 1400 triremem
1524 1368 1669 1406 deglutire
1684 1368 1790 1405 potuit,

964 1425 991 1449 el
1004 1424 1035 1448 tu
1053 1428 1089 1448 ne
1106 1419 1250 1447 lantillam
1271 1417 1410 1454 quidem?
1432 1417 1498 1444 Haec
1523 1416 1647 1451 egerunt
1661 1422 1694 1441 ac
1710 1413 1791 1441 dixe-

965 1468 1034 1493 runt
1049 1466 1081 1492 ut
1095 1465 1302 1500 imperatorem
1319 1462 1354 1489 de
1368 1461 1462 1489 viduae
1478 1459 1584 1488 carebo
1602 1459 1661 1487 sive
1676 1457 1789 1486 triremi

964 1510 1115 1538 certiorem
1132 1509 1270 1537 facerent.
1283 1507 1350 1540 Qua
1367 1506 1416 1533 ubi
1432 1504 1549 1533 rescivit
1564 1504 1733 1539 imperator,
1748 1502 1791 1529 in—

965 1553 1133 1590 terrogavit,
1150 1561 1186 1580 an
1212 1551 1341 1580 nondum
1355 1550 1406 1586 jus
1426 1557 1514 1577 suum
1529 1547 1616 1575 vidua
1640 1545 1692 1574 illa
1715 1545 1791 1574 obti-

968 1598 1102 1627 nuisset?
1119 1596 1224 1625 Mulier
1242 1598 1339 1624 autem
1364 1593 1494 1631 proxime
1518 1594 1629 1627 astans,
1646 1598 1735 1626 super
1749 1590 1794 1618 fa-

966 1644 1039 1672 ciem
1060 1642 1197 1679 prolapsa
1222 1639 1362 1668 ultionem
1391 1638 1427 1666 ab
1452 1638 1629 1674 imperatore
1653 1634 1792 1673 postulat.

966 1689 1130 1724 Imperator
1154 1694 1221 1714 vero
1241 1685 1328 1713 valde
1342 1685 1478 1716 muretus,
1495 1684 1523 1710 et
1547 1681 1583 1709 ad
1609 1679 1795 1708 iracundiam

966 1734 1140 1769 provocatus
1160 1732 1281 1758 advocat
1295 1729 1483 1757 Theodorum
1500 1726 1670 1762 praefectum
1686 1732 1795 1760 cogno-

966 1778 1045 1805 mine
1060 1775 1233 1812 Mygiarium
1250 1783 1282 1802 ac
1294 1773 1389 1809 jubet,
1406 1774 1439 1799 ut
1454 1771 1535 1807 ligna
1549 1778 1581 1797 ac
1595 1770 1747 1797 sarmenta
1762 1769 1791 1795 in

966 1821 1137 1858 sphendone
1160 1820 1308 1854 congerat,
1324 1815 1629 1852 comprehensumque
1653 1812 1791 1849 praposi-

965 1856 1028 1894 tum
1045 1864 1106 1901 igni
1122 1864 1250 1892 traderet
1271 1862 1403 1890 vestibus
1427 1860 1580 1892 indutum;
1607 1858 1685 1894 quod
1710 1856 1792 1884 nulla

965 1909 1139 1946 interposita
1148 1916 1231 1936 mora
1243 1909 1390 1944 peractum
1401 1907 1445 1932 est
1453 1914 1459 1932 :
1468 1904 1630 1938 mulierque
1640 1902 1790 1939 propriam

965 1963 1069 1983 navem
1085 1954 1204 1989 recepit,
1222 1961 1255 1980 ac
1274 1952 1395 1987 insuper
1409 1959 1443 1978 ex
1458 1949 1543 1977 bonis
1566 1947 1716 1984 Praepositi
1732 1955 1790 1974 non

966 2008 1070 2036 pauca.
1086 2001 1224 2026 Ceterum
1241 1997 1310 2025 inde
1325 2004 1388 2024 eam
1409 1994 1500 2022 aedem
1515 1993 1679 2021 Carabitzin
1696 1991 1792 2029 appel-

965 2045 1044 2079 lavit,
1060 2044 1136 2080 quod
1154 2042 1261 2071 mulier
1287 2041 1337 2068 illa
1357 2040 1468 2068 ibidem
1484 2038 1604 2066 domum
1627 2036 1746 2065 Barbari
1761 2037 1791 2064 in

964 2088 1106 2118 Mauriani
1123 2090 1218 2116 tractu
1234 2086 1390 2115 habitaret.

1001 2151 1040 2176 De
1053 2147 1171 2176 ecclesia
1186 2146 1297 2174 Sancta,
1312 2147 1406 2173 [renes
1420 2143 1536 2179 antiqua
1548 2140 1756 2170 Patriarchz‘um

1289 2181 1461 2216 nuncupata.

117 2237 261 2275 ’Δνήγιιρε
281 2235 311 2266 δὶ
333 2236 383 2283 τήν
409 2235 504 2283 ᾍγίαν
518 2234 638 2283 Εἰρήνην
659 2235 709 2270 τὴν
731 2233 849 2264 παλαιὰν
878 2236 909 2263 τὸ

1002 2236 1159 2265 Ecclesiam
1171 2234 1324 2270 antiquam
1337 2233 1449 2261 Sanctae
1465 2232 1563 2260 Irenes
1575 2228 1790 2258 Patriarchium

1039 2280 1058 2283 _.
1171 2280 1188 2283 ._
1267 2281 1271 2283 .
1347 2277 1354 2283 .
1431 2278 1446 2283 -
1509 2277 1514 2283 .
1567 2277 1585 2283 η
1626 2274 1678 2283 μη
1710 2275 1733 2283 4.
1759 2273 1775 2283 α

83 2283 284 2319 Πατριαρχιῖον
301 2303 308 2317 ,
333 2280 379 2308 καὶ
414 2281 464 2315 τήν
497 2279 593 2317 Ἀγίαν
634 2279 761 2319 Σοφίαν,
789 2279 834 2308 καὶ
862 2281 907 2308 τὸν

93 2328 176 2363 Αγιον
206 2325 404 2363 Ἀγαθόνικον,
434 2324 479 2354 καὶ
512 2323 558 2351 τὸν
584 2325 678 2362 ’Ἀγιον
705 2323 828 2353 Ἀκάκιον
863 2325 910 2352 τὸν

80 2369 202 2406 πλησίον
231 2372 286 2397 τῶν
315 2369 474 2406 οἲκημάτων
501 2371 550 2397 τοῦ
579 2367 708 2406 Μεγάλου
736 2368 909 2397 Κωνσταντί-

81 2425 140 2446 νος.
158 2414 230 2445 Τοὺς
255 2413 283 2442 δὲ
307 2413 416 2452 Ἁγίους
434 2411 621 2444 Ἀποστόλους
645 2410 747 2441 ἔκτισεν
773 2414 790 2448 ἡ
817 2415 908 2452 μήτηρ

83 2458 166 2486 αὐτοῦ
194 2457 292 2494 Ἑλένη
331 2457 378 2485 σὺν
423 2457 522 2493 αὐτῷ,
550 2455 685 2494 δρομικὴν
724 2456 883 2495 ξυλόστεγσν
902 2479 909 2487 .

83 2502 216 2538 Ἐποίησε
244 2501 273 2531 δὲ
296 2502 342 2530 καὶ
370 2501 416 2530 σὺν
446 2501 520 2538 αὐτῷ
541 2500 723 2538 μνημοθὲσιον
753 2504 806 2530 τῶν
834 2502 909 2540 βασι-

84 2546 168 2584 λέων,
185 2547 211 2575 ἐν
232 2547 254 2584 ᾧ
268 2547 312 2575 καὶ
330 2546 410 2577 αὐτὸς
424 2545 513 2581 ἐτίθη.

346 2649 413 2687 Περὶ
427 2648 461 2677 τὰ
480 2650 646 2687 Καρπιανοῦ.

119 2704 179 2730 ’Ότι
207 2702 241 2731 τὰ
265 2704 420 2740 Καρπιανοῢ
463 2703 590 2740 ἀνήγειρε
623 2702 778 2740 Καρπιανὸς
814 2712 910 2740 πατρι-

83 2757 155 2782 κιος,
186 2747 212 2775 ιν
250 2750 312 2780 τοῖς
349 2747 462 2786 χρόνοις
504 2746 720 2784 Κωνοταντίνου,
745 2747 804 2775 υἱοῦ
828 2748 910 2785 Ἡρα-

82 2792 190 2828 κλείου,
201 2794 251 2820 τοῦ
268 2792 451 2830 Πωγωνάτου.

963 2280 1153 2318 appellatam,
1169 2280 1239 2307 item
1264 2277 1408 2313 templum
1431 2277 1543 2304 Sanctae
1566 2274 1681 2310 Sophim
1707 2275 1736 2302 et
1759 2273 1788 2300 S.

963 2317 1148 2362 Agathonici,
1171 2331 1283 2352 necnon
1299 2324 1327 2350 Β.
1343 2321 1453 2356 Acacii,
1470 2319 1548 2355 quod
1567 2318 1699 2355 proxime
1713 2317 1789 2345 aedes

965 2369 1223 2399 Constantinianas
1250 2367 1366 2398 visitur,
1396 2365 1459 2401 ipse
1487 2364 1572 2392 divus
1601 2371 1634 2391 ac
1662 2369 1789 2398 magnus

965 2413 1175 2443 Constantinus
1195 2411 1342 2440 excitavit.
1358 2409 1512 2445 Templum
1528 2416 1594 2436 vero
1615 2409 1789 2434 Sanctorum

967 2458 1171 2495 Apostolorum
1197 2465 1256 2484 una
1284 2463 1352 2483 cum
1380 2454 1444 2490 ipso
1469 2455 1564 2481 mater
1592 2452 1656 2487 ejus
1684 2451 1791 2480 Helena

966 2503 1118 2537 exstruxit,
1137 2503 1231 2529 forma
1253 2500 1378 2535 oblonga
1393 2501 1421 2527 et
1436 2500 1510 2525 tecto
1534 2497 1629 2532 ligneo
1645 2498 1791 2532 opertum.

966 2548 1037 2576 Item
1061 2548 1286 2574 monumentum
1312 2544 1536 2580 imperatorum,
1553 2541 1582 2569 in
1607 2549 1665 2577 quo
1681 2542 1710 2569 et
1729 2539 1793 2576 ipse

967 2591 1102 2619 conditus
1117 2592 1172 2618 est.

1073 2649 1111 2676 De
1124 2647 1183 2676 mdo
1200 2655 1246 2675 seu
1261 2650 1352 2675 tractu
1364 2644 1500 2680 ϐαι·ρίαηὶ
1514 2643 1684 2678 cognomine.

1001 2702 1102 2730 (Edam
1125 2709 1175 2729 seu
1195 2701 1322 2728 tractum
1348 2697 1482 2734 Carpiani
1507 2697 1607 2724 condit
1630 2695 1791 2730 Carpianus

965 2746 1117 2783 patricius,
1141 2747 1272 2780 tempore
1287 2742 1472 2772 Constantini
1497 2740 1645 2777 Pogonati,
1666 2737 1788 2767 Heraclii

965 2791 1028 2819 ﬁlii.
