1953 3047
148 124 228 156 1239

327 191 364 218 De
377 190 491 218 ecclesia
505 198 566 226 quae
581 191 660 220 Bassi
676 196 796 220 vocatur.

185 234 346 263 Ecclesium
372 235 546 270 cognomine
571 237 664 270 Bassi,
690 237 799 265 Bassus
824 236 976 272 patricius,

150 287 220 308 cum
245 280 350 307 domus
373 278 469 315 ipsius
498 280 538 307 ibi
570 283 658 316 esset,
688 281 820 309 condidit
847 283 977 316 tempore

150 323 313 353 Justiniani
333 323 441 359 Magni.
458 324 532 352 Huic
552 324 704 361 indignata
719 325 872 353 Theodore
887 325 977 361 impe-

151 368 257 396 ratoris
275 376 347 396 uxor
362 367 470 396 chorda
492 372 582 405 caput
601 370 665 405 ejus
689 369 852 404 constringi
873 369 976 405 jussit,

150 413 192 441 ita
207 415 240 440 ut
253 412 330 441 oculi
346 413 411 448 ejus
425 413 580 441 exilierint.

418 503 455 529 De
471 502 571 531 Sancto
584 504 716 532 Artcmto.

185 546 340 582 Templum
357 546 386 574 S.
402 547 524 575 Joannis
540 547 731 576 Praecursoris
750 548 891 576 condidit.
909 549 978 576 Ana-

149 592 260 620 stasius
295 590 418 619 Dicorus
451 591 638 620 Silentiarius
671 592 881 628 Dyrrachinos.
916 592 977 620 Iliic

149 635 241 670 enim,
260 643 326 663 cum
342 634 456 670 primus
472 644 489 663 ο,
504 637 624 665 secretis
640 637 737 664 adhuc
757 639 845 669 esset,
862 636 977 664 habita-

148 680 211 709 bat.
227 680 388 716 Postquam
404 687 472 708 vero
494 679 623 716 reliquiae
649 681 677 708 S.
695 680 815 709 Artemii
831 689 865 708 eo
880 683 976 708 trans-

150 724 216 752 latae
246 725 365 753 fuerunt
393 732 500 752 nomen
526 725 556 753 S.
581 726 705 754 Artemii
731 725 874 761 templum
904 725 976 753 illud

151 768 290 798 obtinuit.

232 825 272 851 De
285 823 387 859 templo
402 823 430 851 S.
446 823 573 859 Procopii
589 823 716 852 Chelonz
729 824 898 859 nuncupata.

187 903 219 931 In
239 902 343 931 eodem
368 902 478 939 templo
502 903 602 932 Sancti
629 903 760 940 Procopii
775 903 910 932 Chelonae
924 911 974 932 co-

149 947 321 984 gnominata
341 947 497 983 cujusdam
522 948 650 976 eunuchi
667 950 766 976 statua
789 951 886 976 erecta
909 947 974 981 fuit,

148 992 179 1020 in
202 993 289 1027 cujus
312 994 429 1028 pectore
449 992 624 1028 inscriptum
640 995 703 1021 erat
720 1001 727 1020 :
745 993 873 1028 Quisquis
894 993 975 1027 signa

146 1037 252 1072 magica
274 1040 429 1065 consecrata
454 1037 514 1064 loco
534 1037 660 1070 moverit,
678 1038 775 1073 laqueo
796 1039 973 1073 prae/ocatur.

147 1081 216 1108 Erat
231 1082 330 1108 autem
353 1082 449 1108 statua
463 1080 594 1109 Platonis
618 1081 803 1115 cubicularii,
820 1081 870 1116 qui
894 1081 974 1109 Basi-

147 1124 212 1153 lisci
237 1124 423 1161 imperatoris
447 1124 630 1161 temporibus
646 1125 730 1153 vivus
754 1125 837 1154 arsit.
854 1124 975 1161 Cognati

147 1177 216 1198 vero
231 1169 296 1205 ejus
312 1169 348 1197 ab
373 1169 548 1206 imperatore
564 1170 723 1205 petierunt,
739 1173 771 1198 ut
794 1170 907 1198 Platoni
925 1179 976 1198 eu-

149 1213 247 1242 nucho
262 1215 363 1241 statua
378 1215 545 1249 poneretur.
560 1213 611 1242 Ille
630 1222 698 1242 vero
719 1214 798 1242 haud
814 1214 975 1250 prohibuit.

149 1257 293 1286 Ceterum
304 1265 371 1286 cum
386 1257 531 1294 templum
546 1259 576 1286 S.
594 1258 724 1294 Procopii
741 1258 975 1294 remdiﬁcaretur,

149 1303 180 1331 in
200 1302 431 1339 Hippodromum
458 1304 558 1330 statua
582 1302 633 1331 illa
656 1303 800 1331 translata
822 1305 875 1331 est.
892 1303 977 1331 Rides

146 1355 215 1375 vero
231 1347 327 1383 ipsius
341 1347 469 1375 eunuchi
483 1347 519 1375 ad
536 1347 709 1376 hodiernam
726 1356 820 1384 usque
836 1347 913 1375 diem
930 1356 977 1376 su-

147 1394 272 1429 persunt
285 1391 316 1420 in
331 1391 468 1420 Chelone.

231 1446 268 1473 De
284 1449 378 1473 sancto
391 1446 534 1481 Procopio,
549 1447 574 1473 et
591 1445 689 1474 Sancto
707 1446 890 1482 Melrophane.

181 1524 340 1553 Ecclesium
361 1527 392 1552 S.
408 1525 541 1561 Procopii
567 1525 596 1552 in
621 1525 758 1560 Chelone,
775 1528 803 1553 et
826 1527 854 1553 S.
870 1528 975 1554 Metro-

146 1569 254 1606 phauis
279 1568 410 1597 condidit
428 1570 642 1597 Constantinus
665 1570 806 1605 Magnus;
833 1570 974 1598 Sanctum

146 1622 216 1643 vero
257 1613 393 1641 Acacium
426 1614 548 1641 Carvam
591 1617 792 1650 nuncupatam
834 1615 976 1643 exstruxit

148 1659 240 1687 frater
267 1657 392 1686 Charisii
422 1658 548 1694 patricii,
574 1661 705 1694 tempore
733 1659 843 1687 Justini
871 1662 900 1687 et
927 1659 973 1687 Ti-

148 1702 235 1731 berii.

336 1750 375 1776 De
391 1747 489 1775 Sancto
503 1747 634 1784 Procopio
651 1747 790 1776 Chelonac.

185 1793 215 1820 S.
231 1791 404 1828 Procopium
419 1791 449 1819 in
465 1791 602 1826 Chelone,
618 1796 645 1820 et
658 1792 866 1828 Heptascalum
883 1793 976 1820 aediﬁ-

148 1836 442 1865 cavitCanstantinus
454 1836 779 1873 Magnus.Justinianus
791 1846 856 1865 vero
865 1838 975 1865 Sancta:

147 1881 262 1917 Sophia
278 1881 412 1909 conditor
433 1881 576 1917 templum
602 1881 675 1909 illud
701 1881 818 1909 nomine
833 1885 861 1910 8.
879 1883 975 1910 Acucii

147 1926 290 1963 appellari
304 1925 408 1954 voluit.

439 1970 476 1997 De
491 1970 685 2006 Mesomphalo.

183 2014 404 2050 Mesomphulus
428 2014 458 2042 in
484 2015 580 2042 medio
605 2016 717 2050 septem
749 2015 831 2042 urbis
857 2015 975 2044 collium

143 2060 224 2095 jacet
248 2067 255 2086 :
281 2061 341 2086 tres
370 2058 483 2087 scilicet
509 2059 545 2086 ab
576 2061 699 2094 utraque
730 2062 811 2094 parte
839 2062 919 2093 sunt,
949 2063 976 2088 et

147 2104 225 2131 inter
249 2105 389 2139 utrosque
414 2102 652 2139 Mesomphalus,
679 2103 802 2139 ideoque
828 2104 869 2131 sic
892 2113 976 2132 voca-

151 2149 212 2176 tus.

237 2193 276 2220 De
288 2193 381 2220 sancto
396 2192 525 2228 Procopio
541 2191 707 2220 Condalium
721 2195 887 2229 nuncupata.

184 2237 338 2273 Templum
369 2237 400 2265 S.
431 2236 564 2271 Procopii
589 2237 765 2264 Condulium
797 2237 974 2274 appellatum
993 2238 1015 2270 D

148 2282 218 2310 inde
233 2290 339 2310 nomen
356 2281 480 2317 accepit,
495 2281 572 2317 quod
588 2281 800 2309 Constantinus
814 2282 973 2310 Justiniani

148 2325 327 2354 Rhinotmeti
349 2327 431 2362 pater
452 2325 527 2353 istac
543 2325 690 2354 transiens
715 2326 886 2362 ccespilante
901 2335 976 2362 equo

150 2370 298 2407 collapsus
314 2369 362 2398 sit.

304 2415 341 2442 De
355 2413 455 2442 Sancto
470 2414 577 2442 Joanne
592 2414 730 2441 Cinthelia
747 2415 828 2441 dicio.

185 2458 340 2495 Templum
364 2459 393 2486 S.
410 2458 533 2486 Joannis
557 2457 702 2486 Cinthelia
727 2459 977 2495 cognominatum,

148 2503 218 2532 inde
235 2511 342 2531 nomen
359 2503 508 2539 accepisse
524 2503 633 2535 ferunt,
649 2503 726 2538 quod
749 2502 788 2530 ibi
809 2504 889 2539 parvi
905 2499 978 2532 clavi

149 2547 306 2583 afﬁgendis
331 2555 476 2583 equorum
503 2546 592 2575 soleis
616 2546 802 2574 cudercntur.
829 2547 979 2583 Ejusmodi

150 2592 229 2620 enim
245 2591 321 2620 clavi
337 2591 478 2619 cinthelia
492 2593 645 2619 vocantur.

620 126 817 157 APPENDIX
839 127 891 156 AD
914 125 1144 156 MlCHAELEM
1167 125 1360 157 PSELLUM.

1783 125 1869 156 1240

1308 190 1374 228 Περὶ
1388 192 1441 218 τῶν
1458 190 1576 219 Βάσσου.

1067 235 1105 262 Τὰ
1129 234 1156 262 ’δὲ
1181 236 1286 263 Βάσσου
1312 235 1436 273 ἀνήγειρε
1458 235 1563 266 Βάσσος
1591 235 1747 273 πατρίκιος,
1767 234 1868 270 ἐπειδὴ

1032 279 1107 310 οἶκος
1137 279 1219 307 αὐτοῦ
1244 279 1290 314 ἦν,
1307 279 1332 307 ἑν
1356 282 1416 310 τοῖς
1439 279 1552 317 χρόνοις
1571 281 1620 306 τοῦ
1644 280 1776 317 Μεγόὲλου
1793 281 1869 308 Ἰου-

1033 325 1176 352 στινιανοῦ.
1191 323 1238 356 Εἷς
1262 323 1361 362 ἔχθραν
1387 323 1504 356 ἐλθοῦσα
1529 324 1586 360 μετ’
1609 324 1694 351 αὐτοῦ
1716 327 1766 352 τοῦ
1793 324 1868 352 Baia-

1033 377 1080 394 σου
1094 366 1220 406 Θεοδώρα
1234 369 1251 403 ἡ
1266 368 1334 406 γυνή
1366 367 1501 406 βασιλέως
1524 367 1630 407 ἔσφιγξε
1653 369 1704 403 τήν
1735 367 1866 406 κεφαλήν

1032 411 1114 439 αὐτοῦ
1154 412 1219 449 μετὰ
1257 411 1377 451 κόρδας,
1405 413 1450 440 καὶ
1490 411 1658 448 ἐξεπήδησαν
1696 413 1723 440 οἱ
1760 413 1867 441 τούτου

1032 455 1120 494 ὀφθαλ
1125 457 1171 492 μοί
1178 479 1184 485 .

1239 501 1304 538 Περὶ
1319 503 1368 529 τοῦ
1383 500 1476 539 ’Λγίου
1491 501 1647 540 Ἀρτεμίου-

1067 545 1116 572 Τὸν
1148 543 1176 572 δὲ
1203 545 1266 572 ναὸν
1294 547 1344 573 τοῦ
1372 544 1538 584 Προδρόμου
1567 545 1706 584 ἀνήγειρεν
1730 546 1866 575 Ἀναστά-

1033 600 1089 620 σιος
1115 590 1129 617 ὁ
1154 589 1279 628 Δίκορος,
1296 590 1310 618 ὁ
1333 590 1386 617 ἀπὸ
1402 589 1592 628 σελεντιαρίων
1620 591 1633 617 ὁ
1663 590 1842 628 Δυρέαχίτης
1857 601 1864 607 ·

1032 632 1109 665 ὄντος
1132 634 1182 672 γὰρ
1204 634 1286 662 αὐτοῦ
1314 636 1553 672 πρωτοασεκρῆτις
1583 633 1668 662 ἐκεῖσε
1691 633 1768 670 ᾤκει.
1786 635 1867 663 Μετὰ

1032 677 1061 706 εὶ
1075 679 1106 706 τὸ
1127 680 1293 714 κομισθῆναι
1321 679 1352 706 τὸ
1381 678 1508 716 λείψανον
1538 681 1586 707 τοῦ
1606 680 1687 716 ἁγίου
1703 680 1864 717 ’Λρτεμίου,

1032 722 1179 761 ὠνομάσθη
1196 723 1209 750 ὁ
1224 723 1286 754 ναὸς
1300 725 1349 751 τοῦ
1365 723 1522 762 Ἀρτεμὶου.

1031 821 1096 859 Περὶ
1138 823 1186 849 τοῦ
1222 824 1288 850 ναοῦ
1323 821 1493 859 τοῦίΑγίου

1385 858 1487 893 λώνης.

1065 903 1126 931 Ὅτι
1142 901 1167 930 ἐν
1182 904 1223 939 τῷ
1237 902 1312 939 αὐτῷ
1334 905 1392 939 ναῷ
1413 906 1464 937 τῆς
1488 901 1632 938 Χελώνης,
1649 903 1739 938 στήλη
1763 901 1864 930 ἵστατο

1029 946 1163 984 εὐνούχου
1188 947 1274 983 τινὸς,
1342 946 1367 975 ἐν
1396 949 1437 984 τῷ
1461 948 1553 982 στήθει
1583 946 1696 986 ἐγράφη-
1713 948 1742 974 ’0
1773 958 1860 984 μετα-

1027 991 1111 1022 τιθεὶς
1142 991 1268 1027 θεμάτια,
1295 993 1334 1028 τῷ
1360 992 1457 1029 βρόχῳ
1482 990 1678 1027 παραδοῡήτω.
1700 993 1750 1019 Ἦν
1778 990 1809 1019 ὃὶ
1838 993 1858 1026 ἡ

1030 1034 1118 1071 στήλη
1152 1035 1300 1067 Πλάτωνος
1320 1033 1562 1073 κουϐικουλαρίου,
1590 1036 1619 1067 ὃς
1644 1036 1670 1063 ἐν
1694 1039 1755 1067 ταῖς
1784 1037 1858 1072 ἡμὲ-

1030 1090 1089 1118 ραις
1106 1079 1240 1117 βασιλέως
1262 1082 1310 1108 τοῦ
1334 1079 1500 1109 Βασιλίσκου
1524 1080 1707 1118 πυρίκαυστος
1731 1081 1859 1118 γέγονεν.

1030 1125 1061 1151 Oi
1075 1123 1103 1152 δὲ
1117 1127 1166 1159 τῆς
1182 1127 1272 1162 γενεᾶς
1300 1125 1382 1152 αὐτοῦ
1408 1124 1543 1162 ᾐτήσαντο
1570 1125 1616 1152 τὸν
1648 1124 1762 1163 βασιλέα
1792 1126 1862 1160 στή-

1031 1167 1084 1204 λην
1099 1169 1181 1196 Θεῖναι
1197 1171 1236 1205 τῷ
1261 1169 1386 1206 εὐνούχῳ
1409 1168 1546 1196 Πλάτωνι·
1564 1170 1578 1196 ὁ
1603 1168 1631 1196 δὲ
1652 1169 1701 1197 οὐκ
1726 1168 1860 1198 ἐκώλυεν.

1031 1214 1075 1242 Ἐν
1093 1212 1122 1240 δὲ
1135 1216 1175 1249 τῷ
1189 1212 1377 1248 ἀνακτίζεσθαι
1392 1214 1438 1240 τὸν
1455 1214 1517 1241 ναὸν
1540 1215 1589 1240 τοῦ
1605 1213 1709 1251 Ἀγίου,
1727 1214 1860 1250 μετετέθη

1032 1258 1070 1288 εἷς
1093 1257 1125 1285 τὸ
1146 1256 1340 1296 Ἰπποδρόμιον
1353 1269 1359 1275 ·
1374 1257 1400 1285 οἱ
1424 1256 1453 1285 δὲ
1476 1258 1546 1285 οἶκοι
1561 1260 1609 1285 τοῦ
1625 1259 1709 1286 αὐτοῦ
1725 1258 1861 1296 εὐνούχου

1032 1303 1164 1337 σώζονται
1176 1301 1230 1333 ἓως
1243 1305 1293 1337 τῆς
1309 1303 1428 1340 σήμερον
1447 1301 1472 1330 ἐν
1487 1303 1522 1338 τῇ
1536 1301 1663 1340 Χιλώνῃ.

1533 821 1689 860 Προκοπίου
1723 825 1773 857 τῆς
1809 825 1864 850 Χε-

1032 1445 1096 1482 Περὶ
1122 1447 1171 1472 τοῦ
1199 1443 1294 1482 Ἃγίου
1321 1444 1492 1483 Προκοπίου,
1519 1445 1563 1472 καὶ
1593 1447 1642 1472 τοῦ
1674 1445 1769 1483 ’Λγίου
1798 1449 1858 1481 Μη-

1362 1480 1522 1520 τροφάνους.

1068 1525 1119 1554 Τὸν
1146 1524 1174 1552 δὲ
1197 1526 1290 1563 ’Ἀγιον
1320 1525 1475 1563 Προκόπιον
1504 1525 1553 1559 τὴν
1579 1525 1723 1561 Χελωνην,
1739 1526 1784 1553 καί
1810 1526 1858 1553 τὸν

1032 1568 1129 1607 ’Ἃγιον
1155 1570 1341 1609 Μητροφάνη·.
1369 1567 1470 1597 ἔκτισεν
1487 1570 1500 1597 ὁ
1517 1569 1610 1607 Μέγας
1635 1572 1857 1602 Κωνσταντῖνος·

1029 1615 1074 1642 τὸν
1101 1613 1130 1641 δὲ
1155 1614 1230 1652 ἅγιον
1247 1614 1370 1642 ’Λκάκιον
1393 1615 1442 1649 τήν
1468 1614 1576 1652 Καρύαν
1593 1613 1694 1642 ἔκτισεν
1709 1615 1724 1641 ὁ
1739 1614 1857 1652 ἀδελφὸς

1030 1658 1162 1696 Χαρισίου
1191 1658 1347 1695 πατρικίου,
1365 1658 1391 1686 ἐν
1419 1661 1476 1690 τοῖς
1505 1658 1618 1697 χρόνοις
1638 1659 1785 1688 Ἰουστίνου
1812 1659 1857 1686 καὶ

1029 1700 1168 1741 Τιϐερίου.

1129 1747 1193 1785 Περὶ
1209 1749 1257 1774 τοῦ
1271 1747 1362 1785 Ἃγίου
1378 1747 1534 1785 Προκοπίου
1550 1751 1599 1782 τῆς
1616 1747 1756 1783 Χελώνης.

1065 1793 1127 1821 ’Ὁτι
1156 1792 1205 1826 τὴν
1236 1793 1361 1826 Χελώνην
1378 1792 1423 1819 τὸν
1440 1793 1537 1829 ’Άγιον
1553 1792 1720 1830 Προκόπιον,
1736 1792 1780 1819 καὶ
1810 1793 1856 1820 τὸν

1030 1835 1214 1865 Ἐπτάσκαλον
1245 1837 1259 1863 ὁ
1287 1836 1379 1874 Μέγας
1409 1839 1611 1867 Κωνσταντῖνος
1645 1836 1799 1874 ἀνήγειρεν.
1829 1838 1858 1864 '0

1032 1881 1266 1912 δὲ’[ουστινιανὸς
1295 1882 1309 1908 ὁ
1332 1880 1449 1919 κτίστωρ
1477 1882 1526 1915 τῆς
1553 1880 1681 1919 Μεγάλης
1710 1880 1857 1917 ἐκκλησίας

1031 1925 1142 1954 ἐκάλεσε
1156 1925 1201 1953 τὸν
1218 1925 1292 1960 ναὸν,
1308 1926 1385 1963 ἅγιον
1403 1926 1543 1953 Ἀκάκιον.

1272 1970 1337 2007 Περί
1351 1972 1399 1997 τοῦ
1415 1969 1614 2008 Μεσομφάλου.

1065 2015 1128 2043 ’Ότι
1154 2014 1186 2041 τὸ
1215 2013 1360 2052 λεγόμενον
1387 2013 1570 2052 Μεσὸμφαλον
1612 2014 1692 2050 μέσον
1717 2013 1772 2041 ἐστῖ
1802 2017 1857 2041 τῶν

1032 2059 1098 2087 ἑπτὰ
1127 2058 1329 2097 λόφων,ἤγουν
1359 2059 1376 2093 ἡ
1405 2058 1453 2094 μία
1481 2061 1563 2096 μοῖρα
1583 2062 1633 2093 τῆς
1658 2058 1767 2089 πόλεως
1799 2058 1857 2096 ἔχει

1031 2106 1103 2140 τρεῖς
1131 2101 1246 2142 λόφους,
1266 2103 1309 2130 rei
1339 2104 1357 2137 ἡ
1387 2102 1474 2138 ἑτέρα,
1503 2105 1576 2140 τρεῖς
1594 2112 1601 2118 ·
1619 2102 1663 2130 καὶ
1692 2103 1771 2139 μέσον
1802 2103 1858 2130 ἐστὶ

1030 2150 1111 2175 τοῦτο
1129 2157 1135 2163 '
1153 2146 1198 2174 διὰ
1211 2146 1291 2174 τοῦτο
1307 2147 1410 2183 ἐκλήθη
1428 2146 1626 2186 Μεσόμιραλον,

1130 2193 1196 2230 Περὶ
1208 2194 1256 2219 τοῦ
1270 2191 1362 2229 Ἃγίοο
1379 2192 1534 2228 Προκοπίου
1548 2192 1579 2219 τὸ
1594 2191 1758 2220 Κονδύλιον.

1065 2238 1124 2264 Ὀτι
1140 2237 1171 2264 τὸ
1198 2235 1352 2264 Κονδύλιον
1375 2237 1389 2263 ὁ
1410 2237 1504 2273 ’Ἄγιος
1523 2235 1688 2273 Προκόπιος,
1705 2235 1751 2263 διὰ
1777 2239 1857 2264 τοῦτο

1033 2280 1137 2316 ἐκλήθη
1167 2280 1266 2314 οὕτως,
1281 2280 1322 2308 δτι
1349 2279 1527 2318 διερχόμενος
1554 2281 1754 2312 Κωνσταντῖνος
1778 2281 1792 2308 ὁ
1807 2292 1857 2308 πα-

1030 2327 1082 2363 τὴρ
1108 2327 1299 2352 Ἰουστινιανοῦ
1321 2327 1370 2352 τοῦ
1393 2325 1573 2361 Ῥινοτμήτου
1602 2324 1688 2352 ἐκεῖσε
1716 2324 1856 2353 ἐκονόύλι-

1032 2381 1075 2398 σεν
1093 2370 1106 2397 ὁ
1118 2369 1205 2400 ’ίππος
1220 2369 1314 2404 αὐτοῦ,
1328 2369 1373 2396 καὶ
1388 2368 1492 2397 ἔπεσεν.

1154 2414 1218 2450 Περὶ
1233 2416 1281 2441 τοῦ
1297 2413 1391 2451 Ἀγίου
1406 2412 1533 2441 Ἰωάννου
1548 2413 1580 2440 τὰ
1594 2413 1737 2449 Κινθήλισ.

1067 2460 1129 2488 ’Ὁτι
1157 2459 1191 2486 τὰ
1217 2457 1353 2496 λεγόμενα
1381 2457 1515 2493 Κινθήλια
1542 2458 1588 2485 τὸν
1614 2459 1708 2495 Ἅγιον
1731 2458 1858 2494 Ἰωάννην

1034 2503 1227 2541 λέγουσιν,δτι
1257 2503 1342 2534 οὕτως
1371 2502 1489 2538 ἐκλήθη,
1505 2501 1550 2530 διὰ
1573 2503 1604 2530 τὸ
1632 2503 1743 2538 κάμνειν
1774 2502 1860 2531 ἐκεῖσε

1033 2549 1066 2576 τὰ
1097 2548 1180 2586 μικρὰ
1205 2547 1304 2586 καρφία
1338 2547 1371 2574 τὰ
1408 2544 1617 2584 καϐαλλαρικᾶ,
1647 2548 1714 2585 ἅπερ
1750 2547 1859 2586 λέγουσι

1034 2591 1180 2628 Κινθήλια.

268 2649 305 2677 De
319 2650 419 2685 templo
435 2649 482 2677 SS.
499 2650 689 2684 Quadraginta
702 2649 738 2677 ad
755 2650 883 2678 Thermas
900 2652 1166 2685 Constantiniana,
1182 2659 1286 2679 necnon
1300 2650 1333 2679 de
1347 2650 1471 2679 Ecclesia
1486 2651 1581 2679 Sancti
1596 2651 1738 2686 Stephani.

187 2698 343 2734 Templum
367 2699 539 2726 Sanctorum
556 2699 766 2735 Quadraginta,
784 2700 861 2735 quod
879 2703 923 2727 est
943 2702 978 2729 ad

150 2743 293 2771 Thermas
314 2742 572 2771 Constantinianas
596 2743 772 2771 Anastasius
797 2746 824 2770 et
850 2745 979 2772 Ariadna

152 2788 342 2816 aedificarunt.
354 2787 511 2822 Postquam
529 2795 595 2815 vero
616 2788 742 2815 advectae
757 2790 826 2815 sunt
848 2788 977 2824 reliquiis

1069 2701 1131 2729 ’Ότι
1146 2699 1192 2727 τὸν
1221 2699 1283 2726 ναὸν
1310 2699 1355 2726 τὸν
1384 2697 1448 2727 ὅντα
1473 2699 1511 2731 εἰς
1533 2699 1781 2731 Κωνσταντινισνὰς
1806 2702 1858 2727 τῶν

1033 2744 1130 2782 Ἁγίων
1168 2744 1214 2779 M',
1243 2743 1417 2774 Ἀναστάσιος
1451 2743 1495 2770 καὶ
1527 2741 1654 2781 Ἀριάδνη
1688 2743 1832 2782 ἀνήγειρεν
1851 2765 1857 2772 .

1033 2789 1109 2817 Μετᾶ
1137 2787 1166 2816 δὶ
1193 2788 1225 2815 τὸ
1249 2787 1337 2815 ἐλθεῖν
1360 2788 1390 2815 τὸ
1420 2787 1547 2825 λείψανον
1576 2789 1624 2815 τοῦ
1648 2787 1725 2826 ἁγίου
1750 2798 1858 2826 πρωτο-
