1950 3050
103 121 179 150 1241

667 124 849 156 ANONYMI
872 125 1164 160 ANTIOUITATES
1188 127 1248 156 CP.

1734 124 1811 154 1942

105 185 242 223 μάρτυρος
270 186 416 223 Στεφάνου,
433 187 579 226 ἆνήγειραν
606 187 697 228 ἕτερον
729 190 825 228 μικρὸν
852 191 907 218 ναὸη

1028 192 1168 228 Stephani
1192 191 1424 228 protomartyris,
1442 190 1566 219 alterum
1591 199 1712 226 parvum
1736 193 1810 219 tem~

101 230 148 257 καὶ
164 229 307 267 ὠνόμασαν
323 231 413 266 αὐτὸν,
425 233 518 270 ’Ἀγιον
535 233 683 272 Στέφανον.

339 321 406 360 Περὶ
421 324 469 349 τοῦ
484 323 689 361 Διξιοκράτους.

139 365 176 392 Τὰ
205 365 397 403 Δεξιοκράτους
436 367 511 399 οἳκας
539 368 572 403 ἦν
603 368 794 407 Δεξιοκράτους
830 379 929 407 πατρι-

100 407 172 442 κίου,
189 407 214 435 ἦν
227 411 286 440 τοῖς
302 409 414 447 χρόνοις
426 409 569 438 Θεοδοσίου
593 414 641 439 τοῦ
658 411 777 451 Μικροῦ,
792 413 817 441 ἐν
841 414 863 449 ᾦ
884 414 929 441 καὶ

101 452 253 489 Μαυρίκιος
268 457 454 490 γηροκομεῖον
482 456 606 494 ἀνήγειρε
629 456 675 484 σὺν
696 460 755 488 τοῖς
785 455 928 494 ἐμϐόλοις.

97 497 149 524 Ἠν
179 495 207 524 δὲ
236 496 290 524 ἐκεῖ
313 498 388 530 οἶκος
406 502 562 537 Καρπιανοῡ
578 502 734 539 πατρικίου,
750 501 795 529 καὶ
825 501 850 538 ἐξ
881 502 928 529 αὖ-

95 543 147 568 τοῦ
164 540 276 580 εἴληφεν
291 543 305 570 ὁ
318 542 402 574 τόπος
417 545 465 579 τὴν
489 545 673 584 προσηγορίαν
691 549 855 584 Καρπιανοῦ.

421 634 485 672 Περὶ
502 633 601 672 Κύρου.

131 675 171 702 Τὰ
200 674 229 703 δὲ
267 676 357 714 Κύρου
395 678 446 712 τήν
475 679 634 717 ’Υπεραγίαν
669 681 800 708 Θεοτόκον
840 679 928 708 ἔκτισε

97 718 187 757 Κύρος
209 718 342 757 ἔπαρχος,
360 721 374 748 ὁ
396 722 441 749 καὶ
460 723 661 761 παριστάμενος
683 724 720 756 εἷς
742 725 772 752 τὸ
796 728 925 763 χερσαῖον

95 766 205 808 τεῖχος,
222 763 265 791 ἐπὶ
295 764 440 793 Θεοδοσίου
468 769 516 794 τοῦ
546 769 664 806 Μικροῦ,
691 770 844 808 κραξάντων
872 772 925 797 τῶν

98 805 209 844 δήμων·
226 808 267 836 ὅτι
302 809 388 848 Κύρος
418 811 462 838 καὶ
489 811 529 843 εἷς
556 811 627 840 ἄλλο
655 805 760 847 κινήσει
784 814 828 842 καὶ
858 825 927 852 προ-

97 851 190 889 κόψει.
217 853 266 910 K‘at’l
296 855 441 910 φθονηθεὶς
479 855 606 892 ἐποίησεν
643 857 722 886 αὐτὸν
753 859 767 886 ὁ
799 858 965 910 βασιλεὺςΒ

99 897 311 935 μητροπολίτην
328 899 365 931 εἶς
381 899 522 938 Σμύρνην.

354 998 421 1035 Ηερὶ
437 998 467 1025 τὸ
483 999 668 1035 Κοντοσκάλη.

136 1041 197 1069 Ὅτι
226 1040 257 1068 τὸ
292 1042 469 1079 Κοντοσκάλη
496 1045 513 1078 ἡ
543 1044 631 1081 πόρτα
659 1046 712 1072 ἀπὸ
741 1045 926 1084 Ἀγαλλιανοῦ

95 1085 277 1123 τουρμάρχου
303 1087 504 1124 παρισταμένου
521 1109 528 1122 ,
555 1089 599 1116 ὅτε
636 1088 754 1124 ἐκτίζετο
787 1091 801 1118 ὁ
828 1091 926 1128 λιμήν.

95 1129 240 1157 Ἐκαλεῖτο
271 1128 300 1158 δὲ
327 1130 431 1163 ἐκεῖνος
459 1133 650 1169 ΚοντοσκὲΛη,
679 1135 724 1161 καὶ
763 1133 808 1162 διὰ
845 1137 926 1163 τοῦτο

95 1172 202 1210 ἐκλήθη
220 1174 318 1206 οὕτως.

276 1229 341 1266 Περὶ
354 1232 402 1257 τοῦ
416 1230 529 1265 ξενῶνας
544 1233 593 1258 τοῦ
609 1231 743 1271 Θεοφίλου

133 1272 176 1299 Ἐν
204 1274 243 1308 τῷ
271 1272 435 1310 καλουμένῳ
464 1275 598 1313 Ζιῦγματι
627 1275 720 1304 ἐπάνω
748 1279 796 1305 τοῦ
827 1277 925 1315 λόφου,

99 1315 166 1352 ὅπερ
193 1317 287 1355 ὁρᾶται
318 1317 435 1354 εὕμηκες
464 1319 579 1357 κτίσμας
593 1324 771 1358 νοσοκομεῖον
798 1323 843 1358 ἦν,
860 1323 925 1360 ὅπερ

99 1360 243 1399 ἀνήγειρεν
273 1363 287 1390 ὁ
310 1362 401 1400 Μέγας
428 1367 629 1396 Κωνσταντῖνος
659 1366 697 1397 εἰς
724 1369 861 1404 πορνεῖον.
878 1368 926 1395 Γέ-

97 1415 162 1443 γονε
191 1404 220 1433 ’δὲ
244 1407 288 1433 καὶ
317 1407 391 1438 οἶκος
418 1407 558 1446 Ἰσιδώρου
586 1409 741 1448 πατρικίου,
757 1411 811 1439 εἶτα
843 1423 925 1449 μονα-

101 1450 215 1487 στήριον
243 1454 412 1488 γυναικεῖον·
429 1453 472 1480 καὶ
503 1453 517 1480 ὁ
546 1453 679 1492 Θεόφιλος
708 1454 834 1491 ἰποίησεν
861 1456 926 1484 αὐτὸ

101 1495 212 1530 ξενῶνα.
229 1496 336 1523 ’Ίστατο
352 1494 380 1523 δὲ
403 1495 492 1532 στήλη
520 1497 564 1525 ἐπὶ
589 1497 714 1527 κλωστοῦ
736 1500 828 1531 κίονος
855 1499 926 1533 λιθί-

97 1549 147 1565 νου
170 1542 220 1573 τῆς
235 1538 406 1578 Ἀφροδίτης’
421 1543 476 1568 τῶν
500 1539 529 1569 δὲ
551 1541 674 1570 πολιτῶν
696 1543 782 1571 ἰκεῖσι
808 1545 926 1583 ὰπερχο-
940 1560 962 1594 C

126 1583 132 1594 ι
241 1584 249 1594 \
267 1583 275 1594 Ἰ
308 1584 314 1594 Ι
514 1585 520 1594 1
568 1589 581 1594 υ
594 1586 599 1594 1
722 1589 729 1594 ι
779 1588 787 1594 ς
822 1591 834 1594 .-
905 1590 912 1594 ι

101 1583 189 1619 μένων
205 1584 249 1611 καὶ
267 1583 389 1621 ἐρώντων
413 1585 538 1621 σονουσίᾳ
568 1586 675 1620 ζώντων
700 1589 748 1619 τὰς
778 1588 864 1616 ἐκεῖσε
887 1590 926 1617 οἷ-

99 1627 199 1660 κοῦσας
219 1627 374 1666 μαχλάδας.
391 1630 507 1665 ’Έξωθεν
531 1631 580 1658 τοῦ
604 1631 686 1659 αὐτοῦ
711 1632 765 1670 οὗχ
788 1633 926 1671 εὑρίσκετο

96 1669 188 1709 ἕτερον
215 1676 357 1708 πορνεῖον.
375 1673 426 1701 Καὶ
455 1675 523 1709 ἦσαν
552 1673 687 1714 διάχωροι
703 1669 771 1714 πρὸς
783 1669 846 1709 τους
870 1678 926 1706 κίο-

97 1726 143 1747 νας
173 1717 240 1752 μετὰ
268 1716 416 1755 κρικελίων
443 1719 489 1746 xxi
517 1720 661 1757 κουρτίων⁷
685 1721 730 1748 καὶ
773 1721 859 1754 οὕτως
898 1724 926 1750 οἱ

99 1760 186 1787 ἐκεῖσε
211 1760 236 1788 ἐν
263 1761 364 1797 ἀσωτίᾳ
389 1760 463 1794 ὄντες
491 1764 535 1790 καὶ
562 1764 675 1802 ἐρῶντες
705 1765 859 1802 ἐτέρποντο.
875 1768 926 1796 Ἤν

100 1803 129 1832 δὲ
158 1804 247 1840 στήλη
277 1808 332 1833 τῶν
361 1805 387 1833 ἐν
419 1804 557 1844 ὑπολήψει
584 1808 670 1836 οὐσῶν
688 1810 812 1848 καθαιρῶν
838 1822 927 1848 γυναιι

99 1851 154 1876 κῶν
183 1851 237 1876 τῶν
266 1860 296 1877 τε
324 1851 465 1885 παρθένων
494 1851 539 1879 καὶ
570 1853 620 1888 μὴ,
637 1852 777 1881 πλουσίων
807 1865 837 1882 τε
856 1856 927 1892 ὁμοῦ

99 1894 145 1921 καὶ
167 1895 301 1929 πενήτων.
318 1894 367 1922 Καὶ
392 1894 436 1922 ἐάν
460 1905 502 1928 τις
525 1895 618 1924 ἔλυσεν
641 1897 730 1925 αὐτῶν
754 1899 803 1933 τήν
828 1900 927 1937 παρθε-

99 1938 230 1971 νίαν,καὶ
260 1938 299 1975 μή
331 1938 509 1976 βουλομένων
535 1939 807 1980 ὁμολογεῖν,ἕλεγον
836 1943 929 1976 αὐταῖς

101 1983 127 2027 οἱ
142 1985 232 2027 γονεῖς
253 1982 298 2010 καὶ
317 1983 343 2010 oi
358 1983 447 2022 φίλοι·
462 1983 644 2022 Ἀπέλθωμεν
660 1985 698 2017 εἷς
711 1986 742 2013 τὸ
764 1990 814 2022 τῆς
830 1988 926 2027 Ἀφρο-

101 2026 176 2062 δίτης
211 2025 332 2064 ἄγαλμα,
361 2028 405 2055 καὶ
434 2027 459 2055 εἴ
486 2029 590 2066 καθαρὰ
618 2030 650 2063 εἴ,
679 2028 835 2068 ἐλεγχθήσῃ
867 2025 928 2060 ηικεῗ

99 2071 173 2108 παρὰ
194 2074 244 2106 τῆς
270 2070 387 2106 στήλης.
403 2072 453 2099 Καὶ
478 2072 522 2100 ὅτι
546 2073 724 2109 ἐπλησίαζον,
749 2075 774 2102 εἴ
799 2076 846 2112 μὶν
873 2075 928 2113 ἄμ-

101 2126 212 2151 εμπτος,
244 2114 376 2153 διήρχετο
407 2113 586 2152 ἅϐλαϐήςυὴ
619 2116 647 2145 δὲ
675 2118 841 2157 ἐφθαρμένη,
868 2120 926 2148 ἐπι-

100 2159 194 2195 στασίᾳ
223 2159 308 2198 ἀθρόᾳ
333 2160 481 2195 ἐσηκοῦντο
495 2162 529 2188 τὰ
552 2161 649 2198 ἱμάτια
674 2163 768 2199 αὐτῆς,
785 2164 829 2191 καὶ
859 2163 926 2192 ἐδεί-

99 2214 162 2231 κνυε
175 2205 206 2231 τὸ
230 2204 326 2239 εαυτῆς
350 2203 467 2233 αἰδοῖον.
482 2205 603 2242 Ὁμοίως
631 2205 660 2233 δὲ
687 2206 732 2234 καὶ
759 2208 786 2234 αἱ
813 2205 925 2246 ἔχουσαι

101 2246 208 2285 ἄνδρας,
237 2248 280 2275 ἐὰν
313 2247 450 2286 λαθραίως
480 2241 673 2288 ἐμοιχεύοντο,
701 2253 782 2279 τοῦτο
811 2241 856 2279 καὶ
885 2252 925 2280 ἐπ’
943 2241 964 2273 D

101 2292 194 2323 αὐταῖς
225 2292 337 2330 ἐγίνετο,
353 2294 397 2320 καὶ
426 2293 512 2325 οὕτως
541 2294 717 2333 ἀπηλέγχετο
737 2297 780 2324 καὶ
806 2296 925 2334 ἐθαύμα-

103 2340 147 2372 ζον
177 2337 284 2372 πάντες,
312 2337 357 2364 καὶ
392 2337 530 2366 ἐπίστευον
569 2341 603 2376 τῇ
641 2339 774 2378 γενομένῃ
814 2341 927 2379 πορνείᾳ

103 2381 211 2409 ἐκείνων
239 2383 387 2416 τηνικαῦτα
416 2382 626 2420 ὁμολογουσῶν.
651 2384 682 2412 Ἡ
713 2382 741 2411 δὲ
765 2386 833 2423 γυνή
859 2386 926 2413 Ἰου-

102 2425 191 2454 πίνου
216 2428 264 2452 τοῦ
292 2425 345 2453 ἀπὸ
369 2426 582 2464 κουροπαλᾶτων
613 2427 754 2466 συνέτριψε
787 2429 835 2463 τήν
862 2431 925 2465 στή-

102 2469 164 2506 λην⁹
179 2469 223 2497 διὰ
237 2469 268 2497 τὸ
289 2470 334 2497 καὶ
349 2473 399 2505 τῆς
421 2470 506 2506 αὐτῆς
532 2470 636 2498 αὶδοῖον
664 2476 778 2511 φανῆναι
810 2483 925 2511 μοιχευ-

101 2516 196 2550 σάσης,
226 2513 410 2552 διερχομένης
432 2514 473 2552 ἐφ’
498 2514 578 2551 ’ίππῳ
607 2516 705 2551 ἐκεῖκε,
729 2517 774 2544 καὶ
804 2517 925 2555 ἀπερχο.

102 2560 182 2596 μένης
209 2559 235 2586 ἐν
260 2559 299 2595 τῷ
323 2557 440 2595 λούματι
455 2561 509 2586 τῶν
526 2558 703 2597 Βλαχερνῶν,
720 2559 827 2598 ὄμϐρου
856 2561 925 2598 ἐξαι-

101 2605 159 2631 σίου
195 2602 356 2641 γενομὲνού,
385 2603 429 2630 καὶ
467 2604 505 2640 μή
536 2602 686 2640 δυναμένης
716 2604 759 2632 διὰ
788 2605 924 2642 θαλάσσης

99 2649 198 2681 ταύτης
214 2647 240 2676 ἐν
256 2650 314 2678 τοῖς
333 2647 486 2685 βασιλικοῖς
504 2647 642 2686 δρόμωσιν
659 2648 715 2676 ἐκεῖ
728 2649 864 2682 ἀπελθεῖν.

358 2736 425 2772 Περὶ
440 2738 488 2764 τοῦ
504 2737 667 2775 Ζεύγματος.

135 2783 170 2810 Τὸ
194 2781 223 2810 δὲ
242 2784 287 2810 νῦν
312 2780 483 2819 καλούμενον
502 2783 610 2820 Ζεῦγμα
635 2781 740 2819 ἐκλήθη
767 2782 862 2819 οὕτως,
879 2785 924 2823 ἀφ’

983 236 1065 273 plum
1082 239 1296 271 exstruxerunt,
1311 245 1344 264 ac
1360 236 1554 272 appellatione
1569 235 1668 263 Sancti
1684 235 1810 271 Stepha-

983 281 1013 309 ni
1029 282 1189 309 donarunt.

1232 327 1268 354 Do
1283 326 1454 354 Dexiocmtis
1470 327 1569 353 tractu.

1020 370 1051 398 In
1067 370 1129 398 loco
1144 370 1325 399 Dexiocratis
1348 370 1440 405 dicto,
1457 370 1563 398 domus
1579 371 1641 397 erat
1656 368 1813 397 Dexiocra-

984 415 1022 443 tis
1046 415 1172 451 patricii,
1199 418 1329 451 tempore
1353 414 1510 442 Theodosii
1532 413 1674 441 Junioris.
1700 413 1809 441 Ibidem

984 459 1187 487 Gerocomium
1204 469 1263 487 una
1287 468 1354 487 eum
1379 459 1542 495 porticibus
1568 457 1728 486 Mauricius
1744 466 1809 486 exs-

982 504 1084 532 truxit.
1110 506 1252 532 Praeterea
1275 505 1378 532 eodem
1403 503 1510 531 inloco
1536 505 1599 530 erat
1621 503 1725 530 domus
1740 503 1809 530 Cur-

984 548 1063 584 piani
1080 548 1206 584 patricii,
1232 557 1247 576 a
1273 557 1331 584 quo
1357 549 1436 576 locus
1464 547 1514 576 ille
1543 547 1678 583 Carpiani
1701 555 1808 575 nomen

983 593 1103 627 accepit.

1071 638 1109 664 De
1122 637 1237 665 ecclesia
1255 637 1284 665 S.
1296 638 1421 673 Deiparae
1437 637 1502 672 Cyri
1516 637 1721 673 cognominata.

1018 681 1177 709 Ecclesiam
1202 681 1396 710 Sanctissimae
1421 682 1550 717 Deiparaa
1573 681 1638 717 Cy’ri
1656 688 1810 716 nuncupa-

981 726 1041 753 tam
1057 725 1211 754 aedificavit
1225 727 1316 763 Cyrus
1332 725 1555 762 prmfectus,qui
1571 733 1639 753 cum
1655 728 1810 753 structurae

981 770 1058 797 muri
1075 770 1221 798 terrestris
1246 771 1302 798 sub
1326 770 1491 798 Theodosio
1516 770 1636 798 Juniore
1661 771 1808 806 praeesset,

981 811 1081 850 populi
1101 815 1326 843 acclamationes
1350 814 1470 848 meruit,
1494 814 1630 848 dicentis,
1646 814 1707 842 fore
1725 816 1757 841 ut
1772 814 1808 842 ad

981 859 1122 894 majorem
1147 859 1355 895 proveheretur
1378 859 1553 895 dignitatem
1580 859 1682 894 Cyrus.
1699 858 1762 890 Qua
1776 858 1812 886 de

982 911 1013 930 re
1028 902 1139 931 invidia
1163 906 1262 932 motus
1287 903 1447 940 imperator
1471 903 1569 940 ipsum
1594 902 1810 939 metropolitem

982 947 1113 984 Smyrnae
1130 948 1207 976 fecit.

1149 1002 1186 1029 De
1197 1004 1278 1037 porta
1292 1002 1456 1036 cognomine
1473 1001 1638 1030 Contoscale.

1017 1045 1104 1073 Porta
1119 1054 1182 1081 quze
1207 1046 1376 1074 Coutoscale
1399 1045 1574 1082 appellatur,
1602 1045 1638 1072 ab
1656 1043 1808 1080 Agalliano

981 1089 1158 1123 Tumareha,
1179 1090 1228 1125 qui
1247 1092 1400 1118 structurae
1423 1092 1524 1126 portus
1551 1091 1683 1125 praeerat,
1700 1096 1808 1116 nomen

982 1134 1110 1170 accepit;
1135 1135 1293 1162 vocabatur
1313 1134 1391 1162 enim
1418 1135 1480 1170 ipse
1503 1133 1683 1167 Contoscele,
1699 1132 1807 1160 idcirco

981 1180 1008 1206 et
1025 1181 1108 1214 porta
1121 1179 1162 1206 ita
1177 1179 1383 1215 cognominata
1397 1178 1464 1206 fuit.

1199 1232 1236 1260 De
1249 1233 1419 1260 xenodochio
1434 1231 1584 1267 Theophili.

1017 1277 1048 1303 In
1064 1275 1126 1304 loco
1139 1279 1308 1312 nuncupato
1324 1279 1480 1312 Zeugmate
1491 1284 1580 1312 supra
1596 1275 1711 1309 collem,
1728 1275 1806 1311 quod

981 1328 1059 1348 nune
1080 1320 1255 1356 prolongum
1283 1321 1385 1349 visitur
1409 1321 1577 1354 aedificium,
1603 1319 1805 1347 nosocomium

981 1367 1052 1398 erat,
1069 1367 1249 1393 exstructum
1276 1365 1346 1393 olim
1371 1375 1388 1393 a
1412 1365 1604 1393 Constantino
1629 1366 1732 1400 Magno
1753 1372 1804 1400 pro

980 1408 1126 1445 lupanari.
1153 1409 1276 1444 Fuitque
1300 1411 1400 1445 postea
1426 1410 1531 1437 domus
1555 1408 1658 1436 Isidori
1679 1408 1806 1444 patricii,

981 1462 1014 1481 ac
1029 1453 1096 1481 dein
1108 1454 1319 1481 monasterium
1335 1453 1502 1481 mulierum.
1515 1452 1695 1488 Theophilus
1706 1454 1803 1480 autem

980 1497 1066 1525 vertit
1081 1497 1152 1525 illud
1169 1498 1198 1525 in
1214 1498 1438 1526 xenodochium.
1455 1498 1614 1533 Stabatquc
1629 1497 1737 1524 ibidem
1755 1505 1805 1524 su-

981 1550 1034 1577 pra
1048 1541 1215 1569 columnam
1241 1542 1385 1578 lapideam
1412 1542 1538 1570 tortilem
1555 1542 1673 1570 Veneris
1689 1543 1804 1569 statua:

981 1586 1057 1613 cives
1074 1588 1170 1613 autem
1192 1586 1260 1614 illuc
1277 1586 1482 1614 convenientes
1497 1594 1531 1613 ac
1545 1587 1699 1619 amatores,
1716 1593 1805 1613 mere-

980 1631 1067 1658 trices
1091 1630 1179 1658 isthic
1203 1630 1368 1658 habitantes
1393 1631 1428 1658 ad
1453 1631 1640 1658 concubitum
1663 1630 1805 1664 adibant;

981 1678 1085 1711 praeter
1099 1675 1152 1702 hoc
1178 1675 1285 1711 quippe
1309 1676 1434 1711 lupanar
1449 1675 1563 1703 nullum
1590 1674 1670 1702 aliud
1687 1675 1717 1702 in
1734 1674 1806 1701 urbe

980 1719 1194 1746 inveniebatur.
1215 1720 1309 1755 Igitur
1334 1720 1434 1747 eodem
1460 1720 1489 1746 in
1515 1719 1577 1747 loco
1602 1719 1638 1746 ad
1654 1718 1807 1746 columnas

981 1763 1135 1791 exstabant
1162 1764 1252 1798 cella),
1280 1764 1416 1791 cancellis
1446 1766 1475 1791 et
1503 1763 1623 1791 cortinis
1649 1762 1807 1796 distinctas,

981 1807 1059 1834 intra
1075 1816 1148 1843 quas
1164 1811 1297 1835 amantes
1314 1807 1427 1835 libidini
1443 1816 1475 1835 ac
1496 1807 1637 1843 voluptati
1653 1806 1806 1834 vacabant.

981 1853 1047 1878 Hac
1067 1851 1188 1887 insuper
1209 1854 1308 1879 statua
1324 1852 1389 1879 usui
1407 1854 1468 1879 erat
1483 1852 1517 1878 ad
1535 1851 1690 1879 mulierum
1707 1853 1735 1878 et
1751 1850 1807 1877 vir-

982 1896 1096 1932 ginum,
1126 1896 1249 1924 divitum
1274 1897 1442 1932 inopumve,
1469 1905 1532 1932 quac
1555 1895 1584 1923 in
1607 1895 1806 1931 suspicionem

981 1942 1130 1974 venerant,
1161 1941 1331 1975 pudicitiam
1358 1941 1550 1976 probandam.
1575 1940 1604 1968 Si
1629 1940 1697 1975 quis
1728 1940 1806 1967 enim

981 1985 1024 2012 eis
1037 1985 1235 2021 virginitatem
1253 1985 1420 2021 eripuisset,
1431 1985 1503 2020 ipsis
1517 1984 1681 2020 virginibus
1696 1984 1807 2012 factum

982 2029 1170 2065 negantibus,
1187 2032 1323 2065 parentes
1340 2032 1367 2057 et
1383 2030 1469 2057 amici
1485 2029 1621 2057 dicebant
1637 2037 1644 2056 :
1660 2029 1807 2056 Adeamus

980 2073 1102 2101 Veneris
1124 2076 1264 2108 statuam,
1281 2075 1309 2101 et
1332 2073 1384 2101 illa
1399 2073 1544 2101 castitatis
1568 2076 1625 2101 tua:
1641 2072 1806 2108 periculurn

983 2118 1077 2145 faciet.
1096 2117 1154 2145 Ubi
1170 2127 1235 2145 vero
1258 2118 1326 2145 illuc
1348 2121 1541 2152 accesserant,
1559 2118 1581 2145 si
1597 2118 1688 2153 culpa:
1704 2125 1806 2153 expers

981 2166 1052 2195 erat,
1070 2163 1161 2190 illmsa
1183 2163 1399 2198 pertransibat;
1426 2163 1471 2190 sin
1497 2165 1594 2190 autem
1610 2162 1711 2189 vitiata
1733 2163 1806 2195 erat,

981 2207 1078 2234 subito
1095 2207 1222 2242 quodam
1239 2207 1464 2242 impetu,vestcs
1479 2207 1543 2242 ejus
1555 2207 1805 2242 discerpebantur,

981 2260 1013 2279 ac
1030 2252 1166 2286 pudenda
1180 2251 1363 2279 ostendebat.
1381 2252 1460 2279 idem
1478 2252 1618 2279 uxoribus
1635 2250 1807 2277 adulteratis

981 2296 1178 2331 contingebat,
1207 2296 1370 2331 eodemque
1400 2296 1508 2323 indicio
1543 2295 1804 2323 convincebuntur.

982 2340 1054 2368 Huic
1082 2339 1196 2367 violatae
1223 2339 1370 2375 pudicitiae
1409 2340 1578 2367 testimonio
1608 2347 1710 2366 omnes
1737 2346 1804 2366 cum

981 2393 1098 2412 summa
1123 2383 1315 2411 admiratione
1339 2384 1426 2412 ﬁdem
1453 2384 1611 2417 habebant,
1637 2383 1710 2419 ipsis
1735 2383 1803 2410 item

981 2429 1092 2456 factum
1109 2437 1165 2456 non
1182 2428 1259 2455 ultra
1282 2428 1467 2464 negantibus.
1494 2428 1570 2456 Uxor
1585 2432 1682 2455 autem
1697 2427 1806 2455 Justini

981 2473 1159 2508 Curopalatze
1174 2475 1304 2500 statuam
1327 2473 1402 2500 hanc
1428 2473 1582 2508 confregit,
1598 2481 1631 2500 eo
1647 2472 1725 2507 quod
1742 2471 1807 2507 ipsa

980 2526 1106 2554 quoque,
1123 2517 1277 2545 denudatis
1297 2517 1442 2553 pudendis
1468 2517 1604 2545 adulterii
1620 2517 1807 2545 convincere-

981 2565 1039 2596 tur,
1056 2571 1122 2589 cum
1138 2571 1213 2598 equo
1229 2561 1296 2589 illae
1311 2562 1451 2589 transiret
1462 2563 1496 2590 ad
1515 2561 1652 2589 balneum
1672 2561 1805 2589 Blacher-

981 2615 1105 2640 narum;
1135 2609 1242 2634 etenim
1272 2606 1343 2633 adeo
1373 2606 1477 2641 ingens
1502 2606 1595 2634 fuerat
1619 2605 1746 2642 procella
1774 2610 1805 2633 ut

981 2651 1054 2678 mari
1072 2651 1263 2678 dromonibus
1278 2651 1476 2686 imperatoriis
1500 2659 1532 2678 eo
1549 2653 1730 2678 transmeare
1746 2659 1804 2677 non

981 2697 1087 2731 posset.

1286 2740 1324 2767 De
1338 2740 1494 2774 Zeugmate.

1016 2785 1108 2812 Locus
1124 2784 1174 2820 qui
1186 2792 1263 2812 nunc
1276 2785 1402 2821 Zeugma
1418 2787 1616 2820 nuncupatur,
1631 2791 1665 2811 ex
1680 2791 1713 2810 eo
1728 2784 1803 2810 tem-
