1953 3047
135 124 214 153 1247

259 190 298 218 De
310 191 406 218 sancta
420 190 565 217 Anastasio
580 189 832 226 Pharmacolytria.

169 279 299 307 Ecclesia
314 278 507 307 S.Anastasize
522 278 779 316 Pharmacolytrim
790 279 908 307 condita
917 281 962 307 est

136 324 172 352 ab
188 323 342 352 Anastasio
358 323 462 351 Dicoro
477 331 510 351 eo
527 323 555 350 in
571 323 645 359 loco,
662 323 713 351 ubi
737 325 823 352 antea
846 323 960 359 patricii

135 368 288 403 cujusdam
304 367 473 396 Pharmacss
490 368 652 404 nuncupati
667 368 774 396 domus
789 368 933 396 exstabat.

276 422 313 449 De
329 421 385 449 loco
400 422 592 457 cognominata
607 422 818 449 Leomacetlum.

171 468 264 494 Locus
278 468 398 493 vocatus
422 465 638 494 Leomaeellum
664 466 732 493 inde
756 473 861 494 nomen
878 474 961 494 acce-

136 510 189 546 pit,
206 511 285 546 quod
302 510 342 537 ibi
357 510 428 538 olim
455 511 512 538 Leo
528 518 653 546 magnus
680 510 840 546 imperator
862 518 963 538 carnes

134 555 309 583 vendiderit.
326 554 402 582 Uxor
416 554 504 582 etiam
519 554 583 590 ejus
599 554 724 582 chordas
738 555 904 590 torquebat.

226 645 263 672 De
276 644 392 672 ecclesia
406 644 533 680 Deiparm
549 643 689 672 Curatoris
703 646 872 680 nuncupata.

175 689 307 716 Ecclesia
321 689 370 716 Dei
375 696 451 724 parm
467 689 616 716 Curatoris
627 687 800 725 cognomine
815 690 964 716 exstructa

139 733 194 762 fuit
213 734 268 761 sub
283 733 391 761 Verina
403 733 509 761 Leonis
531 732 645 760 Macelae
668 741 757 760 uxore
771 741 779 766 ;
795 735 823 760 et
847 735 964 760 curator

137 777 258 814 quidam
273 777 420 812 ejusdem,
436 778 591 804 structum
607 777 732 813 praefuit,
745 785 802 812 quo
818 777 854 804 ad
871 777 964 805 instar

137 821 266 858 sepulcri
282 821 400 849 Domini
416 822 509 849 ﬁeret.

410 868 450 894 De
465 865 692 893 Christocamera.

173 911 216 938 Ad
227 910 491 938 Cbristocameram
505 910 610 938 domus
625 911 687 938 erat
712 909 839 938 Moselis.
855 910 966 938 Pariter

139 957 167 983 et
181 955 290 983 Christi
304 954 402 990 imago
417 954 547 990 proxime
564 956 592 982 S.
608 953 746 982 Acacium
761 955 877 990 depicta
891 957 964 990 erat,

138 1001 168 1027 et
182 999 247 1027 ideo
263 999 307 1026 sic
322 1002 522 1034 nuncupatur.

305 1053 342 1080 De
356 1056 458 1080 sancta
472 1052 551 1080 Anna
566 1051 642 1079 dicta
659 1052 799 1080 Deulemn.

175 1098 207 1125 In
231 1097 294 1125 loco
324 1096 529 1132 cognominato
553 1098 676 1124 Deuteru
708 1096 870 1124 Justiniani
895 1097 965 1124 Rhi-

140 1141 264 1170 notmeti
279 1143 377 1169 statua
392 1143 466 1174 erat,
492 1148 580 1176 quam
607 1143 707 1176 postca
728 1140 838 1168 Bardas
860 1141 964 1176 Caesar,

140 1185 291 1213 Michaelis
306 1184 471 1212 avunculus
483 1184 587 1220 dejccit
599 1184 966 1220 confregitque,Nuncupa-

141 1231 188 1257 tus
204 1231 301 1257 autem
317 1232 360 1257 est
372 1228 454 1256 locus
470 1229 615 1256 Deuteron
631 1229 721 1264 hujus
736 1229 776 1256 rei
791 1229 896 1265 gratia.
912 1229 966 1257 Ju-

141 1274 287 1301 stinianus
302 1273 509 1300 Rhinotmetus
524 1282 541 1300 ο.
557 1273 673 1301 Leontio
694 1273 817 1309 patricio
832 1273 860 1300 in
876 1273 965 1301 Cher-

141 1326 241 1347 sonem
258 1317 404 1354 relegatus
426 1318 490 1351 fuit,
517 1317 566 1345 ubi
592 1326 659 1346 cum
684 1318 783 1345 decem
807 1317 966 1346 mansisset

143 1371 246 1398 annos,
262 1363 390 1399 profugit
401 1363 519 1390 tandem
545 1362 580 1390 ad
604 1362 747 1390 Terbelim
775 1362 965 1398 Bulgarorum

142 1408 369 1445 principem,qui
387 1407 476 1435 ﬁliam
493 1415 577 1435 suam
588 1407 771 1435 Theodoram
788 1407 843 1443 ipsi
859 1407 888 1434 in
899 1415 966 1435 uxo-

142 1463 202 1482 rem
226 1454 316 1488 dedit,
340 1455 369 1481 et
393 1454 514 1488 insuper
538 1452 705 1489 quindecim
730 1452 822 1480 millia
838 1452 965 1480 militum

142 1498 388 1531 subministravit,
405 1506 470 1524 cum
487 1497 593 1533 quibus
613 1497 897 1533 Constantinopolim
914 1505 965 1534 pe-

139 1543 206 1577 tiit;
223 1542 273 1570 sed
290 1550 356 1569 cum
372 1542 449 1569 cives
464 1550 530 1569 eum
547 1541 675 1577 recipere
691 1541 812 1576 nollent,
826 1541 966 1569 simulata

142 1587 222 1623 fuga,
239 1587 273 1614 ad
298 1589 410 1622 portam
437 1594 500 1622 quas
527 1586 655 1621 Antiqua
678 1585 785 1613 dicitur
799 1594 830 1614 se
846 1586 964 1622 recepit,

142 1640 175 1660 ac
189 1631 257 1658 inde
273 1639 324 1667 per
337 1631 543 1666 aquaeductum
562 1630 662 1658 urbem
675 1630 764 1658 subiit
776 1631 860 1665 juxta
871 1631 965 1658 basim

144 1675 297 1709 columnae,
315 1683 378 1710 qua:
402 1676 446 1702 est
459 1674 536 1702 intra
555 1675 674 1709 urbem;
690 1683 723 1702 ac
747 1675 870 1710 imperio
890 1675 967 1711 poti-

143 1723 194 1747 tur
209 1730 216 1754 ;
233 1721 261 1746 et
275 1719 318 1747 sic
334 1719 414 1746 locus
430 1718 477 1746 ille
502 1719 726 1754 cognominatus
741 1718 795 1747 fuit
811 1719 966 1747 Deuteron.

143 1765 242 1800 quue
256 1767 387 1800 tempore
403 1762 547 1799 templum
562 1763 675 1791 Sanctae
697 1767 788 1791 Anna:
804 1763 967 1798 aedificavit,

143 1809 284 1845 quoniam
301 1807 382 1836 uxori
399 1808 494 1844 ipsius
510 1807 634 1843 gravidae
645 1810 747 1836 sancta
762 1808 811 1835 illa
821 1808 968 1844 apparuit.

144 1853 284 1881 Caeterum
303 1852 459 1880 matorium
476 1861 509 1880 ac
523 1860 628 1888 corpus
640 1852 772 1888 ejusdem
789 1853 970 1888 sunctaipso

145 1898 308 1934 imperante
322 1897 350 1924 in
367 1897 469 1924 urbem
487 1896 583 1924 delata
596 1899 678 1925 sunt.

420 1942 455 1969 De
470 1941 698 1977 Chrysobalanlo.

181 1985 448 2022 Cbrysobalantum
464 1985 571 2012 domus
587 1987 649 2012 erat
672 1985 784 2013 Nicolai
811 1985 924 2021 patricii
940 1993 972 2012 ac

147 2030 332 2058 orientalium
357 2029 525 2062 domestici,
550 2037 637 2064 quam
655 2029 704 2057 ille
729 2030 758 2056 in
783 2030 841 2057 duo
862 2031 974 2065 templa

147 2075 282 2108 mutavit,
298 2074 326 2102 S.
352 2073 520 2109 archangeli
546 2072 695 2101 Michaelis
720 2076 750 2101 et
773 2073 974 2102 Panteleemo-

148 2120 204 2147 nis.
221 2119 294 2146 Nam
321 2119 385 2154 ipso
402 2119 431 2145 in
457 2117 561 2145 castris
587 2120 796 2151 commorante,
823 2126 894 2146 uxor
909 2119 973 2154 ejus

149 2165 185 2192 ab
220 2163 277 2191 alio
311 2163 440 2199 quodam
476 2162 709 2190 adulterabatur.
753 2163 815 2196 Qua
856 2163 891 2190 de
932 2171 974 2198 re,

149 2216 216 2236 cum
242 2208 270 2235 in
298 2207 399 2234 urbem
426 2207 573 2241 rediisset,
607 2207 714 2234 certior
746 2207 840 2235 factus
873 2207 976 2235 ambos

148 2253 176 2281 iu
194 2252 269 2281 lecto
283 2251 443 2280 collocatos
460 2238 640 2279 articulatim
662 2251 764 2279 secuit.
781 2252 910 2280 Tandem
933 2261 976 2280 rs—
992 2238 1018 2270 D

151 2297 319 2325 cordatione
336 2299 363 2324 et
380 2299 459 2324 metu
476 2295 782 2331 extremijudicii,duo
794 2296 854 2323 haec
870 2296 980 2332 templa

150 2342 304 2370 exstruxit.
321 2341 393 2369 Cum
410 2349 488 2374 vero,
506 2340 642 2368 absoluta
663 2341 725 2375 jam
747 2341 805 2368 fere
820 2342 978 2375 structura,

149 2387 185 2414 ob
210 2387 340 2423 pecuniae
364 2393 513 2414 summam
539 2387 707 2420 angeretur,
736 2385 874 2421 apparuit
899 2385 924 2412 ei
950 2385 979 2412 ia

151 2439 257 2459 somno
273 2431 396 2467 angelus
414 2430 528 2458 Domini
546 2429 647 2457 dicens
664 2437 671 2457 :
688 2429 741 2457 Abi
759 2430 785 2456 in
807 2429 903 2457 locum
929 2429 979 2465 qui

152 2478 197 2504 est
212 2475 365 2511 proximus
380 2475 501 2510 Asparis
516 2474 660 2506 cisternae.
676 2476 705 2501 et
720 2474 850 2501 invenies
865 2482 980 2502 crume-

153 2527 221 2546 nam
238 2521 356 2546 centum
373 2519 437 2546 auri
458 2518 548 2546 libras
572 2517 782 2546 continentem.
808 2517 889 2549 Quod
911 2526 979 2546 cum

153 2563 323 2596 invenisset,
341 2563 437 2591 locum
454 2563 536 2590 illum
549 2562 591 2590 sic
607 2562 796 2598 nuncupavit.

359 2607 556 2636 Monasterium
568 2606 774 2634 Festinalionis.

189 2652 412 2685 Monasterium,
430 2653 508 2687 quod
521 2651 745 2688 cognominatur
761 2651 978 2686 chtinationis,

154 2697 311 2726 tediiicavit
325 2696 445 2724 domina
461 2698 541 2724 Anna
562 2697 665 2724 Leonis
690 2697 782 2724 Isauri
808 2705 890 2724 uxor.
905 2697 978 2724 Cum

153 2743 231 2770 enim
247 2743 439 2770 reverteretur
449 2750 484 2769 ex
498 2741 669 2769 Blachernis
684 2741 845 2776 gravida,et
860 2741 979 2777 parien-

155 2787 182 2814 di
206 2788 330 2815 instaret
351 2788 481 2822 tempus,
510 2785 644 2820 ingressa
671 2785 792 2813 domum
821 2786 978 2821 cujusdam

614 123 812 154 APPENDlX
833 123 884 153 AD
908 123 1140 155 MIGHAELEM
1161 124 1359 156 PSELLUM.

1768 125 1782 154 1
1790 124 1849 154 248

1060 189 1124 226 Περὶ
1152 192 1202 225 τῆς
1227 189 1322 228 Ἀγίας
1345 176 1520 254 Ἄνασῖασίας
1536 193 1588 225 τῆς
1612 189 1806 228 Φαρμακυλυ-

1389 236 1421 254 το
1436 236 1478 254 ας.

1389 236 1478 258 τριας.

1389 237 1404 254 τ
1427 236 1478 258 ιας.

1052 278 1110 313 Τὴν
1140 277 1169 306 δὶ
1194 279 1284 317 Ἀγίαν
1315 236 1489 308 Ἀναστίσίαν
1516 280 1567 314 τήν
1597 278 1847 317 Φαρμαχολυτρίαν

1015 319 1118 350 ἔκτισεν
1131 323 1305 355 ’Δναστάσιος
1320 324 1334 351 ὁ
1350 323 1475 360 Δίκορος·
1500 324 1631 362 πρότερον
1657 323 1687 352 δὲ
1711 323 1788 355 οἶκος
1813 324 1846 358 ἧν

1014 377 1088 398 τινος
1102 367 1247 405 πατρικίου
1262 371 1398 406 Φαρμακᾶ
1414 368 1574 407 λεγομένου.

1247 421 1313 460 Περὶ
1335 423 1384 450 τοῦ
1403 420 1619 458 Λιωμακὲλλου.

1051 466 1086 494 Τὸ
1103 465 1132 494 δὶ
1147 465 1347 503 Λεωμάκελλον
1361 465 1485 494 καλεῖται
1501 465 1531 494 ὲκ
1558 468 1608 494 τοῦ
1633 465 1737 493 πωλεῖν
1760 465 1848 495 ἐκεῖσε

1015 511 1061 538 τὸν
1083 511 1170 548 Μέγαν
1189 511 1293 539 Λέοντα
1317 511 1365 538 τὸν
1389 509 1502 548 βασιλέα
1523 511 1633 548 κρέατα’
1662 511 1708 538 καὶ
1733 512 1750 545 ἡ
1779 510 1847 538 τοῦ-

1016 565 1065 582 του
1080 555 1149 593 γυνή
1164 554 1261 583 ἔπλεκι
1273 555 1322 587 τὰς
1337 554 1452 593 χορδάς.
1470 555 1517 582 Ἐκ
1531 555 1629 582 τούτου
1646 554 1692 582 οὖν
1706 553 1812 590 ἐκλήθη
1830 555 1844 582 ὁ

1016 599 1102 631 τόπος
1118 599 1217 632 οὕτως.

1265 645 1331 682 Περὶ
1354 644 1388 672 τὰ
1409 644 1591 682 Κουράτορος.

1051 689 1090 716 Τὰ
1110 687 1280 727 Κυυράτορος
1305 688 1463 724 ἐκτίσθησαν
1494 688 1521 716 ἰν
1547 691 1606 719 τοῖς
1632 688 1746 726 χρόνοις
1762 689 1847 727 Βηρί-

1017 745 1075 770 νης,
1089 738 1139 769 τῆς
1154 735 1280 773 γυναικὸς
1301 736 1350 761 τοῦ
1379 733 1594 771 Λεωμακὲλλου·
1626 734 1671 761 καὶ
1697 734 1711 760 ὁ
1738 733 1847 770 Κουρά-

1016 789 1074 817 τωρ
1089 779 1172 814 αὐτῆς
1187 779 1349 816 παρίσταται
1370 778 1408 810 εἲς
1435 779 1467 806 τὸ
1483 778 1615 816 ὁμοίωμα
1628 780 1677 805 τοῦ
1694 778 1783 817 τάφου
1797 780 1846 805 τοῦ

1018 824 1128 862 Κυρίου.

1241 867 1306 906 Περὶ
1319 870 1369 896 τοῦ
1384 867 1620 906 Χριστοκαμάρου.

1054 913 1103 944 Εἲς
1120 911 1149 940 δὲ
1163 912 1193 940 τὸ
1208 912 1432 951 Χριστοκάμαρον
1447 913 1482 947 ἦν
1495 913 1510 940 ὁ
1534 912 1609 943 οἶκος
1633 913 1682 940 τοῦ
1708 910 1846 947 Μωσηλὲ.

1019 958 1068 985 Ἦν
1084 957 1127 984 καὶ
1155 957 1169 984 ὀ
1191 957 1307 994 Χριστὸς
1331 955 1521 995 ἱστορισμένος
1543 955 1664 991 πλησίον
1687 957 1736 983 τοῦ
1751 954 1846 993 Ἀγίου

1020 1001 1158 1036 Ἀκακίου,
1172 1001 1217 1028 καὶ
1232 999 1277 1028 διὰ
1291 1003 1372 1029 τοῦτο
1387 1000 1474 1032 οὕτως
1491 999 1608 1036 ἐκλήθη.

1151 1055 1217 1093 Περὶ
1232 1058 1283 1089 τῆς
1297 1054 1390 1092 Ἀγίας
1406 1056 1507 1089 ’Ἀννης
1521 1054 1552 1081 τὸ
1575 1053 1715 1091 Δεύτερον.

1055 1101 1116 1129 ’Ὁτι
1131 1099 1169 1131 εἰς
1184 1099 1215 1127 τὸ
1241 1098 1388 1137 λεγόμενον
1405 1099 1532 1136 Δεύτερον
1557 1098 1583 1126 ἰν
1601 1098 1641 1135 τῷ
1665 1098 1736 1125 κίονι
1758 1097 1848 1134 στήλη

1017 1145 1112 1173 ἵστατο
1136 1145 1328 1172 Ἰουστινιανοῦ
1356 1142 1404 1171 τοῦ
1425 1143 1626 1179 Ῥινοτμήτου’
1654 1143 1704 1177 τὴν
1729 1141 1758 1169 Si
1785 1143 1850 1178 στή-

1020 1189 1071 1224 λην
1100 1189 1234 1225 κατήγαγε
1267 1186 1374 1224 Βάρδας
1402 1187 1416 1214 ὃ
1446 1189 1558 1225 Καῖσαρ,
1589 1187 1602 1214 ὁ
1630 1189 1703 1218 θεῖος
1716 1185 1846 1224 Μιχαὴλ,

1019 1234 1064 1261 καὶ
1091 1233 1245 1269 συνέτριψεν
1275 1231 1369 1267 αὐτήν.
1399 1232 1522 1266 Ἐκλήθη
1554 1230 1582 1259 δὶ
1607 1231 1744 1267 Δεύτερον,
1775 1229 1848 1258 διότι

1020 1277 1156 1315 ἐξόριστος
1177 1276 1285 1314 γέγονεν
1302 1277 1316 1304 ὁ
1331 1276 1413 1307 αὐτὸς
1436 1276 1625 1307 ’[ουστινιανὸς
1655 1275 1694 1306 εἷς
1717 1276 1849 1313 Χερσῶνα

1019 1322 1093 1360 παρᾶ
1120 1321 1250 1349 Λεοντίου
1274 1320 1428 1359 πατρικίου·
1459 1321 1577 1355 ποιήσειν
1593 1319 1622 1347 δὲ
1649 1319 1705 1348 ἐκεῖ
1727 1320 1850 1358 χρόνους

1020 1365 1094 1401 δέκα,
1121 1366 1166 1394 καὶ
1195 1367 1266 1404 φυγῇ
1287 1365 1474 1403 χρησάμενος,
1502 1364 1624 1397 ἀπῆλθεν
1654 1364 1691 1395 εἲς
1720 1365 1765 1392 τὸν
1781 1364 1848 1402 Τέρ-

1020 1409 1096 1439 6ιλιν
1117 1412 1170 1438 τῶν
1196 1409 1364 1446 Βουλγάρων
1390 1409 1526 1447 ἀρχηγὸν,
1555 1409 1600 1436 καὶ
1629 1408 1715 1446 ἤγαγὲ
1739 1419 1768 1436 τε
1797 1409 1848 1443 τὴν

1019 1456 1101 1484 αὐτοῦ
1130 1455 1262 1493 Θυγατέρα
1291 1453 1406 1490 ὀνόματι
1434 1452 1587 1489 Θεοδώραν,
1616 1453 1661 1480 καὶ
1687 1451 1751 1484 δοὺς
1773 1452 1848 1488 αὖτῷ

1019 1498 1149 1539 χιλιάδας
1179 1499 1209 1526 ιε’
1233 1498 1312 1532 λαὸν,
1328 1498 1373 1526 καὶ
1390 1497 1477 1530 nam
1491 1497 1517 1524 ἐν
1543 1499 1578 1534 τῇ
1591 1496 1673 1524 πόλει
1686 1497 1731 1524 καὶ
1750 1498 1787 1533 μή
1805 1495 1846 1524 δε-

981 1552 1002 1585 C
1021 1544 1097 1583 χθεὶς
1127 1543 1200 1580 παρὰ
1227 1545 1281 1570 τῶν
1311 1542 1383 1573 ἐντὸς
1413 1541 1563 1570 οἲκούντων
1579 1564 1587 1577 ,
1619 1541 1781 1578 ὑπέστρεψεν
1810 1541 1849 1572 είς

1020 1589 1069 1624 τὴν
1098 1587 1216 1616 παλαιὰν
1241 1587 1356 1624 πόρταν,
1379 1587 1425 1614 καὶ
1450 1585 1579 1618 εἰσελθὼν
1606 1586 1731 1613 ἀπεκεῗσε
1747 1585 1786 1618 εἷς
1800 1586 1846 1613 τὸν

1021 1633 1128 1672 ἀγωγὸν
1159 1631 1269 1667 ἐξῆλθεν
1295 1630 1333 1663 εἲς
1351 1631 1382 1659 τὸ
1408 1630 1534 1668 θεμέλιον
1561 1632 1610 1658 τοῦ
1636 1630 1728 1660 κίονος
1749 1627 1848 1657 ἔσωθεν

1020 1680 1070 1711 τῆς
1099 1676 1219 1710 πόλεως,
1247 1676 1292 1703 καὶ
1321 1675 1452 1712 ἐκράτησο
1482 1675 1531 1709 τήν
1559 1673 1709 1712 βασιλείαν,
1731 1674 1775 1701 καὶ
1799 1673 1849 1701 οὖ-

1022 1733 1076 1754 τως
1090 1721 1193 1757 ἐκλήθη
1207 1721 1222 1748 ὁ
1249 1720 1332 1751 τόπος
1346 1720 1379 1748 τὰ
1394 1719 1532 1757 Δεύτερον·
1557 1719 1602 1746 καὶ
1625 1718 1687 1746 τότε
1709 1718 1755 1746 τὸν
1785 1719 1848 1746 ναὸν

1023 1769 1072 1800 τῆς
1088 1766 1165 1805 ἁγίας
1188 1765 1327 1803 ἀνήγειρεν
1349 1765 1462 1799 Ἀννης,
1487 1764 1528 1791 ὅτι
1555 1761 1650 1801 ἔγκυος
1672 1763 1705 1798 ἦν
1733 1764 1751 1797 ἢ
1780 1764 1849 1800 γυνὴ

1024 1810 1118 1846 αὐτοῦ,
1142 1810 1187 1838 καὶ
1214 1809 1343 1845 ὠπτάνθη
1368 1809 1438 1845 αὐτῇ
1453 1810 1471 1843 ἡ
1497 1808 1570 1846 ἁγία·
1599 1807 1672 1836 ἀλλὰ
1691 1807 1782 1835 καὶτὸ
1796 1809 1854 1835 Μα-

1025 1856 1119 1895 φόριον
1133 1854 1178 1882 καὶ
1198 1855 1229 1882 τὸ
1245 1856 1324 1891 σῶμα
1339 1854 1424 1888 αὐτῆς
1440 1852 1481 1880 ἐπ’
1499 1852 1581 1880 αὐτοῦ
1607 1851 1732 1885 εἰσῆλθεν
1749 1851 1788 1882 εἷς
1802 1852 1852 1886 τήν

1025 1899 1120 1929 πόλιν.

1240 1943 1303 1980 Περῖ
1328 1943 1376 1970 τοῦ
1401 1939 1639 1979 Χρυσοὸαλάντου.

1061 1988 1101 2017 Τὸ
1117 1987 1145 2015 δὶ
1159 1984 1387 2026 Χρυσοϐάλαντον
1414 1985 1490 2016 οἶκος
1519 1986 1552 2020 ἧν
1568 1984 1710 2013 Νικολάου
1726 1983 1858 2021 δομεστίο

1027 2042 1077 2060 κου
1091 2035 1142 2066 τῆς
1157 2029 1308 2065 ’Δνατολῆς
1333 2030 1378 2057 καὶ
1404 2028 1560 2066 πατρικίου,
1590 2029 1619 2055 ’ὸν
1645 2029 1788 2066 ἀνήγειρεν
1819 2028 1859 2059 εἷς

1028 2074 1108 2106 ναοὺς
1138 2074 1208 2110 δύο,
1238 2076 1287 2102 τοῦ
1320 2074 1559 2111 ’Δρχιστρατήγου
1597 2072 1642 2100 καὶ
1677 2074 1727 2100 τοῦ
1762 2071 1858 2109 Ἀγίου

1029 2118 1278 2155 Παντελεήμονος.
1314 2118 1497 2154 Χρονίσαντος
1534 2116 1562 2145 δῖ
1597 2116 1623 2144 ἐν
1650 2119 1690 2152 τῷ
1719 2114 1859 2152 ταξειδίῳ,

1028 2163 1180 2201 ’ἐμοιχεύθη
1206 2163 1224 2197 ἡ
1252 2162 1320 2199 γυνῆ
1351 2161 1446 2195 αὖτοῦ,
1464 2161 1507 2189 καὶ
1526 2161 1656 2192 εἰσελθὼν
1675 2160 1700 2188 ἐν
1766 2159 1860 2193 πόλει,

1030 2208 1075 2235 καὶ
1093 2207 1184 2243 μαθὼν
1208 2209 1289 2234 τοῦτο
1305 2205 1440 2233 ὲκοίτασεν
1467 2205 1648 2244 ἀμφοτέρους,
1664 2205 1710 2232 καὶ
1737 2203 1860 2240 μεληδὸν

1033 2252 1130 2283 αὐτοὺς
1143 2252 1301 2288 κατέκοψεν.
1329 2251 1465 2288 Ἔσχατον
1483 2248 1511 2277 δὲ
1527 2250 1564 2280 είς
1586 2248 1690 2276 ἔννοιαν
1705 2248 1793 2280 ἐλθὼν
1814 2250 1864 2276 τοῦ

1034 2294 1151 2335 φοῦεροῦ
1175 2295 1328 2334 κριτηρίου,
1354 2294 1477 2333 ἀνήγειρε
1500 2293 1563 2325 τοὺς
1583 2293 1676 2324 ναούς.
1698 2293 1802 2321 Ἐλθὼν
1833 2291 1864 2320 δὶ

1034 2342 1071 2373 εἰς
1086 2342 1118 2369 τὸ
1132 2340 1213 2372 τέλος
1226 2342 1275 2368 τοῦ
1298 2340 1449 2376 κτίσματος
1463 2339 1507 2367 καὶ
1532 2337 1678 2375 ἀδημονῶν
1705 2336 1749 2365 διὰ
1775 2337 1864 2364 ποσό-

1033 2396 1103 2421 τητα
1117 2384 1243 2423 χρυσίου,
1275 2384 1352 2422 ὤφθη
1379 2383 1454 2419 αὐτῷ
1479 2383 1538 2410 κατ’
1564 2380 1629 2420 ὄναρ
1653 2380 1772 2419 ἄγγελος
1807 2384 1864 2409 Κυ-

1036 2429 1107 2468 ρίου,
1122 2428 1166 2457 καί
1182 2430 1253 2456 εἶπεν
1268 2429 1353 2464 αὐτῷ’
1370 2426 1487 2456 ’Ἃπελθε
1507 2427 1546 2458 εἷς
1560 2428 1607 2454 τὸν
1631 2425 1716 2453 τόπον
1742 2425 1865 2460 πλησίον

1033 2476 1083 2507 τῆς
1113 2475 1250 2511 ’Δσπαρος
1286 2473 1445 2510 κινστὲρνης
1468 2472 1513 2499 γαὶ
1547 2471 1670 2508 εὐρήσεις
1698 2469 1865 2508 βαλλάντιον

1035 2517 1100 2557 ἔχον
1115 2517 1230 2556 χρυσίου
1260 2517 1354 2555 λίτρας
1386 2517 1418 2555 ρ’.
1435 2516 1487 2545 Καὶ
1512 2515 1597 2553 εὑρὼν
1614 2514 1680 2542 αὐτὸ
1702 2514 1792 2543 ἐκάλει
1819 2515 1867 2542 τὸν

1032 2564 1116 2592 τόπον
1133 2562 1231 2593 οὕτως,

1263 2607 1294 2634 Ἦ
1315 2606 1384 2643 μονῆ
1408 2607 1461 2633 τῶν
1488 2603 1626 2639 Σπουδῆς.

1068 2652 1107 2680 Τὰ
1121 2651 1255 2689 λεγόμενα
1286 2649 1412 2685 Σπουδῆς
1437 2651 1454 2685 ἡ
1474 2650 1554 2686 μονὴ,
1589 2649 1703 2683 Ἅνναὴ
1733 2646 1864 2675 δέσποινα

1033 2697 1135 2732 ταύτην
1162 2696 1318 2734 ἀνήγειρεν,
1342 2697 1360 2730 ἡ
1384 2695 1452 2733 γ.)νή
1481 2693 1595 2726 Λέοντος
1608 2695 1657 2721 τοῦ
1681 2695 1863 2731 Συρογενοῦς·

1034 2740 1203 2780 στρεφομένη
1243 2739 1296 2767 ἀπὸ
1329 2739 1496 2777 Βλαχερνῶν
1531 2738 1596 2766 οὖσα
1627 2737 1722 2776 ἔγκυος
1747 2737 1786 2769 εἰς
1813 2737 1860 2764 τὸν

1033 2785 1126 2823 καιρὸν
1150 2787 1198 2812 τοῦ
1223 2787 1310 2812 τεκεῖν
1337 2783 1431 2819 αὐτὴν,
1458 2783 1504 2810 καὶ
1532 2782 1690 2810 ἐσελθοῦσα
1715 2781 1752 2812 εἷς
1785 2781 1859 2809 οἶκόν
