1953 3047
87 103 101 131 1
107 103 168 133 249

651 103 834 135 ANONYMI
856 103 1148 139 ANTIQUITATES
1168 105 1229 137 ΟΡ.

1715 112 1726 140 1
1735 111 1795 141 250

85 177 161 198 τινος
198 167 445 206 πρωτοσπαθαρίου
483 164 582 196 ἕτεκιν.
613 167 742 204 Ἐποίητι
775 166 803 195 δὲ
831 167 1794 209 αὐτὸνΑριόῐοεροῐὴιιι-ἱίροροιιὶὶςίιοωουωιιυεῘυωοηιιεὶθιείοω

89 210 249 248 μονὴν,καὶ
275 211 450 248 ἐπωνόμασεν
477 211 561 247 αὐτὴν
588 211 727 247 Σπουδῆς,
744 211 789 240 διὰ
811 212 843 240 τὸ
871 212 916 240 ἒπ-

88 255 171 293 ιίγειν
193 255 275 291 αὐτὴν
298 255 382 284 ἐκεῖσε
406 256 452 284 τὸν
476 257 598 292 τοκετὸν,
613 257 658 284 καὶ
678 257 716 294 μὴ
742 258 863 296 φθάσασα
879 256 917 288 εἷς

87 301 120 328 τὸ
136 300 281 329 παλάτιον.
297 302 407 330 ’Έκτισε
422 300 451 329 δὶ
465 301 510 329 καὶ
525 302 558 329 τὰ
572 304 683 337 Ἅννης.

971 222 1085 242 versam
1102 214 1309 243 Festinationis
1323 216 1470 252 appellare
1486 218 1586 252 voluit,
1599 219 1635 247 ob
1652 221 1796 249 accelera-

970 263 1033 285 tum
1050 260 1340 295 partum,antequam
1357 261 1392 287 ad
1409 260 1548 296 palatium
1566 265 1716 298 pervenire
1732 274 1799 302 pos-

970 304 1024 330 set.
1040 304 1182 331 Prteterea
1195 303 1339 340 templum
1354 307 1382 332 S.
1399 306 1488 333 Annis
1504 307 1641 337 concidit.

516 369 556 395 De
569 368 722 403 gerocomio
740 367 842 400 Seueri,
859 374 890 394 ac
905 366 1005 402 templo
1021 366 1056 394 ab
1069 367 1130 401 ejus
1144 375 1230 395 uxore
1245 368 1364 396 condito.

124 411 247 451 Σὲϐηρος
286 414 428 452 πατρίκιος
470 415 484 442 ὁ
521 413 740 454 ἀδελςξοποιητὸς
783 413 917 452 βασιλέως

87 458 276 494 Κώνσταντος,
305 461 353 486 τοῦ
394 458 509 497 ἰγγόνου
535 459 710 497 Ἡρακλείου,
734 461 782 487 τοῦ
814 460 916 497 ἀναιρο-

88 503 182 534 θέντος
211 503 236 530 ἐν
271 505 311 539 τῷ
342 503 479 541 βαλανείῳ
507 503 655 535 Σικιλίας⁸
686 501 772 532 ἔκτισε
797 503 825 531 δὲ
853 503 918 531 αὖτὸ

87 550 285 584 γηροκομιῐον1
302 546 371 575 διότι
399 548 473 579 οἶκος
496 549 531 583 ἧν
556 548 638 576 αὐτοϋ
654 557 662 565 ·
682 548 726 575 καὶ
743 549 760 582 ὴ
780 549 848 585 γυνὴ
871 547 918 574 αὐ-

87 594 139 619 τοῦ
165 592 228 620 ναὸν
257 592 397 630 ἀνήγειρε,
413 591 482 620 διότι
515 593 581 629 μετὰ
608 593 639 620 τὸ
665 596 799 631 σφαγῆναι
824 591 850 619 ἓν
877 595 920 619 Σι-

85 635 167 672 κελίᾳ
194 636 239 664 τὸν
269 635 392 674 βασιλέα,
419 636 521 668 ἐκεῖνος
548 636 648 675 ἐπάρας
687 637 732 664 τὸν
761 636 918 673 Ῥωμαϊκὸν

88 679 189 708 στόλον
203 680 318 713 ἀνῆλθεν
330 680 382 712 ἕως
397 683 446 709 τοῦ
461 680 602 712 Φοίνικος.

285 734 317 762 Ἠ
334 735 403 770 μονὴ
418 736 468 762 τοῦ
482 733 711 772 Μητροπολίτου.

124 779 184 805 ’Ὁτι
213 778 246 804 τὰ
275 778 493 816 Μητροπολίτου
526 779 575 813 τὴν
616 779 700 815 μονὴν
728 778 919 809 Ἰουστινιανὸς

88 819 205 850 ἔκτισεν.
221 821 344 858 Ἐκλήθη
363 821 391 850 δὶ
415 822 512 857 οὕτως,
528 822 570 850 ὅτι
596 822 672 853 οἶκος
695 823 728 857 ἧν
753 822 839 850 ἆκεῖσε
862 824 920 858 Μη·

88 865 258 903 τροπολίτου
272 864 357 897 τινός.

216 919 279 956 Περὶ
297 923 346 954 τῆς
362 919 454 957 Ἀγίας
468 920 614 959 Εὐφημίας
629 920 660 948 τὸ
676 919 798 958 Πετρίον.

130 964 184 998 Τήν
201 962 229 991 δὲ
243 963 330 1001 Ἀγίαν
361 963 505 1002 Εὖφημίαν
527 964 559 992 τὸ
583 964 706 1003 Πετρίον,
722 965 768 991 καὶ
792 964 919 1002 λουτρὸν,

92 1006 238 1039 Βασίλειος
268 1008 409 1046 ἀνήγειρεν
436 1009 450 1036 ὁ
478 1008 614 1046 βασιλεὺς,
628 1009 674 1036 καὶ
701 1010 749 1040 τὰς
775 1009 921 1047 θυγατέρας

91 1050 175 1078 αὑτοῦ
190 1051 275 1079 ἐκεῖσε
291 1052 426 1091 ἀπέκειρε.

361 1098 426 1134 Περὶ
441 1101 492 1133 τῆς
509 1097 654 1130 ΙΙλατείας.

127 1141 188 1170 ’Ότι
212 1141 227 1168 ὁ
254 1143 351 1180 ’Ἄγιος
375 1141 483 1173 Ἡσαΐας
503 1143 549 1170 καὶ
572 1143 735 1180 Λαυρέντιος
759 1142 919 1179 ἐκτίσθησαν

90 1186 164 1222 παρὰ
178 1188 335 1221 Μαρκιανοῦ
354 1186 399 1213 καὶ
427 1185 608 1224 Πουλχερίας.
624 1187 663 1215 Τὸ
688 1186 717 1214 δὶ
739 1187 815 1226 ἅγιον
839 1190 921 1224 σῶμα

89 1231 139 1257 τοῦ
154 1231 297 1269 προφήτου
311 1230 374 1264 ἧκεν
390 1231 443 1258 ἀπὸ
457 1230 650 1268 Ἱερουσαλήμ.

356 1284 421 1322 Περὶ
436 1286 485 1312 τοῦ
495 1284 655 1322 Ἀντιόχου.

127 1327 165 1355 Τὰ
190 1326 219 1355 δὶ
243 1328 390 1366 Ἀντιόχου
429 1328 502 1360 οἶκος
535 1329 569 1364 ἦν
598 1329 743 1367 Ἀντιόχου
775 1340 920 1368 πατρικιου

91 1372 138 1399 καὶ
167 1373 350 1409 πραιποσίτου
379 1373 423 1400 καὶ
447 1372 580 1411 βαϊοόλου
602 1372 751 1402 Θεοδοσίου
773 1377 821 1402 τοῦ
850 1376 922 1412 βασι·

93 1416 175 1452 λέως,
194 1416 302 1449 πολλὰς
317 1418 405 1455 ἀρχὰς
429 1416 603 1450 διανύσαντος
627 1419 653 1446 ἐν
677 1421 712 1455 τῇ
737 1418 802 1457 δόξῃ
827 1419 919 1448 αὐτοῦ.

95 1459 231 1493 Πλούσιος
256 1460 285 1489 δὲ
313 1461 417 1501 σφόδρα
453 1460 611 1500 γενόμενος,
642 1464 754 1502 πτωχὸς
797 1464 919 1500 τέθνηκε,

93 1503 139 1532 διὰ
172 1506 202 1533 τὸ
241 1504 333 1534 ἄδικον
368 1507 412 1534 καὶ
451 1504 582 1544 ἐπιϐαρὺν
620 1510 685 1535 πᾶσι
713 1508 834 1546 γενέσθαι
872 1508 918 1536 καί

93 1548 197 1578 δόλιον.

311 1596 378 1633 Περὶ
393 1596 425 1623 τὸ
440 1595 559 1624 Παλαιὸν
577 1597 700 1635 Πιτρίον.

127 1640 190 1667 ’Ὁτι
211 1639 241 1666 τὸ
265 1638 385 1667 Παλαιὸν
410 1640 524 1678 ΙΙιιτρίον
543 1642 616 1672 οἶκος
641 1642 675 1676 ἧν
696 1642 801 1680 Πὲτρου
826 1653 921 1680 πατρι-

91 1683 148 1711 κίον
171 1683 198 1711 ἐν
217 1686 276 1716 τοῖς
299 1684 411 1722 χρόνοις
432 1687 480 1712 τοῦ
507 1685 638 1723 Μεγάλου
654 1686 857 1723 Ίουστινιανοῦ,
874 1687 920 1716 καὶ

91 1725 184 1766 ἔλεγον
208 1728 289 1756 αὐτὸν
317 1729 510 1767 Βαρσαμιανὸν
536 1730 582 1758 τὸν
613 1729 714 1768 Σύρον,
737 1731 784 1759 τὸν
813 1731 921 1763 πολλὰς

91 1771 180 1810 ἀρχὰς
196 1771 355 1801 διανύσαντα
368 1773 394 1801 ἐν
410 1776 445 1810 τῇ
459 1772 523 1811 δόξῃ
539 1774 634 1804 αὐτοῦ,

341 1861 408 1899 Περὶ
424 1863 477 1889 τῶν
493 1861 667 1899 Βλαχερνῶν.

129 1905 178 1932 Τὸν
205 1906 269 1933 ναὸν
294 1906 338 1934 τὸν
364 1906 447 1944 μέγαν
479 1908 534 1933 τῶν
563 1905 740 1944 Βλαχερνῶν,
767 1908 922 1946 Μαρκιανὸς

92 1950 136 1977 καὶ
166 1949 339 1988 Πουλχερία,
367 1952 385 1985 ἡ
414 1950 512 1978 τούτου
549 1951 630 1988 γυνή,
659 1951 798 1990 ἀνήγειρεν
828 1952 920 1989 αὐτὸν,

91 1995 233 2030 κοσμήσας
256 1994 301 2022 διὰ
320 1994 481 2023 πολυτελῶν
500 1995 662 2034 μαρμάρων.
678 1996 793 2035 Βλάχνα
811 1996 863 2035 γὰρ
885 1998 919 2033 ἦν

92 2038 118 2066 ἐν
145 2041 186 2075 τῷ
207 2039 282 2075 αὐτῷ
304 2039 394 2076 τόπῳ,
418 2039 464 2067 καὶ
490 2039 637 2075 ἐκόπησαν,
663 2041 711 2069 εἴθ’
731 2041 817 2074 οὕτως
845 2041 919 2069 ἐκτί-

91 2084 141 2119 σθη
158 2083 172 2110 ὁ
196 2084 270 2114 ναός.
296 2083 313 2118 ἢ
337 2083 379 2111 ὅτι
407 2083 508 2116 λάκκος
527 2085 561 2119 ἦν
586 2085 600 2112 ὁ
620 2086 704 2117 τόπος
727 2087 772 2114 καί
797 2097 864 2114 ποτε
882 2086 920 2114 ἐν-

90 2127 279 2163 αποκληθὲντα
314 2127 439 2156 λακὲντια
473 2129 654 2166 ἠγρεύθησαν,
683 2129 728 2157 καὶ
767 2129 812 2158 διὰ
838 2133 919 2160 τοῦτο

91 2170 196 2208 ἐκλήθη
213 2172 356 2211 Βλαχέρνα
371 2172 416 2201 καὶ
442 2176 602 2212 Λακαῖρναι,
618 2173 663 2202 διὰ
685 2175 716 2202 τὸ
740 2174 806 2203 εἶναι
825 2174 921 2203 πολλὰ

92 2214 187 2245 ὕδατα.

337 2261 404 2300 Περὶ
417 2263 466 2297 τῆς
480 2261 558 2300 ἁγίας
573 2264 674 2301 Σοροῦ.

127 2305 182 2339 Τὴν
210 2303 239 2333 δὲ
260 2306 339 2343 ἁγίαν
358 2306 444 2344 Σορὸν
459 2305 598 2344 ἀνήγειρεν
612 2307 626 2335 δ
640 2306 831 2344 Λεομακέλης,
848 2307 918 2336 διότι

92 2347 118 2376 ἐν
146 2352 207 2380 τοῖς
242 2351 355 2388 χρόνοις
389 2350 471 2378 αὐτοῦ
500 2349 584 2390 ἐφάνη
611 2351 629 2386 ἡ
664 2352 723 2384 θεία
751 2352 844 2387 ἰσθής,
873 2353 918 2381 καὶ

93 2392 170 2430 ἴχνη,
190 2394 236 2421 καὶ
250 2394 344 2422 πολλᾶ
358 2395 423 2432 ἅγια
437 2395 561 2432 θαύματα
574 2396 685 2434 γέγονεν
702 2396 741 2428 εἷς
754 2395 845 2428 τέλος.

305 2483 371 2522 Πιρὶ
383 2486 431 2511 τοῦ
447 2483 526 2522 ἁγίου
543 2484 699 2521 Λοόματος.

124 2528 232 2556 "Ex-nee
259 2526 288 2555 δὲ
316 2528 361 2556 καὶ
399 2528 432 2556 τὸ
468 2530 566 2565 Λοῦμα
601 2528 647 2556 καί
680 2528 835 2568 ὶπικύρωσε
871 2531 916 2559 καὶ

90 2571 216 2609 κτήματα
243 2571 347 2607 πολλὰ,
362 2573 406 2600 καὶ
433 2572 527 2608 σκεύη,
556 2573 602 2600 καὶ
626 2573 769 2610 κειμήλια.
786 2575 859 2611 ’Έξω
888 2574 917 2602 δὲ

89 2617 139 2650 τῆς
168 2616 271 2654 πόρτας
306 2616 461 2655 ἐτύγχανεν.
488 2617 552 2645 Ὑπὸ
592 2616 620 2645 δὲ
648 2617 810 2656 Ἡρακλείου
838 2629 916 2658 περι-

91 2659 227 2697 εκλείσθη,
249 2661 401 2699 γινομένων
426 2662 513 2690 ἰκιῖσε
539 2662 683 2700 θαυμάτων
705 2663 750 2691 καὶ
777 2664 914 2692 ὀπτασιῶν

91 2704 203 2733 πολλῶν
218 2709 269 2742 τῆς
283 2705 358 2744 ἁγίας
374 2705 519 2736 Θεοτόκου.

1007 415 1132 444 Severus
1156 417 1307 452 patricius,
1333 418 1422 446 frater
1445 419 1598 455 adoptivus
1625 422 1794 451 Constantis

972 459 1168 496 imperatoris,
1185 462 1234 496 qui
1251 469 1342 498 nepos
1357 462 1482 491 Heraclii
1499 465 1565 500 iuit,
1592 467 1620 493 et
1643 466 1671 493 in
1698 467 1798 496 Sicilia

973 504 1001 532 iu
1013 504 1117 533 balneo
1128 506 1244 534 occisus
1255 508 1309 540 est,
1326 507 1458 535 condidit
1474 507 1572 544 ipsum
1586 511 1798 547 geroeomium,

973 548 1040 582 quia
1051 549 1157 577 ibidem
1166 550 1596 589 domusipsiusexstabatEjus
1607 563 1722 591 quoque
1728 564 1801 584 uxor

971 592 1115 628 templum
1133 593 1297 622 aedificavit.
1322 596 1434 623 Etenim
1458 597 1674 633 imperatorein
1700 600 1800 628 Sicilia

973 636 1136 672 interiecto,
1145 638 1269 673 ipsemet
1279 642 1395 674 sumpta
1408 640 1539 670 Romana
1550 642 1643 672 classe
1654 644 1688 672 ad
1702 644 1797 673 locum

973 690 1067 717 usque
1082 682 1228 711 Phoenicis
1243 687 1447 721 nuncupatum
1465 687 1605 722 pervenit.

1183 738 1384 765 Monasterium
1398 739 1576 776 Metropolim
1584 761 1590 768 .

1010 779 1217 808 Monasterium
1235 782 1410 818 cognomine
1429 785 1620 820 Metropolitae
1648 787 1798 816 conditum

935 846 960 879 Β
974 826 1018 851 est
1042 833 1058 851 a
1081 825 1259 853 Justiniano.
1292 826 1334 854 Ita
1349 835 1416 855 vero
1433 833 1634 864 nuncupatum
1652 834 1706 866 est,
1723 833 1799 869 quod

974 868 1083 896 ibidem
1102 869 1208 897 domus
1223 872 1350 899 exstaret
1364 872 1520 907 cujusdam
1536 868 1736 911 Metropolitae;

1108 925 1148 950 De
1163 922 1263 951 Sancta
1277 925 1430 960 Eupliemia
1445 927 1555 955 Petrion
1571 927 1658 957 dicta.

1010 967 1148 995 Sanctam
1165 968 1357 1004 Euphemiam
1368 971 1542 1006 cognomine
1558 972 1721 1007 Petrioa,et
1736 975 1798 1003 bal-

975 1019 1063 1039 neum
1079 1011 1220 1039 Basilium
1236 1012 1394 1049 imperator
1406 1015 1549 1051 condidit,
1575 1025 1608 1045 ac
1629 1018 1705 1047 ﬁlias
1728 1028 1798 1048 suas

974 1055 1084 1084 ibidem
1101 1057 1239 1084 totondit.

1308 1105 1347 1130 Dc
1362 1104 1468 1132 Plutea.

1010 1145 1151 1174 Sanctum
1168 1146 1321 1182 Isaiam,ac
1337 1147 1526 1177 Laurentium
1540 1150 1721 1180 miiﬁcarunt
1732 1156 1799 1182 Mar-

975 1188 1077 1217 cianus
1091 1193 1120 1218 et
1135 1190 1297 1219 Pulcheria.
1310 1193 1421 1228 Corpus
1438 1195 1535 1222 autem
1552 1195 1635 1223 Isaiae
1650 1197 1799 1233 prophetes

975 1233 1176 1271 Hierosolyma
1190 1235 1321 1263 delatum
1339 1236 1403 1265 fuit.

1217 1290 1256 1316 De
1271 1288 1327 1316 loco
1341 1289 1466 1318 Antiochi
1479 1290 1561 1320 dicto.

1010 1330 1041 1358 In
1057 1330 1120 1359 loco
1135 1332 1272 1360 Antiochi
1288 1336 1401 1368 vocatol
1419 1335 1525 1364 domus
1540 1336 1689 1366 visebatur
1703 1340 1799 1368 Antio.

975 1375 1023 1403 chi
1037 1376 1152 1411 patricii
1167 1379 1196 1404 et
1210 1378 1367 1413 praepositi,
1381 1379 1429 1414 qui
1446 1379 1564 1415 bajulus
1580 1382 1635 1409 fuit
1648 1383 1800 1413 Theodosii

975 1419 1172 1455 imperatoris,
1189 1423 1217 1448 et
1233 1421 1328 1449 multa
1342 1430 1409 1450 cum
1425 1422 1512 1451 laude
1528 1424 1670 1460 plurimos
1691 1429 1798 1464 magis-

974 1465 1069 1492 tratus
1083 1465 1185 1500 gessit.
1202 1465 1253 1492 Hic
1276 1468 1374 1494 autem
1398 1467 1452 1495 etsi
1478 1469 1614 1498 maximis
1638 1471 1801 1501 abundaret

975 1508 1094 1543 divitiis,
1111 1511 1238 1537 attamen
1255 1509 1341 1546 inops
1357 1511 1490 1547 decessit,
1507 1522 1540 1541 eo
1555 1515 1632 1550 quod
1657 1516 1799 1554 injustus,

974 1553 1063 1587 esset,
1079 1554 1107 1580 et
1121 1553 1259 1581 omnibus
1273 1554 1370 1589 gravis
1385 1564 1418 1583 ac
1434 1556 1647 1586 fraudulentus.

1095 1597 1133 1624 De
1148 1597 1265 1633 a’diﬁcio
1281 1602 1444 1635 nuncupata
1462 1601 1539 1629 Vetus
1554 1604 1678 1632 Pelrion.

1010 1640 1176 1669 zEdiﬁcium
1188 1642 1265 1678 quod
1278 1643 1444 1680 appellatur
1455 1645 1545 1674 Vetus
1556 1647 1682 1682 Petrion,
1695 1650 1801 1679 domus

975 1687 1038 1713 erat
1051 1686 1128 1713 Petri
1144 1686 1258 1722 patricii
1274 1689 1406 1724 tempore
1431 1689 1592 1719 Justiniani
1615 1693 1724 1730 Magni,
1749 1695 1801 1731 qui

975 1729 1079 1757 Petrus
1101 1731 1368 1766 cognominabatur
1396 1733 1603 1764 Barsamianus
1629 1737 1732 1773 Syrus,
1758 1729 1801 1767 vir

975 1781 1094 1802 summa
1113 1782 1181 1802 cum
1210 1774 1297 1803 laude
1323 1775 1459 1812 plurimis
1484 1779 1709 1815 magistratibus
1734 1791 1800 1818 per-

976 1818 1108 1846 functus.

1268 1865 1307 1892 De
1321 1864 1500 1895 Blachernis.

1010 1908 1114 1943 Magna
1141 1907 1266 1936 ecclesia
1292 1909 1522 1939 Btachernarum
1552 1913 1672 1942 condita
1704 1916 1760 1944 fuit
1784 1925 1800 1944 a

976 1951 1124 1979 Marciano
1138 1954 1166 1980 et
1180 1951 1334 1981 Pulcheria
1349 1955 1414 1990 ejus
1431 1963 1529 1991 uxore,
1539 1965 1573 1985 ac
1587 1958 1676 1987 variis
1691 1962 1720 1988 et
1734 1969 1800 1996 pre-

976 1995 1060 2024 tiosis
1076 1997 1274 2026 marmoribus
1289 2001 1438 2027 exornata.
1456 2000 1549 2029 Locus
1565 2003 1644 2030 enim
1668 2003 1715 2031 ille
1735 1995 1800 2033 erat

975 2039 1110 2069 silicibus
1125 2042 1384 2078 consitus,quibus
1399 2045 1519 2073 remotis
1535 2046 1640 2075 deinde
1655 2049 1799 2085 templum

974 2084 1041 2112 istic
1056 2088 1257 2114 constructum
1272 2089 1333 2122 est;
1357 2088 1402 2116 vel
1429 2089 1498 2124 quia
1517 2098 1550 2118 eo
1575 2091 1604 2119 in
1629 2092 1693 2121 loco
1716 2084 1800 2122 lacus

974 2131 1047 2165 erat,
1062 2138 1095 2158 ac
1110 2130 1205 2166 pisces
1231 2130 1357 2160 iacentia
1380 2132 1450 2161 dicti
1475 2135 1684 2171 capiebantur;
1707 2140 1735 2165 et
1758 2138 1801 2166 id-

975 2174 1052 2202 circo
1068 2174 1104 2202 ob
1119 2175 1340 2204 multitudinem
1356 2185 1501 2213 aquarum
1518 2179 1676 2209 Blacherna
1691 2184 1720 2209 et
1744 2182 1798 2211 La-

932 2214 957 2247 D
973 2226 1074 2246 cernae
1090 2219 1288 2255 appellantur.

1227 2265 1265 2292 De
1279 2273 1360 2292 sacro
1376 2265 1544 2296 Conditorio.

1013 2309 1136 2336 Sacrum
1161 2308 1366 2337 Conditorium
1396 2311 1552 2340 mdiﬁcavit
1577 2312 1633 2342 Leo
1663 2314 1802 2352 Mecelas,

973 2352 1113 2387 quoniam
1127 2352 1192 2388 ipso
1207 2353 1369 2390 imperante
1384 2357 1500 2391 reperta
1513 2358 1558 2385 est
1573 2357 1671 2386 divina
1692 2361 1800 2397 vestis;

973 2395 1142 2433 ibidemque
1157 2398 1252 2426 multa
1266 2399 1352 2435 signa
1368 2407 1401 2427 ac
1417 2401 1551 2437 prodigia
1566 2406 1706 2439 perpetuo
1732 2395 1799 2434 ede;

972 2440 1091 2469 bantur.

1255 2489 1293 2516 De
1306 2497 1384 2518 sacro
1394 2489 1509 2518 Balnea.

1007 2530 1129 2558 Sacrum
1146 2532 1288 2560 Balneum
1303 2533 1338 2560 ab
1354 2533 1455 2561 eodem
1481 2533 1656 2571 imperatore
1681 2541 1796 2569 exstru-

971 2576 1051 2602 ctum
1087 2575 1154 2609 fuit,
1184 2576 1345 2613 multisque
1379 2579 1628 2616 possessionibus,
1656 2583 1735 2612 vasis
1765 2594 1798 2614 ac

971 2619 1094 2647 cimeliis
1111 2619 1391 2650 ditatum.Balneum
1407 2622 1462 2650 hoc
1477 2623 1548 2652 olim
1563 2627 1625 2653 erat
1639 2630 1720 2657 extra
1735 2638 1800 2665 por-

970 2665 1148 2699 tam:postea
1171 2673 1238 2693 vero
1263 2665 1298 2693 ab
1323 2666 1456 2695 Heraclio
1480 2676 1566 2696 muro
1592 2670 1719 2700 cinctum
1741 2676 1798 2708 est,

970 2708 1048 2743 quod
1064 2708 1174 2737 ibidem
1187 2710 1282 2738 multa
1297 2710 1440 2740 miracula
1452 2712 1621 2752 ederentur,
1644 2718 1672 2744 et
1695 2720 1799 2746 sancta

970 2752 1099 2789 Deipara
1113 2753 1283 2790 frequenter
1296 2757 1461 2792 appareret.
