1953 3047
164 93 241 123 1255

640 89 839 121 APPENDIX
862 89 914 119 AD
938 89 1170 121 MICHAELEM
1192 89 1386 121 PSELLUM.

1794 91 1873 122 1.356

160 159 197 187 De
212 158 311 194 templo
325 157 430 185 Sancta?
449 156 617 199 Euphemus,
633 163 697 191 quae
719 158 811 183 exstat
835 155 864 182 in
888 155 987 191 Hippo-
1003 157 1029 189 Α

1073 154 1109 192 ερὶ
1149 158 1200 190 τῆς
1230 154 1325 193 ’Δγίας
1366 153 1510 199 Εὐὲημίας
1548 158 1598 190 τῆς
1635 154 1660 182 ἐν
1697 156 1737 191 τῷ
1780 156 1874 184 Ἱππο-

521 192 627 219 dromo.

197 246 353 283 Templum
373 247 402 273 S.
427 245 603 282 Euphemize,
629 245 707 280 quod
733 244 763 272 in
787 243 987 280 Hippodromo

161 292 301 325 cernitur,
323 290 533 318 Constantinus
557 292 680 325 Magnus
704 289 857 324 exstruxit,
872 290 902 317 et
924 296 989 324 pre-

161 337 238 365 tiosa
252 335 402 364 exornavit
417 335 550 363 materia.
566 334 674 362 Verum
700 336 766 370 post
790 333 987 369 quadringen-

161 386 206 412 tos
221 383 342 418 triginta
356 384 385 409 et
399 384 462 409 octo
484 389 578 409 annos
605 381 813 408 Constantinus
841 380 987 415 Coprony-

162 436 228 456 mus
244 427 412 462 imperator,
429 425 535 453 Christi
552 433 584 453 ac
599 425 650 452 Dci
667 425 771 459 hostis,
790 424 861 452 illud
887 424 915 451 in
942 432 987 450 ar-

162 470 390 499 mamentarium
407 472 435 497 et
451 469 671 504 sterquilinium
688 468 839 505 publicum
852 468 987 500 mulavit,

161 518 190 544 et
204 515 344 551 reliquias
369 513 442 542 heu!
470 516 578 541 sanctae
605 513 772 549 Euphemice
798 521 864 540 cum
890 511 986 540 loculo

160 561 190 588 in
216 559 394 596 profundum
424 558 515 585 maris
546 558 676 594 projecit.
704 558 771 585 Post
800 566 892 585 annos
920 565 986 584 vero

160 605 281 641 triginta
305 612 355 632 sex
380 605 460 630 lrene
484 602 619 638 piissimo
645 605 777 638 Augusta
802 601 986 629 Atheniensis

160 648 215 676 hoc
241 647 385 684 templum
411 645 606 680 reazdiﬁcavit,
636 648 665 674 et
690 645 828 681 reliquias
858 649 987 681 repertas

161 701 194 722 eo
211 693 317 720 iterum
332 690 493 719 transtulit.

185 753 225 780 De
239 751 340 786 templo
354 751 383 777 5.
400 749 519 778 Joannis
533 749 717 776 Prwcursoris
732 747 781 776 Illi
794 753 964 784 nuncupata.

197 806 229 832 In
244 804 308 831 loco
332 802 538 838 cognominato
564 801 619 834 Illi,
646 801 696 828 ubi
724 803 818 828 exstat
841 801 985 838 templum

1398 190 1516 228 δρομίῳ.

1077 244 1127 272 Τὸν
1164 243 1193 271 δὲ
1223 244 1285 271 ναὸν
1326 247 1377 279 τῆς
1415 243 1494 282 ἁγίας
1521 244 1669 283 Εὑφημίας
1699 248 1748 279 τῆς
1779 244 1805 272 ἐν
1835 247 1873 281 τῷ

1042 287 1232 326 Ἱπποδρομίῳ
1260 289 1274 315 ὁ
1301 288 1392 326 Μέγας
1417 291 1616 319 Κωνοταντῐνος
1645 289 1782 327 ἀνήγειρε,
1809 300 1873 316 κοσ-

1045 334 1133 370 μήσῃς
1156 333 1234 361 αὐτὸν
1253 331 1298 360 διὰ
1325 331 1496 364 πολυτελοῦς
1513 332 1592 368 ὕλης,
1619 332 1680 366 υλη⁹
1703 332 1732 361 δί
1760 333 1871 371 χρόνων

1042 376 1244 414 παρελθόντων,
1263 374 1390 408 ἐλθόντος
1405 379 1453 404 τοῦ
1475 377 1601 413 μισοθέου
1616 377 1661 404 καὶ
1685 374 1871 416 μισοχρίστου

1045 420 1178 460 βασιλέως
1204 421 1392 460 Κοπρωνύμου
1417 422 1644 457 Κωνσταντίνου,
1669 421 1800 458 ἐποίησεν
1828 423 1873 450 αὐ-

1040 467 1087 494 τὸν
1115 466 1288 504 Ἀρμαμὲντα
1316 466 1360 494 καὶ
1389 466 1580 504 κοπῳθὲσιον,
1610 466 1654 494 καὶ
1680 467 1712 494 τὸ
1741 465 1870 504 λείψανον

1041 515 1091 546 τῆς
1106 511 1183 548 ἁγίας
1214 510 1373 548 Εὐφημίας,
1398 512 1464 550 φεῦί
1493 510 1540 538 σὺν
1567 513 1602 548 τῇ
1626 510 1740 549 λάρνακι
1763 512 1802 544 εἷς
1825 513 1870 539 τὸν

1044 556 1123 594 βυθὸν
1153 559 1201 590 τῆς
1231 555 1370 591 θαλάσσης
1400 553 1532 593 ἔρῥιψεν.
1567 556 1642 583 Μετὰ
1671 554 1699 583 δὲ
1725 557 1872 594 τριάκοντα

1040 599 1066 637 ’ἐξ
1100 600 1217 638 χρόνους
1254 599 1359 637 Εἰρήνη
1398 601 1416 634 ἡ
1451 597 1629 635 εὐσεϐεστάτη
1668 600 1813 638 Αὐγούστα
1853 602 1869 635 ἡ

1041 644 1179 681 Ἀθηναία,
1194 647 1289 672 τοῦτον
1306 644 1388 672 πάλιν
1405 643 1614 681 ἀνῳκοδόμησε,
1629 645 1674 672 καὶ
1694 645 1725 672 τὸ
1741 645 1870 682 λείψανον

1041 688 1156 726 εὖροῦσα
1170 687 1258 728 ἔφερε.

1201 746 1266 784 Περὶ
1283 749 1331 774 τοῦ
1355 746 1519 784 Προδρόμου
1537 749 1583 774 τοῦ
1598 746 1707 775 Ἴλλου.

1075 802 1136 830 ’Ότι
1170 800 1203 828 τὰ
1240 799 1374 837 λεγόμενα
1408 799 1504 828 Ἱλλου
1541 801 1555 827 ὁ
1585 799 1758 838 Πρόδρομος,
1788 802 1868 838 πηγὴ

161 850 191 877 S.
208 847 341 883 [Joannis
366 845 569 880 Precursoris,
595 846 665 873 olim
692 846 756 873 fons
780 847 851 879 erat,
877 846 906 873 in
931 841 1047 882 quoBl

1073 845 1180 883 ὄγχανε,
1222 845 1267 872 καὶ
1306 844 1480 882 ἐνεμφώλευε
1522 843 1628 881 δράκων
1669 846 1867 882 παμμεγέθης.

160 893 248 920 draco
263 892 368 928 ingens
385 890 534 923 latitabal;
551 889 610 917 illic
625 892 688 917 tum
710 892 738 918 et
761 890 897 918 aerarium
927 891 985 918 im-

161 936 269 974 periale
283 937 356 968 erat,
374 939 402 962 et
417 934 527 962 multos
542 934 609 962 illac
625 936 811 962 transeuntes
827 935 914 962 draco
934 936 986 963 de-

160 982 289 1010 vorabat.
307 981 433 1008 Sanctus
447 987 514 1006 vero
532 979 671 1015 Hypatius
696 987 762 1006 cum
788 987 821 1006 eo
845 980 985 1008 accessis-

160 1029 215 1061 set,
233 1034 286 1054 suo
308 1024 424 1057 baculo,
449 1024 479 1051 in
505 1024 590 1059 cujus
614 1024 674 1051 ima
697 1026 778 1058 parte
803 1023 875 1051 clavi
900 1024 985 1052 ferrei

160 1070 239 1098 affixi
256 1072 348 1103 erant,
363 1069 438 1096 tacto
453 1067 547 1096 crucis
563 1068 658 1104 signo,
684 1068 839 1095 draconem
865 1076 985 1104 percus-

159 1115 198 1143 sit
219 1123 253 1142 ac
277 1113 433 1146 interfecit,
460 1113 528 1140 hinc
553 1112 770 1148 apprehensum
796 1112 825 1140 in
853 1113 983 1140 medium

158 1160 254 1188 forum
270 1167 337 1187 eum
354 1159 504 1186 mortuum
528 1157 660 1192 projecit,
686 1165 719 1184 ac
746 1156 806 1192 igni
831 1157 952 1184 tradidit
975 1165 982 1185 :

158 1206 187 1232 et
202 1204 310 1232 idcirco
327 1202 409 1230 locus
432 1201 480 1229 ille
506 1201 562 1229 tale
588 1210 694 1229 nomen
718 1201 858 1235 obtinuit,
884 1201 927 1229 vel
947 1202 983 1229 ab

158 1248 211 1278 Illo
228 1247 379 1283 magistro,
396 1246 446 1282 qui
466 1246 624 1282 imperium
640 1246 833 1281 atl‘ectaverat,
859 1245 984 1274 ibidem-

161 1301 217 1330 que
231 1292 394 1320 habitabat.

359 1348 398 1375 De
412 1347 505 1375 eodem
519 1345 623 1382 templo
637 1345 687 1374 Illi
701 1346 781 1374 dicto.

193 1396 347 1433 Templum
363 1396 393 1424 S.
407 1395 529 1424 Joannis
545 1395 746 1430 Prmeursoris,
765 1394 807 1422 llli
830 1403 981 1431 nuncupa-

158 1445 233 1478 tum,
259 1442 365 1469 domus
387 1440 497 1468 exstitit
520 1439 563 1467 Illi
590 1439 734 1475 magistri,
761 1439 810 1475 qui
836 1439 982 1475 prmclaris

161 1486 321 1521 multisque
339 1486 458 1512 functus
473 1486 517 1512 est
531 1483 725 1519 dignitatibus
742 1484 797 1511 sub
814 1484 905 1512 Leone
921 1484 980 1511 Ma-

1045 890 1148 917 Ἐκεῖσε
1177 889 1206 916 δὲ
1233 890 1265 925 ῇν
1294 889 1339 916 καὶ
1353 892 1466 926 ταμεῖον
1498 888 1652 927 βασιλικὸν,
1679 889 1724 916 καὶ
1744 888 1870 921 πολλοὺς

1041 935 1055 961 ὁ
1085 932 1190 972 δράκων
1221 933 1322 968 ἤσθιεν.
1354 934 1384 962 Ὀ
1413 933 1442 961 δὲ
1471 934 1546 971 ἅγιος
1560 933 1685 965 Ὑπάτιος
1706 934 1793 962 ἐκεῖσε
1819 944 1870 962 πα.

1041 978 1218 1017 ραγενόμενος
1249 979 1315 1015 μετᾶ
1346 981 1394 1013 τῆς
1426 976 1526 1016 ῥάϐδου
1541 978 1624 1006 αὐτοῦ
1646 978 1767 1015 ὶχούσης
1781 979 1870 1006 xire).

1040 1023 1082 1049 θεν
1110 1022 1197 1057 ἥλους
1226 1021 1367 1060 σιδηροῦς,
1397 1023 1442 1049 καὶ
1472 1023 1619 1061 σφραγίσας
1631 1022 1676 1049 καὶ
1689 1023 1807 1060 κρούσας
1820 1023 1866 1050 τὸν

1040 1066 1171 1105 δράκοντα
1188 1090 1195 1102 ,
1217 1067 1347 1104 angens“
1366 1088 1374 1101 ,
1403 1067 1447 1095 καὶ
1476 1065 1567 1095 λαϐὼν
1595 1067 1675 1095 αὐτὸν
1706 1068 1787 1103 μέσον
1816 1070 1866 1094 τοῦ

1039 1112 1130 1149 Φόρου
1145 1110 1284 1148 προῦθηκε
1298 1111 1403 1146 νεκρὸν,
1421 1111 1466 1138 καὶ
1490 1109 1600 1139 ἔκαυσεν
1623 1111 1716 1140 αὐτόν.
1746 1111 1796 1139 Καὶ
1822 1111 1868 1139 ἐπὶ

1037 1156 1126 1184 τούτω
1151 1156 1298 1192 ὠνομάσθη
1329 1156 1342 1183 ὁ
1373 1156 1457 1186 τόπος
1484 1155 1581 1190 οὕτως,
1610 1155 1655 1183 καὶ
1689 1156 1742 1183 ἀπὸ
1769 1155 1867 1184 Ἴλλου

1040 1200 1192 1238 μαγίστροι)
1214 1201 1441 1237 τυραννήσαντος,
1457 1200 1502 1228 καὶ
1518 1199 1603 1228 ἐκεῖσε
1619 1200 1771 1234 οἰκοῦντος,

1277 1346 1343 1380 Περῖ
1356 1345 1404 1371 τοῦ
1419 1343 1501 1371 αὐτοῦ
1513 1343 1619 1372 ’Ἰλλου.

1070 1398 1131 1425 Ὂτι
1157 1396 1190 1424 τὰ
1212 1395 1369 1433 καλούμενα
1397 1395 1492 1425 Ίλλου
1522 1397 1536 1424 ὁ
1565 1398 1662 1434 ’Ἄγιος
1687 1396 1819 1432 Ἰωάννης
1852 1398 1867 1425 ὁ

1037 1439 1208 1479 Πρόδρομος⁹
1247 1441 1321 1473 οἶκος
1358 1441 1391 1476 ἦν
1427 1440 1523 1470 Ἴλλου
1561 1441 1720 1479 μαγίστρου,
1749 1440 1861 1473 πολλὰς

1036 1485 1123 1523 ἀρχὰς
1149 1484 1320 1516 διανύσαντος
1349 1486 1415 1522 μετὰ
1443 1485 1552 1521 πολλῆς
1565 1485 1645 1521 δόξης
1675 1486 1700 1513 ἐν
1716 1488 1775 1517 τοῖς
1792 1486 1862 1524 χρό-

159 1531 221 1558 cela
249 1533 277 1558 et
299 1530 424 1557 Zenone.
449 1529 528 1556 Idem
557 1527 628 1555 lllus
652 1528 807 1563 imperium
829 1529 978 1561 affectans,
996 1523 1017 1556 C
1036 1541 1047 1557 ν

1073 1541 1093 1562 ις
1120 1532 1167 1557 τοῦ
1196 1529 1374 1567 Λεομακὲλου
1398 1530 1442 1557 καὶ
1470 1532 1607 1566 Ζήνωνος.
1636 1523 1811 1568 Τυραννήσαςν
1838 1529 1866 1558 δὲ

161 1574 290 1602 collectis
306 1583 339 1601 ex
357 1572 462 1609 populo
479 1572 666 1607 septuaginta
681 1571 761 1599 mille
781 1572 926 1600 militibus
951 1572 981 1599 in

157 1618 312 1646 Antiochia
339 1625 446 1653 magna
473 1616 503 1644 in
532 1617 677 1644 Zenonem
703 1616 879 1650 insurrexit;
907 1617 982 1644 Zeno

158 1671 227 1692 vero
245 1663 386 1690 adversus
401 1669 468 1690 eum
485 1662 604 1688 fratrem
621 1669 709 1688 suum
736 1661 898 1697 Longinum
920 1670 981 1689 ma-

158 1708 286 1744 gistrum
311 1706 393 1734 misit
417 1714 483 1733 cum
511 1713 617 1741 magna
642 1705 770 1733 militum
785 1714 883 1733 manu.
900 1706 982 1733 Com-

159 1752 251 1780 misso
275 1753 374 1779 autem
398 1750 497 1786 praelia
522 1757 611 1785 prope
637 1757 774 1786 magnam
798 1750 982 1778 Antiochiam

155 1797 249 1825 victus
265 1798 310 1824 est
325 1795 483 1831 Longinus,
500 1796 528 1822 et
542 1793 588 1822 vix
603 1793 695 1827 solus,
725 1794 860 1822 universo
887 1794 982 1823 deleto

156 1841 297 1874 exercitu,
314 1839 499 1868 Antiochiam
515 1847 546 1867 se
562 1839 679 1874 recepit.
698 1838 750 1866 Illo
767 1838 882 1866 viribus
896 1838 982 1876 longe

158 1886 309 1922 superiore
338 1884 505 1912 exsistente.
530 1883 638 1910 Verum
664 1883 739 1911 Zeno
763 1883 907 1911 Joannem
931 1893 982 1920 pa-

156 1930 288 1964 tricium,
304 1928 476 1965 cognomine
493 1928 631 1960 Curvum,
648 1936 714 1955 cum
731 1936 837 1963 magno
861 1928 982 1964 Scytha-

158 1983 222 2002 rum
239 1976 267 2002 et
289 1973 482 2000 Macedonum
508 1980 596 1999 manu
622 1971 651 1998 in
672 1971 834 1999 Seleuciam
862 1971 981 2008 legavit,

157 2018 257 2054 ibique
286 2019 419 2045 conserto
444 2015 553 2052 prmlio,
578 2015 649 2043 Ilius
673 2024 740 2044 cum
765 2016 827 2044 suis
852 2017 983 2045 devictus

157 2064 209 2090 est.
227 2062 283 2090 Sed
298 2061 365 2096 fuga
379 2060 409 2088 in
425 2060 572 2096 quoddam
587 2059 739 2088 castellum
755 2059 873 2096 elapsus
888 2069 905 2088 a
919 2061 983 2089 suis

157 2106 326 2134 domesticis
340 2104 446 2133 Joanni
460 2104 603 2140 proditur,
620 2113 637 2132 a
652 2113 710 2140 quo
734 2106 762 2132 et
786 2104 891 2140 reliqui
918 2105 982 2141 ejus

157 2151 247 2179 duces
262 2149 468 2186 comprehensi
485 2148 680 2184 decollatique
705 2151 784 2177 sunt.
813 2151 983 2185 Horamque

157 2195 304 2232 capitibus
321 2203 380 2222 una
393 2202 461 2222 cum
487 2193 582 2229 capite
607 2193 650 2220 illi
676 2193 765 2221 hasta;
787 2193 885 2221 inﬁxis
908 2195 981 2222 Con-

157 2239 383 2275 stantinopolim
400 2238 565 2274 ingreditur
578 2238 716 2265 Joannes.
733 2238 873 2266 Caeterum
889 2238 983 2274 impe-

157 2285 231 2313 ravit
246 2285 318 2312 lllus
333 2292 450 2312 menses
464 2281 696 2319 quatuordccim.

313 2342 350 2369 De
365 2342 422 2370 loco
435 2344 594 2376 nuncupan
609 2340 825 2368 Phocolisthum.

193 2397 300 2425 Locum
325 2394 565 2431 cognominatum
591 2393 811 2422 Phocolisthum
837 2394 904 2422 inde
929 2403 982 2423 no-

159 2449 227 2469 men
262 2440 412 2476 accepisse
446 2438 597 2467 contendit
622 2438 792 2466 Panodorus
819 2438 981 2475 i/Egyptius,

157 2485 246 2521 quod,
265 2493 332 2512 cum
349 2484 462 2512 Phocus
477 2483 639 2518 imperator
663 2482 729 2510 illac
750 2491 825 2519 equo
848 2483 981 2512 insidens

155 2529 359 2566 pertransiret,
375 2537 469 2564 equus
492 2528 556 2564 ejus
580 2527 619 2555 ibi
647 2527 832 2562 cespitaverit
855 2529 883 2555 et
907 2529 981 2556 ceci-

156 2573 242 2608 derit,
259 2575 291 2601 ut
305 2573 346 2601 ait
361 2573 532 2601 Panodorus
544 2572 712 2608 Egyptius;
729 2572 899 2600 Theodorus
915 2581 982 2601 vero

155 2617 311 2646 Thebanus
327 2617 521 2654 philosophus
538 2617 605 2644 inde
620 2625 726 2644 nomen
743 2617 907 2645 obtinuisse
927 2626 982 2654 pu-
1012 2624 1015 2628 ·

155 2663 207 2696 lat,
224 2662 301 2698 quod
318 2669 385 2689 cum
401 2663 468 2689 ante
487 2662 711 2690 Constantinum
735 2661 874 2697 Magnum
899 2661 982 2690 locus

155 2707 204 2736 ille
219 2709 301 2736 extra
316 2706 420 2734 urbem
437 2708 525 2740 esset,
543 2706 704 2742 multisque
720 2706 921 2741 frequentatae
936 2705 982 2734 la-

152 2752 298 2786 tronibus,
315 2750 366 2787 qui
381 2749 526 2786 plurimos
542 2751 717 2786 Byzantinos
733 2750 811 2778 cives
827 2751 981 2779 interiece-

1037 1575 1051 1602 ὁ
1075 1575 1156 1605 αὐτὸς
1183 1574 1288 1608 Ἰλλος,
1320 1574 1364 1602 καὶ
1390 1574 1458 1602 λαοῦ
1480 1574 1608 1612 ἀθροίσας
1632 1575 1653 1602 ο’
1676 1574 1807 1612 χιλιάδας
1825 1574 1864 1605 εἷς

1038 1619 1211 1656 Ἀντιόχειαν
1230 1619 1279 1653 τήν
1297 1618 1418 1657 μεγάλην
1443 1619 1512 1647 κατὰ
1525 1621 1573 1646 τοῦ
1600 1620 1726 1654 Ζήνωνος
1740 1619 1866 1655 ἆντῇρεν,

1037 1664 1065 1689 ’0
1094 1661 1122 1690 δὲ
1151 1664 1244 1698 Ζήνων
1273 1663 1437 1695 ἀποστείλας
1467 1664 1600 1701 Λογγίνον
1635 1663 1784 1702 μάγιστρον
1814 1664 1861 1691 τὸν

1037 1705 1153 1746 ἀδελφὸν
1179 1707 1262 1734 αὐτοῦ
1287 1707 1355 1744 μετὰ
1369 1706 1494 1743 πλήθους
1519 1710 1702 1745 στρατιωτῶν,
1726 1709 1771 1735 καὶ
1797 1719 1867 1744 συμ-

1037 1749 1124 1786 ϐολῆς
1140 1752 1265 1788 πολέμου
1279 1752 1428 1789 γενομένης
1453 1753 1559 1787 ἡττήθη
1587 1751 1718 1790 Δογγίνος
1742 1751 1863 1787 πλησίον

1037 1795 1207 1833 Ἀντιοχείας
1228 1797 1279 1830 τῆς
1305 1795 1444 1832 μεγάλης,
1469 1796 1515 1823 καὶ
1543 1795 1625 1832 μόλις
1647 1797 1729 1832 μόνος
1744 1795 1865 1831 διεσώθη

1037 1841 1064 1868 ἐν
1090 1842 1126 1877 τῇ
1153 1841 1320 1877 ’Δντιοχιίᾳ,
1337 1842 1384 1867 τοῦ
1400 1839 1468 1867 λαοῦ
1493 1840 1575 1868 αὐτοῦ
1603 1841 1702 1872 παντὸς
1730 1851 1867 1880 κατασφα-

1037 1885 1141 1922 γέντος·
1166 1884 1211 1912 καὶ
1236 1883 1472 1912 κατεδυνάστεισεν
1502 1879 1597 1915 Ἵλλος
1626 1884 1742 1924 σφόδρα.
1771 1886 1803 1914 Ὀ
1837 1884 1867 1913 δὲ

1038 1930 1127 1965 Ζήνων
1143 1927 1299 1956 ἀπέστειλεν
1323 1929 1450 1964 Ἰωάννην
1477 1929 1633 1967 πατρίκιον,
1661 1930 1706 1956 τὸν
1737 1928 1866 1967 ἐπιλεγό-

1039 1984 1119 2010 μενον
1157 1973 1258 2012 Κυρτὸν
1275 1994 1282 2007 ,
1321 1973 1388 2010 μετὰ
1421 1974 1532 2000 Σκυθῶν
1567 1974 1612 2001 καὶ
1642 1972 1806 2002 Μακεδόνων
1838 1973 1864 2001 ἐν

1038 2017 1181 2053 Σελευκίᾳ,
1203 2018 1246 2045 καὶ
1277 2015 1464 2054 συμϐαλόντες
1493 2017 1629 2055 πόλεμον,
1653 2019 1812 2054 ἡττήθησαν
1840 2018 1866 2046 οἱ

1036 2065 1085 2090 τοῦ
1115 2062 1212 2100 μέρους
1238 2064 1286 2089 τοῦ
1314 2061 1422 2097 Ἵλλου,
1448 2062 1494 2090 καὶ
1526 2064 1617 2101 φυγὼν
1647 2062 1743 2094 ’Ἰλλος
1759 2061 1785 2090 ἕν
1810 2073 1865 2090 τινι

1037 2106 1160 2146 φρουρίῳ
1183 2104 1321 2144 παρεδόθη
1354 2106 1405 2134 ὑπὸ
1420 2107 1474 2133 σῶν
1492 2106 1600 2134 οἰκείων
1617 2106 1699 2134 αὐτοῦ
1715 2107 1867 2145 ἀνθρώπων

1036 2151 1105 2188 πρὸς
1122 2149 1310 2186 Ἰωάννην,καὶ
1327 2147 1533 2187 συλλαϐόμενος
1547 2151 1612 2182 τοὺς
1626 2150 1766 2189 ἄρχοντας
1783 2151 1867 2179 αὐτοῦ

1000 2205 1021 2237 D
1038 2195 1105 2232 μετὰ
1118 2198 1168 2230 τῆς
1183 2194 1282 2222 τούτου
1296 2194 1380 2233 κάρας
1392 2194 1538 2233 εἰσήγαγεν
1555 2195 1593 2226 εἷς
1607 2196 1868 2223 Κωνσταντινούπο-

1037 2239 1093 2274 λιν,
1109 2238 1153 2266 ἐπὶ
1182 2238 1283 2277 δόρατα
1302 2239 1350 2271 τὰς
1372 2239 1491 2279 κεφαλὰς
1511 2241 1612 2278 φέρων.
1628 2241 1809 2278 Ἐτυράννησε
1839 2240 1868 2268 Si

1035 2283 1128 2316 Ἴλλος
1145 2287 1234 2321 μῆνας
1250 2282 1293 2312 ιδ’.

1196 2341 1262 2379 Περῖ
1277 2342 1308 2369 τὸ
1322 2341 1491 2379 καλούμενον
1511 2341 1702 2374 Φωκόλισθον.

1071 2397 1130 2422 Ὀτι
1161 2395 1194 2423 τὸ
1209 2394 1358 2433 λεγόμενον
1381 2395 1566 2433 φωκόλισθον,
1582 2393 1699 2435 ἔφιππος
1716 2395 1835 2434 βαδίζων
1852 2397 1866 2424 ὁ

1038 2443 1135 2471 Φωκᾶς
1167 2439 1305 2477 βασιλεὺς,
1343 2439 1496 2476 ὠλίσθησεν
1526 2441 1541 2467 ὁ
1571 2439 1659 2472 ἵππος
1695 2441 1779 2468 αὐτοῦ
1820 2441 1866 2468 καὶ

1037 2482 1124 2512 ἔπεσε·
1149 2484 1195 2511 καὶ
1211 2483 1256 2511 διὰ
1267 2486 1348 2512 τοῦτο
1363 2484 1467 2520 ἐκλήθη
1485 2484 1677 2520 Φωκόλισθον,
1693 2484 1783 2516 καθώς
1800 2497 1868 2524 φησι

1037 2527 1226 2565 Πανόόωροςὸ
1254 2528 1416 2567 Αῗγύπτιος”
1435 2529 1449 2556 ὁ
1479 2528 1509 2557 δὲ
1532 2527 1674 2568 Θεόδωρος
1699 2530 1714 2557 ὁ
1742 2527 1869 2565 Θηϐαῖος

1038 2572 1189 2612 φιλόσοφος
1203 2572 1252 2606 ὢν,
1267 2573 1321 2611 πρὸ
1341 2575 1391 2601 τοῦ
1414 2574 1542 2612 Μεγάλου
1565 2574 1771 2602 Κωνσταντίνου
1801 2574 1869 2613 φησῖ

1039 2617 1134 2653 ἔξωθεν
1150 2621 1200 2652 τῆς
1215 2616 1324 2649 πόλεως
1347 2618 1492 2654 Βύζαντος,
1524 2618 1621 2655 λῃσταὶ
1647 2618 1751 2646 πολλοὶ
1782 2618 1868 2656 ὑπῆρ·

1036 2672 1100 2701 χον,
1114 2663 1158 2690 καὶ
1174 2661 1299 2693 πολλοὺς
1322 2662 1483 2698 Βυζαντίους
1510 2662 1628 2692 ἀνεῖλον.
1659 2663 1689 2691 Ὁ
1719 2661 1749 2690 δὲ
1777 2663 1868 2700 Μέγας

1037 2709 1238 2738 Κωνσταντῖνος
1275 2706 1343 2744 μετὰ
1377 2708 1408 2735 τὸ
1442 2708 1576 2745 πορθῆσαι
1614 2707 1660 2735 καὶ
1695 2707 1785 2735 κτίσαι
1815 2708 1865 2742 τὴν

1036 2750 1129 2787 πόλιν,
1160 2752 1252 2788 μαθὼν
1278 2752 1340 2789 περὶ
1364 2754 1418 2779 τῶν
1447 2750 1553 2789 λῃστῶν
1583 2752 1627 2779 καὶ
1653 2750 1865 2789 συλλαϐόμενος
