1953 3047
85 101 101 130 1
107 99 165 130 25⁵1

654 93 834 125 ΑΝΟΝΥΜΙ
856 91 1150 128 ANTIOUITATES
1174 92 1234 124 GP.

1715 93 1794 124 1258

85 164 185 195 αὐτοὺς
206 163 291 192 ἰκεῖσε
314 160 476 201 ἒφούλκισςν
499 159 607 192 αὐτούς.
634 160 682 188 Διὰ
704 161 785 188 τοῦτο
810 157 912 193 ἐκλήθη

1006 160 1046 192 nt,
1085 159 1297 187 Constantinus
1322 158 1448 194 Magnus
1473 158 1632 187 destructis
1647 159 1795 188 veteribus

85 209 118 236 τὸ
134 207 224 245 ὄνομα
237 209 285 235 τοῦ
300 207 385 234 τόπου
401 205 627 240 Φουλκόκηστον.

971 203 1056 231 urbis
1071 203 1213 238 aediliciis,
1229 203 1371 239 novisque
1397 202 1539 237 excitatis,
1554 203 1604 231 ubi
1619 211 1680 231 rem
1704 205 1794 232 resci-

82 255 127 282 vit
155 254 286 282 latrones
315 253 397 288 ipsos
426 251 654 288 comprehensos
684 250 757 278 inibi
787 248 878 277 furcis
901 247 1004 276 ufﬁxit.
1029 249 1092 280 Qua
1117 248 1151 276 de
1176 256 1206 276 re
1231 248 1313 276 locus
1328 247 1376 276 ille
1391 249 1582 284 nuncupatus
1598 248 1654 276 fuit
1667 248 1794 278 Phulco-

83 299 204 328 lestum.

120 351 186 388 Περὶ
228 351 262 378 τὰ
300 348 433 386 λεγόμενα
466 347 607 388 ’Κρντάρια
648 348 686 379 sic
727 348 778 382 τήν
819 346 911 384 Ἀγίαν

440 384 544 420 Θὲκλην
551 406 557 413 .

120 432 182 460 ’Ότι
210 431 244 458 τὰ
272 429 407 467 λεγόμενα
443 429 591 466 Κοντάρια,
617 429 630 455 6
660 429 735 466 ἅγιος
764 428 912 465 Γεώργιος,

84 475 129 503 6'15
144 475 227 510 ἦλθεν
245 474 259 501 ὁ
287 472 414 511 βασιλεὺς
438 472 547 510 Θρᾴκης
572 473 641 510 πρὸς
663 472 796 506 Βύζαντα,
812 469 911 507 ἔκοψαν

85 521 111 547 ol
126 520 258 555 Βύζαντες
274 518 304 547 ἰκ
318 521 372 546 τῶν
398 518 483 545 ἐκεῖσε
501 517 592 545 τόπων
611 517 750 554 κοντάρια,
766 515 810 543 καὶ
826 515 912 546 οὕτως

84 565 189 600 ἐκλήθη
216 565 230 592 ὁ
258 563 343 596 τόπος
368 562 514 600 Κοντάρια.
548 562 579 591 Ὁ
609 560 638 589 Si
663 561 744 598 μέγας
773 564 912 589 Κωνσταν-

82 612 158 640 τῖνος
184 609 325 646 ἀνήγειρεν
353 607 438 634 ἐκεῖσε
475 607 539 633 ναὸν
570 605 622 639 τῆς
651 604 794 633 Θεοτόκου.
823 605 855 632 '0
883 602 912 631 δὶ

83 655 230 684 Ἰουστῖνος
260 654 273 680 6
308 650 634 690 Πρωτοκουροπαλάτης,
664 651 678 677 6
712 650 780 685 ἀνὴρ
810 648 911 687 Σοφίας

81 702 134 733 τῆς
164 696 269 733 Λοῧῆς,
291 697 330 728 εἷς
358 696 462 728 κάλλος
487 696 532 723 καὶ
564 695 678 733 μέγεθος
707 694 840 722 ἰπλάτυνι
864 693 909 720 τὸν

82 745 207 771 τοιοῦνον
235 742 311 778 ναὸν,
340 742 384 769 καὶ
419 741 580 778 ἐπωνόμασε
616 741 711 767 τοῦτον
740 742 790 774 τῆς
819 738 910 777 Ἀγίας

85 787 204 823 θὲκλης.

83 842 149 880 Περὶ
179 844 230 876 τῆς
246 844 333 878 μονῆς
373 841 422 884 τοᾷ
444 838 561 884 Helvios“
579 838 694 876 Σιργίου
723 838 769 865 καὶ
800 837 911 874 Βάκχου
929 848 953 881 Β

389 875 422 904 τὰ
444 873 608 913 Ὀρμίσδου.

120 923 180 951 Ὀτι
203 921 237 949 τὰ
261 920 419 957 καλούμενα
443 918 603 957 Ὁρμίσδου,
633 919 719 956 λιμὴν
748 919 780 952 ἦν
806 917 914 954 μικρὸς,

84 966 111 995 ἐν
141 967 163 1003 ᾦ
192 966 205 993 6
242 965 325 1004 μέγας
361 964 551 996 Ἰουστινιανὸς
584 963 754 1002 ἐχρημάτισι
786 963 914 998 κοιτῶνα,

84 1010 130 1039 καί
159 1009 286 1046 ὠνόμασε
313 1010 425 1047 Σέργιον
464 1009 508 1036 καὶ
548 1009 669 1045 Βάκχον.
703 1006 840 1037 Ὡσαύτως
869 1005 914 1033 καὶ

77 1055 169 1093 ἕτερον
185 1055 247 1082 ναὸν
263 1057 316 1082 τῶν
334 1055 418 1091 ἁγίων
435 1053 621 1087 Ἀποττόλων,
646 1052 689 1079 ὅτε
714 1052 758 1079 τδν
791 1051 912 1089 χρισμὸν

84 1098 180 1128 ἔλαϐεν
199 1100 328 1128 ὑποκάτω
344 1101 397 1127 τῶν
425 1097 579 1137 βαθμίδων,
609 1097 653 1125 6'1:
676 1097 721 1124 καὶ
736 1097 785 1131 τὴν
807 1096 912 1134 σφαγὴν

83 1143 124 1176 εἲς
153 1144 274 1172 Ἱππικὸν
300 1143 397 1172 ἐποίει.
424 1143 547 1179 Ἐκλήθη
579 1141 608 1170 δὲ
636 1141 788 1170 Ἰουλιανοῦ
817 1142 913 1178 λιμὴν,

83 1189 126 1217 δτι
144 1189 158 1217 6
174 1189 268 1220 κτίσας
284 1187 371 1219 οὕτως
383 1186 516 1216 ἐκαλεῖτο.

358 1241 424 1278 Περὶ
436 1243 487 1268 τοῦ
503 1244 643 1268 Βουκινου.

122 1286 160 1314 Τὸ
190 1285 319 1314 Βούκινον
343 1286 374 1313 τὸ
394 1285 523 1322 παλαιὸν,
554 1284 699 1323 σάλπιγγες
726 1284 793 1319 ἦσαν
822 1284 912 1312 ἐπάνω

83 1333 134 1358 τοῦ
149 1331 281 1368 τείχους’
308 1330 339 1357 τὸ
366 1329 394 1357 Si
417 1333 510 1367 τεῖχος
540 1328 666 1357 ὑποκάτω
688 1330 721 1363 ἦν
748 1327 912 1366 συριγγῶδὲς

86 1377 203 1412 κοῦφον.
228 1375 278 1402 Καιῖ
308 1373 353 1401 ὅτι
379 1374 412 1408 ἦν
442 1375 520 1406 νότος
547 1373 565 1408 ἤ
597 1373 708 1412 βορῥάς,
738 1372 863 1412 σφοδρῶς
883 1372 913 1400 ἐκ

83 1421 138 1446 τῶν
169 1420 297 1455 κυμάτων
323 1421 372 1453 17;“;
400 1417 537 1454 θαλάσσης
566 1417 784 1455 ἀποκρουούσης,
811 1417 910 1445 ἐκεῖθεν

88 1464 227 1501 ἀνήρχιτο
258 1462 345 1502 βίαιον
373 1465 479 1499 πνεῦμα
509 1463 553 1490 καὶ
575 1464 630 1500 ﬁxe
656 1461 804 1499 μελῳδίαν,
832 1461 910 1498 δίκην

87 1512 222 1546 σειρῆνος,
238 1508 283 1535 καὶ
306 1507 447 1544 ἀντέλεγεν
472 1508 486 1534 6
509 1506 600 1544 ἕτερος
621 1507 723 1544 πύργος
744 1507 758 1534 ὁ
774 1506 910 1544 ἄντικρυς.

85 1553 148 1580 ’Ὁτι
175 1551 203 1580 δὲ
232 1551 315 1587 ἤθελε
351 1556 460 1587 κινῆσαι
503 1552 654 1589 Ῥωμαϊκὸς
702 1551 811 1586 στόλος,
857 1551 913 1578 ἐκεῖ

85 1597 258 1634 ἡθροίζοντο,
275 1596 321 1624 καὶ
342 1597 409 1624 κατὰ
426 1597 472 1624 τὸν
496 1597 569 1635 ἦχον
591 1599 644 1624 τῶν
670 1596 783 1634 πύργων
799 1595 912 1623 ἐσάλπι-

83 1644 128 1676 ζον
142 1642 169 1668 αἱ
185 1645 260 1677 νῆες,
276 1642 319 1669 καὶ
335 1641 447 1669 ἐκίνουν.

283 1740 346 1777 Περὶ
362 1743 412 1774 τῆς
430 1739 531 1778 Σοφίας
545 1739 591 1767 τὸν
605 1738 715 1775 λιμὲνα.

119 1785 168 1812 Τὸν
208 1783 307 1820 λιμένα
343 1788 394 1819 τῆς
432 1784 533 1823 Σοφίας
565 1785 710 1816 Ἰουστῖνος
739 1783 841 1812 ἔκτισεν
875 1784 913 1822 εἰς

84 1829 233 1866 πρόσωπον
257 1832 308 1863 τῆς
331 1829 460 1866 γυναικὸς
482 1829 566 1856 αὐτοῦ
590 1829 705 1867 Σοφίας.
735 1829 792 1865 Πρὸ
817 1827 845 1856 δὲ
863 1831 912 1856 τοῦ

84 1874 226 1908 κτισθῆναι
253 1873 300 1900 τὸν
329 1872 429 1909 λιμένα
465 1872 574 1909 ὑπῆρχε
613 1872 678 1900 στοᾶ
714 1872 912 1910 καμαροειδὴς,

85 1917 119 1952 ἤν
151 1916 253 1944 ἔκτισεν
280 1918 294 1944 ὁ
323 1918 415 1954 Μέγας
443 1918 653 1950 Κωνσταντῖνος,
682 1916 726 1944 καί
756 1917 911 1955 ἀνήρχοντο

86 1963 112 1989 οἱ
141 1961 299 2000 φιλόσοφοι,
316 1961 342 1988 ο⁹ί
356 1971 384 1988 1e
399 1959 514 1996 Θηϐαῖοι
535 1961 579 1989 καὶ
595 1962 748 1996 Ἀθηναῖοι,
763 1962 807 1989 καί
823 1961 910 1989 διελέ-

83 2017 164 2044 γοντο
186 2006 253 2043 μετᾶ
276 2008 330 2033 τῶν
356 2005 478 2034 πολιτῶν
503 2005 660 2045 φιλοσόφων
680 2015 685 2022 ’
713 2006 757 2033 καὶ
786 2005 911 2044 διήρκεσε

83 2053 164 2078 τοῦτο
195 2051 273 2088 μὲκρι
303 2053 351 2078 τοῦ
390 2051 547 2085 Ἰουστίνου,
585 2051 629 2078 καὶ
667 2051 781 2078 πάντοτε
817 2051 911 2078 ἐνίκων

83 2096 108 2123 οἱ
132 2094 245 2123 δυτικοί.
273 2095 334 2124 Ἐπὶ
361 2094 389 2122 δὲ
413 2095 560 2123 Ἰουστίνου
584 2095 756 2130 ἡττηθέντες.
782 2094 910 2123 οὐδέποτε

83 2140 202 2174 ἀνῆλθον
230 2139 312 2178 μέχρι
346 2141 395 2172 τῆς
435 2141 566 2177 σήμερον.
600 2141 712 2168 Ἔκτοτε
749 2139 910 2172 διελθόντων

81 2185 204 2223 χρόνων,
226 2185 330 2222 ἐγένετο
356 2184 456 2223 Σοφίαν
478 2185 528 2219 τὴν
557 2184 710 2222 Αὐγοόσταν
731 2184 855 2212 ’ίστασθαι
871 2185 909 2216 εἱς

1032 347 1068 374 De
1083 347 1139 374 loco
1154 347 1203 382 qui
1217 346 1376 382 appellatur
1392 347 1532 374 σοηΐανία
1548 346 1584 374 ad
1597 350 1724 375 sanctam

1308 381 1451 410 Theclam.

1002 427 1095 454 Locus
1120 427 1256 455 Conteris.
1281 427 1388 460 dictus,
1416 426 1476 454 sive
1491 427 1617 454 Sanctus
1633 427 1788 463 Georgius,

966 470 1034 498 inde
1049 479 1155 499 nomen
1166 471 1290 507 accepit,
1307 471 1396 506 quod,
1413 479 1481 498 cum
1493 470 1624 498 Thraciae
1639 479 1690 500 rex
1703 480 1790 508 expe-

967 514 1109 543 ditionem
1125 518 1227 544 contra
1255 517 1411 552 Byzantem
1440 515 1631 551 suscepisset,
1660 516 1792 552 Byzantii

966 559 1033 587 inde
1061 560 1159 588 hastas
1184 560 1353 588 exciderint.
1379 560 1590 588 Constantinu
1617 563 1714 588 autem
1732 569 1791 588 ma-

965 612 1043 640 gnus
1059 604 1202 640 templum
1218 605 1258 632 ibi
1273 604 1386 640 Virgini
1403 604 1531 640 Deiparaz
1548 605 1701 638 exstruxit,
1714 605 1791 641 quod

967 651 1068 684 postea
1081 649 1218 677 Justinus
1234 648 1520 684 Protocuropalates,
1544 649 1652 684 conjux
1678 649 1792 685 Sophia:

968 694 1057 722 Lobes
1073 694 1225 729 ampliavit
1251 693 1470 729 exornavitque,
1487 701 1520 721 ac
1544 693 1654 721 Sanctis
1678 693 1792 722 Theclas

967 738 1162 774 appellatione
1178 738 1306 766 donavit.

1029 837 1066 864 De
1079 837 1248 865 monasterio
1264 836 1291 865 S.
1307 835 1403 871 Sergii
1416 839 1443 864 et
1456 836 1559 864 Bacchi
1572 844 1732 872 cognomine

1301 872 1462 900 Hormisdz.

1324 881 1462 899 οννηιείικ.

1006 918 1099 945 Locus
1115 917 1210 945 dictus
1225 917 1398 952 Hormisdaa,
1414 925 1521 953 parvus
1545 919 1608 944 erat
1631 921 1743 953 portus,
1760 916 1790 944 in

970 971 1028 999 quo
1051 962 1239 990 Justinianus
1261 970 1387 998 magnus
1414 961 1624 989 monasterium
1649 961 1792 990 exstruxit

970 1007 1088 1035 nomine
1104 1006 1197 1042 Sergii
1215 1011 1240 1034 et
1256 1007 1380 1040 Bacchi;
1397 1008 1426 1034 et
1440 1006 1584 1042 templum
1610 1006 1719 1042 pariter
1740 1006 1790 1034 SS.

969 1052 1178 1088 apostolorum,
1195 1060 1228 1080 eo
1240 1052 1317 1088 quod
1333 1051 1440 1079 ibidem
1457 1051 1557 1079 subter
1571 1051 1681 1087 gradus
1704 1051 1791 1078 inun-

969 1101 1034 1126 ctus
1051 1098 1114 1131 fuit,
1129 1106 1195 1126 eum
1212 1099 1338 1133 stragem
1363 1098 1392 1124 in
1419 1096 1614 1133 Hippodromo
1639 1096 1791 1124 edidisset.

968 1143 1109 1171 Praeterea
1130 1142 1296 1178 appellatus
1319 1142 1375 1170 fuit
1392 1141 1504 1169 Juliani
1520 1143 1634 1177 portus,
1651 1141 1791 1177 quoniam

968 1188 1010 1215 sic
1025 1188 1089 1223 ejus
1105 1187 1239 1215 conditor
1251 1188 1446 1223 nuncupatur.

1188 1241 1228 1268 De
1244 1240 1299 1268 loco
1318 1240 1392 1268 dicto
1408 1241 1566 1268 Buccinum.

1003 1287 1034 1314 In
1050 1285 1113 1313 loco
1129 1287 1298 1321 nuncupato
1314 1285 1485 1319 Buccioum,
1511 1283 1579 1312 olim
1609 1292 1700 1321 supra.
1723 1292 1790 1312 mu-

967 1339 1032 1358 rum
1049 1330 1182 1358 Buccinaa
1198 1330 1395 1364 exstabant,et
1410 1329 1558 1356 muriima
1573 1337 1640 1365 pars
1656 1329 1791 1357 adinstar

967 1375 1070 1403 ﬁstulae
1085 1383 1212 1402 concava
1226 1377 1298 1402 erat.
1325 1376 1394 1401 Cum
1415 1382 1481 1401 vero
1506 1375 1605 1401 auster
1627 1373 1671 1401 vel
1687 1374 1791 1402 boreas

966 1418 1169 1447 vehementius
1184 1418 1277 1451 ﬂaret,
1300 1426 1335 1445 ex
1359 1417 1499 1445 ﬂuctibus
1520 1418 1610 1445 maris
1639 1425 1672 1445 eo
1698 1417 1791 1446 allisis

967 1463 1089 1499 spiritus
1114 1463 1270 1490 vehemens
1299 1461 1485 1493 ascendebat,
1512 1470 1545 1489 ac
1570 1461 1677 1489 sirenis
1694 1462 1786 1490 instar

968 1508 1071 1536 edebat
1100 1509 1286 1541 concentum,
1316 1506 1532 1542 resonabatque
1561 1506 1670 1542 pariter
1698 1505 1790 1534 altera.

968 1552 1059 1580 turris
1072 1552 1216 1588 opposita.
1234 1551 1306 1579 Cum
1321 1559 1387 1579 vero
1403 1550 1500 1585 aliquo
1526 1551 1691 1586 profectura
1714 1553 1792 1579 esset

969 1598 1100 1625 Romana
1115 1596 1228 1630 classis,
1245 1595 1316 1624 illuc
1331 1595 1576 1631 congregabutur,
1590 1598 1618 1623 et
1629 1596 1715 1631 juxta
1729 1598 1792 1623 tur-

968 1642 1045 1670 rium
1061 1650 1167 1669 sonum
1183 1641 1212 1669 iu
1235 1641 1359 1669 navibus
1385 1648 1502 1676 quoque
1527 1640 1599 1668 tuba
1621 1640 1792 1674 cauebatur,

968 1689 1056 1723 atque
1072 1686 1114 1714 ita
1134 1685 1350 1714 discedebatur.

1235 1739 1272 1766 De
1284 1743 1370 1774 portu
1383 1738 1532 1774 Sophiano.

1003 1785 1122 1812 Portum
1139 1783 1321 1820 Sophianum
1340 1783 1472 1811 condidit
1493 1783 1632 1810 Justinus
1657 1783 1791 1819 conjugis

966 1838 1026 1858 sua
1041 1828 1155 1865 Sophim
1172 1828 1300 1856 nomine.
1316 1829 1481 1863 Antequam
1502 1835 1570 1854 vero
1591 1829 1710 1863 portum
1741 1835 1790 1855 ex-

967 1874 1130 1907 struxisset,
1147 1874 1210 1900 erat
1238 1871 1278 1899 ibi
1308 1871 1418 1899 fornice
1446 1871 1588 1899 instructa
1623 1871 1753 1906 porticus
1778 1881 1795 1900 a

967 1917 1159 1946 Constantino
1176 1924 1282 1952 magno
1307 1915 1461 1950 aedificata,
1478 1915 1506 1943 in
1523 1924 1610 1951 quam
1628 1916 1794 1952 philosophi

966 1963 1096 1990 Thebani
1113 1962 1225 1997 pariter
1251 1970 1283 1989 ac
1310 1961 1505 1988 Athenienses
1532 1960 1743 1988 conveniebant
1758 1961 1794 1989 ad

966 2007 1172 2035 disserendum
1188 2014 1254 2033 cum
1284 2005 1469 2041 philosophis
1494 2005 1793 2041 Constantinopolita-

966 2051 1030 2085 nis;
1048 2051 1125 2087 quod
1142 2058 1236 2086 usque
1251 2050 1287 2077 ad
1303 2049 1412 2077 Justini
1439 2052 1572 2085 tempore
1599 2050 1707 2077 factum
1736 2052 1791 2084 est,

965 2104 1080 2132 semper
1107 2095 1258 2122 victoriam
1296 2094 1517 2129 repnrtantibus
1549 2094 1791 2130 occidentalibus,

965 2142 1014 2177 qui
1044 2140 1136 2168 semel
1153 2140 1208 2167 sub
1223 2139 1342 2166 Justino
1356 2138 1438 2172 victi,
1465 2146 1617 2174 nunquam
1634 2141 1735 2175 postea
1754 2140 1790 2167 ad

966 2186 1142 2214 hodiernum
1177 2192 1272 2219 usque
1298 2183 1375 2211 diem
1404 2183 1512 2211 reversi
1541 2186 1620 2212 sunt.
1649 2184 1790 2212 Caeterum

81 2230 129 2257 τὸν
145 2229 260 2265 ἡλιακὸν
278 2232 325 2257 τοῦ
341 2229 486 2264 παλατίου,
510 2229 556 2257 καὶ
581 2230 671 2267 ὁρῶσα
694 2229 726 2256 τὰ
741 2229 826 2257 πλοῖο.
841 2230 907 2257 κλυ-

1003 2231 1083 2266 iquot
1110 2229 1273 2264 inlerjectis
1304 2228 1390 2255 annis
1407 2228 1522 2261 accidit,
1539 2230 1572 2255 ut
1587 2230 1668 2255 stans
1685 2228 1795 2264 Sophia

82 2272 250 2310 δωνιζόμενα
274 2275 300 2301 ἐν
325 2276 360 2310 τῇ
387 2273 508 2312 θαλάσσῃ
533 2274 577 2301 καὶ
603 2273 838 2312 σπλαγχνισθεῖτα
857 2273 906 2312 ἦρ-

81 2319 144 2354 ξατο
172 2317 327 2356 ὀδύρεσθαι,
363 2320 408 2346 καί
434 2321 623 2356 προσελθοῦσα
655 2319 692 2350 εἰς
718 2319 765 2346 τὸν
795 2319 907 2357 βασιλέα

79 2363 126 2390 τὸν
143 2361 228 2400 ἄνδρα
243 2363 338 2398 αὐτῆς,
354 2363 399 2391 καὶ
423 2363 555 2391 ἱκέτευσεν
580 2363 659 2390 αὐτὸν
682 2362 757 2394 ὅπως
776 2364 905 2401 παράσχῃ

81 2406 150 2443 αὐτῇ
175 2407 288 2444 χρυσίον
325 2408 414 2435 ἱκανὸν
440 2407 478 2438 εἲς
513 2409 545 2435 τὸ
569 2411 682 2442 ποιῆσαι
713 2406 831 2444 λιμένα·
861 2409 905 2436 καὶ

81 2451 298 2489 ἐπικαμφθέντος
311 2454 346 2489 τῇ
364 2452 470 2486 ⁴ταύτης
491 2451 607 2487 αἰτήσει,
632 2451 778 2490 προσέταξε
801 2454 905 2489 Ναρσῇ,

77 2498 120 2532 τῷ
150 2495 287 2534 πατρικίῳ
309 2496 354 2524 καὶ
378 2496 561 2534 πραιποσίτῳ,
577 2497 621 2524 καὶ
645 2496 772 2534 Τρωίλῳ,
798 2507 906 2535 πρωτο-

79 2538 230 2579 ϐεστιαρίῳ
245 2541 337 2576 αὐτοῦ,
362 2541 451 2569 κτίσαι
474 2542 520 2569 τὸν
544 2540 642 2578 λιμένα
658 2550 664 2557 ·
691 2541 717 2568 οἵ
731 2542 776 2569 καὶ
794 2542 907 2580 βόθυνον

83 2585 166 2624 μέγαν
180 2585 320 2623 ἀρύξαντῑς
346 2584 561 2623 ἀνῳκοδόμησαν
589 2588 696 2615 τοῦτον.
723 2587 768 2614 Διὸ
791 2586 836 2614 καὶ
855 2588 906 2621 τὴν

78 2630 266 2668 προσηγορίαν
292 2629 400 2668 εἴληφε.
428 2631 516 2659 Μέσον
541 2629 570 2658 δὶ
591 2633 639 2658 τοῦ
655 2629 766 2667 λιμένος
780 2631 907 2669 ἀνήγειρε

79 2673 185 2710 στήλας
198 2673 232 2709 δ’,
258 2674 348 2703 ἐπάνω
372 2678 426 2702 τῶν
447 2674 470 2703 δ’
497 2676 606 2710 κιόνων,
631 2676 731 2714 Σοφίας
755 2677 799 2703 καὶ
825 2676 905 2710 ’Δρα-

76 2716 136 2750 ϐίας
159 2723 208 2755 τῆς
233 2720 346 2756 ἀνεῳιᾶς
368 2720 460 2755 αὐτοῦ,
486 2720 632 2748 Ίουστίνου
661 2721 706 2748 καὶ
735 2721 828 2758 Ναρσῆ
857 2723 905 2748 τοῦ

77 2763 165 2792 ἂκεῖσε
194 2765 396 2803 παρισταμένου
414 2776 422 2783 ·
462 2764 488 2801 ἐξ
525 2766 561 2792 ὧν
599 2766 626 2793 αἱ
655 2765 703 2793 δύο
732 2765 905 2805 ἀφῃρέθησαν

236 2831 367 2862 PATBOL.
394 2830 448 2862 Ga.
473 2829 593 2861 CXXII.

963 2276 1098 2310 Augusta
1114 2273 1144 2300 in
1160 2273 1267 2301 solario
1285 2272 1397 2308 palatii,
1414 2280 1502 2299 naves
1523 2271 1635 2299 videret
1660 2272 1691 2300 in
1716 2273 1789 2300 mari

962 2319 1103 2347 ﬂuctibus
1119 2318 1234 2353 agitari.
1260 2319 1355 2349 Quare
1379 2316 1635 2344 commiseratione
1659 2319 1790 2352 permota

962 2363 1118 2391 lamentari
1135 2362 1233 2398 coepit,
1250 2362 1452 2396 accedensque
1467 2360 1503 2388 ad
1523 2361 1678 2396 conjugem
1699 2361 1788 2398 impe-

962 2411 1110 2442 ratorem,
1138 2407 1269 2443 rogavit,
1299 2407 1382 2434 daret
1410 2405 1468 2433 sibi
1498 2405 1693 2433 necessariam
1723 2407 1787 2435 auri

961 2452 1073 2489 copiam
1091 2453 1127 2480 ad
1147 2451 1377 2479 construendum
1399 2452 1528 2486 portum.
1546 2451 1708 2485 Imperator
1721 2451 1786 2487 ejus

961 2497 1095 2534 petitioni
1112 2497 1228 2530 annuit,
1244 2498 1273 2524 et
1288 2496 1389 2524 Nersae
1404 2494 1527 2531 patricio
1545 2496 1573 2522 et
1583 2495 1737 2531 praeposito
1753 2504 1786 2524 ac

960 2542 1057 2570 Troilo
1074 2540 1293 2577 protovestiario
1309 2548 1362 2568 suo
1378 2542 1481 2576 portus
1495 2539 1661 2567 exstruendi
1677 2548 1786 2568 munus

961 2586 1098 2622 injunxit,
1111 2586 1158 2621 qui
1170 2586 1257 2613 ducta
1272 2585 1382 2621 ingenti
1400 2584 1479 2612 fossa
1489 2585 1606 2620 portum
1617 2585 1784 2615 condidere.

961 2631 1073 2660 Idcirco
1090 2630 1148 2658 tale
1164 2637 1269 2658 nomen
1287 2629 1409 2665 accepit.
1426 2629 1456 2656 In
1473 2629 1570 2656 medio
1586 2630 1683 2657 autem
1699 2633 1783 2665 portu

960 2678 1086 2712 quatuor
1103 2677 1218 2703 statuas
1228 2674 1350 2702 totidem
1361 2673 1507 2702 columnis
1516 2673 1669 2709 impositas
1681 2675 1782 2709 erexit,

959 2721 1094 2749 videlicet
1106 2719 1221 2756 Sophim
1241 2721 1381 2751 statuam,
1397 2718 1509 2746 Arabiae
1522 2718 1588 2746 {ille
1599 2727 1668 2751 suae,
1685 2726 1780 2753 suam,

960 2768 989 2794 et
1013 2765 1110 2793 Nersae
1126 2763 1252 2801 prtel'ecti
1269 2765 1435 2792 structurae.
1456 2762 1563 2790 Earum
1580 2763 1643 2790 dum
1659 2762 1780 2789 sublatae

1581 2825 1621 2854 40
