1953 3047
141 130 216 162 1271

620 129 820 160 APPENDIX
840 129 892 158 AD
914 127 1145 159 MICHAELEM
1169 127 1363 164 PSELLUM,

1769 130 1858 161 1272

136 197 210 227 ricio
239 197 417 233 imperatore
445 196 594 224 conditum
625 197 689 224 fuit.
714 197 840 225 Narrant
862 198 960 224 autem
976 197 1003 230 Α

1064 195 1132 226 ὃνοις
1160 194 1311 232 Μαυρικίου
1341 193 1488 232 βασιλέως.
1509 194 1579 222 Φασὶ
1611 194 1639 223 δὲ
1663 196 1770 224 πολλοὶ
1797 200 1857 224 τῶν

140 242 228 270 multi
243 250 278 270 ex
292 241 450 275 historicis,
468 241 559 270 fuisse
582 242 611 269 in
636 242 691 270 hoc
707 241 886 269 monasterio
901 249 967 269 sus-

140 295 266 323 pensum
293 294 383 314 cornu
409 285 476 319 olei,
494 294 552 322 quo
577 286 694 314 Samuel
720 285 863 322 propheta
886 293 969 321 reges

139 331 310 359 Judzsorum
341 330 517 366 inungebat;
545 332 635 366 atque
658 331 728 358 inde
756 330 969 358 monasterium

141 384 250 404 nomen
267 375 427 411 accepisse.

278 429 315 457 De
328 430 501 457 monasterio
519 429 650 465 Procopii
663 433 833 465 nuncupata.

177 474 385 502 Monasterium
423 473 554 509 Procopii
595 473 768 510 cognomine
811 472 965 500 aediﬁcavit

140 518 280 554 Procopia
307 519 458 553 Augusta,
490 517 551 545 ﬁlia
578 517 738 553 Nicephori
766 516 959 545 Seleucisnsis

140 572 213 591 uxor
240 562 390 591 Michaelis
419 562 569 599 Rhangale
603 562 814 598 excuropalatis
843 561 956 597 impera

144 609 226 636 toris.

261 654 299 680 De
314 654 485 681 monasterio
502 656 633 688 Augusta;
647 653 849 688 cognominata.

178 698 387 726 Monasterium
415 697 600 731 monialium,
624 698 702 733 quod
726 699 865 733 Angusta:
886 705 971 725 voca-

147 744 207 775 tur,
219 742 357 771 Justinus
368 743 465 770 Thrax
475 743 698 779 potentissimus
716 741 871 770 aediﬁcavit
889 742 971 769 uxori

145 795 206 815 suae
222 787 400 823 Euphemiae,
417 796 485 815 cum
510 788 575 823 ejus
595 787 656 815 illic
671 795 777 823 corpus
792 788 870 815 esset
885 795 968 822 repo-

145 831 250 859 situm.

180 888 220 913 De
234 886 404 913 monasterio
420 885 558 913 Bethleem
575 885 657 918 dicto,
673 887 701 913 et
716 885 752 913 de
765 885 933 913 monasterio

408 922 572 956 cognomine
586 921 705 949 Gaslria.

179 965 392 994 Monasterium
425 965 574 994 Bethleem
616 965 796 1002 appellatum
832 965 974 993 exstruxit

143 1010 263 1038 Helena.
279 1010 491 1038 Monasterium
518 1013 617 1038 autem
633 1011 750 1038 Gastria
773 1010 842 1038 inde
866 1018 973 1038 nomen

143 1055 264 1090 accepit,
281 1055 370 1090 quod,
387 1063 454 1082 cum
474 1055 503 1083 S.
521 1055 629 1083 Helena
653 1055 849 1083 venerandam
865 1047 974 1082 Christi

144 1107 261 1127 crucem
291 1099 501 1134 Hierosolymis
527 1099 654 1133 aﬂerret,
680 1108 743 1127 eam
773 1099 873 1127 intulit
897 1099 974 1126 Con-

145 1143 368 1179 stantinopolim
394 1152 446 1180 per
461 1146 574 1179 portam
600 1144 767 1177 Pssmaths,
783 1146 811 1172 et
835 1152 898 1179 qua
921 1152 972 1171 su-

145 1196 199 1224 pra
224 1196 340 1216 crucem
366 1190 481 1224 reperta
506 1191 600 1222 erant,
626 1188 697 1223 lilia,
723 1188 856 1221 basilica,
880 1196 973 1223 rosas,

147 1233 337 1269 sumpsucha,
363 1236 470 1267 costos,
490 1233 632 1266 balsama,
649 1241 682 1261 es
704 1233 813 1266 omnia,
829 1242 887 1268 quo
903 1241 974 1260 con-

146 1279 344 1311 servarentur,
362 1277 392 1304 in
416 1278 495 1306 vasis
522 1277 675 1313 plantavit.
692 1278 726 1305 Et
745 1286 811 1305 cum
836 1278 973 1306 divertis-

146 1324 192 1349 set
207 1321 248 1349 ibi
274 1322 303 1349 in
329 1322 553 1357 monasterium,
571 1322 667 1350 locum
693 1322 777 1350 illum
792 1323 906 1350 Gastria
922 1331 972 1358 sp-

147 1365 278 1402 pallavit.

252 1420 290 1448 De
311 1421 479 1448 monasterio
493 1423 523 1449 S.
540 1421 685 1449 Illamrmlis
706 1421 867 1457 cognomine

484 1457 634 1493 Xylocerci.

183 1500 395 1528 Monasterium
413 1501 442 1528 ὃ.
459 1501 627 1536 Msmsntis,
642 1501 718 1534 quod
735 1500 911 1537 Xylocercus
927 1501 972 1529 di-

144 1545 235 1577 citur,
251 1544 403 1572 aediﬁcavit
413 1545 544 1572 Mauricii
560 1554 652 1573 soror.
666 1545 719 1573 Illa
733 1545 822 1579 enim,
835 1546 972 1574 Mauricio

152 1591 181 1617 et
197 1588 297 1616 liberis
313 1590 377 1625 ejus
393 1590 421 1623 [a
434 1589 530 1617 Phoco
548 1590 682 1626 tyranno]
700 1590 727 1617 in
744 1593 828 1626 portu
847 1587 977 1626 l‘lutropii

147 1633 322 1664 interfectis.
344 1633 465 1661 collecta
490 1642 591 1662 eorum
616 1643 738 1670 corpora
756 1635 801 1662 ibi
827 1635 976 1671 deposuit-

148 1678 292 1706 Czcterum
304 1678 436 1705 Mauricii
453 1687 572 1706 uxorem
587 1687 646 1706 una
657 1687 723 1706 cum
736 1679 854 1707 filiabus
870 1680 977 1708 tribus,

149 1723 280 1760 primum
297 1723 416 1758 quidem
428 1723 539 1751 Phocas
552 1723 769 1760 aliquantulum
785 1724 814 1751 in
833 1727 979 1753 monaste-

149 1767 192 1795 rio
208 1767 383 1804 cognomine
408 1767 497 1802 Nova,
515 1768 646 1796 inclusas
673 1768 813 1803 servavit;
832 1769 896 1797 dein
913 1778 979 1798 vero

148 1820 198 1840 eas
210 1811 365 1840 decollavit
377 1821 383 1840 :
397 1821 493 1848 neque
504 1813 603 1841 uxoris
617 1813 749 1841 Mauricii
761 1822 868 1850 corpus
883 1817 980 1842 tumu-

149 1857 244 1884 latum
261 1864 326 1885 esse
352 1856 453 1891 voluit,
470 1858 520 1886 sed
537 1858 566 1885 in
584 1866 664 1886 mare
688 1858 783 1894 capite
810 1860 979 1886 truncatum

149 1901 253 1938 projici
266 1901 372 1937 jussit;
386 1901 612 1938 universamque
627 1903 760 1930 Mauricii
776 1903 979 1939 cognationem

151 1945 310 1973 crudeliter
324 1945 463 1981 perdidit.

392 1990 431 2017 De
444 1991 613 2018 monasteria
630 1990 736 2020 Chorw.

187 2033 400 2061 Monasterium
408 2034 508 2062 Chora:
518 2035 599 2071 prius
608 2036 726 2071 quidem
736 2035 895 2064 oratorium
906 2039 980 2066 erat.

152 2077 274 2113 Crispus
293 2080 391 2106 autem
413 2080 568 2115 praefectus
585 2082 612 2107 et
627 2088 718 2115 gener
734 2080 864 2108 crudelis
881 2080 981 2108 Phocea

152 2122 333 2158 Cappadocis
349 2131 382 2151 eo
398 2123 545 2159 relegatus
562 2124 628 2158 fuit,
645 2125 723 2160 quod
739 2125 871 2152 Heraclio
888 2125 983 2161 impe—

153 2167 242 2194 ratori
268 2170 424 2203 suspectus
450 2171 537 2196 esset.
555 2169 670 2197 Etenim
696 2169 759 2205 ipse
775 2170 896 2205 Crispus
912 2178 981 2197 con-

153 2211 315 2247 spiratione
326 2212 402 2240 facta
412 2220 479 2240 cum
491 2213 622 2241 Heraclio
635 2214 737 2242 urbem
749 2223 816 2242 cum
828 2214 982 2242 maritimis

1023 240 1178 277 ἱστορικῶν,
1195 239 1236 267 ὅτι
1265 240 1296 267 τὸ
1326 239 1404 277 κέρας
1431 241 1479 266 τοῦ
1506 239 1612 273 ἐλαίου,
1629 240 1696 279 ὅπερ
1727 242 1786 280 εἶχε
1803 245 1861 269 Σι-

1027 284 1118 321 μουήλ
1147 286 1160 312 ὁ
1191 285 1345 324 προφήτης,
1376 285 1421 312 καὶ
1451 282 1528 322 ἔχριε
1556 285 1621 317 τοὺς
1653 286 1789 324 βασιλεῖς,
1817 287 1860 317 εἷς

1024 330 1073 364 τήν
1101 329 1184 364 αὐτὴν
1216 331 1303 367 μονὴν
1333 329 1478 368 ἐκρέματο,
1507 331 1552 357 καὶ
1583 329 1626 358 διὰ
1659 333 1741 359 τοῦτο
1766 331 1859 362 οὕτως

1025 373 1142 410 ἐκλήθη.

1288 428 1354 466 Περὶ
1369 429 1403 456 τὰ
1421 429 1588 467 Προκοπίου.

1061 472 1093 500 Ἣ
1115 471 1271 508 καλουμένη
1301 473 1371 508 μονή
1400 473 1434 500 τὰ
1456 473 1615 511 Προκοπίου
1642 472 1751 509 ὶκτίσθη
1781 474 1859 512 παρᾶ

1026 517 1183 553 Ηροκοπίας
1212 515 1368 552 δεσποίνης,
1388 520 1437 552 τῆς
1462 518 1594 556 θυγατρὸς
1618 519 1779 556 Νικηφόρου
1805 521 1859 546 τοῦ

1027 560 1184 597 Σιλευκίου,
1209 561 1253 589 καὶ
1274 562 1401 599 γυναικὸς
1427 561 1544 600 Μιχαὴλ
1567 560 1707 601 Ῥαγγαὸὶ,
1723 565 1771 590 τοῦ
1801 563 1858 590 ἀπὸ

1026 605 1252 644 κουροπαλάτων.

1195 650 1260 687 Περί
1276 653 1325 685 τῆς
1342 654 1427 687 μονῆς
1442 654 1492 686 τῆς
1507 651 1678 689 Αὖγούστης.

1060 695 1095 721 Ti
1137 693 1157 703 In
1299 694 1304 705 ι
1500 696 1506 704 ι
1668 696 1674 704 ’
1776 697 1797 714 ⁷.
1827 697 1840 715 .’

1093 706 1112 729 ιν
1135 703 1163 722 οε
1185 705 1336 732 γυναικειαν
1366 696 1452 732 μονὴν
1476 707 1527 730 την
1551 695 1726 733 καλουμενην
1744 700 1786 725 Au
1795 708 1857 734 (ο.)-

1027 750 1103 775 στης,
1119 740 1267 770 Ἰουστῖνος
1293 739 1307 766 ὁ
1334 740 1402 778 Θρᾲξ
1427 741 1440 767 ὁ
1471 740 1613 778 κράτιστος
1636 738 1725 769 ἔκτισε
1752 741 1857 776 ταύτην

1024 786 1058 821 τῇ
1074 783 1179 821 γυναικέ
1195 784 1277 811 αὐτοῦ
1293 784 1423 823 Εὐφημίᾳ
1441 795 1447 802 ”
1462 785 1536 812 τεθὲν
1553 785 1597 813 καὶ
1612 785 1643 813 τὸ
1674 788 1753 823 σῶμα
1769 785 1858 821 αὐτῆς

1025 827 1122 857 ἐκεῖσε.

984 882 1087 920 ΒΠερὶ
1115 885 1166 917 τῆς
1194 886 1280 919 μονῆς
1307 886 1359 917 τῆς
1389 882 1530 928 Βηρλεέμ,
1558 884 1604 911 καὶ
1633 884 1696 922 περὶ
1723 888 1775 919 τῆς
1808 887 1863 911 Γα-

1381 929 1492 956 στριων.

1061 965 1170 991 "Ex-use
1195 962 1223 990 δὲ
1251 963 1294 990 καὶ
1325 964 1374 998 τήν
1407 965 1492 1000 μονὴν
1524 965 1574 999 τὴν
1604 963 1765 1002 Βηθλεὶμὴ
1796 965 1862 1002 ἁγία

1033 1006 1133 1043 Ελὲνη.
1157 1007 1276 1045 Γαστρία
1303 1006 1332 1035 δὲ
1357 1007 1481 1036 καλεῖται
1511 1008 1597 1040 οὕτως
1614 1018 1621 1025 ·
1649 1009 1715 1045 αὕτη
1747 1011 1764 1044 ὴ
1797 1009 1862 1047 ἁγία

1025 1053 1121 1087 Ἐλένη
1143 1053 1281 1089 κομίσασα
1306 1052 1359 1080 ἀπὸ
1375 1053 1559 1090 Ἰερουσαλὴμ
1582 1054 1628 1081 τὸν
1657 1054 1750 1090 τίμιον
1778 1065 1863 1082 σταυ-

1027 1096 1084 1134 ρὸν,
1102 1096 1228 1134 εἰσήγαγε
1243 1099 1339 1124 τοῦτον
1367 1095 1411 1124 διὰ
1435 1099 1485 1130 τῆς
1509 1098 1614 1134 πόρτης
1640 1100 1687 1125 τοῦ
1713 1099 1838 1135 named
1855 1108 1862 1115 '

1025 1141 1070 1168 καὶ
1100 1141 1132 1168 τὰ
1161 1142 1303 1179 εὑρεθέντα
1332 1142 1433 1169 ἄνωθεν
1457 1144 1505 1169 τοῦ
1537 1145 1654 1179 σταυροῦ
1679 1143 1760 1180 κρίνα
1771 1154 1803 1170 τε
1817 1144 1863 1170 καὶ

1028 1185 1167 1223 βασιλικὰ,
1195 1185 1240 1213 καὶ
1265 1186 1482 1225 τριαντάψυλλα,
1507 1186 1552 1214 καί
1580 1188 1724 1225 σάμψυχα,
1746 1188 1863 1220 κόστους

1028 1230 1073 1257 καὶ
1091 1229 1227 1267 βάλσαμα,
1245 1229 1384 1269 ἐφύτευσεν
1402 1231 1440 1262 εἷς
1453 1231 1569 1270 γάστρας
1584 1232 1652 1269 πρὸς
1666 1232 1696 1259 τὸ
1713 1231 1861 1260 διασῶσαι.

1028 1275 1077 1302 Καὶ
1104 1274 1297 1310 ἀπληκεύσασα
1320 1275 1405 1303 ἐκεῖσε
1430 1275 1467 1308 εἰς
1481 1277 1530 1310 τήν
1549 1276 1648 1313 μονήν,
1666 1275 1798 1313 ὠνόμασε
1815 1277 1862 1305 τὸν

1026 1319 1111 1347 τόπον
1127 1320 1253 1357 Γάστρια.

1028 1416 1093 1455 Περὶ
1126 1419 1175 1450 τῆς
1217 1418 1302 1454 μον-ῆς
1339 1417 1372 1445 τὰ
1410 1417 1597 1457 Ξυλοκὲρκου,
1628 1419 1642 1446 6
1668 1419 1772 1457 ’Ἄγιος
1808 1419 1866 1448 Μά-

1409 1464 1469 1490 μας.

1062 1498 1093 1526 Ἠ
1110 1496 1138 1525 δὲ
1155 1498 1224 1534 μονῆ
1249 1498 1266 1532 ὴ
1299 1497 1484 1534 Ξυλόκερκος,
1502 1499 1516 1525 ὁ
1531 1500 1627 1536 ’Ἀγιος
1651 1498 1753 1536 Maium:
1780 1499 1856 1537 παρᾶ

1032 1546 1081 1577 τῆς
1120 1541 1242 1579 ἀδελφῆς
1284 1542 1438 1579 Μαυρικίου
1479 1542 1599 1578 ἐκτίσθη.
1628 1543 1704 1572 Μετὰ
1745 1544 1797 1581 γὰρ
1829 1545 1860 1571 τὸ

1033 1587 1206 1625 ἀναιρεθῆναι
1235 1586 1280 1614 τὸν
1311 1587 1460 1623 Μαυρίκιον
1495 1587 1533 1618 εἷς
1567 1588 1614 1615 τὸν
1644 1588 1795 1626 Εὐτροπίου
1819 1588 1862 1616 λι-

1035 1633 1099 1669 μὲνα
1123 1631 1169 1658 σὺν
1197 1632 1261 1658 πᾶσι
1291 1634 1349 1661 τοῖς
1373 1632 1480 1662 τέκνοις
1505 1631 1598 1668 αὐτοῦ,
1614 1633 1659 1660 καὶ
1674 1630 1796 1660 λαϐοῦσα
1828 1634 1862 1660 τὰ

1033 1676 1146 1712 σώματα
1182 1675 1269 1703 αὐτῶν
1309 1676 1435 1708 κατέθετο
1470 1676 1564 1705 ἐκεῖσε.
1594 1678 1652 1711 Τὴν
1691 1675 1720 1704 δὲ
1746 1681 1862 1715 γυναῖκα

1033 1721 1115 1748 αὐτοῦ
1141 1720 1185 1748 καὶ
1213 1720 1261 1751 τὰς
1289 1723 1362 1757 τρεῖς
1394 1721 1540 1758 θυγατέρας
1566 1721 1604 1752 εἷς
1618 1722 1667 1756 τὴν
1683 1723 1769 1758 μονήν
1797 1722 1859 1750 ἐκά-

1033 1766 1103 1793 θισεν
1136 1765 1226 1800 αὐτὰς,
1242 1765 1274 1792 τὰ
1302 1766 1368 1800 Νὲα,
1386 1766 1454 1802 πρὸς
1483 1765 1575 1804 ὀλίγον
1592 1775 1599 1782 υ
1617 1765 1667 1798 εἷθ’
1681 1766 1768 1798 οὕτως
1796 1767 1860 1794 ἀπε-

1032 1809 1176 1850 κεῳάλισεν
1205 1809 1286 1841 αὐτὰς
1312 1811 1409 1841 Φώκας
1426 1821 1432 1827 -
1448 1810 1493 1838 καὶ
1522 1810 1571 1838 οὐκ
1593 1809 1653 1838 ἔασι
1677 1811 1726 1845 τήν
1747 1814 1860 1848 γυναῖκα

1034 1855 1189 1892 Μαυρικίου
1217 1858 1345 1893 ταφῆναι,
1362 1854 1426 1883 ἀλλ’
1448 1855 1485 1886 εἰς
1510 1856 1560 1889 τὴν
1590 1855 1725 1882 θάλασσαν
1751 1855 1858 1893 ἔρῥιψεν

1035 1899 1293 1939 ἀποκεφαλισθιῖσαν
1311 1909 1317 1915 ·
1347 1899 1391 1926 καὶ
1430 1902 1517 1927 πᾶσαν
1547 1900 1597 1934 τήν
1631 1901 1724 1937 γενεὰν
1754 1901 1862 1937 Μαυρι-

1034 1945 1095 1972 κίου
1111 1945 1209 1975 Φώκας
1225 1942 1312 1971 ὤλεσε
1326 1946 1443 1981 πικρῶς.

1320 1988 1384 2025 Περὶ
1402 1991 1451 2023 τῆς
1465 1989 1575 2024 Χώρας.

1071 2035 1101 2062 Ἡ
1126 2033 1196 2070 μονή
1225 2034 1243 2068 ἡ
1272 2033 1354 2071 Χώρα
1382 2035 1492 2071 πρῶτον
1509 2034 1558 2069 μὲν
1574 2032 1716 2071 εὗκτήριον
1731 2033 1776 2068 ἧν.
1794 2034 1862 2070 Κρί-

1037 2089 1102 2110 σπος
1133 2077 1162 2106 δὶ
1189 2079 1203 2105 6
1227 2076 1347 2115 ἔπαρχος
1374 2078 1419 2104 καὶ
1447 2075 1571 2116 γαμϐρὸς
1606 2080 1654 2105 τοῦ
1684 2077 1863 2110 Καππάδοκος

1035 2124 1080 2151 καὶ
1111 2124 1229 2158 ἀπηνοῦς
1260 2123 1343 2150 Φώκα
1369 2123 1536 2159 περιωρίσθη
1562 2122 1657 2158 ἐκεῖσε,
1673 2123 1715 2150 ὅτι
1744 2123 1770 2150 ἐν
1799 2124 1863 2151 ὑπο-

1038 2169 1119 2206 λήψει
1145 2169 1243 2206 γὶγονε
1264 2170 1312 2195 τοῦ
1328 2167 1490 2205 Ἡρακλείου
1504 2170 1552 2195 τοῦ
1570 2166 1705 2205 βασιλὶως
1734 2169 1782 2196 Καὶ
1811 2169 1860 2206 γὰρ

1036 2213 1081 2241 καὶ
1109 2214 1181 2249 αὐτῷ
1210 2213 1396 2251 συγκροτήσας
1424 2213 1438 2239 6
1466 2213 1546 2244 αὐτὸς
1571 2212 1699 2250 Κρίσπος,
1722 2214 1767 2240 καὶ
1795 2223 1862 2250 κρα-

153 2256 245 2292 copiis
266 2257 417 2293 occupavit
434 2266 439 2284 :
456 2257 511 2285 etsi
535 2258 635 2286 Phocw
660 2267 750 2295 gener
774 2262 862 2287 esset.
879 2259 982 2286 Postea
998 2253 1017 2286 Ι]

1064 2260 1119 2293 ᾖσας
1149 2257 1194 2285 διὰ
1218 2261 1268 2292 τῆς
1297 2257 1435 2292 θαλασσης
1462 2258 1512 2291 τὴν
1553 2256 1705 2295 βασιλείαν,
1738 2255 1861 2295 γαμϐρὸς

151 2308 220 2329 vero
242 2309 309 2329 cum
335 2301 412 2337 regis
438 2301 550 2330 litteras
566 2306 669 2331 contra
694 2304 792 2340 ipsum
818 2298 985 2340 accepisset

155 2346 320 2379 Heraclius,
333 2346 376 2374 sic
392 2347 527 2383 Crispum
543 2347 688 2377 allocutus
704 2351 766 2376 est:
784 2349 881 2383 Miser,
894 2357 982 2385 gene-

155 2398 221 2418 rum
237 2393 264 2418 te
281 2399 338 2419 non
356 2391 565 2427 przrstitisti,et
576 2394 721 2428 quomodo
737 2394 864 2421 amicum
878 2396 906 2422 te
916 2402 982 2422 vere

155 2435 334 2470 praestabis?
350 2436 442 2472 Igitur
456 2436 510 2464 hac
526 2437 561 2465 de
577 2445 607 2464 re
621 2437 698 2465 istuc
714 2438 870 2474 relegatus,
883 2447 982 2466 mons-

157 2478 280 2506 sterium
299 2479 351 2507 hoc
367 2489 508 2517 magnum
528 2489 561 2509 sc
580 2481 735 2517 pulchrum
753 2483 903 2510 exstruxit.
921 2485 982 2511 Cae—

157 2525 253 2551 terum
270 2523 338 2552 inde
353 2524 451 2553 Choraa
463 2534 568 2553 nomen
585 2527 706 2562 accepit,
719 2527 795 2562 quod
812 2527 920 2556 ibidem
937 2537 981 2556 es-

158 2569 202 2595 set
214 2570 295 2596 extra
306 2569 477 2605 Byzantium
493 2570 576 2598 locus
591 2571 828 2607 Byzantinorum,
840 2573 981 2608 quemad-

159 2612 280 2641 modum
296 2616 324 2641 et
340 2614 436 2642 Studii
453 2614 535 2643 locus
551 2617 632 2643 extra
647 2616 749 2644 urbem
766 2619 839 2645 erat.

421 2668 458 2696 De
472 2669 570 2696 Sancto
590 2670 718 2698 Romano.

195 2711 296 2740 Edam
325 2712 355 2740 S.
379 2712 503 2741 Romani
531 2714 664 2742 condidit
690 2717 792 2743 sancta
820 2716 938 2751 Helena,
954 2718 983 2744 et

160 2756 292 2793 proxime
306 2765 371 2784 eam
396 2765 511 2785 sacrum
536 2757 676 2791 loculum,
692 2760 721 2787 in
738 2768 826 2795 quem
843 2761 983 2797 reliquias

160 2800 310 2835 prophetae
323 2800 460 2835 Danielis,
473 2802 501 2829 S.
514 2801 637 2829 Romani
647 2804 982 2841 martyris,aliorumque

1037 2304 1181 2341 τυγχάνων
1208 2303 1292 2329 Φώκα
1308 2311 1315 2318 ·
1340 2302 1385 2329 καὶ
1412 2303 1480 2338 μετὰ
1502 2304 1582 2330 τοῦτο
1613 2301 1749 2340 βασιλεως
1776 2302 1863 2339 γράμ-

1039 2359 1110 2384 ματα
1133 2348 1191 2375 κατ’
1214 2346 1296 2374 αὐτοῦ
1326 2344 1469 2382 δεξάμενος
1493 2347 1506 2373 6
1522 2345 1683 2383 Ἡράκλειος
1713 2345 1763 2385 ἔφη
1789 2346 1862 2382 αὗτῷ

1037 2392 1146 2424 οὕτως·
1176 2391 1281 2427 ¹ΔΘλιε,
1310 2387 1436 2428 γαμϐρὸν
1466 2390 1516 2418 οὐκ
1551 2390 1692 2426 ἐποίησας,
1722 2391 1768 2418 καὶ
1802 2393 1861 2422 πῶς

1036 2436 1125 2472 ἀληθῆ
1152 2436 1232 2474 φίλον
1259 2436 1400 2470 ποιήσειςτ,
1418 2435 1466 2462 Διὰ
1492 2437 1576 2462 ταῦτα
1599 2435 1645 2462 οὖν
1671 2435 1758 2463 ἐκεῖσε
1772 2445 1862 2474 περιο-

1037 2481 1137 2518 praesit;
1165 2478 1254 2508 ἔκτισε
1280 2479 1380 2514 ταύτην
1424 2477 1462 2509 εἷς
1504 2477 1611 2510 κάλλος
1651 2478 1696 2506 καὶ
1737 2478 1860 2516 μάγεθος.

1035 2524 1193 2560 Ἐπεκλήθη
1218 2523 1247 2552 δὶ
1272 2523 1366 2561 Χώρα,
1384 2522 1453 2550 διότι
1467 2525 1521 2550 τῶν
1538 2522 1691 2557 Βυζαντίων
1709 2523 1812 2561 χωρίον
1828 2523 1860 2558 ἦν

1037 2570 1122 2598 ἐκεῖσε
1152 2569 1201 2605 ἔξω
1229 2571 1277 2597 τοῦ
1310 2568 1469 2603 Βυζαντίου,
1499 2567 1566 2595 καθὰ
1597 2567 1643 2595 καὶ
1669 2567 1702 2595 τὰ
1731 2566 1862 2595 Στουὸίου

1037 2614 1153 2653 χωρίον,
1169 2614 1214 2642 καὶ
1229 2614 1296 2642 αὐτὸ
1317 2613 1451 2650 ὑπῆρχεν.

1246 2667 1311 2705 Περὶ
1325 2668 1374 2694 τοῦ
1385 2666 1480 2703 Ἀγίου
1495 2666 1651 2702 Ῥωμανοῦ.

1071 2714 1120 2740 Τὸν
1147 2713 1224 2750 ἅγιον
1253 2711 1392 2749 Ῥωμανὸν
1423 2712 1440 2746 ἡ
1470 2709 1533 2749 ἁγία
1559 2710 1654 2746 Ἑλένη
1683 2709 1781 2740 ἔκτισε.
1802 2713 1859 2746 Τήν

1037 2757 1066 2785 δὲ
1087 2758 1204 2793 πλησίον
1229 2757 1313 2785 αὐτοῦ
1342 2756 1419 2794 ἁγίαν
1444 2755 1541 2792 Σορὸν,
1557 2755 1602 2783 καὶ
1621 2756 1653 2783 τὸ
1669 2754 1796 2792 λείψανον
1813 2758 1858 2783 τοῦ

1037 2802 1113 2840 ἁγίου
1136 2803 1280 2842 προφήτου
1308 2799 1422 2836 Δανιὴλ,
1450 2799 1495 2828 καὶ
1529 2801 1578 2827 τοῦ
1610 2800 1689 2838 ἁγίου
1716 2801 1858 2838 Ῥωμανοῦ
