1932 3050
124 102 204 132 12⁵15

422 167 459 194 De
474 166 653 195 Hebdomodo.

159 211 310 248 Templum
339 211 497 246 oblongum
532 212 715 240 llebdomum
748 213 948 247 nuncupatum

125 257 271 284 exstruxit
298 255 510 283 Constantinus
540 256 663 292 Magnus
693 258 722 284 in
754 257 892 284 honorem
921 257 950 284 S.

125 301 249 329 Joannis
265 301 413 337 Theologi.
430 300 584 336 Templum
602 304 710 334 autem,
725 302 849 329 rotundo
866 303 950 334 tecto,

126 346 247 374 conchis
268 346 447 373 instructum
474 345 605 373 condidit
620 346 802 373 Theodosius
817 346 952 381 Magnus,

125 399 158 418 ac
184 390 359 418 Prmcursori
385 390 582 426 nuncupavit;
610 399 642 417 eo
670 391 747 426 quod
773 390 837 426 ipso
860 390 951 426 impe-

126 437 208 462 rante
229 437 318 470 caput
339 434 462 462 Joannis
478 434 670 462 Prmcursoris
693 434 813 462 allatum
841 435 951 468 fuisset,

127 480 204 514 quod
222 479 251 506 in
271 479 418 506 Hebdomo
434 479 577 506 suburbio
588 481 740 515 exceptum
756 480 786 506 in
799 479 952 508 ecclesiam

127 524 156 551 S.
173 523 295 551 Joannis
310 523 438 559 theologi
463 532 522 551 una
547 532 614 551 cum
638 523 771 552 Nectario
787 524 953 559 patriarcha

127 569 273 604 deposuit.
291 568 401 596 Deinde
423 577 489 595 vero
506 568 630 595 Rufinus
653 569 794 604 magister
808 569 954 604 persuasit

126 613 296 648 imperatori
327 615 360 640 ut
387 615 531 648 templum
560 613 589 640 S.
609 613 733 640 Joannis
762 614 953 642 Prmcursoris

126 659 320 691 construeret,
337 657 367 685 in
392 666 449 693 quo
465 658 597 693 eiusdem
617 666 733 686 sacrum
759 661 848 694 caput
870 667 952 695 repo-

126 704 255 730 neretur.

259 747 296 774 De
310 748 424 774 ecclesia
441 747 488 774 SS.
505 748 635 783 Deiparac
649 748 684 776 ad
698 749 819 776 Fontem.

162 791 319 819 Ecclesiam
336 792 385 819 SS.
402 791 534 826 Deiparze
556 793 591 820 ad
615 793 746 826 Fontem,
764 793 950 821 Justinianus

127 844 252 871 magnus
273 835 437 863 aedificavit.
453 835 525 863 Cum
548 837 626 864 enim
642 836 800 873 aliquando
818 838 847 865 in
862 838 952 866 Thra-
969 845 992 878 Β

125 880 199 908 ciam
214 881 351 908 venatum
379 880 445 913 iret,
462 883 490 908 et
505 889 539 908 ex
563 881 619 909 hoc
642 881 762 918 templo,
779 883 854 916 quod
880 886 951 910 tunc

125 933 247 961 parvum
264 925 423 952 oratorium
450 933 483 952 ac
503 925 592 953 unius
616 926 751 954 monachi
768 927 950 955 domicilium

124 971 197 1002 erat,
208 978 345 1005 magnam
357 969 466 997 videret
480 969 594 1005 prodire
607 971 706 1006 populi
720 971 950 1007 multitudinem,

124 1013 316 1049 interrogavit
327 1014 468 1049 quidnam
486 1014 557 1042 illud
574 1018 660 1043 esset.
675 1015 835 1050 Respondit
851 1020 950 1045 autem

125 1058 290 1094 Strategius
316 1059 456 1094 magister
470 1061 498 1086 et
513 1061 613 1087 custos
628 1060 788 1095 imperialis
811 1062 950 1097 pecuniae,

126 1102 235 1130 fontem
253 1102 293 1129 ibi
308 1110 373 1129 esse
388 1103 503 1130 morbos
520 1106 685 1131 sanantem.
697 1105 777 1132 Tune
794 1105 952 1141 imperator

126 1146 321 1174 admiratione
336 1146 458 1174 affectus
474 1147 549 1174 hanc
564 1147 716 1176 ecclesiam
739 1157 773 1176 ex
794 1150 950 1186 superﬂuis

126 1193 235 1226 Magnae
251 1191 381 1219 ecclesiae
401 1191 543 1224 materiis,
559 1193 669 1220 exstrui
685 1194 808 1222 curavit.

179 1244 216 1271 Dc
230 1245 410 1272 monasteriis
425 1244 502 1272 ultra
515 1246 630 1280 fretum,
645 1249 671 1274 et
686 1246 718 1274 de
732 1249 897 1276 monasterio

474 1281 603 1308 Picridii.

161 1324 369 1352 Monasterium
391 1324 508 1352 Picridii
538 1326 693 1353 aediﬁcavit
716 1327 860 1356 Picridius
884 1329 950 1364 qui-

127 1368 193 1396 dam
209 1367 409 1396 cubicularius
425 1371 554 1404 tempore
571 1370 658 1397 Irena:
673 1371 786 1399 Atticae.

263 1423 303 1448 De
319 1423 484 1450 monasterio
500 1422 720 1452 Armamentarii
733 1425 813 1454 dicto.

161 1465 371 1493 Monasterium
398 1466 427 1494 S.
454 1466 700 1503 Panteleemonis,
725 1471 951 1499 Armamentarii

124 1510 310 1545 cognomine,
333 1510 460 1546 primum
488 1512 543 1539 sub
569 1512 707 1541 Mauricio
733 1518 948 1544 armamentum

124 1555 196 1581 erat.
209 1554 277 1581 Post
292 1563 385 1582 annos
399 1563 467 1583 vero
483 1556 624 1584 ducentos
636 1558 830 1594 quadraginta
841 1562 870 1587 et
885 1563 948 1589 octo

124 1598 277 1626 Theodora
288 1598 440 1634 Theophili
458 1608 529 1627 uxor
543 1601 571 1628 in
585 1603 796 1631 monasterium
812 1606 947 1640 mutavit,

124 1642 287 1678 multisque
303 1643 539 1679 possessionibus
554 1645 665 1673 ditavit.

442 1689 480 1716 De
500 1690 624 1718 castello.

158 1731 317 1759 Castellum
333 1732 388 1760 hoc
410 1734 497 1761 modo
523 1736 674 1764 conditum
691 1739 719 1765 et
734 1746 839 1766 nomen
857 1740 948 1767 sorti-

123 1777 185 1803 tum
203 1778 256 1803 est.
274 1776 408 1805 Tiberius
424 1778 554 1806 Mauricii
570 1789 652 1808 socer
666 1782 818 1810 castellum
836 1791 868 1811 ac
883 1793 947 1811 mu-

124 1820 290 1848 nimentum
321 1822 445 1849 navibus
476 1825 628 1859 exstruxit,
644 1835 677 1854 eo
702 1828 778 1863 quod
794 1828 948 1864 Chaganus

124 1864 318 1901 Bulgarorum
333 1865 468 1903 princeps
482 1868 644 1905 irruptione
656 1871 684 1898 in
697 1871 848 1900 Thraciam
861 1874 946 1902 facta.

124 1909 222 1937 omnia
247 1911 281 1937 ad
310 1914 410 1945 portas
435 1920 526 1948 usque
550 1914 617 1950 igne
646 1923 679 1943 ac
707 1916 782 1944 ferro
811 1919 947 1953 vastaret,

123 1954 202 1981 unde
217 1955 353 1982 Tiberius
374 1964 474 1985 muros
496 1958 615 1987 castello
641 1960 776 1995 munivit,
794 1961 842 1989 ubi
859 1971 948 1990 naves

124 1996 257 2025 inclusit.

339 2046 377 2072 De
393 2045 450 2072 loco
464 2047 552 2074 Hicrt't'
565 2053 733 2084 nuncupata.

161 2086 192 2113 In
209 2085 273 2114 loco
289 2090 462 2124 cognomine
486 2091 574 2118 Ilierii
591 2094 672 2121 trans
689 2094 795 2122 fretum
811 2096 947 2123 sacerdo-

123 2130 162 2158 tis
178 2131 333 2166 cujusdam
350 2133 500 2163 colebatur
515 2138 622 2169 statua,
641 2138 758 2166 nomine
774 2139 847 2167 lrus.
864 2139 947 2168 Dice-

123 2174 232 2203 bantur
255 2177 342 2205 etiam
359 2180 388 2206 et
404 2179 491 2215 Herii,
508 2182 586 2216 quod
601 2182 711 2210 ibidem
727 2186 828 2211 essent
855 2185 947 2212 multa

605 101 804 131 APPENDIX
827 101 879 131 AD
904 99 1136 130 MICHAELEM
1158 99 1352 130 PSELLUM.

1767 97 1843 127 1276

1273 165 1339 202 Περὶ
1356 165 1404 191 τοῦ
1419 161 1568 200 Ἑϐδόμου.

1046 210 1081 237 Τὸ
1098 208 1127 236 ὃὶ
1142 207 1280 246 Ἔϐδομον
1296 209 1310 235 ὁ
1334 207 1465 246 δρομικὸς
1488 209 1549 239 ναὸς
1568 208 1678 243 ἐκτίσθη
1699 207 1778 245 παρὰ
1794 210 1839 234 τοῦ

1007 253 1136 292 Μεγάλου
1161 253 1364 282 Κωνσταντίνου
1390 253 1428 285 εἷς
1448 251 1533 290 ὄνομα
1562 256 1610 281 τοῦ
1639 254 1720 290 ἁγίου
1743 253 1839 280 Ἰωάν-

1007 309 1054 326 νου
1083 301 1132 326 τοῦ
1159 298 1309 336 Θεολόγου.
1337 299 1367 326 Ὀ
1395 297 1424 325 δὲ
1450 298 1700 336 στρογγυλόστεγος
1726 298 1796 328 ναὸς
1826 298 1839 324 ὸ

1007 341 1079 381 ἔχων
1095 344 1144 375 τὰς
1164 343 1278 380 κόγχας.
1305 343 1448 379 ὠνομέσθη
1473 342 1645 380 Ηρόδρομος⁷
1661 343 1707 370 καὶ
1721 342 1837 377 ἐκτίσθη

1006 388 1080 425 παρὰ
1093 390 1142 415 τοῦ
1159 387 1288 425 Μεγάλου
1314 386 1460 415 Θεοδοσίου
1477 397 1484 404 '
1510 386 1580 415 διότι
1601 388 1627 415 ἰν
1643 391 1701 419 τοῖς
1718 387 1837 425 χρόνοις

1007 432 1090 460 αὐτοῦ
1119 434 1136 467 ἡ
1168 433 1231 470 ἁγία
1265 432 1370 471 κεφαλή
1399 434 1448 459 τοῦ
1475 431 1637 470 Προδρόμου
1667 431 1756 469 ἤχθη,
1793 431 1839 458 καὶ

1009 475 1130 512 ἐδέξαντο
1155 478 1240 512 αὐτὴν
1267 477 1305 508 εἷς
1328 477 1360 504 τὸ
1389 474 1539 513 ”Εϐδομον,
1567 477 1613 504 καὶ
1639 477 1769 504 ἀπέθεντο
1800 475 1840 507 εἲς

1006 522 1054 549 τὸν
1067 521 1130 549 ναόν
1156 524 1204 549 τοῦ
1227 521 1364 559 Θεολογοῦ
1393 521 1460 558 μετὰ
1482 521 1628 559 Νεκταρίου
1644 522 1837 559 Πατριάρχου.

1007 567 1038 595 Ὁ
1066 565 1095 594 δὲ
1140 566 1286 604 μάγιστρος
1327 566 1467 604 Ῥουφῖνος
1509 563 1598 592 ἔπεισε
1637 565 1682 592 τὸν
1720 563 1838 601 βασιλέα

1006 611 1094 639 κτίσαι
1125 611 1188 638 ναὸν
1218 610 1266 638 τοῦ
1304 609 1478 648 Προδρόμου,
1517 609 1556 641 εἷς
1584 610 1615 638 τὸ
1643 613 1756 644 τεθῆναι
1786 609 1835 642 τήν

1007 656 1083 693 ἁγίαν
1099 655 1180 683 αὑτοῦ
1196 656 1290 693 κάραν,

1291 744 1355 782 Περὶ
1370 748 1420 779 τῆς
1436 747 1543 781 Πηγῆς.

1043 791 1101 825 Τὴν
1132 789 1161 818 δὲ
1196 790 1289 828 Πηγήν
1318 788 1420 817 ἔκτισεν
1447 788 1639 820 Ἰουστινιανὸς
1667 788 1682 816 ὁ
1711 787 1810 825 Μέγας
1827 796 1836 804 ³

1009 835 1046 867 εἷς
1070 836 1102 863 τὸ
1125 838 1280 873 κυνηγῆσσιι
1305 834 1482 872 ἐξερχόμενος
1505 834 1542 865 εἷς
1566 834 1615 868 τήν
1642 833 1764 871 Θρᾴκην,
1782 831 1836 860 εἶδε

1010 879 1077 909 λαοῦ
1102 879 1209 913 πλῆθος
1239 879 1338 911 ἐκεῖθεν
1364 879 1552 916 ἐξερχόμενον,
1583 877 1659 909 ὄντος
1686 877 1835 913 εὐκτηρίου

1007 926 1118 963 μικροῦ,
1135 924 1181 952 καὶ
1205 924 1262 955 ἑνὸς
1283 923 1466 960 καθεζομένου
1494 924 1627 960 μοναχοῦ,
1651 922 1696 950 καὶ
1721 921 1836 959 ἠρώτη-

1006 980 1048 997 σεν
1065 970 1079 996 ὁ
1100 967 1240 1004 βασιλεὺς,
1265 968 1291 995 τί
1315 967 1384 995 ἐστιν
1405 977 1410 1002 ;
1436 968 1450 995 ὁ
1475 966 1504 994 δὴ
1527 968 1696 1004 Στρατήγιος
1722 967 1737 993 ὁ
1755 967 1837 1003 μάγι-

1006 1024 1085 1052 στρος
1105 1014 1119 1040 ὁ
1135 1012 1221 1052 φύλαξ
1246 1015 1300 1040 τῶν
1326 1012 1475 1050 βασιλικῶν
1497 1013 1650 1050 χρημάτων
1668 1013 1744 1039 εἶπεν
1762 1010 1836 1046 αὐτῷ

1006 1059 1047 1085 δτι
1064 1059 1081 1093 ἡ
1097 1059 1173 1095 πηγή
1193 1059 1247 1084 τῶν
1274 1057 1397 1094 ἴαμα-των
1425 1056 1489 1085 ἐστί.
1513 1057 1578 1084 Τότε
1598 1056 1741 1093 θαυμάσας
1757 1056 1771 1083 ὁ
1790 1056 1836 1093 βα-

1006 1103 1096 1134 σιλεὺς
1121 1100 1222 1130 ἔκτισεν
1265 1102 1348 1137 αὐτὴν
1385 1101 1414 1129 ὲκ
1449 1104 1503 1129 τῶν
1527 1102 1752 1140 περισσευμιὶτων
1783 1104 1835 1135 τῆς

1006 1146 1137 1185 Μεγάλης
1154 1147 1311 1182 ἐκκλησίας.

1006 1246 1071 1283 Περὶ
1099 1249 1153 1274 τῶν
1186 1245 1377 1283 μοναστηρίων
1411 1245 1464 1283 τῷν
1502 1246 1664 1281 περατικῶν,
1692 1244 1739 1271 καὶ
1771 1244 1834 1281 περί

1226 1283 1275 1316 τῆς
1293 1279 1327 1309 τα
1346 1279 1489 1317 Πικριδίου
1507 1279 1604 1317 μονῆς.

1041 1326 1081 1354 Τὰ
1107 1325 1252 1364 Πικριδίου
1274 1327 1291 1361 ἡ
1331 1326 1400 1363 μονή
1438 1325 1545 1359 ἐκτίσθη
1587 1324 1660 1362 παρᾶ
1687 1322 1834 1362 Πικριδίου

1005 1371 1079 1402 τινὸς
1091 1370 1253 1399 κοιτωνίτου
1269 1370 1293 1398 ἐν
1317 1373 1376 1401 τοῖς
1402 1370 1514 1408 χρόνοις
1534 1369 1655 1405 Εῗρήνης
1671 1369 1833 1403 Ἀθηναίας.

1229 1424 1294 1462 Περὶ
1309 1423 1342 1451 τὰ
1358 1422 1605 1461 Ἀρμαμενταρίου.

1041 1469 1338 1507 ΤάνἊρμαμενταρίου
1362 1470 1379 1503 ἡ
1407 1468 1489 1505 μονὴ,
1516 1468 1530 1494 ὀ
1553 1468 1651 1505 Ἀγιος
1676 1467 1835 1501 Ηαντελεή-

1008 1525 1078 1550 μων,
1103 1517 1212 1551 πρῶτον
1238 1513 1282 1541 ἒπὶ
1307 1513 1460 1550 Μαυρικίου
1484 1511 1656 1549 ἆρμαμὲντον
1682 1511 1726 1546 ἦν.
1759 1512 1836 1540 Met-'1

1007 1557 1036 1586 δὶ
1062 1559 1180 1596 χρόνους
1210 1562 1274 1595 σμη¹
1299 1556 1425 1595 Θεοδώρα
1448 1558 1465 1591 ἡ
1490 1557 1559 1594 γυνή
1585 1555 1721 1593 Θεοφίλου
1747 1557 1832 1592 μονὴν

1002 1603 1067 1631 αὐτὸ
1083 1602 1206 1638 ἐποίησε,
1222 1602 1267 1630 καὶ
1278 1603 1403 1639 κτήματα
1417 1600 1510 1630 πολλὰ
1521 1601 1684 1638 ἐπεκύρωσε.

1245 1693 1311 1730 Περὶ
1332 1693 1381 1719 τοῦ
1397 1695 1415 1718 Κ
1421 1690 1521 1719 αστελ).
1527 1690 1578 1719 ίου.

1037 1737 1073 1764 Τὸ
1093 1736 1122 1765 δὲ
1145 1735 1316 1764 Καστὲλλιον
1344 1735 1452 1771 ἐκτίσθη
1477 1735 1523 1763 καὶ
1549 1733 1652 1770 ἐκλήθη
1669 1732 1830 1764 οὕτως.Τι-

1003 1779 1093 1820 ϐἐριος
1111 1782 1124 1809 ὁ
1150 1781 1279 1818 πενθερὸς
1301 1780 1455 1818 Μαυρικίου
1468 1778 1655 1807 ἐκαστὲλλωσε
1683 1778 1730 1806 καὶ
1753 1777 1829 1815 ὠχῦ-

1003 1837 1074 1864 ρωσε
1099 1826 1147 1857 τὰς
1176 1827 1250 1861 ναῦς,
1292 1824 1337 1852 διὰ
1376 1825 1406 1852 τὸ
1435 1823 1524 1856 ἐλθεῖν
1553 1822 1676 1861 Χᾶγανον
1706 1823 1754 1849 τὸν
1786 1822 1832 1858 ἄρ-

1002 1881 1089 1909 χοντα
1104 1873 1157 1899 τῶν
1186 1871 1352 1908 Βουλγόίρων
1378 1870 1423 1897 καὶ
1447 1868 1595 1907 ἐμπρῆσαι²
1624 1868 1670 1895 καὶ
1695 1869 1831 1895 κατακαῦ-

1003 1926 1058 1949 σαι,
1083 1915 1128 1942 καὶ
1157 1914 1320 1953 κατασφάξαι
1343 1913 1447 1941 ἅπαντα
1473 1914 1507 1940 τὰ
1535 1915 1650 1950 Θρᾳκῷα
1681 1912 1752 1949 μέρη
1781 1912 1831 1947 μὲι

1002 1969 1050 1997 χρι
1066 1961 1174 1998 πορτῶν
1192 1969 1198 1975 ·
1216 1959 1277 1991 ὅθεν
1299 1959 1344 1985 καὶ
1368 1957 1556 1985 ἕκαστέλλωσε
1578 1957 1612 1984 τὰ
1634 1956 1727 1993 τείχη,
1743 1955 1790 1983 καὶ
1804 1955 1830 1982 ὲν

1002 2004 1076 2041 αὐτῷ
1091 2003 1233 2032 ἀπέκλεισε
1242 2003 1290 2033 τὰς
1304 2004 1378 2033 ναῦς.

1285 2048 1350 2085 Περί
1370 2048 1403 2075 τὰ
1421 2046 1542 2084 Ἰερείου.

1036 2095 1097 2122 ’Ὀτι
1138 2093 1171 2121 τὰ
1197 2093 1305 2130 Ἰερείου
1343 2092 1427 2130 πάραν
1466 2091 1561 2129 ἱερέως
1599 2091 1673 2121 τινὸς
1718 2087 1830 2118 ὲσέὃετο

1001 2137 1239 2174 στήλῃ-τοῦνομα
1267 2140 1350 2174 Ἶρος.
1381 2137 1492 2174 Λέγεται
1522 2134 1550 2163 δὲ
1577 2135 1622 2162 καὶ
1646 2134 1769 2172 Ἠρείουν
1787 2133 1831 2162 διὰ

999 2184 1030 2210 τὸ
1045 2183 1078 2210 τὰ
1107 2184 1237 2220 μνήματα
1258 2180 1352 2210 πολλά
1379 2182 1446 2208 εἶναι
1461 2189 1468 2197 ⁶
1499 2180 1585 2208 ἐκεῖσε
1613 2180 1664 2218 γὰρ
1680 2179 1830 2207 ἐθάπτοντο

122 2219 273 2264 sepulcra;
287 2222 394 2250 etenim
407 2224 514 2252 civium
527 2234 647 2262 corpora
659 2227 698 2254 ibi
716 2228 950 2257 tumulabantur.
965 2218 989 2250 D

1049 2218 1139 2264 νεκροὶ
1166 2218 1222 2254 τῶν
1245 2227 1378 2254 πολιτῶν.
1401 2226 1450 2253 Τὸν
1477 2223 1506 2252 δὲ
1530 2225 1592 2252 ναὸν
1613 2225 1627 2252 ὁ
1651 2224 1743 2261 Μέγας
1760 2227 1832 2251 Κων-

122 2263 234 2292 Ibidem
249 2274 316 2294 vero
338 2268 490 2296 ecclesiam
514 2271 645 2298 condidit
660 2271 869 2301 Constantinus
885 2273 947 2302 Ma-

121 2316 209 2344 gnus.
236 2311 376 2340 Caeterum
404 2314 532 2348 primum
561 2315 602 2343 ibi
632 2315 774 2345 habitavit
796 2321 825 2345 et
848 2319 948 2347 docuit

121 2353 151 2381 S.
167 2355 301 2400 andreas
317 2357 476 2393 apostolus,
486 2360 535 2395 qui
550 2360 655 2388 deinde
669 2364 804 2390 sanctum
819 2363 946 2400 Stachyn

123 2398 268 2427 ordinavit
285 2401 466 2438 episcopum.

296 2456 336 2482 De
350 2457 377 2483 s.
396 2457 474 2485 [rene
487 2459 648 2492 cognomine
661 2460 774 2488 Galam.

158 2496 286 2525 Ecclesia
305 2499 335 2526 S.
354 2500 452 2529 Irenes
476 2502 588 2537 Galata,
605 2504 648 2532 sic
672 2507 773 2532 vocata
799 2507 844 2534 est
859 2515 874 2533 a
889 2506 944 2534 Ga-

120 2541 230 2569 latione
254 2543 380 2578 quodam
409 2546 449 2574 ibi
478 2547 642 2576 habitante.
668 2549 808 2577 Ceterum
833 2551 859 2578 S.
886 2554 944 2578 An-

122 2586 207 2613 dreas
221 2586 393 2622 Byzantium
416 2599 479 2618 cum
496 2593 634 2627 venisset,
650 2595 807 2622 exstructis
828 2595 858 2623 in
882 2595 945 2624 loco

122 2631 264 2676 Harmatii
292 2633 369 2660 dicto
397 2636 520 2672 aedibus,
550 2637 610 2665 illic
637 2638 788 2667 habitavit.
817 2639 946 2676 Sculpsit

121 2674 209 2703 etiam
239 2677 356 2713 propria
382 2687 469 2707 manu
496 2689 611 2709 crucem
637 2690 671 2710 ex
694 2682 801 2718 lapide,
822 2674 945 2713 colloca-

120 2719 220 2756 vitque
251 2721 280 2748 in
310 2721 432 2751 ecclesia
459 2726 548 2753 veteri
576 2728 604 2753 S.
635 2728 743 2755 Irenes.
772 2728 882 2756 Deinde
915 2729 944 2757 in

121 2762 259 2793 Neorium
281 2767 496 2804 commigravit,
520 2769 575 2797 boo
599 2772 643 2798 est
666 2770 695 2798 in
718 2771 865 2807 porticum
880 2781 945 2811 qua:

1002 2275 1144 2303 σταντῖαος
1169 2272 1306 2309 ἀνήγειρε.
1333 2272 1445 2309 Ορῶτον
1471 2269 1500 2297 δὲ
1528 2270 1541 2297 ὁ
1564 2268 1641 2306 ἅγιος
1666 2267 1801 2306 Ἀνδρέας
1818 2269 1832 2296 ὁ

1002 2316 1157 2348 ἀπόστολος
1178 2316 1298 2348 ἐκάθισεν
1323 2315 1409 2343 ἐκεῖσε
1430 2315 1476 2342 καὶ
1499 2313 1634 2342 ἐδίδασκεν
1653 2322 1660 2329 “
1683 2313 1733 2345 εἶθ’
1749 2314 1832 2344 οὗτος

1002 2361 1194 2399 ἐχειροτόνησε
1207 2361 1253 2388 τὸν
1268 2360 1384 2398 Στάχυν.

1134 2459 1199 2498 Περὶ
1213 2463 1262 2494 τῆς
1277 2459 1372 2496 Ἀγίας
1387 2457 1509 2496 Εἴρήνης
1523 2457 1556 2484 τὰ
1572 2456 1688 2485 Γάλατα.

1036 2506 1068 2532 Ἣ
1090 2505 1169 2542 Ἀγία
1197 2504 1301 2541 Εἰρήνη
1330 2504 1364 2530 τὰ
1392 2501 1500 2530 ratam
1523 2500 1628 2537 ἐκλήθη
1656 2501 1744 2533 οὕτως
1774 2502 1830 2530 ἀπὸ

1001 2548 1172 2581 Γαλατιῶνός
1194 2559 1268 2580 τινος
1297 2548 1437 2578 οἰκοῦντος
1467 2547 1561 2574 ἐκεῖσε.
1585 2545 1672 2574 Ἦλθε
1697 2545 1728 2574 δὲ
1752 2548 1799 2574 καὶ
1816 2548 1830 2574 ὁ

1000 2592 1079 2631 ἅγιος
1096 2592 1223 2631 Ἀνδρέας
1252 2592 1296 2620 ἐπὶ
1323 2593 1355 2619 τὸ
1383 2590 1536 2627 Βυζάντιον,
1552 2590 1595 2618 καὶ
1616 2589 1718 2618 ἔκτισεν
1736 2590 1776 2622 εἷς
1796 2592 1830 2618 τὰ

1000 2638 1161 2676 Ἀρματίου,
1192 2638 1236 2665 καὶ
1261 2636 1398 2671 ἐκαθὲζετο
1436 2635 1531 2663 ἐκεῖσε.
1565 2636 1694 2670 Ἐποίησε
1724 2634 1754 2662 δὲ
1783 2636 1828 2663 καὶ

1001 2682 1116 2720 σταυρὸν
1143 2680 1313 2720 ἰδιοχείρως,
1337 2681 1498 2716 λατομήσας
1521 2681 1617 2707 τοῦτον
1641 2680 1686 2707 καὶ
1708 2679 1829 2718 γλύψας,

1000 2723 1110 2762 ἔστησεν
1127 2726 1207 2754 αὐτὸν
1229 2726 1267 2759 εἷς
1290 2727 1339 2760 τὴν
1365 2724 1459 2762 Ἀγίαν
1487 2723 1607 2760 Εἷίρήνην
1623 2724 1673 2758 τήν
1692 2723 1827 2754 παλαιάν.

999 2772 1057 2804 Εἶθ’
1085 2771 1172 2802 οὕτως
1196 2770 1279 2806 ἦλθεν
1304 2770 1342 2803 εἷς
1362 2769 1492 2807 Νιώριον,
1515 2768 1548 2796 τὸ
1572 2767 1725 2807 λιγόμινον
1748 2779 1828 2809 up:-
