1953 3047
69 105 159 135 127⁸7

67 168 244 207 τοεμϐόλιον
263 180 271 188 ·

67 215 176 243 ἵστατο
205 215 307 248 ἄνωθεν
337 215 420 251 αὐτῆς
449 217 537 252 στήλη
565 215 668 254 ἔχουσα
697 217 723 244 ἐν
752 219 786 254 τῇ
802 217 908 255 κεφαλῇ

73 260 182 298 κέρατα
209 260 332 299 τέσσαρα.
350 260 480 297 Θαύματα
510 260 539 289 δὲ
567 261 690 300 ὲγᾶνοντο
719 262 745 289 ἐν
771 261 849 299 αὐτῇ.
876 260 912 290 Ei'

69 315 118 336 τις
137 306 192 343 γὰρ
211 306 282 343 εἶχεν
300 305 325 332 ἐν
341 305 415 342 αὐτῷ
428 306 566 344 ὑπόληψιν
596 307 661 334 εἶναι
684 309 808 345 κερατᾶς,
825 307 909 334 ἐκεῖσε

73 350 272 388 ἀπερχόμενος
311 350 356 378 καὶ
393 352 578 390 προσεγγίζων
612 353 646 388 τῇ
675 351 782 388 στήλῃ,
812 352 910 383 εὐθέως

73 394 219 433 ἐγυρίζιτο
248 393 301 426 ἕως
324 395 418 433 τρίτου
438 407 445 413 ·
472 396 494 423 εἰ
522 395 550 424 δὲ
576 396 652 428 ἐκτὸς
676 396 841 434 ὑπόλήψεως
863 397 908 431 ἦν,

69 438 176 467 ’ίστατο
192 439 339 471 ἀσάλευτος
355 441 372 475 ἡ
389 439 478 476 στήλη
496 451 502 457 ·
528 441 573 468 καὶ
596 441 682 473 οὕτως
705 440 861 479 ἠλέγχοντο
883 441 909 468 οἱ

73 495 106 511 κε
111 483 240 522 ρατάδες.

294 530 358 567 Περὶ
376 533 425 558 τοῦ
436 530 529 568 Ἃγίου
543 530 699 567 Μάμαντος.

114 575 170 603 Τὸν
196 572 224 602 δὲ
238 576 332 612 Ἂγιον
360 575 494 611 Μάμαντα
519 575 662 612 ἀνήγειρεν
689 575 702 602 ὁ
722 574 907 611 Λεομάκελος,

74 619 126 646 καὶ
154 618 257 646 ἔκτισεν
279 619 335 646 ὶκεῖ
353 618 485 654 παλάτια,
506 618 576 646 διότι
601 619 761 657 ἐνεπρήζετο
784 621 801 654 ἡ
827 618 908 650 πόλις

105 667 221 682 -,ν
294 663 334 673 π·
410 664 417 672 π
590 663 893 684 ι.ε,ν.-,’;

77 674 173 700 μηνα..
198 674 231 700 ς,
255 674 301 691 και
326 663 439 698 εξελοων
465 664 478 691 ὁ
503 664 688 700 Aequitio.”
704 674 805 691 εκτισεδ
831 675 908 699 «un,

75 708 125 735 καὶ
160 707 246 744 μόλον
277 707 398 744 ἐποίησε,
428 708 472 735 καὶ
499 709 561 736 ναὸν
591 707 735 739 ὡσαύτως·
765 707 809 735 καὶ
838 707 910 743 ἑώρα

78 752 210 779 ἀπεκιῖσε
224 752 273 786 τὴν
297 751 379 780 πόλιν
396 751 622 789 ἐμπρηζομὲνην.
640 753 695 780 Εἶθ’
711 752 797 783 οὕτως
819 749 910 790 ἔϐρεξε

78 795 200 831 στάκτην
236 795 360 832 ἰπάύτῇ
391 796 430 827 ὡς
459 797 598 833 σπιθαμήν
625 797 657 823 τὸ
683 796 785 834 πάχος.
801 797 908 824 Ἐκτισε

79 839 110 867 δὲ
136 840 183 868 καῖ
199 839 407 893 Ἰπποόρόμιον,
423 839 449 869 ἐν
476 841 498 877 ᾧ
524 841 568 868 καὶ
594 840 714 878 Μιχαὴλ
740 842 753 868 ὁ
780 841 907 879 βασιλεὺς
925 860 948 893 Β

78 885 199 922 ἀνῃρέθη
218 885 269 913 ὑπὸ
283 884 438 914 Βασιλείου.

169 983 233 1022 Περὶ
247 987 297 1019 τῆς
312 983 494 1028 γεφύρας-ὶτῇς
510 982 593 1018 οὔσης
609 983 646 1015 εἷς
660 984 706 1012 τὸν
722 985 816 1023 ’Ἀγιον

456 1030 571 1056 αμαντα.

119 1064 182 1092 ’Ότι
209 1063 249 1095 εἷς
273 1063 320 1092 τὸν
343 1065 439 1101 ’Άγιον
465 1064 600 1100 Μάμαντα
618 1063 713 1092 ’ίστατο
735 1065 838 1103 γίφυρα
861 1075 910 1102 με·

81 1107 155 1146 γάλη
186 1109 270 1145 ὁμοία
293 1112 343 1143 τῆς
368 1107 557 1145 Χαλκηδόνος,
584 1108 685 1146 ἔχουσα
714 1110 838 1148 καμάρας
865 1111 910 1147 ιβ’,

84 1153 211 1189 ποταμὸς
247 1152 276 1180 δὲ
313 1155 468 1191 κατήρχετο
503 1153 693 1192 παμμεγέθης1
718 1154 763 1181 καὶ
793 1154 912 1190 μάλιστα

83 1200 125 1233 τῷ
162 1198 348 1235 Φευρουαρίου
389 1197 466 1234 μηνί,
496 1199 578 1226 Ἔνθα
615 1198 659 1226 καὶ
684 1198 789 1236 δράκων
816 1198 910 1227 ἵστατο

84 1244 209 1280 χαλκοῦς
225 1251 232 1258 ·
260 1241 304 1270 διὰ
328 1241 356 1270 δὲ
383 1243 414 1270 τὸ
441 1242 528 1280 λέγειν
553 1243 637 1278 τινὰς,
667 1242 800 1282 δράκοντα
828 1244 909 1272 οἴκεῖν

84 1287 124 1317 εἰς
164 1288 213 1321 τὴν
252 1287 378 1326 γέφυραν,
411 1287 513 1315 πολλαὶ
550 1287 675 1326 παρθένοι
719 1288 840 1325 ἐθύοντο,
866 1289 910 1316 καὶ

87 1331 183 1366 πλήθη
214 1329 358 1369 προϐάτων
387 1332 431 1359 καὶ
464 1332 534 1369 βοῶν
549 1332 594 1360 καὶ
622 1330 731 1370 ὅρνεων.
748 1332 911 1364 Βασιλίσκος

89 1375 118 1403 δὲ
143 1386 185 1406 τις
216 1375 330 1414 ἐραστὴς
356 1379 405 1404 τοῦ
433 1377 530 1412 τόπου,
546 1377 577 1408 ὃς
596 1377 629 1411 ἦν
650 1380 688 1408 εἱς
703 1379 757 1405 τῶν
774 1378 826 1405 ἀπὸ
842 1381 911 1405 Νου-

91 1422 219 1458 μεριανοῦ
248 1421 390 1458 Καίσαρος,
409 1421 500 1452 στίσας
525 1421 681 1457 κατῴκησεν
707 1421 733 1449 ἐν
756 1422 829 1457 αὐτῷ
845 1432 852 1439 ’
869 1421 911 1449 ἔν-

86 1466 120 1491 0:
144 1464 190 1492 καὶ
216 1465 279 1492 ναὸν
302 1467 351 1492 τοῦ
374 1465 436 1496 Διὸς
460 1463 555 1503 ἤγειρε
578 1465 752 1504 παμμεγέθη.
770 1468 860 1495 Ταῦτα
884 1466 913 1494 δὲ

87 1508 173 1536 πάντα
200 1510 294 1544 Ζήνων
321 1512 360 1546 τῷ
389 1508 505 1547 δευτέρῳ
532 1508 584 1538 ἔτει
610 1514 660 1545 τῆς
677 1510 814 1548 βασιλείας
831 1511 912 1539 αὐτοῦ

87 1553 183 1581 κατὲστ
189 1555 267 1590 ρεψεν
272 1575 278 1582 .

297 1643 363 1681 Περὶ
378 1646 432 1671 τῶν
449 1646 565 1678 ζευκτῶν
579 1644 703 1673 κιονίων.

126 1687 167 1716 Τὰ
192 1688 286 1722 ζευκτὰ
309 1688 398 1716 κιόνιά
423 1689 501 1724 εἰσιν,
527 1688 595 1716 ὅπου
617 1689 675 1726 εἶχε
705 1689 770 1720 τοὺς
801 1689 912 1726 τιμίους

90 1732 230 1769 σταυροὺς,
247 1732 291 1760 καὶ
306 1733 443 1769 Ῥωμανὸς
461 1734 475 1761 ὁ
490 1733 577 1771 γέρων
595 1733 695 1770 ἔγειρεν
711 1733 792 1763 αὐτά.

375 1821 439 1858 Περὶ
455 1823 503 1849 τοῦ
519 1821 619 1850 Ὁσίου.

122 1865 172 1892 Τὸν
198 1864 227 1892 δὲ
250 1866 342 1894 Ὅσιον
368 1866 510 1903 ἀνήγειρεν
537 1867 682 1897 Ἰουατῖνος
711 1866 755 1893 καὶ
786 1870 873 1905 Σοφια
893 1869 910 1903 ἡ

88 1907 169 1944 Αωϐή
185 1918 192 1925 ⁸
209 1909 337 1941 ὡσαύτως
359 1909 404 1937 καὶ
428 1911 459 1937 τὸ
487 1910 719 1950 ὄρφανοτροφεῖυν
750 1913 797 1938 τοῦ
816 1911 912 1949 Ἀγίου

89 1953 208 1982 Παύλου.

325 1999 389 2037 Περὶ
405 2001 453 2026 τοῦ
469 1998 562 2036 Ἀγίου
579 1999 673 2028 Φώκα.

123 2043 174 2071 Τὸν
192 2042 220 2071 δὲ
234 2044 332 2081 ’Ἀγιον
360 2044 459 2071 Φώκαν
484 2044 630 2076 Βασίλειος
646 2045 659 2072 ὁ
679 2044 806 2082 βασιλεὺς
827 2045 910 2081 κτίζει

91 2088 155 2124 μετὰ
168 2087 213 2115 καὶ
227 2090 276 2115 τοῦ
292 2088 395 2126 Φόρου,
410 2089 454 2116 καὶ
470 2092 520 2124 τῆς
536 2089 609 2126 νέας,
623 2089 667 2117 καὶ
691 2091 745 2117 τῶν
770 2090 909 2118 παλατίων

88 2134 140 2160 τῶν
154 2135 265 2171 Πηγῶν.

277 2178 343 2216 Περὶ
357 2181 407 2213 τῆς
425 2181 509 2215 μονῆς
522 2179 556 2206 τὰ
571 2180 719 2214 Δαμιανοῦ.

644 107 825 138 ANONYM]
849 107 1141 144 ANTIQUITATES
1163 109 1223 140 ΟΡ.

298 171 383 199 ἐκεῖσε
417 172 467 210 γὰρ
503 171 613 211 καμάρα
649 173 742 210 χαλκῆ
781 174 833 207 ἦν,
859 173 903 201 καὶ

1003 176 1086 203 rnuta
1103 175 1264 204 dicebatur.
1282 176 1350 203 Erat
1365 175 1474 212 quippe
1494 175 1534 204 ibi
1550 175 1680 211 porticus
1695 184 1786 210 aenea,

1710 109 1788 140 i278

964 227 1053 255 supra
1074 228 1163 256 quam
1186 220 1335 248 visebatur
1360 222 1458 248 statua
1481 222 1609 255 quatuor
1632 227 1742 247 cornua
1757 219 1785 247 in

964 265 1058 299 capite
1081 272 1196 300 gerens,
1214 265 1382 300 ibidemque
1406 267 1435 292 et
1458 264 1591 301 prodigia
1613 264 1786 292 edebantur.

964 307 1076 335 Etenim
1095 309 1120 336 si
1137 309 1203 344 quis
1229 312 1395 344 suspectam
1412 309 1524 337 habens
1550 310 1649 336 uxoris
1674 309 1787 344 pudici-

964 352 1047 388 tiam,
1063 354 1098 380 ad
1120 353 1196 381 hanc
1217 355 1345 381 statuam
1369 354 1528 388 accederet,
1545 353 1683 381 continuo
1700 355 1742 381 ter
1757 353 1787 380 in

963 405 1066 433 gyrum
1084 406 1114 425 se
1129 398 1258 426 vertebat
1274 402 1384 431 statua;
1409 398 1454 425 sin
1479 401 1575 426 autem
1592 400 1672 425 extra
1687 397 1788 432 suspi-

964 441 1077 469 cionem
1100 445 1173 478 erat,
1188 443 1351 471 immobilis
1373 443 1480 471 stabat.
1497 443 1531 470 Et
1547 443 1588 470 sic
1604 442 1720 470 cornuti
1735 442 1786 469 de-

964 485 1161 514 clarabantur.

1221 532 1259 559 De
1271 534 1370 560 Sancto
1386 532 1530 560 Mamanle.

1000 574 1139 602 Sanctum
1169 575 1344 604 Mamantem
1370 578 1398 604 et
1423 585 1485 611 quea
1515 576 1621 604 ibidem
1651 576 1788 603 visuntur

964 617 1073 653 palatia
1087 620 1231 647 exstruxit
1246 623 1300 648 Leo
1318 620 1455 648 Macelus.
1472 621 1542 648 Cum
1558 620 1635 648 enim
1652 621 1722 648 urbs
1738 629 1788 648 sex

964 664 1093 699 integros
1128 672 1243 691 menses
1277 665 1415 692 continuo
1455 665 1590 693 inccndio
1623 665 1786 701 ﬂagrasset,

964 716 1098 743 egressus
1110 707 1164 735 Leo
1177 707 1303 735 Macelus
1315 708 1354 735 ibi
1372 708 1488 744 palatia,
1502 711 1617 744 portum
1633 711 1662 736 et
1676 709 1787 736 dictum

964 752 1108 788 templum
1121 752 1284 787 aediﬁcavit,
1296 761 1353 788 quo
1365 753 1452 781 etiam
1465 761 1480 781 e
1495 752 1557 781 loco
1573 753 1741 781 incendium
1758 753 1788 780 in

965 797 1037 824 urbe
1051 805 1191 832 grassans
1217 797 1381 833 spectabat;
1398 798 1503 826 deinde
1525 798 1650 826 cinerem
1668 798 1743 834 pluit
1758 798 1787 824 in

964 841 1037 869 urbe
1052 840 1192 876 palmaris
1207 841 1417 877 spissitudinis.
1434 845 1574 870 Praeterea
1589 843 1666 869 idem
1683 842 1788 878 Hippo-

966 887 1100 914 dromum
1129 887 1271 919 condidit,
1297 886 1326 914 in
1355 895 1411 921 quo
1436 887 1557 914 Michael
1590 887 1748 922 imperator
1773 895 1790 914 a

965 930 1072 958 Basilio
1088 930 1260 958 interfectus
1274 931 1422 959 occubuit.

1097 975 1133 1002 De
1146 977 1228 1011 ponte
1238 983 1322 1011 prope
1334 977 1468 1004 Sanctum
1483 977 1654 1004 Illamunlem.

1000 1066 1092 1099 Prope
1125 1064 1263 1091 Sanctum
1298 1064 1471 1093 Mamantem
1505 1065 1680 1092 cernebatur
1715 1073 1789 1100 pons

966 1109 1168 1144 magnitudine
1200 1109 1323 1144 requalis
1352 1108 1600 1141 Chalcedonensi,
1634 1109 1788 1136 duodecim

966 1154 1093 1180 arcubus
1109 1156 1258 1187 constans,
1274 1161 1380 1189 magno
1397 1154 1508 1181 ﬂumini
1529 1154 1698 1190 impositus,
1710 1154 1787 1189 quod

965 1199 1124 1234 prmsertim
1151 1206 1252 1226 mense
1276 1198 1432 1226 Februario
1456 1199 1632 1226 exundabat.
1658 1198 1789 1225 Ibidem-

966 1251 1022 1278 que
1038 1243 1135 1270 stabat
1147 1243 1233 1270 draco
1249 1251 1354 1277 aereus;
1366 1245 1395 1270 et
1409 1243 1485 1277 quod
1497 1242 1618 1278 quidam
1630 1243 1787 1270 draconem

966 1287 995 1314 in
1018 1287 1073 1314 isto
1098 1289 1185 1322 ponte
1214 1287 1346 1315 habitare
1375 1289 1521 1323 putarent,
1536 1286 1637 1314 multae
1660 1287 1789 1322 virgines

966 1332 1006 1359 ibi
1034 1331 1190 1359 immolatae
1215 1334 1303 1365 sunt;
1330 1340 1362 1358 ac
1388 1340 1495 1367 magna
1518 1331 1626 1364 ovium,
1646 1332 1732 1358 boum
1758 1340 1791 1359 ac

965 1376 1116 1403 volucrum
1142 1375 1236 1411 copia.
1253 1376 1394 1403 Caeterum
1421 1376 1542 1411 quidam
1566 1375 1727 1403 Basiliscus
1742 1375 1791 1411 qui

967 1429 984 1448 a
999 1423 1080 1456 parte
1102 1420 1273 1448 Numeriani
1286 1420 1407 1448 Caesaris
1423 1421 1515 1453 stetit,
1530 1429 1629 1448 amore
1650 1420 1705 1448 loci
1722 1428 1791 1456 eap-

967 1468 1025 1500 tns,
1042 1465 1117 1493 aedes
1142 1465 1182 1492 ibi
1207 1467 1370 1493 exstructas
1397 1465 1582 1498 inhabitavit,
1598 1468 1627 1492 et
1649 1465 1791 1500 templum

968 1509 1130 1537 maximum
1146 1509 1208 1536 Jovi
1223 1510 1372 1544 excitavit;
1389 1510 1466 1545 quod
1488 1518 1554 1537 cum
1571 1509 1683 1537 czateris
1699 1509 1792 1536 omni-

927 1544 949 1577 (ἶ
969 1555 1024 1582 bus
1057 1553 1191 1582 aediﬁciis
1212 1554 1288 1582 Zeno
1319 1554 1448 1582 secundo
1488 1554 1604 1590 imperii
1636 1554 1682 1582 sui
1717 1562 1793 1581 anno

968 1599 1081 1627 evertit.

1211 1644 1249 1671 De
1262 1643 1413 1672 columellis
1427 1643 1547 1678 junctis.

1003 1687 1168 1716 Columella-
1199 1688 1309 1723 jnnetm
1343 1687 1397 1715 illa;
1431 1687 1571 1715 dicuntur
1609 1688 1659 1715 ubi
1698 1689 1792 1715 exsta-

967 1733 1039 1761 bant
1054 1733 1224 1761 venerandze
1250 1741 1361 1761 cruces.
1380 1733 1436 1760 Has
1458 1732 1549 1760 erexit
1572 1732 1722 1760 Romanus
1747 1740 1792 1760 sc-

967 1785 1043 1804 ΠΙΟΓ.

1318 1823 1354 1850 De
1369 1822 1441 1850 05in.

1002 1865 1104 1893 Osium
1131 1866 1268 1893 Justinus
1298 1869 1326 1894 et
1350 1866 1460 1902 Sophia
1490 1866 1564 1894 Lobe
1591 1866 1791 1900 aedificarunt;

967 1910 1217 1945 quemadmodum
1235 1913 1262 1938 et
1282 1910 1563 1946 orphanotrophium
1579 1909 1678 1938 Sancti
1700 1909 1790 1937 l'auli.

1210 1956 1248 1982 De
1262 1955 1382 1983 Ecclesia
1397 1955 1424 1982 S.
1441 1955 1547 1982 Phocea.

1003 1999 1162 2028 Ecclesiam
1179 1999 1208 2027 S.
1228 2000 1327 2028 Phocea
1347 2000 1446 2027 condit
1465 1999 1592 2027 Basilius
1607 1999 1767 2035 imperator
1784 2007 1790 2026 :

966 2045 1035 2072 item
1051 2044 1081 2072 S.
1098 2044 1226 2080 Deiparw
1251 2045 1281 2072 in
1306 2045 1389 2078 Foro,
1405 2047 1434 2072 et
1449 2044 1603 2072 ecclesiam
1628 2052 1745 2078 novam,
1762 2046 1792 2071 et

966 2089 1075 2126 palatia
1090 2089 1205 2125 Pegana
1220 2098 1269 2118 seu
1285 2089 1431 2117 Fontium.

1186 2180 1223 2207 De
1239 2180 1405 2207 monasterio
1423 2179 1567 2206 Damiam'.

83 2230 86 2234 '
125 2223 176 2256 Τὴν
195 2223 278 2260 μονὴν
294 2222 327 2250 τὰ
343 2225 480 2259 Δαμιανοῦ
506 2222 594 2251 ἔκτισε
617 2223 754 2260 Δαμιανὸς
777 2234 910 2262 παρακοι-

1001 2223 1209 2251 Monasterinm
1223 2224 1358 2251 Damiani
1370 2224 1545 2251 aediﬁcatum
1558 2222 1612 2250 fuit
1623 2222 1788 2250 aDamiano

92 2268 213 2303 μώμενος
239 2268 252 2294 ὁ
277 2265 402 2300 Σθλάϐος
426 2267 453 2296 ἐν
482 2271 541 2300 τοῖς
564 2268 678 2306 χρόνοις
703 2267 838 2306 Θεοφίλου
865 2269 910 2297 καὶ

91 2311 213 2349 Μιχαήλ.

347 2357 412 2394 Περὶ
431 2359 479 2384 τοῦ
496 2356 644 2386 ’Λνὰπλου.

123 2400 170 2428 Τὸν
195 2399 224 2428 δὲ
244 2401 479 2439 ’Λρχιστράτηγον
506 2403 553 2429 τὸν
580 2402 618 2434 εἷς
646 2403 691 2430 τὸν
721 2402 873 2433 Ἀνάπλουν
897 2403 911 2430 ὁ

91 2445 176 2482 Μέγας
193 2447 394 2477 Κωνσταντῖνος
409 2445 546 2484 ἀνήγειρε.

293 2499 359 2535 Περὶ
378 2500 426 2526 τοῦ
441 2498 536 2536 Ἀγίου
551 2499 698 2536 Ταρασίου.

123 2543 172 2571 Τὸν
205 2542 234 2570 δὲ
262 2544 358 2580 ’Ἀγιον
389 2543 525 2580 Ταράσιον
565 2543 689 2580 λέγουσιν
725 2545 792 2572 εἶναι
829 2545 912 2582 προά-

92 2598 172 2616 στειον
201 2590 250 2616 τοῦ
279 2587 453 2625 πατριάρχου
481 2587 624 2625 Ταρασίου,
641 2589 685 2616 καὶ
714 2588 856 2623 ἀνέστησεν
883 2588 909 2616 ἐν

92 2633 160 2670 αὐτῷ
176 2633 273 2670 μονήν.

337 2686 404 2723 Περὶ
418 2687 468 2713 τοῦ
484 2686 649 2715 Σωσθενίου.

125 2732 178 2767 Τήν
204 2729 233 2759 δὲ
259 2731 345 2768 μονὴν
367 2733 415 2758 τοῦ
438 2730 603 2766 Σωσθενίου,
618 2732 665 2759 τὸν
688 2731 908 2770 ἀρχιστράτηγον

94 2777 188 2807 ἔκτισεν
204 2777 219 2808 ἁ
233 2776 326 2814 Μέγας
340 2777 555 2808 Κωνσταντῖνος.

967 2269 1121 2304 praeposito
1134 2268 1274 2302 cubiculi,
1286 2269 1403 2296 natione
1417 2267 1547 2302 Sthlavo,
1557 2269 1688 2302 tempore
1700 2266 1790 2294 Theo-

966 2311 1038 2348 phili
1053 2315 1082 2340 et
1095 2313 1255 2341 Michaelis.

1291 2358 1328 2386 De
1342 2357 1462 2393 Anapto.

1001 2401 1155 2438 Templum
1172 2403 1269 2431 Sancti
1283 2402 1434 2430 Michaelis
1450 2401 1617 2438 archangeli
1632 2401 1661 2429 in
1677 2401 1789 2438 Anaplo

965 2446 1176 2474 Constantinus
1192 2447 1316 2484 Magnus
1329 2446 1481 2475 exstruxit.
1775 2450 1777 2452 '

1231 2503 1268 2530 De
1283 2503 1383 2530 Sancto
1400 2502 1520 2530 Tarau‘o.

1001 2546 1141 2574 Sanctum
1158 2547 1311 2574 Tarasium
1335 2547 1432 2575 ferunt
1454 2546 1545 2574 fuisse
1561 2546 1673 2582 pridem
1689 2545 1787 2573 villam

967 2591 1168 2619 suburbanam
1189 2591 1360 2626 patriarcha:
1385 2591 1509 2625 Tarasii,
1526 2599 1615 2626 quam
1641 2592 1742 2626 postea
1758 2589 1787 2617 in

966 2635 1178 2664 monasterium
1194 2636 1329 2663 mutavit.

1160 2689 1198 2716 De
1217 2689 1383 2716 monasterio
1402 2688 1592 2717 Sostheniano.

1001 2733 1212 2762 Monasterium
1225 2733 1392 2770 archangeli
1402 2733 1552 2762 Michaelis
1562 2732 1787 2761 Sosthenianum

964 2778 1176 2807 Constantinus
1189 2780 1312 2815 Magnus
1325 2778 1468 2807 condidit.
