1953 3047
63 135 139 167 1281

628 131 810 163 ANONYMI
833 131 1126 168 ANTIQUITATES
1148 132 1208 164 ΟΡ.

1693 133 1770 164 1282

63 200 130 238 μετὰ
143 198 189 227 καὶ
203 199 252 226 τοῦ
275 199 324 231 τῆς
352 194 486 223 θεοτόκου
509 194 747 233 ἀπεικονίσματος,
772 196 818 223 καὶ
840 195 885 223 αὐ-

982 199 1050 225 runt
1077 206 1135 225 una
1164 206 1231 226 cum
1261 197 1389 234 imagine
1417 199 1445 225 Β.
1462 197 1603 234 Deiparaa,
1619 201 1648 226 et
1675 198 1769 234 ipsius

60 247 110 272 τοῦ
136 243 169 278 δή
194 244 243 270 τοῦ
266 241 449 276 νηπιάσαντος
481 239 562 278 σαρκὶ
578 241 670 276 Ἰησοῦ
691 241 822 278 Χριστοῦ,
838 251 887 268 κα-

62 290 116 321 θὼς
131 286 308 326 Ἀγγυριανὸς
322 283 514 324 χρονογράφος
538 283 563 312 ἓν
578 287 618 321 τῷ
633 283 775 322 δεκαλόγῳ
791 285 888 320 αὐτοῦ,

62 334 107 361 καὶ
123 332 298 363 Ἀναστάσιος
312 331 379 366 ἡμῖν
396 327 572 367 παρέδωκαν.

333 382 397 420 Περὶ
412 383 443 410 τὸ
461 383 610 420 Σμύρνιον.

99 431 137 460 Τὸ
153 429 324 466 καλούμενον
341 427 477 466 Σμύρνιον
499 426 618 462 πλησίον
640 430 688 455 τοῦ
712 427 888 466 Τετραδισίου

65 474 199 513 ἐμϐόλου,
215 474 344 511 σύνεγγυς
365 474 413 500 τοῦ
437 472 531 509 Ἀγίου
556 471 699 509 Θεοδώρου
732 475 781 500 τοῦ
809 476 888 512 Σφω-

65 520 171 559 ρακίου,
189 518 247 557 ἔχει
273 517 400 546 ὑποκάτω
423 520 473 552 τῆς
499 520 551 554 γῆς
564 519 613 544 τοῦ
629 517 697 554 πρὸς
715 517 815 555 βορρᾶν
842 516 888 553 μὲ-

65 575 130 603 ρους
153 563 265 601 ὀργυιὰς
291 561 365 596 δέκα,
382 560 484 596 στήλας
511 560 594 597 ἐννέα,
619 561 644 597 ἐξ
669 562 706 588 ὧν
727 560 748 588 δ’
765 561 811 597 μὲν
837 561 889 588 είσι

63 608 268 638 Κωνσταντίνου
282 609 333 634 τοῦ
350 605 478 644 Μεγάλου
502 606 547 633 καὶ
570 609 620 640 τῆς
648 605 777 643 γυναικὸς
807 605 890 633 αὐτοῦ

65 654 204 689 Φαύστης,
229 652 274 680 καὶ
295 650 450 688 Ίλαρίωνος
474 650 665 687 πραιποσίτου,
690 650 735 678 καὶ
758 652 806 677 τοῦ
830 649 888 687 τρί-

65 709 115 726 του
131 696 228 729 παιὸὸς
242 696 322 724 αὐτοῦ
349 695 470 733 Κρίσπου
494 694 710 731 ὀνομαζομένου,
727 695 755 722 ὃν
776 693 890 732 ἹΙρόδο-

63 753 109 775 τος
139 742 184 770 καὶ
207 739 368 770 Ἱππόλυτος
396 739 582 778 χρονογράφοι
608 738 732 777 λέγουσιν
755 739 890 778 ἀποκεφα-

66 787 206 822 λισθῆναι,
222 784 267 813 διὰ
288 785 320 812 τὸ
345 783 382 816 εἷς
406 783 522 820 ὑποψίαν
543 782 630 810 ἆλθεῖν
659 783 703 810 ἰπὶ
720 783 830 820 Φαύστῃ
856 785 889 820 τῇ

69 833 189 869 μητρυιᾷ
212 830 304 858 αὐτοῦ.
322 829 368 857 Διὸ
393 828 497 863 ἐκείνην
520 828 579 864 μὲν,
598 827 741 865 βαλανείου
766 826 891 867 σφοδρῶς

65 876 219 909 ἐκκαὲντος,
237 873 374 901 ἐκέλευσεν
401 870 499 904 ἔσωθεν
525 871 623 899 τούτου
639 875 806 907 κατακαῆναι
823 881 830 888 ³
845 872 890 900 τὸν

66 919 95 948 δὲ
111 920 168 947 υἱὸν
183 918 265 946 αὐτοῦ
279 917 472 953 ἀποτμηθῆναι
487 914 596 954 ἄκριτον
621 915 666 943 διὰ
688 917 738 951 τὴν
761 916 888 953 ὑποψίαν.

64 964 112 993 Διὸ
134 964 180 992 καὶ
203 967 254 998 τῆς
279 962 383 1000 μητρὸς
398 960 510 996 Ἑλένης
537 961 576 997 μή
601 960 736 999 φερούσης
750 961 800 995 τὴν
817 961 889 988 ἀναί-

65 1019 138 1047 ρεσιν
168 1010 216 1036 τοῦ
241 1008 314 1041 νὲου,
341 1005 392 1041 ἤδη
417 1009 467 1038 τῆς
496 1007 543 1033 τοῦ
573 1004 706 1041 Καίσαρος
732 1005 892 1041 ἀξιωθέντος

62 1057 159 1090 τιμῆς,
175 1051 325 1089 ἦδολέσχει
341 1050 384 1078 ἐπὶ
401 1052 436 1087 τῇ
452 1050 556 1087 ἀκρίτῳ
581 1050 714 1089 ἀποφάσει
730 1060 736 1067 ·
759 1050 804 1077 καὶ
826 1061 890 1085 στη-

65 1098 157 1129 λώσας
172 1097 217 1125 τὸν
246 1097 370 1124 τοιοῦτον
395 1095 452 1122 υἱὸν
483 1095 566 1122 αὐτοῦ
581 1095 595 1121 ὁ
611 1094 700 1132 Μέγας
727 1098 891 1123 Κωνσταντὶ-

67 1153 122 1178 νος,
139 1141 184 1170 διὰ
211 1141 242 1169 τὸ
279 1143 441 1177 μετανοῆσαι
480 1139 525 1167 καὶ
564 1139 732 1175 λυπηθῆναι,
762 1138 888 1167 ἔκλαυσεν

66 1187 172 1224 ἡμίρας
201 1186 227 1223 μ’
239 1185 284 1213 καὶ
311 1185 409 1215 νύκτας
430 1185 467 1221 μ’,
486 1185 523 1220 μή
555 1183 721 1220 λουσάμενος
738 1184 770 1212 τὸ
799 1186 889 1221 σῶμα⁹

68 1230 138 1268 μηδὲ
163 1229 325 1260 ἀνακλιθείς.
338 1229 469 1263 Ἐποίησε
493 1227 521 1256 δὲ
543 1229 593 1263 τήν
617 1228 716 1256 τούτου
737 1228 841 1264 στήλην
864 1228 890 1264 ἐξ

69 1276 190 1314 ἀργύρου
203 1276 333 1312 καθαροῦ,
352 1274 438 1311 βάψας
454 1273 538 1307 αὐτὴν
555 1273 584 1300 ἐκ
607 1273 723 1310 χρυσίου
747 1272 889 1307 πλείστου,

68 1320 184 1358 ἐγκάψας
213 1319 246 1346 τὰ
269 1319 419 1357 γράμματα
445 1317 607 1355 περιέχοντα
625 1327 632 1333 ·
659 1318 889 1346 ΗΔΙΚΗΜΕΝΟΣ

66 1366 88 1393 Ο
117 1366 194 1392 ΥΙΟΣ
220 1365 298 1392 ΜΟΥ.
326 1362 433 1397 Ταύτην
467 1361 512 1389 οὖν
543 1363 644 1397 στήσας
671 1362 715 1389 καὶ
747 1363 889 1398 μετάνοιαν

68 1408 160 1446 βαλὼν
178 1407 301 1445 ίλιπάρει
315 1407 361 1434 τὸν
379 1407 443 1434 Θεὸν
468 1406 530 1444 περὶ
550 1406 587 1433 ὡν
612 1405 838 1442 ἐπλημμέλησεν.
856 1407 889 1434 Αἱ

66 1451 94 1480 δὲ
123 1452 217 1480 λοιπαὶ
245 1451 344 1486 στῆλαί
374 1451 425 1478 εἱσι
453 1448 588 1487 Σεϐήροιη
611 1450 763 1488 Αρματίου,
780 1450 889 1486 Ζευξίπ-

65 1508 129 1531 που,
156 1496 316 1534 Βιγλιντίου
338 1498 387 1523 τοῦ
419 1495 452 1523 τὰ
486 1495 627 1532 Βιγλὲντια
664 1495 815 1531 κτίσαντος,
844 1495 889 1523 καὶ

67 1540 238 1579 Ἐλευθερίου
265 1543 314 1568 τοῦ
339 1540 373 1567 τὰ
401 1539 426 1567 ἐν
457 1539 565 1572 Σινάτῳ
593 1538 713 1566 παλάτια
735 1539 886 1571 κτίσαντος.

67 1587 149 1615 Οὗτοι
177 1585 223 1612 οὖν
251 1585 349 1616 πάντες
377 1585 441 1622 παρ’
465 1584 547 1612 αὐτοῦ
575 1583 779 1618 ἐπηλιῦθησαν.
801 1584 835 1612 Οἱ
861 1584 889 1611 ὀὶ

67 1629 203 1668 Ἀρειανοὶ
229 1629 354 1666 εὑρόντες
378 1628 421 1656 ἐπί
443 1628 596 1660 Οὐάλεντος
619 1628 776 1666 κατέχωσαν
798 1628 888 1661 αὐτάς.

942 241 1011 269 Jesu
1037 241 1145 270 Christi
1170 242 1304 277 infantis,
1327 245 1359 270 ut
1382 242 1567 278 Angyrianus
1591 242 1769 278 chronogra-

943 286 1021 322 phus
1035 285 1110 314 libro
1127 287 1251 321 decimo,
1269 289 1297 314 et
1315 286 1491 314 Anastasius
1508 286 1656 314 memoria:
1674 288 1771 323 prodi-

943 331 1060 359 derunt.

1103 385 1139 413 De
1155 385 1211 414 loco
1225 386 1416 420 cognominata
1431 384 1604 422 Smyrm‘um.

979 429 1072 457 Locus
1096 430 1261 466 appellatus
1275 430 1445 467 Smyrnium
1470 438 1558 466 prope
1574 431 1769 458 Tetradisiam

943 474 1099 510 porticum,
1131 483 1163 502 ac
1193 475 1324 511 proxime
1343 477 1371 503 Β.
1391 474 1575 502 Theodorum
1607 475 1773 510 Sphoracii,

944 518 1032 546 habet
1054 519 1283 555 septentrionem
1300 527 1403 547 versus
1420 519 1633 547 concavitatem
1658 519 1777 547 subter-

944 571 1062 590 raneam
1092 565 1192 591 decem
1221 564 1371 596 ulnarum,
1395 572 1428 592 ao
1458 572 1559 591 novem
1588 566 1714 597 statuas,
1742 572 1776 591 ex

945 607 1054 643 quibus
1069 608 1188 644 quidem
1205 611 1265 636 tres
1281 611 1361 643 sunt,
1373 608 1559 636 Constantini
1575 608 1682 644 Magni,
1700 609 1776 636 Fau-

945 655 997 680 stae
1017 653 1080 688 ejus
1105 654 1215 687 uxoris,
1241 661 1275 681 ac
1291 653 1448 681 Hilarionis
1479 654 1642 689 praepositi;
1669 656 1776 690 quarta

946 696 1039 732 Crispi
1065 698 1129 732 ejus
1154 697 1218 731 ﬁlii,
1233 706 1319 732 quem
1349 698 1516 725 Herodotus
1544 701 1572 725 et
1600 698 1775 734 Hippolytus

945 741 1160 777 cbronograpbi
1183 742 1328 770 memoria:
1355 742 1558 778 prodiderunt,
1575 743 1669 778 capite
1686 743 1776 770 fuisse

946 785 1114 820 multatum,
1131 787 1209 822 quod
1230 787 1259 813 in
1285 786 1482 822 suspicionem
1510 787 1638 815 venisset
1662 788 1775 815 Faustae

945 838 1075 858 noverca:
1122 831 1311 858 concubitum
1355 831 1542 859 sollicitasse.
1580 832 1774 864 Quamobrem

946 874 1084 902 Faustam
1102 874 1219 910 quidem
1244 874 1346 902 balneo
1371 877 1514 902 metuente
1541 876 1697 911 suffocari;
1713 876 1773 903 tilio

946 920 1041 946 autem
1059 918 1159 954 Crispo
1175 921 1264 954 caput
1279 919 1391 947 indicta
1406 927 1496 947 causa
1512 921 1658 956 amputari
1671 920 1772 956 jussit.

945 962 1054 990 Helena
1074 971 1141 991 vero
1165 963 1350 991 Constantini
1376 965 1468 992 mater
1493 964 1612 998 juvenis
1638 966 1773 998 mortem,

944 1007 1067 1036 Caesaris
1088 1008 1150 1043 jam
1172 1008 1347 1043 dignitatem
1374 1007 1482 1043 adepti,
1509 1016 1583 1044 aagre
1608 1009 1714 1043 ferens,
1732 1010 1772 1041 nil

946 1052 1025 1079 aliud
1041 1051 1084 1079 vel
1108 1051 1283 1087 loquebatur
1296 1051 1339 1080 vel
1360 1052 1569 1084 meditabatur,
1586 1060 1674 1088 quam
1700 1061 1772 1088 prae-

946 1097 1064 1132 cipitem
1077 1097 1206 1130 juvenis,
1220 1096 1270 1132 qui
1286 1105 1404 1124 causam
1423 1105 1479 1124 non
1495 1097 1618 1124 dixisset
1633 1098 1771 1125 condem-

946 1141 1106 1168 nationem.
1128 1142 1222 1174 Quare
1246 1141 1457 1169 Constantinus
1487 1141 1611 1177 Magnus
1642 1144 1772 1170 statuam

946 1186 1006 1213 ﬁlio
1034 1194 1100 1219 suo,
1125 1185 1295 1221 poenitentia
1325 1188 1423 1213 motus
1449 1186 1551 1218 erexit,
1580 1194 1613 1213 ac
1642 1187 1772 1222 integros

946 1230 1142 1266 quadraginta
1159 1230 1234 1263 dies,
1249 1230 1432 1265 totidemque
1455 1233 1556 1258 noctes
1572 1230 1669 1266 ipsum
1686 1230 1770 1263 luxit,

945 1276 1028 1302 tanta
1051 1274 1139 1301 animi
1169 1275 1351 1310 aegritudine,
1370 1277 1401 1301 ut
1416 1283 1568 1310 nunquam
1592 1274 1636 1302 vel
1660 1274 1772 1302 levaret

946 1327 1067 1354 corpus,
1097 1318 1140 1346 vel
1174 1319 1248 1346 lecto
1283 1318 1477 1346 recumberet.
1508 1319 1639 1346 Statuam
1673 1322 1771 1347 autem

946 1363 1021 1391 bane
1033 1364 1057 1390 ei
1070 1363 1169 1398 posuit
1179 1372 1213 1390 ex
1224 1366 1343 1399 argento
1358 1371 1430 1398 puro
1446 1364 1624 1398 inauratam,
1639 1372 1705 1391 cum
1717 1364 1772 1391 hac

947 1408 1157 1444 inscriptione:
1174 1408 1291 1435 FILIUS
1315 1408 1410 1435 MEUS
1431 1407 1578 1436 INJUSTE
1595 1408 1770 1436 NECATUS.

946 1453 1005 1480 Hac
1038 1452 1128 1488 igitur
1160 1455 1256 1480 erecta
1289 1454 1405 1485 statua,
1439 1452 1642 1487 pcenitentium
1678 1461 1770 1487 more,

945 1505 1065 1532 corpore
1080 1499 1108 1524 et
1124 1496 1218 1532 capite
1242 1496 1393 1529 inclinato,
1409 1496 1528 1524 sceleris
1550 1497 1662 1524 veniam
1679 1506 1696 1524 θ.
1711 1497 1769 1524 Deo

945 1541 1132 1576 efﬂagitabat.
1151 1541 1292 1568 Caeterum
1315 1540 1434 1576 reliquae
1456 1543 1560 1568 statum
1575 1543 1646 1569 sunt
1660 1542 1768 1577 Severi,

946 1585 1100 1619 Harmatii,
1126 1585 1275 1621 Zeuxippi,
1293 1585 1451 1620 Vigilantii,
1477 1585 1527 1621 qui
1552 1585 1698 1620 Viglentia
1721 1595 1769 1613 ex-

945 1630 1062 1665 struxit,
1083 1633 1112 1657 et
1135 1630 1294 1657 Eleutherii
1325 1629 1425 1665 palatii
1455 1632 1575 1657 senatus
1599 1631 1768 1658 conditoria.

68 1676 126 1704 Has
141 1683 242 1704 omnes
258 1677 371 1703 statuas
387 1674 598 1703 Constantinus
613 1676 736 1710 Magnus
751 1675 824 1711 erigi
839 1675 961 1710 curavit,
977 1683 1051 1710 quas
1066 1677 1167 1710 postea
1181 1675 1237 1702 sub
1252 1674 1373 1702 Valente
1388 1674 1485 1702 Ariani
1501 1683 1567 1702 cum
1583 1674 1769 1710 reperissent,

67 1724 146 1749 terra
164 1721 335 1748 obruerunt.

67 1775 128 1805 Πῶς
152 1773 184 1800 οὖ
207 1771 378 1800 δαπανῶνται
403 1771 540 1809 τᾶ-τιιχη
563 1775 615 1807 τῆς
637 1772 756 1806 πόλεως,
771 1773 805 1799 τὰ
819 1772 892 1809 παρὰ

406 1807 553 1843 θαλάσσης.

103 1852 206 1887 κτίζων
245 1851 275 1879 δὶ
315 1852 365 1886 τὴν
402 1851 485 1880 πόλιν
514 1852 527 1879 ὁ
556 1852 643 1890 Μέγας
679 1854 891 1887 Κωνσταντῖνος,

67 1895 145 1928 ὄντος
173 1899 221 1924 τοῦ
246 1894 332 1924 τόπου
360 1894 528 1933 πετρώδους,
556 1896 600 1923 καὶ
634 1895 786 1933 μέλλοντος
810 1896 892 1924 αὐτοῦ

66 1941 172 1977 ἔξισοῦν
200 1941 270 1978 πρὸς
297 1940 328 1967 τὸ
355 1941 454 1975 κτίζειν
470 1940 535 1972 τοὺς
564 1938 702 1977 ἐμϐόλους
724 1940 770 1967 καὶ
787 1940 891 1978 ὲξᾶςρα,

70 1986 219 2017 κόπτοντες
235 1986 260 2012 οἱ
275 1983 395 2020 λιθοξόοι
410 1985 455 2012 καὶ
483 1985 600 2021 λατόμοι
623 1986 672 2016 τὰς
698 1985 816 2024 κορυφὰς
837 1987 890 2012 τῶν

66 2030 360 2069 πετρῶν,κατεκύλιον
384 2029 449 2062 τοὺς
473 2029 568 2062 λίθους
583 2030 646 2061 τοὺς
674 2030 816 2066 κειμένους
841 2029 892 2065 ἔξω

65 2078 120 2104 τῶν
142 2077 244 2113 τειχῶν
271 2074 323 2102 ἀπὸ
343 2078 394 2109 τῆς
418 2072 572 2112 Βαρὸἀρας,
591 2075 674 2112 μέχρι
690 2077 738 2102 τοῦ
753 2073 892 2102 Παλατίου

66 2121 109 2148 καὶ
139 2123 192 2148 τῶν
220 2122 341 2158 Σοφιῶν·
356 2120 400 2146 καὶ
431 2121 485 2146 τῶν
510 2119 693 2157 Ἐλευθερίου,
712 2119 794 2157 μέχρι
821 2129 892 2156 χρυ-

67 2165 125 2196 σίας
140 2175 146 2181 ·
164 2164 208 2192 καὶ
239 2163 338 2196 ἔσωθεν
367 2166 422 2191 τῶν
448 2163 539 2191 αὐτῶν
571 2163 654 2191 λίθων
669 2163 751 2199 ἔπηξε
764 2164 797 2191 τὰ
811 2164 890 2202 τείχη

66 2210 104 2240 εἴς
132 2209 259 2244 διάστιξιλ
287 2210 336 2236 τοῦ
365 2208 476 2246 τείχους
502 2209 546 2235 καὶ
573 2208 652 2243 πῆξιν
697 2207 789 2243 αὐτοῦ,
820 2208 894 2239 ὅπως

66 2254 255 2290 κυμαινομὲνη
285 2254 302 2288 ἡ
335 2252 455 2285 θάλασσα
484 2252 521 2283 εἰς
548 2253 596 2284 τὰς
625 2252 725 2290 πέτρας
757 2245 932 2291 κρούσασαί)

67 2297 198 2336 γαληνιᾷ.

68 2355 216 2394 Ἀρσενίου.
249 2358 372 2393 μοναχοῦ
414 2355 449 2394 τᾷ
487 2355 664 2394 Στρογγύλου
705 2359 755 2394 τῆς
797 2359 893 2394 μονῆς,

105 2391 233 2431 ξιήγησίς
270 2391 339 2431 sic”
357 2393 455 2430 μερική
495 2391 588 2429 οὗπερ
606 2393 624 2427 ἡ
666 2393 735 2428 μονὴ
777 2392 894 2431 πέφυκεν

107 2426 203 2464 ἄντρον
217 2427 235 2461 ἢ
251 2427 344 2465 πέτρα.

107 2476 164 2513 Πρὸ
178 2475 274 2513 ὀλίγου
289 2475 392 2514 χρόνου
407 2474 441 2510 δὴ
467 2475 493 2503 ἦν
517 2478 576 2508 τοῖς
599 2476 740 2504 ἐνεστῶσιν
762 2476 895 2508 ἐνιαυτοῖς

69 2520 165 2558 γέγονε
192 2531 219 2548 τι
248 2520 321 2556 ξενον
348 2519 393 2547 καὶ
420 2519 560 2556 θαύματος
581 2519 653 2556 ἄξιον
668 2531 674 2538 ·
690 2521 736 2548 καὶ
758 2521 808 2559 γὰρ
824 2521 895 2549 ἀπά-

71 2565 165 2602 ραντὲς
193 2575 264 2596 τινες
292 2566 342 2592 τοῦ
369 2563 507 2602 παραλίου
533 2565 633 2603 μέρους
656 2568 705 2593 τοῦ
722 2568 831 2600 Στενοῦ,
851 2566 896 2593 καὶ

70 2608 139 2646 πρός
153 2619 178 2636 τι
195 2607 317 2644 νησίδιον
332 2609 379 2636 τὸν
403 2608 544 2637 ἀπόπλουν
570 2612 712 2642 ποιοῦντες
736 2610 775 2642 εἷς
796 2609 896 2646 ἐξώνη-

71 2664 112 2681 σιν
147 2655 201 2681 τῶν
235 2653 328 2684 αὐτοῖς
361 2651 518 2691 χρειωδῶν,
543 2655 730 2686 καταστάσεως
763 2653 896 2689 εὖδιεινῆς

72 2697 273 2735 τυγχανούσης,
291 2697 336 2725 καὶ
361 2697 435 2735 παρὰ
456 2698 502 2725 τὸν
523 2697 649 2735 αἰγιαλὸν
670 2701 719 2726 τοῦ
733 2701 784 2731 τῆς
802 2699 897 2726 ἀνατο-

73 2741 126 2777 λῆς
153 2743 252 2780 μέρους
273 2742 388 2780 ἡσύχως
413 2741 553 2778 πλέοντες,
583 2744 609 2771 οἳ
638 2743 664 2771 ἐν
692 2745 732 2780 τῷ
759 2743 898 2781 πλοιαρίῳ

73 2787 256 2826 τυγχάνοντες
277 2786 372 2815 ναῦταί
395 2797 425 2815 τε
451 2786 498 2814 καὶ
513 2785 639 2816 ἐπιϐάται
652 2787 755 2824 ἤκουον
778 2791 898 2826 κραυγῆς

1001 1773 1090 1807 Quare
1104 1775 1180 1801 muri
1194 1773 1333 1801 maritimi
1346 1773 1426 1800 urbi:
1439 1781 1493 1800 non
1508 1776 1715 1800 consumantur.

982 1855 1052 1880 Cum
1068 1853 1276 1881 Constantinus
1301 1855 1422 1890 Magnus
1447 1853 1550 1880 urbem
1576 1852 1650 1880 banc
1666 1852 1771 1881 conde-

947 1900 1000 1932 ret,
1013 1901 1040 1925 el
1053 1897 1150 1925 locum
1166 1899 1267 1933 utpote
1278 1905 1427 1932 saxosum,
1439 1898 1474 1925 ad
1491 1897 1623 1933 porticus
1638 1898 1773 1933 atriaque

946 1943 1144 1970 construenda
1169 1941 1357 1978 complanare
1372 1941 1468 1975 vellet,
1485 1941 1616 1977 lapicidas
1641 1950 1674 1970 ac
1699 1941 1773 1969 scal-

947 1989 1046 2024 ptores
1074 1987 1179 2016 excisis
1207 1990 1354 2023 petrarum
1389 1987 1524 2023 apicibus
1551 1987 1664 2023 lapides
1692 1989 1774 2015 extra

948 2040 1049 2060 muros
1078 2033 1210 2068 jacentes
1243 2032 1469 2067 convolvebant,
1501 2041 1518 2059 a
1547 2034 1630 2067 porta
1660 2033 1774 2059 Sanctae

948 2077 1081 2104 Barbare
1106 2077 1140 2104 ad
1168 2076 1307 2112 palatium
1334 2084 1438 2112 usque,
1453 2079 1481 2104 et
1505 2078 1622 2112 portum
1649 2076 1774 2112 Sophia-

948 2129 1030 2166 ηας),
1042 2131 1058 2148 a
1069 2124 1152 2156 portu
1164 2124 1260 2166 autem
1267 2120 1444 2166 rEleutherii,
1457 2121 1492 2148 ad
1506 2123 1619 2157 portam
1633 2122 1754 2166 Auream
1765 2129 1772 2148 :

949 2174 981 2193 ac
1004 2164 1086 2192 intra
1115 2164 1232 2193 eosdem
1267 2165 1381 2201 lapides
1410 2173 1513 2192 murus
1541 2165 1678 2193 conditus
1707 2165 1774 2199 fuit,

949 2219 1007 2246 quo
1032 2210 1168 2237 remotior
1182 2217 1215 2237 ac
1230 2209 1352 2238 solidior
1366 2212 1454 2244 esset,
1471 2213 1503 2238 ut
1526 2210 1668 2245 agitatum
1693 2217 1775 2236 mare

949 2255 1054 2282 iisdem
1078 2254 1226 2290 lapidibus
1251 2254 1376 2287 illisum,
1401 2255 1493 2282 muris
1518 2253 1706 2290 tranquillius
1730 2254 1775 2281 af-

950 2299 1062 2327 ﬂueret.

949 2357 1060 2385 Arsenit
1075 2357 1202 2384 monachi
1214 2357 1375 2384 monasterii
1397 2357 1549 2392 Strongyli',
1567 2356 1680 2392 quodin
1696 2361 1776 2384 antro

1049 2394 1106 2421 sive
1115 2397 1192 2428 petra
1206 2394 1292 2420 situm
1307 2395 1377 2428 erat,
1393 2395 1522 2421 narratio
1535 2392 1672 2428 quaedam.

986 2477 1094 2514 Nuper,
1109 2480 1138 2506 et
1157 2477 1266 2506 recenti
1291 2477 1433 2506 memoria
1456 2485 1563 2506 novum
1579 2477 1730 2514 quidpiam
1747 2479 1776 2505 et

951 2522 1146 2550 admiratione
1171 2523 1294 2558 dignum
1321 2522 1436 2550 accidit.
1453 2522 1576 2556 Quidam
1600 2522 1678 2550 enim
1691 2530 1709 2550 a
1728 2521 1775 2549 lit-

951 2569 1013 2595 tore
1037 2567 1116 2595 Steni
1141 2575 1208 2594 cum
1236 2567 1403 2601 solvissent,
1419 2569 1449 2595 et
1473 2567 1508 2594 ad
1534 2575 1652 2603 parvam
1669 2575 1776 2602 quam-

952 2613 1018 2640 dam
1034 2611 1162 2640 insulam
1178 2612 1214 2640 ad
1230 2612 1397 2640 necessaria
1411 2612 1572 2640 coemenda
1587 2611 1774 2647 navigarent;

953 2657 1023 2684 dum
1039 2656 1198 2692 tranquillo
1215 2656 1289 2684 mari
1308 2656 1449 2684 orientale
1464 2656 1549 2684 littus
1571 2655 1683 2692 placide
1698 2656 1775 2691 lege-

952 2703 1040 2728 rent:
1057 2701 1109 2736 qui
1134 2701 1163 2728 in
1188 2699 1324 2728 navicula
1345 2703 1429 2728 erant
1456 2703 1551 2728 nautis
1575 2702 1775 2734 vectoresque,

952 2753 1051 2774 vocem
1076 2744 1180 2781 aquilae
1197 2752 1372 2781 magnopere
1393 2745 1550 2773 clamantis
1565 2747 1593 2772 et
1608 2745 1638 2772 in
1651 2744 1715 2771 vita
1731 2743 1776 2770 di-

954 2789 1092 2819 scrimine
1117 2789 1245 2826 graviter
1272 2789 1410 2826 lugentis,
1436 2790 1553 2826 Deoque
1577 2787 1776 2824 permittente,
