1932 3050
152 100 228 129 1291

625 98 823 129 APPENDIX
844 99 896 128 AD
919 97 1150 128 MICHAELEM
1173 98 1366 130 PSELLUM.

1789 101 1862 131 im

150 164 220 197 dua,
246 171 321 199 quas
346 163 458 192 dotales
480 167 642 199 acceperat,
668 164 779 191 ratibus
805 162 973 191 Justiniano
989 162 1140 198 ΑῬώμης

1055 162 1140 198 ’ώμης
1166 162 1280 198 ὀνόματι
1311 163 1431 201 Μαρκία·
1459 163 1519 202 εἶχε
1533 162 1562 192 δὶ
1587 164 1686 196 αὐτοὺς
1703 164 1745 196 είς
1761 168 1863 202 προῖκα

149 207 271 244 perinde
288 208 378 236 misit.
396 211 439 235 Eas
454 216 522 235 vero
534 210 633 236 Roma
659 210 802 236 steterant
823 208 852 235 in
869 206 978 243 templo

148 252 236 286 SOiis,
253 253 329 288 quod
348 255 494 279 struxerat
508 253 686 280 Aurelianus
706 253 903 280 Romanorum
920 251 975 279 im-

148 299 276 333 perator,
293 296 343 332 qui
359 304 423 324 sese
440 297 536 324 Persis
552 297 764 332 prodidit.0cto
785 299 881 323 autem
898 295 976 328 illae,

148 341 310 376 stupendae
326 340 423 376 plane,
439 340 546 369 coloris
561 341 683 377 prasini,
709 349 799 369 caesas
822 343 850 368 et
869 340 976 375 politas

147 385 358 414 Constantinus
374 387 477 421 praetor
494 386 609 421 Epheso
630 385 755 413 advexit.
781 385 889 412 Marcia
908 392 974 411 vero

147 429 284 465 superius
300 433 473 463 memorata,
491 430 553 457 haec
574 430 746 466 imperatori
764 429 883 465 scripsit
899 437 904 455 :
921 428 974 456 Co-

145 473 264 501 lumnas
279 473 333 500 tibi
349 475 428 509 paris
444 473 651 510 longitudinis,
682 473 820 509 ponderis
836 475 924 508 atque
937 473 976 500 ln-

143 518 292 551 titudinis,
310 526 362 554 pro
378 518 474 546 salute
490 518 595 546 animas
612 526 680 546 mea:
705 518 799 545 mitto.
817 517 974 546 Columnas

144 571 211 590 vero
226 562 378 598 reliquias,
394 563 502 598 partim
519 563 630 598 Cyzico,
648 563 754 598 partim
768 562 892 594 Troade,
909 570 973 597 par-

143 607 197 635 tim
222 615 256 635 ex
282 607 457 643 Cycladibus
483 607 590 635 insulis
624 607 750 643 praefecti
786 606 973 642 imperatoris

142 651 383 679 transmiserunt.
408 652 535 687 Jamque
559 652 678 679 demum
702 651 835 684 materia,
862 653 973 686 quanta

144 704 219 732 opus
233 698 304 730 erat,
322 704 373 732 per
387 705 480 724 annos
492 698 603 731 septem
616 704 683 723 cum
694 695 816 723 dimidio
833 697 973 730 congesta

143 742 255 769 aderat.

140 821 323 848 Justim‘anus
346 820 396 848 XII
418 820 531 855 imperii
544 820 591 847 sui
613 827 686 847 anno
710 819 794 846 aedem
811 819 984 854 Sophianam
1015 826 1032 846 a
1066 818 1247 846 Constantino
1269 819 1303 847 M.
1325 819 1463 848 conditam
1486 829 1504 848 α

1034 205 1127 241 αὐτῆς,
1157 207 1278 234 Ἵσταντο
1306 205 1334 234 δὶ
1359 207 1398 238 εἷς
1424 209 1534 244 Ῥώμην
1565 209 1604 240 εἷς
1618 210 1665 237 τὸν
1680 209 1748 237 ναὸν
1764 209 1863 238 Ἡλίου

1030 250 1076 278 τὸν
1118 250 1258 278 κτισθέντα
1299 251 1372 288 παρὰ
1412 251 1582 289 Αὒρελιανοῦ
1624 253 1763 290 βασιλέως
1797 255 1861 283 Ῥώς

1034 305 1098 330 μης,
1125 296 1173 322 τοῦ
1202 293 1351 332 προδόντος
1384 296 1464 323 αὐτὸν
1493 296 1618 334 Πέρσαις.
1647 298 1719 329 Τοὺς
1743 297 1774 326 δὲ
1793 299 1863 326 ὀκτὼ

1030 339 1177 376 πρασίνους
1217 339 1309 372 κίονας
1347 339 1411 371 τοὺς
1459 341 1690 378 ἀξιοθαυμάστους
1745 342 1863 379 ἐκόμισε

1031 386 1230 415 Κωνσταντῖνος
1258 385 1407 422 στρατηγὸς
1438 385 1490 412 ἀπὸ
1521 385 1633 425 Ἐφέσου
1659 386 1863 424 λελατομημέ-

1029 438 1093 459 νους
1108 427 1290 466 ἀμφοτέρους.
1306 430 1338 457 Ἠ
1355 428 1384 456 δὶ
1404 431 1593 467 προειρημένη
1619 431 1730 468 Μαρκία
1756 431 1863 470 ἔγραψε

1028 475 1067 508 τῷ
1094 471 1201 510 βασιλεῖ
1216 473 1313 508 οὕτως,
1337 473 1378 501 ὅτι
1396 473 1571 503 Ἀποστέλλω
1586 475 1678 507 κίονας
1693 476 1861 513 ὶσομήκεας,

1031 516 1232 553 ἰσοστάθμους,
1262 518 1306 545 καὶ
1334 517 1522 554 ἴσοπλάτους,
1555 518 1621 557 ὐπὶρ
1648 521 1772 558 ψυχικῆς
1807 532 1861 558 μου

1028 561 1176 599 σωτηρίας.
1202 561 1272 594 Τοὺς
1296 561 1325 589 δὲ
1353 561 1468 590 λοιποὺς
1493 563 1602 599 κίονας,
1631 564 1694 596 τοὺς
1727 566 1775 601 μὲν
1805 566 1860 593 ἀπὸ

1027 606 1157 642 Κυζίκου,
1171 605 1234 637 τοὺς
1260 605 1288 634 δὲ
1312 606 1364 634 ἀπὸ
1389 606 1519 644 Τροάδος,
1542 607 1644 640 ἄλλους
1659 609 1712 637 ἀπὸ
1725 612 1782 637 τῶν
1801 613 1857 639 Κυ-

1026 649 1137 677 κλάδων
1153 651 1254 686 νήσων,
1272 651 1299 678 οἱ
1325 651 1457 689 ἄρχοντες
1481 655 1529 680 τοῦ
1556 653 1690 690 βασιλέως
1708 655 1858 691 ἐκόμισαν.

1028 693 1077 721 Καὶ
1093 695 1190 722 λοιπὸν
1207 695 1284 729 ἱκανὴ
1302 695 1355 730 ὕλη
1372 695 1500 731 ἀπετὲθη.
1517 697 1705 736 Ἀπεσωρεύθη
1724 697 1754 726 δὲ
1784 703 1859 726 πᾶσι

1027 739 1044 773 ἡ
1061 738 1114 774 ὕλη
1132 737 1175 766 διὰ
1191 739 1299 777 χρόνων
1316 741 1383 767 ἑπτὰ
1397 739 1497 777 ἥμισυ.

1527 821 1720 856 fundamenti:
1742 825 1855 857 evertit,

177 861 202 884 et
217 855 307 893 aliam
322 856 749 893 longeamplioremroustruere
764 854 935 893 aggreditur.
945 855 1050 893 _Domo.s
1072 855 1261 893 uicinaspmit
1270 863 1280 885 ,'
1295 859 1321 882 et
1343 857 1467 893 primum
1491 854 1581 884 adem
1604 858 1750 893 cujusdam
1766 854 1856 888 Anna}

178 891 290 920 viduae.-
317 899 368 927 quo
396 892 452 919 loco
479 891 719 927 scevophylacium
748 891 895 925 exstruxit,
934 890 999 918 data
1025 890 1151 924 mulieri,
1182 890 1238 918 loco
1261 890 1404 925 marcetis,
1434 893 1583 927 sepultura
1612 890 1708 922 eodem
1737 896 1770 922 in
1799 897 1856 924 loco

177 927 318 962 [acut/ale.

179 989 355 1017 Duodecimo
375 991 472 1016 autem
484 988 599 1025 imperii
615 997 692 1016 anno
702 988 887 1016 Justinianus
897 990 968 1015 tem-
983 989 1008 1021 B
1058 988 1106 1022 Τῷ
1125 985 1154 1013 δὲ

1058 988 1106 1022 Τῷ
1125 985 1154 1013 δὲ
1169 985 1314 1024 δωδεκάτῳ
1339 987 1393 1015 ἔτει
1410 992 1461 1024 τῆς
1488 989 1626 1027 βασιλείας
1642 990 1855 1026 Ἰουο-τινιοινοῦ,

143 1033 226 1069 plum
242 1034 414 1069 praedictum
432 1042 448 1061 a
466 1033 658 1061 Constantino
683 1033 787 1069 Magno
813 1032 882 1060 olim
899 1041 967 1060 con-

143 1079 288 1106 structum
305 1086 322 1105 a
343 1078 542 1106 fundamentis
566 1077 678 1112 evertit,
704 1078 828 1113 ejusque
851 1077 966 1110 rudera,

143 1130 209 1158 quae
224 1122 260 1149 ob
277 1124 409 1157 paratam
429 1121 578 1157 ingentem
602 1122 729 1149 materiae
755 1121 868 1157 copiam
894 1120 967 1148 nulli

143 1166 210 1194 usui
225 1166 329 1201 forent,
347 1166 469 1194 seorsim
487 1166 627 1202 reposuit.
644 1166 737 1202 Cmpit
753 1165 842 1193 etiam
856 1165 968 1193 vicinas

142 1211 218 1238 edes
234 1218 375 1244 coemere,
392 1219 424 1238 ac
442 1210 535 1246 primo
546 1209 678 1237 mulieris
691 1210 845 1245 cujusdam
862 1210 966 1243 viduae,

141 1255 236 1282 Annae
252 1254 370 1282 nomine
384 1262 390 1281 :
407 1255 591 1282 aestimantur
614 1254 690 1282 aedes
716 1254 809 1289 pretio
824 1254 967 1281 librarum

143 1298 292 1334 octoginta
303 1298 445 1334 quinque.
462 1299 593 1333 Cumque
617 1298 668 1326 illa
692 1298 860 1334 imperatori
878 1298 968 1325 nollet

141 1343 313 1376 vendere,ac
329 1343 439 1371 diceret
455 1351 461 1370 :
478 1343 541 1370 Non
554 1343 578 1370 si
595 1343 813 1378 quinquaginta
824 1342 966 1370 librarum

142 1387 310 1415 centenaria
324 1387 479 1423 preberes,
496 1395 546 1415 eas
570 1387 759 1415 concederem
773 1397 780 1421 ;
796 1386 966 1422 imperator,

143 1431 243 1459 missis
258 1431 451 1467 optimatibus
467 1431 540 1459 bene
553 1431 665 1465 multis,
683 1431 734 1466 qui
750 1431 903 1458 mulierem
919 1431 968 1458 ob-

142 1479 301 1509 secrarent,
317 1484 386 1503 cum
403 1475 477 1503 nihil
493 1476 655 1511 proficeret,
672 1476 735 1512 ipse
755 1476 875 1503 demum
890 1475 968 1503 venit

143 1522 171 1547 et
187 1519 340 1548 mulierem
356 1520 481 1555 supplex
497 1519 619 1556 rogavit,
636 1522 668 1547 ut
683 1520 810 1556 pretium
832 1528 883 1555 pro
899 1519 968 1547 aedi-

142 1564 198 1591 bus
213 1564 367 1600 acciperet.
383 1566 456 1591 Tum
472 1563 532 1599 illa,
549 1566 703 1600 conspecto
729 1564 916 1600 imperatore,
931 1565 967 1592 ad

142 1608 231 1643 pedes
245 1609 310 1644 ejus
326 1608 461 1644 procidit,
477 1608 605 1643 itemque
620 1607 763 1644 supplicis
780 1617 859 1636 more
875 1608 964 1636 dixit:

140 1652 257 1680 Edium
274 1652 399 1706 pretium
416 1652 530 1680 nullum
542 1653 594 1680 abs
606 1654 633 1680 te
645 1652 786 1688 accipiam
799 1660 806 1680 :
823 1661 893 1689 rogo
904 1655 966 1680 tan-
981 1673 1002 1706 C

141 1698 205 1725 tum
221 1699 253 1724 ut
267 1696 381 1732 templi,
398 1697 475 1732 quod
495 1699 643 1725 exstruere
666 1705 751 1733 paras
776 1705 828 1733 ego
849 1705 965 1733 quoque

141 1742 170 1769 in
187 1742 233 1769 die
244 1742 349 1778 judicii
367 1742 528 1770 mercedem
544 1742 699 1778 accipiam,
712 1750 744 1769 ac
760 1745 879 1778 propter
893 1743 969 1770 aedes

142 1794 222 1813 meas
238 1785 374 1822 sepeliar.
391 1786 552 1821 Imperator
566 1794 632 1813 vero
648 1786 802 1814 mulierem
817 1785 878 1813 illic
903 1788 969 1822 post

141 1830 311 1858 absolutum
327 1830 483 1858 mdiﬁcium
506 1830 658 1866 sepultura
669 1831 833 1858 donandum
851 1823 967 1866 pollice-

143 1876 204 1910 tur,
219 1883 253 1902 ac
267 1875 332 1910 ejus
348 1875 533 1908 memoriam,
550 1877 581 1903 ut
596 1883 660 1910 qua
675 1875 826 1910 proprium
843 1875 967 1903 fundum

141 1919 328 1954 concesserit,
346 1921 487 1955 perpetuo
497 1919 770 1947 habendam.Locus
782 1927 847 1947 vero
859 1919 967 1947 aedium

141 1963 205 1998 ejus
220 1966 264 1991 est
279 1965 375 1992 totum
391 1963 655 1999 scevopbylacium.

1022 1031 1068 1057 τὸν
1083 1032 1283 1068 προειρημένον
1299 1033 1375 1067 ναὸν,
1399 1033 1445 1061 τὸν
1471 1034 1544 1072 παρὰ
1565 1037 1614 1062 τοῦ
1629 1035 1762 1072 Μεγάλου
1779 1037 1856 1064 Κων-

1023 1075 1162 1103 σταντίνου
1185 1077 1344 1112 κτισθέντα,
1380 1077 1410 1105 ὲκ
1433 1077 1566 1115 θεμελίων
1591 1080 1768 1118 κατέστρεψε.
1801 1082 1856 1115 Ti,»

1023 1118 1052 1146 δὲ
1077 1119 1146 1155 ὕλην
1176 1120 1258 1148 αὐτοῦ
1275 1119 1353 1152 ἰδίως
1388 1121 1510 1150 ἀπέθετο⁴
1532 1122 1598 1150 οὐδὶ
1620 1125 1671 1162 γὰρ
1688 1125 1787 1162 χρείαν
1805 1126 1856 1153 αὖ·

1021 1167 1071 1198 τῆς
1096 1164 1164 1201 εἶχε¹
1181 1163 1226 1192 διὰ
1239 1165 1350 1200 πολλὴν
1376 1167 1420 1193 ναὶ
1446 1165 1556 1205 ἄπειρον
1583 1167 1652 1203 ὕλην
1679 1169 1855 1206 ἣτοιμοὶσθαι

1022 1208 1139 1246 ’Ἠρξατο
1155 1207 1184 1236 δὲ
1199 1208 1325 1237 ὠνεῖσθαι
1341 1210 1479 1247 οἰκήματα
1500 1214 1554 1239 τῶν
1577 1211 1662 1240 ἐκεῖσε
1687 1212 1855 1241 οἴκοῦντων·

1021 1254 1067 1280 καὶ
1082 1255 1190 1290 πρῶτον
1209 1254 1255 1290 μὶν
1282 1255 1371 1292 χήρας
1399 1255 1472 1288 τινὸς
1494 1256 1622 1293 γυναικὸς
1639 1257 1768 1294 ὀνόματι.
1791 1259 1854 1287 Ἀν-

1022 1307 1080 1332 νηςι
1106 1297 1311 1334 ἀπετιμήθησαν
1340 1300 1495 1336 νομίσματα
1520 1300 1616 1339 λίτρας
1643 1303 1695 1331 m’.
1726 1303 1852 1338 Ἐκείνης

1023 1340 1051 1368 δὶ
1075 1342 1111 1378 μὴ
1141 1342 1316 1380 βουλομένης
1342 1342 1517 1380 διαπωλῆσαι
1543 1348 1582 1381 τῷ
1606 1346 1725 1384 βασιλεῖ,
1743 1345 1853 1385 ἔλεγεν,

1023 1385 1064 1413 δτι
1092 1387 1183 1424 Μέχρι
1210 1387 1330 1424 χρυσίων
1360 1390 1381 1416 ν’
1404 1390 1565 1428 κεντηνάρια
1590 1389 1633 1417 ἐάν
1664 1402 1711 1428 μοι
1744 1390 1848 1429 δώσῃς,

1023 1430 1053 1457 οὗ
1083 1429 1163 1458 δώσω
1191 1434 1284 1461 ταῦτα.
1315 1432 1367 1460 Καὶ
1396 1434 1410 1461 ὁ
1437 1433 1564 1471 βασιλεὺς
1592 1437 1646 1462 τῶν
1678 1437 1852 1474 μεγιστάνων

1023 1475 1104 1502 αὐτοῦ
1134 1474 1258 1507 πολλοὺς
1273 1476 1436 1510 ἀποστείλας
1461 1478 1498 1509 είς
1523 1478 1623 1506 ἱκεσίαν
1647 1483 1697 1514 τῆς
1722 1481 1853 1518 γυναικὸς

1023 1518 1100 1546 οὐδὲν
1128 1517 1204 1554 ἤνυε.
1240 1522 1463 1558 Παραγενόμενος
1492 1522 1580 1550 τοίνυν
1610 1524 1624 1551 ὁ
1654 1517 1787 1561 βασιλεὺς
1814 1525 1852 1556 εἰς

1023 1564 1123 1591 ἱκεσίαν
1151 1568 1200 1599 τῆς
1229 1566 1365 1602 γυναικὸς,
1396 1565 1484 1594 ἐδέετο
1513 1568 1597 1603 αὐτῆς
1624 1569 1687 1606 περὶ
1701 1571 1757 1596 τῶν
1776 1569 1853 1605 οἴχη-

1025 1607 1128 1645 μάτων.
1163 1609 1194 1636 Ἣ
1231 1607 1260 1636 δὲ
1284 1611 1436 1647 θεασαμένη
1469 1611 1515 1639 τὸν
1546 1611 1669 1649 βασιλέα,
1696 1615 1852 1650 προσέπεσε

1022 1655 1080 1683 τοῖς
1109 1652 1188 1680 ποσὶν
1214 1652 1307 1690 αὐτοῦ,
1334 1653 1448 1691 δεομένη
1474 1655 1519 1683 καὶ
1533 1655 1659 1694 λέγουσα,
1685 1656 1727 1684 δυι
1759 1659 1849 1694 Τιμήν

1024 1697 1070 1733 μὶν
1099 1696 1148 1724 οὐκ
1172 1697 1274 1736 ὀφείλω
1290 1696 1383 1726 λαϐεῖν
1413 1699 1451 1731 εἲς
1467 1700 1499 1727 τὰ
1514 1699 1661 1736 nimium-rw
1678 1701 1724 1729 τὸν
1743 1701 1774 1729 δὶ
1787 1703 1849 1730 ναὸν

1023 1741 1051 1768 ὃν
1079 1741 1172 1779 βούλει
1196 1740 1297 1777 κτίσαι,
1314 1743 1442 1780 αἰτοῦμαί
1458 1755 1487 1771 σε
1499 1743 1545 1771 ’ίνα
1569 1742 1626 1782 ἔχω
1640 1745 1715 1783 κάγὼ
1732 1745 1760 1773 ἐν

1024 1795 1057 1823 ρᾳ
1083 1785 1198 1823 κρίσεως
1214 1787 1321 1823 μισθὸν,
1346 1788 1390 1815 καὶ
1410 1788 1487 1826 ταφῶ
1511 1788 1549 1819 εἷς
1574 1789 1608 1816 τὰ
1621 1789 1766 1826 οἰκήματά
1797 1802 1850 1827 μου

1023 1828 1152 1864 πλησίον.
1180 1831 1208 1859 Ὁ
1238 1829 1267 1858 Si
1295 1830 1422 1868 βασιλεὺς
1449 1833 1583 1870 ὑπίσχετο
1613 1834 1698 1868 αὐτὴν
1727 1839 1849 1874 ταφῆναι

1022 1874 1126 1910 ἐκεῖσε,
1157 1875 1224 1911 μετὰ
1252 1875 1283 1903 τὸ
1311 1876 1490 1912 τελειωθῆναι
1518 1878 1563 1905 τὸν
1594 1879 1677 1913 ναὸν,
1708 1880 1747 1910 ὡς
1779 1879 1849 1908 ἴδιον

1021 1923 1114 1956 κτῆμα
1137 1918 1245 1955 δοῦσαν,
1261 1921 1305 1948 καὶ
1323 1921 1540 1958 μνημονεύεσθαι
1556 1922 1698 1958 διηνεκῶς.
1725 1925 1806 1954 Ἐστι
1823 1925 1851 1954 δὲ

1022 1964 1035 1990 ὁ
1050 1963 1133 1995 τόπος
1148 1966 1202 1991 τῶν
1220 1964 1378 2001 οἰκημάτων
1394 1966 1477 2001 αὐτῆς
1491 1967 1524 1994 τὸ
1537 1967 1752 2006 σκευοφυλάκιον
1771 1970 1849 1999 ὅλον.

141 2042 197 2075 Quo
222 2041 280 2082 loco
302 2040 424 2082 primum
449 2039 628 2082 erat‘domus
649 2039 779 2082 Antiochi
806 2040 926 2082 eunuchi
958 2044 985 2068 et
1012 2042 1131 2082 ostiarii,
1154 2050 1230 2070 sacer
1248 2043 1476 2082 puteus,_bema,
1499 2047 1583 2082 atque
1599 2045 1679 2072 umbo
1706 2053 1795 2082 usque
1817 2047 1852 2074 ad

174 2075 306 2118 medium
326 2076 423 2111 templi
450 2077 658 2103 construuntur.
689 2075 798 2110 Quibus
826 2075 933 2103 artibus
963 2077 1072 2111 cogitur
1097 2075 1414 2113 pre/atus'Antiochus
1441 2075 1476 2108 ad
1514 2075 1701 2109 vénditz’onem
1724 2075 1853 2118 propriae

175 2112 281 2139 domus.

173 2177 259 2203 Sacer
274 2177 372 2203 autem
389 2177 505 2211 puteus,
519 2176 551 2202 ut
562 2175 824 2210 vocant,totusque
840 2174 966 2202 bematis

137 2221 227 2255 atque
249 2218 385 2246 umbonis
410 2219 492 2246 locus
518 2226 612 2254 usque
636 2219 671 2246 ad
698 2218 827 2246 medium
851 2218 964 2254 templi,

136 2264 243 2291 domus
258 2266 319 2292 erat
335 2263 470 2291 Antiochi
487 2263 615 2291 eunuchi
631 2266 660 2291 et
685 2263 796 2290 ostiarii
814 2271 820 2290 :
836 2263 963 2291 estima-

136 2310 225 2344 taque
242 2308 297 2336 fuit
311 2308 433 2343 triginta
448 2309 476 2334 et
491 2310 554 2335 octo
579 2307 674 2335 libris.
691 2307 742 2335 Illo
766 2309 864 2335 autem
890 2315 964 2343 aegre

136 2352 246 2380 ferente
262 2361 319 2380 non
331 2353 415 2387 justo
431 2353 523 2387 pretio
540 2352 656 2379 divendi
668 2351 964 2387 domum,imperator

1055 2175 1090 2202 Τὸ
1111 2174 1140 2203 δὲ
1166 2175 1367 2213 ὀνομαζόμενον
1389 2178 1483 2216 ’Ἀγιον
1508 2179 1610 2216 Φρέαρ,
1634 2179 1680 2206 καὶ
1695 2179 1728 2207 τὸ
1754 2186 1849 2212 θυσια-

1020 2220 1132 2256 στήριον
1156 2219 1236 2254 ὅλον,
1260 2221 1303 2248 καὶ
1332 2222 1346 2248 ὁ
1371 2221 1456 2253 τόπος
1480 2225 1528 2250 τοῦ
1552 2220 1690 2260 ἅμϐωνος,
1724 2225 1772 2252 καὶ
1797 2224 1850 2257 ἓως

1018 2267 1068 2298 τῆς
1092 2263 1175 2299 μέσης
1199 2267 1246 2292 τοῦ
1270 2267 1346 2298 ναοῦ,
1373 2265 1496 2304 ὑπῆρχεν
1522 2267 1607 2298 οἶκος.
1635 2268 1788 2306 ’Λντιόχου
1804 2269 1850 2297 εὐ-

1020 2307 1123 2345 νούχου
1152 2309 1197 2336 καὶ
1226 2309 1376 2347 ὀστιαρίου·
1406 2311 1449 2337 καὶ
1480 2311 1637 2347 ἀπετιμήθη
1664 2311 1766 2349 λίτρας
1793 2314 1848 2348 λη’.

1017 2354 1069 2379 Τοῦ
1099 2351 1127 2380 δὲ
1155 2351 1379 2390 δυσχεραίνοντος
1406 2357 1453 2382 τοῦ
1484 2355 1522 2392 μὴ
1552 2355 1650 2393 πράσαι
1686 2356 1775 2391 ἀξίως
1803 2359 1851 2385 τὸν

136 2397 212 2433 ωιιυὶ
228 2405 332 2425 amans
344 2399 372 2424 et
387 2398 422 2424 ab
437 2396 547 2432 injuria
562 2396 714 2424 inferenda
729 2396 854 2429 alienus,
870 2396 963 2424 incer-
980 2395 1001 2428 Ι)
1017 2395 1086 2424 ἷ¹διον
1116 2397 1166 2424 οἶκ(

1058 2407 1086 2424 ον
1116 2397 1190 2424 οἶκον
1211 2400 1250 2434 τῷ
1278 2398 1398 2436 βασιλεῖ,
1414 2398 1588 2438 φιλοδίκαιος
1616 2399 1652 2427 ὣν
1669 2401 1683 2428 ὁ
1702 2401 1849 2438 βασιλεὺς,

135 2443 185 2469 tus
201 2442 315 2469 consilii
331 2442 402 2477 quid
419 2441 549 2469 facturus
570 2443 647 2469 esset
659 2441 812 2476 ignorabat
828 2450 834 2468 :
849 2441 956 2469 Strate-

136 2486 205 2521 gius
218 2494 287 2514 vero
304 2486 456 2521 magister,
478 2485 659 2521 imperatorii
684 2485 778 2513 aerarii
806 2485 961 2521 praefectus

134 2530 289 2566 ipsiusque
312 2530 500 2565 imperatoris
525 2530 616 2558 frater
641 2529 817 2565 spiritualis,
845 2538 904 2557 rem
929 2538 960 2557 se

133 2577 195 2602 arte
239 2575 338 2610 aliqua
380 2574 549 2602 effecturum
587 2574 757 2610 imperatori
794 2574 957 2610 pollicetur.

134 2618 279 2648 Ostiarius
308 2619 371 2654 jam
405 2622 585 2647 memoratus
625 2619 786 2647 Antiochus
820 2619 958 2647 ludorum

133 2664 311 2692 circensium
328 2663 552 2691 amantissimus
567 2665 720 2692 erat.Cum
738 2664 837 2699 itaque
849 2663 957 2691 circen-

132 2717 180 2737 ses
195 2708 257 2736 ludi
270 2707 615 2744 imminerent,magistor
626 2709 789 2744 Strategius
805 2707 958 2735 osliarium

132 2752 264 2781 detrudit
278 2752 308 2780 in
322 2759 477 2780 carcerem.
495 2751 561 2788 Ipso
586 2754 686 2781 autem
700 2752 838 2780 ludorum
854 2752 957 2780 dieille

1016 2441 1115 2477 καὶμὴ
1142 2440 1228 2469 θέλων
1252 2442 1333 2470 αὐτὸν
1358 2442 1498 2479 ἀδικῆσαι¹
1519 2444 1621 2481 ἠθύμει
1651 2444 1806 2482 ἀδημονῶν
1822 2448 1848 2474 τί

1015 2485 1135 2521 πράξοι.
1175 2487 1346 2524 Στρατήγιος
1385 2488 1534 2526 μάγιστρος
1562 2487 1600 2516 ὣν
1624 2491 1672 2516 τοῦ
1705 2490 1849 2527 βασιλέως

1014 2528 1243 2568 ἀδελφοποιητὸς,
1260 2530 1304 2558 καὶ
1320 2530 1406 2570 φύλαξ
1430 2532 1482 2567 ξῶν
1504 2532 1654 2570 βασιλικῶν
1672 2534 1846 2571 χρημάτων,

1016 2574 1174 2611 ὑπισχνεῖτο
1190 2577 1228 2610 τῷ
1245 2575 1354 2612 βασιλεῖ
1375 2578 1424 2603 τοῦ
1441 2575 1578 2612 διοικῆσαι
1600 2579 1681 2605 τοῦτο
1699 2577 1745 2605 διά
1772 2589 1849 2610 τινος

1015 2622 1154 2656 μηχανῆς.
1179 2619 1211 2647 Ὁ
1236 2618 1264 2646 δὲ
1289 2620 1381 2658 ῥηθεὶς
1397 2621 1540 2659 Ἀντίοχος
1566 2622 1717 2659 ὅστιάριος,
1744 2622 1847 2661 φιλιπ-

1012 2661 1154 2700 πόδρομος
1170 2663 1218 2699 ὢν,
1244 2664 1358 2692 ἱππικοῦ
1384 2665 1530 2703 ἀγαμένου,
1547 2666 1562 2693 ὁ
1580 2667 1732 2704 μάγιστρος
1755 2671 1846 2706 Στρα-

1011 2708 1106 2743 τήγιος
1131 2709 1266 2745 καθεῖρξεν
1282 2708 1361 2736 αὐτὸν
1391 2709 1418 2737 ιν
1446 2712 1480 2746 τῇ
1503 2713 1620 2748 φρουρᾷ.
1635 2711 1677 2748 Τῇ
1691 2709 1722 2738 δὲ
1751 2712 1845 2750 ἡμέρᾳ

1010 2753 1059 2779 τοῦ
1073 2752 1188 2780 ἱππικοῦ
1211 2751 1313 2790 ἤρξατο
1329 2754 1393 2791 βοᾷν
1418 2753 1448 2782 ἐκ
1468 2755 1518 2790 τῆς
1540 2754 1662 2794 εΐρκτῆς.
1691 2757 1841 2794 Θεάσωμιι
