1932 3050
48 114 130 144 1293

615 110 796 144 ANONYMI
819 111 1110 148 ANTIQUI'I'ATES
1133 116 1193 146 GP.

1681 119 1758 150 1294

44 180 79 208 τὸ
128 179 337 218 Ἰπποδρόμιον,
374 180 418 207 καὶ
452 179 485 207 τὸ
530 178 639 216 θελημὰ
663 181 712 206 τοῦ
742 179 803 217 βασι

995 181 1071 209 ando
1104 182 1229 211 clamare
1263 185 1350 220 erepit
1383 193 1418 212 ex
1442 193 1569 222 carcere,
1599 186 1754 215 Circenses

45 226 170 261 ποιήσω.
186 225 307 262 ’Ήγαγον
338 223 366 252 δὲ
382 223 461 252 αὐτὸν
477 224 502 251 ἐν
524 226 564 260 τῷ
590 223 705 261 στάματι
733 226 782 251 τοῦ
806 229 873 255 καθ-

48 268 173 305 ῐσμοιτος,
200 269 226 296 ἐν
256 269 280 305 ᾧ
304 268 444 303 ἐκαθέζετο
468 269 482 296 ὁ
509 268 635 306 βασιλεὺς
664 268 691 296 ἐν
723 271 872 304 τῷῚππο-

47 312 169 352 δρομίῳ,
198 314 243 340 καὶ
272 313 357 341 ἐκεῖσε
371 312 482 348 ἐποίησε
505 314 555 348 τήν
582 312 735 350 διάπρασιν,
753 313 874 351 ὑπογρά-

45 360 148 395 ψαντος
178 357 264 385 ἆκεῖσι
290 360 339 385 τοῦ
372 357 546 395 κοιαίστορος
572 357 616 386 καὶ
645 361 696 393 τῆς
720 358 874 396 συγκλήτου

46 403 150 438 πάσης,
176 403 229 440 πρὸ
260 405 309 430 τοῦ
338 403 401 433 τοὺς
423 402 525 434 ἵππους
553 403 700 440 γυμνάσαι.
727 403 818 434 Time:
846 402 875 430 δὲ

44 449 80 482 ἦν
111 447 142 475 ἐκ
172 446 301 481 παλαιοῦ,
331 448 414 482 ἡνίκα
443 448 580 485 ἀνήρχετο
609 448 622 474 ὁ
651 447 777 485 βασιλεὺς
794 447 819 474 ἐν
834 449 874 483 τῷ

44 492 204 529 καθίσματι,
227 491 361 530 παρευθὺς
387 491 498 530 ξτρεχον
527 492 552 519 οἱ
567 492 758 529 ἡνιοχιυτικοὶ
780 491 873 518 ἵπποι·

45 536 91 564 διὸ
112 536 141 564 δὲ
153 536 277 575 ἤργησαν
308 537 346 567 εἰς
373 537 422 571 τὴν
453 539 552 572 πρᾶσιν
580 538 635 564 τῶν
652 536 811 572 οἰκημάτων
827 537 874 563 τοῦ

45 580 194 619 εὐνούχου,
223 582 311 620 ἀργῶς
327 580 483 619 ἐξάρχοντας
502 581 536 608 τὰ
562 580 742 618 ἡνιοχευτικὲι
767 578 875 618 ἅρματα

44 628 102 653 τῶν
115 625 208 654 ’ίππων
214 648 220 655 .

929 227 1069 261 spectem,
1086 228 1114 254 et
1128 235 1180 263 pro
1195 227 1383 264 imperatoris
1397 229 1490 258 lubito
1506 230 1621 258 faciam.
1641 233 1752 260 Ductus

929 269 1027 305 itaque
1042 271 1076 298 ad
1092 271 1222 300 tribunal
1239 273 1428 309 Hippodromi
1445 283 1503 310 quo
1516 275 1578 303 loco
1593 276 1753 312 imperator

929 315 1134 347 sedebat,suas
1149 316 1209 345 illic
1224 318 1300 345 aedes
1314 318 1749 352 divendidit,subscribentibus

929 361 1073 394 quaestore
1088 369 1121 388 ac
1136 364 1240 390 senatu
1258 363 1404 391 universo.
1422 363 1511 399 quue
1528 365 1637 392 factum
1655 365 1750 401 prius-

930 411 1017 439 quam
1034 405 1101 441 equi
1119 406 1308 442 agitarentur.
1333 408 1365 435 In
1390 416 1470 436 more
1486 411 1583 436 autem
1600 409 1656 437 fuit
1670 410 1751 442 olim,

931 451 962 476 ut
978 449 1076 477 statim
1092 452 1179 486 atque
1194 451 1356 487 imperator
1370 453 1405 480 ad
1426 453 1555 481 tribunal
1571 454 1752 487 ascenderat.

930 493 1036 528 aurigas
1061 502 1205 529 equorum
1236 504 1356 524 cursum
1388 497 1560 533 inciperent.
1593 498 1666 530 Quia
1688 507 1756 526 vero

931 539 1004 572 tum,
1022 540 1054 565 ut
1079 539 1208 567 eunuchi
1233 541 1310 568 aedes
1332 542 1581 577 venundarentur,
1606 545 1756 570 cessatum

931 584 985 615 est,
1001 581 1070 610 hinc
1085 584 1268 612 consuetudo
1293 585 1422 613 obtinuit
1433 588 1466 613 ut
1488 586 1518 613 in
1540 586 1619 614 ludis
1643 586 1756 615 circen-

931 625 1024 660 sibus,
1041 628 1168 662 egressis
1183 628 1279 663 equis,
1295 637 1400 657 currus
1414 629 1568 665 paululum
1584 639 1671 660 more:
1682 631 1757 660 face-

932 672 1007 698 rent.

45 737 118 764 Pars
133 735 249 764 dextera
263 734 473 770 gynaeconitidis
487 742 575 770 usque
587 733 622 762 ad
636 734 794 761 columnam
808 733 836 761 S.
859 733 968 771 Basilii,
995 741 1101 771 necum!
1121 742 1187 769 pars
1212 735 1312 770 templi
1335 736 1471 771 quxdam,
1497 736 1592 765 domus
1606 740 1664 765 erat
1681 738 1754 767 Cha-

82 772 184 800 rilonis
205 769 324 811 cun‘uctti
346 771 484 798 :sinistra
505 769 572 811 pero
595 778 771 811 paratisque
793 771 828 797 ad
849 770 1006 811 columnam
1029 769 1066 811 δε.
1083 769 1218 811 Gregorii
1233 769 1439 811 'I'haumaturgi,
1463 773 1563 811 demus
1585 778 1650 801 erat
1669 775 1754 802 Xena-

81 807 194 843 phontis
215 807 361 842 cujusdam
381 808 444 834 arte
466 807 569 834 sutoris
594 814 601 834 ε

627 806 677 846 qui
701 804 854 846 inferorum
878 806 1010 846 princeps
1037 804 1179 846 dicebatur
1202 806 1267 834 dum
1288 807 1322 846 ab
1336 804 1443 846 euripis
1457 809 1621 836 adorarctur
1635 810 1664 837 in
1688 811 1757 846 Hip-

82 841 224 883 podrorpo.
242 843 344 878 Templi
357 851 436 876 area,
451 844 572 878 quatuor
586 842 738 877 nartheccs,
752 841 946 877 baptisterium
961 848 993 868 ac
1008 841 1114 876 reliqua
1138 842 1333 879 circumposita
1348 841 1418 872 mdes
1441 849 1522 872 erant
1545 846 1676 874 Damiam'
1697 841 1753 883 pa-

82 880 159 908 tricii
168 879 311 907 Seleuciw.

82 937 124 965 Τὸ
153 936 182 964 δὶ
210 935 295 972 δεξιὸν
311 936 393 974 μέρος
406 935 470 963 ὅλον
486 937 534 962 τοῦ
545 934 740 972 γυναικωνίτου
754 933 806 966 ἕως
819 945 845 961 τ(

991 937 1081 962 extera
1096 943 1164 971 pars
1180 936 1400 972 gynaeconitidis
1413 939 1473 966 tota
1489 946 1584 974 usque
1595 939 1630 966 ad
1643 939 1754 968 colum-

43 981 140 1012 κίονος
162 979 211 1008 τοῦ
239 980 316 1018 ἁγίου
341 979 498 1014 Βασιλείου,
524 979 569 1007 καὶ
585 979 615 1007 ix
628 981 677 1007 τοῦ
702 981 767 1006 ναοῦ
793 979 875 1016 μέρος

46 1036 85 1060 τι,
115 1026 241 1063 ὑπῆρχον
267 1024 404 1061 οἰκήματα
431 1024 582 1060 Χαρίτωνος
604 1023 736 1061 εὐνούχου
751 1026 799 1050 τοῦ
815 1023 874 1050 tiri-

43 1069 118 1106 κλην
150 1068 340 1104 Χηνοπώλου,
367 1068 384 1096 ἃ
405 1069 450 1096 καὶ
478 1068 651 1104 ἑξωνήθησαν
683 1069 740 1105 μετ’
763 1068 874 1106 εὔχαρι-

44 1114 133 1146 στίας.
169 1114 207 1142 Τὸ
243 1112 272 1141 δὲ
311 1114 450 1152 ἀριστερὸν
488 1114 570 1152 μέρος
597 1115 646 1141 τοῦ
676 1113 874 1150 γυναικωνίτου

41 1157 97 1191 ἳως
136 1161 184 1187 τοῦ
211 1158 302 1190 κίονος
331 1161 379 1186 τοῦ
408 1157 485 1196 ἁγίου
515 1157 668 1196 Γρηγορίου
692 1159 740 1185 τοῦ
769 1161 876 1193 Θαυμα-

43 1205 175 1243 τουργοῦ,
211 1204 338 1240 ὑπῆρχον
369 1202 507 1240 οἰκήματα
534 1202 713 1240 Ξενοφῶντός
741 1212 813 1233 τινος
839 1204 873 1239 τῇ

43 1250 132 1287 τέχνῃ
171 1247 400 1287 βασιλισκαρίου·
441 1248 471 1278 ὃς
507 1246 594 1275 θέλων
631 1246 814 1282 ἇξωνήσασθαι
841 1247 875 1274 τὰ

45 1293 188 1330 οῗκήματα
215 1292 316 1327 αὐτοῦ,
341 1292 463 1329 ᾐτήσατο
489 1293 534 1320 τὸν
566 1290 690 1330 βασιλέα,
721 1292 759 1327 μή
790 1291 873 1328 μόνον

43 1338 158 1375 τίμημα
193 1336 306 1365 διπλοῦν
344 1334 438 1364 λαϐεῖν
477 1336 515 1368 εἷς
551 1335 599 1367 τὰς
637 1335 737 1371 σκηνὰς
780 1335 872 1363 αὐτοῦ·

45 1382 113 1410 ἀλλ’
138 1381 184 1410 ’ἶνα
212 1382 316 1418 ποιήσῃ
343 1382 437 1408 τοῦτον
465 1379 492 1408 ἐν
516 1382 556 1416 τῷ
572 1380 700 1417 ἀγομένῳ
715 1380 830 1416 ἱππικῳ,
847 1379 874 1407 ἐν

45 1428 65 1463 ᾖ
96 1426 287 1460 ἐπιτελεῖται,
324 1425 453 1461 τιμᾶσθαι
489 1424 534 1452 καὶ
567 1427 772 1462 προσκυνεῖσθαι
801 1424 875 1461 παρὰ

46 1474 102 1500 τῶν
132 1471 271 1508 τεσσάρων
301 1469 436 1507 ἡνιόχων.
466 1471 518 1496 Τοῦ
547 1467 576 1496 δὲ
606 1468 739 1506 βασιλέως
754 1468 874 1506 προστά-

46 1518 128 1553 ξαντο
155 1518 247 1548 τοῦτο,
271 1515 339 1553 πρὸς
362 1514 470 1552 γέλωτα
498 1513 645 1548 πεποίηκεν
674 1513 713 1544 εἷς
736 1514 768 1541 τὸ
784 1512 873 1549 διηνῑ-

45 1561 104 1596 κὶς,
132 1559 178 1588 ’ἱνα
205 1560 318 1596 τυπωθῇ
348 1559 387 1590 εἷς
415 1559 460 1585 τὸν
491 1557 531 1585 ἀεὶ
548 1558 660 1595 χρόνον,
691 1557 717 1585 ἐν
732 1560 766 1595 τῇ
783 1557 874 1596 ἡμέρᾳ

45 1607 96 1633 τοῦ
133 1604 267 1642 ἀγομένου
302 1604 416 1630 ἱππικοῦ
453 1601 610 1636 καθέζεσθαι
636 1603 732 1629 τοῦτον
760 1601 786 1629 ἐν
815 1604 873 1633 τοῖς

45 1648 216 1688 καγκὲλλοις
246 1649 343 1685 μέσον,
371 1647 416 1674 καὶ
445 1646 479 1674 τὸ.
507 1647 617 1678 ὀπίσθια
643 1645 725 1674 αὐτοῦ
753 1656 871 1684 προσκυ-

46 1694 152 1721 νεῖσθαι
179 1693 251 1730 παρὰ
279 1694 333 1719 τῶν
360 1691 484 1729 ἡνιόχων
514 1691 583 1729 πρὸς
605 1690 723 1728 γέλωτα,
752 1691 805 1727 πρὸ
825 1692 873 1718 τοῦ

48 1735 183 1773 ἀναϐῆναι
221 1736 319 1767 αὐτοὺς
357 1735 402 1764 ἰπὶ
439 1737 493 1763 τῶν
531 1736 672 1773 ἁρμάτων.
712 1735 764 1763 Καὶ
792 1737 872 1762 τοῦτο

49 1782 178 1820 διήρκεσε
193 1783 277 1818 μέχρι
291 1783 341 1815 τῆς
358 1781 489 1818 σήμερον.
504 1781 554 1810 ’Ὀς
568 1778 691 1807 καλεῖται
712 1778 805 1816 ἅρχων
820 1781 874 1806 τῶν

47 1825 251 1864 καταχθονίωυ*
278 1824 454 1863 ἀμφιᾶννυται
480 1823 509 1851 δὲ
533 1823 665 1862 χλαμύδα
681 1823 781 1858 λευκὴν
808 1824 875 1860 μετά

52 1871 154 1910 βύσσου
169 1869 372 1908 ἠμφιισμίνην.
387 1869 423 1896 Τὸ
439 1867 467 1896 δὲ
482 1867 608 1896 ἰπίπιδον
622 1869 670 1896 τοῦ
692 1870 754 1895 ναοῦ
777 1867 822 1895 καὶ
847 1868 874 1895 οἱ

49 1917 178 1953 τεσσαρες
189 1914 333 1951 νάρθηκις,
348 1913 394 1941 καὶ
417 1914 430 1940 ὁ
447 1913 561 1951 λουτὴρ,
576 1912 621 1940 καὶ
633 1912 668 1940 τὰ
682 1912 758 1949 περὶξ
774 1911 873 1946 αὐτῶν,

930 987 1000 1007 nam
1015 980 1109 1007 sancti
1124 980 1235 1014 Basilii,
1251 989 1364 1009 necnon
1390 990 1458 1017 pars
1483 983 1585 1018 templi
1607 984 1754 1019 quedam,

929 1025 1006 1052 mdes
1021 1027 1105 1052 erant
1116 1025 1282 1053 Charitonis
1297 1027 1436 1059 eunuchi,
1461 1028 1634 1063 cognomine
1645 1029 1755 1057 Cheno-

929 1068 999 1104 poli,
1016 1077 1080 1105 quze
1096 1070 1172 1098 bona
1187 1078 1254 1098 cum
1276 1071 1370 1106 gratia
1394 1071 1516 1099 venditas
1533 1075 1613 1100 sunt.
1630 1072 1756 1102 Sinistra

928 1121 995 1141 vero
1007 1122 1075 1149 pars
1086 1114 1319 1150 gynaaconitidis,
1329 1123 1422 1151 usque
1433 1116 1468 1143 ad
1480 1116 1649 1144 columnam
1660 1118 1755 1145 sancti

929 1157 1058 1193 Gregorii
1084 1158 1308 1194 Thaumaturgi,
1335 1160 1412 1188 aedes
1443 1162 1526 1188 erant
1550 1160 1753 1198 Xenophontis

929 1202 1082 1237 cujusdam
1099 1205 1162 1230 arte
1177 1203 1295 1231 sutoris.
1313 1205 1340 1231 Is
1355 1213 1419 1232 cum
1436 1205 1512 1233 aedes
1523 1213 1628 1234 venum
1643 1209 1754 1241 prosta-

928 1249 1002 1281 rent,
1020 1246 1056 1274 ab
1072 1246 1249 1283 imperatore
1264 1256 1320 1276 non
1337 1249 1445 1284 duplex
1460 1250 1548 1277 modo
1564 1251 1689 1286 pretium
1701 1259 1753 1287 pro

927 1290 977 1317 vili
993 1298 1061 1319 casa
1085 1291 1253 1327 postulavit,
1269 1293 1318 1320 sed
1345 1293 1435 1321 etiam
1458 1294 1570 1330 rogavit
1584 1297 1616 1322 ut
1631 1295 1680 1322 die
1694 1295 1751 1322 cir-

929 1335 1060 1362 censium
1077 1337 1201 1370 quatuor
1220 1336 1379 1364 factionum
1406 1338 1512 1374 auriga:
1529 1346 1560 1366 se
1575 1339 1753 1368 honorarent

928 1382 956 1407 et
971 1382 1189 1408 venerarentur.
1205 1381 1285 1412 Quod
1302 1389 1368 1409 cum
1385 1381 1544 1417 imperator
1569 1384 1700 1419 praestari
1715 1385 1752 1411 ad

928 1424 1021 1451 risum
1047 1425 1244 1460 spectantium
1265 1425 1414 1461 jussisset,
1439 1427 1566 1455 decrevit
1599 1428 1687 1456 etiam
1723 1430 1754 1456 ut

928 1469 958 1495 in
983 1471 1157 1504 perpetuum
1180 1469 1361 1497 circensibus
1387 1470 1465 1498 ludis
1496 1471 1521 1498 is
1543 1471 1572 1499 in
1612 1472 1753 1500 cancellis

929 1513 1043 1540 medius
1060 1513 1183 1548 sederet,
1200 1514 1323 1549 ejusque
1338 1516 1420 1550 terga
1429 1515 1465 1542 ab
1473 1515 1584 1551 aurigis
1593 1518 1751 1552 antequam

928 1565 1033 1585 currus
1048 1559 1277 1586 conscenderent
1292 1559 1326 1585 ad
1345 1559 1439 1586 risum
1464 1562 1492 1587 et
1507 1560 1669 1588 ludibrium
1683 1562 1753 1589 ado-

928 1604 1081 1630 rarentur:
1099 1603 1177 1638 quod
1202 1603 1237 1630 ad
1264 1602 1343 1631 hunc
1364 1612 1459 1640 usque
1484 1604 1561 1632 diem
1586 1605 1752 1633 factitatum

928 1649 983 1674 est.
1000 1646 1050 1674 Ille
1065 1655 1132 1674 vero
1147 1649 1266 1675 vocatur
1280 1647 1441 1675 inferorum
1457 1649 1604 1684 princeps.
1617 1649 1753 1677 Induitur

928 1693 1025 1719 autem
1053 1691 1206 1727 chlamyde
1232 1692 1358 1719 candida
1382 1692 1470 1728 bysso
1494 1693 1614 1722 intexta.
1640 1693 1752 1729 Templi

929 1744 996 1763 vero
1020 1744 1097 1770 area,
1122 1738 1152 1763 et
1171 1739 1296 1771 quatuor
1318 1736 1470 1764 nartheces
1493 1744 1544 1765 seu
1570 1738 1700 1773 porticus
1717 1746 1750 1766 ac

928 1780 1136 1816 baptisterium
1164 1783 1192 1808 et
1225 1789 1288 1816 qua:
1321 1781 1530 1816 circumposita
1561 1784 1641 1815 sunt,
1676 1783 1753 1810 sides

929 1826 1013 1852 erant
1028 1824 1161 1851 Dumiani
1183 1825 1296 1860 patricii
1321 1825 1471 1860 Seleucia,
1497 1833 1570 1860 quas
1593 1826 1752 1862 nonaginta

929 1868 1013 1897 libris
1037 1869 1196 1897 aestimatas
1227 1869 1338 1905 ingenti
1365 1870 1472 1905 gaudio
1501 1870 1669 1906 imperatori
1694 1872 1754 1899 tra-

931 1912 1015 1941 didit.

51 1961 179 1998 ὑπῆρχον
196 1959 333 1996 οἰκήματα
348 1960 486 1995 Δαμιανοῦ
501 1957 644 1995 πατρικίου
660 1955 816 1988 Σελευκίας·
833 1957 901 1994 ἅπερ
917 1956 1074 1993 ἀπετιμήθη
1092 1955 1186 1993 λίτρας
1199 1956 1233 1995 ιί,
1249 1957 1294 1984 καὶ
1312 1957 1379 1994 μετὰ
1399 1956 1510 1992 πολλῆς
1533 1957 1696 1996 περιχαρίας
1716 1957 1755 1985 δι.

52 2003 124 2032 δωκε
137 2005 220 2031 ταῦτα
233 2002 274 2038 τῷ
290 2000 406 2040 βασιλεῖ.

51 2077 140 2106 Trulli
155 2075 345 2110 fundamenta
358 2082 443 2110 supra
470 2078 577 2110 petram
592 2073 777 2110 Stephancam
788 2073 944 2110 jaciuntur.
962 2072 1113 2108 Eulychius
1126 2073 1286 2108 patriarcha
1300 2082 1350 2108 pro
1377 2074 1499 2102 ecclesiae
1513 2075 1652 2101 structura
1666 2082 1759 2109 preces

85 2112 190 2151 fundit.
206 2111 368 2151 Oratorium
381 2109 530 2138 rotundum
543 2117 628 2151 prope
642 2109 819 2151 horologium
832 2109 933 2151 Joanni
947 2109 1079 2151 Baptista
1092 2117 1212 2151 sacrum,
1228 2117 1332 2151 nech
1354 2111 1476 2144 porlicus
1499 2118 1517 2137 a
1539 2118 1640 2151 magno
1653 2110 1760 2151 palatio

88 2145 124 2175 ad
138 2147 224 2176 aedem
248 2146 417 2182 Saplu'anam
441 2153 525 2181 usque
544 2146 728 2182 pertingenle:
751 2147 942 2172 exstruuntur.
967 2145 1097 2180 Magistri
1117 2145 1262 2172 architecti
1287 2151 1406 2178 centum,
1429 2154 1518 2181 opere
1541 2145 1631 2174 decem
1657 2146 1759 2173 millia.

90 2184 260 2213 Cmentum
274 2185 306 2210 ut
320 2182 474 2210 subactum.

88 2242 120 2270 '0
145 2240 173 2268 δὲ
201 2239 328 2278 βασιλεὺς
354 2239 541 2269 Ἰουστινιανὸς
567 2238 613 2265 τὸν
642 2237 726 2265 τόπον
756 2247 851 2273 καταμι

998 2245 1074 2266 tcum
1107 2237 1260 2265 dimensus
1291 2238 1450 2274 imperator
1471 2239 1669 2273 Justinianus,
1695 2246 1761 2266 cum

52 2286 167 2324 τρήσας,
200 2285 246 2312 καὶ
280 2284 364 2322 εὐρὼν
396 2282 540 2321 στεφανίαν
568 2283 667 2321 πὲτραν
698 2282 751 2310 ἀπό
777 2293 805 2309 τε
831 2284 880 2309 τοῦ

55 2329 249 2366 θυσιαστηρίου
273 2328 318 2356 καί
347 2329 430 2366 μέχρι
458 2332 508 2363 τῆς
537 2327 612 2355 κάτω
641 2326 756 2364 ἀψίδος,
787 2326 881 2362 ἰθιμε-

55 2373 154 2401 λίωσιν
177 2373 260 2407 αὐτὴν
287 2372 407 2410 γύρωθεν
422 2373 456 2400 τὰ
477 2372 562 2410 βάθρα
575 2373 623 2399 τοῦ
640 2370 762 2408 μεγάλου
776 2369 881 2408 Τρούλ-

55 2417 117 2446 λου.
134 2417 204 2445 Ἀπὸ
219 2415 248 2444 δὲ
265 2419 319 2444 τῶν
342 2416 448 2454 ἀψίδων
475 2417 558 2454 μιχρι
582 2417 630 2442 τοῦ
659 2415 793 2450 ἐξωτάτου
817 2415 881 2451 νάρ-

55 2468 151 2498 θηκος,
177 2462 215 2492 εἰς
230 2462 275 2489 τὸν
290 2463 391 2499 χαῦνον
413 2461 457 2488 καὶ
482 2459 594 2495 ἀλσώδη
625 2460 709 2488 κόπον
735 2459 882 2495 ἐθεμελίω-

55 2516 112 2534 cev.
144 2505 308 2544 ’Δρξάμινος
332 2504 361 2533 Si
381 2505 414 2533 τὰ
435 2504 548 2542 θεμέλια
573 2504 684 2540 κτίζειν,
713 2503 879 2540 προσεκαλέ-

56 2561 120 2578 σατο
137 2551 274 2588 Εὐτύχιον
289 2549 474 2588 πατριάρχην,
499 2549 543 2576 καὶ
573 2549 698 2584 ἐποίησεν
721 2548 806 2586 εὐχὴν
819 2547 881 2585 περὶ

56 2594 209 2627 συστάσεως
232 2598 282 2629 τῆς
307 2593 465 2629 ἐκκλησίας.
496 2593 564 2622 Τότε
580 2593 593 2620 ὁ
611 2591 737 2630 βασιλεὺς
768 2593 881 2619 Ἰουστι-

55 2640 147 2672 νιανὸς
171 2640 259 2676 κύψας
273 2639 319 2667 καὶ
348 2638 462 2669 οἰκείαις
492 2637 585 2675 χερσὶν
600 2634 727 2664 ἄσϐεστον
746 2635 812 2673 μετᾶ
834 2637 883 2662 τοῦ

57 2685 215 2721 ὀστράκου,
254 2684 423 2722 εὐχαριστῶν
452 2685 492 2718 τῷ
526 2684 609 2718 Θεῷ,
647 2679 741 2709 ἔϐαλεν
776 2681 819 2708 ἰπὶ
851 2682 882 2709 τὸ

57 2729 184 2765 θεμέλιον
213 2729 267 2766 πρὸ
296 2729 423 2756 πάντων·
454 2727 511 2765 Πρὸ
536 2729 585 2754 τοῦ
614 2725 643 2754 δὶ
668 2726 793 2764 ἄρξασθαι
822 2727 883 2753 κτί-

61 2776 115 2810 ζειν
152 2774 198 2802 τὸν
236 2773 310 2809 ναὸν,
348 2772 506 2812 προίκτισεν
539 2771 681 2810 εὗκτήριον
709 2771 881 2810 χρυσόροφον

935 2284 1049 2319 petram
1073 2282 1270 2318 Stephaneam
1294 2291 1310 2310 a
1334 2284 1448 2311 bemate
1479 2284 1514 2311 ad
1551 2283 1642 2311 imam
1668 2291 1763 2318 usque

937 2327 1069 2361 apsidem
1086 2326 1253 2362 reperisset,
1271 2327 1392 2362 majoris
1406 2327 1497 2355 Trulli
1513 2335 1602 2363 super
1616 2335 1679 2355 eam
1696 2327 1762 2355 fun-

935 2371 1072 2398 damenta
1083 2371 1165 2406 jecit.
1182 2371 1225 2398 Ab
1242 2371 1343 2407 apside
1354 2379 1422 2399 vero
1434 2372 1468 2399 ad
1480 2371 1653 2399 exteriorem
1670 2379 1763 2406 usque

936 2415 1117 2451 narthecem,
1140 2415 1169 2443 in
1195 2415 1257 2443 solo
1284 2415 1407 2451 palustri
1432 2418 1460 2443 et
1484 2415 1591 2443 limoso
1617 2416 1762 2444 fundavit.

937 2460 1173 2488 Fundamentum
1194 2461 1291 2488 autem
1316 2468 1485 2496 aggressus,
1511 2460 1688 2496 Eutychium
1712 2469 1765 2496 pa-

936 2504 1094 2532 triarcham
1110 2505 1275 2540 evocat,qui
1289 2513 1340 2540 pro
1355 2504 1485 2532 ecclesia
1501 2506 1651 2532 structura
1666 2511 1768 2540 preces

936 2549 1082 2576 funderet.
1100 2550 1174 2577 Tum
1191 2549 1352 2585 imperator
1367 2549 1430 2576 suis
1446 2549 1510 2584 ipse
1537 2548 1676 2576 manibus
1701 2557 1768 2576 cum

937 2595 1013 2621 testa
1027 2594 1201 2621 ammentum
1218 2593 1366 2629 accipiens
1381 2594 1498 2628 Deoque
1527 2593 1638 2628 gratias
1665 2601 1768 2629 agt-ns,

937 2637 966 2664 id
988 2637 1101 2673 primus
1126 2637 1256 2665 omnium
1283 2638 1312 2665 in
1337 2638 1560 2665 fundamentum
1582 2638 1665 2673 jecit.
1691 2638 1765 2664 Ante

938 2684 1063 2718 coeptam
1079 2690 1146 2710 vero
1162 2682 1262 2718 templi
1279 2684 1470 2715 structuram,
1482 2682 1642 2710 oratorium
1659 2684 1760 2709 rotuu<

939 2727 1009 2754 dum
1025 2734 1112 2754 aureo
1129 2726 1238 2754 fornice
1253 2727 1443 2760 instructum,
1455 2727 1571 2763 egregio
1583 2727 1770 2760 circumqua-

938 2779 996 2808 que
1010 2770 1180 2808 lapillorum
1193 2773 1310 2808 ornatu,
1325 2772 1450 2800 Joannis
1476 2770 1667 2799 Praecursoris
1683 2777 1768 2798 voca~
