1936 3047
72 116 89 144 1
97 115 163 145 297

650 117 833 149 ΑΝΟΝΥΜΙ
855 118 1146 154 ANTIOUl'l‘ATES
1168 121 1227 150 ΟΡ.

1712 119 1787 150 1298

69 190 106 207 τε
139 180 291 218 εὐωνύμων
320 183 363 210 καὶ
394 182 499 218 δεξιῶν,
528 184 574 210 καὶ
606 184 704 215 ταύτας
734 183 833 221 στεγάσ

1021 185 1067 213 iris
1085 186 1257 219 fornicibus,
1273 186 1389 221 ipsique
1407 186 1436 213 in
1457 186 1559 222 scyphi
1576 194 1686 214 morem
1702 187 1785 214 obte-

70 226 213 263 σκυφικὰς
235 225 344 263 ἀψίδας,
360 227 461 265 ὡρίσθη
489 229 598 266 ἀγαγεῖν
629 229 783 265 μιλιαρίσια
810 228 839 256 ἐκ
861 230 910 256 τοῦ

70 270 219 299 παλατίου
244 273 258 300 ὁ
286 276 391 311 κρατῶν
427 274 519 312 ἡμέρᾳ
559 272 721 302 Σαὸϐἅτουι
751 275 784 309 ἦν
813 275 863 312 γὰρ
888 281 910 306 ς’

72 313 140 352 ὥρα
166 320 215 351 τῆς
239 316 345 355 ἡμέρας
363 329 369 336 ·
396 318 440 346 καὶ
459 319 617 357 προσέταξιν
635 320 648 346 6
665 321 834 358 Στραγήγιος
860 321 908 346 τοῦ

71 359 201 394 ἐξελθεῖν
223 360 286 393 τοὺς
311 361 423 400 ἰργάτας
445 363 488 391 καὶ
512 364 637 402 τεχνίτας
662 364 699 395 εἲς
727 364 758 392 τὸ
787 363 907 401 ἄριστον.

71 405 288 442 Κατερχόμενος
311 405 339 434 δὶ
355 408 369 434 ὁ
384 407 550 445 προῤῥηθεὶς
576 409 709 446 Ἰγνάτιος
740 409 907 446 μηχανικὸς,

68 447 211 477 κατὲλιπι
236 451 281 478 τὸν
307 451 364 479 υἱὸν
389 453 474 479 αὐτοῦ
495 451 596 485 ἄνωθεν
621 455 675 480 τῶν
711 453 840 490 ὑπερῴων
868 452 906 484 εἰς

68 494 104 520 τὸ
133 493 221 530 δεξιὸν
251 496 344 534 μέρος,
375 497 413 528 εἷς
441 498 473 524 τὸ
502 499 565 534 ὁρᾷν
594 498 628 525 τὰ
655 499 723 535 πρὸς
753 496 904 533 οἰκοδομὴν

69 537 206 576 ἑργαλιῖα
231 540 327 569 πάντα.
355 542 385 570 Ὁ
409 540 437 569 δὲ
454 545 517 573 παῖς
542 543 575 577 ἧν
601 542 665 569 ὡσεὶ
691 542 800 580 χρόνων
828 540 905 569 δεκα-

67 584 226 621 τεσσάρων.
252 587 439 622 Καθεζομένου
462 585 490 613 δὲ
509 589 558 614 τοῦ
583 585 690 621 παιδὸς,
718 586 802 623 ἐφάνη
831 587 906 621 αὐτῷ

69 627 221 666 εὐνοῦχος,
245 629 360 668 λαμπρᾷ
394 630 486 663 ἐσθῆτι
516 631 713 670 ἠμφιεσμένος,
742 632 842 667 ὡραῖος
867 633 905 666 τῷ

69 671 153 708 εἷ’δει,
170 673 207 704 ὡς
225 672 305 709 δῆθεν
319 674 349 702 ἐκ
363 677 411 702 τοῦ
430 674 566 703 παλατίου
595 676 739 714 πεμφθεὶς,
760 675 804 703 καὶ
831 674 903 713 λέγει

68 719 112 753 τῷ
128 716 267 756 παιδαρίῳ
286 729 292 735 ·
307 720 390 750 Τίνος
408 720 489 758 χάριν
503 720 552 747 οὐκ
579 719 746 757 ἐκπληροῦσι
769 719 801 747 τὸ
825 718 901 757 ἔργον

67 764 121 788 τοῦ
148 764 215 789 Θεοῦ
239 763 266 790 οἱ
293 764 426 799 καμόντες
453 765 571 802 ταχέως,
602 763 676 792 ἀλλὰ
708 763 902 795 καταλιπόντες

68 806 138 833 αὐτὸ
168 807 293 842 ἀπῆλθον
323 807 438 843 (adiuv;
473 809 504 837 Ὁ
534 807 563 835 δὲ
593 812 656 839 παῖς
693 807 765 846 λέγει
803 808 899 844 αὐτῷ·

963 229 1028 262 etis,
1055 230 1146 258 voluit
1161 230 1320 266 imperator
1341 233 1373 258 ut
1387 230 1541 258 miliarisia
1558 231 1586 258 in
1599 231 1645 258 die
1661 231 1784 258 Sabbati

965 282 999 301 ex
1023 274 1130 310 palatio
1151 277 1382 310 exportarentur;
1404 278 1466 303 erat
1493 275 1602 311 quippe
1629 274 1702 303 hora
1727 274 1784 302 diei

964 320 1045 346 sexta
1056 319 1205 355 jussitque
1222 319 1387 356 Strategius
1407 328 1474 347 cum
1494 328 1598 356 operas
1617 321 1681 346 tum
1692 320 1782 347 artiﬁ-

962 371 1010 390 ces
1026 372 1166 398 pransum
1183 364 1235 391 ire.
1248 364 1433 392 Descendens
1443 371 1509 391 vero
1525 363 1682 399 pradictus
1697 366 1783 399 Igna-

962 408 1023 435 tius
1039 408 1237 440 mechanicus,
1250 408 1343 436 ﬁlium
1365 417 1455 444 supra
1466 409 1594 443 porticus
1609 408 1700 435 dextri
1710 408 1782 436 late-

962 452 1002 480 ris
1027 453 1062 480 ad
1089 452 1354 481 instrumentorum
1382 453 1545 481 custodiam
1571 452 1698 488 reliquit.
1716 453 1784 480 Erat

962 500 1060 524 autem
1079 505 1150 532 puer
1165 506 1310 525 annorum
1336 498 1450 525 circiter
1474 497 1705 532 quatuordecim.
1731 497 1783 524 Se-

961 541 1048 568 dente
1072 550 1174 577 puero,
1201 543 1356 570 eunuchus
1381 542 1500 577 quidam
1531 541 1685 577 splendida
1704 543 1783 568 veste

962 585 1093 619 indutus,
1112 586 1205 613 forma
1220 587 1354 618 decorus,
1370 586 1449 614 velut
1468 587 1608 614 nimirum
1622 594 1656 614 ex
1676 586 1782 621 palatio

961 629 1070 657 missus
1090 638 1153 658 sese
1183 639 1273 665 puero
1300 630 1380 658 sistit
1395 634 1424 658 et
1440 631 1501 658 ait:
1519 631 1592 662 Quid
1620 639 1715 658 causae
1739 632 1783 658 est

959 682 1011 702 cur
1025 675 1144 710 opiﬁces
1159 683 1233 711 opus
1261 674 1311 702 Dei
1341 683 1399 703 non
1423 675 1481 703 cito
1504 675 1664 710 perﬁciant,
1681 675 1731 702 sed
1748 683 1780 702 eo

959 717 1058 746 relicto
1073 722 1271 747 comessatum
1287 720 1443 747 abierunt?
1458 720 1508 748 Cui
1533 728 1615 755 puer,
1638 719 1778 754 Jamjam,

957 763 1062 798 inquit,
1079 763 1206 799 domine,
1233 764 1367 791 aderunt.
1394 763 1445 792 Ille
1468 772 1546 799 vero,
1571 764 1650 792 Vade
1676 764 1733 791 cito
1749 766 1778 792 et

955 815 1042 835 evoca
1063 816 1069 836 :
1091 816 1159 834 nam
1184 816 1258 843 opus
1281 808 1380 843 perﬁci
1405 816 1521 836 summo
1552 808 1648 835 studio
1679 807 1775 843 Cupio.

68 851 157 888 Κύριὲ
183 862 247 888 μου,
262 852 368 889 ταχέως
390 853 591 891 παραγίνονται.
610 853 731 880 Ἐκείνου
760 851 789 880 δὲ
815 863 832 880 π

1010 860 1047 879 ero
1071 855 1167 880 autem
1197 861 1228 880 se
1257 853 1439 880 dicessurum
1465 854 1600 888 negante,
1623 861 1658 879 ne
1684 853 1774 879 ferra-

68 895 196 927 εἷπόντος
214 906 221 912 ·
248 897 391 935 Πορευθεὶς
415 897 537 933 λάλησον
577 897 691 928 αὐτοῖς·
717 896 825 925 σπεύδω
849 898 899 935 γὰρ

68 942 120 967 τοῦ
143 941 250 979 ταχέως
283 941 462 977 τελειωθῆναι
489 943 519 970 τὸ
548 941 629 980 ἔργον
645 953 651 959 ·
669 944 717 970 τοῦ
747 941 775 970 δὲ
804 940 900 974 παιδὸς

71 985 223 1023 φήσαντος,
240 985 318 1013 αὐτὸν
346 987 384 1022 μὴ
414 986 554 1021 ἀπελθεῖν,
574 986 619 1014 διὰ
647 987 677 1014 τὸ
708 987 808 1023 μήπως
830 987 899 1014 ἀπο-

69 1028 202 1063 λεσθῆναι
229 1031 263 1057 τὰ
287 1030 426 1068 ἐργαλεῖα,
441 1031 486 1058 καί
510 1042 592 1070 φησιν
618 1033 632 1059 ὁ
657 1031 788 1069 εὐνοῦχος
804 1041 810 1048 -
828 1032 899 1059 "An-

70 1073 136 1106 ελθε
151 1073 178 1101 ἰν
195 1074 312 1112 σπουδῇ,
329 1076 373 1103 καὶ
390 1076 515 1114 φώνησον
531 1076 628 1108 αὐτοὺς
654 1076 761 1114 ταχέως
787 1076 875 1104 ἐλθεῖν
892 1086 897 1091 ·

69 1118 117 1145 καὶ
144 1118 199 1156 ἐγὼ
225 1116 330 1156 ὄμνυμί
358 1130 412 1155 σοι,
436 1121 540 1155 τέκνον,
558 1119 655 1155 οὕτως,
677 1122 715 1157 μὰ
741 1121 791 1154 τήν
821 1121 897 1158 ἁγίαν

72 1163 175 1201 Σοφίαν
203 1164 248 1191 τὸν
276 1164 362 1202 Λόγον
387 1167 435 1192 τοῦ
465 1167 543 1199 Θεοῦ,
570 1166 619 1199 τήν
650 1167 695 1192 νῦν
723 1162 897 1202 κτιζομένην,

71 1207 130 1244 οὐχ
146 1208 287 1246 ὑποχωρῶ
303 1208 356 1236 ἀπὸ
370 1211 424 1236 τῶν
441 1208 505 1244 ὧδε,
518 1207 571 1240 ἓως
587 1210 630 1236 ὅτε
643 1209 688 1236 καὶ
701 1209 871 1247 ὑποστρέψῃς
889 1220 895 1226 ·

70 1251 185 1278 ἐνταῦθα
226 1252 278 1290 γὰρ
320 1252 438 1290 ἐτάχθην
481 1252 619 1281 δουλεύειν
658 1252 704 1281 καί
741 1252 894 1292 φυλάττειν.

70 1297 163 1324 Ταῦτα
191 1296 308 1328 ἀκούσας
336 1297 351 1324 6
375 1300 450 1331 παῖς,
475 1296 616 1335 δρομαίως
640 1297 785 1335 ἐπορεύθη,
815 1308 896 1326 κατα-

70 1339 159 1368 λιπὼν
190 1340 216 1368 ἐν
243 1342 284 1377 τῷ
313 1342 428 1379 ὑπερῴῳ
451 1342 577 1379 κτίσματι
611 1342 657 1370 τὸν
701 1341 817 1380 ἄγγελον
846 1345 896 1370 τοῦ

69 1384 172 1421 Κυρίου
194 1385 349 1423 φυλάττειν.
373 1389 416 1418 Ὡς
445 1385 474 1414 δὲ
504 1386 638 1421 κατῆλθεν
666 1387 680 1413 ὁ
704 1389 780 1422 παῖς,
808 1387 893 1424 εὑρὼν

67 1439 113 1455 τον
139 1429 241 1465 πατέρα
271 1430 352 1458 αὐτοῦ
380 1431 426 1458 τὸν
451 1433 559 1468 πρῶτον
583 1429 730 1467 οἰκοδόμον
759 1432 825 1467 μετὰ
850 1432 894 1459 καὶ

66 1474 121 1501 τών
146 1473 262 1508 λοιπῶν,
280 1474 431 1512 ἐξηγήσατο
455 1475 542 1503 πάντα
558 1485 565 1492 ·
582 1475 627 1503 καὶ
654 1476 668 1503 6
690 1476 779 1513 πατήρ
801 1473 892 1504 λαϐὼν

67 1517 112 1544 τὸν
139 1517 234 1553 παῖδα,
259 1518 360 1557 ἤγαγεν
388 1519 427 1550 εἰς
458 1520 504 1547 τὸν
534 1519 667 1558 βασιλέα·
698 1519 754 1548 ἐκεῖ
778 1521 829 1558 γὰρ
859 1521 892 1555 ἦν

70 1562 84 1589 ὁ
116 1562 243 1600 βασιλεὺς
280 1555 374 1591 ἐσθίων
413 1563 455 1591 ἐπὶ
495 1555 538 1591 τὺγ
561 1565 706 1602 εύκτήριον
736 1555 790 1592 τοῦ.
813 1555 931 1603 άγίουδ

70 1606 196 1634 ’Ῑωάννου
224 1609 272 1635 τοῦ
301 1607 465 1646 Προδρόμου
497 1608 523 1636 ἐν
549 1611 589 1645 τῷ
617 1609 780 1647 Ὦρολογίῳ.
807 1610 837 1638 Ὁ
865 1609 893 1637 δὶ

72 1650 197 1689 βασιλεὺς
219 1652 334 1684 ἀκούσας
357 1655 411 1680 τῶν
434 1652 563 1691 ῥημάτων
596 1653 644 1680 τοῦ
672 1652 780 1688 παιδὸς,
808 1664 892 1692 προσ-

71 1696 215 1724 εκαλέσατο
242 1698 342 1728 πάντας
365 1697 428 1728 τοὺς
454 1698 614 1735 εὐνούχους,
637 1698 681 1726 καὶ
712 1697 832 1734 ὑπέδειξε
852 1701 892 1735 τῷ

68 1739 215 1779 παιδαρίῳ,
246 1741 356 1779 λέγων’
387 1743 430 1776 Μὴ
470 1743 548 1774 οὗτός
585 1742 675 1777 ἐστινς
706 1743 737 1770 Ὀ
771 1742 799 1770 δὲ
827 1746 891 1775 παῖς

68 1795 148 1821 φησιν
166 1795 172 1802 ·
194 1784 290 1816 Οὐδεὶς
306 1785 331 1822 ἐξ
348 1786 437 1813 αὐτῶν
463 1785 548 1819 ἐστιν,
564 1786 628 1814 ἀλλ’
654 1786 718 1814 οὐδὶ
743 1790 793 1821 τῆς
818 1785 890 1818 ἰδέας

67 1827 125 1866 ἔχει
141 1839 182 1860 τις
195 1829 220 1866 ἐξ
237 1829 325 1857 αὐτῶν
341 1829 455 1866 ἐκείνου,
472 1831 501 1857 ὃν
519 1830 544 1857 ἐν
559 1833 599 1866 τῷ
618 1833 674 1866 ναῷ
697 1831 750 1868 ἐγὼ
774 1832 890 1869 ἑώρακα.

67 1874 132 1901 Τότε
159 1873 230 1911 ἔγνω
260 1875 273 1902 ὁ
305 1874 444 1911 βασιλεὺς,
475 1875 516 1902 ὅτι
550 1874 665 1913 ἅγγελος
696 1875 794 1912 Κυρίου
823 1876 890 1912 ἐστὶ,

67 1918 111 1945 καὶ
134 1919 163 1945 τὸ
190 1918 266 1956 ῥῆμα
289 1919 430 1956 γνώριμόν
461 1919 528 1954 ἐστι,
559 1919 604 1946 καὶ
634 1920 647 1946 6
678 1919 758 1957 ὅρκος
784 1921 888 1948 αὐτοῦ·

69 1962 190 1993 εἰπόντος
216 1963 262 1990 καὶ
289 1965 338 1990 τοῦ
373 1962 470 1994 παιδὸς
492 1964 533 1991 ὅτι
565 1963 731 2003 λευκοφόρος
755 1963 821 1999 ἐστὶ,
846 1966 890 1992 καὶ

66 2008 93 2034 αἱ
116 2007 223 2045 παρειαὶ
248 2007 330 2034 αὐτοῦ
357 2010 410 2045 πῦρ
433 2007 604 2044 ἀπέπεμπον,
630 2007 675 2035 καὶ
698 2007 889 2046 ἐνηλλαγμὲνη

67 2053 84 2087 ἡ
101 2053 190 2089 ὅρασις
215 2051 307 2086 αὐτοῦ,
327 2051 454 2090 μεγάλως
479 2051 587 2088 ἰδόξασε
611 2053 656 2080 τὸν
684 2053 748 2080 Θεὸν
774 2054 787 2081 ὁ
815 2054 890 2088 βασι-

68 2096 140 2130 λεὺς,
165 2096 264 2134 λέγων,
290 2097 353 2125 ’Ότι
375 2095 479 2124 εὐδόκει
505 2097 519 2124 6
548 2097 612 2128 Θεὸς
640 2097 671 2124 τὸ
694 2095 772 2135 ἔργον
798 2098 889 2132 τοῦτο,

66 2141 109 2168 καὶ
124 2142 163 2169 ὅτι
182 2140 315 2179 λογισμὸς
332 2140 416 2178 μέγας
439 2152 486 2178 μοι
516 2142 676 2179 περιέπιπτε
699 2144 759 2173 πῶς
783 2141 890 2170 καλέσω

65 2185 109 2212 τὸν
133 2185 204 2214 ναόν.
234 2185 284 2213 Καὶ
310 2183 402 2213 ἔκτοτε
439 2187 649 2224 προσηγορεύθη
679 2188 692 2214 ὁ
719 2187 781 2218 ναὸς
814 2187 891 2224 Ἀγία

955 899 1055 924 menta
1066 896 1205 932 perirent,
1216 897 1258 924 ait
1269 897 1423 925 eunuchus
1437 897 1506 924 :Abi
1520 897 1739 932 quamprimum
1748 898 1776 924 et

954 941 1000 968 dic
1028 943 1060 968 ut
1083 940 1217 969 celeriter
1240 941 1367 968 veniant.
1393 941 1466 968 Nam
1487 942 1552 976 iuro
1577 940 1640 973 tibi,
1656 940 1710 973 ﬁli,
1727 949 1777 976 per

953 988 1086 1013 sanctam
1102 985 1241 1020 Sophiam
1268 985 1316 1013 Dei
1331 986 1462 1019 verbum,
1480 994 1542 1021 quae
1559 993 1637 1013 nunc
1652 985 1776 1012 aediﬁca-

952 1032 1012 1064 tur,
1029 1037 1076 1057 me
1092 1038 1149 1057 non
1163 1030 1232 1057 hinc
1248 1030 1433 1057 dicessurum
1453 1030 1545 1057 donec
1559 1031 1592 1057 tu
1607 1029 1773 1062 revertaris,

953 1074 1058 1110 quippe
1069 1074 1119 1110 qui
1132 1075 1236 1109 jussus
1253 1074 1308 1102 sim
1325 1074 1372 1101 hic
1386 1074 1554 1102 ministrare
1565 1076 1594 1101 et
1611 1073 1774 1102 custodiam

953 1127 1048 1155 agere.
1073 1119 1125 1147 His
1144 1119 1253 1147 auditis
1276 1127 1347 1154 puer
1362 1118 1447 1146 celeri
1463 1127 1552 1146 cursu
1569 1119 1774 1154 proﬁciscitur,

953 1163 1052 1191 relicto
1079 1163 1127 1191 Dei
1148 1163 1251 1199 angelo
1279 1163 1308 1190 in
1334 1163 1484 1199 superiore
1501 1165 1582 1199 parte
1597 1163 1711 1190 aediﬁcii
1726 1171 1775 1190 cu-

951 1208 1034 1235 stode
1047 1215 1053 1235 :
1066 1216 1099 1235 ac
1110 1208 1159 1235 ubi
1173 1210 1286 1243 patrem
1300 1207 1524 1235 architectorum
1537 1208 1696 1243 principem
1704 1216 1771 1236 cum

950 1251 1073 1288 reliquis
1083 1252 1227 1287 convenit,
1241 1260 1301 1279 rem
1318 1252 1419 1280 ordine
1436 1252 1574 1280 narravit.
1598 1252 1682 1280 Pater
1705 1261 1772 1280 vero

951 1296 1045 1324 ﬁlium
1061 1297 1096 1324 ad
1108 1297 1315 1332 imperatorem
1328 1296 1459 1324 adduxit.
1471 1297 1631 1332 Imperator
1643 1296 1721 1324 enim
1733 1297 1771 1325 ad

949 1341 1107 1369 oratorium
1118 1341 1210 1369 sancti
1221 1341 1346 1369 Joannis
1363 1342 1554 1369 Praecursoris
1571 1342 1598 1369 in
1623 1341 1772 1377 horologia

949 1387 1120 1423 prandebat.
1132 1387 1290 1422 Imperator
1305 1389 1414 1419 autem,
1430 1386 1539 1414 auditis
1551 1395 1614 1422 quae
1635 1387 1774 1414 narrabat

949 1439 1030 1466 puer,
1059 1431 1210 1458 eunuchos
1229 1439 1332 1458 omnes
1348 1432 1459 1462 evocat.
1475 1439 1508 1458 ac
1524 1439 1613 1465 puero
1630 1432 1770 1466 ostendit,

949 1476 1114 1511 sciscitans,
1127 1475 1320 1503 Biccineest?
1339 1476 1413 1502 Tum
1425 1483 1509 1511 puer,
1526 1475 1647 1510 Horum,
1665 1476 1774 1511 inquit,

949 1528 1035 1548 nemo
1061 1522 1115 1555 est,
1141 1527 1234 1555 neque
1260 1519 1338 1547 enim
1363 1520 1468 1547 horum
1495 1520 1650 1556 quisquam
1676 1520 1774 1548 simile

949 1565 1019 1600 quid
1036 1565 1124 1592 habet
1148 1564 1201 1598 illi,
1219 1572 1305 1600 quem
1331 1565 1361 1591 in
1383 1564 1493 1600 templo
1518 1565 1665 1600 conspexi.
1689 1565 1770 1592 Tunc

948 1609 1107 1645 imperator
1121 1609 1257 1645 angelum
1283 1617 1347 1637 esse
1371 1609 1488 1636 Domini
1500 1612 1564 1636 tum
1580 1617 1614 1636 ex
1629 1610 1692 1644 ejus
1705 1617 1769 1637 ser-

947 1662 1032 1682 mone
1060 1656 1122 1681 tum
1149 1662 1182 1681 ex
1208 1654 1403 1689 jurejurando
1430 1654 1575 1689 cognovit,
1604 1654 1766 1689 praesertim

946 1707 1035 1734 puero
1052 1698 1218 1726 afﬁrmante
1235 1698 1325 1726 fuisse
1341 1698 1423 1725 illum
1439 1700 1520 1726 veste
1535 1698 1670 1733 candida,
1685 1699 1768 1734 genis

945 1743 1042 1778 ignem
1058 1743 1250 1777 vibrantibus,
1262 1745 1290 1770 et
1299 1743 1379 1770 vario
1390 1742 1469 1770 vultu
1483 1752 1490 1776 ;
1504 1751 1537 1770 ac
1547 1743 1638 1770 Deum
1651 1743 1766 1778 magnis

945 1786 1084 1815 laudibus
1112 1787 1272 1814 cumulavit
1298 1787 1456 1822 imperator
1477 1787 1576 1815 dicens
1594 1795 1600 1813 ε
1617 1788 1670 1815 Deo
1695 1796 1764 1815 sane

944 1836 1084 1867 acceptum
1098 1833 1139 1859 est
1152 1832 1201 1859 hac
1215 1839 1290 1867 opus,
1311 1832 1501 1867 haerebaqu
1524 1832 1644 1859 multum
1665 1833 1766 1860 anxius

945 1885 999 1912 quo
1022 1877 1134 1904 nomine
1152 1880 1274 1912 lempum
1302 1875 1482 1911 appellarem.
1502 1875 1670 1911 Exindeque
1687 1879 1761 1903 tem.

945 1921 1026 1957 plum
1044 1920 1227 1957 appellatum
1243 1922 1287 1948 est
1302 1920 1408 1948 Sancta
1418 1920 1536 1955 Sophia,
1553 1921 1630 1956 quod
1655 1921 1766 1956 signiﬁ-

945 1968 1001 2001 cat,
1017 1965 1145 1993 Verbum
1164 1966 1222 1992 Dei.
1240 1967 1279 1993 He
1302 1973 1370 1992 vero
1387 1973 1486 1992 secum
1503 1973 1656 2001 perpensa,
1672 1965 1766 2000 impe-

945 2012 1023 2037 rator
1039 2010 1081 2038 sic
1095 2009 1152 2037 ait:
1165 2010 1227 2037 Non
1237 2010 1332 2037 sinam
1343 2018 1466 2045 puerum
1479 2010 1513 2037 ad
1526 2009 1667 2046 templum
1680 2010 1766 2038 remi-

945 2062 1039 2090 grare,
1072 2056 1103 2081 ut
1130 2053 1251 2089 angelus
1280 2054 1396 2081 Domini
1431 2053 1501 2081 illud
1534 2054 1562 2081 in
1592 2057 1766 2090 perpetuum

945 2098 1101 2132 custodiat,
1118 2099 1365 2134 quemadmodum
1374 2098 1541 2134 juramento
1549 2098 1696 2133 pollicitus
1711 2101 1765 2127 est.

943 2143 972 2169 Si
983 2143 1061 2170 enim
1073 2143 1108 2170 ad
1122 2143 1261 2170 fabricam
1273 2142 1392 2170 redierit
1402 2151 1484 2178 puer,
1502 2143 1626 2179 angelus
1652 2144 1765 2171 Domini

945 2187 1046 2218 abibit,
1065 2195 1131 2215 cum
1145 2195 1233 2222 puero
1246 2187 1360 2220 dixerit,
1378 2187 1474 2215 Donec
1490 2187 1620 2222 redieris,
1638 2190 1766 2223 impera-

67 2229 158 2268 Σοφία.
193 2231 206 2257 6
239 2230 328 2267 Λόγος
369 2232 417 2257 τοῦ
459 2233 526 2258 Θεοῦ
565 2230 797 2268 ἑρμηνευόμενος.

1003 2231 1103 2268 itaque
1119 2231 1242 2259 oonsilio
1258 2240 1324 2259 cum
1349 2232 1505 2267 prmeipuis
1532 2235 1701 2260 senatorum
1717 2241 1763 2260 sa-

66 2275 199 2310 σκοπήσας
227 2275 241 2302 6
273 2274 402 2312 βασιλεὺς
432 2275 504 2303 εἶπεν
534 2275 620 2306 οὕτως
637 2285 644 2292 '
665 2276 710 2310 Μὴ
737 2276 808 2303 ἐάσω
840 2276 885 2303 τὸν

66 2318 146 2346 παῖδα
170 2319 344 2357 ὑποστρέψαι,
369 2319 415 2347 ’ίνα
440 2319 478 2351 εἷς
505 2320 537 2348 τὸ
566 2318 687 2356 διηνεκὲς
723 2319 845 2358 φυλάττῃ
872 2321 885 2348 6

68 2362 180 2400 ἅγγελος
212 2363 322 2400 Κυρίου,
349 2364 386 2395 ὡς
419 2364 476 2391 εἶπε
499 2363 637 2396 κατελθὼν
668 2364 693 2391 ἂν
724 2364 828 2402 ὅρκοις.
854 2365 885 2393 Εἰ

68 2408 115 2445 γὰρ
139 2408 151 2434 6
174 2410 238 2438 παῖς
256 2407 411 2445 ὑποστρέψῃ
441 2408 486 2435 καὶ
515 2408 601 2440 ἐλθὼν
629 2408 654 2435 ἐν
681 2411 720 2445 τῷ
748 2408 885 2446 κτίσματι,

67 2451 110 2479 καὶ
130 2452 242 2490 ἄγγελος
265 2451 367 2488 Κυρίου
395 2452 568 2489 ὑποστρέφει,
588 2452 657 2485 καθὰ
685 2454 823 2492 προὲφησε
846 2454 885 2490 τῷ

67 2495 197 2534 παιδαρίῳ
232 2496 273 2532 τὸ,
300 2497 372 2527 Ἕως
411 2497 441 2523 οὗ
477 2495 572 2534 ἔλθῃς.
604 2497 832 2534 Βουλευσαμὲνου
858 2497 886 2525 δὲ

66 2543 111 2568 τοῦ
135 2541 266 2579 βασιλέως
301 2540 364 2573 τοὺς
393 2540 548 2578 κρείττονας
575 2543 625 2576 τῆς
655 2542 811 2578 συγκλήτου
839 2542 884 2570 καὶ

67 2585 211 2623 ἱερατικοὺς
250 2584 393 2622 notus-4;,
423 2585 497 2612 εἷπον
526 2585 598 2622 αὖτῷ
620 2596 626 2603 ’
656 2587 702 2620 Μή
734 2586 886 2615 ὑπόστελλε

66 2631 108 2658 τὸν
134 2629 215 2657 παῖδα
244 2629 281 2661 ιῖς
307 2631 357 2664 τήν
386 2628 550 2666 οἰκοδομὴν,
566 2630 634 2658 κατὰ
661 2631 706 2658 τὸν
733 2630 813 2668 ὅρκον
837 2634 885 2658 τοῦ

943 2276 1043 2312 crique
1059 2276 1172 2304 ordinis
1188 2276 1357 2312 pastoribus
1372 2276 1455 2310 inito,
1472 2276 1546 2303 hanc
1563 2277 1598 2304 ab
1615 2276 1673 2304 illis
1700 2285 1765 2304 sen-

942 2321 1062 2348 tentiam
1078 2321 1189 2356 accepit
1206 2329 1211 2348 :
1229 2321 1270 2348 Nc
1294 2321 1394 2348 mittas
1410 2329 1533 2356 puerum
1557 2321 1592 2348 ad
1614 2321 1765 2356 fabricam,

941 2367 973 2392 ut
988 2365 1110 2401 angelus
1127 2364 1198 2392 illud
1215 2373 1249 2392 ex
1270 2365 1466 2400 jurejurando
1483 2373 1540 2400 quo
1551 2373 1582 2392 se
1598 2365 1765 2401 obstrinxit,

940 2409 976 2437 ad
994 2409 1081 2437 ﬁnem
1099 2417 1192 2445 usque
1209 2409 1322 2443 mundi,
1342 2409 1387 2437 Dei
1401 2410 1500 2444 jussu,
1518 2409 1671 2436 custodiat.
1688 2409 1765 2437 Divi-

939 2454 989 2482 tiis
1008 2453 1097 2489 igitur
1124 2455 1153 2481 et
1174 2454 1319 2490 dignitate
1345 2456 1464 2481 auctum
1491 2462 1626 2489 puerum,
1652 2453 1764 2482 volente

941 2501 1031 2534 patre,
1041 2498 1077 2525 ad
1093 2497 1232 2533 Cycladas
1249 2497 1363 2525 insulas
1378 2497 1529 2534 relegavit.
1545 2499 1601 2525 lloe
1615 2507 1701 2534 porro
1712 2507 1763 2526 an-

940 2542 996 2578 geli
1012 2550 1079 2570 cum
1096 2551 1185 2578 puero
1202 2542 1392 2578 colloquium,
1409 2542 1438 2569 in
1455 2543 1573 2570 dextera
1597 2545 1679 2578 parte
1699 2543 1763 2579 pilas

940 2586 1101 2622 superioris
1113 2587 1242 2621 fornicis,
1255 2587 1288 2614 ad
1302 2587 1436 2614 Trullum
1449 2587 1689 2623 ascendentibus,
1707 2588 1762 2615 ha-

940 2632 1035 2660 bitum
1053 2634 1108 2658 est.

69 2674 185 2713 ἆγγάλου,
201 2674 276 2706 ὅπως
290 2674 320 2702 ἆκ
332 2676 400 2702 Θεοῦ
415 2674 520 2713 φυλάξῃ
535 2675 579 2702 τὸν
593 2675 655 2702 ναὸν
671 2674 723 2706 ἓως
738 2676 834 2706 τέλους
849 2676 966 2712 κόσμου,
984 2676 1012 2702 '0
1029 2673 1057 2702 δὲ
1081 2674 1205 2711 βασιλεὺς
1227 2674 1377 2706 πλουτίσας
1399 2675 1445 2702 τὸν
1470 2674 1553 2702 παῖδα
1577 2675 1621 2702 καὶ
1647 2676 1761 2710 ἀξιώσας

69 2719 140 2746 αὐτὸν
153 2722 236 2755 τιμῆς
255 2719 388 2756 μεγάλης,
406 2718 547 2746 ἀπέστειλε
564 2720 631 2756 μετὰ
649 2719 752 2757 βουλῆς
766 2722 814 2747 τοῦ
829 2721 931 2759 πατρὸς
948 2719 1028 2748 ούτοῢ
1042 2719 1079 2750 εἷς
1096 2719 1198 2758 ὲξορίπιν
1216 2719 1253 2750 είς
1276 2720 1323 2750 τὰς
1351 2718 1492 2751 Κυκλάδας
1516 2721 1625 2755 νήσους.
1642 2720 1762 2757 Ἐγένετο

69 2762 95 2791 δὲ
118 2763 147 2791 τὸ
175 2763 250 2802 ῥῆμα
275 2766 324 2791 τοῦ
352 2763 467 2802 ἀγγέλου
496 2762 535 2795 εἷς
561 2763 593 2791 τὸ
623 2763 708 2799 δεξιὸν
742 2765 824 2803 μέρος
850 2763 898 2792 τοῦ
926 2766 1024 2792 πινσοῦ
1052 2768 1102 2800 τῆς
1133 2764 1187 2791 ἂνω
1216 2762 1323 2801 aut“,
1348 2766 1406 2795 τοῖς
1436 2764 1631 2802 ἅνερχομᾶνοις
1652 2764 1695 2790 ἐπὶ
1716 2764 1761 2791 τὸν

68 2807 181 2846 Τροῦλον
187 2829 193 2836 .
