1936 3047
148 130 162 158 1
168 129 226 158 299

626 128 825 159 APPENDIX
848 127 900 157 AD
923 125 1155 157 MIGHAELEM
1177 125 1370 156 PSELLUM.

1777 125 1857 155 1300

149 193 279 228 Angelus,
293 193 413 221 eunuchi
426 193 704 230 forma,imperatori
721 197 805 222 anxio
829 193 860 221 ob
885 192 1006 228 pecuniae
1024 192 1184 230 penuriam,
1203 194 1332 230 apparet,
1348 194 1373 218 ει
1384 198 1513 226 magnam
1536 191 1604 218 auri
1617 191 1727 226 copiam
1736 192 1768 218 in
1788 198 1857 227 opus

673 231 787 266 fabricae
800 226 947 265 promittit,
963 231 990 256 et
1004 226 1127 264 sequenti
1141 227 1186 254 die
1200 226 1330 262 largitur.

187 278 258 305 Cum
275 280 370 306 autem
382 279 519 311 artiﬁces,
532 282 689 315 postquam
701 280 736 307 ad
750 279 893 306 secundas
905 286 969 314 por-
986 279 1012 310 Α
1064 276 1228 302 Φθασάντων
1245 273 1274 301 δὲ
1287 276 1341 302 τῶν
1358 284 1370 301 ο

1072 276 1228 302 βθασάντων
1245 273 1274 301 δὲ
1287 276 1341 302 τῶν
1358 273 1512 311 οἰκοδόμων
1543 274 1582 306 εἷς
1596 275 1632 302 τὰ
1647 275 1758 312 δεύτερα
1773 275 1855 312 ὑπερ-

151 322 228 350 ticus
243 323 434 358 pertigerunt,
455 323 667 359 superioribus,
694 324 840 351 columnis
857 331 890 350 ac
915 323 971 350 for-

151 366 267 394 nicibus
283 368 397 400 erectis,
415 368 631 404 circumposita:
645 368 760 396 fabricae
781 370 857 395 tecta
877 367 972 402 impo-

151 411 293 446 suissent,
311 412 470 448 imperator
493 413 529 440 ob
556 413 686 449 pecunia:
712 412 865 448 penuriam
888 412 973 439 vehe-

153 458 266 483 menter
278 457 346 492 angi
361 457 459 492 ccepit.
471 459 571 484 Stante
586 459 685 485 autem
714 457 764 485 illo
783 457 814 484 in
830 456 974 492 superiori

154 500 269 527 fabricae
293 503 386 536 parte,
413 509 481 529 cum
508 501 642 530 Trullum
667 501 864 529 aediﬁcaturus
885 503 973 535 esset,

153 544 281 571 Sabbato
303 545 365 580 jam
394 545 554 573 inclinante
584 546 640 580 die,
665 546 818 574 eunuchus
834 546 882 574 ille
897 547 976 573 veste

153 588 279 615 candida
293 589 377 616 anxio
393 589 565 625 imperatori
581 598 612 618 se
629 590 717 625 sistit,
734 591 835 626 sicque
846 589 974 625 compel-

153 632 213 660 lat:
230 633 304 664 Quid
321 634 451 669 pecunia:
467 643 558 662 causa.
586 635 715 667 domine,
741 635 876 670 angeris?
901 634 976 662 Jube

155 685 220 704 cras
233 677 290 704 cito
307 678 406 705 venire
430 678 575 713 quosdam
593 687 625 706 ex
650 679 843 714 optimatibus
862 679 932 713 tuis,
948 681 977 706 et

155 724 296 757 quantam
307 722 396 750 fuerit
407 731 481 759 opus
492 723 554 750 auri
566 723 674 759 signati
685 731 833 751 summam
845 723 975 750 afferam.

156 767 295 802 Sequenti
321 775 385 794 vero
405 767 451 794 die
466 767 586 796 veniens
605 768 759 796 eunuchus
771 768 910 795 fabricam
933 767 977 794 vi-

159 813 272 838 sentem
284 810 492 847 imperatorem
508 812 629 840 oﬂ'endit
645 821 651 840 :
670 813 721 848 qui
736 812 912 846 Strategium
928 812 978 839 de-

159 855 320 890 putavit,et
334 855 491 883 Basilidem
509 858 695 892 quaestorem,
720 857 901 885 Theodorum
928 865 979 893 pa-

159 899 288 934 tricium,
309 903 502 936 cognomento
516 901 734 937 Colocynthem,
750 902 901 938 quietiam
918 904 981 930 erat

161 944 326 980 prazt‘ectus,
339 952 406 972 cum
417 945 509 973 servis
525 945 641 974 circiter
653 946 878 982 quinquaginta,
892 946 981 974 mulis

159 988 320 1024 viginti,sc
333 989 490 1025 bulgarum
510 990 614 1026 viginti
640 993 751 1026 septem
775 992 906 1027 paribus.
932 991 982 1019 llis

159 1033 208 1060 ille
221 1034 380 1069 assumptis
395 1041 448 1070 per
470 1035 592 1062 Auream
609 1038 724 1071 portam
750 1043 816 1063 cum
837 1037 872 1063 ad
893 1036 984 1064 tribu-

161 1077 240 1105 nalia
255 1078 394 1112 venisset,
424 1079 474 1114 qui
491 1079 573 1107 missi
590 1082 673 1107 erant
688 1080 825 1108 viderunt
839 1081 985 1116 stupenda

158 1122 268 1158 palatia
284 1131 290 1150 :
305 1125 392 1158 atque
420 1132 455 1150 ex
478 1124 560 1159 equis
583 1132 649 1152 cum
675 1125 908 1160 descendissent,
934 1134 985 1161 per

156 1167 359 1194 admirandam
383 1167 492 1195 scalam
513 1169 548 1196 ab
563 1169 698 1197 eunucho
725 1170 884 1197 ducuntur.
909 1170 984 1197 Tum

155 1211 235 1239 clave
251 1220 330 1239 aenea
341 1213 370 1239 et
385 1212 538 1248 splendida
552 1214 725 1241 cubiculum
738 1214 861 1249 aperuit.
872 1214 983 1242 Utvero

155 1256 298 1291 magister
320 1256 483 1292 Strategius
503 1258 644 1293 narravit,
663 1258 864 1294 pavimentum
889 1261 982 1287 totum

159 1308 230 1327 auro
247 1299 362 1336 signato
377 1303 504 1328 stratum
521 1304 549 1329 et
567 1302 688 1338 plenum
704 1305 767 1331 erat
783 1312 789 1330 :
807 1306 983 1339 acceptaque

155 1344 223 1380 pale.
251 1344 419 1377 eunuchus,
448 1345 575 1382 singulis
601 1347 700 1383 bulgis
730 1348 793 1375 auri
817 1348 984 1376 centenaria

157 1389 439 1424 quatuorimmisit;
465 1399 572 1427 nempe
597 1391 686 1419 simul
715 1393 883 1420 centenaria
906 1395 983 1420 octo-

155 1432 248 1468 ginta,
263 1435 290 1460 et
316 1441 384 1461 cum
408 1436 489 1462 tanto
514 1444 636 1463 munere
661 1437 871 1473 imperatorem
896 1437 984 1465 remi-

162 1477 211 1511 sit,
227 1477 386 1514 clausoque
401 1487 500 1507 coram
517 1480 559 1508 eis
574 1481 722 1516 cubiculo,
747 1482 776 1508 in
797 1490 854 1518 quo
878 1490 983 1509 aurum

158 1522 308 1557 signatum
328 1525 399 1556 erat,
418 1523 458 1551 ait
469 1524 529 1552 illis
542 1533 548 1551 :
561 1525 624 1552 Haec
637 1526 736 1553 aﬂ‘erte
755 1526 935 1562 imperatori,
952 1529 985 1554 ut

154 1566 185 1593 in
201 1567 316 1594 fabricae
332 1575 406 1602 opus
433 1571 541 1604 eroget.
569 1569 625 1602 Illi,
648 1570 784 1597 eunucho
807 1570 847 1597 ibi
873 1570 983 1605 relicto,

155 1611 233 1646 quod
250 1614 433 1647 acceperant,
450 1612 620 1648 imperatori
637 1622 742 1641 aurum
771 1615 916 1642 deferunt.
932 1615 984 1642 Ille

1027 323 1078 356 ᾦα,
1103 330 1148 346 και
1177 318 1336 357 ἐγειράντων
1363 319 1426 349 τοὺς
1454 318 1544 346 ἇπάνω
1573 318 1665 350 κίονας
1692 320 1736 346 καὶ
1766 318 1855 356 καμά-

1027 375 1086 402 ρας,
1102 363 1147 391 καὶ
1175 363 1362 391 σκεπασάντων
1388 363 1422 390 τὰ
1445 364 1533 401 πέριξ,
1549 363 1649 400 ἠθύμει
1675 364 1690 391 6
1713 363 1855 401 βασιλεὺς,

1028 408 1073 435 διὰ
1095 408 1126 436 τὸ
1153 410 1190 445 μὴ
1214 405 1287 446 ἔχειν
1319 410 1423 446 χρυσοῦ
1447 408 1596 443 ποσότητα.
1625 409 1780 445 Ἱσταμὲνου
1809 407 1856 435 οὖν

1027 455 1075 480 τοῦ
1100 452 1233 491 βασιλέως
1268 452 1306 484 είς
1335 453 1369 480 τὰ
1400 453 1509 490 ὑπερῷα
1536 455 1591 481 τῶν
1616 453 1785 489 κτισμάτων,
1811 453 1856 480 καὶ

1031 497 1179 534 μέλλοντος
1196 497 1299 534 ἐγεῖραι
1325 497 1371 524 τὸν
1395 497 1516 534 Τροῦλον
1540 498 1607 533 μετὰ
1627 498 1676 532 τήν
1706 497 1780 536 ὥραν
1806 499 1857 525 τοῦ

1030 539 1184 576 Σαϐϐάτου,
1211 543 1248 573 ὡς
1284 540 1339 577 ἤδη
1377 541 1473 579 βαθέος
1500 542 1623 578 ἀρίστου,
1649 541 1858 579 ἀδημονοῦντος

1028 589 1076 614 τοῦ
1108 586 1252 624 βασιλέως,
1279 585 1363 624 ἐφάνη
1398 586 1472 622 αὐτῷ
1509 586 1651 624 εὐνοῦχος,
1677 587 1856 625 λευκοφόροςι

1031 632 1149 670 εἰρηκὼς
1177 631 1250 667 αὐτῷ
1267 640 1273 647 ·
1303 632 1333 658 Τί
1363 630 1437 668 λυπῇ
1462 632 1524 668 περῖ
1547 631 1719 669 χρημάτων;
1737 631 1858 669 πρόστα-

1031 677 1074 712 ξον
1105 676 1193 708 ἐλθεῖν
1220 675 1292 714 ταχὺ
1313 676 1362 710 τήν
1379 674 1472 714 αὔριον
1489 675 1517 703 ἐκ
1531 678 1586 703 τῶν
1604 677 1770 713 μεγιοτίίνων
1797 687 1857 711 σου,

1031 722 1073 748 καὶ
1100 721 1208 757 κομίσω
1234 731 1275 748 σοι
1299 721 1414 758 χρυσίου
1438 721 1569 759 χάραγμα
1591 720 1653 748 ὅσον
1678 720 1708 748 ἂν
1733 719 1858 760 ὀφείλῃς.

1031 767 1074 802 Τῇ
1098 764 1126 792 δὲ
1151 765 1279 803 ἐπαύριον
1311 764 1397 797 ἐλθὼν
1421 765 1434 792 6
1459 765 1601 802 εὐνοῦχος,
1624 766 1669 792 καὶ
1694 766 1781 802 εὑρὼν
1812 765 1858 792 τὸν

1035 809 1159 847 βασιλέα,
1176 809 1217 837 ὅτι
1235 809 1379 847 ἐπορεύετο
1403 810 1467 847 ὁρᾷν
1491 810 1524 837 τὰ
1545 810 1689 846 κτίσματα,
1705 808 1822 837 δέδωκεν
1846 811 1859 836 6

1036 854 1163 893 βασιλεὺς
1183 855 1228 882 τὸν
1255 855 1434 892 Στρατήγιον,
1456 853 1501 881 καὶ
1526 853 1675 890 Βασιλίδην
1697 854 1742 881 τὸν
1773 853 1861 881 κοιαί-

1035 910 1127 937 στορα,
1143 899 1188 927 καὶ
1212 898 1352 937 Θεόδωρον
1374 898 1528 937 πατρίκιον,
1549 899 1595 926 τὸν
1626 898 1740 934 ὶπίκλην
1768 897 1859 926 Κολο-

1035 943 1146 979 κύνθην,
1173 944 1218 971 τὸν
1241 944 1286 971 καὶ
1311 942 1443 981 ἔπαρχον,
1466 943 1510 970 καὶ
1537 943 1673 980 ὑπηρέτας
1699 943 1784 980 μέχρι
1805 945 1860 970 τῶν

1038 990 1215 1023 πεντήκοντα,
1244 988 1289 1015 καὶ
1318 988 1451 1024 ἡμιόνους
1482 987 1567 1015 εἴκοσι
1598 987 1666 1024 μετὰ
1693 986 1860 1025 βουλγιὸίων

1040 1035 1128 1070 ζυγῶν
1151 1034 1200 1068 κζ’.
1224 1032 1342 1063 Τούτους
1367 1030 1459 1060 λαϐὼν
1483 1032 1496 1059 6
1523 1032 1656 1070 εὐνοῦχος
1690 1031 1788 1067 ἐξῆλθε
1811 1035 1864 1066 τῆς

1039 1078 1157 1115 Χρυσίας
1187 1077 1299 1114 πόρτας,
1327 1076 1372 1103 καὶ
1402 1075 1488 1104 ἐλθὼν
1522 1076 1562 1108 εἷς
1597 1077 1630 1103 τὰ
1667 1074 1864 1114 Τριεουνάλια,

1039 1121 1122 1160 ἐφάνη
1150 1122 1196 1158 μὶν
1228 1124 1287 1152 τοῖς
1317 1120 1493 1149 ἀποσταλεῖσι
1522 1119 1643 1148 παλάτια
1669 1120 1765 1148 κτιστὰ
1799 1126 1867 1152 θαυ-

1040 1166 1137 1203 μαστά.
1168 1167 1216 1195 Ἐκ
1243 1168 1297 1193 τῶν
1325 1165 1418 1193 ’ίππων
1449 1164 1478 1192 δὶ
1504 1162 1678 1201 Μταῦὼτες,
1708 1163 1867 1192 ἀνεϐίϐασεν

1039 1211 1136 1242 αὐτοὺς
1152 1212 1166 1238 6
1181 1211 1310 1248 εὐνοῦχος
1327 1211 1365 1241 εἷς
1380 1209 1503 1246 κλίμακα
1527 1211 1696 1246 θαυμαστὴν,
1717 1210 1763 1237 καὶ
1786 1207 1867 1238 ἐκϐα-

1039 1255 1094 1284 λὼν
1120 1255 1216 1283 κλεῖδα
1240 1255 1367 1293 λαμπρὰν
1392 1253 1514 1292 χαλκῆν,
1539 1253 1631 1290 ἤνοιξε
1658 1251 1866 1282 κουϐούκλιον·

1038 1300 1094 1336 καὶ,
1111 1300 1148 1332 ὥς
1173 1311 1238 1339 φησι
1264 1301 1432 1337 Στρατήγιος
1447 1299 1460 1326 6
1481 1299 1639 1337 μάγιστρος,
1655 1299 1688 1333 ἦν
1711 1299 1742 1326 τὸ
1766 1297 1866 1338 ἔδαφος

1039 1345 1210 1383 ἐστρωμένον
1225 1345 1270 1372 καὶ
1290 1344 1510 1382 πεπληρωμένον
1532 1343 1647 1381 χρυσίου
1671 1345 1865 1381 χαράγματος.

1039 1390 1088 1417 Καὶ
1113 1387 1206 1417 λαϐὼν
1231 1389 1315 1416 πτύον
1342 1389 1355 1415 ὀ
1380 1388 1522 1426 εὐνοῦχος,
1544 1385 1640 1415 ἔϐαλεν
1671 1387 1711 1426 ἐφ’
1731 1386 1777 1415 ἕνα
1800 1386 1865 1415 ἕκα-

1039 1444 1100 1461 στον
1119 1432 1286 1471 βουλγίδιον,
1303 1435 1407 1471 χρυσοῦ
1421 1433 1585 1470 κεντηνάρια
1598 1431 1714 1470 τέσσαρα
1730 1441 1736 1448 ⁸
1753 1433 1776 1470 ρ’
1789 1433 1813 1469 ρ’
1827 1433 1864 1460 π’.

1039 1478 1087 1506 Καὶ
1113 1477 1177 1509 δοὺς
1202 1478 1295 1509 αὐτοῖς
1319 1476 1461 1505 ἀπέστειλε
1484 1477 1552 1514 πρὸς
1575 1477 1622 1504 τὸν
1659 1475 1774 1515 βασιλέα
1791 1486 1797 1492 ·
1819 1477 1865 1504 καὶ

1038 1522 1148 1553 κλείσας
1174 1522 1324 1559 ἔμπροσθεν
1349 1521 1436 1549 αὐτῶν
1461 1522 1493 1549 τὸ
1516 1519 1710 1555 κουὸούκλιον,
1732 1521 1757 1548 ἐν
1783 1521 1807 1556 ᾦ
1833 1521 1867 1554 ἧν

1038 1567 1069 1595 τὸ
1098 1567 1239 1605 χάραγμα,
1268 1565 1319 1604 ἔφη
1347 1567 1439 1597 αὐτοῖς
1456 1575 1462 1583 ⁶
1492 1566 1584 1602 Ὑμεῖς
1611 1565 1745 1602 κομίσατε
1780 1567 1868 1593 ταῦτα

1039 1614 1078 1646 τῷ
1111 1611 1229 1648 βασιλεῖ,
1255 1611 1294 1642 sic
1326 1612 1358 1639 τὸ
1386 1613 1571 1638 κατακενῶσαι
1596 1610 1663 1638 αὐτὰ
1693 1610 1731 1642 εἰς
1758 1609 1869 1638 οἰκοδοο

154 1663 223 1682 vero
241 1655 462 1690 obstupefactus
477 1665 482 1684 :
496 1658 639 1690 Quonam,
656 1658 764 1694 inquit,
780 1659 980 1692 concessistis,
998 1651 1019 1684 C
1041 1656 1094 1692 μὴν
1113 1659 1163 1683 τοῦ
1185 1659 1262 1684 ναοῦ.
1283 1657 1311 1683 '0
1339 1655 1368 1683 δὲ

1072 1659 1094 1690 ἦν
1113 1659 1163 1683 τοῦ
1185 1659 1262 1684 ναοῦ.
1283 1657 1311 1683 '0
1339 1655 1368 1683 δὲ
1391 1656 1522 1693 εὐνοῦχος
1550 1654 1714 1690 κατελείφθη
1746 1654 1814 1684 ἐκεῖ.
1836 1656 1870 1684 Οἱ

156 1698 259 1733 quisve
272 1700 427 1727 eunuchus
443 1700 513 1728 ille?
524 1701 582 1737 Ipsi
602 1710 669 1730 vero
681 1705 787 1730 cuncta
803 1703 905 1731 ordine
917 1712 983 1731 nar-

157 1746 224 1771 rant
240 1743 338 1772 locum
349 1745 475 1777 aediﬁcii,
488 1746 608 1782 vimque
627 1747 690 1774 auri
706 1747 881 1776 immensam
892 1749 921 1776 in
933 1757 986 1776 cu-

157 1788 422 1824 biculojacentem.
435 1790 546 1825 Cupide
567 1792 726 1827 imperator
749 1793 935 1828 exspectabat
946 1802 987 1821 re-

159 1833 254 1860 ditum
270 1834 398 1861 eunuchi
415 1843 422 1862 :
440 1843 505 1862 cum
524 1837 622 1864 autem
635 1844 692 1864 non
704 1838 826 1870 veniret,
842 1846 957 1865 servum
969 1846 986 1866 a

158 1878 282 1913 pedibus
298 1879 334 1906 ad
350 1878 433 1906 illum
451 1879 534 1907 misit
558 1888 685 1917 cumque
707 1881 805 1909 locum
818 1882 847 1909 in
864 1890 922 1917 quo
937 1891 985 1918 pa-

159 1921 231 1950 latia
240 1922 384 1956 viderant,
394 1924 480 1952 domo
491 1932 583 1952 vacuu
590 1933 617 1952 m
631 1926 982 1961 deprehendisset,rever—

158 1974 210 1994 sus
226 1969 330 1994 cuncta
353 1967 523 2002 imperatori
547 1971 705 1998 renuntiat.
734 1971 859 2006 Stupore
874 1970 985 2006 percul-

159 2018 210 2038 sus
227 2010 286 2045 ille,
308 2020 338 2038 re
352 2011 512 2048 intellecta,
531 2013 707 2042 dixit2Vere
718 2015 781 2051 ipse
797 2014 845 2042 Dei
862 2014 983 2050 angelus

158 2057 230 2087 erat,
241 2057 270 2082 et
285 2055 462 2084 miraculum
476 2057 612 2086 effectum
627 2062 682 2094 est,
697 2061 728 2086 ut
739 2060 914 2094 sciamus,ac
925 2059 982 2086 Deo

158 2098 281 2134 gloriam
296 2100 473 2129 tribuamus.

1041 1699 1069 1728 δὲ
1089 1700 1191 1738 ἤγαγον
1217 1703 1257 1737 τῷ
1279 1699 1388 1738 βασιλεῖ
1411 1700 1443 1728 τὸ
1465 1710 1592 1738 χρυσιον,
1608 1700 1655 1727 καὶ
1682 1699 1830 1737 ἐκπλαγεὶς
1855 1701 1869 1727 ὁ

1042 1745 1180 1783 βασιλεὺς,
1195 1743 1246 1784 ἔφη
1269 1745 1361 1775 αὐτοῖς
1377 1754 1383 1761 ·
1402 1745 1445 1773 'Ev
1469 1745 1542 1780 ποίῳ
1561 1744 1638 1780 τόπῳ
1660 1744 1807 1778 ἆπὲλθατε,
1823 1744 1868 1771 καὶ

1039 1791 1081 1821 τίς
1096 1791 1109 1817 ὁ
1128 1791 1281 1827 εὐνοῦχος;
1298 1790 1350 1817 Καὶ
1374 1788 1536 1826 ἀνήγγειλαν
1555 1788 1629 1825 αὐτῷ
1654 1789 1752 1824 πάντα,
1767 1789 1816 1816 τόν
1839 1799 1869 1816 τε

1040 1835 1122 1863 τόπον
1146 1837 1199 1862 τῶν
1224 1833 1382 1870 οἰκημάτων
1406 1833 1491 1870 αὐτῷ,
1517 1833 1561 1861 καὶ
1591 1833 1633 1861 ὅτι
1661 1833 1776 1871 χρυσίον
1808 1833 1868 1871 οἶγε

1039 1879 1192 1916 κεχυμένον
1207 1878 1250 1906 ἐπὶ
1262 1879 1294 1906 τὸ
1308 1875 1488 1906 κουῦούκλιον
1506 1877 1544 1909 εἰς
1568 1877 1676 1912 πλῆθος
1699 1876 1784 1906 πολύ.
1810 1880 1868 1905 Κα-

1042 1923 1163 1961 ραδοκῶν
1188 1924 1202 1950 ὁ
1230 1922 1358 1961 βασιλεὺς
1384 1923 1430 1949 τὸν
1449 1921 1582 1959 εὐνοῦχον
1612 1921 1700 1954 ἐλθεῖν
1725 1922 1795 1959 πρὸς
1824 1921 1868 1949 αὖ·

1038 1969 1084 1996 τὸν
1119 1967 1186 2005 μετὰ
1213 1967 1277 1998 τοὺς
1304 1966 1459 2001 σταλέντας,
1488 1966 1534 1994 γαὶ
1562 1967 1599 1998 ὡς
1627 1967 1659 1993 οὐ
1692 1966 1867 2003 παρεγένετο,

1039 2012 1181 2040 ἀπέστειλε
1208 2012 1253 2039 τὸν
1280 2011 1432 2043 ἀκόλουθον
1461 2011 1546 2038 αὐτοῦ
1576 2010 1615 2042 εἲς
1643 2011 1689 2038 τὸν
1714 2010 1867 2048 εὐνοῦχον·

1038 2058 1084 2085 καὶ
1112 2057 1196 2095 εὑρὼν
1224 2056 1270 2084 τὸν
1295 2056 1378 2083 τόπον
1407 2055 1432 2082 ἐν
1464 2055 1487 2092 ᾦ
1520 2055 1646 2083 ἐθεάσατο
1675 2055 1711 2083 τὰ
1746 2054 1870 2083 παλάτια

1039 2102 1105 2129 ὅλον
1130 2100 1246 2137 ἄνοικον,
1259 2100 1304 2128 καὶ
1330 2100 1510 2137 ὑποστρέψας,
1534 2099 1664 2138 ἐγνώρισε
1687 2099 1727 2134 τῷ
1759 2098 1870 2136 βασιλεῖ

159 2143 246 2171 πάντα
261 2144 311 2172 ὅσα
326 2144 463 2174 ἐθεάσατο.
481 2146 644 2185 Ἐκπλαγεὶς
659 2147 687 2175 δὲ
702 2148 747 2176 καὶ
762 2149 851 2186 γνοὺς,
864 2148 945 2183 εἶπεν,
963 2150 1023 2176 Ὅτι
1039 2147 1151 2183 ἀληθῶς
1168 2146 1248 2178 αὐτὸς
1259 2145 1373 2184 ἅγγελος
1388 2147 1455 2173 Θεοῦ
1466 2145 1511 2180 ἦν,
1527 2146 1572 2173 καὶ
1589 2145 1678 2181 θοῦμα
1692 2145 1813 2182 γέγονεν,
1823 2144 1869 2172 ἵνα

158 2190 274 2225 γνῶμεν,
288 2190 333 2216 καὶ
351 2191 478 2228 μεγάλως
494 2189 648 2229 δοξάσωμεν
669 2193 715 2220 τὸν
732 2193 808 2221 Θεόν.

157 2253 255 2282 1)ίυίηο
270 2255 379 2282 monitu
395 2256 499 2290 triplici
513 2256 608 2292 apside
621 2265 671 2284 seu
685 2258 790 2292 [ornice
806 2255 883 2285 Dama
898 2257 1074 2285 illustratur.
1089 2257 1160 2285 Pilw
1184 2264 1282 2285 omnes
1304 2256 1422 2283 interius
1435 2255 1611 2290 exteriusque
1624 2254 1726 2292 ferrei;
1744 2254 1868 2282 vectibus

246 2291 480 2325 lerruminanlur,
498 2291 602 2320 ac’oleo
617 2297 643 2320 et
658 2294 731 2321 calce
746 2293 928 2328 obducuntur,
944 2295 971 2321 et
992 2295 1033 2321 ita
1056 2294 1199 2321 variorum
1217 2300 1386 2319 marmorum
1402 2292 1616 2319 incrustationes
1633 2291 1773 2326 aptantur.

193 2343 264 2371 Cum
277 2346 373 2371 autem
386 2353 502 2373 sacrum
517 2345 604 2374 bema
620 2346 786 2382 perfecturi,
804 2355 836 2374 ac
858 2355 910 2382 per
924 2347 981 2374 for-
996 2348 1021 2380 Β

156 2386 235 2415 uices
248 2387 320 2416 vitro
336 2388 497 2417 instructos
523 2389 619 2418 lucem
645 2391 846 2418 intromissuri
871 2393 981 2424 essent,

155 2432 294 2468 precepit
308 2433 477 2467 architecto,
489 2436 522 2461 ut
537 2434 624 2462 unica
644 2435 746 2470 apside
761 2435 873 2462 concha
885 2435 980 2463 lucem

157 2476 302 2511 acciperet
319 2487 324 2505 :
343 2487 521 2513 rursumque
533 2482 644 2507 mutata
659 2480 811 2513 sententia,
824 2480 916 2514 jussit
930 2487 981 2514 per

155 2519 301 2556 duplicem
319 2523 450 2558 apsidem
467 2523 587 2550 immitti
600 2523 706 2558 lucem,
719 2524 788 2559 quia
799 2532 901 2551 murus
913 2523 977 2551 nul-

154 2563 191 2591 lis
208 2564 341 2593 firmatus
371 2567 474 2603 tignis,
500 2568 598 2602 qualia
630 2568 759 2596 nartheci
781 2577 814 2595 ac
837 2568 978 2596 lateribus

154 2609 286 2636 adhibita
303 2611 427 2645 fuerant,
444 2613 561 2648 pondus
577 2621 635 2640 non
656 2613 839 2640 admittebat.
862 2612 977 2648 Reliqui

153 2661 220 2680 vero
238 2654 365 2682 artiﬁces
379 2657 606 2692 contendebant,
623 2659 744 2685 unicum
761 2657 900 2685 fornicem
912 2665 976 2684 esse

153 2697 330 2726 illustrando
344 2699 452 2727 bemati
482 2701 565 2729 satis.
590 2702 701 2730 Anxius
719 2703 815 2737 itaque
840 2702 975 2737 princeps

156 2743 383 2771 architectorum
395 2744 540 2780 inopsque
550 2746 666 2774 consilii
691 2747 844 2782 erat,quod
854 2746 975 2781 impera-

154 2789 201 2815 tor
216 2788 303 2815 modo
317 2788 447 2824 upsidem
458 2791 649 2822 unam,modo
664 2791 737 2818 duas
749 2790 975 2825 construijube-

1072 2346 1114 2372 Ἐν
1140 2343 1168 2372 δὲ
1191 2347 1231 2381 τῷ
1255 2343 1366 2381 μέλλειν
1388 2344 1419 2371 τὸ
1444 2344 1518 2380 ἅγιον
1545 2343 1736 2380 Θυσιαστήριον
1749 2341 1866 2369 τελειῶ-

1036 2400 1092 2424 σαι,
1117 2389 1162 2416 καὶ
1192 2388 1236 2416 διὰ
1261 2391 1316 2416 τῶν
1345 2391 1431 2416 στοῶν
1460 2391 1662 2426 φωταγωγῆσαι
1691 2385 1736 2414 διὰ
1767 2386 1866 2414 ὑελίων

1034 2433 1182 2472 προσέταξε
1201 2436 1242 2469 τῷ
1269 2435 1428 2471 μηχανικῷ,
1449 2432 1497 2460 ’ίνα
1521 2433 1625 2470 γένοιτο
1650 2432 1663 2458 6
1688 2430 1757 2468 μύαξ
1782 2442 1869 2467 μονο-

1033 2479 1182 2516 κάμαρος·
1209 2478 1254 2505 καὶ
1276 2478 1359 2505 πάλιν
1388 2476 1590 2514 μεταμεληθεὶς
1619 2475 1766 2512 προσέταξε
1790 2476 1871 2513 γενέ-

1034 2524 1091 2550 σθαι
1110 2522 1238 2562 δίφωτον,
1256 2522 1300 2550 διὰ
1316 2522 1364 2549 δύο
1379 2521 1498 2559 ἀψίδωνυ
1514 2520 1558 2549 διὰ
1572 2520 1604 2548 τὸ
1619 2521 1657 2557 μή
1675 2519 1798 2555 δέξασθαι
1820 2521 1870 2558 βά-

1034 2577 1091 2605 ρος,
1115 2568 1156 2595 ὅτι
1181 2568 1267 2595 ἐκεῖσε
1292 2567 1441 2605 ἴκριόματα
1466 2566 1514 2594 οὐκ
1538 2563 1639 2601 ἔθεντο,
1658 2565 1747 2601 ὥσπερ
1771 2563 1798 2591 ἐν
1831 2567 1871 2600 τῷ

1031 2613 1160 2650 νάρθηκι,
1186 2613 1229 2639 κοὶ
1267 2612 1311 2639 ἐπὶ
1347 2612 1394 2643 τὰς
1427 2609 1550 2648 πλευρὰς
1578 2612 1626 2637 τοῦ
1650 2610 1726 2636 ναοῦ.
1751 2610 1812 2635 Τῶν
1846 2608 1874 2636 δὲ

1032 2656 1138 2684 λοιπῶν
1159 2659 1292 2694 τεχνιτῶν
1326 2655 1535 2693 ἀντιλεγόντων,
1552 2655 1591 2686 ὡς
1616 2654 1666 2691 μία
1685 2653 1796 2690 καμάρα
1813 2664 1873 2692 τρω-

1030 2701 1095 2736 τίζει
1121 2702 1153 2729 τὸ
1183 2702 1389 2738 θυσιαστήριον,
1409 2700 1453 2728 καὶ
1479 2699 1685 2736 ἀδημονοῦντος
1712 2700 1762 2726 τοῦ
1790 2708 1871 2736 πρω-

1029 2745 1215 2783 τοοικοδόμου
1229 2746 1256 2774 τί
1271 2745 1300 2773 ἂν
1316 2755 1437 2780 ποιησει,
1454 2744 1496 2772 ὅτι
1512 2744 1578 2772 ποτὲ
1604 2744 1652 2780 μὲν
1676 2741 1751 2780 λέγει
1778 2743 1793 2769 6
1817 2743 1869 2780 βα-

1030 2790 1122 2822 σιλεὺς
1146 2791 1209 2827 μίαν
1239 2789 1322 2827 ὁψίόα
1342 2790 1475 2827 γενέσθαι,
1494 2788 1597 2816 ἄλλοτε
1612 2787 1642 2816 δὲ
1654 2786 1772 2822 δύο,καὶ
1796 2786 1868 2814 ἐσιτῶ
