1936 3047
81 127 160 158 1301

649 128 832 160 ANONYMI
854 129 1143 165 ANTIQUITATES
1166 130 1222 160 GP.

1711 130 1790 161 I302

77 202 128 223 τος
156 193 240 220 αὐτοῦ
271 191 356 220 ἐκεῖσε
379 192 423 220 καὶ
448 192 646 228 άκηδιάσαντος
659 193 750 232 ἡμέρᾳ
765 192 786 221 δ’
801 194 859 232 ὥρᾳ
873 195 901 230 ε’,

1015 194 1144 223 Sollicito
1159 197 1260 223 autem
1276 194 1318 222 illi
1335 197 1362 222 et
1379 195 1488 223 ibidem
1500 195 1591 223 stanti
1605 195 1684 223 feriae
1700 204 1788 232 quar-

77 236 164 274 ἐφάνη
182 237 256 273 αὖτῷ
268 235 386 275 ἅγγελος
412 237 511 274 Κυρίου
527 237 553 264 ἐν
568 239 726 275 ὁμοιώματι
750 239 908 266 Ὶουστινια-

78 284 129 309 νοῦ
157 282 224 317 μετὰ
248 281 393 318 βασιλιχης
409 281 523 316 ἐσθῆτος
546 282 591 309 καὶ
618 282 748 320 ἐρυθριῶν
776 282 909 318 πεδιλῶν,

77 326 124 353 καί
143 336 209 364 φησι
224 328 264 362 τῷ
278 326 401 364 τεχνίτῃ·
419 325 495 354 Θέλω
522 325 568 354 ’ίνα
598 338 644 363 μοι
660 328 776 364 ποιήσῃς
799 327 907 364 τρίφοι-

79 381 130 398 τον
155 370 256 407 μύακα,
285 371 330 398 καὶ
347 369 392 398 διὰ
405 373 488 408 τριῶν
506 373 592 398 στοῶν
609 372 735 409 φωτίζειν
760 372 791 399 τὸ
816 373 909 398 θυσια-

81 416 207 452 στήριον,
224 414 263 447 εἴς
287 413 373 452 ὄνομα
398 416 501 453 Πατρὸς
525 416 570 443 καὶ
587 416 650 443 Υἱοῦ
663 416 707 444 καὶ
731 416 809 453 ἁγίου
826 416 910 443 Ilvati-

82 469 180 495 ματος.
220 459 270 487 Καὶ
308 459 386 490 εὐθὺς
427 460 514 499 ἀφνής
543 460 669 497 ἐγένετο·
699 461 743 488 καὶ
772 460 910 488 καταπλα-

77 504 139 541 γεὶς
154 505 167 532 ὁ
186 503 320 541 μα’ίστωρ,
333 505 493 542 παρεγένετο
509 505 552 532 ἐπὶ
567 505 599 532 τὸ
622 504 765 540 παλᾶτιον,
786 505 831 532 xui
847 505 909 532 ἀντ-

79 547 159 587 έλεγε
174 551 212 584 τῷ
230 548 337 587 βασιλεῖ
346 549 499 586 αὐστηρῶς,
514 550 575 578 ’Ότι
593 549 624 576 σὺ
642 548 769 587 βασιλεὺς
783 551 908 580 τοιοῦτος

80 592 132 627 ὢν,
154 591 201 620 ἵνα
218 592 299 631 λόγον
317 593 366 621 οὐκ
379 590 464 631 ἔχειςο
483 594 566 631 μέχρι
579 597 629 628 τῆς
645 593 705 632 ἄρτι
721 591 801 625 ἐϐόας
817 597 907 621 ποιεῖν

83 647 117 673 με
149 637 210 673 μίαν
239 638 332 673 στοὰν,
363 637 464 666 ἄλλοτε
480 637 509 665 δὲ
531 637 590 672 δύο,
605 638 631 666 ἰν
656 641 696 674 τῷ
711 638 907 675 θυσιαστηρίῳ

80 682 126 709 xui
144 681 188 709 ὅτε
204 682 349 717 ἑτελειωθη
366 683 397 710 τὸ
421 680 512 720 ἔργον,
536 683 670 721 παρίστῃς
685 694 731 719 μοι
752 682 852 720 λέγων,
866 682 908 709 ὅτι

81 726 126 754 Ἐν
142 727 214 764 τρισὶ
230 726 365 764 καμάραις
381 727 499 766 φώτισον
515 728 545 755 τὸ
571 728 761 765 θυσιαστήριον
786 726 830 754 διὰ
858 727 908 761 τήν

82 774 134 805 τῆς
158 770 277 808 Τριάδος
303 771 406 801 πίστιν.
441 771 524 803 Γνοὺς
545 771 574 799 δὲ
589 772 603 799 ὁ
625 771 764 810 βασιλεὺς,
782 771 823 798 ὅτι
840 771 908 806 αὖτῇ

80 815 174 852 ἡμέρᾳ
195 817 240 843 xui
269 815 326 853 ὥρᾳ
351 816 380 844 ἐκ
402 819 452 844 τοῦ
475 815 612 844 παλατίου
636 816 718 844 αὐτοῦ
735 816 783 843 οὐκ
799 815 904 850 ἐξῆλθε.

79 857 218 896 Ἀκριϐὦς
235 860 340 898 [φησὶν]
361 860 478 898 ἱπέγνων
491 859 534 888 ὅτι
549 859 667 898 ἄγγελός
682 861 736 888 ἐτιν
752 861 766 887 ὁ
783 860 906 896 λαλήσας

81 914 136 931 σοι’
152 905 196 932 καὶ
213 904 328 940 ποίησον
344 904 431 936 οὕτως
447 905 485 936 ὡς
500 905 545 932 καὶ
560 905 618 933 εἶπέ
634 916 687 933 σοι.
703 906 804 936 Πάντες
827 904 856 932 δὶ
881 905 907 932 οἱ

85 949 175 976 πινσοὶ
192 946 290 981 ἔσωθεν
308 949 359 977 ὑπὸ
375 948 493 986 σιδηρῶν
518 949 632 987 μοχλῶν
658 951 818 987 κρατοῦνται
835 949 908 986 ἐγκε-

85 991 326 1030 κλεισμένοιπρὸς
341 992 484 1029 ἀλλήλους
506 997 626 1032 κρατεῖν,
651 994 695 1021 καὶ
721 994 786 1021 εἶναι
810 994 909 1031 ἀμετα-

85 1038 225 1073 κινήτους.
239 1038 275 1066 “Η
292 1036 320 1065 δὲ
335 1037 471 1074 ἔμπλασις
485 1038 603 1074 πάντων,
623 1041 677 1066 τῶν
703 1041 818 1074 πινσῶν,
843 1037 910 1075 μετὰ

85 1080 179 1109 ἐλαίου
194 1082 239 1110 καὶ
254 1080 398 1110 ἀσϐέστου·
417 1083 462 1110 καὶ
479 1082 566 1114 οὕτως
581 1083 672 1110 ἐπάνω
700 1083 846 1118 ἀνέστησαν
863 1083 910 1114 τὰς

84 1125 214 1158 ποικίλας
229 1127 503 1165 ὁρθομαρμαρώσεις.

965 242 1001 266 tua
1017 239 1088 267 hora
1103 239 1217 276 quinta,
1241 240 1378 276 apparuit
1402 239 1524 275 angelus
1550 240 1674 273 Domini,
1691 241 1789 276 specie

965 286 994 311 et
1005 284 1098 312 forma
1112 284 1319 320 imperatorem
1330 285 1661 319 referens,imperstorio
1672 286 1788 319 vestitu,

965 328 1063 356 rubris
1077 329 1194 361 calceis,
1212 337 1339 365 eumque
1361 329 1403 357 sic
1433 329 1538 356 atl'atur
1553 334 1560 352 1
1578 329 1675 356 Placet
1690 332 1722 357 ut
1736 330 1788 357 tri-

966 373 1040 409 plice
1050 374 1152 409 apside
1164 374 1276 402 concha
1288 374 1383 402 lucem
1395 374 1529 410 accipiat,
1543 373 1710 409 triplicique
1723 383 1789 409 por-

965 417 1024 445 ticu
1040 418 1125 445 bema
1141 418 1316 453 illustratur,
1335 418 1365 446 in
1381 419 1499 446 nomine
1513 418 1607 446 Palris
1632 420 1660 445 et
1684 418 1750 446 Filii
1764 421 1792 446 et

964 462 1092 497 Spiritus
1117 463 1271 490 sanctizet
1290 463 1391 490 statim
1413 463 1448 490 ab
1464 462 1559 490 oculis
1573 462 1638 497 ejus
1663 463 1789 490 evanuit.

964 506 1177 534 Consternatus
1189 507 1368 534 architectus
1384 507 1413 534 in
1429 507 1572 542 palatium
1588 509 1706 542 repente
1722 516 1790 535 con-

964 551 1051 585 cedit,
1068 553 1096 579 et
1112 551 1318 586 imperatorem
1346 551 1481 586 asperius
1505 551 1647 587 increpat.
1673 551 1728 586 Tu,
1745 551 1790 579 in-

964 596 1037 631 quit,
1055 595 1215 630 imperator
1231 595 1297 622 talis
1308 603 1374 623 cum
1390 594 1442 628 sis,
1460 603 1517 622 non
1535 597 1704 623 constanter
1715 603 1790 623 uno-

964 648 1020 676 que
1045 641 1130 667 modo
1155 639 1294 675 loqueris.
1319 640 1465 667 llacteuus
1497 640 1664 674 imperabas
1693 648 1786 667 unum

963 684 1118 719 fornicem,
1132 693 1200 712 mox
1215 684 1289 711 duos
1304 685 1339 711 ad
1356 683 1567 711 illustrandum
1595 684 1680 712 bema
1696 684 1787 711 aedili-

963 728 1022 756 cari
1035 737 1041 762 ;
1054 729 1117 764 jam
1135 737 1221 764 opere
1237 728 1370 756 absolulo
1378 728 1414 756 ad
1426 737 1470 755 me
1485 729 1567 756 venis
1575 728 1676 756 dicens
1694 737 1700 756 :
1718 729 1789 756 Tres

963 773 1089 800 fornices
1107 772 1201 800 lucem
1214 773 1322 800 bemati
1338 773 1447 800 faciant
1461 776 1579 808 propter
1594 773 1681 800 fidem
1693 773 1788 800 Trini-

963 817 1042 844 tatis.
1060 817 1222 852 Imperator
1237 825 1304 845 cum
1326 819 1426 845 nosset
1441 825 1472 845 se
1487 816 1537 844 illa
1562 817 1607 844 die
1631 820 1660 844 et
1685 817 1756 844 hora
1772 825 1786 845 e

962 861 1070 897 palatio
1086 862 1190 897 pedem
1208 870 1264 889 non
1289 861 1443 889 extulisse.
1471 862 1566 897 Certo,
1597 861 1702 896 inquit,
1720 861 1786 888 novi

962 905 1096 941 angelum
1113 906 1230 934 Domini
1248 914 1312 934 esse
1328 905 1377 941 qui
1400 907 1428 933 te
1443 905 1589 933 allocutus
1615 907 1676 941 est;
1696 908 1786 941 utque

960 950 1080 986 jussum
1094 952 1139 977 est
1153 950 1254 978 facito.
1270 950 1377 977 Omnes
1393 958 1478 986 porro
1492 950 1557 986 pila
1572 949 1695 978 interius
1708 952 1785 977 exte-

965 995 1085 1030 riusque
1103 995 1204 1022 ferreis
1217 994 1351 1022 vectibus
1372 994 1572 1022 ferruminataa
1595 996 1732 1022 tenentur
1755 996 1788 1022 ut

965 1039 1041 1067 inter
1056 1047 1086 1067 se
1102 1039 1241 1072 hareunt,
1267 1043 1294 1067 et
1315 1039 1443 1067 immotis
1467 1040 1640 1074 consistant,
1665 1037 1789 1075 oleoque

965 1086 994 1112 et
1022 1084 1099 1111 calce
1128 1084 1263 1112 obducta:
1286 1092 1292 1111 :
1318 1086 1347 1111 et
1374 1083 1415 1111 ita
1443 1084 1589 1112 variorum
1607 1091 1788 1111 marmorum

966 1129 1194 1156 incrustationes
1211 1130 1316 1164 aptatae
1332 1129 1422 1156 fuere.

85 1202 127 1229 Ex
142 1201 236 1229 insula
252 1201 343 1229 Rhodo
354 1201 452 1229 lateres
468 1201 504 1229 ad
514 1201 602 1229 Tralli
615 1203 782 1229 structuram
797 1201 965 1237 aﬂarunlur.
983 1202 1119 1237 Reliquiae
1133 1203 1290 1229 sanctorum
1301 1202 1331 1229 in
1341 1201 1488 1229 duodecim
1497 1209 1532 1229 ea:
1552 1201 1588 1229 iis
1609 1205 1789 1236 reponuntur.

121 1237 284 1274 gacergloie:
297 1245 348 1274 prro
363 1238 486 1265 ecclesiae
509 1237 641 1271 firmitate
654 1245 747 1273 preces
770 1238 903 1274 fundunt.
929 1237 1121 1265 Commissum
1143 1245 1176 1265 ac
1199 1237 1310 1272 reliqua
1334 1240 1500 1274 ornamenta
1519 1245 1588 1265 auro
1608 1237 1789 1265 abducuntur.

123 1273 225 1308 Templi
239 1273 442 1308 parvimenlum
455 1273 584 1308 pretiosis
597 1278 715 1301 omalur
729 1273 922 1302 marmoribus.
939 1274 1041 1302 Latera
1056 1274 1125 1302 item
1135 1274 1221 1301 variis
1235 1273 1419 1300 marmoribus
1434 1273 1582 1308 decoravit,
1593 1281 1624 1301 ac
1635 1274 1792 1308 ingentibus

121 1311 148 1337 et
161 1309 288 1344 pretiosis
302 1309 443 1345 lapidibus
457 1310 623 1337 constravit.

123 1369 281 1397 ’Δπέστειλε
296 1369 324 1397 δὲ
348 1370 362 1397 ὁ
388 1370 516 1408 βασιλεὺς
539 1369 666 1408 Τρώϊλον
693 1370 737 1398 τὸν
763 1367 910 1398 κουὸικου-

88 1414 182 1452 λάρίον
199 1436 206 1450 ,
234 1414 278 1442 xui
309 1413 450 1451 Θεόδωρον
479 1414 621 1452 πατρίκιον
641 1438 647 1450 ,
684 1414 729 1442 καὶ
767 1415 909 1444 Βασίλειον

86 1458 247 1496 κοιαίστορα
274 1459 300 1486 ἐν
326 1461 360 1496 τῇ
389 1458 475 1495 Ῥόδῳ
504 1460 590 1495 νήσῳ,
619 1459 664 1486 καὶ
692 1457 796 1496 ἔκαμον
827 1460 912 1487 ἐκεῖσε

89 1503 156 1540 μετὰ
177 1501 269 1538 πηλοῦ
300 1502 408 1541 βήσαλα
433 1503 593 1540 ἶσόσταθμα,
620 1504 664 1530 καὶ
694 1504 815 1539 ἱσόμηκα
839 1515 912 1540 παμ-

89 1547 204 1585 μεγέθη,
232 1548 423 1587 σφραγίζοντις
452 1547 549 1582 οὕτως,
581 1560 594 1573 ε(
623 1548 654 1576 '0
670 1548 734 1579 Θεὸς
763 1547 912 1584 ἐθεμελίω-

87 1603 130 1619 σιν
158 1592 253 1628 αὐτὴν,
280 1593 325 1620 καὶ
356 1593 387 1620 οὗ
418 1592 624 1628 σαλευθησιταν
643 1593 775 1630 βοηθήσει
799 1592 867 1630 αὐτῇ
898 1593 912 1620 ὁ

1001 1371 1357 1407 Misitveroimperatorin
1370 1371 1497 1399 insulam
1510 1371 1644 1399 Rhodum
1658 1370 1788 1399 Troilum

967 1415 1191 1451 cubicularium,
1207 1415 1392 1443 Theodorum
1416 1415 1572 1451 patricium
1587 1418 1616 1443 et
1631 1415 1787 1443 Bssilidem

967 1463 1142 1496 quaestorem
1155 1468 1162 1487 :
1175 1460 1225 1496 qui
1247 1460 1286 1487 ibi
1306 1468 1339 1487 ex
1353 1462 1432 1487 creta
1442 1460 1574 1493 ingentes
1593 1460 1698 1488 lateres
1708 1460 1787 1495 paris

967 1505 1106 1540 ponderis
1114 1507 1142 1532 et
1152 1504 1346 1540 longitudinis
1357 1505 1555 1537 confecerunt,
1566 1504 1606 1532 ita
1618 1504 1786 1540 inscriptos.

968 1560 982 1574 (ι
999 1549 1077 1577 Deus
1093 1549 1227 1577 fundavit
1241 1557 1316 1582 eam,
1332 1551 1360 1576 et
1383 1557 1441 1576 non
1466 1549 1698 1576 commovebitur
1713 1557 1720 1577 :
1737 1548 1787 1576 ad-

965 1594 1082 1630 juvabit
1108 1601 1172 1621 eam
1202 1596 1278 1621 Deus
1304 1601 1390 1621 mane
1420 1592 1539 1620 diliculo
1555 1602 1561 1621 :
1579 1604 1593 1618 »
1609 1595 1698 1628 atque
1722 1593 1786 1627 bos,

88 1637 151 1668 Θεὸς
174 1637 206 1664 τὸ
234 1637 302 1675 πρὸς
330 1636 404 1675 πρωΐ
432 1635 516 1674 πρωΐ.
547 1637 624 1664 »Καὶ
640 1635 848 1674 διαμετροῦντες
863 1636 910 1664 αὐ-

1005 1647 1033 1665 m
1049 1646 1150 1666 eorum
1158 1637 1265 1665 molem
1279 1640 1377 1666 essent
1387 1637 1569 1670 dimensi,ad
1580 1637 1785 1673 imperatorem

86 1683 139 1708 τῶν
168 1682 218 1717 τήν
246 1681 396 1717 ποσότητα,
427 1681 593 1709 ἀπέστελλον
620 1683 660 1717 τῷ
689 1682 806 1719 βασιλεῖ.
830 1683 860 1710 Ὀ
882 1680 911 1709 δὲ

87 1727 205 1763 σταθμὸς
238 1729 291 1754 τῶν
333 1725 439 1753 δώδεκα
480 1726 608 1763 βησάλων
638 1725 745 1754 ἐκείνων
774 1726 910 1764 ἡμετέρου

90 1769 214 1807 βησάλου
243 1770 298 1798 torti
320 1771 437 1807 σταθμὸς
452 1770 520 1803 ἐνὸς,
538 1769 584 1797 διὰ
609 1769 640 1797 τὸ
660 1770 734 1804 εἶναι,
749 1771 798 1804 τὴν
819 1770 908 1805 πηλὸν

87 1814 188 1850 ἐκείνην
212 1814 329 1854 ἐλαφρὰν
353 1815 431 1850 πάνυ,
454 1815 499 1842 καὶ
516 1813 693 1852 σποΠοειδῆ,
724 1814 769 1842 καὶ
796 1817 908 1853 κοῦφον,

87 1860 130 1886 καὶ
147 1858 335 1897 λιυκόχρωον.
366 1860 411 1886 Διὸ
426 1858 470 1886 καὶ
487 1859 571 1896 λόγος
587 1859 725 1896 ἱστορικὸς
754 1859 909 1897 ἐμφέρεται,

86 1903 212 1941 κισηρίου
228 1903 297 1930 ἐστὶν
315 1904 328 1930 ό
351 1903 487 1941 Τροῦλοςυ
517 1902 580 1931 ἀλλ’
610 1903 660 1931 οὐκ
685 1902 741 1931 ἔστι
758 1904 815 1940 μὶν,
846 1902 909 1931 ἐλα-

88 1947 153 1985 φρὸς
178 1946 206 1975 δὶ
235 1947 362 1985 ὑπάρχει.
392 1949 456 1976 Μετ’
484 1948 572 1975 αὐτων
599 1947 628 1975 δὶ
642 1947 909 1984 ἀνοικοδομήσαντες

86 1992 133 2023 τὰς
160 1993 288 2030 τέσσαρας
316 1991 435 2031 μεγάλας
465 1991 584 2029 ἀψίδας⁶
614 1992 658 2020 καὶ
688 1992 831 2030 ἀρξάμενοι
861 2003 909 2020 κυ-

87 2037 154 2065 λίειν
191 2037 237 2064 τὸν
275 2037 417 2075 Τροῦλον,
448 2035 554 2064 δώδεκα
585 2036 694 2074 βήσαλα
718 2037 833 2069 ἐτίθουν
862 2038 906 2064 καὶ

86 2081 234 2118 ἀναμεταξὺ
263 2084 316 2109 τῶν
341 2080 445 2109 δώδεκα
475 2081 603 2119 βησάλων
633 2081 742 2109 ἐποίουν
772 2082 798 2109 οἱ
827 2082 909 2117 ἱερεῖς

86 2126 169 2164 εὐχὴν
194 2126 257 2164 περὶ
286 2125 438 2157 συστᾶσιως
463 2125 629 2161 ἐκκλησίας,
664 2127 708 2153 καὶ
743 2125 851 2153 ἐποίουν
881 2127 907 2153 οἳ

85 2171 188 2199 κτίσται
218 2173 286 2199 κατὰ
315 2169 420 2199 δώδεκα
450 2170 559 2209 βήσαλα
588 2165 850 2207 ὂπὴν,ἐμϐαλόντες
881 2170 907 2198 ἰν

86 2218 143 2248 ταῖς
160 2217 240 2248 ὀπαῖς
254 2216 334 2253 τίμια
357 2216 402 2244 καὶ
428 2217 492 2254 ἅγια
516 2214 632 2252 Αείψανα
647 2214 782 2254 διαφόρων
810 2214 907 2253 ἁγίων,

87 2259 137 2291 ἕως
167 2261 197 2288 οὗ
226 2261 372 2297 ἐτελειώθη
398 2261 411 2288 ὁ
435 2259 567 2296 Τροῦλος.
593 2261 643 2288 Ἠν
670 2258 726 2287 8ὲὸ
750 2260 909 2297 νεωτερικὸς

87 2303 176 2342 ὄρθιος
205 2305 360 2342 ἱστάμενος.
391 2305 439 2333 Καὶ
468 2306 515 2333 εἶθ’
543 2304 630 2336 οὕτως
652 2303 848 2342 πληρώσαντες
861 2304 909 2335 τὰς

88 2347 214 2386 λαμπρὰς
247 2350 292 2377 καὶ
320 2349 497 2387 περικαλλεῖς
529 2348 810 2387 ὀρθομαρμαρώσεις,
847 2358 908 2375 κατ-

89 2393 244 2431 εχρύσωσαν
260 2394 308 2425 τὰς
331 2393 429 2429 ζεύξεις
457 2396 510 2421 τῶν
540 2392 772 2431 ἀρθομαρμάρων,
787 2392 832 2420 καὶ
859 2393 907 2424 τὰς

87 2436 205 2476 κεφαλὰς
230 2439 284 2465 τῶν
313 2437 423 2472 κιόνων,
449 2438 494 2465 καὶ
521 2439 568 2469 τὰς
598 2437 743 2475 λαγαρικὲ,
769 2437 814 2464 καὶ
844 2437 906 2468 τοὺς

87 2483 224 2518 κοσμήτας
248 2484 302 2510 τῶν
329 2482 469 2520 ὑπερῴων,
497 2484 552 2509 τῶν
579 2493 609 2510 τε
624 2481 758 2520 διορόφων
773 2492 816 2509 και
831 2491 906 2518 τριο-

88 2527 187 2566 ρόφων.
217 2526 374 2565 Ἐχρύσωσε
402 2526 431 2554 δὲ
459 2527 545 2554 πάντα
573 2525 603 2553 ἐκ
630 2525 746 2564 χρυσίου
779 2526 907 2563 καθαροῦ,

87 2572 203 2599 πετάλου
230 2571 260 2599 τὸ
289 2571 435 2609 σῦμπαχον
464 2573 512 2598 τοῦ
540 2571 735 2608 χρυσώματσς,
764 2568 905 2597 δακτύλων

88 2615 143 2643 δύο·
173 2615 236 2646 τοὺς
251 2614 280 2643 δὲ
294 2615 410 2654 ὀρόφους
426 2616 537 2649 πάντας,
566 2615 618 2641 ἀπό
637 2625 666 2642 τι
691 2616 744 2642 τῶν
777 2614 906 2650 ὑπερῴων

87 2663 138 2688 τῶν
165 2659 300 2699 διορόφων
327 2661 373 2687 καὶ
399 2662 453 2688 τῶν
477 2660 506 2687 ἐκ
533 2658 662 2696 πλαγίου,
676 2659 720 2686 καὶ
737 2661 791 2685 τῶν
818 2659 906 2695 πέριξ,

87 2705 130 2733 καὶ
162 2707 215 2732 τῶν
245 2704 380 2740 τεσσάρων
409 2705 572 2742 ναρθήκων,
597 2702 789 2739 κατεχρύσωσε
816 2703 849 2730 τά
878 2713 907 2730 τε

88 2747 172 2789 ὅροφα
199 2749 224 2784 ἐξ
254 2747 361 2777 ὑελίνσυ
390 2751 494 2786 χρυσοῦ
518 2747 718 2785 λαμπρότατα,
748 2747 792 2774 καὶ
824 2747 906 2784 μέχρι

87 2797 139 2822 τῶν
165 2793 242 2832 πέριξ
269 2792 428 2830 προαυλίων
446 2802 452 2810 ·
491 2792 621 2824 ὡσαύτως
649 2791 790 2830 ἐχρύσωσε
816 2792 850 2820 τά
876 2802 906 2820 τε

965 1683 1121 1711 miserunt.
1141 1683 1299 1711 Duodecim
1324 1690 1389 1710 vero
1417 1682 1522 1710 lateres
1538 1681 1708 1718 hujusmodi
1735 1681 1786 1709 uni

965 1729 1132 1755 nostrorum
1149 1727 1277 1763 pondere
1292 1735 1378 1763 pares
1393 1729 1480 1760 sunt;
1494 1727 1570 1762 quod
1583 1727 1611 1754 in
1627 1734 1721 1762 genus
1733 1726 1787 1754 luti

963 1772 1146 1800 levissimum
1154 1772 1398 1808 sit,spungiosum
1409 1774 1437 1798 et
1449 1770 1692 1799 candidum.Hinc
1701 1771 1786 1798 etiam

963 1815 1082 1843 Trullus
1100 1816 1236 1852 pumiceo
1259 1823 1323 1844 esse
1346 1815 1431 1850 vulgo
1442 1815 1588 1849 creditur;
1606 1815 1657 1843 sed
1673 1823 1731 1842 non
1748 1815 1788 1843 ita

965 1869 995 1889 se
1009 1869 1055 1888 res
1071 1860 1169 1893 habet,
1189 1860 1325 1896 quamvis
1341 1860 1380 1887 sit
1394 1860 1554 1887 levissima.
1570 1860 1644 1887 Tum
1660 1861 1787 1895 quatuor

963 1904 1093 1940 ingentis
1109 1904 1193 1932 molis
1210 1904 1313 1932 structi
1331 1905 1455 1932 fornices
1471 1913 1478 1931 :
1496 1906 1598 1940 postea
1612 1912 1678 1931 vero
1702 1903 1786 1931 Trul-

964 1950 1024 1977 lum
1041 1950 1070 1976 in
1087 1949 1244 1976 rotundam
1257 1949 1379 1976 formam
1391 1948 1534 1976 aedificare
1544 1949 1614 1981 orsi,
1626 1957 1665 1976 xu
1678 1948 1785 1976 lateres

963 1996 1135 2029 posuerunt,
1151 1996 1179 2021 et
1194 1993 1270 2020 inter
1285 2001 1325 2020 xu
1341 1993 1447 2021 lateres
1472 1993 1647 2027 sacerdotes,
1672 2001 1724 2028 pro
1740 2000 1786 2020 ec-

963 2037 1057 2064 clesia:
1073 2039 1222 2064 structura
1236 2036 1408 2064 etﬁrmitate
1420 2044 1521 2072 preces
1535 2035 1788 2064 fundebantJlinc

963 2089 1055 2116 operis
1071 2081 1101 2108 in
1115 2081 1242 2117 singulis
1258 2081 1401 2109 duodenis
1420 2081 1561 2108 lateribus
1576 2080 1693 2116 singulo
1708 2081 1787 2108 fora-

963 2126 1045 2153 mina
1059 2128 1210 2161 excavant,
1237 2126 1348 2162 quibus
1373 2125 1554 2153 venerabiles
1578 2127 1607 2153 et
1623 2133 1722 2153 sacras
1737 2133 1786 2152 va-

962 2171 1074 2198 riorum
1094 2173 1264 2198 sanctorum
1293 2170 1435 2206 reliquias
1459 2170 1668 2204 immittebant,
1694 2170 1785 2197 donec

964 2215 1090 2249 perfecta
1104 2218 1133 2242 et
1149 2215 1284 2243 absoluta
1297 2215 1416 2243 Trullus
1436 2217 1524 2242 esset.
1541 2215 1609 2242 Erut
1623 2217 1721 2242 autem
1737 2214 1786 2242 illa

963 2259 1102 2288 insolenti
1118 2262 1147 2287 et
1163 2268 1236 2287 novo
1258 2259 1375 2287 fabricae
1399 2267 1506 2295 genere
1529 2259 1666 2286 sublimis
1689 2258 1784 2285 consi-

963 2308 1051 2332 stens.
1071 2307 1111 2331 Ac
1125 2304 1231 2332 deinde
1247 2304 1390 2332 absolutis
1406 2303 1588 2339 elegantibus
1603 2302 1662 2331 illis
1677 2305 1705 2330 et
1721 2310 1783 2330 ma-

962 2348 1077 2384 gniﬁcis
1102 2349 1275 2376 marmoreis
1296 2348 1571 2381 inscrutationibus,
1589 2356 1689 2375 earum
1705 2355 1784 2375 com-

963 2393 1108 2421 missuras
1129 2401 1200 2421 auro
1225 2393 1422 2426 abduxerunt,
1452 2401 1564 2420 necnon
1580 2392 1784 2420 columnarum

962 2437 1096 2473 capitella
1111 2439 1139 2465 et
1150 2437 1333 2473 anaglypba;
1348 2437 1516 2473 pariterque
1532 2436 1680 2473 perystilis
1695 2436 1786 2472 porti-

962 2490 1050 2510 cuum
1066 2483 1202 2510 secundaa
1218 2482 1368 2518 tertiasque
1384 2481 1657 2509 concamerationis.
1681 2481 1786 2508 Omnia

962 2527 1082 2554 demum
1098 2535 1168 2554 auro
1185 2535 1257 2562 puro
1269 2527 1395 2555 obducta
1410 2528 1438 2553 ct
1453 2526 1587 2553 decorata
1598 2527 1681 2558 sunt;
1700 2526 1785 2560 cujus

962 2570 1079 2598 laminis
1112 2572 1171 2599 duo
1199 2571 1302 2607 spissa:
1332 2570 1441 2606 digitos
1475 2572 1569 2597 erant.
1600 2570 1687 2598 Tecta
1715 2570 1785 2597 item

962 2615 1061 2642 omnis
1084 2615 1143 2643 sive
1159 2624 1175 2643 a
1189 2615 1333 2651 superiori
1352 2615 1463 2651 porticu
1481 2614 1614 2642 secundae
1631 2622 1785 2642 concame-

963 2659 1095 2693 ratiouis,
1111 2659 1171 2687 sive
1187 2668 1204 2686 a
1219 2659 1361 2687 lateribus
1389 2662 1418 2687 et
1443 2659 1516 2686 locis
1554 2659 1784 2694 circumpositis,

961 2705 1143 2738 quatuorque
1163 2704 1352 2731 narthecibus
1369 2712 1461 2739 usque
1485 2704 1521 2731 ad
1546 2703 1785 2738 circumjecentia

962 2747 1106 2775 vestibula
1121 2756 1192 2776 auro
1207 2748 1376 2775 encaustico
1391 2757 1478 2784 opere
1502 2748 1634 2776 confecto
1653 2746 1783 2782 splendi-

962 2791 1084 2820 dissime
1098 2791 1249 2821 exornavit
1271 2801 1277 2820 :
1299 2792 1429 2828 porticus
1454 2792 1524 2820 item
1546 2791 1721 2827 superiores,
1738 2799 1783 2819 co-
