1936 3047
139 132 153 161 1
158 131 216 162 303

620 134 817 165 APPENDIX
838 134 888 164 AD
911 134 1142 165 MICHAELEM
1164 133 1360 165 PSELLUM.

1767 131 1842 162 £304

137 197 260 226 lumnas
285 201 314 226 et
337 199 564 227 incrustationes
581 208 761 228 marmoreas
789 201 851 237 pari
878 208 963 228 orna-
978 201 1006 234 Α
1022 200 1045 226 ὑπ

1053 201 1130 237 τερῷα
1143 200 1188 226 καὶ
1204 199 1268 229 τοὺς
1287 197 1392 231 κίονας,
1420 197 1466 224 καὶ
1493 196 1543 228 τὰς
1569 196 1844 234 ὀρθομαρμαρώσεις.

140 245 240 270 mento
255 243 414 272 decoravit.
427 244 540 280 Templi
561 253 680 281 quoque
695 246 897 281 pavimentum
912 254 962 272 va-

142 287 193 314 riis
217 288 413 323 pretiosisque
438 289 636 317 marmoribus
662 290 784 317 ornavit.
811 289 963 317 Laleribus

141 339 208 359 vero
225 332 407 360 extrinsecus
427 335 454 361 et
470 341 484 361 e
500 333 594 361 vicino
619 334 724 368 positis
745 333 907 370 perpolitis,
931 342 964 362 ea

142 376 276 404 candidis
287 377 481 414 pretiosisque
491 386 524 406 ac
536 378 705 414 ingentibus
721 378 871 414 lapidibus
895 387 962 406 con-

141 420 255 448 stravit.

1018 245 1052 271 Τὸ
1069 242 1098 271 δὲ
1111 242 1208 283 ἔδαφος
1221 246 1270 271 τοῦ
1285 245 1350 270 ναοῦ
1365 241 1552 278 κατεκόσμησε
1567 240 1612 269 διὰ
1627 241 1764 269 ποικίλων
1801 241 1844 268 καὶ

1018 288 1179 316 πολυτελῶν
1195 289 1357 326 μαρμάρων·
1375 287 1420 314 καὶ
1432 284 1586 318 στιΛϐώσας
1598 285 1627 314 δὲ
1640 285 1745 323 πλάγια
1755 286 1800 314 καὶ
1815 287 1846 313 τὰ

1017 332 1068 368 ἔξω
1088 334 1131 360 καὶ
1145 333 1178 360 τὰ
1193 333 1268 370 πὲριξ
1283 332 1453 370 κατέστρωσε
1467 330 1511 358 διὰ
1527 331 1630 359 λευκῶν
1656 331 1740 363 λίθων
1757 330 1845 358 πολυ-

1018 377 1105 414 τίμων
1125 377 1270 415 μεγίστων.

140 483 255 511 Sacrum
272 484 349 512 bema
363 490 525 525 exui-genta
539 487 664 525 con/egit.
684 487 802 519 Ostiola,
814 490 936 525 quatuor
949 493 1072 525 men-sas,
1085 485 1439 525 arcfiiepiscopi_lrhonum,
1446 484 1652 525 ριδιιεστᾴοιμηι
1667 484 1766 525 sedilia
1786 492 1847 525 sep-

175 524 240 557 tem,
262 528 298 547 ea:
312 523 424 556 argento
440 520 592 549 deaurata;
612 521 718 549 Sancta
741 520 899 550 sanctorum
914 523 990 556 infra
1004 522 1105 556 gradus
1115 520 1184 548 sita!
1196 520 1338 549 Cibdrium
1352 529 1384 548 ac
1399 521 1506 557 reliqua
1522 521 1622 548 altaris
1635 520 1846 548 describuntur.

174 556 261 583 Sacra
275 564 368 583 mensa
383 565 417 584 ex
432 558 520 584 varii:
534 557 675 592 lapidibus
687 559 815 593 pretiosis
831 561 856 585 et
870 558 978 585 metalli
990 557 1135 592 generibus
1149 565 1231 593 opere
1244 557 1326 592 fusili
1340 556 1469 591 conﬂata)

175 608 297 633 Sacrum
314 606 400 634 bema
428 615 462 634 ex
491 609 612 643 argento
637 607 800 643 splendido,
819 606 965 643 pcrystilia

141 651 169 677 et
184 650 336 678 columnas
352 659 419 678 cum
435 651 549 679 ostiolis
560 661 594 680 ex
605 655 725 688 argento
741 653 882 680 deaurata
896 660 964 680 con-

142 695 292 722 cinnavit:
314 698 420 723 cuncta
444 698 584 732 argentea
608 705 679 724 auro
703 697 801 724 oblita.
827 699 858 724 In
882 705 964 724 sacro

144 741 241 767 autem
257 740 369 768 bemate
385 743 513 776 quatuor
540 749 657 769 mensas
680 741 825 769 columnis
849 741 964 769 innixas

144 784 246 818 erexit,
264 792 336 819 quas
359 784 447 812 etiam
473 793 544 813 auro
564 785 703 813 obduxit:
720 786 886 821 pariterque
898 794 963 821 sep-

1055 606 1091 632 Τὸ
1117 604 1145 632 δὲ
1172 607 1250 642 ἅγιον
1282 606 1473 643 θυσιαστήριον
1499 604 1525 640 ἐξ
1549 605 1671 642 ἀργύρου
1701 603 1845 642 λαμπροῦ.

1018 650 1051 677 τά
1089 661 1117 677 τε
1146 651 1245 685 στήθεα
1265 650 1310 677 καὶ
1336 650 1438 687 κίονας,
1467 649 1579 687 ἀργύρῳ
1601 649 1687 677 πάντα
1715 649 1845 686 περιεκύ-

1018 694 1110 722 κλωσε
1125 695 1172 722 σὺν
1187 698 1246 726 τοῖς
1271 695 1420 722 πυλαιῶσι·
1450 694 1537 722 πάντα
1553 695 1654 732 ἀργυρᾶ
1683 693 1728 721 καί
1758 704 1846 731 χρυσ-

1019 737 1137 778 ἑμϐαφα.
1174 739 1315 777 Τραπὲζας
1356 739 1384 766 δὲ
1423 740 1551 776 τέσσαρας
1589 741 1628 774 τῷ
1653 738 1721 776 ἁγίῳ
1751 744 1846 770 θυσια-

1019 784 1123 819 στηρίῳ
1149 781 1260 818 ἔστησεν
1288 783 1332 811 ἐπὶ
1357 783 1420 814 τοὺς
1447 784 1551 817 κίονας,
1581 782 1626 810 καὶ
1655 782 1754 814 αὐτοὺς
1780 793 1845 810 κατ-

142 830 202 855 tem
218 828 320 856 sedilia
335 830 520 857 sacerdotum
535 837 603 857 cum
619 830 831 866 archiepiscopi
847 830 962 865 throno,
979 824 1003 855 B
1019 838 1045 865 ε)

1055 828 1168 866 ρύσωσε.
1198 829 1250 859 Τᾶς
1276 829 1344 856 ἒπτά
1369 828 1460 865 βάσεις
1488 830 1542 855 τῶν
1559 828 1665 865 ἱερὲων,
1680 827 1706 855 ἐν
1723 829 1766 859 αῖς
1777 828 1843 854 καθ-

143 875 171 899 et
192 874 318 908 quatuor
334 872 491 907 columnis,
519 875 672 910 ustrinque
688 875 784 911 posita
802 875 963 903 deauravit.

142 917 213 944 Cum
239 919 336 945 autem
364 917 497 954 religioni
518 919 637 946 duceret
657 919 771 955 ingredi
787 920 816 946 in
833 920 963 954 adytum,

141 962 219 997 quod
237 961 367 998 Cycliuru
383 965 499 995 vocant,
518 963 595 990 infra
617 964 727 999 gradus
740 964 842 998 situm,
860 965 966 992 Sancta

141 1008 310 1034 sanctorum
342 1006 413 1034 illud
445 1007 615 1043 appellavit.
632 1008 791 1036 Columnas
819 1009 906 1036 etiam
924 1009 966 1035 in-

141 1050 236 1086 gentis
264 1050 349 1078 molis
373 1051 464 1079 erexit
488 1055 654 1088 argenteas,
672 1061 743 1080 auro
770 1053 875 1081 oblitas
899 1061 966 1080 cum

143 1095 252 1122 ciborio
270 1097 358 1131 atque
373 1095 456 1123 liliis.
482 1096 634 1124 Ciborium
660 1099 758 1124 autem
780 1101 900 1133 argento
916 1106 967 1125 en-

145 1141 280 1166 caustum
308 1139 384 1167 fecit.
412 1139 525 1168 Ciborio
551 1140 693 1177 imposuit
716 1141 835 1178 globum
851 1151 884 1170 ex
898 1150 968 1170 auro

144 1183 284 1218 solidum,
298 1184 393 1220 pondo
405 1185 642 1213 centenariorum
662 1187 832 1221 octodecim,
850 1186 969 1222 liliaque

146 1236 234 1255 aurea
246 1228 404 1264 pendentia
414 1228 505 1257 libras
516 1232 634 1258 centum
648 1231 809 1265 sexdecim;
822 1239 970 1267 supraque

146 1272 198 1300 illa
212 1281 332 1300 auream
353 1281 471 1301 crucem
491 1282 559 1302 cum
580 1274 690 1310 lapillis
709 1276 857 1311 pretiosis,
874 1276 970 1311 iisque

146 1316 318 1345 rarissimis.
336 1318 409 1345 Crux
437 1326 503 1347 vero
532 1320 720 1355 septuaginta
735 1320 865 1356 quinque
880 1320 970 1348 libra-

145 1369 212 1388 rum
243 1362 372 1397 pondere
398 1364 460 1390 erat
488 1362 561 1390 illud
590 1368 686 1391 autem
704 1364 887 1400 excogitavit,
904 1373 969 1392 cum

147 1413 262 1432 sacram
277 1413 408 1434 mensam
427 1407 671 1442 prestantiorem,
696 1411 726 1436 et
739 1408 803 1445 ipso
819 1417 889 1436 auro
905 1418 968 1445 pre-

145 1450 282 1477 tiosorem
297 1450 411 1478 efficere
426 1451 534 1479 vellet:
557 1452 710 1480 accersitis
727 1453 827 1488 peritis
845 1453 969 1481 homini-

144 1494 202 1522 bus
218 1495 291 1522 bene
307 1494 408 1522 multis
424 1496 581 1524 consilium
597 1506 685 1524 suum
693 1497 818 1533 aperuit.
834 1497 877 1525 llli
892 1506 969 1532 vero,
984 1508 1005 1541 ρ

149 1539 180 1566 In
198 1538 356 1574 fornacem,
387 1540 534 1575 inquiunt,
560 1541 751 1576 conjiciamus
781 1551 896 1577 aurum,
922 1552 970 1570 ar-

148 1584 281 1618 gentum,
297 1583 410 1618 lapides
425 1584 569 1619 pretiosos
593 1585 688 1613 omnis
714 1587 839 1621 generis,
859 1596 971 1623 marga-

148 1626 230 1661 ritas,
242 1627 397 1663 zambicns,
415 1636 463 1663 :es,
487 1629 651 1663 succinum,
666 1630 832 1666 plumbum,
850 1632 972 1666 ferrum,

150 1673 302 1706 stannum,
332 1671 453 1707 vitrum,
483 1676 512 1700 et
542 1674 566 1700 si
595 1675 673 1709 quod
699 1677 743 1702 est
765 1675 844 1703 aliud
862 1676 972 1704 metalli

151 1716 322 1750 genusllzec
333 1724 398 1744 vero
409 1716 437 1744 in
450 1718 594 1746 mottariis
606 1719 732 1747 contrita
740 1722 767 1747 et
773 1720 972 1755 conglutinata

152 1760 181 1787 in
198 1768 245 1788 vas
259 1760 404 1788 fusorium
421 1761 593 1790 infuderunt
609 1771 616 1790 :
634 1766 757 1800 postque
783 1765 881 1792 eadem
905 1765 971 1800 igne

148 1804 272 1840 liquata,
284 1808 412 1834 extracta
432 1807 467 1834 ab
486 1807 649 1835 artiﬁcibus
662 1808 690 1836 in
703 1809 826 1836 formam
839 1810 971 1844 conjecta

147 1851 220 1876 sunt
232 1858 238 1877 ι
250 1851 340 1885 atque
356 1849 411 1877 hac
427 1851 565 1879 mistione
586 1852 749 1888 composita
771 1861 853 1880 sacra
868 1861 971 1881 mensa

145 1893 275 1929 ingentis
286 1894 370 1930 pretii
383 1894 487 1922 educta
496 1898 540 1923 est
554 1905 559 1922 :
574 1905 662 1932 quam
674 1899 735 1924 tum
747 1897 906 1932 imperator
916 1906 969 1925 suo

144 1937 207 1965 loco
219 1938 511 1974 positam,columnis
524 1948 558 1968 ex
570 1949 639 1968 auro
653 1941 757 1969 solidis
768 1942 847 1969 varia
855 1951 969 1977 gemma

144 1982 253 2010 ornatis
263 1983 394 2010 suti'ulsit
406 1994 412 2017 ;
424 1986 452 2011 et
463 1984 689 2020 circumpositas
700 1986 810 2021 gradus
820 1986 849 2013 in
861 1986 968 2022 quibus

145 2029 222 2054 stare
233 2027 329 2054 solent
351 2029 518 2056 sacerdotes
535 2029 570 2056 ad
587 2033 716 2057 sanctam
735 2039 866 2058 mensam
883 2039 968 2058 oscu-

144 2070 264 2098 landam
293 2073 370 2100 totos
398 2073 467 2100 item
495 2075 660 2108 argenteos,
683 2075 839 2102 deauratos
863 2075 966 2103 etlecit.

144 2116 222 2142 Mare
234 2117 380 2149 autem,ut
393 2119 509 2152 vocant,
522 2126 611 2145 sacra:
623 2127 742 2151 mensae,
754 2119 966 2147 inaestimabili-

143 2159 199 2187 bus
211 2160 319 2196 lapillis
329 2161 488 2189 constravit
499 2164 527 2189 et
537 2171 608 2190 auro
619 2163 749 2191 obduxit.
760 2164 830 2195 Quis
841 2172 908 2191 vero
920 2173 966 2192 sa-

142 2213 223 2232 cram
239 2213 373 2233 mensam
389 2207 578 2242 conspicatus
602 2216 659 2235 non
676 2210 794 2244 stupent
805 2209 818 2235 *ἰ
834 2211 884 2236 aut
898 2209 966 2244 quis

141 2258 206 2277 eam
223 2250 317 2286 possit
331 2250 445 2278 diutius
456 2251 672 2288 contemplari?
692 2261 758 2280 cum
781 2253 870 2280 variis
893 2252 966 2281 colo-

143 2294 225 2322 ribus
250 2294 327 2322 varie
351 2295 455 2329 micet;
481 2295 672 2332 videaturque
698 2306 775 2325 nunc
799 2298 873 2332 auri,
888 2306 966 2326 nunc

140 2339 253 2375 argenti
282 2339 425 2375 fulgorem
455 2340 573 2374 referre,
604 2342 691 2368 modo
720 2342 852 2377 sapphiri
873 2343 967 2370 instar

139 2384 270 2416 rutilare,
286 2386 325 2416 et,
337 2386 369 2411 ut
383 2384 471 2411 verbo
487 2384 595 2418 dicam,
612 2385 822 2421 multiplicium
835 2386 966 2414 colorum

145 2428 244 2456 radios
260 2428 405 2462 emittere,
433 2429 596 2456 secundum
626 2432 761 2457 naturam
786 2430 966 2466 lapillorum,

141 2480 323 2500 marmorum
340 2475 367 2500 et
383 2474 479 2501 omnis
495 2474 610 2509 generis
626 2474 824 2502 metallorum.

1019 872 1120 906 ἕζονται
1148 869 1290 903 ἀναϐάντες
1308 894 1315 906 ,
1346 875 1390 899 σὺν
1417 874 1458 908 τῷ
1483 874 1531 899 τοῦ
1561 872 1712 910 ἀρχιερίως
1743 871 1844 910 θρόνῳ,

1019 917 1063 944 καὶ
1100 919 1153 944 τῶν
1189 917 1323 954 τεσσάρων
1361 917 1487 955 ἀργυρῶν
1515 916 1613 943 κιόνων
1639 916 1843 954 κατιχρύσωσε,

1021 963 1120 997 στήσας
1150 962 1267 998 ἐκατέρῳ
1295 960 1392 998 μέρει.
1423 959 1558 989 Ἀναδύων
1583 971 1613 988 τε
1641 961 1846 998 εἰσπορεύεσθαι

1021 1005 1046 1032 ἑν
1070 1008 1110 1041 τῷ
1135 1005 1247 1042 ἲλύματι
1272 1005 1312 1042 τῷ
1332 1005 1494 1042 καλουμένῳ
1522 1005 1647 1042 Κυκλίῳ,
1679 1005 1748 1042 ὅπερ
1778 1004 1851 1032 ἇστὶν

1022 1050 1149 1078 ὑποκάτω
1182 1053 1236 1078 τῶν
1259 1049 1411 1088 βαθμίδων,
1443 1052 1523 1077 τοῦτο
1553 1051 1636 1087 ’Ἅγια
1664 1050 1750 1087 ἁγίων
1763 1060 1851 1087 προσ-

1024 1095 1188 1133 ηγόρευσεν.
1218 1096 1333 1130 Ἔστησε
1359 1094 1387 1122 δὲ
1415 1095 1460 1122 καὶ
1486 1094 1576 1126 κίονας
1604 1094 1770 1132 εὐμεγέθεις,
1801 1094 1847 1121 καὶ

1023 1139 1123 1172 αὐτοὺς
1145 1139 1387 1178 ἆργυροχρύσους,
1420 1139 1466 1167 σὺν
1493 1142 1533 1176 τῷ
1562 1137 1686 1177 κιϐωρίῳ
1713 1139 1760 1166 καὶ
1789 1141 1850 1170 τοῖς

1023 1184 1135 1222 κρίνοις.
1173 1185 1210 1213 Τὸ
1249 1183 1278 1212 δὲ
1314 1182 1446 1222 κιϐώριον
1476 1184 1726 1222 ἀργυροὲγκαυστον
1757 1183 1853 1218 ἐποίη-

1023 1239 1078 1258 σεν.
1108 1229 1214 1256 Ἐπάνω
1243 1227 1272 1256 δὲ
1299 1231 1347 1256 τοῦ
1367 1227 1500 1267 κιϐωρίου
1529 1227 1624 1264 ἔστησε
1654 1230 1770 1267 σφαῖραν
1788 1227 1854 1256 ὁλό-

1024 1284 1142 1311 χρυσον,
1171 1273 1287 1312 ἔχουσαν
1317 1274 1437 1310 σταθμὸν
1464 1274 1581 1312 χρυσίου
1608 1273 1773 1310 κεντηνάρια
1805 1274 1852 1308 ιη’,

1024 1318 1068 1345 καὶ
1100 1318 1178 1356 κρίνα
1202 1321 1291 1356 χρυσᾶ
1319 1319 1454 1353 στήσαντα
1487 1321 1547 1355 ρις¹,
1575 1318 1620 1345 καὶ
1642 1317 1732 1345 ἐπάνω
1748 1317 1852 1352 αὐτῶν,

1024 1363 1137 1402 σταυρὸν
1168 1363 1286 1401 χρυσοῦν
1314 1363 1381 1399 μετὰ
1410 1362 1494 1394 λίθων
1507 1361 1669 1390 πολυτελῶν
1685 1362 1731 1389 καὶ
1747 1360 1850 1389 δυσ-πο-

1025 1407 1141 1445 ρίστων,
1176 1407 1249 1439 ὅστις
1286 1408 1399 1444 σταυρὸς
1436 1407 1494 1444 εἶχε
1522 1407 1644 1443 σταθμον
1671 1408 1775 1444 χρ.)σοῦ
1806 1405 1851 1432 λί-

1023 1461 1088 1489 τρας
1119 1452 1164 1479 σε’.
1193 1451 1320 1487 Ἐποίησε
1350 1450 1378 1478 δὲ
1408 1451 1535 1488 μηχανὴν
1551 1450 1690 1486 τοιαύτην,
1709 1448 1849 1488 βουλόμε-

1024 1507 1070 1528 νος
1096 1497 1146 1534 γὰρ
1175 1496 1314 1532 κρείττονα
1342 1496 1391 1530 τήν
1421 1495 1497 1532 ἁγίαν
1526 1496 1659 1532 τράπεζαν
1689 1495 1735 1522 καὶ
1759 1493 1850 1522 πολυ-

1024 1540 1090 1574 τελῆ
1120 1539 1220 1575 ταύτην
1250 1543 1364 1574 ποιῆσαι
1395 1539 1460 1577 ὑπὲρ
1485 1539 1611 1577 χρυσίον,
1627 1538 1850 1577 προσεκαλέσατο

1026 1584 1208 1621 ἐπιστήμονας
1228 1584 1364 1619 πολλοὺς,
1390 1584 1507 1621 εἰρηκὼς
1527 1584 1619 1616 αὐτοῖς
1646 1586 1737 1611 τοῦτο·
1769 1584 1797 1610 οἱ
1823 1582 1853 1610 δὲ

1026 1628 1127 1667 ἔφησαν
1153 1629 1235 1665 αὐτῷ·
1261 1629 1308 1660 Εἰς
1333 1629 1520 1666 γωνευτήριον
1549 1626 1713 1665 ἐμϐάλωμεν
1734 1628 1852 1666 χρυσὸν,

1026 1673 1143 1711 ἄργυρον
1160 1696 1168 1708 ,
1196 1673 1290 1705 λίθους
1317 1673 1427 1709 τιμίους
1455 1673 1624 1707 παντοίους,
1656 1673 1826 1711 μαργαρίτας
1843 1695 1851 1708 ,

1027 1716 1176 1754 ζάμϐυκας,
1207 1718 1324 1755 χαλκὸν,
1352 1717 1505 1755 ἤλεκτρον,
1536 1715 1691 1753 μόλιϐδον,
1722 1716 1850 1754 σίδηρον,

1024 1763 1203 1800 κασσίτερον,
1233 1761 1331 1797 ὕελον,
1364 1762 1410 1790 καὶ
1437 1761 1537 1796 λοιπὴν
1565 1765 1649 1789 πᾶσαν
1678 1760 1852 1798 μεταλλικὴν

1025 1807 1105 1842 ὕλην·
1132 1807 1178 1834 καὶ
1194 1806 1334 1845 τρίψαντες
1359 1807 1426 1834 αὐτὰ
1449 1806 1588 1844 ἀμφότερα
1608 1806 1645 1837 εἷς
1669 1805 1774 1842 ὅλμους
1803 1806 1850 1833 καὶ

1025 1851 1164 1888 δήσαντες,
1193 1851 1237 1879 ἐπὶ
1266 1852 1296 1879 τὸ
1326 1852 1512 1890 χωνευτήριον
1540 1849 1649 1889 ἕχυσαν·
1674 1851 1720 1878 καὶ
1745 1851 1851 1887 ἀναμα-

1024 1897 1134 1933 ξάμινοι
1156 1895 1187 1923 τό
1210 1899 1274 1933 πῦρ,
1304 1894 1436 1924 ἀνέλαϐον
1458 1898 1543 1923 ταῦτα
1571 1896 1597 1922 οἱ
1615 1898 1739 1933 τεχνῖται
1754 1895 1784 1922 ἐκ
1799 1895 1850 1922 τοῦ

1022 1941 1118 1977 πυρὸς,
1145 1940 1190 1968 καὶ
1219 1939 1319 1977 ἔχυσαν
1351 1940 1389 1970 εἷς
1413 1941 1537 1978 τυπάριν·
1567 1939 1612 1967 καὶ
1641 1939 1743 1977 ἐγένετο
1773 1941 1848 1976 χυτή

1022 1987 1168 2022 πάμμιγος
1197 1984 1332 2021 ἀτίμητος
1361 1986 1378 2019 ἡ
1405 1984 1467 2022 ἀγία
1493 1985 1635 2022 τράπεζα·
1678 1984 1726 2016 εἶθ’
1758 1983 1849 2015 οὕτως

1023 2029 1133 2064 ἔστησεν
1162 2029 1257 2064 αὐτήν·
1283 2028 1456 2056 ὑποκάτωθεν
1488 2027 1516 2056 ὂὶ
1532 2028 1615 2064 αὐτῆς
1636 2026 1731 2063 ἔστησε
1756 2029 1851 2059 κίονας

1022 2074 1196 2111 ὁλοχρύσους
1221 2073 1265 2101 καὶ
1288 2073 1387 2104 αὐτοὺς
1414 2074 1482 2108 μετὰ
1506 2071 1589 2105 λίθων
1604 2071 1776 2100 πολυτελῶν·
1802 2073 1848 2100 καὶ

1021 2119 1069 2153 τήν
1087 2118 1161 2156 πέριξ
1185 2117 1305 2154 κλίματα
1321 2117 1347 2145 iv
1398 2116 1521 2145 Γίστανται
1539 2118 1620 2155 ἱερεῖς
1648 2117 1686 2148 εἰς
1701 2117 1731 2145 τὸ
1759 2117 1848 2145 ἀσπά-

1023 2163 1176 2198 ζεσθαιτήν
1203 2163 1281 2199 ἀγίαν
1307 2162 1452 2200 τράπεζαν,
1478 2161 1522 2189 καὶ
1546 2162 1630 2196 αὐτὴν
1662 2161 1847 2199 ὁλοάργυρον,

1021 2207 1247 2245 κεχρυσωμένην.
1276 2207 1329 2240 Τὴν
1358 2205 1387 2233 δὲ
1414 2205 1548 2238 θάλασσαν
1575 2208 1625 2239 τῆς
1653 2206 1727 2243 ἁγίας
1743 2207 1849 2243 τραπὲ-

1021 2254 1069 2287 ζτ,ς
1099 2251 1124 2286 ἐξ
1153 2251 1294 2288 ἀτιμήτων
1322 2251 1405 2283 λίθων
1435 2250 1579 2286 πεποίηκε,
1608 2250 1653 2278 καὶ
1668 2251 1847 2288 κατοχρύσω-

1020 2307 1062 2324 σεν
1092 2296 1189 2331 αὐτήν.
1218 2295 1268 2327 Τίς
1296 2296 1348 2333 γὰρ
1378 2296 1506 2330 θεάσηται
1533 2296 1564 2322 τὸ
1592 2294 1661 2325 εἶδος
1689 2299 1740 2329 τῆς
1765 2296 1847 2332 ἁγίας

1019 2341 1156 2377 τραπέζης
1173 2361 1180 2374 ,
1219 2339 1264 2366 καὶ
1292 2339 1322 2366 οὐ
1352 2339 1556 2377 καταπλαγείη;
1582 2340 1600 2374 ἢ
1629 2339 1671 2370 τίς
1700 2337 1846 2374 δυνήσεται

1019 2388 1183 2419 κατανοῆσαι
1212 2383 1329 2419 ταύτην,
1367 2383 1412 2411 διὰ
1449 2385 1495 2415 τὰς
1524 2383 1653 2414 ποικίλας
1682 2383 1769 2421 χρόας
1800 2384 1848 2411 καὶ

1020 2429 1219 2464 στιλπνότητας
1245 2428 1441 2463 ὲναλλάσσιιν,
1473 2428 1510 2459 ὡς
1539 2428 1651 2465 ὁρᾶσθαι
1683 2429 1715 2455 τὸ
1743 2428 1850 2463 ταύτης

1021 2474 1101 2510 εἶδος,
1130 2474 1197 2501 ποτὶ
1227 2474 1276 2510 μὲν
1304 2474 1449 2511 χρυσίζον⁹
1465 2472 1490 2500 ἐν
1509 2471 1588 2508 ἄλλῳ
1604 2471 1633 2500 δὶ
1647 2472 1724 2509 τόπῳ
1739 2473 1851 2511 ἀργυρί-

140 2518 196 2551 ζον,
214 2515 252 2546 εἷς
267 2514 338 2543 ἄλλο
355 2517 530 2555 σαπφειρίζον
544 2516 735 2555 ἐξαστράπτον,
748 2518 791 2545 καὶ
808 2518 903 2550 ἀπλῶς
919 2519 1016 2554 εἰπεῖν,
1033 2517 1212 2547 ἀποστέλλειν
1226 2515 1322 2546 ὀλϐίαν
1339 2518 1437 2555 χρόαν,
1452 2517 1520 2544 κατὰ
1544 2517 1592 2549 τὰς
1616 2517 1708 2556 φύσεις
1735 2518 1792 2544 τῶν
1821 2529 1851 2546 τε

138 2560 224 2592 λίθων
241 2560 285 2587 καὶ
304 2561 465 2598 μαρμάρων,
482 2561 526 2589 καὶ
543 2561 649 2589 πάντων
662 2565 717 2590 τῶν
735 2562 896 2599 μετάλλων;

135 2626 217 2668 Fores
232 2625 393 2668 superiores.
401 2633 433 2652 ac
447 2626 594 2668 inferioz‘e:
605 2627 676 2655 aedis
691 2627 982 2668 Sophiaknw‘eburnew
1001 2628 1165 2668 anaglyplzis
1189 2630 1294 2656 ornata
1308 2636 1341 2656 ac
1353 2628 1621 2668 deaurptgnumero
1711 2626 1782 2668 Alite
1792 2634 1850 2668 ρον

171 2662 206 2688 te:
221 2664 364 2700 argenteae
377 2660 529 2690 decuriam.
547 2663 666 2697 Lignum
680 2660 763 2691 arex.
781 2664 972 2691 Pavimenlum
982 2660 1065 2691 σαν-θ’
1074 2660 1162 2692 ,ςὶίιὶιΙο
1178 2669 1303 2692 sternere
1314 2665 1415 2700 cogitat
1429 2665 1613 2692 Justinianus.
1630 2664 1707 2691 Intra
1721 2660 1847 2697 spatium

170 2703 310 2724 annorum
324 2698 382 2723 octo
401 2701 426 2723 et
440 2700 558 2732 quatuor
571 2700 710 2726 mensium
724 2700 894 2727 construitur
909 2700 980 2727 mles
995 2700 1148 2735 Sophiana.

173 2748 252 2776 Fecit
267 2747 355 2775 etiam
373 2747 449 2774 fores
463 2746 493 2774 in
511 2747 699 2777 inferioribus
715 2752 744 2776 et
758 2749 960 2785 superioribus

135 2793 247 2821 aedibus
262 2801 296 2820 ex
320 2791 407 2820 ebore
428 2791 602 2828 anaglyphis
627 2796 728 2821 ornato
743 2794 959 2829 Ideauratoque,

1052 2749 1182 2784 Ἐποίησε
1198 2747 1226 2776 δὶ
1241 2747 1370 2779 πυλῶνας
1392 2749 1514 2781 κάτωθεν
1538 2748 1583 2776 καὶ
1608 2748 1707 2779 ἄνωθεν
1725 2745 1761 2773 δι’
1779 2745 1846 2774 ἐλε-

1016 2793 1148 2832 φαντίνων
1185 2791 1311 2830 μεγάλων
1349 2792 1434 2820 ὀστῶν
1463 2792 1592 2830 γλυπτῶν
1618 2791 1843 2830 κεχρυσωμένων
