1932 3050
101 95 118 124 i
125 93 194 124 305

681 92 860 124 ANONYMI
882 92 1175 128 ANTIOUITATES
1197 93 1257 124 GP.

1737 92 1813 123 1306

95 158 155 185 τὸν
174 158 291 195 ἀριθμὸν
305 158 365 193 τξέ.
382 157 425 185 'Ev
441 156 470 184 δὶ
490 158 524 194 τῇ
550 158 646 195 πρώτῃ
669 156 766 194 εἴσόδῳ
793 156 842 185 τοῦ
871 157 928 185 λου¹

1018 166 1114 187 umero
1124 161 1254 187 trecenta
1273 159 1422 194 sexaginta
1432 158 1606 194 quinque.In
1619 158 1708 195 priori
1715 161 1814 187 autem

96 205 197 240 τῆρος
221 201 332 236 ἐποίησε
355 201 483 233 πυλῶνας
507 202 668 240 ἠλέκτρους,
683 203 727 229 καὶ
752 202 790 233 εἷς
814 203 860 229 τὸν
875 202 939 240 νάρ-

99 248 184 282 Θηκα
199 246 375 284 ἠλεκτρίνους
399 246 488 278 πύλας
513 247 677 285 ἐμμέτρους.
694 247 738 274 Ἐν
766 245 795 274 δὲ
819 249 859 283 τῷ
883 245 941 274 δευ-

97 291 183 328 τέρῳ
207 291 321 328 νάρθηκι
348 291 473 326 ἐποίησεν
498 290 686 329 ἐλεφαντίνους
709 290 798 323 πύλας
816 291 860 318 καὶ
889 302 939 318 πυ-

100 335 202 366 λῶνας
226 337 298 373 τρεῖς
313 345 319 352 ·
347 334 394 363 δύο
418 335 583 374 ἐμμέτρους,
604 337 648 364 καὶ
674 337 755 373 μέσον
781 337 835 363 τῶν
865 334 939 363 δυοῖν

102 379 256 417 μεγίστην,
285 380 414 418 ἐιργυρᾷν²
444 378 651 419 χρυσέμϐαφον,
690 381 733 408 καί
768 381 816 412 τὰς
855 380 941 412 πάσας

98 424 199 455 πύλας
215 424 420 462 κατιχρύσωσεν
439 435 445 442 -
463 422 562 457 ἔσωθεν
579 424 608 452 δὶ
620 427 674 453 τῶν
704 427 788 462 τριῶν
805 423 939 452 πυλώνων

99 468 168 496 ἀντὶ
187 468 274 504 ξύλων
300 471 411 504 καινῶν,
429 466 523 497 ἔϐαλεν
547 469 577 497 ἐκ
599 471 654 496 τῶν
679 472 728 504 τῆς
755 466 875 496 κιϐωτοῦ
897 468 940 504 ξύ-

98 513 360 550 λω·ι.ξΒουλόμινος
375 513 404 541 δὲ
418 514 461 541 καὶ
477 515 523 541 τὸν
539 515 625 542 πάτον
642 513 799 551 ὁλόχρυσον
815 517 940 548 ποιῆσαι,

98 558 250 586 κωλύουσι
279 559 374 586 τοῦτόν
408 569 479 590 τινες
517 558 705 596 μαθηματικοὶ
735 558 873 595 λέγοντες,
900 557 942 584 δτι

98 602 167 630 Ἐπ’
196 603 317 640 ἐσχάτων
343 604 453 640 ἡμερῶν
481 601 635 630 ἐλεύσονται
664 601 786 637 βασιλεῖς
816 603 940 637 πένητεςι

98 647 149 674 καὶ
173 646 311 686 ἐδαφιοῦσι
335 647 381 675 τὸν
407 647 468 675 ναόν
486 658 493 664 ·
516 648 560 675 καὶ
589 647 619 675 ἐκ
642 651 695 682 τῆς
720 647 823 684 βουλῆς
851 647 939 674 αὐτῶν

99 691 182 719 εἴασε
195 694 286 720 τοῦτο.
304 692 367 719 Καθ’
383 693 496 727 ἑκάστην
517 691 545 719 δὲ
567 693 672 730 ἡμέραν
700 690 796 720 ἔϐαλεν
823 692 836 719 ὁ
863 692 938 727 βασι-

100 735 172 767 λεὺς
200 736 239 768 εἷς
263 736 310 764 τὸν
336 738 403 774 χοῦν
432 736 586 775 μιλιαρίσια
610 736 739 775 χιλιάδας
768 737 801 774 β’,
826 736 871 764 καὶ
896 736 940 763 ὅτε

100 779 248 818 ἐπλήρουν
262 781 293 808 τὸ
316 778 393 819 ἔργον
410 782 436 809 οἱ
458 781 591 820 τεχνίται,
608 784 643 819 τῇ
668 782 768 819 ἑσπέρᾳ
793 780 938 808 ἐσκύλευον

95 825 149 852 τὸν
179 827 258 862 χοῦν,
274 825 319 853 καὶ
342 826 464 864 εὕρισκον
489 827 523 854 τὰ
548 826 713 864 μιλιαρίσια.
737 827 824 854 Τοῦτο
849 824 877 852 δὶ
899 825 937 857 είς

97 869 194 906 χαρὰν
210 872 260 897 τοῦ
275 869 343 897 λαοῦ
360 870 485 905 ἐποίησιν
495 871 509 898 ό
525 870 652 909 βασιλεὺς
663 870 708 898 καὶ
720 870 758 902 εἷς
770 871 936 908 προθυμίαν,

103 914 159 941 Καὶ
190 915 207 949 ἡ
233 915 280 952 μὶν
305 914 373 951 ὕλη,
398 916 487 947 καθὼς
520 919 666 953 προεῖπον,
689 916 868 953 ἀποσυνήχθη
899 914 937 945 εἲς

102 959 229 996 χρόνους
254 960 320 987 ἑπτὰ
344 959 442 996 ἥμισυ,
462 960 507 987 καὶ
533 960 659 995 ἀπετέθη.
676 960 707 988 Ὁ
728 958 756 986 δὶ
780 960 843 991 ναὸς
863 958 936 986 ὲκτί-

103 1004 160 1038 σθη
177 1003 222 1031 καὶ
239 1003 385 1040 ἐτελειώθη
415 1004 488 1042 παρὰ
515 1006 570 1032 τῶν
594 1004 800 1042 προειρημένων
831 1002 934 1041 ἀνδρῶν

102 1045 173 1075 δέκα
189 1046 336 1085 χιλιάδων,
355 1049 413 1084 μετ’
432 1048 590 1085 ἐπιμελείας
614 1048 660 1076 καὶ
683 1047 793 1083 πολλῆς
815 1047 936 1082 σπουδῆς

105 1091 149 1124 ιΐς
165 1092 286 1129 χρόνους
302 1092 374 1120 ὀκτὼ
389 1093 434 1120 καὶ
451 1094 538 1130 μῆνας
562 1093 703 1132 τέσσαρας,
720 1094 756 1124 ὡς
781 1093 845 1120 εἶναι
869 1092 933 1123 τοὺς

100 1136 209 1168 πάντας
225 1137 342 1175 χρόνους
360 1141 404 1169 ις’.

995 203 1158 240 baptisterii
1184 204 1306 240 introitu
1331 203 1485 232 electrinas
1495 206 1593 239 portas
1606 203 1765 231 adornavit.
1783 205 1814 231 In

996 248 1133 276 narthece
1147 249 1216 276 item
1229 248 1384 276 electrinas
1409 250 1508 285 portas
1534 247 1689 276 mediocris
1702 249 1816 284 magni-

995 293 1116 321 tudinis.
1134 295 1165 321 In
1181 293 1311 321 secundo
1323 296 1420 321 autem
1435 293 1573 321 narthcce
1592 292 1738 320 eburneas
1753 301 1819 328 por-

995 339 1040 366 tas
1056 340 1084 365 et
1098 340 1157 365 tres
1175 338 1269 369 fores;
1283 345 1409 373 quarum
1431 337 1496 365 duae
1520 337 1639 372 quidem
1666 336 1821 365 mediocris

996 382 1219 418 magnitudinis,
1240 383 1338 410 media
1353 390 1421 410 vero
1436 381 1523 418 longe
1537 382 1666 409 maxima
1681 383 1820 417 argentea

995 435 1067 454 auro
1082 427 1228 455 obducta:
1240 435 1402 462 omnesque
1414 427 1482 454 item
1499 428 1598 462 portas
1608 434 1679 453 auro
1691 426 1816 462 operuit.

995 471 1095 499 Trium
1111 471 1216 499 harum
1242 471 1350 499 forium
1378 471 1529 505 interiora,
1553 479 1605 506 pro
1618 470 1706 506 lignis
1722 470 1816 504 novis,

994 515 1083 552 lignis
1094 524 1128 543 ex
1137 524 1204 543 arca
1212 516 1492 544 communivit.Cum
1502 517 1602 543 autem
1616 514 1815 550 pavimentum

996 568 1066 588 auro
1083 560 1176 588 solido
1187 563 1317 588 sternere
1331 560 1428 594 vellet,
1440 559 1587 588 cohibitus
1603 561 1648 586 est
1663 568 1677 586 a
1698 559 1817 594 quibus-

994 605 1062 632 dam
1080 604 1294 632 mathematicis
1308 604 1475 632 dicentibus
1489 613 1495 632 :
1508 603 1625 632 Futuris
1633 604 1816 639 temporibus

995 649 1108 676 venturi
1121 651 1189 676 sunt
1199 650 1366 684 operatores
1386 648 1500 684 inopes,
1522 647 1572 684 qui
1591 648 1733 683 templum
1754 648 1816 676 solo

994 694 1150 729 aequabunt
1162 701 1168 720 :
1181 694 1216 721 de
1228 693 1311 721 illoru
1318 701 1405 728 mque
1416 693 1583 721 sententias.
1590 692 1738 728 proposito
1749 692 1816 720 abs-

992 738 1090 765 tinuit.
1102 737 1233 774 Singulis
1248 746 1332 774 porro
1348 737 1453 765 diebus
1469 737 1630 772 imperator
1645 737 1704 764 duo
1719 735 1814 763 millia

993 782 1214 810 miliarisiorum
1232 783 1261 810 in
1282 782 1429 818 pulverem
1459 781 1650 818 projiciebat;
1681 780 1812 816 expleto-

993 835 1050 863 que
1064 835 1161 864 opere,
1173 827 1300 855 artiﬁces
1315 835 1433 863 vespere
1451 826 1599 863 pulverem
1616 828 1813 861 exportantes,

993 872 1108 908 sibique
1123 872 1269 908 rapientes
1284 871 1436 899 miliarisia
1450 871 1643 907 reperiebant.
1655 871 1735 902 Quod
1748 871 1813 898 ideo

992 917 1096 952 agebat
1111 916 1268 952 imperator
1276 919 1308 944 ut
1318 924 1422 952 operas
1432 915 1513 944 laetas
1529 915 1697 951 alacresque
1714 915 1814 942 redde-

991 963 1044 988 ret.
1061 961 1094 988 Et
1110 961 1152 988 sic
1172 961 1300 997 quidem,
1319 963 1350 988 ut
1366 961 1475 988 dictum
1493 963 1548 994 est,
1564 960 1686 988 materia
1702 961 1814 995 septem

990 1005 1075 1033 annis
1091 1013 1157 1033 cum
1174 1005 1297 1033 dimidio
1312 1005 1433 1033 collecta
1447 1005 1512 1032 fuit.
1526 1005 1678 1040 Templum
1695 1012 1762 1032 vero
1778 1004 1814 1031 ab

990 1050 1049 1078 illis
1064 1051 1163 1078 decem
1193 1049 1322 1077 millibus
1339 1058 1445 1085 magna
1468 1057 1539 1077 cura
1563 1051 1591 1076 et
1616 1048 1814 1077 sollicitudine

989 1094 1069 1130 operi
1086 1093 1326 1122 incumbentibus
1350 1094 1427 1122 intra
1449 1102 1593 1121 annorum
1618 1096 1682 1121 octo
1697 1096 1726 1120 et
1739 1101 1811 1127 qua-

988 1142 1056 1166 tuor
1070 1138 1215 1166 mensium
1230 1138 1371 1174 spatium,
1399 1140 1581 1166 exstructum
1601 1140 1630 1165 et
1649 1137 1809 1173 perfectum

988 1186 1042 1212 est.
1059 1183 1103 1211 Ita
1118 1185 1150 1210 ut
1163 1183 1194 1210 in
1210 1184 1304 1210 totum
1322 1191 1397 1218 opus
1411 1182 1481 1210 anni
1497 1182 1642 1210 sexdecim
1658 1182 1810 1217 impende-

990 1230 1103 1256 rentur.

101 1289 189 1317 Ambo
203 1288 324 1317 trullum
340 1297 455 1317 auream
470 1290 612 1326 lapidibus
625 1291 757 1326 pretiosi:
775 1290 1028 1354 ονηῗιιιξῗιῂαὲςέἕς.
1054 1291 1136 1354 torua:
1150 1299 1183 1319 ac
1198 1291 1305 1326 reliqua
1322 1290 1446 1318 umbonis
1456 1293 1619 1318 ornamenta
1630 1297 1715 1317 aurea
1730 1291 1812 1317 erant

844 1334 891 1354 am
917 1334 939 1353 ts
972 1335 981 1354 ι
1008 1335 1053 1354 mc
1065 1336 1092 1354 a.

844 1334 939 1361 apum
953 1334 1092 1354 distincta.

143 1378 192 1405 Τὸν
221 1376 249 1404 δὶ
272 1375 385 1414 ἅμϐωνα
417 1376 531 1413 ἐποίησε
554 1378 600 1406 σὺν
623 1380 658 1415 τῇ
684 1378 784 1414 σωλέᾳ.
810 1379 879 1415 Εἶχε
908 1377 936 1406 δὲ

104 1420 224 1457 τροῦλον
254 1424 384 1460 χρυσοῦν,
413 1422 480 1459 μετὰ
507 1422 591 1455 λίθων
626 1422 671 1450 καὶ
702 1423 933 1461 μαργαριταρίων.

106 1467 137 1493 Ὀ
153 1465 181 1493 δὲ
195 1467 310 1505 σταυρὸς
334 1469 382 1494 τοῦ
406 1464 534 1503 ἅμϐωνος
558 1467 616 1505 εἶχε
636 1470 757 1504 σταθμοῦ
783 1466 876 1506 λίτρας
899 1469 932 1505 ρ’·

105 1512 168 1548 εἶχε
196 1510 224 1538 δὶ
252 1512 320 1539 κατὰ
348 1511 438 1539 σειστὰ
466 1511 598 1549 λυχνίτας
627 1511 673 1539 σὺν
709 1512 934 1550 μαργαριταρίοις

108 1554 258 1591 ἆπηδότοις
276 1566 283 1572 ·
298 1555 440 1595 ὁλόχρυσα
460 1555 488 1584 δὶ
500 1557 624 1592 πετάσια,
641 1557 700 1584 ἀντὶ
715 1558 834 1593 στήθεων
858 1558 932 1594 εἶχεν

107 1599 197 1628 ἐπάνω
214 1601 228 1628 ὁ
243 1598 338 1637 ὄίμϐων
344 1622 350 1628 .

1024 1381 1184 1408 Ambonem
1209 1388 1276 1407 cum
1299 1379 1378 1407 solea
1402 1379 1565 1407 construxit
1587 1379 1714 1407 :habuit
1738 1379 1809 1406 item

988 1425 1075 1452 ambo
1090 1424 1213 1453 trullum
1228 1433 1345 1452 auream
1366 1433 1434 1452 cum
1449 1424 1599 1460 lapidibus
1620 1426 1649 1451 et
1666 1424 1808 1459 margari-

987 1469 1037 1497 tis.
1052 1469 1194 1497 Ambonis
1218 1478 1289 1497 crux
1310 1471 1372 1497 erat
1396 1470 1492 1505 pondo
1515 1470 1631 1496 centum
1652 1468 1806 1504 librarum,

988 1516 1091 1542 ornata
1106 1514 1293 1542 carbunculis
1312 1516 1340 1541 et
1355 1513 1496 1542 teretibus
1513 1513 1690 1549 margaritis.
1710 1513 1808 1541 Galeri

988 1565 1022 1586 ex
1036 1567 1107 1586 auro
1128 1558 1224 1594 solidi,
1250 1558 1473 1586 columellarum
1490 1557 1553 1586 loco
1569 1557 1705 1585 ambonis
1721 1565 1807 1593 supe-

945 1595 966 1628 C
986 1604 1063 1631 riora
1077 1603 1271 1639 occupabant.

101 1664 136 1692 05
149 1665 226 1700 putei
240 1672 274 1692 ea:
289 1665 417 1693 Samaria
433 1665 603 1699 advehitur;
625 1666 706 1694 Tubz
733 1673 795 1694 vero
820 1673 905 1694 mnes;
917 1666 1119 1728 lHierichunte.
1144 1666 1219 1694 Crux
1233 1666 1263 1694 in
1281 1666 1503 1701 scevophylacio.
1521 1665 1655 1701 Reliquiw
1668 1665 1808 1701 impositae

885 1710 914 1728 σο
927 1711 1030 1728 umms.

885 1710 1030 1729 calumnia.

139 1753 177 1781 Τὸ
201 1752 229 1780 δὲ
254 1753 395 1790 στομίδιον
420 1756 469 1781 τοῦ
485 1753 598 1792 φρέατος
615 1753 690 1792 ἤχθη
707 1754 760 1782 ἀπὸ
777 1754 929 1792 Σαμαρίας.

103 1797 207 1825 Τούτου
227 1797 306 1835 χάριν
334 1797 438 1833 ἐκλήθη
455 1799 547 1836 ’Ἄγιον
571 1799 674 1835 Φρέαρ,
700 1797 769 1826 διότι
802 1798 828 1826 ἐν
858 1799 931 1835 αὐτῷ

104 1842 244 1879 ὡμίλησεν
273 1843 287 1869 ὁ
310 1843 429 1880 Χριστὸς
451 1844 485 1878 τῇ
510 1842 698 1880 Σαμαρείτιδι.
714 1844 748 1871 Αἱ
764 1842 793 1871 δὶ
804 1843 928 1880 τέσσαρες

108 1886 253 1924 σάλπιγγες
278 1887 305 1914 αἱ
327 1887 432 1924 χαλκαῖ
456 1886 487 1918 ἃς
511 1884 619 1922 ἔστησεν
646 1887 672 1915 ἐν
699 1890 738 1924 τῷ
766 1888 865 1925 Φρέατι
889 1890 929 1924 τῷ

106 1931 190 1969 Ἀγίῳ
223 1931 276 1958 ἀπὸ
314 1931 425 1968 Ἱεριχὼ
465 1931 626 1968 ἐκομίσαντο
665 1932 758 1965 αὐτὰς,
788 1932 818 1963 ἃς
851 1933 926 1970 ιῖχον

101 1976 160 2003 τότε
174 1976 200 2003 οἱ
216 1975 329 2013 ἄγγελοι
346 1975 384 2006 είς
402 1975 530 2012 μίμησιν,
547 1975 591 2003 ὅτε
615 1974 712 2004 ἔπεσον
735 1977 768 2004 τὰ
782 1977 860 2014 τείχη
877 1977 926 2005 Ἰε-

105 2020 184 2057 ριχὼ.
201 2020 232 2048 '0
248 2018 277 2047 δὲ
291 2020 383 2056 τίμιος
408 2020 527 2057 Σταυρὸς
549 2021 563 2047 ὁ
587 2020 731 2057 ἱστάμενος
756 2022 876 2058 σήμερον
901 2021 926 2048 ἐν

103 2067 141 2100 τῷ
167 2063 387 2103 σκιυοφυλακίῳ,
402 2065 433 2091 τὸ
463 2065 560 2102 μέτρον
590 2064 634 2092 ἐπὶ
661 2069 710 2100 τῆς
738 2065 850 2100 ἡλικίας
877 2068 925 2093 τοῦ

105 2109 201 2146 Κυρίου
225 2110 304 2146 ἡμῶν
328 2108 420 2143 Ἰησοῦ
444 2111 576 2146 Χριστοῦ,
593 2110 622 2141 ὃς
649 2107 769 2148 άκριῦὧς
785 2109 921 2148 ἐμετρήθη

103 2154 171 2191 παρά
198 2156 302 2181 πιστῶν
326 2153 370 2180 καὶ
386 2153 537 2191 ἀξιολόγων
555 2152 659 2191 ἀνδρῶν
682 2153 708 2181 ἐν
730 2154 922 2192 Ἰερουσαλήμ.

105 2198 148 2225 Διά
161 2201 241 2225 τοῦτο
256 2197 373 2225 ἐνέδυσεν
384 2197 466 2225 αὐτὸν
478 2198 607 2235 ἀργύριον
619 2199 664 2226 καὶ
677 2198 783 2233 λίθους,
792 2200 837 2227 καὶ
849 2210 924 2227 κατε-

105 2242 238 2280 χρύσωσεν
256 2242 335 2270 αὐτόν
354 2252 360 2258 ·
376 2243 422 2270 καὶ
439 2243 523 2280 μέχρι
539 2244 587 2277 τῆς
603 2244 723 2280 σήμερον
740 2243 823 2275 ἰάσεις
838 2247 921 2279 ποιεῖ,

1021 1756 1102 1784 Putei
1125 1765 1158 1784 os
1181 1764 1215 1783 ex
1237 1756 1370 1784 Samaria
1385 1756 1552 1789 advectum;
1581 1756 1704 1791 ideoque
1724 1763 1808 1782 sacer

986 1803 1092 1836 puteus
1107 1802 1227 1828 vocatus
1236 1803 1290 1833 est,
1302 1800 1463 1835 quiajuxta
1474 1799 1555 1827 illum
1567 1800 1806 1828 ChristusSama-

985 1845 1110 1873 ritanam
1121 1844 1268 1872 allocutus
1286 1847 1340 1872 est.
1354 1845 1442 1872 Tuba
1460 1847 1557 1872 autem
1569 1853 1653 1872 aeneia
1665 1847 1804 1880 quatuor,

985 1898 1058 1925 quas
1068 1889 1098 1916 in
1119 1897 1201 1916 sacro
1220 1892 1307 1924 puteo
1320 1889 1484 1922 collocavit,
1501 1888 1688 1916 Hierichunte
1699 1888 1805 1916 deferri

984 1934 1104 1969 curavit,
1131 1942 1205 1969 quas
1220 1936 1291 1961 tunc
1311 1933 1405 1969 angeli
1425 1933 1573 1967 tenebant,
1595 1935 1627 1962 ut
1641 1933 1717 1969 quod
1735 1932 1804 1960 olim

966 1978 1091 2006 tactum
1108 1981 1185 2006 esset
1205 1986 1273 2006 cum
1294 1978 1501 2005 Hierechuntis
1525 1978 1601 2005 muri
1624 1977 1804 2005 corruissent

981 2023 1181 2050 imitarentur.
1198 2023 1370 2050 Veneranda
1385 2024 1484 2050 autem
1501 2022 1551 2050 illa
1566 2031 1647 2058 crux,
1664 2031 1727 2058 quas
1744 2023 1802 2050 stat

980 2067 1106 2095 hodiein
1127 2067 1359 2103 scevophylacio,
1376 2070 1422 2094 est
1434 2075 1574 2095 mensura
1594 2069 1713 2095 statura:
1728 2067 1799 2095 Jesu

979 2112 1086 2140 Christi
1102 2111 1217 2139 Domini
1233 2111 1336 2145 nostri,
1353 2119 1441 2146 quam
1459 2111 1512 2138 viri
1528 2112 1629 2139 ﬁdeles
1649 2113 1678 2139 et
1700 2110 1798 2147 magni

979 2156 1120 2184 momenti
1135 2156 1171 2183 ad
1187 2156 1285 2191 ipsum
1300 2155 1447 2184 Christum
1460 2156 1489 2183 in
1501 2155 1663 2184 Jerusalem
1680 2164 1799 2183 accura-

978 2201 1092 2228 tissime
1110 2202 1179 2228 sunt
1197 2199 1334 2228 dimensi.
1359 2202 1457 2235 anue
1473 2201 1508 2228 de
1524 2209 1613 2228 causa
1628 2202 1748 2236 argento
1763 2199 1798 2227 il-

977 2244 1036 2272 lam
1044 2248 1071 2272 et
1079 2243 1187 2280 lapillis
1198 2244 1454 2272 circumdederunt
1463 2253 1593 2280 auroque
1603 2245 1798 2272 abduxerunt:

103 2287 143 2314 καὶ
166 2288 308 2323 νοσήματα
337 2286 440 2323 διώκει,
467 2288 512 2315 καὶ
547 2286 678 2324 δαίμονος
701 2287 856 2317 ἀπελαύνει.
879 2289 922 2316 Ἐν

1022 2289 1057 2316 ad
1073 2289 1148 2316 hanc
1165 2296 1257 2324 usque
1268 2288 1345 2315 diem
1359 2288 1477 2316 morbos
1497 2291 1590 2323 curat,
1611 2288 1799 2324 aegritudines

105 2331 201 2367 ἑκάστῳ
224 2331 297 2359 κίονι
321 2334 374 2358 τῶν
398 2331 453 2360 ἄνω
483 2333 527 2359 καὶ
549 2334 604 2360 τῶν
617 2333 691 2360 κάτω
706 2333 780 2370 ἅγιον
797 2332 923 2370 λείψανον

104 2373 156 2413 ἔχει
168 2376 404 2413 ἐνθρονιασμένον.

981 2335 1096 2361 amovet
1106 2335 1134 2360 et
1149 2332 1293 2360 daemonia
1309 2332 1400 2368 pellit.
1412 2332 1545 2368 Singulis
1557 2333 1704 2361 columnis
1715 2342 1800 2369 supe-

978 2378 1089 2406 riorum
1106 2379 1134 2405 e‘.
1156 2377 1326 2405 inferiorum
1341 2377 1448 2404 aedium
1465 2379 1573 2405 sanctas
1595 2377 1727 2413 reliquiae
1745 2378 1797 2406 im-

977 2423 1077 2459 positas
1089 2425 1254 2450 servantur.

106 2484 165 2512 Vasa
179 2491 210 2511 ac
224 2483 283 2510 alia
294 2485 461 2520 ornamenta
475 2482 514 2510 ad
528 2483 714 2520 quadraginta
728 2483 781 2511 duo
791 2484 885 2520 millia
894 2483 1088 2519 conﬁciuntur.
1101 2484 1165 2511 Alia
1178 2487 1243 2511 sunt
1258 2490 1344 2510 aurea
1359 2485 1478 2516 tantum,
1494 2483 1557 2512 alia
1567 2484 1672 2520 lapillis
1687 2487 1795 2513 ornata.

289 2517 494 2545 Possesionibus
508 2517 540 2546 ac
554 2518 625 2546 aliis
638 2517 777 2547 reditibus
786 2519 916 2548 ecclesias
930 2517 1012 2548 ditat.
1028 2520 1203 2548 Sacerdolum
1213 2527 1245 2547 ac
1256 2519 1440 2546 cantatricum
1457 2517 1600 2548 numerus;

133 2575 257 2611 Ἐποίησι
273 2574 301 2602 δὶ
316 2574 361 2602 καὶ
389 2575 470 2610 σκεύη
491 2575 633 2613 ὁλόχρυσα
655 2578 708 2604 τῶν
736 2575 841 2604 δώδεκα
862 2577 921 2614 ἑορ-

100 2623 146 2648 τῶν
170 2620 243 2647 ἄλλα
269 2619 314 2647 καὶ
339 2618 422 2654 ἄλΛα,
441 2619 493 2647 ἀπό
521 2630 550 2647 τε
577 2619 751 2658 Εὐαγγελίων
768 2622 859 2659 ἱερῶν,
875 2621 919 2649 καὶ

104 2662 317 2702 χιρνιϐοξέστων,
350 2663 509 2700 ὁρκιολίων,
538 2663 767 2703 δισκοποτηρίων,
793 2664 891 2693 δίσκων
909 2675 916 2682 ο

1010 2577 1100 2605 Multa
1115 2580 1213 2605 autem
1238 2578 1267 2604 et
1295 2577 1383 2610 varia,
1406 2585 1469 2613 quae
1491 2578 1527 2605 ad
1553 2578 1707 2606 duodecim
1724 2579 1796 2607 sole-

975 2623 1089 2650 mnium
1113 2622 1226 2650 dierum
1249 2621 1390 2649 festorum
1414 2622 1526 2649 cultum
1550 2623 1740 2658 pertinerent,
1761 2632 1794 2651 ex

974 2676 1046 2696 auro
1069 2669 1130 2694 tota
1152 2666 1286 2694 facienda
1303 2665 1425 2699 curavit,
1452 2666 1586 2695 videlicet
1601 2676 1684 2696 sacra
1700 2668 1792 2695 Evan-

105 2709 207 2745 ἐποίησα
223 2707 252 2736 δὲ
265 2709 298 2736 τὰ
312 2708 399 2736 πάντα
415 2707 557 2746 ὁλόχρυσα
582 2708 626 2737 διὰ
649 2709 733 2738 λίθων
754 2710 821 2747 μετὰ
846 2721 917 2749 μαρ-

1023 2712 1060 2748 ia,
1077 2710 1227 2746 malluvia,
1244 2710 1387 2746 urceolos,
1399 2710 1515 2746 calices,
1529 2714 1660 2747 patenas,
1672 2713 1769 2740 discos
1782 2721 1789 2740 :

106 2753 261 2794 γαριταρίων
279 2764 285 2771 ·
316 2753 432 2791 ἀριθμὸν
460 2756 561 2782 σκευῶν
592 2753 722 2792 χιλιάδας
751 2753 796 2792 με’
813 2765 820 2773 ·
838 2754 915 2784 ἔνδυ-

1021 2757 1071 2785 nia
1084 2764 1119 2784 ex
1130 2763 1202 2784 auro
1216 2755 1293 2783 facta
1307 2756 1335 2783 et
1349 2755 1517 2791 margaritis
1540 2755 1721 2791 gemmisque
1746 2764 1789 2784 or-
