1936 3047
104 116 187 146 1309

672 114 856 146 ANONYMI
878 113 1169 150 ANTIQUITATES
1189 113 1249 144 CP.

1732 111 1808 144 1310

113 178 172 215 ιϐ’,
201 179 246 207 καὶ
275 178 388 209 λέοντας
412 177 534 209 λιθίνους
556 177 709 216 ἑρεύγεσθαι
734 179 765 206 τὸ
794 177 868 217 ὕδωρ
895 179 932 210 εἷς

1025 181 1081 214 tur,
1092 178 1159 207 istic
1171 178 1327 206 stationem
1340 177 1470 205 haberet.
1491 176 1574 204 circa
1586 183 1655 204 vero
1678 175 1808 204 Phialam

102 224 234 261 ἀπόνιψιν
256 225 304 251 τοῦ
325 222 402 251 λαοῦ.
421 223 465 250 Ἐν
482 221 510 249 δὲ
523 224 559 259 τῇ
576 221 648 259 δεξιᾷ
659 222 764 260 πλιυρᾷ
779 225 827 251 τοῦ
843 222 931 258 δεξιοῦ

101 269 263 307 γυναικί-που
291 267 403 303 ἐποίησε
436 266 571 299 θάλασσαν
599 268 682 305 μέχρι
708 269 858 304 σπιθαμῆς,
886 267 932 295 ’ίνα

103 314 255 351 ἀνέρχηται
283 313 314 340 τὸ
339 311 425 349 ὕδωρ,
441 311 485 339 καὶ
509 311 630 348 κλίμακα
662 312 724 349 μίαν
743 312 867 350 ὑπεράνω
881 315 932 347 τῆς

104 358 259 392 θαλάσσης,
272 356 317 384 ἵνα
333 355 496 394 διὲρχωνται
512 356 538 383 οἲ
555 357 649 392 ἱερεῖς·
664 354 760 393 ἔστησε
776 355 804 384 δὲ
821 355 931 393 δεξαμε-

104 402 154 433 νὰς
181 399 369 439 ὀμϐριμαίους
393 400 532 438 ναμάτων,
561 401 607 428 καὶ
629 400 732 438 ἔγλυψε
754 401 865 432 λέοντας
880 400 933 428 δώ-

104 445 182 481 δεκα,
198 446 243 474 καὶ
259 444 408 483 παρδάλεις
433 444 549 479 δώδεκα,
578 444 677 483 δόρκας
694 444 809 480 δώδεκα,
834 445 880 473 ’ίνα
904 445 934 473 ἐκ

103 493 160 518 τῶν
187 489 329 529 φαρύγγων
356 489 442 517 αὐτῶν
467 489 589 526 ἐμεῐσθαι
613 490 645 517 τὸ
670 489 743 528 ὕδωρ
768 488 812 517 διὰ
838 499 933 528 μηχα-

104 539 168 570 νῆς,
199 535 237 566 εῗ¹ς
266 535 297 562 τὸ
325 534 388 565 τοὺς
415 535 496 572 ἱερεῖς
522 534 661 567 νίπτεσθαι
693 534 787 571 μόνον.
806 534 934 563 Ἑκάλεσε

106 578 137 607 δὲ
165 580 211 607 τὸν
236 579 320 607 τόπον
347 580 521 616 Λεοντάριον·
552 579 595 606 καὶ
629 579 833 617 Μητατώριον,
867 579 933 616 ὅπερ

106 623 195 651 ἐκεῖσε
221 623 347 661 ἀνήγειρε
371 625 488 650 κοιτῶνα
513 623 612 660 ὡραῖον
639 621 799 661 διάχρυσον,
823 622 869 650 *ίνα
883 634 934 650 πο-

106 669 258 706 ρευομένου
275 667 356 695 αὐτοῦ
371 668 424 695 ἀπὸ
436 669 484 695 τοῦ
498 670 575 703 ναοῦ,
592 667 677 695 ἰκεῖσε
691 667 819 705 καθεύδῃ.
836 668 889 702 Τὴν
906 667 935 695 δὲ

105 713 265 751 ὡραιότητα
279 713 323 740 καὶ
340 710 496 750 ὑπερϐολὴν
518 715 567 740 τοῦ
580 712 703 743 κάλλους
719 715 768 740 τοῦ
791 722 933 750 κεχρυσω-

108 758 191 794 μένου
206 757 252 785 καὶ
268 757 490 795 ὃιηργυρωμένου
506 759 582 791 ναοῦ,
595 757 648 784 ἀπὸ
665 757 781 796 ὀρόφους
794 756 847 789 ἕως
871 755 931 784 ἐδά-

107 813 188 842 φους,
204 802 245 833 τίς
261 801 418 840 διηγήσεται
432 813 440 837 ;

987 224 1055 252 fecit
1080 223 1235 251 duodecim
1262 223 1394 258 porticus
1424 229 1491 249 cum
1521 220 1627 256 puteis,
1652 219 1811 256 leonesque

987 269 1118 304 lapideos
1129 276 1309 304 aquam,quo
1321 275 1352 294 se
1364 266 1490 302 populus
1501 265 1620 299 levaret,
1630 267 1807 293 eructantes.

987 313 1019 341 In
1028 313 1144 341 dextero
1155 315 1253 340 autem
1263 312 1354 340 latere
1365 311 1461 339 dextri
1472 310 1617 346 gyneciti,
1634 309 1810 337 marsunius

988 358 1078 385 cubiti
1089 356 1284 392 concinnavit,
1296 359 1329 384 ut
1339 365 1416 392 aqua
1437 356 1618 386 ascenderet,
1639 353 1809 390 scalamque

988 410 1088 436 unam,
1104 404 1137 430 ut
1153 410 1244 438 supra
1259 409 1340 429 mare
1350 401 1516 428 sacerdotes
1528 399 1699 427 transirent.
1713 398 1810 426 Posuit

988 447 1058 475 item
1065 446 1192 474 conchas
1203 455 1254 474 seu
1266 445 1449 482 receptacula
1459 453 1541 480 aquae
1566 443 1681 480 pluviae,
1697 443 1810 470 duode-

989 493 1104 527 cimque
1123 491 1222 519 leones
1241 490 1377 526 sculpsit,
1394 490 1500 526 pardos
1526 488 1692 522 duodecim,
1708 488 1811 515 damas

990 535 1144 564 duodecim
1158 544 1165 569 ;
1181 543 1247 571 qua
1262 535 1407 562 machinis
1423 534 1603 569 quibusdam
1619 541 1726 568 aquam
1742 540 1812 559 evo-

990 580 1107 611 mendo,
1117 579 1188 607 solis
1198 578 1524 614 sacerdotibuslavandi
1537 577 1651 614 copiam
1663 577 1791 605 facerent
1803 585 1810 611 ;

990 624 1086 652 locum
1115 632 1181 652 vero
1206 623 1393 651 Leontarium
1428 622 1617 658 nuncupavit.
1648 620 1811 657 Appellavit

990 677 1075 704 porro
1092 668 1275 696 Metatorium
1297 667 1466 695 cubiculum
1479 666 1552 694 illud
1564 666 1740 702 speciosum,
1757 673 1810 692 au-

990 721 1081 748 roque
1096 715 1232 740 ornatum
1245 713 1280 740 ab
1293 721 1324 740 sc
1335 712 1443 740 ibidem
1455 713 1649 745 exstructum,
1667 713 1699 738 ut
1714 718 1779 737 cum
1796 718 1811 737 e

990 757 1098 792 templo
1114 757 1216 791 exiret,
1229 757 1442 792 ibiquesceret.
1463 755 1576 792 Templi
1599 755 1718 782 demum
1736 763 1752 782 a
1769 757 1810 781 te-

990 804 1036 829 cto
1052 801 1088 829 ad
1101 801 1300 836 pavimentum
1315 810 1386 829 auro
1411 803 1590 836 argentoque
1609 799 1726 828 obducti
1743 807 1812 834 spe—

990 846 1063 874 ciem
1075 845 1270 881 eximiamque
1282 845 1530 881 pulchritudinem
1543 844 1621 880 quis,
1638 846 1670 872 ut
1688 852 1740 880 par
1756 845 1811 878 est,

949 880 973 913 Β
989 899 1108 918 narrare
1124 880 1247 926 posset?

106 955 282 983 Iustiniani“
297 954 343 982 die
357 955 487 989 vigesima
501 953 623 981 secunda
637 953 804 988 Novembris,
829 954 946 981 solemni
956 962 1058 990 pompa
1075 953 1208 988 templum
1232 952 1401 990 Sophianum
1430 961 1487 980 una
1506 960 1570 990 cum
1589 951 1749 990 patriarcha
1765 952 1810 979 in—

303 990 437 1024 greditur.
455 990 504 1017 Dei
517 990 641 1025 sequenti
654 990 753 1025 templi
767 991 940 1025 apertionem
956 988 1036 1026 facit.
1054 990 1127 1023 Qua:
1143 988 1303 1024 largitiorie:
1314 989 1414 1024 populo
1431 990 1495 1016 tunc
1508 988 1614 1024 fecerit.

143 1038 241 1074 ’Όμως
267 1036 414 1068 τελειώσας
432 1038 478 1065 τὸν
502 1037 565 1065 ναὸν
595 1037 640 1064 καὶ
666 1038 699 1065 τὰ
713 1037 773 1075 ἰερὰ
790 1037 932 1075 σκεύηξκαὶ

105 1081 277 1119 ἀναθήματα,
307 1082 375 1119 αὐτῇ
390 1084 424 1118 τῇ
449 1079 501 1117 κε’,
515 1084 564 1109 τοῦ
593 1079 749 1119 Νοεμϐρίου
766 1082 863 1118 μηνὸς,
879 1081 931 1109 εἶσ-

106 1126 191 1162 ῆλθεν
218 1127 271 1154 ἀπὸ
299 1129 348 1154 τοῦ
375 1125 516 1155 Παλατίου
535 1126 604 1163 μετά
618 1125 804 1163 προελεύσεως
817 1127 864 1154 τὸν
880 1137 932 1154 πυ-

107 1170 183 1198 λῶνα
210 1173 259 1198 τοῦ
292 1171 499 1208 Αὐγουστιῶνος
527 1173 576 1198 τοῦ
610 1170 804 1209 εἷσερχομίνου
831 1171 869 1201 εἲς
900 1171 933 1198 τὸ

106 1215 279 1253 Ὠρολόγιον,
308 1215 489 1252 καθεζόμενος
518 1215 562 1242 ἐπὶ
593 1215 713 1252 ἅρματος
745 1215 812 1252 μετὰ
841 1214 862 1242 δ’
887 1214 935 1243 ’ἶπ-

105 1270 177 1293 πων,
201 1260 246 1287 καὶ
262 1257 338 1292 ἔθυσε
371 1259 437 1297 βόας
451 1260 473 1286 α’
497 1259 542 1287 καὶ
557 1257 691 1297 πρόϐατα,
709 1260 741 1294 ς’,
763 1259 881 1299 ἐλάφους
895 1263 932 1297 χ’,

107 1303 171 1335 σύας
197 1304 230 1339 α’,
271 1302 380 1342 ὄρνιθας
419 1303 465 1331 καὶ
497 1303 688 1342 ἀλεκτρυῶνας
720 1304 770 1331 ἀνὰ
806 1303 935 1342 χιλιάδας

109 1347 184 1378 δέκα,
214 1347 319 1376 Δὲδωκι
348 1347 377 1376 δὲ
403 1347 449 1376 καὶ
477 1351 536 1379 τοῖς
551 1349 648 1384 πὲνησι
676 1349 721 1376 καὶ
738 1347 878 1386 ’δεομένοις
894 1349 934 1376 σί-

110 1403 157 1420 του
184 1392 266 1430 μόόια
292 1392 424 1430 μυριάδας
448 1394 482 1430 γ’,
511 1395 546 1430 τῇ
576 1393 669 1430 ἡμέρα
696 1393 784 1431 ἐκείνῃ
803 1392 838 1420 δι’
854 1393 933 1431 ὡρῶν

108 1438 192 1475 τριῶν
208 1447 214 1453 ⁸
243 1437 287 1464 καὶ
316 1436 378 1464 τότε
393 1435 552 1464 ιῗσώδευσεν
578 1437 592 1464 ὁ
619 1436 745 1475 βασιλεὺς
774 1438 932 1466 Ἰουστινια-

108 1482 154 1512 νὸς
176 1482 242 1518 μετὰ
255 1483 304 1509 τοῦ
321 1484 436 1519 σταυροῦ
459 1481 505 1508 καὶ
533 1483 581 1509 τοῦ
597 1482 769 1520 πατριάρχου
785 1481 932 1520 Εὐτυχίου.

107 1525 160 1554 Καὶ
185 1523 339 1563 ἀποδράσας
355 1528 414 1556 ταῖς
431 1526 510 1563 χερσὶ
538 1527 586 1552 τοῦ
616 1526 788 1563 πατριάρχου
805 1526 857 1554 ἀπὸ
879 1529 933 1554 τῶν

110 1569 258 1607 βασιλικῶν
275 1569 382 1604 πυλῶν,
399 1567 501 1607 ἔδραμε
526 1568 608 1606 μόνος
633 1569 716 1608 μέχρι
727 1573 776 1597 τοῦ
793 1568 930 1606 ἄμϐωνας·

109 1615 153 1641 καὶ
188 1614 305 1645 ἐκτείνας
338 1614 385 1645 τὰς
423 1617 517 1652 χεῖρας
550 1614 587 1645 εἰς
619 1615 664 1641 τὸν
702 1614 827 1652 οὐρανὸν,
864 1615 932 1643 εἶπε·

108 1658 175 1694 Δόξα
202 1661 242 1695 τῷ
267 1661 336 1695 Θεῷ,
360 1661 399 1695 τῷ
421 1658 617 1694 καταξιώσαντί
648 1670 681 1695 με
700 1661 824 1687 τοιοῦτον
855 1659 931 1698 ἔργον

1025 1038 1165 1066 Absoluto
1181 1037 1292 1074 templo
1309 1037 1459 1073 sacrisque
1480 1037 1558 1065 vasis
1579 1037 1748 1072 ceterisque
1764 1045 1811 1064 or-

988 1083 1147 1117 namentis,
1160 1082 1283 1111 solemni
1302 1090 1419 1118 pompa,
1432 1082 1478 1109 die
1488 1082 1660 1109 Novembris
1670 1081 1811 1117 vigesima

989 1128 1120 1156 secunda
1135 1135 1150 1155 ο
1166 1127 1273 1163 palatio
1289 1127 1318 1154 in
1337 1126 1526 1161 Augustionis
1553 1127 1672 1158 atrium,
1702 1135 1758 1162 qua
1774 1126 1809 1153 ad

988 1171 1172 1207 horologium
1187 1171 1243 1199 iter
1257 1174 1312 1204 est,
1327 1171 1357 1198 in
1379 1171 1538 1207 quadragis
1562 1173 1607 1199 est
1632 1171 1786 1206 ingressus
1803 1179 1810 1198 ί

990 1216 1185 1252 mactavitque
1200 1216 1287 1243 boves
1304 1215 1396 1248 mille,
1412 1215 1509 1244 ovium
1527 1223 1577 1242 sex
1593 1214 1695 1248 millia,
1711 1222 1812 1242 cervos

989 1263 1153 1294 sexcentos,
1170 1268 1238 1288 sues
1263 1260 1353 1294 mille,
1380 1259 1506 1296 gallinas
1530 1260 1628 1287 decem
1644 1259 1726 1287 mille
1745 1260 1812 1287 toti-

989 1306 1117 1341 demque
1143 1304 1251 1340 pullos.
1283 1305 1452 1340 Eademque
1482 1304 1528 1332 die
1556 1305 1647 1332 trium
1671 1304 1812 1331 horarum

989 1351 1084 1386 spatio
1101 1349 1242 1385 elargitus
1253 1352 1298 1377 est
1307 1349 1485 1385 pauperibus
1497 1351 1524 1376 et
1536 1349 1635 1385 egenis
1646 1349 1734 1376 tritici
1751 1357 1814 1375 mo-

989 1394 1116 1423 diorium
1128 1394 1248 1430 triginta
1275 1393 1381 1421 millia.
1402 1394 1463 1425 Quo
1487 1396 1615 1429 peracto,
1631 1393 1817 1421 Justinianus

993 1439 1151 1475 imperator
1166 1447 1232 1466 cum
1249 1446 1335 1465 cruce
1360 1446 1393 1466 ac
1418 1438 1559 1474 Eutychio
1576 1437 1742 1474 patriarcha
1766 1446 1815 1464 co-

989 1483 1058 1511 mite
1085 1483 1229 1519 templum
1254 1483 1406 1519 ingressus
1431 1485 1494 1510 est:
1512 1484 1574 1509 tum
1604 1491 1621 1510 ει
1645 1482 1814 1518 patriarcha

989 1527 1122 1563 dilapsus
1139 1536 1155 1554 a
1172 1526 1256 1562 regiis
1273 1527 1385 1554 foribus
1411 1526 1493 1554 solus
1517 1527 1552 1554 ad
1581 1527 1738 1554 ambonem
1765 1535 1815 1554 us-

989 1579 1046 1607 que
1061 1571 1200 1604 cucurrit,
1218 1571 1405 1606 extensisque
1427 1571 1456 1598 in
1472 1570 1576 1598 caelum
1592 1570 1729 1598 manibus
1752 1571 1792 1598 ait
1809 1579 1815 1598 :

989 1616 1088 1644 Gloria
1103 1616 1160 1644 Deo
1175 1615 1224 1652 qui
1237 1624 1284 1643 me
1295 1615 1404 1643 honore
1416 1617 1462 1643 est
1472 1616 1622 1652 dignatus,
1631 1618 1664 1643 ut
1676 1615 1732 1642 tale
1742 1624 1816 1651 opus

989 1660 1158 1696 perficerem
1176 1669 1182 1688 :
1200 1660 1254 1688 vici
1282 1663 1323 1695 te,
1354 1660 1501 1688 Salomon.
1537 1660 1606 1688 Post
1634 1661 1814 1696 ingressum,

108 1703 268 1731 άποτελὲσαι
285 1713 292 1720 ο
322 1703 452 1738 νενίκηκα
481 1714 524 1738 σε,
553 1702 698 1740 Σολομών.
730 1704 779 1731 Καὶ
811 1705 878 1740 μετά
903 1705 932 1732 τὸ

1029 1706 1163 1734 nsulares
1176 1706 1349 1742 largitiones
1360 1706 1438 1739 fecit,
1456 1706 1658 1742 magistroque
1669 1705 1814 1741 Strategio

109 1747 280 1782 εἷσοὸεῦσαι,
307 1748 432 1783 ἐποίησιν
460 1748 579 1782 ὑπάτια,
602 1748 647 1775 καὶ
675 1747 775 1775 δέδωκε
801 1751 842 1784 τῷ
875 1748 934 1785 λαῷ

109 1793 269 1830 κεντηνάρια
297 1793 358 1829 τρία
392 1791 437 1819 διὰ
470 1792 640 1830 Στρατηγίου
678 1792 827 1830 μαγίστρου
853 1792 938 1821 ταῦτα

110 1837 241 1874 χῦνοντος
257 1836 294 1867 εἰς
308 1836 340 1864 τὸ
368 1835 475 1876 ἔδαφος·
498 1837 541 1864 καὶ
568 1838 602 1873 τῇ
619 1835 749 1874 ἰπαύριον
765 1836 877 1872 ἐποίησε
904 1838 938 1866 τὰ

110 1881 214 1916 ἀνοίξια
241 1883 290 1908 τοῦ
313 1883 390 1916 ναοῦ,
415 1883 533 1909 τοσαῦτα
565 1881 610 1908 καὶ
637 1881 750 1909 πλείονα
776 1881 935 1910 ὁλοκαυτώ-

112 1936 182 1963 ματα
205 1926 296 1960 Θύσας,
312 1926 356 1953 καὶ
374 1925 456 1963 μέχρι
471 1928 526 1953 τῶν
549 1925 632 1964 ἁγίων
649 1926 800 1964 Θεοφανίων
818 1925 852 1954 δι’
868 1928 936 1964 ἡμι-

110 1973 164 2008 ρῶν
175 1969 365 1998 πεντεκαίδεκα
375 1969 553 2008 κλητορεύων
567 1971 670 2002 πάντας
685 1970 730 1998 καὶ
747 1970 876 2009 ῥογεύων,
891 1972 935 1999 καὶ

108 2014 275 2053 εὐχαριστῶν
291 2017 331 2051 τῷ
356 2017 428 2051 Θεῷ.
455 2016 506 2043 Καὶ
531 2015 618 2047 οὕτως
631 2015 773 2043 ἐτελείωσε
786 2016 818 2043 τὸ
845 2016 935 2055 ἐφετὸν

115 2058 191 2097 ἕργον
208 2058 300 2087 αὐτοῦ.

992 1751 1021 1778 in
1038 1751 1238 1786 pavimentum
1252 1751 1428 1783 effunde-nte,
1449 1751 1506 1778 tria
1521 1750 1689 1778 ccntenaria
1708 1749 1815 1785 populo

992 1795 1154 1823 distribuit.
1171 1795 1291 1823 Postero
1307 1795 1353 1823 die
1373 1795 1494 1823 totidem
1510 1797 1554 1822 vel
1582 1795 1816 1822 holocautomata

993 1848 1061 1867 cum
1075 1842 1248 1874 mactasset,
1276 1840 1379 1875 templi
1404 1840 1585 1875 apertionem
1611 1839 1688 1872 fecit,
1712 1842 1740 1866 et
1765 1847 1816 1874 per

991 1885 1055 1912 dies
1070 1884 1239 1920 quindecim
1256 1892 1351 1920 usque
1367 1884 1401 1912 ad
1413 1887 1514 1912 sancta
1528 1884 1728 1920 Theophanis,
1744 1892 1815 1919 epu-

991 1928 1035 1957 las
1047 1931 1075 1956 et
1091 1929 1245 1965 pecuniam
1267 1928 1373 1965 populo
1400 1929 1623 1965 dilargiebatur,
1647 1928 1815 1964 gratiasque

991 1974 1050 2002 Deo
1079 1974 1195 2010 agebat.
1212 1974 1247 2001 Et
1260 1973 1316 2001 hoc
1345 1973 1431 2001 modo
1447 1973 1645 2001 desideratum
1661 1972 1717 2001 sibi
1741 1981 1815 2009 opus

992 2019 1123 2054 perfecit.

111 2118 220 2157 Trulla:
234 2117 301 2157 milia
318 2117 562 2157 δορίξίαηφμαηνηο
582 2118 699 2157 secando
711 2119 826 2157 ⁸,Ιιιδιίηί
851 2127 914 2147 cum
939 2122 1099 2157 corruisset,
1114 2122 1269 2156 umbonem,
1285 2121 1388 2149 soleam
1412 2129 1444 2149 ac
1480 2121 1669 2157 pavimentum
1684 2121 1816 2148 contrivit

144 2154 359 2193 σάκεα-νιιὶηᾷ
372 2154 564 2193 Readiﬁcatur
578 2154 677 2182 iisdem
707 2155 841 2183 lateribus
870 2156 991 2185 Rhodiis.
1008 2158 1093 2185 Ambo
1108 2166 1172 2186 vero
1190 2154 1268 2186 solea
1278 2159 1303 2185 et
1317 2154 1509 2193 pavimentum
1535 2165 1569 2184 ex
1592 2158 1711 2185 materia
1735 2157 1815 2191 longe

144 2190 260 2218 minori:
275 2190 359 2225 pretii
371 2191 580 2218 construuntur.

146 2239 275 2275 Διήρκεσε
290 2237 318 2265 δὲ
333 2238 347 2265 ὁ
362 2238 522 2276 νεωτερικὸς
538 2237 669 2276 τροῦλος,
685 2239 698 2266 ὁ
710 2238 783 2275 παρὰ
796 2241 844 2266 τοῦ
859 2240 932 2278 μεγά·

1027 2242 1148 2270 Duravit
1163 2244 1260 2270 autem
1278 2241 1398 2270 Trullus
1421 2242 1472 2270 illa
1496 2250 1569 2270 nova
1588 2241 1707 2270 insolito
1733 2243 1814 2269 stru-

112 2280 160 2309 λου
170 2282 359 2309 Ἰουπιτιανοῦ
370 2281 547 2317 κτισθεὶς,καὶ
560 2283 573 2309 ὁ
590 2279 686 2319 ἅμϐὧν
697 2283 710 2309 ὁ
721 2280 880 2314 πολύολόος
891 2284 936 2310 καὶ

111 2325 337 2362 πολυθαύμαστος
352 2326 398 2353 σὺν
414 2329 463 2361 τῆς
480 2326 585 2358 σωλὲας
596 2327 640 2354 καὶ
652 2328 701 2354 τοῦ
711 2325 840 2354 ποικίλου
851 2327 937 2355 πάτου

112 2372 159 2398 τοῦ
173 2372 236 2397 ναοῦ
246 2370 363 2407 χρόνους
380 2373 421 2404 ιζ’.
434 2371 511 2399 Μετὰ
521 2370 549 2398 δὲ
561 2372 674 2399 θάνατον
683 2374 733 2398 τοῦ
746 2372 936 2400 Ἰουστινιανοῦ

113 2414 255 2452 ἐκράτησεν
280 2415 424 2446 Ἰουστῖνος
452 2415 466 2442 ὁ
490 2415 600 2452 ἀνεψιὸς
615 2415 697 2444 αὐτοῦ
710 2419 762 2451 τῆς
786 2415 936 2454 βασιλείας,

111 2458 153 2486 καὶ
169 2458 207 2489 εἰς
222 2457 268 2485 τὸν
286 2456 410 2495 δεύτερον
426 2458 526 2496 χρόνον
544 2459 637 2494 αὐτοῦ,
650 2459 741 2497 ἡμέρᾳ
756 2460 784 2494 ι’,
803 2460 859 2497 ὥρα
875 2458 937 2498 ἕκτῃ

110 2506 158 2537 τῆς
172 2503 286 2540 ἡμέρας,
304 2502 409 2540 ὲγένιτο
424 2506 514 2530 πεσεῖν
531 2503 576 2531 τὸν
592 2504 721 2542 τροῦλον,
738 2504 784 2531 καὶ
797 2504 937 2542 συνέτριψε

111 2548 156 2574 τὸν
171 2546 384 2583 ἀξιοθαύμαστόν
402 2545 528 2584 άμϐὦνα,
543 2548 588 2575 καὶ
603 2548 652 2582 τὴν
674 2547 790 2576 σωλέαψ
817 2549 881 2581 τούς
908 2560 937 2577 τε

113 2590 306 2630 σαρδονύχους,
336 2591 381 2619 καὶ
417 2589 583 2629 ζαμϐύκους,
616 2593 662 2620 καὶ
689 2593 864 2630 σαπφείρους,
891 2595 936 2621 καὶ

117 2635 279 2674 μαργαρίτας
297 2635 342 2663 σὺν
357 2639 410 2663 τῶν
427 2638 536 2674 χρυσῶν
554 2638 683 2672 στήθεων.
712 2638 746 2666 Αἱ
776 2636 804 2665 δὶ
834 2637 936 2674 άψίδις,

114 2681 157 2708 καὶ
183 2681 208 2708 o't
232 2680 330 2715 κίονες,
355 2681 400 2708 καὶ
426 2681 459 2709 τὰ
475 2680 560 2709 λοιπά
579 2682 715 2718 κτίσμα-τα
738 2681 846 2718 ἔμειναν
875 2683 938 2710 ἀσά-

118 2726 208 2755 λευτα.
232 2726 263 2755 Ὁ
287 2724 316 2754 δὲ
339 2726 420 2759 αὐτὸς
448 2726 574 2764 βασιλεὺς
590 2726 845 2765 προσκαλεσάμενος
871 2728 936 2760 τοὺς

117 2771 251 2809 καμόντας
277 2770 362 2799 ἐκεῖσε
396 2771 579 2810 μηχανικοὺς,
607 2771 765 2801 ἐπυνθάνετο
793 2773 857 2811 παρ’
885 2773 936 2802 αὐ-

993 2289 1082 2315 cturae
1104 2295 1209 2322 genere
1231 2295 1248 2314 a
1265 2287 1434 2315 Justiniano
1459 2287 1594 2321 excitata,
1610 2288 1640 2314 et
1654 2286 1741 2314 ambo
1764 2286 1813 2313 ille

992 2331 1272 2367 sumptuosissimus
1289 2333 1317 2359 et
1332 2331 1526 2359 admiratione
1539 2331 1647 2367 dignus
1656 2338 1723 2358 cum
1734 2329 1814 2358 solea

992 2378 1021 2403 et
1037 2376 1115 2404 vario
1128 2375 1232 2412 templi
1244 2376 1408 2412 pavimento
1421 2384 1513 2403 annos
1524 2374 1814 2411 septemdecim.Post

992 2422 1115 2448 mortem
1122 2420 1355 2449 veroJustiniani
1362 2420 1531 2456 ,imperium
1539 2419 1652 2456 excepit
1663 2420 1811 2454 Justinus,

991 2465 1056 2500 ejus
1079 2473 1114 2493 ex
1133 2472 1233 2493 sorore
1255 2473 1366 2500 nepos;
1391 2465 1477 2500 cujus
1492 2473 1568 2492 anno
1586 2464 1725 2498 secundo,
1743 2464 1814 2492 feria

992 2509 1095 2545 quinta
1108 2509 1166 2537 diei
1194 2510 1266 2538 hora
1291 2511 1380 2542 sexta,
1411 2509 1516 2537 trullus
1541 2508 1674 2536 corruit:
1692 2510 1813 2545 stupen-

992 2553 1122 2589 dumque
1140 2554 1307 2588 umbonem,
1332 2553 1454 2586 soleam,
1470 2553 1677 2590 sardonyches,
1695 2553 1814 2590 zamby-

991 2606 1051 2631 cos,
1081 2598 1237 2634 sapphiros
1262 2600 1291 2626 et
1320 2599 1504 2634 margaritas,
1533 2606 1600 2625 cum
1625 2598 1721 2626 aureis
1737 2598 1815 2626 colu-

992 2642 1088 2670 mellis
1099 2642 1244 2671 contrivit.
1258 2642 1384 2679 Apsides
1395 2651 1474 2676 vero,
1487 2643 1629 2670 columnis
1651 2645 1679 2670 et
1693 2642 1815 2670 aediﬁcia

991 2688 1105 2724 reliqua
1119 2688 1417 2724 intactaimmotaque
1426 2690 1607 2716 manserunt.
1624 2689 1706 2716 Tunc
1718 2687 1813 2723 impe-

991 2734 1080 2766 rator,
1098 2733 1224 2761 evocatis
1234 2733 1414 2767 architectis,
1432 2733 1642 2762 sciscitabatur
1653 2741 1714 2768 quis
1726 2740 1816 2760 causa

991 2776 1084 2805 ruinae
1110 2777 1199 2805 trullo
1224 2777 1340 2806 fuisset.
1367 2779 1449 2811 Quod
1476 2778 1640 2807 avunculus
1659 2779 1739 2812 tuus,
1765 2777 1811 2805 in-
