1932 3050
68 116 149 147 1313

634 109 816 141 ANONYMI
839 108 1132 147 ANTIQUITATES
1155 109 1213 141 ΟΡ.

1699 111 1775 141 1314

69 181 106 218 β’,
132 178 247 208 Ἰούλιον
284 177 328 206 καὶ
359 175 525 215 Αὔγουστον.
563 174 685 218 Μεγάλαι
714 173 743 202 δὶ
770 173 912 212 ἐγίνοντο¹

1003 174 1030 202 io
1045 176 1074 202 et
1088 175 1228 211 Augusto.
1245 175 1318 204 Hinc
1340 183 1446 212 magna
1469 176 1599 204 tonitrua
1613 178 1643 204 et
1659 176 1776 213 fulgura

70 217 183 263 βρονταὶ
207 223 252 252 καὶ
279 221 422 260 ἀστραπαὶ,
450 222 487 252 ὡς
513 219 578 251 τοὺς
603 217 726 250 πολλοὺς
750 219 891 253 καυθῆναι·

66 268 144 297 ἀλλὰ
170 268 214 296 καὶ
242 267 353 304 σεισμὸς
383 266 509 304 μέγιστος
536 265 581 292 καὶ
616 264 786 302 παγκόσμιος
804 285 812 297 ,
848 263 892 290 καὶ

67 312 164 341 ἔπισον
188 312 259 340 οἶκοι
292 311 337 339 καὶ
365 309 507 345 ἐκκλησίαι
536 307 641 337 πολλαὶ
670 308 696 336 ἐν
727 309 894 336 Κωνσταντι-

67 356 216 391 νουπόλιι,
244 357 313 383 ὥστε
340 354 464 386 πολλοὺς
491 353 662 388 τελευτῆσαι·
692 351 766 380 ἄλλά
792 351 836 380 καὶ
864 351 895 378 τὸ

67 405 164 440 τεῖχος
192 405 241 436 τῆς
270 400 390 434 πόλεως,
422 398 528 436 μᾶλλον
554 397 583 426 δὲ
596 399 646 430 τῆς
663 400 781 435 Χρυσῆς.
797 397 896 425 "Emere

69 446 99 475 δὲ
129 447 174 474 καὶ
202 447 219 480 ἡ
237 446 330 483 λόγχη
345 446 375 480 ἣν
393 444 498 482 ἆκράτει
514 444 528 471 ὁ
543 441 653 480 ἀνδριὰς
667 443 681 470 ὁ
696 441 780 473 ἑστὼς
797 441 835 472 αἱς
849 441 894 468 τὸν

70 492 155 529 φόρον
169 493 217 518 τοῦ
240 490 317 528 ἁγίου
342 487 556 523 Κωνστιιντίνου,
579 487 624 514 καὶ
641 485 782 523 ἐπεκράτει
810 487 828 520 ἡ
859 488 894 523 γῆ

71 536 200 572 σειομένη
223 529 268 562 tiri
292 533 375 563 πολύ.
392 534 441 562 ’EI.
456 532 484 560 ὃὶ
499 536 548 568 τῆς
564 531 652 565 λύπης
668 531 682 558 ὁ
705 529 833 568 βασιλεὺς
858 530 896 561 ιτς

70 581 106 608 τὰ
128 579 254 612 ιἰνὲθλια
276 581 325 607 τοῦ
349 579 488 615 Χριστοῦ,
512 576 556 604 καὶ
582 576 620 607 τίς
642 576 675 603 τὰ
700 575 765 613 ἁίγια
793 573 895 612 Θεοφά-

73 636 117 652 -ιια
133 649 140 661 ,
170 624 230 652 at.»
256 625 409 660 στὲμματος
433 620 571 658 προῆλθεν
590 641 597 655 ,
630 620 674 647 καὶ
704 619 738 646 τὰ
765 618 790 655 ἐξ
820 617 895 649 ἔθους

71 668 263 708 ἀριστόδειπνα
288 670 336 696 τοῦ
352 665 565 702 δωδεκαημὲρου
594 664 644 692 οὐκ
672 663 802 708 hillen:
833 661 896 690 ἀλλ’

72 706 176 742 ἅκαντα
200 716 259 745 τοῖς
288 714 414 749 πτωχοῖς
444 709 561 747 διάνιιμι
579 731 585 738 .
620 709 674 744 Τὴν
705 707 735 735 δὲ
760 706 895 739 Θάλασσαν

73 769 151 798 φασιν
179 757 232 785 ἀπὸ
259 760 310 792 τῆς
338 759 390 794 γῆς
416 755 538 793 γενέσθαι
568 753 598 782 ἐκ
611 755 660 781 τοῦ
675 754 789 798 σεισμοῦ
818 750 898 798 μίλια

72 796 144 837 cpia:
171 803 217 830 καὶ
249 801 398 833 ἀπολέσθαι
423 799 509 827 πλοῖα
534 799 560 826 ἐν
582 799 617 835 τῇ
640 799 688 825 τοῦ
715 796 810 828 ὕδατος
835 796 896 823 ἀνα-

76 849 209 886 χωρήσει.
230 847 328 897 "Erras:
352 844 380 872 δὶ
401 844 456 897 καιὶῇ
472 843 626 897 ξ’τροῦλος
634 845 689 896 ’τῆς
707 840 838 897 Ἀρεγάλης
854 840 897 868 ικ-
913 865 938 897 Β

76 885 208 927 κλησίας,
234 891 272 922 ὡς
298 890 425 928 ἀνωτέρω
443 887 607 924 δεδήλωται·
634 887 663 914 ’ὸν
684 885 729 914 καὶ
753 885 899 921 ἀνάκτισιν,

77 937 169 965 καὶτὰ
194 935 303 973 δεύτερα
329 933 451 972 ἐγκαίνια
477 935 528 967 τῆς
558 931 640 964 αὐτῆς
666 929 812 965 ἐκκλησίας
839 940 901 967 φαι-

78 981 190 1019 δρότιρα
218 980 264 1007 καὶ
293 978 471 1016 λαμπρότιρα
497 976 663 1012 πεποίηκεν.
690 975 777 1005 Οὗτος
809 974 899 1011 μαθὼν

78 1026 139 1063 περί
165 1035 247 1053 τινων
277 1022 481 1062 ἀῤῥενοφθόρων
500 1044 508 1056 ,
546 1020 689 1058 ἐρευνήσας
719 1018 763 1046 καὶ
788 1018 901 1063 rod-rch

78 1062 176 1108 εὑρὼν,
204 1068 268 1100 τοὺς
300 1069 347 1104 μὶν
379 1065 595 1100 ἐκαυλοκόπησε,
624 1067 683 1095 τοῖς
704 1063 739 1108 δὲ,
760 1062 902 1108 καλάμους

79 1115 147 1150 ὀξεῖς
166 1111 351 1150 ἐμϐάλλεσθαι
365 1111 403 1142 εἷς
417 1110 481 1142 τοὺς
497 1109 599 1148 πόρους
623 1110 677 1136 τῶν
700 1107 811 1135 αἲδοίων
843 1107 900 1134 ἐκέ-

77 1159 165 1193 λιυσε,
193 1158 238 1185 καὶ
266 1156 390 1194 γυμνοὺς
418 1155 487 1183 κατὰ
515 1155 564 1189 τὴν
589 1153 690 1191 ἀγορὰν
720 1150 901 1190 θριαμὸιυθῆ-

76 1214 130 1231 ναι.
158 1205 295 1239 Ὑπῆρχον
323 1201 415 1238 μέντοι
440 1199 470 1226 ἐκ
485 1201 539 1226 τῶν
555 1197 676 1225 πολιτῶν
699 1197 744 1224 καὶ
768 1198 821 1223 τῶν
837 1206 900 1233 συγ-

77 1246 216 1283 κλητικῶν
244 1245 348 1274 πολλοὶ
374 1246 428 1272 τῶν
455 1242 484 1271 δὲ
511 1241 661 1280 ἀρχιερέων
679 1241 728 1269 οὐκ
742 1241 844 1279 ὀλίγοι·
875 1241 901 1268 οἱ

79 1291 258 1328 δημευθὲντες
288 1289 375 1320 οὕτως
399 1288 593 1326 περιαγόμινοι
621 1287 690 1314 κατὰ
720 1286 770 1320 τὴν
800 1285 900 1323 ἀγορὰν

79 1336 196 1374 γυμνοὶ,
227 1335 343 1373 οἰκτρῶς
377 1332 574 1368 ἐτελεύτησαν·
604 1330 649 1358 καὶ
677 1332 825 1368 γενομένου
852 1329 901 1369 φό-

80 1373 129 1409 ϐου
159 1379 291 1418 μεγάλου,
321 1379 347 1406 οἱ
364 1377 456 1405 Λοιποὶ
472 1375 720 1415 ἐσωφρονίσθησαν.
736 1373 901 1418 Ὀλολύζετο

80 1426 142 1464 γὰρ,
159 1417 236 1463 φησὶ,
264 1423 352 1457 πίτυς,
386 1422 428 1449 ὅτι
456 1422 582 1449 πιπτωκι
605 1418 711 1456 κέδρος.
741 1420 859 1464 Ἔστησε
874 1417 903 1464 di

80 1461 124 1498 καί
145 1461 191 1497 τὸν
217 1469 296 1495 κίονα
317 1467 362 1494 τὸν
390 1463 539 1503 λεγόμενον
565 1464 770 1501 Αὐγουστιῶνα,
801 1461 902 1494 ἐπιθεὶς

81 1513 169 1542 ἰπάνω
207 1510 322 1552 ἔφιππον
356 1511 407 1545 τήν
436 1509 518 1537 αὐτοῦ
545 1507 661 1544 στήλην,
690 1509 839 1545 κρατοῦσαν
867 1508 902 1543 τῇ

949 219 1081 255 delapsa,
1103 227 1167 255 quas
1192 220 1299 248 multos
1324 221 1550 249 combusserunt
1566 230 1572 249 :
1590 221 1661 257 quin
1685 222 1773 250 etiam

949 266 1032 291 terra:
1048 267 1144 293 motus
1168 264 1315 293 maximus
1327 267 1360 293 et
1395 265 1582 299 universalis,
1600 266 1640 293 ita
1664 268 1696 293 ut
1720 266 1773 294 σξιο-ι

950 316 1018 336 mus
1042 310 1071 336 et
1096 309 1224 337 ecclesiis
1254 309 1353 337 multis
1377 310 1629 346 Constantinopoli
1655 318 1773 338 corrue-

950 355 1027 389 rent,
1043 353 1188 390 multique
1213 353 1466 390 opprimerentur;
1484 354 1543 382 imo
1567 355 1655 382 etiam
1672 363 1775 383 murus

951 397 1044 433 urbis,
1073 401 1101 426 et
1129 398 1255 426 maxime
1283 399 1318 426 ad
1345 400 1468 426 Auream
1497 401 1610 435 portam
1637 408 1644 426 :
1671 399 1773 428 lancea

950 441 1032 477 item,
1061 450 1150 478 quam
1181 445 1279 470 statua
1307 443 1337 470 in
1369 444 1441 471 Foro
1472 444 1566 471 sancti
1593 443 1776 471 Constantini

951 489 1047 515 erecta
1070 487 1215 523 gestabat,
1232 488 1261 515 in
1288 489 1397 516 terram
1418 488 1541 522 decidit;
1566 488 1676 523 diuque
1700 490 1777 515 terra

951 531 980 559 in
1001 532 1051 560 illa
1066 533 1262 560 commotione
1286 533 1406 561 mansit.
1424 534 1463 561 Ex
1487 535 1577 562 tanta
1602 533 1777 561 calamitatis

951 584 1074 603 maerore
1090 576 1250 612 imperator
1263 577 1292 604 in
1304 577 1399 606 Natali
1410 579 1439 605 et
1453 577 1483 605 in
1499 579 1600 606 sancta
1613 577 1777 613 Epiphania

951 619 1072 654 Christi,
1097 620 1161 648 sine
1186 629 1294 649 corona
1319 621 1436 657 prodiit,
1452 624 1481 649 et
1504 624 1644 649 consueta
1665 622 1775 649 duode-

951 664 1008 692 cim
1025 664 1139 692 dierum
1162 665 1295 692 convivia
1316 673 1374 692 non
1401 665 1573 700 celebravit;
1599 666 1649 693 sed
1677 665 1777 693 omnia

952 708 1131 744 pauperibus
1147 709 1306 737 distribuit.
1320 711 1444 737 Narrant
1456 712 1553 738 autem
1570 717 1650 737 mare
1666 718 1682 737 a
1699 711 1778 737 terra

951 753 1048 781 tribus
1058 753 1234 781 milliaribus
1244 762 1301 790 prie
1313 754 1505 781 concussione
1520 754 1689 787 recessisse,
1704 756 1733 781 et
1747 753 1777 782 in

953 805 1096 833 aquarum
1113 806 1231 826 recessu
1254 798 1375 834 periisse
1396 806 1494 826 naves.
1512 798 1636 834 Delapsa
1651 798 1718 826 item
1735 800 1780 826 est

952 842 1059 870 trullus
1083 843 1196 879 Magnas
1219 843 1359 876 ecclesiae,
1377 846 1408 870 ut
1435 843 1571 879 superius
1599 843 1777 871 recensitum

954 889 1011 920 est;
1029 895 1117 923 quam
1142 887 1205 923 ipse
1232 887 1417 921 restauravit,
1435 895 1468 915 ac
1492 888 1621 915 secunda
1644 887 1779 914 Encrsnia

953 931 1065 959 laetiora
1087 933 1116 959 et
1139 931 1339 967 splendidiora
1364 931 1526 960 celebravit.
1544 932 1570 959 Is
1592 940 1660 959 cum
1684 931 1779 959 edidi—

954 976 1041 1004 cisset
1058 976 1255 1004 masculorum
1271 976 1473 1004 concubitores
1489 984 1562 1009 esse.
1579 985 1645 1004 cum
1662 976 1779 1012 perqui-

955 1021 1060 1049 silione
1076 1021 1152 1048 facta
1167 1020 1325 1056 reperisset
1339 1029 1400 1053 eos,
1417 1021 1484 1048 aliis
1502 1021 1618 1057 quidem
1634 1023 1779 1048 veratrum

955 1066 1103 1101 amputari
1123 1065 1225 1100 jussit,
1241 1065 1308 1093 aliis
1334 1064 1462 1093 calamos
1478 1067 1580 1093 acutos
1595 1065 1626 1092 in
1641 1065 1780 1093 verendo-

955 1118 1020 1138 rum
1050 1112 1165 1137 meatus
1194 1109 1288 1145 infigi,
1320 1109 1458 1145 ipsosque
1489 1109 1584 1137 nudos
1613 1109 1643 1136 in
1674 1110 1780 1137 Forum

956 1154 1040 1191 quasi
1073 1154 1108 1182 ad
1138 1153 1322 1189 triumphum
1354 1153 1460 1181 adduci
1488 1153 1590 1189 jussit.
1621 1154 1699 1181 Inter
1731 1162 1780 1181 eos

955 1201 1039 1227 erant
1053 1198 1131 1226 cives
1145 1200 1174 1226 et
1195 1198 1334 1226 senatorii
1349 1198 1404 1225 viri
1426 1198 1523 1233 multi,
1539 1206 1592 1226 nec
1608 1198 1693 1234 pauci
1708 1207 1781 1234 prm-

955 1243 1052 1277 sules;
1069 1243 1119 1279 qui
1144 1243 1185 1270 ita
1208 1242 1325 1278 publice
1338 1242 1531 1270 circumducti
1557 1243 1586 1270 in
1611 1243 1683 1270 Foro
1708 1241 1781 1269 nudi

956 1288 1063 1316 misere
1093 1287 1280 1315 interierunt.
1310 1287 1383 1315 Hinc
1413 1287 1533 1314 incusso
1565 1289 1644 1314 metu
1673 1286 1781 1319 valido,

956 1331 1053 1360 ceteri
1075 1332 1281 1367 resipuerunt:
1299 1331 1371 1359 Nam
1398 1331 1542 1366 ululabat,
1559 1331 1668 1367 inquit,
1682 1330 1780 1366 pinus,

957 1376 1028 1413 quia
1060 1376 1165 1404 cecidit
1193 1377 1309 1404 cedrus.
1339 1375 1436 1403 Erexit
1468 1378 1565 1403 autem
1600 1375 1779 1408 columnam,

957 1429 1045 1457 quam
1075 1423 1179 1448 vocant
1206 1420 1432 1456 Augustionem,
1456 1422 1502 1448 cui
1527 1423 1694 1456 equestrem
1719 1424 1779 1447 sla-

957 1468 1037 1493 tuam
1063 1473 1148 1492 suam
1176 1464 1341 1500 imposuit:
1359 1472 1420 1500 qua!
1444 1464 1565 1492 sinistra
1589 1464 1707 1500 quidem
1732 1472 1781 1492 ro-

956 1509 1083 1537 tundum
1107 1516 1227 1544 pomum
1243 1510 1332 1542 tenet,
1350 1517 1406 1544 quo
1421 1508 1568 1536 indicatur
1583 1508 1662 1536 orbis
1686 1508 1780 1545 impe-

84 1560 129 1597 μὶν
154 1548 280 1596 ἀριστερᾷ
305 1557 378 1594 χειρί
405 1553 495 1591 μῆλον
520 1551 697 1597 σφαιροειδὶς,
788 1554 839 1597 τῆς
853 1555 903 1589 γῆς

1007 1561 1034 1580 m
1059 1560 1149 1589 penes
1173 1553 1272 1588 ipsum
1296 1560 1384 1580 esse:
1402 1553 1551 1580 dexteram
1573 1560 1639 1580 vero
1661 1555 1780 1588 proten-

81 1595 187 1639 ἀπάσης
211 1601 292 1629 αὐτοῦ
315 1599 524 1638 κυριεύσαντος·
553 1598 603 1632 τὴν
624 1595 711 1632 δεξιὰν
741 1595 779 1630 δὶ,
811 1596 903 1623 ἀνατε-

80 1648 198 1685 ταμὲνην
224 1644 353 1683 ἔχουσαν,
376 1643 421 1672 καὶ
447 1641 686 1685 διακελευομένην,
716 1643 803 1675 Στῆτε
823 1640 902 1685 [Πὲρ-

82 1683 147 1728 cui],
172 1690 216 1718 καὶ
240 1694 290 1725 τῆς
314 1688 456 1725 Ῥωμαίων
481 1690 533 1725 γῆς
553 1686 591 1723 μὴ
608 1683 731 1720 ἐπιόἧτι.
748 1683 904 1713 Ἀπέστειλι

82 1735 110 1764 δὶ
131 1735 175 1763 καὶ
201 1733 361 1771 Βελισάριον
391 1731 542 1768 στρατηγὸν
569 1731 636 1767 μετὰ
657 1729 783 1764 πλήθους
807 1729 905 1766 ἀναρμ-

83 1781 199 1817 θμήτου,
222 1779 266 1806 καὶ
282 1777 399 1810 πλοίων,
424 1775 469 1803 καὶ
493 1777 598 1812 χρυσοῦ
626 1772 735 1801 πολλοῦ
749 1771 904 1800 καταπολι-

85 1826 167 1862 μῆσαι
196 1821 368 1852 Οὐανδάλους
391 1820 437 1848 καὶ
463 1819 596 1858 Ἀφρικὴν
627 1818 794 1856 ἒκπορθῆσαι
811 1839 817 1846 .
856 1819 904 1848 ’Ὀς

84 1868 212 1906 ἀγχινοίᾳ
235 1867 280 1894 καὶ
303 1866 431 1904 φρονήσει
457 1864 544 1892 πάντα
569 1862 747 1898 ληϊσάμενος,
764 1862 903 1906 νδινήγαγιν

85 1905 112 1941 ἐν
133 1905 170 1946 τῆ
195 1910 277 1940 πόλει
299 1910 325 1938 ἐν
352 1909 490 1946 συντόμῳ,
508 1907 575 1945 μδτὰ
587 1906 709 1935 πλούτου
724 1905 843 1941 πολλοῦ,
859 1905 905 1933 καὶ

80 1954 272 1995 ἐθριάμϐευσεν
302 1955 328 1982 ἐν
357 1956 397 1990 τῷ
425 1954 560 1988 ἰππικῷ,
592 1951 706 1978 ὑπατίαν
732 1951 853 1995 ποιήσας,
876 1949 902 1977 ἐν

80 1993 115 2039 τῇ
139 2001 228 2029 πόλει·
259 1999 328 2027 ὣστε
355 1997 545 2028 Ἰουο-τινιανὸς
571 1995 608 2027 εἷς
634 1995 682 2032 μὶν
708 1995 739 2022 τὸ
767 1993 793 2022 ἓν
823 1994 906 2039 μέρος

80 2037 129 2075 τοῦ
155 2045 325 2082 νομίσματος
351 2043 442 2071 ἱαυτὸν
475 2041 605 2080 ἰχάραξι,
635 2039 672 2071 εἰς
700 2038 729 2067 δὶ
758 2039 788 2066 τὸ
815 2037 908 2076 ἓτερον

82 2089 243 2126 Βιλισάριον
274 2087 410 2122 ἔνοπλον,
439 2086 485 2114 καὶ
513 2085 667 2122 ἐπέγραψε·
699 2083 860 2120 Βελισάριος
887 2084 905 2117 ἡ

83 2135 147 2170 δόξα
173 2136 228 2162 τῶν
256 2131 408 2169 Ῥωμαίων.
437 2129 517 2159 Ἀλλ’
532 2130 576 2156 οἷα
603 2129 617 2156 ὸ
642 2127 740 2166 φθόνος
756 2127 781 2154 ἐν
800 2126 907 2164 μεγάλη

83 2177 244 2215 εὐδαιμονίᾳ
258 2176 336 2205 εἷ’ωθι
363 2177 464 2208 ποιεῖν,
495 2171 576 2201 ὥδινι
604 2172 649 2200 καὶ
678 2171 704 2202 ἐς
733 2170 906 2209 Βελισάριον.

85 2221 248 2258 Διαϐληθιὶς
274 2221 336 2259 γὰρ,
359 2219 473 2257 μιτὲστη
488 2221 538 2253 τῆς
567 2217 669 2255 ἀρχῆς,
698 2216 743 2243 καὶ
772 2215 908 2252 Σαλομῶν

85 2269 141 2296 ἀντ’
171 2267 253 2295 αὐτοῦ
281 2263 434 2303 στρατηγός
462 2262 606 2300 ὲπὲμφθη,
645 2261 674 2292 ’ὸς
710 2260 744 2288 τὰ
771 2260 909 2303 κτισθέντα

86 2311 236 2348 Βελισαρίῳ
270 2302 385 2348 φυλάξαι
415 2308 453 2346 μὴ
484 2306 620 2342 δυνηθεὶς,
648 2307 708 2336 τοῖς
737 2302 910 2335 Οὖανδάλοις

86 2358 193 2384 πάντων
208 2355 420 2392 παρεχώρησεν.

958 1598 1046 1626 debat
1069 1597 1203 1633 jubentis
1228 1605 1318 1629 more,
1344 1605 1377 1625 ac
1401 1597 1548 1625 dicentis:
1568 1599 1647 1625 State
1664 1597 1780 1634 [Persas]

957 1644 985 1670 et
1011 1642 1040 1669 in
1066 1642 1264 1669 Romanorum
1288 1644 1397 1668 terram
1423 1649 1459 1669 ne
1483 1641 1708 1677 impressionem
1737 1641 1781 1668 fa-

958 1686 1052 1714 ciatis.
1070 1685 1149 1713 Misit
1173 1693 1259 1721 porro
1285 1685 1459 1714 Belisarium
1485 1686 1589 1714 ducem
1614 1693 1679 1713 cum
1696 1685 1782 1712 innu-

959 1731 1049 1758 meris
1082 1730 1193 1766 copiis,
1226 1730 1351 1757 navibus
1379 1734 1407 1758 et
1435 1730 1559 1766 pecunia
1593 1729 1702 1765 multa,
1732 1729 1783 1765 qui

959 1773 1105 1802 Vandalos
1130 1774 1300 1809 debellaret,
1329 1776 1358 1802 et
1382 1774 1505 1802 Africam
1530 1775 1705 1802 devastaret.
1729 1774 1783 1806 Qui

959 1819 1120 1855 prudenter
1140 1821 1169 1846 et
1189 1819 1334 1854 sagaciter
1357 1818 1456 1846 omnia
1480 1819 1675 1854 depraedatus,
1691 1819 1785 1854 spolia

960 1863 1040 1891 brevi
1064 1863 1094 1890 in
1119 1864 1222 1890 urbem
1252 1862 1372 1890 deduxit
1402 1871 1468 1890 cum
1493 1863 1604 1890 divitiis
1630 1863 1732 1890 multis
1757 1865 1786 1891 et

959 1907 1194 1942 triumphavitin
1207 1907 1415 1942 Hippodromo,
1429 1907 1617 1935 consulatum
1633 1915 1738 1942 gerens
1754 1907 1784 1934 in

961 1951 1048 1985 urbe;
1075 1951 1113 1978 ita
1143 1953 1176 1978 ut
1203 1951 1390 1979 Justinianus
1419 1951 1450 1979 in
1479 1951 1569 1980 altera
1598 1951 1786 1979 numismatis

961 1998 1044 2032 parte
1065 1995 1197 2031 seipsum
1223 1998 1455 2031 repraesentaret,
1472 1996 1500 2023 in
1526 1996 1616 2024 altera
1631 2004 1697 2024 vero
1713 1995 1786 2023 Beli-

961 2040 1072 2068 sarium
1089 2042 1248 2074 armatum,
1265 2048 1332 2067 cum
1351 2040 1403 2068 hac
1419 2040 1620 2076 inscriptione,
1634 2041 1788 2068 Belisarius

961 2085 1051 2119 gloria
1085 2085 1282 2112 Romanorum.
1312 2084 1465 2113 Enimvero
1498 2085 1623 2118 invidia,
1654 2087 1686 2113 ut
1714 2085 1789 2113 solet

961 2129 1049 2156 rebus
1075 2128 1272 2165 prosperrime
1298 2129 1525 2157 succedentibus
1549 2129 1694 2162 insidiari,
1711 2128 1786 2156 Beli-

962 2173 1073 2201 sarium
1091 2181 1207 2209 quoque
1222 2173 1264 2201 ita
1278 2173 1383 2201 adorta
1399 2176 1452 2201 est.
1470 2173 1542 2201 Nam
1560 2174 1717 2201 calumniis
1734 2174 1788 2200 im-

962 2218 1073 2253 petitus
1098 2225 1114 2244 a
1139 2218 1311 2253 praefectura
1332 2220 1498 2245 summotus
1522 2221 1583 2252 est;
1611 2218 1641 2245 in
1667 2219 1790 2253 ejusque

964 2261 1061 2290 locum
1079 2261 1216 2289 Salomon
1232 2262 1291 2289 dux
1305 2262 1450 2290 exercitus
1463 2262 1574 2290 missus
1589 2264 1643 2296 est,
1657 2262 1706 2298 qui
1722 2269 1790 2289 cum

966 2314 1024 2334 non
1050 2306 1160 2334 valeret
1184 2315 1229 2338 ea.
1245 2314 1311 2342 quas
1334 2306 1493 2334 Belisarius
1517 2309 1679 2342 paraverat,
1704 2306 1791 2340 tueri,

968 2350 1068 2378 omnia
1081 2350 1222 2379 Vandalis
1237 2351 1392 2379 concessit.

87 2420 124 2448 De
137 2418 294 2455 prodigiosa
308 2424 385 2444 cane.
404 2416 514 2455 Pontem
528 2413 676 2455 Sangam,
685 2419 791 2455 necnon
807 2411 911 2455 multo:
926 2412 1053 2440 ecclesias
1067 2421 1106 2455 ac
1117 2413 1201 2455 urbes.
1210 2408 1384 2455 Iustinianaf
1400 2413 1632 2455 cxsmpgjis
1646 2413 1794 2449 Procopius

455 2451 526 2478 libro
540 2447 646 2478 octavo.
661 2449 838 2477 Justinianus
852 2447 912 2475 alie:

1007 2457 1071 2476 vera
1086 2449 1135 2476 Dei
1148 2449 1283 2484 religione
1296 2451 1424 2478 moritur.
1558 2447 1595 2457 χ’
1609 2461 1612 2463 ·

122 2508 172 2536 Ἦν
190 2505 219 2534 δέ
245 2516 287 2536 τις
311 2503 430 2542 χαλκεὺς
454 2502 480 2530 ἐν
504 2503 543 2538 τῷ
557 2503 645 2538 καιρῷ
661 2500 756 2536 ἐκείνῳ
786 2498 912 2537 Ἀνδρέας

85 2551 218 2588 τοόνομα,
235 2548 306 2588 ἔχων
333 2549 390 2586 μετ’
417 2547 500 2575 αὐτοῦ
522 2546 591 2573 κύνα
612 2545 704 2582 ξανθὸν
727 2543 772 2572 καὶ
799 2543 913 2588 τυφλὸν,

88 2597 118 2628 ’ὸς
145 2595 229 2623 ἐποίει
251 2587 358 2632 signa.
385 2591 560 2630 Παρεστῶτος
583 2591 634 2628 γὰρ
658 2589 732 2625 αὖτῷ
754 2587 855 2626 ὄχλου,
885 2587 913 2616 ἓν

89 2651 119 2668 τε
146 2643 205 2671 τοῖς
234 2637 442 2676 Ἀρτοπωλίοις,
470 2635 515 2664 καὶ
545 2634 571 2662 ἰν
598 2634 638 2670 τῷ
668 2633 761 2672 Φόρῳ,
787 2633 915 2660 καὶκατὰ

91 2686 181 2720 πάσης
210 2685 258 2717 τῆς
282 2681 402 2716 πόλεως,
429 2681 518 2719 λάθρα
532 2681 582 2707 τοῦ
607 2679 686 2711 κυνὸς
709 2678 854 2715 ὶκομίζετο
881 2678 915 2705 τὰ

91 2731 146 2757 τῶν
171 2728 295 2756 ἑστώτων
326 2724 496 2760 δακτυλίδια,
524 2726 613 2762 χρυσᾶ
626 2734 656 2752 τι
669 2723 714 2751 καὶ
730 2723 846 2761 ἀργυρᾶ,
870 2722 914 2750 καὶ

92 2773 197 2813 χαλκᾶ,
220 2773 265 2801 καὶ
291 2771 371 2801 ἐτίθει
398 2771 436 2803 είς
461 2770 492 2798 τὸ
517 2767 626 2808 ἔδαφος,
650 2768 820 2807 παρισκέπων
847 2767 916 2797 αὐτὰ

1002 2502 1070 2530 Erat
1083 2510 1170 2538 porro
1196 2502 1246 2530 illo
1263 2505 1394 2539 tempore
1419 2504 1499 2532 faber
1522 2504 1646 2532 solarius
1671 2505 1792 2541 quidam

969 2545 1088 2574 nomine
1110 2546 1251 2575 Andreas.
1269 2547 1296 2575 Is
1312 2548 1437 2576 habebat
1452 2556 1552 2576 canem
1580 2549 1676 2577 rufum
1693 2557 1725 2577 ac
1741 2558 1794 2577 ce-

969 2598 1036 2618 cum
1063 2590 1113 2626 qui
1143 2590 1275 2627 prodigia
1303 2591 1418 2620 edebat.
1443 2593 1516 2620 Nam
1541 2596 1683 2629 praesente
1707 2595 1796 2622 turba

969 2635 998 2662 in
1016 2634 1172 2671 Artopoliis
1188 2637 1217 2662 et
1236 2635 1266 2662 in
1285 2635 1369 2672 Foro,
1386 2645 1452 2664 cum
1477 2636 1553 2664 clam
1576 2637 1632 2665 isto
1656 2646 1728 2665 caue
1744 2638 1794 2665 ad-

970 2680 1113 2707 stantium
1137 2679 1239 2707 annuli
1263 2680 1355 2716 aurei,
1372 2681 1512 2717 argentei,
1530 2682 1601 2709 aenei
1625 2690 1677 2717 per
1703 2683 1795 2710 totam

970 2724 1074 2752 urbem
1089 2724 1282 2759 deferrentur,
1299 2727 1327 2753 et
1341 2734 1358 2754 a
1373 2725 1493 2754 domino
1513 2734 1567 2754 suo
1584 2726 1613 2754 in
1629 2725 1692 2754 solo
1706 2725 1795 2762 positi

970 2769 1088 2806 pulvere
1107 2769 1301 2806 operirentur,
1317 2772 1381 2798 tum
1405 2771 1529 2807 jubente
1553 2771 1603 2800 illo
1626 2770 1708 2799 canis
1732 2770 1794 2798 sin-
