1932 3050
64 112 140 143 1317

634 109 935 142 TESTAMENTUM
957 109 1178 141 SALOMONlS
1185 133 1193 142 .

1688 115 1764 146 1318

61 176 168 216 ἡμέρας
191 187 222 205 τε
239 177 284 205 καὶ
309 175 382 215 ὥρος
408 175 547 214 hamum;
563 175 601 205 Τὸ
617 174 647 204 δε
660 174 804 214 παιδάριον

1001 177 1010 203 t
1025 184 1125 205 servus
1140 178 1221 205 tuus.
1239 177 1397 214 Postquam
1420 179 1596 208 recessimus
1611 188 1714 209 omnes
1730 182 1764 209 ab

61 222 131 260 πρὸς
152 222 198 250 τὸν
226 221 339 259 βασιλέα
356 230 362 238 ·
379 220 479 257 Δέομαί
504 231 564 254 σου,
583 220 706 258 βασιλεῦ,
722 219 837 248 ἄκουσον
854 219 889 247 τὰ

61 264 213 304 συμϐάντα,
229 266 274 294 καὶ
294 265 343 293 ὅσα
368 262 426 303 ἔχει
446 265 478 293 τὸ
501 264 657 303 παιδάριον.
672 264 746 293 Μετὰ
765 265 797 292 τὸ
819 264 889 292 ἀπο-

63 310 179 346 λυθῆναι
206 312 281 347 ἡμᾶς
306 310 406 342 πάντας
432 310 484 337 ἀπὸ
505 312 554 337 τοῦ
578 309 658 348 ἔργου
683 312 732 338 τοῦ
752 311 817 337 ναοῦ
838 311 889 336 τοῦ

62 359 140 390 Θεοῦ,
167 356 233 392 μετὰ
256 354 340 390 ἡλίου
370 353 468 392 δεσμὰς
499 353 659 392 (scopae?)
687 354 712 382 ἐν
749 356 789 390 τῷ
824 353 888 381 ἀνα-

61 399 192 428 παύεσθαί
218 410 265 436 μοι
291 400 370 437 (sio),
390 398 498 437 ἔρχεται
524 397 551 426 ἓν
572 401 626 427 τῶν
648 401 776 436 πονηρῶν
795 397 890 435 δαιμο-

61 445 126 472 νίων
142 444 187 472 καὶ
203 445 312 482 ἀφαιρεῖ
326 444 372 471 ἀπ’
387 443 455 481 ἐμοῦ
468 444 500 471 τὸ
519 443 606 480 ἥμισυ
624 445 672 471 τοῦ
699 444 797 480 μισθοῦ
825 452 887 480 μου·

62 489 107 517 καὶ
129 490 162 517 τὰ
184 488 270 526 ἥμισυ
296 488 378 517 σιτία.
404 489 469 517 Εἶτα
499 486 634 525 λαμϐάνει
662 487 707 516 καὶ
731 488 780 522 τὴν
802 486 888 522 δεξιάν

64 544 117 570 μου
140 536 221 571 χεῖρα
242 533 286 561 καὶ
311 533 425 569 θηλάζει
445 533 491 561 τὸν
515 532 656 571 ἀντίχειρά
675 543 727 570 μου
741 542 748 548 ·
762 533 805 560 καὶ
829 530 888 559 ἰδοὺ

61 577 214 616 θλιϐομένη
232 589 284 614 μου
300 579 317 613 ἠ
333 579 422 616 ψυχὴ,
442 577 512 605 οὕτω
527 578 558 605 τὸ
581 577 662 614 σῶμά
686 587 738 614 μου
761 576 889 604 Λεπτύνε-

61 633 107 650 ται
135 623 195 650 καθ’
220 623 334 658 ἑκάστην
365 623 482 659 ἡμέραν.
506 621 556 649 Καὶ
585 621 669 649 ταῦτα
697 620 814 651 ἀκούσας
835 620 888 658 ἐγὼ

62 671 200 708 Σολομῶν
217 670 346 707 ιῗσῆλθον
360 671 398 702 εἲς
412 671 457 698 τὸν
474 670 537 698 ναὸν
553 671 602 698 τοῦ
620 671 697 704 Θεοῦ,
713 670 759 697 καὶ
774 667 887 704 ἐδεήθην

60 715 87 751 ἐξ
114 715 183 751 ὅλης
205 727 259 752 μου
282 719 333 751 τῆς
356 717 459 753 ψυχῆς,
481 714 578 746 νυκτός
599 714 645 742 καὶ
673 713 787 751 ἡμέρας,
815 713 889 744 ὅπως

59 759 204 798 παραδοθῇ
233 770 279 797 μοι
304 760 318 787 ὁ
346 759 451 796 δαίμων
473 759 511 791 εἲς
537 758 633 797 χεῖράς
659 769 723 796 μου,
746 758 792 786 καὶ
818 758 889 794 ἐξου-

61 806 147 833 οιάσω
166 805 246 832 αὑτόν
265 814 274 823 '
294 804 339 832 καὶ
364 804 468 842 ἐγένετο
491 803 517 832 ἓν
541 807 581 840 τῷ
612 802 811 842 προσιύχεσθαί
842 813 889 839 μοι

61 851 139 886 (sic),
163 847 244 884 ἰδόθη
283 859 329 885 μοι
363 849 436 886 παρὰ
469 848 570 886 Κυρίου
601 845 716 875 Σαϐαὼθ
742 847 822 886 χάρις
846 846 890 874 διὰ

62 893 179 932 Μιχαὴλ
203 896 251 921 τοῦ
279 893 453 931 ἀρχαγγέλου
493 893 586 928 αὐτοῦ,
608 891 780 920 δακτυλίδιον
816 890 888 930 ἔχων

65 937 199 977 σφραγῖδα
227 937 334 977 γλυφῆς
371 937 402 965 ἐκ
430 938 510 965 Αίθου
537 937 644 974 τιμίου,
666 937 712 964 καὶ
736 937 793 964 εἶπε
819 947 866 973 μοι
882 946 889 953 ·

64 985 148 1021 Λαϐὶ,
166 985 302 1023 Σολομῶν
330 987 454 1024 βασιλεῦ,
477 986 535 1017 υἱὸς
557 983 652 1021 Δαϐὶδ,
674 984 762 1023 δῶρον
787 985 802 1012 ὃ
826 984 892 1012 ἀπὲ-

64 1031 154 1059 στειλὲ
177 1042 219 1059 σοι
247 1030 347 1069 Κύριος
371 1031 385 1058 ὁ
410 1030 486 1066 Θεὸς,
509 1031 523 1058 ὅ
548 1030 659 1068 ὕψιστος
685 1027 800 1062 Σαϐαώο
817 1039 824 1046 ο
847 1037 892 1063 καὶ

64 1075 234 1114 συγκλείσεις
258 1075 345 1103 πάντα
364 1075 398 1102 τὰ
430 1074 559 1111 δαιμόνια
578 1078 629 1110 τῆς
653 1078 703 1113 γῆς
728 1075 824 1112 ἄρσενα
846 1073 892 1101 καὶ

64 1120 150 1156 θήλεα
166 1130 173 1136 ·
198 1119 243 1147 καὶ
272 1118 314 1147 δεῖ
339 1120 398 1157 μετ’
418 1119 506 1147 αὐτῶν
533 1118 748 1155 ἀνοικοδομῆσαι
771 1119 822 1153 τὴν
845 1119 892 1146 Ἱε-

65 1164 223 1203 ρουσαλὴμ,
253 1164 344 1204 φέρειν
380 1174 409 1191 σε
445 1164 495 1199 τήν
535 1162 671 1203 σφραγίδα
707 1163 807 1197 ταύτην
841 1165 893 1191 τοῦ

66 1212 143 1238 Θεοῦ.
159 1210 190 1238 Ἡ
216 1208 245 1237 δὲ
260 1208 353 1248 γλυφὴ
377 1212 427 1244 τῆς
441 1207 589 1248 σφραγῖδος
603 1210 652 1236 τοῦ
675 1207 820 1236 δακτυλίου
842 1211 892 1242 τῆς

67 1255 251 1293 πεμφθείσης,
285 1252 341 1281 ἔστι
372 1252 512 1292 πεντάλφα
542 1252 621 1288 αὕτη.
656 1252 706 1280 Καὶ
740 1253 894 1291 περιχαρὴς

67 1299 211 1337 γενόμενος
240 1298 292 1336 ἐγὼ
319 1297 456 1334 Σολομῶν
488 1297 589 1334 ὕμνουν
617 1297 662 1325 καὶ
696 1296 819 1333 ἐδόξαζον
847 1297 892 1325 τὸν

68 1344 131 1371 Θεὸν
159 1345 208 1371 τοῦ
230 1342 346 1380 οὐρανοῦ
376 1343 421 1369 καὶ
449 1344 499 1374 τῆς
529 1345 604 1379 γῆς·
632 1341 677 1369 καὶ
703 1344 738 1378 τῇ
766 1341 892 1379 ἐπαύριον

69 1388 183 1416 ἐκάλεσα
197 1387 243 1415 τὸν
271 1385 364 1422 παῖδα,
382 1387 427 1414 καὶ
455 1385 578 1414 ἐπέδωκα
607 1385 680 1422 αὐτῷ
707 1386 739 1414 τὸ
769 1384 895 1414 δακτυλί-

69 1432 138 1468 διον,
154 1433 198 1460 καὶ
215 1432 291 1460 εἶπον
307 1432 382 1467 αὐτῷ
398 1441 404 1447 ·
422 1428 494 1458 Λάϐε
508 1432 601 1465 τοῦτο,
616 1431 661 1458 καὶ
691 1431 716 1458 ἐν
787 1430 816 1458 ἂν
838 1429 895 1468 ὥρᾳ

72 1475 138 1515 ἔλθῃ
154 1477 222 1514 πρὸς
235 1477 264 1504 σε
275 1476 307 1504 τὺ
324 1475 479 1513 δαιμόνιον,
496 1475 534 1506 εἷς
548 1475 580 1503 τὸ
601 1479 700 1511 στῆθος
723 1477 771 1502 τοῦ
796 1474 895 1511 δαιμο-

68 1522 125 1549 νίου
148 1521 229 1559 {item
251 1523 331 1549 τοῦτο
359 1521 391 1548 τὸ
418 1519 603 1555 δακτυλίδιον,
631 1520 677 1547 καὶ
710 1520 769 1547 εἷπε
796 1519 869 1556 αὖτῷ
887 1529 893 1536 ·

67 1568 126 1595 Ἐπ’
141 1566 254 1602 ὀνόματι
277 1567 326 1593 τοῦ
351 1567 429 1601 Θεοῦ,
457 1563 547 1600 δεῦρο,
568 1564 648 1592 καλεῖ
672 1574 700 1592 σε
725 1565 739 1592 ὁ
766 1563 894 1602 βασιλεὺς

71 1610 205 1648 Σολομῶν
221 1618 228 1626 ·
244 1610 288 1637 καὶ
306 1608 440 1647 δρομαῖος
455 1606 539 1646 ἔρχου
554 1608 623 1645 πρός
639 1619 682 1645 με,
700 1607 784 1645 μηδὶν
799 1607 896 1635 δειλιςιὶ⁶

71 1665 118 1687 σας
146 1653 216 1691 μηδὲ
247 1652 370 1694 φοϐηθῇς
396 1653 423 1681 ἐν
445 1653 467 1690 ᾦ
491 1652 603 1690 μίλλεις
638 1652 743 1680 ἀκούειν
771 1653 822 1680 ὑπὸ
845 1654 896 1680 τοῦ

71 1699 202 1736 δαίμονος
218 1709 224 1716 ·
250 1698 296 1726 καὶ
322 1695 414 1726 λαϐὼν
442 1698 474 1725 τὸ
502 1696 647 1734 παιδάριον
669 1698 700 1725 τὸ
724 1695 897 1725 δακτυλίδιον

72 1745 203 1780 ἀπῆλθεν.
221 1744 270 1772 Καὶ
294 1742 354 1771 ἰδοὺ
380 1744 448 1771 κατὰ
471 1744 522 1778 τὴν
545 1743 695 1780 ἡθισμὲνην
719 1742 800 1780 ὥραν,
813 1742 897 1778 ἦλθεν

73 1791 87 1817 ὸ
103 1789 209 1828 Ὀρνίας
225 1789 255 1817 τὸ
272 1788 394 1826 χαλεπὸν
412 1787 553 1824 δαιμόνιον
579 1787 617 1818 ὡς
643 1789 696 1824 πῦρ
719 1786 898 1826 φλεγόμενον,

73 1836 148 1868 ὅπως
174 1847 204 1864 τε
229 1833 300 1873 λάϐῃ
328 1835 374 1863 τὸν
406 1835 501 1872 μισθὸν
531 1837 579 1862 τοῦ
612 1833 758 1871 παιδαρίου
775 1844 782 1851 ⁸
811 1835 842 1862 τὸ
872 1833 901 1862 δὲ

73 1880 217 1918 παιδάριον
234 1881 302 1908 κατὰ
316 1880 347 1907 τὸ
374 1879 545 1917 προσταχθὲν
575 1879 649 1916 παρά
676 1881 724 1906 τοῦ
755 1878 900 1917 βασιλέως,

74 1925 168 1964 ἒρῥιψε
183 1926 213 1953 τὸ
230 1923 406 1953 δακτυλίδιον
431 1923 476 1951 ἐπὶ
497 1923 528 1951 τὸ
557 1924 657 1958 στῆθος
681 1925 730 1951 τοῦ
745 1922 901 1959 δαιμονίου,

73 1970 118 1998 καὶ
135 1971 207 1997 εἶπεν
226 1979 232 1985 ’
250 1971 344 2006 Δεῦρο,
359 1968 440 1996 καλεῖ
460 1978 489 1995 σε
515 1968 528 1995 ὁ
552 1966 679 2005 βασιλεὺς
696 1968 840 2004 Σολομῶν·
857 1968 901 1994 καὶ

76 2015 166 2052 ἀπῆγε
196 2012 329 2052 δρομαῖος
356 2013 425 2050 πρὸς
454 2013 498 2040 τὸν
536 2011 659 2051 βασιλέα.
683 2012 714 2041 Ὁ
744 2011 772 2040 δὲ
798 2011 903 2048 δαίμων

74 2059 223 2097 ἰκραύγασε
245 2057 344 2096 λὲγων,
362 2056 520 2094 Ιίαιδάριον,
535 2056 561 2084 τί
585 2058 666 2084 τοῦτο
686 2055 816 2091 ἐποίησας
836 2056 904 2094 πρός

75 2114 128 2141 με;
145 2101 213 2131 λάϐε
232 2103 264 2130 τὸ
289 2101 461 2130 δακτυλίδιον
487 2100 532 2128 ἀπ’
561 2100 629 2138 ἐμοῦ
646 2110 652 2116 ·
667 2100 745 2139 κάγὼ
768 2099 904 2129 ἀποδώσω

73 2149 105 2176 τὸ
119 2147 234 2187 χρυσίον
247 2151 298 2182 τῆς
314 2150 366 2185 γῆς
385 2156 392 2162 ·
414 2145 497 2182 μόνον
515 2143 582 2173 λάϐε
600 2147 683 2172 τοῦτο
706 2145 751 2173 ἄπ’
765 2144 843 2182 ἐμοῦ,
859 2141 904 2173 καὶ

76 2193 114 2230 μὴ
131 2193 240 2230 ἀπάγῃς
258 2202 292 2229 με
303 2191 373 2229 πρὸς
389 2189 554 2227 Σολομῶνα.
572 2189 611 2218 Τὸ
628 2188 656 2217 δὶ
671 2188 816 2228 παιδάριον
833 2189 904 2228 λέγει

943 228 1029 256 opere
1050 221 1151 257 templi
1172 221 1233 255 Dei,
1249 222 1397 250 occidente
1418 223 1489 257 sole,
1506 224 1577 251 dum
1602 225 1764 260 requiesco,

942 265 1022 292 venit
1049 274 1126 293 unus
1150 265 1296 294 malorum
1321 266 1490 303 spirituum,
1507 270 1535 296 et
1559 269 1653 297 aufert
1677 278 1694 297 a
1718 279 1765 298 me

943 309 1101 337 dimidium
1134 311 1276 338 mercedis
1309 319 1397 345 mete,
1431 314 1460 339 et
1492 312 1614 341 dimidia
1646 314 1764 342 cibaria.

943 354 1052 382 Deinde
1069 354 1223 390 prehendit
1238 356 1385 383 dexteram
1398 364 1517 384 manum
1534 366 1628 386 meam
1645 360 1673 386 et
1687 359 1767 395 sugit

943 398 1078 434 pollioem
1096 407 1204 434 meum,
1221 402 1248 427 et
1269 408 1335 428 ecce
1357 402 1543 436 angustiatur
1567 403 1666 430 anima
1691 412 1767 438 mea,

942 445 972 470 et
993 451 1100 479 corpus
1130 451 1228 471 meum
1258 443 1350 471 macie
1379 444 1534 473 conﬁcitur
1557 454 1608 481 per
1631 447 1766 483 singulos

944 492 1015 519 dies.
1032 492 1097 519 Haec
1125 493 1248 520 audiens
1272 501 1325 529 ego
1350 493 1489 522 Salomon
1517 494 1669 531 ingressus
1698 505 1764 524 um

943 536 1086 572 templum
1117 537 1245 570 Domini,
1261 539 1288 565 et
1312 538 1391 566 oravi
1420 546 1455 566 ex
1482 540 1543 566 tota
1571 539 1670 568 anima
1701 549 1766 569 mea

942 583 1028 608 nocte
1042 583 1071 608 et
1086 581 1132 609 die
1147 583 1180 608 ut
1195 582 1313 609 daretur
1334 582 1447 610 daemon
1463 582 1492 610 in
1508 591 1614 612 manus
1630 593 1720 620 meas,
1736 588 1766 613 et

941 624 1084 652 voluntati
1101 633 1170 653 meae
1195 626 1404 661 subjiceretur;
1430 630 1459 654 et
1480 635 1546 655 ecce
1571 629 1639 656 dum
1665 638 1766 666 preces

942 669 1134 704 eﬂ'underem,
1162 670 1231 698 data
1261 672 1306 698 est
1339 671 1412 698 mihi
1441 679 1457 698 ιι
1488 672 1608 701 Domino
1636 674 1764 702 Sabaoth

941 714 1037 750 gratia
1052 722 1104 750 per
1126 714 1297 743 Michaelem
1320 715 1541 752 archangelum,
1558 718 1623 752 ejus
1639 719 1766 747 annulus

943 758 1064 793 scilicet,
1079 758 1190 787 habens
1212 759 1342 795 sigillum
1362 760 1509 796 scalptum
1535 769 1569 789 ex
1593 762 1688 799 lapide
1702 772 1767 799 pre-

944 804 1030 837 tioso,
1050 806 1078 831 et
1104 804 1176 831 dixit
1203 804 1276 832 mihi
1301 813 1308 831 :
1334 805 1449 841 Accipe,
1472 805 1609 834 Salomon
1639 816 1698 842 rex,
1724 808 1766 836 ﬁli

943 847 1044 883 David,
1069 848 1179 876 donum
1209 849 1285 885 quod
1316 849 1398 877 misit
1424 849 1475 877 tibi
1505 850 1649 880 Dominus
1677 855 1764 888 Deus,

944 891 1163 921 excelsissimus
1189 893 1328 926 Sabaoth,
1353 896 1382 921 et
1405 894 1562 923 concludes
1582 897 1681 924 omnia
1709 897 1766 925 dae-

946 936 1043 964 monia
1057 939 1141 964 terre
1168 937 1299 965 mascula
1315 940 1343 965 et
1356 938 1498 973 feminea;
1521 942 1550 967 et
1573 943 1687 976 oportet
1712 950 1767 978 ope

944 988 1046 1008 eorum
1062 981 1200 1009 aedificari
1223 981 1396 1016 Jerusalem,
1413 985 1442 1010 et
1456 986 1572 1019 portare
1588 987 1615 1013 te
1636 986 1767 1022 sigillum

945 1025 1024 1052 istud
1048 1025 1114 1059 Dei;
1140 1025 1293 1062 sculptura
1316 1028 1413 1054 autem
1438 1028 1526 1063 sigilli
1547 1030 1653 1057 urmuli
1677 1032 1713 1058 ad
1740 1034 1768 1059 te

946 1070 1030 1098 missi
1046 1072 1091 1098 est
1103 1070 1313 1107 quinquisema
1324 1071 1464 1107 (quinque
1479 1072 1685 1103 instrumentis
1699 1084 1770 1111 qua-

946 1114 1098 1142 dratorum
1115 1115 1253 1151 signata).
1269 1117 1306 1143 Et
1326 1115 1419 1144 laetior
1440 1117 1535 1145 factus
1550 1126 1602 1154 ego
1618 1119 1768 1155 Salomon,

946 1159 1101 1187 cantabam
1117 1161 1146 1188 et
1161 1160 1386 1196 magniﬁcabam
1410 1161 1503 1189 Deum
1528 1163 1592 1190 οωιὶ
1615 1165 1644 1191 et
1667 1166 1769 1200 terrea;

947 1210 975 1236 et
990 1216 1076 1236 mane
1090 1209 1187 1237 vocavi
1205 1217 1338 1245 puerum,
1356 1211 1385 1237 ct
1399 1210 1466 1238 dedi
1482 1211 1507 1239 ei
1524 1211 1680 1248 annulum,
1695 1214 1770 1242 dixi-

948 1259 1004 1287 que
1028 1251 1093 1280 illi:
1110 1253 1215 1289 Accipe
1238 1253 1293 1281 hoc
1317 1256 1346 1281 et
1369 1254 1399 1281 in
1425 1262 1483 1290 qua
1506 1255 1578 1284 hora
1603 1257 1714 1285 venerit
1733 1259 1769 1286 ad

947 1298 976 1324 te
990 1297 1116 1330 daemon,
1132 1297 1162 1324 in
1186 1299 1288 1333 pectus
1311 1299 1375 1334 ejus
1390 1299 1499 1335 projice
1523 1299 1603 1328 hunc
1626 1302 1771 1331 annulum

948 1343 976 1368 et
991 1341 1037 1368 dic
1052 1341 1078 1369 ei
1096 1349 1102 1369 :
1120 1341 1151 1369 In
1177 1342 1294 1369 nomine
1315 1342 1375 1376 Dei,
1392 1343 1449 1371 huc
1473 1347 1554 1372 vocat
1580 1347 1607 1373 te
1634 1346 1770 1375 Salomon

949 1393 1012 1419 rex;
1029 1387 1057 1413 et
1080 1386 1223 1414 festinans
1250 1387 1313 1414 veni
1340 1387 1375 1414 ad
1401 1395 1458 1422 me,
1475 1388 1516 1415 nil
1541 1389 1660 1422 timens,
1676 1399 1772 1427 neque

949 1429 1113 1457 formidans
1129 1431 1292 1466 quidquam
1318 1439 1418 1459 eorum
1442 1440 1505 1468 que
1528 1434 1684 1462 auditurus
1710 1444 1740 1464 es
1756 1445 1772 1464 a

950 1474 1092 1502 daemone.
1118 1475 1152 1502 Et
1170 1476 1336 1511 suscipiens
1364 1484 1438 1511 puer
1465 1477 1608 1505 annulum
1633 1479 1714 1507 abiit.
1740 1483 1774 1508 Et

949 1526 1016 1546 ecce
1044 1522 1184 1547 consueta
1213 1519 1285 1547 hora
1309 1520 1387 1548 venit
1411 1521 1516 1549 Ornias
1541 1522 1635 1551 malus
1660 1524 1773 1552 daemon

950 1565 982 1590 ut
996 1562 1073 1598 ignis
1090 1563 1206 1597 ardens,
1224 1566 1256 1591 ut
1280 1567 1394 1600 raperet
1418 1566 1581 1594 mercedem
1606 1568 1707 1603 pueri;
1725 1569 1773 1597 ille

949 1615 1027 1641 vero,
1040 1608 1126 1643 juxta
1141 1608 1313 1636 mandatum
1337 1609 1425 1645 regis,
1440 1610 1563 1646 projecit
1584 1612 1728 1641 annulum
1743 1614 1773 1642 in

951 1653 1053 1688 pectus
1068 1651 1220 1687 damonis,
1237 1655 1266 1679 et
1286 1652 1359 1681 dixit
1376 1662 1382 1681 :
1399 1655 1461 1682 Huc
1477 1657 1560 1682 vocat
1585 1658 1612 1683 te
1636 1657 1774 1686 Salomon

952 1703 1011 1724 rex.
1027 1696 1060 1724 Et
1075 1696 1147 1724 abiit
1169 1696 1312 1724 festinans
1336 1698 1371 1724 ad
1397 1705 1507 1734 regem.
1531 1699 1649 1727 Daemon
1674 1704 1774 1729 autem

953 1740 1090 1768 clamavit
1104 1741 1228 1768 dicens:
1252 1741 1336 1777 Puer,
1352 1742 1422 1777 quid
1448 1742 1502 1770 hoc
1526 1744 1620 1772 fccisti
1645 1745 1681 1772 ad
1706 1746 1778 1773 me?

954 1789 1060 1824 Recipe
1081 1789 1224 1817 annulum
1250 1798 1266 1817 a
1291 1798 1348 1824 me,
1364 1793 1392 1818 et
1416 1798 1468 1827 ego
1494 1792 1570 1820 dabo
1595 1793 1647 1821 tibi
1672 1803 1777 1823 aurum

954 1835 1052 1868 terra;
1078 1842 1162 1861 sume
1177 1836 1291 1862 tantum
1313 1835 1365 1862 hoc
1381 1843 1397 1862 a
1414 1843 1469 1871 me,
1485 1844 1579 1872 neque
1606 1846 1652 1866 me
1677 1839 1778 1868 trahas

956 1878 991 1905 ad
1006 1877 1202 1906 Salomonem.
1217 1879 1294 1906 Puer
1315 1881 1413 1907 autem
1437 1879 1511 1908 dixit
1535 1881 1660 1910 daamoni
1677 1892 1684 1910 :
1702 1883 1780 1912 Vivit

955 1922 1097 1950 Dominus
1120 1923 1198 1950 Deus
1222 1923 1321 1959 Israel,
1341 1932 1398 1951 non
1422 1926 1450 1952 te
1475 1925 1632 1961 dimittam,
1649 1927 1699 1955 sed
1723 1928 1780 1956 huc

955 1966 1032 1994 veni.
1050 1967 1083 1994 Et
1098 1967 1153 1994 cito
1169 1967 1270 1995 abiens
1293 1968 1328 1995 ad
1352 1976 1449 2004 regem
1475 1969 1559 1998 laetus
1585 1970 1625 1998 ait
1642 1980 1648 1999 :
1665 1972 1779 2000 Adduxi

957 2011 1145 2045 daemonium,
1162 2019 1178 2038 ο
1193 2019 1252 2046 rex,
1266 2013 1299 2039 ut
1323 2013 1494 2049 praecepisti,
1515 2014 1644 2049 domine,
1661 2018 1689 2044 et
1714 2024 1780 2045 ecce

958 2057 1018 2083 stat
1032 2057 1099 2083 ante
1110 2055 1186 2084 fores
1197 2055 1271 2084 aulae
1286 2057 1370 2093 regia
1380 2059 1436 2085 tuae
1451 2058 1624 2095 vociferans,
1636 2062 1664 2088 et
1679 2061 1781 2096 depre-

958 2108 1029 2128 cans
1040 2108 1149 2136 magua
1160 2108 1237 2135 voce,
1250 2101 1374 2129 offerens
1388 2102 1459 2130 mihi
1470 2106 1623 2139 argentum
1636 2107 1665 2133 et
1675 2114 1781 2134 aurum

958 2147 1054 2177 terras,
1066 2146 1098 2171 ut
1112 2153 1170 2172 non
1186 2145 1331 2173 adducam
1347 2146 1445 2182 ipsum
1458 2147 1492 2174 ad
1511 2149 1549 2175 te.
1561 2148 1596 2175 Et
1610 2148 1657 2176 his
1672 2150 1781 2178 auditis

959 2189 1097 2217 Salomon
1113 2189 1263 2217 surrexite
1278 2190 1382 2218 throno
1399 2193 1428 2219 et
1441 2192 1510 2219 exiit
1525 2193 1614 2228 foras,
1626 2193 1656 2221 in
1672 2194 1781 2223 atrium

74 2238 142 2276 πρὸς
169 2238 214 2264 τὸν
245 2235 362 2273 δαίμονα
379 2245 385 2251 ·
403 2236 441 2272 Ζῇ
471 2234 572 2269 Κύριος
588 2234 602 2261 ὁ
618 2234 683 2266 Θεὸς
707 2236 755 2261 τοῦ
779 2235 837 2272 Ἰσρη

1014 2242 1032 2261 a
1060 2233 1162 2269 palatii
1191 2234 1248 2269 sui,
1270 2236 1298 2262 et
1326 2235 1400 2262 vidit
1421 2235 1582 2265 daemonem
1607 2237 1777 2267 frementem

75 2286 106 2314 οὐ
136 2287 173 2323 μή
197 2296 226 2313 σε
251 2284 398 2322 ἆνὲξωμαι,
423 2283 497 2311 ἀλλὰ
525 2282 604 2321 δεῦρο
633 2282 705 2311 ἐλθὲ.
735 2283 787 2311 Καὶ
813 2282 900 2315 ἐλθὼν

75 2330 214 2369 δρομαίως
253 2330 284 2357 τὸ
314 2328 460 2366 παιδάριον
489 2330 588 2366 χαῖρον
619 2327 688 2364 πρὸς
717 2327 762 2355 τὸν
788 2327 903 2366 βασιλέα

75 2375 155 2412 λέγον
174 2384 180 2390 “
197 2375 317 2412 ’Ἡγαγον
333 2374 378 2400 τὸν
405 2371 534 2409 δαίμονα,
552 2371 674 2410 βασιλεῦ,
693 2372 731 2403 ὡς
759 2371 901 2404 ἐκέλευσάς

77 2430 136 2456 μοι,
153 2417 281 2454 δισποτα,
297 2417 342 2445 καὶ
365 2415 424 2444 ἰδοὺ
445 2417 573 2451 στήκιται
597 2416 650 2453 πρὸ
665 2418 718 2444 τῶν
742 2417 829 2454 θυρῶν
851 2418 902 2450 τῆς

75 2463 164 2498 αὐλῆς
179 2466 230 2498 τῆς
248 2461 387 2499 βασιλείας
404 2471 452 2489 σου
465 2462 571 2499 κράζων
588 2460 632 2488 καὶ
649 2459 777 2497 δεόμενος
794 2460 902 2499 μεγάλῃ

73 2510 108 2545 τῇ
137 2509 225 2547 φωνῇ,
251 2505 343 2538 διδοὺς
366 2505 428 2542 ἐμοὶ
451 2505 483 2533 τὸ
509 2504 639 2542 ἀργύριον
662 2505 706 2532 καὶ
732 2505 764 2532 τὸ
787 2506 902 2544 χρυσίον

73 2556 124 2587 τῆς
147 2555 198 2589 γῆς
221 2553 270 2579 τοῦ
296 2551 334 2587 μή
361 2549 469 2588 ἀγαγεῖν
493 2549 572 2577 αὐτὸν
594 2549 661 2587 πρὸς
686 2548 723 2578 σέ.
740 2549 791 2578 Καὶ
820 2549 902 2577 ἀκού-

76 2607 124 2628 σας
152 2598 237 2623 ταῦτα
266 2594 403 2631 Σολομῶν
432 2594 528 2629 ἀνέστη
553 2593 669 2621 ἀπὸτοῦ
684 2593 781 2632 θρόνου
809 2593 901 2629 αὐτοῦ,

76 2641 121 2669 καί
137 2639 248 2676 ἐξῆλθεν
264 2638 314 2676 ἔξω
339 2639 378 2671 εἲς
397 2639 431 2666 τὰ
455 2639 579 2676 πρόθυρα
600 2641 651 2672 τῆς
672 2637 760 2673 αὐλῆς
779 2641 833 2666 τῶν
856 2640 903 2676 βα-

77 2685 186 2714 σιλείων
213 2683 309 2712 αὐτοῦ’
328 2683 374 2711 καὶ
400 2683 509 2721 ὶθεώρει
533 2683 579 2710 τὸν
607 2681 723 2719 δαίμονα
756 2683 903 2722 φρίσσοντα

76 2730 122 2758 καὶ
146 2730 292 2768 τρέμοντα,
307 2727 352 2756 καὶ
375 2727 448 2766 λέγει
468 2728 553 2764 αὐτῷ.
569 2726 615 2758 Τίς
631 2727 653 2754 εἱ
668 2726 719 2762 σός
735 2728 763 2754 Ὁ
787 2726 816 2755 δὲ
839 2725 903 2767 ἔφη,

82 2775 144 2813 Εγὼ
159 2774 268 2812 Ὀρνίας
283 2772 421 2810 καλοῦμαι
439 2781 445 2788 ”
462 2772 507 2800 καὶ
522 2772 537 2800 ὁ
552 2771 688 2810 Σολομῶν
711 2770 784 2811 λέγει
808 2772 882 2810 αὐτῷ
893 2783 900 2791 ε

958 2280 986 2306 et
1014 2280 1205 2313 trementem,
1238 2278 1369 2314 dixitque
1397 2279 1423 2307 ei
1449 2289 1456 2307 :
1482 2281 1552 2313 Quis
1581 2289 1612 2309 es
1640 2282 1698 2310 tu?
1727 2284 1782 2316 Qui

957 2322 998 2350 ait
1013 2331 1020 2350 :
1038 2323 1097 2358 Ego
1117 2322 1220 2350 Ornias
1244 2323 1391 2352 nominor.
1407 2324 1443 2351 Et
1465 2324 1540 2352 dixit
1565 2326 1591 2353 ei
1615 2326 1754 2355 Salomon
1772 2336 1778 2354 :

956 2371 1056 2399 Indica
1071 2371 1155 2403 mibi,
1171 2380 1187 2399 ο
1203 2372 1327 2407 daemon,
1343 2373 1398 2400 sub
1415 2381 1473 2409 quo
1493 2373 1576 2410 signo
1592 2375 1702 2410 jaceas.
1720 2377 1781 2404 Sub

957 2416 1094 2452 Aquario,
1118 2415 1159 2443 ait
1182 2415 1249 2450 ille;
1273 2419 1302 2444 et
1325 2419 1474 2446 versantes
1498 2426 1548 2454 per
1569 2419 1781 2455 concupiscen-

956 2460 1013 2488 tias
1033 2468 1242 2496 generosarum
1268 2460 1297 2489 in
1323 2463 1400 2490 terra
1425 2463 1600 2499 puellarum,
1617 2464 1672 2494 :tth
1697 2465 1782 2501 signo

957 2505 1107 2541 praedicto,
1123 2513 1173 2533 eos
1191 2505 1355 2542 strangulo,
1371 2507 1421 2534 sed
1447 2516 1505 2535 non
1529 2508 1615 2536 aliter
1629 2518 1718 2546 quam
1735 2520 1782 2540 so-

958 2550 1050 2586 pitos;
1065 2551 1125 2578 tres
1150 2549 1260 2578 formas
1275 2550 1377 2584 induo,
1395 2552 1512 2587 quando
1528 2554 1666 2582 tenentur
1688 2555 1782 2584 homi-

958 2603 1010 2622 nes
1040 2593 1184 2622 desiderio
1213 2594 1387 2623 feminarum
1412 2604 1418 2623 :
1447 2603 1499 2632 ego
1528 2598 1722 2627 transformor
1749 2601 1779 2628 in

959 2638 1111 2667 mulierem
1135 2638 1283 2675 eleganter
1305 2640 1450 2674 vestitam,
1472 2643 1499 2669 et
1522 2642 1710 2678 palpantibus
1734 2653 1781 2672 me

959 2683 1128 2711 hominibus
1151 2683 1227 2711 inter
1251 2691 1400 2717 somnum,
1415 2685 1507 2713 illudo
1531 2687 1588 2721 eis;
1616 2696 1694 2715 nunc
1713 2696 1779 2716 vero

957 2736 1077 2756 rursum
1093 2727 1189 2756 alatus
1204 2728 1241 2755 ﬁo
1258 2728 1312 2756 sub
1329 2729 1415 2757 aeriis
1430 2729 1516 2765 locis;
1533 2731 1632 2760 videor
1644 2732 1732 2760 etiam
1748 2735 1781 2761 ut

957 2772 1013 2806 leo,
1035 2775 1064 2801 et
1087 2772 1218 2809 pellicior
1242 2773 1279 2800 ab
1303 2774 1442 2802 omnibus
1470 2775 1668 2812 daemonibus;
1699 2777 1782 2807 ortus
