1936 3047
140 99 218 129 1319
619 97 819 128 APPENDIX
839 97 890 127 AD
913 96 1145 128 MIGHAELEM
1168 97 1363 129 PSELLUM.
1770 99 1850 130 {320

138 175 205 195 sum
221 175 256 195 ex
270 165 446 202 archangelo
470 164 560 199 Uriel,
577 165 707 201 potentia
727 164 789 193 Dei.
805 165 864 200 Ego
879 166 902 192 Β

1083 185 1084 189 η
1099 174 1156 200 μοι,
1173 163 1195 191 ὦ
1211 162 1321 201 δαῖμον,
1337 164 1409 201 ποίῳ
1423 163 1514 202 ζωδίῳ
1528 167 1633 201 uim;
1650 166 1681 195 '0
1697 165 1727 194 δὶ
1752 167 1828 194 εἶπεν
1842 176 1847 182 ·

139 221 207 240 mon
237 211 360 238 audiens
390 218 495 238 nomen
525 209 704 245 archangeli,
733 210 844 246 gratias
874 217 903 245 ag

1085 209 1181 246 οχὸῳ.
1213 208 1258 236 καὶ
1284 209 1348 241 τοὺς
1376 210 1518 246 κειμένους
1546 209 1582 238 δι’
1610 210 1762 248 ἐπιθυμιῶν
1787 222 1849 249 γεν-

137 255 297 293 gloriflcavi
318 258 408 283 Deum
433 257 462 283 et
486 255 641 283 Dominum
667 254 732 282 οωιὶ
757 256 786 282 et
812 257 894 281 terrea

1084 264 1101 280 ιν
1118 253 1163 280 ἰπὶ
1178 257 1229 291 γῆν
1258 255 1398 292 παρθὲνων
1417 276 1422 283 .
1438 257 1479 290 τῷ
1504 253 1593 292 ζωδίῳ
1619 256 1754 292 κέκληται
1782 257 1848 284 τού-

137 301 234 337 sigillo
250 302 384 328 notatum
398 308 466 327 eum
481 299 613 327 ordinavi
636 299 664 327 in
681 307 755 335 opus
778 298 901 326 lithoton

1107 298 1264 335 ἀποπνίγω,
1285 299 1308 326 αἶ
1335 297 1406 335 μηδὲ
1434 299 1479 326 καὶ
1506 299 1659 328 ὑπνωτικόν
1675 311 1681 317 ·
1708 301 1746 332 εἷς
1772 305 1848 339 τρεῖς

136 348 169 374 ut
197 346 320 373 cederet
348 346 446 380 petras
474 343 503 371 in
531 343 651 379 templo,
666 343 770 370 allatas
802 351 852 378 per
882 350 900 370 n

1083 342 1125 377 ρας
1149 340 1371 380 μεταϐάλλομαι,
1394 341 1496 371 ὁπόταν
1524 344 1549 371 οἱ
1576 343 1714 383 ἄνθρωποι
1739 345 1847 384 ἔρχων-

135 390 406 425 Arabiaa,jacentes
427 389 456 416 in
472 388 579 416 littore.
599 388 771 416 Formidans
795 390 891 415 autem

1083 386 1111 414 ῖι¹
1126 386 1269 424 ὶπιθυμίας
1295 391 1429 425 γυναικῶν
1447 398 1454 405 ’
1472 388 1527 426 ἐγὼ
1549 392 1781 429 μεταμορφοῦμαι
1808 391 1847 422 εἰς

136 443 202 462 rum
219 434 265 462 ad.
281 453 287 460 .
303 455 309 461 .
330 436 360 461 et
375 433 446 461 dicit
462 433 534 460 mihi
551 441 558 460 :
576 433 678 465 Quaeso
691 434 730 468 te,
748 440 796 460 rex
811 432 900 460 Salen

1082 442 1087 458 ι
1117 430 1262 469 εὔκοσμον,
1286 432 1331 460 καὶ
1368 432 1522 470 ἁπτομένου
1560 444 1624 470 μου,
1650 435 1676 462 ol.
1706 434 1846 473 ἄνθρωποι

135 480 217 507 sinas
233 486 279 506 me
303 477 428 506 liberum
444 485 520 511 esse,
535 479 564 505 et
579 485 631 513 ego
648 477 793 505 adducam
820 476 873 504 tibi
897 487 899 501 ι

1092 475 1174 503 ὕπνον
1189 476 1315 513 ἐμπαίζω
1339 477 1430 508 αὐτοῖς
1448 486 1455 493 ·
1469 478 1536 505 ποτὲ
1561 477 1590 506 δὶ
1615 478 1697 507 πάλιν
1725 480 1845 508 ὑπόπτε-

136 524 185 552 nia
213 523 366 551 damonis.
396 522 517 550 Nolente
551 523 649 550 autem
679 529 712 549 eo
742 521 850 557 subjici
878 529 900 548 m

1087 521 1197 558 γίνομαι
1227 521 1278 548 ὑπὸ
1305 521 1370 553 τοὺς
1399 521 1543 560 οὐρανίους
1566 521 1678 554 τόπους.
1705 525 1843 562 Φαίνομαι

133 567 212 596 oravi
227 566 437 604 archangelum
462 565 540 595 Uriel
562 568 595 594 ut
609 566 721 594 veniret
742 566 815 593 mihi
831 566 860 592 in
877 574 894 593 a

1086 564 1123 595 ὡς
1150 563 1292 601 λέων,καὶ
1319 564 1469 602 κελεύομαι
1495 566 1547 593 ὑπὸ
1569 567 1678 595 πάντων
1700 570 1753 596 τῶν
1784 567 1843 596 δαι-

133 613 222 646 lium;
239 614 267 640 et
281 612 338 640 cito
360 611 418 639 vidi
443 610 652 647 archangelum
669 609 747 638 Uriel
763 610 799 637 de
814 609 894 638 oculis

1079 619 1106 636 υν
1124 617 1132 627 ⁸
1146 608 1282 646 ἀπόγονος
1306 609 1363 646 ιίμί
1388 609 1567 648 ἀρχαγγιλου
1588 611 1708 649 Οὗριήλ,
1723 613 1773 647 τῆς
1797 611 1843 640 δυ-

133 657 261 685 nientem
287 657 323 684 ad
348 664 409 689 me;
426 658 455 683 et
465 655 558 691 jussit
578 655 700 691 angelus
725 657 757 682 ut
782 657 844 683 cete
869 662 897 682 m

1079 663 1122 684 ;ως
1148 655 1196 681 τοῦ
1223 655 1301 682 Θεοῦ.
1319 655 1390 692 Ἐγὼ
1407 653 1542 691 Σολομῶν
1558 655 1675 687 ἀκούσας
1699 657 1731 684 τὸ
1756 655 1843 693 ὄνομα

132 701 265 730 venirent
285 709 319 728 ex
340 701 461 736 abysso;
485 702 514 728 et
538 699 661 736 projecit
684 702 896 733 sortem.suarx

1085 697 1262 735 ἀρχαγγέλου
1298 698 1442 735 εὐξάμενος
1481 698 1592 736 ιὸόξασα
1623 701 1670 728 τὸν
1698 702 1775 736 θεὸν,
1795 703 1841 729 καὶ

131 748 250 781 terram,
276 744 384 780 illaque
409 744 534 780 subjecit
555 745 718 772 damonem
744 751 884 780 magnum

1083 753 1111 770 ον
1135 744 1184 770 τοῦ
1209 743 1325 781 οὐρανοῦ
1354 744 1399 771 καὶ
1434 745 1483 779 τῆς
1510 746 1584 782 γῆς·
1615 746 1660 773 καὶ
1691 756 1842 784 σφραγισας

131 789 270 827 praecepit
284 789 410 817 damnaui
425 797 532 825 magno
548 791 577 816 et
591 788 695 816 audaci
710 788 804 816 Ornim
822 789 853 816 ut
867 796 895 815 ca

1078 798 1091 814 ν
1122 786 1200 822 ἔταξα
1230 787 1268 818 εἷς
1293 788 1342 822 τὴν
1371 787 1496 826 ἐργασίαν
1525 792 1575 824 τῆς
1604 788 1777 827 λιθοτομίας,
1794 793 1842 818 τοῦ

131 837 176 862 ret
190 843 258 863 saxa
273 834 302 862 in
319 834 478 870 templum;
491 836 519 861 et
530 833 572 861 sic
583 841 636 869 ego
648 832 785 861 Salomon
798 832 893 869 gloriﬁ

1080 842 1117 858 ειν
1141 831 1207 863 τοὺς
1232 831 1326 863 λίθους
1351 831 1377 859 ἐν
1396 835 1436 868 τῷ
1455 835 1523 869 ναῷ,
1539 832 1670 870 ἀχθέντας
1685 833 1731 862 διὰ
1743 833 1843 866 θαλᾶσ-

1092 876 1115 887 ’Δ
1129 886 1133 887 ν
1159 873 1186 887 ΡΙ
1200 886 1203 887 ν
1269 875 1288 887 ,\
1408 876 1414 887 I
1571 877 1577 887 ε
1628 878 1635 887 \
1706 879 1716 887 υ.
1763 879 1773 887 κ
1790 880 1796 887 ι

128 880 220 908 Deum
237 879 299 906 caeli
316 881 345 906 et
358 881 441 906 terra:
465 880 641 911 creatorem;
659 880 687 905 et
709 877 892 913 praecepitOi

1092 873 1220 914 ’Δραϐίας
1246 875 1311 907 τοὺς
1338 876 1481 912 κειμένους
1509 877 1582 915 παρὰ
1609 878 1654 906 τὸν
1687 879 1814 917 αῗγιαλόν
1832 890 1838 895 ·

128 926 160 952 ut
175 924 285 952 veniret
300 931 368 951 cum
393 925 471 950 sorte
487 931 551 956 sua,
567 926 596 950 et
611 922 676 950 dedi
701 922 728 950 ei
751 921 892 949 annulum

1076 921 1186 956 ούμινος
1203 919 1232 948 δὶ
1255 921 1300 947 τὸν
1327 919 1438 958 σίδηρον
1456 931 1524 958 προς
1538 923 1576 958 (1)
1601 922 1647 950 καὶ
1675 922 1749 961 λέγει
1781 935 1840 960 μοι,

128 976 216 996 cens:
230 968 320 1000 Vade,
332 970 361 996 et
373 968 470 995 adduc
484 967 556 994 mihi
572 967 629 995 huc
644 966 805 1002 principem
822 974 890 993 omn

1075 964 1112 991 ιαί
1139 975 1197 1001 σου,
1230 964 1341 1002 βασιλεῦ
1382 965 1530 1002 Σολομῶν,
1557 964 1633 994 ἔασόν
1674 978 1708 1004 με
1746 967 1839 996 ἄνετον

129 1013 352 1041 demoniorum.

1075 1021 1092 1043 ι,
1117 1009 1193 1045 κάγώ
1223 1019 1265 1036 σοι
1293 1008 1420 1047 ἀναγάγω
1449 1010 1537 1037 πάντα
1564 1011 1598 1038 τὰ
1626 1009 1766 1048 δαιμόνια.
1793 1013 1839 1047 Μὴ

131 1055 258 1087 θιλόντος
286 1054 315 1083 δὶ
339 1055 422 1083 αὐτοῦ
449 1054 617 1092 ὑποταγῆναί
641 1064 700 1091 μοι,
722 1053 865 1090 εὐξάμενος
880 1055 929 1081 τοῦ
944 1053 1119 1091 ἀρχαγγέλου
1136 1052 1244 1090 Οὖριήλ
1259 1052 1397 1081 συνελθεῖν
1416 1065 1449 1090 με
1465 1054 1503 1086 εἲς
1519 1055 1658 1092 βοήθειαν,
1674 1056 1720 1083 καὶ
1736 1057 1838 1089 εὐθέως

130 1099 201 1128 εἶδον
215 1101 261 1128 τὸν
276 1099 448 1138 ἀρχάγγελον
465 1099 573 1135 Οὐριήλ
589 1099 618 1126 ἐκ
632 1101 685 1126 τῶν
702 1098 823 1136 οὐρανῶν
839 1099 1040 1136 κατερχόμενον
1055 1097 1121 1134 πρός
1139 1107 1172 1134 με
1194 1097 1239 1124 καὶ
1264 1096 1401 1125 ἐκέλευσεν
1427 1099 1441 1125 6
1464 1098 1581 1136 ἅγγελος
1603 1101 1674 1135 κήτη
1698 1102 1841 1136 θαλάσσης

129 1145 217 1178 ἐλθεῖν
231 1144 261 1172 ἐκ
275 1148 324 1179 τῆς
344 1142 462 1172 ἀϐύσσου
479 1154 485 1160 ’
502 1144 546 1172 καὶ
563 1141 669 1182 ἔρριψεν
686 1143 768 1171 αὐτοῦ
782 1144 832 1178 τὴν
850 1144 948 1181 μὸῖραν
965 1143 1010 1170 ἐπὶ
1027 1146 1078 1177 τῆς
1102 1146 1165 1180 γῆς,
1179 1141 1289 1178 κάκείνη
1313 1143 1439 1180 ὑπέταξεν
1463 1144 1495 1171 τὸ
1517 1143 1660 1181 δαιμόνιον
1685 1146 1716 1173 τὸ
1744 1146 1813 1184 μέγα
1831 1156 1838 1162 ·

129 1190 174 1218 καὶ
204 1189 342 1217 ἐκέλευσεν
370 1189 416 1216 τὸν
445 1187 563 1224 δαίμονα
590 1188 635 1215 τὸν
662 1188 744 1225 μέγαν
767 1187 811 1215 καὶ
836 1187 934 1226 θρασὺν
959 1188 1005 1215 τὸν
1023 1187 1131 1225 Ὀρνίαν
1156 1188 1205 1214 τοῦ
1228 1186 1336 1215 κόπτειν
1351 1187 1414 1220 τοὺς
1429 1187 1523 1220 λίθους
1539 1189 1608 1227 πρὸς
1623 1191 1669 1218 τὸν
1683 1189 1746 1217 ναόν
1765 1199 1772 1206 ⁸
1790 1192 1840 1218 καὶ

129 1234 216 1265 οὕτως
241 1234 293 1271 ἐγὼ
321 1233 457 1270 Σολομὼν
477 1231 589 1268 ἐδόξασα
611 1233 657 1260 τὸν
681 1233 745 1260 Θεὸν
771 1235 820 1260 τοῦ
845 1232 961 1269 οὐρανοῦ
985 1232 1094 1266 καὶτῆς
1109 1233 1160 1270 γῆς
1175 1232 1296 1267 ποιητήν
1310 1242 1316 1248 ·
1332 1232 1377 1260 καὶ
1393 1232 1531 1261 ἇχὲλιυσεν
1555 1233 1643 1262 ἐλθεῖν
1663 1235 1710 1262 τὸν
1727 1235 1839 1272 Ὀρνίαν

129 1279 176 1307 σὺν
201 1281 236 1316 τῇ
263 1278 345 1315 μοίρᾳ
365 1278 457 1312 αὐτοῦ,
472 1278 515 1305 καὶ
539 1277 628 1306 ἔδωκα
654 1277 736 1305 αὐτοῦ
758 1278 790 1305 τὸ
813 1276 970 1316 σφραγίδιον
993 1275 1082 1314 λὲγων
1100 1285 1106 1292 ·
1124 1274 1258 1313 νΔπελθε,
1272 1277 1317 1304 καὶ
1342 1276 1428 1315 ἄγαγέ
1451 1288 1497 1314 μοι
1514 1277 1569 1306 ὦδε
1582 1279 1630 1306 τὸν
1645 1278 1768 1317 ἄρχοντα
1781 1282 1838 1307 τῶν

131 1323 279 1360 δαιμονίων
295 1324 414 1351 πάντων.

164 1390 269 1418 Ornias
293 1393 390 1418 autem
419 1389 566 1426 accipiens
591 1389 746 1424 annulum,
772 1389 844 1417 adiit
869 1389 928 1417 Bee?

1069 1386 1114 1415 ιδὶ
1133 1388 1252 1426 Ὀρνίας,
1275 1386 1366 1416 λαϐὼν
1384 1389 1415 1416 τὸ
1431 1387 1615 1424 δακτυλίδιον,
1631 1389 1739 1425 ἀπῆλθε
1764 1391 1833 1429 πρὸς

127 1435 211 1463 zebul
233 1435 388 1462 habentem
411 1435 583 1470 potestatem
611 1433 641 1461 in
666 1433 820 1468 daemonia,
837 1434 891 1461 etc'

1081 1431 1251 1468 Βεελζιῦοὺλ
1279 1433 1324 1460 τὸν
1355 1430 1456 1471 ἔχοντα
1477 1434 1527 1468 τήν
1546 1432 1684 1471 βασιλείαν
1709 1434 1754 1462 ἐπὶ
1780 1438 1836 1462 τῶν

127 1480 181 1507 ei:
209 1479 270 1506 Huc
297 1481 381 1506 vocat
408 1480 436 1506 te
464 1477 611 1506 Salomon.
642 1478 770 1506 Audiens
799 1477 891 1505 Beelze

1072 1476 1169 1505 .ονίων.
1186 1478 1256 1516 Ἔφη
1274 1477 1347 1513 αὐτῷ
1363 1487 1369 1494 -
1388 1480 1471 1514 Δεῦρο
1486 1477 1566 1505 καλεῖ
1581 1489 1609 1505 σε
1630 1477 1767 1515 Σολομῶν
1784 1488 1791 1494 '
1807 1481 1836 1506 Ὁ

127 1524 201 1551 dixit
216 1524 241 1550 ei
255 1532 261 1551 :
279 1523 379 1550 Indica
394 1522 466 1550 mihi
483 1522 550 1558 quis
565 1522 604 1550 sit
618 1523 673 1550 iste
689 1522 827 1550 Salomon
844 1523 878 1550 de

1072 1519 1232 1556 Βεελζεϐοὺλ
1261 1521 1378 1554 ἀκούσας
1413 1522 1463 1561 ἔφη
1497 1522 1592 1558 αὐτῷ·
1620 1523 1690 1560 Λὲγι
1716 1534 1766 1559 μοι
1795 1524 1836 1556 τίς

127 1568 256 1603 loqueris
273 1567 356 1594 mihi.
373 1567 476 1595 Ornias
502 1569 599 1594 autem
617 1567 738 1602 projecit
761 1567 891 1595 annulun

1071 1577 1076 1591 ι
1093 1575 1172 1598 ουτος
1187 1566 1201 1593 6
1220 1565 1364 1602 Σολομῶν,
1377 1566 1406 1593 ὃν
1423 1566 1454 1594 σὺ
1470 1568 1522 1606 φής
1549 1577 1596 1604 μοι
1612 1577 1619 1583 '
1642 1567 1655 1594 6
1676 1566 1705 1595 δὲ
1728 1568 1835 1604 Ὀρνίας

125 1614 227 1648 pectus
257 1610 406 1638 Beelzebul
437 1610 537 1638 dicens
563 1619 569 1637 :
598 1610 727 1637 Advocat
754 1613 782 1638 te
812 1609 889 1638 Salor

1070 1611 1113 1646 lev
1127 1610 1159 1637 τὸ
1175 1609 1348 1638 δακτυλίδιον
1365 1610 1402 1642 είς
1417 1611 1448 1638 τὸ
1468 1612 1568 1643 στῆθος
1589 1614 1638 1639 τοῦ
1665 1610 1834 1646 Βεελζεόοὺλ

124 1664 183 1683 rex.
206 1655 385 1682 Exclamavit
411 1663 479 1682 vero
509 1653 658 1682 Beelzebul
687 1663 756 1682 voce
784 1663 888 1690 magna

1070 1665 1095 1681 ιν
1112 1663 1118 1670 ·
1142 1653 1225 1682 Καλεῖ
1247 1665 1276 1681 σι
1302 1653 1437 1691 Σολομῶν
1453 1655 1466 1682 6
1484 1655 1622 1692 βασιλεύς,
1641 1656 1780 1694 ’Δνὲκραξε
1805 1655 1834 1684 δὶ

123 1700 245 1736 projecit
261 1700 410 1726 ﬂammam
432 1698 508 1733 ignis
525 1701 656 1726 urentem
675 1706 823 1734 magnam,
841 1701 869 1726 et
884 1707 887 1725 ι

1070 1695 1211 1732 ιελζεϐοὺλ
1223 1700 1300 1737 φωνῇ
1319 1698 1424 1737 μιγάλῃ
1443 1708 1450 1716 '
1466 1699 1512 1726 καὶ
1527 1699 1620 1737 ἕῤῥιψε
1635 1699 1723 1739 φλόγα
1747 1701 1834 1738 πυρὸς

123 1753 195 1780 gens
211 1746 330 1772 secutus
353 1745 397 1771 est
413 1743 544 1776 Orniam,
561 1745 590 1771 et
605 1743 683 1771 venit
698 1743 733 1770 ad
750 1743 887 1771 Salomon

1071 1743 1150 1779 μένην
1192 1742 1324 1780 μεγάλην,
1362 1743 1407 1771 καὶ
1453 1744 1566 1775 ἀναστὰς
1602 1743 1750 1779 ἠκολούθει
1792 1749 1832 1782 τῷ

123 1789 158 1817 Ut
173 1792 271 1816 autem
287 1788 360 1815 vidit
375 1787 434 1823 (sic)
458 1787 621 1823 principem
645 1787 869 1822 daemoniorum,
886 1816 887 1819 η

1072 1787 1097 1822 ίᾳ
1114 1797 1120 1805 ι
1141 1788 1186 1815 καὶ
1201 1787 1270 1822 ἦλθε
1284 1788 1353 1823 πρὸς
1370 1791 1401 1815 Σ.
1418 1788 1463 1819 ’ος
1490 1787 1518 1815 δὶ
1538 1787 1607 1816 εἶδεν
1632 1789 1678 1816 τὸν
1709 1790 1831 1826 ἄρχοντα

121 1834 231 1861 rilicavi
246 1832 403 1861 Dominum
419 1831 512 1860 Deum
528 1831 593 1860 cmli
615 1834 643 1859 et
669 1834 754 1859 terras
775 1835 885 1860 creator

1075 1831 1235 1868 δαιμονίων,
1252 1830 1364 1867 ἐδόξασα
1385 1831 1482 1869 Κύριον
1510 1833 1555 1860 τὸν
1585 1833 1649 1861 Θεὸν
1674 1835 1722 1860 τοῦ
1746 1833 1831 1871 οὖρα-

120 1880 148 1905 et
163 1878 222 1905 dixi
240 1886 246 1905 :
262 1878 439 1905 Benedictus
461 1884 503 1909 es,
520 1876 642 1904 Domine
657 1876 733 1904 Deus
750 1876 882 1912 omnipot

1074 1877 1119 1904 καὶ
1144 1880 1195 1915 γῆς
1222 1877 1350 1912 ποιητὴν,
1366 1877 1411 1903 καὶ
1436 1878 1513 1904 εἷπον
1528 1887 1535 1893 ·
1553 1877 1712 1916 Εὐλογητὸς
1727 1877 1760 1912 εἰ,
1778 1878 1831 1906 Κύ-

121 1922 171 1957 qui
188 1921 296 1949 dedisti
316 1929 406 1957 puero
426 1923 476 1948 tuo
493 1920 641 1948 Salomoni
658 1921 687 1948 in
704 1921 885 1956 sapientibus

1070 1922 1075 1948 ὦ
1091 1921 1156 1952 Θεὸς
1172 1922 1185 1948 6
1200 1920 1406 1958 παντοκράτωρ,
1423 1921 1437 1948 ὁ
1453 1920 1517 1952 δοὺς
1540 1924 1581 1958 τῷ
1602 1921 1678 1950 παιδὶ
1705 1933 1753 1950 σου
1780 1926 1834 1950 Σο-

121 1966 266 1994 sidentem
295 1965 482 2001 sapientiam.
503 1967 531 1992 et
555 1964 707 1999 subjecisti
732 1965 805 1992 mihi
830 1973 885 1992 om]

1070 1967 1128 1992 bvtt
1143 1965 1194 1999 τήν
1217 1967 1271 1992 τῶν
1296 1967 1386 2003 σοφῶν
1410 1964 1545 2003 πάρεδρον
1571 1967 1679 2005 σοφίαν,
1693 1967 1736 1994 καὶ
1765 1967 1834 1994 ὑπο-

122 2012 296 2046 potestalem
324 2009 443 2037 diaboli.
465 2009 499 2036 Et
529 2009 704 2045 interrogavi
730 2017 797 2036 eum
822 2009 886 2037 dice

1071 2020 1083 2040 ς
1108 2009 1146 2040 εἰς
1170 2009 1219 2045 ἐμὶ
1242 2012 1327 2036 πᾶσαν
1349 2009 1398 2043 τὴν
1415 2008 1528 2047 δύναμιν
1545 2012 1594 2037 τοῦ
1610 2008 1742 2038 διαϐόλου
1759 2019 1765 2026 ·
1780 2011 1834 2039 Καὶ

122 2054 224 2082 Indica
248 2053 316 2090 quis
341 2054 391 2081 sis.
418 2055 451 2080 Et
474 2053 515 2080 ait
538 2053 650 2080 daemon
669 2061 675 2082 :
693 2053 750 2088 Ego
775 2061 842 2080 sum
867 2055 886 2080 B

1069 2053 1169 2088 ιώτησα
1194 2053 1286 2089 αὐτὸν,
1310 2053 1355 2080 καὶ
1382 2054 1459 2081 εἷπον
1477 2064 1483 2071 ·
1511 2054 1579 2092 Λέγε
1594 2055 1636 2086 τίς
1652 2056 1677 2082 εἴ
1693 2064 1699 2070 ·
1716 2055 1747 2083 Ὀ
1772 2053 1833 2082 δαί-

119 2098 205 2126 zebul
239 2098 375 2134 princeps
409 2098 648 2131 daemoniorum;
679 2097 776 2124 omnia
805 2098 883 2125 demi

1080 2097 1130 2136 ἔφη
1149 2097 1246 2134 ’Ἐγώ
1275 2097 1331 2134 εἶμι
1357 2095 1538 2132 Βεελζεϐοὺλ,
1554 2099 1568 2126 6
1596 2101 1650 2126 τῶν
1681 2098 1832 2135 δαιμονίων

121 2151 210 2179 prope
236 2151 282 2170 me
316 2141 484 2177 praesident,
508 2143 536 2168 et
561 2143 628 2169 ante
658 2141 757 2169 oculos
791 2149 867 2177 pono

1069 2151 1119 2179 χος
1137 2151 1144 2158 ο
1175 2143 1288 2172 ἅπαντες
1326 2141 1355 2169 δὲ
1393 2143 1418 2169 οἱ
1459 2141 1586 2179 δαίμονες
1625 2141 1737 2181 ἔγγυθεν
1779 2155 1832 2180 μου

118 2189 230 2223 jusque
261 2185 402 2214 daemonis
442 2186 578 2213 formam.
609 2184 673 2221 Ipse
705 2194 771 2213 vero
801 2186 882 2214 nunti

1069 2185 1197 2222 ,δρεόουσι
1215 2195 1221 2202 ·
1251 2186 1296 2213 καὶ
1327 2186 1467 2225 ἰμφανίζω
1490 2187 1601 2215 ἑκάστου
1625 2186 1756 2224 δαίμονος
1782 2189 1833 2222 τὴν

121 2231 193 2260 mihi
219 2239 251 2259 se
284 2231 320 2258 ad
349 2237 396 2258 me
421 2230 619 2257 adducturum
646 2237 748 2258 omnes
777 2230 885 2258 immur

1069 2231 1162 2258 ἀσίαν.
1193 2230 1280 2262 Αὐτὸς
1320 2229 1348 2258 δὲ
1389 2242 1437 2267 μοι
1475 2231 1658 2269 ὖπηγγιίλατο
1686 2232 1772 2260 πάντα
1799 2232 1833 2260 τὰ

121 2276 244 2312 spiritus
274 2277 499 2307 concatenatos;
525 2276 554 2302 et
577 2282 628 2308 ego
653 2274 758 2302 iterum
786 2274 880 2310 gloria

1068 2283 1139 2313 ιαρτα
1168 2275 1308 2312 πνεόματα
1337 2275 1448 2313 ἀγαγιῖν
1477 2276 1546 2313 πρός
1573 2287 1606 2313 με
1636 2275 1733 2313 δέσμια
1753 2287 1759 2293 ·
1785 2277 1832 2304 καὶ

123 2321 214 2348 Deum
229 2320 290 2348 coeli
309 2322 338 2347 et
352 2322 445 2352 terrae,
463 2321 490 2346 et
505 2318 614 2355 gratias
630 2327 683 2355 ego
700 2319 724 2346 ei
741 2326 867 2354 semper.

1088 2319 1170 2347 πάλιν
1201 2318 1313 2354 ἐδόξασα
1340 2320 1386 2347 τὸν
1417 2321 1480 2348 Θεὸν
1510 2323 1558 2348 τοῦ
1575 2321 1691 2358 οὐρανοῦ
1705 2321 1750 2348 καὶ
1779 2321 1830 2354 τῆς

1004 2367 1068 2401 γῆς,
1083 2364 1127 2391 καὶ
1142 2364 1296 2402 εὐχαριστῶ
1311 2364 1385 2400 αὖτῷ
1397 2365 1523 2393 πάντοτε.

156 2409 279 2442 Ουωεὶνῖ
302 2417 319 2436 a
340 2409 472 2439 daemone
496 2410 595 2438 utrum
611 2410 710 2437 essent
734 2407 812 2436 inter
834 2415 884 2435 eoa
909 2408 920 2435 ﬁ

1067 2409 1198 2444 πυθόμην
1218 2409 1292 2444 παρὰ
1310 2411 1359 2436 τοῦ
1383 2408 1512 2446 δαίμονος
1539 2409 1562 2437 εί
1589 2409 1660 2438 ἐστὶν
1685 2409 1710 2438 ἰν
1737 2410 1831 2442 αὐτοῖς

121 2454 220 2494 τωρωι
237 2453 288 2488 il";
305 2455 403 2488 autem
421 2456 596 2489 afﬁrmante,
609 2453 668 2482 dixi
685 2461 738 2489 ego
753 2460 801 2480 me
815 2451 885 2480 velle

1068 2462 1132 2480 ;ιαι·
1162 2454 1210 2480 τοῦ
1246 2451 1273 2480 δέ
1304 2464 1351 2490 μοι
1381 2455 1516 2493 φήσαντος
1546 2455 1626 2488 εἶναι,
1652 2455 1728 2492 κάγὼ
1755 2455 1832 2482 εἷπον

71 2500 79 2503 ﬂ
123 2514 256 2538 cernere;
287 2506 315 2531 et
344 2502 446 2531 abiens
475 2499 627 2528 Beelzebul
656 2497 800 2525 festinans
829 2505 835 2524 ι

1067 2507 1105 2524 ιον
1135 2495 1235 2524 εἶδίντι
1254 2505 1260 2513 ·
1294 2497 1338 2525 καὶ
1380 2497 1507 2526 ἀπελθὼν
1545 2496 1716 2533 Βεελζεεοὺλ
1747 2499 1831 2536 ταχὺ,

125 2551 198 2578 mihi
214 2547 396 2581 Onoscelida,
414 2546 538 2573 formam
555 2543 710 2571 habentem
729 2542 809 2569 mira;
824 2541 889 2577 pulc

1068 2551 1101 2568 ’κε
1125 2541 1194 2579 πρός
1223 2552 1257 2578 με
1289 2542 1339 2576 τὴν
1366 2541 1548 2577 ’ονοσ-χελίδα,
1576 2544 1684 2582 μορφὴν
1712 2542 1832 2581 ἔχουσαν

123 2594 249 2627 tudinis,
264 2595 294 2621 et
309 2592 461 2619 illecebras
484 2587 617 2616 mulieris
640 2585 788 2614 coloribus
811 2586 884 2613 bene

1069 2584 1152 2620 χαλῆ,
1182 2585 1227 2612 καὶ
1258 2585 1344 2622 δεσμὰ
1376 2586 1501 2625 γυναικῆε
1531 2586 1684 2625 ιῦχρώτου,
1712 2588 1758 2615 καὶ
1787 2598 1833 2615 χε-

126 2642 210 2673 οαὶω,
227 2641 255 2666 et
269 2636 408 2665 cornibus
425 2636 569 2663 armatam
584 2632 613 2660 in
630 2630 733 2666 capite.
749 2629 882 2658 Venienti

1068 2633 1153 2664 ζουσα
1177 2631 1227 2665 τήν
1253 2630 1385 2670 κεφαλήν.
1416 2631 1569 2668 Ἐλθούσης
1597 2630 1625 2660 δὶ
1653 2631 1736 2667 αὐτῆς
1762 2630 1830 2671 ἔφην

159 2746 198 2783 (1)
213 2747 330 2774 Lacuna
345 2742 375 2770 in
390 2743 482 2770 textu.
498 2741 537 2769 Ad
554 2739 717 2776 marginem
733 2737 885 2767 lateralem
900 2748 923 2776 τί

453 2749 482 2769 u.
498 2741 537 2769 Ad
554 2739 717 2776 marginem
733 2737 885 2767 lateralem
900 2737 1014 2776 τραυτὸν
1031 2737 1106 2770 ιὶπὸς
1121 2739 1214 2767 ταῦτα.
