1932 3050
127 103 206 135 1323

625 100 824 131 APPENDIX
848 90 907 131 An"
923 100 1156 133 MICHAELEM
1177 100 1370 132 PSELLUM.

1764 101 1847 131 1324

124 178 229 198 uxores
244 169 388 207 proprias,
405 177 508 197 rursus
524 169 559 196 ad
582 168 693 196 alienas
718 168 798 196 abire
820 170 905 196 nocte
921 170 950 196 et
964 169 991 202 Α
1005 177 1052 195 σαν

1036 178 1052 195 ην
1078 169 1137 205 (sic)
1158 167 1202 195 καὶ
1230 168 1269 199 είς
1294 165 1400 205 ὅρεξιν·
1426 166 1540 204 ἔχοντας
1562 166 1609 198 τὰς
1632 169 1763 205 γυναῖκας
1791 168 1846 194 αὗ-

126 215 184 250 die,
199 215 240 243 ita
255 217 287 243 ut
301 218 452 250 peccatum
477 213 651 249 compleant,
668 215 697 241 et
712 213 741 240 in
764 213 858 240 caedes
873 213 954 240 aber-

125 263 200 296 rent.
217 259 356 294 Adjuravi
386 267 452 286 eum
476 266 526 293 per
553 266 659 286 nomen
685 257 801 285 Domini
826 257 953 285 Sabaoth

125 305 225 332 dicens
241 312 247 331 :
265 304 357 331 Deum
381 303 522 336 verearis,
538 302 699 334 Asmodaae,
716 302 763 329 die
789 301 860 329 mihi
887 302 954 337 quis

125 351 154 376 te
176 347 298 384 angelus
325 348 517 382 impotentem
543 346 640 374 faciat.
668 346 721 377 Qui
744 346 785 373 ait
802 354 808 373 :
825 346 954 381 Raphael

126 392 330 428 archangelus,
346 391 396 428 qui
412 393 471 419 stat
487 393 554 418 ante
578 390 716 418 thronum
742 390 812 424 Dei;
829 390 909 426 ejicit
923 390 953 417 in

128 446 175 465 me
185 439 270 473 jecur
295 437 385 473 piscis
407 439 436 464 et
459 436 497 464 fel
514 436 543 463 in
566 436 680 463 fumum
696 435 849 463 redactum
865 443 955 471 super

127 482 267 510 carbones
296 481 415 509 ericeos.
441 479 619 516 Interrogavi
649 488 752 507 rursus
782 487 850 507 eum
881 487 888 506 :
913 479 954 506 Ne

127 525 203 554 celes
219 525 292 553 mihi
307 525 428 552 verbum
445 533 452 551 ε
481 532 534 558 ego
549 524 628 552 enim
645 531 710 551 sum
722 523 858 551 Salomon
876 523 954 550 ﬁlius

127 571 216 598 David
247 570 324 606 regis
355 568 463 597 Israel:
493 568 593 596 indica
621 567 693 595 mihi
725 575 832 595 nomen
863 567 953 603 piscis

127 623 214 650 quem
231 616 262 642 tu
285 614 403 642 vereris.
420 613 556 646 Vocatur,
582 612 634 647 ait,
661 612 782 646 silurus,
807 612 955 639 invenitur

125 659 155 686 in
172 658 344 687 ﬂuminibus
354 657 560 694 Assyriorum;
577 665 666 692 quare
682 657 735 684 has
751 655 885 692 regiones
900 656 954 683 cir-

126 711 238 731 cumeo.
265 703 318 731 Cui
342 702 425 730 dixi:
452 701 531 729 Nihil
556 701 634 729 aliud
661 701 689 728 in
716 703 755 735 te,
779 699 954 728 Asmodaze?

125 748 160 775 Et
175 747 326 783 respondit
343 755 349 773 :
367 745 452 774 Novit
465 748 595 782 potestas
608 745 656 772 Dei
676 745 726 780 qui
739 753 790 780 per
801 745 855 772 hoc
870 744 954 780 sigil-

125 791 188 819 lum
227 791 357 826 alligavit
385 798 430 818 me
468 789 679 817 insolubilibus
708 788 844 821 vinculis,
874 788 951 823 quod

124 844 193 863 vera
208 835 266 862 sint
293 843 358 870 qua:
373 834 432 862 dixi
457 833 521 861 tibi.
548 834 649 866 Quaeso
674 835 711 866 te,
729 841 778 860 rex
801 832 952 865 Salomon,

125 885 161 905 ne
178 886 224 905 me
248 878 283 905 ad
301 886 392 913 aquas
417 877 549 904 damnes.
567 877 601 904 Et
622 876 780 904 subridens
803 876 861 904 dixi
883 875 948 904 illi:

124 922 202 950 Vivit
217 922 293 950 Deus
310 924 426 957 patrum
443 929 588 956 meorum,
604 920 713 948 ferrum
730 920 861 956 portabis
874 923 904 948 tu
921 923 951 948 et

124 966 220 994 lutum
233 966 362 994 faciesin
375 974 492 993 omnem
513 965 736 993 aediﬁcationem
753 965 865 1000 templi,
882 973 950 992 con-

124 1011 243 1039 culcans
269 1011 393 1047 pedibus
416 1010 494 1044 tuis;
512 1012 540 1037 et
563 1009 687 1046 praecepi
704 1011 736 1037 ut
759 1010 901 1037 darentur
924 1010 950 1037 ei

123 1056 224 1083 decem
253 1055 359 1091 hydris:
386 1055 423 1082 ad
453 1055 627 1090 portandum
657 1062 783 1089 aquam;
814 1055 842 1081 et
867 1053 951 1081 valde

124 1100 321 1135 ingemiscens
339 1100 452 1126 daemon
477 1099 561 1134 jussa
577 1107 641 1126 mea
655 1098 787 1134 implevit
801 1107 808 1133 ;
825 1098 880 1125 hoc
896 1097 949 1125 feci

124 1144 193 1180 quia.
209 1144 306 1171 futura
331 1145 450 1170 noverat
464 1143 621 1178 praesciens
647 1142 743 1170 malus
765 1143 879 1170 damon
895 1144 950 1169 As-

124 1189 263 1222 modaeus,
287 1190 315 1215 et
342 1187 502 1223 gloriﬁcavi
531 1187 624 1214 Deum
654 1195 707 1222 ego
734 1186 882 1220 Salomon,
899 1186 949 1221 qui

123 1232 297 1268 sapientiam
322 1232 403 1260 dedit
425 1240 508 1259 servo
532 1231 714 1267 ejus;jecur
738 1233 837 1258 autem
862 1233 891 1258 et
912 1230 949 1258 fel

122 1278 211 1312 piscis
236 1285 303 1304 cum
332 1276 480 1312 fragrante
509 1278 622 1312 styrace
651 1275 768 1303 solvens
800 1275 950 1303 combussi

122 1329 213 1357 super
236 1321 434 1355 Asmodeeum,
450 1320 520 1355 quia
549 1323 651 1355 potens
681 1322 753 1354 erat,
779 1322 807 1347 et
835 1319 949 1347 inutilis

121 1367 209 1394 ﬁebat
224 1366 288 1401 ejus
310 1365 419 1392 indolis
442 1365 597 1393 acerbitas.
614 1365 648 1391 Et
671 1363 771 1392 vocavi
788 1366 821 1391 ut
846 1373 949 1392 rursus

121 1413 212 1439 staret
228 1413 294 1438 ante
319 1419 365 1437 me
390 1409 543 1438 Beelzehul
568 1409 706 1445 princeps
723 1409 947 1442 daemoniorum,

121 1458 149 1483 et
160 1456 266 1483 sedens
277 1463 365 1490 super
385 1454 525 1481 thronum
541 1453 685 1490 inclytum
706 1454 807 1487 nimis,
824 1453 883 1481 dixi
899 1454 925 1481 ei
942 1463 948 1481 :

121 1501 214 1533 Quare
224 1502 253 1527 tu
261 1499 342 1527 solus
352 1499 479 1534 imperas
487 1498 639 1526 daemoniis
652 1499 663 1525 ἓ
674 1498 752 1526 Etait
765 1506 771 1525 :
784 1498 858 1531 Quia
868 1497 950 1526 solus

1007 214 1073 246 τῶν,
1089 212 1172 240 πάλιν
1200 213 1237 243 εἷς
1260 211 1350 249 ἐτέρας
1380 212 1477 248 ἑτέρων
1507 211 1674 249 ἀπέρχεσθαι
1704 211 1732 239 ἐν
1764 212 1843 240 νυκτὶ

1008 256 1052 283 καὶ
1076 257 1186 294 ἡμέρᾳ·
1213 257 1282 284 ὥστε
1305 255 1350 283 καὶ
1374 256 1423 290 τὴν
1447 256 1580 293 ἁμαρτίαν
1612 255 1764 290 ἆπιτελεῖν,
1796 257 1842 284 καὶ

1009 301 1047 332 εἰς
1063 300 1161 339 φόνους
1174 300 1405 337 ἐμπλανήσεσθαι·
1436 301 1531 336 δρκισα
1547 299 1576 327 δὲ
1606 300 1680 336 αὐτῷ
1700 302 1733 328 τὸ
1752 300 1843 337 ὄνομα

1009 345 1108 382 Κυρίου
1139 343 1253 373 Σαϐαὼθ
1277 344 1375 382 λιγων·
1399 342 1543 380 Φοϐήθητι
1559 345 1605 372 τὸν
1629 345 1706 381 Θεὸν,
1736 347 1842 381 Ἀσμοι

1010 388 1078 425 δαῖε,
1102 390 1147 417 καὶ
1164 390 1221 417 eius
1247 400 1295 426 μοι
1310 389 1383 425 ποίῳ
1408 388 1519 426 ἀγγέλῳ
1544 392 1665 427 καταργῇ
1682 390 1724 417 σύ.
1751 391 1782 419 Ὁ
1815 389 1843 417 δὲ

1009 433 1071 469 Vm],
1103 435 1150 461 Διὰ
1176 433 1300 473 Ῥαιραήλ
1315 436 1364 461 τοῦ
1381 434 1554 471 ἀρχαγγέλου
1586 436 1635 462 τοῦ
1663 437 1843 472 παρεστῶτος

1009 478 1125 506 ἇνώπιον
1141 481 1189 506 τοῦ
1205 479 1302 515 θρόνου
1315 480 1364 505 τοῦ
1383 480 1460 506 Θεοῦ.
1491 478 1588 506 Διώκει
1619 478 1647 506 δὲ
1678 490 1711 515 με
1740 479 1843 516 ἰχθύος

1009 523 1083 560 ἧπαρ
1106 522 1151 550 καὶ
1184 522 1270 560 χολὴ,
1300 521 1343 550 ἐπὶ
1371 523 1504 561 μυρικίνῳ
1523 521 1633 561 ἄνθρακι
1660 523 1842 558 ἰπικαπνιζό-

1011 577 1096 604 μενοι·
1127 567 1293 604 ἐπηρώτησα
1324 566 1407 595 πάλιν
1434 567 1487 605 ἑγὼ
1517 565 1620 594 αὐτόν’
1651 569 1697 602 Μὴ
1726 567 1840 605 κρύψῃς

1008 611 1054 639 ἀπ’
1080 611 1147 648 ἐμοῦ
1164 611 1248 650 ῥῆμα·
1279 611 1320 639 ὅτι
1349 612 1403 649 ἐγώ
1428 612 1485 648 εἶμι
1507 611 1643 648 Σολομῶν
1670 613 1728 643 υἱὸς
1755 612 1840 640 Annia

1011 655 1145 693 βασιλέως
1169 655 1292 694 Ἰσραὴλ·
1325 656 1383 683 είπέ
1400 667 1446 692 μοι
1472 656 1504 683 τὸ
1531 654 1619 693 ὄνομα
1632 659 1681 684 τοῦ
1698 657 1799 694 ἷχθύος

1010 700 1041 727 σὺ
1071 698 1147 738 σέϐῃ·
1177 701 1206 729 Ὀ
1235 699 1263 728 δὶ
1283 699 1344 739 ἔφη·
1362 700 1492 737 Ὀνόματι
1515 700 1618 738 γλάνος
1639 701 1795 737 εὖρίσκιται
1813 701 1839 729 ἓν

1007 748 1066 775 τοῖς
1094 747 1233 781 ποταμοῖς
1254 745 1419 783 Ἀσσυρίων·
1449 744 1520 772 διότι
1546 745 1592 772 καὶ
1621 745 1660 777 εἷς
1686 745 1778 773 linive:
1807 747 1842 774 τὰ

1011 790 1080 825 μέρη
1104 788 1367 827 καταπιριπολξύῶ.
1396 789 1465 827 Ἐγὼ
1487 788 1516 817 δὲ
1545 789 1616 828 λέγω
1644 790 1714 828 πρὸς
1745 789 1838 817 αὐτόν·

1009 833 1092 862 Οὐδὲν
1117 832 1207 872 ἕτερον
1232 834 1305 871 παρὰ
1329 834 1371 861 σοὶ
1402 833 1580 870 Ἀσμοδαίῳ;
1608 836 1622 862 ὁ
1638 833 1667 862 δὲ
1691 833 1743 874 ἔφη
1778 845 1839 871 μοι·

1004 879 1161 907 Ἐπίσταται
1186 880 1204 913 ἡ
1234 877 1348 915 δύναμις
1360 880 1409 905 τοῦ
1425 881 1502 914 Θεοῦ,
1518 881 1567 906 τοῦ
1594 878 1638 907 διὰ
1658 883 1707 914 τῆς
1730 880 1839 908 ἐκείνου

1005 922 1151 962 σφραγίδος
1178 921 1317 959 δεσμώσας
1340 933 1373 960 με
1395 922 1508 954 ἀλύτοις
1535 922 1656 960 δεσμοῖς·
1687 924 1729 952 ὅτι
1767 926 1837 962 ἅπερ

1006 966 1080 993 εἶπόν
1112 977 1153 993 σοι
1169 965 1260 1001 ἀληθῆ
1277 966 1339 994 siet.
1361 966 1461 1003 Δέομαι
1479 978 1539 1001 σου,
1554 967 1666 1004 βασιλεῦ
1683 967 1837 1005 Σολομῶν,

1008 1011 1045 1047 μή
1080 1021 1112 1047 με
1141 1011 1300 1048 κατακρίνῃς
1330 1011 1368 1042 εἷς
1397 1010 1491 1047 ὕδωρ.
1524 1012 1594 1049 Ἐγὼ
1632 1011 1660 1040 δὲ
1693 1012 1840 1050 μειδιάσας

1006 1055 1079 1082 εἶπον
1106 1055 1191 1091 αὐτῷ·
1221 1057 1259 1092 Ζῇ
1283 1055 1381 1093 Κύριος
1409 1056 1423 1083 ὁ
1452 1056 1516 1087 Θεὸς
1543 1058 1596 1083 τῶν
1612 1056 1737 1093 πατέρων
1771 1068 1838 1094 μου,

1006 1098 1103 1136 σίδηρα
1132 1100 1239 1138 φορίσω
1268 1109 1308 1133 σε,
1334 1099 1407 1127 ἀλλὰ
1428 1100 1472 1127 καὶ
1498 1100 1544 1127 τὸν
1575 1099 1666 1135 πηλὸν
1695 1102 1839 1136 ποιήσεις,

1006 1143 1044 1174 εἰς
1069 1143 1137 1178 ὅλην
1161 1145 1211 1178 τὴν
1235 1145 1403 1178 κατασκῑυὴν
1426 1146 1475 1172 τοῦ
1500 1147 1577 1179 ναοῦ,
1604 1143 1761 1183 ἆνατρίὸων
1777 1149 1840 1177 τοῖς

1005 1188 1069 1215 ποσί
1090 1197 1155 1215 σου·
1181 1189 1224 1216 καὶ
1249 1187 1375 1216 ἰκέλιυσι
1399 1187 1510 1223 δοθῆναι
1539 1189 1614 1225 αὐτῷ
1644 1188 1709 1217 δέκα
1738 1188 1840 1228 ὑϐρίας

1005 1232 1095 1270 φέρειν
1124 1231 1208 1270 ὕδωρ.
1228 1233 1279 1260 Καὶ
1304 1231 1398 1264 δεινῶς
1415 1232 1539 1268 στέναξας
1557 1234 1570 1260 ὁ
1599 1232 1703 1270 δαίμων
1725 1235 1762 1262 τὰ
1791 1245 1840 1262 κε-

1006 1275 1151 1308 λευσθέν-ια
1177 1287 1222 1313 μοι
1248 1277 1449 1315 κατειργόίζιτο.
1477 1277 1564 1306 Τοῦτο
1588 1277 1616 1305 δὲ
1631 1278 1749 1314 ἐποίησα
1766 1278 1838 1307 διότι

1004 1321 1049 1348 καί
1062 1321 1095 1348 τὰ
1121 1320 1258 1357 μέλλοντα
1281 1319 1340 1358 ᾔδει
1356 1322 1565 1359 προμνωστικὸς
1582 1321 1630 1358 ὢν,
1660 1323 1692 1350 τὸ
1709 1322 1837 1361 χαλεπὸν

1005 1364 1156 1402 δαιμόνιον,
1173 1366 1186 1393 ὁ
1212 1365 1388 1402 Ἀσμοδαῖος.
1415 1365 1464 1393 Καὶ
1480 1365 1592 1401 ἐδόξασα
1615 1367 1660 1394 τὸν
1685 1368 1752 1395 Θεὸν
1779 1368 1836 1405 ἑγὼ

1006 1409 1152 1446 Σολομῶν,
1168 1410 1214 1437 τὸν
1229 1409 1309 1437 δόντα
1327 1421 1373 1447 μοι
1387 1411 1436 1445 τὴν
1461 1410 1556 1450 σοφίαν
1571 1413 1610 1446 τῷ
1625 1410 1720 1448 δούλῳ
1735 1412 1833 1440 αὐτοῦ·

1004 1455 1038 1481 Τὸ
1053 1453 1081 1481 δὲ
1099 1455 1173 1492 ἧπαρ
1197 1457 1246 1482 τοῦ
1269 1454 1365 1492 ἰχθύος
1391 1455 1435 1482 καὶ
1459 1455 1510 1490 τήν
1533 1454 1624 1493 χολὴν
1650 1456 1734 1484 αὐτοῦ
1763 1459 1834 1493 μετὰ

1003 1498 1142 1535 καλαμίου
1169 1498 1300 1537 στύρακος
1324 1497 1397 1526 λύων
1425 1498 1548 1527 ἐπέκαιον
1575 1500 1620 1527 τὸν
1652 1499 1833 1537 Ἀσμοδαῖον,

120 1544 273 1572 existimor
285 1544 361 1572 inter
371 1542 503 1571 caelestes
513 1543 633 1579 angelos
642 1542 789 1578 delapsos.
801 1543 860 1578 Ego
872 1543 950 1570 enim
968 1538 988 1571 C
1009 1543 1054 1570 διὰ

1038 1543 1054 1570 ὰ
1075 1543 1106 1570 τὸ
1131 1544 1198 1570 εἶναι
1223 1543 1302 1571 αὐτὸν
1327 1541 1448 1577 δυνατὸν,
1472 1544 1703 1582 καὶκατηργείτω
1729 1544 1759 1573 δὲ
1789 1547 1836 1573 αὗ-

120 1588 257 1616 sedebam
265 1588 294 1615 in
302 1588 397 1623 primo
405 1587 476 1615 cosio
483 1587 578 1622 primu
585 1595 598 1614 s
606 1586 854 1622 angelusvocatus
869 1587 951 1614 Beel-

120 1632 215 1666 zebul,
232 1631 490 1660 etnuncdominor
507 1631 687 1658 omnibusin
701 1631 821 1658 Tartaro
832 1631 950 1660 vinctis.

121 1677 218 1704 Habeo
234 1676 322 1704 etiam
338 1675 431 1703 filium
444 1675 494 1711 qui
506 1675 691 1711 perambulat
702 1675 730 1702 in
745 1675 818 1702 mari
831 1675 929 1703 Rubro
941 1697 948 1710 ,

120 1723 148 1749 et
159 1723 236 1749 certo
247 1721 373 1756 quodam
385 1723 516 1756 tempore
527 1719 681 1747 revertitur
694 1719 728 1747 ad
742 1728 788 1747 me
800 1720 949 1755 subditus,

119 1768 147 1794 et
162 1773 250 1801 opera
273 1773 327 1792 sua
344 1764 418 1792 mihi
445 1764 565 1800 detegit,
582 1766 611 1792 et
625 1764 766 1792 conﬁrmo
782 1763 867 1791 illum
884 1772 947 1800 ego.

1005 1590 1053 1615 τοῦ
1076 1589 1093 1622 ἡ
1122 1587 1209 1626 φόρην
1230 1588 1259 1618 ὂς
1284 1588 1342 1624 (sic)
1368 1589 1406 1624 (2)
1428 1588 1533 1626 πικρία.
1565 1588 1616 1616 Καὶ
1637 1588 1755 1616 ἐκάλεσα
1784 1591 1837 1617 πά-

1006 1631 1048 1658 λιν
1073 1632 1241 1670 παραστῆναί
1272 1642 1318 1668 μοι
1343 1629 1493 1670 ἔμπροσθεν
1515 1634 1564 1659 τοῦ
1589 1631 1760 1668 Βιελζεϐοὺλ
1790 1635 1837 1662 τὸν

1004 1674 1126 1713 ἄρχοντα
1150 1678 1204 1703 τῶν
1231 1675 1391 1712 δαιμονίων,
1416 1676 1460 1704 καὶ
1485 1676 1651 1712 ἐπικαθήσας
1673 1677 1719 1705 ἐπὶ
1747 1679 1839 1715 βήμα-

1002 1730 1049 1750 τος
1074 1719 1244 1756 ἐνδοξοτέρου
1269 1719 1334 1758 ἔφην
1366 1720 1451 1756 αὐτῷ·
1469 1720 1544 1748 Διατί
1574 1720 1605 1748 σὺ
1636 1722 1722 1757 μόνος
1739 1722 1835 1760 ἄρχων

1002 1766 1056 1790 τῶν
1072 1762 1240 1800 δαιμονίων;
1266 1764 1297 1792 Ὀ
1313 1763 1341 1791 δὲ
1359 1762 1408 1803 ἔφη
1428 1774 1485 1801 μοι·
1513 1764 1562 1792 Διὰ
1575 1765 1606 1792 τὸ
1631 1765 1716 1802 μόνον
1731 1777 1767 1803 με
1784 1767 1836 1794 ὑπὸ

121 1809 260 1848 ληφθῆναι
289 1811 342 1836 τῶν
365 1808 495 1847 οὐρανίων
521 1807 648 1846 ἀγγέλων
674 1810 728 1835 τῶν
753 1807 952 1840 κατελθόντων.
971 1808 1042 1846 Ἐγὼ
1066 1809 1117 1846 γὰρ
1139 1807 1214 1845 ἤμην
1231 1809 1257 1836 ἐν
1270 1811 1310 1845 τῷ
1325 1809 1427 1846 πρώτῳ
1443 1809 1549 1847 οὐρανῷ
1563 1812 1672 1846 πρῶτος
1687 1810 1806 1848 ἄγγελος
1822 1812 1835 1839 ὁ

119 1854 389 1892 προσαγορευόμενος
403 1851 581 1887 Βεελζιϐούλ·
599 1852 644 1880 καὶ
659 1854 704 1880 νῦν
720 1854 812 1890 κρατῶ
827 1852 933 1879 πάντων
949 1854 1002 1880 τῶν
1019 1851 1044 1879 ἐν
1059 1855 1098 1888 τῷ
1114 1853 1244 1891 Ταρτάρῳ
1260 1852 1417 1890 δεδεμένων·
1435 1851 1492 1891 ἔχω
1506 1852 1534 1881 δί
1549 1854 1594 1881 καὶ
1604 1855 1683 1892 γόνον
1697 1865 1744 1882 και
1757 1866 1836 1892 περι-

120 1898 232 1926 πολεόει
249 1897 274 1925 ἐν
287 1900 322 1935 τῇ
338 1898 456 1935 Ἐρυθρᾳ
471 1897 602 1935 θαλάσσῃ·
619 1897 664 1924 καὶ
681 1898 717 1928 ὡς
733 1896 802 1924 ἴδιον
819 1897 880 1924 τινὰ
891 1897 984 1934 καιρὸν
1002 1896 1179 1934 ίπανέρχεται
1196 1907 1264 1935 προς
1286 1908 1318 1934 με
1343 1898 1576 1936 ὑποταττόμανος*
1604 1899 1648 1926 καὶ
1677 1899 1713 1927 τὰ
1736 1900 1836 1928 ἑαυτοῦ

118 1939 186 1980 ἔργα
200 1942 268 1980 πρός
285 1953 317 1979 με
332 1941 524 1969 ἀνακᾶλυπτει·
539 1941 584 1969 καὶ
598 1941 718 1980 στηρίζω
734 1941 813 1968 αὐτὸν
831 1941 894 1980 ἐγώ.

151 1997 210 2032 Ego
234 1996 371 2024 Salomon
395 1995 454 2023 dixi
470 1996 495 2022 ei
513 2003 519 2022 :
534 1995 695 2029 Beelzebul,
724 2004 789 2031 quae
812 1997 858 2023 est
872 2002 944 2031 ope-

118 2040 192 2068 ratio
207 2039 281 2067 tua?
297 2041 331 2066 Et
354 2040 396 2067 ait
413 2048 420 2067 :
438 2040 530 2075 Reges
555 2040 735 2075 pessumdo;
763 2040 871 2067 dimico
888 2047 946 2067 una

118 2093 185 2112 cum
213 2084 360 2112 extraneis
389 2084 541 2120 tyrannis;
559 2086 587 2111 et
602 2084 749 2111 daemones
780 2092 860 2112 meos
889 2084 944 2111 im-

119 2129 205 2156 mitto
221 2129 251 2156 in
275 2128 420 2162 homines,
446 2131 478 2155 ut
493 2128 523 2155 in
549 2136 598 2156 eos
620 2129 739 2156 credant
755 2130 783 2156 et
807 2130 944 2164 pereant;

1036 1994 1108 2032 Ἐγὼ
1124 1997 1261 2031 Σολομῶν
1274 1995 1341 2034 ἔφην
1355 1995 1423 2032 πρὸς
1439 1995 1517 2022 αὐτὸν
1535 1995 1622 2034 λὲγων
1644 1994 1835 2031 Βεελζιὸοὒλ,

998 2038 1039 2069 τίς
1063 2038 1133 2066 ἐστὶν
1158 2040 1175 2074 ἡ
1199 2039 1295 2076 πράξις
1320 2049 1387 2074 σου;
1409 2040 1440 2068 Ὀ
1466 2038 1496 2067 δὲ
1511 2039 1599 2077 λέγει,
1615 2041 1688 2078 Ἐγὼ
1708 2040 1836 2078 βασιλεῖς

1000 2082 1108 2111 ἀπολῶ·
1140 2086 1280 2120 συμμαχῶ
1307 2084 1374 2120 μετὰ
1398 2083 1567 2122 ἀλλοφύλων
1597 2085 1762 2122 τυράννων⁹
1789 2086 1835 2113 καὶ

999 2127 1062 2158 τοὺς
1088 2127 1170 2164 ἐμοὺς
1198 2126 1329 2164 δαίμονας
1356 2125 1500 2155 ἐπιϐάλλω
1535 2129 1603 2167 πρὸς
1633 2128 1697 2159 τοὺς
1726 2130 1835 2166 ἀνθρώ-

117 2176 146 2201 et
173 2173 281 2201 electos
322 2180 421 2200 servos
464 2171 525 2205 Dei,
565 2173 626 2200 sive
667 2173 844 2207 sacerdotes,
883 2172 1068 2224 siveDnou;

1038 2182 1087 2206 υς,
1111 2172 1154 2199 ἳνα
1187 2171 1225 2203 εἷς
1259 2172 1356 2204 αὐτοὺς
1382 2172 1544 2200 πιστεύωσιν
1573 2174 1619 2201 καὶ
1649 2173 1833 2202 ἀπόλωνται·

1036 2216 1389 2224 ..ςηιτεμ
1495 2217 1740 2224 --_..._
1823 2219 1830 2224 .

117 2217 229 2253 ﬁdeles,
258 2217 337 2245 viros
366 2216 396 2244 in
426 2216 571 2244 desideria
600 2216 754 2253 culparum
797 2216 942 2245 malarum

116 2265 145 2290 et
174 2263 320 2290 haereseon
346 2269 514 2298 pravarum,
541 2264 569 2289 ct
598 2269 720 2297 operum
749 2262 944 2289 nefandorum

117 2308 220 2341 excito,
236 2309 265 2334 et
280 2306 352 2334 mihi
374 2314 485 2334 morem
509 2309 628 2342 gerunt,
645 2308 673 2333 et
693 2305 723 2333 in
749 2305 944 2341 perditionem

119 2360 170 2380 eos
198 2351 318 2387 impello
347 2359 354 2386 ;
389 2352 417 2378 et
445 2350 582 2383 invidias,
610 2353 638 2377 et
667 2350 770 2385 caedes,
802 2352 830 2377 et
857 2349 943 2384 bella,

117 2397 146 2423 et
175 2395 374 2423 masculorum
404 2394 587 2429 concubitus,
605 2396 634 2421 et
663 2397 767 2422 cratera
790 2393 867 2422 mala
893 2393 944 2421 ho-

117 2439 249 2467 minibus
265 2440 368 2473 infero,
383 2441 413 2467 ct
436 2438 518 2466 deleo
534 2439 689 2466 mundum.
709 2438 770 2466 Dixi
788 2438 878 2475 igitur
894 2438 919 2466 ei
935 2445 941 2465 :

118 2484 219 2512 Adduc
235 2484 307 2512 mihi
323 2485 416 2511 filium
438 2486 524 2511 tuum
541 2491 626 2518 quem
651 2483 725 2510 dicis
742 2490 806 2510 esse
822 2483 850 2510 in
871 2484 945 2511 mari

117 2528 226 2557 Rubro.
243 2529 277 2555 Et
289 2527 330 2555 ait
347 2536 352 2554 :
371 2527 433 2555 Non
450 2535 501 2563 ego
526 2527 610 2554 illum
636 2527 749 2554 adduco
775 2527 810 2554 ad
833 2528 880 2560 te;
896 2535 943 2554 ve-

119 2572 180 2600 niet
195 2574 291 2600 autem
313 2572 348 2599 ad
366 2580 411 2599 me
425 2571 502 2599 alius
528 2572 641 2599 daemon
658 2572 777 2599 nomine
794 2571 943 2607 Ephippas

119 2626 206 2654 quem
230 2616 365 2649 vinciam,
381 2619 410 2645 et
439 2616 502 2652 ipse
526 2624 561 2644 ex
589 2616 694 2652 abysso
723 2616 841 2644 reducet
871 2615 943 2643 mihi

119 2662 225 2690 ﬁlium.
255 2660 308 2689 Cui
334 2660 397 2689 dico
427 2668 502 2697 ego:
529 2661 679 2694 Quomodo
709 2663 754 2688 est
782 2661 812 2688 in
837 2661 943 2697 abysso

156 2752 195 2789 (‘2)
210 2753 245 2780 At
260 2752 288 2780 in
305 2758 397 2787 marg.
415 2749 527 2778 laterali
544 2757 551 2778 :
568 2750 584 2784 ή
601 2748 748 2787 ἀφόρητος,

997 2216 1041 2243 καὶ
1065 2216 1129 2247 τοὺς
1157 2216 1299 2248 ἐκλεκτοὺς
1329 2216 1445 2248 δούλους
1460 2219 1509 2245 τοῦ
1535 2220 1613 2253 Θεοῦ,
1629 2217 1647 2252 ἣ
1669 2218 1756 2255 ἱερεῖς
1786 2219 1831 2246 καὶ

998 2260 1110 2292 πιστοὺς
1139 2260 1324 2299 ἀνθρώπους,
1351 2261 1389 2292 εἷς
1422 2261 1566 2297 ἰπιθυμίας
1604 2263 1746 2299 ἁμαρτιῶν
1779 2273 1833 2290 πο-

998 2307 1087 2342 νηρῶν
1116 2306 1161 2332 καὶ
1189 2305 1315 2342 αἱρέσεων
1343 2308 1444 2340 κακῶν,
1471 2307 1515 2334 καὶ
1543 2305 1627 2344 ἔργων
1658 2308 1832 2344 παρανόμων

1000 2348 1143 2387 διεγείρω,
1169 2349 1213 2377 καὶ
1242 2350 1408 2377 ὑπακούουσι
1440 2361 1492 2387 μου
1511 2373 1518 2385 ,
1547 2351 1592 2378 καὶ
1617 2351 1657 2383 εἷς
1686 2351 1832 2379 ἀπώλειαν

1000 2393 1073 2433 φέρω
1103 2393 1211 2428 αὐτοὺς,
1240 2394 1285 2421 καὶ
1315 2395 1441 2433 φθόνους,
1470 2395 1514 2422 καὶ
1544 2395 1654 2433 φόνους,
1684 2396 1732 2423 καὶ
1748 2396 1835 2424 πολέ-

1001 2449 1088 2474 μους,
1116 2439 1161 2466 καὶ
1187 2436 1399 2477 ἀρρενοϐατῐας,
1428 2439 1473 2467 καὶ
1499 2438 1577 2476 ἕτερα
1601 2440 1671 2467 κακᾶ
1694 2443 1758 2471 τοῖς
1788 2441 1836 2467 ἇν-

999 2483 1120 2520 θρώποις
1150 2482 1261 2521 ἑνεργῶ·
1291 2483 1336 2511 καὶ
1351 2485 1448 2511 ἀποΛῶ
1469 2484 1515 2511 τὸν
1542 2485 1657 2520 κόσμον.
1678 2485 1767 2512 Εἶπον
1785 2485 1834 2512 οὖν

999 2526 1072 2562 αὖτῷ
1090 2536 1096 2543 ·
1131 2528 1287 2566 Προσάγαγὲ
1313 2538 1358 2564 μοι
1388 2529 1434 2555 τὸν
1465 2529 1509 2556 σὺν
1536 2529 1636 2566 γόνον,
1668 2526 1753 2566 ὅνπερ
1786 2528 1833 2557 λέ-

998 2582 1055 2609 γεις
1085 2571 1125 2599 ὅτι
1152 2572 1223 2599 ἐστὶν
1243 2572 1268 2599 ἐν
1299 2575 1333 2610 τῇ
1361 2573 1482 2610 θαλάσσῃ
1514 2575 1547 2610 τῇ
1585 2574 1715 2611 Ἐρυθρᾷ.
1745 2576 1775 2601 '0
1806 2573 1834 2601 δὲ

999 2613 1092 2654 λέγει·
1133 2617 1205 2654 Ἐγὼ
1238 2617 1318 2644 αὐτὸν
1350 2617 1381 2644 οὐ
1406 2618 1479 2656 φέρω
1509 2618 1576 2654 πρὸς
1605 2617 1656 2645 σέ·
1688 2617 1832 2646 ἐλεύσεται

998 2658 1027 2687 δὲ
1064 2660 1132 2697 πρός
1173 2671 1205 2698 με
1240 2659 1332 2698 ἕτερος
1371 2660 1476 2698 δαίμων
1516 2661 1630 2699 ὀνόματι
1676 2663 1831 2702 Ἐφιππᾰς,
