1932 3050
109 133 189 165 1327

602 130 802 162 APPENDIX
821 129 873 160 AD
895 128 1129 161 MICHAELEM
1150 129 1345 162 PSELLUM.

1745 131 1827 161 1328

106 204 157 229 tur
176 201 205 228 in
228 200 323 228 tribus
347 198 517 227 nominibus
543 206 550 226 ι
575 197 622 226 his
645 197 788 230 Boultala,
804 197 868 224 Tha

1060 198 1106 223 L'iov
1136 195 1162 223 ἒν
1189 199 1248 227 τοῖς
1273 195 1359 234 τρισὶν
1390 195 1504 234 ὀνόμασι
1531 195 1642 228 τούτοις
1664 194 1823 234 βουλταλᾶ,

107 245 241 281 Melchal,
258 247 285 274 et
300 253 371 273 sano
392 253 451 272 eos.
469 244 533 272 Dixi
548 243 573 272 ei
595 252 647 280 ego
662 243 798 270 Salomon
815 251 821 269 ε
838 242 933 273 Quan-

107 292 144 319 do
173 292 216 319 vis
244 289 320 318 male
344 290 450 324 facere,
472 297 524 325 per
552 296 639 324 quem
665 287 741 315 male
766 286 854 322 agis?
880 285 933 318 Qui

107 337 150 364 ait
165 344 171 363 :
189 336 242 363 Per
257 335 393 370 angelum
416 342 467 369 per
482 342 568 369 quem
594 333 725 361 tertiaria
741 332 829 360 febris
851 331 933 366 quie-

107 381 173 408 scit.
203 378 379 414 Interrogavi
409 386 475 406 eum
501 378 602 405 dicens
626 386 632 404 :
657 380 690 405 In
712 385 770 412 quo
791 375 933 403 nomine?

108 425 143 452 Et
173 425 214 452 ait
243 432 250 451 :
280 423 452 459 Archangeli
481 422 576 450 Azael.
605 421 748 449 Advocavi
777 420 935 455 archange~

109 469 172 496 lum
197 467 291 502 Azael,
318 470 348 496 et
371 466 468 503 sigillo
495 465 591 494 notavi
615 466 789 498 daemonem,
816 463 935 499 etjussi

109 515 144 541 ut
181 513 293 548 lapides
323 520 446 547 magnos
483 510 718 547 apprehendens,
748 510 778 537 in
800 509 935 545 :superna

109 557 211 594 templi
234 557 360 585 deferret
384 555 525 591 operariis
546 564 552 583 :
577 557 605 582 et
626 554 653 582 vi
678 556 797 582 coactus
822 554 934 581 daamon

106 603 192 638 jussa
214 601 369 637 implevit;
395 603 424 628 et
448 608 552 627 rursus
579 599 739 635 gloriﬁcavi
766 598 857 626 Deum
885 597 933 633 qui

109 647 190 675 dedit
217 646 290 674 mihi
328 645 417 673 talem
456 646 640 681 potestatem.
680 644 715 671 Et
752 643 873 679 prmcepi
902 643 934 669 ut

108 692 225 719 adesset
249 690 322 718 mihi
346 689 421 717 alius
446 689 569 716 daemon.
587 690 620 715 Et
644 688 785 715 venerunt
810 686 933 722 spiritus

107 738 220 771 septem
236 734 354 762 feminei
380 733 466 761 simul
489 732 580 760 vincti
607 734 635 759 et
660 731 794 766 connexi,
819 730 934 766 pulchri

106 781 179 808 facie
194 782 222 808 et
237 779 331 807 forma
346 780 538 814 praetentas;
566 779 594 804 et
609 776 712 804 videns
727 784 780 812 ego
796 775 933 803 Salomon

105 824 282 860 interrogavi
304 831 352 851 eos
369 831 376 850 :
391 822 445 854 Qui
469 822 540 849 eslis
565 822 640 849 vos?
665 822 732 853 Quae
755 819 935 848 unanimiter

105 870 208 897 eadem
223 875 292 895 voce
307 867 444 894 dixerunt
461 874 467 894 :
485 868 542 893 Nos
568 874 673 893 sumus
695 873 729 892 ex
744 865 866 900 triginta
880 864 932 892 tri-
948 879 971 911 Β

105 913 160 940 bus
171 912 328 940 comitibus
341 910 482 946 principis
495 910 682 937 tenebrarum
697 918 703 943 ;
721 911 750 937 et
766 909 806 936 ait
817 909 930 944 prima:

106 958 164 993 Ego
179 965 246 984 sum
268 955 410 990 Fallacia;
433 955 563 982 secunda
579 963 584 982 :
602 955 659 990 Ego
684 962 746 981 sum
762 953 931 987 Discordia;

106 1002 193 1030 tertia
208 1009 214 1029 :
232 1001 290 1037 Ego
306 1009 372 1028 sum
393 999 527 1033 Clothod,
553 999 581 1026 id
607 1001 652 1026 est.
667 999 786 1034 Pugna;
805 999 908 1032 quarta
925 1005 931 1025 :

107 1047 166 1082 Ego
191 1054 256 1073 sum
283 1045 417 1078 Invidia;
442 1044 570 1080 quinta:
588 1044 646 1079 Ego
671 1051 736 1070 sum
762 1042 933 1076 Fortitudo;

107 1094 212 1120 sexta:
229 1090 288 1126 Ego
312 1097 379 1118 sum
406 1090 510 1122 Error;
537 1088 684 1124 septima:
703 1090 760 1124 Ego
785 1095 851 1114 sum
867 1089 934 1114 Pes-

107 1136 201 1169 sima;
218 1137 246 1162 et
261 1134 357 1162 sidera
373 1136 474 1161 nostra
495 1133 525 1160 in
542 1132 614 1160 cwlo
640 1135 710 1160 sunt
726 1133 837 1168 septem
855 1133 935 1159 astra

107 1189 170 1217 quae
186 1188 274 1216 parva
288 1179 435 1213 videntur,
461 1178 491 1205 in
516 1177 697 1211 Concordia;
723 1179 752 1204 et
768 1179 799 1204 ut
814 1176 873 1204 deae
888 1184 935 1204 vo-

107 1233 209 1252 camur
225 1231 232 1251 :
249 1223 338 1251 simul
358 1223 421 1250 loco
447 1221 589 1255 cedimus,
606 1223 635 1249 et
655 1221 744 1249 simul
766 1220 935 1248 habitamus

107 1276 185 1296 nunc
198 1267 330 1304 Lydiam,
358 1275 436 1295 nunc
460 1266 628 1303 Olympum,
655 1274 733 1293 nunc
760 1273 825 1293 vero
842 1265 934 1293 altum

107 1315 247 1341 montem.
263 1313 298 1339 Et
319 1312 495 1347 interrogavi
519 1319 568 1338 eas
595 1319 647 1346 ego
675 1310 812 1338 Salomon
829 1309 936 1345 sigilla-

107 1359 172 1393 tim,
188 1357 331 1393 incipiens
348 1365 364 1384 a
378 1356 474 1392 prima
489 1363 582 1391 usque
598 1355 633 1383 ad
651 1355 819 1391 septimum.
837 1355 936 1382 Prima

108 1403 181 1430 dixit
198 1411 205 1430 :
222 1404 277 1437 Ego
294 1410 360 1429 sum
386 1400 530 1434 Fallacia;
558 1400 682 1435 decipio,
700 1399 852 1427 machinor
867 1398 934 1426 hinc

109 1449 138 1474 et
153 1446 232 1480 hinc,
248 1446 372 1473 haereses
394 1445 505 1479 excito;
530 1444 579 1472 sed
596 1444 689 1471 habeo
704 1444 873 1471 domantem
889 1451 935 1471 me

109 1490 247 1527 angelum
278 1489 473 1518 Lamechalal.
499 1488 642 1517 Similiter
663 1490 691 1516 et
718 1488 847 1516 secunda
870 1488 932 1516 ait:

111 1535 169 1571 Ego
185 1543 249 1562 sum
265 1534 427 1568 Discordia,
447 1534 595 1561 contentio
616 1533 837 1560 contentionum
851 1541 858 1566 ;
875 1533 934 1560 fero

110 1579 200 1615 ligna,
216 1579 341 1615 lapides,
357 1578 481 1614 gladios,
505 1580 533 1606 et
557 1586 639 1605 arma
655 1586 719 1605 mea
735 1577 842 1613 ubique
857 1577 933 1611 loci;

102 1625 154 1651 sed
171 1623 264 1651 habeo
285 1623 422 1659 angelum
449 1616 693 1658 comprimentem
712 1630 757 1650 me
772 1622 933 1650 Baruchia-

103 1667 178 1696 chel.
194 1667 336 1696 Similiter
357 1669 385 1694 et
409 1666 496 1694 tertia
511 1667 584 1694 dixit
600 1675 606 1694 ε
625 1666 681 1702 Ego
699 1666 821 1694 Clothod
839 1667 932 1694 nomi-

104 1721 168 1748 nor,
185 1711 214 1740 id
239 1715 283 1740 est
303 1712 425 1746 Pugna;
453 1711 521 1747 quia
545 1713 577 1738 ut
592 1719 704 1738 coronae
729 1711 890 1747 perdantur
905 1714 934 1739 et

104 1757 192 1793 capiti
207 1757 365 1792 cingantur
389 1755 501 1790 efﬁcio;
519 1757 547 1783 et
568 1756 638 1792 quid
667 1755 760 1783 multa
774 1756 837 1784 dico
848 1756 861 1783 7
876 1758 931 1784 Ha-

106 1802 160 1830 beo
190 1800 327 1837 angelum
352 1801 402 1836 qui
428 1809 474 1828 me
499 1800 614 1828 irritam
645 1800 715 1828 facit
742 1802 931 1829 Marmarath.

105 1846 246 1874 Similiter
269 1848 297 1874 et
321 1848 425 1882 quarta
452 1845 547 1873 dixit:
564 1846 622 1882 Ego
646 1845 719 1873 facio
744 1848 775 1873 ut
797 1845 932 1874 homines

106 1899 164 1919 non
182 1890 298 1926 sapiant
314 1899 320 1918 :
341 1898 490 1924 mensuro,
513 1898 628 1926 separo,
649 1890 758 1925 divido,
775 1891 932 1918 comitante

105 1944 152 1963 me
177 1934 343 1967 Discordia;
370 1934 520 1962 hominem
546 1935 669 1970 sejungo
686 1943 702 1962 a
718 1935 841 1970 conjuge
866 1943 930 1969 sua,

104 1982 133 2007 et
148 1979 224 2007 filios
238 1988 255 2007 a
269 1979 452 2015 parentibus,
470 1980 498 2006 et
517 1979 622 2006 fratres
637 1987 654 2006 a
670 1979 810 2007 fratribus
825 1989 831 2014 ;
849 1982 877 2006 ct
896 1980 932 2007 de

105 2032 151 2052 me
167 2023 236 2060 quid
254 2023 370 2051 multa?
392 2023 530 2060 angelum
552 2023 645 2051 habeo
660 2023 710 2059 qui
736 2032 783 2051 me
797 2023 932 2052 inutilem

103 2068 182 2102 facit,
200 2076 341 2104 magnum
353 2067 510 2096 Balthioul.
525 2067 668 2096 Similiter
684 2070 712 2095 et
727 2068 831 2103 quinta
842 2068 931 2096 dixit:

103 2114 163 2149 Ego
179 2121 246 2140 sum
272 2113 421 2140 Fortitudo
436 2122 442 2147 ;
468 2113 495 2140 vi
511 2114 653 2148 tyrannos
679 2113 835 2147 constituo,
852 2121 934 2149 reges

951 1559 972 1592 C

102 2157 216 2193 dejicio,
233 2157 370 2185 omnibus
393 2157 569 2185 adversariis
595 2158 684 2184 robur
700 2157 831 2193 praebeo;
851 2166 935 2193 ange.

102 2201 164 2230 lum
179 2202 272 2230 habeo
293 2201 344 2238 qui
365 2210 412 2229 me
437 2210 551 2230 cassam
568 2202 638 2229 facit
663 2202 827 2229 Asteraoth.
846 2202 932 2230 Simi-

102 2247 168 2274 liter
181 2248 210 2274 ct
233 2249 315 2274 sexta
338 2246 400 2274 ait:
418 2247 476 2282 Ego
501 2255 567 2274 sum
592 2249 690 2281 Error,
719 2255 767 2274 rex
782 2246 919 2275 Salomon
949 2243 972 2275 D

102 2293 131 2318 et
145 2293 174 2319 te
189 2291 333 2327 decipiam
357 2291 434 2319 sicut
459 2293 488 2318 et
510 2291 622 2327 decepi,
649 2293 676 2319 et
702 2291 756 2319 feci
774 2293 806 2319 ut
821 2291 932 2320 interfi-

102 2344 181 2364 ceres
206 2336 326 2363 fratrem
350 2338 455 2370 tuum;
480 2343 533 2371 ego
557 2336 669 2372 decipio
690 2345 751 2370 vos,
778 2338 807 2364 ut
834 2337 932 2373 explo-

100 2382 204 2408 rentur
226 2380 381 2416 sepulcra;
404 2383 433 2408 et
460 2381 617 2408 elfossores
644 2381 753 2410 doceo:
776 2383 805 2408 et
818 2381 932 2409 animas

101 2427 196 2453 averto
217 2425 253 2452 ab
277 2425 358 2453 omni
381 2424 538 2461 religione;
565 2427 593 2453 et
609 2425 665 2453 alia
683 2425 776 2453 multa
796 2435 886 2461 prava
902 2426 931 2454 in

100 2477 165 2504 me;
189 2470 282 2497 habeo
307 2471 404 2497 autem
429 2469 567 2505 angelum
593 2470 643 2505 qui
667 2479 714 2498 me
739 2470 929 2506 impotentem

99 2513 170 2541 facit
194 2513 280 2541 Uriel.
304 2514 444 2542 Similiter
468 2517 496 2542 et
518 2514 644 2551 septima
671 2514 766 2542 dixit:
785 2515 842 2550 Ego
865 2523 929 2543 sum

98 2558 249 2593 Pessima;
274 2560 302 2586 et
327 2561 355 2586 te
385 2559 484 2595 ipsum
508 2559 684 2594 depravabo,
706 2559 773 2594 quia
788 2559 928 2588 inducam

97 2602 197 2631 Dianae
214 2611 315 2637 nexus,
333 2611 395 2638 quae
417 2603 537 2631 tandem
554 2611 600 2631 me
625 2603 780 2640 liberabit;
797 2612 848 2640 per
863 2612 926 2632 eam

133 2758 172 2793 (6)
187 2757 252 2786 Haec
269 2757 304 2786 ad
322 2765 417 2793 marg.
433 2760 513 2786 sunt.

131 2795 171 2828 (7)
188 2794 219 2821 In
235 2796 315 2822 textu
330 2793 486 2830 ἀποσχίζω.

989 239 1107 275 θαλλᾶλ,
1125 240 1236 278 μελχάλ
1255 250 1262 258 ·
1278 241 1322 268 καὶ
1347 241 1432 277 ἱῶμαι
1448 241 1555 273 αὐτούς.
1570 241 1653 269 Εἶπον
1685 240 1716 268 δὲ
1747 241 1824 276 αὑτῷ

988 283 1040 322 ἐγὼ
1057 284 1192 322 Σολομῶν
1211 296 1216 301 ·
1233 286 1297 314 "Ore
1313 284 1358 312 οὖν
1375 285 1454 322 Οέλῃς
1470 289 1640 324 κακουργεῖν,
1660 286 1688 313 ἐν
1703 285 1759 312 τίνι
1775 296 1823 312 κα-

987 332 1133 367 κουργεῖς;
1149 330 1180 358 Ὁ
1197 328 1225 357 δέ
1246 340 1293 366 μοι
1308 328 1358 369 ἔφη
1377 339 1383 346 ·
1401 331 1445 357 Ἐν
1460 332 1499 366 τῷ
1514 329 1633 367 ἀγγέλῳ,
1650 331 1673 366 ᾦ
1689 330 1737 358 καὶ
1763 340 1823 367 τρι-

987 376 1063 405 ταῖος
1101 375 1309 403 ἐπαναπαύεται.
1337 375 1520 412 Ἑπηρώτησα
1546 374 1574 402 δὲ
1598 375 1679 402 αὐτὸν
1709 375 1759 402 καὶ
1785 375 1824 402 εἷ-

987 429 1038 445 πον
1057 429 1063 436 ·
1087 419 1130 447 Ἐν
1156 419 1226 455 ποίῳ
1251 418 1280 446 δὲ
1302 419 1415 455 ὀνόματι
1429 429 1435 454 ;
1449 420 1480 448 Ὀ
1506 418 1535 446 δὲ
1550 418 1599 458 ἔφη
1618 430 1624 436 ·
1641 421 1695 446 Τοῦ
1711 420 1824 457 ἀρχαγ-

988 462 1071 501 γέλου
1094 462 1209 499 Ἀζαήλ.
1240 464 1289 491 Καὶ
1320 463 1527 500 ἐπεκαλεσάμην
1563 464 1610 491 τὸν
1642 463 1822 502 ἆρχὰγγελον

989 507 1102 543 ¹Λζαῆλ,
1128 508 1172 535 καὶ
1198 507 1380 547 ἐπεσφράγισα
1401 509 1447 536 τὸν
1475 507 1592 545 δαίμονα
1609 517 1616 525 ·
1642 509 1688 536 καὶ
1709 508 1825 536 ἐκέλευ-

990 563 1022 580 σα
1051 553 1131 580 αὐτὸν
1170 552 1263 584 λίθους
1303 552 1440 591 μεγάλους
1480 553 1616 591 ἁρπάζειν,
1645 553 1692 581 καὶ
1721 553 1763 585 εἷς
1790 553 1825 580 τὰ

991 597 1083 634 ὑψηλὰ
1097 600 1145 625 τοῦ
1160 600 1225 625 van?)
1243 597 1391 633 ἀκοντίζειν
1407 601 1466 630 τοῖς
1491 600 1627 636 τεχνίταις
1644 607 1650 613 “
1667 599 1713 625 καὶ
1742 598 1824 635 ἀνιτ-

989 641 1138 679 καζὸμενον
1166 643 1198 670 τὸ
1227 641 1368 679 δαιμόνιον
1394 643 1427 670 τὰ
1455 642 1678 680 προστεταγμένα
1721 642 1823 670 ἐποίει.

989 686 1042 714 Καὶ
1073 685 1126 723 ἐγὼ
1155 685 1238 714 πάλιν
1269 685 1381 722 ἐδόξασα
1409 687 1454 714 τὸν
1485 687 1549 715 Θεὸν
1579 687 1625 714 τὸν
1661 686 1746 714 δόντα
1775 698 1822 723 μοι

990 730 1110 766 ἐξουσίαν
1127 730 1228 766 ταύτην
1246 741 1252 748 ·
1279 732 1323 758 καὶ
1349 731 1476 759 ἐκέλευσα
1499 731 1624 769 παρεῖναί
1649 742 1697 768 μοι
1727 730 1822 767 ἕτερον

990 773 1141 811 δαιμόνιον.
1160 776 1213 803 ΚΖὶ
1228 775 1315 810 ἦλθον
1331 775 1472 813 πνεῦματα
1499 777 1567 804 ἑπτὰ
1589 776 1697 811 θηλυκὰ
1723 775 1823 803 συνδε-

990 819 1087 856 δεμένα
1113 821 1158 847 καὶ
1187 820 1428 859 συμπεπλεγμένα,
1455 820 1579 860 εὔμορφα
1611 821 1642 848 τὸ
1672 820 1748 852 εἶδος
1776 820 1823 848 καὶ

989 862 1117 902 εὕσχημα
1134 874 1140 881 ·
1158 864 1211 902 ἐγὼ
1227 864 1256 892 δὲ
1276 865 1411 901 Σολομῶν
1438 863 1503 893 ἰδὼν
1533 865 1701 903 ἒπηρώτησα
1729 865 1800 893 αὖτὰ
1816 876 1823 882 ·

988 910 1078 946 Ὑμεῖς
1118 909 1186 940 τίνις
1216 909 1302 945 ἐστές
1333 911 1367 937 Al.
1399 909 1427 937 δὲ
1456 909 1632 947 ὁμοθυμαδὸν
1664 911 1716 946 μίᾳ
1745 913 1825 949 φωνῇ

988 951 1087 993 ἔφησαν
1120 964 1126 970 ·
1155 955 1251 991 Ἡμεῖς
1281 954 1360 991 ἐῖμεν
1391 954 1420 982 ἐκ
1452 957 1506 982 τῶν
1547 954 1695 993 τριάκοντα
1735 958 1823 992 τριῶν

989 998 1134 1036 στοιχείων
1154 1001 1203 1026 τοῦ
1232 1000 1456 1037 κοσμοκράτορας
1482 1002 1530 1027 τοῖ’)
1565 998 1690 1032 σκότους.
1716 1001 1826 1038 Ἔφηπ

989 1042 1018 1070 δὲ
1033 1044 1050 1078 ἡ
1065 1043 1160 1080 πρώτη
1179 1054 1185 1060 ·
1203 1044 1276 1081 Ἐγώ
1297 1044 1354 1080 εἶμι
1370 1045 1387 1078 ἡ
1405 1045 1510 1080 Ἀπάτη
1529 1054 1535 1060 ·
1553 1046 1570 1079 ἡ
1596 1043 1707 1080 δευτέρα
1725 1054 1732 1061 ·
1753 1046 1826 1082 Ἐγώ

989 1087 1047 1124 εἶμι
1071 1089 1088 1123 ἡ
1103 1090 1179 1125 Ἔρις
1197 1099 1202 1105 ⁸
1219 1089 1236 1123 ἡ
1264 1088 1343 1126 τρίτη
1372 1090 1444 1126 Ἐγώ
1473 1089 1531 1125 εἰμι
1561 1089 1676 1121 Κλωθός
1693 1099 1699 1105 ·
1719 1090 1736 1116 ὅ
1768 1090 1824 1116 ἐστι

991 1132 1067 1170 μάχη
1095 1142 1101 1148 ·
1129 1134 1146 1167 ἡ
1174 1133 1289 1171 τετάρτη
1318 1143 1324 1149 ·
1353 1134 1424 1171 Ἐγώ
1453 1133 1510 1170 εἶμι
1541 1135 1558 1168 ἡ
1585 1132 1665 1168 Ζώλη
1699 1135 1784 1170 (sic)'
1806 1135 1823 1168 ἡ

989 1177 1099 1213 πέμπτη
1118 1186 1124 1192 ·
1141 1178 1213 1214 Ἐγώ
1238 1178 1295 1214 εἶμι
1319 1179 1336 1212 ἡ
1363 1178 1481 1214 Δύναμις
1498 1188 1504 1194 ·
1518 1179 1535 1213 ἡ
1563 1177 1641 1213 ἕκτη,
1658 1178 1733 1215 Ἐγώ
1766 1178 1823 1215 εἶμι

989 1223 1006 1256 ἡ
1024 1220 1118 1257 Πλάνη
1133 1231 1140 1238 ⁸
1158 1223 1174 1257 ἡ
1192 1219 1308 1259 ἑϐδόμη,
1326 1223 1398 1260 Ἐγώ
1424 1223 1482 1258 εἷ’μι
1508 1224 1526 1257 ἡ
1552 1222 1670 1258 Κακίστη
1693 1233 1699 1239 ·
1712 1223 1762 1250 καὶ
1791 1224 1825 1250 τὰ

990 1265 1074 1298 ἄστρα
1096 1268 1176 1303 ἡμῶν
1199 1266 1224 1294 ἐν
1252 1267 1360 1305 οὐρανῷ
1382 1266 1460 1302 εἶσιν,
1477 1267 1545 1294 ἔτιτά
1569 1265 1652 1305 ἄστρα
1679 1277 1826 1306 μικροςρι-

989 1313 1022 1345 νῆ
1048 1311 1109 1347 (δίε)
1133 1311 1159 1338 ἒν
1185 1311 1301 1347 ὁμονοίᾳ
1317 1321 1324 1328 ’
1341 1311 1385 1338 καὶ
1412 1311 1449 1342 ὡς
1471 1311 1532 1342 θεὰς
1548 1311 1710 1348 xum-351.501
1726 1322 1733 1327 ·
1751 1313 1824 1348 ὁμοῧ

990 1354 1213 1392 ἆλλασσο·5μεθα,
1243 1355 1288 1383 καὶ
1318 1356 1388 1392 ὁμοῦ
1419 1356 1564 1392 οἰκοῦμεν,
1593 1356 1659 1383 πότε
1686 1357 1738 1390 τὴν
1770 1361 1823 1384 Λυ-

991 1397 1060 1434 δίαν,
1076 1400 1142 1427 πότε
1154 1400 1199 1427 τὸν
1214 1399 1369 1437 Ὄλυμπον,
1385 1400 1451 1428 πότε
1467 1399 1495 1427 δὲ
1512 1401 1582 1437 μέγα
1597 1399 1661 1436 ὅρος
1680 1409 1687 1415 “
1706 1401 1821 1438 ἐπηρώ-

988 1453 1058 1478 τησα
1083 1442 1111 1470 δὲ
1134 1443 1216 1476 αὑτὰς
1238 1443 1290 1482 ἐγὼ
1319 1447 1453 1481 Sallep.ti
1481 1447 1529 1481 μιᾷ
1555 1445 1662 1481 ἑκάστῃ,
1688 1445 1821 1483 ἠρξάμην

990 1486 1019 1515 δὲ
1048 1489 1100 1515 ἀπὸ
1124 1488 1237 1526 πρώτης
1260 1487 1312 1520 ἓως
1333 1492 1383 1524 τῆς
1404 1486 1538 1526 ἑϐδόμης.
1559 1490 1591 1518 ἹΙ
1615 1490 1714 1526 πρώτη
1742 1489 1796 1528 ἔνρη
1814 1499 1821 1505 ·

991 1533 1060 1571 Ἐγὼ
1077 1533 1180 1569 Ἀπάτη
1206 1533 1274 1570 εἰμὶ,
1300 1534 1405 1568 ἀπατῶ,
1430 1533 1524 1561 πλέκω
1551 1532 1604 1562 ὧδε
1627 1535 1708 1562 κάκεῖ
1725 1545 1732 1551 ·
1753 1534 1826 1572 αἱρέ-

992 1587 1047 1608 σεις
1063 1577 1173 1615 ἐρεθίζω
1190 1587 1196 1594 ·
1212 1577 1273 1605 ἀλλ’
1288 1575 1345 1616 ἔχω
1360 1579 1405 1605 τὸν
1434 1579 1622 1616 καταργοῦντά
1645 1589 1678 1615 με
1704 1578 1822 1617 ἄγγελον

989 1622 1171 1661 Λαμεχάλαλ.
1187 1622 1307 1658 Ὁμοίως
1327 1623 1371 1650 καὶ
1393 1624 1411 1657 ἡ
1437 1622 1547 1661 δευτέρα
1569 1622 1632 1661 ἔφη,
1658 1624 1734 1661 Ἐγώ
1762 1624 1820 1659 εἶμι

989 1668 1005 1701 ἡ
1022 1668 1099 1704 Ἔρις
1117 1676 1123 1683 ·
1141 1664 1196 1705 ἔρις
1212 1667 1267 1704 [καὶ
1283 1665 1338 1705 ἔρις
1357 1669 1411 1694 τῶν
1436 1668 1485 1704 (6)]
1501 1666 1596 1704 ἐρίδων
1614 1677 1621 1684 ο
1639 1667 1715 1706 φέρω
1741 1667 1820 1704 ξύλα,

989 1710 1093 1747 λίθους,
1110 1711 1182 1751 ξίφη,
1199 1712 1231 1739 τὰ
1247 1711 1320 1740 ὅπλα
1338 1722 1389 1749 μου
1413 1714 1462 1739 τοῦ
1476 1711 1562 1740 τόπου
1579 1721 1585 1728 ·
1602 1711 1666 1740 ἀλλ’
1684 1711 1746 1750 ἔχω
1774 1712 1821 1750 ἆγ-

987 1754 1070 1788 γελον
1102 1757 1147 1783 τὸν
1177 1757 1362 1794 καταργοῦντά
1394 1767 1438 1794 με,
1453 1756 1664 1794 Βαρουχιαχήλ.
1693 1757 1820 1792 Ὁμοίως

986 1801 1031 1827 καὶ
1060 1802 1077 1835 ἡ
1107 1800 1184 1838 τρίτη
1215 1799 1265 1839 ἔφη
1283 1801 1375 1839 ’Ἐγὼ
1403 1799 1517 1833 Κλωθὸδ
1546 1800 1697 1837 καλοῦμαι,
1715 1801 1730 1828 ὅ
1764 1801 1823 1828 ἐστι

989 1845 1078 1882 μάχη,
1094 1845 1125 1872 οὐ
1151 1846 1309 1883 σχημάνους
1338 1845 1420 1883 χύσαι
1446 1845 1491 1873 καὶ
1506 1846 1703 1883 περισχεθῆναι
1721 1848 1799 1872 ποιῶ
1815 1855 1822 1860 ·

986 1890 1030 1917 καὶ
1045 1890 1071 1917 τί
1087 1889 1181 1917 πολλὰ
1193 1890 1267 1927 λέγω
1283 1900 1289 1925 ;
1307 1889 1364 1927 ἔχω
1380 1888 1495 1928 ἄγγελον
1508 1890 1554 1917 τὸν
1568 1890 1764 1927 καταργοῦντιὶ
1792 1901 1824 1926 με

985 1934 1148 1972 Μαρμαράθ.
1179 1935 1300 1971 Ὁμοίως
1328 1934 1373 1962 καὶ
1402 1935 1516 1972 τετάρτη
1545 1934 1594 1973 ἔφη
1613 1945 1619 1951 '
1645 1935 1718 1972 Ἐγὼ
1749 1937 1825 1962 ποιῶ

985 1978 1049 2009 τοὺς
1080 1979 1239 2017 ἀνθρώπους
1270 1980 1307 2016 μή
1339 1982 1510 2018 σωφρονεῖν·
1545 1979 1658 2016 μερίζω,
1691 1979 1823 2017 χωρίζω,

987 2023 1157 2061 ἀπομερίζω,
1183 2023 1446 2060 παρακολουθούσης
1477 2034 1523 2060 μοι
1551 2024 1596 2050 καὶ
1623 2027 1673 2059 τῆς
1704 2023 1823 2060 ἔριδος·

987 2067 1155 2106 ἀποχωρίζω
1171 2069 1208 2105 (7)
1225 2067 1307 2106 ἄνδρα
1333 2068 1385 2096 ἀπὸ
1410 2072 1459 2103 τῆς
1485 2067 1626 2106 συγκοίτου
1651 2068 1738 2096 αὐτοῦ
1755 2078 1762 2084 ·
1777 2069 1822 2096 καὶ

987 2112 1066 2140 τέκνα
1091 2113 1143 2140 ἀπὸ
1168 2113 1281 2149 γονέων,
1296 2113 1341 2140 καὶ
1365 2112 1501 2150 ἀδελφοὺς
1524 2113 1576 2140 ἀπὸ
1601 2111 1730 2150 ἀδελφῶν
1749 2123 1757 2129 ·
1776 2115 1822 2141 καὶ

987 2157 1013 2184 τί
1029 2156 1121 2184 πολλά
1136 2157 1209 2195 λέγω
1232 2158 1290 2185 κατ’
1305 2157 1393 2195 tired;
1411 2155 1469 2195 ἒχω
1495 2157 1612 2196 ἄγγελον
1642 2158 1691 2185 τὸν
1721 2169 1823 2196 καταρ-

987 2201 1085 2239 γοῦντά
1116 2212 1168 2238 με,
1198 2203 1244 2229 τὸν
1283 2202 1364 2240 μέγαν
1393 2202 1540 2230 Βαλθιούλ.
1570 2202 1697 2238 Ἧμοίως
1726 2203 1776 2230 καὶ
1806 2205 1823 2237 ἡ

989 2247 1099 2283 πέμπτη
1128 2243 1178 2285 ἔφη
1197 2246 1288 2284 ’Ἐγώ
1319 2246 1377 2283 εἶ’μι
1408 2248 1543 2283 Δύναμις“
1574 2245 1689 2282 δυνάμει
1719 2248 1825 2285 τυράν-

987 2301 1049 2322 νους
1076 2291 1187 2327 ἀνιο-τῶ⁷
1217 2291 1339 2328 βασιλεῖς
1362 2292 1496 2328 καθαιρῶ,
1521 2294 1585 2318 πᾶσι
1613 2294 1674 2323 τοῖς
1705 2292 1826 2320 ὑπεναν-

985 2335 1056 2367 τίοις
1071 2336 1184 2374 παρέχω
1201 2334 1315 2372 δύναμιν
1333 2345 1339 2351 ’
1356 2333 1414 2373 ἔχω
1441 2335 1556 2374 ἄγγελον
1581 2334 1627 2362 τὸν
1649 2339 1824 2374 καταργοῦν-

984 2381 1018 2407 τά
1046 2391 1078 2417 με
1094 2381 1257 2419 Ἀστεραώο.
1275 2379 1396 2417 Ὁμοίως
1421 2381 1465 2407 καὶ
1496 2382 1514 2415 ἡ
1540 2378 1605 2415 ἕκτη
1637 2379 1689 2419 ἔφη
1709 2390 1716 2397 ·
1748 2381 1824 2419 Ἐγώ

986 2425 1042 2460 εἶμι
1059 2424 1165 2461 Πλάνη,
1186 2424 1298 2462 βασιλεῦ
1314 2424 1463 2462 Σολομῶν,
1479 2424 1524 2452 καὶ
1546 2425 1575 2452 σὲ
1601 2423 1629 2452 δὲ
1653 2424 1757 2453 πλανῶ
1786 2427 1824 2457 ὡς

984 2470 1028 2496 καὶ
1045 2471 1083 2506 (8)
1097 2469 1238 2505 ἐπλάνησά
1254 2480 1282 2497 σε
1299 2471 1358 2506 (δίο)
1382 2470 1427 2497 καὶ
1453 2469 1569 2504 ἐποίησα
1593 2469 1753 2504 ἀποκτῆναι
1776 2472 1822 2498 τὸν

984 2513 1101 2553 ἀδελφόν
1131 2524 1201 2541 σου·
1228 2513 1280 2552 ἐγὼ
1313 2514 1410 2542 πλανῶ
1445 2516 1521 2551 ἡμᾶς
1555 2514 1638 2550 (ὑμᾶς
1654 2515 1684 2550 ?)
1716 2516 1822 2554 τάτρους

984 2558 1091 2596 ἔρευνᾷν
1120 2567 1126 2574 ’
1154 2558 1199 2585 καὶ
1234 2557 1376 2596 διορύκτας
1405 2557 1524 2586 διδάσκω
1548 2568 1554 2574 ’
1584 2558 1630 2585 καὶ
1662 2558 1822 2586 ἀποπλανῶ

982 2603 1073 2641 ψυχὰς
1087 2603 1139 2631 ἀπὸ
1155 2602 1244 2639 πάσης
1264 2601 1410 2638 εὐσεϐείας,
1427 2603 1472 2630 καὶ
1495 2601 1575 2641 ἕτερα
1599 2602 1697 2631 πολλὰ
1729 2603 1821 2642 φαῦλα

1014 2762 1052 2798 (8)
1067 2759 1162 2798 Verba
1178 2757 1207 2786 δὲ
1221 2757 1317 2787 πλανῶ
1331 2759 1368 2790 ὡς
1387 2757 1433 2786 καὶ
1449 2759 1480 2787 in
1496 2746 1591 2796 marg.
1611 2767 1762 2796 supremo
1777 2760 1819 2789 in-

979 2796 1057 2826 serta
1071 2796 1218 2833 leguntur.
