1936 3047
105 116 186 146 1329

680 115 978 148 ΤΕΞΤΑΜΕΝἸἭΜ
1001 114 1239 146 SALOMONIS.

1735 115 1815 146 1330

99 180 128 208 ἰν
161 181 235 216 ἐμοί·
252 178 309 218 ἔχω
338 179 366 208 δὶ
390 181 435 208 τὸν
461 181 649 219 καταργοῦντά
680 192 713 218 μι
738 180 855 219 ἄγγελον
879 184 899 210 Ο

1022 181 1070 208 iim
1095 181 1209 216 oportet
1232 181 1260 207 te
1285 179 1428 207 facescere
1449 179 1729 215 concupiscentiam,
1756 179 1814 207 nisi

100 225 180 263 ριήλ.
195 224 314 262 Ὁμοίως
337 225 383 252 καὶ
410 226 427 260 ἡ
451 222 555 262 ἑϐδόμη
586 223 648 264 ἔφη·
667 227 739 264 Ἐγώ
770 225 826 263 εἰμι
851 226 933 254 Κακί-

102 279 164 305 στη·
181 270 227 297 καὶ
252 270 281 297 σὲ
308 268 387 297 αὐτὸν
416 272 491 297 κακῶ
508 279 514 286 ·
532 271 573 298 ὅτι
607 270 744 298 κελευστῶ
770 270 933 308 (κελευσῶῗ)

102 313 263 352 Ἀρτέμιδος
289 312 415 351 δεσμούς·
433 315 450 349 ἡ
477 313 505 342 δὲ
529 313 605 352 ἄχρις
631 326 664 352 με
689 315 783 343 λύσει·
802 314 836 342 δι’
853 315 936 348 αὐτῆς

990 227 1145 254 adversum
1169 233 1216 253 me
1241 224 1419 252 desiderium
1456 224 1607 260 sapientiae
1634 224 1759 261 feceris;
1788 226 1813 254 si

991 271 1057 307 quis
1088 271 1166 298 enim
1197 269 1316 306 sapiens
1345 272 1433 303 esset,
1464 277 1521 298 non
1551 269 1585 297 ad
1616 277 1663 297 me
1692 272 1816 298 verteret

991 324 1124 352 gressus.

101 358 155 397 γάρ
182 369 211 386 σι
230 357 272 386 δεῖ
299 359 397 397 πρᾶξαι
418 360 467 394 τήν
493 359 648 396 ἐπιθυμίαν,
666 359 743 397 (ipsi)
768 360 834 397 [ἒμῆ
856 362 906 397 sic,
923 359 945 387 εἰ
975 360 1043 396 μήῗ]
1067 360 1126 386 κατ’
1152 358 1272 395 interni};
1296 359 1345 393 τήν
1371 357 1516 395 ἐπιθυμίαν
1545 361 1596 393 τῆς
1623 357 1717 397 σοφίας
1733 368 1740 374 “
1771 357 1815 386 ἐὰν

105 404 158 442 γὰρ
173 404 206 438 ἦν
222 414 264 434 τις
281 404 375 442 σοφὸς,
392 403 442 431 οὐκ
456 404 602 442 ἐπιστρέψῃ
617 404 694 442 ἴχνος
707 405 776 443 πρός
794 415 837 442 με.

138 457 209 494 Ἐγὼ
226 456 254 485 δὲ
282 456 422 494 Σολομῶν
450 458 567 489 ἀκούσας
596 459 641 486 καὶ
671 458 810 495 Θαυμάσας
836 459 934 496 ἐσφρά-

101 511 166 538 γισοι
195 501 276 533 αὐτὰς
302 501 328 530 ἐν
357 505 397 538 τῷ
423 501 600 539 δακτυλιδίῳ·
616 503 661 530 καὶ
686 502 780 538 ἐπειδὴ
805 503 932 531 τα-ὂτοκαι

101 546 258 582 (etaiam,
278 546 405 574 ἒκέλιυσα
434 547 516 578 αὐτὲις
547 547 669 585 ὀρύσσειν
695 548 760 578 τοὺς
791 547 934 584 θιμελίους

99 592 149 617 τοῦ
174 593 238 618 ναοῦ
263 593 312 618 τοῦ
337 593 414 618 Θεοῦ’
431 590 487 618 ἐπεὶ
511 590 665 623 διακοσίους
690 593 861 627 πεντήκοντα
880 592 933 627 πή-

102 643 164 671 χεις
188 635 222 669 ἦν
247 635 278 662 τὸ
305 639 413 671 μῆκος·
440 634 527 674 ἴφησα
550 635 578 663 δὲ
601 636 684 668 αὐτὰς
711 636 836 668 εὐτόνους
868 637 933 663 εἶναι

101 678 147 707 καὶ
175 681 273 710 κοινῶς
301 680 466 717 γογγύταται
494 679 601 708 τελέσαι
631 681 665 708 τὰ
686 680 863 713 κελευσθέντα
887 680 934 708 αὐ-

99 726 160 754 ταῖς
185 721 398 761 κατηργάζοντο.
424 725 492 761 Ἐγὼ
522 723 550 752 δὲ
579 725 715 762 Σολομῶν
746 724 859 760 δοξάσας
886 725 933 752 τὸν

102 767 215 805 Κύριον,
244 767 372 796 ἐκέλευσα
399 769 526 807 παρεῖναί
566 780 614 806 μοι
646 767 736 807 ἕτερον
778 768 931 806 δαιμόνιον,

102 812 153 839 Καὶ
177 812 346 850 προσενέχθη
377 823 423 849 μοι
458 812 599 850 ’δαιμόνιον
631 813 773 850 ἅνθρωπος
804 812 876 851 ἔχων
901 813 935 841 τὰ

101 856 189 885 πάντα
219 856 304 894 μέλη,
333 857 468 896 ἀκέφαλος
497 857 526 886 δέ
542 868 549 875 '
566 858 641 895 κάγὼ
669 857 734 886 ἰδὼν
751 859 825 886 εἶπον
840 858 914 894 αὐτῷ
925 860 930 866 ’

1024 459 1084 494 Ego
1099 458 1236 487 Salomon
1253 458 1375 486 audiens
1391 459 1419 486 et
1445 457 1606 492 admirans,
1631 456 1745 493 signavi
1765 466 1814 486 eas

989 503 1110 537 annulo,
1127 505 1155 530 et
1170 503 1276 530 deinde
1291 502 1393 538 quales
1404 505 1496 535 erant,
1516 501 1590 537 iussi
1607 504 1639 528 ut
1654 501 1814 529 effoderent

989 548 1182 575 fundamenta
1198 547 1302 583 templi
1319 547 1458 583 quoniam
1479 547 1524 574 bis
1550 548 1666 573 centum
1683 547 1712 573 et
1725 546 1812 581 quin-

989 593 1131 628 quaginta
1155 592 1320 620 cubitorum
1348 593 1409 619 erst
1432 591 1605 627 longitudo;
1626 590 1698 618 dixit
1713 593 1812 618 autem

989 645 1038 665 eus
1055 637 1192 665 robustas
1207 645 1290 670 esse;
1308 638 1337 664 et
1352 636 1462 672 pariter
1485 637 1704 663 murmurantes
1732 635 1813 670 operi

989 682 1151 716 instabant,
1166 681 1296 716 utjussa
1315 681 1497 717 perﬁcerent.
1514 680 1573 716 Ego
1590 679 1727 708 Salomon
1745 679 1810 707 lau-

989 726 1063 754 dans
1078 726 1171 754 Deum
1187 725 1310 762 prtecepi
1326 727 1358 753 ut
1371 725 1487 753 adesset
1500 724 1573 752 mihi
1589 724 1665 752 alius
1681 725 1810 758 damon;

989 773 1016 799 et
1031 771 1161 798 oblatum
1178 773 1223 798 est
1236 770 1308 797 mihi
1324 769 1514 804 dzemonium,
1526 769 1614 797 homo
1629 769 1741 797 habens
1752 777 1812 796 om~

989 816 1038 843 nia
1061 815 1204 848 membra,
1221 816 1272 842 sed
1297 813 1474 850 acephalus;
1500 816 1529 841 et
1553 822 1605 850 ego
1621 814 1722 841 videns
1751 813 1810 841 dixi

988 860 1015 888 ei
1033 868 1039 887 :
1057 860 1157 888 lndica
1173 859 1245 887 mihi
1262 860 1328 895 quis
1344 859 1395 887 sis.
1413 859 1465 891 Qui
1482 858 1542 887 ait:
1561 857 1741 886 Daemonium
1757 866 1809 886 ex-

101 903 171 939 Λέγε
191 912 238 938 μοι
255 902 286 929 σὺ
308 902 348 933 τίς
371 903 403 931 εἶ.
420 903 451 931 Ὁ
477 902 506 930 δὲ
529 903 611 932 εἴπιν.
629 903 775 939 Δαιμόνιόν
799 902 867 940 εἶμι.
883 905 899 930 Ε

1022 907 1068 932 sto.
1094 905 1129 932 Et
1158 904 1215 932 dixi
1234 913 1240 933 :
1256 904 1342 936 Quis!
1370 903 1424 936 Qui
1441 903 1591 938 respondit
1612 903 1671 939 Ego
1695 902 1808 930 Invidia.

101 957 152 973 πον
179 945 207 973 δὲ
225 946 310 982 αὐτῷ.
328 946 438 981 ΤίςςὈ
467 945 496 974 ὃὶ
521 946 582 985 ἔφη.
611 947 683 985 Ἐγὼ
701 947 838 984 καλοῦμαι
862 946 931 974 Φθό-

100 1000 170 1021 νος·
198 990 250 1028 ἐγὼ
291 991 341 1028 γὰρ
379 990 498 1030 κεφαλὰς
533 990 622 1026 ἡδέως
662 991 813 1026 κατισθίω,
845 991 930 1019 θέλων

101 1034 210 1072 ἐμαυτῷ
237 1035 358 1074 κεφαλὴν
383 1037 624 1073 περιποιήσασθαι,
651 1037 696 1063 καὶ
733 1035 764 1063 οὗ
792 1035 930 1074 χορτάζω,

100 1079 228 1116 ἐπιθυμῶ
257 1078 286 1107 δὲ
309 1081 432 1119 κεφαλὴν
459 1082 588 1116 τοιαύτην
612 1079 696 1119 ἔχειν,
727 1079 784 1108 οἵαν
813 1081 857 1108 καὶ
889 1080 930 1108 σύ·

101 1127 189 1152 Ταὗτα
218 1123 335 1155 ἀκούσας
365 1124 417 1163 ἐγὼ
447 1124 584 1161 Σολομῶν
614 1125 760 1164 ἐσφράγισα
789 1125 864 1160 αὒτὸ,
889 1124 932 1152 ἐκ·

101 1168 190 1199 τείνας
218 1169 268 1203 τὴν
297 1169 377 1207 ’χεῖρά
409 1180 461 1206 μου
485 1170 553 1197 κατᾶ
575 1172 624 1197 τοῦ
646 1171 762 1205 στήθους
777 1171 871 1206 αὑτοῦ,
886 1170 932 1197 καὶ

104 1211 274 1248 ἀνεπήδησεν
291 1213 304 1240 ὁ
321 1212 425 1250 δαίμων
455 1214 500 1241 καὶ
529 1213 636 1252 ἔρριψεν
662 1214 768 1249 ἑαυτὸν,
792 1215 837 1242 καὶ
857 1213 933 1252 ἐγόγ-

101 1268 179 1296 γυσεν
205 1257 302 1292 εἰπὼν,
318 1257 416 1295 Οἵμοι,
433 1261 486 1286 ποῦ
510 1259 647 1297 πάρειμις
675 1259 698 1286 ὧ
723 1258 845 1297 προδότα
870 1259 932 1296 Ὀρ-

103 1301 157 1336 νία,
174 1301 204 1329 οὗ
236 1301 340 1339 βλέπω.
358 1306 445 1341 ’Έφην
472 1301 500 1330 δὲ
526 1303 600 1339 αὐτῷ
620 1303 672 1340 ἐγὼ
701 1302 848 1339 Σολομὼν·
866 1303 932 1341 Atys

107 1356 153 1382 μοι
177 1347 228 1384 γὰρ
253 1347 334 1378 πόοιν
362 1346 482 1385 βλέπεις.
499 1348 529 1376 Ὀ
555 1346 583 1375 δὲ
602 1346 666 1386 ἔφη,
693 1348 741 1375 Διὰ
764 1350 817 1375 τῶν
838 1349 930 1379 παθῶν

108 1401 172 1426 μου.
189 1391 271 1428 Κάγὼ
298 1391 342 1418 οὗν
365 1392 500 1428 Σολομῶν
525 1393 574 1426 τὴν
598 1391 696 1420 ἄνοδον
711 1396 762 1427 τῆς
777 1396 870 1430 φωνῆς
885 1392 933 1420 αὖ-

106 1435 154 1462 τοῦ
181 1435 310 1469 ἀκούσας,
335 1436 380 1463 καὶ
410 1435 498 1464 θέλων
527 1435 708 1474 ιύδηλότερον
735 1437 839 1473 μαθεῖν,
869 1436 934 1472 ἔπη·

108 1480 219 1516 ρώτησα
247 1479 338 1513 αὑτὸν,
370 1481 451 1508 Πόθεν
482 1479 594 1516 λαλεῖς;
625 1479 675 1518 ἔφη
706 1480 734 1508 δὲ
763 1490 824 1517 μοι’
851 1481 933 1518 Ἐγὼ,

111 1523 221 1561 βασιλεῦ
239 1523 385 1561 Σολομῶν,
403 1524 476 1556 ὅλως
492 1526 568 1563 φωνὴ
594 1525 662 1560 εἰμί,
679 1524 792 1552 πολλῶν
816 1525 866 1564 γὰρ
890 1526 934 1552 ἀν-

983 957 1070 977 vocor
1085 958 1091 983 ;
1108 948 1204 984 capita
1219 949 1297 976 enim
1310 948 1441 984 jucunde
1456 947 1588 982 comedo,
1603 947 1703 975 volens
1719 946 1805 974 mibi-

986 995 1046 1021 met
1060 995 1147 1029 caput
1163 993 1303 1029 praestari.
1326 995 1355 1020 et
1380 1001 1437 1020 non
1463 992 1567 1026 satior;
1593 991 1725 1019 desidero
1753 999 1806 1018 au-

986 1041 1045 1066 tem
1062 1037 1119 1066 tale
1146 1040 1233 1073 caput
1258 1037 1376 1071 habere,
1393 1036 1480 1072 quale
1495 1038 1524 1064 et
1540 1039 1581 1063 tu.
1597 1037 1664 1064 Haec
1684 1035 1808 1064 audiens

986 1091 1040 1119 ego
1055 1082 1193 1110 Salomon
1210 1081 1319 1118 signavi
1336 1090 1415 1114 eum,
1431 1081 1591 1109 extendens
1605 1088 1726 1108 manum
1748 1088 1810 1107 me-

987 1136 1033 1155 am
1050 1127 1079 1155 in
1096 1129 1197 1163 pectus
1213 1127 1294 1163 ejus;
1311 1126 1437 1162 prosiliit
1452 1126 1577 1160 daemon,
1593 1127 1621 1153 et
1636 1133 1667 1153 se
1682 1124 1812 1161 praecipi-

986 1174 1045 1200 tem
1062 1172 1159 1205 dabat,
1176 1174 1204 1199 et
1228 1171 1373 1207 ingemuit
1388 1171 1489 1198 dicens
1506 1178 1513 1198 :
1530 1170 1607 1198 Eheu
1622 1170 1628 1198 l
1658 1169 1708 1197 ubi
1723 1168 1809 1197 sum!

988 1225 1004 1244 ο
1020 1216 1151 1252 proditor
1164 1216 1263 1250 Arnia,
1280 1215 1381 1243 lumen
1397 1214 1522 1250 perdidi.
1539 1214 1603 1242 Dixi
1628 1214 1653 1241 ei
1679 1222 1732 1250 ego
1758 1214 1811 1241 Sa-

987 1261 1085 1289 lomon
1103 1269 1109 1288 :
1127 1261 1178 1288 Dic
1193 1259 1270 1288 enim
1285 1259 1355 1287 mihi
1373 1259 1449 1287 unde
1464 1259 1563 1286 videas
1575 1258 1589 1286 ?
1604 1258 1658 1290 Qui
1677 1260 1718 1285 ait
1734 1266 1740 1284 :
1759 1258 1811 1285 Per

987 1313 1094 1333 sensus
1109 1313 1199 1333 meos.
1217 1307 1276 1341 Ego
1291 1304 1381 1340 igitur
1399 1303 1535 1331 Salomon
1552 1302 1662 1330 inviam
1678 1303 1742 1338 ejus
1757 1311 1808 1330 vo-

988 1359 1050 1378 cem
1068 1350 1201 1382 audiens,
1213 1354 1240 1377 et
1255 1349 1355 1377 volens
1378 1348 1566 1376 manifestius
1581 1348 1704 1381 discere,
1716 1347 1809 1375 intor-

988 1395 1083 1431 rogavi
1100 1403 1167 1423 eum
1185 1403 1192 1422 :
1209 1394 1291 1422 Unde
1307 1393 1457 1429 loqueris?
1471 1394 1506 1420 Et
1520 1392 1561 1420 ait
1577 1401 1583 1420 :
1600 1392 1672 1428 Ego,
1689 1400 1738 1420 rex
1754 1391 1806 1419 Sa-

988 1439 1100 1473 lomon,
1116 1442 1196 1467 totus
1211 1447 1265 1466 vox
1278 1446 1356 1472 sum,
1373 1437 1535 1465 multorum
1550 1436 1629 1464 enim
1654 1436 1809 1464 hominum

987 1493 1072 1514 voces
1088 1484 1277 1517 haereditavi;
1293 1484 1439 1518 quotquot
1454 1481 1532 1509 enim
1547 1481 1600 1509 viri
1618 1480 1692 1509 muti
1707 1489 1811 1508 vocan-

989 1532 1047 1564 tur,
1064 1530 1169 1557 borum
1185 1537 1237 1565 ego
1253 1528 1350 1564 capita
1363 1526 1494 1555 conclusi
1510 1526 1628 1562 quando
1644 1525 1727 1562 pueri
1743 1533 1812 1553 nas-

110 1568 225 1604 θρώπων
251 1569 341 1605 φωνὰς
363 1569 644 1606 κατεκληρονόμησα·
671 1570 729 1597 ὅσοι
754 1570 806 1608 γὰρ
831 1571 899 1608 ἅνθρι

1022 1576 1106 1608 :ntur,
1123 1575 1151 1601 et
1165 1573 1269 1601 diebus
1293 1574 1358 1600 octo
1381 1574 1499 1607 tempus
1525 1571 1724 1607 praeveniunt;
1743 1571 1812 1597 tunc

108 1623 155 1640 ποι
171 1612 319 1641 καλοῦνται
334 1614 437 1653 κωφοὶ,
452 1614 555 1642 τούτων
581 1614 634 1652 ἐγὼ
657 1615 704 1645 τὰς
727 1613 849 1652 κεφαλὰς
872 1626 935 1642 κατ-

108 1657 220 1694 ἑχλησα,
251 1657 296 1686 ὅτε
333 1658 429 1686 παιδία
466 1662 620 1697 γεννῶνται,
652 1660 696 1687 καὶ
723 1661 834 1698 ἡμερῶν
862 1660 934 1687 ὀκτὼ

107 1702 238 1740 φθάσωσι,
255 1703 316 1731 τότε
342 1703 486 1735 κλαίοντος
505 1706 553 1732 τοῦ
568 1703 679 1732 παιδίου
702 1705 799 1736 νυκτὸς
824 1705 934 1742 γίνομαι

106 1749 230 1783 Μιῦμα·
262 1748 307 1775 καὶ
337 1747 382 1775 διὰ
405 1750 454 1781 τῆς
484 1750 576 1786 φωνῆς
607 1748 689 1776 αὐτοῦ
715 1748 932 1786 ἐπεισέρχομαι·

106 1790 221 1828 ὶνορίαις
246 1791 290 1819 καὶ
317 1792 386 1819 πάνυ
413 1791 542 1826 διακονῶ,
567 1793 610 1820 καὶ
635 1792 666 1819 τὸ
696 1793 850 1829 συνάντημά
882 1803 934 1830 μου

108 1832 240 1872 βλαϐερόν
268 1835 349 1863 ἐστιν·
372 1836 417 1863 καὶ
445 1836 544 1866 εὐθέως
571 1834 663 1864 λαϐὼν
687 1839 748 1868 ταῖς
775 1837 853 1874 χερσί
884 1847 933 1874 μο-

106 1879 143 1909 ὡς
174 1879 218 1906 ἐπὶ
245 1879 321 1918 ξίφος
348 1881 398 1914 τήν
427 1880 548 1919 κεφαλὴν
576 1881 732 1917 ἄπο-τέμνω·
750 1881 795 1908 καὶ
824 1891 935 1918 προστι-

107 1925 144 1950 θῶ
164 1923 283 1960 ἐμαυτῷ·
305 1925 350 1951 καὶ
377 1924 464 1956 οὕτως
491 1925 541 1952 ὑπὸ
565 1926 650 1962 πυρὸς
674 1928 722 1952 τοῦ
737 1924 815 1957 ὄντος
828 1925 854 1953 ἐν
871 1925 933 1962 ἐμοὶ

107 1966 151 1994 διὰ
178 1970 228 1995 τοῦ
257 1969 401 2006 τραχήλου
428 1968 657 1997 καταδαπανᾶται·
684 1969 737 2007 ἐγὼ
766 1969 823 2006 εἶμι
849 1970 863 1997 ὁ
885 1971 934 2002 τὰς

105 2012 242 2048 πηρώσεις
274 2013 322 2044 τὰς
359 2013 481 2051 μεγάλας
516 2014 560 2041 καὶ
595 2014 792 2052 ἀθεραπεύτους
822 2014 847 2041 ἐν
875 2017 934 2046 τοῖς

108 2056 187 2083 ποσὶν
202 2056 374 2094 ἰπιπὲμπων,
390 2058 435 2085 καὶ
457 2057 524 2094 ἕλκη
548 2058 666 2095 ὲμποιῶ.
684 2059 770 2096 Κάγὼ
797 2058 932 2095 Σολομῶν

105 2100 220 2132 ἀκούσας
242 2103 337 2136 ταῦτα,
353 2102 429 2130 εἶπον
452 2102 537 2139 αὐτῷ·
558 2103 629 2140 Λέγε
655 2114 701 2140 μοι
722 2104 768 2130 οὖν
789 2106 847 2134 πῶς
872 2104 933 2131 ἐπα-

106 2144 168 2182 φίης
196 2146 227 2173 τὸ
255 2148 322 2184 πῦρ,
346 2146 391 2186 ἀφ’
418 2147 455 2174 ὧν
486 2147 658 2184 ἀποπέμπεις
687 2148 711 2184 ἰξ
736 2148 843 2182 atii-Civ;
859 2150 930 2188 Ἔφη

105 2187 133 2217 δὲ
163 2201 210 2227 μοι
237 2191 269 2218 τὸ
296 2190 414 2228 πνεῦμα,
438 2192 507 2220 ’Δπὸ
536 2195 585 2227 τῆς
614 2193 750 2226 ἀνατολῆς
767 2202 774 2209 ·
798 2192 851 2220 ὧδε
879 2193 932 2231 γὰρ

104 2233 181 2262 οὔπω
210 2235 307 2273 εὑρέθη
337 2236 463 2268 κάκεῖνος
484 2234 651 2275 Ἐλόουρίων
680 2237 717 2268 ὡς
747 2237 871 2275 ἐπεύχων
899 2239 930 2265 τὸ

103 2279 169 2306 αὐτὸ
197 2280 241 2306 καὶ
268 2279 422 2318 λυχναψίαν
446 2280 520 2317 αὖτῷ
549 2281 574 2308 οἱ
598 2281 736 2319 ἄνθρωποι
765 2281 930 2309 ἐπιτελοῦσι·
947 2268 970 2301 D

103 2323 227 2350 κάκείνου
241 2325 272 2352 τὸ
297 2323 392 2362 ὅνωμα
412 2327 473 2363 (sic)
489 2336 498 2354 :
513 2340 554 2354 =
575 2324 674 2363 ὄνομα)
698 2325 891 2354 ἐπικαλοῦνται
906 2327 931 2353 οἱ

105 2367 171 2395 ἔπτὰ
203 2367 331 2404 δαίμονες
375 2369 489 2398 ἐνώπιόν
530 2380 606 2407 μου·
635 2371 759 2402 κάκεῖνος
793 2371 931 2407 θεραπεύει

104 2411 212 2443 αὐτοῦς.
238 2414 321 2441 Εἶπον
352 2412 381 2441 ὃὶ
410 2415 493 2450 αὐτῷ’
516 2414 583 2443 Εἷπὲ
612 2426 658 2451 μοι
683 2415 715 2442 τὸ
737 2413 824 2452 ὄνομα
839 2415 931 2443 αὐτοῦ’

103 2456 134 2484 Ὀ
152 2455 180 2484 δὲ
195 2454 258 2494 ἔφη·
277 2457 316 2486 Οὐ
332 2457 450 2495 δύναμαί
467 2469 508 2486 σοι
525 2459 626 2486 εἷπεῖν⁵
644 2459 688 2487 ἑὰν
713 2460 766 2498 γὰρ
792 2459 861 2488 εἴπω
885 2460 932 2487 αὖ·

103 2504 151 2529 τοῦ
175 2502 207 2529 τὸ
245 2501 345 2540 ὄνομα,
372 2504 555 2542 ἀθεράπευτον
594 2504 710 2540 ἐμαυτὸν
748 2507 838 2532 ποιῶ·
870 2504 933 2533 ἀλλ’

104 2544 203 2578 ἐκεῖνος
229 2545 317 2579 ἐλθὼν
347 2547 390 2575 ἐπὶ
418 2547 483 2575 αὐτὸ
510 2549 541 2576 τὸ
569 2546 668 2585 ὄνομα.
686 2549 735 2576 Καὶ
750 2551 834 2577 ταῦτα
850 2549 933 2577 ἀκού-

105 2600 149 2621 σας
174 2590 226 2628 ἒγὼ
256 2591 391 2628 Σολομῶν
422 2593 496 2620 εἷπον
526 2592 622 2628 αὐτῷ·
652 2593 720 2621 Εἰπὲ
737 2604 783 2629 μοι
808 2593 853 2621 οὖν
882 2594 934 2621 ὑπὸ

989 1620 1135 1648 clamante
1149 1617 1282 1654 puerulo,
1300 1617 1336 1645 ﬁo
1352 1616 1486 1653 spiritus,
1512 1618 1541 1643 et
1557 1623 1608 1652 per
1630 1623 1731 1642 vocem
1751 1615 1814 1650 ejus

990 1663 1142 1697 subintro;
1166 1662 1275 1690 ﬁnibus
1304 1664 1403 1689 custos
1432 1660 1572 1697 invigilo,
1612 1662 1641 1688 et
1674 1667 1814 1687 occursus

990 1716 1073 1736 meus
1084 1708 1188 1735 noxius
1202 1716 1208 1740 ;
1225 1709 1252 1734 et
1267 1705 1324 1733 cito
1340 1705 1485 1741 arripiens
1501 1705 1649 1739 manibus,
1664 1703 1745 1731 velut
1762 1711 1812 1730 en-

989 1761 1020 1781 se
1036 1754 1124 1788 caput
1140 1753 1273 1787 amputo,
1289 1753 1318 1778 et
1332 1749 1543 1786 superimpono
1557 1748 1648 1783 mihi;
1663 1750 1692 1776 et
1707 1748 1750 1776 sic
1776 1747 1812 1775 ab

988 1797 1056 1833 igne
1083 1798 1180 1824 stante
1205 1795 1234 1822 in
1262 1803 1308 1822 me
1335 1803 1386 1830 per
1410 1793 1519 1822 collum
1540 1793 1739 1825 consumitur;
1757 1799 1810 1827 ego

989 1850 1055 1869 sum
1071 1841 1119 1876 qui
1135 1840 1270 1868 lmsiones
1292 1847 1415 1874 magnas
1440 1840 1468 1866 et
1493 1837 1673 1865 insanabiles
1686 1836 1810 1873 pedibus

989 1885 1123 1920 immitto,
1138 1887 1166 1912 et
1181 1884 1280 1912 ulcera
1296 1884 1379 1911 facio.
1396 1883 1430 1910 Et
1444 1891 1497 1918 ego
1512 1882 1649 1910 Salomon
1675 1881 1810 1916 audiens,

988 1930 1047 1958 dixi
1076 1929 1126 1959 ei:
1162 1928 1262 1957 Indica
1286 1927 1358 1955 mihi
1387 1927 1475 1962 igitur
1510 1926 1655 1962 quomodo
1692 1925 1811 1953 emittas

987 1975 1085 2011 ignem
1100 1983 1107 2008 ;
1124 1983 1140 2001 a
1155 1973 1264 2009 quibus
1279 1972 1420 2000 amandes
1436 1971 1518 1998 illud.
1535 1971 1570 1998 Et
1593 1971 1634 1998 ait
1662 1969 1785 2005 spiritus
1803 1978 1809 1997 :

987 2019 1029 2046 Ab
1041 2018 1157 2046 Oriente
1174 2026 1181 2045 :
1198 2017 1244 2045 hic
1259 2017 1337 2044 enim
1355 2016 1486 2044 nondum
1502 2015 1640 2042 inventus
1655 2016 1700 2042 est
1714 2013 1812 2042 elbou-

988 2063 1051 2090 rion
1074 2061 1222 2098 (nebulo?)
1250 2061 1315 2094 iste,
1332 2060 1418 2096 quasi
1435 2061 1471 2088 de
1487 2060 1541 2087 hoc
1557 2059 1621 2095 ipso
1637 2067 1669 2087 se
1682 2058 1812 2094 jactans,

987 2108 1033 2135 cui
1050 2108 1156 2135 festum
1171 2106 1358 2134 lucernarum
1375 2104 1558 2133 accessionis
1573 2103 1744 2140 persolvunt
1759 2102 1811 2130 ho-

987 2151 1082 2180 mines
1099 2160 1106 2179 :
1122 2151 1207 2186 cujus
1227 2158 1332 2178 nomen
1348 2149 1485 2177 invocant
1498 2150 1610 2184 septem
1623 2147 1746 2183 spiritus
1761 2155 1810 2174 co-

986 2204 1049 2223 ram
1066 2203 1121 2229 me,
1135 2198 1164 2223 et
1178 2195 1240 2231 ipse
1257 2195 1389 2222 medetur
1403 2194 1454 2222 eis.
1469 2193 1533 2221 Dixi
1548 2193 1575 2221 ei
1592 2201 1598 2220 :
1615 2192 1715 2220 Indica
1736 2191 1809 2218 mibi

986 2248 1092 2268 nomen
1114 2240 1187 2274 ejus.
1217 2239 1271 2271 Qui
1297 2239 1339 2267 ait
1367 2238 1431 2267 Non
1460 2246 1581 2273 possum
1610 2236 1758 2270 indicare;
1783 2235 1808 2263 si

985 2285 1062 2313 enim
1087 2284 1185 2312 dixero
1210 2291 1316 2311 nomen
1341 2283 1417 2318 ejus,
1433 2281 1627 2310 insanabilem
1652 2289 1699 2308 me
1724 2279 1807 2315 facio,

986 2332 1016 2356 et
1045 2329 1099 2356 iste
1124 2328 1205 2356 venit
1220 2328 1256 2355 ad
1283 2327 1382 2363 ipsum
1406 2334 1523 2354 nomen.
1546 2326 1580 2353 Et
1601 2325 1662 2352 haec
1685 2324 1808 2352 audiens

986 2382 1038 2409 ego
1063 2372 1199 2400 Salomon
1227 2371 1285 2399 dixi
1309 2371 1358 2400 ei:
1376 2372 1507 2407 Loquere
1530 2370 1631 2406 igitur,
1648 2377 1699 2405 per
1720 2376 1807 2404 quem

986 2417 1123 2453 angelum
1149 2417 1297 2452 impotens
1323 2415 1461 2444 efﬁciaris
1485 2417 1528 2442 tu.
1552 2413 1603 2442 Ille
1618 2415 1716 2441 autem
1733 2421 1740 2440 :
1757 2413 1810 2440 Per

986 2462 1112 2497 ignitum
1129 2461 1238 2497 fulgur,
1255 2460 1305 2488 ait.
1332 2460 1368 2488 Et
1391 2461 1548 2496 postquam
1577 2457 1696 2486 adoravi
1711 2456 1810 2485 Domi-

987 2514 1058 2534 num
1072 2506 1164 2533 Deum
1194 2504 1294 2538 Israel,
1307 2503 1384 2540 jussi
1408 2506 1441 2531 ut
1465 2503 1494 2530 in
1518 2503 1720 2530 observatione
1735 2502 1812 2529 esset

988 2558 1078 2586 super
1091 2549 1253 2583 Beelzebul,
1270 2548 1437 2584 usquedum
1452 2547 1565 2575 clamor
1590 2546 1656 2574 festi
1672 2553 1811 2581 superve-

989 2595 1086 2628 niret;
1103 2596 1131 2621 et
1146 2593 1282 2621 mandavi
1299 2595 1330 2620 ut
1345 2592 1462 2620 adesset
1477 2591 1546 2618 mihi
1563 2591 1640 2618 alius
1661 2590 1792 2626 spiritus.

103 2634 318 2682 Fotouﬂa’tvvtleo
333 2639 455 2675 καταργῇ
469 2636 518 2682 cii;
539 2638 568 2666 Ὁ
586 2635 625 2671 δὲ,
642 2637 691 2665 Διὰ
704 2641 754 2672 τῆς
770 2637 894 2676 ἐμπύρου
909 2639 1050 2675 ἀστραπῆς
1067 2635 1128 2677 ἔφη.
1145 2637 1195 2664 Καὶ
1221 2637 1411 2674 προσκυνήσας
1433 2635 1485 2672 ἐγὼ
1513 2635 1604 2672 Κυρίῳ
1627 2636 1668 2670 τῷ
1691 2635 1748 2668 Θεῷ
1761 2633 1810 2659 τοῦ

112 2679 223 2716 Ισραήλ,
241 2680 368 2709 ἐκέλευσα
382 2681 461 2709 αὑτὸν
487 2681 512 2709 ἐν
527 2683 643 2720 τηρήσει
659 2682 726 2710 εἶναι
739 2682 782 2710 ἰπὶ
797 2685 844 2711 τοῦ
860 2681 1027 2718 Βεσλζεϐούλ
1040 2693 1046 2700 ’
1066 2683 1164 2721 μέχρις
1181 2681 1244 2710 ὅτου
1266 2680 1308 2717 ἷῖιιξ
1324 2682 1382 2718 (sic)
1397 2679 1591 2717 παραγένηται.
1606 2679 1655 2707 Καὶ
1680 2677 1809 2705 ἐκέλευσα

103 2725 228 2762 παρεῖναί
245 2736 292 2762 μοι
307 2724 398 2764 ἕτερον
413 2725 566 2763 δαιμόνιον.

138 2777 192 2805 Καὶ
207 2777 277 2814 ἦλθε
292 2779 346 2818 πρὸ
361 2779 510 2818 προσώπου
527 2789 579 2817 μου
593 2778 678 2815 κύων,
692 2780 723 2809 τὸ
742 2782 840 2819 σχῆμα
855 2779 927 2818 ἔχων

1020 2780 1054 2809 Et
1081 2780 1161 2810 venit
1185 2780 1216 2809 in
1245 2780 1403 2817 conspectu
1428 2785 1493 2807 meo
1516 2776 1607 2811 canis,
1630 2774 1727 2812 specie
1741 2782 1806 2804 ma-
