1936 3047
112 133 188 163 1331

593 129 793 161 ΑΡΡΕΝΒΙΧ
814 129 865 158 AD
889 126 1119 159 MICHAELEM
1145 129 1337 162 PSELLUM.

1745 130 1834 161 1332

112 206 201 234 gnua,
218 199 247 226 et
261 196 380 225 locutus
399 198 444 224 est
463 204 532 224 voce
549 204 656 231 magna
670 195 771 224 dicens
783 203 790 222 :
802 196 869 227 Ave,

1069 215 1076 228 ,
1092 194 1136 221 καὶ
1163 193 1284 230 ἐλάλησε
1312 197 1389 234 φωνῇ
1421 195 1537 233 μεγάλῃ,
1553 196 1598 223 καὶ
1627 195 1831 232 εἶπεν,Χαῖρε¹

112 243 190 269 mine
206 250 255 269 rex
267 241 414 269 Solomon.
436 241 621 276 Stupef‘actus
649 249 702 276 ego
727 239 864 268 Salomon
880 237 938 265 dixi

113 287 139 314 ei
156 295 162 314 :
181 286 250 320 Quis
266 295 308 321 es,
325 285 423 313 canisl
440 285 493 317 Qui
509 285 551 312 ait
567 295 575 312 :
591 285 677 312 Canis
694 285 747 312 tibi
770 284 870 311 videor
891 290 938 310 es-

114 339 165 365 se;
182 333 248 358 ante
261 333 289 358 te
315 331 405 363 enim,
423 338 472 357 rex
492 329 639 361 Salomon,
656 337 709 365 ego
733 329 776 355 vir
792 336 870 355 eram
896 327 938 354 fa-

113 376 193 403 ciens
208 375 319 410 injuste
330 375 358 402 in
370 375 479 402 mundo
497 376 599 407 multa;
610 383 700 410 supra
716 374 834 400 modum
846 372 938 399 scien-

113 421 171 448 tias
193 422 342 448 scrutatus
366 428 444 453 sum,
465 423 492 447 et
520 419 630 446 viribus
659 418 796 454 praevalui
814 420 940 445 utastra

112 465 175 492 cos-li
202 465 403 500 possiderem;
420 467 448 492 et
464 464 592 500 plurima
614 464 735 491 deorum
759 471 847 498 opera
875 471 938 497 per-

116 509 169 537 feci
184 521 190 542 ;
207 517 258 545 ego
275 509 353 536 enim
367 508 440 536 lsado
456 509 591 536 homines
615 510 716 536 nostro
741 507 829 535 sideri
852 508 938 534 obse—

112 556 247 589 quentes,
273 555 301 581 et
323 553 353 580 in
380 553 526 581 insaniam
543 555 641 586 verto;
659 555 687 580 et
715 552 869 580 freneticos
885 552 937 579 ho-

112 598 210 626 mines
225 600 344 634 gutture
360 598 477 626 obtineo
492 600 520 626 et
535 598 577 625 sic
593 597 746 629 interﬁcio,
764 596 825 624 Dixi
838 599 936 624 autem

113 642 138 670 ei
154 651 206 678 ego
221 642 381 670 Salomon:
398 642 479 674 Quod
494 644 538 670 est
560 650 665 669 nomen
680 644 763 669 tuum
774 641 788 668 ‘I
802 641 856 673 Qui
873 641 913 668 ait
929 648 936 668 :

115 686 251 714 Baculus.
268 686 303 714 Et
325 686 383 714 dixi
400 687 425 714 ei
439 687 506 718 Quas
522 689 566 714 est
577 686 708 722 operatio
722 686 792 713 tua?
816 687 845 712 et
868 685 937 720 quid

113 733 195 767 potes
211 731 278 758 boni
292 730 404 758 facere?
419 731 453 758 Et
468 731 527 759 ait:
544 731 587 758 Da
602 730 675 758 mihi
691 739 781 758 unum
798 739 831 757 ex
847 730 938 757 servis

113 776 184 808 tuis,
196 777 225 803 et
236 776 379 803 adducam
393 783 458 803 eum
470 775 498 802 in
509 775 571 802 loco
583 775 734 809 montis,et
742 775 895 802 ostendam
912 773 936 801 ei

112 819 242 856 lapidem
259 819 416 855 prasinum
434 819 617 851 ﬂuctnntem,
642 828 698 854 quo
722 818 841 846 ornabis
863 821 936 846 tem-

113 865 195 900 plum
209 863 321 891 Domini
338 863 397 891 Dei.
412 863 476 891 l-liec
492 864 615 891 audiens
631 872 683 899 ego
700 863 847 897 Salomon,
860 863 936 898 jussi

111 911 144 936 ut
159 909 253 936 abiret
267 917 369 936 servus
381 917 465 936 meus
481 917 547 936 cum
562 908 721 942 eo,habens
732 908 875 935 annulum
893 908 933 934 si-

111 953 172 988 gilli
189 953 238 980 Dei
262 961 373 984 secum.
390 955 418 980 et
432 953 490 980 dixi
507 953 532 980 ei
551 962 558 980 :
576 954 667 985 Quem
690 953 744 980 tibi
772 952 934 980 ostenderit

109 997 236 1034 lapidem
253 998 420 1034 prasinum,
436 998 518 1031 signa
534 997 643 1025 annulo
660 998 724 1031 hoc,
737 1000 765 1025 et
779 997 934 1032 diligenter

109 1042 208 1070 locum
224 1041 420 1075 considera,et
433 1041 490 1069 huc
502 1042 663 1069 daemonem
681 1042 775 1069 adduc
800 1041 883 1069 mihi.
899 1041 934 1068 Et

110 1086 239 1114 ostendit
258 1086 283 1113 ei
300 1086 414 1113 daemon
428 1085 555 1122 lapidem
573 1086 741 1121 prasinum,
758 1088 786 1113 et
810 1085 934 1120 signavit

111 1132 228 1163 eum,et
237 1130 360 1158 adduxit
376 1130 449 1158 mihi
464 1131 642 1158 daemonium
658 1139 665 1166 ;
694 1133 723 1158 et
745 1130 857 1158 decrevi
881 1138 933 1166 ego

110 1174 259 1210 Salomon,
270 1175 381 1202 circum
398 1175 520 1210 signans
536 1175 638 1202 ambos
655 1175 781 1208 dextera,
793 1177 824 1202 ut
839 1175 933 1210 capite

111 1221 259 1247 carentem
275 1218 412 1247 similiter
427 1222 455 1246 et
479 1219 557 1247 hunc
577 1228 679 1248 canem
704 1227 844 1254 magnum
868 1219 932 1246 vin-

110 1264 211 1297 cirem,
228 1265 257 1291 et
271 1264 352 1292 canis
368 1263 530 1292 custodiret
541 1264 676 1300 spiritum
688 1264 810 1300 ignitum
822 1267 852 1291 ut
863 1263 934 1291 lam-

111 1309 253 1343 padarum
271 1309 365 1336 lucem
382 1308 428 1336 die
444 1317 476 1336 ac
492 1311 577 1336 nocte
593 1317 643 1344 per
658 1311 759 1345 guttur
784 1310 934 1344 prmstaret

109 1352 313 1380 laborantibus
330 1352 482 1389 operariis.
497 1353 531 1380 Et
546 1353 598 1380 tuli
615 1361 667 1389 ego
688 1353 823 1380 Salomon
839 1361 854 1380 ο
870 1361 932 1380 me-

112 1397 182 1425 tallo
207 1397 263 1425 hoc
292 1397 399 1433 lapidis
427 1398 569 1426 ducentos
598 1398 686 1426 siclos
702 1398 731 1426 in
748 1398 930 1434 superﬁciem

113 1442 224 1476 altaris,
254 1442 393 1470 similiter
420 1451 471 1478 pro
500 1445 582 1478 parte
598 1443 754 1477 anteriori;
772 1445 800 1470 et
815 1451 867 1478 ego
882 1443 932 1470 Sn-

111 1486 209 1514 lomon
226 1488 380 1522 postquam
407 1487 523 1515 laudavi
543 1487 646 1520 Deum,
662 1491 690 1515 et
717 1487 846 1515 conclusi
869 1488 931 1514 the-

111 1539 232 1558 saurum
249 1531 356 1566 lapidis
371 1531 472 1566 hujus,
491 1531 566 1566 iussi
592 1540 710 1559 rursum
727 1534 759 1559 ut
783 1532 930 1559 daemones

109 1583 256 1603 marmora
271 1575 416 1602 crederent
432 1576 466 1602 ad
484 1576 704 1604 aediﬁcationem
722 1584 842 1612 operum
859 1576 928 1611 Dei;

109 1621 139 1647 et
163 1627 229 1647 cum
245 1627 376 1647 orsssem
400 1619 570 1654 Dominum,
587 1628 640 1656 ego
656 1620 793 1647 Salomon
809 1621 933 1648 interro-

111 1663 175 1700 gavi
192 1671 294 1691 canem
313 1672 319 1691 :
337 1663 408 1695 Quis
429 1666 456 1691 te
481 1663 603 1699 angelus
625 1664 816 1700 impotentem
842 1665 933 1693 facit?

111 1708 147 1735 Et
161 1707 202 1735 ait
217 1708 328 1736 daemon
345 1715 352 1735 :
369 1708 494 1744 Magnus
511 1709 620 1736 Brieus.
636 1709 671 1736 Et
686 1709 861 1737 benedicens
878 1712 933 1738 Do-

112 1753 228 1780 minum
246 1751 336 1780 Deum
353 1752 417 1780 cmli
433 1755 462 1780 et
477 1755 558 1780 terra:
571 1754 649 1789 jussi
664 1756 696 1781 ut
723 1756 833 1781 estaret
858 1754 932 1782 alius

111 1796 225 1825 daemon
242 1805 248 1824 :
267 1797 301 1825 Et
315 1796 393 1825 venit
405 1797 433 1824 in
449 1800 606 1832 conspectu
632 1806 696 1825 meo
720 1797 813 1826 leonis
838 1799 933 1826 forma

110 1842 241 1877 rugiens,
255 1843 285 1869 et
300 1844 383 1869 stans
400 1842 550 1877 respondit
563 1841 634 1869 mihi
651 1842 752 1870 dicens
765 1851 771 1870 :
784 1843 852 1877 Rex,
879 1843 931 1871 sub

110 1886 205 1914 forma
220 1885 274 1914 hac
289 1894 378 1921 quam
395 1886 499 1918 habeo,
520 1886 643 1922 spiritus
659 1895 725 1914 sum
741 1887 822 1915 nullo
846 1888 931 1915 modo

109 1930 209 1958 valens
225 1930 394 1966 excogitari;
408 1938 461 1966 ego
485 1930 515 1958 in
536 1939 637 1958 omnes
653 1931 786 1959 homines
802 1931 830 1958 in
855 1941 932 1960 mor-

109 1974 154 2002 bis
178 1975 310 2010 jacentes
331 1975 541 2010 superveniens
571 1975 684 2009 exsilio,
700 1978 728 2003 et
757 1976 932 2010 pertinacio-

109 2027 170 2047 rem
201 2019 274 2046 facio
303 2019 466 2052 hominem,
502 2019 544 2046 ita
572 2021 604 2046 ut
632 2020 826 2055 impossibilia
843 2021 891 2048 {iet
906 2021 932 2048 ei

109 2062 211 2097 diaeta;
228 2061 285 2090 alio
301 2063 414 2098 gaudeo
429 2063 570 2096 honore,o
581 2071 640 2096 rex;
655 2063 816 2091 daemonem
832 2064 931 2099 ejicio;

109 2107 203 2134 habeo
219 2109 317 2134 autem
333 2107 467 2134 subditas
494 2107 567 2134 mihi
584 2107 731 2143 legiones;
757 2109 856 2136 omnia
870 2109 934 2136 loca

109 2159 157 2180 me
172 2159 275 2187 capere
289 2154 425 2187 possunt,
443 2154 471 2179 et
487 2151 575 2179 simul
591 2152 723 2180 omnium
754 2153 932 2181 daemonium

108 2195 253 2232 legionem
270 2204 332 2231 quea
348 2195 421 2223 mihi
437 2196 548 2224 subest.
565 2195 631 2224 Haec
646 2197 769 2225 audiens
785 2205 837 2233 ego
852 2197 931 2225 Salo-

993 236 1069 273 κύριε
1094 238 1206 275 βασιλεῦ
1236 239 1383 277 Σολομῶν.
1412 239 1617 276 Ἐκπληκτικὸς
1646 239 1674 267 δὶ
1702 241 1833 278 γεγονὼς

994 280 1048 318 ἑγὼ
1075 282 1221 319 Σολομῶν,
1238 285 1311 312 ιΐπον
1338 284 1421 321 αὐτῷ·
1438 285 1484 317 Τίς
1509 285 1544 319 εἴ,
1558 285 1651 320 κύωνς
1667 285 1698 313 Ὁ
1723 283 1753 312 δὲ
1775 295 1829 321 μοι

995 325 1056 364 ἔφη’
1076 328 1121 354 Καὶ
1138 327 1210 355 κύων
1226 339 1267 355 σοι
1290 328 1362 356 δοκῶ
1385 330 1464 365 εἶναι,
1480 329 1533 366 πρὸ
1552 330 1603 367 γὰρ
1630 331 1688 365 σοῦ,
1708 328 1830 367 βασιλεῦ

995 370 1141 408 Σολομῶν,
1158 372 1211 410 ἐγὼ
1227 372 1370 411 ἅνθρωπος
1395 372 1481 410 ἥμην,
1498 374 1731 411 κατεργαζόμενος
1758 373 1828 400 ἀθέ-

995 425 1061 451 μιτα
1076 415 1101 442 ἐν
1117 418 1157 451 τῷ
1171 416 1267 454 κόσμῳ
1289 416 1383 445 πολλᾶ
1405 419 1464 450 καθ’
1481 415 1638 456 ὑπερϐολὴν
1663 417 1828 456 φιλολογῆ-

993 470 1040 490 σας
1072 460 1238 499 ὑπερίσχυσα
1267 462 1311 489 καὶ
1340 461 1423 500 ἄστρα
1452 463 1573 500 οὐρανῶν
1600 465 1758 499 κατασχεῖν·
1775 463 1826 489 καὶ

993 504 1105 532 πλείονα
1134 508 1200 537 θεῶν
1230 504 1294 543 ἔργα
1320 507 1510 535 κατεσκεύασα.
1527 507 1598 545 Ἐγὼ
1627 508 1679 544 γὰρ
1705 506 1827 544 βλάπτω

994 549 1152 587 ἀνθρώπους
1166 550 1229 581 τοὺς
1253 550 1292 587 τῷ
1312 553 1392 587 ἡμῶν
1417 551 1507 589 ἄστρῳ
1532 551 1826 589 παρακολουθοῦντας,

992 594 1036 620 καὶ
1063 595 1101 626 εἷς
1126 594 1236 632 ἓξηχίαν
1261 595 1368 632 τρέπων
1386 596 1431 623 καὶ
1455 596 1519 627 τοὺς
1550 598 1750 634 ῳρενητιῶντας
1775 596 1826 623 ἇν-

993 638 1118 675 ορώπους
1144 638 1188 666 διὰ
1210 642 1259 667 τοῦ
1282 640 1416 678 λάρυγγος
1442 643 1544 679 κρατῶ,
1566 641 1611 668 καὶ
1636 640 1721 672 οὕτως
1744 641 1826 668 ἀναι-

993 684 1042 719 ρῶ.
1060 686 1146 721 "Eum
1164 682 1193 711 δὲ
1207 684 1280 720 αὐτῷ
1296 685 1350 722 ἐγὼ
1367 684 1519 722 Σολομῶν·
1532 685 1568 717 Tt
1590 695 1637 712 σου
1661 685 1693 713 τὸ
1712 683 1824 721 ὅνομα;

992 727 1022 755 Ὀ
1039 726 1067 754 δὲ
1093 726 1157 766 ἔφη,
1177 726 1297 759 Ῥάϐδος’
1316 729 1364 757 Καὶ
1394 730 1480 757 εἶπον·
1498 729 1547 757 Καὶ
1575 729 1603 757 τί
1627 741 1674 757 σου
1699 731 1716 764 ἡ
1742 729 1824 767 ἐργα-

993 771 1053 806 σία;
1078 773 1121 799 καὶ
1152 773 1177 799 τί
1206 772 1316 801 δύνασαι
1342 777 1533 812 xui-romam;
1561 775 1591 803 '0
1617 773 1645 802 δὶ
1673 771 1735 813 ἔφη·
1767 774 1822 805 Δός

995 827 1041 853 μοι
1075 815 1214 855 ἄνθρωπον
1250 819 1307 852 σὸν,
1330 819 1375 846 καὶ
1415 819 1546 857 ἆπαγάγω
1579 818 1659 846 αὐτὸν
1687 818 1713 846 ἐν
1740 819 1822 855 τύπῳ

993 861 1084 899 ὅρους,
1101 862 1144 888 καὶ
1171 860 1249 897 δείξω
1273 862 1347 899 αὖτῷ
1376 862 1452 895 λίθον
1481 864 1617 901 πράσυνον
1635 862 1821 899 μετασαλευό-

992 916 1082 942 μενον,
1099 905 1124 934 ἐν
1154 907 1176 943 ᾦ
1203 908 1353 944 κοσμίαεις
1381 908 1427 935 τὸν
1450 909 1512 935 ναὸν
1537 908 1640 946 Κυρίου
1663 910 1711 935 τοῦ
1737 910 1820 936 Θεοῦ.

987 951 1058 988 Ἐγὼ
1080 950 1109 978 δὲ
1133 952 1279 988 Σολομῶν,
1295 952 1411 983 ἀκούσας
1435 955 1528 986 ταῦτα,
1548 951 1662 989 ὑπέταξα
1676 953 1818 990 πορευθῆ-

988 1006 1031 1022 ναι
1047 996 1092 1022 τὸν
1109 995 1215 1031 οίκὲτην
1233 1007 1285 1032 μου
1301 997 1357 1033 ἅμα
1372 996 1455 1033 αὐτῷ,
1471 994 1570 1034 ἔχοντα
1594 995 1738 1024 δακτύλιον
1762 1000 1817 1031 τῆς

989 1039 1135 1078 σφραγῖδος
1161 1043 1210 1067 τοῦ
1239 1043 1315 1076 Θεοῦ,
1347 1042 1405 1077 μετ’
1420 1041 1514 1076 αὑτοῦ,
1540 1041 1584 1068 καὶ
1614 1042 1687 1068 εἶπον
1716 1041 1813 1076 αὐτῷ·

988 1087 1035 1115 ⁸ος
1064 1083 1087 1112 δ’
1117 1084 1146 1112 ἂν
1176 1083 1310 1121 ἀποδείξει
1339 1097 1381 1113 σοι
1406 1086 1453 1113 τὸν
1484 1085 1561 1114 λίθον
1590 1085 1637 1113 τὸν
1664 1081 1817 1122 πράσυνον,

989 1130 1137 1166 σφράγισον
1162 1130 1241 1157 αὐτὸν
1273 1131 1339 1166 μετά
1367 1133 1415 1157 τοῦ
1446 1129 1623 1158 δακτυλιδίου
1646 1130 1757 1164 τούτου,
1770 1130 1817 1157 καὶ

987 1174 1191 1201 κατασκόπασον
1217 1172 1336 1211 ἀκριϐῶς
1368 1175 1414 1202 τὸν
1441 1176 1526 1202 τόπον
1545 1184 1551 1191 ⁵
1581 1174 1626 1202 καὶ
1654 1173 1736 1212 ἄγαγὲ
1768 1185 1818 1210 μοι

987 1218 1034 1245 τὸν
1055 1217 1171 1255 δαίμονα
1197 1218 1300 1251 ἐνθάδε.
1317 1219 1365 1246 Καὶ
1389 1217 1486 1254 ἔδειξεν
1515 1219 1589 1254 αὐτῷ
1605 1219 1618 1246 ὁ
1636 1218 1740 1255 δαίμων
1768 1219 1816 1245 τὸν

988 1263 1120 1299 πράσυνον
1151 1262 1240 1297 λίθον,
1260 1264 1304 1291 καί
1336 1263 1491 1302 ἐσφράγισεν
1513 1263 1606 1300 αὐτὸν,
1631 1263 1677 1290 καὶ
1704 1262 1817 1301 ἤνεγκεν

986 1306 1017 1333 τὸ
1047 1305 1188 1343 δαιμόνιον
1217 1308 1285 1345 πρὸς
1315 1309 1357 1345 μὲ,
1385 1308 1436 1336 Καὶ
1465 1306 1557 1345 ἔκρινα
1583 1307 1636 1345 ἐγὼ
1675 1306 1815 1343 Σολομῶν

987 1355 1199 1389 περισφραγίσας
1236 1352 1298 1383 τοὺς
1335 1350 1383 1379 δύο
1407 1354 1442 1389 τῇ
1485 1352 1557 1388 δεξιᾷ
1584 1352 1630 1379 τὸν
1666 1351 1815 1391 ἀκέφαλον,

987 1395 1091 1432 ὁμοίως
1119 1397 1164 1424 καὶ
1184 1396 1230 1424 τὸν
1255 1396 1321 1423 κύνα
1343 1395 1537 1434 προσδεδὲσθάι
1560 1397 1663 1424 ἐκεῖνον
1689 1396 1735 1423 τὸν
1766 1397 1815 1432 μᾶ-

986 1450 1045 1478 γαν·
1062 1441 1106 1468 καὶ
1132 1441 1180 1468 τὸν
1210 1441 1256 1477 μὲν
1285 1441 1352 1468 κύνα
1377 1443 1469 1479 τηρεῖν
1499 1440 1530 1468 τὰ
1546 1439 1675 1478 διάπυρον
1705 1443 1815 1477 πνεῦμα

986 1486 1023 1516 ὡς
1039 1484 1185 1521 λαμπάδας
1199 1486 1294 1517 νυκτὸς
1310 1485 1355 1513 καὶ
1370 1486 1475 1522 ἡμέρας
1493 1483 1537 1512 διὰ
1559 1487 1609 1512 τοῦ
1633 1485 1736 1521 λαιμοῦ
1751 1486 1813 1521 (sic)

986 1530 1167 1568 παραπίπτειν
1182 1533 1241 1562 τοῖς
1256 1530 1451 1568 ἐργαζυμὲνοις
1464 1530 1612 1567 τεχνίταις.
1624 1530 1675 1558 Καὶ
1690 1530 1744 1567 ἦρα
1759 1530 1814 1566 ἐγὼ

988 1574 1124 1611 Σολομῶν
1143 1574 1172 1602 ἐκ
1185 1577 1234 1602 τοῦ
1252 1574 1389 1611 μετάλλου
1409 1574 1511 1602 ἐκείνου
1539 1577 1589 1602 τοῦ
1617 1574 1694 1607 λίθου
1721 1573 1814 1601 διακο-

989 1620 1063 1650 σίους
1094 1619 1205 1650 σίκλους
1221 1619 1246 1646 ἐν
1263 1622 1320 1651 τοῖς
1344 1620 1508 1657 ἀναφοροῦσι
1533 1622 1581 1647 τοῦ
1608 1619 1812 1655 θυσιαστηρίου,

986 1663 1018 1691 τὸ
1047 1663 1118 1695 εἶδος
1144 1664 1346 1700 ὁμοιούμενον·
1371 1664 1449 1701 κάγὼ
1479 1662 1508 1691 δὲ
1536 1663 1673 1701 Σολομῶν
1701 1663 1814 1699 δοξάσας

988 1708 1088 1745 Κύριον
1116 1709 1162 1735 τὸν
1188 1709 1264 1743 Θεὸν,
1291 1709 1336 1736 καὶ
1378 1707 1550 1746 περικλείσας
1589 1708 1634 1735 τὸν
1677 1708 1812 1746 θησαυρὸν

986 1754 1034 1780 τοῦ
1062 1751 1140 1780 λίθου
1169 1751 1282 1785 ἐκείνου,
1300 1751 1425 1780 ἐκέλευσα
1441 1751 1470 1779 δὲ
1484 1753 1566 1780 πάλιν
1590 1752 1654 1784 τοὺς
1683 1751 1814 1789 δαίμονας

989 1800 1213 1834 μαρμαροκοπεῖν
1252 1797 1290 1827 είς
1317 1797 1366 1828 τὰς
1395 1796 1546 1834 οἰκοδομὰς
1570 1799 1622 1824 τῶν
1652 1795 1737 1835 ἔργων
1763 1799 1813 1824 τοῦ

987 1844 1064 1875 Θεοῦ,
1080 1842 1123 1868 καὶ
1150 1841 1292 1878 εὐξάμενος
1320 1844 1359 1877 τῷ
1388 1842 1479 1879 Κυρίῳ
1504 1841 1557 1879 ἐγὼ
1582 1840 1718 1878 Σολομῶν
1742 1841 1807 1876 ἔπη

987 1886 1098 1922 ρώτησα
1125 1886 1170 1913 τὸν
1200 1885 1277 1920 κύνα,
1295 1886 1368 1922 [Ιοίῳ
1397 1885 1506 1924 ἀγγέλῳ
1529 1888 1652 1924 καταργῇ
1668 1886 1761 1920 σύ;”0
1784 1885 1813 1913 δὲ

988 1928 1092 1967 δαίμων
1106 1928 1167 1969 ἔφη’
1185 1932 1231 1966 Τῷ
1249 1930 1358 1968 μεγάλῳ
1382 1931 1481 1968 Βριέῳ.
1507 1930 1554 1958 Καὶ
1579 1930 1730 1967 εὐλογήσας
1757 1929 1811 1958 Κύ-

988 1985 1045 2013 ριον
1071 1976 1115 2003 τὸν
1145 1976 1209 2003 Θεὸν
1234 1977 1282 2002 τοῦ
1313 1973 1428 2011 οὐρανοῦ
1456 1974 1500 2002 καὶ
1529 1978 1579 2009 τῆς
1607 1978 1669 2012 γῆς,
1685 1974 1812 2002 ἐκέλευσα

987 2020 1112 2055 παρεῖναί
1137 2030 1184 2056 μοι
1213 2018 1304 2057 ἕτερον
1329 2018 1456 2056 δαίμονα·
1473 2019 1517 2046 καὶ
1544 2019 1613 2054 ἦλθε
1634 2019 1687 2057 πρὸ
1702 2020 1812 2056 προσώ-

987 2075 1040 2091 που
1072 2075 1123 2101 μου
1154 2063 1263 2096 λέοντος
1291 2067 1389 2101 σχῆμα
1420 2063 1610 2101 βρυχόμενοςι
1633 2063 1677 2090 καὶ
1707 2063 1812 2095 σταθείς

988 2109 1119 2145 ἀπεκρίθη
1149 2119 1196 2145 μοι
1225 2108 1325 2145 λέγων·
1342 2108 1468 2141 Βασιλεῖ),
1484 2108 1516 2136 τὸ
1546 2108 1593 2144 μὲν
1612 2111 1709 2146 σχῆμα
1731 2109 1811 2135 τοῦτο

987 2153 1002 2181 ὃ
1030 2151 1087 2191 ἔχω
1111 2156 1217 2190 πνεῦμα
1247 2152 1305 2189 εἰμὶ
1333 2151 1464 2189 μηδέλως
1492 2151 1637 2189 δυνάμενον
1667 2156 1810 2187 νοηθῆναι.

988 2198 1060 2235 Ἐγὼ
1090 2197 1115 2225 ἐν
1139 2201 1219 2225 πᾶσιν
1250 2197 1403 2235 ἀνθρώποις
1431 2200 1488 2228 τοῖς
1517 2196 1542 2224 ἐν
1567 2198 1704 2233 νοσήμασι
1732 2207 1811 2224 κατα-

109 2249 189 2273 mon,
202 2240 378 2276 interrogavi
390 2248 456 2268 eum
471 2249 477 2268 :
491 2241 570 2274 Quod
583 2249 690 2269 nomen
703 2242 859 2275 tuum?Qui

1045 2245 1122 2273 Ltvou:
1159 2242 1323 2281 ἐφορμῶμαι
1358 2241 1625 2280 παρεισερχόμενον,
1654 2241 1698 2268 καὶ
1738 2240 1809 2268 ὰνεν-

110 2285 253 2320 Leonifer,
278 2285 343 2312 rath
368 2284 525 2321 (multus?)
551 2293 666 2322 genere.
683 2286 748 2313 Dixi
768 2289 865 2314 autem
879 2287 904 2314 ei
921 2295 928 2315 :

109 2330 260 2362 Quomodo
284 2330 434 2365 impotens
461 2329 515 2357 ﬁas
532 2332 561 2357 tu
588 2338 655 2358 cum
683 2330 795 2366 legione
811 2333 871 2366 tua,
887 2332 931 2359 vel

110 2374 176 2410 quis
191 2377 220 2402 te
234 2375 356 2411 angelus
373 2375 564 2411 impotentem
582 2375 674 2402 facit?
686 2377 720 2402 Et
737 2376 810 2403 dixit
834 2376 906 2403 mihi
924 2385 931 2404 :

110 2419 141 2448 Si
170 2427 275 2447 nomen
305 2419 417 2452 dixero,
448 2427 504 2446 non
533 2419 678 2455 meipsum
708 2420 802 2447 vincio
824 2420 930 2455 solum,

110 2464 160 2491 sed
177 2466 206 2492 et
220 2463 370 2491 subditam
386 2463 460 2491 mihi
476 2463 620 2500 legionem
636 2464 932 2492 damoniorum.Dixi

110 2509 208 2536 autem
226 2507 269 2536 ei:
284 2508 395 2544 Adjuro
411 2511 440 2535 te
464 2516 516 2544 per
545 2515 650 2535 nomen
668 2508 931 2544 DominiSabaotb,

109 2554 142 2580 ut
156 2552 238 2580 dicas
254 2560 312 2588 quo
329 2552 448 2580 nomine
464 2552 613 2588 impotens
629 2553 683 2580 ﬁas
702 2554 734 2579 tu
759 2560 825 2580 cum
851 2556 931 2589 pote-

109 2600 185 2626 state
201 2599 258 2625 tua.
276 2597 311 2625 Et
327 2597 401 2625 dixit
418 2597 491 2625 mihi
508 2606 515 2625 :
534 2598 663 2633 Spiritus
679 2598 726 2633 qui
740 2606 791 2633 pro
817 2599 932 2635 magnis

106 2642 178 2671 viris
194 2641 287 2670 multa
302 2650 444 2678 passurus
459 2644 504 2670 est
527 2642 564 2670 ab
579 2642 761 2678 hominibus,
778 2643 863 2678 cujus
878 2653 931 2672 no-

988 2286 1096 2324 δότερον
1112 2289 1184 2314 ποιῶ
1199 2287 1243 2313 τὸν
1270 2287 1423 2323 ἄνθρωπον,
1439 2287 1475 2317 ὡς
1502 2287 1538 2322 μὴ
1561 2284 1707 2320 δυνηθῆναι
1737 2285 1809 2320 αὐτῷ

986 2333 1034 2367 τὴν
1053 2331 1166 2359 δίαιταν.
1182 2332 1261 2368 Ἔχω
1279 2329 1307 2357 δὶ
1321 2331 1366 2357 καὶ
1383 2330 1474 2368 ἑτέραν
1500 2329 1576 2365 δόξαν
1602 2330 1668 2367 ἐγὼ,
1686 2329 1808 2367 βασιλεῦ’

988 2375 1118 2412 δαίμονας
1147 2373 1275 2403 ἐκϐάλλω
1294 2385 1300 2391 ·
1331 2373 1389 2412 ἔχω
1419 2373 1448 2402 δὶ
1478 2373 1542 2404 τοὺς
1577 2374 1811 2412 ὑποτεταγμένους

989 2431 1035 2457 μοι
1060 2420 1203 2457 λεγεῶνας·
1221 2418 1341 2447 δεκτικὸν
1370 2420 1407 2456 (9)
1438 2420 1499 2456 (sic)
1529 2418 1585 2455 εἰμὶ
1613 2421 1671 2449 τοῖς
1698 2418 1806 2449 τόποις·

987 2465 1043 2500 ἅμα
1060 2463 1089 2491 δὲ
1103 2467 1160 2495 τοῖς
1177 2466 1240 2491 πᾶσι
1257 2462 1369 2500 δαίμοσι
1385 2466 1444 2494 τοῖς
1456 2465 1509 2490 τῶν
1527 2463 1571 2490 ὑπ’
1586 2462 1634 2499 ὲμὶ
1659 2462 1810 2500 λεγεώνων.

985 2509 1056 2547 Ἐγὼ
1072 2507 1099 2536 δὶ
1116 2508 1262 2545 Σολομῶν,
1279 2508 1394 2538 ἀκούσας
1422 2510 1515 2544 ταῦτα,
1533 2506 1694 2545 ἐπερώτησα
1721 2507 1810 2535 αὐτόν.

986 2553 1019 2582 Τί
1036 2564 1083 2581 σου
1097 2554 1128 2581 τὸ
1144 2552 1241 2590 ὄνομα·
1255 2554 1268 2580 ὁ
1285 2551 1313 2579 δὶ
1328 2551 1378 2592 ἔφη
1394 2552 1592 2591 Λεοντοφόρονθ
1611 2551 1659 2589 ῥὰθ
1674 2554 1714 2588 τῷ
1729 2551 1810 2588 γένει·

986 2599 1069 2626 Εἶπον
1086 2597 1114 2625 δὶ
1131 2598 1213 2634 αὐτῷ·
1231 2599 1291 2628 Πῶς
1307 2599 1428 2634 καταργῇ
1450 2596 1481 2624 σὺ
1512 2596 1579 2633 μετᾶ
1602 2599 1652 2630 τῆς
1678 2595 1812 2632 λεγεῶνός

987 2654 1045 2679 σου,
1075 2644 1093 2679 ἢ
1119 2646 1199 2671 ποῖον
1226 2640 1338 2680 ἄγγελον
1370 2642 1431 2678 (πίε)
1463 2641 1509 2668 τὸν
1550 2639 1734 2679 καταργοῦντά
1771 2650 1809 2669 σε.

144 2750 218 2788 (ΨΕ
236 2751 295 2788 vet,
319 2749 388 2788 Cod.
412 2748 468 2777 hoc
492 2749 581 2778 etiam
606 2750 809 2787 apographum
834 2759 908 2788 esse,
937 2753 1108 2783 testimonio
1131 2754 1188 2787 est,
1213 2751 1292 2788 quod
1309 2751 1341 2788 (ί)
1365 2757 1434 2779 eum
1459 2749 1580 2787 punctis
1604 2749 1764 2779 diacritiois
1780 2749 1809 2785 (ε)

107 2784 211 2815 scribit
225 2786 311 2822 solet,
325 2784 443 2821 ubique.
