1936 3047
84 120 100 149 1
106 121 172 151 333

82 184 158 222 Ἐφη
181 183 209 213 δέ
239 196 285 223 μοι
303 195 309 203 ·

81 227 213 266 δεσμεύω
237 231 332 267 μόνον,
349 231 423 259 ἀλλὰ
446 232 491 260 καὶ
516 233 561 260 τὸν
583 233 624 261 ἐπ’
648 234 696 270 ἐμὲ
718 233 839 271 λεγεῶνα
862 235 916 260 τῶν

82 272 236 311 δαιμόνπν,
253 277 340 314 ’Έφην
354 274 383 303 δὲ
398 276 472 313 αὐτῷ
489 287 495 293 ·
511 278 584 315 Ἐγὼ
609 277 709 315 ὁρκίζω
734 288 762 304 σε
783 278 814 305 τὸ
830 275 917 314 ὄνομα

79 321 133 346 τοῦ
158 322 225 347 Θεοῦ
242 318 433 355 Σαϐαὼο,τοῦ
460 321 544 349 εἴπεῖν
571 333 598 350 σε
622 322 693 358 ποίῳ
718 322 832 359 ὀνόματι
853 332 916 349 κατ-

667 122 967 155 TESTAMENTUM
989 122 1225 156 SALOMONIS.

1719 124 1796 154 1334

335 187 396 216 Ἐὰν
422 186 517 215 εἴπωσι
539 188 570 215 τὸ
600 186 697 225 ὄνομα,
724 189 776 216 οὐκ
798 188 913 226 ἐμαυτὸν

1005 198 1038 217 en
1054 189 1186 218 calculus
1201 191 1264 225 644,
1282 191 1359 226 quod
1382 192 1427 218 est
1450 189 1633 224 Emmanuel,
1660 189 1710 226 qui
1732 188 1796 216 alli-

972 235 1051 270 gavit
1075 243 1127 262 nos
1146 243 1152 262 :
1170 235 1220 271 qui
1236 238 1264 262 et
1288 237 1358 263 tunc
1381 237 1522 262 venturus
1547 237 1592 262 est
1615 242 1666 270 per
1688 241 1795 269 aquam

972 279 1108 306 deorsum
1125 279 1306 316 pracipitare
1322 288 1386 314 nos,
1402 279 1432 306 in
1448 279 1543 306 tribus
1563 280 1660 306 autem
1676 277 1797 306 charac—

972 323 1084 351 teribus
1098 324 1223 359 dejicere
1239 324 1315 360 (nos)
1331 332 1398 352 cum
1414 323 1549 359 strepitu.

80 366 160 401 αργῆ
176 364 207 392 οδ
223 365 350 402 μετᾶτῆς
379 364 521 402 δυνάμεώς
549 377 607 394 σου.
638 368 706 395 Εἷπι
728 365 756 394 δέ
786 376 857 404 μοι·
886 366 922 393 Τὸ
950 369 1057 403 πνεῦμα
1081 367 1095 394 ὃ
1123 367 1252 406 μεγάλοις
1277 368 1432 406 ἀνθρώποις
1460 367 1531 404 ἔχων
1560 364 1731 403 (εἰε)πολλά
1746 376 1797 393 πα-

79 408 139 435 θεῖν
174 409 226 436 ὑπὸ
259 410 427 448 ἀνθρώπων,
458 410 488 438 οὗ
513 411 544 438 τὸ
574 410 659 448 ὄνομα
687 413 777 450 ψῆφος
806 409 885 449 χμδ¹,
913 411 927 438 ὃ
944 409 1014 438 ἐστὶν
1046 411 1237 448 Ἐμμανουήλ,
1268 412 1298 443 ’ὸς
1331 413 1376 440 καὶ
1405 411 1563 448 ὲδέσμευσεν
1589 412 1674 447 ἡμᾶς,
1699 411 1729 441 ’ὃς
1752 407 1798 437 καὶ

79 451 147 479 τότε
176 451 352 490 ἐλιυσόμενος
381 454 449 481 κοιτά
472 457 521 482 τοῦ
551 454 659 492 ὕδατος,

81 496 259 534 ηχούμινον.

121 551 205 589 Κάγὼ
229 551 376 588 Σολομῶν,
406 552 521 584 ἀκούσας
553 555 637 581 ταῦτα
661 554 707 581 καὶ
734 551 846 588 ὂοξάσας
871 552 916 580 τὸν

84 596 166 631 Θεὸν,
188 597 333 634 κατέκρινα
357 596 439 625 αὐτοῦ
463 598 509 625 τὸν
535 597 657 636 λεγεῶνα
682 598 842 636 ξυλοφορεῖν
865 597 918 624 ἀπὸ

85 638 206 677 δρυμοῦ,
223 640 302 667 αὐτὸν
327 639 356 668 δὲ
378 641 423 668 τὸν
448 641 650 680 λεοντόμορφον
673 642 816 679 κατέκρινα
837 651 918 668 κατα-

84 684 196 721 πρίζιιν
219 683 306 712 λεπτὰ.
329 688 388 716 τοῖς
413 684 532 721 ὀδοῦσιν,
559 686 596 717 εἷς
621 687 768 714 ὑπόκαυσιν
797 689 846 720 τῆς
869 696 917 713 κα-

88 728 170 764 μίνου
184 729 234 763 τής
249 726 380 757 ἀσϐέστου
396 730 433 761 εἷς
455 730 501 758 τὸν
521 731 584 758 ναὸν
604 731 703 769 Κυρίου
715 733 763 758 τοῦ
779 732 856 765 Θεοῦ,
872 729 918 757 καὶ

85 775 280 810 προσκυνήσας
298 774 396 810 Κύριον
421 775 468 802 τὸν
492 775 556 802 Θεὸν
580 777 629 802 τοῦ
651 775 771 812 Ἰσραὴλ,
790 773 918 802 ἐκέλευσα

86 817 216 854 παρεῖναί
232 828 279 853 μοι
294 816 385 855 ἕτερον
404 817 531 855 δαίμονα,
549 819 599 848 Καὶ
615 819 684 854 ἦλθε
699 819 753 857 πρὸ
769 818 917 856 προσώπου

87 860 197 898 δράκων
226 861 390 901 τρικέφαλος
432 860 638 902 φοϐερόχροος-
676 863 721 891 καὶ
759 863 918 901 ἐπερώτησα

87 905 169 933 αὐτόν
185 928 191 934 .
209 907 247 933 Σὺ
262 907 304 938 τίς
321 908 346 934 εἴ
361 917 367 942 ;
385 908 406 935 Ο
429 906 457 935 δὲ
482 918 529 944 μοι
545 907 596 945 ἔφη
614 917 621 924 ⁶
638 910 748 944 Πνεῦμα
759 905 917 945 τριϐόλαιόν

704 452 904 492 κρηνοϐαπτίσι
931 455 1005 490 ἡμᾶς
1021 463 1028 470 ⁶
1059 454 1084 482 ἐν
1114 454 1143 482 δὶ
1170 458 1228 486 τοῖς
1255 455 1326 492 τρισὶ
1351 459 1523 494 χαρακτῆρσι
1546 454 1710 492 κατάγουσαι
1735 464 1798 492 περι

1008 554 1042 582 Et
1051 562 1103 590 ego
1114 555 1253 583 Salomon
1272 555 1333 582 haec
1342 555 1476 588 audiens,
1489 557 1517 583 et
1525 554 1693 591 gloriﬁcaus
1704 554 1796 582 Deum

973 599 1165 627 condemnavi
1189 599 1333 635 legionem
1348 600 1413 634 ejus
1429 602 1461 627 ut
1475 599 1555 635 ligna
1572 601 1766 635 comportaret
1781 607 1798 626 a

973 643 1051 670 saltu
1064 652 1071 676 ;
1088 643 1185 679 ipsum
1199 646 1296 671 autem
1311 644 1570 677 Leonil‘ormem,ut
1583 643 1674 671 frusta
1685 644 1797 671 secaret

973 686 1110 714 dentibus
1125 687 1160 713 ad
1177 687 1359 714 exustionem
1374 687 1481 714 camini
1496 695 1613 723 semper
1627 687 1795 715 ardentisin

972 730 1115 765 templum
1133 731 1249 758 Domini
1264 731 1328 765 Dei;
1346 734 1375 759 et
1389 734 1545 767 postquam
1562 731 1679 759 adoravi
1698 731 1796 759 Domi-

973 783 1043 802 num
1063 776 1151 803 Deum
1166 775 1266 811 Israel,
1280 776 1359 811 jussi
1374 778 1407 803 ut
1421 776 1538 804 adesset
1557 775 1629 803 mihi
1645 775 1720 803 alius
1735 776 1796 803 dee-

973 828 1053 847 mon.
1069 820 1104 847 Et
1117 820 1199 848 venit
1215 820 1245 847 in
1272 823 1430 856 conspectu
1455 828 1520 848 meo
1537 820 1624 848 draco
1647 819 1795 855 tricepha-

972 863 1018 891 lus
1034 865 1178 892 tremendi
1194 864 1310 898 coloris,
1326 867 1356 892 et
1371 864 1544 900 interrogavi
1560 873 1647 892 eum:
1669 864 1712 891 Tu
1729 864 1796 899 quis

973 907 1026 936 es?
1041 910 1075 935 Et
1089 909 1129 936 ait
1144 908 1216 936 mihi
1234 917 1240 936 :
1257 909 1383 945 Spiritus
1400 909 1507 945 triplex
1522 917 1596 942 sum,
1614 908 1708 935 tribus
1723 908 1795 935 acti-

88 949 159 986 εἴμῖ,
185 950 210 983 ἐν
236 951 309 988 τρισὶ
341 951 450 989 πράξεσι
474 952 718 990 κατεργαζόμενον.
744 953 817 989 Ἐγὼ
844 950 872 979 δὲ
890 951 914 979 ἓν

1005 961 1028 980 Is
1043 955 1202 988 occupatus
1218 961 1224 980 :
1241 944 1294 989 ego
1319 953 1397 981 enim
1415 944 1447 980 in
1469 953 1536 981 sinu
1563 952 1719 980 mulierum
1745 960 1796 979 ex-

86 994 182 1030 κοιλίᾳ
196 998 331 1032 γυναικῶν
351 996 446 1035 τυχολῶ
466 998 495 1023 εὰ
510 996 605 1024 παιδία
621 1007 628 1013 ·
645 997 689 1024 καὶ
706 997 762 1024 ὦτα
777 995 890 1024 ἐπιδινῶ
906 1005 913 1012 ’

85 1039 132 1066 καὶ
148 1042 220 1067 ποιῶ
238 1037 316 1078 βωϐά
329 1041 375 1067 καὶ
398 1040 477 1079 κωφά
493 1049 499 1056 ‘
528 1042 573 1068 καὶ
596 1041 658 1077 ἐμοὶ
674 1041 724 1079 γὰρ
740 1040 821 1068 πάλιν
839 1040 864 1068 ἐν
880 1042 914 1078 τῇ

85 1084 165 1122 τρίτῃ
196 1095 242 1122 μοι
267 1084 373 1124 κεφαλῇ
409 1084 529 1114 ὑπόδυνα
552 1088 613 1123 (sic)
631 1096 637 1102 '
668 1087 713 1114 καὶ
734 1086 827 1114 τύπτω
850 1086 914 1117 τοὺς

86 1130 250 1167 ἀνθρώπους
274 1130 342 1157 κατᾶ
365 1130 397 1158 τὸ
420 1130 526 1162 ἀκωδὸς
543 1133 598 1166 (10)
618 1133 676 1168 (sic)
701 1133 748 1158 τοῦ
764 1131 889 1167 σώματος
907 1140 913 1148 ⁸

83 1173 129 1200 καὶ
146 1176 218 1201 ποιῶ
241 1175 421 1202 καταπίπτειν
444 1176 487 1202 καὶ
513 1175 633 1214 ἀφρίζειν
657 1176 702 1203 καὶ
727 1176 827 1213 τρίζειν
852 1175 916 1208 τοὺς

85 1216 198 1250 ὀόὅντας
215 1228 221 1235 ·
239 1216 296 1256 ἔχω
311 1218 339 1246 δὲ
358 1219 458 1256 τρόπον
483 1219 508 1246 ἐν
535 1220 557 1256 ᾦ
581 1221 769 1257 καταργοῦμιι
787 1228 794 1236 ⁸
811 1220 915 1255 ὑποση-

87 1262 253 1298 μειουμένης
292 1265 342 1296 τῆς
381 1263 572 1300 Ἰερουσαλὴμ,
612 1264 650 1294 εἰς
683 1265 729 1291 τὸν
768 1263 915 1301 λεγόμενον

83 1307 168 1334 τόπον
201 1307 367 1344 Κεφάλαιον.
392 1309 467 1335 Ἐκεῖ
494 1308 544 1346 γὰρ
574 1309 713 1346 πρώριστο
740 1309 753 1336 ὁ
781 1310 915 1346 ἌγγεΛος

85 1354 135 1385 τῆς
157 1351 282 1388 μιγάλης
311 1352 415 1389 βουλῆς
429 1362 435 1368 ’
460 1353 505 1380 καὶ
529 1355 575 1380 νῦν
602 1355 723 1391 φανερῶς
735 1354 759 1380 τ’
773 1352 817 1381 ἐπὶ
833 1352 915 1388 ξύλου

88 1395 194 1430 οἰκήσει
225 1396 327 1427 ἐκεῖνός
355 1407 388 1432 με
413 1399 543 1435 καταργεῖ
565 1396 590 1424 ἐν
615 1397 637 1433 ᾦ
662 1396 847 1435 ὕποτέναγμαι
863 1407 869 1413 ·
887 1397 914 1424 ἒν

87 1438 116 1467 δὲ
130 1442 170 1476 τῷ
184 1439 262 1476 τόπῷ
282 1441 306 1468 ἐν
379 1441 491 1479 καθέζῃ,
519 1441 631 1479 βασιλεῦ
657 1441 804 1478 Σολομῶν,
822 1442 915 1477 στήκει

84 1484 152 1512 κίων
168 1484 210 1512 ἐπὶ
234 1487 283 1512 τοῦ
309 1484 407 1523 ἀέρος·
433 1484 707 1524 πορφυροδανόμενος
730 1487 743 1513 ὁ
770 1485 874 1523 δαίμων
900 1486 914 1513 ὁ

89 1528 236 1566 λεγόμινος
256 1530 370 1568 Ἐφιπᾶς
395 1529 448 1557 ἀπὸ
471 1533 521 1564 τῆς
541 1531 671 1568 Ἐρυθρᾶς
693 1529 831 1565 Θαλάσσης
854 1531 915 1558 ἀνα-

86 1573 175 1610 γαγὼν
190 1573 244 1600 ἀπὸ
262 1575 312 1608 τῆς
338 1573 390 1601 ἔσω
418 1571 567 1611 Ἀραϐίας·
599 1574 670 1605 ὅστις
702 1574 747 1602 καὶ
778 1575 817 1606 εἷς
832 1574 912 1602 ἀσκὸν

84 1616 287 1648 κατακλιισθεῖς
318 1619 515 1654 κομισθήσεται
544 1616 696 1656 ἔμπροσθέν
726 1629 797 1646 σου·
828 1618 854 1646 ἐν
884 1618 913 1646 δὲ

87 1663 120 1697 τῇ
151 1662 225 1699 ἀρχῇ
254 1664 303 1689 τοῦ
329 1665 392 1690 ναοῦ
433 1663 514 1700 ὅνπερ
548 1661 624 1700 ἤρξω
660 1663 769 1698 κτίξειν,
802 1663 914 1701 βασιλΞῦ

87 1705 234 1742 Σολομῶν,
268 1706 409 1734 ἀπόκειται
443 1707 556 1745 χρυσίον
586 1706 670 1741 πολὺ,
715 1708 781 1745 ὅπερ
819 1708 913 1745 ὀρύξας

85 1750 147 1786 ἆρον
166 1758 172 1765 ¹
200 1750 278 1787 Κάγὼ
309 1750 455 1787 Σολομῶν,
478 1750 642 1783 ἀποστείλας
665 1753 711 1779 τὸν
736 1750 821 1779 παῖδά
850 1763 914 1788 μου,

85 1793 159 1830 εὗρον
174 1794 265 1826 καθὼς
291 1795 348 1822 ιῖπὲ
377 1805 422 1831 μοι
450 1795 482 1822 τὸ
505 1794 646 1831 δαιμόνιον
664 1804 671 1812 ⁸
697 1795 741 1823 καὶ
767 1796 913 1834 σφραγίσας

85 1840 123 1874 τῷ
150 1837 316 1874 δακτυλιδιῳ
342 1837 425 1875 ᾔνεσα
455 1839 557 1877 Κύριον
583 1840 629 1867 τὸν
651 1839 715 1867 Θιόν
733 1849 739 1856 ·
764 1842 842 1867 εἶπον
868 1839 914 1868 οὗν

85 1882 158 1919 αὐτῷ
174 1892 180 1898 ·
203 1882 233 1909 Τί
258 1882 290 1909 σὺ
316 1883 426 1921 λέγειςς
443 1884 457 1911 ὁ
481 1882 584 1920 δαίμων
611 1881 661 1923 ἔφη
680 1893 686 1901 ·
713 1885 828 1923 Κορυφὴ
853 1883 914 1923 δρα-

85 1927 188 1954 κόντων
217 1927 274 1963 εἶμί
291 1937 297 1944 ’
325 1928 371 1955 καὶ
396 1927 524 1956 ἐκέλευσα
557 1929 638 1956 αὐτὸν
667 1928 861 1966 πλινθουργεῖν
888 1929 914 1956 ἐν

84 1973 122 2007 τῷ
135 1973 191 2007 ναῷ
206 1981 213 1988 ο
234 1972 305 2009 εἶχεν
335 1974 431 2010 χεῖρας
458 1972 610 2011 ἀνθρώπων
627 1983 634 1990 ·
657 1973 702 2000 καὶ
726 1975 914 2012 προσκυνήσας

90 2016 185 2053 Κύριον
214 2017 260 2043 τὸν
291 2017 355 2044 Θεὸν
395 2020 442 2044 τοῦ
482 2017 604 2055 Ἰσραὴλ,
634 2018 762 2046 ἐκέλευσα
790 2019 914 2057 παρεῖναί

90 2071 134 2096 μοι
158 2059 248 2099 ἕτερον
275 2059 403 2097 δαίμονα.
433 2062 485 2090 Καὶ
512 2061 595 2096 ἦλθεν
617 2064 670 2100 πρὸ
694 2063 843 2100 προσώπου
860 2074 913 2100 μου

84 2107 189 2142 πνεῦμα
216 2105 400 2142 γυναικοειδὶς
431 2107 481 2140 τήν
515 2107 638 2145 κορυφὴν
676 2108 833 2145 κατέχουσα
861 2108 914 2135 ἀπὸ

85 2150 181 2180 παντὸς
199 2149 300 2186 μέλους
318 2160 324 2166 ’
349 2150 395 2178 καὶ
417 2150 466 2182 τὰς
493 2151 655 2189 λυσίτριχας
678 2155 738 2183 ταῖς
759 2153 827 2190 θριξί
845 2161 851 2168 ·
868 2145 913 2180 κοιὶ

85 2193 148 2232 ἔφην
164 2195 233 2231 πρὸς
259 2194 343 2230 αὐτήν
360 2204 366 2210 ·
391 2195 457 2232 Λίγε
484 2205 543 2232 μσι,
567 2195 598 2222 σὺ
621 2196 661 2227 τίς
683 2197 727 2231 εἴ;
751 2197 783 2225 Ἣ
810 2195 838 2224 δὲ
861 2194 910 2236 ἔφη

84 2239 131 2265 Καὶ
145 2238 184 2270 τίς
200 2238 231 2265 σὺ
254 2240 288 2275 εἴ,
314 2237 332 2273 ἤ
357 2249 418 2266 τινα
442 2239 536 2277 χρείαν
565 2237 639 2277 ἔχεις
665 2241 778 2268 ἀκοῦσαι
799 2241 833 2268 τὰ
854 2234 912 2268 κατ’

85 2282 168 2319 lycii;
184 2281 260 2311 Ἀλλ’
284 2283 306 2310 εἷ
332 2282 421 2314 θέλεις
447 2285 561 2320 μαθεῖν’
587 2286 679 2320 στήκω
703 2285 755 2322 γὰρ
781 2284 910 2322 δεδεμένη

85 2327 134 2364 πρὸ
149 2327 297 2363 προσώπου
320 2338 380 2362 σου,
406 2328 555 2366 πορεύθητι
581 2328 626 2356 οὖν
656 2328 681 2356 ἐν
707 2331 766 2360 τοῖς
788 2329 912 2366 ταμείοις

970 1005 1045 1025 οξεοο
1060 997 1208 1033 parvulos,
1224 1000 1252 1025 et
1268 1006 1354 1025 aures
1370 1000 1503 1033 torqueo,
1515 1000 1542 1025 et
1557 996 1630 1025 facio
1646 996 1795 1032 vagientes

971 1045 1000 1069 et
1014 1042 1131 1076 surdos,
1148 1051 1216 1070 nam
1240 1042 1270 1069 in
1287 1042 1371 1070 tertio
1396 1042 1491 1078 capite
1511 1050 1575 1069 meo
1603 1049 1707 1068 rursus
1730 1040 1794 1069 illa-

970 1086 1099 1120 buntur;
1111 1086 1246 1114 homines
1266 1087 1397 1122 percutio
1409 1086 1438 1113 in
1450 1086 1580 1113 inferiori
1592 1088 1674 1121 parte
1689 1093 1792 1121 corpo-

969 1131 1053 1164 ris,et
1069 1131 1142 1159 facio
1157 1133 1190 1158 ut
1215 1131 1332 1165 cadant,
1354 1133 1382 1158 et
1396 1139 1518 1166 spumas
1532 1131 1629 1164 edant,
1646 1132 1674 1157 et
1698 1129 1793 1157 denli-

969 1176 1025 1203 bus
1036 1176 1160 1203 fremant
1172 1185 1178 1210 ;
1191 1178 1236 1203 est
1247 1175 1319 1203 mihi
1332 1176 1438 1203 modus
1449 1183 1506 1211 quo
1517 1174 1644 1202 imbellis
1658 1175 1704 1202 fio:
1719 1182 1790 1210 pras-

969 1220 1302 1256 signiﬁcataJerusalem
1310 1221 1348 1253 ,in
1357 1220 1419 1247 loco
1428 1220 1477 1256 qui
1485 1220 1574 1247 dicitu
1580 1218 1791 1254 rCepbalaaum:

969 1264 1009 1292 ibi
1025 1264 1102 1292 enim
1122 1265 1348 1300 praedestinatus
1363 1266 1408 1292 est
1423 1264 1550 1300 Angelus
1560 1263 1658 1299 magni
1668 1262 1794 1296 consilii,

968 1310 996 1336 et
1018 1308 1086 1336 olim
1113 1311 1211 1344 aperte
1236 1316 1325 1344 super
1349 1308 1462 1344 lignum
1487 1308 1637 1341 manebit;
1660 1306 1724 1343 ipse
1749 1315 1796 1334 me

965 1353 1085 1388 jussum
1103 1361 1188 1389 agere
1213 1361 1271 1380 non
1288 1352 1375 1386 sinit;
1392 1356 1419 1380 et
1435 1353 1465 1379 in
1490 1352 1554 1380 loco
1568 1352 1617 1379 ubi
1635 1352 1731 1384 sedes.
1747 1359 1797 1379 rex

968 1397 1116 1431 Salomon,
1141 1397 1232 1424 stabit
1255 1397 1392 1424 columna
1414 1397 1444 1424 in
1471 1405 1546 1429 aere,
1564 1404 1579 1424 e
1595 1396 1669 1423 mari
1698 1396 1798 1424 Rubro

971 1441 1078 1469 educta
1094 1450 1111 1468 a
1126 1441 1305 1477 porphyrino
1321 1441 1453 1469 dmmone
1469 1441 1519 1476 qui
1535 1441 1644 1468 dicitur
1657 1440 1798 1476 Ephipas,

971 1485 1020 1521 qui
1037 1486 1073 1513 ab
1091 1485 1222 1512 interiori
1239 1485 1347 1513 Arabia
1358 1486 1387 1513 in
1400 1493 1473 1513 nave
1489 1485 1623 1513 inclusus
1639 1485 1802 1513 adducetur

968 1533 1039 1558 ante
1055 1533 1092 1558 te.
1106 1530 1140 1557 Et
1155 1530 1186 1557 in
1204 1530 1300 1566 capite
1313 1530 1415 1566 templi
1432 1530 1510 1566 quod
1521 1530 1634 1565 ccepisti
1646 1530 1802 1562 aedificare,

968 1582 1017 1602 rex
1028 1574 1177 1608 Salomon,
1186 1573 1256 1602 latet
1267 1583 1372 1602 aurum
1385 1574 1603 1610 multum,quod
1617 1577 1649 1602 tu
1661 1574 1800 1602 effossum

970 1618 1050 1646 tolle.
1065 1619 1099 1646 Et
1114 1627 1167 1654 ego
1182 1618 1330 1652 Salomon,
1347 1619 1466 1646 mittens
1480 1627 1605 1654 puerum
1622 1627 1733 1653 meum,
1751 1618 1800 1645 in-

970 1663 1034 1691 veni
1050 1663 1127 1691 sicut
1141 1663 1215 1691 dixit
1229 1663 1301 1690 mihi
1328 1664 1441 1691 damon
1459 1673 1466 1697 ;
1495 1665 1523 1691 et
1547 1665 1704 1699 postquam
1730 1670 1798 1690 eum

969 1707 1078 1736 annulo
1109 1708 1235 1743 signavi,
1264 1707 1380 1736 laudavi
1409 1707 1568 1735 Dominum
1597 1710 1701 1735 Deum.
1731 1707 1796 1735 Dixi

969 1759 1038 1788 ergo
1066 1752 1092 1779 ei
1109 1760 1115 1780 :
1133 1753 1183 1788 (De
1212 1752 1251 1788 te)
1265 1751 1335 1787 quid
1365 1751 1439 1779 dicis
1468 1751 1530 1787 (seu
1557 1752 1625 1787 quis
1653 1751 1797 1785 diceris)?

969 1797 1130 1832 Respondit
1145 1797 1258 1824 daemon
1277 1804 1283 1824 :
1297 1798 1390 1832 Caput
1406 1804 1471 1823 sum
1498 1796 1678 1829 draconum;
1695 1797 1724 1823 et
1739 1795 1795 1823 im-

968 1841 1066 1877 peravi
1082 1843 1115 1868 ut
1126 1841 1232 1868 lateres
1248 1843 1435 1876 componeret
1450 1840 1480 1867 iu
1496 1840 1656 1876 templum;
1670 1839 1798 1868 habebat

969 1894 1076 1913 manus
1101 1885 1242 1913 hominis.
1259 1885 1294 1913 Et
1318 1885 1438 1912 adorato
1463 1885 1586 1913 Domino
1612 1885 1669 1913 Deo
1693 1885 1794 1918 lsrael,

965 1930 1043 1965 jussi
1068 1932 1101 1957 ut
1123 1930 1239 1957 adesset
1263 1929 1335 1957 mihi
1360 1929 1437 1957 alius
1462 1929 1584 1957 daamon.
1602 1929 1638 1956 Et
1662 1929 1741 1957 venit
1764 1929 1795 1957 in

968 1976 1126 2010 conspectu
1156 1982 1220 2002 meo
1249 1974 1373 2009 spiritus
1393 1974 1509 2002 feminae
1533 1973 1651 2007 similis,
1677 1974 1723 2001 cui
1751 1975 1795 2001 tot

967 2019 1065 2054 capita
1088 2021 1160 2054 quot
1185 2019 1328 2053 membra,
1344 2021 1372 2046 et
1397 2018 1529 2046 crinibus
1552 2017 1668 2052 soluta;
1685 2020 1714 2046 et
1736 2018 1795 2045 dixi

967 2064 1003 2091 ad
1020 2071 1084 2091 eam
1102 2072 1108 2091 :
1127 2063 1227 2091 Indica
1243 2063 1315 2090 mihi
1332 2071 1397 2098 quas
1411 2063 1464 2091 sis.
1481 2063 1548 2095 Quae
1564 2063 1615 2091 ait.
1631 2063 1667 2090 Et
1681 2065 1712 2090 tu
1728 2062 1796 2098 quis

968 2108 1024 2136 es?
1038 2108 1089 2136 Vel
1108 2108 1177 2144 quid
1204 2117 1278 2144 opus
1291 2108 1383 2136 habes
1406 2109 1508 2136 audire
1523 2117 1587 2144 qua
1612 2109 1648 2136 ad
1664 2117 1710 2136 me
1725 2108 1792 2136 atti-

968 2153 1062 2181 nent?
1078 2154 1114 2180 At
1130 2153 1155 2180 si
1178 2152 1224 2180 vis
1239 2153 1362 2187 discere,
1379 2155 1424 2181 sto
1446 2153 1524 2180 enim
1549 2154 1647 2180 vincta
1660 2153 1690 2180 in
1705 2161 1791 2180 cons-

968 2200 1053 2233 pectu
1083 2199 1144 2230 tuo,
1160 2197 1234 2225 vade
1261 2197 1290 2224 in
1320 2197 1409 2225 cellas
1438 2199 1504 2225 tuas
1532 2197 1638 2234 regias,
1654 2199 1683 2224 et
1712 2199 1791 2232 post-

967 2250 1057 2278 quam
1073 2249 1179 2269 manus
1201 2241 1342 2276 ablueris,
1358 2242 1426 2269 sede
1449 2242 1557 2270 iterum
1578 2244 1646 2270 ante
1660 2241 1790 2269 tribunal

967 2288 1051 2314 tuum
1066 2296 1073 2320 ;
1088 2288 1118 2313 et
1141 2288 1211 2313 tunc
1237 2285 1432 2322 interrogabis
1456 2294 1514 2321 me,
1543 2288 1572 2314 et
1594 2286 1699 2319 disces,
1729 2294 1789 2314 rex,

967 2339 1031 2366 qua:
1045 2331 1101 2358 sim
1116 2338 1180 2366 ego.

85 2381 129 2398 σου
156 2374 216 2403 τοῖς
243 2371 410 2409 βασιλικοῖς,
439 2373 483 2400 καὶ
512 2374 661 2410 νιψάμενος
688 2373 736 2405 τὰς
764 2376 872 2412 χεῖρας,
895 2373 976 2402 πάλιν
1007 2375 1126 2410 καθήσας
1152 2374 1206 2411 πρὸ
1233 2376 1281 2402 τοῦ
1312 2373 1438 2412 βήματός
1467 2383 1526 2409 σου,
1556 2374 1619 2402 τότε
1645 2373 1791 2411 ἐρωτήσεις

86 2426 126 2452 με,
138 2415 182 2443 καὶ
200 2416 323 2453 μαθήσῃ,
342 2416 465 2453 βασιλεῦ,
479 2417 520 2448 τίς
536 2417 594 2454 εἶμι
609 2417 674 2455 ἐγώ.

118 2473 166 2501 Καὶ
181 2475 263 2500 τοῦτο
285 2475 404 2509 ποιήσας
429 2474 650 2512 ἐγὼ.Σολομῶν,
675 2475 766 2507 καθὼς
789 2475 912 2512 συνέταξε

87 2528 140 2554 μοι,
165 2518 327 2555 ἠνεσχόμην
360 2516 405 2545 διᾶ
433 2519 482 2553 τήν
513 2518 624 2546 ἐνοῦσαν
656 2530 702 2556 μοι
732 2520 837 2559 σοφίαν⁷
865 2519 912 2547 ’ίνα

87 2560 189 2596 δυνηθῶ
215 2563 329 2590 ἀκοῦσαι
366 2563 414 2593 τὰς
452 2563 562 2599 πράξεις
605 2563 700 2598 αὐτῆς,
727 2564 772 2591 καὶ
805 2563 909 2601 ἐλέγξαι

86 2606 173 2641 αὐτὰς,
190 2607 234 2634 καὶ
266 2609 418 2645 φατερῶσαι
442 2610 502 2639 τοῖς
525 2608 693 2646 ἀνθρώποις,
722 2609 766 2636 καὶ
789 2609 910 2644 καθήσας

87 2650 167 2689 ἕφησα
181 2652 250 2690 πρὸς
273 2652 319 2679 τὸν
346 2650 475 2689 δαίμονα,
499 2653 547 2683 Τίς
572 2653 597 2680 εἴ
611 2663 618 2670 ’
644 2653 696 2681 Καὶ
722 2653 793 2681 ιῖπεν
809 2663 815 2669 ·
832 2653 908 2691 Ἔγὼ

122 2775 176 2812 (10)
191 2773 306 2808 εἶκώδος
320 2791 356 2798 ι·-
370 2774 492 2808 εΐκώδες.

1002 2477 1037 2504 Et
1052 2485 1119 2504 cum
1134 2476 1196 2504 haec
1211 2476 1339 2505 fecissim
1356 2483 1408 2513 ego
1425 2476 1576 2512 Salomon,
1592 2476 1669 2504 sicut
1687 2484 1794 2512 prlece-

966 2523 1049 2556 perat
1064 2521 1148 2555 mihi,
1164 2521 1375 2549 contendebam
1392 2529 1443 2557 per
1454 2521 1574 2548 insitam
1595 2521 1667 2549 mihi
1679 2521 1795 2557 sapien-

966 2566 1046 2598 tiam,
1082 2567 1115 2592 ut
1149 2574 1265 2601 possem
1299 2565 1403 2593 audire
1436 2565 1622 2601 operationes
1656 2566 1731 2601 ejus,
1766 2567 1794 2593 et

965 2612 1051 2637 notas
1076 2609 1188 2645 aperire
1213 2609 1403 2644 hominibus;
1421 2612 1449 2637 et
1465 2610 1572 2638 sedens
1598 2609 1658 2637 dixi
1674 2610 1709 2638 ad
1734 2610 1794 2637 dte-

965 2661 1106 2682 monem:
1136 2655 1205 2688 Quze
1233 2663 1264 2683 es
1291 2654 1347 2682 tu?
1376 2654 1410 2682 Et
1437 2655 1500 2682 ait:
1525 2654 1585 2691 Ego
1608 2654 1688 2683 dicor
1714 2654 1791 2690 apud
