1936 3047
99 77 200 108 133⁵7

697 77 996 110 TESTAMENTUM
1018 78 1252 110 SALOMONIS.

1750 79 1828 109 1338

98 152 207 178 ματος
223 141 305 170 αὐτοῦ
318 142 445 178 ἐξελθὼν,
461 143 591 182 ἐνέπρησε
603 145 649 172 τὸν
666 143 797 182 δρυμῶνα
810 146 859 172 τοῦ
875 141 1003 178 Λιϐάνου,
1020 144 1064 172 καὶ
1081 143 1218 181 ίνεπύρισε
1230 144 1316 172 πάντα
1331 145 1364 172 τὰ
1379 144 1454 182 ξύλα,
1468 145 1534 183 ἅπερ
1561 145 1599 176 εἷς
1621 145 1666 172 τὸν
1689 145 1753 172 ναὸν
1780 146 1829 172 τοῦ

97 188 184 213 Θεοῦ
203 186 316 223 ἐθέμην.

145 231 209 258 Καὶ
228 230 297 258 εἶδον
327 232 381 269 ἐγὼ
412 233 546 269 Σολομῶν
574 234 588 261 ὃ
618 233 750 269 πεποίηκε
777 235 808 262 τὸ
830 236 934 270 πνεῦμα

1041 236 1076 263 Et
1091 235 1148 263 vidi
1165 244 1216 271 ego
1242 235 1378 264 Salomon
1405 244 1467 272 quas
1493 235 1561 263 fecit
1584 235 1717 272 spiritus,
1734 236 1762 262 et
1778 234 1829 261 ad—

103 276 161 302 καὶ
197 275 348 312 ἐθαύμασα·
384 277 428 304 καὶ
454 277 567 314 δοξάσας
593 279 639 305 τὸν
667 279 730 306 Θεὸν
758 279 891 316 ἠρώτησα
904 279 948 306 τὸν

107 318 244 356 δαίμονα
268 321 314 348 τὸν
344 320 536 359 δρακοντοειδῆ
566 322 670 360 λέγων,
698 323 764 351 Εἲπὲ
790 334 848 360 μοι,
876 323 949 359 ποίῳ

105 363 235 402 ἀγγέλῳ
261 368 381 404 καταργῇ
412 367 463 401 σύ;
491 367 521 395 Ὁ
550 366 578 394 δέ
604 378 651 404 μοι
679 365 742 406 ἔφη.
763 370 809 403 Τῷ
837 368 950 405 μεγάλῳ

105 407 235 446 ἀγγέλῳ
249 412 289 445 τῷ
308 409 333 437 ἐν
363 413 403 447 τῷ
425 410 540 449 δευτέρῳ
566 411 672 448 ούρανῷ
696 413 881 449 καθεζομένῳ,
910 415 950 448 τῷ

104 452 286 490 καλουμένῳ
302 452 421 492 ἰϐραῖστὶ
449 457 583 490 Βαζαζάο.
603 457 681 494 Κάγὼ
697 456 844 493 Σολομῶν,
872 456 951 484 ἀκού-

107 508 164 528 σας
193 500 278 526 ταῦτα
306 499 351 526 καὶ
383 499 612 536 ἐπικαλεσάμενος
638 501 683 528 τὸν
713 500 826 538 ἄγγελον
856 500 949 534 αύτοῦ,

104 547 264 584 κατέκρινα
290 548 421 585 μέρμαρα
442 548 545 585 πρίζειν
571 549 608 580 εἷς
632 548 784 585 οἷ’κοδομήν
812 551 860 576 τοῦ
884 551 949 576 ναοῦ

104 593 161 617 τοῦ
196 593 264 618 Θεοῦ
282 613 288 625 ,
314 593 358 619 καὶ
382 592 534 630 εὐλογήσας
557 593 602 620 τὸν
630 594 694 621 Θεὸν
723 593 852 621 ἐκέλευσα
879 603 945 630 παρ-

107 635 186 662 εῖναί
208 646 254 671 μοι
280 636 370 674 ἕτερον
401 635 528 673 δαίμονα.
557 638 607 664 Καὶ
632 638 700 672 ἦλθε
725 639 777 675 πρὸ
800 638 948 675 προσώπου

111 690 171 716 μου
200 677 290 717 ἕτερον
312 683 428 717 πνεῦμα,
452 681 488 712 ὡς
519 682 585 719 γυνὴ
614 682 661 718 μὲν
677 682 708 710 τὸ
735 681 807 712 εἶδος
836 680 948 719 ἔχουςω

110 724 154 755 εἱς
189 723 220 751 δὲ
239 724 301 756 τοὺς
329 725 421 762 ὤμους
451 725 542 763 ὶτὲρας
571 726 619 754 δύο
647 727 767 766 κεφαλὰς
783 726 830 754 σὺν
860 727 948 765 χερσίν

113 773 170 801 Καὶ
208 775 340 811 ἡρώτητα
368 775 464 808 αὐτὴν
495 776 564 812 Λέγε
585 787 642 812 μοι,
673 776 704 803 σὺ
728 776 770 807 τίς
797 776 836 810 εἷς
853 776 903 813 ἔφη
922 775 950 804 δὲ

116 829 182 854 μοι.
216 819 287 856 Ἐγώ
317 819 375 855 εἲμι
399 820 556 857 Ἑνήψιγος,
572 819 633 855 ἥτις
649 821 694 848 καὶ
713 821 890 857 μυριώνυμος
904 832 949 848 κα-

115 865 238 898 Λοῦμαι·
262 863 307 890 καὶ
337 864 410 891 εἶπον
433 864 517 900 αὐτῷ’
545 865 589 893 Ἐν
617 865 688 902 ποίῳ
703 864 809 903 ἀγγέλῳ
824 868 947 903 καταργῇ

1006 280 1128 308 miratus
1144 289 1220 313 sum,
1237 283 1265 308 et
1280 280 1404 308 laudans
1421 283 1511 308 Deum
1528 280 1704 316 interrogavi
1722 279 1828 306 deamo-

1005 333 1072 352 nem
1090 325 1337 352 draconiformem
1361 325 1482 353 dicens:
1501 325 1551 352 Die
1568 325 1639 352 mihi
1665 333 1682 352 a
1706 332 1763 359 quo
1779 332 1829 350 an-

1005 369 1068 405 gelo
1085 370 1230 405 impotens
1246 369 1382 397 efiiciaris
1398 372 1440 397 tu.
1465 371 1501 397 Et
1516 370 1556 397 ait
1573 377 1579 397 :
1595 370 1618 396 A
1643 376 1750 405 magno
1778 377 1829 395 an-

1005 414 1068 449 gelo
1086 414 1135 450 qui
1152 415 1231 442 sedet
1245 414 1273 441 in
1296 415 1425 442 secundo
1453 413 1536 447 coelo,
1562 414 1612 450 qui
1637 416 1758 441 vocatur
1778 413 1831 440 Hc-

1005 459 1102 486 braice
1118 459 1270 486 Bazszatb.
1289 459 1322 486 Et
1335 467 1387 494 ego
1404 458 1540 486 Salomon
1558 458 1618 485 hac
1634 457 1768 492 audiens,
1782 458 1831 484 ud-

1005 503 1101 529 vocavi
1117 503 1252 538 angelum
1269 504 1344 538 ejus,
1361 506 1388 530 et
1404 504 1595 530 condemnuvi
1623 505 1655 530 ut
1683 510 1830 529 marmora

1006 550 1118 574 secaret
1142 547 1170 574 in
1195 547 1416 574 azdificntionem
1439 547 1540 583 templi
1565 547 1615 575 Dei
1634 555 1640 574 :
1658 550 1685 574 et
1710 547 1829 574 benedi-

1005 599 1073 619 cens
1090 593 1178 619 Deum
1192 592 1270 627 jussi
1286 594 1317 619 ut
1333 595 1442 619 astaret
1458 592 1530 619 mihi
1554 591 1631 619 alius
1655 592 1778 618 daemon.
1796 591 1830 618 Et

1003 635 1082 663 venit
1098 636 1126 663 in
1151 639 1310 671 conspectu
1332 644 1396 663 meo
1413 635 1490 664 alius
1507 636 1628 672 spiritus
1645 635 1729 671 quasi
1746 635 1829 662 femi-

1005 689 1048 708 na:
1061 680 1163 708 faciem
1180 680 1292 708 habens
1309 681 1338 708 in
1355 681 1486 708 humeris
1508 683 1605 708 autem
1623 680 1680 708 alia
1697 680 1754 707 duo
1781 687 1828 707 ca-

1005 725 1066 761 pita
1081 733 1146 752 cum
1165 725 1303 752 manibus
1321 733 1327 752 :
1344 728 1373 752 ct
1389 724 1564 760 interrogavi
1581 732 1644 752 eum
1663 733 1668 752 :
1686 724 1736 751 Dic
1756 724 1829 752 mihi

1005 769 1071 804 quis
1087 769 1138 797 sis.
1156 769 1188 796 Et
1204 769 1245 796 ait
1262 777 1268 796 :
1286 769 1344 804 Ego
1360 777 1425 796 sum
1441 768 1612 804 Enepsigos,
1632 776 1695 804 qua:
1711 769 1738 794 et
1754 767 1828 794 mul-

1006 813 1042 840 tis
1059 813 1232 841 nominibus
1247 821 1343 841 vocor.
1361 813 1393 840 Et
1409 813 1468 840 dixi
1491 813 1515 841 ei
1534 822 1540 840 :
1557 813 1627 844 Quis
1652 815 1681 840 te
1707 812 1828 847 angelus

1004 857 1116 885 viribus
1133 857 1271 894 frangat?
1287 859 1353 891 Qum
1371 858 1411 885 ait
1428 865 1434 884 ε
1453 858 1526 890 Quid
1543 857 1659 891 quaeris,
1681 856 1751 892 quid
1777 864 1827 883 cu-

114 906 149 933 σύ
163 929 171 940 ,
206 908 224 942 ἡ
252 906 280 934 δὲ
303 919 348 944 μοι
365 908 428 946 ἔφη,
444 909 476 936 Τί
502 912 602 945 ζητεῖς,
631 909 657 936 τί
675 901 810 947 νχρῆγζεις,
828 909 882 947 ἐγὼ
895 901 933 946 μὶ

1026 902 1049 929 is
1061 902 1075 929 7
1089 904 1147 938 Ego
1164 904 1272 935 mutor,
1289 904 1322 929 ut
1336 902 1390 929 dea
1402 904 1524 934 vocata;
1542 903 1571 928 et
1586 903 1684 928 mutor
1709 901 1827 933 iterum,

115 949 386 988 μιταϐἀλλομαιὼς
409 953 454 980 0ιᾶ
484 953 631 992 λιγομίνη,
662 955 707 981 καὶ
739 952 947 991 μεταϐάλλομαι

114 995 213 1029 πέλιν,
245 996 290 1023 καὶ
315 997 427 1034 γίνομαι
456 996 547 1036 ἕτερον
579 997 650 1030 εἶδος
677 997 779 1035 ἔχουσα
799 1008 805 1015 ’
835 999 878 1026 καὶ
908 1001 946 1035 μὴ

115 1040 241 1078 Θελήσῃς
262 1042 331 1069 κατὰ
359 1045 439 1070 τοῦτο
468 1045 569 1080 γνῶναι
606 1043 692 1070 πάντα
719 1043 753 1071 τὰ
790 1045 849 1071 κατ’
875 1044 945 1081 ἒμὲ’

116 1088 184 1117 ἀλλ’
209 1089 302 1126 ἐπειδή
330 1091 409 1129 πάρει
438 1103 495 1128 μοι,
521 1092 559 1123 εἷς
574 1094 654 1119 τοῦτο
670 1091 797 1128 ἄκουσον,
823 1093 876 1132 ἐγὼ
895 1104 947 1120 πα-

119 1134 306 1172 ρακαθέζομαι
334 1138 368 1172 τῇ
394 1136 509 1171 σελήνη,
535 1137 581 1163 καὶ
597 1135 641 1164 διὰ
655 1139 735 1164 τοῦτο
749 1140 822 1174 τρεῖς
841 1138 946 1175 μορφὰς

117 1179 241 1216 κατέχω·
267 1177 312 1206 ὅτε
342 1179 389 1215 μὲν
417 1180 590 1217 μαγευομένη
609 1181 660 1208 ὑπὸ
674 1184 729 1209 τῶν
746 1184 847 1220 σοφῶν,
870 1182 945 1220 γίνο-

121 1233 171 1258 μαι
189 1223 227 1253 ὡς
253 1223 366 1260 Κρόνος·
383 1223 428 1251 ὅτε
443 1223 472 1251 δὲ
492 1225 576 1252 πάλιν
602 1226 662 1263 περὶ
692 1228 743 1253 τῶν
774 1227 944 1263 καταγόντων

121 1267 350 1304 με,κατὲρχομαι
377 1268 422 1294 καὶ
451 1268 582 1306 φαίνομαι
606 1268 679 1304 ἄλλη
712 1271 814 1308 μορφή·
835 1271 866 1297 τὸ
897 1270 944 1306 μὲν

117 1313 166 1338 τοῦ
197 1311 336 1349 στοιχείου
364 1312 470 1350 μέτρον,
500 1313 640 1349 ἀνίττητον
665 1313 711 1340 καὶ
737 1314 873 1352 ἀόριστον,
901 1315 945 1342 καὶ

121 1354 309 1393 ἀκατάργητὸν
340 1356 421 1384 ἐστιν·
453 1358 525 1395 Ἐγὼ
553 1361 617 1395 γοῦν
647 1358 685 1390 εἷς
703 1359 750 1390 τὰς
775 1362 848 1396 Ipsi:
876 1370 946 1397 μορ-

121 1400 172 1439 φὰς
218 1398 461 1438 μεταϐαλλομένη,
506 1403 700 1440 κατερχομαι,
748 1403 793 1430 καὶ
835 1403 945 1441 γίνομαι

119 1449 232 1484 τοιαύτη
263 1448 348 1485 ἤνπερ
379 1450 499 1486 βλέπεις,
529 1453 718 1488 καταργοῦμαι
744 1450 772 1478 δὲ
788 1451 839 1479 ὑπὸ
868 1451 946 1489 ἀγγέ-

120 1492 170 1520 λου
196 1493 357 1528 Ῥαοαναήλ,
386 1497 434 1521 τοῦ
464 1496 645 1531 καθεζομένου
675 1495 713 1527 εἰς
744 1495 835 1534 τρίτον
865 1496 945 1533 οὖροι⁴

120 1538 164 1564 νὸν
180 1553 214 1558 α·-
230 1536 275 1564 δια
288 1540 369 1565 τοῦτο
392 1539 438 1565 οὖν
455 1549 496 1566 σοι
520 1538 604 1577 λέγω·
632 1539 670 1568 Οὐ
698 1538 807 1567 δύναταί
838 1551 872 1576 με
891 1550 947 1578 χω-

122 1582 192 1618 ρίσαι
224 1582 237 1608 ὁ
263 1582 327 1614 ναὸς
356 1582 443 1613 οὗτος·
474 1583 549 1621 κάγὼ
571 1584 616 1610 οὖν
639 1582 776 1620 Σολομῶν
803 1583 982 1629 εὐξάμενοςα

121 1629 160 1663 τῷ
184 1629 242 1663 Θεῷ
272 1638 334 1664 μου,
360 1629 405 1655 καὶ
434 1628 664 1666 ἐπικαλεσάμενος
692 1630 739 1657 τὸν
767 1628 886 1667 ἄγγελον
915 1632 944 1658 ὃν

123 1675 179 1703 εἶπὲ
209 1687 255 1713 μοι
288 1677 463 1713 Ῥαθαναήλ,
492 1677 607 1712 ἐποίησα
645 1679 694 1712 τὴν
727 1677 870 1717 σφραγῖδα,
900 1679 946 1706 καὶ

125 1721 321 1758 κατεσφράγισα
349 1721 433 1756 αὐτὴ]
460 1720 551 1748 ἁλύσει
582 1724 689 1759 τριττῇ,
718 1723 761 1749 καὶ
791 1722 864 1750 κάτω
887 1721 945 1750 δισ-

127 1765 172 1800 μὸν
202 1768 251 1799 τῆς
281 1764 411 1796 ἀλύπως’
442 1765 558 1801 ἐποίησα
581 1767 631 1800 τὴν
657 1766 793 1804 σφραγῖδα
806 1769 854 1794 τοῦ
879 1769 945 1795 Θεοῦ

123 1813 165 1840 καὶ
183 1812 367 1851 προεφήτευσέ
399 1823 444 1849 μοι
472 1813 504 1841 τὸ
533 1816 640 1850 πνεῦμα
664 1814 753 1853 λέγον.
779 1818 866 1842 Ταῦτα
897 1816 944 1851 μὲν

123 1857 163 1890 σὺ,
193 1856 304 1894 βασιλΞῦ
320 1856 469 1894 Σολομῶν,
491 1861 580 1890 ποιεῖς
606 1860 685 1895 ἡμῖν’
718 1859 784 1896 μετὰ
800 1858 829 1887 δὲ
843 1860 942 1897 χρόνον

122 1902 189 1935 τινὰ,
217 1901 360 1939 ῥαγήσεταί
389 1912 433 1930 σοι
461 1903 478 1937 ἡ
506 1901 630 1940 βασιλεία
659 1914 707 1930 σου
733 1903 777 1931 καὶ
807 1903 889 1932 πάλιν
917 1904 942 1931 ἐν

124 1952 205 1988 καιρῷ
235 1949 446 1989 ὂιαφραγήσεται
464 1951 477 1977 ὁ
493 1952 554 1983 ναὸς
580 1951 658 1983 οὗτος
687 1953 732 1979 καὶ
762 1952 944 1988 συνλουθήσε-

124 2005 164 2022 ται
179 1995 211 2031 (Ῠ)
242 1997 315 2022 πᾶσα
340 1995 522 2032 Ἰερουσαλὴμ
538 2017 544 2029 ,
580 1996 632 2023 ἀπὸ
672 1995 806 2034 βασιλέως
832 2000 941 2035 Περσῶν

125 2039 165 2066 καὶ
193 2038 293 2074 Μήδων
309 2038 353 2065 καὶ
369 2038 523 2066 Χαλδαίων·
550 2040 595 2067 καὶ
616 2041 649 2068 τὰ
677 2041 757 2076 σκεύη
773 2041 871 2069 τούτου
894 2045 943 2069 τοῦ

124 2085 191 2119 ναοῦ,
219 2083 248 2110 ’ὸν
277 2082 308 2110 σὺ
336 2086 436 2116 ποιεῖς,
467 2082 637 2111 δουλώσουσι
668 2085 749 2119 θεοῖς,
782 2087 840 2121 μεθ’
857 2086 893 2113 ὧν
911 2085 942 2113 ἂν

124 2132 165 2159 καὶ
187 2131 268 2159 πάντα
283 2132 316 2158 τὰ
346 2132 440 2169 ἀγγεῖα
472 2132 497 2159 ἐν
524 2134 565 2164 οἷς
594 2134 668 2169 ἡμᾶς
691 2133 850 2171 κατρκλύεις
873 2133 943 2162 κλα-

125 2177 258 2212 οθήσονται
289 2176 341 2204 ὑπὸ
368 2178 469 2214 χειρῶν
497 2177 648 2215 ἀνθρώπων
666 2200 673 2212 ,
698 2178 743 2205 καὶ
770 2178 831 2206 τότε
858 2180 940 2215 ἡμεῖς

125 2220 308 2257 ἰξελευσὸμεῡα
342 2220 367 2248 ἐν
397 2220 492 2258 πολλῇ
524 2220 635 2258 δυνάμει
665 2220 738 2254 ἔνθεν
767 2223 812 2250 καὶ
841 2222 914 2255 ἔνθεν
932 2245 939 2258 ,

1003 948 1031 973 et
1044 946 1130 973 aliam
1147 947 1273 982 speciem
1290 946 1400 980 habeo;
1417 948 1446 973 et
1459 953 1494 973 ne
1517 946 1589 973 velis
1604 954 1637 973 ex
1663 945 1729 972 istis
1754 945 1828 972 scire

1003 990 1102 1018 omnia
1117 999 1178 1026 quis
1190 993 1260 1018 sunt
1275 991 1310 1017 de
1324 998 1388 1024 me;
1406 990 1455 1018 sed
1474 990 1614 1026 quoniam
1647 990 1717 1017 ades
1743 988 1827 1022 mihi,

1002 1037 1121 1070 propter
1135 1035 1189 1062 hoc
1206 1035 1273 1062 audi
1293 1043 1299 1062 :
1314 1037 1375 1070 Ego
1397 1034 1512 1062 assideo
1528 1034 1614 1068 lunae,
1636 1036 1663 1061 et
1685 1034 1750 1060 ideo
1767 1036 1827 1060 tres

1003 1079 1111 1106 formas
1127 1079 1219 1107 habeo
1238 1087 1244 1107 ε
1262 1079 1438 1114 quandoque
1462 1079 1581 1114 quidem
1609 1078 1732 1113 magicis
1757 1077 1826 1104 arli-

1002 1123 1057 1151 bus
1073 1124 1206 1159 subjecta
1235 1132 1251 1151 a
1282 1123 1476 1159 sapientibus,
1500 1123 1535 1150 [io
1565 1122 1650 1158 quasi
1673 1122 1823 1157 Tempus;

1001 1169 1176 1204 quandoque
1193 1171 1290 1196 autem
1308 1168 1418 1196 circum
1434 1169 1612 1196 dcducentcs
1629 1176 1675 1195 me
1690 1167 1822 1202 ambulo,

1001 1215 1030 1241 et
1039 1213 1138 1241 videor
1155 1213 1247 1240 altera
1264 1213 1367 1246 forma,
1383 1213 1519 1240 elementi
1537 1221 1675 1240 mensura
1700 1212 1821 1239 inscibi—

1001 1257 1047 1292 lis,
1064 1257 1301 1291 indeterminata,
1319 1257 1524 1290 indomabilis;
1541 1265 1593 1292 ego
1609 1256 1698 1292 igitur
1711 1257 1739 1283 in
1763 1259 1823 1284 tres

1001 1302 1108 1330 formas
1124 1302 1292 1334 immutata,
1306 1302 1379 1329 vado
1395 1304 1423 1329 et
1437 1301 1504 1329 talis
1520 1301 1557 1328 lio
1582 1300 1700 1336 qualem
1722 1301 1823 1333 vides;

1000 1346 1113 1373 viribus
1129 1347 1248 1381 frangor
1263 1346 1299 1373 ab
1316 1345 1418 1381 angelo
1436 1345 1596 1373 Rathunael
1612 1345 1661 1380 qui
1685 1344 1767 1372 sedet
1790 1345 1821 1372 in

1000 1390 1086 1418 tertio
1103 1389 1174 1417 coelo
1188 1403 1194 1424 ;
1211 1393 1330 1426 propter
1345 1390 1398 1417 hoc
1413 1390 1503 1425 igitur
1518 1389 1583 1417 dice
1600 1389 1664 1423 tibi,
1691 1398 1748 1417 non
1776 1397 1824 1424 po-

1000 1436 1057 1462 test
1075 1443 1119 1462 me
1135 1442 1236 1469 capere
1252 1434 1394 1469 templum
1411 1434 1501 1461 istud.
1534 1436 1592 1469 Ego
1622 1433 1712 1469 igitur
1740 1433 1821 1460 Salo-

1001 1487 1068 1506 mon
1085 1487 1184 1515 preces
1199 1479 1324 1506 fundens
1340 1481 1407 1512 Deo,
1424 1478 1559 1506 advocavi
1576 1477 1713 1514 angelum
1736 1486 1822 1513 quem

1001 1523 1073 1550 dixit
1088 1523 1159 1550 mihi
1176 1523 1348 1558 Rathanael,
1376 1523 1430 1550 feci
1448 1523 1591 1550 annulum
1622 1522 1734 1558 signavi
1759 1530 1822 1558 eam

1002 1571 1104 1596 catena
1119 1567 1241 1604 triplici,
1257 1570 1285 1595 et
1300 1568 1386 1602 infra,
1404 1568 1555 1595 vinculum
1571 1570 1689 1602 catenas,
1703 1567 1755 1594 feci
1780 1567 1822 1594 si-

1002 1621 1093 1648 gnum
1109 1612 1179 1646 Dei;
1196 1615 1225 1640 et
1249 1612 1433 1648 prophetuvit
1459 1612 1532 1639 mihi
1560 1612 1682 1647 spiritus
1697 1611 1798 1639 dicens
1814 1620 1820 1638 :

1002 1657 1066 1684 limo
1082 1660 1124 1690 tu,
1141 1665 1189 1684 rex
1203 1656 1351 1690 Salomon,
1368 1656 1439 1684 facis
1463 1657 1568 1691 nobis;
1586 1656 1636 1684 sed
1662 1659 1728 1692 post
1752 1658 1822 1683 tem.

1001 1709 1056 1736 pus
1072 1701 1219 1736 quoddam
1236 1701 1385 1736 frangetur
1399 1709 1521 1737 regnum
1539 1703 1635 1735 tuum,
1665 1703 1693 1728 et
1717 1708 1820 1727 rursus

1000 1745 1029 1772 in
1046 1748 1177 1780 tempore
1193 1744 1488 1780 everteturtemplum
1501 1745 1623 1777 istud,et
1634 1745 1821 1772 subvertetur

1000 1790 1096 1817 omnis
1111 1789 1274 1817 Jerusalem
1291 1798 1308 1816 a
1327 1797 1394 1825 rege
1417 1791 1586 1823 Persarum,
1611 1789 1762 1816 Medorum
1791 1790 1820 1816 et

1000 1833 1213 1866 Cbaldzeorum;
1230 1835 1258 1860 et
1272 1833 1370 1860 omnia
1385 1841 1455 1860 vasa
1469 1833 1570 1868 templi
1589 1833 1680 1868 hujus
1691 1833 1767 1868 quod
1789 1834 1820 1859 tu

1000 1878 1080 1913 facis,
1097 1878 1225 1905 servient
1239 1877 1305 1911 diis;
1322 1876 1468 1912 simulque
1480 1877 1579 1905 omnia
1588 1878 1707 1905 vascula
1718 1878 1747 1904 in
1759 1877 1822 1913 qui-

998 1922 1054 1950 bus
1066 1921 1255 1949 nosincludis
1268 1922 1488 1957 confringentur
1504 1922 1639 1950 manibus
1655 1922 1819 1955 hominum;

998 1969 1026 1994 et
1038 1969 1107 1994 tunc
1123 1966 1266 1994 exibimus
1283 1967 1311 1993 in
1328 1974 1434 2002 magna
1450 1969 1601 2002 potestate,
1614 1967 1682 1994 hinc
1697 1969 1725 1994 et
1739 1966 1818 2000 hinc,

998 2014 1026 2039 et
1040 2011 1070 2039 in
1086 2011 1186 2039 orbem
1203 2011 1420 2046 dispergemur;
1442 2013 1470 2038 et
1489 2011 1682 2039 lustrabimus
1700 2019 1816 2039 omnem

997 2059 1104 2083 terram
1122 2055 1214 2083 multo
1230 2058 1370 2090 tempore,
1383 2056 1474 2083 donec
1486 2056 1533 2083 Dei
1546 2055 1635 2083 Filius
1646 2057 1819 2084 extendatur

997 2100 1027 2127 in
1043 2099 1136 2135 ligno;
1163 2107 1217 2127 nos
1237 2098 1316 2126 enim
1339 2099 1394 2126 erit
1409 2098 1476 2126 talis
1501 2107 1550 2126 rex
1575 2099 1680 2127 similis
1697 2099 1750 2134 illi,
1767 2099 1817 2134 qui

996 2152 1099 2172 omnes
1126 2152 1178 2171 nos
1208 2144 1319 2178 domat,
1357 2143 1442 2178 cujus
1477 2146 1572 2171 mater
1604 2143 1717 2171 homini
1758 2151 1816 2170 non

996 2188 1251 2221 commiscebitur;
1267 2190 1296 2215 et
1311 2187 1378 2223 quis
1393 2188 1517 2223 accipiat
1541 2187 1628 2215 talem
1643 2190 1817 2224 potestatem

995 2232 1024 2260 in
1041 2232 1187 2268 spiritum.
1203 2232 1261 2259 nisi
1277 2231 1324 2259 hic
1341 2239 1427 2267 quem
1443 2232 1580 2268 princeps
1596 2232 1732 2260 diabolus
1754 2234 1817 2259 ten-

123 2269 162 2297 καὶ
189 2269 226 2301 εἰς
251 2270 299 2297 τὸν
328 2270 430 2306 κόσμον
459 2271 733 2308 κατασπαρησόμεθα·
759 2272 804 2299 καὶ
831 2271 934 2307 πλανή-

1027 2285 1056 2304 re
1072 2277 1224 2312 quaaret,et
1234 2284 1291 2303 non
1305 2275 1472 2311 praevalebit
1483 2277 1624 2304 adversus
1639 2284 1718 2308 eum,
1734 2277 1818 2311 cujus

125 2324 196 2350 σομεν
212 2317 297 2341 πᾶσαν
313 2315 361 2349 τὴν
387 2314 550 2351 οἰκουμένην
583 2315 667 2353 μέχρι
696 2315 806 2344 πολλοῦ
833 2319 940 2353 καιροῦ,

123 2362 169 2394 ἓως
182 2363 226 2390 τοῦ
251 2365 317 2390 Θεοῦ
338 2364 352 2390 ὁ
373 2363 435 2391 Υἱὸς
461 2366 578 2401 τανυσοῇ
608 2364 651 2392 ἐπὶ
671 2364 763 2401 ξύλου’
797 2366 840 2393 καὶ
873 2366 935 2394 οὐκ·

127 2408 160 2435 ἐτι
182 2408 231 2445 γὰρ
256 2407 358 2445 γίνεται
389 2411 513 2440 τοιοῦτος
537 2408 663 2445 βασιλεὺς
692 2409 790 2446 ὅμοιος
810 2410 894 2446 αὐτῷ,
919 2411 933 2437 ὁ

997 2321 1125 2349 nominis
1141 2320 1271 2348 calculus
1286 2321 1349 2354 644,
1360 2320 1411 2355 qui
1427 2322 1471 2347 est
1484 2320 1676 2348 Emmanuel?
1698 2322 1819 2356 Propter

992 2367 1111 2399 boc,rex
1121 2365 1395 2400 Salomon,tempus
1411 2367 1495 2392 tuum
1513 2365 1636 2398 malum,
1652 2368 1679 2393 et
1694 2366 1763 2393 anni
1775 2364 1818 2392 tui

991 2411 1076 2447 pauci
1094 2413 1122 2438 et
1147 2409 1228 2444 mali,
1253 2417 1335 2437 servo
1361 2411 1412 2436 tuo
1432 2410 1565 2437 tradetur
1593 2417 1716 2445 regnum
1732 2412 1816 2437 tuum

126 2453 216 2483 πάντας
231 2453 304 2488 ἡμᾶς
319 2454 470 2490 καταργῶν,
487 2453 518 2479 οὗ
532 2454 550 2487 ὴ
577 2454 668 2491 μήτηρ
685 2453 761 2492 ἀνδρί
779 2454 808 2482 οὐ
826 2456 980 2492 μιγήςιέται1
995 2454 1040 2482 καὶ
1053 2453 1095 2484 τίς
1106 2451 1177 2490 λάϐῃ
1190 2452 1318 2487 τοιαύτην
1335 2451 1454 2487 ἐξουσίαν
1468 2453 1536 2480 κατὰ
1550 2452 1722 2489 πνευμάτων,
1738 2452 1760 2480 εἰ
1778 2454 1815 2490 μή

129 2496 228 2532 ἐκεῖνος,
245 2496 274 2524 ὃν
292 2497 305 2523 ὁ
321 2499 430 2532 πρῶτος
445 2494 574 2528 διάϐολος
592 2500 716 2534 πειρᾶσαι
731 2499 841 2533 ζητήσει
857 2499 902 2526 καὶ
919 2499 968 2526 οὐκ
984 2499 1089 2536 ἰσχύσει
1105 2498 1172 2535 πρὸς
1189 2497 1279 2524 αὐτόν’
1296 2495 1327 2524 οὗ
1342 2497 1359 2531 ὴ
1377 2498 1467 2534 ψῆφος
1481 2499 1529 2524 τοῦ
1545 2497 1677 2534 ὀνόματος
1703 2496 1778 2535 χμδ⁷,
1804 2497 1818 2523 ὃ

128 2540 186 2567 ἐστιν
202 2539 391 2577 Ἐμμανουήλ.
409 2541 457 2567 Διὰ
471 2543 562 2577 τοῦτο,
581 2541 693 2579 βασιλεῖ»
709 2541 857 2579 Σολομῶν,
870 2544 883 2570 ὁ
898 2543 992 2581 καιρός
1007 2553 1054 2570 σου
1069 2542 1199 2579 πονηρὸς,
1216 2541 1261 2569 καὶ
1276 2541 1309 2568 τὰ
1324 2538 1370 2576 ἔτη
1386 2551 1435 2568 σου
1452 2543 1535 2580 μικρὰ
1563 2543 1605 2569 καὶ
1630 2543 1746 2580 πονηρά·
1772 2541 1816 2569 καὶ

125 2587 159 2620 τῷ
169 2583 252 2621 δούλῳ
266 2595 314 2612 σου
330 2584 473 2620 δοθήσετα,
490 2586 507 2620 ὴ
526 2586 650 2623 βασιλεία
665 2598 724 2616 σου.

156 2630 227 2666 Κάγὼ
253 2629 399 2666 Σολομῶν,
424 2629 539 2660 ἀκούσας
561 2633 655 2666 ταῦτα,
671 2631 782 2668 ἐδόξασα
796 2633 841 2660 τὸν
871 2632 934 2660 Θεὸν

125 2673 162 2700 καὶ
183 2673 316 2709 θαυμάσας
330 2675 384 2700 τῶν
401 2671 539 2710 δαιμόνων
556 2674 603 2705 τὰς
629 2673 779 2713 ἀπολογίας
803 2674 856 2707 ἓως
881 2677 935 2703 τῶν

126 2715 279 2753 ἆποϐάσιων,
305 2717 437 2753 ἠπίστουν
453 2717 556 2750 αὐτοῖς·
575 2719 620 2746 καὶ
642 2719 691 2747 οὐκ
715 2719 854 2747 ἐπίστευον
878 2723 937 2752 τοῖς

127 2761 269 2800 λεγομένοις
295 2762 340 2790 ὑπ’
365 2761 464 2790 αύτῶν·
493 2762 537 2791 ὅτε
563 2761 593 2791 δὶ
617 2762 762 2801 ἕγὲνοντο,
789 2764 851 2792 τότε
880 2775 937 2793 συν-

1026 2633 1086 2668 Ego
1101 2631 1248 2664 Salomon,
1264 2631 1324 2658 haec
1335 2631 1596 2665 audiens,laudavi
1611 2632 1815 2664 Dominum,et

992 2677 1156 2705 admiratus
1167 2675 1379 2704 daamoniorum
1389 2676 1585 2711 defensiones,
1602 2685 1695 2712 usque
1706 2676 1741 2704 ad
1756 2676 1813 2704 exi-

990 2724 1055 2749 tum
1072 2729 1128 2749 non
1144 2721 1299 2748 credebam
1328 2720 1381 2756 eis,
1397 2728 1450 2748 nec
1471 2721 1654 2750 conﬁdebam
1683 2721 1720 2749 iis
1749 2729 1812 2756 quae

992 2766 1164 2795 dicebantur
1184 2764 1312 2800 abillis;
1342 2772 1409 2794 cum
1427 2767 1525 2795 autem
1549 2767 1717 2801 evenerunt,
1740 2767 1811 2794 tunc
