1932 3050
108 86 185 117 1339

586 88 782 120 ΑΡΡΕΝΠΙΧ
803 89 856 120 AD
879 87 1112 120 MICHAELEM
1135 88 1328 120 PSELLUM.

1738 87 1818 118 1340

105 152 247 187 intellexi,
264 155 291 180 el
302 152 330 179 in
349 154 443 180 morte
456 160 522 181 mea
532 154 635 190 scripsi
649 157 860 185 testamentum

1081 155 1126 182 xui
1145 154 1170 182 ὲν
1192 156 1232 191 τῷ
1258 155 1363 190 θανάτῳ
1386 165 1438 191 μου
1467 153 1569 194 ἕγραφα
1595 155 1645 190 τὴν
1676 153 1817 189 διαθηκήν

107 205 160 232 pro
172 196 240 224 ﬁliis
252 196 384 229 Israel,et
396 196 462 224 dedi
471 198 523 233 eis,
538 201 569 227 ut
584 200 679 228 sciant
695 203 853 237 potestates
870 201 927 229 daa-

108 249 239 276 monum,
266 244 295 269 et
323 241 433 270 formas
463 250 576 279 eorum,
606 248 635 273 et
662 246 783 274 nomina
809 245 928 282 angelo-

108 295 174 314 rum
200 295 217 314 a
239 286 346 322 quibus
375 287 534 316 domantur
558 290 723 325 daemones;
751 293 780 318 et
804 291 929 319 laudans

108 330 266 358 Dominum
278 331 370 358 Deum
385 332 484 366 Israel,
496 334 573 368 jussi
589 337 621 361 ut
634 335 794 363 vinciretur
815 336 929 363 damon

108 375 233 403 vinculis
245 375 467 405 insolubilibus.
485 378 518 405 Et
532 379 721 408 benediciens
736 380 839 414 Deum,
853 379 929 416 jussi

107 422 140 447 ut
154 420 270 447 adesset
282 420 352 448 mihi
371 421 447 449 alius
458 421 627 458 spiritus.Et
635 424 714 452 venit
729 425 759 452 in
772 427 929 460 conspectu

107 473 172 492 meo
188 464 263 492 alius
278 465 392 493 daemon
405 466 517 494 habens
533 468 660 503 speciem
683 469 828 504 posterius
850 469 928 505 equi,

107 514 238 541 anterius
254 516 351 542 autem
365 515 464 551 piscis,
477 518 505 543 et
520 525 574 544 vox
589 520 651 545 erat
666 518 690 545 ei
707 526 825 554 magna,
842 520 870 546 et
885 517 928 546 di-

106 559 149 586 xit
165 559 236 586 mihi
254 567 260 585 :
278 559 337 586 Rex
352 559 501 596 Salomon,
517 569 569 597 ego
581 563 702 598 spiritus
719 564 850 591 marinus
862 572 928 591 sum

108 603 302 638 perniciosus,
328 606 357 632 et
379 604 507 633 delector
532 607 562 634 in
587 616 657 636 auro
674 610 702 635 et
718 610 860 643 argento;
876 616 928 643 ego

108 648 186 676 enim
202 648 270 676 talis
281 657 347 676 sum
359 649 482 685 spiritus
497 658 669 688 exsurgens,
684 656 712 680 et
723 653 829 681 vadens
842 660 931 688 super

108 701 175 721 arva
191 694 316 729 aequorei
332 694 433 729 maris,
462 698 490 724 et
517 697 637 732 expedio
664 698 834 734 navigantes
850 697 879 725 in
896 706 930 726 ea

105 738 201 772 viros;
219 739 310 766 excito
326 739 403 767 enim
433 740 580 776 meipsum
605 742 634 768 in
661 742 767 770 fluctus
788 745 816 770 et
831 745 929 770 trans-

107 785 224 816 mutor;
240 783 339 810 insilio
355 785 383 811 et
396 784 585 820 ingrediorin
602 786 745 820 navibus;
764 789 792 815 et
807 787 861 814 hoc
885 789 930 815 est

107 835 181 862 opus
198 835 294 854 meum
308 827 463 864 colligendi
475 829 594 857 divitias
604 833 631 858 et
647 831 799 865 homines;
818 831 928 867 accipio

106 871 195 906 enim,
209 874 237 898 et
248 871 350 906 excito,
367 874 396 900 et
412 874 530 909 projicio
543 874 677 903 homines
691 884 706 903 e
721 876 811 910 mari;
828 877 868 904 sic
879 877 927 904 de-

104 915 201 943 sidero
218 924 349 951 corpora,
363 917 416 944 sed
437 918 557 953 projicio
573 927 607 947 ea
632 922 713 948 extra
738 928 817 948 mare
834 929 928 956 usque

105 968 194 987 nunc.
209 960 352 992 Quoniam
368 961 519 989 Beelzebul
536 963 685 999 imperans
710 964 797 992 aeriis
818 964 927 1000 spiriti-

106 1005 162 1032 bus
177 1006 206 1032 ct
232 1005 342 1040 inferis,
360 1008 389 1034 et
403 1007 588 1035 terrenorum
610 1008 747 1036 dominus
773 1010 801 1036 et
826 1010 929 1045 regnat

107 1049 136 1076 in
153 1057 256 1077 omnes
276 1050 510 1086 uniuscujusque
533 1053 669 1080 nostrum
697 1053 845 1088 actiones;
861 1061 928 1089 pro-

109 1096 172 1130 pter
181 1093 235 1121 hoc
247 1094 320 1122 exivi
334 1103 350 1122 a
362 1094 465 1131 pelago
477 1098 509 1123 ut
520 1096 678 1124 consilium
688 1097 829 1133 accipiam
839 1097 875 1125 ab
884 1106 927 1131 eo;

107 1143 201 1171 habeo
217 1145 314 1171 autem
325 1144 412 1171 aliam
428 1145 552 1180 gloriam
564 1147 592 1173 et
602 1147 816 1181 operationem;
833 1148 928 1174 trans-

107 1189 206 1215 mutor
221 1188 250 1214 in
267 1191 367 1223 aestus,
380 1191 408 1216 et
423 1197 490 1217 exeo
502 1198 517 1217 e
531 1190 616 1223 mari,
628 1193 656 1218 et
671 1191 794 1218 ostendo
813 1199 859 1218 me
875 1191 929 1218 ho-

107 1231 289 1267 minibus,ut
299 1235 382 1260 terrae
393 1233 495 1261 incolae
506 1237 609 1262 vocent
621 1243 666 1262 me
677 1235 764 1264 Canis
773 1236 929 1271 templum,

108 1276 178 1311 quia
207 1276 349 1304 immutor
373 1277 402 1304 in
428 1278 578 1306 hominem
595 1287 602 1306 :
619 1287 720 1307 verum
745 1282 791 1307 est
823 1288 930 1308 nomen

110 1328 219 1354 meum;
238 1329 378 1349 nauseam
390 1322 518 1350 immitto
534 1331 585 1359 per
600 1332 756 1351 ascensum
782 1332 880 1352 meum
899 1324 929 1352 in

109 1364 254 1399 homines;
272 1366 335 1393 veni
352 1367 442 1402 igitur
463 1367 493 1395 in
519 1368 676 1395 consilium
693 1368 833 1404 principis
848 1368 930 1396 Beel-

107 1409 202 1442 zebul,
233 1412 261 1437 et
294 1410 422 1446 alligavit
435 1420 492 1446 me,
518 1414 547 1440 et
571 1413 695 1440 tradidit
718 1421 765 1441 me
781 1413 810 1440 in
827 1421 931 1441 manus

108 1455 186 1488 tuas,
202 1456 231 1482 et
247 1463 299 1491 ego
315 1456 420 1483 adsum
433 1464 531 1484 coram
548 1459 576 1484 te
590 1465 641 1492 per
656 1457 787 1493 sigillum
803 1457 892 1491 istud,
903 1459 932 1485 et

107 1501 137 1525 tu
157 1506 203 1526 me
219 1499 401 1535 interrogas;
418 1508 484 1528 ecce
499 1509 577 1528 nunc
598 1501 655 1529 duo
672 1503 701 1529 et
714 1503 774 1529 tres
789 1502 863 1535 dies,
879 1502 931 1529 de-

108 1543 180 1570 sinit
201 1545 305 1572 ventus
330 1543 421 1579 loqui,
437 1553 470 1572 eo
491 1546 569 1580 quod
585 1554 643 1573 non
661 1546 766 1573 habeat
781 1554 826 1573 me
842 1554 929 1582 aqua.

108 1586 141 1614 Et
157 1587 214 1614 dixi
230 1596 281 1623 ego
293 1588 318 1615 ei
340 1597 347 1616 :
363 1590 386 1616 A
402 1597 459 1624 quo
476 1589 579 1625 angelo
601 1589 774 1626 impotentia
795 1590 930 1626 plecteris

106 1631 157 1658 tu?
173 1632 206 1659 Et
219 1632 259 1659 ait
281 1642 290 1660 ε
315 1633 368 1661 Per
395 1633 523 1661 Jameth.
550 1634 584 1661 Et
608 1642 661 1670 ego
677 1634 802 1662 laudans
826 1635 929 1671 Deum,

102 1676 181 1710 jussi
194 1676 391 1712 utinjicerent
406 1678 568 1706 daemonem
584 1678 614 1706 in
631 1678 772 1714 phialam,
794 1681 822 1707 et
845 1679 930 1706 unda:

109 1721 198 1748 maris
215 1729 368 1750 mensuras
383 1723 483 1750 decem
500 1725 687 1751 mensuratas
711 1723 767 1758 bis,
782 1725 810 1751 et
838 1723 931 1759 sepivi

105 1773 225 1792 sursum
242 1767 551 1799 marmore,bitumine
562 1770 589 1795 et
599 1767 678 1802 pisce
692 1768 722 1794 in
739 1775 771 1795 os
787 1768 930 1804 angeli,et

107 1817 172 1836 cum
189 1810 353 1845 signassem
370 1811 578 1846 annulo,jussi
597 1814 627 1839 ut
644 1815 801 1847 poneretur
815 1812 845 1839 in
857 1814 930 1840 tem-

107 1854 154 1889 plo
167 1854 233 1890 Dei;
250 1857 278 1882 et
291 1856 428 1883 mandavi
444 1858 477 1883 ut
492 1857 609 1884 adesset
620 1857 691 1884 mihi
705 1857 780 1885 alius
796 1857 930 1892 spiritus.

107 1903 142 1930 Et
155 1904 236 1931 venit
250 1904 279 1932 in
295 1907 453 1940 conspectu
475 1913 537 1933 meo
553 1905 582 1933 in
598 1905 769 1933 servitutem
795 1906 931 1934 redactus

107 1947 182 1976 alius
196 1949 318 1984 spritus,
335 1949 465 1976 hominis
482 1949 596 1977 habens
611 1950 715 1978 faciem
730 1950 929 1985 tenebrosam,

110 1993 210 2019 oculos
226 1992 368 2026 lucentes,
380 1996 409 2021 et
423 1994 453 2021 in
471 2002 562 2022 manu
579 1995 674 2022 ferens
686 1994 833 2030 gladium;
847 1997 875 2023 et
886 1995 930 2022 in-

109 2037 253 2073 terrogavi
270 2046 336 2066 eum
355 2047 362 2066 :
377 2039 420 2066 Tu
443 2039 510 2075 quis
535 2039 603 2067 est?
618 2039 672 2071 Qui
698 2039 739 2066 ait
756 2048 762 2066 :
780 2039 837 2075 Ego
865 2047 930 2067 sum

110 2082 232 2117 spiritus
248 2084 350 2118 potens
366 2083 495 2117 hominis
508 2083 636 2119 gigantis
652 2083 680 2111 in
697 2083 774 2111 caede
790 2084 930 2118 defuncti,

109 2128 240 2162 tempore
255 2127 499 2162 gigantium.Dixi
508 2128 534 2155 ei
546 2136 552 2154 :
565 2128 665 2155 Indica
682 2128 754 2156 mihi
771 2128 842 2163 quid
862 2136 932 2164 agas

110 2170 140 2198 in
152 2173 239 2205 terra,
254 2173 282 2198 et
295 2179 353 2207 quo
370 2172 469 2199 sedem
485 2172 603 2200 habeas.
620 2173 674 2204 Qui
690 2173 730 2200 ait
745 2180 752 2200 :
768 2173 856 2200 Sedes
867 2180 933 2200 mea

982 199 1083 234 ταύτην
1099 200 1166 237 πρὸς
1192 199 1256 231 τοὺς
1284 198 1359 230 υἱοὺς
1378 198 1501 237 Ἰσραὴλ,
1528 199 1573 227 καὶ
1589 198 1679 227 ἔδωκα
1707 199 1819 233 αὐτοῖς,

984 244 1053 271 ὥστε
1081 242 1179 272 εἰδέναι
1209 244 1256 274 τὰς
1288 242 1416 280 δυνάμεις
1446 246 1499 271 τῶν
1526 243 1664 280 δαιμόνων
1691 244 1741 271 xui
1770 244 1819 275 τὰς

986 289 1092 326 μορφάς
1121 288 1219 323 αὐτῶν,
1245 288 1290 315 καὶ
1313 288 1347 316 τὰ
1370 288 1490 325 ὀνόματα
1506 288 1592 316 αὐτῶν
1608 291 1662 316 τῶν
1686 287 1818 326 ἆγγέλων

984 332 1010 360 ιν
1036 334 1077 364 οἷς
1101 334 1297 370 καταργοῦνται
1320 333 1346 360 οἱ
1370 331 1510 368 δαίμονες·
1540 333 1585 360 xxi
1615 331 1731 368 δοξάσας
1761 331 1819 360 Ka-

985 387 1044 415 ριον
1080 377 1126 404 τὸν
1165 377 1229 404 Θεὸν
1267 376 1389 415 Ἰσραὴλ,
1422 375 1550 404 ἐκέλευσα
1577 375 1761 414 περιόεθῆναι
1786 377 1820 403 τὸ

983 423 1090 458 πνεῦμα
1118 419 1230 458 δεσμοῖς
1261 421 1383 452 ἀλύτοις.
1413 421 1462 448 Καὶ
1492 421 1644 459 εὐλόγησας
1663 422 1710 448 τὸν
1735 421 1819 454 Θεὸν,

984 469 1111 498 ἐκέλευσα
1149 473 1273 508 παρεῖναι
1302 468 1393 508 ’ἕτερον
1431 472 1555 506 πνεῦμα·
1588 471 1631 497 καὶ
1657 470 1731 504 ἦλθε
1762 470 1820 506 πρὸ

985 514 1134 553 προσώπου
1163 526 1217 552 μου
1245 513 1335 552 ἕτερον
1367 512 1508 551 ὃαιμὸνιον
1530 513 1594 553 ἔχον
1621 514 1670 549 τήν
1703 514 1821 552 μορφήν

985 558 1134 596 ἔμπροσθεν
1162 558 1260 594 ἵππου,
1291 558 1399 591 ὄπισθεν
1428 557 1456 586 δὲ
1480 559 1586 596 ἰχθύος,
1611 559 1655 586 καὶ
1672 559 1755 597 φωνή
1781 559 1817 592 ἦν

985 603 1057 639 αὐτῷ
1082 604 1198 641 μεγάλη,
1223 603 1268 631 καὶ
1284 602 1361 641 ἔλεγε
1375 603 1443 641 πρός
1462 613 1503 640 με·
1521 603 1638 632 Βασιλεῦ
1658 602 1818 639 Σολομῶν,

985 647 1040 686 ἐγὼ
1055 651 1160 685 πνεῦμα
1189 647 1331 681 θαλάσσιον
1355 647 1413 685 εἲμί
1444 646 1577 685 χαλεπὸν,
1597 648 1643 676 καὶ
1668 646 1819 684 ἀποδέχο-

985 703 1033 729 μαι
1049 692 1075 720 ἐν
1093 695 1187 731 χρυσῷ
1202 693 1245 720 καὶ
1263 693 1383 731 ἀργύρῳ·
1414 693 1468 730 ἐγὼ
1500 695 1623 720 τοιοῦτον
1654 691 1714 729 εἰμὶ
1735 693 1823 719 πνεῦ-

986 748 1022 774 μα
1038 736 1237 775 διεγειρόμενον
1267 737 1312 765 καὶ
1340 736 1489 775 ἐρχόμενον
1519 737 1561 765 hri
1591 737 1624 764 τὰ
1654 735 1821 773 ἀπλώματα

983 784 1031 809 τοῦ
1060 781 1155 813 ὕδατος
1179 786 1229 817 τῆς
1259 781 1419 817 Θαλάσσης,
1453 782 1498 809 xui
1527 780 1662 816 ἑκποδίζω
1692 780 1762 812 τοὺς
1794 780 1822 807 ἰν

983 827 1052 864 αὐτῇ
1081 825 1216 859 πλέοντας
1257 826 1438 863 ἀνθρώπουςο
1468 825 1584 864 διεγύρω
1610 826 1661 864 γὰρ
1692 825 1820 862 ἐμαυτὸν

983 871 1021 902 εἰς
1042 873 1116 907 κῦμα
1145 871 1189 898 καὶ
1217 873 1455 908 μεταμορφοῢμαι,
1486 871 1619 909 ἐπιρίπτω
1648 871 1694 898 καὶ
1722 870 1819 898 ἐπεισ-

983 916 1102 953 ἑρχομαι
1125 918 1184 946 τοῖς
1200 915 1317 946 πλοίοις.
1335 916 1386 943 Καὶ
1401 914 1468 950 αὕτη
1496 926 1548 952 μου
1564 915 1633 942 ἐστὶν
1663 916 1681 949 ἡ
1700 914 1819 952 ἐργασία

981 962 1029 988 τοῦ
1057 958 1236 997 ὑποδέχεσθαι
1261 959 1294 987 τὰ
1323 960 1454 997 χρήματα
1475 960 1520 987 καὶ
1545 959 1609 991 τοὺς
1635 959 1818 996 ἀνθρώπους·

983 1002 1116 1041 λαμϐάνω
1137 1005 1187 1042 γὰρ
1211 1004 1256 1031 καὶ
1283 1003 1460 1041 διεγείρομαι,
1491 1005 1535 1031 καὶ
1566 1003 1721 1042 διαρῥὶπτω
1748 1003 1818 1034 τοὺς

982 1049 1143 1087 ἀνθρώπους
1167 1048 1219 1076 ἀπὸ
1247 1052 1297 1083 τῆς
1321 1047 1461 1084 θαλάσσης
1477 1058 1484 1064 ·
1517 1047 1603 1079 οὕτως
1630 1048 1688 1084 εἶμί
1716 1047 1820 1075 ἐπιθυ-

986 1095 1043 1129 μῶν
1058 1092 1202 1129 σωμάτων
1233 1093 1296 1120 ἀλλ’
1312 1092 1430 1129 ἒκρίπτω
1456 1092 1522 1120 αὐτὰ
1550 1091 1600 1127 ἔξω
1625 1094 1674 1124 τῆς
1705 1091 1816 1119 θαλασ-

984 1149 1034 1172 σης
1060 1136 1111 1168 ἕως
1140 1139 1189 1165 τοῦ
1218 1136 1308 1174 δεῦρο.
1345 1137 1454 1172 Ἐπειδὴ
1477 1136 1505 1164 δὲ
1529 1134 1701 1171 Βεελζεϐοὺλ
1718 1137 1819 1174 ἄρχων

983 1185 1036 1210 τῶν
1058 1179 1156 1221 ἆιρίων
1181 1184 1343 1220 πνευμάτων
1373 1183 1417 1210 καὶ
1441 1183 1640 1220 καταχθονίων,
1670 1182 1717 1210 καὶ
1755 1182 1819 1209 ἐπι-

984 1227 1063 1265 γείων
1092 1227 1219 1262 δεσπότα,
1235 1227 1280 1255 καὶ
1304 1225 1497 1264 συμϐασιλεύει
1523 1227 1562 1258 εἷς
1589 1227 1636 1258 τὰς
1660 1227 1720 1258 ἑνὸς
1750 1226 1817 1254 ἐκά-

985 1283 1049 1299 στου
1077 1273 1158 1308 ἡμῶν
1187 1271 1308 1309 πράξεις·
1339 1271 1384 1299 διὰ
1411 1274 1493 1300 τοῦτο
1521 1272 1597 1309 κάγὼ
1625 1269 1726 1306 ἀνέϐην
1759 1271 1817 1298 ἀπὸ

983 1325 1033 1356 τῆς
1063 1320 1212 1357 θαλάσσης*
1243 1321 1334 1358 σκέψιν
1360 1321 1421 1348 τινὰ
1449 1318 1541 1348 λαϐεῖν
1566 1322 1631 1359 παρ’
1645 1320 1734 1356 αὖτῷ-
1756 1318 1818 1358 ἔχω

985 1364 1014 1393 δὲ
1041 1366 1086 1393 καὶ
1115 1365 1205 1404 ἑτέραν
1236 1364 1312 1401 δόξαν
1339 1365 1385 1393 καὶ
1423 1365 1539 1404 πρᾶξιν
1579 1367 1819 1404 μεταμορφοῦμαι

985 1410 1022 1441 εἷς
1052 1410 1186 1447 καύματα,
1215 1410 1259 1437 ααὶ
1289 1410 1442 1447 ἀνέρχομαι
1457 1410 1509 1438 ἀπὸ
1525 1413 1573 1445 τῆς
1587 1409 1739 1445 θαλάσσης,
1768 1410 1816 1436 καί

985 1454 1098 1483 δεικνύω
1136 1455 1252 1492 ἐμαυτὸν
1291 1458 1349 1486 τοῖς
1384 1455 1547 1493 ἀνθρώποις,
1573 1455 1610 1486 ὡς
1639 1456 1665 1482 οἱ
1692 1455 1815 1492 ἐπίγειοι

986 1499 1100 1527 καλοῦσί
1131 1510 1173 1536 με,
1198 1501 1363 1527 κυνόπαστον
1389 1501 1483 1536 (810?),
1512 1499 1553 1527 ὅτι
1582 1501 1818 1538 μετειμορςιοῦμαι

987 1544 1025 1575 εἷς
1054 1543 1206 1582 ἄνθρωπον
1238 1544 1292 1572 ἐστι
1323 1555 1369 1581 μοι
1397 1545 1428 1571 τὸ
1452 1541 1539 1580 ὄνομα
1568 1543 1683 1579 ἀληθὲς·
1702 1544 1818 1571 ναυτίαν

985 1587 1013 1616 δὲ
1042 1588 1203 1616 ἀποστέλλω
1231 1589 1291 1616 τινὰ
1327 1588 1371 1616 διὰ
1397 1592 1448 1623 τῆς
1477 1587 1575 1616 ἀνόδου
1601 1599 1654 1624 μου
1683 1588 1724 1619 εἷς
1751 1587 1818 1619 τοὺς

985 1633 1155 1671 ἀνθρώπους
1176 1632 1263 1667 ἦλθον
1279 1632 1325 1660 οὖν
1351 1633 1390 1664 εἷς
1404 1635 1453 1668 τὴν
1470 1630 1629 1669 συμϐουλὴν
1645 1635 1694 1660 τοῦ
1711 1632 1819 1670 ἄρχον-

983 1688 1030 1706 τος
1053 1675 1223 1712 Βεελζεϐούλ
1240 1688 1246 1694 ·
1275 1678 1320 1705 καὶ
1346 1676 1483 1714 ἰδὲσμωσὲ
1519 1688 1552 1714 με
1589 1678 1634 1704 καὶ
1669 1675 1818 1714 παρέδωκέ

987 1732 1019 1758 με
1048 1721 1087 1753 εὶς
1115 1722 1162 1753 τὰς
1192 1722 1286 1760 ’χεῖράς
1316 1731 1374 1749 σου·
1403 1721 1480 1759 κάγὼ
1505 1722 1631 1759 παρέστιν
1662 1723 1726 1758 (sic)
1749 1721 1816 1748 ἑνώ-

985 1765 1047 1793 πιόν
1075 1777 1122 1793 σου
1151 1765 1195 1793 διὰ
1209 1770 1259 1801 τῆς
1275 1765 1421 1805 σφραγῖδος
1448 1765 1561 1801 ταύτης⁸
1580 1766 1624 1793 καί
1644 1765 1676 1793 ab
1697 1767 1746 1792 νῦν
1765 1766 1818 1802 βει-

985 1811 1101 1845 σανίζεις
1126 1820 1169 1847 με’
1195 1809 1254 1838 ἷδοὺ
1269 1813 1314 1838 νῦν
1331 1809 1379 1838 δύο
1401 1810 1445 1838 καὶ
1470 1813 1554 1848 τριῶν
1581 1811 1696 1847 ἡμερῶν
1721 1809 1819 1837 ἐκλει-

983 1865 1028 1882 πει
1052 1855 1084 1882 τὸ
1110 1857 1216 1892 πνεῦμα
1239 1855 1269 1882 τὸ
1286 1854 1388 1883 λαλοῦν
1405 1853 1491 1882 διὰτὸ
1508 1855 1546 1891 μή
1561 1852 1633 1892 ἔχειν
1662 1865 1696 1890 με
1726 1852 1816 1891 ὕδωρ.

985 1903 1069 1941 Κάγὼ
1091 1904 1164 1930 εἷπον
1192 1903 1275 1939 αὐτῷ·
1298 1903 1365 1941 Λέγε
1391 1913 1437 1940 μοι
1457 1902 1530 1939 ποίῳ
1554 1901 1661 1941 ἀγγέλῳ
1686 1904 1816 1940 καταργῇ

985 1947 1026 1974 σύ·
1058 1948 1071 1975 ὁ
1098 1946 1127 1975 δὶ
1152 1946 1213 1986 ἔφη’
1241 1947 1290 1975 Διὰ
1313 1950 1361 1975 τοῦ
1386 1948 1496 1984 Ἰάμεθ,
1522 1947 1600 1985 Κάγὼ
1625 1945 1742 1982 ὃοξάσας
1767 1947 1816 1974 τὸν

985 1992 1061 2028 Θεὸν,
1088 1991 1214 2019 ἐκέλευσα
1230 1992 1268 2023 εἷς
1283 1991 1384 2029 φιάλην
1411 1991 1546 2029 βληθῆναι
1571 1993 1601 2019 τὸ
1626 1994 1745 2027 πνεῦμα,
1769 1991 1818 2018 καὶ

985 2035 1081 2068 ὕδατος
1110 2036 1258 2064 Θαλασσίου
1285 2035 1370 2073 δοχὰς
1392 2035 1456 2063 δέκα
1484 2036 1678 2073 ἀναμιτρητῶν
1705 2036 1741 2072 β’,
1769 2035 1818 2062 καὶ

984 2081 1147 2120 περιέφραξα
1181 2080 1271 2108 ἐπάνω
1313 2080 1463 2118 μαρμάρων
1496 2081 1542 2107 xui
1580 2079 1728 2119 ἀσφάλτων
1771 2081 1820 2107 καὶ

984 2125 1083 2160 πίσσης
1110 2125 1147 2156 εἷς
1176 2125 1207 2152 τὸ
1234 2125 1322 2161 στόμα
1348 2127 1396 2152 τοῦ
1426 2124 1558 2163 ἀγγέλου,
1586 2125 1630 2152 καὶ
1660 2125 1817 2163 σφραγίσας

983 2172 1023 2205 τῷ
1051 2168 1217 2206 δακτυλιδίῳ
1256 2168 1384 2197 ἐκέλευσα
1412 2170 1577 2204 ἀποτιθῆναι
1607 2168 1646 2201 εἷς
1674 2170 1721 2196 τὸν
1751 2170 1818 2196 ναὸν

110 2215 140 2242 in
156 2215 297 2243 uberibus
312 2215 404 2250 locis;
421 2216 550 2251 operatio
575 2219 674 2244 autem
700 2225 765 2244 mea
779 2216 842 2244 haec
857 2225 865 2243 :

1051 2216 1124 2242 Θεοῦ·
1144 2215 1187 2241 καὶ
1214 2213 1342 2241 ἐκέλευσα
1370 2214 1493 2251 παρεῖναί
1512 2224 1559 2250 μοι
1578 2212 1670 2251 ἕτερον
1694 2216 1814 2250 πνεῦμα..

111 2260 165 2288 deo
191 2261 276 2295 juxta
301 2260 499 2296 ingredientes
515 2260 650 2289 homines
674 2261 703 2288 in
728 2262 929 2295 monumenta,

110 2306 139 2332 et
155 2304 184 2331 in
201 2304 329 2332 tenebris
352 2305 546 2333 transformor
567 2305 596 2332 in
620 2305 680 2333 vita
701 2305 828 2339 functos,
854 2307 882 2333 et
905 2304 931 2333 si

109 2348 328 2384 apprehendero
343 2349 484 2385 aliquem,
502 2357 570 2377 mox
584 2357 653 2377 ense
669 2350 824 2386 transﬁgo;
840 2350 864 2377 si
880 2358 932 2377 au-

108 2395 168 2420 tem
185 2401 242 2420 non
257 2396 378 2429 potuero
393 2393 625 2430 apprehendere,
650 2394 723 2422 facio
743 2396 776 2422 ut
791 2393 930 2428 insaniat,

109 2439 137 2464 et
151 2445 255 2465 carnes
270 2446 340 2466 suas
355 2438 498 2471 comedat,
510 2440 538 2465 et
548 2440 642 2466 vestes
656 2437 758 2466 laceras
772 2447 790 2465 a
805 2437 931 2466 maxillis

109 2481 174 2515 ejus
189 2481 330 2510 deﬂuant.
348 2483 409 2510 Dixi
425 2482 451 2510 ei
467 2491 474 2510 :
489 2482 570 2510 Time
586 2485 676 2510 Deum
692 2482 757 2510 coeli
782 2484 811 2510 et
835 2484 930 2517 terra,

110 2527 138 2552 et
166 2525 264 2552 indica
291 2527 363 2553 mihi
383 2527 449 2562 quis
476 2529 504 2554 te
528 2525 652 2562 angelus
667 2526 816 2554 imbellem
832 2526 929 2554 faciat.

110 2573 164 2606 Qui
180 2572 238 2600 ait:
254 2573 300 2601 Me
313 2574 411 2609 dejicit
434 2574 565 2603 Salvator
577 2574 627 2610 qui
644 2575 761 2602 futurus
774 2577 819 2602 est
833 2575 929 2608 homo,

112 2618 197 2652 cujus
213 2617 329 2652 signum
352 2618 382 2645 in
406 2618 501 2646 fronte
515 2618 540 2647 si
566 2618 634 2654 quis
658 2618 818 2654 scripserit,
836 2618 931 2646 vincet

111 2669 166 2695 me,
183 2663 211 2688 et
225 2660 345 2688 territus
360 2661 391 2689 in
404 2662 504 2698 fugam
527 2665 624 2690 vertar
638 2662 741 2696 citius;
764 2664 793 2690 et
817 2662 873 2690 hoc
888 2663 929 2691 si-

111 2711 202 2739 gnum
218 2703 243 2731 si
254 2703 321 2739 quis
336 2704 496 2741 scripserit,
515 2706 657 2734 terrebor.
673 2706 709 2734 Et
723 2706 784 2734 hac
806 2706 930 2735 audiens

111 2755 164 2783 ego
178 2747 326 2784 Salomon,
343 2751 372 2777 et
385 2749 511 2779 laudans
519 2750 611 2779 Deum
622 2751 752 2780 conclusi
766 2751 929 2780 daemonem

985 2258 1035 2286 Καὶ
1058 2257 1127 2293 ἦλθε
1156 2258 1208 2296 πρὸ
1232 2259 1380 2296 προσώπου
1412 2269 1465 2294 μου
1489 2256 1691 2295 καταλισμένον
1718 2256 1816 2295 ἓτερον

985 2304 1092 2339 πνεῦμα
1114 2302 1258 2340 ἀνθρώπου
1284 2303 1392 2341 μορφὴν
1417 2300 1481 2339 ἕχον
1507 2303 1654 2338 σκοτεινὸν,
1682 2302 1751 2333 τοὺς
1769 2302 1818 2341 ὀφ-

986 2347 1109 2384 θαλμοὺς
1131 2344 1196 2385 ἔχον
1211 2347 1383 2384 λάμποντας,
1398 2347 1443 2374 καὶ
1459 2346 1485 2374 ἐν
1499 2348 1534 2383 τῇ
1560 2346 1633 2384 χειρὶ
1650 2346 1731 2385 φέρον
1749 2348 1819 2374 σπά-

987 2392 1094 2426 θην,καὶ
1112 2391 1272 2430 ὶπερώτησα
1283 2391 1402 2426 αὖτὸ,Σὺ
1414 2391 1455 2421 τίς
1467 2391 1508 2425 εἷς
1521 2391 1552 2419 Ὁ
1564 2389 1593 2418 δὶ
1605 2389 1745 2429 ἔφη-Ἐγώ
1757 2391 1818 2427 εἶμι

986 2436 1081 2474 ὀχικὸν
1097 2438 1214 2473 πνεῦμα,
1232 2437 1376 2474 ἀνθρώπου
1391 2435 1515 2474 γίγαντος
1535 2435 1562 2463 ἐν
1583 2435 1671 2475 σφαγῇ
1687 2435 1817 2464 τετελευ-

985 2480 1101 2515 τηκότος
1118 2480 1142 2507 ἐν
1171 2482 1211 2516 τῷ
1241 2483 1327 2518 καιρῴ
1355 2482 1408 2508 τῶν
1436 2480 1579 2518 γιγάντων.
1609 2481 1697 2508 Εἶπον
1726 2480 1816 2516 αὐτῷ,

985 2524 1053 2562 Λὲγι
1070 2535 1116 2560 μοι
1143 2524 1169 2552 τί
1198 2523 1370 2562 δια-πράττεις
1383 2524 1427 2552 ἐπὶ
1441 2528 1491 2559 τῆς
1507 2527 1570 2562 γῆς·
1597 2525 1640 2551 xui
1657 2527 1712 2551 ποῦ
1739 2523 1817 2562 ἔχεις

986 2569 1156 2605 οἰκητήριον.
1187 2569 1224 2597 Τὸ
1259 2568 1288 2596 δὲ
1318 2567 1380 2606 ἔφη·
1415 2569 1447 2597 Ἡ
1475 2568 1521 2606 μὶν
1551 2568 1675 2596 κατοικία
1702 2579 1756 2606 μου
1787 2569 1815 2596 ἐν

984 2615 1042 2645 τοῖς
1062 2613 1246 2651 κατακάρποις
1270 2613 1384 2644 τόποις·
1412 2614 1429 2648 ἠ
1453 2611 1481 2640 δὲ
1513 2612 1625 2650 ἐργασία
1648 2624 1701 2649 μου
1730 2614 1816 2649 αὕτη,

984 2661 1158 2700 παρακαθίζω
1187 2661 1301 2698 ἐμαυτὸν
1331 2664 1389 2693 τοῖς
1415 2660 1632 2699 παριργομὲνοις
1656 2663 1816 2700 ἀνθρώποις

979 2706 1010 2734 νίν
1033 2708 1090 2738 τοῖς
1116 2706 1260 2743 μνημείοις
1281 2706 1325 2734 xui
1354 2706 1381 2734 ἐν
1408 2705 1496 2744 ἆωρίᾳ
1520 2709 1694 2744 παραμορφῶ
1724 2706 1814 2744 ἐμαυ-

983 2750 1028 2779 τὸν
1057 2753 1117 2783 τοῖς
1144 2749 1315 2788 τελευτῶσι,
1342 2751 1386 2779 καὶ
1417 2750 1441 2779 si
1469 2748 1595 2788 λήψομαι
1621 2751 1683 2779 τινὰ
1709 2750 1814 2783 εὐθέως
