1936 3047
54 101 71 130 l
80 101 149 132 3M
652 101 854 134 TESTAMEI‘

999 101 1214 134 ALOMONIS.
1706 100 1786 130 1342

55 166 162 204 ἆνερῶ
175 180 180 184 ν
195 167 274 194 αὐτὸν
299 167 380 206 ξίφιι·
397 168 414 202 ἡ
444 166 473 195 δὲ
502 167 534 203 (el
562 166 601 204 8‘s)
622 168 654 195 οὗ
671 166 777 203 δυνηθῶ
793 167 852 195 ἂναι

995 170 1041 196 cut
1056 170 1083 196 et
1098 170 1217 196 caeteros
1232 167 1364 204 spiritus.
1379 167 1496 203 Etjussi
1512 169 1607 195 astare
1623 166 1695 194 mihi
1710 166 1789 194 aliud

56 221 124 245 σαι,
145 213 225 239 ποιῶ
250 212 329 239 αὐτὸν
355 211 574 248 δαιμονίζεσθαι·
591 213 634 240 καὶ
660 212 707 244 τὰς
736 211 834 250 σάρκας

995 213 1140 241 emonium
1158 221 1164 241 :
1181 215 1208 241 ct
1223 215 1367 240 venerunt
1383 212 1413 239 in
1430 214 1588 247 conspectu
1605 219 1669 239 meo
1684 210 1788 246 trigin-

53 257 113 282 τοῦ
150 255 258 292 (αὑτοῦ)
288 256 435 284 κατεσθίειν
461 257 506 284 καὶ
531 256 596 289 τοὺς
624 256 736 289 οτὲλους
766 258 827 293 (sic)
853 270 854 281 ι

1003 266 1052 286 sex
1065 258 1198 293 spiritus,
1214 265 1340 293 quorum
1350 256 1445 292 capita
1454 260 1486 284 ut
1501 256 1748 287 canesinformes.
1762 257 1790 282 et

54 301 120 326 τῶν
149 300 264 337 γενείων
293 300 447 339 καταῤῥεῖν,
464 302 552 339 Ἒφην
584 300 613 328 δὲ
641 301 732 337 αὐτῷ·
761 299 854 336 Φοὸήε]

1009 302 1081 338 ipsis
1105 304 1190 329 erant
1214 301 1450 334 hominiformes,
1475 301 1624 329 asinorum
1649 299 1789 327 habentes

57 342 112 370 οὖν
144 344 196 371 τὸν
227 345 290 372 Θεὸν
318 347 368 372 τοῦ
396 345 514 383 οὐρανοῦ
541 345 586 372 καὶ
615 349 665 380 τῆς
694 349 757 383 γῆς,
773 345 818 372 καὶ
848 356 854 372 ι

995 346 1077 380 ciem,
1094 346 1182 373 boum
1200 348 1228 374 ct
1243 345 1417 373 volatilium.

63 398 118 424 μοι
137 387 217 424 ποίῳ
232 387 341 426 ἀγγέλῳ
355 391 479 427 καταργῇ
493 390 535 417 σύ”
551 391 581 417 τὸ
602 388 631 417 δὶ
646 387 708 427 ἔφη.
725 390 792 426 Ἐμὶ
806 392 934 427 καταργιῖ
948 390 962 417 ὁ
980 388 1090 426 μέλλων
1105 391 1204 428 Σωτὴρ
1225 390 1350 427 γενέσθαι
1365 390 1519 427 ἄνθρωπος,
1537 389 1567 416 οὖ
1593 388 1625 416 τὸ
1649 391 1786 425 στοιχεῖον

57 431 87 459 ἐν
107 435 152 468 τῷ
172 433 293 470 μετώπῳ
309 432 386 465 ιῖ¹τις
402 434 558 472 ἐπιγράψιι,
572 435 684 470 ἡττήσιι
702 445 745 471 με,
762 434 807 462 καὶ
827 432 958 473 φοϐηθεὶς
983 434 1229 473 ἀποστραφήσομαι
1252 434 1369 470 ταχέως·
1385 434 1431 461 καὶ
1456 435 1537 461 τοῦτο
1568 432 1596 461 δὲ
1618 433 1648 460 τὸ
1670 435 1786 469 σημεῖον

59 476 112 504 ὲάν
131 487 178 508 τις
193 477 341 516 ἐπιγράψῃ,
359 476 567 516 φοϐηθήσομαι.
584 479 632 506 Καὶ
648 482 729 506 τοῦτο
745 478 861 511 ἀκούσας
875 478 930 516 ἐγὼ
947 479 1093 515 Σολομῶν,
1111 479 1154 506 καὶ
1176 477 1288 514 δοξάσας
1306 478 1407 516 Κύριον
1421 478 1466 505 τὸν
1493 478 1569 510 Θεὸν,
1587 476 1733 505 ἀπέκλεισα
1757 477 1788 504 τὸ

58 519 220 557 δαιμόνιον
236 522 327 560 ὥσπερ
341 523 386 550 καὶ
402 522 491 551 τᾶλλα
501 523 652 560 πνεύματα.
669 524 716 551 Καὶ
734 523 861 551 ἐκέλευσα
876 523 1001 561 παρεῖναί
1019 534 1066 560 μοι
1080 521 1170 561 ἕτερον
1187 522 1302 560 δαίμονα
1315 532 1321 540 ’
1337 523 1381 550 καὶ
1397 522 1484 557 ἦλθον
1500 523 1553 560 πρὸ
1568 522 1717 560 προσώπου
1734 532 1786 558 μου

59 567 222 603 τριάκοντα
238 566 266 602 ’ἐξ
282 567 433 604 πνεύματα,
450 569 478 595 αἱ
494 569 610 607 κορυφαὶ
627 569 714 596 αὐτῶν
731 569 767 600 ὡς
781 567 858 600 κύνες
879 567 1010 606 ἄμορφοι,
1028 567 1053 595 ἐν
1069 568 1160 599 αὐτοῖς
1176 568 1205 596 δὲ
1220 568 1288 602 ἦσαν
1311 567 1560 606 ἆνθρωπόμορφοι·
1583 565 1785 604 ὀνοπρόσωποι,

59 610 296 648 βουοπρόσωποι,
313 612 358 640 καὶ
373 611 620 650 πτηνοπρὸσωποι.

95 672 189 709 Κάγὼ
208 672 342 710 Σολομῶν
359 674 475 705 ἀκούσας
499 674 544 702 καὶ
570 673 636 703 ἰδὼν
661 675 728 702 αὐτὰ
755 675 903 712 ἐθαύμασα,

56 716 107 743 καὶ
139 716 305 754 ἐπερώτησα
329 717 397 746 αὐτᾶ
421 718 519 757 λέγων·
537 719 615 755 ὑμιῖς
643 719 713 751 τίνις
740 719 818 754 Eni;
836 721 861 747 οἱ
877 719 906 748 Si

61 760 251 797 ὁμοθυμαδὸν
281 765 331 798 μιᾷ
360 765 437 801 φωνῇ
470 761 567 801 ἔφασαν
585 774 593 781 ·
623 765 718 801 Ἢμεῖς
755 764 834 801 ἐσμὲν
872 764 906 792 τὰ

62 806 220 842 τριάκοντα
243 805 270 841 ’ἐξ
302 810 437 844 στοιχεῖα,
461 808 488 834 οἱ
516 810 736 846 κοσμοκράτορες
763 811 812 836 τοῦ
842 808 904 836 σκό-

63 860 134 881 τους
148 850 259 886 τούτου,
279 850 342 879 ἀλλ’
355 851 385 878 οὐ
402 850 517 889 δυνήσῃ,
535 852 648 890 βασιλεῦ
668 852 816 890 Σολομῶν,
831 854 905 889 ἡμᾶς

67 893 215 930 ἀδικῆσαι,
245 894 310 923 οὐδὶ
346 895 534 931 κατακλεῖσαι,
565 896 628 925 οὐδὲ
663 897 788 925 κελεῦσαι
824 891 944 934 ty.in

65 937 134 966 ἀλλ’
160 938 256 974 ἐπειδὴ
284 940 381 975 Κύριος
398 942 412 968 ὁ
437 941 501 973 Θεὸς
524 940 609 969 ἴδωκὲ
638 952 680 969 σοι
707 943 757 977 τήν
781 942 900 978 ἐξουσίαν

66 983 113 1010 ἐπὶ
146 984 246 1015 παντὸς
273 984 441 1022 πνεύματος,
469 985 560 1022 ἆερίου
586 996 615 1014 τε
639 986 682 1013 καὶ
708 986 832 1024 ἰπιγείου
855 987 901 1014 καὶ

65 1028 273 1065 καταχθονίου,
302 1028 346 1056 διὰ
383 1029 464 1057 τοῦτο
507 1030 552 1057 καὶ
592 1031 673 1067 ἡμεῖς
715 1031 902 1068 παριστάμεθα

66 1070 188 1099 ἐνώπιόν
206 1083 255 1100 σου
280 1073 317 1104 ὡς
339 1074 372 1101 τὰ
399 1073 483 1101 λοιπᾶ
506 1075 656 1111 πνεύματα·
673 1075 726 1102 ἀπὸ
751 1077 833 1114 Κριοῦ
856 1075 901 1103 καὶ

64 1116 185 1155 Ταύρου,
209 1116 330 1154 Διδνᾶμου
358 1129 388 1146 τε
416 1119 461 1146 καὶ
487 1120 628 1157 καρήγγου
657 1121 816 1157 (καρήννου)
840 1122 901 1157 (sic)

67 1160 198 1195 Λέοντος,
213 1162 257 1189 καὶ
284 1163 432 1199 Παρθένου,
448 1166 532 1201 Ζυγοῦ
555 1174 584 1191 τε
608 1164 655 1191 καὶ
682 1164 830 1201 Σκορπίου,
850 1168 899 1192 Το-

66 1205 159 1240 ξότου,
176 1206 388 1244 Ἀἷγοκὲριυτος,
418 1206 580 1245 Ὑδροχόου,
607 1209 652 1236 καὶ
681 1209 800 1246 Ἰχθύος.
831 1209 901 1238 Τότι

67 1249 123 1285 ἐγὼ
166 1250 303 1287 Σολομῶν
338 1251 568 1287 ἐπικαλεσάμενος
606 1253 636 1280 τὸ
672 1251 760 1289 ὄνομα
799 1253 899 1291 Κυρίου

71 1290 200 1327 Σαϐαὼθ,
217 1294 391 1331 ’ἐπηρώτησα
414 1296 483 1324 αὐτᾶ
511 1297 570 1323 καθ’
597 1295 644 1324 ἳνα
673 1297 769 1328 ὁποῖος
797 1290 900 1335 τρόπος

69 1338 158 1365 αὐτῶν
188 1339 342 1376 τυγχάνει·
371 1341 416 1367 καὶ
445 1340 573 1368 ἐκέλευσα
601 1341 682 1373 αὐτὸς
714 1340 762 1369 ἕνα
788 1340 900 1370 ἕκαστον

69 1382 108 1412 εἷς
135 1383 166 1410 τὸ
194 1383 278 1419 μέσον
304 1384 418 1416 ἐλθόντα
443 1385 527 1412 εἰπεῖν
565 1387 615 1420 τήν
656 1387 752 1414 ἑαυτοῦ
793 1388 897 1424 πρᾶξιν.

72 1424 141 1454 Τότε
165 1428 325 1464 προσελθὼν
339 1429 353 1455 ὁ
377 1431 486 1466 πρῶτος
516 1430 598 1457 εἶπεν⁸
614 1431 688 1467 Ἐγώ
707 1430 764 1466 εἰμί
785 1431 799 1458 ὁ
823 1433 898 1468 πρῶ-

71 1481 118 1502 τος
146 1470 315 1508 (διακονοςίῖ)
346 1472 455 1504 δεκανὸς
483 1476 530 1501 τοῦ
560 1473 695 1509 ζωδιακοῦ
723 1475 838 1511 κύκλου,
868 1476 898 1506 ὃς

70 1514 209 1552 καλοῦμαι
234 1517 330 1555 Κριὸς,
346 1518 389 1544 καὶ
422 1519 480 1554 μετ’
494 1518 562 1554 ἐμοῦ
587 1519 613 1546 οἱ
641 1518 688 1546 δύο
718 1519 790 1547 οὗτοι
807 1530 813 1536 ’
830 1519 898 1553 ἐπη-

995 677 1030 704 Et
1044 684 1097 713 ego
1109 677 1257 710 Salomon,
1272 676 1396 704 audiens
1406 677 1434 703 et
1445 675 1548 703 videns
1564 683 1624 708 eos,
1636 673 1787 710 obstupui,

959 722 988 748 et
1002 721 1179 756 interrogavi
1194 729 1244 749 eos
1260 720 1360 748 dicens
1378 729 1384 747 :
1401 720 1527 753 Quinam
1542 718 1634 747 estis?
1649 719 1702 750 Qui
1720 726 1788 746 una-

959 765 1077 792 nimiter
1092 773 1149 792 una
1164 773 1232 792 voce
1243 765 1400 792 dixerunt:
1417 764 1475 792 Nos
1485 772 1590 792 sumus
1606 763 1726 798 triginta
1739 770 1789 790 sex

959 808 1102 837 elementa
1117 808 1237 837 rectoris
1253 809 1440 836 tenebrarum
1458 808 1562 835 harum
1576 809 1584 841 ξ
1599 809 1648 835 sed
1665 815 1722 834 non
1739 815 1787 842 po-

959 853 1041 886 teris,
1058 862 1107 881 rex
1122 853 1272 886 Salomon,
1289 853 1374 880 nobis
1400 860 1513 887 nocere,
1530 860 1583 879 nec
1601 851 1784 886 concludere,

960 906 1012 926 nec
1028 898 1173 934 imperare
1196 898 1281 926 nobis
1297 906 1303 924 :
1319 897 1370 926 sed
1395 897 1533 932 quoniam
1550 895 1693 924 Dominus
1709 896 1786 923 Deus

957 943 1038 970 dedit
1053 943 1104 970 tibi
1128 945 1303 978 potestatem
1330 942 1428 970 omnis
1451 941 1575 976 spiritus
1599 940 1680 974 aerii,
1697 942 1783 967 terre-

957 988 1027 1015 stris
1051 990 1079 1015 et
1102 987 1297 1020 subterranei,
1324 989 1443 1023 propter
1468 986 1522 1013 hoc
1547 988 1575 1014 et
1599 993 1652 1012 nos
1667 987 1781 1012 stamus

957 1035 1024 1059 ante
1039 1034 1078 1065 te,
1094 1034 1125 1059 ut
1136 1031 1239 1067 reliqui
1250 1032 1383 1067 spiritus,
1398 1030 1498 1066 procul
1509 1030 1544 1058 ab
1553 1030 1661 1063 Ariete,
1673 1029 1780 1064 Tauro,

956 1077 1103 1112 Gemellis,
1132 1077 1237 1104 crinito
1264 1076 1367 1109 Leone,
1392 1075 1521 1111 Virgine,
1544 1075 1677 1107 Trutina,
1697 1074 1780 1101 Scor-
1797 1108 1818 1109 ἡ

956 1121 1051 1156 pione.
1075 1121 1243 1156 Sagittario,
1269 1120 1456 1156 Capricorno,
1482 1119 1609 1155 Aqunrio
1633 1120 1662 1146 et
1689 1118 1819 1147 Pisce.

954 1166 1028 1193 Tum
1044 1173 1096 1201 ego
1121 1165 1269 1198 Salomon,
1296 1164 1427 1192 invocato
1453 1163 1572 1192 nomine
1598 1162 1711 1190 Domini
1731 1163 1780 1189 Sa-

955 1210 1054 1245 baoth,
1069 1209 1245 1245 interrogavi
1266 1217 1316 1236 eos
1341 1208 1503 1244 sigillatim,
1518 1215 1654 1244 quaenam
1678 1214 1780 1234 eorum

955 1254 1067 1282 indoles
1083 1256 1181 1288 esset;
1199 1256 1227 1281 et
1239 1253 1314 1289 jussi
1331 1261 1384 1289 ego
1400 1255 1433 1280 ut
1455 1252 1660 1288 unusquisque
1673 1251 1701 1278 in
1719 1259 1778 1278 me-

954 1299 1002 1327 dio
1017 1299 1150 1332 veniens,
1166 1307 1250 1326 suam
1275 1298 1385 1326 diceret
1405 1297 1617 1333 operationem.
1633 1296 1716 1323 Tunc
1731 1303 1780 1323 vs-

954 1343 1039 1372 niens
1054 1344 1168 1380 primus
1184 1343 1224 1370 ait
1241 1352 1247 1370 :
1264 1343 1323 1378 Ego
1347 1350 1413 1370 sum
1430 1342 1543 1378 primus
1559 1340 1693 1368 minister
1707 1340 1779 1376 cycli

953 1388 1064 1416 zodiaci
1080 1388 1131 1423 qui
1145 1395 1232 1415 vocor
1252 1387 1345 1421 Aries,
1362 1389 1390 1414 et
1405 1395 1519 1414 mecum
1536 1386 1594 1414 duo
1610 1385 1669 1413 isti.
1687 1385 1779 1412 Inter-

955 1432 1052 1468 rogavi
1065 1433 1156 1468 igitur
1180 1440 1228 1459 eos
1246 1439 1252 1458 :
1276 1431 1401 1463 Quinam
1427 1430 1597 1458 vocamini?
1614 1430 1694 1458 Unus
1715 1429 1778 1457 ait:

954 1478 1022 1512 Ego,
1039 1477 1168 1511 domine,
1186 1476 1267 1504 Euax
1291 1483 1399 1509 vocor;
1425 1476 1520 1510 capita
1535 1474 1688 1502 hominum
1706 1473 1780 1501 facio

953 1524 986 1548 ut
1001 1521 1036 1548 ab
1051 1529 1138 1557 opere
1153 1523 1277 1554 cessent,
1295 1522 1323 1547 et
1341 1522 1474 1555 tempore
1488 1519 1604 1547 denudo
1618 1527 1625 1552 ;
1642 1518 1667 1546 si
1682 1516 1778 1546 solum

73 1559 182 1596 ρώτησα
213 1560 258 1588 οῦν
283 1561 381 1592 αὐτοὺς
394 1571 400 1577 ³
416 1563 492 1594 Τίνες
515 1563 660 1598 καλεῖσθι;
677 1564 707 1592 Ὀ
734 1564 780 1600 μὶν
795 1567 817 1591 α’
832 1562 854 1603 ἔς

995 1565 1070 1593 diem
1089 1574 1095 1593 :
1111 1564 1243 1599 Michael,
1266 1564 1338 1600 ejice
1364 1564 1457 1598 Rusx,
1473 1563 1560 1591 citius
1585 1562 1714 1590 discedo.
1731 1562 1778 1589 Al-

73 1604 153 1641 Έγὼ,
180 1605 270 1643 Κύριε,
298 1606 374 1641 Ῥύαξ
412 1606 564 1644 καλοῦμαι,
596 1607 715 1647 κεφαλὰς
746 1609 896 1646 ἀνθρώπων

71 1653 142 1678 ποιῶ
171 1651 272 1689 ἀργεῖν,
302 1652 346 1679 καὶ
382 1653 535 1691 κροτάφους
575 1653 710 1687 σκυλεύω,
740 1654 776 1685 ὡς
815 1654 894 1690 μόνον

73 1695 192 1729 ἀκοῦσαι,
210 1696 335 1733 Μιχαὴλ·
353 1695 467 1724 ἔκλυσον
493 1697 569 1734 Ῥύαε
596 1697 674 1730 εὐθὺς
703 1698 851 1736 ἀναχωρῶ.
866 1699 896 1727 '0

73 1738 101 1767 δὲ
164 1738 224 1778 ἔφη·
242 1742 313 1778 Ἐγὼ
342 1742 508 1780 Βαρσαφαήλ
536 1742 686 1779 καλοῦμαι,
702 1744 719 1777 ἡ
749 1745 895 1780 μικράνοες

73 1787 141 1811 ποιῶ
165 1784 256 1822 ἀλγεῖν
280 1785 345 1816 τοὺς
373 1785 400 1812 ἐν
429 1788 464 1823 τῇ
493 1786 551 1823 ὥρᾳ
580 1797 632 1823 μου
658 1787 820 1823 κειμένους·
850 1787 895 1815 ἐὰν

77 1827 154 1864 μόνον
170 1828 288 1865 ἀκούσω,
306 1827 440 1868 Γαϐριὴλ,
463 1828 595 1867 ἕγκλησον
623 1831 800 1870 Βαρσαφαήλ,
816 1832 894 1864 εὐθὺς

75 1873 215 1910 ἀναχωρῶ.
232 1874 262 1902 Ὀ
291 1876 383 1911 τρῖτος
411 1873 476 1913 ἔφη·
503 1875 572 1912 Ἐγὼ
602 1875 773 1913 Ἀρατοσαήλ
797 1875 896 1904 καλοῦ-

76 1927 132 1953 μαι,
148 1916 304 1954 ὀφθαλμοὺς
320 1917 405 1946 ἀδικῶ
416 1929 423 1936 θ
438 1919 484 1946 καὶ
510 1918 612 1958 σφόδρα
638 1919 764 1958 βλάπτω,
780 1921 816 1950 ὡς
844 1921 894 1957 μό-

75 1972 115 1989 νον
144 1962 265 1996 άκοῦσαι,
295 1963 413 2000 Οὐριήλ,
441 1962 574 2002 ἔγκλησον
605 1965 785 2002 Ἀρατοσαήλ,
816 1965 895 1998 ιύθὺς

76 2007 203 2044 ἀναχωρῶ
231 2009 299 2043 (11(.
324 2008 355 2036 Ὁ
383 2011 402 2035 ε’
429 2007 492 2047 ἔφη’
509 2009 579 2046 Ἐγὼ
608 2008 715 2037 Ἰουδὰλ
744 2009 893 2046 καλοῦμαι,

76 2048 192 2089 ἕκφραξιν
222 2051 383 2085 ὠτίων,καὶ
415 2053 553 2091 σφήνωσιν
583 2053 671 2081 ἀκοῶν
700 2054 834 2082 ἐπιτελῶ·
851 2054 894 2082 ἐὰν

75 2095 185 2130 ἀκούσω,
202 2095 330 2134 Οὐρουὴλ
346 2095 505 2134 [ἕγκλησον]
520 2096 626 2125 Ἰουδὰλ
643 2097 720 2129 εὐθὺς
748 2099 893 2136 ἀναχωρῶ.

74 2140 102 2167 '0
116 2141 135 2172 ς’
148 2138 206 2179 ἔφη’
220 2141 291 2179 Ἐγὼ
308 2139 484 2178 Σφινδοναήλ
499 2141 812 2180 καλοῦμαι,παρωτίδας
822 2146 894 2170 ποιῶ

76 2185 116 2211 καὶ
132 2185 289 2222 παρίσομια,
309 2186 354 2212 καὶ
371 2185 543 2222 ὀπισθότονα,
553 2185 598 2213 ἐὰν
613 2186 731 2221 ἀκούσω,
750 2185 892 2224 Σαϐραὴλ,

77 2227 198 2265 ἔγκλησον
230 2228 417 2268 Σφενδοναήλ,
443 2230 520 2261 mea:
548 2230 696 2268 ἀναχωρῶ.
718 2232 748 2260 '0
773 2234 794 2266 ζ’
816 2230 866 2268 ἔφη
885 2241 891 2248 “

79 2273 143 2309 Ἐγὼ
167 2273 296 2312 Σφανδὼρ
321 2274 458 2311 καλοῦμαι
484 2273 568 2311 ὤμων
593 2274 707 2311 δύναμιν
728 2274 835 2303 ἐλαττῶ
849 2276 894 2303 καὶ

79 2316 183 2351 σαλεύω,
196 2317 242 2345 καὶ
266 2321 369 2355 χειρῶν
394 2321 474 2357 νεῦρα
497 2319 649 2357 παραλύω·
666 2319 710 2346 καὶ
736 2319 801 2347 ὀστᾶ
829 2330 893 2347 ποι-

79 2363 167 2398 χαμῶν
198 2362 232 2398 (2’)
266 2359 412 2398 συντρίϐω,
440 2362 485 2390 καὶ
518 2362 635 2398 μυελοὺς
668 2363 820 2402 ἰκπιπύζω,
849 2363 894 2391 ἰὰν

78 2405 183 2441 ἀκούσω,
208 2406 326 2442 ’ΔραήΛ,
360 2404 497 2444 ἕγκλησον
533 2405 678 2445 Σφανδὼρ,
714 2407 793 2439 εὐθὺς
826 2408 893 2435 ἀνα-

78 2452 163 2487 χωρῶ.
187 2452 216 2478 '0
236 2451 261 2484 η’
287 2449 349 2489 ἔφη·
376 2451 444 2488 Ἐγὼ
469 2448 573 2479 Βελϐἒλ
599 2451 750 2488 καλοῦμαι,
779 2451 891 2490 καρδίας

79 2495 214 2530 ἀνθρώπων
261 2494 305 2522 καὶ
345 2495 442 2533 φρένας
479 2494 654 2533 διαστρέφω-
692 2495 736 2523 ἐᾶν
783 2496 892 2524 ἀκούσω

77 2538 170 2579 ξλραήλ
185 2536 320 2576 ἴγκλησον
332 2537 449 2574 Βελὸὶλ,
471 2539 549 2571 εὐθὺς
575 2540 721 2578 ἀναχωρῶ.
737 2540 768 2568 Ὁ
784 2541 806 2567 Θ¹
821 2539 872 2579 ἔφη
883 2551 889 2557 ·

79 2576 142 2620 Ἐγὼ
174 2583 317 2620 Κουρταήλ
354 2583 516 2621 καλοῦμαι·
557 2576 689 2623 στρόφους
732 2584 758 2612 ἐν
796 2576 892 2621 κοιλίᾳ

911 2258 934 2291 D

112 2766 159 2804 (lt)
172 2765 221 2795 Hie
236 2766 323 2796 omisi
338 2775 401 2804 quis
415 2775 444 2797 ν.
459 2767 490 2797 in
505 2767 646 2798 additam.
666 2767 723 2797 sub
744 2766 854 2804 signo‘)

951 1612 997 1637 ter
1011 1610 1132 1645 aitzEgo
1148 1609 1324 1645 Barsapbael
1339 1617 1445 1643 vocor;
1461 1608 1510 1644 qui
1524 1606 1779 1643 utaliquantulum

951 1654 1068 1682 doleant
1083 1654 1138 1682 sub
1154 1656 1284 1689 tempore
1294 1654 1497 1688 meojacentes
1512 1652 1627 1686 efficio;
1644 1651 1669 1679 si
1681 1651 1778 1679 solum

951 1699 1070 1726 audiam
1087 1707 1094 1726 :
1111 1698 1238 1731 Gabriel,
1256 1699 1376 1733 increpa
1400 1697 1589 1733 Barsaphael,
1616 1696 1715 1724 statim
1732 1704 1776 1723 re-

950 1745 1056 1770 vertor.
1073 1742 1190 1770 Tertius
1206 1743 1245 1769 ait
1260 1750 1267 1769 :
1286 1743 1343 1777 Ego
1357 1741 1507 1769 Aratosael
1533 1741 1689 1773 nominor;
1705 1747 1778 1766 ocu-

949 1786 994 1814 los
1009 1787 1092 1821 laede,
1108 1790 1137 1814 et
1162 1795 1268 1823 magno
1293 1786 1388 1814 efﬁcio
1412 1785 1607 1818 detrimento;
1633 1783 1658 1812 si
1681 1783 1776 1811 solum

950 1831 1067 1859 audiam
1085 1840 1091 1859 :
1107 1831 1194 1864 Uriel,
1220 1831 1340 1866 increpa
1364 1829 1522 1863 Aratosael,
1543 1828 1642 1856 statim
1662 1828 1776 1856 recedo.

951 1876 1077 1908 Quintus
1093 1876 1133 1904 ait
1149 1884 1155 1903 :
1173 1876 1230 1911 Ego
1252 1874 1358 1903 Joudal
1385 1883 1489 1908 vocor;
1515 1873 1632 1901 aurium
1657 1873 1775 1900 obstru-

950 1921 1077 1948 etionem
1106 1920 1188 1953 tollo,
1212 1922 1241 1947 et
1264 1928 1382 1947 rursum
1408 1918 1556 1952 immitto;
1581 1918 1606 1945 si
1630 1917 1774 1945 audiero:

950 1965 1049 1998 Uruel,
1064 1964 1169 1993 Joudal
1186 1964 1337 2000 (increpa),
1362 1963 1517 1991 confestim
1540 1963 1654 1990 recedo.
1671 1962 1775 1989 Sextus

949 2009 1012 2037 ait:
1031 2012 1088 2045 Ego
1109 2008 1314 2045 Sphendonacl
1340 2008 1485 2042 nominor,
1502 2007 1552 2043 qui
1578 2007 1726 2042 parotidas
1747 2008 1776 2033 et

950 2054 1079 2082 faucium
1104 2053 1267 2089 glandulas,
1282 2055 1311 2081 et
1331 2060 1485 2080 nervorum
1511 2059 1643 2079 aversam
1666 2050 1774 2078 tensio-

949 2106 1016 2125 nem
1027 2098 1120 2132 facio;
1137 2098 1162 2125 si
1182 2097 1302 2125 audiero
1317 2106 1323 2125 :
1340 2097 1471 2128 Sabrael,
1488 2096 1607 2131 increpa
1626 2095 1774 2130 Sphendo-

950 2141 1026 2175 nael,
1042 2141 1142 2169 statim
1165 2141 1277 2168 recedo.
1300 2141 1450 2176 Septimus
1465 2140 1506 2167 ait
1522 2148 1528 2167 :
1546 2140 1603 2175 Ego
1619 2139 1775 2174 Sphandor

949 2194 1053 2219 vocor;
1070 2185 1259 2213 humerorum
1275 2186 1364 2213 robur
1387 2185 1533 2212 imminuo
1549 2187 1578 2212 et
1593 2191 1772 2218 commoveo,

949 2232 978 2257 et
993 2238 1136 2257 manuum
1152 2237 1254 2257 nervos
1271 2229 1395 2264 resolvo,
1405 2231 1434 2256 et
1449 2237 1517 2256 ossa
1531 2229 1638 2264 pedum
1651 2227 1772 2262 resolvo,

948 2276 977 2301 et
1005 2273 1165 2302 medullam
1195 2275 1223 2302 in
1249 2274 1361 2301 saniem
1387 2275 1540 2306 converto;
1567 2272 1591 2300 si
1615 2272 1735 2299 audiero
1764 2279 1772 2298 :

947 2318 1043 2351 Arael,
1060 2319 1179 2354 increpa
1203 2318 1368 2354 Sphandor,
1391 2318 1491 2345 statim
1517 2317 1631 2344 recedo.
1648 2315 1774 2343 Octavus

949 2364 989 2390 ait
1015 2371 1021 2390 :
1051 2363 1110 2399 Ego
1140 2362 1236 2390 Belbel
1265 2362 1418 2396 nominor;
1448 2361 1602 2389 hominum
1631 2360 1718 2388 corda
1745 2362 1774 2387 et

948 2409 1063 2435 mentes
1092 2409 1227 2435 converto
1252 2406 1282 2434 in
1309 2406 1439 2439 malum;
1464 2406 1489 2433 si
1515 2406 1636 2433 audiero
1654 2413 1660 2432 :
1677 2403 1770 2437 Arael,

948 2451 1065 2488 increpa
1079 2451 1188 2485 Belbel,
1206 2451 1304 2478 statim
1320 2450 1409 2486 fugio.
1429 2450 1531 2478 Nonus
1545 2450 1587 2477 ait
1601 2458 1608 2477 :
1627 2449 1684 2484 Ego
1700 2448 1771 2476 Cur-

946 2496 1005 2524 tael
1028 2504 1133 2530 vocor;
1158 2498 1305 2523 tormenta
1329 2494 1477 2522 intestinis
1501 2494 1639 2527 immitto,
1656 2492 1772 2522 labores

946 2540 1074 2574 induco;
1098 2541 1123 2568 si
1140 2540 1258 2568 audiero
1275 2548 1281 2567 :
1298 2539 1396 2573 Jaoth,
1419 2539 1537 2574 increpa
1555 2537 1683 2572 Curtael,
1699 2545 1770 2565 con-

946 2586 1044 2614 festim
1069 2585 1183 2614 recedo.
1207 2584 1342 2612 Decimus
1357 2584 1398 2612 ait
1415 2591 1423 2612 :
1439 2583 1510 2611 Mihi
1536 2582 1694 2611 Metathiax
1717 2591 1769 2610 no-
