1936 3047
147 103 223 133 1343

625 105 826 135 APPENDlX
847 105 899 134 AD
921 103 1157 134 MlCHAELEM
1178 103 1373 135 PSELLUM.

1779 100 1862 129 13H

147 178 233 204 men;
251 179 405 199 nervorum
422 171 537 199 dolores
562 172 676 206 efﬁcio;
702 173 726 200 si
743 172 860 201 audiere
877 179 884 199 :
901 172 974 200 Ado-
987 172 1015 206 Α
1030 171 1172 208 amnem.

1061 171 1208 208 εοπὲμπω·
1238 171 1338 201 πόνους
1376 170 1490 208 ἐπάγω,
1516 168 1561 196 ἰὰν
1604 167 1712 195 ἀκούσω
1756 164 1862 199 ’Ῑαὼθ,

148 215 223 249 nael,
239 216 358 252 increpa
372 216 539 249 Metathiax,
557 216 615 244 cito
631 217 710 252 fugo.

1027 214 1160 253 ἴγκλησον
1188 215 1355 251 Κουρταήλ,
1385 214 1462 245 εὐθὺς
1491 214 1646 251 ἀναχωρῶ.
1683 214 1703 239 ο
1734 215 1749 238 ι’
1780 209 1837 249 ἕερη
1855 219 1862 226 α

149 258 221 296 Ἐγὼ
249 259 394 296 Μεταθιᾶξ,
423 259 587 297 καλοῦμαι·
615 260 728 298 νεφροὺς
758 263 829 287 ποιῶ
866 262 980 289 πονεῖν·
1012 259 1055 287 ἐὰν
1098 260 1205 288 ἀκούσω
1235 258 1392 294 Ἀδωναὴλ,
1429 257 1561 296 ἕγκλησον
1602 256 1748 292 Μεταθιὰξ,
1778 254 1863 285 εὐθὺς

149 303 296 340 ἀναχωρῶ.

181 358 360 386 Undecimus
376 359 416 387 ait
431 367 437 388 :
455 360 514 396 Ego
525 360 723 389 Catanicotael
735 368 840 394 vocor;
857 367 971 395 pugnas

145 403 173 429 et
197 402 358 437 injustitias
381 404 460 431 domi
485 404 590 438 efﬁcio,
613 405 751 432 duritiam
777 403 922 437 immitto;
946 403 971 430 si

143 446 210 481 quis
227 446 294 474 velit
309 455 409 482 pacem
436 456 610 484 componere
626 450 655 476 in
678 449 764 476 domo
781 456 844 481 sua,
862 447 972 475 scribat

143 490 172 517 in
189 493 301 526 septem
320 492 387 519 folia
403 492 540 528 Daphnes
566 502 672 521 nomen
689 493 838 520 domantis
854 500 900 519 me
916 500 969 518 un-

143 534 211 570 geli,
238 538 266 563 et
282 535 341 563 haec
356 537 477 564 nomina
494 545 500 564 :
516 539 577 570 Jae,
598 538 661 570 Jeo,
687 537 736 564 filii
762 535 901 568 Sabaoth,
919 543 972 571 per

143 587 249 607 nomen
268 580 366 616 magni
383 581 444 615 Dei,
461 581 623 617 increpatio
637 582 687 609 fiat
703 583 802 608 contra
817 580 968 608 Catanico-

142 623 199 651 tae]
215 633 222 657 ;
239 624 344 652 deinde
358 625 461 654 larans
477 626 614 662 Daphnes
636 626 705 653 folia
721 626 749 653 in
767 633 854 661 aqua,
870 632 970 660 asper-

141 670 191 703 gat
206 676 283 703 aqua
303 669 423 697 domum
449 678 533 697 suam
558 670 593 697 ab
609 669 798 698 interioribus
825 677 918 704 usque
933 668 970 695 ad

141 712 292 744 exteriora,
309 715 337 740 et
360 714 461 741 statim
485 715 598 741 recedo.
616 714 814 741 Duodecimus
829 713 869 740 ait
885 722 891 740 :
913 713 970 748 Ego

141 756 329 791 Saphatorael
347 758 502 791 nominor;
528 758 728 786 dissensiones
752 758 880 785 immitto
895 757 971 785 inter

141 800 286 836 homines,
302 804 331 829 et
356 803 469 838 gaudeo
493 802 698 831 scandalizans
720 810 788 836 eos;
806 802 830 830 si
853 802 918 837 quis
940 801 969 828 in

145 844 246 872 charta
270 845 421 881 scripserit
447 848 567 875 nomina
592 847 652 875 haec
678 847 849 883 angelorum
865 854 872 874 :
888 846 970 879 Jaeo,

1061 361 1090 387 Ὀ
1118 359 1150 386 ια’
1177 356 1226 397 ἔφη
1245 367 1253 374 ·
1274 358 1345 397 Ἐγὼ
1375 355 1584 391 Κατανικοταήλ
1613 354 1772 391 καλοῦμαιε
1805 354 1860 390 μά-

1026 413 1077 440 χας
1092 403 1137 430 καὶ
1157 401 1263 435 ἀδικίας
1286 403 1344 430 κατ’
1360 401 1452 434 οἴκους
1475 403 1558 435 ποιῶ,
1576 400 1621 428 καὶ
1646 398 1779 436 σκληρίαν
1796 398 1863 434 (εἰσ)

1025 447 1191 484 ἐπιπέμπω·
1223 447 1267 475 HV
1294 458 1337 479 τις
1366 447 1431 484 Θὲλῃ
1460 445 1607 483 εῐρηνεύιιν
1638 445 1676 476 εἰς
1704 444 1751 471 τὸν
1780 443 1860 470 οἷκον

1026 492 1118 526 αὐτοῦ,
1143 493 1273 530 γραψάτω
1299 492 1337 524 εἰς
1363 492 1431 519 ἒπτᾶ
1457 490 1549 530 ιρῦλλα
1577 489 1676 528 δάφνης
1705 489 1736 515 τὸ
1767 485 1862 523 ὄνομα

1024 539 1072 563 τοῦ
1088 537 1290 575 καταργοῦντός
1309 547 1342 573 με
1357 535 1488 574 ἀγγάλου,
1504 535 1549 563 καὶ
1564 536 1647 562 ταῦτα
1670 533 1703 560 τὰ
1721 532 1859 568 ὀνόματα,

1027 581 1087 616 Ἰαὶ,
1104 581 1172 616 Ἱιὼ,
1189 581 1244 608 υἱοὶ
1269 579 1396 615 Σαϐαὼθ,
1413 579 1458 608 διὰ
1482 580 1514 607 τὸ
1537 578 1624 615 ὄνομα
1650 580 1699 605 τοῦ
1730 575 1859 614 μεγάλου

1025 627 1092 652 Θεοῦ
1121 625 1281 662 ἐγκλησάτω
1310 627 1350 662 τῷ
1379 623 1587 659 Κατανικοταήλ
1605 633 1611 639 ·
1642 623 1699 650 εἶτα
1739 620 1856 648 πλύνων

1024 669 1057 696 τὰ
1079 667 1258 708 δαφνόφυλλα
1287 670 1331 697 ἐπὶ
1356 672 1405 698 τοῦ
1427 668 1523 700 ὕδατος
1554 668 1673 706 ρεύνατω
1704 667 1784 703 (sic?)
1807 665 1856 692 τὸν

1026 714 1098 741 οἷκον
1129 714 1211 742 αὐτοῦ
1252 714 1292 750 τῷ
1327 713 1403 742 ὕδατι
1440 714 1493 741 ἀπὸ
1536 712 1588 740 ἔσω
1627 710 1680 742 ’έως
1714 710 1776 746 ἔξω,
1808 709 1858 737 καὶ

1026 758 1104 790 εὐθὺς
1134 759 1282 796 ἀναχωρῶ.
1299 759 1329 787 Ὁ
1355 759 1390 796 ιβ’
1405 757 1556 796 ἔφη.Ἑγὼ
1587 754 1779 795 Σαφαθωραὴλ
1805 765 1859 781 κα-

1027 801 1129 839 λοῦμαι
1150 802 1326 841 διχοστασίαν
1343 801 1456 839 ἐμϐάλω
1473 805 1531 833 τοῖς
1556 801 1711 839 ἀνθρώποις
1735 799 1781 827 καὶ
1812 799 1860 826 εὐ-

1025 848 1173 885 φραίνομαι
1197 847 1296 879 αὐτοὺς
1320 846 1516 883 σκανδαλίζων,
1541 847 1585 874 ἐάν
1609 856 1652 877 τις
1682 845 1719 876 ιτς
1744 845 1858 882 χάρτην

140 889 232 922 Jealo,
250 889 352 924 Joelet,
369 891 508 924 Sabaoth,
523 892 609 926 Ithat,
625 892 686 925 Jae,
702 894 730 920 et
745 891 858 927 plicans
873 891 973 918 tulerit
987 893 1011 925 Β
1025 892 1162 930 ἐπιγράψῃ

1062 892 1162 930 ιγράψῃ
1190 895 1273 920 ταῦτα
1300 893 1334 920 τὰ
1363 892 1483 929 ὀνόματα
1519 894 1573 920 τῶν
1612 889 1736 929 ἀγγέλων
1763 890 1857 921 ’1αεῶ,

141 933 215 961 collo
232 943 296 967 suo,
312 935 356 962 vel
371 943 405 963 ea
419 935 448 963 in
465 944 565 964 aurem
583 936 723 972 posuerit,
735 936 835 963 statim
852 936 965 969 recedo,

143 980 171 1006 et
186 979 355 1007 ebrietatem
372 980 461 1008 solvo.
474 981 611 1009 Decimus
621 981 725 1008 tertius
741 981 782 1008 ait
795 989 801 1008 :
813 982 871 1016 Ego
884 979 968 1007 Bobel

142 1031 238 1058 vocor,
255 1033 409 1052 nervorum
436 1027 649 1054 contractiones
674 1026 787 1059 efficio;
806 1026 829 1054 si
841 1026 902 1061 jam
918 1033 969 1052 ex-

141 1069 309 1101 ardescens,
327 1070 425 1105 magni
444 1070 568 1098 Adonael
592 1079 699 1098 nomen
716 1070 836 1098 audiero
852 1070 909 1106 (cui
924 1069 968 1097 di-

142 1113 235 1148 cetur)
253 1121 258 1140 :
277 1114 396 1149 increpa
417 1114 560 1148 Bothotel,
577 1115 677 1142 statim
701 1115 815 1142 recedo.
831 1115 969 1142 Decimus

141 1160 263 1192 quartus
279 1157 320 1185 ait
336 1166 342 1184 :
360 1158 419 1193 Ego
443 1159 614 1187 Cumentael
640 1167 744 1193 vocor;
769 1159 919 1187 horrorem
941 1160 970 1186 et

139 1204 287 1236 torporem
304 1202 451 1236 immitto;
475 1203 500 1230 si
526 1203 621 1231 solum
637 1204 756 1232 audiero
775 1212 781 1232 :
796 1202 905 1238 Jaroel,
922 1203 968 1230 in-

141 1253 228 1282 crepa
243 1246 424 1281 Cumentael,
441 1248 596 1276 confestim
609 1249 721 1276 recedo.
739 1248 876 1276 Decimus
887 1247 969 1283 quin-

141 1293 189 1318 tus
214 1291 254 1318 ait
276 1299 284 1319 :
310 1292 368 1327 Ego
393 1292 497 1321 Roelec
522 1301 626 1327 vocor;
653 1293 726 1321 facio
752 1296 784 1320 ut
804 1295 915 1328 guttur,
941 1294 969 1320 et

141 1336 327 1364 stomachum
340 1337 446 1373 frigore
457 1338 591 1372 doleant;
607 1338 647 1366 ita
656 1338 720 1365 utsi
736 1337 832 1365 solum
849 1338 967 1365 audiero

143 1379 299 1408 clamorem
317 1389 323 1408 :
340 1381 381 1409 Ne
392 1382 565 1416 immensas,
579 1391 614 1410 ne
628 1391 707 1414 uras,
724 1382 793 1418 quia
806 1381 908 1410 melior
924 1383 968 1410 est

141 1425 275 1454 Salomon
293 1427 429 1455 undecim
455 1428 605 1462 fratribus,
623 1427 722 1455 statim
749 1428 862 1455 recedo.
877 1427 966 1456 .Deci-

141 1478 208 1497 mus
226 1473 327 1498 sextus
351 1471 416 1499 ait:
438 1472 496 1508 Ego
521 1473 609 1499 Atrax
633 1480 740 1505 vocor;
764 1479 817 1508 ego
841 1471 967 1499 immitto

141 1513 314 1542 hominibus
329 1515 440 1543 calores
464 1516 645 1544 insanabiles
661 1518 689 1544 et
704 1515 841 1550 nocivos;
857 1516 882 1543 si
893 1515 966 1543 velis

141 1566 187 1586 me
199 1559 313 1594 ejicere,
321 1560 509 1588 coriandrum
526 1569 602 1595 seca,
610 1561 644 1588 ad
651 1569 733 1588 move
744 1561 841 1594 labiis,
849 1568 965 1588 carmen

140 1602 196 1630 hoc
212 1603 311 1631 dicens
329 1612 335 1632 :
353 1604 524 1640 pyrethrum
550 1614 566 1632 a
590 1605 737 1639 sordibus,
755 1605 857 1640 adjuro
873 1607 900 1632 te
916 1613 968 1640 per

140 1646 287 1674 excelsum
303 1647 355 1675 Dei
366 1648 538 1681 solium,exi
555 1657 572 1676 a
586 1650 735 1682 sordibus,
748 1650 847 1677 recede
860 1657 876 1676 a
888 1658 966 1676 crea-

140 1693 209 1719 tura
224 1691 286 1726 Dei,
303 1693 331 1720 et
345 1693 445 1720 statim
461 1693 574 1721 recedo.
593 1693 726 1721 Decimus
742 1693 886 1729 septimus
902 1693 942 1721 ait
958 1702 964 1720 :

141 1736 199 1770 Ego
214 1735 348 1772 Jeropael
371 1745 475 1770 vocor;
501 1746 590 1773 super
605 1737 787 1765 stomachum
812 1737 966 1765 hominum

140 1781 238 1814 sedeo,
254 1783 282 1809 et
296 1782 500 1809 convulsiones
516 1782 597 1818 pario
614 1782 652 1814 ,in
678 1782 782 1809 balneo
798 1784 826 1810 et
842 1782 946 1810 itinere
960 1791 966 1816 ;

138 1827 167 1852 et
184 1825 352 1861 ubicunque
367 1826 510 1861 invenior,
527 1829 555 1853 et
570 1827 686 1854 invenio
701 1826 862 1860 hominem,
879 1827 967 1854 cade-

140 1878 169 1898 re
186 1870 273 1903 facio;
291 1871 315 1898 si
332 1871 399 1906 quis
416 1873 513 1898 autem
531 1871 711 1906 patientibus
727 1871 832 1898 dixerit
847 1871 876 1898 in
899 1879 967 1898 aure

141 1915 262 1942 nomina
277 1914 336 1942 hmo
351 1917 405 1948 ter,
423 1915 451 1942 in
473 1916 591 1943 dextera
608 1924 614 1943 :
630 1915 803 1949 Jourdarizi,
821 1916 966 1949 Saboune,

145 1959 250 1992 Dence,
271 1959 371 1987 statim
396 1960 508 1987 recedo.
534 1960 671 1987 Decimus
695 1962 814 1987 octavus
830 1960 891 1987 ait:
909 1960 967 1996 Ego

142 2003 361 2031 Bouldoumech
378 2012 482 2038 vocor;
510 2004 634 2031 feminas
650 2013 666 2031 a
681 2004 743 2031 viro
759 2012 853 2037 arceo,
870 2007 898 2031 et
923 2004 968 2032 in-

141 2048 251 2075 vidiam
277 2056 402 2083 genero;
429 2049 453 2076 si
479 2049 546 2084 quis
570 2051 688 2084 patrum
708 2051 825 2076 tuorum
848 2049 968 2077 nomina

141 2092 293 2125 scripserit
306 2093 335 2120 in
351 2093 463 2126 charta,
481 2092 629 2128 Salomon,
646 2096 674 2121 et
689 2093 819 2129 posuerit
832 2093 861 2120 in
878 2093 968 2121 vesti—

140 2136 209 2164 bulo
233 2137 340 2165 domus
365 2146 436 2172 sum,
453 2138 521 2165 inde
543 2138 661 2172 recedo;
690 2138 899 2174 superscriptio
916 2146 967 2165 au-

139 2183 200 2209 tem
215 2181 278 2209 haec
293 2184 338 2209 est
355 2190 361 2210 :
380 2184 507 2218 imperat
523 2183 574 2210 tibi
590 2183 668 2210 Deus
682 2182 839 2216 Abraham,
850 2185 879 2210 et
893 2182 968 2210 Deus

141 2226 233 2260 Isaac,
250 2229 278 2254 et
290 2227 367 2255 Deus
381 2227 482 2261 Jacob,
499 2226 601 2254 recede
616 2235 632 2254 θ.
656 2227 742 2254 domo
757 2226 815 2254 ista
829 2227 858 2254 in
876 2234 965 2262 pace;

142 2271 243 2300 statim
259 2271 340 2299 abeo.
358 2271 494 2299 Decimus
509 2279 604 2299 nonus
619 2271 659 2298 ait
676 2279 683 2298 :
699 2270 771 2298 Mihi
787 2279 893 2298 nomen
911 2269 969 2297 Na-

142 2315 274 2350 thoth,et
289 2315 316 2343 in
329 2323 425 2351 genua
436 2315 564 2343 virorum
580 2315 682 2348 sedeo;
701 2315 726 2343 si
741 2315 808 2351 quis
825 2315 853 2342 in
866 2315 969 2342 charta

142 2360 296 2396 scripserit
312 2368 318 2387 :
335 2359 575 2393 Phnounoboeol,
591 2359 647 2392 exi,
662 2359 801 2392 Nathoth,
817 2362 846 2386 et
861 2359 968 2387 collum

142 2413 178 2432 ne
206 2406 322 2440 tangas,
354 2405 454 2432 statim
493 2404 573 2432 abeo.
612 2403 779 2431 Vicesimus
807 2403 848 2431 ait
877 2412 883 2431 :
913 2406 969 2440 Ego

142 2449 278 2476 nominor
292 2449 444 2482 Mardero;
463 2448 566 2476 febrim
591 2448 717 2476 immitto
738 2447 908 2476 hominibus
924 2449 970 2475 in-

142 2493 303 2521 sanabilem
325 2502 333 2527 ;
358 2493 382 2521 si
405 2493 471 2529 quis
492 2493 521 2520 in
545 2493 647 2521 charta
670 2492 761 2520 libelli
785 2493 937 2528 scripserit
961 2501 967 2521 :

142 2537 286 2573 Sphener,
302 2538 442 2574 Raphael,
458 2545 609 2571 exeamus,
633 2536 713 2574 σύρον
731 2535 838 2573 δούρον,
854 2540 883 2564 et
896 2537 969 2566 collo

144 2582 298 2617 aptaverit,
314 2583 469 2610 confestim
485 2583 599 2610 recedo.

1024 936 1128 972 Ἰεαλῶ,
1159 937 1276 973 Ἰωιλὶτ,
1306 934 1433 971 Σαῦαὼθ,
1462 937 1543 972 Ἰθοθ,
1577 936 1639 971 Βαὶ,
1670 933 1715 962 καί
1752 932 1854 968 πλίξας

1024 982 1130 1020 φορὲσιι
1151 984 1191 1018 τῷ
1206 981 1355 1019 τραχήλῳ,
1369 983 1386 1016 ἢ
1402 982 1446 1009 καὶ
1469 985 1519 1015 τῆς
1542 981 1611 1018 πρὸς
1638 990 1670 1007 το
1701 977 1747 1010 οῦς
1773 977 1791 1012 ἦ
1821 979 1859 1012 (Ϋ)

1023 1027 1069 1061 θη,
1086 1025 1212 1063 εὐθὺς
1243 1026 1392 1064 ἀναχωρῶ,
1408 1026 1454 1053 καὶ
1482 1026 1533 1060 τήν
1562 1025 1646 1061 μέθην
1677 1023 1748 1051 λύω.
1776 1023 1806 1049 ’0
1837 1033 1862 1064 ιγ

1022 1067 1074 1108 ἔφη
1090 1061 1099 1086 ν·
1113 1061 1115 1063 ⁷
1128 1071 1199 1108 Ἐγὼ
1236 1061 1346 1105 Bosa-1'
1359 1069 1508 1107 καλοῦμαι,
1538 1068 1764 1106 νιυροχρῖλασεις
1794 1061 1859 1102 (sic)

1024 1116 1108 1149 ποιῶ,
1125 1113 1168 1142 ἐὰν
1193 1114 1380 1153 ἐφαπτόμενος
1406 1114 1515 1141 ἀκούσω
1544 1116 1591 1140 τοῦ
1624 1112 1744 1150 μεγάλου
1770 1109 1857 1138 Ἀδο-

1023 1158 1096 1194 ναὴλ
1110 1159 1141 1186 τὸ
1158 1159 1246 1195 ὖνομα
1261 1159 1415 1197 ’Ἐγκλησον
1440 1157 1579 1193 Βοθοθήλ,
1595 1157 1673 1189 εὐθὺς
1701 1157 1856 1197 ἀναχωρῶΪ

1023 1205 1053 1232 Ὀ
1081 1203 1112 1231 ιδ’
1141 1203 1203 1243 ἔφη·
1220 1195 1307 1242 Ἐγὼ.
1323 1203 1489 1240 Κουμεατὴλ
1515 1203 1664 1239 καλοῦμαι,
1681 1201 1779 1240 φρίκην
1807 1195 1857 1227 κιιἱ

1022 1248 1123 1286 νάρκην
1153 1248 1309 1285 ἐπιπέμπω*
1325 1249 1361 1279 ὡς
1392 1249 1474 1284 μόνον
1498 1247 1605 1275 ἀκούσω
1634 1245 1769 1283 Ζωρωήλ,
1785 1246 1853 1282 ’Ἐγ-

1021 1293 1125 1328 κλησον
1155 1292 1331 1329 Κουμενταὴλ
1362 1294 1428 1327 (12),
1460 1292 1537 1323 ιῦθὺς
1571 1291 1731 1328 ἀναχωρῶ·
1763 1291 1792 1316 Ὁ
1827 1291 1856 1316 ιε’

1023 1337 1085 1375 ἔφη,
1103 1337 1173 1375 Ἐγὼ
1198 1336 1320 1373 Ῥοηλὴδ
1343 1337 1503 1373 καλοῦμαι*
1519 1336 1608 1374 ψύχος
1631 1335 1675 1363 καὶ
1700 1335 1780 1373 ῥίγος
1808 1334 1855 1361 καὶ

1022 1382 1164 1419 στομάχου
1191 1382 1274 1410 πόνον
1305 1381 1424 1418 ἐμποιῶ,
1441 1382 1478 1413 ὡς
1510 1381 1590 1417 μόνον
1612 1379 1718 1407 ἀκούσω
1742 1379 1785 1414 ἷάξ
1813 1380 1852 1416 μή

1021 1426 1151 1464 ἐμμείνῃς
1170 1427 1207 1463 μὴ
1234 1427 1401 1465 θερμαίνῃς·
1419 1426 1460 1453 ὅτι
1490 1424 1604 1453 κάλλιον
1633 1424 1688 1452 ἐστῖ
1714 1423 1853 1460 Σολομῶν

1022 1470 1115 1499 ἕνδεκα
1141 1472 1277 1508 πατέρων,
1303 1471 1381 1502 εὐθὺς
1411 1471 1557 1508 ἀναχωρῶ.
1578 1471 1609 1498 Ὀ
1637 1470 1669 1501 ις’
1688 1466 1751 1507 ἔφη,
1779 1469 1853 1506 Ἐγὼ

1021 1516 1116 1554 Ἀτρὰξ
1142 1516 1291 1552 καλοῦμαι·
1315 1516 1386 1554 Ἐγὼ
1408 1514 1584 1553 καταστρέφω
1608 1516 1668 1545 τοῖς
1694 1513 1852 1551 ἀνθρώποις

1022 1560 1154 1598 πυρετοὺς
1183 1560 1308 1591 ἀνιάτους
1337 1560 1381 1587 καὶ
1412 1557 1565 1596 βλαϐερούς
1583 1567 1589 1574 “
1621 1557 1664 1585 ἐὰν
1699 1557 1783 1594 θέλῃς
1820 1568 1853 1593 με

1022 1604 1176 1642 ἐγκλῆσαι·
1206 1604 1370 1640 κολίανόρον
1400 1604 1485 1641 κόψας
1514 1603 1622 1641 ἐπίχριι
1649 1603 1702 1630 τῶν
1732 1601 1851 1640 χειλέων

1022 1649 1110 1686 λέγων
1138 1649 1187 1683 τὴν
1215 1647 1325 1685 ἕπψδήν
1364 1653 1466 1683 ταύτην
1485 1657 1491 1664 ·
1519 1648 1550 1675 τὸ
1578 1647 1710 1685 πύρεθρον
1738 1647 1770 1673 τὸ
1798 1646 1852 1674 ἀπὸ

1022 1693 1174 1732 ῥυπαρίας,
1204 1693 1306 1730 ὁρκίζω
1348 1703 1377 1720 σι
1413 1692 1482 1720 κατὰ
1515 1694 1564 1719 τοῦ
1601 1693 1668 1719 Θιοῦ
1702 1693 1749 1718 τοῦ
1789 1690 1851 1727 ὑψί-

1022 1748 1087 1765 στου
1107 1740 1154 1765 τοῦ
1179 1738 1288 1774 θρόνου,
1304 1737 1442 1774 ἀναχώρει
1470 1737 1523 1764 ἀπὸ
1552 1736 1696 1774 ῥυπαΐίας,
1717 1735 1764 1762 καὶ
1788 1735 1853 1762 ἀνα-

1024 1781 1109 1820 χώριι
1126 1782 1178 1809 ἀπὸ
1193 1784 1241 1809 τοῦ
1255 1781 1417 1818 πλάσματος
1442 1783 1491 1808 τοῦ
1515 1783 1593 1814 Θεοῦ,
1610 1781 1655 1808 καὶ
1681 1779 1757 1812 εὐθὺς
1786 1780 1852 1807 ἀνα-

1023 1829 1119 1864 χωρῶ.
1143 1827 1170 1853 Ὁ
1202 1827 1232 1860 ιζ’
1261 1825 1323 1864 ἔφη,
1355 1826 1426 1863 Ἐγὼ
1454 1825 1600 1862 Ἱεροπαὴλ
1625 1823 1787 1861 καλοῦμαι·
1806 1823 1851 1852 ἰπὶ

1022 1873 1069 1898 τοῦ
1099 1871 1240 1908 στομάχου
1269 1873 1324 1897 τῶν
1356 1871 1507 1907 ἀνθρώπων
1531 1870 1691 1906 καθέζομαι,
1706 1869 1750 1896 καὶ
1776 1871 1851 1896 ποιῶ

1022 1914 1182 1952 ἀσπαρμοὺς
1198 1916 1259 1951 (sic)
1286 1914 1312 1941 ἐν
1345 1913 1491 1952 βαλανείῳ,
1507 1914 1552 1942 καὶ
1568 1913 1593 1940 ἰν
1625 1913 1690 1950 ὁδῷ-
1705 1913 1750 1940 καὶ
1781 1914 1852 1940 ὅπου

1023 1958 1046 1987 δ’
1076 1959 1106 1986 ἃν
1135 1960 1235 1997 εὑρεθῶ
1261 1959 1305 1986 καὶ
1335 1959 1405 1995 ιῦρω
1433 1960 1480 1987 τὸν
1516 1960 1658 1996 ἄνθρωπον
1688 1958 1852 1992 πτωκατίζω

1023 2005 1092 2041 (sic)
1110 2004 1140 2035 ’ὸς
1165 2002 1188 2030 δ’
1204 2002 1234 2030 ἂν
1261 2002 1333 2030 εἶ’ποι
1358 2006 1415 2033 τοῖς
1440 2005 1593 2042 πάσχουσιν
1608 2003 1646 2034 εἰς
1671 2003 1701 2030 τὸ
1726 2003 1773 2033 οῦς
1803 2002 1851 2029 αὖε

1022 2051 1087 2082 τῶν,
1116 2049 1150 2075 τὰ
1175 2048 1296 2084 ὀνόματα
1323 2050 1408 2075 ταῦτα
1437 2048 1467 2075 ἐκ
1494 2048 1599 2085 τρίτου,
1626 2048 1664 2078 εἷς
1691 2048 1723 2074 τὸ
1752 2045 1851 2082 δεξιὸν,

1024 2091 1188 2129 ἰο-αδαριζή,
1214 2090 1344 2127 σαϐουνὴ,
1371 2091 1458 2127 δενώη
1496 2093 1568 2128 (δίε),
1593 2091 1673 2122 εὐθὺς
1704 2091 1851 2129 ἀναχωρῶ.

1023 2138 1053 2166 Ὁ
1082 2138 1116 2172 ιη’
1146 2135 1196 2175 ἱφη
1226 2136 1279 2175 ἐγὼ
1317 2135 1454 2173 καλοῦμαι
1484 2135 1693 2173 Βουλδουμήχ,
1721 2138 1852 2172 γυναῖκας

1024 2181 1076 2208 ἀπὸ
1105 2179 1200 2218 ἀνδρὸς
1231 2180 1357 2218 χωρίζω,
1372 2181 1417 2208 καὶ
1444 2180 1541 2217 φθόνον
1570 2178 1704 2208 ἐπιτελῶ⁶
1734 2179 1778 2207 ἐάν
1807 2190 1850 2211 τις

1021 2227 1112 2263 γράψῃ
1139 2227 1192 2252 τῶν
1222 2228 1274 2252 σῶν
1304 2225 1427 2263 πατέρων
1454 2225 1486 2252 τὰ
1516 2224 1637 2260 ὀνόματα
1659 2223 1794 2260 Σολομῶν
1825 2223 1851 2251 ἐν

1024 2270 1126 2308 χάρτῃ,
1141 2271 1185 2297 καὶ
1201 2271 1278 2305 θήσει
1294 2269 1362 2297 αὐτὰ
1376 2269 1403 2296 ἐν
1418 2268 1566 2307 προθύροις
1579 2271 1628 2296 τοῦ
1652 2267 1729 2296 οἴκου
1753 2268 1848 2302 αὐτοῦ,

1024 2314 1122 2342 ἐκεῖθεν
1154 2315 1300 2352 ἀναχωρῶ.
1328 2315 1358 2342 Ἡ
1389 2312 1418 2341 ὃὶ
1443 2313 1578 2352 ἐπιγραφή
1605 2313 1675 2340 ἐστιν
1704 2312 1791 2348 αὕτη·
1807 2324 1850 2340 κε-

1024 2358 1096 2386 λεύει
1122 2358 1164 2386 σοὶ
1190 2359 1204 2386 ὁ
1234 2359 1298 2390 Θεὸς
1326 2356 1463 2396 Ἀϐραὰμ,
1479 2358 1523 2385 καὶ
1551 2359 1565 2385 ὁ
1593 2358 1658 2389 Θεὸς
1688 2357 1787 2392 Ἰσαὰκ,
1803 2358 1848 2385 καὶ

1025 2404 1038 2431 ὃ
1065 2404 1130 2434 Θεὸς
1156 2400 1266 2437 Ἰακὼϐ,
1282 2403 1462 2440 ἀναχώρησον
1488 2402 1541 2430 ἀπὸ
1568 2405 1617 2430 τοῦ
1646 2401 1722 2429 οἷ’κου
1750 2402 1850 2429 τούτου

1026 2449 1083 2484 μετ’
1099 2447 1220 2486 εἰρήνης,
1243 2447 1319 2479 εὐθὺς
1344 2447 1489 2485 ἀναχωρῶ.
1514 2448 1545 2475 '0
1570 2447 1602 2479 10'
1626 2445 1677 2486 ἔφη
1703 2446 1772 2484 Ἐγὼ
1801 2457 1850 2474 κα-

1024 2491 1126 2528 λοῦμαι
1143 2491 1251 2526 Ναθὼθ,
1267 2492 1311 2519 καὶ
1335 2491 1374 2522 εἷς
1389 2492 1422 2519 τὰ
1436 2491 1539 2528 γόνατα
1557 2491 1705 2527 καθέζομαι
1726 2493 1780 2518 τῶν
1804 2492 1850 2518 ἀνι

1025 2537 1153 2574 θρώπων,
1170 2537 1214 2564 ἐάν
1244 2547 1285 2567 τις
1315 2535 1450 2574 ἐπιγράψῃ
1475 2535 1501 2563 ἐν
1522 2536 1611 2573 χάρτῃ
1640 2532 1849 2570 Φνουνοϐοηὸλ,

1024 2579 1113 2615 ἔξελθε
1128 2581 1238 2615 Ναθὼθ,
1255 2580 1299 2608 καὶ
1328 2579 1466 2618 τράχηλιν
1498 2581 1534 2617 μή
1565 2580 1647 2617 ἅψῃς,
1676 2579 1754 2612 εὐθὺς
1784 2579 1849 2607 ἀνα-

144 2628 241 2663 χωρῶ.
267 2626 297 2654 Ὁ
326 2626 348 2653 κ’
374 2623 445 2663 ἔφη·
476 2627 545 2664 Ἐγὼ
591 2625 728 2662 καλοῦμαι
772 2624 917 2663 Μαρδὲρω,
947 2625 1060 2663 πυρετὸν
1105 2624 1251 2661 ἐπιπέμπω
1290 2625 1395 2652 ἀνίατον
1434 2627 1492 2655 τοῖς
1529 2624 1696 2662 ἀνθρώποις,
1726 2623 1770 2651 ἐάν
1809 2635 1850 2656 τις

178 2761 233 2798 (42)
248 2760 369 2790 Diversa
387 2767 495 2796 genere
515 2759 668 2795 scriptura;
683 2759 713 2789 in
728 2769 788 2789 una
801 2760 1013 2790 enuntiatione.
