1932 3050
151 131 230 162 1347

148 198 240 230 Ardu,
255 197 378 231 Anaoth,
395 197 474 224 hunc
498 196 594 224 locum
610 196 699 232 fugio.
716 197 749 224 Et
770 196 832 224 haec
847 195 970 223 audiens
986 197 1011 229 Α

149 251 202 278 ego
218 242 366 276 Salomon,
383 241 498 269 laudavi
525 242 613 269 Deum
638 241 701 269 coeli
725 244 754 268 et
779 241 973 275 terrae;jussi

149 290 246 314 autem
261 295 309 314 eos
330 289 444 322 portare
459 295 566 321 aquam
583 286 612 313 in
628 286 737 322 templo
749 285 811 317 Dei,
822 288 848 312 et
866 285 973 312 iterum

148 333 320 368 deprecatus
348 340 414 359 sum
446 331 599 359 Dominum
630 331 733 364 Deum,
756 334 788 358 ut
816 330 974 358 exteriores

149 377 307 410 daemones,
324 385 357 404 ac
369 376 605 412 supplantatores
622 375 786 409 hominum,
804 374 893 402 simul
911 374 974 401 vin-

148 422 290 454 nirentur,
314 423 342 448 et
365 421 498 447 venirent
512 420 541 447 in
558 419 703 456 templum
725 420 782 447 Dei.
800 419 859 455 Ego
875 421 971 446 autem

147 465 221 493 alios
237 465 342 493 acriter
356 465 503 492 daemones
527 463 719 492 condemnavi
735 467 766 492 ut
781 465 974 499 operarentur

147 510 285 546 gravibus
302 510 452 537 laboribus
476 509 681 537 exstructionis
694 508 796 544 templi
814 508 875 536 Dei.
893 508 972 535 Alios

146 554 313 583 carceribus
329 554 446 587 inclusi,
469 554 533 581 aliis
559 553 693 581 mandavi
718 555 751 580 ut
774 553 842 589 igne
870 553 972 580 doma-

147 602 212 627 rent
236 607 343 626 aurum
368 600 396 626 et
423 601 589 634 argentum,
616 600 646 625 et
670 597 791 634 plumbo
815 599 844 624 et
867 596 971 632 phialae

146 643 321 671 contis/toria:
338 643 512 678 assiderent,
530 645 558 670 et
583 642 696 670 cmteris
721 641 903 669 deemonibus
920 649 970 668 no-

145 688 197 716 dos
215 690 387 724 praeparent,
413 687 522 723 quibus
546 687 653 715 debent
677 686 798 715 includi.
823 686 857 713 Et
881 686 970 714 habui

146 741 282 768 magnam
314 732 558 767 tranquillitatem
589 739 640 766 ego
666 731 804 758 Salomon
831 731 859 757 in
890 730 969 758 omni

143 780 232 811 terra,
249 777 320 805 etin
347 785 415 812 pace
441 776 534 803 multa
557 775 648 803 vitam
674 775 751 811 degi,
777 775 938 803 honoratus
954 784 971 802 a

144 822 258 849 cunctis
281 821 452 848 hominibus
479 820 529 856 qui
556 821 611 847 sub
631 820 702 848 coelo
728 823 805 852 sunt,
823 823 851 847 et
876 819 969 848 rediti-

144 867 204 894 cavi
221 875 308 894 omne
323 866 466 901 templum
483 865 598 893 Domini
615 865 713 900 Dei,et
730 873 852 901 regnum
870 873 968 893 meum
984 879 1008 911 Β

143 913 220 939 recte
236 911 473 946 gubernabatur;
491 912 519 938 et
544 910 689 938 exercitus
714 918 797 938 meus
821 912 882 938 erat
908 918 966 937 me-

143 963 229 990 cum;
246 958 382 983 caeterum
400 955 541 991 requievit
567 955 637 982 urbs
655 954 818 982 Jerusalem
835 955 965 990 gaudens

141 1003 170 1028 et
182 999 358 1032 laetabunda,
374 1001 402 1026 et
423 1007 525 1027 omnes
548 1007 631 1034 reges
652 1001 734 1026 terra:
760 998 915 1026 veniebant
930 998 965 1026 ad

143 1053 222 1072 mea
247 1044 355 1071 ﬁnibus
384 1046 478 1079 terrae,
494 1045 526 1070 ut
555 1043 687 1071 viderent
714 1043 858 1079 templum
888 1044 966 1079 quod

143 1088 322 1117 aedificabam
339 1088 461 1115 Domino
477 1088 545 1121 Deo,
563 1090 591 1115 et
610 1087 762 1115 audientes
778 1088 876 1115 datam
894 1087 964 1115 mihi

143 1132 330 1169 sapientiam,
356 1132 570 1160 venerabantur
599 1140 645 1159 me
669 1131 761 1168 gratia
786 1131 895 1167 templi,
917 1140 966 1159 au-

142 1186 208 1205 rum
233 1179 262 1204 et
286 1179 451 1212 argentum,
475 1179 505 1204 et
529 1176 640 1212 lapides
678 1177 820 1212 pretiosos
845 1176 965 1210 multos,

141 1221 238 1249 varios
254 1223 282 1248 et
297 1229 345 1256 aes,
363 1223 392 1248 et
408 1221 528 1255 ferrum,
545 1223 573 1248 et
588 1220 753 1256 plumbum,
780 1223 808 1248 et
823 1220 904 1257 ligna
918 1229 962 1248 ce-

141 1265 236 1297 drina,
252 1267 281 1292 et
297 1265 375 1301 ligna
400 1264 642 1301 imputrescibilia
660 1265 820 1293 ali'erebant
835 1265 918 1299 mihi,
936 1265 965 1293 in

140 1309 362 1337 aediﬁcationem
379 1309 480 1345 templi
496 1309 566 1344 Dei;
583 1309 613 1336 in
637 1309 683 1337 his
707 1311 735 1337 et
759 1309 859 1345 regina
882 1312 966 1337 terra:

139 1354 239 1382 Austri
255 1362 362 1389 magna
377 1353 490 1389 pollens
507 1353 672 1388 prudentia,
688 1354 767 1381 venit
789 1356 818 1381 et
842 1353 966 1389 procidit

140 1406 238 1426 coram
263 1406 310 1426 me
335 1406 422 1434 super
446 1402 565 1432 terram,
591 1400 620 1426 et
643 1399 766 1426 audiens
791 1398 965 1434 sapientiam

141 1451 247 1478 meam,
263 1442 393 1470 laudavit
409 1443 500 1470 Deum
518 1442 618 1478 Israel,
635 1445 664 1470 et
680 1443 850 1478 probatione
863 1443 966 1479 proba-

137 1489 179 1516 vit
194 1488 371 1525 sapientiam
394 1497 490 1517 meam
515 1488 545 1516 in
570 1488 672 1516 multis
697 1497 760 1524 quae
783 1489 869 1517 docui
890 1497 964 1524 eam,

135 1533 221 1568 juxta
237 1533 336 1561 datam
353 1533 426 1560 mihi
440 1533 628 1568 sapientiam,
642 1535 670 1561 et
689 1542 791 1562 omnes
808 1533 858 1561 lilii
874 1533 962 1562 Israel

139 1577 333 1606 laudaverunt
347 1578 516 1606 Dominum.

174 1685 208 1714 Et
223 1694 288 1713 ecce
303 1685 331 1713 in
349 1686 395 1714 his
421 1685 524 1714 diebus
547 1694 624 1713 unus
649 1686 850 1721 operariorum
878 1694 965 1714 senex

138 1733 221 1758 aetate
237 1730 362 1766 procidit
385 1732 452 1758 ante
468 1738 513 1757 me
540 1730 658 1758 dicens:
674 1730 812 1758 Miserere
832 1731 900 1765 mei,
916 1739 965 1758 rex

136 1774 285 1806 Salomon.
297 1775 367 1810 quia
384 1783 471 1802 senex
487 1774 606 1803 exsisto.
622 1775 736 1802 Jubens
751 1775 842 1811 igitur
859 1778 890 1803 ut
905 1781 964 1803 sta-

137 1818 267 1853 ret,dixit
282 1819 362 1855 (sic):
380 1819 521 1855 Loquere,
540 1827 640 1854 senex,
657 1819 727 1855 quid
749 1819 813 1847 vis?
828 1820 880 1852 Qui
903 1820 962 1848 ait:

136 1864 261 1891 Obsecro
273 1866 311 1896 te,
329 1872 387 1898 rex,
400 1863 493 1891 lilium
513 1864 605 1892 habeo
617 1864 803 1900 unigenitum
820 1866 848 1892 et
864 1867 965 1892 contu-

137 1908 233 1936 meliis
244 1908 332 1935 afficit
345 1916 391 1935 me
403 1909 553 1943 gravibus,
564 1911 591 1936 et
603 1909 735 1936 verberat
751 1917 796 1936 me
806 1909 835 1936 in
850 1909 965 1942 faciem,

136 1955 165 1981 et
177 1955 266 1988 caput
278 1952 350 1980 mihi
372 1952 498 1986 vellicat,
515 1957 542 1981 el
554 1955 679 1981 mortem
691 1953 800 1981 malam
813 1954 968 1982 denuntiat

137 1997 209 2024 mihi
221 2005 228 2029 ;
239 1997 304 2024 ideo
321 1999 384 2024 asto
400 2005 498 2024 coram
513 1999 554 2032 te,
569 1997 686 2025 vindica
703 1998 828 2026 meliac
843 1998 967 2026 audiens

137 2049 189 2076 ego
205 2041 355 2076 Salomon,
371 2041 470 2069 dolore
486 2042 638 2078 pungebar
658 2042 805 2078 aspiciens
821 2043 849 2070 in
867 2051 967 2070 senec-

136 2087 230 2113 tutem
259 2086 334 2120 ejus,
355 2087 384 2113 et
407 2086 485 2121 jussi
510 2089 541 2113 ut
567 2087 760 2115 adduceretur
790 2087 869 2115 ﬁlius
890 2088 966 2124 ejus,

137 2130 228 2162 Quem
254 2129 426 2157 accersilum
451 2130 637 2166 interrogavi,
662 2131 686 2159 si
712 2131 772 2159 haec
798 2133 839 2160 ita
863 2140 894 2159 se
918 2132 968 2160 ha-

136 2174 216 2202 bent.
238 2174 285 2201 Ait
312 2176 411 2201 autem
437 2175 554 2210 juvenis
584 2183 591 2203 :
621 2175 684 2203 Non
713 2176 754 2204 ita
782 2184 835 2212 ego
865 2176 966 2204 furore

136 2219 290 2254 plenus,ut
306 2221 418 2254 patrem
436 2219 486 2254 qui
502 2219 604 2255 genuit
622 2227 667 2247 me
682 2228 770 2248 manu
788 2220 964 2248 cecideriml

137 2263 281 2299 Propitius
298 2263 336 2291 sit
357 2262 429 2290 mihi
451 2271 511 2299 rex,
527 2272 584 2291 non
601 2264 677 2292 enim
695 2265 809 2300 iniusta
823 2264 895 2293 talia
911 2273 963 2292 au-

136 2316 189 2335 sus
212 2316 277 2336 sum
303 2307 407 2335 infelix
431 2316 494 2344 ego.
523 2310 588 2336 Haec
604 2309 738 2344 ajuvene
762 2309 886 2337 audiens
910 2317 962 2345 ego

134 2352 283 2384 Salomon,
300 2352 439 2379 hortabar
464 2352 609 2380 seniorem
631 2356 663 2380 ut
688 2353 724 2380 ad
741 2362 862 2381 sensum
887 2353 964 2381 veni-

135 2401 189 2430 ret,
212 2399 240 2424 et
263 2396 315 2424 filii
340 2399 504 2432 acceptaret
532 2397 763 2425 excusationem.
788 2397 840 2426 llle
865 2400 963 2426 autem

136 2440 262 2474 nolebat,
278 2441 328 2468 sed
345 2441 441 2477 potius
466 2443 499 2468 ut
523 2444 618 2469 morte
642 2442 760 2477 periret.
778 2443 849 2470 Cum
866 2445 962 2470 autem

135 2491 192 2510 non
216 2484 414 2519 acquiesceret
437 2493 535 2520 senex,
553 2486 701 2521 piaculum
728 2486 825 2521 juveni
842 2486 962 2522 iamjam

133 2527 326 2563 impositurus
342 2538 434 2564 eram,
449 2532 479 2557 et
493 2530 595 2557 videns
611 2529 731 2558 Orniam
748 2532 908 2559 daemonem
923 2531 962 2558 ri-

135 2571 263 2603 dentem,
280 2572 372 2600 iratus
389 2582 454 2601 sum
471 2573 554 2602 valde
571 2583 604 2602 eo
621 2575 698 2610 quod
724 2575 833 2603 rideret
848 2575 961 2604 damon

136 2615 167 2642 in
183 2619 340 2650 conspectu
357 2625 431 2644 meo.
448 2618 483 2645 Et
500 2618 559 2645 illis
579 2619 659 2654 jussi
684 2621 716 2646 ut
740 2620 917 2653 recederent,
933 2623 962 2648 et

137 2659 331 2687 adduceretur
346 2661 448 2689 Ornias
475 2662 504 2690 in
530 2663 625 2691 medio
647 2663 816 2698 tribunalis,
831 2672 888 2699 quo
913 2665 962 2693 ad-

136 2704 235 2738 ducto,
248 2703 306 2730 dixi
316 2703 341 2731 ei
353 2712 360 2731 :
374 2704 536 2740 Maledicte,
551 2707 622 2743 quid
635 2708 707 2735 mihi
719 2709 961 2745 appropinquans

138 2747 252 2775 risisti?
268 2747 316 2776 Ait
339 2751 437 2777 autem
463 2749 599 2779 daemon:
621 2753 723 2784 Quaeso
749 2755 787 2788 te,
813 2761 872 2787 rex,
901 2762 960 2781 non

139 2793 258 2827 propter
282 2793 310 2819 te
331 2791 392 2826 risi,
417 2793 465 2820 sed
489 2797 615 2829 propter
638 2796 788 2825 infelicem
814 2797 960 2826 seniorem

983 2243 1003 2275 D

631 129 832 161 APPENDIX
852 129 903 159 AD
926 128 1157 160 MICHAELEM
1179 128 1374 160 PSELLUM.

1790 128 1864 159 1348

1027 193 1140 223 ἐκείνου.
1175 193 1224 221 Καὶ
1248 196 1331 221 ταῦτα
1352 193 1467 223 ἀκούσας
1497 194 1552 232 ἑγὼ
1569 193 1722 231 Σολομῶν,
1747 192 1865 229 ἐδόξασα

1028 239 1072 266 τὸν
1102 238 1166 266 Θεὸν
1193 240 1240 266 τοῦ
1269 238 1384 276 οὐρανοῦ
1407 239 1452 265 καὶ
1474 242 1524 273 τῆς
1562 242 1632 276 γῆς,
1668 237 1810 266 ἐκέλευσα
1840 238 1864 266 ἃ

1029 283 1126 314 αὐτοὺς
1155 282 1227 321 ὕδωρ
1253 283 1375 319 κομίζειν
1392 282 1418 310 ἑν
1432 285 1471 318 τῷ
1487 285 1543 319 ναῷ
1566 285 1614 311 τοῦ
1643 285 1726 311 Θεοῦ·
1755 283 1806 310 καὶ
1829 282 1863 310 ἔτι

1028 328 1222 366 προσηυξάμην
1252 328 1320 365 πρὸς
1337 327 1433 364 Κύριον
1449 328 1494 355 τὸν
1517 328 1592 355 Θεόν·
1625 326 1696 355 ὥστε
1712 327 1784 358 τοὺς

1029 372 1159 409 δαίμονας
1183 372 1226 400 καὶ
1252 371 1443 407 ἐκποδίζοντας
1458 373 1506 407 τὴν
1520 373 1720 410 ἀνθρωπότητα
1753 383 1864 409 συμπο-

1029 417 1146 452 δίζεσθαι
1160 418 1204 445 καὶ
1219 417 1417 455 προσέρχεσθαι
1434 417 1472 449 εἷς
1487 418 1532 445 τὸν
1549 419 1610 445 ναὸν
1625 420 1674 445 τοῦ
1698 420 1784 446 Θεοῦ-

1028 461 1056 490 δὶ
1070 463 1134 493 τοὺς
1153 462 1199 498 μὶν
1213 463 1266 490 τῶν
1293 461 1441 498 δαιμόνων,
1464 462 1606 498 κατέκρινα
1631 463 1802 500 ἐργάζεσθαι
1834 463 1866 490 τὶ

1029 508 1111 545 βαρέα
1127 506 1190 545 ἔργα
1205 511 1256 542 τῆς
1276 506 1426 544 οἰκοδομῆς
1441 509 1490 534 τοῦ
1505 507 1569 534 ναοῦ
1582 508 1630 534 τοῦ
1646 510 1726 536 Θεοῦ.
1744 507 1824 538 Tol»:
1840 506 1867 534 δὲ

1027 555 1158 590 φρουραῖς
1184 551 1354 580 κατέκλεισα*
1388 552 1495 589 ἑτέρους
1522 556 1697 590 πυρομαχεῖν
1725 551 1865 580 ἐκέλευσα

1026 596 1134 635 χρυσίῳ
1159 597 1204 624 καὶ
1227 596 1357 634 ἀργυρίῳ,
1381 596 1426 624 καὶ
1445 594 1581 633 μολίϐδῳ,
1596 597 1640 624 καὶ
1657 596 1755 636 φιὰλῳ
1771 607 1863 633 παρα-

1025 641 1191 676 καθέζεσθαι·
1208 642 1250 668 καὶ
1265 643 1323 672 τοῖς
1336 639 1445 672 λοιποῖς
1462 640 1583 677 δαίμοσι,
1597 641 1718 678 τρόπους
1736 642 1863 677 ἡτοιμά-

1025 686 1095 720 σθαί,
1125 686 1166 723 ἐφ’
1195 687 1238 717 οἷς
1264 685 1405 724 ὀφείλουσι
1434 685 1660 720 κατακλεισθῆναι
1679 706 1686 713 ,
1730 686 1785 712 Καὶ
1827 687 1862 713 ιῖ-

1026 740 1076 768 χον
1103 729 1213 765 πολλὴν
1229 729 1347 767 ἡσυχίαν
1377 729 1431 767 ἐγὼ
1462 729 1598 766 Σολομῶν
1620 729 1645 757 ἐν
1663 729 1740 767 πάσῃ
1759 732 1795 767 τῇ

1025 775 1069 802 καὶ
1097 774 1123 802 ἐν
1140 774 1233 812 εἰρήνῃ
1263 773 1356 812 διῆγον
1373 773 1479 811 πολλῇ,
1495 774 1652 810 τιμώμενος
1665 774 1720 802 ὑπὸ
1747 774 1859 801 πάντων

1024 818 1186 856 ἀνθρώπων,
1204 818 1316 846 καὶτῶν
1334 819 1385 845 ὑπὸ
1400 820 1454 845 τῶν
1469 818 1600 856 οὐρανῶν.
1623 818 1671 845 Καὶ
1689 817 1862 854 ᾠκοδόμουν

1023 863 1068 891 τὸν
1084 864 1145 891 ναὸν
1162 862 1226 890 ὅλον
1241 862 1340 899 Κυρίου
1354 864 1402 890 τοῦ
1427 865 1504 891 Θεοῦ·
1535 862 1579 890 καὶ
1599 864 1616 897 ἡ
1645 862 1780 899 βασιλεία
1807 873 1860 899 μου

1021 909 1055 942 ἧν
1067 907 1223 935 εὖθυνοῦσαί
1248 907 1323 934 καὶὸ
1339 907 1452 943 στρατός
1483 917 1535 943 μου
1552 906 1585 940 ἦν
1617 910 1674 943 μετ’
1701 907 1788 944 ἐμοῦ,
1814 906 1859 933 καὶ

1021 951 1129 988 λοιπὸν,
1155 951 1320 979 ἀνεπαύσατο
1349 952 1366 986 ἡ
1396 950 1478 982 πόλις
1506 951 1689 989 Ἰερουσαλήμ
1713 952 1859 989 χαίρουσα

1019 997 1064 1024 καὶ
1088 995 1294 1035 ἀγαλλιωμὲνη·
1319 996 1365 1023 καὶ
1391 996 1503 1027 ἅπαντες
1519 997 1545 1023 οἱ
1567 996 1691 1033 βασιλεῖς
1722 999 1779 1030 τῆς
1806 999 1857 1033 γῆς

1020 1040 1141 1079 ἤρχοντο
1156 1041 1224 1078 πρός
1240 1051 1273 1077 με
1289 1040 1340 1068 ἀπὸ
1355 1042 1408 1068 τῶν
1437 1041 1559 1079 περάτων
1576 1043 1625 1075 τῆς
1642 1044 1694 1078 γῆς
1709 1042 1855 1077 θεωρῆσαι

1019 1086 1064 1114 τὸν
1079 1086 1141 1114 ναὸν
1167 1086 1195 1113 ὃν
1223 1085 1383 1122 ᾠκοδόμουν
1409 1085 1503 1123 Κυρίῳ
1530 1087 1571 1121 τῷ
1600 1087 1668 1121 Θεῷ.
1699 1085 1855 1114 K1360206-

1020 1141 1111 1162 σαντες
1137 1132 1187 1165 τήν
1217 1129 1311 1169 σοφίαν
1349 1130 1398 1164 τὴν
1429 1128 1551 1162 δοθεῖσάν
1586 1140 1633 1166 μοι
1659 1130 1855 1168 προσεκύνουν

1023 1186 1068 1212 μοι
1084 1175 1122 1206 εἶς
1137 1175 1182 1202 τὸν
1211 1175 1284 1210 ναὸν,
1314 1175 1428 1212 χρυσίον
1452 1174 1497 1201 καὶ
1527 1173 1652 1212 ἀργύριον
1679 1175 1727 1201 καὶ
1759 1174 1857 1206 λίθους

1019 1219 1127 1256 τιμίους
1155 1218 1278 1250 πολλοὺς
1294 1218 1449 1258 διαφόρους,
1466 1219 1510 1246 καὶ
1535 1217 1639 1256 χαλκὸν
1658 1219 1705 1246 καὶ
1722 1217 1855 1257 σίδηρον,

1019 1263 1063 1292 καί
1094 1261 1238 1300 μόλιϐδον,
1267 1264 1311 1291 καὶ
1340 1262 1406 1298 ξύλα
1434 1261 1552 1300 κέδρινα⁸
1577 1263 1620 1290 καὶ
1644 1263 1714 1298 ξύλα
1745 1262 1856 1298 ἄσηπτα

1019 1308 1184 1347 προσέφερόν
1212 1319 1258 1345 μοι
1288 1308 1326 1339 εἰς
1355 1308 1404 1342 τὴν
1429 1308 1596 1342 καταοκευήν
1625 1310 1675 1335 τοῦ
1707 1309 1782 1335 ναοῦ
1809 1310 1855 1335 τοῦ

1020 1355 1096 1381 Θεοῦ·
1127 1353 1153 1380 ἰν
1178 1354 1218 1383 οἷς
1239 1353 1282 1380 καὶ
1313 1350 1456 1390 βασίλισσα
1486 1353 1574 1379 Νότου
1601 1351 1688 1389 γόνης
1703 1352 1771 1388 (sic)
1808 1352 1856 1379 ὑπ-

1021 1396 1142 1436 ἄρχουσα
1157 1397 1182 1424 ἐν
1197 1396 1291 1434 πολλῇ
1318 1397 1446 1436 φρόνησιι
1469 1396 1552 1431 ἦλθεν
1568 1396 1612 1424 καὶ
1641 1396 1852 1434 προσεκύνησεν

1019 1442 1133 1470 ἐνώπιόν
1150 1453 1202 1479 μου
1218 1442 1261 1470 ἐπὶ
1276 1442 1325 1476 τὴν
1353 1445 1416 1479 γῆν·
1441 1441 1486 1468 καὶ
1516 1441 1652 1469 ἀκούσασα
1673 1442 1725 1476 τήν
1757 1442 1855 1478 σοφίαν

1022 1498 1074 1524 μου
1103 1486 1210 1522 ἐδόξασι
1236 1486 1281 1514 τὸν
1308 1485 1371 1513 Θεὸν
1392 1488 1440 1513 τοῦ
1454 1485 1576 1523 Ἰσραὴλ,
1593 1485 1618 1512 ἐν
1637 1486 1678 1516 οἷς
1694 1486 1743 1513 καὶ
1763 1485 1851 1514 ἐδοκί-

1022 1542 1089 1568 μασε
1115 1530 1274 1567 δοκιμασίαν
1303 1530 1336 1557 τὰ
1363 1533 1413 1564 τῆς
1442 1529 1535 1568 σοφίας
1570 1540 1622 1566 μου
1653 1531 1745 1557 πάντα
1762 1551 1770 1563 ,
1803 1531 1850 1557 δη

1018 1575 1186 1615 ἐσοφισᾶμην
1200 1575 1283 1610 αὐτὴν
1299 1574 1366 1602 κατὰ
1379 1575 1428 1608 τὴν
1446 1573 1567 1602 δοθεῖσάν
1587 1585 1633 1611 μοι
1657 1575 1775 1614 σοφίαν·
1809 1575 1851 1602 καὶ

1017 1620 1113 1651 πάντες
1129 1620 1183 1647 υἱοὶ
1200 1619 1311 1657 ἸσραήΛ
1327 1616 1452 1654 ἐδόξασαν
1466 1619 1511 1646 τὸν
1525 1619 1601 1647 Θιόν.

1055 1683 1102 1710 Καὶ
1127 1681 1187 1710 ἰδοὺ
1203 1681 1228 1710 ἐν
1258 1684 1317 1713 ταῖς
1341 1682 1459 1719 ἡμέραις
1487 1681 1598 1712 ἐκείναις
1614 1683 1653 1712 εἷς
1668 1683 1726 1709 τῶν
1759 1692 1855 1720 τεχνι-

1018 1730 1071 1755 τῶν
1087 1727 1201 1766 γηραιὸς
1216 1727 1265 1762 τὴν
1281 1726 1402 1762 ἠλικίαν,
1431 1725 1539 1765 ἓρῥιψεν
1556 1726 1635 1754 αὐτὸν
1651 1727 1716 1762 (sic)
1732 1725 1854 1753 ἐνώπιόν

1022 1783 1073 1810 μου
1099 1771 1197 1810 λέγων·
1228 1770 1344 1799 Βασιλεῦ
1374 1771 1508 1807 Σολομῶν
1528 1792 1535 1805 ,
1574 1769 1688 1806 ἐλεησόν
1721 1782 1757 1807 με
1778 1793 1785 1805 ,
1815 1771 1855 1798 δτι

1019 1817 1135 1855 γηραιὸς
1163 1815 1291 1853 ὑπάρχω.
1316 1815 1447 1846 Κελεύσας
1460 1814 1506 1843 οὖν
1530 1815 1611 1843 αὐτὸν
1639 1815 1798 1850 ἀναστῆναι
1813 1816 1857 1842 καὶ

1021 1861 1100 1898 φησὶν
1126 1861 1186 1897 (sic,
1202 1861 1231 1888 3ο
1243 1861 1331 1897 pers.)
1349 1859 1407 1887 εἰπὲ
1435 1859 1521 1897 γέρων
1538 1859 1552 1886 ὃ
1577 1858 1677 1891 θέλεις·
1695 1860 1710 1886 ὁ
1738 1858 1772 1887 δὲ
1794 1857 1857 1899 ἔρῃ,

1021 1905 1121 1942 Δέομαί
1147 1915 1205 1938 σου,
1225 1903 1345 1942 βασιλεῦ,
1367 1904 1423 1931 υἱὸν
1449 1903 1506 1941 ἔχω
1525 1907 1673 1941 μονογενῆ,
1701 1904 1751 1931 καὶ
1770 1903 1859 1936 οὕτως

1021 1949 1110 1987 ὕϐρεις
1125 1949 1211 1987 ἐπάγη
1229 1950 1275 1985 (ει)
1302 1958 1348 1984 μοι
1373 1947 1508 1986 χαλεπὰς,
1531 1947 1576 1975 καὶ
1601 1947 1689 1985 τύψας
1722 1959 1759 1985 με
1791 1950 1858 1976 mi

1021 1995 1166 2032 πρόσωπον
1191 1993 1236 2021 καὶ
1260 1993 1308 2027 τὴν
1333 1992 1453 2032 κεφαλήν
1481 2003 1533 2029 μου
1552 1991 1700 2028 διὲτιλλεν,
1731 1994 1780 2020 καὶ
1814 1994 1857 2020 θά-

1021 2049 1099 2067 νατον
1116 2038 1234 2076 πονηρὸν
1257 2036 1453 2075 ἐπαγγέλλεταί
1471 2047 1518 2073 μοι
1545 2036 1643 2064 τούτου
1666 2037 1755 2075 χάριν
1790 2048 1858 2074 πρε.-

1023 2084 1117 2120 είημοι
1144 2083 1216 2119 (sic),
1244 2081 1432 2119 προσίημαιῖ)
1462 2081 1525 2118 ὑμῖν
1555 2080 1698 2117 ἑκδίκησὸν
1719 2092 1768 2118 με,
1787 2082 1858 2119 Ἐγὼ

1023 2127 1052 2156 δὶ
1080 2126 1214 2163 Σολομῶν
1236 2128 1320 2154 ταῦτα
1349 2126 1464 2157 ἀκούσας
1487 2125 1654 2164 κατενύγην,
1687 2124 1858 2163 ἀποϐλέψας

1023 2172 1060 2204 εἷς
1087 2172 1118 2199 τὸ
1148 2171 1249 2199 ἐκείνου
1275 2174 1378 2208 γῆρας,
1406 2170 1450 2198 καὶ
1485 2169 1611 2198 ἐκέλευσα
1647 2170 1778 2208 ἀχθῆναι
1815 2172 1859 2198 τὸν

1022 2217 1080 2244 υἱὸν
1105 2216 1197 2244 αὐτοῦ,
1228 2217 1284 2244 Τοῦ
1313 2214 1342 2242 δὲ
1371 2211 1501 2252 ἀχθέντος
1527 2214 1686 2253 ἐπηρώτουν
1705 2215 1808 2249 αὑτὸν,
1837 2216 1859 2243 εἰ

1019 2262 1105 2294 οὕτως
1133 2260 1201 2299 ἔχει’
1233 2261 1247 2287 ὁ
1276 2259 1304 2287 δὲ
1318 2260 1377 2291 νέος
1393 2258 1455 2298 ἔφη·
1482 2259 1544 2297 Ούχ
1560 2260 1646 2290 οὕτως
1661 2259 1791 2296 ἀπονοίᾳ

1018 2306 1247 2343 ἐμπεπλησμένος
1288 2304 1356 2332 ὥστε
1385 2305 1430 2332 τὸν
1470 2304 1615 2342 γεννήτορά
1654 2315 1710 2341 μου
1750 2306 1858 2342 πατὲρπ

1018 2350 1132 2387 παλάμῃ
1146 2350 1237 2386 τύψαι.
1253 2348 1348 2380 Ἰλεως
1365 2351 1445 2386 γενοῦ
1463 2359 1520 2383 μοι,
1535 2348 1657 2386 βασιλεῦ·
1675 2349 1709 2376 οὗ
1728 2350 1787 2386 γὰρ
1803 2350 1858 2377 ἀθέ-

1021 2406 1085 2432 μιτα
1098 2397 1212 2422 τοιαῦτα
1226 2392 1385 2429 τετόλμηκα
1397 2394 1411 2421 ὁ
1426 2392 1601 2428 ταλαίπωρος
1617 2393 1685 2430 ἒγώ.
1705 2394 1788 2431 Ἐγὼ
1806 2392 1856 2421 Sto

1019 2439 1153 2476 Σολομῶν
1169 2441 1253 2466 ταῦτα
1275 2437 1391 2469 ἀκούσας
1416 2438 1490 2475 παρὰ
1511 2440 1559 2465 τοῦ
1579 2437 1651 2472 νὲου,
1673 2437 1855 2475 παρεκάλουν

1016 2485 1062 2512 τὸν
1092 2481 1272 2522 πρεσϐύτερον
1305 2481 1343 2512 εἷς
1382 2481 1486 2509 ’ἔννοιαν
1516 2481 1615 2516 ἐλθεῖν,
1642 2482 1688 2509 καὶ
1722 2481 1855 2519 δέχεσθαι

1017 2531 1065 2556 τοῦ
1094 2529 1154 2554 υἱοῦ
1182 2527 1230 2561 τὴν
1261 2526 1411 2564 ἀπολογίαν
1428 2548 1434 2553 .
1468 2527 1499 2554 Ὁ
1525 2525 1554 2553 δὲ
1576 2526 1626 2553 οὐκ
1649 2525 1755 2561 ἤθελεν
1785 2527 1857 2555 ἀλλὰ

1019 2571 1126 2610 μᾶλλον
1156 2571 1338 2606 θανατωθήτω
1363 2571 1434 2607 (sic)
1465 2569 1490 2597 ἄν
1515 2569 1543 2597 δὶ
1565 2572 1604 2606 τῷ
1635 2570 1674 2607 μὴ
1707 2571 1856 2603 πείθεσθσῖ

1016 2618 1062 2645 τὸν
1088 2613 1280 2654 πρεσϐύτερον,
1307 2612 1427 2652 ἔμελλον
1444 2617 1483 2650 τῷ
1498 2614 1549 2651 νὲῳ
1573 2615 1716 2652 τιμωρίαν
1740 2615 1855 2654 ἀποῳῆ-

1016 2663 1121 2690 ναοθαι’
1146 2660 1191 2687 καὶ
1220 2661 1360 2698 θεωρήσας
1376 2659 1479 2697 Ὀρνίαν
1493 2660 1540 2687 τὸν
1567 2658 1684 2695 δαίμονα
1713 2659 1853 2697 γελῶντι,

1016 2706 1161 2743 ἐθυμώθην
1179 2704 1303 2742 μεγάλως
1318 2703 1362 2732 διὰ
1384 2705 1415 2732 τὸ
1430 2704 1542 2742 γελάσαι
1565 2704 1610 2732 τὸν
1636 2703 1765 2741 δαίμονα
1794 2705 1854 2732 ἐνώ-

1016 2752 1078 2779 πιόν
1096 2761 1158 2787 μου·
1183 2750 1228 2777 καὶ
1252 2749 1363 2780 τούτους
1393 2752 1557 2786 μεταστῆσαι
1580 2748 1714 2777 ἐκέλευσα
1747 2750 1852 2787 Ὀρνία-ρ

1016 2796 1054 2827 εἰς
1083 2794 1164 2832 μέσον
1194 2794 1312 2833 ἀχθῆναι
1333 2796 1380 2822 τοῦ
1411 2794 1544 2831 βήματος.
1574 2795 1626 2820 Τοῦ
1658 2792 1688 2821 ὂὶ
1721 2794 1853 2832 ἀχθὲντοε
