1932 3050
40 133 126 164 1349

617 130 916 162 TESTAMENTUM
938 130 1176 162 SALOMONIS.

1673 132 1751 163 1350

39 197 109 236 ἔφην
140 197 472 235 αὖτῷ¹Επικατάρατι,τί
502 208 535 234 με
561 199 692 235 προσχῶν
717 195 869 233 ἒγέλασαςς

970 197 1110 225 miserum
1120 197 1257 232 juvenem
1275 197 1364 232 hujus
1376 197 1482 232 ﬁlium,
1499 198 1569 234 quia
1578 199 1637 225 tres
1652 198 1750 227 adhuc

37 244 69 272 '0
87 243 116 271 δὲ
133 242 239 280 δαίμων
255 240 304 282 ἔφη
319 252 325 259 ·
341 243 457 279 Δαίομαι
474 244 535 279 (sic)
552 244 611 275 σοῦ,
629 240 752 279 βασιλεῦ·
770 241 801 268 οὐ
827 239 871 268 διὰ

40 288 70 314 oi:
96 287 222 325 ἐγέλασα,
238 286 311 314 ἀλλὰ
337 285 382 314 διὰ
409 289 504 314 τοῦτον
531 287 577 313 τὸν
595 284 730 322 δύστυχον
746 285 870 323 γὲροντα,

39 331 87 358 xui
103 332 150 358 τὸν
166 331 260 363 ἄθλιον
276 331 345 366 νὲον,
359 331 405 358 τὸν
435 330 532 358 τούτου
556 330 624 365 υἱὸν,
641 330 682 357 ὅτι
706 332 778 366 τρεῖς
801 329 871 365 ἡμί-

41 385 92 412 ρας
116 376 161 403 xui
190 375 215 402 ἐν
246 375 334 412 ἀωρίᾳ
361 386 391 403 τε
419 375 575 410 τελευτήσει
592 375 606 402 ὁ
627 374 684 405 υἱὸς
706 372 808 401 αὐτοῖν
826 374 869 401 xui

41 419 104 447 ἰδοὺ
120 420 134 447 ὁ
155 420 240 458 γέρων
273 419 400 457 βούλεται
429 422 520 450 κακῶς
550 419 667 457 ἀναιρεῖν
688 419 780 447 αὐτὸν.
798 418 871 456 Ἐγὼ

40 463 71 492 δὲ
101 464 236 501 Σολομῶν
266 464 382 496 ἀκούσας
407 466 502 497 ταῦτα,
515 460 581 502 ἔφην
612 463 681 500 πρὸς
706 462 869 500 δαιμόνιον·

39 508 149 544 ’Δληθῆ
179 508 244 536 εἰσὶν
266 508 283 536 ’ἁ
311 508 453 547 λέγεις.’0
483 507 511 536 δὲ
538 507 622 546 λέγει,
640 507 749 543 ’Λληθῆ
777 509 871 543 ταῦτα,

42 553 169 590 βασιλεῦ.
199 553 248 580 Καὶ
283 553 399 585 ἀκούσας
442 553 495 591 ἐγὼ
536 551 665 580 ἰκὲλευσα
708 554 872 588 μεταστῆναι

38 598 86 625 τὸν
105 597 232 634 δαίμονα,
248 598 292 625 καὶ
309 597 396 630 ἐλθεῖν
421 597 503 625 πάλιν
530 597 576 624 τὸν
597 596 712 634 γηραιὸν
737 596 804 632 μετὰ
827 595 871 622 καὶ

37 643 89 669 τοῦ
119 643 180 669 uias
206 641 301 669 αύτοῦ·
328 641 456 669 ἐκέλευσα
485 640 582 672 αὐτοὺς
611 639 691 679 φιλίᾳ
718 643 868 678 τραπῆναι¹

38 686 86 713 xui
103 687 138 714 τὰ
153 687 191 718 εἷς
206 687 309 725 τροφήν
325 686 417 716 αὐτοῖς
432 685 657 723 παρασχόμενος,
674 684 748 712 εἶπον
766 684 811 711 οὗν
833 686 873 720 τῷ

39 728 195 768 πρεσϐύτῃ,
210 731 275 762 Μεθ’
290 729 395 767 ἡμέρας
410 725 484 767 τρεῖς
496 729 581 768 ἄγαγὲ
596 740 643 766 μοι
668 728 721 756 ὧδε
745 729 789 756 τὸν
815 728 872 755 υἱόν

40 786 104 810 σου,
132 775 177 802 καὶ
204 776 366 811 ὶπινοοῦμαι
392 775 486 803 αὐτοῦ.
511 775 544 803 Oi
583 773 612 801 ’δὲ
639 774 873 812 προσκυνήσαντες

39 820 234 857 ἀνεχώρησαν.
260 819 368 847 Τούτων
404 818 432 846 δὲ
466 819 641 851 ἀπελθόντων
679 817 807 846 ἐκέλευσα
835 817 873 849 εἶς

41 865 126 901 μέσον
156 865 275 901 ἀχθῆναι
304 864 350 891 τὸν
376 864 497 901 Ὀρνίαν,
525 863 570 891 καὶ
596 864 669 891 εἶπον
695 862 788 899 αὐτῷ·
806 863 874 900 Λέγε

40 920 102 946 μοι,
119 909 201 941 πόθεν
230 909 261 936 σὺ
291 911 377 936 ταῦτα
406 907 494 943 οἶδας,
521 908 535 936 ’ὸ
566 907 595 935 δὲ
623 908 705 935 εἶπεν·
722 908 818 943 Ἡμεῖς
847 907 874 934 oi

39 953 171 990 δαίμονες
187 953 315 991 ἀνερχόμ
333 959 365 985 eu
379 953 448 980 κατὰ
470 953 501 980 τὸ
525 952 667 990 στερέωμα
691 953 738 979 τοῦ
759 951 875 989 οὐρανοῦ

40 999 87 1026 xui
115 999 196 1034 μὲσον
224 1001 278 1025 τῶν
308 998 427 1036 ἀστέρων
458 997 595 1034 ἱπτάμεθα
617 996 752 1034 (ί3)’καὶ
781 995 876 1023 ἁκούο-

44 1054 94 1080 μεν
111 1043 158 1074 τὰς
178 1041 345 1082 ἀποφράσεις
366 1042 414 1073 τὰς
435 1040 614 1079 ἰξερχομὲνας
644 1040 689 1068 ἰπὶ
713 1040 760 1072 τὰς
785 1040 876 1078 ψυχὰς

41 1091 97 1115 τῶν
127 1088 286 1126 ἀνθρώπων,
307 1085 353 1114 xui
381 1086 479 1114 λοιπὸν
514 1085 662 1124 ἐρχόμεθα,
692 1085 737 1112 xui
768 1083 820 1112 εἴτε
850 1084 876 1112 ἐν

926 242 999 276 dies,
1016 245 1044 270 et
1060 242 1089 270 in
1106 244 1190 270 nocte
1206 242 1348 270 morietur
1369 242 1448 269 ﬁlius
1463 242 1539 278 ejus,
1559 245 1588 270 et
1607 251 1674 271 ecce
1689 243 1752 272 vult

926 294 1014 314 senex
1031 286 1105 314 male
1122 287 1243 322 perdere
1267 295 1345 314 cum.
1369 286 1434 314 ΙΙωο
1459 287 1582 314 audiens
1598 295 1650 323 ego
1667 287 1751 315 Salo-

926 339 1006 366 mon,
1023 331 1083 358 dixi
1099 331 1133 358 ad
1150 331 1328 359 daemonium
1347 339 1353 359 :
1371 339 1438 358 vera
1467 334 1537 358 sunt
1564 340 1628 367 quae
1653 333 1751 360 dicis?

926 376 980 408 Qui
997 375 1037 403 nit
1052 383 1059 403 :
1078 375 1149 404 Vera
1164 375 1236 408 haec,
1253 383 1311 403 rex.
1328 375 1362 402 Et
1375 375 1509 408 audiens,
1523 376 1600 411 jussi
1619 377 1752 405 recedere

926 421 1100 454 daemonem,
1117 422 1145 447 et
1165 428 1283 447 rursum
1300 420 1396 447 venire
1408 428 1508 447 senem
1521 428 1588 447 cum
1600 420 1660 448 ﬁlio
1676 422 1751 457 ejus,

923 464 1002 500 jussi
1031 472 1081 492 eos
1095 464 1187 491 amice
1203 465 1363 498 discedere,
1380 467 1409 492 et
1424 465 1459 492 ad
1477 465 1586 492 victum
1613 474 1750 494 necessa-

927 509 971 536 ria
986 509 1118 544 prabens
1132 508 1185 543 eis,
1202 509 1260 536 dixi
1276 509 1312 536 ad
1329 509 1472 538 seniorem
1489 518 1496 537 :
1512 509 1581 537 Post
1602 513 1661 538 tres
1676 511 1752 545 dies,

926 553 1023 580 adduc
1050 552 1122 580 mihi
1139 552 1232 580 ﬁlium
1249 555 1359 587 tecum,
1374 556 1403 581 et
1415 553 1451 581 de
1465 562 1498 586 eo
1514 556 1612 582 mente
1635 556 1750 591 cogito;

927 597 976 633 qui
994 597 1121 624 venerati
1138 599 1208 624 sunt
1230 606 1287 632 me,
1305 600 1333 625 et
1352 598 1498 626 abierunt.
1517 598 1577 626 Illis
1593 601 1690 627 autem
1708 608 1753 628 re-

927 641 1112 674 cedentibus,
1133 641 1211 676 jussi
1236 642 1266 668 in
1292 642 1422 669 medium
1445 643 1550 670 adduci
1578 643 1709 677 Ornism,
1724 647 1753 672 et

927 685 987 713 dixi
1004 686 1048 713 ei:
1066 685 1163 713 Indica
1179 685 1250 712 mihi
1268 686 1344 713 unde
1373 686 1432 713 hac
1447 687 1533 714 scias.
1555 687 1589 714 Et
1613 688 1676 716 ait:
1695 689 1753 717 Nos

927 730 1072 757 daemones
1102 729 1250 765 pergimus
1277 730 1307 757 in
1338 731 1556 759 ﬁrmamentum
1573 732 1648 767 coeli,
1665 736 1694 760 et
1722 734 1752 761 in

927 774 1024 802 medio
1041 774 1170 802 siderum
1187 774 1356 810 volitamus,
1372 777 1400 802 et
1416 776 1554 803 audimus
1569 777 1691 805 consilia
1706 786 1752 806 ve-

928 818 1040 846 nientia
1063 827 1152 854 super
1179 818 1295 846 animas
1316 819 1483 852 hominum,
1502 823 1530 847 et
1546 821 1664 849 tandem
1690 822 1753 849 abi-

929 872 1006 898 mus,
1021 866 1049 891 et
1066 863 1125 892 sive
1142 864 1171 891 in
1188 866 1341 900 potestate,
1358 865 1417 892 sive
1433 865 1462 892 in
1478 865 1555 901 igne,
1572 867 1632 895 sive
1647 867 1675 895 in
1692 868 1754 903 gla—

930 908 989 943 dio,
1006 909 1066 936 sive
1081 908 1110 935 in
1124 916 1194 935 casu
1213 908 1345 942 fortuito,
1366 910 1463 945 specie
1479 913 1592 938 mutata
1616 911 1754 940 interﬁci-

934 961 1009 985 mus,
1024 955 1053 981 et
1067 953 1092 980 si
1109 961 1166 981 non
1183 953 1213 980 in
1231 956 1314 981 nocte
1329 953 1408 989 quis,
1423 954 1467 982 vel
1482 963 1533 990 per
1547 955 1606 983 vim
1623 956 1752 992 aliquam

931 1001 1040 1033 pereat,
1054 997 1310 1028 ;transformamur
1339 1005 1392 1026 nos
1422 998 1578 1031 daemones,
1594 999 1633 1027 ita
1656 1003 1689 1028 ut
1704 1009 1755 1036 ap-

932 1049 1090 1078 pareamus
1105 1041 1288 1076 hominibus,
1305 1044 1333 1069 et
1348 1045 1524 1070 venerentur
1535 1052 1588 1071 nos
1603 1053 1691 1080 super
1702 1045 1754 1073 hu-

932 1094 1051 1113 manam
1068 1088 1216 1114 naturam.

40 1131 193 1167 δυναστείᾳ,
210 1130 263 1159 sifts
280 1131 307 1158 iv
322 1131 398 1168 πυρὶ,
415 1130 468 1158 εἴτε
490 1129 516 1157 ἐν
542 1129 674 1168 ῥομφαίᾳ,
690 1128 743 1156 εἴτε
759 1128 785 1156 ἐν
800 1130 982 1166 συμπτώματι
1001 1130 1305 1167 μετασχηματιζόμενοι
1331 1130 1503 1168 ἀναιροῦμεν,
1519 1131 1564 1158 xui
1588 1131 1632 1159 ἰὰν
1660 1133 1697 1169 μὴ
1726 1133 1752 1161 ἰν

43 1176 134 1214 ἀωρίᾳ
159 1186 211 1211 τις,
227 1177 245 1211 ἢ
276 1175 322 1213 βίᾳ
348 1175 402 1203 τινὶ
432 1175 562 1212 ἀποθάνῃ,
581 1173 830 1213 μεταμορφούμεθα
858 1175 941 1210 ἡμεῖς
963 1174 988 1202 οἱ
1013 1172 1152 1210 δαίμονες,
1174 1173 1244 1201 ὥστε
1268 1173 1424 1213 φραίνεσθαι
1447 1177 1506 1206 τοῖς
1530 1176 1693 1214 ἀνθρωποις,
1709 1177 1754 1205 καὶ

45 1219 172 1253 σέϐεσθαι
185 1222 259 1256 ἡμᾶς
276 1219 320 1248 ἐπὶ
336 1221 384 1254 τῆς
400 1219 570 1258 ἀνθρωπίνης
584 1218 698 1258 φύσεως.

80 1275 157 1312 Ἐγὼ
184 1277 249 1312 γοῦν
279 1276 364 1302 ταῦτα
390 1273 516 1307 ακούσας,
546 1271 658 1307 ἐδόξασα
700 1271 801 1309 Κύριον
827 1272 872 1299 τὸν

45 1319 126 1353 Θεὸν,
141 1319 186 1346 xui
215 1318 373 1356 ἆπερώτησα
401 1316 483 1344 πάλιν
509 1317 554 1344 τὸν
575 1315 702 1353 δαίμονα”
719 1316 786 1354 Λέγε
816 1326 875 1352 μοι,

43 1366 105 1395 πῶς
128 1362 241 1395 δύνασθε
256 1363 296 1394 εἷς
310 1363 355 1390 τὸν
380 1361 495 1399 οὐρανὸν
518 1358 650 1395 ἀναϐῆναι
675 1359 802 1396 δαίμονες
829 1358 875 1387 ὅν-

43 1418 101 1443 τες,
118 1407 164 1435 καὶ
193 1407 273 1443 μέσον
303 1409 356 1434 τῶν
387 1407 503 1444 ἀστάρων
529 1406 574 1433 καὶ
586 1407 640 1432 τῶν
654 1405 738 1442 ἁγίων
755 1404 874 1442 ἀγγέλων

47 1455 174 1489 μιγῆναι·
191 1452 205 1479 ὁ
220 1450 248 1478 δὲ
263 1450 326 1490 ἔφη·
343 1451 392 1478 ὅσα
418 1450 444 1477 tv
471 1452 510 1486 τῷ
541 1451 649 1488 ούρανῷ
677 1448 875 1483 ἐπιτελοῦνται,

46 1496 136 1527 οὕτως
162 1496 207 1523 xui
237 1495 282 1523 hri
311 1498 361 1529 τῆς
389 1498 442 1532 γῆς
469 1495 495 1522 oi
515 1493 596 1521 τύποι
612 1493 711 1521 αὐτῶν·
730 1492 795 1520 εἰσὶν
825 1493 875 1530 γὰρ

45 1539 285 1578 ἀρχαὶ,ἰξουσίαι,
313 1539 544 1577 κοσμοκράτορες,
561 1538 605 1566 xui
635 1538 770 1574 ἱπτέμεθα
795 1538 876 1574 ἡμεῖς

45 1586 72 1612 οἱ
89 1583 218 1621 δαίμονες
241 1583 267 1611 ἐν
290 1585 330 1620 τῷ
354 1583 422 1621 ἀέρι·
445 1583 490 1610 καὶ
510 1581 645 1618 ἀκούομεν
673 1584 726 1609 τῶν
757 1581 876 1619 ἐπουρα-ο

44 1628 111 1656 νίων
140 1629 188 1659 τὰς
216 1627 327 1667 φωνάς·
344 1627 390 1654 xui
418 1628 504 1658 πάσας
532 1627 580 1657 τὰς
604 1625 734 1663 δυνάμεις
762 1625 875 1653 ἐπιθεω-

181 1657 186 1659 .
222 1657 228 1667 ,
300 1657 304 1659 ν
673 1657 678 1663 .

48 1676 162 1711 ροῦμεν·
179 1672 223 1700 xui
240 1673 277 1703 ὡς
303 1672 341 1708 μὴ
367 1669 476 1710 ἔχοντες
505 1670 582 1708 βάσιν
612 1670 798 1706 ἀναπαύσεως,
814 1669 878 1697 ἆτο-
894 1657 916 1690 C

46 1720 147 1754 νοῦμεν
173 1716 218 1744 xui
261 1715 427 1752 ἐκπίπτομεν
472 1715 562 1752 ὥσπερ
601 1714 693 1753 φύλλα
735 1714 787 1742 ἀπὸ
824 1716 878 1742 τῶν

47 1760 176 1799 δένδρων·
193 1761 238 1788 xui
253 1762 417 1797 θεωροῦντες
431 1761 506 1796 ἡμᾶς
535 1760 561 1786 οἱ
586 1760 725 1796 ἅνθρωποι
750 1758 877 1786 δοκοῦσιν

44 1806 86 1834 ὅτι
116 1806 142 1833 οἱ
167 1805 274 1842 ἀστέρες
295 1803 439 1832 πίπτουσιν
462 1804 515 1831 ἀπὸ
529 1805 578 1831 τοῦ
597 1803 725 1840 οὐρανοῦ·
743 1802 806 1830 ἀλλ’
822 1803 876 1840 οὐχ

47 1850 136 1881 οὕτως
165 1849 248 1884 ἐστὶν,
273 1849 295 1876 ὦ
327 1848 451 1886 βασιλεῦ,
480 1847 552 1876 ἀλλὰ
586 1847 721 1883 πίπτομεν
753 1846 798 1874 διὰ
827 1848 878 1882 τήν

48 1896 186 1923 ἀσθένειαν
202 1895 282 1931 ἡμῶν
298 1894 343 1921 xui
368 1893 394 1921 ἰν
421 1895 461 1930 τῷ
488 1891 645 1930 μηδαμόθεν
671 1891 744 1930 ἔχειν
767 1892 878 1928 ἀντίλη-

49 1942 108 1977 ψιν,
139 1939 351 1975 καταπίπτωμεν
379 1939 440 1975 (sic)
475 1938 513 1969 ὡς
550 1937 684 1974 ἀστραπαὶ
722 1936 748 1964 ιν
793 1936 879 1974 ἀωρίᾳ

49 1983 158 2021 πολλῇ,
174 1983 218 2011 καὶ
248 1983 367 2020 ἐξάπινα·
384 1983 428 2010 xui
458 1982 554 2013 πόλεις
579 1980 783 2020 καταφλέγομεν
800 1990 807 1997 ·
833 1981 878 2008 xui

50 2028 150 2067 ἀγροὺς
171 2028 368 2066 ἐμπυρίζομεν.
396 2028 430 2056 Οἳ
460 2027 511 2065 γὰρ
539 2026 649 2064 ἀστίρες
676 2025 878 2063 τεθεμελιωμέ-

48 2085 93 2101 vo:
122 2073 188 2100 εἰσὶν
216 2072 242 2100 ἂν
270 2074 310 2108 τῷ
340 2071 459 2110 οὐρανῷ,
477 2070 567 2108 ὥσπερ
597 2071 641 2098 xui
670 2071 683 2098 ὁ
703 2070 785 2106 ἥλιος
800 2071 877 2106 καὶὴ

49 2117 166 2153 σελήνη.
184 2117 235 2145 Καὶ
249 2115 334 2144 ταῦτα
358 2115 474 2147 ἀκούσας
504 2115 559 2153 ἰγὼ
586 2114 721 2152 Σολομῶν
752 2114 880 2143 ἐκέλευσα

50 2162 226 2201 φρουρεῖσθαι
253 2161 300 2188 τὸν
328 2159 541 2198 δαίμονα-ἄχρι
566 2161 678 2196 ἡμερῶν
707 2163 734 2187 ε’·
755 2160 822 2196 μετὰ
851 2158 879 2187 δὲ

49 2207 100 2238 τὰς
121 2207 138 2234 ε’
153 2206 258 2242 ἡμέρας
273 2204 527 2242 μετακαλεσάμενος
545 2204 591 2232 τὸν
615 2204 728 2242 γηραιὸν
753 2202 877 2241 ἤμελλον

50 2252 165 2289 ἐρωτᾷν.
183 2250 287 2282 Ἐλθὼν
318 2249 347 2277 δὶ
376 2250 390 2276 ὁ
413 2250 499 2287 γέρων
529 2248 598 2286 πρός
630 2259 663 2285 με
691 2248 759 2276 κατὰ
782 2248 878 2280 πένθος

50 2295 96 2323 xui
127 2293 236 2331 μελάνῳ
263 2297 302 2330 τῷ
330 2294 469 2332 προσώπῳ
496 2294 556 2330 (δίο)
584 2293 658 2320 εἶπον
683 2293 758 2329 αὐτῷ
775 2303 782 2309 ·
800 2293 878 2327 Elui,

964 1273 1024 1308 Ego
1036 1273 1127 1309 igitur
1137 1273 1338 1307 haecaudiens,
1348 1273 1464 1302 laudavi
1479 1275 1635 1303 Dominum
1650 1275 1754 1311 Deum,

930 1319 959 1344 et
980 1317 1157 1353 interrogavi
1189 1326 1293 1345 rursus
1318 1318 1480 1346 daemonem
1498 1327 1505 1347 :
1521 1319 1573 1347 Dio
1584 1319 1657 1347 mihi
1680 1329 1757 1356 quo-

931 1361 1017 1389 modo
1042 1361 1163 1397 potestis
1178 1362 1208 1389 in
1224 1361 1330 1390 caelum
1357 1363 1513 1391 ascendere
1531 1363 1677 1392 daemones
1689 1373 1756 1393 cum

931 1405 1006 1440 sitis,
1023 1408 1051 1433 et
1067 1405 1094 1432 in
1112 1405 1208 1433 medio
1223 1406 1353 1434 sidcrum
1370 1409 1459 1441 stare,
1475 1410 1504 1434 et
1518 1408 1629 1436 sanctis
1644 1409 1757 1445 angelis

931 1451 1140 1479 commisceri?
1155 1451 1208 1484 Qui
1223 1451 1285 1479 ait:
1314 1452 1381 1484 Quae
1407 1451 1436 1480 in
1459 1452 1530 1480 cmlo
1553 1453 1756 1489 perﬁciuntur,

931 1497 960 1523 et
975 1495 1004 1522 in
1021 1497 1098 1522 terra
1113 1495 1237 1522 formem
1254 1495 1452 1530 habent;sunt
1467 1497 1545 1524 enim
1561 1498 1758 1535 principatus,

931 1541 1105 1575 potestates,
1120 1540 1224 1568 mundi
1248 1542 1384 1575 rectores,
1405 1543 1433 1568 et
1456 1541 1614 1571 volitamus
1629 1551 1683 1572 nos
1699 1544 1756 1571 dce-

931 1592 1034 1612 mones
1049 1583 1079 1612 in
1095 1592 1171 1618 aere,
1188 1586 1217 1611 et
1245 1585 1384 1612 audimus
1414 1585 1577 1614 ccelestium
1608 1595 1705 1623 voces,
1729 1590 1758 1616 et

931 1629 1080 1665 potentias
1095 1637 1194 1656 omnes
1210 1629 1465 1665 contemplamus;
1482 1633 1512 1658 et
1527 1632 1612 1667 quasi
1629 1641 1687 1660 non
1705 1633 1757 1660 ha-

931 1673 1034 1701 bentes
1049 1673 1148 1701 sedem
1165 1673 1283 1709 quietis,
1300 1673 1465 1708 deﬁcimus,
1481 1677 1510 1702 et
1524 1676 1658 1704 cedimus
1673 1677 1759 1712 quasi

933 1717 1003 1745 folia
1017 1725 1052 1745 ex
1065 1717 1230 1750 arboribus,
1253 1720 1283 1745 et
1301 1718 1433 1746 videntes
1457 1727 1510 1747 nos
1536 1720 1681 1755 homines,
1696 1721 1759 1749 exi-

933 1761 1057 1789 stimant
1078 1761 1146 1797 quia
1161 1761 1251 1789 stellae
1267 1762 1374 1790 cadant
1390 1771 1404 1790 e
1420 1763 1503 1797 cwlo;
1519 1765 1569 1791 sed
1587 1773 1645 1792 non
1663 1765 1703 1792 ita
1727 1773 1759 1793 se

933 1805 1031 1840 habet,
1049 1814 1065 1833 o
1089 1814 1148 1839 rex,
1165 1808 1194 1833 at
1222 1806 1384 1834 decidimus
1411 1810 1530 1844 propter
1554 1808 1758 1838 inﬁrmitatem

933 1853 1076 1885 nostram,
1093 1853 1122 1878 et
1137 1850 1206 1886 quia
1219 1850 1330 1878 nullam
1346 1852 1466 1879 omnino
1491 1852 1637 1881 habemus
1661 1863 1758 1890 opem,

933 1894 1066 1922 cadimus
1077 1897 1106 1922 et
1121 1895 1238 1931 fulgura
1254 1895 1284 1922 in
1300 1895 1427 1923 tenebris
1444 1897 1546 1924 multis
1560 1900 1588 1925 et
1604 1899 1713 1934 subito,
1732 1901 1761 1926 et

932 1939 1066 1967 civitates
1095 1939 1292 1973 incendimus,
1323 1943 1352 1968 et
1384 1948 1471 1976 agros
1500 1941 1566 1977 igne
1595 1945 1758 1979 vastamus,

933 1983 1023 2011 stellae
1039 1983 1116 2011 enim
1134 1984 1262 2012 fundatae
1277 1986 1347 2012 sunt
1362 1984 1389 2012 in
1407 1985 1488 2019 cmio,
1514 1987 1591 2014 sicut
1615 1989 1641 2014 et
1669 1987 1712 2015 sol
1729 1990 1757 2016 et

932 2028 1052 2056 luna.Et
1061 2028 1121 2056 hinc
1133 2028 1256 2056 audiens
1267 2037 1320 2065 ego
1333 2028 1568 2065 Salomon,jussi
1579 2033 1611 2058 ut
1622 2032 1759 2060 custodias

934 2072 1119 2109 mancipatur
1141 2073 1255 2100 daemon
1282 2081 1376 2109 usque
1390 2073 1425 2101 ad
1443 2074 1505 2102 dies
1530 2075 1679 2112 quinque;
1695 2079 1761 2112 post

932 2118 996 2145 dies
1011 2117 1151 2153 quinque,
1172 2118 1345 2146 advocatum
1371 2118 1517 2146 seniorem
1533 2128 1612 2148 eram
1629 2121 1757 2150 interro-

933 2164 1074 2198 gaturus;
1092 2161 1211 2189 veniens
1227 2164 1324 2189 autem
1349 2163 1449 2190 senior
1471 2172 1487 2191 ει
1504 2171 1548 2191 me
1564 2165 1592 2192 in
1621 2165 1715 2200 luctu,
1732 2168 1761 2194 et

934 2206 1018 2242 nigra
1033 2206 1116 2238 facie,
1133 2206 1332 2241 dixidei:Dic,
1345 2215 1443 2240 senex,
1460 2208 1509 2236 ubi
1526 2211 1571 2237 cst
1587 2209 1665 2238 ﬁlius
1676 2211 1761 2238 tuus?

934 2251 969 2278 Et
987 2250 1055 2286 quis
1071 2250 1189 2278 habitus
1204 2250 1265 2278 hic?
1285 2251 1339 2282 Qui
1355 2252 1414 2279 ait:
1429 2252 1497 2280 Ecce
1519 2253 1632 2289 absque
1658 2254 1758 2282 liberis

935 2295 1028 2322 factus
1040 2303 1118 2328 sum,
1134 2296 1163 2322 et
1187 2295 1250 2322 sine
1272 2303 1323 2331 sps
1336 2295 1470 2332 sepulcro
1487 2296 1538 2324 ﬁlii
1548 2298 1756 2334 assidens,jam

50 2337 201 2378 πρεσϐύτα,
226 2341 279 2366 ποῦ
301 2337 370 2366 ἐστιν
388 2339 402 2365 ὁ
418 2338 476 2370 υἱός
501 2348 564 2369 σους
592 2337 638 2364 xui
664 2337 691 2365 τί
724 2338 756 2365 τὸ
784 2341 872 2375 σχῆμε

966 2339 1069 2367 diebus
1082 2339 1197 2367 duobus
1213 2339 1354 2367 defuncti.
1373 2341 1438 2368 ΙΙωο
1454 2341 1579 2370 audiens
1604 2350 1657 2378 ego
1682 2342 1762 2371 Salo-

48 2386 150 2418 τοῦτο;
167 2383 196 2411 Ὁ
222 2381 251 2410 Si
274 2380 336 2420 ἔφη’
363 2381 433 2409 Ἰδοὺ
459 2381 539 2412 ἅπαις
568 2382 713 2419 ἱγενόμην,
728 2382 773 2409 xui
803 2380 880 2409 ἀνίλ-

50 2439 133 2456 πιστα
161 2429 239 2465 τάφῳ
270 2428 330 2454 υἱοῦ
359 2426 624 2465 παρακαθεζόμενος.
637 2426 709 2462 Ἤδη
734 2427 784 2465 γὰρ
813 2427 882 2463 ἡμί-

53 2483 99 2510 ραι
114 2472 162 2500 δύο
178 2474 274 2510 νεκροῦ
289 2472 443 2509 γεγονότος.
458 2471 533 2508 Ἐγὼ
558 2470 587 2498 δὲ
604 2471 742 2507 Σολομῶν
767 2471 883 2502 ἀκούσας

52 2517 208 2552 ταῦτα,κπιὶ
237 2515 318 2554 γνοὺς
341 2515 382 2543 ὅτι
412 2515 504 2550 ἀληθῆ
535 2526 581 2552 μοι
612 2515 707 2554 ἔφησεν
735 2516 748 2542 ὁ
777 2514 882 2552 δαίμων

55 2562 170 2600 Ὀρνίας,
188 2559 300 2596 ἐδόξασα
328 2560 374 2587 τὸν
403 2560 467 2588 Θεὸν
482 2561 530 2587 τοῦ
542 2559 663 2596 Ἰσραήλ·
684 2560 727 2586 xui
758 2558 851 2587 ἷδοῦσα
866 2561 883 2595 ἡ

56 2606 202 2645 βασίλισσα
216 2605 304 2633 Νότου
333 2607 417 2632 ταῦτα
446 2604 544 2640 πάντα,
561 2603 707 2641 ἐθαύμασεν
738 2602 885 2640 δοξάζουσα

53 2652 99 2679 τὸν
128 2651 191 2679 Θεὸν
206 2649 330 2687 Ἰσραήλ,
345 2649 389 2676 καὶ
419 2647 460 2677 ἲ¹δε
483 2649 528 2676 τὸν
558 2649 620 2676 ναὸν
650 2649 750 2687 Κυρίου
779 2647 886 2676 οῗκοδο-

935 2391 1014 2418 mon,
1030 2385 1059 2411 et
1087 2384 1183 2411 sciens
1209 2383 1278 2419 quia
1307 2393 1373 2412 vera
1403 2385 1478 2412 dixit
1508 2386 1621 2414 dmmon
1637 2386 1761 2422 Ornias,

938 2428 1056 2456 laudavi
1071 2428 1229 2456 Dominum
1249 2428 1342 2457 Deum
1359 2429 1458 2457 Israel.
1477 2430 1512 2458 Et
1532 2431 1635 2459 videns
1661 2432 1763 2468 regina

939 2473 1033 2500 Austri
1050 2473 1110 2500 hinc
1125 2473 1224 2500 omnia
1246 2473 1392 2502 admirata
1418 2476 1447 2502 et
1472 2474 1641 2510 gloriﬁcans
1668 2477 1761 2505 Deum

939 2517 1038 2552 Israel,
1056 2519 1082 2544 et
1099 2517 1171 2545 vidit
1187 2517 1329 2553 templum
1352 2518 1402 2546 Dei
1419 2519 1609 2555 aediﬁcatum,
1626 2523 1654 2549 ct
1682 2521 1763 2550 dedit

940 2561 1045 2590 siclum
1061 2561 1136 2594 auri,
1153 2564 1181 2589 et
1197 2563 1309 2597 argenti
1339 2563 1486 2599 myriades
1510 2567 1639 2600 centum,
1655 2568 1683 2594 et
1697 2567 1762 2595 aeris

939 2605 1038 2639 electi;
1056 2609 1083 2633 et
1097 2606 1216 2633 intravit
1233 2606 1261 2633 in
1278 2607 1442 2643 templum;
1468 2611 1496 2636 et
1517 2609 1619 2645 altare,
1632 2612 1660 2638 et
1677 2611 1762 2638 fulci-

939 2653 1039 2678 menta
1052 2658 1125 2678 aerea
1141 2649 1254 2684 altaris,
1267 2653 1296 2679 et
1307 2651 1419 2688 lapides
1430 2652 1635 2689 lampadarum
1649 2654 1762 2692 fulgen-

89 2788 145 2824 (13)
162 2787 269 2817 Eadem
285 2786 430 2816 sententis
447 2785 533 2815 Pauli
549 2784 580 2814 in
596 2793 642 2822 ep.
660 2785 695 2814 ad
712 2785 819 2822 Ephes.
836 2794 868 2821 ιι,
883 2787 911 2819 2,
927 2785 962 2814 de
979 2785 1145 2814 daemonum
1162 2785 1311 2815 domicilio
1326 2786 1357 2815 in
1374 2795 1447 2816 aere.
