  <div class='ocr_page' id='page_1' title='image "/cluster/home/n/w/nwhite01/storage/ocr_20150623/122/njp.32101077773016/709.png"; bbox 0 0 1932 3050; ppageno 0'>
   <div class='ocr_carea' id='block_1_1' title="bbox 147 137 222 167">
    <p class='ocr_par' dir='ltr' id='par_1_1' title="bbox 147 137 222 167">
     <span class='ocr_line' id='line_1_1' title="bbox 147 137 222 167; baseline -0.013 0"><span class='ocrx_word' id='word_1_1' title='bbox 147 137 222 167; x_wconf 80' lang='grc'>1351</span> 
     </span>
    </p>
   </div>
   <div class='ocr_carea' id='block_1_2' title="bbox 621 134 1366 167">
    <p class='ocr_par' dir='ltr' id='par_1_2' title="bbox 621 134 1366 167">
     <span class='ocr_line' id='line_1_2' title="bbox 621 134 1366 167; baseline 0.003 -2"><span class='ocrx_word' id='word_1_2' title='bbox 621 135 820 166; x_wconf 81' lang='grc' dir='ltr'>ΑΡΡΕΝΒῘΧ</span> <span class='ocrx_word' id='word_1_3' title='bbox 841 135 893 164; x_wconf 83' lang='lat' dir='ltr'>AD</span> <span class='ocrx_word' id='word_1_4' title='bbox 916 134 1147 165; x_wconf 85' lang='lat' dir='ltr'>MICHAELEM</span> <span class='ocrx_word' id='word_1_5' title='bbox 1168 134 1366 167; x_wconf 82' lang='lat' dir='ltr'>PSELLUM.</span> 
     </span>
    </p>
   </div>
   <div class='ocr_carea' id='block_1_3' title="bbox 1782 136 1859 166">
    <p class='ocr_par' dir='ltr' id='par_1_3' title="bbox 1782 136 1859 166">
     <span class='ocr_line' id='line_1_3' title="bbox 1782 136 1859 166; baseline 0 0"><span class='ocrx_word' id='word_1_6' title='bbox 1782 137 1796 166; x_wconf 76' lang='grc'><strong>1</strong></span> <span class='ocrx_word' id='word_1_7' title='bbox 1804 136 1859 166; x_wconf 79' lang='lat'>352</span> 
     </span>
    </p>
   </div>
   <div class='ocr_carea' id='block_1_4' title="bbox 144 200 1366 242">
    <p class='ocr_par' dir='ltr' id='par_1_4' title="bbox 144 200 1352 238">
     <span class='ocr_line' id='line_1_4' title="bbox 144 200 1352 238; baseline -0.002 -6"><span class='ocrx_word' id='word_1_8' title='bbox 144 207 188 233; x_wconf 90' lang='lat' dir='ltr'>tes</span> <span class='ocrx_word' id='word_1_9' title='bbox 203 214 237 232; x_wconf 85' lang='lat' dir='ltr'>ex</span> <span class='ocrx_word' id='word_1_10' title='bbox 249 204 372 232; x_wconf 75' lang='lat' dir='ltr'>diversis</span> <span class='ocrx_word' id='word_1_11' title='bbox 385 203 541 238; x_wconf 88' lang='lat' dir='ltr'>coloribus,</span> <span class='ocrx_word' id='word_1_12' title='bbox 557 205 586 231; x_wconf 88' lang='lat' dir='ltr'>et</span> <span class='ocrx_word' id='word_1_13' title='bbox 600 203 778 231; x_wconf 77' lang='lat' dir='ltr'>carbunculo</span> <span class='ocrx_word' id='word_1_14' title='bbox 802 202 911 238; x_wconf 86' lang='lat' dir='ltr'>lapide,</span> <span class='ocrx_word' id='word_1_15' title='bbox 937 204 966 230; x_wconf 89' lang='lat' dir='ltr'>et</span> <span class='ocrx_word' id='word_1_16' title='bbox 981 203 1006 236; x_wconf 83' lang='grc' dir='ltr'>Α</span> <span class='ocrx_word' id='word_1_17' title='bbox 1024 201 1168 238; x_wconf 80' lang='grc' dir='ltr'>μούμενον·</span> <span class='ocrx_word' id='word_1_18' title='bbox 1185 201 1229 229; x_wconf 83' lang='grc' dir='ltr'>καὶ</span> <span class='ocrx_word' id='word_1_19' title='bbox 1254 200 1352 230; x_wconf 77' lang='grc' dir='ltr'>ἔδωκεν</span> 
     </span>
    </p>
   </div>
   <div class='ocr_carea' id='block_1_5' title="bbox 1054 200 1857 242">
    <p class='ocr_par' dir='ltr' id='par_1_5' title="bbox 1054 200 1857 242">
     <span class='ocr_line' id='line_1_5' title="bbox 1054 200 1857 242; baseline 0.002 -14"><span class='ocrx_word' id='word_1_20' title='bbox 1054 201 1168 238; x_wconf 80' lang='grc' dir='ltr'>›ύμενον·</span> <span class='ocrx_word' id='word_1_21' title='bbox 1185 201 1229 229; x_wconf 84' lang='grc' dir='ltr'>καὶ</span> <span class='ocrx_word' id='word_1_22' title='bbox 1254 200 1352 230; x_wconf 76' lang='grc' dir='ltr'>ἔδωκεν</span> <span class='ocrx_word' id='word_1_23' title='bbox 1379 203 1473 231; x_wconf 78' lang='grc' dir='ltr'>σίκλον</span> <span class='ocrx_word' id='word_1_24' title='bbox 1500 204 1616 242; x_wconf 75' lang='grc' dir='ltr'>χρυσίου</span> <span class='ocrx_word' id='word_1_25' title='bbox 1644 204 1690 231; x_wconf 88' lang='grc' dir='ltr'>καί</span> <span class='ocrx_word' id='word_1_26' title='bbox 1720 203 1857 240; x_wconf 64' lang='grc' dir='ltr'>ἀργυρίσι</span> 
     </span>
    </p>
   </div>
   <div class='ocr_carea' id='block_1_6' title="bbox 146 247 970 286">
    <p class='ocr_par' dir='ltr' id='par_1_6' title="bbox 146 247 970 286">
     <span class='ocr_line' id='line_1_6' title="bbox 146 247 970 286; baseline -0.004 -9"><span class='ocrx_word' id='word_1_27' title='bbox 146 249 314 286; x_wconf 78' lang='lat' dir='ltr'>hyacintho,</span> <span class='ocrx_word' id='word_1_28' title='bbox 330 251 358 276; x_wconf 89' lang='lat' dir='ltr'>et</span> <span class='ocrx_word' id='word_1_29' title='bbox 375 249 541 284; x_wconf 76' lang='lat' dir='ltr'>smaragdo,</span> <span class='ocrx_word' id='word_1_30' title='bbox 559 250 586 275; x_wconf 90' lang='lat' dir='ltr'>et</span> <span class='ocrx_word' id='word_1_31' title='bbox 602 248 737 284; x_wconf 83' lang='lat' dir='ltr'>saphiro;</span> <span class='ocrx_word' id='word_1_32' title='bbox 753 250 782 275; x_wconf 88' lang='lat' dir='ltr'>et</span> <span class='ocrx_word' id='word_1_33' title='bbox 802 247 872 275; x_wconf 82' lang='lat' dir='ltr'>vidit</span> <span class='ocrx_word' id='word_1_34' title='bbox 901 255 970 274; x_wconf 75' lang='lat' dir='ltr'>vasa</span> 
     </span>
    </p>
   </div>
   <div class='ocr_carea' id='block_1_7' title="bbox 146 291 969 329">
    <p class='ocr_par' dir='ltr' id='par_1_7' title="bbox 146 291 969 329">
     <span class='ocr_line' id='line_1_7' title="bbox 146 291 969 329; baseline -0.005 -7"><span class='ocrx_word' id='word_1_35' title='bbox 146 303 244 326; x_wconf 82' lang='lat' dir='ltr'>aurea,</span> <span class='ocrx_word' id='word_1_36' title='bbox 261 296 289 321; x_wconf 90' lang='lat' dir='ltr'>et</span> <span class='ocrx_word' id='word_1_37' title='bbox 303 295 450 329; x_wconf 84' lang='lat' dir='ltr'>argentea,</span> <span class='ocrx_word' id='word_1_38' title='bbox 468 296 496 320; x_wconf 90' lang='lat' dir='ltr'>et</span> <span class='ocrx_word' id='word_1_39' title='bbox 511 301 596 327; x_wconf 62' lang='lat' dir='ltr'>terea,</span> <span class='ocrx_word' id='word_1_40' title='bbox 612 295 641 320; x_wconf 88' lang='lat' dir='ltr'>et</span> <span class='ocrx_word' id='word_1_41' title='bbox 663 292 770 326; x_wconf 74' lang='lat' dir='ltr'>lignea,</span> <span class='ocrx_word' id='word_1_42' title='bbox 797 294 824 319; x_wconf 85' lang='lat' dir='ltr'>et</span> <span class='ocrx_word' id='word_1_43' title='bbox 848 291 969 327; x_wconf 81' lang='lat' dir='ltr'>pellicea</span> 
     </span>
    </p>
   </div>
   <div class='ocr_carea' id='block_1_8' title="bbox 145 336 967 373">
    <p class='ocr_par' dir='ltr' id='par_1_8' title="bbox 145 336 967 373">
     <span class='ocr_line' id='line_1_8' title="bbox 145 336 967 373; baseline -0.004 -7"><span class='ocrx_word' id='word_1_44' title='bbox 145 341 307 366; x_wconf 87' lang='lat' dir='ltr'>stramenta</span> <span class='ocrx_word' id='word_1_45' title='bbox 323 346 453 373; x_wconf 88' lang='lat' dir='ltr'>purpura</span> <span class='ocrx_word' id='word_1_46' title='bbox 468 338 578 371; x_wconf 85' lang='lat' dir='ltr'>tincta;</span> <span class='ocrx_word' id='word_1_47' title='bbox 604 339 632 364; x_wconf 88' lang='lat' dir='ltr'>et</span> <span class='ocrx_word' id='word_1_48' title='bbox 656 336 729 364; x_wconf 80' lang='lat' dir='ltr'>vidit</span> <span class='ocrx_word' id='word_1_49' title='bbox 744 336 828 364; x_wconf 83' lang='lat' dir='ltr'>bases</span> <span class='ocrx_word' id='word_1_50' title='bbox 854 336 967 363; x_wconf 89' lang='lat' dir='ltr'>colum-</span> 
     </span>
    </p>
   </div>
   <div class='ocr_carea' id='block_1_9' title="bbox 145 382 969 418">
    <p class='ocr_par' dir='ltr' id='par_1_9' title="bbox 145 382 969 418">
     <span class='ocr_line' id='line_1_9' title="bbox 145 382 969 418; baseline -0.004 -7"><span class='ocrx_word' id='word_1_51' title='bbox 145 391 250 411; x_wconf 85' lang='lat' dir='ltr'>narum</span> <span class='ocrx_word' id='word_1_52' title='bbox 275 382 375 418; x_wconf 88' lang='lat' dir='ltr'>templi</span> <span class='ocrx_word' id='word_1_53' title='bbox 391 382 452 416; x_wconf 88' lang='lat' dir='ltr'>Dei,</span> <span class='ocrx_word' id='word_1_54' title='bbox 481 390 584 410; x_wconf 87' lang='lat' dir='ltr'>omnes</span> <span class='ocrx_word' id='word_1_55' title='bbox 606 390 641 409; x_wconf 82' lang='lat' dir='ltr'>ex</span> <span class='ocrx_word' id='word_1_56' title='bbox 663 389 733 408; x_wconf 81' lang='lat' dir='ltr'>auro</span> <span class='ocrx_word' id='word_1_57' title='bbox 764 390 841 415; x_wconf 83' lang='lat' dir='ltr'>uno;</span> <span class='ocrx_word' id='word_1_58' title='bbox 866 383 969 416; x_wconf 47' lang='lat' dir='ltr'>praeter</span> 
     </span>
    </p>
   </div>
   <div class='ocr_carea' id='block_1_10' title="bbox 144 425 968 462">
    <p class='ocr_par' dir='ltr' id='par_1_10' title="bbox 144 425 968 462">
     <span class='ocr_line' id='line_1_10' title="bbox 144 425 968 462; baseline -0.004 -7"><span class='ocrx_word' id='word_1_59' title='bbox 144 428 291 455; x_wconf 71' lang='lat' dir='ltr'>daemones</span> <span class='ocrx_word' id='word_1_60' title='bbox 306 436 380 462; x_wconf 91' lang='lat' dir='ltr'>quos</span> <span class='ocrx_word' id='word_1_61' title='bbox 396 427 432 454; x_wconf 86' lang='lat' dir='ltr'>ad</span> <span class='ocrx_word' id='word_1_62' title='bbox 458 426 653 454; x_wconf 83' lang='lat' dir='ltr'>laborandum</span> <span class='ocrx_word' id='word_1_63' title='bbox 674 425 829 459; x_wconf 82' lang='lat' dir='ltr'>damnavi;</span> <span class='ocrx_word' id='word_1_64' title='bbox 855 428 883 452; x_wconf 90' lang='lat' dir='ltr'>et</span> <span class='ocrx_word' id='word_1_65' title='bbox 906 427 968 452; x_wconf 81' lang='lat' dir='ltr'>erat</span> 
     </span>
    </p>
   </div>
   <div class='ocr_carea' id='block_1_11' title="bbox 144 470 967 508">
    <p class='ocr_par' dir='ltr' id='par_1_11' title="bbox 144 470 967 508">
     <span class='ocr_line' id='line_1_11' title="bbox 144 470 967 508; baseline -0.004 -9"><span class='ocrx_word' id='word_1_66' title='bbox 144 481 200 508; x_wconf 81' lang='lat' dir='ltr'>pax</span> <span class='ocrx_word' id='word_1_67' title='bbox 215 472 243 499; x_wconf 91' lang='lat' dir='ltr'>in</span> <span class='ocrx_word' id='word_1_68' title='bbox 261 471 384 499; x_wconf 73' lang='lat' dir='ltr'>circuitu</span> <span class='ocrx_word' id='word_1_69' title='bbox 403 472 483 506; x_wconf 73' lang='lat' dir='ltr'>regni</span> <span class='ocrx_word' id='word_1_70' title='bbox 502 471 556 498; x_wconf 91' lang='lat' dir='ltr'>mei</span> <span class='ocrx_word' id='word_1_71' title='bbox 573 473 601 498; x_wconf 90' lang='lat' dir='ltr'>et</span> <span class='ocrx_word' id='word_1_72' title='bbox 617 479 706 506; x_wconf 82' lang='lat' dir='ltr'>super</span> <span class='ocrx_word' id='word_1_73' title='bbox 720 470 888 498; x_wconf 77' lang='lat' dir='ltr'>universam</span> <span class='ocrx_word' id='word_1_74' title='bbox 910 472 967 497; x_wconf 86' lang='lat' dir='ltr'>ter-</span> 
     </span>
    </p>
   </div>
   <div class='ocr_carea' id='block_1_12' title="bbox 145 513 968 550">
    <p class='ocr_par' dir='ltr' id='par_1_12' title="bbox 145 513 968 550">
     <span class='ocr_line' id='line_1_12' title="bbox 145 513 968 550; baseline -0.005 -6"><span class='ocrx_word' id='word_1_75' title='bbox 145 525 218 544; x_wconf 84' lang='lat' dir='ltr'>ram.</span> <span class='ocrx_word' id='word_1_76' title='bbox 236 518 269 543; x_wconf 82' lang='lat' dir='ltr'>Et</span> <span class='ocrx_word' id='word_1_77' title='bbox 284 516 393 543; x_wconf 88' lang='lat' dir='ltr'>factum</span> <span class='ocrx_word' id='word_1_78' title='bbox 408 518 453 543; x_wconf 86' lang='lat' dir='ltr'>est</span> <span class='ocrx_word' id='word_1_79' title='bbox 469 518 566 543; x_wconf 86' lang='lat' dir='ltr'>stante</span> <span class='ocrx_word' id='word_1_80' title='bbox 582 523 628 542; x_wconf 86' lang='lat' dir='ltr'>me</span> <span class='ocrx_word' id='word_1_81' title='bbox 644 515 673 542; x_wconf 87' lang='lat' dir='ltr'>in</span> <span class='ocrx_word' id='word_1_82' title='bbox 692 522 781 550; x_wconf 85' lang='lat' dir='ltr'>regno</span> <span class='ocrx_word' id='word_1_83' title='bbox 796 522 870 546; x_wconf 88' lang='lat' dir='ltr'>meo,</span> <span class='ocrx_word' id='word_1_84' title='bbox 887 513 968 541; x_wconf 88' lang='lat' dir='ltr'>misit</span> 
     </span>
    </p>
   </div>
   <div class='ocr_carea' id='block_1_13' title="bbox 146 558 966 596">
    <p class='ocr_par' dir='ltr' id='par_1_13' title="bbox 146 558 966 596">
     <span class='ocr_line' id='line_1_13' title="bbox 146 558 966 596; baseline -0.004 -8"><span class='ocrx_word' id='word_1_85' title='bbox 146 561 181 588; x_wconf 85' lang='lat' dir='ltr'>ad</span> <span class='ocrx_word' id='word_1_86' title='bbox 199 568 245 588; x_wconf 86' lang='lat' dir='ltr'>me</span> <span class='ocrx_word' id='word_1_87' title='bbox 265 560 420 596; x_wconf 72' lang='lat' dir='ltr'>epistolam</span> <span class='ocrx_word' id='word_1_88' title='bbox 447 568 496 587; x_wconf 80' lang='lat' dir='ltr'>rex</span> <span class='ocrx_word' id='word_1_89' title='bbox 521 560 650 587; x_wconf 85' lang='lat' dir='ltr'>Arabum</span> <span class='ocrx_word' id='word_1_90' title='bbox 674 559 763 593; x_wconf 91' lang='lat' dir='ltr'>Adar,</span> <span class='ocrx_word' id='word_1_91' title='bbox 786 561 814 586; x_wconf 89' lang='lat' dir='ltr'>et</span> <span class='ocrx_word' id='word_1_92' title='bbox 837 558 966 594; x_wconf 69' lang='lat' dir='ltr'>epistolas</span> 
     </span>
    </p>
   </div>
   <div class='ocr_carea' id='block_1_14' title="bbox 145 603 967 640">
    <p class='ocr_par' dir='ltr' id='par_1_14' title="bbox 145 603 967 640">
     <span class='ocr_line' id='line_1_14' title="bbox 145 603 967 640; baseline -0.002 -8"><span class='ocrx_word' id='word_1_93' title='bbox 145 605 291 639; x_wconf 85' lang='lat' dir='ltr'>scriptura</span> <span class='ocrx_word' id='word_1_94' title='bbox 305 604 372 632; x_wconf 87' lang='lat' dir='ltr'>talis</span> <span class='ocrx_word' id='word_1_95' title='bbox 387 607 449 632; x_wconf 86' lang='lat' dir='ltr'>erat</span> <span class='ocrx_word' id='word_1_96' title='bbox 466 614 472 632; x_wconf 88' lang='lat'>:</span> <span class='ocrx_word' id='word_1_97' title='bbox 487 604 557 640; x_wconf 82' lang='lat' dir='ltr'>Regi</span> <span class='ocrx_word' id='word_1_98' title='bbox 570 603 853 632; x_wconf 84' lang='lat' dir='ltr'>Salomonisalutem</span> <span class='ocrx_word' id='word_1_99' title='bbox 871 611 877 630; x_wconf 91' lang='lat'>:</span> <span class='ocrx_word' id='word_1_100' title='bbox 896 603 967 630; x_wconf 76' lang='lat' dir='ltr'>Ecce</span> 
     </span>
    </p>
   </div>
   <div class='ocr_carea' id='block_1_15' title="bbox 146 647 967 684">
    <p class='ocr_par' dir='ltr' id='par_1_15' title="bbox 146 647 967 684">
     <span class='ocr_line' id='line_1_15' title="bbox 146 647 967 684; baseline -0.005 -7"><span class='ocrx_word' id='word_1_101' title='bbox 146 650 324 684; x_wconf 72' lang='lat' dir='ltr'>audivimus,</span> <span class='ocrx_word' id='word_1_102' title='bbox 341 651 369 677; x_wconf 87' lang='lat' dir='ltr'>et</span> <span class='ocrx_word' id='word_1_103' title='bbox 383 650 517 676; x_wconf 83' lang='lat' dir='ltr'>auditum</span> <span class='ocrx_word' id='word_1_104' title='bbox 535 649 641 676; x_wconf 79' lang='lat' dir='ltr'>factum</span> <span class='ocrx_word' id='word_1_105' title='bbox 664 650 708 675; x_wconf 82' lang='lat' dir='ltr'>est</span> <span class='ocrx_word' id='word_1_106' title='bbox 723 648 751 675; x_wconf 93' lang='lat' dir='ltr'>in</span> <span class='ocrx_word' id='word_1_107' title='bbox 768 655 870 674; x_wconf 87' lang='lat' dir='ltr'>omnes</span> <span class='ocrx_word' id='word_1_108' title='bbox 894 647 967 674; x_wconf 78' lang='lat' dir='ltr'>lines</span> 
     </span>
    </p>
   </div>
   <div class='ocr_carea' id='block_1_16' title="bbox 144 691 966 728">
    <p class='ocr_par' dir='ltr' id='par_1_16' title="bbox 144 691 966 728">
     <span class='ocr_line' id='line_1_16' title="bbox 144 691 966 728; baseline -0.005 -6"><span class='ocrx_word' id='word_1_109' title='bbox 144 697 238 727; x_wconf 62' lang='lat' dir='ltr'>terrae,</span> <span class='ocrx_word' id='word_1_110' title='bbox 255 695 354 721; x_wconf 86' lang='lat' dir='ltr'>datam</span> <span class='ocrx_word' id='word_1_111' title='bbox 369 693 424 721; x_wconf 83' lang='lat' dir='ltr'>tibi</span> <span class='ocrx_word' id='word_1_112' title='bbox 440 693 626 728; x_wconf 81' lang='lat' dir='ltr'>sapientiam,</span> <span class='ocrx_word' id='word_1_113' title='bbox 642 695 670 720; x_wconf 89' lang='lat' dir='ltr'>et</span> <span class='ocrx_word' id='word_1_114' title='bbox 693 692 762 728; x_wconf 85' lang='lat' dir='ltr'>quia</span> <span class='ocrx_word' id='word_1_115' title='bbox 790 692 834 719; x_wconf 89' lang='lat' dir='ltr'>vir</span> <span class='ocrx_word' id='word_1_116' title='bbox 856 691 966 719; x_wconf 88' lang='lat' dir='ltr'>miseri-</span> 
     </span>
    </p>
   </div>
   <div class='ocr_carea' id='block_1_17' title="bbox 144 735 969 773">
    <p class='ocr_par' dir='ltr' id='par_1_17' title="bbox 144 735 969 773">
     <span class='ocr_line' id='line_1_17' title="bbox 144 735 969 773; baseline -0.005 -7"><span class='ocrx_word' id='word_1_117' title='bbox 144 747 209 766; x_wconf 82' lang='lat' dir='ltr'>cors</span> <span class='ocrx_word' id='word_1_118' title='bbox 238 747 254 766; x_wconf 87' lang='lat' dir='ltr'>a</span> <span class='ocrx_word' id='word_1_119' title='bbox 269 738 327 766; x_wconf 90' lang='lat' dir='ltr'>Deo</span> <span class='ocrx_word' id='word_1_120' title='bbox 343 740 374 765; x_wconf 87' lang='lat' dir='ltr'>tu</span> <span class='ocrx_word' id='word_1_121' title='bbox 390 746 420 765; x_wconf 88' lang='lat' dir='ltr'>es</span> <span class='ocrx_word' id='word_1_122' title='bbox 439 747 445 765; x_wconf 89' lang='lat'><strong>:</strong></span> <span class='ocrx_word' id='word_1_123' title='bbox 461 740 490 765; x_wconf 87' lang='lat' dir='ltr'>et</span> <span class='ocrx_word' id='word_1_124' title='bbox 506 739 634 773; x_wconf 76' lang='lat' dir='ltr'>potestas</span> <span class='ocrx_word' id='word_1_125' title='bbox 648 737 716 764; x_wconf 82' lang='lat' dir='ltr'>dats</span> <span class='ocrx_word' id='word_1_126' title='bbox 737 738 781 763; x_wconf 86' lang='lat' dir='ltr'>est</span> <span class='ocrx_word' id='word_1_127' title='bbox 804 735 857 763; x_wconf 89' lang='lat' dir='ltr'>tibi</span> <span class='ocrx_word' id='word_1_128' title='bbox 882 743 969 770; x_wconf 81' lang='lat' dir='ltr'>super</span> 
     </span>
    </p>
   </div>
   <div class='ocr_carea' id='block_1_18' title="bbox 144 781 964 819">
    <p class='ocr_par' dir='ltr' id='par_1_18' title="bbox 144 781 964 819">
     <span class='ocr_line' id='line_1_18' title="bbox 144 781 964 819; baseline -0.006 -8"><span class='ocrx_word' id='word_1_129' title='bbox 144 792 246 811; x_wconf 88' lang='lat' dir='ltr'>omnes</span> <span class='ocrx_word' id='word_1_130' title='bbox 263 783 387 819; x_wconf 84' lang='lat' dir='ltr'>spiritus</span> <span class='ocrx_word' id='word_1_131' title='bbox 403 782 497 810; x_wconf 80' lang='lat' dir='ltr'>aerios</span> <span class='ocrx_word' id='word_1_132' title='bbox 508 785 536 809; x_wconf 87' lang='lat' dir='ltr'>et</span> <span class='ocrx_word' id='word_1_133' title='bbox 544 784 694 809; x_wconf 71' lang='lat' dir='ltr'>terrestres</span> <span class='ocrx_word' id='word_1_134' title='bbox 706 783 734 808; x_wconf 87' lang='lat' dir='ltr'>et</span> <span class='ocrx_word' id='word_1_135' title='bbox 747 781 964 807; x_wconf 72' lang='lat' dir='ltr'>subterraneos.</span> 
     </span>
    </p>
   </div>
   <div class='ocr_carea' id='block_1_19' title="bbox 144 823 963 862">
    <p class='ocr_par' dir='ltr' id='par_1_19' title="bbox 144 823 963 862">
     <span class='ocr_line' id='line_1_19' title="bbox 144 823 963 862; baseline -0.005 -7"><span class='ocrx_word' id='word_1_136' title='bbox 144 827 286 859; x_wconf 75' lang='lat' dir='ltr'>Quoniam</span> <span class='ocrx_word' id='word_1_137' title='bbox 303 827 424 862; x_wconf 78' lang='lat' dir='ltr'>spiritus</span> <span class='ocrx_word' id='word_1_138' title='bbox 440 826 554 854; x_wconf 84' lang='lat' dir='ltr'>exsistit</span> <span class='ocrx_word' id='word_1_139' title='bbox 569 826 599 852; x_wconf 92' lang='lat' dir='ltr'>in</span> <span class='ocrx_word' id='word_1_140' title='bbox 616 826 733 861; x_wconf 85' lang='lat' dir='ltr'>regione</span> <span class='ocrx_word' id='word_1_141' title='bbox 744 825 856 852; x_wconf 73' lang='lat' dir='ltr'>Arabiae</span> <span class='ocrx_word' id='word_1_142' title='bbox 872 823 939 851; x_wconf 87' lang='lat' dir='ltr'>talis</span> <span class='ocrx_word' id='word_1_143' title='bbox 957 832 963 851; x_wconf 91' lang='lat'><strong>:</strong></span> 
     </span>
    </p>
   </div>
   <div class='ocr_carea' id='block_1_20' title="bbox 144 869 962 906">
    <p class='ocr_par' dir='ltr' id='par_1_20' title="bbox 144 869 962 906">
     <span class='ocr_line' id='line_1_20' title="bbox 144 869 962 906; baseline -0.005 -7"><span class='ocrx_word' id='word_1_144' title='bbox 144 872 172 899; x_wconf 91' lang='lat' dir='ltr'>in</span> <span class='ocrx_word' id='word_1_145' title='bbox 191 871 334 899; x_wconf 79' lang='lat' dir='ltr'>matutino</span> <span class='ocrx_word' id='word_1_146' title='bbox 350 871 443 906; x_wconf 83' lang='lat' dir='ltr'>surgit</span> <span class='ocrx_word' id='word_1_147' title='bbox 454 871 540 898; x_wconf 83' lang='lat' dir='ltr'>ﬂatus</span> <span class='ocrx_word' id='word_1_148' title='bbox 553 869 629 897; x_wconf 88' lang='lat' dir='ltr'>venti</span> <span class='ocrx_word' id='word_1_149' title='bbox 642 877 735 905; x_wconf 90' lang='lat' dir='ltr'>usque</span> <span class='ocrx_word' id='word_1_150' title='bbox 751 869 785 896; x_wconf 81' lang='lat' dir='ltr'>ad</span> <span class='ocrx_word' id='word_1_151' title='bbox 796 869 882 896; x_wconf 85' lang='lat' dir='ltr'>horas</span> <span class='ocrx_word' id='word_1_152' title='bbox 894 870 962 904; x_wconf 73' lang='lat' dir='ltr'>tres,</span> 
     </span>
    </p>
   </div>
   <div class='ocr_carea' id='block_1_21' title="bbox 143 913 965 950">
    <p class='ocr_par' dir='ltr' id='par_1_21' title="bbox 143 913 965 950">
     <span class='ocr_line' id='line_1_21' title="bbox 143 913 965 950; baseline -0.005 -6"><span class='ocrx_word' id='word_1_153' title='bbox 143 918 172 944; x_wconf 86' lang='lat' dir='ltr'>et</span> <span class='ocrx_word' id='word_1_154' title='bbox 188 916 275 943; x_wconf 83' lang='lat' dir='ltr'>ﬂatus</span> <span class='ocrx_word' id='word_1_155' title='bbox 288 916 352 950; x_wconf 86' lang='lat' dir='ltr'>ejus</span> <span class='ocrx_word' id='word_1_156' title='bbox 370 914 509 943; x_wconf 84' lang='lat' dir='ltr'>terribilis</span> <span class='ocrx_word' id='word_1_157' title='bbox 523 916 552 942; x_wconf 90' lang='lat' dir='ltr'>et</span> <span class='ocrx_word' id='word_1_158' title='bbox 571 913 725 948; x_wconf 83' lang='lat' dir='ltr'>exitiosus,</span> <span class='ocrx_word' id='word_1_159' title='bbox 740 916 768 941; x_wconf 87' lang='lat' dir='ltr'>et</span> <span class='ocrx_word' id='word_1_160' title='bbox 784 913 917 940; x_wconf 83' lang='lat' dir='ltr'>homines</span> <span class='ocrx_word' id='word_1_161' title='bbox 937 915 965 940; x_wconf 86' lang='lat' dir='ltr'>et</span> 
     </span>
    </p>
   </div>
   <div class='ocr_carea' id='block_1_22' title="bbox 137 958 964 996">
    <p class='ocr_par' dir='ltr' id='par_1_22' title="bbox 137 958 964 996">
     <span class='ocr_line' id='line_1_22' title="bbox 137 958 964 996; baseline -0.005 -8"><span class='ocrx_word' id='word_1_162' title='bbox 137 961 275 996; x_wconf 87' lang='lat' dir='ltr'>jumenta</span> <span class='ocrx_word' id='word_1_163' title='bbox 290 960 437 993; x_wconf 82' lang='lat' dir='ltr'>interficit,</span> <span class='ocrx_word' id='word_1_164' title='bbox 450 968 502 987; x_wconf 90' lang='lat' dir='ltr'>nec</span> <span class='ocrx_word' id='word_1_165' title='bbox 518 959 579 987; x_wconf 81' lang='lat' dir='ltr'>ulla</span> <span class='ocrx_word' id='word_1_166' title='bbox 590 959 654 994; x_wconf 89' lang='lat' dir='ltr'>quit</span> <span class='ocrx_word' id='word_1_167' title='bbox 665 958 754 986; x_wconf 86' lang='lat' dir='ltr'>herba</span> <span class='ocrx_word' id='word_1_168' title='bbox 765 958 904 985; x_wconf 79' lang='lat' dir='ltr'>exsistere</span> <span class='ocrx_word' id='word_1_169' title='bbox 917 965 964 985; x_wconf 86' lang='lat' dir='ltr'>su-</span> 
     </span>
    </p>
   </div>
   <div class='ocr_carea' id='block_1_23' title="bbox 139 1001 963 1040">
    <p class='ocr_par' dir='ltr' id='par_1_23' title="bbox 139 1001 963 1040">
     <span class='ocr_line' id='line_1_23' title="bbox 139 1001 963 1040; baseline -0.004 -9"><span class='ocrx_word' id='word_1_170' title='bbox 139 1012 191 1040; x_wconf 88' lang='lat' dir='ltr'>per</span> <span class='ocrx_word' id='word_1_171' title='bbox 206 1006 315 1031; x_wconf 85' lang='lat' dir='ltr'>terram</span> <span class='ocrx_word' id='word_1_172' title='bbox 343 1012 360 1031; x_wconf 86' lang='lat' dir='ltr'>a</span> <span class='ocrx_word' id='word_1_173' title='bbox 390 1003 463 1030; x_wconf 79' lang='lat' dir='ltr'>facie</span> <span class='ocrx_word' id='word_1_174' title='bbox 494 1002 636 1030; x_wconf 75' lang='lat' dir='ltr'>daemonis</span> <span class='ocrx_word' id='word_1_175' title='bbox 665 1001 758 1029; x_wconf 88' lang='lat' dir='ltr'>illius.</span> <span class='ocrx_word' id='word_1_176' title='bbox 786 1003 842 1028; x_wconf 90' lang='lat' dir='ltr'>Ore</span> <span class='ocrx_word' id='word_1_177' title='bbox 863 1001 963 1037; x_wconf 85' lang='lat' dir='ltr'>igitur,</span> 
     </span>
    </p>
   </div>
   <div class='ocr_carea' id='block_1_24' title="bbox 139 1045 963 1084">
    <p class='ocr_par' dir='ltr' id='par_1_24' title="bbox 139 1045 963 1084">
     <span class='ocr_line' id='line_1_24' title="bbox 139 1045 963 1084; baseline -0.004 -9"><span class='ocrx_word' id='word_1_178' title='bbox 139 1049 279 1084; x_wconf 86' lang='lat' dir='ltr'>quoniam</span> <span class='ocrx_word' id='word_1_179' title='bbox 293 1048 371 1076; x_wconf 83' lang='lat' dir='ltr'>sicut</span> <span class='ocrx_word' id='word_1_180' title='bbox 386 1050 490 1075; x_wconf 88' lang='lat' dir='ltr'>ventus</span> <span class='ocrx_word' id='word_1_181' title='bbox 507 1049 551 1075; x_wconf 89' lang='lat' dir='ltr'>est</span> <span class='ocrx_word' id='word_1_182' title='bbox 565 1047 697 1082; x_wconf 86' lang='lat' dir='ltr'>spiritus,</span> <span class='ocrx_word' id='word_1_183' title='bbox 709 1046 841 1082; x_wconf 82' lang='lat' dir='ltr'>excogita</span> <span class='ocrx_word' id='word_1_184' title='bbox 852 1045 963 1081; x_wconf 88' lang='lat' dir='ltr'>aliquid</span> 
     </span>
    </p>
   </div>
   <div class='ocr_carea' id='block_1_25' title="bbox 139 1091 964 1127">
    <p class='ocr_par' dir='ltr' id='par_1_25' title="bbox 139 1091 964 1127">
     <span class='ocr_line' id='line_1_25' title="bbox 139 1091 964 1127; baseline -0.005 -6"><span class='ocrx_word' id='word_1_185' title='bbox 139 1093 304 1121; x_wconf 85' lang='lat' dir='ltr'>secundum</span> <span class='ocrx_word' id='word_1_186' title='bbox 330 1093 427 1120; x_wconf 80' lang='lat' dir='ltr'>datam</span> <span class='ocrx_word' id='word_1_187' title='bbox 455 1092 508 1119; x_wconf 89' lang='lat' dir='ltr'>tibi</span> <span class='ocrx_word' id='word_1_188' title='bbox 536 1091 712 1127; x_wconf 87' lang='lat' dir='ltr'>sapientiam</span> <span class='ocrx_word' id='word_1_189' title='bbox 729 1100 746 1118; x_wconf 89' lang='lat' dir='ltr'>a</span> <span class='ocrx_word' id='word_1_190' title='bbox 761 1091 884 1118; x_wconf 89' lang='lat' dir='ltr'>Domino</span> <span class='ocrx_word' id='word_1_191' title='bbox 908 1093 964 1118; x_wconf 90' lang='lat' dir='ltr'>Deo</span> 
     </span>
    </p>
   </div>
   <div class='ocr_carea' id='block_1_26' title="bbox 139 1135 965 1172">
    <p class='ocr_par' dir='ltr' id='par_1_26' title="bbox 139 1135 965 1172">
     <span class='ocr_line' id='line_1_26' title="bbox 139 1135 965 1172; baseline -0.004 -7"><span class='ocrx_word' id='word_1_192' title='bbox 139 1140 209 1170; x_wconf 90' lang='lat' dir='ltr'>tuo;</span> <span class='ocrx_word' id='word_1_193' title='bbox 228 1139 256 1165; x_wconf 91' lang='lat' dir='ltr'>et</span> <span class='ocrx_word' id='word_1_194' title='bbox 272 1137 403 1172; x_wconf 82' lang='lat' dir='ltr'>digneris</span> <span class='ocrx_word' id='word_1_195' title='bbox 419 1137 535 1164; x_wconf 85' lang='lat' dir='ltr'>mittere</span> <span class='ocrx_word' id='word_1_196' title='bbox 551 1138 699 1171; x_wconf 87' lang='lat' dir='ltr'>potentem</span> <span class='ocrx_word' id='word_1_197' title='bbox 716 1136 810 1163; x_wconf 88' lang='lat' dir='ltr'>virum</span> <span class='ocrx_word' id='word_1_198' title='bbox 823 1135 872 1170; x_wconf 86' lang='lat' dir='ltr'>qui</span> <span class='ocrx_word' id='word_1_199' title='bbox 889 1143 965 1162; x_wconf 89' lang='lat' dir='ltr'>com-</span> 
     </span>
    </p>
   </div>
   <div class='ocr_carea' id='block_1_27' title="bbox 140 1180 964 1218">
    <p class='ocr_par' dir='ltr' id='par_1_27' title="bbox 140 1180 964 1218">
     <span class='ocr_line' id='line_1_27' title="bbox 140 1180 964 1218; baseline -0.002 -9"><span class='ocrx_word' id='word_1_200' title='bbox 140 1183 240 1218; x_wconf 85' lang='lat' dir='ltr'>pescat</span> <span class='ocrx_word' id='word_1_201' title='bbox 255 1190 333 1209; x_wconf 89' lang='lat' dir='ltr'>eum.</span> <span class='ocrx_word' id='word_1_202' title='bbox 349 1182 384 1209; x_wconf 89' lang='lat' dir='ltr'>Et</span> <span class='ocrx_word' id='word_1_203' title='bbox 399 1189 465 1209; x_wconf 87' lang='lat' dir='ltr'>ecce</span> <span class='ocrx_word' id='word_1_204' title='bbox 479 1189 538 1216; x_wconf 88' lang='lat' dir='ltr'>ero,</span> <span class='ocrx_word' id='word_1_205' title='bbox 564 1189 613 1208; x_wconf 80' lang='lat' dir='ltr'>rex</span> <span class='ocrx_word' id='word_1_206' title='bbox 627 1180 776 1213; x_wconf 77' lang='lat' dir='ltr'>Salomon,</span> <span class='ocrx_word' id='word_1_207' title='bbox 798 1189 851 1216; x_wconf 88' lang='lat' dir='ltr'>ego</span> <span class='ocrx_word' id='word_1_208' title='bbox 868 1183 896 1208; x_wconf 85' lang='lat' dir='ltr'>et</span> <span class='ocrx_word' id='word_1_209' title='bbox 911 1189 964 1215; x_wconf 92' lang='lat' dir='ltr'>po-</span> 
     </span>
    </p>
   </div>
   <div class='ocr_carea' id='block_1_28' title="bbox 139 1225 963 1262">
    <p class='ocr_par' dir='ltr' id='par_1_28' title="bbox 139 1225 963 1262">
     <span class='ocr_line' id='line_1_28' title="bbox 139 1225 963 1262; baseline -0.001 -9"><span class='ocrx_word' id='word_1_210' title='bbox 139 1227 227 1262; x_wconf 89' lang='lat' dir='ltr'>pulus</span> <span class='ocrx_word' id='word_1_211' title='bbox 248 1233 342 1258; x_wconf 87' lang='lat' dir='ltr'>meus,</span> <span class='ocrx_word' id='word_1_212' title='bbox 360 1228 388 1253; x_wconf 90' lang='lat' dir='ltr'>et</span> <span class='ocrx_word' id='word_1_213' title='bbox 403 1227 481 1253; x_wconf 85' lang='lat' dir='ltr'>terra</span> <span class='ocrx_word' id='word_1_214' title='bbox 498 1233 563 1252; x_wconf 88' lang='lat' dir='ltr'>mea</span> <span class='ocrx_word' id='word_1_215' title='bbox 577 1225 686 1258; x_wconf 85' lang='lat' dir='ltr'>omnis,</span> <span class='ocrx_word' id='word_1_216' title='bbox 703 1225 833 1252; x_wconf 88' lang='lat' dir='ltr'>serviens</span> <span class='ocrx_word' id='word_1_217' title='bbox 847 1225 898 1252; x_wconf 85' lang='lat' dir='ltr'>tibi</span> <span class='ocrx_word' id='word_1_218' title='bbox 915 1233 963 1252; x_wconf 86' lang='lat' dir='ltr'>us-</span> 
     </span>
    </p>
   </div>
   <div class='ocr_carea' id='block_1_29' title="bbox 139 1269 963 1307">
    <p class='ocr_par' dir='ltr' id='par_1_29' title="bbox 139 1269 963 1307">
     <span class='ocr_line' id='line_1_29' title="bbox 139 1269 963 1307; baseline -0.002 -9"><span class='ocrx_word' id='word_1_219' title='bbox 139 1279 196 1307; x_wconf 86' lang='lat' dir='ltr'>que</span> <span class='ocrx_word' id='word_1_220' title='bbox 212 1271 247 1298; x_wconf 86' lang='lat' dir='ltr'>sd</span> <span class='ocrx_word' id='word_1_221' title='bbox 264 1273 400 1303; x_wconf 90' lang='lat' dir='ltr'>mortem,</span> <span class='ocrx_word' id='word_1_222' title='bbox 423 1273 451 1297; x_wconf 88' lang='lat' dir='ltr'>et</span> <span class='ocrx_word' id='word_1_223' title='bbox 466 1270 567 1297; x_wconf 89' lang='lat' dir='ltr'>subdit</span> <span class='ocrx_word' id='word_1_224' title='bbox 587 1278 618 1297; x_wconf 90' lang='lat' dir='ltr'>se</span> <span class='ocrx_word' id='word_1_225' title='bbox 646 1269 698 1297; x_wconf 85' lang='lat' dir='ltr'>tibi</span> <span class='ocrx_word' id='word_1_226' title='bbox 724 1269 820 1297; x_wconf 89' lang='lat' dir='ltr'>omnis</span> <span class='ocrx_word' id='word_1_227' title='bbox 847 1269 963 1302; x_wconf 72' lang='lat' dir='ltr'>Arabia,</span> 
     </span>
    </p>
   </div>
   <div class='ocr_carea' id='block_1_30' title="bbox 140 1314 964 1350">
    <p class='ocr_par' dir='ltr' id='par_1_30' title="bbox 140 1314 964 1350">
     <span class='ocr_line' id='line_1_30' title="bbox 140 1314 964 1350; baseline 0 -8"><span class='ocrx_word' id='word_1_228' title='bbox 140 1315 227 1343; x_wconf 82' lang='lat' dir='ltr'>modo</span> <span class='ocrx_word' id='word_1_229' title='bbox 239 1315 389 1350; x_wconf 88' lang='lat' dir='ltr'>justitiam</span> <span class='ocrx_word' id='word_1_230' title='bbox 406 1314 482 1342; x_wconf 86' lang='lat' dir='ltr'>hanc</span> <span class='ocrx_word' id='word_1_231' title='bbox 501 1314 590 1342; x_wconf 77' lang='lat' dir='ltr'>facias</span> <span class='ocrx_word' id='word_1_232' title='bbox 608 1314 702 1341; x_wconf 91' lang='lat' dir='ltr'>nobis.</span> <span class='ocrx_word' id='word_1_233' title='bbox 716 1315 810 1346; x_wconf 80' lang='lat' dir='ltr'>Quare</span> <span class='ocrx_word' id='word_1_234' title='bbox 825 1322 964 1350; x_wconf 82' lang='lat' dir='ltr'>rogamus</span> 
     </span>
    </p>
   </div>
   <div class='ocr_carea' id='block_1_31' title="bbox 139 1358 964 1394">
    <p class='ocr_par' dir='ltr' id='par_1_31' title="bbox 139 1358 964 1394">
     <span class='ocr_line' id='line_1_31' title="bbox 139 1358 964 1394; baseline -0.001 -7"><span class='ocrx_word' id='word_1_235' title='bbox 139 1362 178 1393; x_wconf 85' lang='lat' dir='ltr'>te,</span> <span class='ocrx_word' id='word_1_236' title='bbox 196 1368 231 1387; x_wconf 89' lang='lat' dir='ltr'>ne</span> <span class='ocrx_word' id='word_1_237' title='bbox 260 1359 406 1394; x_wconf 82' lang='lat' dir='ltr'>despicias</span> <span class='ocrx_word' id='word_1_238' title='bbox 431 1358 678 1394; x_wconf 84' lang='lat' dir='ltr'>supplicationem</span> <span class='ocrx_word' id='word_1_239' title='bbox 705 1360 847 1392; x_wconf 89' lang='lat' dir='ltr'>nostram,</span> <span class='ocrx_word' id='word_1_240' title='bbox 870 1367 964 1394; x_wconf 87' lang='lat' dir='ltr'>neque</span> 
     </span>
    </p>
   </div>
   <div class='ocr_carea' id='block_1_32' title="bbox 141 1403 964 1440">
    <p class='ocr_par' dir='ltr' id='par_1_32' title="bbox 141 1403 964 1440">
     <span class='ocr_line' id='line_1_32' title="bbox 141 1403 964 1440; baseline -0.002 -8"><span class='ocrx_word' id='word_1_241' title='bbox 141 1404 274 1440; x_wconf 80' lang='lat' dir='ltr'>negligas</span> <span class='ocrx_word' id='word_1_242' title='bbox 289 1406 418 1440; x_wconf 79' lang='lat' dir='ltr'>spretam</span> <span class='ocrx_word' id='word_1_243' title='bbox 431 1406 512 1432; x_wconf 85' lang='lat' dir='ltr'>tuam</span> <span class='ocrx_word' id='word_1_244' title='bbox 526 1404 717 1439; x_wconf 83' lang='lat' dir='ltr'>provinciam,</span> <span class='ocrx_word' id='word_1_245' title='bbox 730 1406 758 1430; x_wconf 89' lang='lat' dir='ltr'>et</span> <span class='ocrx_word' id='word_1_246' title='bbox 783 1403 888 1431; x_wconf 84' lang='lat' dir='ltr'>ditieni</span> <span class='ocrx_word' id='word_1_247' title='bbox 908 1406 964 1431; x_wconf 69' lang='lat' dir='ltr'>tus:</span> 
     </span>
    </p>
   </div>
   <div class='ocr_carea' id='block_1_33' title="bbox 143 1447 962 1484">
    <p class='ocr_par' dir='ltr' id='par_1_33' title="bbox 143 1447 962 1484">
     <span class='ocr_line' id='line_1_33' title="bbox 143 1447 962 1484; baseline -0.002 -8"><span class='ocrx_word' id='word_1_248' title='bbox 143 1449 305 1484; x_wconf 72' lang='lat' dir='ltr'>subiectam</span> <span class='ocrx_word' id='word_1_249' title='bbox 324 1448 456 1484; x_wconf 78' lang='lat' dir='ltr'>perﬁcies</span> <span class='ocrx_word' id='word_1_250' title='bbox 474 1457 480 1476; x_wconf 95' lang='lat'>:</span> <span class='ocrx_word' id='word_1_251' title='bbox 497 1448 539 1475; x_wconf 89' lang='lat' dir='ltr'>tui</span> <span class='ocrx_word' id='word_1_252' title='bbox 565 1447 643 1475; x_wconf 88' lang='lat' dir='ltr'>enim</span> <span class='ocrx_word' id='word_1_253' title='bbox 667 1447 817 1483; x_wconf 88' lang='lat' dir='ltr'>supplices</span> <span class='ocrx_word' id='word_1_254' title='bbox 847 1456 962 1480; x_wconf 88' lang='lat' dir='ltr'>sumus,</span> 
     </span>
    </p>
   </div>
   <div class='ocr_carea' id='block_1_34' title="bbox 142 1492 962 1528">
    <p class='ocr_par' dir='ltr' id='par_1_34' title="bbox 142 1492 962 1528">
     <span class='ocr_line' id='line_1_34' title="bbox 142 1492 962 1528; baseline -0.001 -8"><span class='ocrx_word' id='word_1_255' title='bbox 142 1501 194 1528; x_wconf 81' lang='lat' dir='ltr'>ego</span> <span class='ocrx_word' id='word_1_256' title='bbox 210 1494 238 1520; x_wconf 89' lang='lat' dir='ltr'>et</span> <span class='ocrx_word' id='word_1_257' title='bbox 253 1493 379 1528; x_wconf 88' lang='lat' dir='ltr'>populus</span> <span class='ocrx_word' id='word_1_258' title='bbox 393 1500 477 1520; x_wconf 87' lang='lat' dir='ltr'>meus</span> <span class='ocrx_word' id='word_1_259' title='bbox 493 1495 520 1520; x_wconf 86' lang='lat' dir='ltr'>et</span> <span class='ocrx_word' id='word_1_260' title='bbox 537 1492 634 1520; x_wconf 88' lang='lat' dir='ltr'>omnis</span> <span class='ocrx_word' id='word_1_261' title='bbox 649 1495 727 1520; x_wconf 85' lang='lat' dir='ltr'>terra</span> <span class='ocrx_word' id='word_1_262' title='bbox 742 1500 816 1520; x_wconf 86' lang='lat' dir='ltr'>mea.</span> <span class='ocrx_word' id='word_1_263' title='bbox 828 1492 904 1520; x_wconf 86' lang='lat' dir='ltr'>Bene</span> <span class='ocrx_word' id='word_1_264' title='bbox 916 1500 962 1519; x_wconf 85' lang='lat' dir='ltr'>va-</span> 
     </span>
    </p>
   </div>
   <div class='ocr_carea' id='block_1_35' title="bbox 141 1536 700 1565">
    <p class='ocr_par' dir='ltr' id='par_1_35' title="bbox 141 1536 700 1565">
     <span class='ocr_line' id='line_1_35' title="bbox 141 1536 700 1565; baseline 0 -1"><span class='ocrx_word' id='word_1_265' title='bbox 141 1536 200 1565; x_wconf 87' lang='lat' dir='ltr'>lere</span> <span class='ocrx_word' id='word_1_266' title='bbox 218 1537 376 1564; x_wconf 88' lang='lat' dir='ltr'>Dominum</span> <span class='ocrx_word' id='word_1_267' title='bbox 390 1545 488 1564; x_wconf 88' lang='lat' dir='ltr'>meum</span> <span class='ocrx_word' id='word_1_268' title='bbox 506 1537 535 1564; x_wconf 94' lang='lat' dir='ltr'>in</span> <span class='ocrx_word' id='word_1_269' title='bbox 551 1537 700 1565; x_wconf 90' lang='lat' dir='ltr'>omnibus.</span> 
     </span>
    </p>
   </div>
   <div class='ocr_carea' id='block_1_36' title="bbox 1026 245 1859 285">
    <p class='ocr_par' dir='ltr' id='par_1_36' title="bbox 1026 245 1859 285">
     <span class='ocr_line' id='line_1_36' title="bbox 1026 245 1859 285; baseline 0.002 -12"><span class='ocrx_word' id='word_1_270' title='bbox 1026 245 1160 282; x_wconf 72' lang='grc' dir='ltr'>μυριάδας</span> <span class='ocrx_word' id='word_1_271' title='bbox 1186 246 1351 283; x_wconf 68' lang='grc' dir='ltr'>ἱκατὸν,καὶ</span> <span class='ocrx_word' id='word_1_272' title='bbox 1380 247 1487 285; x_wconf 74' lang='grc' dir='ltr'>χαλκοῦ</span> <span class='ocrx_word' id='word_1_273' title='bbox 1519 248 1660 282; x_wconf 77' lang='grc' dir='ltr'>ἐκλεκτοῦ,</span> <span class='ocrx_word' id='word_1_274' title='bbox 1680 249 1729 276; x_wconf 87' lang='grc' dir='ltr'>καὶ</span> <span class='ocrx_word' id='word_1_275' title='bbox 1763 248 1859 282; x_wconf 69' lang='grc' dir='ltr'>εἰσῆλ-</span> 
     </span>
    </p>
   </div>
   <div class='ocr_carea' id='block_1_37' title="bbox 1025 291 1860 330">
    <p class='ocr_par' dir='ltr' id='par_1_37' title="bbox 1025 291 1860 330">
     <span class='ocr_line' id='line_1_37' title="bbox 1025 291 1860 330; baseline 0 -12"><span class='ocrx_word' id='word_1_276' title='bbox 1025 291 1066 318; x_wconf 85' lang='grc' dir='ltr'>θιν</span> <span class='ocrx_word' id='word_1_277' title='bbox 1096 291 1134 323; x_wconf 78' lang='grc' dir='ltr'>εἱς</span> <span class='ocrx_word' id='word_1_278' title='bbox 1158 291 1203 318; x_wconf 81' lang='grc' dir='ltr'>τὸν</span> <span class='ocrx_word' id='word_1_279' title='bbox 1237 291 1319 319; x_wconf 86' lang='grc' dir='ltr'>ναόν·</span> <span class='ocrx_word' id='word_1_280' title='bbox 1349 293 1392 320; x_wconf 75' lang='grc' dir='ltr'>καὶ</span> <span class='ocrx_word' id='word_1_281' title='bbox 1418 293 1449 320; x_wconf 87' lang='grc' dir='ltr'>τὸ</span> <span class='ocrx_word' id='word_1_282' title='bbox 1474 294 1685 330; x_wconf 63' lang='grc' dir='ltr'>θυσιαστῆρον,</span> <span class='ocrx_word' id='word_1_283' title='bbox 1717 293 1768 320; x_wconf 77' lang='grc' dir='ltr'>καὶ</span> <span class='ocrx_word' id='word_1_284' title='bbox 1799 293 1860 323; x_wconf 68' lang='grc' dir='ltr'>τους</span> 
     </span>
    </p>
   </div>
   <div class='ocr_carea' id='block_1_38' title="bbox 1024 335 1859 375">
    <p class='ocr_par' dir='ltr' id='par_1_38' title="bbox 1024 335 1859 375">
     <span class='ocr_line' id='line_1_38' title="bbox 1024 335 1859 375; baseline 0.001 -13"><span class='ocrx_word' id='word_1_285' title='bbox 1024 335 1174 372; x_wconf 78' lang='grc' dir='ltr'>ἄναφόρους</span> <span class='ocrx_word' id='word_1_286' title='bbox 1190 336 1254 366; x_wconf 75' lang='grc' dir='ltr'>τοὺς</span> <span class='ocrx_word' id='word_1_287' title='bbox 1274 335 1395 373; x_wconf 70' lang='grc' dir='ltr'>χαλκοῦς</span> <span class='ocrx_word' id='word_1_288' title='bbox 1419 339 1467 364; x_wconf 72' lang='grc' dir='ltr'>τοῦ</span> <span class='ocrx_word' id='word_1_289' title='bbox 1491 338 1684 375; x_wconf 81' lang='grc' dir='ltr'>θυσιαστηρίου</span> <span class='ocrx_word' id='word_1_290' title='bbox 1714 338 1764 364; x_wconf 78' lang='grc' dir='ltr'>καὶ</span> <span class='ocrx_word' id='word_1_291' title='bbox 1798 337 1859 367; x_wconf 65' lang='grc' dir='ltr'>τοὺς</span> 
     </span>
    </p>
   </div>
   <div class='ocr_carea' id='block_1_39' title="bbox 1024 378 1858 420">
    <p class='ocr_par' dir='ltr' id='par_1_39' title="bbox 1024 378 1858 420">
     <span class='ocr_line' id='line_1_39' title="bbox 1024 378 1858 420; baseline 0.001 -14"><span class='ocrx_word' id='word_1_292' title='bbox 1024 378 1117 411; x_wconf 79' lang='grc' dir='ltr'>λίθους</span> <span class='ocrx_word' id='word_1_293' title='bbox 1156 382 1209 408; x_wconf 79' lang='grc' dir='ltr'>τῶν</span> <span class='ocrx_word' id='word_1_294' title='bbox 1256 379 1366 418; x_wconf 78' lang='grc' dir='ltr'>λύχνων</span> <span class='ocrx_word' id='word_1_295' title='bbox 1404 381 1629 420; x_wconf 74' lang='grc' dir='ltr'>ἐξαστράπτοντας</span> <span class='ocrx_word' id='word_1_296' title='bbox 1655 382 1685 409; x_wconf 64' lang='grc' dir='ltr'>ἐκ</span> <span class='ocrx_word' id='word_1_297' title='bbox 1713 381 1858 420; x_wconf 62' lang='grc' dir='ltr'>διαφόρων</span> 
     </span>
    </p>
   </div>
   <div class='ocr_carea' id='block_1_40' title="bbox 1023 424 1859 463">
    <p class='ocr_par' dir='ltr' id='par_1_40' title="bbox 1023 424 1859 463">
     <span class='ocr_line' id='line_1_40' title="bbox 1023 424 1859 463; baseline 0.001 -12"><span class='ocrx_word' id='word_1_298' title='bbox 1023 425 1190 462; x_wconf 78' lang='grc' dir='ltr'>χρωμάτων,</span> <span class='ocrx_word' id='word_1_299' title='bbox 1206 425 1251 452; x_wconf 82' lang='grc' dir='ltr'>καὶ</span> <span class='ocrx_word' id='word_1_300' title='bbox 1281 425 1395 463; x_wconf 86' lang='grc' dir='ltr'>Λυχνίου</span> <span class='ocrx_word' id='word_1_301' title='bbox 1422 428 1471 453; x_wconf 75' lang='grc' dir='ltr'>τοῦ</span> <span class='ocrx_word' id='word_1_302' title='bbox 1502 426 1588 461; x_wconf 79' lang='grc' dir='ltr'>λίθου⁹</span> <span class='ocrx_word' id='word_1_303' title='bbox 1603 427 1646 453; x_wconf 80' lang='grc' dir='ltr'>καὶ</span> <span class='ocrx_word' id='word_1_304' title='bbox 1678 424 1859 463; x_wconf 62' lang='grc' dir='ltr'>σμαράγδου,</span> 
     </span>
    </p>
   </div>
   <div class='ocr_carea' id='block_1_41' title="bbox 1021 469 1884 509">
    <p class='ocr_par' dir='ltr' id='par_1_41' title="bbox 1021 469 1884 509">
     <span class='ocr_line' id='line_1_41' title="bbox 1021 469 1884 509; baseline 0.001 -14"><span class='ocrx_word' id='word_1_305' title='bbox 1021 469 1066 496; x_wconf 80' lang='grc' dir='ltr'>καὶ</span> <span class='ocrx_word' id='word_1_306' title='bbox 1108 469 1246 503; x_wconf 77' lang='grc' dir='ltr'>ὑακίνθου,</span> <span class='ocrx_word' id='word_1_307' title='bbox 1275 470 1320 497; x_wconf 85' lang='grc' dir='ltr'>καὶ</span> <span class='ocrx_word' id='word_1_308' title='bbox 1349 470 1508 509; x_wconf 76' lang='grc' dir='ltr'>σαπφείρου,</span> <span class='ocrx_word' id='word_1_309' title='bbox 1537 471 1582 498; x_wconf 72' lang='grc' dir='ltr'>καὶ</span> <span class='ocrx_word' id='word_1_310' title='bbox 1611 469 1677 498; x_wconf 69' lang='grc' dir='ltr'>εἶδεν</span> <span class='ocrx_word' id='word_1_311' title='bbox 1706 471 1742 498; x_wconf 82' lang='grc' dir='ltr'>τὰ</span> <span class='ocrx_word' id='word_1_312' title='bbox 1774 470 1858 504; x_wconf 61' lang='grc' dir='ltr'>σκεύη</span> <span class='ocrx_word' id='word_1_313' title='bbox 1882 484 1884 486; x_wconf 41' lang='grc' dir='ltr'>μ</span> 
     </span>
    </p>
   </div>
   <div class='ocr_carea' id='block_1_42' title="bbox 1020 514 1861 552">
    <p class='ocr_par' dir='ltr' id='par_1_42' title="bbox 1020 514 1861 552">
     <span class='ocr_line' id='line_1_42' title="bbox 1020 514 1861 552; baseline 0.002 -12"><span class='ocrx_word' id='word_1_314' title='bbox 1020 514 1054 540; x_wconf 71' lang='grc' dir='ltr'>τὰ</span> <span class='ocrx_word' id='word_1_315' title='bbox 1069 516 1157 550; x_wconf 72' lang='grc' dir='ltr'>χρυσᾶ</span> <span class='ocrx_word' id='word_1_316' title='bbox 1176 514 1220 540; x_wconf 87' lang='grc' dir='ltr'>καὶ</span> <span class='ocrx_word' id='word_1_317' title='bbox 1237 514 1348 552; x_wconf 72' lang='grc' dir='ltr'>ἀργυρᾶ,</span> <span class='ocrx_word' id='word_1_318' title='bbox 1364 515 1408 542; x_wconf 87' lang='grc' dir='ltr'>καὶ</span> <span class='ocrx_word' id='word_1_319' title='bbox 1431 514 1534 552; x_wconf 78' lang='grc' dir='ltr'>χαλκᾶ,</span> <span class='ocrx_word' id='word_1_320' title='bbox 1549 516 1592 542; x_wconf 82' lang='grc' dir='ltr'>καὶ</span> <span class='ocrx_word' id='word_1_321' title='bbox 1618 514 1726 551; x_wconf 81' lang='grc' dir='ltr'>ξύλινα,</span> <span class='ocrx_word' id='word_1_322' title='bbox 1751 515 1803 542; x_wconf 83' lang='grc' dir='ltr'>καὶ</span> <span class='ocrx_word' id='word_1_323' title='bbox 1832 514 1861 541; x_wconf 80' lang='grc' dir='ltr'>ἐκ</span> 
     </span>
    </p>
   </div>
   <div class='ocr_carea' id='block_1_43' title="bbox 1023 556 1862 596">
    <p class='ocr_par' dir='ltr' id='par_1_43' title="bbox 1023 556 1862 596">
     <span class='ocr_line' id='line_1_43' title="bbox 1023 556 1862 596; baseline 0.001 -12"><span class='ocrx_word' id='word_1_324' title='bbox 1023 556 1162 595; x_wconf 78' lang='grc' dir='ltr'>δερμάτων</span> <span class='ocrx_word' id='word_1_325' title='bbox 1192 558 1346 595; x_wconf 72' lang='grc' dir='ltr'>ἁπλώματα</span> <span class='ocrx_word' id='word_1_326' title='bbox 1374 558 1632 596; x_wconf 69' lang='grc' dir='ltr'>ἠρυθροδανόμενα·</span> <span class='ocrx_word' id='word_1_327' title='bbox 1664 559 1710 586; x_wconf 82' lang='grc' dir='ltr'>καὶ</span> <span class='ocrx_word' id='word_1_328' title='bbox 1738 559 1782 586; x_wconf 73' lang='grc' dir='ltr'>ἶῖι</span> <span class='ocrx_word' id='word_1_329' title='bbox 1812 559 1862 590; x_wconf 67' lang='grc' dir='ltr'>τὰς</span> 
     </span>
    </p>
   </div>
   <div class='ocr_carea' id='block_1_44' title="bbox 1024 603 1858 641">
    <p class='ocr_par' dir='ltr' id='par_1_44' title="bbox 1024 603 1858 641">
     <span class='ocr_line' id='line_1_44' title="bbox 1024 603 1858 641; baseline 0.002 -12"><span class='ocrx_word' id='word_1_330' title='bbox 1024 603 1114 639; x_wconf 75' lang='grc' dir='ltr'>βάσεις</span> <span class='ocrx_word' id='word_1_331' title='bbox 1129 605 1183 629; x_wconf 82' lang='grc' dir='ltr'>τῶν</span> <span class='ocrx_word' id='word_1_332' title='bbox 1198 603 1297 630; x_wconf 81' lang='grc' dir='ltr'>κιόνων</span> <span class='ocrx_word' id='word_1_333' title='bbox 1312 605 1360 630; x_wconf 73' lang='grc' dir='ltr'>τοῦ</span> <span class='ocrx_word' id='word_1_334' title='bbox 1375 606 1440 631; x_wconf 71' lang='grc' dir='ltr'>ναοῦ</span> <span class='ocrx_word' id='word_1_335' title='bbox 1469 604 1580 641; x_wconf 82' lang='grc' dir='ltr'>Κυρίου’</span> <span class='ocrx_word' id='word_1_336' title='bbox 1599 604 1626 631; x_wconf 72' lang='grc' dir='ltr'>οἱ</span> <span class='ocrx_word' id='word_1_337' title='bbox 1652 603 1752 633; x_wconf 51' lang='lat' dir='ltr'>mine:</span> <span class='ocrx_word' id='word_1_338' title='bbox 1786 614 1858 641; x_wconf 72' lang='grc' dir='ltr'>χρυ-</span> 
     </span>
    </p>
   </div>
   <div class='ocr_carea' id='block_1_45' title="bbox 1022 646 1859 685">
    <p class='ocr_par' dir='ltr' id='par_1_45' title="bbox 1022 646 1859 685">
     <span class='ocr_line' id='line_1_45' title="bbox 1022 646 1859 685; baseline 0.001 -11"><span class='ocrx_word' id='word_1_339' title='bbox 1022 647 1080 674; x_wconf 87' lang='grc' dir='ltr'>σίου</span> <span class='ocrx_word' id='word_1_340' title='bbox 1095 646 1161 679; x_wconf 74' lang='grc' dir='ltr'>ἑνός’</span> <span class='ocrx_word' id='word_1_341' title='bbox 1179 647 1267 684; x_wconf 79' lang='grc' dir='ltr'>χωρὶς</span> <span class='ocrx_word' id='word_1_342' title='bbox 1282 650 1336 674; x_wconf 85' lang='grc' dir='ltr'>τῶν</span> <span class='ocrx_word' id='word_1_343' title='bbox 1363 646 1499 684; x_wconf 80' lang='grc' dir='ltr'>δαιμόνων</span> <span class='ocrx_word' id='word_1_344' title='bbox 1531 649 1568 675; x_wconf 86' lang='grc' dir='ltr'>ὧν</span> <span class='ocrx_word' id='word_1_345' title='bbox 1595 647 1744 685; x_wconf 79' lang='grc' dir='ltr'>κατέκρινα</span> <span class='ocrx_word' id='word_1_346' title='bbox 1776 647 1859 685; x_wconf 69' lang='grc' dir='ltr'>ἐργά-</span> 
     </span>
    </p>
   </div>
   <div class='ocr_carea' id='block_1_46' title="bbox 1023 691 1857 730">
    <p class='ocr_par' dir='ltr' id='par_1_46' title="bbox 1023 691 1857 730">
     <span class='ocr_line' id='line_1_46' title="bbox 1023 691 1857 730; baseline 0.001 -12"><span class='ocrx_word' id='word_1_347' title='bbox 1023 693 1121 725; x_wconf 82' lang='grc' dir='ltr'>ζεσθαι·</span> <span class='ocrx_word' id='word_1_348' title='bbox 1147 691 1192 719; x_wconf 80' lang='grc' dir='ltr'>καὶ</span> <span class='ocrx_word' id='word_1_349' title='bbox 1220 691 1253 726; x_wconf 82' lang='grc' dir='ltr'>ἦν</span> <span class='ocrx_word' id='word_1_350' title='bbox 1283 692 1378 728; x_wconf 63' lang='grc' dir='ltr'>εἰρήνη</span> <span class='ocrx_word' id='word_1_351' title='bbox 1409 691 1504 728; x_wconf 83' lang='grc' dir='ltr'>κύκλῳ</span> <span class='ocrx_word' id='word_1_352' title='bbox 1533 696 1583 726; x_wconf 83' lang='grc' dir='ltr'>τῆς</span> <span class='ocrx_word' id='word_1_353' title='bbox 1613 691 1759 730; x_wconf 68' lang='grc' dir='ltr'>βαοιλείας</span> <span class='ocrx_word' id='word_1_354' title='bbox 1794 703 1857 728; x_wconf 80' lang='grc' dir='ltr'>μου,</span> 
     </span>
    </p>
   </div>
   <div class='ocr_carea' id='block_1_47' title="bbox 1020 735 1858 775">
    <p class='ocr_par' dir='ltr' id='par_1_47' title="bbox 1020 735 1858 775">
     <span class='ocr_line' id='line_1_47' title="bbox 1020 735 1858 775; baseline 0 -12"><span class='ocrx_word' id='word_1_355' title='bbox 1020 737 1065 763; x_wconf 74' lang='grc' dir='ltr'>καὶ</span> <span class='ocrx_word' id='word_1_356' title='bbox 1096 735 1138 763; x_wconf 74' lang='grc' dir='ltr'>ἐπὶ</span> <span class='ocrx_word' id='word_1_357' title='bbox 1167 736 1256 772; x_wconf 80' lang='grc' dir='ltr'>πάσης</span> <span class='ocrx_word' id='word_1_358' title='bbox 1280 740 1330 772; x_wconf 85' lang='grc' dir='ltr'>τῆς</span> <span class='ocrx_word' id='word_1_359' title='bbox 1357 741 1417 775; x_wconf 85' lang='grc' dir='ltr'>γῆς.</span> <span class='ocrx_word' id='word_1_360' title='bbox 1436 737 1483 765; x_wconf 85' lang='grc' dir='ltr'>Καὶ</span> <span class='ocrx_word' id='word_1_361' title='bbox 1500 737 1605 775; x_wconf 80' lang='grc' dir='ltr'>ἐγένετο</span> <span class='ocrx_word' id='word_1_362' title='bbox 1621 737 1646 764; x_wconf 68' lang='grc' dir='ltr'>ιν</span> <span class='ocrx_word' id='word_1_363' title='bbox 1662 740 1704 772; x_wconf 82' lang='grc' dir='ltr'>τῷ</span> <span class='ocrx_word' id='word_1_364' title='bbox 1723 737 1798 764; x_wconf 67' lang='grc' dir='ltr'>εἶναί</span> <span class='ocrx_word' id='word_1_365' title='bbox 1826 748 1858 773; x_wconf 86' lang='grc' dir='ltr'>μι</span> 
     </span>
    </p>
   </div>
   <div class='ocr_carea' id='block_1_48' title="bbox 1021 780 1858 818">
    <p class='ocr_par' dir='ltr' id='par_1_48' title="bbox 1021 780 1858 818">
     <span class='ocr_line' id='line_1_48' title="bbox 1021 780 1858 818; baseline 0 -10"><span class='ocrx_word' id='word_1_366' title='bbox 1021 780 1047 808; x_wconf 70' lang='grc' dir='ltr'>ἐν</span> <span class='ocrx_word' id='word_1_367' title='bbox 1063 782 1096 817; x_wconf 77' lang='grc' dir='ltr'>τῇ</span> <span class='ocrx_word' id='word_1_368' title='bbox 1112 780 1236 817; x_wconf 78' lang='grc' dir='ltr'>βασι)είᾳ</span> <span class='ocrx_word' id='word_1_369' title='bbox 1251 791 1314 817; x_wconf 88' lang='grc' dir='ltr'>μου,</span> <span class='ocrx_word' id='word_1_370' title='bbox 1330 780 1471 809; x_wconf 72' lang='grc' dir='ltr'>ἀπέστειλέ</span> <span class='ocrx_word' id='word_1_371' title='bbox 1487 792 1534 818; x_wconf 90' lang='grc' dir='ltr'>μοι</span> <span class='ocrx_word' id='word_1_372' title='bbox 1559 781 1708 816; x_wconf 73' lang='grc' dir='ltr'>ἐπιστολὴν</span> <span class='ocrx_word' id='word_1_373' title='bbox 1735 782 1749 807; x_wconf 86' lang='grc' dir='ltr'><strong>ὁ</strong></span> <span class='ocrx_word' id='word_1_374' title='bbox 1779 782 1858 818; x_wconf 70' lang='grc' dir='ltr'>βασι-</span> 
     </span>
    </p>
   </div>
   <div class='ocr_carea' id='block_1_49' title="bbox 1021 822 1858 864">
    <p class='ocr_par' dir='ltr' id='par_1_49' title="bbox 1021 822 1858 864">
     <span class='ocr_line' id='line_1_49' title="bbox 1021 822 1858 864; baseline -0.001 -11"><span class='ocrx_word' id='word_1_375' title='bbox 1021 824 1084 857; x_wconf 68' lang='grc' dir='ltr'>λεὺς</span> <span class='ocrx_word' id='word_1_376' title='bbox 1109 822 1231 862; x_wconf 75' lang='grc' dir='ltr'>Ἀράϐων</span> <span class='ocrx_word' id='word_1_377' title='bbox 1260 824 1417 861; x_wconf 77' lang='grc' dir='ltr'>Ἀδάρης,ή</span> <span class='ocrx_word' id='word_1_378' title='bbox 1447 825 1475 853; x_wconf 68' lang='grc' dir='ltr'>δὲ</span> <span class='ocrx_word' id='word_1_379' title='bbox 1501 826 1591 864; x_wconf 77' lang='grc' dir='ltr'>γραφή</span> <span class='ocrx_word' id='word_1_380' title='bbox 1618 829 1668 860; x_wconf 79' lang='grc' dir='ltr'>τῆς</span> <span class='ocrx_word' id='word_1_381' title='bbox 1699 825 1858 860; x_wconf 73' lang='grc' dir='ltr'>ἐπιστολῆς</span> 
     </span>
    </p>
   </div>
   <div class='ocr_carea' id='block_1_50' title="bbox 1019 866 1858 908">
    <p class='ocr_par' dir='ltr' id='par_1_50' title="bbox 1019 866 1858 908">
     <span class='ocr_line' id='line_1_50' title="bbox 1019 866 1858 908; baseline 0.001 -12"><span class='ocrx_word' id='word_1_382' title='bbox 1019 866 1132 907; x_wconf 70' lang='grc' dir='ltr'>ἔγραφεν</span> <span class='ocrx_word' id='word_1_383' title='bbox 1163 868 1264 900; x_wconf 72' lang='grc' dir='ltr'>οὕτως’</span> <span class='ocrx_word' id='word_1_384' title='bbox 1295 869 1406 897; x_wconf 73' lang='grc' dir='ltr'>Βασιλεῖ</span> <span class='ocrx_word' id='word_1_385' title='bbox 1436 869 1598 906; x_wconf 82' lang='grc' dir='ltr'>Σολομῶντι</span> <span class='ocrx_word' id='word_1_386' title='bbox 1630 870 1763 908; x_wconf 77' lang='grc' dir='ltr'>χαίρειν·</span> <span class='ocrx_word' id='word_1_387' title='bbox 1798 869 1858 897; x_wconf 64' lang='grc' dir='ltr'>ἰδοὺ</span> 
     </span>
    </p>
   </div>
   <div class='ocr_carea' id='block_1_51' title="bbox 1019 913 1859 951">
    <p class='ocr_par' dir='ltr' id='par_1_51' title="bbox 1019 913 1859 951">
     <span class='ocr_line' id='line_1_51' title="bbox 1019 913 1859 951; baseline 0.001 -11"><span class='ocrx_word' id='word_1_388' title='bbox 1019 913 1174 950; x_wconf 76' lang='grc' dir='ltr'>ἠκούσαμεν</span> <span class='ocrx_word' id='word_1_389' title='bbox 1202 913 1247 940; x_wconf 81' lang='grc' dir='ltr'>καὶ</span> <span class='ocrx_word' id='word_1_390' title='bbox 1276 913 1405 941; x_wconf 83' lang='grc' dir='ltr'>ἀκουστὸν</span> <span class='ocrx_word' id='word_1_391' title='bbox 1433 913 1540 951; x_wconf 73' lang='grc' dir='ltr'>γέγονεν</span> <span class='ocrx_word' id='word_1_392' title='bbox 1571 914 1609 945; x_wconf 73' lang='grc' dir='ltr'>εἷς</span> <span class='ocrx_word' id='word_1_393' title='bbox 1635 914 1723 941; x_wconf 77' lang='grc' dir='ltr'>πάντα</span> <span class='ocrx_word' id='word_1_394' title='bbox 1746 915 1784 940; x_wconf 69' lang='grc' dir='ltr'>τὰ</span> <span class='ocrx_word' id='word_1_395' title='bbox 1815 915 1859 941; x_wconf 75' lang='grc' dir='ltr'>πὲ-</span> 
     </span>
    </p>
   </div>
   <div class='ocr_carea' id='block_1_52' title="bbox 1019 957 1857 996">
    <p class='ocr_par' dir='ltr' id='par_1_52' title="bbox 1019 957 1857 996">
     <span class='ocr_line' id='line_1_52' title="bbox 1019 957 1857 996; baseline 0.002 -11"><span class='ocrx_word' id='word_1_396' title='bbox 1019 968 1086 995; x_wconf 82' lang='grc' dir='ltr'>ρατα</span> <span class='ocrx_word' id='word_1_397' title='bbox 1113 961 1162 992; x_wconf 79' lang='grc' dir='ltr'>τῆς</span> <span class='ocrx_word' id='word_1_398' title='bbox 1191 962 1255 995; x_wconf 73' lang='grc' dir='ltr'>γῆς,</span> <span class='ocrx_word' id='word_1_399' title='bbox 1283 959 1332 993; x_wconf 76' lang='grc' dir='ltr'>τήν</span> <span class='ocrx_word' id='word_1_400' title='bbox 1357 958 1383 985; x_wconf 73' lang='grc' dir='ltr'>ἰν</span> <span class='ocrx_word' id='word_1_401' title='bbox 1408 959 1451 986; x_wconf 85' lang='grc' dir='ltr'>σοὶ</span> <span class='ocrx_word' id='word_1_402' title='bbox 1479 957 1627 993; x_wconf 71' lang='grc' dir='ltr'>δεδομένην</span> <span class='ocrx_word' id='word_1_403' title='bbox 1643 958 1746 996; x_wconf 80' lang='grc' dir='ltr'>σοφίαν</span> <span class='ocrx_word' id='word_1_404' title='bbox 1766 960 1834 993; x_wconf 79' lang='lat' dir='ltr'>(sic)</span> <span class='ocrx_word' id='word_1_405' title='bbox 1851 968 1857 974; x_wconf 88' lang='lat'>&#39;</span> 
     </span>
    </p>
   </div>
   <div class='ocr_carea' id='block_1_53' title="bbox 1019 1001 1856 1040">
    <p class='ocr_par' dir='ltr' id='par_1_53' title="bbox 1019 1001 1856 1040">
     <span class='ocr_line' id='line_1_53' title="bbox 1019 1001 1856 1040; baseline 0.001 -11"><span class='ocrx_word' id='word_1_406' title='bbox 1019 1002 1063 1030; x_wconf 81' lang='grc' dir='ltr'>καὶ</span> <span class='ocrx_word' id='word_1_407' title='bbox 1093 1002 1134 1030; x_wconf 75' lang='grc' dir='ltr'>ὅτι</span> <span class='ocrx_word' id='word_1_408' title='bbox 1161 1001 1302 1040; x_wconf 72' lang='grc' dir='ltr'>ἅνθρωπος</span> <span class='ocrx_word' id='word_1_409' title='bbox 1342 1002 1469 1038; x_wconf 72' lang='grc' dir='ltr'>ἐλεήμων</span> <span class='ocrx_word' id='word_1_410' title='bbox 1505 1003 1578 1039; x_wconf 85' lang='grc' dir='ltr'>παρά</span> <span class='ocrx_word' id='word_1_411' title='bbox 1606 1003 1708 1040; x_wconf 82' lang='grc' dir='ltr'>Κυρίου</span> <span class='ocrx_word' id='word_1_412' title='bbox 1742 1003 1768 1030; x_wconf 77' lang='grc' dir='ltr'>εἴ</span> <span class='ocrx_word' id='word_1_413' title='bbox 1800 1003 1856 1030; x_wconf 71' lang='grc' dir='ltr'>σύ·</span> 
     </span>
    </p>
   </div>
   <div class='ocr_carea' id='block_1_54' title="bbox 1020 1045 1856 1084">
    <p class='ocr_par' dir='ltr' id='par_1_54' title="bbox 1020 1045 1856 1084">
     <span class='ocr_line' id='line_1_54' title="bbox 1020 1045 1856 1084; baseline -0.001 -9"><span class='ocrx_word' id='word_1_414' title='bbox 1020 1047 1063 1075; x_wconf 85' lang='grc' dir='ltr'>καὶ</span> <span class='ocrx_word' id='word_1_415' title='bbox 1093 1046 1194 1078; x_wconf 79' lang='grc' dir='ltr'>σύνεσις</span> <span class='ocrx_word' id='word_1_416' title='bbox 1220 1045 1300 1082; x_wconf 74' lang='grc' dir='ltr'>ἐδόθη</span> <span class='ocrx_word' id='word_1_417' title='bbox 1317 1057 1360 1074; x_wconf 85' lang='grc' dir='ltr'>σοι</span> <span class='ocrx_word' id='word_1_418' title='bbox 1375 1047 1420 1075; x_wconf 74' lang='grc' dir='ltr'>ἐπὶ</span> <span class='ocrx_word' id='word_1_419' title='bbox 1442 1048 1549 1075; x_wconf 78' lang='grc' dir='ltr'>πάντων</span> <span class='ocrx_word' id='word_1_420' title='bbox 1563 1047 1727 1083; x_wconf 79' lang='grc' dir='ltr'>πνευμάτων</span> <span class='ocrx_word' id='word_1_421' title='bbox 1753 1048 1856 1084; x_wconf 72' lang='grc' dir='ltr'>ἀερίων</span> 
     </span>
    </p>
   </div>
   <div class='ocr_carea' id='block_1_55' title="bbox 1018 1090 1858 1129">
    <p class='ocr_par' dir='ltr' id='par_1_55' title="bbox 1018 1090 1858 1129">
     <span class='ocr_line' id='line_1_55' title="bbox 1018 1090 1858 1129; baseline 0 -11"><span class='ocrx_word' id='word_1_422' title='bbox 1018 1102 1047 1118; x_wconf 88' lang='grc' dir='ltr'>τε</span> <span class='ocrx_word' id='word_1_423' title='bbox 1071 1091 1116 1118; x_wconf 77' lang='grc' dir='ltr'>καὶ</span> <span class='ocrx_word' id='word_1_424' title='bbox 1145 1091 1270 1129; x_wconf 74' lang='grc' dir='ltr'>ἐπιγείων</span> <span class='ocrx_word' id='word_1_425' title='bbox 1297 1091 1342 1118; x_wconf 78' lang='grc' dir='ltr'>καὶ</span> <span class='ocrx_word' id='word_1_426' title='bbox 1371 1091 1558 1129; x_wconf 72' lang='grc' dir='ltr'>καταχθονίων</span> <span class='ocrx_word' id='word_1_427' title='bbox 1578 1101 1585 1107; x_wconf 90' lang='grc'>·</span> <span class='ocrx_word' id='word_1_428' title='bbox 1616 1090 1713 1125; x_wconf 61' lang='grc' dir='ltr'>ἐπειδὴ</span> <span class='ocrx_word' id='word_1_429' title='bbox 1745 1094 1858 1127; x_wconf 70' lang='grc' dir='ltr'>πνεῦμα</span> 
     </span>
    </p>
   </div>
   <div class='ocr_carea' id='block_1_56' title="bbox 1019 1133 1859 1174">
    <p class='ocr_par' dir='ltr' id='par_1_56' title="bbox 1019 1133 1859 1174">
     <span class='ocr_line' id='line_1_56' title="bbox 1019 1133 1859 1174; baseline 0 -11"><span class='ocrx_word' id='word_1_430' title='bbox 1019 1135 1145 1173; x_wconf 80' lang='grc' dir='ltr'>πάρεστιν</span> <span class='ocrx_word' id='word_1_431' title='bbox 1176 1136 1201 1163; x_wconf 82' lang='grc' dir='ltr'>ἐν</span> <span class='ocrx_word' id='word_1_432' title='bbox 1229 1135 1262 1173; x_wconf 74' lang='grc' dir='ltr'>τῇ</span> <span class='ocrx_word' id='word_1_433' title='bbox 1293 1136 1372 1174; x_wconf 81' lang='grc' dir='ltr'>χώρᾳ</span> <span class='ocrx_word' id='word_1_434' title='bbox 1400 1133 1594 1174; x_wconf 79' lang='grc' dir='ltr'>τῆςἈραϐίας</span> <span class='ocrx_word' id='word_1_435' title='bbox 1616 1135 1738 1164; x_wconf 74' lang='grc' dir='ltr'>τοιόνδε·</span> <span class='ocrx_word' id='word_1_436' title='bbox 1759 1136 1788 1164; x_wconf 70' lang='grc' dir='ltr'>ἐν</span> <span class='ocrx_word' id='word_1_437' title='bbox 1820 1139 1859 1171; x_wconf 74' lang='grc' dir='ltr'>τῷ</span> 
     </span>
    </p>
   </div>
   <div class='ocr_carea' id='block_1_57' title="bbox 1021 1178 1857 1218">
    <p class='ocr_par' dir='ltr' id='par_1_57' title="bbox 1021 1178 1857 1218">
     <span class='ocr_line' id='line_1_57' title="bbox 1021 1178 1857 1218; baseline -0.001 -10"><span class='ocrx_word' id='word_1_438' title='bbox 1021 1181 1125 1216; x_wconf 76' lang='grc' dir='ltr'>ἑωθινῷ</span> <span class='ocrx_word' id='word_1_439' title='bbox 1150 1178 1262 1218; x_wconf 68' lang='grc' dir='ltr'>ἄρχεται</span> <span class='ocrx_word' id='word_1_440' title='bbox 1290 1191 1331 1211; x_wconf 84' lang='grc' dir='ltr'>τις</span> <span class='ocrx_word' id='word_1_441' title='bbox 1347 1179 1415 1218; x_wconf 67' lang='grc' dir='ltr'>αὔρα</span> <span class='ocrx_word' id='word_1_442' title='bbox 1430 1180 1530 1216; x_wconf 77' lang='grc' dir='ltr'>ἀνέμου</span> <span class='ocrx_word' id='word_1_443' title='bbox 1559 1179 1611 1212; x_wconf 71' lang='grc' dir='ltr'>’ἕως</span> <span class='ocrx_word' id='word_1_444' title='bbox 1630 1181 1711 1218; x_wconf 78' lang='grc' dir='ltr'>ὡρῶν</span> <span class='ocrx_word' id='word_1_445' title='bbox 1743 1183 1832 1218; x_wconf 70' lang='grc' dir='ltr'>τριῶν</span> <span class='ocrx_word' id='word_1_446' title='bbox 1852 1191 1857 1197; x_wconf 82' lang='lat'><strong><em>&#39;</em></strong></span> 
     </span>
    </p>
   </div>
   <div class='ocr_carea' id='block_1_58' title="bbox 1020 1223 1858 1262">
    <p class='ocr_par' dir='ltr' id='par_1_58' title="bbox 1020 1223 1858 1262">
     <span class='ocr_line' id='line_1_58' title="bbox 1020 1223 1858 1262; baseline 0 -10"><span class='ocrx_word' id='word_1_447' title='bbox 1020 1225 1064 1252; x_wconf 85' lang='grc' dir='ltr'>καὶ</span> <span class='ocrx_word' id='word_1_448' title='bbox 1082 1226 1098 1259; x_wconf 78' lang='grc' dir='ltr'>ἡ</span> <span class='ocrx_word' id='word_1_449' title='bbox 1115 1225 1185 1260; x_wconf 84' lang='grc' dir='ltr'>πτοὴ</span> <span class='ocrx_word' id='word_1_450' title='bbox 1206 1225 1288 1252; x_wconf 76' lang='grc' dir='ltr'>αὐτοῦ</span> <span class='ocrx_word' id='word_1_451' title='bbox 1313 1223 1386 1259; x_wconf 79' lang='grc' dir='ltr'>δεινῆ</span> <span class='ocrx_word' id='word_1_452' title='bbox 1415 1225 1460 1252; x_wconf 85' lang='grc' dir='ltr'>καὶ</span> <span class='ocrx_word' id='word_1_453' title='bbox 1487 1224 1609 1262; x_wconf 79' lang='grc' dir='ltr'>χαλιπή’</span> <span class='ocrx_word' id='word_1_454' title='bbox 1624 1225 1670 1252; x_wconf 84' lang='grc' dir='ltr'>καὶ</span> <span class='ocrx_word' id='word_1_455' title='bbox 1696 1225 1858 1257; x_wconf 68' lang='grc' dir='ltr'>ἀποκτείνει</span> 
     </span>
    </p>
   </div>
   <div class='ocr_carea' id='block_1_59' title="bbox 1020 1268 1858 1306">
    <p class='ocr_par' dir='ltr' id='par_1_59' title="bbox 1020 1268 1858 1306">
     <span class='ocr_line' id='line_1_59' title="bbox 1020 1268 1858 1306; baseline 0.001 -11"><span class='ocrx_word' id='word_1_456' title='bbox 1020 1269 1178 1306; x_wconf 83' lang='grc' dir='ltr'>ἀνθρώπους</span> <span class='ocrx_word' id='word_1_457' title='bbox 1205 1269 1250 1296; x_wconf 85' lang='grc' dir='ltr'>καὶ</span> <span class='ocrx_word' id='word_1_458' title='bbox 1278 1270 1375 1304; x_wconf 75' lang='grc' dir='ltr'>κτήνη·</span> <span class='ocrx_word' id='word_1_459' title='bbox 1392 1269 1437 1296; x_wconf 75' lang='grc' dir='ltr'>καὶ</span> <span class='ocrx_word' id='word_1_460' title='bbox 1466 1269 1496 1296; x_wconf 81' lang='grc' dir='ltr'>οὐ</span> <span class='ocrx_word' id='word_1_461' title='bbox 1521 1268 1628 1296; x_wconf 80' lang='grc' dir='ltr'>δύναται</span> <span class='ocrx_word' id='word_1_462' title='bbox 1642 1271 1716 1304; x_wconf 80' lang='grc' dir='ltr'>πνοὴ</span> <span class='ocrx_word' id='word_1_463' title='bbox 1736 1269 1858 1305; x_wconf 66' lang='grc' dir='ltr'>οὐδεμία</span> 
     </span>
    </p>
   </div>
   <div class='ocr_carea' id='block_1_60' title="bbox 1021 1313 1855 1351">
    <p class='ocr_par' dir='ltr' id='par_1_60' title="bbox 1021 1313 1855 1351">
     <span class='ocr_line' id='line_1_60' title="bbox 1021 1313 1855 1351; baseline 0.001 -11"><span class='ocrx_word' id='word_1_464' title='bbox 1021 1315 1098 1348; x_wconf 78' lang='grc' dir='ltr'>ζῆσαι</span> <span class='ocrx_word' id='word_1_465' title='bbox 1126 1314 1169 1341; x_wconf 73' lang='grc' dir='ltr'>ἐπὶ</span> <span class='ocrx_word' id='word_1_466' title='bbox 1196 1317 1247 1348; x_wconf 79' lang='grc' dir='ltr'>τῆς</span> <span class='ocrx_word' id='word_1_467' title='bbox 1273 1317 1334 1351; x_wconf 68' lang='grc' dir='ltr'>γῆς,</span> <span class='ocrx_word' id='word_1_468' title='bbox 1351 1313 1470 1341; x_wconf 76' lang='grc' dir='ltr'>ἰναντίον</span> <span class='ocrx_word' id='word_1_469' title='bbox 1499 1315 1548 1340; x_wconf 76' lang='grc' dir='ltr'>τοῦ</span> <span class='ocrx_word' id='word_1_470' title='bbox 1574 1313 1703 1350; x_wconf 80' lang='grc' dir='ltr'>δαίμονος</span> <span class='ocrx_word' id='word_1_471' title='bbox 1734 1313 1855 1341; x_wconf 75' lang='grc' dir='ltr'>ἐκείνου.</span> 
     </span>
    </p>
   </div>
   <div class='ocr_carea' id='block_1_61' title="bbox 1019 1356 1855 1395">
    <p class='ocr_par' dir='ltr' id='par_1_61' title="bbox 1019 1356 1855 1395">
     <span class='ocr_line' id='line_1_61' title="bbox 1019 1356 1855 1395; baseline 0 -11"><span class='ocrx_word' id='word_1_472' title='bbox 1019 1358 1119 1394; x_wconf 74' lang='grc' dir='ltr'>Δέομαι</span> <span class='ocrx_word' id='word_1_473' title='bbox 1136 1358 1181 1385; x_wconf 76' lang='grc' dir='ltr'>οὖν</span> <span class='ocrx_word' id='word_1_474' title='bbox 1198 1356 1290 1392; x_wconf 77' lang='grc' dir='ltr'>ἐπειδὴ</span> <span class='ocrx_word' id='word_1_475' title='bbox 1308 1358 1344 1388; x_wconf 86' lang='grc' dir='ltr'>ὡς</span> <span class='ocrx_word' id='word_1_476' title='bbox 1361 1356 1460 1394; x_wconf 79' lang='grc' dir='ltr'>ἄνεμός</span> <span class='ocrx_word' id='word_1_477' title='bbox 1474 1357 1529 1385; x_wconf 74' lang='grc' dir='ltr'>ἐστι</span> <span class='ocrx_word' id='word_1_478' title='bbox 1555 1358 1586 1385; x_wconf 86' lang='grc' dir='ltr'>τὸ</span> <span class='ocrx_word' id='word_1_479' title='bbox 1615 1359 1725 1393; x_wconf 72' lang='grc' dir='ltr'>πνεῦμα</span> <span class='ocrx_word' id='word_1_480' title='bbox 1758 1358 1855 1395; x_wconf 56' lang='lat' dir='ltr'>ste-.5»;</span> 
     </span>
    </p>
   </div>
   <div class='ocr_carea' id='block_1_62' title="bbox 1017 1401 1854 1441">
    <p class='ocr_par' dir='ltr' id='par_1_62' title="bbox 1017 1401 1854 1441">
     <span class='ocr_line' id='line_1_62' title="bbox 1017 1401 1854 1441; baseline -0.001 -11"><span class='ocrx_word' id='word_1_481' title='bbox 1017 1413 1044 1430; x_wconf 86' lang='grc' dir='ltr'>τι</span> <span class='ocrx_word' id='word_1_482' title='bbox 1059 1402 1127 1429; x_wconf 87' lang='grc' dir='ltr'>κατὰ</span> <span class='ocrx_word' id='word_1_483' title='bbox 1139 1403 1188 1436; x_wconf 76' lang='grc' dir='ltr'>τὴν</span> <span class='ocrx_word' id='word_1_484' title='bbox 1216 1401 1363 1438; x_wconf 66' lang='grc' dir='ltr'>διδομένην</span> <span class='ocrx_word' id='word_1_485' title='bbox 1390 1413 1433 1429; x_wconf 64' lang='grc' dir='ltr'>σ.τ.</span> <span class='ocrx_word' id='word_1_486' title='bbox 1463 1403 1557 1441; x_wconf 69' lang='grc' dir='ltr'>σοφίαν</span> <span class='ocrx_word' id='word_1_487' title='bbox 1589 1401 1641 1429; x_wconf 83' lang='grc' dir='ltr'>ὖπὸ</span> <span class='ocrx_word' id='word_1_488' title='bbox 1667 1402 1776 1439; x_wconf 76' lang='grc' dir='ltr'>Κυρίου</span> <span class='ocrx_word' id='word_1_489' title='bbox 1806 1405 1854 1429; x_wconf 68' lang='grc' dir='ltr'>τοῦ</span> 
     </span>
    </p>
   </div>
   <div class='ocr_carea' id='block_1_63' title="bbox 1019 1445 1851 1483">
    <p class='ocr_par' dir='ltr' id='par_1_63' title="bbox 1019 1445 1851 1483">
     <span class='ocr_line' id='line_1_63' title="bbox 1019 1445 1851 1483; baseline -0.002 -9"><span class='ocrx_word' id='word_1_490' title='bbox 1019 1449 1087 1474; x_wconf 71' lang='grc' dir='ltr'>Θεοῦ</span> <span class='ocrx_word' id='word_1_491' title='bbox 1116 1455 1187 1474; x_wconf 85' lang='grc' dir='ltr'>σου·</span> <span class='ocrx_word' id='word_1_492' title='bbox 1217 1446 1261 1474; x_wconf 80' lang='grc' dir='ltr'>καὶ</span> <span class='ocrx_word' id='word_1_493' title='bbox 1291 1446 1459 1481; x_wconf 82' lang='grc' dir='ltr'>καταξίωσον</span> <span class='ocrx_word' id='word_1_494' title='bbox 1500 1446 1660 1474; x_wconf 73' lang='grc' dir='ltr'>ἀποστεῖλαι</span> <span class='ocrx_word' id='word_1_495' title='bbox 1695 1445 1851 1483; x_wconf 75' lang='grc' dir='ltr'>δυνάμενον</span> 
     </span>
    </p>
   </div>
   <div class='ocr_carea' id='block_1_64' title="bbox 1018 1488 1853 1528">
    <p class='ocr_par' dir='ltr' id='par_1_64' title="bbox 1018 1488 1853 1528">
     <span class='ocr_line' id='line_1_64' title="bbox 1018 1488 1853 1528; baseline -0.001 -10"><span class='ocrx_word' id='word_1_496' title='bbox 1018 1491 1159 1528; x_wconf 64' lang='grc' dir='ltr'>ἃνθρωπον</span> <span class='ocrx_word' id='word_1_497' title='bbox 1187 1488 1370 1523; x_wconf 72' lang='grc' dir='ltr'>συλλαϐέσθαι</span> <span class='ocrx_word' id='word_1_498' title='bbox 1395 1490 1468 1518; x_wconf 83' lang='grc' dir='ltr'>αὐτῶ</span> <span class='ocrx_word' id='word_1_499' title='bbox 1485 1492 1556 1526; x_wconf 69' lang='lat' dir='ltr'>(sic).</span> <span class='ocrx_word' id='word_1_500' title='bbox 1575 1491 1624 1518; x_wconf 83' lang='grc' dir='ltr'>Καὶ</span> <span class='ocrx_word' id='word_1_501' title='bbox 1646 1489 1708 1518; x_wconf 60' lang='grc' dir='ltr'>ἰδοὺ</span> <span class='ocrx_word' id='word_1_502' title='bbox 1740 1488 1853 1527; x_wconf 73' lang='grc' dir='ltr'>ἔσομαι,</span> 
     </span>
    </p>
   </div>
   <div class='ocr_carea' id='block_1_65' title="bbox 1020 1534 1852 1574">
    <p class='ocr_par' dir='ltr' id='par_1_65' title="bbox 1020 1534 1852 1574">
     <span class='ocr_line' id='line_1_65' title="bbox 1020 1534 1852 1574; baseline -0.001 -11"><span class='ocrx_word' id='word_1_503' title='bbox 1020 1535 1132 1574; x_wconf 75' lang='grc' dir='ltr'>βασιλΞῦ</span> <span class='ocrx_word' id='word_1_504' title='bbox 1149 1535 1295 1572; x_wconf 81' lang='grc' dir='ltr'>Σολομῶν,</span> <span class='ocrx_word' id='word_1_505' title='bbox 1312 1535 1365 1573; x_wconf 77' lang='grc' dir='ltr'>ἐγώ</span> <span class='ocrx_word' id='word_1_506' title='bbox 1378 1545 1408 1562; x_wconf 82' lang='grc' dir='ltr'>τι</span> <span class='ocrx_word' id='word_1_507' title='bbox 1422 1534 1467 1562; x_wconf 85' lang='grc' dir='ltr'>καὶ</span> <span class='ocrx_word' id='word_1_508' title='bbox 1483 1535 1497 1562; x_wconf 84' lang='grc' dir='ltr'><strong>ὁ</strong></span> <span class='ocrx_word' id='word_1_509' title='bbox 1520 1534 1585 1566; x_wconf 88' lang='grc' dir='ltr'>λαός</span> <span class='ocrx_word' id='word_1_510' title='bbox 1615 1546 1677 1572; x_wconf 77' lang='grc' dir='ltr'>μου,</span> <span class='ocrx_word' id='word_1_511' title='bbox 1694 1535 1743 1562; x_wconf 83' lang='grc' dir='ltr'>καὶ</span> <span class='ocrx_word' id='word_1_512' title='bbox 1771 1537 1790 1570; x_wconf 88' lang='grc' dir='ltr'>ἡ</span> <span class='ocrx_word' id='word_1_513' title='bbox 1817 1538 1852 1572; x_wconf 74' lang='grc' dir='ltr'>γῆ</span> 
     </span>
    </p>
   </div>
   <div class='ocr_carea' id='block_1_66' title="bbox 143 1578 1853 1618">
    <p class='ocr_par' dir='ltr' id='par_1_66' title="bbox 143 1578 1853 1618">
     <span class='ocr_line' id='line_1_66' title="bbox 143 1578 1853 1618; baseline -0.002 -10"><span class='ocrx_word' id='word_1_514' title='bbox 143 1591 195 1617; x_wconf 80' lang='grc' dir='ltr'>μου</span> <span class='ocrx_word' id='word_1_515' title='bbox 211 1583 283 1608; x_wconf 77' lang='grc' dir='ltr'>πᾶσα</span> <span class='ocrx_word' id='word_1_516' title='bbox 300 1579 385 1615; x_wconf 76' lang='grc' dir='ltr'>δουλή</span> <span class='ocrx_word' id='word_1_517' title='bbox 404 1590 451 1607; x_wconf 82' lang='grc' dir='ltr'>σου</span> <span class='ocrx_word' id='word_1_518' title='bbox 465 1579 518 1611; x_wconf 67' lang='grc' dir='ltr'>ἕως</span> <span class='ocrx_word' id='word_1_519' title='bbox 534 1581 658 1612; x_wconf 81' lang='grc' dir='ltr'>θανάτου·</span> <span class='ocrx_word' id='word_1_520' title='bbox 675 1581 719 1608; x_wconf 74' lang='grc' dir='ltr'>καὶ</span> <span class='ocrx_word' id='word_1_521' title='bbox 735 1581 838 1616; x_wconf 77' lang='grc' dir='ltr'>εἶρηνεῖ</span> <span class='ocrx_word' id='word_1_522' title='bbox 851 1591 878 1608; x_wconf 83' lang='grc' dir='ltr'>σε</span> <span class='ocrx_word' id='word_1_523' title='bbox 895 1583 965 1608; x_wconf 79' lang='grc' dir='ltr'>πᾶσα</span> <span class='ocrx_word' id='word_1_524' title='bbox 980 1578 1120 1618; x_wconf 67' lang='grc' dir='ltr'>Ἀῥραϐίαο</span> <span class='ocrx_word' id='word_1_525' title='bbox 1138 1579 1234 1618; x_wconf 67' lang='grc' dir='ltr'>ἐάνπερ</span> <span class='ocrx_word' id='word_1_526' title='bbox 1248 1579 1348 1615; x_wconf 83' lang='grc' dir='ltr'>ταύτην</span> <span class='ocrx_word' id='word_1_527' title='bbox 1365 1580 1414 1614; x_wconf 75' lang='grc' dir='ltr'>τὴν</span> <span class='ocrx_word' id='word_1_528' title='bbox 1431 1578 1603 1614; x_wconf 74' lang='grc' dir='ltr'>δικαιοσύνην</span> <span class='ocrx_word' id='word_1_529' title='bbox 1624 1580 1755 1614; x_wconf 71' lang='grc' dir='ltr'>ποιήσεις</span> <span class='ocrx_word' id='word_1_530' title='bbox 1772 1581 1853 1615; x_wconf 74' lang='grc' dir='ltr'>ἡμῖν·</span> 
     </span>
    </p>
   </div>
   <div class='ocr_carea' id='block_1_67' title="bbox 140 1622 1853 1662">
    <p class='ocr_par' dir='ltr' id='par_1_67' title="bbox 140 1622 1853 1662">
     <span class='ocr_line' id='line_1_67' title="bbox 140 1622 1853 1662; baseline -0.001 -10"><span class='ocrx_word' id='word_1_531' title='bbox 140 1623 182 1652; x_wconf 84' lang='grc' dir='ltr'>διὸ</span> <span class='ocrx_word' id='word_1_532' title='bbox 204 1623 321 1661; x_wconf 79' lang='grc' dir='ltr'>διόμεθά</span> <span class='ocrx_word' id='word_1_533' title='bbox 336 1635 383 1651; x_wconf 77' lang='grc' dir='ltr'>σου</span> <span class='ocrx_word' id='word_1_534' title='bbox 397 1625 433 1660; x_wconf 83' lang='grc' dir='ltr'>μὴ</span> <span class='ocrx_word' id='word_1_535' title='bbox 452 1622 629 1662; x_wconf 74' lang='grc' dir='ltr'>παραόλὲψῃς</span> <span class='ocrx_word' id='word_1_536' title='bbox 644 1625 694 1659; x_wconf 74' lang='grc' dir='ltr'>τὴν</span> <span class='ocrx_word' id='word_1_537' title='bbox 708 1624 809 1652; x_wconf 70' lang='grc' dir='ltr'>ἱκεσίαν</span> <span class='ocrx_word' id='word_1_538' title='bbox 825 1626 916 1662; x_wconf 80' lang='grc' dir='ltr'>ἡμῶν,</span> <span class='ocrx_word' id='word_1_539' title='bbox 933 1625 976 1652; x_wconf 82' lang='grc' dir='ltr'>καὶ</span> <span class='ocrx_word' id='word_1_540' title='bbox 995 1625 1033 1661; x_wconf 76' lang='grc' dir='ltr'>μὴ</span> <span class='ocrx_word' id='word_1_541' title='bbox 1050 1624 1260 1661; x_wconf 72' lang='grc' dir='ltr'>ἓξουθινημὲνην</span> <span class='ocrx_word' id='word_1_542' title='bbox 1275 1625 1325 1658; x_wconf 78' lang='grc' dir='ltr'>τὴν</span> <span class='ocrx_word' id='word_1_543' title='bbox 1342 1625 1391 1659; x_wconf 77' lang='grc' dir='ltr'>σὴν</span> <span class='ocrx_word' id='word_1_544' title='bbox 1409 1625 1534 1651; x_wconf 75' lang='grc' dir='ltr'>ὑποτελεῖ</span> <span class='ocrx_word' id='word_1_545' title='bbox 1551 1624 1597 1651; x_wconf 80' lang='grc' dir='ltr'>καὶ</span> <span class='ocrx_word' id='word_1_546' title='bbox 1624 1624 1853 1661; x_wconf 66' lang='grc' dir='ltr'>ὑποτεταγμὲνῄν</span> 
     </span>
    </p>
   </div>
   <div class='ocr_carea' id='block_1_68' title="bbox 139 1667 1853 1708">
    <p class='ocr_par' dir='ltr' id='par_1_68' title="bbox 139 1667 1853 1708">
     <span class='ocr_line' id='line_1_68' title="bbox 139 1667 1853 1708; baseline -0.001 -12"><span class='ocrx_word' id='word_1_547' title='bbox 139 1668 272 1707; x_wconf 69' lang='grc' dir='ltr'>ἐπαρχίαν</span> <span class='ocrx_word' id='word_1_548' title='bbox 291 1667 461 1696; x_wconf 71' lang='grc' dir='ltr'>ἀποτελέσει·</span> <span class='ocrx_word' id='word_1_549' title='bbox 475 1668 515 1696; x_wconf 75' lang='grc' dir='ltr'>ὅτι</span> <span class='ocrx_word' id='word_1_550' title='bbox 530 1679 578 1696; x_wconf 90' lang='grc' dir='ltr'>του</span> <span class='ocrx_word' id='word_1_551' title='bbox 595 1668 681 1696; x_wconf 71' lang='grc' dir='ltr'>ἱκέται</span> <span class='ocrx_word' id='word_1_552' title='bbox 697 1668 787 1705; x_wconf 65' lang='grc' dir='ltr'>ἐσμὲν,</span> <span class='ocrx_word' id='word_1_553' title='bbox 804 1668 856 1708; x_wconf 77' lang='grc' dir='ltr'>ἐγώ</span> <span class='ocrx_word' id='word_1_554' title='bbox 878 1679 907 1696; x_wconf 82' lang='grc' dir='ltr'>τε</span> <span class='ocrx_word' id='word_1_555' title='bbox 930 1669 974 1697; x_wconf 81' lang='grc' dir='ltr'>καὶ</span> <span class='ocrx_word' id='word_1_556' title='bbox 1000 1670 1014 1696; x_wconf 85' lang='grc' dir='ltr'>ὁ</span> <span class='ocrx_word' id='word_1_557' title='bbox 1041 1669 1107 1700; x_wconf 88' lang='grc' dir='ltr'>λαός</span> <span class='ocrx_word' id='word_1_558' title='bbox 1133 1679 1185 1706; x_wconf 87' lang='grc' dir='ltr'>μου</span> <span class='ocrx_word' id='word_1_559' title='bbox 1213 1668 1258 1696; x_wconf 84' lang='grc' dir='ltr'>καὶ</span> <span class='ocrx_word' id='word_1_560' title='bbox 1285 1671 1358 1696; x_wconf 78' lang='grc' dir='ltr'>πᾶσα</span> <span class='ocrx_word' id='word_1_561' title='bbox 1377 1670 1394 1703; x_wconf 83' lang='grc' dir='ltr'>ἡ</span> <span class='ocrx_word' id='word_1_562' title='bbox 1409 1669 1443 1707; x_wconf 86' lang='grc' dir='ltr'>γῆ</span> <span class='ocrx_word' id='word_1_563' title='bbox 1472 1678 1534 1706; x_wconf 82' lang='grc' dir='ltr'>μου·</span> <span class='ocrx_word' id='word_1_564' title='bbox 1552 1667 1686 1707; x_wconf 71' lang='grc' dir='ltr'>ἐῤῥῶσθαι</span> <span class='ocrx_word' id='word_1_565' title='bbox 1708 1669 1757 1696; x_wconf 88' lang='grc' dir='ltr'>τὸν</span> <span class='ocrx_word' id='word_1_566' title='bbox 1786 1669 1853 1706; x_wconf 70' lang='grc' dir='ltr'>ἐμὸν</span> 
     </span>
    </p>
   </div>
   <div class='ocr_carea' id='block_1_69' title="bbox 138 1711 424 1751">
    <p class='ocr_par' dir='ltr' id='par_1_69' title="bbox 138 1711 424 1751">
     <span class='ocr_line' id='line_1_69' title="bbox 138 1711 424 1751; baseline 0.003 -11"><span class='ocrx_word' id='word_1_567' title='bbox 138 1713 238 1751; x_wconf 80' lang='grc' dir='ltr'>Κύριον</span> <span class='ocrx_word' id='word_1_568' title='bbox 254 1711 299 1740; x_wconf 73' lang='grc' dir='ltr'>διὰ</span> <span class='ocrx_word' id='word_1_569' title='bbox 314 1713 424 1744; x_wconf 86' lang='grc' dir='ltr'>παντός.</span> 
     </span>
    </p>
   </div>
   <div class='ocr_carea' id='block_1_70' title="bbox 174 1777 1000 1814">
    <p class='ocr_par' dir='ltr' id='par_1_70' title="bbox 174 1777 1000 1814">
     <span class='ocr_line' id='line_1_70' title="bbox 174 1777 1000 1814; baseline 0.001 -10"><span class='ocrx_word' id='word_1_570' title='bbox 174 1778 232 1813; x_wconf 87' lang='lat' dir='ltr'>Ego</span> <span class='ocrx_word' id='word_1_571' title='bbox 248 1777 397 1810; x_wconf 88' lang='lat' dir='ltr'>Salomon,</span> <span class='ocrx_word' id='word_1_572' title='bbox 423 1785 490 1805; x_wconf 89' lang='lat' dir='ltr'>cum</span> <span class='ocrx_word' id='word_1_573' title='bbox 517 1777 655 1813; x_wconf 84' lang='lat' dir='ltr'>legissem</span> <span class='ocrx_word' id='word_1_574' title='bbox 680 1777 802 1812; x_wconf 85' lang='lat' dir='ltr'>litterae,</span> <span class='ocrx_word' id='word_1_575' title='bbox 820 1780 848 1805; x_wconf 90' lang='lat' dir='ltr'>et</span> <span class='ocrx_word' id='word_1_576' title='bbox 872 1778 963 1814; x_wconf 83' lang='lat' dir='ltr'>expli-</span> <span class='ocrx_word' id='word_1_577' title='bbox 979 1778 1000 1812; x_wconf 74' lang='grc' dir='ltr'>ί]</span> 
     </span>
    </p>
   </div>
   <div class='ocr_carea' id='block_1_71' title="bbox 139 1821 960 1858">
    <p class='ocr_par' dir='ltr' id='par_1_71' title="bbox 139 1821 960 1858">
     <span class='ocr_line' id='line_1_71' title="bbox 139 1821 960 1858; baseline 0 -8"><span class='ocrx_word' id='word_1_578' title='bbox 139 1830 252 1850; x_wconf 80' lang='lat' dir='ltr'>cessem</span> <span class='ocrx_word' id='word_1_579' title='bbox 268 1830 318 1849; x_wconf 87' lang='lat' dir='ltr'>eas</span> <span class='ocrx_word' id='word_1_580' title='bbox 333 1822 399 1849; x_wconf 88' lang='lat' dir='ltr'>dedi</span> <span class='ocrx_word' id='word_1_581' title='bbox 415 1821 522 1858; x_wconf 87' lang='lat' dir='ltr'>populo</span> <span class='ocrx_word' id='word_1_582' title='bbox 539 1830 614 1856; x_wconf 87' lang='lat' dir='ltr'>meo,</span> <span class='ocrx_word' id='word_1_583' title='bbox 635 1822 735 1850; x_wconf 88' lang='lat' dir='ltr'>dicens</span> <span class='ocrx_word' id='word_1_584' title='bbox 751 1822 775 1849; x_wconf 89' lang='lat' dir='ltr'>ei</span> <span class='ocrx_word' id='word_1_585' title='bbox 789 1831 796 1850; x_wconf 86' lang='lat'><strong>:</strong></span> <span class='ocrx_word' id='word_1_586' title='bbox 808 1823 878 1850; x_wconf 85' lang='lat' dir='ltr'>Post</span> <span class='ocrx_word' id='word_1_587' title='bbox 894 1822 960 1850; x_wconf 88' lang='lat' dir='ltr'>dies</span> 
     </span>
    </p>
   </div>
   <div class='ocr_carea' id='block_1_72' title="bbox 138 1867 961 1902">
    <p class='ocr_par' dir='ltr' id='par_1_72' title="bbox 138 1867 961 1902">
     <span class='ocr_line' id='line_1_72' title="bbox 138 1867 961 1902; baseline 0.001 -9"><span class='ocrx_word' id='word_1_588' title='bbox 138 1869 262 1902; x_wconf 84' lang='lat' dir='ltr'>septem,</span> <span class='ocrx_word' id='word_1_589' title='bbox 279 1867 307 1893; x_wconf 92' lang='lat' dir='ltr'>in</span> <span class='ocrx_word' id='word_1_590' title='bbox 337 1867 507 1894; x_wconf 82' lang='lat' dir='ltr'>memoriam</span> <span class='ocrx_word' id='word_1_591' title='bbox 538 1867 687 1894; x_wconf 78' lang='lat' dir='ltr'>revocabis</span> <span class='ocrx_word' id='word_1_592' title='bbox 711 1867 782 1894; x_wconf 91' lang='lat' dir='ltr'>mihi</span> <span class='ocrx_word' id='word_1_593' title='bbox 807 1867 961 1902; x_wconf 85' lang='lat' dir='ltr'>epistolam</span> 
     </span>
    </p>
   </div>
   <div class='ocr_carea' id='block_1_73' title="bbox 139 1911 963 1946">
    <p class='ocr_par' dir='ltr' id='par_1_73' title="bbox 139 1911 963 1946">
     <span class='ocr_line' id='line_1_73' title="bbox 139 1911 963 1946; baseline 0 -8"><span class='ocrx_word' id='word_1_594' title='bbox 139 1911 224 1939; x_wconf 86' lang='lat' dir='ltr'>hanc.</span> <span class='ocrx_word' id='word_1_595' title='bbox 241 1912 277 1939; x_wconf 85' lang='lat' dir='ltr'>Et</span> <span class='ocrx_word' id='word_1_596' title='bbox 292 1911 525 1939; x_wconf 87' lang='lat' dir='ltr'>eratJerusalem</span> <span class='ocrx_word' id='word_1_597' title='bbox 535 1911 678 1938; x_wconf 76' lang='lat' dir='ltr'>aedificata</span> <span class='ocrx_word' id='word_1_598' title='bbox 688 1914 716 1938; x_wconf 90' lang='lat' dir='ltr'>et</span> <span class='ocrx_word' id='word_1_599' title='bbox 731 1911 875 1946; x_wconf 85' lang='lat' dir='ltr'>templum</span> <span class='ocrx_word' id='word_1_600' title='bbox 888 1920 963 1939; x_wconf 90' lang='lat' dir='ltr'>com-</span> 
     </span>
    </p>
   </div>
   <div class='ocr_carea' id='block_1_74' title="bbox 137 1955 961 1992">
    <p class='ocr_par' dir='ltr' id='par_1_74' title="bbox 137 1955 961 1992">
     <span class='ocr_line' id='line_1_74' title="bbox 137 1955 961 1992; baseline 0 -9"><span class='ocrx_word' id='word_1_601' title='bbox 137 1956 284 1992; x_wconf 89' lang='lat' dir='ltr'>plebatur.</span> <span class='ocrx_word' id='word_1_602' title='bbox 301 1956 335 1983; x_wconf 87' lang='lat' dir='ltr'>Et</span> <span class='ocrx_word' id='word_1_603' title='bbox 351 1959 413 1983; x_wconf 87' lang='lat' dir='ltr'>erat</span> <span class='ocrx_word' id='word_1_604' title='bbox 429 1955 505 1991; x_wconf 82' lang='lat' dir='ltr'>lapis</span> <span class='ocrx_word' id='word_1_605' title='bbox 520 1955 682 1992; x_wconf 83' lang='lat' dir='ltr'>singularis</span> <span class='ocrx_word' id='word_1_606' title='bbox 698 1964 824 1992; x_wconf 85' lang='lat' dir='ltr'>magnus</span> <span class='ocrx_word' id='word_1_607' title='bbox 840 1956 961 1989; x_wconf 89' lang='lat' dir='ltr'>electus,</span> 
     </span>
    </p>
   </div>
   <div class='ocr_carea' id='block_1_75' title="bbox 138 2000 962 2036">
    <p class='ocr_par' dir='ltr' id='par_1_75' title="bbox 138 2000 962 2036">
     <span class='ocr_line' id='line_1_75' title="bbox 138 2000 962 2036; baseline 0 -9"><span class='ocrx_word' id='word_1_608' title='bbox 138 2008 226 2036; x_wconf 88' lang='lat' dir='ltr'>quem</span> <span class='ocrx_word' id='word_1_609' title='bbox 241 2000 372 2028; x_wconf 85' lang='lat' dir='ltr'>volebam</span> <span class='ocrx_word' id='word_1_610' title='bbox 389 2008 495 2036; x_wconf 88' lang='lat' dir='ltr'>ponere</span> <span class='ocrx_word' id='word_1_611' title='bbox 510 2008 600 2036; x_wconf 90' lang='lat' dir='ltr'>super</span> <span class='ocrx_word' id='word_1_612' title='bbox 614 2003 703 2036; x_wconf 81' lang='lat' dir='ltr'>caput</span> <span class='ocrx_word' id='word_1_613' title='bbox 718 2001 818 2036; x_wconf 84' lang='lat' dir='ltr'>anguli</span> <span class='ocrx_word' id='word_1_614' title='bbox 834 2000 962 2036; x_wconf 88' lang='lat' dir='ltr'>comple-</span> 
     </span>
    </p>
   </div>
   <div class='ocr_carea' id='block_1_76' title="bbox 139 2043 963 2080">
    <p class='ocr_par' dir='ltr' id='par_1_76' title="bbox 139 2043 963 2080">
     <span class='ocr_line' id='line_1_76' title="bbox 139 2043 963 2080; baseline 0.001 -10"><span class='ocrx_word' id='word_1_615' title='bbox 139 2043 230 2071; x_wconf 84' lang='lat' dir='ltr'>menti</span> <span class='ocrx_word' id='word_1_616' title='bbox 247 2045 322 2080; x_wconf 82' lang='lat' dir='ltr'>ejus;</span> <span class='ocrx_word' id='word_1_617' title='bbox 339 2046 368 2071; x_wconf 86' lang='lat' dir='ltr'>et</span> <span class='ocrx_word' id='word_1_618' title='bbox 383 2051 485 2071; x_wconf 88' lang='lat' dir='ltr'>omnes</span> <span class='ocrx_word' id='word_1_619' title='bbox 501 2044 626 2079; x_wconf 85' lang='lat' dir='ltr'>operarii</span> <span class='ocrx_word' id='word_1_620' title='bbox 654 2047 682 2072; x_wconf 88' lang='lat' dir='ltr'>et</span> <span class='ocrx_word' id='word_1_621' title='bbox 706 2044 801 2072; x_wconf 86' lang='lat' dir='ltr'>cuncti</span> <span class='ocrx_word' id='word_1_622' title='bbox 818 2045 963 2072; x_wconf 64' lang='lat' dir='ltr'>daemones</span> 
     </span>
    </p>
   </div>
   <div class='ocr_carea' id='block_1_77' title="bbox 139 2087 963 2123">
    <p class='ocr_par' dir='ltr' id='par_1_77' title="bbox 139 2087 963 2123">
     <span class='ocr_line' id='line_1_77' title="bbox 139 2087 963 2123; baseline 0.001 -8"><span class='ocrx_word' id='word_1_623' title='bbox 139 2087 352 2115; x_wconf 85' lang='lat' dir='ltr'>eollaborantes</span> <span class='ocrx_word' id='word_1_624' title='bbox 378 2090 521 2115; x_wconf 87' lang='lat' dir='ltr'>venerunt</span> <span class='ocrx_word' id='word_1_625' title='bbox 546 2089 582 2116; x_wconf 85' lang='lat' dir='ltr'>ad</span> <span class='ocrx_word' id='word_1_626' title='bbox 607 2088 672 2123; x_wconf 90' lang='lat' dir='ltr'>hoc,</span> <span class='ocrx_word' id='word_1_627' title='bbox 694 2090 726 2115; x_wconf 91' lang='lat' dir='ltr'>ut</span> <span class='ocrx_word' id='word_1_628' title='bbox 750 2097 869 2116; x_wconf 89' lang='lat' dir='ltr'>sursum</span> <span class='ocrx_word' id='word_1_629' title='bbox 887 2088 963 2116; x_wconf 85' lang='lat' dir='ltr'>leva-</span> 
     </span>
    </p>
   </div>
   <div class='ocr_carea' id='block_1_78' title="bbox 141 2132 963 2168">
    <p class='ocr_par' dir='ltr' id='par_1_78' title="bbox 141 2132 963 2168">
     <span class='ocr_line' id='line_1_78' title="bbox 141 2132 963 2168; baseline 0.001 -9"><span class='ocrx_word' id='word_1_630' title='bbox 141 2134 206 2159; x_wconf 90' lang='lat' dir='ltr'>rent</span> <span class='ocrx_word' id='word_1_631' title='bbox 221 2132 358 2167; x_wconf 85' lang='lat' dir='ltr'>lapidem,</span> <span class='ocrx_word' id='word_1_632' title='bbox 375 2135 554 2168; x_wconf 84' lang='lat' dir='ltr'>exponerent</span> <span class='ocrx_word' id='word_1_633' title='bbox 575 2141 663 2168; x_wconf 88' lang='lat' dir='ltr'>super</span> <span class='ocrx_word' id='word_1_634' title='bbox 684 2132 873 2167; x_wconf 83' lang='lat' dir='ltr'>pinnaculum</span> <span class='ocrx_word' id='word_1_635' title='bbox 889 2135 963 2160; x_wconf 87' lang='lat' dir='ltr'>tem-</span> 
     </span>
    </p>
   </div>
   <div class='ocr_carea' id='block_1_79' title="bbox 138 2176 965 2213">
    <p class='ocr_par' dir='ltr' id='par_1_79' title="bbox 138 2176 965 2213">
     <span class='ocr_line' id='line_1_79' title="bbox 138 2176 965 2213; baseline 0.001 -10"><span class='ocrx_word' id='word_1_636' title='bbox 138 2176 180 2213; x_wconf 90' lang='lat' dir='ltr'>pli</span> <span class='ocrx_word' id='word_1_637' title='bbox 196 2176 301 2208; x_wconf 82' lang='lat' dir='ltr'>sancti,</span> <span class='ocrx_word' id='word_1_638' title='bbox 319 2178 346 2204; x_wconf 90' lang='lat' dir='ltr'>et</span> <span class='ocrx_word' id='word_1_639' title='bbox 372 2185 428 2203; x_wconf 89' lang='lat' dir='ltr'>non</span> <span class='ocrx_word' id='word_1_640' title='bbox 457 2179 612 2212; x_wconf 74' lang='lat' dir='ltr'>potuerant</span> <span class='ocrx_word' id='word_1_641' title='bbox 634 2185 817 2205; x_wconf 76' lang='lat' dir='ltr'>commovere</span> <span class='ocrx_word' id='word_1_642' title='bbox 841 2186 920 2210; x_wconf 76' lang='lat' dir='ltr'>eum,</span> <span class='ocrx_word' id='word_1_643' title='bbox 936 2180 965 2204; x_wconf 87' lang='lat' dir='ltr'>et</span> 
     </span>
    </p>
   </div>
   <div class='ocr_carea' id='block_1_80' title="bbox 138 2221 965 2258">
    <p class='ocr_par' dir='ltr' id='par_1_80' title="bbox 138 2221 965 2258">
     <span class='ocr_line' id='line_1_80' title="bbox 138 2221 965 2258; baseline 0.001 -10"><span class='ocrx_word' id='word_1_644' title='bbox 138 2228 245 2257; x_wconf 87' lang='lat' dir='ltr'>ponere</span> <span class='ocrx_word' id='word_1_645' title='bbox 262 2229 351 2256; x_wconf 85' lang='lat' dir='ltr'>super</span> <span class='ocrx_word' id='word_1_646' title='bbox 366 2221 507 2257; x_wconf 83' lang='lat' dir='ltr'>angulum</span> <span class='ocrx_word' id='word_1_647' title='bbox 536 2224 750 2257; x_wconf 80' lang='lat' dir='ltr'>praeparatum;</span> <span class='ocrx_word' id='word_1_648' title='bbox 773 2224 834 2249; x_wconf 86' lang='lat' dir='ltr'>erat</span> <span class='ocrx_word' id='word_1_649' title='bbox 856 2222 965 2258; x_wconf 88' lang='lat' dir='ltr'>quippe</span> 
     </span>
    </p>
   </div>
   <div class='ocr_carea' id='block_1_81' title="bbox 138 2265 964 2302">
    <p class='ocr_par' dir='ltr' id='par_1_81' title="bbox 138 2265 964 2302">
     <span class='ocr_line' id='line_1_81' title="bbox 138 2265 964 2302; baseline 0.002 -10"><span class='ocrx_word' id='word_1_650' title='bbox 138 2265 213 2301; x_wconf 80' lang='lat' dir='ltr'>lapis</span> <span class='ocrx_word' id='word_1_651' title='bbox 223 2265 278 2293; x_wconf 85' lang='lat' dir='ltr'>iste</span> <span class='ocrx_word' id='word_1_652' title='bbox 291 2273 416 2301; x_wconf 82' lang='lat' dir='ltr'>magnus</span> <span class='ocrx_word' id='word_1_653' title='bbox 427 2265 553 2299; x_wconf 85' lang='lat' dir='ltr'>valde,et</span> <span class='ocrx_word' id='word_1_654' title='bbox 564 2266 772 2294; x_wconf 88' lang='lat' dir='ltr'>accommodus</span> <span class='ocrx_word' id='word_1_655' title='bbox 784 2267 812 2293; x_wconf 91' lang='lat' dir='ltr'>in</span> <span class='ocrx_word' id='word_1_656' title='bbox 823 2266 964 2302; x_wconf 83' lang='lat' dir='ltr'>angulum</span> 
     </span>
    </p>
   </div>
   <div class='ocr_carea' id='block_1_82' title="bbox 139 2308 964 2346">
    <p class='ocr_par' dir='ltr' id='par_1_82' title="bbox 139 2308 964 2346">
     <span class='ocr_line' id='line_1_82' title="bbox 139 2308 964 2346; baseline 0.002 -9"><span class='ocrx_word' id='word_1_657' title='bbox 139 2309 253 2345; x_wconf 88' lang='lat' dir='ltr'>templi.</span> <span class='ocrx_word' id='word_1_658' title='bbox 271 2310 306 2337; x_wconf 86' lang='lat' dir='ltr'>Et</span> <span class='ocrx_word' id='word_1_659' title='bbox 321 2312 387 2345; x_wconf 86' lang='lat' dir='ltr'>post</span> <span class='ocrx_word' id='word_1_660' title='bbox 403 2309 464 2337; x_wconf 90' lang='lat' dir='ltr'>dies</span> <span class='ocrx_word' id='word_1_661' title='bbox 486 2313 610 2345; x_wconf 75' lang='lat' dir='ltr'>septem,</span> <span class='ocrx_word' id='word_1_662' title='bbox 637 2311 806 2338; x_wconf 85' lang='lat' dir='ltr'>recordatus</span> <span class='ocrx_word' id='word_1_663' title='bbox 832 2308 964 2346; x_wconf 82' lang='lat' dir='ltr'>epistolae</span> 
     </span>
    </p>
   </div>
   <div class='ocr_carea' id='block_1_83' title="bbox 137 2353 965 2390">
    <p class='ocr_par' dir='ltr' id='par_1_83' title="bbox 137 2353 965 2390">
     <span class='ocr_line' id='line_1_83' title="bbox 137 2353 965 2390; baseline 0.004 -10"><span class='ocrx_word' id='word_1_664' title='bbox 137 2353 242 2381; x_wconf 88' lang='lat' dir='ltr'>Adaris</span> <span class='ocrx_word' id='word_1_665' title='bbox 271 2353 347 2389; x_wconf 84' lang='lat' dir='ltr'>regis</span> <span class='ocrx_word' id='word_1_666' title='bbox 378 2354 517 2386; x_wconf 82' lang='lat' dir='ltr'>Arabum,</span> <span class='ocrx_word' id='word_1_667' title='bbox 532 2354 631 2382; x_wconf 84' lang='lat' dir='ltr'>vocavi</span> <span class='ocrx_word' id='word_1_668' title='bbox 661 2363 786 2390; x_wconf 90' lang='lat' dir='ltr'>puerum</span> <span class='ocrx_word' id='word_1_669' title='bbox 813 2362 911 2382; x_wconf 89' lang='lat' dir='ltr'>meum</span> <span class='ocrx_word' id='word_1_670' title='bbox 937 2357 965 2383; x_wconf 88' lang='lat' dir='ltr'>et</span> 
     </span>
    </p>
   </div>
   <div class='ocr_carea' id='block_1_84' title="bbox 139 2397 965 2434">
    <p class='ocr_par' dir='ltr' id='par_1_84' title="bbox 139 2397 965 2434">
     <span class='ocr_line' id='line_1_84' title="bbox 139 2397 965 2434; baseline 0.004 -10"><span class='ocrx_word' id='word_1_671' title='bbox 139 2397 198 2424; x_wconf 77' lang='lat' dir='ltr'>dixi</span> <span class='ocrx_word' id='word_1_672' title='bbox 211 2398 353 2434; x_wconf 91' lang='lat' dir='ltr'>:Dispene</span> <span class='ocrx_word' id='word_1_673' title='bbox 372 2398 518 2426; x_wconf 86' lang='lat' dir='ltr'>camelum</span> <span class='ocrx_word' id='word_1_674' title='bbox 532 2401 630 2433; x_wconf 64' lang='lat' dir='ltr'>tuum,</span> <span class='ocrx_word' id='word_1_675' title='bbox 653 2401 682 2426; x_wconf 86' lang='lat' dir='ltr'>et</span> <span class='ocrx_word' id='word_1_676' title='bbox 704 2408 789 2427; x_wconf 87' lang='lat' dir='ltr'>sume</span> <span class='ocrx_word' id='word_1_677' title='bbox 805 2402 902 2427; x_wconf 88' lang='lat' dir='ltr'>tecum</span> <span class='ocrx_word' id='word_1_678' title='bbox 923 2402 965 2427; x_wconf 87' lang='lat' dir='ltr'>ut-</span> 
     </span>
    </p>
   </div>
   <div class='ocr_carea' id='block_1_85' title="bbox 140 2442 963 2478">
    <p class='ocr_par' dir='ltr' id='par_1_85' title="bbox 140 2442 963 2478">
     <span class='ocr_line' id='line_1_85' title="bbox 140 2442 963 2478; baseline 0.004 -9"><span class='ocrx_word' id='word_1_679' title='bbox 140 2450 208 2475; x_wconf 85' lang='lat' dir='ltr'>rem;</span> <span class='ocrx_word' id='word_1_680' title='bbox 225 2442 323 2478; x_wconf 86' lang='lat' dir='ltr'>accipe</span> <span class='ocrx_word' id='word_1_681' title='bbox 335 2445 363 2470; x_wconf 85' lang='lat' dir='ltr'>et</span> <span class='ocrx_word' id='word_1_682' title='bbox 373 2442 502 2478; x_wconf 81' lang='lat' dir='ltr'>sigillum</span> <span class='ocrx_word' id='word_1_683' title='bbox 523 2443 588 2476; x_wconf 87' lang='lat' dir='ltr'>hoc,</span> <span class='ocrx_word' id='word_1_684' title='bbox 601 2445 629 2470; x_wconf 88' lang='lat' dir='ltr'>et</span> <span class='ocrx_word' id='word_1_685' title='bbox 641 2444 713 2471; x_wconf 75' lang='lat' dir='ltr'>vade</span> <span class='ocrx_word' id='word_1_686' title='bbox 728 2444 756 2471; x_wconf 89' lang='lat' dir='ltr'>in</span> <span class='ocrx_word' id='word_1_687' title='bbox 767 2444 915 2478; x_wconf 89' lang='lat' dir='ltr'>Arabiam,</span> <span class='ocrx_word' id='word_1_688' title='bbox 927 2445 963 2472; x_wconf 86' lang='lat' dir='ltr'>ad</span> 
     </span>
    </p>
   </div>
   <div class='ocr_carea' id='block_1_86' title="bbox 138 2485 966 2524">
    <p class='ocr_par' dir='ltr' id='par_1_86' title="bbox 138 2485 966 2524">
     <span class='ocr_line' id='line_1_86' title="bbox 138 2485 966 2524; baseline 0.005 -11"><span class='ocrx_word' id='word_1_689' title='bbox 138 2485 237 2513; x_wconf 88' lang='lat' dir='ltr'>locum</span> <span class='ocrx_word' id='word_1_690' title='bbox 267 2487 295 2514; x_wconf 89' lang='lat' dir='ltr'>in</span> <span class='ocrx_word' id='word_1_691' title='bbox 322 2495 378 2522; x_wconf 89' lang='lat' dir='ltr'>quo</span> <span class='ocrx_word' id='word_1_692' title='bbox 408 2487 501 2523; x_wconf 86' lang='lat' dir='ltr'>spirat</span> <span class='ocrx_word' id='word_1_693' title='bbox 527 2487 649 2523; x_wconf 89' lang='lat' dir='ltr'>spiritus</span> <span class='ocrx_word' id='word_1_694' title='bbox 680 2488 785 2521; x_wconf 84' lang='lat' dir='ltr'>malus,</span> <span class='ocrx_word' id='word_1_695' title='bbox 806 2491 835 2516; x_wconf 86' lang='lat' dir='ltr'>et</span> <span class='ocrx_word' id='word_1_696' title='bbox 863 2497 966 2524; x_wconf 87' lang='lat' dir='ltr'>appre-</span> 
     </span>
    </p>
   </div>
   <div class='ocr_carea' id='block_1_87' title="bbox 140 2526 966 2566">
    <p class='ocr_par' dir='ltr' id='par_1_87' title="bbox 140 2526 966 2566">
     <span class='ocr_line' id='line_1_87' title="bbox 140 2526 966 2566; baseline 0.006 -10"><span class='ocrx_word' id='word_1_697' title='bbox 140 2529 273 2557; x_wconf 86' lang='lat' dir='ltr'>hendens</span> <span class='ocrx_word' id='word_1_698' title='bbox 299 2533 405 2566; x_wconf 85' lang='lat' dir='ltr'>utrem,</span> <span class='ocrx_word' id='word_1_699' title='bbox 429 2534 457 2558; x_wconf 88' lang='lat' dir='ltr'>et</span> <span class='ocrx_word' id='word_1_700' title='bbox 483 2531 625 2559; x_wconf 81' lang='lat' dir='ltr'>annulum</span> <span class='ocrx_word' id='word_1_701' title='bbox 647 2534 715 2560; x_wconf 88' lang='lat' dir='ltr'>ante</span> <span class='ocrx_word' id='word_1_702' title='bbox 730 2526 763 2560; x_wconf 79' lang='lat' dir='ltr'>es</span> <span class='ocrx_word' id='word_1_703' title='bbox 775 2533 849 2560; x_wconf 79' lang='lat' dir='ltr'>utris</span> <span class='ocrx_word' id='word_1_704' title='bbox 865 2534 901 2561; x_wconf 82' lang='lat' dir='ltr'>ad</span> <span class='ocrx_word' id='word_1_705' title='bbox 918 2537 966 2561; x_wconf 74' lang='lat' dir='ltr'>ﬂa-</span> 
     </span>
    </p>
   </div>
   <div class='ocr_carea' id='block_1_88' title="bbox 140 2574 966 2612">
    <p class='ocr_par' dir='ltr' id='par_1_88' title="bbox 140 2574 966 2612">
     <span class='ocr_line' id='line_1_88' title="bbox 140 2574 966 2612; baseline 0.006 -12"><span class='ocrx_word' id='word_1_706' title='bbox 140 2576 203 2601; x_wconf 84' lang='lat' dir='ltr'>tqu</span> <span class='ocrx_word' id='word_1_707' title='bbox 229 2574 362 2608; x_wconf 86' lang='lat' dir='ltr'>spiritus,</span> <span class='ocrx_word' id='word_1_708' title='bbox 386 2583 452 2603; x_wconf 90' lang='lat' dir='ltr'>cum</span> <span class='ocrx_word' id='word_1_709' title='bbox 478 2579 565 2604; x_wconf 89' lang='lat' dir='ltr'>vento</span> <span class='ocrx_word' id='word_1_710' title='bbox 589 2577 775 2604; x_wconf 89' lang='lat' dir='ltr'>distendetur</span> <span class='ocrx_word' id='word_1_711' title='bbox 804 2580 878 2612; x_wconf 84' lang='lat' dir='ltr'>uter,</span> <span class='ocrx_word' id='word_1_712' title='bbox 894 2580 966 2606; x_wconf 87' lang='lat' dir='ltr'>tunc</span> 
     </span>
    </p>
   </div>
   <div class='ocr_carea' id='block_1_89' title="bbox 141 2617 965 2658">
    <p class='ocr_par' dir='ltr' id='par_1_89' title="bbox 141 2617 965 2658">
     <span class='ocr_line' id='line_1_89' title="bbox 141 2617 965 2658; baseline 0.007 -15"><span class='ocrx_word' id='word_1_713' title='bbox 141 2617 288 2653; x_wconf 87' lang='lat' dir='ltr'>intelliges</span> <span class='ocrx_word' id='word_1_714' title='bbox 314 2619 417 2646; x_wconf 84' lang='lat' dir='ltr'>adesse</span> <span class='ocrx_word' id='word_1_715' title='bbox 446 2619 644 2655; x_wconf 78' lang='lat' dir='ltr'>spiritumzet</span> <span class='ocrx_word' id='word_1_716' title='bbox 668 2621 822 2649; x_wconf 79' lang='lat' dir='ltr'>confestim</span> <span class='ocrx_word' id='word_1_717' title='bbox 845 2622 965 2658; x_wconf 79' lang='lat' dir='ltr'>alligato</span> 
     </span>
    </p>
   </div>
   <div class='ocr_carea' id='block_1_90' title="bbox 141 2662 966 2702">
    <p class='ocr_par' dir='ltr' id='par_1_90' title="bbox 141 2662 966 2702">
     <span class='ocr_line' id='line_1_90' title="bbox 141 2662 966 2702; baseline 0.008 -14"><span class='ocrx_word' id='word_1_718' title='bbox 141 2662 217 2689; x_wconf 85' lang='lat' dir='ltr'>utris</span> <span class='ocrx_word' id='word_1_719' title='bbox 230 2669 289 2695; x_wconf 86' lang='lat' dir='ltr'>ore,</span> <span class='ocrx_word' id='word_1_720' title='bbox 307 2662 391 2698; x_wconf 82' lang='lat' dir='ltr'>signa</span> <span class='ocrx_word' id='word_1_721' title='bbox 412 2663 484 2691; x_wconf 91' lang='lat' dir='ltr'>illud</span> <span class='ocrx_word' id='word_1_722' title='bbox 500 2664 598 2699; x_wconf 88' lang='lat' dir='ltr'>sigillo</span> <span class='ocrx_word' id='word_1_723' title='bbox 625 2665 677 2693; x_wconf 79' lang='lat' dir='ltr'>hor.</span> <span class='ocrx_word' id='word_1_724' title='bbox 695 2668 723 2693; x_wconf 89' lang='lat' dir='ltr'>et</span> <span class='ocrx_word' id='word_1_725' title='bbox 743 2665 862 2702; x_wconf 88' lang='lat' dir='ltr'>impone</span> <span class='ocrx_word' id='word_1_726' title='bbox 877 2675 966 2702; x_wconf 86' lang='lat' dir='ltr'>super</span> 
     </span>
    </p>
   </div>
   <div class='ocr_carea' id='block_1_91' title="bbox 1054 1775 1854 1814">
    <p class='ocr_par' dir='ltr' id='par_1_91' title="bbox 1054 1775 1854 1814">
     <span class='ocr_line' id='line_1_91' title="bbox 1054 1775 1854 1814; baseline -0.003 -9"><span class='ocrx_word' id='word_1_727' title='bbox 1054 1777 1124 1814; x_wconf 84' lang='grc' dir='ltr'>Ἐγὼ</span> <span class='ocrx_word' id='word_1_728' title='bbox 1151 1776 1180 1804; x_wconf 76' lang='grc' dir='ltr'>δὶ</span> <span class='ocrx_word' id='word_1_729' title='bbox 1214 1775 1349 1813; x_wconf 80' lang='grc' dir='ltr'>Σολομῶν</span> <span class='ocrx_word' id='word_1_730' title='bbox 1384 1776 1515 1814; x_wconf 64' lang='grc' dir='ltr'>ἀναγνοὺς</span> <span class='ocrx_word' id='word_1_731' title='bbox 1542 1777 1590 1810; x_wconf 80' lang='grc' dir='ltr'>τήν</span> <span class='ocrx_word' id='word_1_732' title='bbox 1622 1775 1775 1810; x_wconf 68' lang='grc' dir='ltr'>ἐπιστολήν</span> <span class='ocrx_word' id='word_1_733' title='bbox 1808 1776 1854 1803; x_wconf 72' lang='grc' dir='ltr'>καῖ</span> 
     </span>
    </p>
   </div>
   <div class='ocr_carea' id='block_1_92' title="bbox 1017 1820 1852 1858">
    <p class='ocr_par' dir='ltr' id='par_1_92' title="bbox 1017 1820 1852 1858">
     <span class='ocr_line' id='line_1_92' title="bbox 1017 1820 1852 1858; baseline -0.001 -10"><span class='ocrx_word' id='word_1_734' title='bbox 1017 1821 1167 1856; x_wconf 78' lang='grc' dir='ltr'>ἀναπτύξας</span> <span class='ocrx_word' id='word_1_735' title='bbox 1185 1821 1268 1856; x_wconf 75' lang='grc' dir='ltr'>αὐτὴν</span> <span class='ocrx_word' id='word_1_736' title='bbox 1282 1820 1409 1848; x_wconf 68' lang='grc' dir='ltr'>ἀπέδωκα</span> <span class='ocrx_word' id='word_1_737' title='bbox 1422 1820 1498 1856; x_wconf 81' lang='grc' dir='ltr'>τῷλα</span> <span class='ocrx_word' id='word_1_738' title='bbox 1514 1823 1536 1856; x_wconf 84' lang='grc' dir='ltr'>ᾦ</span> <span class='ocrx_word' id='word_1_739' title='bbox 1561 1831 1613 1858; x_wconf 78' lang='grc' dir='ltr'>μου</span> <span class='ocrx_word' id='word_1_740' title='bbox 1637 1820 1723 1848; x_wconf 73' lang='grc' dir='ltr'>εἰπὼν</span> <span class='ocrx_word' id='word_1_741' title='bbox 1752 1821 1832 1856; x_wconf 71' lang='grc' dir='ltr'>αὐτῷ</span> <span class='ocrx_word' id='word_1_742' title='bbox 1845 1830 1852 1837; x_wconf 81' lang='grc'>⁶</span> 
     </span>
    </p>
   </div>
   <div class='ocr_carea' id='block_1_93' title="bbox 1019 1864 1853 1903">
    <p class='ocr_par' dir='ltr' id='par_1_93' title="bbox 1019 1864 1853 1903">
     <span class='ocr_line' id='line_1_93' title="bbox 1019 1864 1853 1903; baseline -0.002 -10"><span class='ocrx_word' id='word_1_743' title='bbox 1019 1866 1086 1902; x_wconf 75' lang='grc' dir='ltr'>μετὰ</span> <span class='ocrx_word' id='word_1_744' title='bbox 1101 1866 1167 1893; x_wconf 75' lang='grc' dir='ltr'>ἑτιτᾶ</span> <span class='ocrx_word' id='word_1_745' title='bbox 1190 1866 1294 1903; x_wconf 76' lang='grc' dir='ltr'>ἡμέρας</span> <span class='ocrx_word' id='word_1_746' title='bbox 1321 1865 1488 1901; x_wconf 63' lang='grc' dir='ltr'>ὑπομνήσεις</span> <span class='ocrx_word' id='word_1_747' title='bbox 1513 1875 1546 1902; x_wconf 73' lang='grc' dir='ltr'>με</span> <span class='ocrx_word' id='word_1_748' title='bbox 1573 1865 1636 1902; x_wconf 75' lang='grc' dir='ltr'>περὶ</span> <span class='ocrx_word' id='word_1_749' title='bbox 1659 1868 1710 1899; x_wconf 78' lang='grc' dir='ltr'>τῆς</span> <span class='ocrx_word' id='word_1_750' title='bbox 1741 1864 1853 1892; x_wconf 74' lang='grc' dir='ltr'>ἐπιστο-</span> 
     </span>
    </p>
   </div>
   <div class='ocr_carea' id='block_1_94' title="bbox 1019 1907 1854 1946">
    <p class='ocr_par' dir='ltr' id='par_1_94' title="bbox 1019 1907 1854 1946">
     <span class='ocr_line' id='line_1_94' title="bbox 1019 1907 1854 1946; baseline -0.002 -9"><span class='ocrx_word' id='word_1_751' title='bbox 1019 1910 1069 1945; x_wconf 79' lang='grc' dir='ltr'>λῆς</span> <span class='ocrx_word' id='word_1_752' title='bbox 1098 1910 1208 1945; x_wconf 80' lang='grc' dir='ltr'>ταύτης.</span> <span class='ocrx_word' id='word_1_753' title='bbox 1235 1910 1286 1937; x_wconf 82' lang='grc' dir='ltr'>Καὶ</span> <span class='ocrx_word' id='word_1_754' title='bbox 1310 1909 1343 1944; x_wconf 80' lang='grc' dir='ltr'>ἦν</span> <span class='ocrx_word' id='word_1_755' title='bbox 1369 1910 1409 1945; x_wconf 80' lang='grc' dir='ltr'>(ὴ)</span> <span class='ocrx_word' id='word_1_756' title='bbox 1437 1908 1617 1946; x_wconf 70' lang='grc' dir='ltr'>Ἰερουσαλὴμ</span> <span class='ocrx_word' id='word_1_757' title='bbox 1645 1907 1854 1945; x_wconf 78' lang='grc' dir='ltr'>ᾠκοδομουμέ-</span> 
     </span>
    </p>
   </div>
   <div class='ocr_carea' id='block_1_95' title="bbox 1017 1952 1853 1991">
    <p class='ocr_par' dir='ltr' id='par_1_95' title="bbox 1017 1952 1853 1991">
     <span class='ocr_line' id='line_1_95' title="bbox 1017 1952 1853 1991; baseline -0.001 -10"><span class='ocrx_word' id='word_1_758' title='bbox 1017 1966 1060 1990; x_wconf 74' lang='grc' dir='ltr'>νη,</span> <span class='ocrx_word' id='word_1_759' title='bbox 1083 1954 1128 1982; x_wconf 81' lang='grc' dir='ltr'>καὶ</span> <span class='ocrx_word' id='word_1_760' title='bbox 1152 1955 1165 1982; x_wconf 85' lang='grc' dir='ltr'>ό</span> <span class='ocrx_word' id='word_1_761' title='bbox 1189 1954 1251 1985; x_wconf 81' lang='grc' dir='ltr'>ναὸς</span> <span class='ocrx_word' id='word_1_762' title='bbox 1277 1965 1322 1981; x_wconf 81' lang='grc' dir='ltr'>συν</span> <span class='ocrx_word' id='word_1_763' title='bbox 1342 1953 1496 1991; x_wconf 77' lang='grc' dir='ltr'>πληροῦτο.</span> <span class='ocrx_word' id='word_1_764' title='bbox 1520 1954 1568 1980; x_wconf 83' lang='grc' dir='ltr'>Καὶ</span> <span class='ocrx_word' id='word_1_765' title='bbox 1596 1953 1629 1988; x_wconf 78' lang='grc' dir='ltr'>ἦν</span> <span class='ocrx_word' id='word_1_766' title='bbox 1659 1952 1739 1985; x_wconf 80' lang='grc' dir='ltr'>λίθος</span> <span class='ocrx_word' id='word_1_767' title='bbox 1768 1953 1853 1990; x_wconf 66' lang='grc' dir='ltr'>ἀκρο-</span> 
     </span>
    </p>
   </div>
   <div class='ocr_carea' id='block_1_96' title="bbox 1017 1995 1853 2036">
    <p class='ocr_par' dir='ltr' id='par_1_96' title="bbox 1017 1995 1853 2036">
     <span class='ocr_line' id='line_1_96' title="bbox 1017 1995 1853 2036; baseline -0.002 -10"><span class='ocrx_word' id='word_1_768' title='bbox 1017 2001 1146 2036; x_wconf 80' lang='grc' dir='ltr'>γωνιαῖος</span> <span class='ocrx_word' id='word_1_769' title='bbox 1174 1999 1299 2035; x_wconf 78' lang='grc' dir='ltr'>κείμενος</span> <span class='ocrx_word' id='word_1_770' title='bbox 1330 1999 1412 2035; x_wconf 73' lang='grc' dir='ltr'>μέγας</span> <span class='ocrx_word' id='word_1_771' title='bbox 1441 1996 1580 2033; x_wconf 74' lang='grc' dir='ltr'>ἐκλεκτὸς,</span> <span class='ocrx_word' id='word_1_772' title='bbox 1611 1996 1703 2025; x_wconf 65' lang='grc' dir='ltr'>ὅντινα</span> <span class='ocrx_word' id='word_1_773' title='bbox 1734 1995 1853 2024; x_wconf 70' lang='grc' dir='ltr'>ἐϐουλό-</span> 
     </span>
    </p>
   </div>
   <div class='ocr_carea' id='block_1_97' title="bbox 1020 2041 1854 2081">
    <p class='ocr_par' dir='ltr' id='par_1_97' title="bbox 1020 2041 1854 2081">
     <span class='ocr_line' id='line_1_97' title="bbox 1020 2041 1854 2081; baseline -0.005 -11"><span class='ocrx_word' id='word_1_774' title='bbox 1020 2053 1072 2079; x_wconf 90' lang='grc' dir='ltr'>μην</span> <span class='ocrx_word' id='word_1_775' title='bbox 1089 2044 1171 2070; x_wconf 78' lang='grc' dir='ltr'>θεῖναι</span> <span class='ocrx_word' id='word_1_776' title='bbox 1189 2042 1227 2074; x_wconf 82' lang='grc' dir='ltr'>εἰς</span> <span class='ocrx_word' id='word_1_777' title='bbox 1242 2043 1292 2076; x_wconf 78' lang='grc' dir='ltr'>τὴν</span> <span class='ocrx_word' id='word_1_778' title='bbox 1308 2041 1430 2081; x_wconf 67' lang='grc' dir='ltr'>κεφαλὴν</span> <span class='ocrx_word' id='word_1_779' title='bbox 1446 2045 1494 2077; x_wconf 82' lang='grc' dir='ltr'>τῆς</span> <span class='ocrx_word' id='word_1_780' title='bbox 1515 2042 1614 2079; x_wconf 83' lang='grc' dir='ltr'>γωνίας</span> <span class='ocrx_word' id='word_1_781' title='bbox 1640 2043 1690 2076; x_wconf 62' lang='grc' dir='ltr'>τῆς</span> <span class='ocrx_word' id='word_1_782' title='bbox 1716 2041 1854 2078; x_wconf 67' lang='grc' dir='ltr'>συμπλη-</span> 
     </span>
    </p>
   </div>
   <div class='ocr_carea' id='block_1_98' title="bbox 1019 2086 1855 2125">
    <p class='ocr_par' dir='ltr' id='par_1_98' title="bbox 1019 2086 1855 2125">
     <span class='ocr_line' id='line_1_98' title="bbox 1019 2086 1855 2125; baseline -0.001 -11"><span class='ocrx_word' id='word_1_783' title='bbox 1019 2088 1128 2125; x_wconf 81' lang='grc' dir='ltr'>ρώσεως</span> <span class='ocrx_word' id='word_1_784' title='bbox 1152 2087 1248 2114; x_wconf 70' lang='grc' dir='ltr'>αὐτοῦ’</span> <span class='ocrx_word' id='word_1_785' title='bbox 1271 2087 1317 2114; x_wconf 80' lang='grc' dir='ltr'>καὶ</span> <span class='ocrx_word' id='word_1_786' title='bbox 1338 2086 1433 2117; x_wconf 71' lang='grc' dir='ltr'>πάντες</span> <span class='ocrx_word' id='word_1_787' title='bbox 1464 2087 1490 2114; x_wconf 81' lang='grc' dir='ltr'>οἱ</span> <span class='ocrx_word' id='word_1_788' title='bbox 1514 2089 1650 2124; x_wconf 69' lang='grc' dir='ltr'>τεχνῖται,</span> <span class='ocrx_word' id='word_1_789' title='bbox 1675 2087 1719 2114; x_wconf 73' lang='grc' dir='ltr'>καὶ</span> <span class='ocrx_word' id='word_1_790' title='bbox 1751 2086 1855 2117; x_wconf 72' lang='grc' dir='ltr'>πάντες</span> 
     </span>
    </p>
   </div>
   <div class='ocr_carea' id='block_1_99' title="bbox 1019 2131 1854 2169">
    <p class='ocr_par' dir='ltr' id='par_1_99' title="bbox 1019 2131 1854 2169">
     <span class='ocr_line' id='line_1_99' title="bbox 1019 2131 1854 2169; baseline 0 -11"><span class='ocrx_word' id='word_1_791' title='bbox 1019 2132 1044 2159; x_wconf 77' lang='lat' dir='ltr'>ei.</span> <span class='ocrx_word' id='word_1_792' title='bbox 1060 2131 1186 2168; x_wconf 70' lang='grc' dir='ltr'>δαίμονες</span> <span class='ocrx_word' id='word_1_793' title='bbox 1203 2132 1229 2158; x_wconf 78' lang='grc' dir='ltr'>οἱ</span> <span class='ocrx_word' id='word_1_794' title='bbox 1259 2133 1507 2169; x_wconf 77' lang='grc' dir='ltr'>συνυπουργοῦντες</span> <span class='ocrx_word' id='word_1_795' title='bbox 1535 2131 1621 2165; x_wconf 74' lang='grc' dir='ltr'>ἦλθον</span> <span class='ocrx_word' id='word_1_796' title='bbox 1653 2131 1697 2158; x_wconf 78' lang='grc' dir='ltr'>ἐπὶ</span> <span class='ocrx_word' id='word_1_797' title='bbox 1728 2132 1762 2158; x_wconf 83' lang='grc' dir='ltr'>τὸ</span> <span class='ocrx_word' id='word_1_798' title='bbox 1788 2131 1854 2158; x_wconf 65' lang='grc' dir='ltr'>αὐτὸ</span> 
     </span>
    </p>
   </div>
   <div class='ocr_carea' id='block_1_100' title="bbox 1019 2175 1854 2213">
    <p class='ocr_par' dir='ltr' id='par_1_100' title="bbox 1019 2175 1854 2213">
     <span class='ocr_line' id='line_1_100' title="bbox 1019 2175 1854 2213; baseline -0.002 -9"><span class='ocrx_word' id='word_1_799' title='bbox 1019 2176 1087 2204; x_wconf 69' lang='grc' dir='ltr'>ὥστε</span> <span class='ocrx_word' id='word_1_800' title='bbox 1113 2176 1251 2213; x_wconf 72' lang='grc' dir='ltr'>ἀναγαγεῖν</span> <span class='ocrx_word' id='word_1_801' title='bbox 1284 2176 1330 2203; x_wconf 82' lang='grc' dir='ltr'>τὸν</span> <span class='ocrx_word' id='word_1_802' title='bbox 1357 2176 1433 2204; x_wconf 77' lang='grc' dir='ltr'>λίθον</span> <span class='ocrx_word' id='word_1_803' title='bbox 1463 2175 1507 2203; x_wconf 78' lang='grc' dir='ltr'>καὶ</span> <span class='ocrx_word' id='word_1_804' title='bbox 1538 2179 1620 2207; x_wconf 77' lang='grc' dir='ltr'>θεῖναι</span> <span class='ocrx_word' id='word_1_805' title='bbox 1637 2175 1719 2202; x_wconf 80' lang='grc' dir='ltr'>αὐτὸν</span> <span class='ocrx_word' id='word_1_806' title='bbox 1746 2175 1794 2203; x_wconf 75' lang='grc' dir='ltr'>ἐπὶ</span> <span class='ocrx_word' id='word_1_807' title='bbox 1824 2175 1854 2203; x_wconf 69' lang='grc' dir='ltr'><em>τᾶ</em></span> 
     </span>
    </p>
   </div>
   <div class='ocr_carea' id='block_1_101' title="bbox 1018 2219 1853 2258">
    <p class='ocr_par' dir='ltr' id='par_1_101' title="bbox 1018 2219 1853 2258">
     <span class='ocr_line' id='line_1_101' title="bbox 1018 2219 1853 2258; baseline -0.002 -11"><span class='ocrx_word' id='word_1_808' title='bbox 1018 2220 1161 2258; x_wconf 81' lang='grc' dir='ltr'>πτερύγιον</span> <span class='ocrx_word' id='word_1_809' title='bbox 1189 2223 1237 2247; x_wconf 71' lang='grc' dir='ltr'>τοῦ</span> <span class='ocrx_word' id='word_1_810' title='bbox 1264 2222 1330 2247; x_wconf 77' lang='grc' dir='ltr'>ναοῦ</span> <span class='ocrx_word' id='word_1_811' title='bbox 1367 2222 1415 2247; x_wconf 82' lang='grc' dir='ltr'>τοῦ</span> <span class='ocrx_word' id='word_1_812' title='bbox 1454 2220 1539 2258; x_wconf 69' lang='grc' dir='ltr'>ἱεροῦ,</span> <span class='ocrx_word' id='word_1_813' title='bbox 1569 2220 1614 2247; x_wconf 77' lang='grc' dir='ltr'>καὶ</span> <span class='ocrx_word' id='word_1_814' title='bbox 1652 2219 1703 2247; x_wconf 77' lang='grc' dir='ltr'>ούκ</span> <span class='ocrx_word' id='word_1_815' title='bbox 1736 2220 1853 2257; x_wconf 67' lang='grc' dir='ltr'>ἴσχυσαν</span> 
     </span>
    </p>
   </div>
   <div class='ocr_carea' id='block_1_102' title="bbox 1020 2263 1854 2302">
    <p class='ocr_par' dir='ltr' id='par_1_102' title="bbox 1020 2263 1854 2302">
     <span class='ocr_line' id='line_1_102' title="bbox 1020 2263 1854 2302; baseline -0.001 -11"><span class='ocrx_word' id='word_1_816' title='bbox 1020 2263 1146 2292; x_wconf 79' lang='grc' dir='ltr'>σαλεῦσαι</span> <span class='ocrx_word' id='word_1_817' title='bbox 1182 2264 1280 2297; x_wconf 82' lang='grc' dir='ltr'>αὐτὸν,</span> <span class='ocrx_word' id='word_1_818' title='bbox 1310 2263 1355 2292; x_wconf 80' lang='grc' dir='ltr'>καί</span> <span class='ocrx_word' id='word_1_819' title='bbox 1385 2267 1469 2296; x_wconf 81' lang='grc' dir='ltr'>θεῖναι</span> <span class='ocrx_word' id='word_1_820' title='bbox 1496 2265 1565 2302; x_wconf 85' lang='grc' dir='ltr'>πρὸς</span> <span class='ocrx_word' id='word_1_821' title='bbox 1592 2264 1642 2298; x_wconf 82' lang='grc' dir='ltr'>τήν</span> <span class='ocrx_word' id='word_1_822' title='bbox 1669 2264 1776 2301; x_wconf 81' lang='grc' dir='ltr'>γωνίαν</span> <span class='ocrx_word' id='word_1_823' title='bbox 1803 2266 1854 2299; x_wconf 68' lang='grc' dir='ltr'>τήν</span> 
     </span>
    </p>
   </div>
   <div class='ocr_carea' id='block_1_103' title="bbox 1020 2308 1855 2346">
    <p class='ocr_par' dir='ltr' id='par_1_103' title="bbox 1020 2308 1855 2346">
     <span class='ocr_line' id='line_1_103' title="bbox 1020 2308 1855 2346; baseline 0 -10"><span class='ocrx_word' id='word_1_824' title='bbox 1020 2310 1219 2346; x_wconf 71' lang='grc' dir='ltr'>θεματισμένην</span> <span class='ocrx_word' id='word_1_825' title='bbox 1239 2308 1323 2345; x_wconf 75' lang='grc' dir='ltr'>αὐτῷ’</span> <span class='ocrx_word' id='word_1_826' title='bbox 1354 2308 1388 2343; x_wconf 83' lang='grc' dir='ltr'>ἦν</span> <span class='ocrx_word' id='word_1_827' title='bbox 1417 2309 1467 2346; x_wconf 81' lang='grc' dir='ltr'>γὰρ</span> <span class='ocrx_word' id='word_1_828' title='bbox 1497 2309 1511 2336; x_wconf 84' lang='grc' dir='ltr'>ὁ</span> <span class='ocrx_word' id='word_1_829' title='bbox 1541 2308 1616 2340; x_wconf 83' lang='grc' dir='ltr'>λίθος</span> <span class='ocrx_word' id='word_1_830' title='bbox 1646 2308 1754 2339; x_wconf 69' lang='grc' dir='ltr'>ἐκεῖνος</span> <span class='ocrx_word' id='word_1_831' title='bbox 1783 2310 1855 2336; x_wconf 74' lang='grc' dir='ltr'>πάνυ</span> 
     </span>
    </p>
   </div>
   <div class='ocr_carea' id='block_1_104' title="bbox 1022 2353 1855 2392">
    <p class='ocr_par' dir='ltr' id='par_1_104' title="bbox 1022 2353 1855 2392">
     <span class='ocr_line' id='line_1_104' title="bbox 1022 2353 1855 2392; baseline -0.001 -11"><span class='ocrx_word' id='word_1_832' title='bbox 1022 2353 1116 2392; x_wconf 65' lang='grc' dir='ltr'>μέγας,</span> <span class='ocrx_word' id='word_1_833' title='bbox 1131 2353 1176 2381; x_wconf 86' lang='grc' dir='ltr'>καὶ</span> <span class='ocrx_word' id='word_1_834' title='bbox 1202 2354 1342 2392; x_wconf 79' lang='grc' dir='ltr'>χρήσιμος</span> <span class='ocrx_word' id='word_1_835' title='bbox 1366 2353 1404 2384; x_wconf 81' lang='grc' dir='ltr'>εἷς</span> <span class='ocrx_word' id='word_1_836' title='bbox 1426 2354 1477 2388; x_wconf 81' lang='grc' dir='ltr'>τήν</span> <span class='ocrx_word' id='word_1_837' title='bbox 1500 2353 1596 2391; x_wconf 88' lang='grc' dir='ltr'>γωνίαν</span> <span class='ocrx_word' id='word_1_838' title='bbox 1619 2355 1668 2380; x_wconf 71' lang='grc' dir='ltr'>τοῦ</span> <span class='ocrx_word' id='word_1_839' title='bbox 1693 2354 1784 2391; x_wconf 63' lang='grc' dir='ltr'>ἱεροῦ.</span> <span class='ocrx_word' id='word_1_840' title='bbox 1804 2354 1855 2382; x_wconf 66' lang='grc' dir='ltr'>Καὶ</span> 
     </span>
    </p>
   </div>
   <div class='ocr_carea' id='block_1_105' title="bbox 1022 2397 1857 2436">
    <p class='ocr_par' dir='ltr' id='par_1_105' title="bbox 1022 2397 1857 2436">
     <span class='ocr_line' id='line_1_105' title="bbox 1022 2397 1857 2436; baseline 0 -11"><span class='ocrx_word' id='word_1_841' title='bbox 1022 2398 1088 2435; x_wconf 82' lang='grc' dir='ltr'>μετᾶ</span> <span class='ocrx_word' id='word_1_842' title='bbox 1101 2398 1149 2430; x_wconf 82' lang='grc' dir='ltr'>τὰς</span> <span class='ocrx_word' id='word_1_843' title='bbox 1165 2398 1232 2425; x_wconf 69' lang='grc' dir='ltr'>ἑπτα</span> <span class='ocrx_word' id='word_1_844' title='bbox 1250 2399 1355 2436; x_wconf 70' lang='grc' dir='ltr'>ἡμέρας</span> <span class='ocrx_word' id='word_1_845' title='bbox 1382 2398 1510 2434; x_wconf 76' lang='grc' dir='ltr'>μνησθεές</span> <span class='ocrx_word' id='word_1_846' title='bbox 1531 2401 1582 2432; x_wconf 77' lang='grc' dir='ltr'>τῆς</span> <span class='ocrx_word' id='word_1_847' title='bbox 1604 2397 1757 2432; x_wconf 69' lang='grc' dir='ltr'>ἐπιστολῆς</span> <span class='ocrx_word' id='word_1_848' title='bbox 1774 2397 1857 2427; x_wconf 71' lang='grc' dir='ltr'>’Λεά-</span> 
     </span>
    </p>
   </div>
   <div class='ocr_carea' id='block_1_106' title="bbox 1023 2440 1856 2481">
    <p class='ocr_par' dir='ltr' id='par_1_106' title="bbox 1023 2440 1856 2481">
     <span class='ocr_line' id='line_1_106' title="bbox 1023 2440 1856 2481; baseline -0.001 -11"><span class='ocrx_word' id='word_1_849' title='bbox 1023 2453 1071 2480; x_wconf 81' lang='grc' dir='ltr'>ρου</span> <span class='ocrx_word' id='word_1_850' title='bbox 1098 2441 1232 2481; x_wconf 68' lang='grc' dir='ltr'>βασιλέως</span> <span class='ocrx_word' id='word_1_851' title='bbox 1256 2440 1392 2480; x_wconf 76' lang='grc' dir='ltr'>’Δράϐων,</span> <span class='ocrx_word' id='word_1_852' title='bbox 1410 2441 1525 2470; x_wconf 70' lang='grc' dir='ltr'>ἐκάλεσα</span> <span class='ocrx_word' id='word_1_853' title='bbox 1547 2443 1592 2469; x_wconf 84' lang='grc' dir='ltr'>τὸν</span> <span class='ocrx_word' id='word_1_854' title='bbox 1616 2441 1703 2470; x_wconf 76' lang='grc' dir='ltr'>παῖδά</span> <span class='ocrx_word' id='word_1_855' title='bbox 1729 2453 1785 2478; x_wconf 78' lang='grc' dir='ltr'>μου</span> <span class='ocrx_word' id='word_1_856' title='bbox 1812 2444 1856 2470; x_wconf 71' lang='lat' dir='ltr'>x12</span> 
     </span>
    </p>
   </div>
   <div class='ocr_carea' id='block_1_107' title="bbox 1022 2485 1857 2523">
    <p class='ocr_par' dir='ltr' id='par_1_107' title="bbox 1022 2485 1857 2523">
     <span class='ocr_line' id='line_1_107' title="bbox 1022 2485 1857 2523; baseline 0 -9"><span class='ocrx_word' id='word_1_857' title='bbox 1022 2487 1096 2515; x_wconf 69' lang='grc' dir='ltr'>εἶπον</span> <span class='ocrx_word' id='word_1_858' title='bbox 1124 2487 1205 2523; x_wconf 80' lang='grc' dir='ltr'>αὐτῷ.</span> <span class='ocrx_word' id='word_1_859' title='bbox 1223 2487 1361 2522; x_wconf 78' lang='grc' dir='ltr'>Ἐπίταξον</span> <span class='ocrx_word' id='word_1_860' title='bbox 1391 2487 1440 2521; x_wconf 71' lang='grc' dir='ltr'>τὴν</span> <span class='ocrx_word' id='word_1_861' title='bbox 1471 2486 1597 2523; x_wconf 80' lang='grc' dir='ltr'>καμηλόν</span> <span class='ocrx_word' id='word_1_862' title='bbox 1628 2497 1678 2514; x_wconf 85' lang='grc' dir='ltr'>σου</span> <span class='ocrx_word' id='word_1_863' title='bbox 1706 2487 1756 2514; x_wconf 77' lang='grc' dir='ltr'>καὶ</span> <span class='ocrx_word' id='word_1_864' title='bbox 1787 2485 1857 2514; x_wconf 67' lang='grc' dir='ltr'>λάει</span> 
     </span>
    </p>
   </div>
   <div class='ocr_carea' id='block_1_108' title="bbox 1022 2529 1856 2569">
    <p class='ocr_par' dir='ltr' id='par_1_108' title="bbox 1022 2529 1856 2569">
     <span class='ocr_line' id='line_1_108' title="bbox 1022 2529 1856 2569; baseline -0.002 -10"><span class='ocrx_word' id='word_1_865' title='bbox 1022 2532 1131 2559; x_wconf 81' lang='grc' dir='ltr'>σεαυτὸν</span> <span class='ocrx_word' id='word_1_866' title='bbox 1153 2532 1244 2566; x_wconf 68' lang='grc' dir='ltr'>ἀσκὸν,</span> <span class='ocrx_word' id='word_1_867' title='bbox 1261 2529 1328 2559; x_wconf 77' lang='grc' dir='ltr'>λάϐε</span> <span class='ocrx_word' id='word_1_868' title='bbox 1352 2530 1380 2559; x_wconf 72' lang='grc' dir='ltr'>εδ</span> <span class='ocrx_word' id='word_1_869' title='bbox 1404 2531 1447 2558; x_wconf 82' lang='grc' dir='ltr'>καὶ</span> <span class='ocrx_word' id='word_1_870' title='bbox 1468 2532 1518 2566; x_wconf 65' lang='grc' dir='ltr'>τὴν</span> <span class='ocrx_word' id='word_1_871' title='bbox 1544 2541 1599 2569; x_wconf 50' lang='lat' dir='ltr'>(ppu</span> <span class='ocrx_word' id='word_1_872' title='bbox 1626 2532 1668 2567; x_wconf 80' lang='lat' dir='ltr'>(u?</span> <span class='ocrx_word' id='word_1_873' title='bbox 1692 2532 1724 2559; x_wconf 66' lang='grc' dir='ltr'>ατ</span> <span class='ocrx_word' id='word_1_874' title='bbox 1752 2533 1790 2566; x_wconf 67' lang='grc' dir='ltr'>ιΫ)</span> <span class='ocrx_word' id='word_1_875' title='bbox 1814 2535 1856 2569; x_wconf 71' lang='grc' dir='ltr'>γῖο</span> 
     </span>
    </p>
   </div>
   <div class='ocr_carea' id='block_1_109' title="bbox 1022 2574 1854 2614">
    <p class='ocr_par' dir='ltr' id='par_1_109' title="bbox 1022 2574 1854 2614">
     <span class='ocr_line' id='line_1_109' title="bbox 1022 2574 1854 2614; baseline -0.001 -10"><span class='ocrx_word' id='word_1_876' title='bbox 1022 2575 1054 2604; x_wconf 75' lang='grc' dir='ltr'>δα</span> <span class='ocrx_word' id='word_1_877' title='bbox 1079 2577 1135 2613; x_wconf 75' lang='grc'>(14)</span> <span class='ocrx_word' id='word_1_878' title='bbox 1165 2576 1265 2610; x_wconf 79' lang='grc' dir='ltr'>ταύτην</span> <span class='ocrx_word' id='word_1_879' title='bbox 1283 2585 1289 2592; x_wconf 80' lang='lat'>&#39;</span> <span class='ocrx_word' id='word_1_880' title='bbox 1319 2576 1364 2603; x_wconf 84' lang='grc' dir='ltr'>καὶ</span> <span class='ocrx_word' id='word_1_881' title='bbox 1394 2575 1495 2607; x_wconf 72' lang='grc' dir='ltr'>ἄπελθε</span> <span class='ocrx_word' id='word_1_882' title='bbox 1525 2576 1563 2607; x_wconf 70' lang='grc' dir='ltr'>εἷς</span> <span class='ocrx_word' id='word_1_883' title='bbox 1577 2577 1627 2610; x_wconf 69' lang='grc' dir='ltr'>τὴν</span> <span class='ocrx_word' id='word_1_884' title='bbox 1646 2574 1779 2614; x_wconf 67' lang='grc' dir='ltr'>Ἀραϐίαν</span> <span class='ocrx_word' id='word_1_885' title='bbox 1814 2577 1854 2604; x_wconf 75' lang='grc' dir='ltr'>ἐπὶ</span> 
     </span>
    </p>
   </div>
   <div class='ocr_carea' id='block_1_110' title="bbox 1019 2620 1855 2659">
    <p class='ocr_par' dir='ltr' id='par_1_110' title="bbox 1019 2620 1855 2659">
     <span class='ocr_line' id='line_1_110' title="bbox 1019 2620 1855 2659; baseline 0 -11"><span class='ocrx_word' id='word_1_886' title='bbox 1019 2621 1065 2649; x_wconf 83' lang='grc' dir='ltr'>τὸν</span> <span class='ocrx_word' id='word_1_887' title='bbox 1090 2621 1172 2648; x_wconf 86' lang='grc' dir='ltr'>τόπον</span> <span class='ocrx_word' id='word_1_888' title='bbox 1199 2620 1226 2648; x_wconf 76' lang='grc' dir='ltr'>ἐν</span> <span class='ocrx_word' id='word_1_889' title='bbox 1251 2621 1273 2656; x_wconf 86' lang='grc' dir='ltr'>ᾦ</span> <span class='ocrx_word' id='word_1_890' title='bbox 1296 2620 1327 2647; x_wconf 77' lang='grc' dir='ltr'>τὸ</span> <span class='ocrx_word' id='word_1_891' title='bbox 1350 2620 1469 2658; x_wconf 85' lang='grc' dir='ltr'>πονηρὸν</span> <span class='ocrx_word' id='word_1_892' title='bbox 1485 2623 1593 2657; x_wconf 74' lang='grc' dir='ltr'>πνεῦμα</span> <span class='ocrx_word' id='word_1_893' title='bbox 1607 2622 1695 2648; x_wconf 81' lang='grc' dir='ltr'>πνέει·</span> <span class='ocrx_word' id='word_1_894' title='bbox 1712 2622 1760 2648; x_wconf 81' lang='grc' dir='ltr'>καὶ</span> <span class='ocrx_word' id='word_1_895' title='bbox 1791 2632 1855 2659; x_wconf 66' lang='grc' dir='ltr'>κρα-</span> 
     </span>
    </p>
   </div>
   <div class='ocr_carea' id='block_1_111' title="bbox 1019 2663 1853 2703">
    <p class='ocr_par' dir='ltr' id='par_1_111' title="bbox 1019 2663 1853 2703">
     <span class='ocr_line' id='line_1_111' title="bbox 1019 2663 1853 2703; baseline -0.002 -10"><span class='ocrx_word' id='word_1_896' title='bbox 1019 2667 1104 2701; x_wconf 69' lang='grc' dir='ltr'>τήσας</span> <span class='ocrx_word' id='word_1_897' title='bbox 1133 2666 1178 2693; x_wconf 82' lang='grc' dir='ltr'>τὸν</span> <span class='ocrx_word' id='word_1_898' title='bbox 1208 2665 1301 2701; x_wconf 72' lang='grc' dir='ltr'>ἀσκὸν,</span> <span class='ocrx_word' id='word_1_899' title='bbox 1330 2665 1375 2692; x_wconf 82' lang='grc' dir='ltr'>καὶ</span> <span class='ocrx_word' id='word_1_900' title='bbox 1408 2665 1440 2692; x_wconf 81' lang='grc' dir='ltr'>τὸ</span> <span class='ocrx_word' id='word_1_901' title='bbox 1479 2663 1657 2693; x_wconf 79' lang='grc' dir='ltr'>δακτυλίδιον</span> <span class='ocrx_word' id='word_1_902' title='bbox 1701 2664 1853 2703; x_wconf 69' lang='grc' dir='ltr'>ἔμπροσθεν</span> 
     </span>
    </p>
   </div>
   <div class='ocr_carea' id='block_1_112' title="bbox 179 2793 1366 2837">
    <p class='ocr_par' dir='ltr' id='par_1_112' title="bbox 179 2793 1076 2837">
     <span class='ocr_line' id='line_1_112' title="bbox 179 2793 1076 2837; baseline 0.009 -18"><span class='ocrx_word' id='word_1_903' title='bbox 179 2793 234 2828; x_wconf 74' lang='grc' dir='ltr'>(Η)</span> <span class='ocrx_word' id='word_1_904' title='bbox 251 2793 332 2821; x_wconf 85' lang='lat' dir='ltr'>Certe</span> <span class='ocrx_word' id='word_1_905' title='bbox 343 2801 400 2822; x_wconf 90' lang='lat' dir='ltr'>non</span> <span class='ocrx_word' id='word_1_906' title='bbox 417 2795 561 2831; x_wconf 86' lang='lat' dir='ltr'>scriptum</span> <span class='ocrx_word' id='word_1_907' title='bbox 575 2805 581 2824; x_wconf 86' lang='lat'>:</span> <span class='ocrx_word' id='word_1_908' title='bbox 601 2796 745 2835; x_wconf 62' lang='grc' dir='ltr'>σφραγῖδα,</span> <span class='ocrx_word' id='word_1_909' title='bbox 761 2799 814 2827; x_wconf 88' lang='lat' dir='ltr'>etsi</span> <span class='ocrx_word' id='word_1_910' title='bbox 831 2799 884 2828; x_wconf 87' lang='lat' dir='ltr'>hoc</span> <span class='ocrx_word' id='word_1_911' title='bbox 896 2807 961 2829; x_wconf 88' lang='lat' dir='ltr'>esse</span> <span class='ocrx_word' id='word_1_912' title='bbox 973 2801 1076 2837; x_wconf 81' lang='lat' dir='ltr'>possit.</span> 
     </span>
    </p>
   </div>
   <div class='ocr_carea' id='block_1_113' title="bbox 1054 2793 1076 2837">
    <p class='ocr_par' dir='ltr' id='par_1_113' title="bbox 1057 2802 1076 2828">
     <span class='ocr_line' id='line_1_113' title="bbox 1057 2802 1076 2828; baseline -0.053 0"><span class='ocrx_word' id='word_1_913' title='bbox 1057 2802 1076 2828; x_wconf 76' lang='grc' dir='ltr'>ί.</span> 
     </span>
    </p>
   </div>
  </div>
