1932 3050
81 44 155 73 t3'l3

649 39 950 72 TESTAMENTUM
973 41 992 70 S
1000 40 1197 71 ALOMONIS
1204 62 1211 69 .

1705 39 1786 69 1354

76 111 124 136 τοῦ
153 109 289 144 στόματος
315 110 364 136 τοῦ
392 109 478 136 ἀσκοῦ
502 108 570 136 κατὰ
595 109 644 143 τήν
658 108 745 142 πνοὴν
761 109 809 135 τοῦ
823 105 904 134 πνεύ-

998 106 1105 135 melum
1131 108 1227 142 tuum,
1243 107 1272 134 et
1296 106 1367 134 aiter
1390 105 1461 133 mihi
1487 105 1568 140 huc;
1595 108 1625 134 et
1647 105 1671 133 si
1695 105 1725 132 in
1742 106 1788 134 via

79 163 175 189 ματος,
197 153 242 180 καὶ
272 153 298 180 ἐν
328 155 367 189 τῷ
394 154 624 189 πνευματωθῆναι
653 153 698 180 τὸν
727 153 819 186 ἀσκὸν,
843 151 906 180 τότε

78 199 200 232 συνήσιις
219 197 260 225 ὅτι
282 198 296 225 ὁ
318 196 423 233 δαίμων
450 197 523 225 ἐστί·
545 197 591 225 καὶ
621 196 726 233 σπουδῇ
755 195 904 234 περιδήσας

78 243 109 269 τὸ
125 242 213 278 στόμα
227 245 276 269 τοῦ
302 242 396 275 ἀσκοῦ,
412 242 631 280 κατασφράγισον
653 242 735 269 αὐτὸν
762 240 828 277 μετὰ
856 242 904 267 τοῦ

79 286 266 319 δακτυλιδίου,
288 288 333 314 καὶ
359 287 482 322 ἐπίταξον
512 286 592 314 αὐτὸν
620 287 664 314 ἐπὶ
688 287 737 321 τὴν
764 284 904 321 κάμηλον,

78 331 124 357 καὶ
152 330 265 367 κόμισόν
295 341 342 366 μοι
380 330 494 358 ἑνθάδε’
519 331 564 358 καὶ
597 330 641 358 ἐὰν
671 331 738 358 κατά
763 330 812 364 τήν
842 327 904 356 ὁδὸν

76 376 151 410 τάξοι
176 386 217 402 σοι
244 376 358 412 χρυσίον
380 375 397 410 ἣ
421 376 550 413 ἀργύριον
569 375 586 409 ἢ
602 375 754 411 (θησαυροὺς
768 374 813 402 ’ίνα
841 374 906 400 ἀπο-

960 151 1151 188 spoponderit
1166 151 1218 178 tibi
1235 159 1340 178 aurum
1356 150 1400 178 vel
1425 154 1579 186 argentum
1603 149 1647 177 vel
1669 150 1789 177 thesau-

960 204 1019 229 ros,
1037 198 1069 223 ut
1085 194 1180 223 solvas
1196 203 1274 225 eum,
1285 195 1350 222 vide
1362 203 1398 222 ne
1414 194 1518 228 facias;
1532 195 1580 221 sed
1595 194 1789 229 (memineris)

959 241 1094 277 prmcepti
1112 248 1178 267 cum
1201 241 1384 275 juramento,
1401 242 1433 266 ut
1449 239 1508 274 (ne)
1525 238 1639 272 solvas;
1657 241 1685 265 et
1699 239 1723 266 si
1740 247 1789 266 os-

960 284 1087 312 tenderit
1101 285 1152 311 tibi
1174 284 1237 311 locs
1253 284 1314 311 auri
1337 286 1366 311 et
1389 284 1514 319 argenti.
1531 285 1686 318 postquam
1704 286 1788 311 nota-

959 329 1036 356 veris
1052 329 1124 357 loca.
1141 329 1224 359 signa
1247 328 1344 364 sigillo
1361 328 1424 361 hoc,
1442 331 1470 355 et
1494 328 1588 355 adduc
1609 336 1675 355 eum
1693 328 1764 355 mihi
1779 337 1786 362 ;

956 374 1018 408 jam
1035 374 1106 400 vade
1120 375 1149 400 in
1168 381 1305 408 prospera
1320 372 1495 400 valetudine.

76 419 162 457 λύσῃς
189 419 278 447 αὐτὸν.
309 419 393 457 βλέπε
423 421 460 456 μὴ
489 421 626 456 πεισθῇς·
658 419 732 447 ἀλλὰ
764 419 897 453 σύνταξαι,
923 415 981 450 ἕνα,
1008 416 1089 453 ὅρκου
1124 416 1258 444 ἀπολέσαι
1277 426 1282 433 ·
1312 417 1355 443 καὶ
1383 415 1427 442 ἐὰν
1457 414 1587 452 ἀποδείξῃ
1614 427 1656 444 σοι
1686 417 1788 448 τόπους

73 463 190 501 χρυσίου
219 465 236 499 ἢ
263 464 406 501 ἀργυρίου,
436 464 658 500 σημιιωσάμενος
695 463 758 494 τοὺς
783 463 883 493 τόπους
910 460 1054 501 σφράγισαι
1078 461 1129 495 τὴν
1169 459 1302 499 σφραγῖδα
1326 460 1438 495 ταύτην,
1468 460 1512 487 καὶ
1541 459 1629 497 ἅπαγὲ
1663 471 1709 497 μοι
1741 461 1788 489 a6-

72 509 121 536 τόν
135 517 141 524 ·
158 507 212 543 ἤδη
230 508 330 541 ἄπελθε
347 508 486 546 ὑγιαίνων.

113 570 182 599 Τότε
212 571 226 598 ὁ
253 573 316 602 παῖς
342 571 376 598 τὰ
406 570 586 608 ἐντεταλμένα
607 570 680 606 αὖτῷ
709 570 832 605 ἐποίησι,
862 567 908 596 καὶ

76 614 188 652 ὶπέταξε
216 616 265 651 τήν
295 615 436 652 κάμηλον,
465 616 510 643 καὶ
552 615 631 651 ἔθηκε
659 615 704 642 τὸν
749 614 827 642 ἀσκὸν
862 613 908 641 καὶ

76 659 213 698 ἐπορεύθη
244 660 282 691 εἷς
307 661 356 695 τὴν
388 658 516 698 ’Δραϐίαν
535 671 540 678 ·
571 660 615 688 καὶ
640 660 668 687 οἱ
698 659 835 697 ἅνθρωποι
859 660 908 686 τοῦ

75 705 163 732 τόπου
177 705 283 732 ὲκείνοῦ
298 705 480 741 ἠπίστουν,εἶ
509 703 559 743 ἔίρα
589 703 731 740 δυνήσεται
761 704 792 732 τὸ
821 714 907 738 πονη-

77 750 124 787 ρὸν
165 751 272 786 πνεῦμα
314 747 505 778 συλλαϐέσθαι.
537 750 656 787 Ὅρορου
692 748 720 776 δὲ
749 749 907 791 γενομένου⁸

75 793 191 825 ἀναστὰς
222 795 235 822 ὁ
256 793 364 830 οἷκέτης
393 793 455 829 ἔστη
482 794 651 822 κατενώπιον
678 796 727 821 τοῦ
754 793 908 830 πνεύματος

74 842 127 873 τῆς
158 839 254 873 πνοῆς,
271 838 315 866 καὶ
331 836 412 874 ἔθηκε
425 839 471 866 τὸν
501 839 583 866 ἀσκὸν
609 837 651 866 ἐπὶ
680 839 711 866 τὸ
739 837 847 877 ἔδαφος,
863 837 908 865 καὶ

74 883 107 910 τὸ
132 882 306 911 δακτυλίδιον
337 881 380 910 ἐπὶ
414 885 462 911 τοῦ
492 881 627 920 στὸματος
655 885 702 910 τοῦ
731 883 833 910 ἀσκοῦ·
863 889 907 916 καὶ

73 925 200 954 ἕπνευσεν
225 927 238 953 ὁ
265 925 370 963 δαίμων
385 925 430 954 διὰ
448 927 531 963 μέσου
545 928 594 954 τοῦ
610 925 787 954 δακτυλιδίου
815 925 853 956 εἷς
875 925 906 952 τὸ

76 971 166 1008 στόμα
196 973 243 998 τοῦ
277 971 371 1007 ἀσκοῦ,
396 971 440 998 καὶ
474 971 602 999 ἐσελθὼν
639 971 829 1007 ἐπνευμάτωσε
861 970 906 997 τὸν

76 1015 168 1043 ἀτκόν.
185 1016 216 1044 Ὁ
245 1014 282 1049 δὲ,
300 1014 443 1053 ἅνθρωπος
471 1015 608 1047 Eva-anei:
636 1015 744 1049 εὐθέως,
776 1013 908 1052 ἔπρινξιν

77 1062 112 1097 τῇ
142 1060 214 1098 χειρῖ
246 1060 277 1087 τὸ
308 1060 395 1096 στόμα
420 1063 468 1088 τοῦ
497 1060 583 1088 ἇσκοῦ
612 1059 637 1087 ἐν
669 1059 783 1097 ὀνόματι
810 1058 909 1097 Κυρίου

78 1107 127 1132 τοῦ
161 1107 227 1132 Θεοῦ
253 1102 378 1138 Σαϐαὼθ,
409 1105 452 1132 καὶ
479 1103 582 1141 ἔμεινεν
612 1102 664 1132 ἔσω
693 1105 706 1131 ὁ
738 1103 843 1140 δαίμων
872 1102 910 1135 εἰς

79 1149 126 1176 τὸν
158 1149 249 1184 ἀσκὸν,
277 1149 321 1176 καὶ
351 1150 418 1186 μετᾶ
444 1151 525 1177 τοῦτο
558 1147 662 1186 ἔμεινεν
689 1149 703 1176 ὁ
732 1151 796 1179 παῖς
825 1148 851 1175 ἐν
874 1149 909 1184 τῇ

80 1194 161 1231 χώρᾳ
180 1193 267 1231 ἐκείνῃ
287 1193 391 1232 ἡμέρας
418 1197 492 1231 τρεῖς
523 1193 560 1225 εἷς
584 1192 723 1230 ἃπίδειξιν·
744 1193 789 1220 καὶ
819 1192 909 1220 οὐκέτι

81 1238 191 1266 ἔπνευσε
220 1239 251 1265 τὸ
279 1241 386 1275 πνεῦμα
420 1237 504 1266 πλέον
542 1240 576 1276 τῇ
615 1238 694 1266 πόλει
734 1237 836 1275 ἐκείνῃ·
864 1237 909 1265 καὶ

81 1282 196 1320 ἔγνωσαν
224 1282 321 1314 πάντες
349 1280 506 1319 οῖ’Άραϐες
532 1282 573 1310 ὅτι
597 1281 727 1319 ἀσφαλῶς
757 1281 911 1309 συνέκλεισε

81 1327 112 1354 τὸ
141 1329 257 1363 πνεῦμα.
273 1327 339 1354 Τότε
366 1326 474 1362 ἐπέταξε
497 1327 542 1354 τὸν
568 1326 648 1354 ἀσκὸν
671 1327 686 1353 ὸ
710 1329 775 1354 παῖς
798 1326 836 1356 εἷς
859 1327 909 1359 τὴν

79 1371 208 1408 κάμηλον
226 1381 233 1388 ⁸
263 1372 309 1398 καὶ
345 1372 521 1409 προέπεμπον
550 1372 597 1398 τὸν
625 1370 711 1398 παῖδα
739 1371 764 1398 οἱ
793 1368 912 1407 Ἄραϐες

81 1417 148 1452 μετὰ
175 1417 259 1452 τιμῆς
285 1415 394 1448 πολλῆς
423 1416 467 1443 καὶ
498 1414 592 1454 δώρων
621 1415 795 1452 πολυτίμων,
827 1415 910 1454 εὐφη-

85 1463 199 1496 μοῦντες
228 1460 273 1487 καὶ
303 1459 458 1495 δοξάζοντες
496 1461 541 1488 τὸν
580 1461 644 1488 Θεὸν
669 1459 794 1498 Ἰσραήλ.
823 1460 854 1487 Ὀ
882 1458 911 1486 δὶ

81 1507 146 1536 παῖς
174 1504 301 1542 εἰσήγαγε
328 1505 373 1532 τὸν
402 1505 495 1538 ἀσκὸν,
510 1505 553 1532 καὶ
584 1504 678 1540 ἔθηκεν
709 1504 747 1535 εἰς
769 1504 800 1531 τὸ
831 1503 912 1540 μέσον

79 1552 129 1577 τοῦ
153 1551 228 1576 ναοῦ.
245 1551 287 1586 Τῇ
313 1548 342 1576 δὲ
371 1549 499 1587 ὲπαῦριον
526 1549 613 1577 ἐλθὼν
641 1549 697 1586 ἐγὼ
713 1548 841 1587 βασιλεὺς
857 1552 909 1575 Σα-

997 568 1079 596 Tunc
1101 577 1172 604 puer
1193 568 1337 604 imperata
1362 568 1417 596 sibi
1447 569 1528 602 fecit;
1555 568 1668 604 paravit
1694 576 1789 596 came-

962 613 1036 649 lum,
1054 613 1196 649 imposuit
1212 615 1316 646 utrem,
1333 616 1362 641 et
1379 613 1451 641 abiit
1467 614 1495 641 in
1521 614 1669 641 Arabiam.
1688 614 1722 641 Et
1737 613 1791 640 viri

963 658 1017 686 loci
1034 657 1113 685 illius
1130 666 1186 685 non
1203 658 1360 685 credebant
1376 658 1452 693 quod
1467 662 1566 694 posset
1582 658 1718 694 spiritum
1733 666 1792 686 ma-

963 701 1024 729 lum
1036 702 1252 738 apprehendere
1265 711 1271 737 ;
1285 711 1370 730 mane
1380 705 1477 730 autem
1487 703 1574 736 facto,
1585 710 1708 739 surgens
1720 710 1792 738 puer

964 747 1045 776 stetit
1074 751 1140 776 ante
1165 748 1267 776 ﬂatum
1293 749 1382 782 venti,
1407 751 1435 776 et
1459 749 1560 784 posuit
1583 750 1676 776 utrem
1703 756 1791 784 super

964 793 1175 828 pavimentum,
1199 795 1228 820 et
1251 792 1392 820 annulum
1421 793 1456 820 ad
1479 801 1511 820 os
1538 793 1630 827 utris;
1655 795 1683 821 et
1713 792 1792 820 ﬂavit

963 838 1076 865 damon
1107 846 1158 874 por
1182 837 1310 865 medium
1337 837 1450 872 annuli,
1475 837 1502 865 in
1529 845 1561 866 es
1586 838 1671 872 utris,
1694 840 1722 866 et
1746 837 1790 864 in-

965 882 1102 918 grediens
1116 884 1200 910 vcnto
1216 882 1357 910 distendit
1368 884 1473 910 utrem.
1486 882 1538 910 Vir
1553 884 1650 910 autem
1666 890 1791 918 surgens

966 926 1033 960 cito,
1063 926 1181 954 strinxit
1216 935 1303 954 manu
1341 935 1373 954 os
1410 927 1494 960 utris,
1526 927 1554 954 in
1586 927 1704 954 nomine
1741 925 1792 954 Dei

963 971 1103 1006 Sabaoth,
1120 974 1148 999 et
1172 971 1281 999 mansit
1305 971 1386 999 intus
1402 972 1526 1005 daemon,
1543 973 1572 999 et
1587 973 1689 1008 postea
1705 979 1789 998 man-

965 1015 1003 1044 sit
1027 1024 1098 1051 puer
1120 1016 1149 1043 in
1174 1016 1291 1052 regione
1317 1016 1370 1044 hac
1395 1016 1456 1044 dies
1480 1018 1553 1049 tres,
1581 1017 1613 1043 ad
1640 1016 1792 1052 probatio-

965 1068 1031 1087 nem
1048 1059 1126 1094 l'acti,
1143 1068 1195 1087 nec
1221 1060 1299 1088 ﬂavit
1322 1060 1450 1096 amplius
1475 1060 1598 1096 spiritus
1620 1059 1648 1087 in
1676 1059 1792 1087 civitate

965 1105 1029 1139 hac,
1056 1107 1084 1132 et
1113 1107 1313 1140 cognOVerunt
1340 1105 1448 1132 Arabes
1482 1113 1584 1132 omnes
1618 1104 1688 1139 quia
1716 1106 1794 1132 certe

965 1149 1110 1178 conclusit
1124 1149 1272 1186 spiritum.
1288 1150 1370 1177 Tunc
1395 1152 1490 1177 utrem
1514 1149 1657 1185 imposuit
1673 1157 1746 1185 puer
1764 1149 1792 1176 in

965 1194 1120 1227 camelum,
1137 1196 1164 1221 et
1186 1194 1295 1221 Arabes
1316 1194 1493 1222 dimiserunt
1509 1202 1575 1221 eum
1599 1201 1666 1221 cum
1683 1193 1793 1221 honore

965 1238 1058 1266 multo
1073 1241 1102 1266 et
1127 1238 1212 1265 donis
1240 1238 1387 1274 pretiosis,
1403 1238 1558 1266 laudantes
1581 1240 1610 1266 et
1625 1238 1792 1274 gloriﬁcan-

965 1285 1010 1310 tes
1026 1283 1117 1310 Deum
1133 1282 1232 1310 Israel.
1250 1283 1322 1310 Puer
1339 1285 1435 1310 autem
1451 1282 1550 1310 attulit
1567 1285 1672 1316 utrem,
1689 1285 1717 1310 et
1733 1287 1791 1310 sla-

964 1327 1022 1354 tuit
1037 1327 1064 1354 in
1082 1327 1179 1354 medio
1195 1327 1296 1362 templi
1311 1336 1317 1360 ;
1341 1330 1369 1355 et
1386 1327 1525 1363 postridie
1540 1327 1659 1355 veniens
1675 1335 1726 1363 ego
1743 1335 1793 1355 rex

965 1371 1102 1399 Salomon
1118 1371 1147 1398 in
1164 1371 1304 1406 templum
1319 1372 1380 1405 Dei,
1394 1372 1527 1408 replebar
1541 1372 1662 1399 tristitia
1674 1380 1790 1408 magna,

966 1415 1072 1451 lapidis
1101 1416 1251 1451 angulsris
1276 1425 1387 1449 caiisa;
1419 1419 1447 1444 et
1475 1417 1658 1452 ingrediente
1688 1425 1734 1444 me
1759 1416 1788 1444 in

964 1460 1107 1495 templum
1142 1468 1266 1495 surgens
1300 1464 1365 1488 uter
1402 1461 1565 1488 ambulavit
1602 1462 1713 1497 gradus
1746 1469 1791 1488 se-

967 1507 1043 1540 ptem
1067 1514 1073 1532 :
1096 1505 1221 1541 procidit
1250 1508 1346 1533 autem
1379 1506 1408 1533 in
1437 1514 1480 1533 os.
1511 1509 1539 1533 et
1566 1508 1721 1534 veneratus
1750 1508 1796 1534 est

966 1558 1022 1578 me.
1052 1550 1085 1577 Et
1115 1551 1266 1578 admirans
1299 1559 1362 1587 ego,
1392 1552 1469 1588 quod
1497 1554 1526 1579 et
1558 1552 1585 1578 in
1616 1554 1681 1579 utre
1711 1554 1793 1588 pote-

82 1593 178 1630 λομῶν
196 1593 234 1622 είς
248 1594 295 1621 τὸν
310 1594 372 1620 ναὸν
396 1596 444 1621 τοῦ
469 1593 634 1630 Θεοῦ,ὴ’μην
663 1594 689 1621 ἐν
719 1593 791 1630 λύπῃ
815 1591 908 1630 πολλῇ

997 1598 1071 1622 atem
1098 1595 1218 1622 haberet
1242 1596 1367 1629 daemon,
1383 1599 1412 1623 et
1437 1596 1611 1630 ambularet,
1634 1597 1711 1632 jussi
1727 1604 1793 1624 eum

82 1637 144 1676 περῖ
169 1640 217 1666 τοῦ
241 1637 320 1670 λίθου
343 1641 392 1666 τοῦ
416 1638 629 1676 ἀκρογωνιαίου’
646 1638 691 1665 καί
719 1638 746 1664 ἐν
767 1639 808 1673 τῷ
831 1637 915 1674 ιῖσὲρ,

83 1682 180 1720 χισθαί
202 1693 248 1719 μοι
278 1684 338 1719 (sic)
369 1683 407 1714 εἰς
434 1683 480 1710 τὸν
508 1683 570 1710 ναὸν
596 1682 710 1713 ἀναστὰς
726 1683 739 1709 ὁ
755 1682 837 1713 ἀσκὸς
852 1681 916 1709 ἐπε-

87 1728 248 1765 ριεπάτησεν
273 1729 334 1763 (sic)
360 1727 427 1755 ἑπτὰ
458 1728 579 1764 βήματα·
596 1727 672 1754 ἔπεσε
696 1725 725 1754 δὲ
754 1726 797 1753 ἐπὶ
827 1726 914 1762 στόμα

82 1772 128 1798 καὶ
161 1771 346 1808 προσεκύνησέ
376 1782 433 1807 μοι.
460 1772 508 1798 Καὶ
538 1772 677 1807 θαυμάσας
712 1770 767 1807 ἐγὼ
799 1771 840 1798 ὅτι
869 1770 913 1797 καὶ

88 1815 155 1852 μετὰ
183 1816 266 1843 ἀσκοῦ
291 1814 407 1852 δύναμιν
432 1814 510 1853 ἔσχεν
533 1816 547 1843 ὁ
573 1814 688 1851 δαίμων,
713 1815 758 1842 καὶ
787 1814 914 1850 περιεπά-

83 1871 136 1894 τει,
150 1859 277 1887 ἐκέλευσα
305 1860 384 1887 αὐτὸν
411 1860 566 1894 ἀναστῆναι·
583 1860 628 1887 καὶ
657 1859 752 1893 ἀνέστη
783 1859 797 1886 ὁ
822 1859 913 1895 ἀσκὸς,

89 1904 134 1932 καὶ
164 1902 225 1940 ἔστη
254 1907 313 1935 τοῖς
341 1905 404 1932 ποσὶ
434 1904 636 1942 πεφυσημένος.
663 1903 713 1931 Καὶ
749 1903 915 1939 ἐπηρώτησα

86 1948 168 1976 αὐτὸν
197 1949 293 1986 λέγων.
312 1948 379 1976 Εἲπὲ
410 1959 467 1984 μοι,
482 1948 513 1975 σὺ
536 1948 578 1980 τίς
603 1949 644 1983 si;
661 1948 706 1975 καὶ
735 1945 785 1986 ἔφη
815 1945 913 1975 ἔσωθεν

84 1994 116 2020 τὸ
141 1995 248 2029 πνεῦμα
262 2003 268 2010 ·
287 1993 359 2030 Ἐγώ
385 1993 443 2030 εἰμι
464 1994 478 2020 ὁ
502 1992 653 2029 λεγόμενος
676 1992 825 2031 Ἐφίππας,
842 1993 856 2019 ὁ
877 1991 913 2019 ὢν

83 2037 110 2065 ἓν
125 2040 159 2074 τῇ
177 2035 311 2074 Ἀραϐίᾳ·
328 2037 373 2064 καὶ
402 2038 476 2065 εἶπον
504 2037 577 2073 αὐτῷ
590 2047 597 2053 ·
614 2037 698 2064 Τοῦτό
730 2036 772 2064 σοί
800 2037 855 2064 ἐστι
883 2037 914 2064 τὸ

84 2083 174 2118 ὄνομα
185 2092 192 2117 ;
204 2083 234 2111 Ὁ
251 2081 280 2110 δὲ
294 2082 356 2117 ἔφη·
373 2082 436 2114 Ναὶ,
450 2081 519 2110 ὅπου
535 2082 587 2118 ἐγὼ
602 2081 753 2119 βούλομαι,
766 2081 914 2119 ἐφίπταμαι

85 2127 131 2154 καὶ
154 2127 309 2164 ἐμπυρίζω,
333 2127 378 2154 καὶ
409 2129 525 2158 θανατῶ.
554 2127 601 2153 Καὶ
628 2127 702 2153 εἷπον
721 2125 813 2162 αὐτῷ’
841 2125 916 2162 Ποίῳ

84 2171 194 2209 ἀγγέλῳ
218 2173 342 2209 καταργῇ
373 2171 405 2198 σύ
420 2181 427 2205 ;
444 2172 458 2198 ὁ
478 2170 507 2198 δὲ
521 2171 603 2198 εἶπεν·
620 2173 648 2197 ‘0
679 2173 822 2207 μονάρχης
852 2171 916 2202 Θεὸς

83 2217 98 2243 ὁ
114 2215 186 2253 Πχων
202 2216 322 2251 ἐξουσίαν
338 2216 396 2243 κατ’
412 2216 491 2252 ἐμοῦ,
507 2216 550 2243 καὶ
567 2215 722 2247 ἀκούεσθαι·
741 2215 755 2242 ὁ
772 2215 816 2242 διὰ
843 2219 915 2253 Παρ-

83 2261 160 2288 θένου
176 2260 287 2296 μέλλων
313 2262 452 2299 γεννᾶσθαι
482 2261 527 2287 καὶ
557 2260 609 2288 ὑπὸ
626 2259 765 2287 Ἰουδαίων
796 2270 919 2296 σταυρω,

83 2306 162 2337 θῆναι
192 2305 236 2332 ἐπὶ
264 2305 400 2341 ξύλου·ὃν
427 2307 626 2342 προσκυνοῦσιν
656 2303 782 2342 ἄγγελοι,
808 2305 919 2343 ἀρχάγ-

86 2349 174 2388 γιλοι·
193 2349 293 2380 ἐκεῖνός
324 2360 356 2385 με
384 2351 515 2387 καταργιῖ
531 2359 537 2366 ·
555 2349 600 2376 καὶ
629 2349 721 2376 ἀτονεῖ
751 2360 784 2385 με
812 2348 843 2376 ἐκ
869 2352 919 2382 τῆς

85 2392 199 2428 πολλῆς
231 2404 282 2430 μου
312 2392 461 2430 δυνάμεως,
485 2397 535 2428 τῆς
565 2393 689 2428 δοθείσης
713 2404 760 2430 μοι
792 2393 843 2421 ὑπὸ
871 2396 919 2422 τοῦ

88 2438 193 2473 πατρός
212 2449 265 2474 μου
276 2439 324 2465 του
340 2436 481 2466 διαϐόλου.
500 2438 582 2466 Εἶπον
606 2437 634 2465 δὶ
648 2438 733 2474 αὐτῷ·
750 2438 780 2465 Τί
807 2437 918 2466 δύνασαι

88 2486 203 2517 ποιῆσαι
218 2491 225 2516 ς
239 2483 269 2511 Ὁ
285 2481 313 2510 δὶ
327 2482 390 2520 ἔφη·
408 2483 480 2520 Ἐγὼ
500 2481 612 2514 δυνατός
639 2482 696 2518 siut
725 2482 776 2519 ὅρη
807 2483 917 2522 μεταφέ-

87 2537 154 2566 ρειν,
184 2526 272 2558 οἰκίας
302 2526 437 2564 βασιλέων
467 2524 640 2561 καταϐαλεῖν,
670 2525 766 2564 δένδρα
795 2527 919 2555 ἀπέταλα

89 2571 223 2609 μαραίνω.
241 2571 292 2600 Καὶ
320 2572 393 2598 εἶπον
423 2571 514 2607 αὐτῷ·
533 2571 646 2598 Δύνασαι
674 2571 770 2609 ἐπᾶραι
799 2572 844 2599 τὸν
878 2572 905 2600 λί

87 2622 133 2648 θον
157 2618 252 2643 τοῦτον
277 2616 321 2642 καὶ
350 2616 440 2647 Θέσθαι
466 2615 545 2642 αὐτὸν
562 2615 600 2647 εἷς
613 2616 663 2650 τήν
680 2616 772 2653 ἀρχὴν
788 2619 839 2651 τῆς
863 2627 918 2654 γω-

87 2661 145 2692 νίας
175 2659 276 2694 ταύτης
304 2663 354 2694 τῆς
381 2658 464 2695 οὔσης
494 2660 519 2687 ἐν
547 2662 582 2697 τῇ
613 2660 757 2698 εὐπρεπείᾳ
772 2663 819 2688 τοῦ
838 2663 919 2703 και-»ὗς

86 2707 109 2734 Ο
133 2703 162 2733 δὶ
191 2703 253 2744 ἔφη·
272 2704 308 2732 Οὐ
335 2705 417 2742 μόνον
443 2707 538 2733 τοῦτον
564 2704 672 2743 ἐπᾶραι,
699 2705 825 2743 βασιλεῦ,
848 2705 921 2734 ἀλλὰ

251 2770 381 2800 Ρλτηοι.
408 2771 463 2800 Gs.
490 2769 609 2800 CXXII.

969 1642 1047 1667 stare
1060 1649 1066 1668 :
1079 1642 1106 1667 et
1122 1640 1246 1668 surrexit
1264 1644 1337 1673 uter,
1347 1643 1375 1668 et
1389 1641 1472 1668 stetit
1487 1641 1611 1677 pedibus
1627 1641 1794 1676 distentus;

969 1687 998 1711 et
1013 1684 1186 1719 interrogavi
1202 1692 1267 1711 eum
1284 1685 1384 1712 dicens
1397 1694 1403 1712 :
1416 1685 1515 1713 Indica
1531 1685 1602 1713 mihi
1619 1687 1650 1712 tu
1663 1685 1730 1721 quis
1741 1685 1793 1713 sis.

969 1730 1003 1754 Et
1018 1728 1059 1754 ait
1074 1728 1109 1755 ab
1126 1729 1204 1756 intus
1228 1728 1350 1764 spiritus
1366 1737 1373 1756 :
1390 1731 1448 1762 Ego
1464 1737 1530 1756 sum
1557 1730 1670 1757 daemon
1695 1730 1793 1757 dictus

969 1772 1128 1808 Ephippas,
1151 1776 1234 1800 stans
1257 1773 1286 1800 in
1312 1774 1428 1801 Arabia.
1454 1774 1487 1801 Et
1511 1774 1569 1801 dixi
1586 1774 1610 1800 ei
1634 1782 1640 1801 :
1667 1773 1725 1801 Hoc
1749 1776 1794 1801 est

970 1825 1075 1843 nomen
1092 1819 1200 1844 tuum?
1225 1817 1258 1843 Et
1273 1817 1314 1843 ait
1330 1825 1337 1844 τ
1353 1817 1444 1844 Etiam
1459 1827 1466 1850 ;
1491 1825 1549 1852 quo
1565 1817 1636 1844 mihi
1658 1817 1795 1844 voluntas

969 1864 1014 1888 est
1037 1861 1151 1894 advolo,
1177 1863 1204 1888 et
1231 1861 1368 1893 ascendo,
1393 1863 1422 1888 et
1447 1869 1527 1888 neco.
1552 1861 1585 1889 Et
1608 1861 1665 1888 dixi
1691 1861 1717 1888 ei
1741 1869 1747 1889 :
1772 1862 1796 1889 A

970 1913 1027 1940 quo
1043 1905 1146 1940 angelo
1171 1905 1318 1940 impotens
1342 1906 1491 1933 efﬁceris?
1507 1906 1539 1933 Et
1554 1906 1615 1933 ait:
1633 1906 1702 1940 Rex,
1718 1905 1796 1933 Deus

970 1950 1058 1977 habet
1082 1952 1255 1986 potestatem
1282 1950 1310 1977 in
1339 1959 1395 1984 me,
1426 1953 1458 1978 ut
1486 1951 1602 1978 audiam
1633 1959 1711 1983 eum,
1743 1950 1793 1987 qui

970 1994 1138 2022 nasciturus
1168 1997 1213 2022 est
1239 2003 1272 2022 ex
1297 1995 1426 2031 Virgins,
1456 1997 1484 2022 et
1507 2005 1522 2022 ιι
1546 1996 1653 2023 Iudaeis
1677 1996 1793 2022 cruciﬁ-

970 2039 1084 2074 gendus
1099 2040 1128 2066 in
1146 2039 1233 2072 ligno,
1251 2048 1337 2075 quem
1354 2042 1530 2067 venerantur
1545 2040 1652 2075 angeli,
1669 2040 1794 2068 archan-

970 2084 1045 2119 geli;
1070 2084 1120 2112 ille
1137 2093 1216 2112 meas
1232 2085 1306 2112 vires
1332 2086 1451 2120 frangit,
1477 2088 1505 2112 et
1520 2085 1604 2112 orbat
1628 2093 1674 2113 me
1689 2093 1796 2119 magna

971 2131 1114 2164 potestate
1147 2129 1218 2156 mihi
1250 2137 1387 2157 concessa
1415 2138 1430 2156 a
1461 2132 1541 2164 patre
1574 2137 1638 2157 meo
1669 2129 1795 2157 diabolo.

971 2174 1031 2200 Dixi
1055 2173 1081 2201 ei
1107 2181 1113 2200 τ
1140 2174 1213 2206 Quid
1246 2177 1329 2209 potes
1357 2174 1472 2202 facere?
1500 2174 1554 2206 Qui
1583 2174 1624 2201 ait
1653 2182 1659 2201 :
1692 2173 1796 2201 Potens

970 2226 1036 2245 sum
1053 2220 1081 2244 et
1106 2220 1221 2245 montes
1249 2220 1375 2253 portare,
1401 2226 1503 2254 regum
1526 2219 1629 2245 domos
1654 2217 1798 2245 evellere:

934 2273 958 2305 Ι)
974 2263 1092 2290 arbores
1107 2262 1183 2290 foliis
1199 2263 1294 2290 nudos
1319 2271 1496 2290 marcescere
1521 2263 1603 2290 facio.
1622 2262 1656 2289 Et
1671 2262 1729 2289 dixi
1746 2263 1771 2290 ei
1790 2270 1797 2289 :

975 2307 1096 2334 Potesne
1111 2306 1211 2334 tollere
1234 2306 1360 2342 lapidem
1385 2307 1474 2339 hunc,
1491 2309 1519 2334 et
1543 2314 1650 2341 ponere
1664 2307 1692 2334 in
1710 2307 1800 2341 caput

974 2351 1072 2387 anguli
1108 2352 1142 2378 ad
1178 2352 1310 2378 decorem
1340 2351 1466 2386 templi?
1499 2351 1559 2378 Non
1588 2351 1684 2378 solum
1719 2351 1799 2378 hunc

975 2396 1087 2429 tollere,
1113 2404 1172 2427 rex,
1199 2395 1306 2430 inquit,
1328 2395 1421 2426 valeo.
1446 2396 1498 2423 sed
1522 2398 1550 2423 et
1574 2403 1642 2423 cum
1667 2395 1799 2422 daemone

976 2440 1025 2475 qui
1050 2442 1095 2467 est
1118 2448 1207 2475 super
1223 2448 1303 2466 mare
1333 2440 1461 2467 Rubrum
1486 2440 1604 2467 aﬂ’eram
1629 2440 1798 2467 columnam

976 2484 1237 2512 aatheroczeruleam
1276 2487 1304 2511 et
1347 2493 1452 2520 ponam
1495 2491 1559 2512 eam
1601 2484 1651 2512 ubi
1691 2484 1735 2511 vis
1770 2485 1800 2511 in

974 2529 1148 2556 Jerusalem.
1184 2529 1249 2556 Haec
1281 2529 1393 2561 dicens,
1427 2529 1506 2564 coegi
1540 2537 1617 2562 eum,
1653 2530 1681 2556 et
1713 2527 1799 2564 quasi

975 2573 1095 2601 inﬂatus
1124 2576 1188 2601 uter
1217 2573 1311 2601 factus
1340 2578 1392 2606 est,
1420 2575 1449 2601 et
1477 2573 1620 2608 supposui
1646 2573 1748 2608 lapidi,
1773 2574 1802 2600 et

976 2618 1126 2654 praecinxit
1141 2626 1182 2649 se,
1198 2621 1226 2645 et
1251 2617 1358 2645 levavit
1382 2617 1411 2644 in
1435 2617 1527 2645 altum
1545 2619 1661 2651 utrem;
1687 2622 1715 2645 et
1730 2625 1798 2644 oon-

976 2663 1090 2690 scendit
1118 2666 1182 2689 uter
1210 2661 1303 2689 scalas
1341 2663 1437 2690 ferens
1465 2662 1603 2698 lapidem,
1631 2664 1661 2689 et
1695 2660 1802 2688 statuit

975 2715 1042 2735 cum
1059 2706 1088 2734 in
1105 2706 1277 2734 summitate
1292 2707 1390 2734 aditus
1405 2706 1517 2743 templi.
1534 2707 1592 2743 Ego
1607 2708 1703 2733 autem
1720 2705 1800 2732 Salo-

1602 2770 1640 2798 43
