1932 3050
107 53 184 82 1355

392 53 480 83 APP.
504 53 555 82 AD
578 52 686 83 MlCH.
711 51 903 82 PSELLUM.
921 67 959 73 —
977 51 1273 83 'l‘ES’l‘AMEN'l‘UM
1298 51 1533 82 SALOMONIS.

1750 52 1823 82 1356

106 125 188 152 mon,
203 119 307 147 videns
322 117 451 155 lapidem
477 118 626 146 sublatum
654 120 682 146 et
696 118 835 151 locatum,
851 119 867 145 d

1061 116 1099 144 ὠν
1121 119 1160 153 τῷ
1190 116 1301 153 δαίμονι
1328 119 1368 152 τῷ
1395 116 1438 145 ἐπὶ
1465 119 1514 152 τῆς
1528 119 1658 156 Ἐρυθρᾶς
1685 116 1824 151 θαλάσσης

105 161 178 190 Vere
206 163 327 200 impleta
352 166 396 192 est
421 163 572 199 Scriptura
595 164 694 191 dicens
721 172 728 191 :
752 174 766 188 ‹‹
792 163 930 198 Lapidem

105 214 194 242 quem
212 209 442 244 reprobaverunt
457 208 648 241 aedificantes,
664 208 712 236 hic
734 208 828 235 factus
843 209 888 235 est
903 207 932 233 in

104 254 193 288 caput
209 252 327 288 anguli;
345 264 360 278 »
376 252 445 288 quia
461 252 516 280 hoc
532 261 588 280 non
610 255 655 280 est
671 260 768 280 meum
786 252 866 285 dare,
882 251 933 279 sed

103 295 165 329 Dei,
192 299 224 324 ut
247 297 340 333 possit
363 298 477 325 daemon
507 297 633 333 lapidem
658 296 759 324 tollere
783 295 882 331 talem,
907 297 936 323 et

103 343 234 369 statuere
249 341 278 369 in
296 341 358 370 loco
372 350 460 377 quem
479 341 622 370 volebam.
639 342 673 369 Et
688 341 810 368 adduxit
825 340 935 377 Ephip-

103 393 156 420 pas
181 385 343 414 daemonem
371 386 421 422 qui
444 389 507 415 erat
532 388 562 414 in
579 387 654 414 mari
678 386 789 421 Rubro,
807 393 873 413 cum
889 392 935 412 co-

103 429 218 464 lumna,
244 432 273 458 et
298 430 477 466 accipientes
504 430 590 458 ambo
615 430 795 465 columnam,
824 429 936 457 levave-

105 476 175 502 runt
190 483 206 502 ο
221 477 307 502 terra.
333 476 392 511 Ego
411 477 508 504 autem
536 477 613 502 recte
637 475 771 510 cogitans
795 473 864 510 quia
879 474 937 501 duo

105 518 135 546 hi
152 519 276 555 spiritus
292 519 421 548 valerent
445 522 553 547 terram
578 527 696 547 omnem
722 521 885 554 concutere,
907 519 936 546 in

105 566 214 599 puncto
224 564 376 600 temporis,
385 564 497 600 signavi
511 564 579 591 hinc
591 566 620 591 et
630 563 698 591 hinc
710 563 935 599 nunulo,etdixi:

104 607 181 636 Satis
197 609 260 642 est;
278 610 307 636 et
321 610 495 636 manserunt
505 608 628 644 spiritus
640 610 791 644 portantes
804 615 896 644 usque
908 608 936 635 in

104 652 278 681 hodiernam
295 653 385 689 diem,
400 653 435 681 ad
461 654 660 681 ostensionem
684 652 782 680 indita
801 652 874 680 mihi
892 661 936 680 sa-

105 697 221 732 pientia:
236 707 243 732 ;
260 699 288 725 et
303 700 366 725 erat
382 705 528 733 suspensa
552 697 690 725 columna
703 705 790 732 super
805 696 936 724 altitudi-

107 749 187 774 nem,
202 749 254 777 per
269 750 347 776 aera,
360 751 376 769 ιι
391 741 546 777 spiritibus
558 743 683 777 portata,
697 743 725 768 et
741 741 782 769 sic
798 741 935 768 deorsum

108 785 230 821 spiritus
249 786 426 814 videbantur
440 785 525 822 quasi
550 793 647 813 aerem
665 787 834 821 portantes;
850 788 877 812 et
898 787 938 812 at-

109 830 239 857 tendenti
261 830 390 865 cuilibet,
412 830 550 858 columna
566 830 707 858 inclinata
722 832 803 858 vecta
819 838 835 857 ο.
850 830 936 866 spiri-

106 874 186 902 tibus
201 875 317 902 videtur
331 877 359 902 et
373 877 418 902 est
434 883 530 910 usque
545 874 574 902 in
591 874 763 902 hodiernam
780 874 868 902 diem.

992 161 1119 199 ἀναγάγω
1147 162 1192 189 τὸν
1222 162 1299 189 κίονα
1324 162 1369 189 τὸν
1392 162 1466 198 (τὴν)
1493 161 1631 199 ἀεριστήν,
1657 162 1704 189 καὶ
1740 163 1825 196 στήτω

989 204 1069 233 αὐτὸν
1100 207 1171 233 ὅπου
1203 205 1297 243 βούλει
1335 205 1361 234 ἐν
1390 205 1585 243 Ἰερουσαλήμ.
1611 206 1706 235 Ταῦτα
1746 206 1825 233 εἰπὼν

988 250 1130 288 ἠνάγκασα
1159 250 1250 285 αὐτὸν,
1266 251 1310 278 καὶ
1337 250 1401 278 ὡσεὶ
1428 250 1588 290 ἐκφυσηθεῖς
1614 252 1628 278 ὁ
1655 251 1746 282 ἀσκὸς
1770 250 1813 287 ἐγέ

989 305 1060 329 νετο,
1083 295 1128 322 καὶ
1157 294 1307 323 ὑποδεδεκα
1330 297 1370 331 τῷ
1391 294 1470 331 λίθῳ,
1494 295 1539 322 καὶ
1567 295 1696 330 διέζωσεν
1720 296 1824 330 ἑαυτὸν,

989 340 1032 367 καὶ
1063 339 1162 375 ἐπῆρεν
1191 339 1280 367 ἐπάνω
1305 339 1352 368 τόν
1379 340 1471 369 ἀσκόν.
1489 340 1540 368 Καὶ
1571 340 1688 375 ἀνῆλθεν
1710 341 1726 368 ὁ
1746 341 1822 371 ἀσκὸς

990 385 1038 416 τὰς
1061 384 1198 421 κλίμακας
1224 385 1364 422 βαστάζων
1388 385 1435 412 τὸν
1459 384 1546 421 λίθον,
1565 385 1610 412 καὶ
1636 384 1716 417 ἔθετο
1745 385 1822 412 αὐτὸν

992 429 1030 460 εἷς
1044 429 1094 463 τὴν
1113 427 1195 466 ἄκραν
1214 433 1264 463 τῆς
1288 427 1395 456 εἰσόδου
1417 431 1466 457 τοῦ
1490 431 1566 458 ναοῦ.
1582 430 1653 467 Ἐγὼ
1678 429 1708 457 δὲ
1736 430 1823 457 Σολο-

993 475 1063 509 μῶν,
1081 472 1145 500 ἰδὼν
1162 473 1207 501 τὸν
1229 472 1305 500 λίθον
1326 473 1479 511 ἐπηρμένον
1501 474 1545 501 καὶ
1568 474 1823 511 τεθεμελιωμένον,

992 517 1076 545 εἷπον·
1094 517 1222 553 Ἀληθῶς
1236 517 1386 554 ἐπληρώθη
1404 519 1422 553 ἡ
1443 519 1536 556 Γραιφή
1559 519 1576 553 ἡ
1601 518 1722 556 λέγουσα
1749 518 1824 551 λίθον

992 562 1022 589 ὃν
1061 561 1265 598 ἀπεδοκίμασαν
1292 563 1318 589 οἱ
1344 561 1564 599 οἰκοδομοῦντες,
1592 563 1672 595 οὗτος
1705 563 1823 600 ἐγενήθη

993 607 1030 636 εἰς
1054 606 1176 645 κεφαλὴν
1200 607 1309 643 γωνίας·
1327 606 1368 634 ὅτι
1393 609 1474 634 τοῦτο
1494 607 1542 634 οὐκ
1567 606 1637 635 ἔστιν
1664 607 1733 644 ἐμὸν
1761 607 1824 635 δοῦ-

992 661 1034 678 ναι
1050 650 1122 678 ἀλλὰ
1136 653 1184 678 τοῦ
1200 653 1277 678 Θεοῦ·
1293 651 1325 678 τὸ
1335 654 1497 690 κατισχῦσαι
1517 652 1562 679 τὸν
1579 651 1700 689 δαίμονα
1727 652 1824 689 ἐπᾶραι

990 695 1035 723 τὸν
1066 695 1143 727 λίθον
1167 695 1343 730 τηλικοῦτον,
1360 696 1405 723 καὶ
1430 695 1575 728 ἀποθέσθαι
1602 697 1684 725 αὐτὸν
1711 697 1754 728 εἷς
1779 697 1824 724 τὲ-

991 750 1041 768 πον
1071 740 1099 767 ὃν
1127 737 1295 776 ἐϐουλόμην.
1326 740 1378 768 Καὶ
1407 739 1658 780 ἤγαγενἘφιππᾶς
1686 742 1737 769 τὸν
1767 741 1823 768 δαί-

994 795 1061 822 μονα
1076 785 1122 812 τὸν
1155 783 1180 811 ἐν
1196 786 1230 821 τῇ
1248 785 1364 823 Ἐρυθρᾷ
1388 784 1509 822 θαλάσσῃ
1538 787 1605 821 μετά
1631 788 1682 813 τοῦ
1708 786 1822 817 κίονος·

991 829 1035 856 καί
1066 826 1195 860 λαϐόντες
1226 829 1374 868 ἀμφότεροι
1402 830 1448 857 τὸν
1475 830 1551 857 κίονα
1588 831 1740 867 ὑψώθησαν
1773 832 1824 858 ἀπὸ

991 877 1041 908 τῆς
1068 877 1129 911 γῆς.
1158 874 1226 911 Ἐγὼ
1265 872 1304 908 δὲ,
1332 877 1582 912 κατασοφισάμενος
1620 874 1663 902 ὅτι
1698 876 1736 902 τὰ
1777 874 1823 903 δύο

106 917 247 954 πνεύματα
261 920 345 945 ταῦτα
365 917 499 953 ἠδύναντο
516 919 566 953 τὴν
581 918 746 955 οἰκουμένην
763 918 831 954 ὃλην
848 917 976 946 σαλεῦσαι
992 917 1017 944 ἦν
1033 920 1135 955 στιγμῇ
1150 918 1267 956 χρόνου’
1283 919 1499 956 περιεσφράγισα
1518 916 1590 951 ἔνθεν
1614 920 1660 946 καὶ
1688 918 1768 951 ἔνθεν
1788 922 1825 955 τῷ

105 961 255 998 δακτυλίῳ,
271 963 314 990 καὶ
333 963 417 990 εἷπον·
436 962 592 996 φυλάσσου,
608 963 652 990 καί
672 960 780 999 ἔμειναν
803 963 836 990 τὰ
859 962 1000 999 πνεύματα
1025 963 1191 1000 βαστάζοντα
1216 963 1299 1000 μέχρι
1326 965 1376 996 τῆς
1401 964 1522 1000 σήμερον
1543 964 1580 994 εἷς
1604 963 1751 999 ἀπόδειξιν
1776 968 1824 998 τῆς

104 1005 252 1043 δεδομὲνης
284 1018 330 1043 μοι
362 1007 469 1046 σοφίας.
501 1007 552 1035 Καὶ
573 1007 605 1041 ἦν
637 1007 808 1044 κρεμάμενος
838 1007 852 1034 ὁ
878 1007 945 1034 κίων
974 1007 1040 1044 ὑπὲρ
1072 1007 1184 1045 μέγεθος
1212 1006 1257 1034 διὰ
1284 1010 1333 1035 τοῦ
1367 1008 1458 1045 ἀέρος,
1488 1008 1541 1035 ὑπὸ
1568 1011 1623 1036 τῶν
1653 1009 1825 1036 πνευμάτων

106 1051 316 1089 βασταζόμενος·
333 1051 378 1078 καὶ
403 1051 489 1082 οὕτως
519 1052 638 1083 κάτωθεν
663 1051 697 1078 τὰ
721 1051 861 1087 πνεύματα
884 1050 1022 1090 ἐφαίνοντο
1045 1051 1134 1088 ὥσπερ
1152 1052 1204 1088 αὴρ
1228 1052 1406 1090 βαστάζοντα·
1423 1053 1468 1080 καὶ
1484 1052 1509 1080 ἐν
1525 1054 1565 1089 τῷ
1584 1053 1720 1088 ἀτενίζειν
1737 1064 1795 1089 τις,
1814 1055 1826 1081 ὁ

102 1095 170 1122 κίων
187 1095 319 1130 ὑπόΛοξος
338 1096 538 1134 βασταζόμενος
556 1095 608 1123 ὑπὸ
622 1098 676 1123 τῶν
694 1095 865 1132 πνευμάτων,
882 1095 926 1123 καὶ
942 1094 1012 1123 ἔστιν
1028 1094 1079 1126 ἕως
1095 1097 1144 1128 τῆς
1160 1097 1292 1133 σήμερον.

136 1150 171 1177 Et
197 1158 250 1186 ego
277 1150 415 1178 Salomon
442 1150 621 1185 interrogavi
646 1150 782 1186 spiritum
807 1150 931 1178 alterum

98 1194 146 1230 qui
163 1202 229 1222 cum
246 1195 382 1222 columna
397 1198 516 1223 venerat
536 1203 571 1222 ex
586 1196 691 1231 abysso
708 1194 799 1222 maris
814 1194 906 1223 Rubri
924 1203 930 1222 :

98 1241 128 1267 et
141 1239 199 1267 dixi
224 1239 249 1267 ei
267 1247 273 1267 :
291 1240 333 1267 Tu
351 1239 418 1275 quis
442 1241 496 1267 es?
519 1243 547 1267 et
570 1239 646 1275 quod
668 1247 774 1267 nomen
792 1241 886 1274 tuum,
904 1241 933 1266 et

100 1291 165 1319 quae
182 1286 232 1311 tua
243 1283 373 1319 operatio
384 1283 398 1310 ?
414 1284 483 1319 quia
498 1283 592 1311 multa
601 1284 690 1311 audio
706 1284 740 1311 de
756 1285 794 1311 te.
811 1283 930 1311 Daemon

100 1330 198 1356 autem
216 1328 255 1356 ait
275 1337 280 1355 :
297 1328 367 1364 Ego,
386 1336 435 1356 rex
449 1327 598 1362 Salomon,
615 1336 704 1356 vocor
718 1328 928 1362 Abezethibod;

99 1375 182 1401 ortus
199 1382 264 1401 sum
281 1382 315 1401 ex
337 1373 512 1409 archangelo
537 1373 599 1409 (qui
625 1373 694 1401 olim
711 1373 772 1400 sedi
788 1373 817 1400 in
835 1372 930 1409 primo

97 1417 191 1452 coelo),
210 1419 296 1453 cujus
312 1426 417 1446 nomen
428 1417 605 1452 Amelouth;
624 1426 676 1453 ego
692 1417 783 1453 igitur
794 1425 860 1445 sum
872 1417 931 1452 spi-

97 1462 173 1490 ritus
189 1462 342 1496 molestus,
355 1462 461 1497 alatus,
476 1462 592 1490 unicam
610 1462 687 1489 alam
703 1461 825 1497 habens,
839 1462 930 1497 impe-

95 1514 163 1534 rans
180 1507 259 1534 omni
276 1509 360 1534 vento
372 1508 427 1535 sub
444 1507 512 1534 cmlo
526 1517 532 1541 ;
551 1507 667 1534 aderam
683 1507 801 1542 quando
816 1506 929 1542 Moyses

94 1551 216 1578 intravit
240 1552 275 1578 ad
302 1551 482 1579 Pharaonem
509 1559 605 1586 regem
632 1551 759 1586 Egypti,
785 1551 928 1578 indurans

93 1603 144 1622 cor
154 1596 233 1630 ejus;
247 1604 299 1631 ego
308 1603 374 1623 sum
386 1603 470 1630 quem
484 1595 750 1622 invocabantJanis
762 1597 791 1622 et
799 1595 927 1623 Jambris

94 1639 145 1674 qui
171 1639 343 1666 restiterunt
369 1639 458 1675 Moysi
484 1639 512 1666 in
531 1640 670 1674 IEgypto;
695 1647 748 1674 ego
771 1647 850 1673 sum,
875 1639 925 1675 qui

95 1684 269 1711 adversatus
286 1691 351 1711 sum
367 1684 457 1719 Moysi
474 1684 503 1711 in
529 1683 667 1711 extremis
683 1691 734 1719 per
751 1684 845 1719 signa.
865 1683 925 1711 Dixi

95 1736 163 1763 ergo
179 1728 205 1755 ci
222 1736 229 1755 :
245 1728 395 1760 Quomodo
421 1728 510 1763 igitur
526 1728 661 1755 inventus
685 1735 716 1755 es
733 1727 762 1755 in
777 1727 850 1755 mari
867 1728 925 1755 Ptu-

96 1772 148 1799 bro
160 1772 173 1799 ?
188 1772 223 1799 Et
238 1772 279 1800 ait
295 1780 301 1800 :
320 1773 351 1799 In
367 1772 444 1800 exitu
462 1772 589 1800 ﬁliorum
609 1771 706 1806 lsrucl,
723 1780 776 1808 ego
792 1772 925 1800 induravi

96 1826 146 1845 cor
171 1818 339 1853 Pharaonis,
355 1821 384 1845 et
408 1818 529 1845 excitavi
555 1826 604 1845 cor
627 1817 703 1852 ejus,
728 1820 757 1845 et
776 1818 924 1845 ministro-

96 1870 161 1889 rum
179 1862 252 1897 ejus,
265 1864 294 1889 et
310 1862 365 1889 l‘eoi
382 1864 414 1889 ut
430 1863 677 1897 persequerentur
688 1860 763 1888 ﬁlios
779 1860 883 1895 Israel;
896 1862 925 1888 et

94 1905 183 1933 simul
208 1908 350 1934 venerunt
377 1906 488 1934 Pharao
512 1908 541 1933 et
567 1905 691 1942 Egyptii
715 1913 838 1939 omnes;
855 1907 925 1933 tunc

93 1951 210 1978 aderam
226 1951 277 1984 ibi,
293 1953 322 1978 et
349 1950 438 1978 simul
455 1950 609 1984 venimus;
635 1952 662 1977 et
679 1950 804 1985 ingressi
820 1957 925 1977 sumus

92 2003 195 2022 omnes
211 1995 239 2022 in
265 1995 339 2022 mari
366 1995 474 2022 Rubro.
500 1995 535 2022 Et
559 1995 668 2022 factum
695 1996 749 2026 est,
767 1996 924 2029 postquam

92 2039 278 2067 transierunt
294 2039 345 2066 ﬁlii
363 2039 463 2071 Israel,
477 2047 593 2067 reversa
608 2042 652 2067 est
667 2047 756 2074 aqua,
769 2042 796 2066 et
811 2038 926 2074 operuit

93 2092 210 2111 omnem
226 2084 386 2111 exercitum
413 2084 626 2120 Egyptiorum,
643 2087 671 2111 et
689 2084 854 2111 universam
873 2091 924 2119 po-

94 2130 230 2155 testatem
247 2136 359 2155 eorum.
385 2128 525 2156 Inventus
552 2137 617 2155 sum
634 2136 687 2163 ego
703 2128 749 2155 hic
765 2130 794 2157 et
809 2128 925 2164 operuit

95 2179 141 2198 me
159 2171 246 2204 unda,
263 2174 292 2198 et
313 2172 409 2199 mansi
434 2171 463 2198 in
487 2172 570 2205 mari,
589 2172 787 2207 praecipitatus
802 2171 858 2199 sub
873 2180 924 2199 co-

95 2216 196 2243 lumna
211 2216 276 2243 hac.
293 2217 365 2244 Cum
378 2218 477 2243 autem
492 2217 569 2243 venit
584 2216 732 2252 Ephippas
748 2217 858 2243 missus
870 2225 886 2244 a
897 2224 925 2244 te

94 2260 123 2288 in
140 2260 255 2288 sacculo
276 2260 353 2288 utris
371 2260 514 2295 inclusus,
540 2261 641 2288 eduxit
666 2269 711 2288 me
727 2263 793 2296 post
807 2269 848 2288 se.
865 2261 923 2296 Ego

93 2305 184 2341 igitur
199 2305 339 2333 Salomon
364 2304 425 2332 haec
450 2305 584 2339 audiens,
601 2305 759 2341 glorilicavi
776 2307 877 2338 Deum,
893 2309 922 2332 et

92 2350 225 2385 adjuravi
240 2350 388 2377 daemones
413 2351 445 2377 ut
471 2349 611 2377 mandata
632 2358 698 2377 mea
719 2357 776 2377 non
792 2349 920 2385 prmeri-

92 2397 166 2428 rent,
184 2394 233 2422 sed
251 2396 406 2422 manerent
421 2396 571 2430 portantes
595 2393 783 2428 columnam;
799 2396 828 2421 et
838 2394 920 2428 jura-

91 2442 195 2466 verunt
211 2439 295 2466 ambo
312 2439 443 2466 dicentes
462 2447 468 2466 :
485 2438 563 2466 Vivit
587 2438 730 2465 Dominus
748 2438 822 2465 Deus
839 2440 919 2472 tuus,

91 2492 149 2510 non
165 2484 346 2518 deponemus
359 2484 435 2511 hanc
451 2483 620 2511 columnam
632 2491 726 2518 usque
736 2483 771 2510 ad
784 2491 920 2510 consum-

93 2527 251 2554 mationem
265 2527 381 2562 saeculi;
411 2527 436 2555 si
452 2530 550 2555 autem
576 2527 661 2555 cadat
675 2527 746 2555 olim
761 2526 836 2562 lapis
853 2527 918 2561 iste,

91 2576 162 2600 tunc
177 2574 231 2600 erit
246 2574 463 2601 consummatio
475 2574 585 2602 smeuli.
596 2574 631 2601 Et
646 2582 699 2609 ego
711 2573 848 2601 Salomon
861 2572 919 2609 glo-

93 2617 202 2645 rificavi
230 2620 334 2651 Deum,
360 2623 387 2646 et
411 2619 511 2646 ornavi
540 2618 684 2654 templum
710 2618 826 2646 Domini
851 2626 918 2646 cum

95 2662 176 2690 omni
190 2662 333 2695 decentia,
351 2665 379 2690 et
393 2663 531 2691 sedebam
557 2663 625 2691 felix
639 2663 668 2690 iu
694 2671 783 2698 regno
799 2671 874 2697 meo,
891 2665 919 2690 et

96 2708 158 2734 erat
182 2715 238 2743 pax
265 2707 294 2734 in
324 2706 427 2735 diebus
456 2707 540 2735 meis.
571 2710 604 2736 Et
629 2707 726 2744 accepi
751 2715 856 2736 uxores
884 2715 918 2736 ex

1023 1149 1074 1178 Καὶ
1098 1149 1150 1186 ἐγὼ
1175 1149 1312 1186 Σολομῶν
1335 1149 1502 1187 ἐπηρώτησα
1525 1152 1556 1178 τὸ
1580 1153 1690 1188 πνεῦμα
1717 1151 1754 1179 τὸ
1769 1150 1825 1179 ’ἐτε-

987 1204 1045 1231 ρον,
1059 1195 1091 1222 τὸ
1106 1194 1219 1227 ἀνελθὸν
1238 1195 1305 1232 μετὰ
1321 1198 1370 1223 τοῦ
1396 1196 1486 1228 κίονος
1507 1196 1560 1224 ἀπὸ
1583 1199 1633 1224 τοῦ
1659 1197 1752 1234 βυθοῦ
1774 1198 1824 1231 τῆς

985 1237 1122 1274 θαλάσσης
1135 1241 1184 1271 τῆς
1201 1239 1342 1278 Ἐρυθρᾶς.
1359 1240 1409 1267 Καὶ
1432 1240 1507 1268 εἶπον
1526 1241 1599 1277 αὐτῷ
1612 1250 1618 1256 “
1637 1241 1676 1268 Σὺ
1708 1241 1754 1272 τίς
1787 1241 1822 1272 εἷς

986 1283 1031 1310 καὶ
1053 1283 1079 1310 τί
1104 1287 1247 1319 καλεῖσαι;
1265 1285 1309 1312 καὶ
1339 1284 1365 1312 τί
1393 1295 1441 1312 σου
1465 1286 1482 1320 ἡ
1505 1284 1635 1323 ἐργασία;
1652 1287 1698 1312 δτι
1723 1286 1823 1313 πο).λὰ

986 1327 1077 1355 ἀκούω
1101 1328 1163 1366 περὶ
1193 1331 1251 1357 σοῦ.
1267 1329 1297 1357 Ὀ
1322 1327 1352 1356 δὲ
1382 1328 1487 1366 δαίμων
1518 1329 1581 1367 ἔῳη.
1598 1330 1683 1367 Ἐγὼ,
1703 1330 1821 1367 βασιλεῦ

986 1371 1132 1408 Σολομῶν,
1160 1371 1298 1410 καλοῦμαι
1315 1371 1505 1408 Ἀϐεζεοιϐόό“
1523 1374 1658 1412 ἀπόγονός
1684 1374 1748 1411 εἲμι
1775 1375 1820 1412 ἁρ-

985 1417 1216 1455 χαγγέλου,ποτὶ
1233 1418 1280 1454 μὲν
1305 1418 1487 1455 καθεζομένου
1517 1430 1569 1456 μου
1593 1419 1619 1446 ἐν
1643 1422 1687 1456 τῷ
1714 1420 1821 1456 πρώτῳ

984 1461 1101 1499 οὐρανῷ·
1119 1462 1149 1489 οὗ
1163 1462 1194 1490 τὸ
1211 1461 1297 1499 ὄνομα
1312 1463 1459 1500 Ἀμελούθ·
1478 1464 1548 1501 Ἐγὼ
1564 1464 1609 1491 οὗν
1627 1464 1686 1501 εἶμι
1711 1465 1821 1500 πνεῦμα

983 1506 1116 1544 χαλεπὸν,
1144 1507 1188 1534 καὶ
1217 1508 1353 1544 πτερωτὸν
1383 1507 1429 1535 καὶ
1458 1508 1635 1546 μονόπτερον,
1665 1507 1819 1537 ἐπίϐουλον

983 1550 1072 1585 πάσης
1086 1552 1171 1585 πνοῆς
1188 1551 1239 1579 ὑπὸ
1261 1554 1315 1579 τῶν
1341 1551 1474 1589 οὐρανῶν·
1493 1551 1548 1590 ἐγὼ
1571 1556 1708 1590 παρήμην
1735 1555 1820 1588 ἡνίκα

983 1599 1084 1630 Μωσῆς
1100 1596 1244 1634 εἰσήρχετο
1258 1596 1296 1627 εἷς
1306 1597 1408 1633 Φαραὼ
1426 1596 1559 1635 βασιλέως
1575 1598 1720 1635 Αἰγύπτου
1733 1598 1818 1633 σκλη-

982 1639 1066 1677 ρύνων
1097 1640 1179 1668 αὐτοῦ
1207 1641 1256 1674 τήν
1283 1639 1407 1679 καρδίαν
1426 1641 1480 1679 ἐγώ
1507 1641 1563 1678 εἶμι
1580 1643 1608 1669 ὃν
1624 1642 1816 1670 ἐπεκαλοῦντο

981 1685 1066 1719 Ἰα-ιῆς
1095 1684 1140 1712 καὶ
1171 1683 1286 1721 Ἰαμὸῆς
1327 1686 1531 1724 οἶκουχώμενοι
1569 1689 1609 1722 τῷ
1646 1689 1757 1723 Μωυσῇ
1789 1687 1814 1714 ὲν

981 1729 1128 1766 Αἰγύπτῳ·
1154 1729 1223 1767 Ἐγὼ
1248 1729 1305 1766 εἰμὶ
1332 1730 1346 1757 ὁ
1371 1730 1555 1758 ἀντιπαλαίων
1580 1734 1620 1767 τῷ
1645 1734 1755 1768 Μωυσῇ
1787 1731 1814 1759 ἐν

979 1777 1038 1805 τοῖς
1052 1773 1148 1811 πέρασι
1159 1776 1218 1805 τοῖς
1236 1774 1373 1811 σημείοις.
1391 1775 1474 1803 Εἶπον
1496 1774 1541 1802 οὖν
1566 1776 1650 1811 αὐτῷ·
1668 1778 1736 1807 Πῶς
1765 1775 1812 1803 οὖν

981 1818 1092 1855 εὑρέθης
1117 1818 1142 1845 ἐν
1168 1819 1203 1854 τῇ
1218 1819 1335 1855 Ἐρυθρᾷ
1358 1818 1495 1857 Gothico-ri;
1516 1820 1546 1848 Ὁ
1571 1819 1599 1847 δὲ
1624 1818 1689 1858 ἔφη·
1706 1822 1753 1849 Ἐν
1778 1823 1812 1853 τῆ

981 1861 1065 1898 ἐξόδῳ
1079 1865 1132 1890 τῶν
1149 1863 1214 1890 υἱῶν
1230 1864 1342 1901 Ἰσραήλ
1369 1863 1422 1901 ἐγὼ
1446 1863 1599 1902 ἐσκλήρυνα
1623 1866 1673 1899 τήν
1694 1865 1813 1903 καρδίαν

981 1907 1082 1944 Φαραώ
1100 1917 1106 1923 ·
1137 1907 1182 1934 καὶ
1217 1907 1389 1945 ἀνεπτέρωσα
1415 1908 1500 1936 αὐτοῦ
1527 1909 1577 1943 τήν
1607 1907 1737 1946 καρδίαν,
1766 1911 1812 1936 καὶ

979 1953 1032 1978 τῶν
1059 1952 1230 1989 θεραπόντων
1268 1952 1370 1979 αὐτοῦ·
1401 1953 1446 1980 καὶ
1483 1952 1600 1988 ἐποίησα
1634 1953 1740 1984 αὐτοὺς
1766 1954 1814 1981 ἵνα

979 1994 1179 2032 καταδιώξωσιν
1210 1996 1297 2024 ὀπίσω
1325 1998 1379 2024 τῶν
1407 1997 1473 2024 υἱῶν
1505 1998 1634 2034 ἸσραήΛ’
1651 1998 1699 2025 καὶ
1730 2009 1813 2033 amr.-

979 2039 1131 2076 κολούθησε
1169 2041 1270 2078 Φαραὼ
1302 2040 1347 2068 καὶ
1377 2041 1475 2073 πάντες
1503 2042 1528 2069 oi.
1554 2042 1713 2080 Αἲγᾶπτιοι.
1744 2043 1815 2072 Τότε

979 2084 1031 2122 ἐγὼ
1072 2086 1202 2122 παρήμην
1243 2085 1318 2113 ἐκεῖ¹
1348 2086 1391 2113 καὶ
1434 2085 1730 2123 συνηκολουθήσαμεν.
1763 2089 1813 2115 Καὶ

980 2129 1134 2166 ἀνήλθομεν
1172 2130 1286 2161 ἅπαντες
1325 2130 1351 2157 ἐν
1381 2132 1414 2167 τῇ
1442 2131 1556 2169 Ἐρυθρᾷ
1589 2131 1727 2169 θαλάσσῃ.
1762 2133 1811 2160 Καὶ

979 2174 1094 2211 ἐγένετο,
1120 2174 1200 2208 ηνίκπ
1229 2173 1388 2212 διεπέρασαν
1418 2175 1444 2202 οἱ
1477 2175 1532 2202 υἱοὶ
1558 2175 1680 2213 Ἰσραήλ,
1709 2175 1811 2204 ἐπαναο

978 2218 1091 2256 στραφὲν
1117 2218 1147 2245 τὸ
1178 2217 1250 2256 ὕδωρ
1275 2218 1395 2256 ἐκάλυψε
1427 2222 1512 2247 πᾶσαν
1539 2221 1588 2255 τὴν
1622 2219 1810 2257 παρεμϐολὴν

939 2265 1029 2304 υτῶν
1058 2262 1223 2300 Αἰγυπτίων,
1247 2263 1292 2290 καὶ
1335 2266 1422 2291 πᾶσαν
1458 2265 1507 2298 τήν
1546 2263 1660 2301 δύναμιν
1695 2265 1811 2293 αὐτῶνθ

977 2307 1086 2345 εὑρέθην
1112 2307 1157 2335 οὖν
1182 2308 1235 2346 ἐγὼ
1260 2307 1316 2335 ἐκεῖ
1339 2309 1384 2336 καὶ
1410 2308 1529 2345 ἐκάλυψε
1552 2320 1585 2345 με
1607 2310 1639 2336 τὸ
1655 2308 1748 2347 ὕδωρθ
1767 2311 1812 2338 καὶ

975 2351 1069 2388 ἔμεινα
1096 2352 1122 2379 ἐν
1150 2352 1184 2390 τῇ
1219 2351 1340 2390 θαλάσσῃ
1378 2353 1550 2390 τηρούμενος
1588 2355 1719 2382 ὑποκάτω
1763 2358 1812 2382 τοῦ

974 2396 1062 2428 κίονος
1097 2396 1205 2425 τούτου.
1236 2397 1279 2428 Ὧς
1315 2395 1345 2424 δὲ
1379 2396 1464 2432 ἦλθεν
1494 2398 1639 2436 Ἐφιππᾶς,
1668 2400 1812 2437 πεμιρθείς

974 2440 1047 2478 παρὰ
1075 2443 1123 2468 σοῦ
1153 2440 1178 2468 ἐν
1209 2441 1313 2479 ἀγγείῳ
1336 2441 1420 2469 ἀσκοῦ
1451 2440 1626 2478 ἐγκλεισθεὶς,
1640 2443 1686 2469 καὶ
1717 2441 1811 2470 ἀνεϐί-

974 2483 1039 2512 ϐασέ
1056 2496 1089 2521 με
1101 2485 1170 2523 πρὸς
1188 2486 1227 2514 σὲ.
1244 2486 1325 2523 Κάγὼ
1351 2485 1397 2513 οὖν
1425 2485 1560 2522 Σολομῶν
1584 2487 1702 2519 ἀκούσας
1721 2491 1810 2516 ταῦτα

974 2528 1086 2565 ἐδόξασα
1113 2531 1158 2557 τὸν
1184 2530 1258 2566 Θεὸν,
1279 2531 1324 2557 καὶ
1349 2530 1453 2568 ὥρκισα
1475 2530 1539 2562 τοὺς
1565 2529 1712 2568 δαίμονας,
1737 2533 1809 2560 ὥστε

976 2574 1013 2610 μὴ
1051 2574 1218 2612 παρακοῦσαί
1258 2585 1334 2611 μου,
1364 2574 1438 2602 ἀλλὰ
1483 2578 1571 2611 μεῖναι
1621 2576 1809 2614 βαστάζοντας

972 2619 1022 2653 τήν
1044 2618 1131 2646 κίονα·
1147 2618 1191 2646 καὶ
1217 2616 1326 2655 ὤμοταν
1352 2619 1502 2658 ἀμφότεροι
1527 2618 1669 2657 λέγοντες’
1687 2623 1728 2658 Ζῇ
1757 2622 1807 2650 Κύ-

974 2673 1031 2700 ριος
1046 2663 1060 2690 ὁ
1076 2663 1141 2694 Θεός
1165 2673 1224 2698 σου,
1242 2663 1272 2690 οὐ
1299 2664 1336 2700 μὴ
1364 2663 1529 2700 ἀποθώμεθα
1542 2664 1604 2700 (εἰς)
1629 2665 1677 2692 τὸν
1705 2666 1807 2694 στῦλον

971 2709 1066 2736 τοῦτον
1096 2706 1148 2740 ἕως
1175 2711 1224 2744 τῆς
1262 2707 1416 2740 συντελείας
1448 2710 1497 2736 τοῦ
1525 2708 1645 2741 αἰῶνοςσ
1676 2711 1696 2747 ᾗ
1725 2710 1749 2740 δ’
1774 2711 1805 2740 ἂν
