4050 6326
720 757 1540 915 CEDRENI
1701 759 3030 920 HISTORIARUM

1449 1079 2286 1169 CONTINUATIO.

214 1500 308 1571 [P.
371 1501 501 1568 609]
558 1501 760 1553 Τοῦτον
843 1519 937 1570 μεν
1007 1499 1099 1552 τὸν
1153 1493 1379 1573 τρόπον,
1438 1497 1497 1552 ὃν
1557 1495 1803 1570 εἷ’πομεν,

1995 1502 2230 1558 1-278
2266 1505 2498 1558 Annum
2529 1519 2705 1574 agens
2735 1503 2920 1559 aetatis
2952 1503 3271 1576 septimum
3295 1503 3575 1559 Constan-

139 1586 528 1650 αποθανόντος
581 1583 940 1662 Ἀλεξάνδρου
993 1585 1070 1648 εἷς
1129 1591 1494 1648 Κωςταντῖνον
1539 1587 1628 1642 τὸν
1688 1586 1803 1640 υἱὸν

141 1677 415 1745 Λέοντος,
449 1671 688 1746 ’ἕϐδομον
732 1683 832 1744 τῆς
881 1674 1097 1743 ἡλικίας
1145 1672 1342 1748 ἄγοντα
1395 1673 1535 1746 ἔτος,
1566 1675 1630 1729 τὸ
1662 1675 1808 1737 Βαςί-

141 1765 299 1818 λειον
356 1763 725 1840 περιελήλυθε
763 1763 978 1835 κράτος,
1032 1764 1132 1817 ὑπὸ
1181 1763 1504 1838 ἐπιτρόπους
1549 1762 1807 1819 τελοῦντα

137 1854 272 1914 τοὺς
338 1854 541 1906 ἄνωθεν
625 1853 1064 1927 ἠριθμημένοος,
1145 1847 1455 1925 Λαϐόμενος
1540 1851 1631 1906 οὗν
1706 1859 1808 1921 τῆς

140 1940 398 2014 ἐξουσίας
442 1939 720 2002 Νικόλαος
779 1942 806 1994 ὁ
856 1941 1203 2016 πατριάρχης
1261 1941 1336 2002 ὡς
1380 1943 1466 1996 καὶ
1511 1941 1668 2002 αὐτὸς
1701 1940 1808 1996 ἐπί-

135 2051 358 2106 τροπος
390 2027 486 2096 ὢν,
518 2030 729 2100 συνάμα
759 2035 875 2092 τοῖς
921 2027 1138 2092 ἄλλοις,
1172 2028 1580 2105 έπηδαΛιούχες
1609 2030 1677 2084 τὰ
1711 2034 1808 2084 τοῦ

135 2125 366 2173 ιοινοῦ.
402 2122 528 2175 Τῶν
580 2116 637 2172 δὲ
679 2119 1015 2192 πραγμάτων
1078 2118 1250 2180 οὕτως
1303 2118 1562 2193 ἐχόντων,
1589 2119 1808 2188 καὶτῆς

140 2207 464 2283 βασιλείας,
542 2207 616 2268 ὡς
721 2205 968 2278 εἴπομεν,
1055 2207 1203 2281 παρὰ
1303 2212 1410 2262 τῶν
1499 2207 1808 2282 ἐπιτρόπων

139 2296 512 2368 ἶθυνομένης,
573 2300 942 2356 Κωνστατῖνος
1019 2296 1047 2349 ὁ
1117 2299 1215 2350 τοῦ
1273 2296 1473 2358 Δουκὸς
1531 2294 1807 2370 Ἀνδρονί-

138 2407 245 2440 κου
308 2385 453 2453 υἳὸς,
534 2381 848 2456 δομέςτικος
920 2388 1026 2438 τῶν
1104 2381 1326 2458 σχολῶν
1376 2386 1662 2459 τυγχάνων
1722 2385 1810 2439 καὶ

145 2472 477 2528 δυναστείαν
577 2467 1053 2545 περιϐεϐλημένος
1163 2471 1444 2547 μεγίστην,
1524 2472 1809 2548 γράμμασι

137 2567 256 2616 τῶν
290 2561 350 2616 έν
509 2557 754 2636 βασιλίδι
790 2559 965 2637 φίλων
1027 2561 1114 2614 καὶ
1169 2565 1446 2636 συγγενῶν
1499 2562 1667 2616 αὐτοῦ
1707 2584 1810 2616 πα-

140 2649 494 2726 ρακινηθεὲς,
555 2647 902 2724 γεγραφότων
969 2646 1241 2724 ἀκέφαλον
1303 2651 1436 2705 εἶναι
1492 2651 1591 2718 τήν
1656 2651 1811 2726 βασι-

140 2739 303 2795 λείαν
357 2738 449 2792 καὶ
499 2743 679 2799 κακῶς
739 2734 1071 2812 διεξάγεσθαι
1125 2739 1213 2792 καὶ
1274 2739 1467 2812 μικρὸν
1519 2736 1642 2793 ὅσον
1698 2759 1812 2792 κιν-

142 2825 396 2881 δυνεύειν
453 2825 689 2900 ὀλεθρίῳ
744 2822 982 2898 κινδύνῳ
1036 2825 1342 2894 ὑποπεσεῖν,
1372 2827 1532 2884 αὐτὸν
1576 2847 1635 2881 τε
1681 2826 1808 2880 ἀνα-

138 2917 515 2988 καλουμένων
571 2915 646 2975 ὡς
706 2913 974 2992 ἐχέφρονα
1036 2915 1125 2969 καὶ
1185 2912 1429 2990 ἀνδρεῖον
1490 2915 1578 2968 καὶ
1643 2936 1806 2988 μονον

141 3004 458 3077 δυνάμενον
523 3001 752 3075 ἐπαξίως
808 2998 1131 3077 κυϐερνῆσαι
1181 3004 1280 3071 τήν
1326 2999 1653 3076 περιϐόητον
1698 3009 1806 3058 τῶν

141 3093 455 3168 Ῥωμαίων
511 3093 714 3167 ἀρχὴν,
772 3092 1162 3167 προσθεμένων
1214 3090 1259 3147 δ’
1317 3093 1400 3148 δτι
1450 3093 1540 3148 καὶ
1597 3096 1632 3163 ἡ
1691 3093 1810 3169 σύγ-

142 3184 366 3252 κλητος
419 3182 579 3236 αὐτὸν
630 3182 922 3250 ἀσπάζεται
971 3181 1058 3235 καὶ
1107 3182 1135 3235 ὁ
1164 3179 1451 3245 πολιτικὸς
1489 3178 1685 3256 ὄχλος,
1718 3183 1807 3236 καὶ

141 3270 593 3328 ἆπισπευδόντων
640 3272 715 3333 ὡς
762 3272 934 3347 τάχος
983 3267 1338 3338 καταλαϐεῖν,
1373 3270 1702 3341 συνειδότος,
1739 3273 1812 3335 ὥς

146 3385 304 3441 εισι,
368 3362 462 3416 καὶ
518 3366 614 3416 τοῦ
672 3361 1017 3436 πατριάρχου
1057 3359 1338 3417 Νικολάου
1387 3362 1476 3416 καὶ
1516 3367 1636 3426 τοῖς
1680 3382 1812 3438 γρα-

143 3458 292 3529 φεῖσι
361 3448 820 3511 συνευδοκοῦντος
889 3447 978 3504 διὰ
1050 3449 1113 3504 τὸ
1187 3452 1356 3522 μήπω
1411 3451 1505 3513 τὰς
1551 3449 1810 3522 διαθήκας

141 3537 518 3614 Ἀκεξάνδρου
548 3539 958 3612 ἀναγνωσθῆναι
1016 3535 1158 3610 μηδὲ
1198 3545 1503 3614 γνωσθῆναι
1553 3539 1700 3610 αὐτῷ
1732 3540 1805 3600 ὡς

142 3628 453 3702 ἐπίτροπος
503 3627 795 3702 γέγραπται
841 3626 933 3680 καὶ
982 3626 1144 3688 αὐτὸς
1188 3626 1287 3682 τοῦ
1340 3625 1555 3698 παιδὸς,
1612 3629 1805 3700 Ἀρτα-

143 3715 359 3771 ϐἀσδου
419 3717 560 3789 πρὸς
615 3719 778 3770 τοῦτο
830 3711 1256 3784 διακονῆσαντος
1308 3716 1398 3770 καὶ
1447 3716 1594 3791 παρᾶ
1646 3720 1807 3770 τοῦτο

140 3808 377 3880 πρώτου
432 3807 542 3858 τῶν
599 3803 786 3878 ἱερέων
845 3806 958 3877 (43)
1008 3807 1110 3868 τῆς
1158 3804 1420 3878 Μεγάλης
1479 3804 1808 3874 Ἐκκλησίας

148 3897 444 3966 μετέπειτα
502 3893 814 3966 γενομένου.
872 3893 1060 3966 Πατήρ
1139 3889 1184 3946 δ’
1247 3895 1275 3946 ὁ
1323 3888 1683 3965 Ἀρτάϐασδος
1740 3892 1806 3960 ἦν

147 3982 418 4058 Ἀνδρέου
476 3986 576 4035 τοῦ
634 3981 722 4035 έπὶ
784 3984 1103 4058 ζωγραφικῇ
1157 3981 1325 4057 τέχνῃ
1376 3979 1716 4054 λάμψαντος.
1750 3983 1811 4038 Ὁ

145 4076 564 4134 Κωνσταντῖνος
613 4067 670 4124 δὶ
716 4068 806 4124 καὶ
855 4090 1119 4146 προτερον
1171 4071 1540 4147 ὀνειροπολῶν
1578 4072 1676 4140 τήν
1710 4071 1810 4146 βα-

147 4161 356 4216 σιλείαν
411 4159 508 4214 καὶ
558 4157 647 4213 διὰ
695 4179 892 4221 παντος
949 4158 1118 4228 αὐτῆς
1175 4159 1474 4237 ἐφιέμενος,
1525 4160 1614 4214 καὶ
1650 4157 1814 4232 μηδέ-

1916 1589 2080 1646 tinus
2113 1591 2320 1647 Leonis
2347 1591 2506 1646 ﬁlius
2537 1592 2851 1662 imperium
2883 1593 3037 1658 iniit,
3064 1593 3176 1648 sub
3208 1591 3283 1647 iis
3311 1607 3457 1662 quos
3489 1607 3573 1646 re.

1917 1679 2119 1734 censui
2153 1681 2449 1735 tutoribus
2483 1697 2496 1735 :
2530 1685 2586 1736 et
2619 1680 2891 1736 Nicolaus
2925 1681 3179 1736 maxime
3209 1679 3572 1750 patriarcha,

1917 1773 2120 1838 utpote
2169 1786 2322 1823 unus
2369 1775 2656 1836 tutorum,
2699 1769 2926 1825 clavum
2980 1769 3314 1841 reipublicae
3366 1767 3573 1823 tenuit.

1921 1856 2091 1910 lnitio
2120 1857 2292 1926 hujus
2323 1858 2573 1928 imperii,
2599 1857 3015 1914 Constantinus
3037 1859 3228 1914 Ducas
3249 1856 3576 1912 Andronics

1919 1943 2099 2015 ﬁlius,
2127 1947 2487 2002 domesticus
2519 1946 2881 2012 scholarum,
2912 1953 2969 2002 et
3006 1947 3270 2002 maxima
3302 1947 3574 2018 prmditu-

1919 2035 2201 2106 polentia,
2224 2035 2550 2090 amicorum
2584 2053 2651 2090 ac
2682 2040 3064 2107 cognatorum
3098 2035 3156 2089 in
3191 2035 3334 2090 urbe
3363 2034 3573 2105 degeni

1919 2121 2067 2177 tium
2103 2122 2313 2178 litteris
2347 2126 2414 2177 ad
2451 2125 2844 2179 invadendum
2885 2124 3199 2195 imperium
3233 2124 3586 2194 instigatur.

1918 2211 2263 2268 Scribebant
2292 2214 2471 2280 enim,
2497 2214 2685 2284 capite
2717 2230 2910 2269 carere
2950 2213 3290 2285 imperium,
3322 2229 3389 2267 ac
3420 2211 3571 2266 male

1921 2300 2066 2371 geri,
2100 2305 2158 2355 et
2189 2301 2247 2356 in
2281 2319 2512 2357 summo
2554 2303 2774 2358 versari
2819 2302 3161 2357 discrimine
3193 2317 3206 2356 :
3260 2301 3576 2372 ipsumque

1921 2394 1988 2443 ut
2009 2389 2308 2445 hominem
2330 2392 2635 2446 eordatum
2657 2396 2832 2462 atque
2855 2392 3154 2458 fortem,et
3175 2389 3366 2446 solum
3389 2389 3571 2444 nobili

1925 2477 2314 2533 Romanorum
2348 2479 2597 2550 imperio
2629 2479 3097 2534 administrando
3127 2483 3354 2550 aptum,
3377 2494 3571 2532 accer-

1923 2567 2132 2622 sebant
2164 2567 2595 2638 addebantque,
2621 2568 2853 2637 probari
2895 2584 3029 2622 eum
3070 2567 3298 2623 senatui
3329 2571 3386 2619 et
3415 2565 3572 2620 civili

1924 2655 2287 2710 multitudini
2307 2662 2392 2711 :et
2408 2656 2884 2724 hortabantur,ut
2907 2657 3107 2712 urbem
3130 2655 3571 2727 quamprimum

1924 2749 2254 2814 occuparet.
2297 2745 2533 2812 Ferunt,
2569 2745 2870 2802 conscium
2917 2746 3129 2801 horum
3179 2761 3304 2814 qua
3351 2744 3572 2800 scribe-

1924 2834 2138 2887 bantur
2166 2835 2735 2904 approbatoremque
2778 2834 2962 2889 fuisse
2990 2834 3292 2889 Nicolaum
3325 2833 3573 2905 patriar-

1919 2922 2088 2976 ebam
2140 2921 2381 2992 (quippe
2429 2923 2689 2977 nondum
2744 2922 2983 2978 recitato
3042 2923 3344 2978 Alexandri
3393 2926 3572 2978 testa-

1921 3013 2136 3074 mento,
2171 3026 2233 3065 se
2264 3009 2417 3065 inter
2457 3014 2684 3066 tutores
2714 3010 3034 3081 ascriptum
3067 3027 3194 3067 esse
3243 3011 3570 3067 etiamnum

1919 3098 2309 3168 ignorantem)
2341 3116 2635 3170 usumque
2677 3100 2787 3155 hac
2819 3100 2877 3154 in
2927 3117 2989 3154 re
3031 3100 3358 3156 ministerio
3389 3101 3568 3155 Arta-

1922 3186 2112 3252 basdi,
2145 3187 2242 3256 qui
2296 3195 2457 3258 pater
2500 3187 2610 3241 fuit
2663 3192 2900 3243 Andrea:
2953 3187 3167 3243 nobilis
3217 3187 3474 3260 pictoris,
3509 3191 3568 3242 et

1920 3275 2050 3330 ideo
2083 3276 2235 3332 279
2272 3276 2498 3348 primus
2520 3278 2888 3332 sacerdotum
2913 3277 3102 3348 Magni
3124 3276 3350 3348 Templi
3379 3276 3567 3332 factus

1921 3369 2029 3420 est.
2065 3367 2135 3420 At
2163 3366 2603 3431 Constantinus,
2627 3365 2726 3436 qui
2755 3366 2878 3434 jam
2903 3371 3037 3421 ante
3068 3366 3383 3437 imperium
3415 3381 3568 3422 som-

1922 3453 2112 3508 niaret
2143 3470 2494 3524 summoque
2540 3453 2596 3508 id
2649 3455 2840 3508 studio
2869 3454 3184 3519 ati'eetaret,
3207 3470 3398 3526 neque
3445 3453 3570 3508 ani-

1922 3559 2081 3596 mum
2119 3543 2189 3598 ab
2222 3560 2290 3599 ea
2320 3559 2463 3597 cura
2508 3559 2770 3614 unquam
2821 3542 2934 3598 alio
2976 3543 3327 3609 deﬂecteret,
3358 3542 3569 3600 litteris

1920 3631 2175 3702 acceptis
2207 3632 2406 3687 statim
2434 3632 2703 3701 assentit,
2727 3637 2782 3687 et
2808 3631 3009 3703 Cpolin
3043 3631 3363 3699 contendit,
3385 3631 3568 3703 stipa-

1919 3723 2015 3774 tus
2048 3720 2302 3774 militum
2353 3719 2622 3783 delectis;
2654 3725 2830 3790 atque
2866 3721 3220 3791 intempesta
3250 3724 3418 3774 nocte
3465 3735 3570 3790 per

1919 3813 2144 3880 portam
2166 3807 2424 3863 Michaeli
2447 3807 2870 3878 protovestiarii
2897 3808 3362 3878 ingressus,quaa
3377 3807 3568 3864 vicina

1920 3903 2046 3952 erat
2089 3896 2228 3960 arci,
2261 3897 2318 3950 in
2372 3897 2614 3951 domum
2656 3896 2922 3966 magistri
2971 3897 3237 3967 Gregorae
3287 3895 3566 3962 lberitzae,

1921 3986 2104 4041 soceri
2160 3986 2274 4052 sui,
2307 4002 2370 4040 se
2416 3986 2657 4052 confert,
2709 3985 2909 4055 ibique
2965 3988 3285 4054 pernoctat.
3333 3984 3568 4040 Nicetes

1922 4091 2092 4146 porro
2134 4074 2486 4130 secretarius
2517 4074 2686 4129 Ducas
2737 4074 2989 4130 adventu
3037 4073 3293 4146 cognito,
3327 4074 3571 4147 patricio

1923 4164 2303 4220 Constantino
2333 4155 2569 4218 Eladico
2602 4163 2888 4218 monacho
2915 4163 3114 4218 statim
3147 4163 3389 4234 indicat,
3412 4180 3573 4220 eum-

147 4272 278 4306 ποτε
311 4249 533 4304 ἄλλοσέ
581 4269 683 4317 πη,
741 4246 868 4303 ἀλλ’
924 4245 960 4316 ἤ
1020 4249 1155 4323 πρὸς
1211 4250 1310 4316 τὴν
1343 4247 1599 4317 τοιαύτην
1635 4248 1807 4322 ὄρεξιν

1922 4269 2032 4323 que
2063 4268 2129 4306 eo
2160 4251 2269 4307 hac
2316 4252 2443 4322 ipsa
2483 4257 2653 4308 nocte
2696 4253 2764 4306 ad
2817 4256 3032 4307 Ducam
3063 4252 3242 4307 venit.
3276 4253 3344 4307 Hi
3376 4253 3570 4324 prius-

145 4337 534 4412 τετραμμένον
595 4332 741 4411 ἔχων
805 4337 895 4390 τὸν
973 4341 1120 4406 νοῦν,
1180 4334 1466 4409 δεξάμενος
1514 4335 1580 4390 τὰ
1627 4335 1806 4410 γράμο

154 4450 296 4500 ματα
375 4425 524 4501 ταχύ
579 4446 639 4480 τε
710 4425 930 4495 ἐπείσθη
989 4425 1078 4479 καὶ
1158 4424 1299 4500 ταχὺ
1385 4427 1484 4494 τὴν
1555 4424 1811 4500 βασιλίδα

147 4511 476 4584 κατέλαϐεν,
535 4515 832 4588 ἑπομένους
907 4513 1058 4588 ἔχων
1124 4513 1252 4575 τοὺς
1311 4535 1418 4567 των
1474 4515 1809 4587 στρατευμά-

149 4627 249 4660 των
308 4604 622 4678 ἐκκρίτους.
667 4605 759 4657 Καὶ
820 4607 929 4656 τῶν
985 4606 1192 4656 νυκτῶν
1243 4602 1379 4677 ἀωρὶ
1444 4599 1530 4656 διὰ
1577 4600 1810 4663 πυλίδος

151 4692 414 4748 εἰσελθὼν
451 4696 552 4746 τοῦ
611 4687 1114 4767 πρωτοϐεστιαρίου
1164 4690 1420 4766 Μιχαὴλ,
1453 4688 1688 4761 πλησίον
1723 4689 1812 4744 οὕ-

153 4805 246 4850 της
301 4789 412 4850 τῆς
474 4777 853 4855 ἀκροπόλεως,
911 4781 964 4835 ἐν
1044 4785 1124 4852 τῷ
1176 4777 1314 4852 οἴνῳ
1360 4784 1458 4834 τοῦ
1518 4778 1813 4856 μαγίστρου

152 4878 412 4949 Γρηγορᾶ
467 4875 568 4925 τοῦ
630 4865 906 4944 Ἰϐηρίτζη
987 4872 1266 4946 (πενθερὸς
1354 4867 1412 4924 δὲ
1461 4871 1488 4924 ὁ
1538 4875 1816 4944 Γρηγορᾶς

152 4968 242 5016 τοῦ
301 4960 742 5031 Κωνσταντίνου)
795 4962 1138 5035 παρεγένετο,
1190 4959 1241 5014 ἐν
1299 4962 1337 5028 ἦ
1399 4956 1812 5034 διανυκτερεύνυν

159 5052 287 5124 μετᾶ
337 5054 454 5104 τῶν
519 5048 612 5102 σὺν
665 5047 810 5119 αὖτῷ
861 5045 1111 5105 διετέλει.
1175 5050 1410 5118 Νικήτας
1446 5045 1510 5122 ,δὲ
1568 5048 1816 5124 ἀσηκρῆ-

155 5162 229 5201 τις
285 5143 398 5207 τήν
446 5134 660 5193 ἔλετσιν
738 5137 1058 5210 αἰσθόμενος
1130 5141 1226 5191 τοῦ
1283 5137 1687 5193 Κωνσταντίνου
1739 5142 1819 5209 τῷ

158 5226 436 5302 πττρικίῳ
529 5227 924 5298 Κωνσταντίνῳ
996 5231 1076 5299 τῷ
1153 5223 1425 5296 Ἐλαδικῷ
1493 5226 1816 5301 τυγχάνοντι

161 5323 383 5389 μισ-θακῷ
471 5318 668 5370 θᾶττον
756 5314 1012 5388 ἐμήνυσε,
1073 5315 1160 5370 καὶ
1249 5313 1608 5390 παρειληφὼς
1659 5313 1816 5369 αὐτὸν

1920 4357 2097 4412 quam
2122 4342 2248 4395 dies
2278 4340 2812 4402 illuceseeret,cum
2837 4340 3066 4395 facibus
3087 4345 3143 4395 et
3166 4357 3376 4413 magna
3399 4342 3575 4397 turba

1920 4433 2147 4501 portam
2199 4427 2347 4482 Circi
2395 4432 2703 4500 oocupant,
2733 4432 2789 4482 et
2817 4427 3267 4483 Constantinum
3316 4429 3575 4501 impera-

1920 4521 2106 4572 torem
2129 4516 2338 4572 faustis
2360 4515 2887 4572 acclamationibus
2911 4516 3351 4572 salutant.Cum
3383 4525 3577 4576 autem

1925 4605 2024 4677 qui
2059 4605 2214 4660 intus
2246 4609 2434 4669 erant,
2467 4608 2691 4675 portam
2728 4622 2842 4660 non
2876 4609 3205 4661 reserarent
3233 4606 3579 4678 fortiterque

1923 4693 2284 4756 resisterent,
2308 4693 2673 4748 Constantini
2716 4697 3124 4765 protostrator,
3159 4695 3350 4751 audax
3381 4697 3576 4764 homo,

1924 4783 2064 4838 dum
2107 4782 2599 4836 inconsideratius
2631 4785 2856 4852 portam
2910 4782 3136 4852 aperire
3189 4783 3442 4848 molitur,
3475 4800 3580 4855 per

1927 4872 2378 4928 commissuram
2405 4869 2614 4925 torium
2635 4870 2837 4926 lancea
2854 4887 2886 4925 a
2905 4871 3156 4940 quodam
3180 4871 3334 4927 ictus
3351 4887 3583 4928 occum-

1926 4962 2028 5016 bit.
2055 4959 2476 5015 Constantinus
2505 4960 2639 5014 inde
2670 4959 2899 5031 pulsus,
2924 4964 3121 5014 tamen
3152 4960 3385 5032 imperii
3418 4961 3583 5033 cupi-

1927 5050 2105 5105 ditate
2136 5048 2355 5113 ebrius,
2379 5063 2569 5119 neque
2601 5064 2754 5103 sanas
2778 5049 3024 5103 rationis
3057 5064 3320 5119 compos,
3346 5049 3482 5105 inde
3506 5052 3579 5106 ad

1927 5139 2156 5194 Circum
2175 5139 2385 5208 pergit,
2412 5136 2556 5190 nihil
2572 5153 2604 5189 a
2622 5137 3182 5192 sententiadimotus
3198 5138 3350 5194 malo
3380 5139 3582 5194 omine

1929 5227 2215 5282 interfecti
2241 5225 2701 5297 protostratoris.
2729 5227 2748 5279 Ι
2757 5225 2868 5278 nde
2890 5225 3045 5280 280
3070 5226 3278 5282 faustis
3302 5227 3584 5283 acclama-

1929 5317 2193 5372 tionibus
2240 5314 2732 5387 prosequentibus
2762 5312 3012 5370 Chalcsn
3061 5321 3334 5388 occupat;
3367 5334 3588 5391 perque

1357 5455 1737 5511 XYLANDl-tl
1778 5457 1869 5511 ET
1906 5455 2124 5511 GOARI
2162 5451 2393 5506 NOTAE.

1941 5579 2075 5650 que)
2109 5577 2400 5650 secundas
2439 5593 2472 5630 a
2511 5576 2845 5648 patriarcha
2891 5579 3136 5636 obtinet.
3167 5581 3444 5642 Codin'is.
3476 5586 3587 5640 Eu-

218 5585 336 5657 (43)
381 5577 797 5657 ῌρωτρϊερεύς,
837 5581 951 5657 qui
1000 5587 1057 5657 et
1105 5584 1520 5657 npo)1ona1t&c,_
1549 5582 1672 5657 θίγε
1718 5583 1828 5634 τῶν

163 5649 343 5722 ἱερέων
382 5649 685 5722 δ’πρῶτος
737 5649 1204 5722 archipresbyter
1259 5659 1367 5719 est,
1401 5649 1565 5709 et'in
1617 5653 1832 5722 Magna
1941 5649 2299 5722 cbologium.
2330 5651 2507 5704 (30m.

167 5652 343 5727 ξερέων
382 5652 412 5705 ὁ
461 5655 685 5727 πρῶτος
737 5652 1204 5727 archipresbyter
1259 5659 1460 5727 est,_e_t
1505 5652 1832 5727 inAMagna

163 5724 417 5782 Beclesia
454 5725 531 5778 ad
569 5727 846 5777 sanctum
887 5724 1098 5781 altaris'
1124 5725 1381 5781 tribunal
1415 5725 1551 5798 (non
1585 5725 1668 5781 ita
1699 5724 1830 5780 ubi-

495 5854 768 5914 Puaon.
819 5854 929 5915 ϐε.
973 5855 1203 5918 CXXII.
3236 5854 3267 5911 1
