4036 6330
474 414 544 471 il
1831 396 2119 457 GEORGI

2248 396 2533 458 EDBENI
3044 451 3046 455 ,
3806 399 3881 457 12

470 556 599 597 eam
644 538 949 609 ingressus
996 548 1184 604 usque
1216 531 1286 587 ad
1321 529 1729 587 excubitorum
1780 530 2118 598 stationem,

2237 527 2369 581 κατὰ
2397 528 2499 596 τὴν
2532 527 2697 596 αύτήν
2738 526 2906 583 νύκτα
2957 530 3322 606 πεφοιτήκασι
3374 527 3511 601 πρὸς
3567 529 3658 582 τὸν
3687 532 3880 586 Δοῦκα.

474 626 883 700 proﬁciscitur.
937 623 1174 677 Interim
1233 621 1493 676 Joannes
1548 618 1761 673 Eladas
1821 618 2122 689 magister,

475 733 626 771 unus
650 717 1013 773 curatorum.
1037 710 1279 766 delectis
1303 712 1587 779 quantum
1615 706 1841 761 occasio
1866 705 2125 777 patieba-

470 811 569 860 tur
600 802 922 873 remigibus
956 816 1021 854 ac
1054 796 1487 861 sodalitatibus,
1514 794 1705 865 iisque
1727 798 1789 848 ut
1821 810 1983 849 arma
2003 793 2124 847 cui-

472 909 585 965 que
618 893 736 947 fors
786 889 1064 945 offerebat
1096 884 1421 949 instructis,
1457 884 1565 938 hos
1614 888 1779 936 Ducas
1823 897 2126 936 occurrere

463 983 655 1052 jubet.
677 979 721 1035 Ii
744 995 877 1033 cum
900 977 1075 1032 Ducas
1098 973 1392 1029 militibus
1415 988 1651 1026 manum
1679 972 2124 1038 conseruerunt,

472 1075 528 1125 et
562 1085 775 1140 magna
804 1066 1083 1137 utrinque
1105 1064 1288 1119 caedes
1317 1062 1471 1116 facta
1501 1064 1606 1115 est.
1631 1059 1917 1115 Occubuit
1946 1058 2123 1113 etiam

473 1161 759 1231 Gregoras
798 1156 968 1211 Ducas
1010 1153 1189 1219 ﬁlius,
1223 1155 1280 1206 et
1310 1149 1627 1205 Michaelus
1659 1152 1942 1221 cognatus
1974 1149 2123 1216 ejus,

472 1254 527 1302 et
569 1245 858 1302 Curticius
888 1242 1223 1298 Armenius.
1257 1242 1379 1304 Quo
1410 1256 1550 1294 casu
1600 1255 1714 1292 non
1762 1237 1967 1292 leviter
1997 1253 2125 1307 per-

472 1338 745 1392 turbatus
800 1338 1011 1403 Ducas,
1059 1347 1199 1386 suos
1250 1328 1333 1383 uti
1392 1327 1788 1395 conﬁrmaret,
1836 1326 2125 1380 concitato

473 1441 621 1496 equo
654 1424 726 1480 ad
760 1421 981 1493 primos
1012 1418 1313 1475 contendit
1344 1434 1356 1471 :
1391 1418 1491 1472 sed
1525 1432 1670 1485 equo
1702 1416 1761 1469 in
1792 1414 2011 1469 tabulis
2044 1414 2124 1467 la-

472 1513 683 1585 pideis,
715 1512 934 1583 quibus
968 1508 1064 1565 ille
1095 1509 1259 1562 locus
1303 1510 1429 1561 erat
1476 1508 1833 1570 constratus,
1867 1502 2125 1574 oollapso

474 1616 785 1657 excussum
820 1599 1060 1670 quidam
1092 1597 1151 1651 in
1183 1601 1340 1651 terra
1371 1595 1667 1665 jacentem
1699 1597 1756 1647 et
1786 1610 1817 1645 ιι
1852 1593 1999 1661 suis,
2024 1592 2124 1662 qui

473 1694 610 1763 fuga
640 1704 844 1745 omnes
875 1687 1147 1758 dissipati
1178 1688 1365 1754 erant,
1400 1684 1699 1737 desertum
1728 1697 1995 1748 cernens,
2026 1696 2121 1736 ca-

474 1783 575 1852 put
608 1779 658 1833 ei
690 1778 884 1851 gladio
906 1778 1193 1847 amputat,
1222 1774 1399 1843 idque
1428 1771 1598 1827 celeri
1629 1787 1803 1826 cursu
1837 1771 1908 1825 ad
1938 1769 2122 1840 impe-

2237 615 2447 684 Βουλὴν
2510 615 2566 670 δὲ
2623 618 3015 691 ποιησάμενοι,
3079 618 3246 689 μήπω
3301 623 3400 686 τῆς
3456 618 3666 692 ἡμέρας
3721 638 3879 671 κατα-

2236 702 2583 777 λαμπούσης,
2647 708 2783 778 μετὰ
2840 704 3144 779 λαμπάδων
3210 705 3299 760 καὶ
3360 703 3497 759 λαοῦ
3549 705 3763 761 πολλοῦ
3792 705 3884 761 καί

2237 791 2413 867 ὄχλου
2460 796 2559 862 τὴν
2590 799 2686 849 τοῦ
2731 793 3082 869 ἱπποδρόμου
3132 793 3312 866 πύλην
3373 790 3879 867 καταλαμϐάνοντες

2239 885 2638 937 Κωνσταντῖνον
2723 884 3070 958 ἀνευφήμουν
3155 882 3545 957 αὐτοκράτορα.
3628 889 3745 938 Τῶν
3823 882 3881 937 δὲ

2235 967 2384 1025 ἔνδον
2457 973 2715 1035 εὐσθενῶς
2772 974 3152 1048 ἀντεχομένων
3224 972 3313 1027 καὶ
3389 975 3463 1046 μὴ
3526 972 3881 1048 ἀνοιγνύντων

2232 1062 2329 1114 τὰ)
2412 1060 2607 1131 πύλας,
2690 1064 2717 1117 6
2786 1067 2883 1116 τοῦ
2938 1063 3345 1119 Κωνσταντίνου
3430 1062 3887 1139 πρωτοστράτωρ,

2238 1149 2318 1203 ἐπ’
2358 1148 2552 1224 ἀνδρίᾳ
2606 1152 2746 1224 μέγα
2797 1172 3008 1228 φρονων
3067 1153 3154 1205 καὶ
3220 1152 3524 1227 βιαιότερον
3586 1150 3620 1219 ἢ
3673 1148 3883 1223 μᾶλλον

2236 1240 2405 1292 εἰπεῖν
2462 1239 2814 1313 ἀτακτότερον
2883 1244 2951 1312 τῇ
3009 1240 3204 1309 ἀνοίξει
3255 1240 3552 1314 ἰπιχειρῶν
3611 1244 3717 1293 τῶν
3773 1259 3877 1294 πυ·-

2236 1326 2373 1397 )ῶν,
2415 1326 2737 1403 λογχεύεται
2787 1329 2935 1402 παρά
2980 1350 3128 1389 τινος
3180 1333 3286 1382 τῶν
3341 1327 3468 1382 εἷ’σω
3519 1326 3607 1382 διὰ
3653 1335 3754 1397 τῆς
3787 1329 3881 1402 ἁρ-

2239 1415 2413 1489 μογῆς
2460 1421 2567 1469 τῶν
2627 1418 2824 1489 θυρῶν.
2861 1416 2957 1471 Καὶ
3018 1419 3239 1487 Θνήσκει
3299 1417 3391 1489 μὶν
3453 1417 3609 1480 οὗτος
3648 1417 3822 1486 εὐθυς,
3855 1417 3882 1470 6

2236 1510 2637 1565 Κωνσταντῖνος
2697 1503 2754 1559 δὶ
2811 1504 3205 1579 ἀποκρουσθείς
3266 1504 3463 1568 ἐκεῖθεν
3518 1506 3607 1559 καὶ
3665 1510 3743 1577 τῷ
3785 1512 3882 1574 τῆς

2239 1591 2514 1667 βασιλείας
2563 1589 2723 1665 ἔρωτι
2768 1593 2854 1647 οἶα
2908 1614 3015 1647 τινι
3068 1605 3202 1667 μεθῃ
3258 1592 3495 1668 κάτοχος
3556 1591 3628 1647 ὢν
3680 1595 3878 1666 καὶμὴ

2232 1682 2569 1743 καθεστῶτας
2600 1678 2743 1756 ἔχων
2800 1680 2928 1743 τοὺς
2987 1681 3306 1757 λογισμοὺς,
3366 1680 3495 1757 ἄρας
3554 1682 3752 1737 ἐκεῖθεν
3804 1683 3883 1744 εἰς

2230 1770 2292 1823 τὸ
2326 1766 2693 1844 ἱπποδρόμιον
2732 1771 3078 1847 παραγίνεται
3126 1774 3275 1843 (44)ς
3330 1772 3493 1825 κακὸν
3543 1771 3736 1825 οἱωνὸν
3779 1773 3878 1840 τὴν

473 1872 727 1924 ratorem
749 1864 1202 1922 Constantinum
1234 1862 1422 1917 affert.
1455 1861 1620 1916 Hunc
1652 1860 1821 1914 Ducis
1855 1859 2121 1914 futurum

2237 1862 2326 1912 τοῦ
2373 1858 2855 1934 πρωτοστράτορος
2923 1857 3065 1934 ἔχων
3143 1861 3374 1934 σφαγὴν,
3454 1858 3604 1931 ὅμως
3664 1856 3721 1913 δὲ
3775 1864 3882 1913 τῶν

472 1958 693 2012 exitum
728 1957 901 2010 etiam
937 1952 1085 2009 alias
1122 1950 1531 2006 intellexerant
1575 1953 1817 2003 tutores.
1849 1947 2122 2003 Nicolaus

2238 1906 3738 2024 sagit;'23.";,;..;2;;...t*13'5101'Egaaa
3787 1906 3882 2002 ἓ,ξᾲ

473 2044 629 2101 enim
649 2044 888 2115 quidam
911 2040 1264 2114 publicanus
1282 2037 1580 2109 vectigalis
1599 2036 2127 2104 Chaldiensis,cum

473 2132 724 2204 vectigal
773 2134 1078 2201 acceptum
1110 2127 1438 2182 decoxisset
1468 2142 1658 2196 neque
1701 2125 1943 2179 haberet
1973 2126 2129 2180 unde

478 2221 712 2294 publico
744 2220 1112 2275 satisfaceret
1153 2216 1375 2285 aerario,
1407 2216 1467 2269 in
1497 2216 1720 2287 Syriam
1766 2214 2125 2286 profugerat,

2238 2035 2660 2109 εὐφημούμενος
2719 2031 2984 2091 κατέλαϐε
3022 2038 3121 2105 τὴν
3181 2035 3484 2110 λεγομένην
3520 2036 3765 2108 Χαλκῆν,
3793 2037 3882 2090 καὶ

2240 2122 2306 2178 δι’
2351 2126 2520 2193 αὐτῆς
2580 2125 2834 2180 εἰσελθὼν
2896 2123 3117 2200 ἔφθασεν
3180 2123 3313 2200 ἄχρι
3368 2130 3475 2179 τῶν
3533 2123 3877 2196 ἐξκουϐίτων.

2237 2216 2292 2266 Ὁ
2324 2211 2381 2267 δὲ
2431 2215 2727 2288 μάγιστρος
2788 2213 3042 2284 Ἰωάννης
3101 2214 3128 2268 ὁ
3188 2212 3444 2283 Ἐλαδᾰς,
3480 2217 3554 2276 εἷς
3612 2214 3873 2289 ύπάρχων

479 2315 536 2365 et
566 2313 770 2364 nostra
794 2308 1020 2377 ejurata
1050 2304 1331 2377 religione
1357 2302 1681 2374 astrologiae
1705 2319 1766 2357 se
1785 2303 2044 2357 dederat.
2074 2305 2122 2359 Is

2237 2308 2341 2359 τῶν
2389 2302 2719 2377 ἐπιτρόπων,
2780 2301 3015 2377 ἐκλογὴν
3078 2304 3151 2364 ὡς
3209 2305 3236 2358 6
3295 2304 3481 2377 καιρὸς
3533 2301 3712 2358 ἐδίδου
3767 2308 3873 2357 τῶν

477 2399 536 2452 in
570 2396 737 2469 nigro
758 2395 939 2450 linteo
963 2393 1190 2448 litteras
1213 2393 1284 2447 ad
1306 2392 1589 2447 Thomam
1612 2390 1965 2462 logothetam
1991 2392 2127 2447 scri-

476 2490 607 2557 ptas
640 2485 897 2551 miserat,
923 2500 1050 2555 quae
1081 2481 1261 2537 linteo
1283 2498 1438 2554 aqua
1468 2481 1614 2537 281
1652 2479 1811 2535 eluto
1843 2497 2122 2552 apparue-

473 2578 629 2641 runt,
664 2574 815 2629 hanc
858 2572 1223 2627 continentes
1258 2572 1605 2627 sententiam
1644 2587 1656 2624 :
1687 2590 1711 2620 ε
1746 2569 1930 2625 Nolite
1958 2570 2122 2624 vobis

2236 2391 2441 2446 ἐλατῶν
2504 2394 2618 2464 (45)
2673 2394 2760 2446 καὶ
2831 2397 2937 2446 τῶν
3003 2393 3282 2467 ἑταιρειῶν
3343 2392 3739 2465 ποιησάμενος,
3787 2393 3877 2446 καὶ

2233 2478 2565 2542 καθοπλίσας
2625 2476 2775 2544 ὅπως
2846 2482 2976 2535 ποτὶ
3037 2478 3258 2543 ἕκαστος
3305 2482 3545 2555 ἅρματος
3604 2485 3710 2554 (46)
3770 2480 3877 2550 ηύ-

2233 2571 2409 2645 πόρει,
2469 2569 2754 2626 ἀπέστειλε
2808 2570 2942 2625 κατὰ
2987 2576 3082 2626 τοῦ
3114 2572 3289 2625 Δούκα
3322 2591 3333 2604 ·
3398 2569 3593 2633 οἰίτινες
3641 2572 3875 2649 φθάσαν-

472 2668 733 2719 metuere
758 2680 792 2717 a
821 2662 951 2717 rufa
998 2676 1099 2715 ave
1146 2660 1304 2715 Duca
1338 2677 1351 2714 :
1383 2660 1563 2714 stulte
1594 2659 1748 2713 enim
1803 2674 1896 2714 res
1944 2675 2122 2714 novas

2237 2680 2317 2720 τες
2372 2658 2500 2723 τοὺς
2554 2662 2674 2735 περὶ
2757 2660 2915 2714 αὐτὸν
2985 2659 3409 2733 σνμπλέκονται,
3493 2660 3583 2714 καὶ
3669 2660 3874 2735 γίνεται

472 2751 763 2822 molietur,
796 2754 853 2805 et
885 2749 1083 2804 statim
1118 2748 1353 2819 peribit.
1381 2769 1401 2795 ι

2237 2747 2392 2822 φόνος
2440 2748 2613 2810 πολὺς
2670 2749 3016 2822 ἑκατέρωθεν.
3078 2750 3274 2805 Ἒπεσε
3332 2746 3388 2803 δὲ
3444 2749 3533 2803 καὶ
3593 2756 3875 2823 Γρηγορᾶς

471 2842 621 2894 ὁτοῦ
653 2837 858 2899 Δουκὸς
905 2837 1055 2908 υἱὸς,
1098 2836 1188 2889 καὶ
1242 2833 1479 2911 Μιχαὴλ
1546 2835 1572 2887 6
1622 2832 1841 2907 ἀνεψιὸς
1898 2832 2204 2902 αὐτοῦ,καὶ
2248 2838 2566 2913 Κουρτίκιος
2625 2840 2652 2893 6
2710 2840 3020 2912 Ἀρμένιος.
3069 2843 3249 2893 Ταὖτα
3290 2842 3540 2914 ταραχῆς
3576 2838 3641 2892 ού
3678 2844 3875 2912 μικρᾶς

471 2928 561 2983 τὸν
622 2930 1023 2982 Κωνσταντῖνον
1083 2922 1459 2996 ἐμπίμπλησι.
1515 2920 1770 2977 Σπεύδων
1853 2921 1942 2977 οὖν
2000 2923 2299 3000 ἐπιῤῥῶσαι
2372 2929 2433 2982 τὸ
2486 2928 2676 2982 ἑαυτοῦ
2740 2927 2926 3003 μέρος,
2985 2929 3075 2983 τὸν
3127 2926 3299 2982 ’ίππον
3353 2927 3549 2989 ἐλάσας
3608 2929 3873 3003 ἠπείγετο

475 3016 740 3089 συμμῖξαι
793 3020 912 3076 τοῖς
971 3010 1297 3087 ἔμπροσθεν.
1356 3014 1417 3068 Ὀ
1469 3009 1514 3065 δ’
1578 3009 1749 3074 ’ίππος
1830 3017 1950 3073 ταῖς
2031 3011 2202 3069 ἐκεῖσε
2277 3015 2717 3090 ύπεστρωμέναις
2772 3016 3175 3087 κατολισθήσας
3234 3014 3428 3086 πλαξὶν
3490 3016 3566 3079 εἰς
3622 3023 3722 3091 γῆν
3781 3016 3874 3071 τόν

473 3100 735 3173 ἐπιϐάτην
796 3097 1090 3170 κατιϐπλε,
1150 3100 1239 3155 καὶ
1295 3121 1378 3163 τις
1454 3100 1613 3155 αὐτὸν
1682 3100 1818 3154 κατά
1904 3107 2001 3175 γῆς
2064 3102 2391 3179 ὶῤῥιμμένον
2445 3106 2532 3159 καὶ
2596 3108 2982 3178 μεμονωμένον
3040 3100 3362 3159 καταλαϐὼν
3421 3105 3495 3177 (οἱ
3548 3105 3650 3179 γὰρ
3707 3103 3874 3160 ἄλλοι

475 3187 923 3259 διεσκεδάσθησαν
1006 3186 1257 3256 ἅπαντες)
1310 3184 1446 3263 ξίφει
1504 3186 1601 3254 τὴν
1656 3184 1849 3239 τούτου
1908 3186 2141 3260 ἀπέτεμε
2198 3190 2440 3268 κεφαλὴν
2499 3190 2587 3245 καὶ
2651 3189 2929 3266 δρομαίως
2985 3195 3063 3263 τῷ
3122 3188 3329 3266 βασιλεὶ
3390 3189 3662 3263 ἀπήνεγκε
3721 3192 3877 3245 Κων-

472 3278 750 3351 σταντίνῳ.
807 3279 884 3333 Τὸ
939 3274 997 3330 δὶ
1075 3274 1331 3345 τοιαύτην
1405 3273 1563 3328 αὐτὸν
1647 3272 2056 3348 καταλήψεσθαι
2138 3277 2314 3353 τύχην
2398 3281 2843 3353 προεσνωσμὲνον
2931 3279 2997 3348 ἦν
3080 3285 3195 3340 τοῖς
3267 3278 3584 3353 ἐπιτρόποις
3668 3278 3757 3332 καὶ
3826 3277 3879 3348 ἐξ

471 3367 653 3440 ἑτέρας
704 3365 900 3427 αἰτίας.
960 3363 1235 3426 Νικόλαός
1290 3383 1373 3426 τις
1460 3360 1814 3435 δημοσιώνης
1887 3369 1995 3418 τῶν
2076 3364 2127 3420 ἰν
2209 3365 2417 3438 Χαλδίᾳ
2493 3371 2604 3441 (47)
2685 3368 3034 3443 εἰσπράξεων,
3090 3368 3186 3429 τὰς
3233 3365 3539 3428 συντελείας
3597 3387 3878 3421 κατασπα-

472 3456 640 3524 θήσας
665 3455 753 3508 καὶ
814 3455 889 3526 μὴ
954 3448 1098 3528 ἔχων
1159 3451 1277 3515 ὅθεν
1336 3449 1526 3522 ἀποδῷ
1562 3453 1624 3506 τὸ
1685 3449 1949 3525 δημόσιον
2010 3449 2260 3531 ὄφλημα,
2322 3457 2499 3535 φυγὰσ
2557 3458 2632 3521 εἷς
2690 3458 2889 3532 Συρίαν
2939 3454 3141 3531 ᾤχετο,
3198 3456 3595 3529 ἐξομοσάμενος
3623 3457 3721 3523 τήν
3754 3457 3877 3509 καθ’

471 3544 621 3616 ἡμᾶς
680 3538 872 3611 εὐσεϐῆ
949 3541 1259 3617 Θρησκείαν,
1318 3540 1408 3595 καὶ
1493 3538 1849 3615 ἀστρολογίας
1936 3544 2293 3602 ἀντεποιεῖτο,
2361 3546 2531 3606 Οἰτος
2619 3544 2669 3601 ἐν
2746 3546 2907 3620 ὀθὸνῃ
2994 3543 3224 3619 μελαίνῃ
3309 3544 3605 3620 γράμματα
3661 3544 3874 3618 γράψας

472 3631 798 3687 ἀπεστάλκει
848 3635 927 3703 τῷ
985 3628 1247 3707 λογοθέτῃ
1297 3634 1485 3703 Θωμᾷ,
1537 3630 1626 3683 καὶ
1682 3636 1781 3699 τῆς
1866 3630 2062 3701 ὀθόνης
2147 3634 2438 3710 ῥυφθείσης
2519 3632 2587 3689 δι’
2668 3633 2861 3697 ὕδατος
2925 3634 3128 3713 φανερὰ
3169 3633 3236 3688 τὰ
3290 3634 3587 3707 γράμματα
3635 3632 3878 3707 γέγονεν.

472 3728 570 3778 Ἠν
601 3718 661 3775 δὲ
718 3721 747 3775 ὁ
792 3724 913 3781 νοῦς
956 3724 1065 3774 τῶν
1119 3718 1514 3793 γεγραμμένων
1565 3723 1814 3780 τοιοῦτος
1848 3738 1860 3751 ⁶
1897 3744 1925 3771 ‹‹
1986 3723 2077 3790 Μὴ
2135 3719 2417 3798 φοϐηθῆτε
2474 3723 2578 3777 ἀπὸ
2623 3728 2720 3777 τοῦ
2777 3723 2985 3800 πυῤῥοῦ
3033 3726 3282 3777 πετεινοῦ
3312 3726 3409 3776 τοῦ
3458 3721 3661 3785 Δουκός
3695 3741 3707 3751 ⁸
3742 3743 3880 3775 νεω-

467 3810 839 3885 τερισθήσεται
870 3808 969 3884 γὰρ
1003 3808 1274 3883 ἀφρόνως,
1307 3807 1397 3862 καὶ
1426 3806 1623 3871 εὐθέως
1652 3806 2130 3883 ὀλοθρευθήσεται.
2166 3834 2194 3863 ››

542 3901 764 3956 Conatu
815 3899 989 3955 Ducae
1038 3899 1195 3953 hunc
1246 3899 1463 3954 exitum
1515 3902 1706 3966 nacto,
1741 3900 1941 3954 statim
1984 3904 2122 3955 Gre-

2305 3900 2565 3955 Τοιοῦτον
2644 3897 2700 3953 δὲ
2771 3897 2930 3959 τέλος
2998 3894 3275 3967 λαϐούσης
3358 3906 3457 3968 τῆς
3508 3899 3879 3967 ἀποστάσεως,

474 4005 649 4061 goras
682 3987 981 4060 magister,
1012 3987 1181 4043 Ducm
1232 4003 1419 4053 socer,
1451 3992 1508 4041 et
1545 4004 1678 4041 cum
1728 4004 1793 4043 eo
1845 3988 2126 4059 patricius

477 4078 590 4133 Leo
620 4077 1067 4148 Chmrosphacta
1112 4076 1183 4131 ad
1236 4076 1466 4146 Sophia:
1515 4075 1798 4146 templum
1850 4078 2125 4149 profuge-

477 4170 634 4220 runt.
664 4165 771 4228 Qui
804 4181 837 4219 a
867 4164 1161 4219 tutoribus
1185 4165 1323 4218 inde
1355 4164 1600 4234 abrepti,
1621 4165 1736 4219 rasi
1766 4168 1822 4219 et
1852 4166 2125 4221 monachi

474 4255 533 4309 in
554 4253 746 4309 Studii
768 4252 1193 4308 monasterium
1218 4252 1481 4308 conclusi
1506 4257 1660 4308 sunt.
1677 4252 2125 4311 Constantinum

475 4342 779 4397 Eladicum
811 4341 1125 4413 patricium
1176 4341 1351 4396 iidem
1403 4340 1596 4396 nervis
1644 4341 1873 4397 bovillis
1904 4343 2125 4414 prolixe

474 4447 690 4487 caesum
724 4435 782 4485 et
814 4432 873 4484 in
900 4430 1203 4500 triumpho
1235 4446 1338 4501 per
1369 4430 1623 4485 mediam
1646 4430 1850 4485 urbem
1882 4432 2122 4488 ductum

470 4520 829 4575 monasterio
858 4519 1175 4574 Dalmatico
1205 4518 1513 4574 inclusere.
1540 4520 1787 4573 Leonem
1813 4520 2121 4591 patricium

468 4607 879 4664 Catacalitzam
930 4612 986 4663 et
1038 4608 1485 4663 Abessalomum
1542 4608 1851 4680 patricium
1907 4612 2122 4666 Arotrae

467 4697 657 4754 filium
672 4704 987 4753 excwcatos
1007 4696 1818 4769 relegarunt.Constantinum
1835 4699 2031 4755 Eulam
2044 4702 2130 4771 pii

471 4786 680 4855 (ilium,
709 4791 768 4842 et
798 4803 933 4841 cum
966 4802 1031 4841 eo
1063 4785 1230 4856 alios,
1256 4786 1595 4841 Philothcus
1622 4788 1785 4841 urbis
1817 4790 2123 4859 praefectus

464 4876 527 4931 in
560 4875 708 4931 Circi
739 4875 923 4930 funda
953 4874 1142 4945 capite
1175 4874 1479 4929 truncavit.
1508 4874 1742 4930 Nioetas
1774 4879 2122 4933 secretarius

2236 3988 2535 4062 παραυνίκα
2574 3989 2666 4061 μὲν
2710 3989 2737 4043 6
2800 3989 3095 4063 μάγιστρος
3145 3990 3427 4063 Γγήγορᾶς
3474 3988 3563 4041 καὶ
3624 3988 3881 4062 πενθερὸς

2233 4081 2329 4131 τοῦ
2361 4078 2562 4140 Δουκὸς
2598 4077 2732 4149 μετὰ
2788 4076 3018 4138 Λέοντος
3074 4077 3361 4149 πατρικίου
3417 4081 3513 4130 τοῦ
3570 4077 3881 4152 Χοιροσφά-

2233 4187 2363 4219 κτου
2401 4170 2480 4237 τῷ
2528 4166 2656 4237 Θείῳ
2701 4166 2913 4238 τεμένει
2962 4173 3063 4235 τῆς
3109 4171 3206 4219 τοῦ
3262 4170 3395 4221 Θεοῦ
3456 4165 3659 4240 Σοφίας
3708 4186 3879 4240 προσ-

2235 4252 2467 4329 έδραμον
2503 4274 2514 4286 °
2581 4253 2671 4316 οὕς
2728 4255 2923 4309 ἐκεῖθεν
3001 4255 3406 4316 ἀποσπάσαντες
3486 4257 3536 4309 oi
3591 4254 3880 4331 ἐπίτροποι

2233 4343 2516 4418 ἀπέκειραν
2557 4342 2834 4419 μοναχοὺς
2867 4344 2917 4398 έν
2962 4349 3029 4418 τῇ
3068 4366 3175 4398 των
3231 4341 3493 4400 Στουδίου
3530 4348 3691 4419 μονῇ.
3728 4352 3877 4399 Κων·

2235 4440 2507 4488 σταντῖνον
2540 4431 2597 4487 δὲ
2624 4435 2715 4487 τὸν
2776 4434 3057 4509 πατρίκιον
3112 4435 3203 4487 τὸν
3236 4432 3528 4488 Ἐλαδικὸν
3570 4434 3882 4509 βουνεύροις

2232 4522 2490 4594 τύψαντες
2549 4520 2783 4599 ἀφειδῶς
2838 4521 2929 4577 διὰ
3006 4522 3174 4595 μέσης
3240 4530 3339 4591 τῆς
3397 4522 3611 4583 πόλεως
3662 4522 3884 4595 ἐθριάμ-

2235 4607 2423 4665 ϐευσαν
2456 4612 2545 4665 καὶ
2596 4611 2645 4665 ἐν
2700 4616 2767 4684 τῇ
2826 4616 2967 4685 μονῇ
3023 4616 3131 4665 τῶν
3188 4609 3475 4683 Δαλμάτου
3533 4611 3879 4665 ἀπέκλεισαν.

2234 4701 2432 4754 Λέοντα
2465 4698 2521 4754 δὲ
2567 4701 2848 4777 πατρίκιον
2900 4700 2992 4754 τὸν
3035 4697 3444 4769 Κατακαλίτζην
3488 4721 3578 4754 και
3620 4695 3879 4755 Ἀϐεσσα-

2234 4791 2362 4861 λὼμ
2417 4791 2702 4865 πατρίκιον
2760 4792 2849 4845 τὸν
2902 4795 3000 4845 τοῦ
3056 4792 3290 4863 Ἀροτρᾶ
3348 4788 3789 4867 ἐκτυφλώσαντες
3826 4788 3879 4842 ἐν

2232 4879 2412 4954 ἐξορίᾳ
2468 4882 2851 4954 παρέπεμψαν.
2910 4885 3284 4935 Κωσταντῖνον
3361 4877 3418 4933 δὶ
3472 4879 3563 4932 τὸν
3618 4882 3717 4931 τοῦ
3774 4877 3881 4931 Εὐ-

1662 5015 2026 5074 XYLANDRI
2067 5020 2157 5076 ET
2197 5022 2413 5077 GOARI
2457 5022 2689 5079 NOT/E.

539 5132 652 5205 (44)
682 5134 859 5205 Atqui
888 5136 1010 5190 erat
1040 5134 1192 5189 circo
1223 5132 1516 5205 exclusus,
1557 5133 1671 5189 nisi
1705 5134 1819 5189 alia
1850 5136 2117 5193 fortassis

470 5203 642 5277 porta
662 5203 915 5275 intrarit,
950 5209 1052 5262 aut
1081 5206 1152 5261 de
1196 5203 1330 5275 alio,
1354 5206 1509 5276 quod
1542 5206 1812 5273 arbitror,
1848 5207 1996 5263 circo
2030 5210 2117 5264 lo—

468 5280 699 5348 quatur.
735 5278 869 5348 XYL.

540 5346 653 5420 (45)
684 5346 1209 5420 Πλωΐμουςηὴιιὶκει
1256 5348 1528 5415 Zonaras,
1582 5348 1737 5418 quod
1771 5348 1953 5420 idem
2005 5357 2113 5419 est,

466 5418 658 5491 socios
692 5418 947 5477 navales.
981 5419 1115 5473 XYL.
1144 5451 1207 5459 —
1241 5420 1510 5491 Remiges
1565 5437 1681 5473 non
1730 5419 1983 5491 plebeios
2016 5418 2118 5478 aut

468 5489 854 5562 tumultuario
905 5492 1085 5547 lectos
1113 5490 1381 5562 intelligi
1417 5507 1527 5544 non
1561 5489 1768 5561 opinor
1802 5511 1813 5547 :
1847 5499 1910 5548 ut
1959 5495 2115 5550 enim

466 5557 747 5635 ἑταιρεῖαι,
771 5564 840 5620 de
863 5565 1077 5635 quibus
1109 5557 1392 5635 loquitu'r,
1412 5557 1921 5635 con/aederatorum
1951 5571 2117 5622 erant

465 5633 681 5709 selectae
708 5633 931 5701 turmae,
965 5636 1045 5689 ita
1077 5640 1134 5690 et
1164 5633 1447 5709 remigum
1482 5633 1826 5709 dro‘monem
1858 5637 2115 5709 impera-

473 5706 616 5763 toris
661 5723 833 5780 agere
864 5713 1309 5773 consuetorum;
1361 5706 1429 5760 de
1474 5704 1692 5775 quibus
1722 5704 2021 5764 Constant.
2054 5711 2113 5763 in

2227 5140 2451 5210 Admin.
2506 5142 2643 5210 Imp.
2674 5156 2723 5194 ο.
2758 5140 3116 5210 51.ίΑυοῐοιι
3164 5139 3313 5193 infra
3344 5155 3422 5210 pp.
3461 5139 3567 5192 615
3591 5154 3613 5210 ν;
3649 5136 3717 5210 Ei
3764 5131 3885 5210 ἔχει

2227 5156 2451 5195 Ααγηζη.
2506 5156 2643 5208 Imp.
2674 5156 2723 5194 Ο.
2758 5156 2847 5195 01.
2898 5156 3116 5195 Auctor
3164 5156 3313 5193 lnlt‘a
3362 5156 3422 5210 ρ.
3461 5156 3567 5192 010
3602 5156 3613 5192 ξ
3652 5156 3715 5192 [fit
3764 5158 3787 5190 ε
3838 5158 3872 5191 ε¹

2226 5208 2416 5284 ᾂνδρας
2478 5209 2731 5284 έύειδεζς,
2794 5209 2882 5264 καὶ
2940 5212 3215 5284 γενναίους
3271 5208 3359 5262 καὶ
3417 5210 3513 5276 τήν
3579 5156 3872 5283 βασιλικζδν

2226 5281 2454 5356 ἐρέττειν
2490 5281 2829 5348 ἐπιτηδείους
2870 5281 3091 5355 τριήρη.
3130 5285 3310 5338 GOAR.

2298 5356 2409 5438 (46)
2440 5356 2719 5438 Ἅρματος
2768 5351 2931 5409 arma
2959 5351 3103 5410 verti
3141 5372 3152 5410 :
3190 5368 3377 5438 neque
3408 5351 3881 5438 enim‘lcurr‘ibus

2227 5424 2317 5481 usi
2349 5424 2521 5491 eunti
2550 5424 2607 5483 et
2643 5429 2793 5483 hanc
2826 5442 3044 5492 vocem,
3081 5444 3195 5497 quo
3242 5424 3687 5497 modoumultas,
3721 5424 3879 5479 Gree-

2225 5516 2351 5553 cam
2387 5500 2539 5565 fecit,
2574 5505 2637 5554 ut
2666 5515 2847 5569 supra
2878 5495 3109 5569 quoque
3141 5496 3371 5569 monui.
3398 5495 3532 5569 Xi'n.

2298 5572 2411 5639 (47)
2441 5570 2560 5626 Vox
2600 5566 2851 5627 obscura
2883 5566 2972 5640 et,
3009 5566 3074 5623 ut
3104 5566 3466 5640 puto,ifalsa.
3503 5568 3636 5640 x31“
3669 5596 3734 5606 —-
3767 5570 3873 5621 Ar-

2228 5637 2428 5697 meniis
2462 5644 2649 5713 portio
2680 5648 2769 5698 est
2798 5637 3003 5695 Χαλδία
3032 5637 3234 5695 versus
3264 5638 3514 5710 Syriam.
3545 5637 3724 5692 GOAR.
