4050 6326
104 426 185 486 13
1286 413 1829 481 HISTORIABUM
1874 414 2438 480 COMPENDIUM.
3466 412 3561 483 ιι·

104 556 372 629 λαμπίου
417 557 511 611 καὶ
560 555 780 630 ἱτερους
822 551 915 607 σὺν
961 550 1109 623 αὐτῷ
1165 548 1435 614 Φιλόθεος
1500 549 1528 603 ὁ
1602 543 1765 621 ἔπαρ-

1885 552 1942 604 et
1980 548 2404 605 Constantinus
2451 548 2689 606 Africus
2734 550 2837 606 diu
2886 566 2952 607 ac
3002 550 3257 608 multum
3306 553 3538 624 quaesiti

107 665 215 720 χος
261 646 384 719 (48)
439 642 489 697 ἰν
538 647 610 716 τῇ
671 640 870 715 ἱππικῇ
911 637 1172 715 σφενδόνῃ
1217 637 1472 710 ἀπέτεμε.
1530 636 1770 705 Νικήτας

104 732 168 789 δὲ
219 735 252 789 ὁ
310 734 613 804 ἇσηκρῆτις
667 731 760 786 καὶ
809 734 1216 789 Κωνσταντῖνος
1273 728 1301 781 ὁ
1358 725 1510 800 Λὶψ,
1574 724 1766 797 καίπερ

100 822 549 893 ἀναζητηθίντες
596 817 803 889 πολλὰ,
860 817 967 894 οὐχ
1025 816 1345 892 εὑρέθησαν.
1396 814 1498 868 Τὸν
1548 811 1604 868 δὲ
1660 832 1766 867 πα-

96 912 327 986 τρίκιον
359 908 594 985 Δίγίδην
623 910 715 963 τὸν
748 907 830 963 ἐπ’
861 905 1054 983 ἀνδρίᾳ
1080 900 1434 978 περιϐόητον,
1465 904 1555 958 καί
1612 921 1766 963 τινας

100 1001 199 1054 ὠν
263 1000 422 1071 αὐτῷ
481 996 816 1075 στρατηγοὺς
871 996 973 1050 οὐκ
1029 995 1276 1067 ἀσήμους
1313 1038 1327 1061 ,
1388 992 1493 1046 ἀπὸ
1551 997 1651 1061 τῆς
1712 989 1763 1044 ἐν

97 1087 464 1164 Χρυσοπόλει
495 1084 784 1160 δαμάλεως
813 1085 927 1158 (49)
955 1085 1046 1137 καὶ
1100 1083 1266 1158 μὲχρι
1314 1085 1411 1136 τοῦ
1452 1079 1624 1135 τόπου
1666 1083 1764 1134 τοῦ

95 1177 415 1252 λεγομένου
446 1175 777 1232 Λευκακτίου
807 1169 1259 1228 άνεσκολόπισαν.
1304 1168 1516 1226 Πολλοὶ
1566 1166 1625 1224 δὶ
1672 1167 1762 1223 καὶ

95 1265 272 1322 ἄλλοι
306 1264 711 1321 ἀπωλώλεισαν
736 1268 848 1318 τῶν
888 1261 1264 1338 συγκλητικῶν
1320 1260 1467 1331 παρᾶ
1511 1261 1620 1313 τῶν
1671 1255 1765 1312 λε-

89 1356 356 1430 γομὲνων
441 1351 750 1425 ιπιτρόπων
835 1349 1080 1420 ἀνηλεῶς
1160 1368 1220 1403 τε
1301 1347 1391 1402 καὶ
1478 1345 1756 1416 ἀναιτίως,

91 1448 177 1519 [Ρ.
225 1445 372 1516 6H]
433 1441 486 1497 εἴ
544 1441 620 1514 μή
676 1460 821 1503 τινες
883 1436 1392 1515 παῤῥησιασάμενοι
1446 1439 1553 1490 τῶν
1607 1432 1763 1490 δικα-

88 1538 235 1587 στῶν
301 1539 414 1601 τῆς
472 1527 660 1584 ἀδίκου
718 1530 902 1603 ὁρμῆς
959 1527 1328 1601 ἆνεχαίτισαν,
1376 1524 1629 1602 φάμενοι,
1687 1526 1761 1587 ὡς

89 1619 299 1683 παιδὸς
358 1617 513 1681 ὄντος
566 1623 667 1673 τοῦ
703 1614 974 1693 βασιλέως
1001 1616 1091 1670 καὶ
1126 1617 1202 1687 μὴ
1243 1619 1499 1675 νοοῦντος
1546 1613 1614 1668 τὰ
1664 1635 1762 1669 πε-

86 1710 399 1785 πραγμένα
427 1713 549 1770 πῶς
574 1705 698 1762 ἄνευ
725 1712 831 1775 τῆς
860 1704 1026 1759 αὐτοῦ
1056 1703 1358 1764 κελεύσεως
1408 1701 1653 1775 τολμᾶτε
1698 1703 1766 1757 τὰ

86 1804 331 1854 τοιαῦτα
363 1796 823 1872 διαπράττεσθαι;
858 1796 925 1851 Οἱ
956 1791 1014 1849 δὶ
1052 1792 1337 1868 ἐπίτροποι
1383 1792 1476 1846 καὶ
1521 1792 1622 1861 τὴν
1667 1796 1764 1848 τοῦ

1878 636 2101 693 inventi
2151 654 2266 693 non
2319 642 2479 693 sunt.
2524 637 2839 693 Patricium
2883 639 3173 712 Egidam,
3220 641 3536 699 nobilitates

1877 725 2246 782 fortitudinis
2276 726 2488 794 virum,
2512 734 2567 782 et
2591 726 2737 782 alios
2766 744 2900 784 cum
2933 745 3000 785 eo
3030 729 3210 786 duces
3239 729 3396 787 haud
3430 731 3533 788 ob-

1878 832 2105 883 scuros,
2130 832 2164 871 a
2192 810 2422 871 Damali
2452 816 2749 888 (buculam
2790 834 2900 873 vox
2938 823 3121 888 notat)
3152 818 3531 893 Chrysopoli-

1874 909 2017 961 tana
2039 922 2227 977 usque
2254 906 2325 960 ad
2356 905 2550 961 locum
2572 907 2665 961 cui
2690 908 2995 963 Leuoactio
3016 908 3193 980 (quod
3218 908 3419 965 album
3442 909 3536 966 lit-

1872 999 1970 1050 tus
2003 994 2249 1066 diceres)
2290 1012 2501 1050 nomen
2555 1000 2666 1059 est,
2699 996 2849 1067 palis
2901 997 3269 1054 sufﬁxerunt.
3292 998 3444 1064 Quin
3477 1002 3537 1056 et

1874 1082 2020 1139 alios
2046 1082 2262 1139 multos
2284 1084 2561 1140 senatorii
2582 1084 2807 1140 ordinis
2828 1085 2982 1141 viros
3000 1090 3224 1143 tutores
3244 1088 3341 1144 isti
3367 1088 3536 1145 inno-

1874 1189 2014 1228 cuos
2046 1172 2361 1229 crudeliter
2389 1177 2557 1228 erant
2587 1173 3015 1246 interempturi,
3041 1176 3155 1231 nisi
3195 1177 3435 1248 quidam
3468 1194 3538 1233 ex

1867 1262 2172 1332 judicibus
2220 1262 2491 1318 libertate
2520 1263 2757 1319 dicendi
2805 1269 3049 1336 sumpta
3081 1280 3179 1321 eos
3210 1266 3282 1322 ab
3315 1266 3535 1337 injusto

1874 1355 2082 1407 conatu
2138 1351 2542 1419 retraxissent,
2578 1356 2911 1424 quaerentes
2953 1354 3248 1425 quomodo
3299 1354 3536 1425 injussu

1873 1440 2275 1512 imperatoris,
2299 1440 2453 1497 282
2486 1442 2585 1513 qui
2624 1457 2771 1513 puer
2801 1441 2992 1496 adhuc
3041 1442 3183 1515 quid
3234 1447 3539 1516 gereretur

1874 1545 1991 1583 non
2024 1528 2399 1600 intelligeret,
2432 1534 2596 1586 tanta
2642 1531 2925 1586 auderent
2972 1531 3181 1588 facere.
3213 1532 3259 1589 Ii
3309 1536 3535 1591 tutores

1874 1634 2115 1673 uxorem
2147 1634 2379 1690 quoque
2413 1620 2577 1673 Ducis
2617 1624 2893 1674 raserunt
2937 1624 2994 1675 et
3041 1621 3285 1677 domum
3337 1638 3531 1695 suam,

1874 1722 2050 1778 quam
2083 1706 2141 1760 in
2175 1706 2574 1780 Paphlagonia
2605 1707 2875 1778 habebat,
2904 1709 3278 1779 dimiserunt,
3308 1710 3529 1767 ﬁlium-

1874 1811 1988 1867 que
2017 1797 2147 1867 ejus
2177 1796 2543 1868 Stephanum
2576 1801 2998 1852 castraverunt.

87 1894 273 1944 Δοῦκα
306 1886 694 1962 ἀποκείραντες
720 1888 945 1961 γυναῖκα
973 1881 1051 1944 εἷς
1078 1882 1169 1937 τὸν
1203 1881 1255 1937 ἐν
1289 1884 1356 1956 τῇ
1416 1878 1769 1957 Πασλαγονίᾳ
1825 1882 1972 1936 οἶκον
2028 1882 2197 1953 αὐτῆς
2258 1882 2653 1953 ἐξαπέστειλαν.
2703 1883 2987 1957 Ἐξὲτεμον
3016 1881 3075 1940 δὶ
3112 1886 3202 1941 καὶ
3254 1886 3526 1963 Στέφανον

81 1980 171 2035 τὸν
204 1979 430 2046 ταύτης
457 1976 598 2033 υἱόν.

157 2067 357 2127 Ἀλλᾶ
385 2067 597 2122 τούτων
640 2064 777 2120 κατὰ
814 2064 916 2133 τὴν
965 2062 1129 2118 πόλιν
1177 2059 1564 2134 πραττομένων
1592 2106 1607 2132 ,
1659 2065 1765 2113 Συ-

1945 2062 2096 2118 Dum
2131 2065 2251 2118 haec
2280 2062 2340 2117 in
2373 2062 2517 2118 urbe
2548 2067 2855 2135 geruntur,
2887 2063 3122 2120 interim
3153 2065 3349 2122 Simeo
3387 2065 3529 2123 Bul-

86 2158 233 2232 μεὼν
289 2157 325 2211 ὁ
378 2152 725 2230 Βουλγαρίας
780 2148 966 2226 ἄρχων
1023 2149 1156 2223 μετὰ
1209 2148 1429 2224 βαρείας
1477 2145 1758 2220 δυνάμεως

87 2242 366 2314 ιίτϐολήν
415 2244 554 2300 κατᾶ
598 2239 883 2315 Ῥωμαίων
939 2238 1259 2309 ἐποιήσατο,
1304 2237 1393 2292 καὶ
1438 2237 1539 2307 τὴν
1604 2237 1760 2312 βασι-

88 2334 216 2390 aiam
245 2333 470 2413 φθάσας
500 2332 716 2409 χάρακα
762 2323 1086 2408 πεφιὲϐαλεν
1146 2326 1252 2381 ἀπό
1308 2347 1369 2381 τε
1427 2324 1758 2402 Βλαχερνῶν

87 2429 176 2480 καὶ
232 2423 415 2499 μέχρι
464 2428 566 2491 τῆς
615 2419 921 2496 λεγομένης
975 2423 1191 2492 Χρυσῆς
1232 2415 1462 2493 πόρτης,
1510 2416 1602 2470 καὶ
1666 2436 1758 2489 με·

86 2514 301 2589 τωρος
352 2512 422 2581 ἦν
473 2516 593 2574 ταῖς
643 2508 825 2565 ἐλπίσι
886 2504 1086 2585 ῥᾳδίως
1132 2506 1334 2576 ταύτην
1392 2504 1533 2560 ὶλεῖν
1582 2510 1756 2559 Κατα-

94 2605 285 2675 μαθὼν
323 2599 386 2656 δὶ
415 2601 518 2669 τὴν
550 2598 862 2675 ὀχυρότητα
912 2600 1020 2651 τῶν
1068 2599 1270 2672 τειχῶν
1315 2594 1406 2649 καὶ
1452 2598 1517 2649 τῦ
1547 2591 1762 2664 πλῆθος

89 2699 201 2748 τῶν
223 2687 795 2767 τειχοφυλακοΰντων
842 2685 932 2740 καὶ
975 2686 1075 2754 τὴν
1100 2688 1211 2739 τῶν
1263 2678 1619 2760 πετροϐόλων
1667 2682 1759 2737 καὶ

88 2776 420 2852 τοξοϐόλων
470 2776 710 2853 ὀργάνων
766 2772 1078 2849 δαψίλειαν,
1118 2774 1384 2851 ἀφέμενος
1429 2776 1538 2827 τῶν
1601 2769 1757 2827 ἱλπί-

93 2869 199 2924 δων
231 2868 290 2923 ἐν
347 2872 434 2940 τῷ
482 2861 740 2938 Ἑϐδόμῳ
788 2862 1135 2939 ὑπέστρεψεν,
1188 2860 1466 2936 εῗρηνικὰς
1523 2858 1758 2923 σπονδὰς

92 2956 510 3030 ἐξαιτούμενος.
562 2958 682 3009 Τῶν
732 2950 779 3007 δ’
828 2951 1136 3024 ἐπιτρὸπων
1192 2949 1558 3023 ἀσμενέστατα
1615 2947 1760 3020 δεξα-

99 3049 275 3120 μένων
330 3045 431 3100 τὸν
478 3042 669 3117 λόγον,
718 3038 1046 3097 ἀποστέλλει
1097 3040 1125 3093 ὁ
1176 3038 1402 3110 Συμεὼν
1445 3039 1537 3093 τὸν
1567 3037 1759 3093 ἑαυτοῦ

97 3139 407 3211 μὰγιστρον
486 3129 762 3205 Θεόδωρον
839 3127 1107 3203 ὁμιλῆσαι
1181 3128 1305 3202 περὶ
1389 3126 1634 3204 ιῗρήνης’
1696 3126 1758 3181 οὗ

93 3227 558 3299 παραγενομένου
643 3218 735 3274 καὶ
828 3216 1009 3293 λόγων
1085 3214 1412 3287 κινηθέντων
1484 3212 1712 3270 πολλῶν
1740 3262 1756 3288 ,

96 3318 123 3369 ὁ
170 3314 547 3387 πατριάρχης
602 3309 717 3382 ἅμα
748 3312 870 3370 τοῖς
918 3306 1141 3369 λοιποῖς
1192 3304 1507 3376 ἱπιτρόποις
1561 3302 1757 3361 ἀναλα-

97 3399 287 3464 ϐόντες
328 3402 432 3456 τὸν
469 3395 698 3476 βασιλέα
727 3395 779 3451 ἐν
807 3401 889 3469 τῷ
937 3393 1187 3467 παλατίῳ
1230 3392 1402 3463 ἦλθον
1450 3397 1557 3448 τῶν
1611 3392 1753 3449 Βλα-

98 3496 341 3568 χερνῶν,
393 3489 487 3544 καὶ
553 3488 801 3561 ὁμήρους
853 3482 1034 3546 δόντες
1096 3482 1412 3558 ἀξιολόγους
1466 3481 1757 3558 εῗσήγαγον

96 3583 183 3634 τὸν
250 3577 500 3650 Συμεὼν
560 3575 611 3630 ἐν
672 3578 753 3646 τῷ
807 3571 1082 3646 παλατίῳ,
1136 3571 1227 3626 καὶ
1286 3571 1624 3640 συνειστιάθη
1683 3575 1762 3643 τῷ

105 3668 351 3743 βασιλεῖ,
386 3669 487 3720 τοῦ
517 3663 741 3737 Συμεὼν
778 3661 1171 3723 ὑποχλίναντος
1212 3664 1290 3733 τῷ
1318 3657 1631 3736 πατριάρχῃ
1659 3661 1759 3731 τὴν
1802 3728 1805 3729 ν

100 3754 353 3836 κεφαλήν
389 3754 481 3808 καὶ
515 3752 681 3829 εὐχὴν
717 3749 1006 3836 δεξαμένου
1045 3750 1172 3827 παρ’
1226 3749 1411 3820 αὐτοῦ,
1459 3748 1760 3821 ἐπιθέντος,

105 3835 177 3907 ὥς
208 3866 374 3922 φασι,
405 3846 479 3916 τῇ
528 3840 626 3896 τοῦ
669 3835 954 3915 Βαρϐάρου
1000 3837 1214 3913 κεφαλῇ
1261 3838 1376 3893 ἀντὶ
1408 3838 1670 3913 στεφάνου
1698 3837 1763 3893 τὸ

1871 2165 2146 2223 garorum
2164 2151 2439 2223 princeps
2456 2152 2616 2223 gravi
2630 2168 2763 2207 cum
2780 2154 3037 2209 exercitu
3054 2153 3113 2209 in
3129 2154 3530 2210 Romanorum

1870 2239 2151 2295 ditionem
2198 2239 2443 2308 invadit,
2467 2244 2524 2296 et
2577 2241 2649 2295 ad
2695 2241 2894 2311 Gpolin
2927 2243 3108 2313 venit,
3128 2247 3304 2316 atque
3336 2260 3370 2299 a
3399 2243 3529 2299 Bla-

1870 2328 2106 2384 chernis
2137 2345 2327 2400 usque
2353 2329 2425 2383 ad
2450 2331 2700 2384 Auream
2727 2336 2952 2401 portam
2981 2337 3176 2387 castra
3207 2332 3393 2404 ponit,
3416 2349 3536 2387 ma-

1869 2432 2169 2489 gnamque
2215 2433 2381 2489 spem
2433 2424 2781 2488 conceperat
2830 2420 2995 2475 urbis
3045 2421 3342 2491 potiundis
3376 2437 3389 2477 :
3426 2421 3527 2477 sed

1870 2513 1932 2561 ut
1962 2506 2176 2561 certior
2205 2506 2394 2561 factus
2424 2510 2515 2561 est
2544 2506 2616 2561 de
2653 2523 2960 2563 murorum
2994 2508 3292 2582 ﬁrmitate,
3325 2509 3531 2566 multi-

1869 2594 2073 2650 tudine
2106 2600 2607 2669 propugnatorum
2641 2611 2781 2652 saxa
2806 2597 3192 2668 jactantium,
3223 2598 3529 2655 machina-

1869 2700 2000 2738 rum
2031 2687 2089 2738 et
2118 2682 2462 2739 balistarum
2486 2684 2875 2752 abundantia,
2899 2687 3207 2758 repudiata
3228 2703 3297 2743 ea
3318 2704 3421 2759 spe
3453 2689 3528 2744 ad

1868 2771 2235 2827 Hebdomum
2296 2772 2515 2828 recedit
2570 2773 3158 2848 paciﬁcationemque
3204 2775 3414 2848 poscit.
3466 2777 3527 2832 Id

1869 2861 1981 2916 fuit
2009 2860 2195 2916 multo
2218 2860 2620 2933 gratissimum
2644 2863 2978 2935 tutoribus;
3015 2864 3353 2935 missusque
3373 2870 3465 2921 est
3495 2881 3529 2922 α

1868 2950 2137 3006 Simeone
2194 2950 2476 3021 magister
2532 2951 2723 3022 ipsius
2769 2952 3136 3025 Theodorus,
3161 2959 3218 3010 et
3266 2954 3338 3010 de
3386 2970 3528 3027 pace

1871 3039 2134 3096 habitum
2163 3038 2541 3110 colloquium.
2565 3039 2774 3096 Multis
2796 3040 2949 3097 ultro
2972 3043 3238 3115 citroque
3260 3059 3529 3100 commu-

1867 3129 2009 3184 tatis
2038 3128 2251 3192 verbis,
2279 3128 2611 3199 patriarcha
2641 3145 2774 3185 cum
2815 3130 3062 3203 reliquis
3092 3132 3390 3188 tutoribus
3421 3133 3525 3188 de-

1868 3217 2090 3272 ducunt
2138 3216 2550 3288 imperatorem
2602 3217 2661 3271 in
2709 3216 3138 3275 Blachernense
3188 3219 3524 3292 palatium:

1868 3305 2138 3376 datisque
2183 3306 2414 3361 idoneis
2462 3305 2770 3363 obsidibus
2818 3308 3021 3364 eodem
3070 3309 3143 3364 ad
3195 3308 3524 3365 convivium

1872 3394 2245 3466 imperatoris
2269 3394 2598 3451 Simeonem
2623 3396 2935 3468 recipiunt.
2960 3396 3070 3453 Ubi
3090 3398 3324 3469 quidem
3349 3401 3527 3470 caput

1873 3482 2217 3555 patriarchae
2246 3482 2537 3556 Bulgarus
2580 3486 2851 3557 princeps
2902 3487 3201 3553 submisit,
3232 3491 3289 3543 et
3335 3486 3408 3543 ab
3455 3502 3522 3544 eo

1871 3571 2402 3643 comprecationem
2445 3571 2719 3639 obtinuit,
2753 3573 2948 3645 capiti,
2976 3580 3038 3631 ut
3067 3576 3272 3642 fertur,
3293 3575 3518 3633 Simeo-

1871 3661 1964 3716 nis
2001 3659 2339 3732 imponente
2385 3677 2562 3716 suum
2612 3661 3114 3735 epirrhiptarium.
3138 3669 3278 3721 Post
3316 3663 3520 3721 convi-

1870 3749 2028 3804 vium
2062 3749 2223 3821 pacis
2255 3749 2693 3805 conditionibus
2733 3753 3094 3824 compositis,
3126 3753 3363 3809 Simeon
3393 3754 3520 3824 eju-

1872 3855 2019 3911 sque
2050 3837 2217 3895 liberi
2250 3839 2449 3894 donati
2481 3840 2718 3893 domum
2753 3840 3043 3895 abierunt.

104 3938 244 3991 ἔδεον
280 3932 709 4009 ἰπιῤῥιπτάριον
910 3928 1058 3984 Μετᾶ
1089 3926 1146 3983 δὲ
1172 3929 1273 3997 τὴν
1305 3927 1561 3997 ἑστίασιν,
1597 3922 1921 4001 ἀσυμϐάτων
1967 3926 2268 4001 γενομένων
2316 3925 2440 3999 περὶ
2489 3931 2587 3995 τῆς
2641 3925 2867 4001 εἰρήνης
2926 3929 3058 4002 (51),
3117 3924 3319 4002 δώροις
3379 3925 3410 3984 ὅ
3464 3947 3526 3983 τε

108 4027 339 4100 Συμεὼν
405 4021 497 4077 καὶ
556 4021 608 4076 οἱ
654 4019 851 4075 τούτου
906 4016 1096 4081 παῖδες
1155 4016 1647 4098 φιλοφρονηθέντες
1706 4018 1780 4080 εἰς
1834 4019 1935 4087 τήν
1986 4014 2126 4071 ΐδίαν
2187 4012 2587 4091 ἀπηλλαγησαν
2625 4015 2837 4092 χώραν.
2871 4017 2971 4075 Καὶ
3002 4021 3167 4074 ταῦτα
3202 4018 3295 4094 μὲν
3330 4017 3525 4097 ἔπρατ-

105 4135 226 4169 τετο
254 4109 426 4187 τῇδε.

164 4207 281 4259 Τοῦ
334 4199 402 4256 δί
452 4198 725 4272 βασιλέως
783 4196 1187 4253 Κωνσταντίνου
1241 4194 1332 4251 διὰ
1384 4195 1581 4258 παντὸς
1640 4193 1766 4250 ὁδυ-

110 4293 350 4366 ςυμὲνου
424 4288 519 4345 κά).
594 4288 695 4358 τὴν
765 4288 957 4342 ἑαυτοῦ
1033 4283 1476 4358 ἀνακαλουμένου
1560 4285 1770 4357 μητερα

113 4380 241 4453 ιξῆὂη
284 4379 399 4455 γάρ
430 4377 603 4445 αὐτὴν
634 4377 910 4450 κατήγαγε
931 4373 1028 4430 τοῦ
1078 4372 1347 4430 παλατίου
1375 4370 1769 4449 ’Λλὲξανδρος),

110 4465 513 4537 ἀναϐιϐάζουσι
561 4465 654 4519 καὶ
697 4460 917 4525 ἄκοντες
964 4460 1132 4518 πάλιν
1185 4462 1383 4533 αὐτήν.
1446 4461 1773 4518 ’Δνελθοῦσα

117 4559 199 4613 οἷν
230 4560 324 4613 καὶ
379 4555 656 4629 ἆγκρατῆς
699 4552 961 4629 γενομᾶνη
1005 4558 1106 4623 τῆς
1158 4551 1434 4628 βασιλείας
1481 4549 1772 4625 προσλαμ-

118 4643 331 4702 ὗάνεται
411 4644 508 4699 τὸν
583 4640 1081 4716 παρακοιμώμενον
1161 4640 1558 4695 Κωνσταντὶνον
1588 4683 1601 4707 ,
1683 4639 1775 4694 καὶ

116 4735 505 4800 Ἀναστάσιον,
560 4730 653 4785 καὶ
685 4732 1117 4797 Κωνσταντῖνον,
1166 4728 1292 4789 τοὺς
1332 4725 1601 4806 ἀδελφοὺς
1649 4726 1776 4787 τοὺς

1952 4196 2104 4252 288
2162 4199 2338 4252 Porro
2398 4200 2546 4252 Zoen
2605 4195 2978 4268 imperatoris
3034 4202 3305 4266 matrem,
3351 4215 3532 4272 quam

1860 4286 2103 4343 .dudum
2139 4284 2274 4339 aula
2303 4286 2585 4341 eduxerat
2618 4284 2966 4353 Alexander,
2992 4285 3111 4342 ﬁlio
3151 4302 3279 4342 eam
3320 4288 3534 4343 identi-

1881 4374 2010 4428 dem
2045 4372 2389 4445 deplorante
2419 4390 2486 4429 ac
2518 4373 2877 4445 requirente,
2900 4378 3127 4431 tutores
3156 4374 3242 4431 vel
3275 4375 3444 4431 inviti
3474 4375 3535 4431 in

1883 4460 2166 4533 palatium
2190 4466 2481 4517 revocant.
2508 4462 2763 4518 Reversa
2784 4463 2905 4519 hac
2933 4467 2989 4519 et
3020 4481 3217 4520 rerum
3240 4464 3537 4536 guberna-

1882 4550 2099 4605 tionem
2125 4555 2295 4605 nacta
2325 4550 2602 4606 adsciscit
2621 4550 3077 4609 Constantinum
3110 4553 3539 4609 cubicularium

1884 4639 2185 4704 intimum,
2210 4639 2586 4695 Anastasium
2626 4644 2685 4696 et
2719 4640 3169 4699 Constantinum
3200 4642 3541 4716 Gongylios,

1888 4728 2330 4799 cognominatos
2360 4744 2674 4800 germanos
2704 4730 2935 4797 fratres,
2968 4749 3033 4787 ac
3073 4732 3362 4788 Joannem
3414 4730 3543 4787 Ela-

117 4826 211 4893 τὴν
243 4819 575 4893 ἐπωνυμίαν
607 4814 963 4893 Γογγυλίους.
1015 4811 1533 4891 Συμόουλεύσαντος
1585 4813 1643 4871 δὲ
1685 4817 1765 4870 κα

1890 4818 2046 4872 dam.
2099 4815 2316 4872 Horum
2367 4817 2613 4874 consilio
2671 4818 2808 4874 aula
2864 4820 3187 4891 ejiciuntur
3235 4818 3547 4877 Alexandri

1326 4978 1697 5035 XYLANDRI
1737 4979 1827 5034 ET
1866 4977 2088 5034 GOARI
2125 4976 2356 5034 NOTJE.

192 5114 305 5183 (£8)
336 5106 737 5183 Vindicandis
759 5103 1110 5183 criminibus
1138 5103 1361 5159 vacavit
1391 5103 1621 5183 ultimis
1649 5107 1794 5183 tem-

127 5175 400 5257 poribus,
422 5181 590 5257 unde
616 5182 681 5257 et_
706 5178 765 5231 in
797 5176 1067 5257 prmtorio
1095 5191 1329 5257 reorum
1362 5175 1655 5257 ergastulo
1691 5177 1793 5230 do.

1903 5102 2135 5180 videtur
2190 5102 2546 5180 signiﬁcem,
2584 5099 2846 5180 nap&__‘to
2906 5101 3262 5180 impﬁims‘w.
3320 5109 3551 5180 xu..—

1900 5176 2181 5247 Mandyas,
2246 5173 2591 5247 Latinorum
2636 5173 2937 5247 pallium,
3000 5173 3235 5233 cunctis
3287 5177 3553 5234 vestibus

131 5243 287 5313 inum
324 5243 405 5310 ei
433 5251 630 5307 ofﬁcio
651 5243 992 5322 deputatam
1014 5247 1239 5302 habuit.
1264 5243 1479 5302 Auctor
1501 5247 1796 5319 plerisque
1903 5243 2267 5322 ἐπιρῥὶτττὲον,
2304 5243 2669 5322 αᾼΧγΙοιιὰτῖ
2690 5247 2904 5302 cuculla
2923 5243 3254 5319 diversum,
3287 5253 3352 5304 ut
3396 5252 3558 5322 patet

132 5329 292 5385 locis.
325 5326 525 5381 Goan.

194 5401 309 5471 (49)
353 5403 548 5449 Locus
587 5391 673 5445 ita
712 5389 908 5443 dictus
952 5387 1089 5441 κατὰ
1133 5387 1232 5456 τὴν
1283 5385 1568 5516 ἀντιπὲἓαν
1614 5386 1665 5441 ἰν
1717 5391 1765 5441 τε

194 5492 266 5523 γη
328 5462 637 5547 ἱσταμένην
683 5458 914 5547 λιθίνην.
947 5456 1209 5547 δάμαλιν,
1248 5465 1414 5547 trans
1448 5533 1470 5547 ﬂ
1518 5477 1765 5547 osponun

1978 5390 2090 5516 (51d)
2122 5390 2287 5460 Apud
2322 5385 2603 5445 zonaram
2639 5389 2997 5447 contrarium
3031 5390 3215 5463 hujus
3258 5390 3370 5448 loci
3412 5390 3556 5464 legi-

1904 5464 2027 5547 tur,
2091 5461 2378 5547 issiluiss‘e
2401 5462 2680 5544 nimirum
2700 5463 2859 5547 hanc
2888 5463 3380 5547 paciﬁcationem;
3404 5463 3560 5547 quod

132 5541 427 5607 Thraciae,
466 5532 839 5609 Chrysopoli.
884 5534 1101 5588 Auctor
1152 5532 1329 5605 paulo
1377 5532 1532 5588 infra
1580 5532 1639 5604 p.
1670 5533 1795 5587 617.

134 5456 266 5523 αὲἇνι
290 5456 637 5536 ’ἱσταμένην
683 5458 909 5536 λιθίνην,
947 5456 1209 5532 δάμαλιν,
1248 5465 1414 5536 trans

133 5614 307 5670 GOAR.

1904 5335 1971 5374 ex
2000 5320 2219 5373 Codino
2250 5335 2298 5374 c.
2333 5320 2389 5386 6,
2419 5336 2477 5374 n.
2509 5321 2563 5376 2.
2596 5321 2775 5374 Goaa.

1978 5390 2287 5464 (51)_Ap_ud
2322 5392 2603 5464 Zonaram
2639 5389 2997 5464 contrarium
3031 5390 3215 5464 hujus
3258 5390 3370 5448 loci
3412 5390 3556 5464 legig

1907 5533 2279 5606 probabilius
2302 5538 2358 5588 et
2389 5534 2773 5606 veriusputo.
2805 5533 2934 5591 Mox
2977 5536 3135 5592 enim
3168 5533 3562 5592 rursum'sine

1907 5604 2134 5661 violatae
2157 5604 2319 5676 pacis
2341 5609 2398 5662 et
2420 5604 2715 5664 mentione
2746 5609 2920 5665 refert
2940 5608 3275 5666 Simeonem
3299 5607 3362 5664 in
3383 5608 3562 5664 Thra-

202 5688 316 5757 (50)
350 5682 861 5757 Grecamfocem
911 5672 1352 5757 interpretando
1400 5675 1638 5757 retinui,
1672 5690 1803 5746 quas
1911 5676 2057 5732 ciam
2091 5672 2452 5750 grassatum.
2483 5677 2617 5733 Χγι..

139 5746 439 5814 cucullum
472 5755 577 5810 aut
608 5748 769 5807 aliud
802 5746 957 5819 quod
997 5746 1172 5820 capiti
1200 5746 1543 5818 injiceretur
1570 5751 1802 5820 tegmen
