4050 6326
496 406 573 467 15

1866 402 2183 466 GEORGII
2229 401 2571 464 CEDRENI

3842 412 3920 469 16

492 538 753 607 asseclaa,
797 539 1056 595 Joannes
1103 544 1312 612 rector,
1346 538 1820 610 Gabrielopulus,
1854 535 2137 592 Basilitze:

2268 532 2524 589 Ἰωάννου
2568 535 2665 588 τοῦ
2724 532 2930 591 Ἐλαδᾶ
2983 532 3407 607 καταϐιϐάζουσι
3478 538 3605 602 τοὺς
3682 539 3917 603 οἰκείους

493 645 558 683 ac
590 626 825 698 reliqui.
850 627 1222 683 Dominicum
1251 629 1425 685 etiam
1452 627 1787 683 sodalitatis
1820 626 2156 698 praefectum

489 718 598 771 Zoe
628 718 893 788 Augusta
916 716 1205 787 provehit,
1230 718 1527 772 hominem
1554 722 1861 771 strenuum
1888 714 2153 768 habitum

492 804 736 875 suisque
770 808 1070 875 parentem
1107 804 1422 859 mandatis.
1463 806 1602 875 Ejus
1633 803 1875 859 consilio
1909 801 2155 873 patriar-

494 893 603 949 cba
626 893 839 964 palatio
880 893 1135 963 pellitur.
1170 894 1439 964 Magister
1471 894 1727 949 Joannes
1760 892 1970 947 Eladas
2005 891 2153 945 ultro

494 982 630 1036 inde
662 982 914 1037 discedit
957 982 1028 1036 ob
1076 983 1369 1045 morbum,
1406 999 1521 1052 quo
1575 988 1632 1036 et
1684 982 1873 1053 periit.
1907 983 1978 1035 At
2004 982 2153 1035 Con-

493 1071 793 1126 stantinus
826 1071 1223 1126 cubicularius
1258 1071 1338 1125 uti
1370 1072 1533 1126 solus
1556 1071 1753 1125 omnia
1787 1069 2013 1140 imperii
2046 1086 2150 1140 gu-

493 1160 740 1215 bernare
774 1165 975 1231 posset
1006 1176 1194 1230 neque
1224 1176 1257 1214 a
1290 1176 1585 1231 quoquam
1621 1159 2024 1231 impediretur,
2059 1175 2150 1213 so-

491 1248 750 1304 dalitatis
804 1248 1139 1319 praefectum
1191 1249 1348 1318 apud
1400 1251 1726 1319 Augustam
1780 1248 2147 1317 criminatur,

490 1337 661 1408 quasi
692 1337 742 1391 is
774 1336 939 1391 fratri
988 1353 1093 1392 suo
1138 1336 1454 1408 imperium
1487 1338 1783 1392 vindicare
1814 1341 2145 1392 conaretur.

487 1426 649 1489 Quod
682 1442 749 1480 ea
781 1425 863 1479 ita
893 1440 1023 1479 esse
1057 1426 1325 1492 credens,
1353 1426 1664 1496 patricium
1697 1442 1831 1479 eum
1865 1429 2061 1480 creat:
2086 1440 2149 1478 ac

488 1514 559 1569 de
610 1529 771 1569 more
830 1516 1132 1584 precatum
1193 1514 1649 1568 descendentem
1701 1514 1857 1568 domi
1912 1527 2148 1567 manere

486 1603 670 1673 jubet.
701 1601 1010 1658 Sodalitati
1046 1602 1287 1672 praaficit
1316 1602 1604 1657 Joannem
1638 1603 1911 1657 Garidam
1948 1618 2012 1656 ac
2046 1605 2149 1656 Da-

490 1692 756 1746 mianum
790 1690 1128 1746 eunuchum
1166 1691 1553 1762 drungarium
1586 1691 1795 1763 vigiliae
1829 1691 1984 1744 facit.

2268 619 2658 695 Ἀλεκάνδρου,
2694 624 2942 694 Ἰωάννην
2974 626 3066 680 τὸν
3112 625 3408 703 ῥαίκτωρα,
3458 627 3550 682 τόν
3602 625 3917 702 Γαϐριηλό-

2266 708 2497 781 πουλον,
2530 712 2620 764 τὸν
2671 711 2997 783 Βασιλίτζην
3040 714 3129 768 καὶ
3178 715 3305 779 τοὺς
3354 715 3603 779 λοιπούς.
3668 714 3917 790 Προϐάλ-

2266 796 2417 851 λεται
2448 796 2503 853 δὲ
2553 800 2639 853 καὶ
2692 803 2813 869 Ζωή
2864 802 3144 877 Αύγοῦστα
3184 805 3470 877 Δομίνικον
3531 805 3913 881 ἐταιρειάρχην

2266 883 2579 963 διαστῆριον
2640 887 2902 945 δοκοῦντα
2957 892 3045 946 καὶ
3118 899 3237 955 τοῖς
3294 894 3461 964 αὐτῆς
3520 896 3915 969 προσκείμενον

2262 978 2711 1050 προστάγμασιν,
2791 978 2852 1033 οὗ
2922 985 2990 1053 τῇ
3060 976 3349 1054 συμϐουλῇ
3408 978 3824 1052 καταϐιϐάζεται
3884 986 3913 1039 6

2262 1066 2611 1141 πατριάρχης
2689 1072 2787 1121 τοῦ
2856 1068 3174 1127 παλατίου.
3250 1071 3353 1125 Καὶ
3416 1073 3443 1126 6
3506 1072 3797 1147 μάγιστρος
3855 1072 3914 1129 δὲ

2262 1153 2516 1224 Ἰωάννης
2571 1156 2597 1208 ὁ
2658 1152 2895 1218 Ἑλαϐἆς
2942 1158 3209 1226 κατῆλθεν
3262 1160 3546 1227 ἑκουσίως,
3607 1160 3748 1234 νόσῳ
3806 1161 3910 1233 λη·

2261 1243 2433 1320 φθεὶς,
2470 1240 2513 1297 δ’
2546 1245 2613 1312 ἦς
2645 1246 2730 1298 καὶ
2787 1241 3014 1302 ἀπεϐίω.
3077 1253 3488 1311 Κωνσταντῖνος
3550 1246 3607 1304 δὲ
3663 1251 3691 1304 6
3736 1271 3908 1325 παρα-

2258 1332 2607 1404 κοιμώμενος
2682 1333 2769 1409 ὐφ’
2845 1335 3031 1389 ἑαυτὸν
3103 1336 3325 1411 ἀγαγεῖν
3391 1340 3492 1407 τήν
3548 1339 3755 1393 ἅπασαν
3809 1347 3913 1407 τῆς

2266 1418 2541 1494 βασιλείας
2588 1421 2741 1490 ἡνίαν
2803 1423 3139 1498 βουλόμενος
3198 1426 3287 1478 καὶ
3354 1424 3560 1498 μηδὲνα
3612 1422 3756 1501 ἔχειν
3814 1428 3909 1482 τὸν

2259 1507 2644 1581 ἐμποδίζοντα.
2702 1514 2780 1584 [Ρ.
2832 1514 2959 1585 612]
3029 1508 3317 1568 διαϐάλλει
3373 1515 3465 1569 τὸν
3525 1516 3910 1592 ὲταιρειάρχην

2260 1597 2337 1658 εἷς
2368 1598 2465 1665 τὴν
2502 1599 2809 1671 Δύγοῦσταν
2860 1600 2935 1663 ὡς
2980 1601 3423 1677 σφετεριζόμενον
3472 1604 3571 1670 τήν
3627 1604 3905 1677 βασιλείαν

2257 1685 2333 1747 εἷς
2363 1686 2453 1740 τὸν
2485 1687 2673 1741 ἑαυτοῦ
2702 1683 2958 1766 ἀδελφόν·
2995 1690 3056 1742 o3
3085 1694 3201 1751 τοῖς
3252 1689 3445 1763 λόγοις
3473 1696 3751 1754 πεισθεῖσα
3796 1713 3906 1747 πα-

492 1778 697 1852 τρίκιον
731 1777 891 1832 αὐτὸν
918 1782 1073 1849 τιμᾷ,
1104 1777 1190 1831 καὶ
1226 1776 1577 1845 κατελθόντα,
1610 1780 1683 1839 ὡς
1711 1774 1853 1845 ἔθος,
1888 1772 2074 1831 λαϐεῖν
2105 1775 2277 1849 εὐχὴν
2314 1777 2423 1846 (52)
2452 1772 2593 1828 ο⁹ίκοι
2629 1777 2804 1847 μένειν
2853 1778 3160 1851 προσέταξε.
3219 1779 3626 1853 Προχειρίζιται
3678 1778 3733 1834 δὲ
3783 1781 3899 1835 ἀντ’

489 1868 654 1922 αὐτοῦ
686 1866 937 1934 Ἰὧάννην
970 1867 1058 1919 τὸν
1086 1864 1312 1941 Γαριδᾶν
1346 1867 1753 1943 ἒταιρειάρχην,
1787 1867 1875 1921 καὶ
1906 1865 2173 1939 Δαμιανὸν
2208 1862 2467 1938 εὐνοῦχον
2505 1864 2767 1941 ἀρτιφανῆ
2800 1872 2898 1934 τῆς
2934 1864 3129 1941 βίγλας
3164 1864 3523 1941 δρουγγάριον
3556 1870 3690 1941 (53).

558 1959 841 2013 Caeterum
872 1957 1144 2011 Simeone
1178 1956 1487 2011 Thraciam
1521 1957 1859 2029 populante,
1881 1959 2144 2027 Augusta
2176 1957 2222 2021 B

484 2062 622 2101 cum
661 2046 1001 2117 proceribus
1030 2044 1301 2101 consulat
1332 2062 1447 2116 quo
1498 2051 1666 2115 pacto
1716 2048 1844 2116 ejus
1899 2046 2145 2116 impres-

482 2136 683 2191 siones
714 2139 1134 2204 compesceret.
1168 2134 1251 2188 lbi
1294 2135 1553 2189 Joannes
1611 2136 1796 2206 Bogas
1827 2136 1979 2191 284
2013 2150 2145 2205 pro-

482 2224 685 2289 mittit,
706 2223 753 2278 si
778 2223 1023 2295 patricio
1050 2222 1268 2278 honore
1291 2222 1695 2293 insigniretur,
1722 2241 1783 2279 se
1804 2223 2145 2278 Patzinacas

479 2317 685 2368 contra
714 2328 853 2368 eum
887 2312 1317 2380 adducturum;
1350 2312 1783 2383 impetratoque
1808 2314 1958 2382 quod
1994 2316 2146 2383 pete-

476 2402 598 2468 bat,
633 2401 889 2472 acceptis
922 2400 1090 2455 donis
1121 2400 1190 2454 ad
1224 2416 1323 2455 eos
1356 2416 1417 2455 se
1451 2401 1697 2470 confert,
1732 2406 1967 2472 pactum
2020 2401 2140 2468 icit,

480 2490 856 2562 acceptisque
878 2488 1185 2545 obsidibus
1207 2488 1409 2559 Cpolin
1446 2490 1617 2553 redit,
1643 2490 1921 2561 pollicitis
1955 2490 2140 2544 Patzi-

478 2579 641 2634 nacis
673 2594 735 2635 se
780 2581 929 2634 Istro
980 2579 1223 2648 trajecto
1273 2577 1544 2649 Bulgaris
1590 2578 1809 2634 bellum
1864 2580 2135 2634 facturos.

477 2667 819 2739 Transt'ugit
850 2684 915 2722 eo
946 2670 1208 2737 tempore
1244 2670 1299 2720 et
1327 2668 1555 2731 Asotes,
1574 2666 1660 2721 vir
1689 2667 1954 2729 celebris,
1978 2668 2140 2739 prin-

482 2755 627 2825 cipis
661 2755 993 2826 principum
1027 2754 1205 2809 filius.
1233 2754 1285 2808 Is
1317 2754 1617 2808 ferebatur
1636 2753 1860 2825 virgam
1893 2754 2136 2809 ferream

479 2844 757 2899 manibus
803 2847 1063 2898 extrema
1116 2848 1323 2898 tenens
1373 2843 1742 2913 confringere
1791 2859 1855 2896 ac
1908 2842 2139 2897 ﬂectere

479 2949 673 3003 posse,
706 2932 920 2987 duritie
957 2932 1091 2986 ferri
1138 2948 1419 2986 manuum
1456 2931 1647 2986 robori
1700 2932 1957 2985 cedente.
1994 2932 2135 2986 Eum

475 3024 584 3077 Zoe
604 3021 846 3077 comiter
866 3025 1170 3092 acceptum
1191 3021 1430 3075 domum
1454 3019 1701 3075 remisit.
1717 3020 2135 3090 Adrianopolin

478 3116 676 3166 autem
710 3110 968 3165 Simeoni
1020 3126 1124 3180 per
1163 3108 1496 3181 complures
1527 3108 1652 3163 dies
1684 3109 1903 3164 frustra
1951 3126 2133 3180 oppu-

474 3199 678 3271 gnanti
730 3198 1125 3253 Pancratucas
1178 3197 1416 3268 quidam
1475 3196 1807 3257 Armenius,
1841 3196 1933 3251 cui
1986 3196 2137 3251 inter

478 3288 624 3343 alios
676 3287 838 3343 urbis
887 3288 1015 3358 ejus
1064 3286 1333 3342 custodia
1381 3286 1569 3341 fuerat
1617 3286 1957 3349 commissa,
1990 3302 2132 3341 auro
2166 3321 2208 3387 Ο

476 3379 789 3447 corruptus
822 3376 1032 3447 prodit.
1061 3374 1242 3429 Paulo
1275 3380 1407 3446 post
1438 3374 1606 3429 missi
1639 3375 1712 3429 ab
1736 3376 2001 3445 Augusta
2032 3375 2134 3430 Ba-

479 3465 651 3519 silius
684 3463 965 3535 patricius
994 3461 1250 3517 canicleo
1300 3464 1609 3533 praefectus
1649 3466 1705 3515 et
1743 3461 1975 3516 Nicetes
2006 3460 2134 3515 Ela-

481 3553 651 3607 dicus
677 3567 805 3606 eam
839 3566 983 3606 auro
1015 3567 1081 3605 ac
1112 3550 1363 3622 pecunia
1392 3557 1831 3621 recuperarunt.

2325 1958 2588 2026 ’Άγοντος
2620 1951 2676 2007 δὶ
2709 1956 2797 2007 καὶ
2840 1954 3094 2031 φέροντος
3136 1960 3231 2009 τοῦ
3285 1957 3509 2028 Συμεὼν
3558 1958 3625 2011 τὰ
3672 1963 3907 2033 Θρᾳκῷα

2259 2042 2421 2114 μὲρη,
2454 2040 2676 2110 καὶτῆς
2706 2043 3020 2118 Αύγούστης
3068 2045 3463 2120 φροντίζούσης
3516 2047 3652 2117 μετά
3697 2052 3802 2100 τῶν
3851 2046 3905 2101 ὲν

2253 2129 2397 2183 τέλει
2449 2129 2595 2191 ὅπως
2627 2130 2790 2185 αὐτοῦ
2830 2132 3077 2186 παύσωσι
3126 2135 3222 2194 τὰς
3271 2131 3593 2209 ἐπιδρομὰς,
3650 2136 3908 2207 Ἰωάννης

2255 2218 2282 2271 6
2334 2224 2503 2292 Βογᾶς
2561 2220 2826 2293 ὑπέσχετο
2873 2221 3158 2294 πατρίκιος
3202 2223 3456 2294 τιμηθεὶς
3516 2226 3627 2296 (54)
3678 2225 3899 2299 ἀγαγεῖν

2251 2308 2367 2359 κατ’
2414 2307 2580 2360 αὐτοῦ
2625 2309 2990 2375 Πατζινάκους
3018 2352 3031 2376 ,
3081 2310 3167 2363 καὶ
3226 2311 3411 2385 τυχὼν
3462 2318 3562 2380 τῆς
3606 2310 3899 2381 αἰτήσεως,

2253 2391 2401 2469 δῶρα
2452 2391 2635 2449 λαϐὼν
2689 2395 2900 2451 ἄπεισιν
2946 2396 3021 2459 εἰς
3072 2399 3449 2467 ΙΙατζινακίαν.
3515 2400 3617 2455 Καὶ
3675 2401 3903 2455 σπεισά-

2256 2504 2413 2556 μενος
2443 2484 2531 2537 καὶ
2565 2485 2809 2559 ὁμήρους
2862 2483 3109 2563 εἰληφὼς
3154 2486 3420 2541 ἕπάνεισιν
3474 2487 3526 2542 ἐν
3584 2493 3653 2562 τῇ
3711 2487 3899 2559 πόλει,

2251 2572 2583 2644 συνθεμένων
2623 2578 2730 2626 τῶν
2785 2574 3133 2641 Πατζινάκων
3180 2576 3270 2630 τὸν
3329 2579 3539 2651 Ἵστρον
3592 2578 3902 2652 περαιώσα-

2251 2662 2371 2714 σθαι
2401 2662 2491 2715 καὶ
2525 2663 2861 2737 Βουλγάροις
2916 2662 3206 2735 πολεμεῖν.
3270 2664 3633 2738 Ηύτομόλησε
3664 2664 3722 2721 δὶ
3774 2667 3903 2721 τότε

2247 2749 2335 2803 καὶ
2392 2751 2635 2820 Ἀσώτης
2668 2751 2804 2824 ἀνὴρ
2838 2752 3161 2825 ὀνομαστὸς,
3196 2753 3310 2815 υἱὸς
3361 2753 3434 2808 ὢν
3462 2760 3559 2809 τοῦ
3618 2757 3897 2830 ἄρχοντος

2245 2842 2352 2891 τῶν
2415 2839 2720 2912 ἀρχόντων.
2778 2838 3029 2915 Ἐλεγετο
3080 2837 3137 2894 δὲ
3195 2842 3354 2903 οὗτος
3412 2838 3606 2917 ῥάϐδον
3668 2843 3897 2918 σιδηρᾶν

2248 2928 2581 3004 ἀμφοτίραις
2654 2928 2810 3002 χερσὶ
2879 2933 2988 2983 τῶν
3048 2930 3226 3004 ἄκρῶν
3280 2926 3572 3001 λαμϐάνων
3631 2931 3897 3008 περικλᾷν

2244 3019 2312 3087 τῇ
2370 3020 2477 3068 τῶν
2536 3020 2736 3089 χειρῶν
2775 3018 2865 3091 βίᾳ
2894 3019 2984 3070 καὶ
3023 3020 3309 3090 κάμπτειν,
3342 3026 3443 3087 τῆς
3476 3020 3767 3075 ἀντιτύπου
3797 3026 3899 3076 τοῦ

2246 3100 2473 3176 σιδήρου
2523 3104 2639 3178 βίας
2696 3105 3002 3173 ὑπεκούσης
3058 3110 3127 3179 τῇ
3178 3112 3285 3161 τῶν
3344 3109 3545 3182 χειρῶν
3600 3108 3773 3182 iuxtim"
3838 3111 3900 3164 δν

2247 3190 2595 3268 φιλοφρόνως
2628 3196 2662 3262 ἠ
2697 3190 2951 3248 δέσποινα
2982 3192 3243 3267 δεξαμένη
3296 3194 3478 3251 οἶκαδε
3535 3198 3698 3251 πάλιν
3755 3198 3900 3251 ὑπο-

2245 3287 2501 3349 νοστῆσαι
2549 3282 2836 3349 πεποίηκε.
2899 3281 3335 3356 Πολκιορκοῦντος
3396 3282 3453 3339 δὶ
3506 3290 3602 3338 τοῦ
3663 3287 3896 3357 Συμεὼν

2243 3370 2342 3436 τὴν
2427 3367 2873 3443 Ἀδριανούπολιν
2926 3371 3007 3446 ἐφ’
3063 3373 3272 3447 ἡμέρας
3328 3373 3514 3435 ἱκανὰς
3569 3375 3656 3429 καὶ
3720 3372 3897 3445 μηδὲν

2244 3456 2520 3529 ἀνύοντος,
2570 3460 2986 3534 Παγκρατούκας
3035 3482 3116 3522 τις
3148 3460 3303 3535 γένος
3335 3458 3408 3514 ὢν
3467 3462 3745 3537 Ἀρμένιος
3801 3464 3899 3519 καὶ

2245 3549 2321 3608 εἷς
2374 3546 2480 3601 τῶν
2538 3548 2822 3624 φυλάττειν
2880 3551 3218 3625 τεταγμένων
3274 3555 3373 3617 τὴν
3432 3549 3617 3615 πόλιν,
3680 3552 3897 3627 χρυσίῳ

486 3636 787 3699 δελεασθεὶς
818 3633 1134 3714 προῦδωκεν
1168 3636 1333 3706 αὐτὴν
1360 3641 1438 3707 τῷ
1472 3636 1713 3708 Συμεών.
1750 3638 1880 3692 Μετ’
1918 3635 2102 3710 ὀλίγον
2137 3633 2193 3690 δὲ
2224 3635 2499 3705 ἀπεστάλη
2551 3637 2698 3711 παρά
2725 3644 2826 3705 τῆς
2858 3636 3177 3712 Αὖγούστης
3210 3638 3237 3691 6
3277 3637 3560 3712 πατρίκιος
3622 3638 3901 3713 βασίλειος

485 3728 512 3782 6
545 3726 631 3783 ἐπὶ
663 3731 758 3781 τοῦ
788 3725 1096 3782 κανικλιίου
1127 3725 1214 3780 καὶ
1248 3727 1485 3795 Νικήτας
1515 3723 1827 3793 ’Βλαδικὸς,
1861 3724 1950 3780 καὶ
1983 3724 2198 3800 χρυσίῳ
2227 3725 2317 3779 καὶ
2350 3728 2600 3800 χρήμασι
2632 3725 2908 3787 πλείστοις
2938 3725 3100 3781 πάλιν
3130 3725 3296 3795 αὐτὴν
3330 3727 3711 3798 ἀνεκτήσαντο.

557 3819 674 3873 Hoc
705 3818 832 3888 ipso
854 3834 1008 3873 anno
1028 3817 1157 3889 Tyri
1182 3833 1411 3871 ameras
1434 3816 1749 3871 Damianus
1782 3815 1980 3870 hostili
2002 3833 2135 3871 cum

483 3908 671 3963 classe
698 3911 754 3961 et
786 3906 1017 3978 magnis
1041 3906 1224 3977 copiis
1247 3906 1303 3960 in
1331 3905 1623 3960 Romanos
1644 3906 1930 3976 impetum
1954 3905 2134 3974 dedit,

480 3996 840 4067 adortusque
888 3995 1224 4051 Strobelum
1277 3994 1490 4049 acriter
1533 3994 1922 4066 oppugnavit;
1958 3999 2013 4048 et
2044 4011 2135 4048 ce-

476 4084 663 4153 pisset
694 4084 920 4154 utique,
956 4084 1066 4138 nisi
1099 4100 1129 4138 e
1158 4083 1361 4137 morbo
1409 4084 1760 4138 decessisset
1789 4084 1925 4139 vita.
1958 4086 2137 4138 Morte

474 4174 605 4241 ejus
639 4173 858 4227 factum
883 4178 971 4227 est
993 4177 1058 4226 ut
1080 4173 1349 4226 Saraceni
1381 4188 1441 4225 re
1470 4172 1687 4227 infecta
1708 4173 1947 4226 domum
1982 4171 2133 4227 redi-

479 4262 762 4316 rcnt.Zoe
795 4277 964 4332 porro
1013 4261 1382 4315 continentes
1424 4261 1718 4316 Simeonis
1770 4261 2135 4315 incursiones

478 4366 595 4404 non
628 4351 843 4417 ferens,
868 4365 1118 4419 eumque
1150 4349 1467 4420 reprimere
1498 4349 1763 4421 cupiens,
1787 4366 1846 4403 re
1878 4365 2007 4403 cum
2043 4364 2133 4402 se-

475 4442 618 4492 natu
656 4437 979 4493 deliberata
1011 4438 1219 4493 statuit
1251 4454 1450 4509 pacem
1486 4455 1617 4492 cum
1646 4438 1953 4492 Saracenis
1984 4454 2135 4491 com-

471 4543 685 4597 ponere
711 4528 1151 4599 orientalesque
1182 4527 1329 4584 285
1368 4527 1581 4582 deinde
1608 4543 1813 4581 omnes
1844 4526 2133 4581 exercitus

472 4616 531 4668 in
567 4615 940 4671 Occidentem
990 4620 1412 4687 transportare,
1439 4616 1649 4686 hisque
1690 4631 1822 4668 cum
1865 4614 2130 4667 occiden-

2320 3815 2513 3887 Τούτῳ
2538 3814 2617 3888 τῷ
2647 3810 2751 3870 ἔτει
2796 3820 2884 3871 καί
2917 3817 3185 3889 Δαμιανὸς
3228 3818 3255 3871 ὁ
3302 3824 3403 3886 τῆς
3443 3816 3615 3891 Τύρου
3672 3818 3896 3891 ἀμηρᾶς

2252 3903 2383 3976 μετά
2415 3903 2729 3977 πολεμικῶν
2764 3905 2973 3959 πλοίων
3005 3906 3095 3959 καὶ
3130 3904 3409 3977 δυνάμεως
3448 3904 3668 3973 πολλῆς
3717 3900 3900 3960 εἰσϐο-

2247 3988 2350 4057 λὴν
2384 3989 2675 4061 ἐποιήσατο
2724 3993 2859 4046 κατά
2906 3992 3211 4065 Ῥωμαίων,
3270 3995 3359 4047 καὶ
3415 3995 3513 4060 τήν
3568 3988 3895 4066 Στρόϐηλον

2244 4074 2563 4133 καταλαϐών
2615 4078 2845 4152 ἐνεργῶς
2886 4079 3052 4147 αὐτὴν
3095 4078 3405 4154 ἐπολιόρκει
3434 4122 3445 4135 .
3503 4081 3607 4136 Καὶ
3668 4080 3898 4156 ἐξεπόρ-

2247 4178 2407 4235 θησεν
2452 4167 2532 4237 ἃν,
2580 4166 2627 4221 ei
2691 4169 2766 4237 μή
2814 4170 3047 4237 νοσήσας
3108 4164 3317 4223 ἀπεὸίω
3352 4216 3366 4241 ,
3427 4166 3514 4223 διὰ
3565 4177 3725 4239 κενῆς
3778 4176 3894 4226 τῶν

2246 4261 2575 4330 Σαρακηνῶν
2620 4256 3092 4331 ὑποστρεψάντων.
3150 4260 3235 4325 Μὴ
3298 4257 3534 4332 φέρουσα
3589 4256 3646 4313 δὲ
3696 4259 3817 4325 Ζιοή
3857 4263 3895 4329 ἠ

2248 4341 2464 4417 βασιλὶς
2512 4344 2605 4404 τὰς
2656 4349 2751 4397 τοῦ
2811 4346 3036 4417 Συμεὼν
3092 4350 3338 4421 συνεχεῖς
3402 4343 3742 4419 ἐπιδρομὰς,
3798 4350 3897 4402 καὶ

2248 4430 2560 4507 βουλομένη
2592 4432 2787 4494 ταύτας
2837 4433 3125 4507 ἀνακόψαι,
3158 4432 3276 4489 δέον
3310 4434 3533 4509 ἐγνώκει
3599 4435 3732 4507 μετά
3786 4442 3899 4505 τῆς

2241 4520 2551 4595 συγκλήτου
2612 4523 2741 4575 εἶναι
2816 4522 3129 4586 σπείσασθαι
3199 4529 3315 4584 τοῖς
3381 4529 3745 4598 Σαρακηνοῖς,
3796 4526 3896 4580 καὶ

2243 4609 2415 4663 πάντα
2443 4611 2533 4663 τὸν
2566 4610 2617 4664 ἐν
2647 4614 2715 4683 τῇ
2747 4612 2888 4683 Ἑῲα
2934 4613 3156 4687 στρατὸν
3218 4610 3536 4685 διαπερᾶσαι
3595 4613 3729 4686 πρὸς
3790 4615 3899 4682 τήν

469 4702 692 4759 talibus
714 4705 895 4776 copiis
916 4674 1251 4775 conjunctis
1274 4674 1575 4759 bellumin
1604 4702 1883 4773 Bulgaros
1906 4717 2134 4755 movere

2252 4699 2522 4773 Ἑσπέραν,
2582 4701 2671 4753 καὶ
2720 4700 3025 4763 ἑνωθέντων
3071 4705 3177 4754 τῶν
3223 4721 3280 4755 τε
3306 4701 3454 4772 ἑῴων
3487 4702 3573 4756 καὶ
3605 4706 3711 4756 τῶν
3748 4699 3900 4757 δυτι-

466 4808 685 4865 eosque
708 4793 1322 4849 exscindere.Proindc
1348 4793 1404 4847 in
1430 4792 1654 4865 Syriam
1677 4790 1841 4846 missi
1865 4790 2120 4845 Joannes

468 4882 741 4938 Radenus
781 4882 1064 4955 patricius
1114 4888 1169 4937 et
1216 4882 1539 4938 Michaelus
1571 4882 1828 4934 Toxaras
1879 4884 2117 4950 pactum

2234 4792 2343 4843 κῶν
2407 4788 2822 4861 στρατευμάτων
2872 4787 3115 4860 πόλεμον
3177 4791 3539 4859 συστήσασθαι
3594 4791 3730 4844 κατά
3776 4796 3891 4845 τῶν

2229 4874 2577 4952 Βουλγάρων,
2610 4878 2698 4930 καὶ
2728 4875 2933 4939 τελέως
2960 4876 3211 4953 ἀφανίσαι
3244 4876 3663 4949 αὖτούς.Ἔδοξε
3690 4884 3884 4949 τοῦτο,

1667 5056 2035 5112 XYLANDRI
2078 5057 2167 5112 ET
2207 5055 2423 5111 GOARI
2464 5055 2699 5111 NOT/E.

534 5225 642 5296 (52)
676 5223 882 5279 Ofﬁcia
913 5222 1356 5296 ministeriaque
1404 5216 1646 5296 publica
1690 5233 1800 5270 non
1845 5217 2113 5296 sinech

462 5290 710 5352 lcslibus
760 5295 1052 5366 auspiciis,
1088 5297 1145 5348 et
1200 5290 1467 5366 Ecclesiae
1516 5290 1665 5366 votis
1714 5290 2115 5366 suscipiebant

463 5368 663 5423 Graeci.
698 5360 886 5422 Unde'
910 5365 1191 5439 patricius
1224 5364 1295 5439 ab
1332 5360 1694 5434 impcratrice
1745 5361 2115 5439 renuntiatus

460 5440 836 5495 Constantius
888 5434 1217 5501 confestim,
1251 5436 1321 5489 de
1373 5450 1551 5502 more,
1605 5434 1997 5504 precationem
2043 5434 2111 5487 ad

462 5510 922 5567 consecrationis
949 5510 1131 5563 instar
1153 5510 1536 5575 suscepturus
1570 5504 1624 5559 in
1652 5504 1956 5559 ecclesiam
1984 5521 2111 5575 per-

459 5588 563 5655 git.
600 5584 905 5655 Reperitur
937 5581 992 5635 in
1028 5577 1593 5655 Eucliolcgio_reccns
1624 5592 1764 5631 cuso
1795 5576 1851 5630 in
1886 5577 2108 5647 patricii

462 5650 527 5709 ac
560 5650 909 5724 curopalatze
942 5650 1328 5724 promotione.
1364 5650 1543 5724 Goan.

528 5726 640 5797 (53)
700 5715 1062 5796 iicpetii-a’mo
1129 5724 1313 5774 κοινοῦ
1374 5722 1615 5776 Verbum
1676 5715 2105 5791 προχειρίζεται,

2231 5221 2434 5290 utpote
2465 5232 2578 5269 non
2611 5215 3240 5290 existimans_officium
3283 5215 3459 5290 unius
3490 5214 3891 5290 ,ἑταιρειάρχου

2230 5286 2459 5360 duobus
2519 5288 2903 5341 commissum
2939 5286 3156 5360 fuisse,
3186 5287 3339 5360 quod
3384 5289 3560 5342 verba
3608 5286 3894 5360 ambigue

2228 5359 2417 5431 posita
2447 5374 2559 5427 pra:
2594 5375 2655 5412 se
2689 5360 2833 5431 ferre
2860 5358 3146 5431 videntur.
3182 5359 3325 5431 XijL.

2298 5431 2406 5499 (54)
2434 5430 2597 5485 Forte
2621 5431 2702 5484 sic
2724 5430 2833 5483 fuit
2854 5429 3219 5491 vertendum,
3244 5430 3417 5498 Bogus
3446 5431 3716 5499 patricius
3746 5446 3849 5499 pro
3873 5464 3883 5471 υ

2222 5504 2416 5565 miltz’t,
2450 5509 2581 5567 etc.,
2616 5505 2679 5553 ut
2709 5518 2821 5555 non
2856 5500 2963 5555 hoc
3009 5516 3194 5570 operae
3232 5502 3533 5570 praemium
3589 5500 3882 5570 retulerit,

2223 5574 2463 5642 sedjam
2492 5579 2623 5626 ante
2648 5573 2929 5642 patricius
2955 5573 3008 5624 in
3035 5588 3095 5624 se
3122 5572 3406 5641 receperit
3430 5588 3548 5626 rem
3570 5589 3581 5635 ;
3607 5577 3695 5626 est
3716 5572 3878 5629 enim

2221 5645 2537 5714 ambiguus
2567 5642 2750 5698 locus.
2775 5644 2914 5706 Quis
2947 5646 3141 5697 autem
3177 5642 3253 5697 sit
3280 5643 3378 5697 ille
3410 5644 3681 5714 princeps
3713 5644 3879 5714 prin-

2219 5710 2438 5788 clpurﬁ,
2472 5710 2656 5787 ἄρχων
2699 5714 3006 5789 ἀρχόντων,
3042 5714 3303 5769 nondum
3336 5710 3534 5769 didici.
3571 5710 3703 5768 XYL.
