4036 6330
143 379 216 437 i7
1291 381 1840 444 HISTORIARUM
1883 382 2434 446 COMPENDIUM.
3491 387 3570 448 18

134 508 226 562 καὶ
263 508 539 586 πεμφθείς
570 509 645 572 εἰς
680 510 873 584 Συρίαν
908 510 1163 582 Ἰωάννης
1194 513 1479 588 πατρίκιος
1531 513 1558 568 6
1607 509 1784 582 Ῥαδη·

1915 531 2046 569 cum
2082 515 2390 571 Saracenis
2432 515 2678 572 ioerunt.
2701 518 2965 589 Augusta
2994 518 3418 574 Saracenorum
3441 521 3569 590 jam

133 597 266 659 κνὸς
301 598 397 652 καὶ
430 599 658 673 Μιχαὴλ
682 601 709 653 6
741 600 976 671 Ὶόξαρᾶς
1028 599 1340 654 ἐσπείσαντο
1388 606 1504 663 τοῖς
1559 608 1804 676 Σαρακη-

133 692 279 748 νοῖς.
317 688 424 744 Καὶ
459 685 523 756 δὴ
556 695 655 757 τῆς
687 688 777 742 ἀπ’
809 689 981 744 αὐτῶν
1017 689 1396 764 ἀπαλλαγεῖσαι
1447 688 1733 766 φροντίδος
1766 693 1800 760 ἡ

135 775 394 848 βασιλὶς,
424 779 522 845 τὴν
558 779 760 847 συνήθη
809 774 1077 850 διανομὴν
1136 785 1237 846 τῆς
1293 778 1454 855 ρόγας
1505 779 1805 834 κελεύσασα

128 866 392 937 γενέσθαι
462 870 569 919 τῶν
642 867 1082 939 στρατευμάτων,
1162 869 1347 921 Λέοντί
1400 889 1457 922 τε
1520 868 1803 942 μαγίστρῳ

128 957 210 1023 τῷ
245 957 429 1024 Φωκᾷ
459 959 624 1008 ταῦτα
677 951 1014 1027 παραδοῦσα,
1064 952 1370 1028 δομεστίκῳ
1414 961 1516 1010 τῶν
1577 955 1799 1031 σχολῶν

126 1040 498 1117 τυγχάνοντι,
580 1044 780 1117 άπάραι
850 1045 988 1098 κατὰ
1079 1043 1410 1120 Βουλγάρων
1489 1045 1798 1120 ἐπέτρεψεν.

125 1131 572 1205 ’.ἁθροισθέντων
649 1129 704 1186 δὲ
764 1133 979 1188 πάντων
1045 1137 1154 1188 τῶν
1231 1133 1476 1206 θεμάτων
1545 1134 1636 1188 καὶ
1693 1139 1801 1189 τῶν

124 1219 432 1293 ταγμάτων
510 1220 646 1274 κατὰ
717 1229 816 1289 τήν
891 1217 1143 1276 Διάϐασιν
1201 1220 1408 1293 (πεδίον
1472 1219 1528 1276 δὲ
1585 1224 1619 1292 ἡ
1681 1223 1801 1277 Διά-

125 1303 292 1370 εασις
397 1310 533 1383 μέγα
605 1309 694 1363 καὶ
766 1311 908 1385 πρὸς
987 1307 1269 1385 ὑποδοχὴν
1357 1316 1594 1388 στρατοῦ
1679 1311 1796 1366 ἐπι-

121 1395 422 1470 τήδειον),
495 1396 821 1461 ἀποσταλεὶς
899 1399 928 1454 ὁ
1004 1405 1376 1473 πρωτοπαπᾶς
1454 1405 1548 1454 τοῦ
1619 1399 1794 1455 παλα-

122 1487 402 1559 1500(55)
469 1489 602 1558 μετὰ
651 1492 760 1541 τῶν
819 1487 1017 1559 τιμίων
1078 1488 1252 1558 ξύλων
1315 1490 1398 1560 [Ρ.
1432 1491 1559 1561 613]
1592 1509 1795 1563 παρεσ-

123 1576 331 1629 κεύασε
402 1578 882 1650 προσκυνήσαντας
951 1576 1150 1637 πάντας
1225 1576 1592 1648 ἐπομόσασθαι
1666 1598 1792 1630 κυν-

126 1666 499 1734 αποθντςσκειν
550 1663 848 1734 ἀλλήλοις.
910 1663 1006 1718 Καὶ
1064 1669 1165 1719 τοῦ
1225 1661 1390 1740 ὅρκου
1448 1663 1791 1728 τελεσθέντος

122 1754 434 1825 πανστρατὶ
486 1753 621 1807 κατὰ
679 1752 1005 1828 Βουλγάρων
1063 1753 1405 1829 ἐξώρμησαν.
1467 1759 1672 1829 Ἦρχον
1735 1752 1793 1808 δὲ

1915 619 2122 659 secura
2153 604 2443 661 militibus
2477 613 2647 676 rogas
2669 606 2777 674 (sic
2803 613 3046 663 vocatur
3075 607 3338 678 pecuniae
3368 608 3571 664 distri-

1916 692 2101 760 butio)
2151 694 2298 762 dari,
2352 695 2722 764 Leonemque
2782 695 3032 750 Phocam
3091 696 3441 766 magistrum
3501 713 3568 751 ac

1914 781 2249 837 scholarum
2269 784 2655 838 domesticum
2677 784 2965 839 exercitus
2983 784 3038 838 in
3056 784 3340 855 Bulgaros
3356 785 3569 840 ducere

1904 871 2094 940 jubet.
2118 872 2405 927 Omnibus
2436 873 2493 926 in
2529 889 2713 927 unum
2764 873 3069 928 conductis
3118 874 3471 929 exercitibus
3501 890 3568 929 ac

1913 959 2254 1016 cohortibus
2284 962 2355 1016 ad
2389 961 2666 1017 Diabasin
2694 961 2880 1033 (locus
2912 961 2970 1017 id
3001 979 3215 1018 nomen
3248 980 3281 1018 a
3310 962 3567 1018 transitu

1911 1047 2108 1118 habet,
2143 1054 2351 1121 estque
2383 1050 2657 1122 planities
2691 1051 2885 1122 ampla
2938 1055 2998 1106 et
3043 1050 3373 1124 recipiendo
3404 1067 3568 1108 exor-

1909 1137 2052 1192 citui
2101 1139 2422 1209 sufﬁciens)
2473 1139 2674 1211 palatii
2725 1140 3046 1211 primarius
3092 1140 3368 1196 sacerdos
3421 1140 3568 1212 (ipsi

1911 1231 2293 1300 protopapam
2325 1235 2552 1298 vocant)
2586 1229 2805 1284 missus
2836 1245 2971 1284 cum
3002 1229 3351 1284 venerandis
3387 1229 3566 1301 lignis

1908 1331 2114 1371 omnes
2159 1317 2216 1371 in
2258 1334 2451 1389 genua
2499 1318 2881 1388 procumbere
2919 1316 3122 1388 jussit,
3156 1323 3214 1373 et
3253 1318 3455 1388 jurare
3503 1335 3567 1374 se

1909 1420 2096 1476 usque
2128 1405 2198 1460 ad
2235 1411 2484 1462 mortem
2517 1423 2632 1461 una
2662 1411 3156 1478 perseveraturos.
3183 1405 3342 1461 Dicto
3365 1423 3563 1462 sacra-

1907 1497 2104 1546 mento
2137 1493 2192 1547 in
2228 1494 2509 1565 Bulgaros
2539 1494 2828 1550 exercitus
2859 1511 3061 1550 omnes
3093 1500 3421 1550 moverunt.
3455 1495 3561 1550 Cos

1905 1580 2132 1636 hortem
2165 1583 2574 1638 excubitorum
2602 1585 2857 1639 ducebat
2887 1584 3146 1639 Joannes
3167 1583 3454 1656 Grapson,
3478 1586 3566 1638 vir

1905 1670 2220 1726 bellicosus
2245 1672 2619 1743 probataeque
2635 1672 2839 1727 multis
2857 1672 3078 1744 proeliis
3101 1672 3568 1742 virtutis,cohor-

1902 1763 2018 1814 tem
2045 1759 2462 1816 Hicanatorum
2485 1761 2704 1817 dictam
2729 1761 3012 1818 Olbianus
3034 1761 3282 1828 Marula,
3306 1762 3395 1816 vir
3416 1762 3566 1817 insi-

121 1846 216 1895 τοῦ
280 1841 382 1913 μὲν
445 1843 725 1913 τάγματος
783 1837 1107 1912 ὲξκουϐίτων
1163 1843 1480 1912 Ἰωάννηςὸ
1537 1843 1784 1918 Γράψων,

134 1934 146 1942 .
197 1933 212 1946 .
405 1931 422 1946 ς
581 1933 592 1946 .
765 1931 779 1946 ι
920 1930 973 1946 μ
1007 1931 1018 1946 ,
1171 1930 1186 1946 .
1342 1933 1352 1946 ,
1532 1933 1543 1946 .
1588 1929 1612 1946 ε.

1901 1847 2035 1920 guis
2059 1867 2071 1903 :
2097 1849 2394 1904 Romanus
2419 1853 2476 1904 et
2502 1851 2614 1906 Leo
2636 1851 2842 1922 Argyri
2875 1850 2982 1905 ﬁlii
3005 1866 3070 1905 ac
3095 1851 3314 1905 Bardas
3336 1849 3562 1907 Phocas

125 1933 261 2006 ἁνὴρ
319 1931 632 2003 πολεμικὸς
690 1931 781 1985 καὶ
840 1930 1112 1994 πολλάκις
1169 1930 1221 1986 ἰν
1285 1933 1487 2007 μάχαις
1521 1929 1786 2008 ἀνδραγα-

122 2021 316 2089 Θήσας,
348 2019 455 2074 τοῦ
485 2017 542 2074 δὲ
572 2021 831 2074 ἱκανάτου
1047 2015 1332 2082 Ὀλϐιανὸς
1379 2022 1406 2074 6
1461 2020 1782 2094 Μαροόλης,

121 2109 257 2181 ἀνὴρ
339 2105 832 2182 δεδοκιμασμένος.
914 2109 1012 2163 Καὶ
1095 2107 1378 2183 Ῥωμανὸς
1459 2109 1550 2164 καὶ
1633 2109 1784 2166 Αὲων

120 2198 167 2250 οἱ
198 2196 300 2251 τοῦ
334 2200 609 2272 Ἀργυροῦ
639 2197 848 2267 παῖδες,
877 2198 967 2252 καὶ
1000 2197 1206 2271 Βάρδας
1254 2201 1282 2253 ὁ
1324 2205 1520 2261 Φωκᾶς
1583 2200 1779 2273 ἑτέρων

118 2289 414 2361 ταγμάτων
452 2287 711 2362 ἐξῆρχον·
749 2294 894 2356 Συνῆ
930 2285 987 2342 δὲ
1014 2289 1229 2349 τούτοις
1257 2287 1350 2342 καὶ
1379 2287 1580 2350 Μελίας
1613 2289 1640 2343 ὁ
1676 2289 1780 2360 μά-

116 2395 341 2448 γιπρος
377 2378 516 2448 μετα
541 2396 651 2429 των
684 2375 988 2451 Ἀρμενίων
1021 2378 1111 2431 καὶ
1143 2375 1306 2431 ἄλλοι
1338 2375 1587 2432 πλεῖστοι
1621 2397 1779 2450 στρα-

114 2465 275 2539 τηγοί
333 2469 445 2518 τῶν
501 2463 768 2536 Θεμάτων.
831 2465 1132 2536 Ηαρείπετο
1163 2464 1219 2520 δὲ
1247 2467 1338 2521 καὶ
1373 2473 1782 2528 Κωνσταντῖνος

116 2555 406 2625 πατρίκιος
441 2556 468 2608 6
497 2554 610 2626 Λὶψ
641 2554 715 2614 ὡς
743 2556 888 2629 τάχα
940 2550 1252 2625 σύμϐουλος
1285 2556 1518 2616 Λέοντος
1549 2559 1643 2608 τοῦ
1691 2552 1780 2608 6o-

123 2642 383 2713 μεστίκου
413 2647 523 2696 τῶν
557 2641 807 2717 σχολῶν.
865 2644 1007 2698 Κατὰ
1064 2641 1122 2698 δὶ
1168 2645 1268 2712 τὴν
1325 2645 1368 2707 ς’
1420 2648 1518 2698 τοῦ
1567 2643 1780 2717 Αὐγού-

119 2751 244 2784 στου
283 2731 485 2803 μηνὸς,
519 2738 619 2800 τῆς
651 2731 907 2804 πέμπτης
967 2729 1328 2801 ξ’νδικτιῶνος,
1364 2734 1618 2805 πολέμου
1652 2732 1779 2808 συρ-

122 2819 378 2893 ῐΞαιγέντος
453 2821 749 2892 Ῥωμαίοις
826 2841 885 2874 τε
953 2821 1039 2875 καὶ
1111 2820 1455 2896 Βουλγάροις
1513 2821 1650 2896 πρὸς
1701 2825 1782 2893 τῷ

125 2907 405 2984 Ἀχελῴῳ
455 2909 724 2986 φρουρίῳ,
773 2910 1060 2984 τρέπονται
1103 2910 1239 2965 κατᾶ
1285 2910 1482 2985 κράτος
1532 2912 1583 2964 οἱ
1615 2909 1783 2965 Βούλ-

124 3018 305 3068 γαροι,
338 2998 437 3051 καὶ
488 2997 652 3073 φόνος
702 2997 876 3052 αὐτῶν
931 2998 1144 3072 ἐγένετο
1199 2998 1392 3063 πολύς.
1452 2998 1662 3074 Ἱδρῶτι
1724 2997 1781 3053 δὲ

129 3092 219 3139 τοῦ
252 3084 594 3158 δομεστίκου
634 3086 1079 3162 περιρῥανθᾶντος
1136 3087 1333 3160 πολλῷ
1380 3087 1469 3142 καί
1526 3087 1779 3142 λειποΘυ-

133 3178 415 3246 inﬂamato;
461 3174 552 3228 xui
594 3180 696 3230 τοῦ
739 3174 914 3230 ἵππου
964 3171 1266 3231 ἀποϐάντος
1317 3177 1404 3231 ἐπί
1460 3198 1565 3231 τινι
1625 3180 1776 3252 πηγῇ

1899 1936 2032 1991 aliis
2056 1944 2342 2008 praeerant
2372 1937 2735 1994 cohortibus.
2762 1939 2979 1994 Aderat
3006 1938 3081 1993 iis
3112 1943 3169 1994 et
3198 1939 3400 1994 Melius
3432 1955 3560 1993 ma-

1895 2026 2078 2096 gister
2094 2043 2227 2081 cum
2249 2027 2563 2095 Armeniis,
2590 2026 2946 2098 plurimique
2970 2027 3066 2082 alii
3099 2026 3546 2099 provincialium

1893 2114 2093 2170 duces.
2118 2115 2527 2171 Comitabatur
2565 2115 2740 2172 etiam
2785 2116 3203 2172 Constantinus
3239 2115 3548 2173 Africanus

1893 2203 2199 2274 patricius,
2212 2203 2390 2260 veluti
2413 2203 2788 2260 consiliarius
2812 2205 3020 2261 Leonis
3043 2205 3348 2260 domestici
3374 2205 3547 2261 scho-

1890 2291 2105 2347 larum.
2131 2293 2302 2348 Sexto
2331 2293 2582 2365 Augusti
2613 2293 2708 2349 die
2741 2294 2893 2350 286
2927 2310 3121 2366 pugna
3152 2295 3305 2350 inter
3334 2295 3549 2350 Roma-

1893 2397 2000 2436 nos
2031 2385 2090 2437 et
2119 2381 2402 2453 Bulgaros
2434 2381 2754 2438 commissa
2783 2387 2871 2439 est
2915 2383 2987 2439 ad
3029 2383 3332 2439 castellum
3359 2382 3551 2438 Ache-

1892 2469 2076 2539 loum,
2138 2470 2413 2542 pulsique
2471 2475 2530 2526 et
2587 2488 2807 2542 magna
2862 2473 3017 2528 crede
3076 2472 3352 2544 prostrati
3411 2475 3552 2528 sunt

1892 2559 2150 2630 Bulgari.
2185 2562 2269 2614 lbi
2316 2576 2450 2615 cum
2483 2561 2846 2616 domesticus
2895 2561 3149 2631 plurimo
3181 2562 3395 2616 sudore
3425 2578 3551 2616 ma-

1893 2650 2040 2704 dens
2071 2648 2388 2719 animoque
2437 2650 2716 2704 deficiens
2748 2650 2820 2705 ad
2854 2651 3171 2721 quemdam
3217 2651 3438 2706 fontem
3483 2667 3553 2705 ex

1891 2753 2042 2809 equo
2074 2738 2498 2805 descendisset,
2523 2743 2589 2793 ut
2619 2739 2893 2794 sudorem
2924 2738 3146 2794 elueret
3174 2755 3241 2794 ac
3271 2755 3334 2794 se
3363 2755 3554 2794 recre-

1893 2831 2037 2893 aret,
2072 2843 2260 2897 equus
2291 2827 2438 2882 forte
2489 2828 2740 2898 abrupto
2786 2826 3018 2883 vinculo
3070 2843 3133 2883 se
3182 2827 3450 2899 proripit,
3484 2843 3552 2882 ac

1893 2915 2140 2970 sessoris
2170 2932 2386 2970 vacuus
2433 2932 2537 2987 per
2585 2916 2905 2971 exercitum
2945 2915 3242 2971 discurrit.
3267 2918 3452 2981 Quem
3487 2919 3552 2970 ut

1892 3019 2177 3074 agnovere
2242 3004 2482 3068 milites.
2542 3004 2890 3059 occubuisse
2956 3004 3345 3060 domesticum
3414 3004 3549 3070 rati,

1892 3098 2052 3148 metu
2084 3091 2300 3148 animis
2330 3093 2743 3158 consternatis,
2777 3093 2850 3147 ab
2895 3093 3257 3148 insecutione
3287 3091 3547 3148 hostium

1892 3181 2280 3237 destiterunt:
2327 3181 2570 3251 quidam
2601 3182 2778 3236 etiam
2812 3185 2966 3236 retro
3013 3196 3144 3236 sese
3191 3184 3547 3236 averterunt.

123 3267 201 3318 xui
243 3266 341 3319 τὸν
377 3261 588 3338 ἱδρῶτα
637 3262 1048 3320 ἀποπλόνοντος
1080 3265 1167 3320 καὶ
1219 3266 1406 3320 ἑαυτὸν
1457 3266 1776 3340 ἀποψύχον-

1898 3271 2054 3336 Quod
2078 3286 2146 3324 ex
2167 3269 2404 3324 sublimi
2427 3285 2674 3325 cernens
2695 3271 2931 3326 Simeon
2951 3272 3163 3342 (neque
3185 3269 3343 3324 enim
3366 3269 3549 3325 effuse

122 3373 226 3421 τος,
272 3355 372 3407 τὸν
439 3350 636 3424 δεσμὸν
697 3353 1012 3428 ἀπορρήξας
1065 3355 1093 3408 6
1145 3353 1342 3416 ’ίππος“
1371 3354 1615 3430 τυχαίως
1671 3350 1778 3409 ἔθει

124 3440 204 3495 δια
231 3447 334 3497 τοῦ
364 3439 737 3517 στρατοπέδου
776 3442 928 3503 κενὸς
979 3438 1236 3498 ἐπιϐάτου
1311 3445 1368 3497 δν
1405 3445 1455 3497 οἱ
1509 3449 1774 3518 στρατιῶ-

123 3551 200 3583 ται
261 3532 543 3603 θεώμενοι
596 3533 882 3607 γνώριμον
933 3528 1097 3599 ὄντα,
1159 3532 1246 3586 καὶ
1304 3531 1395 3587 τόν
1453 3529 1774 3606 δομὲστικον

125 3627 297 3673 πεσεῖν
368 3620 831 3692 ὖποτοπάσαντες,
883 3620 957 3682 εἰς
1009 3615 1176 3696 φόϐον
1225 3619 1468 3675 ἐνέπεσον
1516 3620 1604 3676 καί
1653 3644 1776 3677 κατ-

126 3704 436 3778 ιξωῆθησαν
497 3709 593 3769 τὰς
669 3709 850 3783 ψυχὰς
913 3709 1002 3763 καὶ
1072 3715 1171 3778 τῆς
1236 3707 1471 3780 διώξεως
1528 3705 1775 3784 ἔστησαν,

126 3795 246 3850 ἔνιοι
311 3795 375 3851 δὲ
425 3799 514 3850 καὶ
565 3796 928 3871 παλίντροποι
969 3796 1273 3872 γεγόνασιν.
1338 3798 1422 3868 Ἐξ
1457 3797 1776 3873 ὑπερδεξίων

128 3883 177 3938 δὲ
218 3890 398 3940 ταῦτα
449 3883 720 3957 θεώμενος
768 3887 796 3939 6
847 3885 1074 3958 Συμεὼν
1127 3885 1210 3955 (οὐ
1256 3887 1358 3963 γὰρ
1389 3883 1578 3963 ἔτυχεν
1624 3889 1775 3943 ἀσύνο

129 3993 315 4028 τακτον
348 3975 453 4042 τὴν
491 3974 662 4049 φυγὴν
695 3975 1091 4048 ποιησάμενος)
1147 3973 1394 4052 ἐπαφῆκε
1422 3975 1548 4040 τοὺς
1595 3975 1770 4032 Βουλ-

127 4065 318 4134 γάρους
348 4061 828 4134 καταῬωμαίων.
881 4063 942 4115 Οἱ
983 4059 1040 4117 δὲ
1099 4062 1188 4118 καὶ
1243 4065 1527 4140 πρότερον,
1584 4067 1656 4128 ὡς
1710 4063 1776 4120 εἷὀ

127 4171 314 4223 tragus,
372 4152 470 4213 τὰς
517 4151 737 4226 γνώμας
805 4151 1120 4214 θλασθὲντες
1183 4154 1269 4208 καὶ
1329 4154 1644 4223 τεθηπότες,
1704 4156 1778 4216 ὡς

126 4243 201 4293 καὶ
243 4237 528 4314 αἷ-ρνίδιον
581 4239 831 4303 ἐπιόντας
881 4239 1163 4303 ἐθεάσαντο
1221 4241 1348 4304 τοὺς
1404 4243 1774 4318 Βουλγάρους,

123 4330 408 4400 τρέπονται
469 4328 810 4404 πανστρατὶ,
873 4328 963 4383 καὶ
1039 4328 1233 4404 γέγονε
1299 4333 1444 4409 φυγὴ
1505 4330 1778 4408 φρικωδε-

128 4421 304 4488 πὲτη,
342 4422 457 4471 τῶν
522 4418 616 4489 μὲν
676 4417 765 4472 ὑπ’
823 4415 1090 4487 ἀλλήλων
1148 4421 1640 4493 συμπατουμένων,
1666 4426 1775 4476 τῶν

1887 3366 1944 3414 et
1962 3358 2268 3414 ordinibus
2285 3358 2594 3428 dissipatis
2613 3359 2810 3437 fugam
2830 3359 3254 3430 faciebat)suos
3269 3359 3549 3414 Romanis

1887 3448 2160 3503 immisit.
2189 3447 2434 3503 Romani
2474 3449 2598 3518 jam
2651 3453 2785 3504 ante
2817 3448 3048 3503 animos
3078 3447 3290 3517 dejecti
3340 3451 3395 3502 et
3443 3463 3548 3518 pa-

1889 3543 2108 3606 ventes,
2126 3537 2354 3592 hostem
2380 3536 2578 3592 subito
2614 3537 2833 3592 irruere
2855 3537 3141 3603 videntes,
3160 3535 3359 3592 statim
3384 3541 3551 3606 terga

1887 3627 2196 3682 dederunt.
2226 3632 2388 3696 Fuga
2417 3642 2486 3681 ea
2519 3625 3023 3696 periculosissima
3071 3625 3205 3696 fuit,
3239 3625 3372 3681 aliis
3422 3640 3548 3680 sese

1887 3715 2135 3770 invicem
2177 3714 2684 3782 conculcantibus,
2717 3714 2851 3770 aliis
2894 3716 2967 3770 ab
3018 3715 3181 3769 hoste
3211 3713 3398 3770 cassis.
3435 3713 3546 3767 Leo

1888 3803 2249 3859 domesticus
2281 3803 2420 3873 fuga
2450 3804 2510 3857 in
2532 3804 2882 3858 Mesembria
2905 3803 3108 3858 evasit.
3130 3806 3258 3857 Non
3287 3800 3546 3855 multim-

1889 3893 1961 3948 do
1994 3896 2223 3947 tantum
2258 3890 2529 3946 militaris
2552 3896 2696 3946 tunc
2728 3891 2924 3962 periit,
2951 3891 3053 3947 sed
3085 3894 3142 3946 et
3167 3891 3345 3946 duces
3376 3889 3546 3943 innu-

1890 3981 2035 4037 meri
2080 3986 2258 4051 atque
2306 3981 2580 4036 ordinum
2614 3981 2907 4037 ductores.
2943 3980 3180 4036 Occisu
3231 3983 3320 4035 est
3365 3977 3544 4038 etiam

1885 4070 2306 4126 Constantinus
2340 4069 2592 4136 Africus,
2617 4074 2674 4124 et
2716 4069 3119 4125 excubitorum
3144 4069 3264 4123 dux
3290 4067 3546 4123 Joannes

1885 4163 2171 4229 Grapson.
2197 4158 2418 4213 Missus
2453 4159 2642 4213 fuerat
2663 4157 2962 4214 Romanus
2995 4158 3336 4228 Lacapenus
3368 4157 3548 4227 patri-

1887 4247 2014 4303 cius
2046 4246 2129 4302 rei
2161 4246 2386 4302 navalis
2409 4247 2792 4318 drungarius,
2816 4263 2948 4302 cum
2972 4251 3092 4302 tota
3112 4245 3320 4310 classe,
3337 4246 3549 4316 jussus

1886 4337 2053 4392 littus
2074 4335 2266 4408 legere
2282 4341 2338 4391 et
2363 4336 2582 4391 auxilio
2605 4352 2735 4391 esse
2758 4337 2934 4392 Leoni
2955 4341 3013 4391 et
3037 4353 3071 4391 a
3087 4337 3243 4406 Boga
3264 4334 3547 4389 adductos

1888 4427 1958 4480 ad
1988 4441 2158 4497 opem
2193 4425 2474 4480 Romanis
2524 4425 2825 4480 ferendam
2865 4425 3205 4480 Patzinacas
3236 4422 3384 4480 287
3421 4427 3547 4478 tra-

130 4502 176 4559 δὲ
208 4508 312 4560 ὑπὸ
345 4510 459 4559 τῶν
503 4505 752 4560 ἐναντίων
807 4505 1230 4582 ἀναιρουμένων.
1281 4510 1427 4563 Λὲων
1484 4509 1540 4564 δὲ
1597 4511 1624 4563 ὁ
1685 4508 1776 4564 δο-

1898 4514 2083 4581 iicere.
2110 4514 2169 4567 Ei
2204 4530 2338 4568 cum
2373 4514 2530 4586 Boga
2559 4513 2763 4568 incidit
2793 4513 3118 4580 contentio;
3151 4529 3327 4581 quam
3352 4511 3545 4567 anim-

135 4594 380 4662 μίστικος
425 4592 481 4648 ἐν
533 4589 869 4670 Μεσημϐρίᾳ
917 4592 1151 4666 διεσώθη
1203 4598 1410 4672 φυγών.
1469 4604 1662 4654 Ἐπεσε
1719 4597 1776 4654 δὲ

1898 4603 2253 4658 ιάνθνῑοιιιοε
2284 4601 2601 4658 Ρειιῑίιιειοω
2633 4603 2876 4657 domum
2929 4601 3253 4667 redierunt,
3285 4600 3356 4655 ad
3406 4599 3544 4654 irri-

133 4685 247 4748 ιαὸς
279 4684 347 4739 οὐ
403 4687 515 4738 τῶν
571 4690 767 4740 κοινῶν
825 4689 1192 4756 στρατιωτῶν,
1244 4684 1390 4741 ἄλλα
1439 4688 1531 4742 καὶ
1589 4709 1784 4752 στρατ-

1898 4697 2140 4762 tumque
2166 4707 2368 4746 eorum
2402 4691 2736 4747 reciderunt
2765 4690 3066 4761 suppetias.

133 4776 246 4844 ητοξ
309 4771 405 4826 xui
462 4773 847 4850 ταγματάρχαι
907 4775 1142 4850 ἀριθμοῦ
1214 4775 1512 4851 κρείττους.
1582 4778 1823 4855 Ἐσιράγη
1885 4778 1943 4833 Si
1999 4777 2089 4832 xui
2147 4783 2549 4839 Κωνσταντῖνος
2608 4779 2636 4833 6
2689 4777 2800 4850 Λὶψ
2863 4777 2955 4831 καὶ
2991 4778 3018 4831 ὁ
3049 4778 3156 4832 τῶν
3219 4770 3543 4848 ἐξκουϐίτων

132 4855 357 4937 ἔξαρχος
444 4863 701 4932 Ἰωάννης
778 4865 1074 4939 μάγιστρος
1153 4863 1180 4917 6
1253 4866 1503 4939 Γράψων.
1579 4867 1680 4920 Ἦν
1753 4865 1810 4921 δὲ
1880 4863 2215 4928 ἀποσταλεὶς
2297 4867 2325 4920 6
2401 4866 2688 4941 πατρίκιος
2764 4866 3044 4938 Ῥωμανὸς
3114 4866 3142 4918 6
3221 4862 3549 4932 Λακαπηνὸς

138 4946 496 5024 Ξρονδγγάριος
549 4956 846 5021 τηνικαῦτα
894 4957 1002 5007 τῶν
1056 4950 1327 5027 πλωΐμῶν
1389 4951 1484 5022 ὣν,
1547 4955 1683 5027 μετὰ
1738 4955 1938 5018 παντὸς
1995 4959 2093 5010 τοῦ
2151 4953 2352 5011 στόλου
2427 4953 2732 5030 παραπλεῖν
2790 4959 2906 5015 τοῖς
2979 4950 3250 5028 αῗγιαλοῖς
3306 4970 3544 5028 προστα-

130 5039 272 5112 χθεὶς
334 5039 427 5092 καὶ
491 5037 567 5101 εἷς
632 5040 886 5113 βοήθειαν
939 5041 1223 5116 τυγχάνειν
1283 5047 1361 5114 τῷ
1421 5044 1636 5113 Λέοντι,
1697 5041 2015 5119 διαπερᾶσαι
2074 5040 2132 5098 δὲ
2182 5043 2271 5098 καὶ
2327 5043 2453 5107 τοὺς
2504 5043 2650 5116 παρᾶ
2705 5047 2802 5097 τοῦ
2854 5044 2999 5116 Βογᾶ
3045 5039 3308 5115 ἀχθέντας
3357 5043 3552 5107 Πατζι-

130 5130 314 5189 νάπους
378 5126 457 5188 εἰς
514 5130 834 5204 συμμαχίαν
894 5129 1203 5202 Ῥωμαίων.
1263 5131 1546 5202 Διενέξεως
1608 5130 1666 5187 δὲ
1720 5133 2021 5207 γενομένης
2077 5132 2238 5205 μέσον
2296 5137 2394 5187 τοῦ
2451 5133 2734 5202 Ῥωμανοῦ
2785 5130 2872 5184 xui
2932 5133 3029 5183 τοῦ
3083 5131 3270 5204 Βογᾶ,
3330 5125 3536 5188 ἰδόντες

140 5213 322 5275 ιῦτοῦς
361 5215 412 5266 οἱ
444 5215 778 5284 Ηατζινάκαι
810 5218 1186 5286 στασιάζοντας
1214 5219 1350 5293 πρὸς
1379 5218 1666 5290 ἀλλήλους
1698 5220 2032 5296 ὑπέστρεψαν
2075 5219 2151 5282 εἰς
2197 5219 2271 5274 τὰ
2306 5217 2442 5288 ’ίδια,
2492 5217 2582 5272 καὶ
2629 5217 2848 5293 γὲγονεν
2893 5218 2928 5286 ἡ
2979 5216 3029 5289 ἆξ
3079 5216 3257 5271 αὐτῶν
3321 5215 3548 5290 βοήθεια

143 5299 409 5377 ἄπρακτος
444 5303 535 5357 καὶ
567 5303 600 5358 ἆ
613 5303 848 5376 δόνητος.
1189 5302 1193 5306 ’

1323 5441 1689 5498 XYLANDRI
1729 5443 1820 5499 ET
1860 5442 2076 5498 GOARI
2117 5442 2347 5497 NOT/E.

205 5553 315 5632 (.35)
335 5555 619 5632 Habebat
662 5555 983 5632 imperator
1013 5553 1232 5632 clerum
1266 5558 1567 5632 proprium
1599 5559 1658 5614 in
1689 5576 1792 5632 pa-

145 5622 304 5702 latio,
333 5628 393 5681 in
428 5644 546 5702 quo
575 5622 770 5702 varia'
790 5622 1287 5702 erant‘ecclesiae,’
1306 5622 1459 5687 ut'S.
1488 5622 1794 5702 Stephani,

151 5696 357 5754 ducum
409 5696 766 5768 cislestium,
799 5697 990 5756 ΕΠεωὶ
1037 5704 1094 5757 et
1134 5696 1420 5770 aliorum;
1449 5696 1609 5758 oleri'
1637 5696 1798 5758 illius

1905 5559 2210 5630 praefectus
2245 5561 2369 5614 erat
2395 5557 2765 5630 πρωτοπαπᾶς
2796 5557 2893 5609 τοῦ
2922 5551 3211 5630 παλατίου.
3242 5556 3424 5630 ΟΟᾼΒ.

1974 5632 2088 5701 (56)
2117 5630 2384 5700 Agminis
2414 5626 2496 5686 ita
2515 5628 2678 5685 dicti.
2700 5633 2915 5684 Auctor
2942 5628 3127 5685 infra:
3148 5631 3251 5682 Τοῦ
3277 5626 3554 5700 τάγματος

1907 5697 2094 5776 ἅρχων
2123 5697 2229 5756 τῶν
2264 5700 2555 5756 ἱκανάτων.
2588 5701 2768 5758 GOAB.
