4050 6326
494 370 574 434 l9
1855 368 2175 430 GEORGII
2219 367 2560 430 CEDRENI
3825 367 3913 427 20

566 503 717 557 Sunt
744 501 845 572 qui
878 501 1051 557 aliam
1081 500 1357 556 Romanis
1389 500 1538 569 fugae
1576 500 1875 572 cladisque
1908 517 2146 555 causam
2180 503 2233 569 Α

498 592 685 646 fuisse
716 590 934 645 dicant.
971 590 1198 645 Etenim
1228 606 1363 645 cum
1397 591 1730 645 Simeonem
1764 590 1987 644 Phocas
2017 589 2151 660 pul-

499 696 627 735 sum
662 684 1134 751 persequeretur,
1169 680 1365 735 subito
1406 680 1477 734 ad
1510 696 1643 733 eum
1679 679 1859 734 fuisse
1905 678 2149 733 allatum

500 767 801 837 nuntium,
855 769 1241 840 drungarium
1295 769 1375 823 rei
1425 768 1649 823 navalis
1698 786 1830 823 cum
1882 770 2154 823 universa

498 856 689 912 classe
720 857 881 912 abire
912 858 1107 912 animo
1153 858 1477 923 occupandi
1515 858 1767 927 imperii.
1792 857 1912 919 Quo
1944 858 2152 912 nuntio

497 947 817 1001 attonitum
852 962 987 1002 eum
1024 954 1083 1001 ut
1114 946 1213 1017 qui
1265 962 1555 1001 summam
1608 963 1802 1000 rerum
1836 946 1944 1001 sibi
1977 948 2151 1017 depo-

497 1039 705 1101 sceret,
739 1035 962 1091 omissa
1005 1034 1385 1091 insectatione
1427 1035 1687 1090 hostium
1720 1034 1777 1089 in
1811 1039 2005 1091 castra
2034 1035 2151 1090 veri

494 1124 757 1180 discendi
789 1141 969 1180 causa
1017 1125 1262 1181 rediisse
1297 1141 1309 1179 :
1359 1124 1613 1179 diditum
1646 1142 1713 1181 ex
1743 1142 1809 1179 eo
1857 1141 2152 1179 rumorem

497 1212 722 1284 fugisse
772 1214 1184 1280 domesticum,
1233 1214 1481 1284 ideoque
1532 1213 1746 1268 milites
1794 1213 2154 1269 fortitudinis

497 1302 713 1358 oblitos
757 1302 958 1375 fugam
1009 1302 1236 1357 fecisse.
1270 1304 1625 1370 Simeonem,
1678 1303 1776 1373 qui
1826 1307 2153 1373 opportuno

495 1390 622 1446 loco
672 1394 838 1446 stans
896 1390 1115 1446 exitum
1174 1391 1514 1446 certaminis
1564 1391 1994 1463 Opperiebatur,
2046 1391 2154 1447 hoc

498 1480 908 1535 animadverso
960 1480 1143 1536 eliuse
1193 1481 1251 1535 in
1305 1481 1599 1535 Romanos
1642 1481 1905 1546 irruisse,
1955 1482 2153 1552 itaque

496 1569 803 1623 victoriam
850 1568 921 1623 iis
958 1568 1147 1639 pulsis
1196 1570 1479 1640 caesisque
1531 1587 1852 1641 reparasse.
1887 1570 2015 1625 Sive
2046 1571 2154 1625 hoc

498 1657 620 1712 sive
653 1656 751 1712 illo
786 1658 957 1712 modo
990 1674 1082 1712 res
1112 1663 1277 1728 gesta
1301 1659 1396 1727 sit,
1422 1658 1666 1714 Romani
1696 1664 1847 1714 certe
1876 1676 1943 1714 ea
1975 1676 2150 1729 quem

497 1745 816 1801 retulimus
851 1745 1039 1800 affecti
1072 1752 1211 1801 sunt
1237 1746 1418 1802 clade.

2330 496 2529 552 Ἀλλοί
2580 494 2637 551 δὲ
2696 498 2803 571 οὐχ
2860 496 3003 552 οὕτω
3061 497 3187 574 φασὶ
3238 497 3482 570 γενέσθαι
3536 498 3637 563 τὴν
3698 497 3915 571 τροπήν

2260 587 2584 658 Ῥωμαίων,
2633 586 2833 660 τρόπον
2887 583 2943 639 δὲ
2990 582 3193 660 ἕτερον.
3254 584 3601 659 Τρεψαμένου
3657 585 3757 660 γὰρ
3809 589 3913 638 106

2263 681 2430 728 Φωκᾶ
2479 680 2570 729 τὸν
2632 676 2855 746 Συμεὼν
2902 675 2991 729 καὶ
3037 673 3353 741 διώκοντος,
3412 676 3569 751 φήμη
3619 695 3701 735 τις
3759 672 3912 744 6511'-

2262 787 2393 841 φνης
2430 762 2623 841 ἔφθασε
2653 766 2787 839 πρὸς
2825 762 2982 818 αὐτὸν
3033 761 3447 839 ἐπαγγέλλουσα
3507 764 3580 824 ὡς
3638 764 3665 816 6
3720 759 3916 835 δρυογ-

2262 856 2452 929 γάριος
2484 859 2590 907 τῶν
2625 852 2897 925 πλωίμων
2935 852 3111 907 ἄπεισι
3150 854 3283 925 μετὰ
3315 858 3410 906 106
3451 851 3651 906 στόλου
3682 852 3912 915 παντὸς,

2261 940 2725 1015 παραληψόμενος
2768 945 2865 1011 τὴν
2921 942 3215 1017 βασιλείαν.
3279 943 3335 994 Ὀ
3385 939 3442 995 δὲ
3496 946 3564 1014 τῇ
3616 944 3751 1005 ακοῆ
3810 961 3911 994 κα-

2262 1027 2647 1104 ταϐροντηθεῖς
2714 1032 3104 1109 (ἐσφετερίζετο
3151 1031 3251 1107 γὰρ
3315 1030 3393 1094 ei:
3451 1031 3636 1086 ἑαυτὸν
3692 1031 3754 1084 τὸ
3812 1033 3917 1093 τῆς

2268 1120 2543 1196 βασιλείας
2588 1122 2844 1197 κράτος),
2895 1119 3210 1175 καταλιπὼν
3254 1120 3317 1174 τὸ
3376 1117 3591 1174 διώκειν
3650 1118 3913 1186 ὑπέστρε-

2263 1213 2356 1283 ψεν
2411 1210 2485 1271 εἰς
2541 1212 2639 1278 τὴν
2699 1205 3060 1285 παρεμϐρλήν
3122 1210 3194 1270 ὡς
3241 1211 3387 1283 τάχα
3436 1209 3498 1263 τὸ
3556 1203 3615 1262 όν
3674 1208 3914 1280 μαθησό-

2266 1320 2445 1371 μενος.
2507 1297 2850 1363 Διαδοθέντος
2905 1297 2962 1352 δὲ
3022 1296 3193 1373 λόγου
3252 1298 3389 1373 πρὸς
3419 1298 3510 1351 τὸν
3548 1297 3769 1370 στρατὸν
3833 1296 3914 1356 ὡς

2264 1389 2291 1441 6
2333 1385 2653 1461 δομέστικος
2714 1386 2991 1465 πέφευγεν,
3053 1391 3133 1457 [Ρ.
3184 1388 3313 1461 614]
3360 1384 3534 1455 ἀλκῆς
3583 1383 3915 1453 ἐπιλησθέν-

2260 1499 2345 1539 τες
2378 1478 2428 1531 οἱ
2461 1476 2647 1532 λοιποὶ
2692 1476 2909 1531 ἐποίουν
2969 1476 3196 1548 ὁμοίως.
3257 1475 3359 1537 Οὕς
3414 1472 3542 1529 ἰδὼν
3596 1475 3622 1529 6
3678 1476 3910 1545 Συμεών

3492 1610 3506 1634 ,
3563 1563 3617 1617 ἐν
3672 1562 3915 1637 εὐκαίρῳ

2260 1657 2415 1728 τόπῳ
2473 1657 2533 1710 τὸ
2580 1652 2738 1717 τέλος
2779 1656 2994 1729 ἀφορῶν
3046 1658 3143 1708 106
3196 1653 3423 1728 ἀγῶνος)
3489 1651 3712 1726 ἐξεχύθη
3768 1673 3910 1706 παν-

2264 1566 2550 1643 φεύγοντας
2626 1566 2831 1639 (ἶστατο
2887 1568 2989 1640 γάρ
3025 1610 3038 1634 ,
3120 1566 3193 1628 ὡς
3246 1562 3458 1638 εἷ’ρηται

2185 1733 2229 1795 Β
2261 1745 2444 1820 στρατὶ
2474 1745 2563 1799 καὶ
2590 1743 2958 1817 παλίντροπον
2989 1745 3090 1813 τὴν
3140 1744 3317 1816 φυγὴν
3369 1741 3684 1811 ἐποιήσατο.
3735 1740 3910 1802 Οὗτος

499 1833 595 1905 μὲν
629 1830 694 1901 δὴ
733 1834 822 1888 καὶ
854 1834 881 1889 ὁ
914 1831 1159 1907 δεύτερος
1196 1832 1376 1908 λόγος’
1414 1834 1517 1889 εἴτε
1548 1831 1604 1888 δὲ
1637 1830 1830 1906 οὕτως,
1866 1832 1971 1890 ε’ίτε
1995 1833 2211 1897 ἐκείνως
2244 1837 2278 1905 ἡ
2314 1834 2541 1905 ἀλήθεια
2572 1832 2711 1909 ἔχει,
2764 1833 2913 1905 ὅμως
2946 1831 3252 1909 ἐτράπησαν
3303 1832 3354 1885 οἱ
3402 1833 3664 1904 Ῥωμαῖοι
3705 1830 3795 1884 καὶ
3842 1832 3917 1883 τά

494 1919 757 1996 λεχθέντα
781 1922 977 1977 ἄνωθεν
1011 1920 1339 1999 διεπράχθη.

563 2030 826 2102 Cumque
860 2030 1210 2102 superstites
1253 2032 1305 2087 ei
1335 2032 1392 2086 in
1428 2034 1634 2088 urbem
1668 2034 2004 2103 rediissent,
2040 2034 2151 2088 Ro-

495 2118 659 2173 mani
690 2122 747 2174 et
777 2119 943 2191 Bogze
975 2121 1191 2192 agitata
1222 2126 1309 2176 est
1340 2123 1751 2189 controversia,
1785 2140 1969 2193 eoque
2003 2124 2155 2193 peri-

494 2207 609 2261 culi
643 2208 932 2263 deductus
963 2209 1345 2281 drungarius,
1369 2217 1434 2265 ut
1458 2213 1690 2281 judices
1721 2212 1771 2267 ei
1793 2212 1992 2267 oculos
2022 2212 2155 2267 effo-

494 2296 742 2351 diendos
790 2313 920 2353 esse
951 2300 1481 2368 pronuntiaverint,
1508 2302 1662 2371 quod
1715 2302 1785 2355 ob
1835 2302 2151 2374 incuriam,

495 2387 598 2438 aut
627 2385 827 2455 potius
860 2385 1085 2440 malitia
1111 2388 1345 2453 ductus,
1369 2389 1709 2445 Patzinacas
1741 2406 1857 2445 non
1886 2391 2150 2461 trajecis-

497 2476 607 2537 set,
641 2474 919 2545 quodque
968 2490 1035 2529 ex
1083 2476 1222 2547 fuga
1271 2494 1533 2533 reversos
1582 2479 1733 2534 288
1785 2497 1898 2533 non
1958 2480 2029 2534 ad
2090 2496 2151 2534 se

497 2559 850 2632 collegisset.
878 2564 1161 2634 Erutique
1192 2566 1442 2621 fuissent
1467 2567 1519 2621 ei
1549 2568 1724 2637 oculi,
1758 2568 1872 2623 nisi
1904 2568 2148 2638 Stepha-

498 2665 611 2704 nus
644 2650 945 2723 magister,
980 2669 1136 2708 unus
1182 2658 1443 2710 tutorum
1493 2657 1885 2727 imperatoris,
1909 2662 1965 2711 et
1996 2656 2148 2712 Con-

497 2738 798 2794 stantinus
827 2742 1120 2814 Gongyles
1160 2744 1462 2813 patricius,
1496 2745 1598 2814 qui
1630 2745 1783 2816 apud
1818 2749 2146 2815 Augustam

498 2825 741 2898 largiter
770 2834 1061 2900 poterant,
1095 2848 1229 2886 eum
1270 2833 1646 2903 eripuissent.
1681 2834 1916 2889 Simeon
1948 2838 2144 2888 autem

494 2915 741 2971 victoria
772 2918 961 2974 elatus
991 2936 1057 2975 ac
1106 2921 1389 2977 ferociens
1436 2922 1509 2976 ad
1559 2922 1758 2977 urbem
1804 2922 1965 2977 omni
2010 2940 2143 2977 cum

494 3020 600 3060 suo
622 3008 878 3061 exercitu
911 3010 1261 3079 properavit.
1290 3012 1539 3066 Rursum
1572 3012 1749 3079 igitur
1780 3011 1891 3065 Leo
1924 3011 2147 3067 Pbocas

493 3092 833 3148 scholarum
857 3095 1219 3153 domesticus
1240 3104 1295 3153 et
1315 3100 1569 3154 Joannes
1592 3100 1919 3155 sodalitatis
1941 3101 2056 3154 dux
2079 3116 2144 3154 ac

493 3181 769 3238 Nicolaus
795 3183 1162 3240 Constantini
1186 3187 1355 3242 Duca:
1382 3187 1540 3243 [ilius
1573 3189 1811 3256 milites,
1836 3206 1983 3260 quos
2016 3193 2142 3243 tum

2342 2031 2492 2088 Μετὰ
2538 2032 2637 2099 τὴν
2687 2031 2895 2103 τροπὴν
2950 2026 3007 2083 δὲ
3053 2032 3160 2082 τῶν
3210 2027 3490 2081 σωθέντων
3541 2024 3599 2079 ἐκ
3628 2029 3724 2079 106
3757 2024 3907 2080 πολε

2268 2142 2373 2191 μου
2447 2120 2939 2194 παραγενομένων,
3010 2117 3076 2172 τὰ
3139 2118 3274 2171 κατά
3328 2118 3419 2170 τὸν
3478 2115 3756 2188 Ῥωμανὸν
3815 2114 3911 2168 καὶ

2261 2210 2351 2264 τὸν
2385 2216 2550 2285 Βογᾶν
2593 2208 2840 2279 ἐκινήθη,
2893 2206 2991 2262 Καὶ
3046 2207 3121 2268 εἷς
3158 2210 3416 2260 τοσοῦτον
3448 2202 3699 2258 κινδύνου
3746 2222 3908 2276 περι-

2264 2301 2388 2368 έστη
2433 2303 2512 2369 τῷ
2551 2296 2900 2373 δρουγγαρίῳ
2952 2298 3018 2350 τὰ
3073 2296 3390 2369 πράγματα,
3434 2295 3507 2355 ὡς
3557 2297 3735 2369 ψῆφον
3787 2295 3909 2346 κατ’

2263 2388 2426 2442 αὐτοῦ
2484 2387 2824 2463 ἐξενεχθῆναι
2869 2386 3013 2459 παρὰ
3084 2390 3189 2439 τῶν
3268 2382 3533 2438 δικαστῶν
3613 2379 3907 2436 καταδικά-

2264 2483 2451 2545 ζουσαν
2502 2478 2664 2531 αὐτὸν
2725 2477 3017 2544 ἐκκοπῆναι
3073 2475 3170 2536 τὰς
3229 2470 3403 2547 ὄψεις,
3465 2473 3539 2537 ὡς
3597 2469 3826 2544 ἄμελείᾳ
3868 2470 3904 2539 ἢ

2263 2564 2473 2637 μᾶλλον
2525 2566 2824 2640 κοκουργίᾳ
2882 2565 2956 2636 μὴ
2999 2562 3393 2638 διαπεράσαντα
3447 2560 3575 2622 τοὺς
3633 2561 3905 2628 Πατζινά-

2258 2676 2374 2723 κας,
2438 2654 2602 2709 πάλιν
2636 2653 2693 2709 δὲ
2725 2651 2865 2727 μηδὲ
2890 2653 3017 2716 τοὺς
3065 2653 3170 2707 ἀπὸ
3199 2655 3298 2716 τῆς
3349 2657 3558 2725 τροπῆς
3592 2647 3898 2723 δεχόμενον

2258 2744 2716 2817 ὑποστρέψαντας.
2773 2745 2946 2799 Τοῦτο
3007 2738 3051 2794 δ’
3108 2743 3165 2794 ἂν
3218 2739 3520 2807 ἐπεπόνθει,
3572 2736 3622 2791 εἴ
3654 2738 3729 2808 μή
3765 2738 3902 2789 Στέ-

2256 2854 2415 2911 φανος
2449 2834 2742 2908 μάγιστρος
2775 2834 2803 2886 6
2831 2836 2940 2886 τῶν
2968 2828 3276 2905 ἐπιτρόπων
3326 2830 3424 2897 εἷς,
3474 2826 3562 2881 καὶ
3613 2828 3904 2881 Κωνσταν-

2252 2928 2401 2985 τῖνος
2446 2922 2730 2995 πατρίκιος
2779 2922 2807 2974 6
2858 2919 3160 2994 Γογγύλης,
3217 2915 3404 2972 πολλὰ
3434 2913 3723 2987 δυνάμενοι
3754 2914 3905 2987 παρὰ

2252 3015 2320 3084 τῇ
2372 3009 2643 3085 δεσποίνῃ,
2686 3011 2849 3064 αὐτὸν
2909 3008 3276 3083 ἰξερῥύσαντο.
3338 3005 3563 3076 Συμεὼν
3622 3000 3679 3056 δὲ
3733 3000 3901 3076 ἐπαρ-

2256 3100 2365 3163 θεὶς
2423 3105 2491 3165 τῇ
2532 3100 2650 3174 νίκῃ
2708 3099 2796 3154 καὶ
2854 3101 3088 3173 γαυριῶν
3123 3140 3136 3163 ,
3212 3093 3342 3171 ἄρας
3419 3095 3557 3147 ἅπαν
3624 3090 3787 3145 αὐτοῦ
3834 3089 3900 3143 τὸ

2253 3190 2577 3264 στράτευμα,
2631 3189 2767 3243 κατὰ
2794 3195 2894 3257 τῆς
2946 3182 3226 3261 βασιλίδος
3282 3183 3579 3256 ἠπείγετο.
3640 3178 3898 3249 Ἐξῆλθεν

494 3270 554 3324 in
589 3278 861 3343 promptu
913 3274 1227 3342 habebant,
1261 3278 1541 3332 adversus
1583 3295 1716 3333 eum
1766 3279 2055 3346 educunt;
2088 3283 2145 3333 et

2261 3280 2347 3331 οὖν
2380 3275 2546 3331 πάλιν
2597 3279 2624 3331 6
2675 3275 2995 3349 δομέστικος
3042 3276 3191 3328 Λέων
3242 3274 3270 3327 6
3321 3276 3520 3331 Φωκᾶς
3556 3268 3645 3323 καὶ
3679 3270 3706 3322 6
3748 3268 3898 3321 ἐται-

2359 3367 2368 3379 ι
2553 3369 2586 3379 ι-
2658 3366 2667 3379 ι
2911 3366 2921 3379 ι
2957 3371 2999 3379 ιο
3077 3362 3115 3379 ΙΝ
3298 3363 3308 3379 ε
3351 3368 3385 3379 Ιν
3645 3357 3655 3379 7
3702 3378 3729 3379 ,,
3804 3355 3898 3379 κέν

494 3360 647 3428 apud
678 3361 1014 3432 Catasyrtas
1047 3362 1175 3429 (loci
1210 3365 1314 3419 hoc
1354 3370 1445 3420 est
1486 3371 1723 3436 nomen)
1754 3366 1812 3421 in
1845 3368 2141 3421 cohortem

495 3448 815 3517 quamdam
841 3449 1227 3520 Bulgarorum
1258 3453 1583 3510 incidentes
1610 3457 1926 3527 prazdatum
1959 3472 2149 3528 egres-

496 3549 647 3604 sam,
670 3551 802 3590 oam
834 3537 1183 3593 adoriuntur
1214 3539 1493 3612 nulloque
1541 3546 1767 3614 negotio
1799 3544 2141 3615 proﬂigant;

494 3638 629 3677 mox
661 3628 949 3680 recentem
975 3625 1148 3682 aliam
1178 3629 1546 3700 ingruentem
1573 3633 1795 3688 fortiter
1814 3632 2143 3688 subsisten-

492 3714 602 3778 tes,
637 3728 895 3783 pugnam
932 3731 1118 3770 acrem
1152 3734 1217 3771 ac
1248 3718 1349 3772 diu
1382 3720 1692 3775 durantem
1734 3722 1971 3788 obeunt,
2004 3722 2136 3776 Bul-

490 3814 780 3871 garosque
818 3802 1094 3859 fundunt.
1128 3804 1350 3861 Cecidit
1398 3824 1465 3862 ea
1518 3808 1577 3862 in
1626 3826 1822 3881 pugna
1868 3811 2143 3866 Nicolaus

491 3888 661 3944 Ducis
694 3890 853 3947 filius
897 3891 1128 3949 heroice
1166 3912 1461 3967 pugnans,
1495 3897 1595 3968 qui
1643 3903 1700 3954 et
1748 3916 1983 3955 causam
2014 3900 2141 3954 vin-

490 3978 660 4035 cendi
691 3978 967 4037 Romanis
999 3984 1265 4053 prmbuit.
1286 3986 1392 4041 Hic
1422 3992 1546 4041 tum
1571 4004 1765 4043 rerum
1799 3988 2140 4044 bellicarum

492 4070 683 4121 status
713 4074 858 4124 erat.

2259 3367 2521 3442 ρειάρχης
2553 3366 2803 3436 Ἰωάννης
2832 3366 2921 3419 καί
2955 3362 3228 3422 Νικόλαος
3290 3363 3318 3415 6
3351 3357 3753 3414 Κωνσταντίνου
3799 3355 3901 3411 106

2255 3460 2429 3509 Δοῦκα
2476 3456 2612 3525 υἱὸς,
2658 3458 2791 3527 μετά
2829 3475 2993 3507 τινων
3044 3454 3385 3526 στρατιωτῶν
3436 3444 3900 3522 παρευρεθέντων,

2255 3544 2333 3605 εἷς
2387 3543 2706 3614 συνάντησιν
2758 3543 2943 3597 αὐτοῦ.
2980 3541 3075 3595 Καὶ
3133 3540 3270 3593 κατά
3296 3538 3462 3592 τόπον
3520 3538 3610 3590 τὸν
3674 3530 3905 3608 λεγόμε-

2252 3653 2342 3686 νον
2372 3632 2714 3708 Κατασύρτας
2765 3630 3042 3703 ἀπομοίρᾳ
3087 3629 3193 3683 τινὶ
3253 3625 3575 3701 Βουλγάρων
3633 3623 3708 3685 εἷς
3763 3642 3895 3693 προ-

2250 3724 2427 3795 νομὴν
2478 3721 2785 3797 πεμφθείσῃ
2836 3718 3225 3789 συνήντηκότες
3278 3716 3712 3790 προσρήγνυνται
3764 3711 3895 3763 τού-

2249 3834 2370 3874 τοις
2425 3812 2513 3866 καὶ
2545 3812 2829 3885 τρέπονται
2886 3809 3143 3869 εὐπετῶς.
3203 3807 3559 3881 ’Λκραιφνοῦς
3618 3798 3676 3855 δὲ
3725 3798 3891 3853 πάλιν

2252 3901 2435 3976 ἑτέρας
2489 3898 2910 3967 ἐπεισπεσούσης
2946 3941 2960 3965 ,
3020 3898 3331 3973 ὑφίστανται
3387 3892 3477 3947 καὶ
3534 3889 3732 3958 ταύτην
3794 3886 3894 3959 ῥᾳ-

2254 3987 2382 4051 δίως
2412 4010 2470 4043 τε
2494 3990 2583 4043 καὶ
2612 3986 3030 4061 ἀνδρικώτερον,
3081 3985 3167 4038 καὶ
3221 3982 3420 4056 γίνεέαι
3476 3980 3629 4053 μάχη
3662 3976 3899 4051 καρτερὰ

2250 4078 2340 4131 καὶ
2398 4076 2485 4130 ἐπὶ
2544 4074 2715 4130 πολὺν
2778 4072 3100 4149 διαρκέσασα
3153 4071 3396 4146 χρόνον,
3471 4068 3559 4122 καὶ
3607 4067 3895 4139 τρέπονται

496 4153 590 4224 μὲν
620 4153 673 4207 οἱ
702 4154 1029 4231 Βούλγαροι,
1064 4157 1265 4235 ἐσφάγη
1301 4158 1358 4214 δὲ
1388 4161 1660 4225 Νικόλαος
1692 4164 1719 4217 6
1749 4168 1849 4219 106
1879 4169 2054 4219 Δοῦκα
2080 4166 2219 4234 υίὸς,
2250 4169 2509 4239 ἡρωϊκῶς
2541 4164 2949 4239 ἀγωνισάμενος
2978 4162 3067 4217 καὶ
3100 4158 3273 4222 α’ίτιος
3304 4163 3403 4225 τῆς
3428 4158 3583 4227 νίκης
3606 4154 3899 4227 Ῥωμαίοις

489 4240 800 4315 γενόμενος.
830 4245 929 4298 Καὶ
963 4246 1030 4299 τὰ
1062 4247 1158 4318 μὶν
1189 4251 1323 4303 κατὰ
1350 4251 1443 4304 τὸν
1476 4251 1721 4325 πόλεμον
1750 4253 2055 4329 συνηνέχθη
2087 4256 2330 4327 γενέσθαί
2364 4255 2553 4315 οὕτως.

563 4350 638 4404 At
668 4366 760 4405 res
792 4352 992 4409 civiles
1022 4356 1279 4425 pessimo
1330 4366 1495 4414 erant
1544 4360 1688 4429 loco,
1724 4362 1927 4417 multis
1960 4363 2147 4433 iisque

495 4438 750 4495 summis
798 4440 937 4495 viris
992 4441 1201 4500 insano
1253 4446 1487 4520 imperii
1544 4468 1737 4507 amore
1778 4452 2143 4507 ardentibus.

498 4526 717 4581 llorum
748 4528 919 4586 facile
966 4532 1238 4606 princeps
1269 4543 1392 4592 erat
1442 4538 1551 4594 Leo
1586 4540 1827 4607 Phocas,
1858 4542 1957 4613 qui
1990 4541 2143 4611 quod

497 4631 739 4671 uxorem
772 4617 1023 4676 habebat
1054 4622 1423 4681 Constantini
1455 4629 1795 4684 cubicularii
1826 4629 2019 4684 intimi
2053 4648 2146 4684 so-

498 4719 711 4771 rorem,
735 4710 793 4761 et
839 4724 905 4762 ea
930 4714 1279 4782 tempestate
1311 4732 1523 4785 magna
1568 4724 1693 4772 erat
1737 4719 2140 4772 cunuchorum

2326 4361 2407 4417 Τὰ
2438 4358 2495 4415 δὲ
2524 4363 2657 4415 κατὰ
2688 4358 2848 4414 πόλιν
2882 4358 3048 4413 ἐνόσει
3109 4354 3318 4421 δεινῶς,
3371 4350 3596 4408 πολλῶν
3654 4350 3742 4404 καὶ
3802 4370 3897 4421 με-

2253 4449 2448 4525 γίστων
2507 4449 2942 4523 ἐπιμαινομένων
2990 4450 3058 4519 τῇ
3118 4444 3367 4521 βασιλείᾳ
3418 4440 3506 4495 καὶ
3562 4444 3641 4512 τῷ
3696 4437 3898 4506 ταύτης

2256 4536 2415 4613 ἔρωτι
2494 4538 2867 4615 φλεγομένων,
2950 4535 3021 4591 ὧν
3096 4538 3393 4610 κορυφαῖος
3467 4530 3532 4615 ἦν
3590 4530 3617 4582 6
3678 4531 3893 4587 Φωκὶς.

2254 4612 2538 4704 Ὑπάρχων
2597 4612 2697 4703 γὰρ
2765 4626 2922 4688 οὗτος
2972 4623 3053 4678 ἐπ’
3112 4620 3321 4697 ἀδελφῇ
3377 4612 3624 4693 γαμϐρὸς
3654 4619 3750 4704 τοῦ
3791 4635 3897 4667 πα-

2257 4703 2674 4792 ρακοιμωμένου
2709 4714 3131 4782 Κωνσταντίνου,
3170 4708 3377 4784 μεγάλα
3404 4707 3527 4761 τότε
3556 4710 3662 4759 τῶν
3694 4703 3745 4758 ἐν
3778 4708 3898 4764 τοῖς

494 4790 557 4847 in
589 4791 722 4879 aula
746 4797 1025 4870 potentia,
1054 4800 1115 4854 in
1157 4817 1224 4855 eo
1264 4803 1581 4873 plurimum
1619 4823 1839 4877 ponens
1886 4807 2135 4872 fiduciae,

2261 4790 2559 4879 βασιλείοις
2593 4804 2893 4878 δυναμένου
2926 4799 3323 4875 εὐνούχων,καὶ
3355 4796 3435 4851 ἐπ’
3469 4794 3613 4866 αὐτῷ
3644 4791 3896 4848 πλεῖσται

500 4898 618 4936 non
652 4877 862 4954 magno
891 4888 1121 4959 negotio
1152 4906 1215 4944 se
1247 4893 1571 4961 potiturum
1605 4896 1847 4965 imperio
1879 4897 2141 4965 putabat,

498 4970 750 5043 ideoque
779 4974 836 5028 in
868 4976 1018 5032 289
1051 4995 1117 5034 ea
1149 4995 1207 5033 re
1240 4981 1464 5037 multus
1512 4989 1654 5047 erat,
1688 5000 1877 5055 neque
1922 4984 2145 5039 occulte

501 5060 602 5115 sed
637 5061 830 5133 palam
861 5063 1176 5138 imperium
1205 5070 1528 5139 affectabat,
1553 5071 1727 5142 idque
1749 5071 1925 5127 veluti
1958 5089 2077 5127 rem
2112 5091 2144 5127 a

500 5151 826 5221 majoribus
849 5156 973 5210 suis
996 5158 1064 5211 ad
1095 5176 1156 5213 se
1179 5161 1586 5229 pertinentem,
1611 5162 2046 5231 quamprimum
2071 5164 2143 5216 ad

501 5253 563 5292 se
587 5243 649 5293 ut
667 5239 996 5313 legitimum
1025 5245 1312 5303 baeredem
1335 5248 1670 5303 devolutum
1695 5250 1763 5303 iri
1787 5250 2139 5306 somniabat.

499 5327 682 5396 Cujus
711 5330 1203 5391 vehementiorem
1227 5354 1399 5407 quam
1434 5337 1703 5408 impediri
1735 5343 1797 5393 ut
1827 5347 2021 5409 posset
2049 5358 2142 5395 co-

500 5418 704 5471 natum
744 5419 957 5476 timens
986 5422 1323 5479 Theodorus
1366 5426 1736 5497 imperatoris
1766 5429 2142 5501 paedagogus,

501 5508 892 5581 metuensque
938 5526 1011 5566 ne
1058 5528 1165 5567 suo
1195 5513 1432 5569 domino
1482 5532 1549 5570 ea
1606 5533 1696 5573 res
1751 5518 1924 5573 exitio
1975 5520 2139 5584 foret,

501 5590 639 5649 huic
669 5599 921 5654 consulit
942 5600 1027 5655 uti
1057 5604 1383 5657 Romanum
1415 5605 1727 5674 patricium
1756 5606 2139 5678 drungarium

503 5680 713 5741 classis
744 5688 969 5744 occulte
998 5688 1108 5743 sibi
1154 5692 1440 5748 adsciscat
1478 5697 1803 5765 custodem,
1833 5711 1901 5751 ac
1954 5696 2005 5751 si
2050 5713 2142 5753 res

2253 4895 2467 4970 θαῤῥῶν
2502 4893 2701 4969 ῥᾳδίως
2736 4896 2871 4965 ᾤετο
2890 4895 2951 4947 τὸ
2971 4899 3071 4959 τῆς
3105 4887 3378 4964 βασιλείας
3404 4884 3639 4953 καθέξειν
3674 4883 3892 4953 κράτος,

2254 4985 2346 5037 Διὸ
2377 4985 2463 5038 καὶ
2499 4983 2671 5045 πολὺς
2706 4983 2943 5059 ἐφέρετο,
2973 4982 3059 5035 καὶ
3096 4979 3156 5033 o6
3206 4971 3447 5051 κρύϐδην
3479 4970 3625 5027 ἀλλὰ
3655 4974 3892 5059 φανερῶς

2251 5072 2452 5142 ταύτης
2482 5073 2815 5127 ἀντεποιεῖτο
2867 5068 3099 5145 ὡσπερεὶ
3153 5065 3408 5141 πατρῴου
3456 5061 3773 5135 πράγματος
3801 5058 3894 5112 καὶ

2252 5163 2578 5235 προγονόθεν
2634 5162 2782 5232 αὐτῷ
2840 5161 3182 5229 ἀνήκοντος,
3249 5153 3337 5209 καὶ
3398 5150 3518 5206 ὅσον
3588 5146 3740 5203 οὔπω
3798 5146 3891 5218 ἦξ-

2254 5270 2330 5304 ειν
2364 5250 2440 5312 εἵς
2470 5251 2632 5304 αὐτὸν
2680 5250 2752 5311 ὡς
2803 5248 2879 5312 είς
2933 5248 3168 5320 νόμιμον
3228 5239 3493 5317 διαδοχὴν
3548 5236 3890 5315 ἐφαντάζετο.

2253 5340 2329 5395 Οὗ
2382 5341 2480 5409 τήν
2523 5339 2701 5414 ὁρμὴν
2762 5337 3125 5411 ἀκατάσχετον
3186 5331 3345 5387 οὖσαν
3396 5324 3655 5406 φοϐηθεὶς
3711 5326 3737 5378 6
3795 5328 3891 5378 106

2255 5426 2526 5503 βασιλέως
2577 5420 3000 5484 Κωνσταντίνοιί
3036 5420 3386 5497 παιδαγωγὸς
3445 5413 3746 5490 Θεόδωρος,
3800 5414 3891 5503 καὶ

2362 5540 2414 5572 τι
2444 5518 2584 5592 πάθῃ
2643 5515 2818 5578 δείσας
2877 5517 2903 5569 6
2958 5511 3233 5589 βασιλεὺς,
3270 5510 3492 5564 ὑπέθετο
3548 5508 3628 5577 τῷ
3676 5499 3889 5577 βασιλεῖ

2252 5608 2643 5679 Κωνσταντίνῳ
2677 5604 2950 5680 λαθραίως
3004 5595 3406 5677 προσλαϐέσθαι
3451 5596 3541 5651 τὸν
3601 5592 3886 5666 πατρίκιον

2250 5697 2525 5770 Ῥωμανὸν
2550 5697 2637 5752 καὶ
2699 5694 3058 5769 δρουγγάριον
3111 5694 3218 5747 τῶν
3278 5684 3575 5758 πλωίμων,
3629 5681 3891 5755 πατρικὸν
