4050 6326
219 365 298 423 εί
1366 363 1736 427 HISTORIA
1748 362 1858 423 nu

1968 358 2504 421 DOMPENDIUM.
2691 339 2700 347 ’
3549 365 3637 424 η

220 492 358 549 ὄντα
389 493 587 550 δοῦλον
614 497 707 550 καὶ
737 497 805 550 τὰ
834 495 996 550 αὐτοῦ
1027 500 1328 572 φρονοῦντα
1362 493 1451 551 διὰ
1482 496 1704 564 παντὸς,
1739 493 1858 546 ὥστε

1989 491 2070 548 ita
2120 491 2399 563 postulet,
2432 490 2797 545 defensorem
2833 506 2845 544 :
2878 505 3012 545 eum
3064 491 3280 562 quippe
3329 496 3637 562 paternum

220 591 460 640 συνεῖναι
527 584 616 639 καὶ
697 582 1072 662 διαφυλάττειν
1131 586 1312 657 αὐτὸν,
1373 588 1454 657 [Ρ.
1502 586 1630 656 615]
1686 581 1775 636 καὶ
1835 579 1880 634 εἷ

221 672 434 743 δεήσει,
471 676 767 749 σύμμαχον
823 669 965 748 ἔχειν
1025 674 1112 728 καὶ
1173 674 1395 750 βοηθόν.
1445 673 1730 746 Ἐντυχίας
1787 668 1876 724 οὖν

223 768 448 836 πρῶτον
481 765 604 839 περὶ
635 765 830 818 τούτου
852 764 1150 838 γενομένης
1202 765 1229 816 6
1281 765 1556 834 Ῥωμανὸς
1589 760 1876 827 ἀπείπατο,

221 854 316 905 καὶ
377 852 544 906 πάλιν
588 854 675 906 καὶ
727 845 1000 913 πολλάκις
1032 852 1422 926 πειρασθὲντων
1455 856 1561 905 τῶν
1591 851 1728 926 ἀμφὶ
1786 849 1876 903 τὸν

219 938 507 1014 Θεόδωρον
567 940 850 996 ἀπείπατο.
899 939 1050 997 Ἐπεὶ
1105 938 1161 994 δὲ
1217 941 1565 1016 γραμμάτιον
1622 938 1877 1011 αὐτόχει-

220 1049 316 1101 ρον
366 1030 608 1104 χαράξας
656 1031 684 1084 6
737 1029 991 1105 βασιλεὺς
1051 1031 1138 1084 καὶ
1200 1034 1468 1107 φοινικοῖς
1521 1025 1876 1100 ὑποσημάνας

217 1120 542 1190 γράμμασιν
577 1117 888 1174 ἀπέστειλεν
922 1118 1074 1186 αὐτὸ,
1108 1119 1210 1189 alii
1238 1139 1298 1174 τε
1329 1118 1417 1173 ἰπὶ
1479 1123 1669 1192 χεῖρας
1716 1121 1875 1171 τοῦτο

219 1202 432 1276 λαϐὼν,
491 1208 580 1261 καὶ
638 1207 1011 1282 καθυπέσχετο
1061 1209 1159 1275 τὴν
1217 1213 1316 1262 τοῦ
1374 1205 1876 1280 παρακοιμωμὲνου

219 1295 624 1350 Κωνσταντίνου
679 1297 766 1351 καὶ
851 1301 957 1350 τῶν
1046 1301 1316 1372 συγγενῶν
1401 1296 1564 1350 αὐτοῦ
1636 1293 1872 1357 ιπίθεσιν

214 1387 634 1440 κωΛῦσαικατὰ
684 1387 746 1440 τὸ
795 1385 1206 1462 ἐγχωροῦν.Τὰ
1266 1386 1358 1458 μὲν
1415 1383 1504 1440 οὗν
1564 1382 1876 1453 λαληθὲντα

214 1475 307 1527 καὶ
374 1475 732 1549 ποιχηθὲντα
790 1474 932 1529 οὕτω
984 1469 1216 1548 προέϐη,
1248 1475 1338 1529 καὶ
1388 1473 1478 1529 διὰ
1521 1475 1618 1542 τῆς
1677 1474 1874 1548 ἀγορᾶς

213 1564 308 1616 καὶ
341 1569 448 1617 τῶν
490 1563 783 1640 λεωφόρων
816 1565 904 1617 καὶ
933 1569 1040 1618 τῶν
1099 1569 1385 1618 στενωπῶν
1436 1562 1870 1638 ὑπεψιουρίζετο·

215 1654 242 1706 6
289 1649 352 1706 δὲ
377 1653 900 1725 παρακοιμώμενος,
932 1651 1123 1723 καίπερ
1183 1651 1282 1707 οὐκ
1338 1653 1568 1722 ἀνήκοος
1627 1651 1699 1704 ὣν
1765 1655 1873 1704 τῶν

215 1747 340 1795 κατ’
396 1741 560 1795 αὐτοῦ
617 1739 1032 1813 μελετωμένων,
1083 1742 1422 1815 κατεφρόνει,
1486 1742 1561 1812 μὴ
1625 1738 1683 1793 ἄν
1739 1759 1872 1794 ποτε

210 1830 429 1900 οἰηθεὶς
460 1829 737 1902 τολμῆσαί
767 1851 888 1884 τινα
935 1829 1279 1904 ἐπιχείρησιν
1339 1830 1455 1883 κατ’
1485 1828 1648 1883 αὐτοῦ
1706 1829 1869 1897 ποιή-

207 1922 406 1971 σασθαι
469 1917 731 1988 Ἐξελθὼν
810 1915 902 1971 οὗν
978 1917 1068 1972 καὶ
1133 1918 1233 1985 τὴν
1309 1921 1512 1987 συνήθη
1589 1915 1855 1988 διανομὴν

205 2015 313 2075 τῆς
377 2007 542 2083 ῥόγας
591 2008 966 2079 ποιησάμενος
1014 2011 1119 2061 τῶν
1154 2005 1450 2079 πλωίμων,
1482 2006 1570 2060 καὶ
1602 2006 1692 2060 τὸν
1720 2007 1857 2058 Ῥω-

211 2097 382 2168 μανόν
466 2093 802 2151 ἐπισπεύδων
878 2098 1074 2171 τάχιον
1161 2094 1492 2164 ἐκπλεῦσαι,
1547 2094 1858 2170 περιπίπτει

202 2190 284 2254 τῷ
332 2184 516 2260 λόχῳ.
550 2183 802 2257 Δουλικῷ
857 2186 956 2260 γὰρ
1011 2185 1063 2240 ὲν
1113 2187 1360 2260 σχήματι
1403 2187 1857 2259 προσυπαντήσας

203 2276 232 2328 6
298 2275 580 2344 Ῥωμανὸς
626 2274 796 2345 αὐτῷ,
838 2276 926 2329 καὶ
984 2275 1282 2348 προθύμως
1343 2275 1591 2344 ποιήσειν
1657 2274 1720 2329 τὸ
1775 2294 1858 2328 κε-

205 2362 433 2418 λευσθὲν
497 2361 996 2438 ὶπαγγελλόμενος,
1051 2365 1232 2438 ἠρέμα
1299 2363 1390 2418 καὶ
1469 2363 1604 2418 κατᾶ
1663 2362 1853 2436 μικρὸν

201 2453 336 2525 ἦγεν
398 2451 556 2506 αὐτὸν
611 2452 689 2513 είς
743 2453 842 2520 τὴν
903 2449 1140 2526 ἐνέδραν.
1176 2450 1360 2522 Μηδὲν
1409 2450 1464 2507 δὶ
1513 2452 1856 2516 ἑπαισθὲσθαι

199 2546 314 2595 τῶν
367 2539 758 2613 μελετωμένων
807 2545 904 2595 τοῦ
961 2543 1457 2616 παρακοιμωμὲνου
1517 2539 1854 2611 δυνηθέντος,

201 2628 337 2684 ἀλλ’
389 2630 599 2691 ἀκάκως
644 2631 734 2683 καί
793 2630 969 2705 χωρὶς
1021 2630 1274 2691 ὑπονοίας
1325 2627 1736 2704 διαλεγομένου,
1767 2631 1856 2684 καὶ

207 2717 432 2788 μᾶλλον
477 2717 689 2794 ἔγγιστα
719 2720 1040 2792 προσιόντος
1088 2719 1273 2787 αὐτοῦ,
1304 2719 1391 2774 καὶ
1441 2722 1752 2792 πυθομένου
1809 2718 1859 2774 εἲ

201 2805 327 2882 ἔχει
363 2805 558 2880 ἄνδρας
608 2805 836 2871 εὐειδεῖς
889 2809 978 2862 καὶ
1009 2808 1284 2882 γενναίους
1341 2808 1427 2862 καὶ
1477 2808 1580 2876 τῆν’
1638 2807 1854 2884 βασιλι-

200 2898 306 2962 κήν
361 2893 589 2958 ἐοὲττειν
632 2893 974 2966 ἐπιτηδείους
1027 2899 1252 2970 τριήρη,
1300 2900 1397 2950 τοῦ
1450 2894 1507 2950 δὲ
1561 2898 1647 2950 καὶ
1709 2895 1854 2972 ἔχειν

200 2985 294 3038 καὶ
359 2982 519 3059 ἐγγὺς
567 2991 816 3058 παρεῖναι
871 2985 1097 3046 τούτους
1149 2984 1457 3059 εἰρηκότος,
1516 2985 1604 3038 καὶ
1652 2990 1720 3059 τῇ
1769 3007 1857 3040 κει

202 3073 360 3147 ᾳαλῇ
393 3073 679 3135 νε·3σαντος
730 3073 882 3142 ἥκειν
927 3073 1075 3134 τινὰς
1123 3073 1361 3142 πλησίον
1402 3079 1509 3128 τῶν
1568 3072 1857 3129 εὐειδεστέη

202 3183 340 3236 ρων,
377 3163 405 3216 6
457 3167 852 3225 Κωνσταντῖνος
907 3165 1231 3235 θεασάμενος
1283 3163 1508 3224 τούτους
1568 3164 1653 3217 καὶ
1715 3165 1859 3238 τάχα

201 3231 609 3323 άποδεξάμενος
692 3251 936 3326 ἀπαίρειν
1017 3231 1293 3327 ἠπείγετο.
1353 3253 1410 3305 ’0
1468 3249 1524 3306 δὲ
1575 3231 1855 3325 Ῥωμαννδς
1889 3231 1931 3299 C

199 3339 426 3415 ἔγγιστα
454 3341 651 3395 τούτου
709 3346 1041 3416 περιπατῶν,
1075 3342 1149 3402 ὡς
1201 3339 1437 3410 πλησίον
1489 3340 1730 3415 ἐγίνοντο
1787 3346 1856 3416 τῇ

198 3427 524 3502 στρατηγίδι
583 3431 822 3503 τριήρει,
900 3429 1189 3503 κατασχὼν
1270 3430 1362 3483 τὸν
1435 3436 1854 3498 Κωνσταντῖνον,

195 3517 284 3571 καὶ
349 3514 518 3589 μηδὲν
569 3515 736 3570 πλέον
795 3517 959 3571 εἰπὼν
987 3515 1114 3572 ἀλλ’
1140 3515 1176 3585 ἢ
1212 3516 1400 3590 μόνον.
1435 3540 1460 3571 ε
1489 3519 1686 3592 ’Ἄρατε
1729 3517 1857 3572 τοῦ-

193 3629 314 3670 τον,
349 3629 378 3657 υ
438 3605 600 3667 αὐτὸς
656 3606 751 3678 μὲν
795 3602 943 3675 ἔστη,
978 3606 1029 3660 0i.
1079 3603 1136 3659 δὲ
1188 3606 1324 3681 πρὸς
1379 3606 1441 3659 τὸ
1500 3603 1656 3680 ἔργον
1710 3606 1856 3669 ὄντες

193 3693 632 3767 εὖτρεπισμένοι
684 3695 968 3769 εἰσήγαγον
1017 3694 1093 3756 είς
1139 3695 1237 3763 τὴν
1304 3692 1607 3770 ναυαρχίδα
1662 3695 1751 3750 καὶ
1800 3696 1853 3751 ἐν

197 3783 474 3854 ἀσφαλείᾳ
535 3788 814 3857 κατεῖχον,
875 3780 1108 3854 μηδενὸς
1176 3781 1442 3855 ἰπαμῦναι
1489 3787 1678 3838 τοῦτον
1724 3785 1853 3840 τολ-

200 3876 484 3944 μήσαντος
549 3875 657 3925 τῶν
736 3873 1114 3943 συνεπομὲνων
1191 3872 1360 3942 αὐτῷ,
1418 3869 1566 3926 ἀλλὰ
1639 3871 1849 3928 πάντων

190 3961 506 4036 παραυτίκα
555 3957 980 4034 διασπαρέντων.
1033 3963 1150 4030 Τῆς
1210 3962 1403 4038 φήμης
1460 3959 1553 4016 οὖν
1613 3959 1852 4034 ὶξαρθεί-

192 4072 292 4120 ei}:
350 4051 574 4125 ταραχή
636 4051 870 4126 κατέσχε
924 4056 1093 4104 πᾶσαν
1153 4051 1252 4119 τήν
1301 4049 1488 4122 πόλιν,
1519 4049 1850 4122 τυραννίδος,

190 4141 264 4201 ὡς
329 4138 500 4207 εἰκὸς,
535 4137 771 4192 ἐπίθεσιν
825 4136 1215 4212 λογισαμὲνην.
1259 4140 1572 4201 Φθάσαντος
1615 4139 1704 4194 οὖν
1753 4145 1850 4194 τοῦ

193 4227 372 4303 λόγου
403 4225 494 4281 καί
530 4227 694 4302 μίχρι
725 4234 824 4296 τῆς
874 4225 1154 4302 βασιλίδος
1205 4231 1380 4296 Ζωῆς,
1413 4227 1489 4289 εἷς
1533 4227 1846 4304 ἀμηχανίαν

187 4320 277 4371 καὶ
374 4317 424 4371 οἱ
506 4314 556 4369 ἐν
642 4315 786 4372 τέλει
872 4316 1176 4372 ινὲπιπτον.
1237 4316 1633 4391 Προσκαλεῖται
1716 4323 1845 4393 γοῦν

187 4409 222 4474 ἡ
260 4405 485 4479 βασιλὶς
542 4403 634 4459 τὸν
695 4406 1042 4481 πατριάρχην
1088 4403 1363 4462 Νικόλαον
1425 4406 1511 4460 ιιαὶ
1565 4405 1692 4470 τοὺς
1745 4414 1844 4476 τῆς

188 4493 506 4570 συγκλήτου
609 4491 846 4567 λογάδας
893 4513 906 4526 ·
987 4493 1478 4569 κοινολογισαμὲνη
1584 4491 1640 4549 δὲ
1730 4498 1846 4568 μετ’

188 4585 370 4638 αὐτῶν
475 4580 741 4654 ἐκπέμπει
845 4583 978 4657 πρὸς
1071 4583 1383 4656 Ῥωμανὸν,
1469 4585 1568 4652 τὴν

185 4677 285 4728 105
378 4672 671 4747 γεγονότος
760 4673 947 4744 μαθεῖν
1027 4669 1305 4729 ἐθέλουσα.
1381 4676 1496 4727 Τῶν
1574 4669 1630 4728 δὲ
1702 4693 1844 4746 πεμ-

189 4761 432 4838 γθὲντων
531 4761 840 4836 γενομένων
945 4755 1069 4815 ἔνθα
1153 4763 1520 4836 προσώρμουν
1596 4763 1650 4816 αἱ
1724 4783 1846 4836 τρι-

188 4853 372 4924 ήρεις,
404 4850 497 4904 καὶ
534 4848 850 4921 μελλόντων
885 4851 1110 4920 ζήτησιν
1142 4857 1413 4914 ποιεῖσθαι
1463 4857 1562 4919 τῆς
1599 4855 1695 4904 τοῦ
1741 4872 1845 4905 πα-

190 4939 627 5012 ρακοιμωμὲνου
688 4938 1089 5012 κατασχέσεως,
1150 4939 1176 4993 6
1232 4944 1337 4994 τῶν
1395 4937 1667 5012 πλωίμων
1727 4937 1844 4994 δια-

185 5028 388 5090 ναστὰς
419 5025 725 5090 ἀκόλαστος
753 5023 928 5103 ὄχλος
961 5029 1073 5101 (57)
1108 5026 1282 5089 λίθοις
1309 5027 1504 5090 αὐτοὺς
1554 5027 1839 5100 ἐξήλασαν.

182 5119 394 5174 Ἕωθεν
457 5114 552 5170 οὖν
613 5118 647 5185 ἡ
712 5117 929 5192 βασιλὶς
979 5114 1266 5189 ἐξελθοῦσα
1315 5117 1437 5193 περὶ
1485 5119 1576 5172 τὸν
1636 5124 1845 5173 Βουκο-

181 5205 406 5273 λὲοντα,
437 5206 530 5259 καὶ
576 5205 668 5260 τὸν
724 5206 838 5260 υἱὸν
903 5205 1366 5278 μεταστειλαμένη
1408 5206 1496 5260 καὶ
1543 5205 1670 5268 τοὺς
1721 5208 1844 5283 περὶ

183 5295 369 5365 αὐτὸν,
406 5294 673 5370 επηρώτα
728 5297 844 5357 πῶς
885 5293 1100 5370 γᾶγονεν
1145 5297 1180 5365 ἡ
1229 5295 1487 5372 ἀνταρσία
1529 5295 1687 5368 αὕτη.
1730 5303 1846 5366 Μη-

1990 597 2120 637 esse
2147 580 2337 652 ipsius
2372 580 2726 642 ministrum,
2761 584 3206 650 constanterque
3245 579 3361 650 ipsi
3390 581 3638 640 benevo-

1988 670 2134 726 lum.
2159 671 2422 726 Primum
2455 685 2521 724 ac
2553 669 2623 723 de
2661 685 2722 724 re
2769 668 3156 739 compellatus
3197 669 3496 728 Romanus
3545 689 3641 728 re-

1990 760 2146 826 nuit;
2185 764 2240 814 et
2267 760 2476 814 iterum
2524 775 2589 814 ac
2636 758 2850 829 saepius
2880 757 3184 814 Theodoro
3213 759 3479 816 animum
3509 761 3638 832 ejus

1989 852 2249 903 tentante
2279 846 2587 903 recusavit.
2608 847 2869 901 Tandem
2890 862 3023 901 cum
3055 844 3284 902 litteras
3313 863 3492 903 manu
3527 849 3636 903 im-
3668 861 3680 878 ‘

1988 936 2274 1007 peratoris
2305 935 2557 1006 scriptas
2585 935 2657 990 ab
2689 935 2933 1005 ipsoque
2964 934 3228 1006 puniceis
3258 935 3636 1007 subsignatas

1987 1025 2203 1080 litteris
2233 1025 2305 1079 ad
2339 1042 2402 1080 se
2433 1025 2643 1080 missas
2689 1024 3031 1095 accepisset,
3065 1025 3380 1094 concessit;
3410 1025 3634 1096 pollici-

1985 1118 2200 1186 tusque
2231 1118 2321 1170 est
2350 1130 2437 1182 se,
2460 1117 2751 1185 quantum
2791 1114 2921 1184 ejus
2958 1112 3082 1169 fieri
3112 1117 3330 1185 posset,
3351 1113 3636 1172 Constan-

1985 1203 2094 1259 tini
2151 1204 2499 1259 cubicularii
2555 1203 2802 1274 ejusque
2852 1206 3236 1274 cognatorum
3302 1203 3636 1261 molitiones

1984 1293 2429 1364 impediturum.
2458 1292 2574 1347 Hoc
2607 1293 2779 1348 modo
2802 1309 2894 1347 res
2915 1293 3260 1363 composita,
3282 1309 3348 1348 ac
3377 1293 3448 1348 de
3476 1309 3544 1348 ea
3575 1293 3635 1348 in

1984 1383 2107 1437 foro
2140 1384 2414 1454 compitis
2445 1398 2511 1437 ac
2541 1380 2861 1453 angiportis
2881 1381 3322 1436 susurrabatur.
3351 1380 3634 1436 Constan-

1982 1471 2145 1526 tinus
2171 1476 2365 1527 autem
2390 1469 2813 1540 cubicularius,
2838 1485 3178 1541 quanquam
3209 1467 3258 1524 ei
3281 1485 3411 1540 quis
3432 1473 3635 1524 contra

1981 1560 2176 1630 ipsum
2208 1564 2575 1616 struerentur
2606 1575 2720 1613 non
2773 1565 2939 1614 erant
2985 1558 3271 1627 inaudita,
3303 1556 3406 1613 illa
3434 1562 3630 1614 tamen

1981 1652 2408 1717 contemnebat,
2443 1650 2740 1705 neminem
2791 1665 3055 1719 unquam
3105 1649 3385 1704 adversus
3427 1663 3491 1703 se
3520 1647 3630 1702 ali-

1979 1739 2114 1809 quid
2145 1755 2429 1796 ausurum
2461 1738 2734 1809 opinans.
2768 1737 2879 1792 Sed
2907 1753 3041 1792 cum
3071 1737 3143 1792 ad
3183 1735 3435 1792 classem
3465 1752 3630 1808 egre-

1981 1829 2238 1896 deretur,
2271 1844 2444 1899 rogas
2474 1827 2545 1881 de
2578 1843 2736 1882 more
2765 1825 3218 1893 distributurus,
3247 1829 3628 1896 Romanoque

1981 1918 2369 1973 mandaturus
2409 1923 2475 1972 ut
2505 1915 2944 1986 quamprimum
2980 1914 3298 1985 navigaret,
3331 1913 3536 1970 incidit
3566 1914 3625 1969 in

1970 2008 2124 2063 290
2166 2006 2430 2062 insidias.
2467 2004 2694 2060 Etenim
2737 2002 2933 2059 servili
2966 2003 3153 2058 forma
3199 2003 3250 2058 ei
3299 2018 3612 2058 occurrens

1967 2098 2287 2167 Romanus,
2328 2099 2385 2152 et
2428 2097 2707 2152 mandata
2764 2111 2826 2151 se
2882 2095 3143 2150 studiose
3197 2099 3610 2150 exsecuturum

1967 2187 2339 2257 promittens,
2394 2185 2679 2256 paulatim
2739 2185 2795 2238 in
2856 2199 3052 2240 casses
3102 2183 3412 2254 pertrahit,
3469 2182 3616 2238 nihil

1968 2291 2208 2346 prorsus
2239 2291 2442 2331 eorum
2465 2291 2594 2346 qua
2625 2273 2983 2345 parabantur
3002 2273 3290 2344 conjicere
3309 2271 3616 2340 valentem,

1968 2365 2068 2419 sed
2101 2363 2376 2419 similiter
2412 2368 2469 2418 et
2499 2364 2721 2434 absque
2757 2361 2877 2418 ulla
2919 2361 3255 2433 suspicione
3280 2359 3618 2432 colloquen-

1965 2457 2109 2522 tem,
2143 2453 2501 2524 propiusque
2529 2452 2779 2508 subinde
2810 2451 3288 2517 accedentem,ac
3319 2455 3620 2521 rogantem

1966 2543 2201 2598 virosne
2231 2542 2474 2598 haberet
2504 2541 2780 2614 pulchros
2812 2557 2879 2596 ac
2909 2540 3106 2608 fortes,
3129 2543 3298 2612 aptos
3327 2539 3399 2595 ad
3437 2539 3622 2611 impc-

1967 2632 2243 2688 ratoriam
2273 2631 2574 2686 triremem
2617 2630 2922 2701 agendam.
2959 2629 3295 2701 Respondet
3321 2631 3622 2684 Romanus

1967 2738 2068 2777 eos
2096 2729 2304 2792 praesto
2333 2735 2483 2787 esse,
2507 2725 2564 2774 et
2594 2718 3008 2774 formosiorum
3041 2717 3397 2789 quibusdam
3427 2717 3621 2772 innuit

1967 2815 2034 2864 ut
2074 2811 2377 2879 accedant.
2401 2809 2558 2874 Quos
2606 2807 3039 2878 contemplatus
3084 2813 3138 2862 el
3185 2806 3440 2878 probans
3469 2807 3616 2861 Con-

1967 2899 2290 2968 stantinus,
2313 2915 2448 2954 cum
2481 2897 2627 2953 solvi
2658 2897 3102 2966 navesjuberet,
3129 2896 3429 2951 Romanus
3446 2895 3617 2966 juxta

1969 2987 2379 3053 obambulans,
2401 2992 2465 3042 ut
2496 2985 2757 3058 proxime
2788 2986 3118 3056 praetoriam
3150 2985 3346 3040 navim
3377 2989 3614 3040 ventum

1968 3081 2076 3146 est,
2104 3077 2163 3130 id
2192 3076 2366 3130 modo
2396 3075 2573 3142 fatus,
2598 3096 2626 3124 ‹‹
2653 3073 2916 3144 Abripite
2935 3073 3093 3127 hunc
3116 3094 3144 3123 »
3167 3073 3457 3128 subsistit.
3479 3075 3616 3138 Qui-

1971 3165 2078 3221 bus
2109 3180 2242 3220 vero
2296 3163 2595 3237 negotium
2646 3164 2851 3218 datum
2902 3165 3046 3231 erat,
3079 3162 3118 3216 ii
3169 3160 3616 3217 Constantinum

1969 3255 2167 3310 statim
2218 3253 2277 3308 in
2328 3252 2523 3308 navim
2572 3251 2904 3324 pratoriam
2953 3250 3274 3316 abducunt,
3308 3250 3509 3320 ibique
3557 3249 3618 3305 in

1967 3344 2234 3398 custodia
2255 3347 2578 3410 asservant,
2599 3343 2833 3397 nemine
2857 3340 3139 3396 comitum
3159 3355 3290 3395 eum
3309 3339 3621 3395 defendere

1967 3449 2131 3502 auso,
2166 3433 2266 3487 sed
2298 3432 2577 3487 omnibus
2624 3429 2912 3501 extemplo
2945 3428 3209 3500 dilapsis.
3242 3428 3431 3499 Hujus
3478 3427 3621 3483 faci-

1967 3522 2126 3576 noris
2157 3523 2315 3576 t‘ama
2344 3521 2403 3575 in
2437 3520 2641 3575 urbem
2675 3519 2853 3575 allata
2883 3518 3112 3574 animos
3139 3518 3447 3573 hominum
3479 3533 3619 3572 con-

1965 3611 2240 3677 turbavit,
2273 3609 2646 3682 tyrannidem
2681 3609 2750 3664 ab
2783 3607 2981 3680 aliquo
3026 3607 3220 3662 invadi
3255 3605 3614 3678 putantium,

1964 3716 2218 3770 cumque
2269 3701 2341 3753 ad
2403 3699 2552 3754 Zoen
2605 3713 2789 3768 usque
2841 3696 3223 3768 pervenisset,
3274 3694 3615 3766 proceribus

1963 3803 2197 3858 quoque
2228 3803 2505 3858 magnam
2547 3785 3004 3842 sollicitudinem
3036 3784 3255 3854 injecit.
3287 3783 3396 3838 Zoe
3440 3782 3613 3837 Nico-

1961 3875 2120 3931 laum
2158 3875 2548 3948 patriarcham
2597 3878 2654 3928 et
2701 3877 3000 3928 senatores
3030 3871 3284 3927 delectos
3316 3871 3386 3926 ad
3421 3885 3482 3925 se
3515 3886 3613 3928 vo-

1960 3970 2074 4032 cat,
2099 3981 2275 4036 reque
2307 3980 2441 4019 cum
2482 3963 2554 4018 iis
2597 3961 2916 4018 deliberata
2945 3962 3017 4016 ad
3048 3965 3376 4016 Romanum
3407 3959 3612 4026 mittit,

1962 4054 2061 4124 qui
2092 4069 2330 4108 causam
2363 4051 2500 4107 facti
2546 4049 2871 4120 exquirant.
2905 4050 3036 4116 Eos,
3068 4064 3201 4104 cum
3253 4049 3324 4103 ad
3376 4047 3612 4104 navium

1961 4143 2274 4197 stationem
2298 4140 2597 4195 venissent
2627 4143 2684 4194 et
2713 4139 2783 4194 de
2814 4139 2961 4194 291
2999 4136 3425 4208 comprehenso
3456 4137 3615 4192 cubi-

1959 4231 2182 4285 culario
2214 4230 2512 4300 inquirere
2561 4228 2952 4295 intenderent,
2977 4226 3271 4282 sociorum
3317 4222 3610 4281 navalium

1959 4319 2228 4391 petulans
2261 4316 2579 4372 multitudo
2609 4319 2897 4371 concitata
2927 4315 3085 4371 saxis
3124 4313 3354 4385 repulit.
3389 4315 3611 4370 Postri-

1958 4408 2050 4463 die
2081 4412 2188 4462 Zoe
2221 4406 2411 4477 prima
2437 4405 2568 4460 luce
2589 4405 2659 4461 ad
2684 4403 3069 4460 Bucoleonem
3097 4419 3352 4475 egressa,
3376 4407 3610 4458 evocato

1956 4495 2133 4550 etiam
2168 4494 2287 4548 tilio
2326 4500 2384 4550 et
2422 4493 2550 4563 ejus
2581 4491 2822 4562 familia,
2855 4491 3172 4562 interrogat
3200 4506 3466 4561 quasnam
3500 4489 3606 4545 hu-

1670 4584 1844 4639 αἰτίαν
1874 4583 2046 4656 [)jus
2077 4583 2383 4639 seditionis
2413 4599 2590 4638 causa
2615 4587 2788 4636 esset.
2821 4581 2906 4635 Ibi
2927 4596 3064 4636 cum
3088 4595 3258 4634 nemo
3291 4580 3604 4652 responde-

1957 4677 2065 4741 ret,
2111 4672 2454 4728 Theodorus
2502 4670 2876 4743 imperatoris
2922 4670 3274 4742 paadagogus
3322 4669 3454 4724 ideo
3503 4669 3602 4732 ait,

1954 4763 2113 4820 hunc
2145 4772 2389 4830 motum,
2421 4762 2736 4831 exstitisse,
2758 4763 2909 4830 quod
2933 4761 3044 4816 Leo
3072 4760 3289 4816 Pbocas
3319 4759 3601 4831 legiones,

1955 4853 2378 4909 Constantinus
2417 4850 2804 4908 cubicularius
2853 4849 3138 4922 palatium
3188 4849 3599 4921 perdidissent.

1954 4941 2237 4996 Caeterum
2265 4940 2585 5012 imperator
2613 4939 2926 5009 imperium
2960 4955 2992 4992 a
3023 4941 3207 4992 matre
3237 4937 3294 4991 in
3317 4953 3379 4992 se
3407 4940 3601 4990 trans-

1953 5031 2168 5096 ferens,
2210 5029 2599 5101 patriarcham
2651 5025 2954 5082 Nicolaum
3004 5030 3060 5080 et
3103 5024 3449 5096 magistrum
3483 5026 3604 5079 Ste-

1954 5118 2218 5190 phanum
2281 5119 2338 5172 in
2393 5115 2588 5171 aulam
2648 5120 2906 5179 revocat;
2965 5130 3031 5168 ac
3089 5112 3369 5185 postridie
3426 5113 3605 5169 misso

1953 5210 2181 5266 Joanne
2208 5209 2440 5264 Tubace
2470 5209 2799 5277 Augustam
2832 5203 3046 5275 palatio
3071 5202 3282 5260 abduci
3305 5204 3495 5275 jubet.
3528 5205 3608 5259 Ea

1955 5298 2104 5355 ﬂens
2135 5303 2310 5369 atque
2340 5297 2590 5368 ejulans,
2626 5294 2811 5350 tilium
2844 5291 3132 5365 amplexa,
3167 5292 3604 5351 miserationem

1384 5466 1756 5525 XYLANDRI
1795 5468 1887 5523 ET
1926 5467 2143 5525 GOARI
2181 5467 2413 5523 ΝΟΤίΕ.

252 5622 365 5694 (57)
399 5618 730 5694 Allu_d_i_t_ad
760 5617 1056 5694 Euripidis
1086 5617 1303 5694 locum,
1336 5619 1438 5692 qui
1468 5625 1555 5677 est
1585 5621 1644 5677 in
1676 5621 1905 5679 Hecuba.
1936 5619 2180 5678 Joannis
2212 5619 2420 5676 Leonis
2451 5633 2756 5676 successor
2785 5622 2874 5674 est
2901 5617 3168 5686 Garidas,
3199 5619 3354 5691 quod
3386 5635 3600 5692 cogno-

182 5709 313 5750 men
346 5690 444 5749 hic
475 5690 708 5747 addidit
733 5691 912 5747 etiam
940 5690 1214 5749 Zonaras.
1244 5690 1383 5748 Χγιξ.
