4036 6330
465 342 544 404 23
1362 316 1371 325 ’
1812 337 2133 400 GEORGII
2176 339 2518 401 CEDRENI
3787 335 3875 395 ει

464 471 673 527 matris
704 469 908 538 movit;
940 469 1201 541 adeoque
1239 469 1314 523 iis
1344 468 1443 540 qui
1475 485 1603 525 eam
1636 469 1929 524 ducebant
1958 469 2102 525 Con-

2226 464 2371 529 δενὸς
2429 465 2485 522 δὲ
2540 467 2995 541 ἀποκριναμένου,
3030 468 3109 539 [Ρ.
3140 467 3267 539 616]
3300 466 3327 520 6
3366 461 3713 541 παιδαγωγὸς
3768 468 3874 519 τοῦ

466 560 763 617 stantinus
795 558 1097 612 mandavit
1144 562 1211 611 ut
1254 574 1419 613 suam
1472 574 1670 613 secum
1723 557 2122 627 relinquerent

466 653 738 716 matrem,
762 650 968 718 estque
997 645 1153 701 illico
1180 647 1250 701 ab
1282 646 1356 701 iis
1387 647 1653 702 dimissa.
1681 646 1836 702 Idem
1874 647 2118 701 Leonem

464 735 744 803 Phocam,
775 743 1044 792 metuens
1077 751 1146 789 ne
1176 735 1226 790 is
1260 734 1577 807 aliquando
1607 734 1918 807 imperium
1953 735 2117 788 inva-

460 826 647 891 deret,
676 825 802 881 loco
836 826 1035 891 movit,
1068 825 1574 895 domesticumque
1618 824 1951 880 scholarum
1988 824 2119 878 fecit

464 914 749 969 Joannem
778 913 1052 968 Garidam
1083 912 1455 985 magistrum.
1480 913 1755 968 Precibus
1782 918 1978 967 tamen
2013 913 2119 966 im-

460 1001 711 1076 petravit
758 1002 982 1058 Phocas
1023 1010 1082 1057 ut
1133 1002 1367 1058 Simeon
1417 1000 1575 1057 filius
1623 1018 1769 1057 suus
1817 1005 1874 1057 et
1921 1001 2117 1056 uxoris

462 1092 645 1147 frater
666 1091 1008 1147 Theodorus
1030 1091 1393 1162 Zuphinezer
1417 1090 1793 1147 sodalitatum
1818 1090 2116 1162 principes

457 1181 1301 1252 crearentur,juramentisque
1328 1181 1401 1235 ab
1424 1181 1773 1253 imperatore
1796 1179 2116 1236 obstrictus

455 1268 698 1324 domum
730 1286 899 1325 suam
955 1269 1115 1324 abiit.
1148 1270 1463 1324 Confestim
1515 1285 1684 1341 porro
1724 1268 1953 1341 cognati
1983 1269 2113 1337 ejus

458 1374 528 1414 ex
559 1358 695 1412 aula
725 1358 957 1414 dimissi
981 1361 1141 1414 sunt.
1166 1358 1325 1421 Quod
1360 1358 1461 1413 ubi
1487 1358 1756 1429 cognovit
1786 1358 1918 1425 Leo,
1950 1361 2112 1412 metu

459 1446 613 1502 292
647 1446 994 1518 perterritus
1026 1446 1225 1503 statim
1256 1463 1429 1517 eques
1461 1447 1531 1501 ad
1563 1451 1890 1502 Romanum
1924 1447 2111 1501 drun-

457 1534 689 1606 garium
724 1551 785 1589 se
830 1534 1095 1601 contulit,
1124 1536 1293 1607 eique
1342 1534 1606 1605 exposuit
1639 1535 1855 1605 quibus
1904 1540 2110 1589 contu-

454 1621 647 1678 meliis
685 1623 929 1677 affectus
998 1629 1179 1694 utque
1231 1623 1720 1693 ciocumscriptus
1787 1627 1959 1677 esset.
2024 1623 2107 1677 Ibi

454 1711 891 1766 communicata
914 1728 974 1767 re
994 1711 1149 1766 inter
1172 1727 1268 1766 eos
1290 1711 1536 1767 societas
1562 1710 1710 1766 inita
1730 1712 2108 1781 acjuramen-

2233 557 2500 631 βασιλέως
2529 554 2809 632 Θεόδωρος
2842 553 2967 630 ἔφη·
3002 580 3029 606 ‹‹
3072 555 3169 609 Διὰ
3223 555 3284 609 τὸ
3341 552 3628 622 ἀπολέσαι,
3678 555 3721 607 ὧ
3780 551 3872 607 δέ-

2229 667 2439 713 σποινα,
2496 646 2698 699 Λέοντα
2761 646 2855 718 μὲν
2927 645 3019 697 τὸν
3101 649 3296 698 Φωκᾶν
3362 643 3428 697 τὰ
3511 640 3871 715 στρατόπεδα,

2227 740 2629 789 Κωνσταντῖνον
2663 732 2719 788 ’δὲ
2767 734 2854 787 τὸν
2911 734 3405 807 παρακοιμώμενον
3464 732 3526 785 τὸ
3574 730 3873 800 παλάτιον,

2224 826 2257 891 ἡ
2316 825 2536 893 τοιαύτη
2600 825 2785 898 γέγονε
2858 824 3094 891 κίνησις.
3152 845 3179 872 ››
3235 822 3294 877 Ὁ
3372 817 3625 896 βασιλεὺς
3682 818 3737 875 δὲ
3791 821 3874 881 εἷς

2225 912 2408 966 ἑαυτὸν
2460 914 2559 980 τήν
2618 911 2858 982 ἐξουσίαν
2920 912 3024 965 ἀπὸ
3080 914 3178 975 τῆς
3243 910 3450 984 μητρὸς
3504 908 3878 986 ἐφελκόμενος

2223 1001 2311 1054 τὸν
2346 1000 2689 1076 πατριάρχήν
2724 999 2991 1055 Νικόλαον
3035 998 3127 1053 σὺν
3160 1003 3239 1071 τῷ
3282 997 3561 1074 μαγίστρῳ
3612 999 3879 1075 Στεφάνῳ

2222 1088 2480 1165 ἀνήγαγεν
2543 1089 2592 1143 έν
2653 1095 2733 1162 τῷ
2784 1088 3061 1159 παλατίῳ,
3113 1087 3204 1143 καὶ
3259 1091 3328 1161 τῇ
3398 1086 3653 1159 ἐπαύριον
3711 1086 3876 1141 στέλ-

2224 1178 2407 1233 λουσιν
2444 1180 2704 1249 Ἰωάννην
2752 1180 2844 1234 τὸν
2899 1172 3184 1246 Τουὸάκην
3242 1176 3343 1244 τὴν
3401 1175 3715 1250 Αὐγοῦσταν
3771 1179 3880 1229 τοῦ

2222 1266 2489 1323 παλατίου
2519 1263 2900 1323 καταϐιϐάσαι.
2934 1268 2997 1322 Ἡ
3040 1264 3095 1321 δὲ
3152 1267 3268 1338 μετ’
3314 1262 3590 1340 ὀλολυγῆς
3636 1264 3724 1319 καὶ
3768 1262 3874 1319 δα-

2220 1357 2399 1433 κρύων
2456 1362 2533 1429 τῷ
2584 1358 2777 1428 ἑαυτῆς
2846 1355 3254 1431 προσπλακεῖσα
3309 1355 3413 1426 υἱῷ
3471 1354 3607 1426 πρὸς
3655 1354 3879 1428 σσμπά-

2221 1458 2363 1509 θειαν
2424 1445 2581 1500 αὐτὸν
2647 1447 2917 1520 μητρικὴν
2979 1444 3066 1498 καὶ
3119 1444 3295 1498 οἶκτον
3357 1442 3589 1513 ἐκίνησε.
3633 1443 3721 1496 Διὸ
3776 1443 3876 1496 καί

2219 1557 2349 1612 φησι
2406 1536 2540 1605 πρὸς
2587 1534 2715 1599 τοὺς
2765 1533 3013 1609 ἄγοντας·
3050 1558 3077 1584 ‹‹
3112 1534 3333 1587 Ἐάσατε
3386 1532 3522 1587 εἶναι
3589 1533 3701 1603 μετ’
3729 1530 3879 1603 ἐμοῦ

2214 1627 2313 1693 τὴν
2351 1626 2558 1699 μητέρα
2593 1646 2718 1696 μου.
2757 1648 2778 1675 I
2814 1625 2880 1681 Οἱ
2913 1621 2969 1678 δὲ
3001 1624 3114 1695 ἅμα
3161 1627 3240 1693 τῷ
3284 1620 3435 1696 λόγῳ
3482 1620 3682 1690 ταύτην
3734 1641 3874 1674 καιτ-

2218 1711 2427 1770 έλιπον.
2491 1708 2835 1787 Προεϐάλετο
2890 1709 2936 1766 δ’
2987 1712 3015 1765 6
3073 1709 3325 1785 βασιλεὺς
3379 1706 3695 1781 δομὲστικον
3754 1713 3871 1762 τῶν

453 1799 530 1854 tis
584 1800 950 1867 conﬁrmata,
985 1800 1206 1871 nuptiis
1238 1816 1469 1872 quoque
1518 1800 1669 1854 inter
1718 1800 1932 1855 liberos
1965 1817 2102 1855 suos

2218 1800 2459 1876 σχολῶν,
2521 1798 2899 1873 διαδεξάμενος
2973 1800 3062 1852 τὸν
3122 1803 3339 1867 Φωκᾶν,
3396 1797 3488 1851 τὸν
3569 1796 3870 1871 μάγιστρον

2222 1892 2258 1906 οι
2329 1892 2339 1906 1
2547 1891 2561 1906 \
2634 1897 2670 1906 επ
2772 1887 2828 1906 δι’
2962 1889 2975 1906 \
3064 1887 3077 1906 Ἰ
3235 1891 3261 1901 ~
3332 1885 3382 1906 ΑΙ
3608 1883 3692 1906 ’δνδ
3802 1886 3813 1898 ⁸

449 1888 792 1957 contractis,
826 1890 1285 1959 institutumque
1312 1887 1538 1943 occulte
1570 1888 1857 1943 habitum.
1892 1888 2108 1944 Secun-

453 1976 593 2031 dum
629 1977 748 2031 hinc
798 1976 1097 2033 Romanus
1129 1977 1219 2033 sui
1253 1977 1541 2049 purgandi
1576 1993 1753 2032 causa
1800 1976 1859 2030 in
1908 1976 2106 2031 aulam

454 2064 656 2132 mittit,
691 2067 1199 2137 jurejurandoque
1247 2066 1589 2136 interposito
1634 2067 1942 2121 confirmat
1991 2083 2106 2120 non

453 2153 791 2209 rebellionis
823 2158 924 2208 aut
954 2153 1260 2209 seditionis
1289 2154 1611 2225 quidquam
1643 2170 1751 2209 suo
1784 2154 1932 2208 facto
1962 2155 2105 2209 sub-

451 2258 600 2307 esse,
634 2242 734 2297 sed
767 2258 829 2297 se
873 2248 1238 2296 metuentem
1273 2258 1344 2297 ne
1374 2242 1578 2298 Phoce
1608 2247 1854 2297 conatus
1885 2242 2106 2313 aliquid

450 2329 588 2384 mali
643 2329 981 2401 imperatori
1028 2330 1324 2395 afferrent,
1357 2331 1414 2384 in
1450 2329 1729 2401 palatium
1762 2331 1891 2401 ejus
1921 2331 2105 2402 impe-

449 2418 776 2490 ratorisque
827 2420 1099 2490 presidio
1151 2419 1459 2475 muniendi
1506 2437 1685 2475 causa
1732 2419 1985 2475 voluisse
2012 2437 2104 2475 re-

449 2508 619 2562 verti.
644 2506 977 2562 Patriarcha
1007 2508 1181 2564 ﬁdem
1217 2509 1533 2580 derogante
1565 2526 1751 2580 neque
1782 2509 2104 2582 accipiente

450 2596 1233 2667 purgationem,Theodorus
1266 2597 1592 2652 Romanum
1618 2597 1862 2669 instigat
1886 2610 1948 2653 ut
1968 2616 2101 2653 cum

448 2683 722 2739 universa
742 2683 931 2740 classe
954 2685 1023 2738 ad
1060 2684 1442 2756 navale,quod
1468 2685 1526 2739 in
1549 2684 1898 2741 Bucoleonte
1920 2688 2100 2742 situm

452 2770 668 2843 palatio
700 2772 1263 2840 imminet,accedat.
1283 2774 1576 2829 Romanus
1598 2790 1729 2829 cum
1758 2774 2101 2846 aliquandiu

449 2860 506 2915 id
541 2860 921 2917 detractasset
952 2879 1017 2918 ac
1048 2867 1355 2918 cunctatus
1383 2867 1561 2930 esset,
1588 2865 1822 2919 tandem
1846 2849 2103 2936 urgenti-

446 2948 559 3004 bus
589 2948 663 3005 iis
694 2965 943 3021 quorum
979 2950 1263 3005 instinctu
1296 2950 1524 3006 occulta
1557 2952 1669 3006 ista
1698 2952 1943 3008 concilia
1973 2970 2101 3009 sus-

446 3041 701 3109 ceperat,
722 3036 809 3093 vel
846 3038 1067 3093 invitus
1096 3039 1363 3093 assentit.
1391 3040 1540 3111 Ergo
1574 3040 1701 3110 ipso
1732 3040 1825 3095 die
1854 3046 2101 3096 Annun-

448 3125 677 3182 tiationi
709 3127 856 3182 festo
887 3126 1073 3183 classe
1121 3127 1407 3182 instructa
1454 3128 1746 3184 hostiliter
1793 3130 1861 3184 ad
1916 3135 2096 3184 Buco-

2222 1892 2477 1960 ’ίωάννην
2509 1891 2598 1945 τὸν
2634 1887 2884 1964 Γαριδᾶν,
2915 1889 3013 1955 τὴν
3060 1887 3120 1941 ἐκ
3169 1891 3265 1940 τοῦ
3317 1885 3545 1947 Λέοντος
3604 1883 3871 1947 δεδοικὼς

2218 1976 2590 2032 ἐπανάστασιν.
2651 1975 2732 2046 Τῇ
2787 1974 2998 2043 αἰτήσει
3057 1993 3117 2027 τε
3172 1971 3369 2025 τούτου
3434 1965 3866 2044 προεϐλήθησαν

2219 2065 2443 2137 Συμεὼν
2477 2066 2504 2119 ὁ
2537 2065 2652 2126 υἱὸς
2704 2062 2867 2117 αὐτοῦ
2918 2061 3007 2116 καὶ
3062 2057 3341 2135 Θεόδωρος
3374 2060 3401 2113 6
3433 2054 3870 2134 γυναικάδελφος

2215 2153 2397 2221 αὐτοῦ,
2453 2156 2481 2209 6
2536 2154 2875 2227 Ζουφινέζερ,
2938 2152 3332 2226 ἑταιρειάρχαι.
3378 2150 3603 2223 ’Ὁρκοις
3656 2167 3715 2201 τε
3770 2144 3871 2200 οὖν

2214 2241 2581 2315 καταληφθεὶς
2639 2242 2741 2295 ὑπὸ
2796 2244 2895 2295 τοῦ
2953 2237 3222 2314 βασιλέως
3285 2234 3551 2303 κατῆλθεν
3630 2235 3705 2299 εἷς
3768 2236 3870 2290 τὸν

2215 2332 2361 2385 οἶκον
2421 2330 2605 2399 αὐτοῦ,
2662 2330 2752 2384 καὶ
2830 2335 3174 2403 παραχρῆμα
3232 2327 3283 2379 οἱ
3355 2329 3623 2400 συγγενεῖς
3697 2324 3871 2379 αὐτοῦ

2213 2417 2558 2487 ἀπελύθησαν
2608 2422 2715 2473 τῶν
2797 2416 3127 2493 βασιλείωνο
3189 2414 3320 2489 ὅπερ
3399 2414 3584 2486 μαθὼν
3654 2411 3865 2475 έκεῖνος

2214 2508 2423 2582 ἀγωνίᾳ
2466 2507 2556 2561 καὶ
2617 2501 2775 2581 φόϐῳ
2830 2505 3066 2579 ἐλήφθη.
3100 2503 3275 2566 Εὐθὺς
3308 2500 3397 2557 οὖν
3432 2501 3864 2573 ἐξιππασάμενος

2211 2594 2425 2664 ἀπῆλθε
2478 2596 2613 2669 πρὸς
2670 2596 2763 2650 τὸν
2819 2595 3096 2666 Ῥωμανὸν
3168 2593 3259 2646 τὸν
3323 2589 3703 2666 δρουγγάριον,
3754 2592 3861 2659 τὴν

2211 2680 2362 2759 ὕϐριν
2420 2686 2481 2753 ἣν
2541 2685 2741 2754 ὑπέστη
2800 2683 3010 2737 καὶτὸν
3044 2680 3505 2757 προπηλακισμὸν
3565 2677 3868 2753 διηγούμεο

2209 2794 2319 2837 νος.
2380 2776 2913 2848 Κοινοπραγήσαντες
2990 2769 3081 2825 οὖν
3155 2770 3243 2824 καὶ
3308 2768 3494 2845 ὅρκοις
3572 2766 3865 2837 ἀλλήλους

2207 2860 2781 2939 κατασφαλισάμενοι,
2860 2860 2950 2915 καὶ
3029 2858 3199 2929 κῆδος
3282 2858 3358 2920 εἷς
3447 2857 3575 2920 τοὺς
3649 2857 3859 2910 δαυτῶν

2208 2953 2572 3023 ποιησάμενοι
2629 2949 2848 3017 παῖδας,
2904 2949 2955 3004 ἐν
3032 2954 3112 3020 τῷ
3181 2952 3406 3024 κρυπτῷ
3478 2951 3731 3021 κατεῖχον
3790 2944 3860 3000 τὸ

2208 3038 2662 3113 σπουδαζόμενον.
2698 3041 2759 3096 Ὁ
2793 3036 2849 3093 δὶ
2895 3038 3196 3110 Ῥωμανὸς,
3228 3036 3446 3109 πέμψας
3506 3034 3582 3098 εἷς
3636 3035 3697 3089 τὸ
3754 3055 3863 3087 πα-

2209 3126 2394 3183 λάτιον
2425 3128 2672 3203 περὶτοῦ
2699 3126 2982 3203 γεγονότος
3041 3125 3387 3199 ἀπελογεῖτο,
3442 3124 3517 3195 μὴ
3567 3122 3856 3198 ἀνταρσίαν

443 3213 694 3271 leontem
744 3215 985 3270 accedit.
1019 3216 1227 3271 Statim
1278 3216 1611 3287 Stephanus
1642 3219 1918 3287 magister
1963 3219 2097 3274 aula

2211 3223 2345 3271 εῖναι
2398 3202 2537 3290 μηδὲ
2575 3218 2865 3271 ἀπόστασιν
2910 3214 3215 3289 ὀμνύμενος
3275 3214 3339 3268 τὰ
3386 3212 3716 3288 πραχθέντα·
3750 3213 3856 3279 τήν

443 3304 581 3369 exit,
629 3309 687 3359 et
734 3304 968 3359 Nicetas
1019 3305 1299 3376 patricius
1348 3306 1591 3361 Romani
1640 3308 2005 3363 necessarius
2036 3309 2094 3363 in

454 3390 739 3462 palatium
774 3394 836 3459 it,
863 3393 1114 3465 indeque
1147 3394 1537 3464 patriarcham
1560 3396 1821 3451 abducit.
1846 3396 2097 3467 Impera-

442 3484 535 3534 tor
565 3484 760 3535 autem
814 3482 1012 3536 missis
1042 3483 1386 3538 venerandis
1418 3500 1483 3538 ac
1514 3484 1757 3540 viviﬁcis
1806 3486 1996 3541 crucis
2026 3486 2096 3540 li-

442 3569 596 3641 gnis,
616 3586 647 3623 a
672 3570 934 3625 Romano
955 3570 1235 3626 adhibitis
1258 3571 1574 3627 dirissimis
1597 3573 2096 3631 exsecrationibus

441 3663 499 3712 et
541 3659 950 3728 jurejurandis
997 3660 1388 3731 gravissimis,
1415 3660 1736 3732 stipulatur
1765 3662 1916 3718 293
1950 3663 2096 3717 nihil

443 3763 705 3818 unquam
736 3762 868 3801 eum
902 3747 1018 3802 doli
1052 3749 1333 3804 adversus
1365 3750 1776 3821 imperatorem
1809 3751 2093 3822 cogitatu-

440 3851 603 3905 rum;
638 3835 930 3907 pauloque
977 3841 1107 3908 post
1159 3837 1489 3893 facultatem
1524 3839 1807 3893 redeundi
1841 3840 1896 3893 in
1933 3840 2092 3911 pala-

439 3922 589 3977 tium
623 3924 928 3995 permittit.
965 3925 1030 3978 Et
1082 3925 1420 3981 redeuntem
1472 3927 1765 3999 excipiens
1816 3930 2093 4000 precandi

439 4027 619 4068 causa
647 4012 706 4066 in
739 4013 1027 4084 templum
1048 4015 1204 4083 quod
1235 4021 1325 4070 est
1351 4016 1408 4069 in
1433 4016 1621 4071 Pharo
1652 4016 1907 4081 deducit,
1927 4019 2089 4072 data-

438 4116 553 4171 que
585 4100 662 4154 ibi
694 4106 749 4156 et
772 4106 1007 4171 accepta
1029 4102 1140 4156 {ide
1172 4118 1450 4173 magnum
1482 4103 1854 4159 sodalitatum
1889 4107 2090 4176 praefe-

438 4193 598 4244 ctum
650 4194 827 4244 creat.
862 4190 1071 4244 Statim
1105 4194 1159 4245 et
1191 4192 1262 4245 ad
1310 4197 1549 4246 Leonem
1588 4192 1835 4247 Phocam
1885 4192 2088 4250 litterae

438 4277 775 4347 mittuntur,
803 4277 1021 4349 quibus
1065 4278 1216 4333 bono
1247 4296 1376 4335 esse
1426 4280 1621 4336 animo
1654 4297 1841 4352 neque
1870 4281 1956 4337 vel
1990 4282 2090 4337 ab-

429 4365 613 4437 jicere
642 4382 808 4437 spem
844 4383 1032 4437 neque
1060 4366 1330 4439 iniquum
1362 4370 1683 4440 quidquam
1710 4369 1897 4424 moliri
1922 4371 2089 4441 jube-

440 4462 551 4518 tur,
585 4455 686 4509 sed
716 4454 907 4524 quiete
937 4456 1094 4510 domi
1136 4472 1254 4511 sua)
1290 4459 1508 4512 exitum
1544 4458 1863 4528 praestolari
1904 4475 1917 4513 :
1953 4477 2088 4516 nam

2204 3310 2301 3360 τοῦ
2334 3312 2501 3360 Φωκᾶ
2532 3303 2589 3359 δὲ
2619 3304 2852 3359 ἐπίθεσιν
2902 3304 3273 3381 ὑφορώμενος,
3328 3302 3482 3379 φησὶ,
3513 3302 3601 3355 καὶ
3663 3298 3862 3363 δεδιὼς

2206 3394 2329 3470 περὶ
2384 3399 2482 3449 τοῦ
2534 3392 2803 3470 βασιλέως
2865 3395 2939 3466 μή
2989 3414 3041 3447 τι
3072 3392 3164 3446 καὶ
3196 3391 3338 3465 πάθῃ
3373 3390 3633 3468 φλαῦρον,
3663 3390 3713 3443 έν
3772 3394 3860 3461 τῷ

2205 3483 2458 3555 παλατίῳ
2515 3479 2807 3553 ἠϐουλήθη
2865 3481 3105 3536 ἀνελθεῖν
3167 3479 3255 3535 καὶ
3333 3477 3579 3554 φυλακὴν
3651 3476 3857 3533 τούτου

2206 3575 2531 3642 ποιήσασθαι
2586 3572 2674 3627 καὶ
2729 3576 2827 3625 τοῦ
2908 3567 3194 3645 βασιλέως.
3241 3571 3331 3638 Μὴ
3390 3567 3738 3627 πιστεύοντος
3794 3565 3858 3622 δὶ

2202 3660 2298 3716 τοῖ’)
2354 3662 2699 3736 πατριάρχου
2752 3657 2891 3732 μηδὲ
2946 3659 3013 3712 τὰ
3061 3658 3329 3732 λεγόμενα
3368 3654 3695 3732 δεχομένου,
3729 3655 3853 3710 ἐπι-

2205 3750 2432 3825 σπέρχει
2509 3747 2792 3823 Θεόδωρος
2883 3750 2910 3802 ὁ
2964 3745 3320 3823 παιδαγωγὸς
3400 3747 3492 3801 τὸν
3545 3745 3851 3818 Ῥωμανὸν,

2202 3838 2401 3912 ἄραντα
2458 3840 2630 3893 πάντα
2685 3838 2775 3893 τὸν
2826 3834 3047 3903 στόλον,
3108 3836 3387 3910 ἀφικέσθαι
3444 3836 3581 3909 πρὸς
3634 3834 3696 3889 τὸ
3752 3837 3853 3888 τοῦ

2201 3928 2471 3984 παλατίου
2522 3929 2747 3998 νεώριον
2782 3927 2832 3981 ἐν
2873 3930 2953 3998 τῷ
3002 3924 3389 3983 Βουκολέοντι.
3419 3923 3735 3983 Μέλλοντος
3790 3919 3853 3977 δὲ

2197 4017 2393 4071 τούτου
2451 4014 2541 4071 καί
2597 4014 2988 4088 ἀναδυομένου,
3047 4016 3100 4069 oi
3166 4014 3302 4086 πρὸς
3372 4014 3471 4081 τήν
3557 4011 3856 4081 λεληθυῖαν

2199 4107 2387 4180 πρᾶξιν
2470 4108 2661 4159 τοῦτον
2750 4103 3033 4178 ἐνάγοντες
3106 4103 3386 4157 ἀνέπεισαν
3471 4098 3559 4155 καί
3647 4096 3855 4154 ἄκοντα

2198 4200 2423 4263 ποιῆσαι
2508 4194 2570 4249 τὸ
2644 4193 3026 4267 κελευόμενον.
3082 4190 3304 4265 Ἀμέλει
3362 4190 3451 4245 καὶ
3507 4190 3623 4245 κατ’
3680 4188 3851 4256 αὐτὴν

2196 4285 2296 4350 τήν
2326 4284 2536 4357 ἡμέραν
2566 4289 2665 4351 τῆς
2695 4282 2887 4355 ἑορτῆς
2934 4286 3031 4336 τοῦ
3090 4279 3503 4356 Εὐαγγελισμοῦ
3562 4276 3853 4353 ἐξαρτύσας

2197 4373 2287 4427 τὸν
2348 4372 2541 4427 στόλον
2596 4370 2916 4443 πολεμικῶς
2972 4369 3273 4447 ἀφικνεῖται
3327 4370 3466 4443 πρὸς
3520 4366 3610 4421 τὸν
3643 4369 3853 4423 Βουκο-

2201 4459 2415 4517 λέοντα.
2453 4460 2549 4514 Καὶ
2610 4459 2880 4536 Στέφανος
2940 4460 3034 4532 μὲν
3086 4457 3242 4522 εὐθὺς
3298 4458 3327 4511 ὁ
3365 4456 3657 4531 μάγιστρος
3715 4457 3851 4510 κάτ-

434 4540 625 4613 ipsius
683 4558 819 4597 mox
876 4542 1144 4598 habitum
1197 4545 1267 4598 iri
1318 4546 1625 4600 rationem.
1668 4546 2089 4605 Constantinus

2210 4571 2297 4604 εισι
2356 4553 2462 4604 τῶν
2526 4546 2839 4622 βασιλείων,
2873 4546 3037 4602 ἄνεισι
3068 4544 3181 4601 δὲὸ
3231 4545 3516 4621 πατρίκιος
3575 4546 3843 4613 Νικήτας,

435 4645 669 4702 quoque
687 4630 1089 4687 cubicularius
1114 4632 1185 4687 ad
1211 4648 1342 4687 eum
1369 4635 1425 4687 in
1450 4636 1713 4690 eamdem
1735 4638 2087 4693 sententiam

434 4719 692 4776 scribere
722 4720 973 4791 cogitur.
1000 4720 1222 4777 Phocas
1247 4722 1458 4778 litteris
1490 4724 1621 4779 istis
1653 4726 1905 4796 acceptis
1931 4727 2087 4782 domi

433 4824 577 4877 suae,
608 4824 787 4880 quam
828 4808 887 4863 in
918 4810 1283 4881 Cappadocia
1328 4811 1602 4879 habebat,
1636 4815 1827 4881 quiete
1858 4830 1919 4870 se
1950 4831 2085 4870 con-

430 4898 631 4954 tinuit.

2197 4636 2465 4708 κηδεστής
2494 4637 2566 4691 ὣν
2601 4639 2905 4709 Ῥωμανοῦ,
2936 4637 3023 4691 καὶ
3075 4634 3292 4709 κατάγει
3336 4635 3428 4689 τὸν
3470 4632 3844 4709 πατριάργην,

2198 4725 2348 4782 01δέ
2378 4727 2500 4803 περὶ
2530 4728 2624 4781 τὸν
2660 4723 2888 4800 βασιλέα
2936 4726 3003 4780 τὰ
3051 4725 3209 4797 τίμια
3267 4724 3359 4779 καὶ
3420 4724 3663 4793 ζωοποιὰ
3710 4721 3849 4792 ξύλα

2195 4818 2504 4890 πέμψαντες
2562 4816 2697 4891 πρὸς
2754 4814 2846 4870 τὸν
2906 4814 3185 4887 Ῥωμανὸν
3259 4813 3350 4868 καὶ
3428 4812 3613 4887 ὅρκοις
3678 4812 3841 4866 αὐτὸν

2193 4902 2726 4983 κατασφαλισάμενοι
2810 4897 3212 4981 φοϐερωτάτοις
3270 4903 3355 4957 καὶ
3435 4902 3588 4978 ἀραῖς
3663 4896 3842 4955 παλα-

434 5015 780 5067 μναιοταταις
841 4992 1116 5069 μηδέποτε
1165 4995 1351 5053 δόλιον
1413 5000 1548 5053 κατὰ
1602 5004 1698 5053 τοῦ
1773 5000 2040 5075 βασιλέως
2112 5000 2481 5074 ἐννοήσασθαι,
2544 5006 2893 5078 συγχωροῦσι
2974 5003 3086 5075 μετ’
3166 5000 3367 5077 ὀλίγων
3440 4999 3600 5056 αὐτὸν
3682 4995 3844 5053 ἀνελ-

430 5088 540 5145 θεῖν
572 5082 625 5138 ἐν
648 5088 726 5155 τῷ
754 5082 1031 5156 παλατίῳ.
1068 5088 1146 5158 [Ρ.
1179 5089 1307 5159 617]
1351 5090 1551 5162 ’Ὀνπερ
1610 5085 1899 5160 δεξάμενος
1928 5089 1954 5142 ό
1992 5090 2245 5163 βχσιλεὺς
2301 5088 2594 5146 ἀνελθόντα
2653 5090 2741 5145 καὶ
2792 5092 3239 5165 προσκυνήσαντα
3296 5088 3500 5164 εῗσάγει
3556 5088 3691 5142 κατὰ
3744 5087 3839 5143 τὸν

429 5169 482 5225 ἐν
560 5176 639 5244 τῷ
721 5171 888 5248 Φάρῳ
966 5174 1115 5242 ναὸν,
1173 5176 1263 5229 καὶ
1329 5174 1536 5238 πίστεις
1613 5176 1760 5249 αύτῷ
1834 5174 1959 5239 δοὺς
2027 5178 2115 5233 καὶ
2195 5175 2377 5235 λαϐὼν
2453 5179 2865 5255 προχειρίζεται
2939 5182 3131 5233 τοῦτον
3208 5177 3369 5252 μέγαν
3431 5175 3839 5251 ἐταιρειάρχην.

425 5270 729 5343 Γράμματα
810 5270 900 5325 οὗν
971 5271 1126 5335 εὐθὺς
1194 5272 1380 5350 ἇφοίτα
1454 5276 1589 5350 πρὸς
1666 5276 1867 5330 Λέοντα
1930 5275 2019 5330 τὸν
2104 5284 2301 5332 Φωκᾶν
2389 5279 2463 5351 μὴ
2526 5278 2863 5352 ὀλιγωρῆσαι
2922 5273 3052 5349 μηδ’
3086 5278 3397 5351 ἀπογνῶναι
3463 5272 3605 5349 μηδὲ
3655 5274 3840 5330 σκαιόν

422 5386 475 5421 τι
539 5366 952 5442 βουλεύσασθαι,
984 5368 1129 5425 ἀλλὰ
1193 5379 1516 5446 προσμεῖναι
1554 5375 1742 5447 μικρὸν
1802 5373 2027 5449 ἡσύχως
2090 5373 2142 5429 ἐν
2198 5380 2275 5448 τῷ
2336 5375 2518 5448 οῗκείῳ
2576 5372 2710 5448 οἷ’κῳ
2742 5372 3089 5450 διοριζόμενα
3120 5376 3193 5436 ὡς
3228 5372 3540 5448 μελλούσης
3590 5370 3838 5447 γενέσθαι

426 5450 518 5509 διὰ
600 5455 836 5531 βραχέος
916 5461 1017 5523 τῆς
1092 5458 1254 5513 αὐτοῦ
1334 5465 1612 5538 προνοίας.
1671 5464 1749 5518 Τὰ
1825 5461 2183 5540 παραπλήσια
2266 5462 2323 5519 δὲ
2378 5466 2583 5541 γράψαι
2639 5464 2775 5540 πρὸς
2830 5464 2992 5518 αὐτὸν
3047 5463 3136 5518 καὶ
3190 5464 3281 5518 τὸν
3342 5460 3836 5539 παρακοιμώμενον

422 5552 833 5697 κὲιτηνάγκασαν
892 5558 1316 5616 Κωνσταντῖνον.
1382 5562 1556 5635 "Amp
1640 5559 1925 5637 δεξάμενος
1982 5563 2009 5617 6
2070 5567 2265 5625 Φωκὶς
2337 5564 2571 5641 ἡσυχίαν
2646 5564 2772 5637 ἦγεν
2841 5560 2894 5618 ἐν
2968 5565 3048 5634 τῷ
3105 5561 3241 5617 κατᾶ
3285 5563 3386 5632 τὴν
3448 5555 3829 5618 Καππαδοκίαν

425 5662 454 5697 0
484 5663 566 5697 κω
600 5642 788 5697 αὑτοῦ.

425 5642 566 5716 οἷ’κῳ
600 5642 788 5703 αὑτοῦ.
