4050 6326
508 363 583 421 2⁸7
1866 370 2181 433 GEORGII
2224 370 2563 432 GEDRENI
3830 375 3916 434 28

510 498 704 550 castra
753 497 1111 566 pervenisset
1152 499 1410 568 Simeon,
1458 507 1514 556 et
1560 501 1820 573 diploma
1876 504 2149 558 exercitui

2266 502 2541 575 πτομὲνην
2574 504 2738 558 αὐτοῦ
2792 524 3057 578 πονηριαν
3116 504 3514 581 φανερώσαντα,
3568 500 3690 559 οὕτε
3742 501 3913 577 δομέ-

514 586 761 640 missum
796 586 1098 642 recitatum
1127 590 1376 661 ejusque
1407 592 1637 663 cognita
1668 597 1822 647 esset
1852 594 2159 659 sententia,

512 680 813 744 cca-perunt
841 692 1045 731 omnes
1068 695 1102 732 a
1123 678 1308 733 Leone
1334 679 1404 733 ad
1432 679 1757 735 Romanum
1793 682 2161 753 imperatoris

512 767 735 833 patrem
768 764 1111 821 desciscere.
1154 767 1263 822 Leo
1312 769 1599 839 principio
1648 771 1866 825 frustra
1914 777 2159 826 conatus

514 852 852 923 diplomatis
882 853 1190 911 lectionem
1226 858 1530 929 impedire,
1563 876 1697 913 mox
1729 860 2002 930 paulatim
2035 877 2095 915 se
2128 878 2161 915 a

511 944 634 997 suis
667 944 854 999 deseri
884 945 1110 1011 videns,
1145 948 1469 1016 desperatis
1515 948 1708 1017 rebus,
1745 950 1875 1021 fuga
1906 951 2157 1005 salutem

512 1032 797 1102 quaesivit.
833 1035 900 1088 Et
931 1035 1245 1090 comitatus
1290 1036 1490 1107 paucis
1531 1038 1884 1109 quibusdam
1914 1056 2156 1095 suorum

511 1120 817 1178 fidissimis
848 1124 919 1195 ad
953 1123 1259 1179 castellum
1293 1127 1554 1196 pervenit
1580 1127 1674 1183 cui
1712 1144 1925 1184 nomen
1956 1130 2156 1185 Ateus.

513 1210 653 1265 Inde
684 1212 955 1282 repulsus
988 1213 1294 1269 castellum
1327 1216 1579 1271 obtinuit
1621 1217 1714 1271 cui
1767 1234 1980 1273 nomen
2009 1222 2159 1273 Goe-

511 1298 760 1367 leontos,
794 1302 961 1371 quasi
991 1303 1366 1372 ejulationem
1411 1306 1642 1373 Leonis,
1677 1306 1828 1361 malo
1877 1306 2155 1362 nimirum

511 1389 728 1444 omine.
762 1390 843 1445 Ibi
873 1407 906 1445 a
938 1390 1218 1448 Michaelo
1240 1395 1406 1449 Gravi
1442 1400 1497 1449 et
1528 1394 1732 1449 multis
1762 1396 1894 1451 aliis
1925 1397 2157 1467 agmine

511 1478 660 1533 facto
708 1479 952 1550 capitur.
991 1482 1301 1537 Mittuntur
1340 1498 1474 1555 ergo
1507 1485 1605 1555 qui
1652 1502 1784 1540 eum
1817 1485 2015 1557 Cpolin
2052 1486 2155 1539 ab-

511 1567 749 1632 ducant,
779 1568 1036 1625 Joannes
1065 1571 1329 1627 Tubaces
1359 1577 1415 1627 et
1460 1574 1564 1628 Leo
1597 1574 1883 1639 Pastelas;
1918 1575 2075 1646 iique
2104 1575 2156 1630 ei

508 1655 708 1711 oculos
739 1664 975 1724 eruunt,
1002 1660 1121 1715 sive
1152 1661 1398 1731 occulto,
1426 1666 1489 1716 ut
1521 1662 1759 1733 quidam
1793 1664 2015 1730 dicunt,
2050 1665 2157 1718 Ro-

508 1745 664 1799 mani
690 1746 889 1815 jussu,
921 1747 1060 1817 sive,
1086 1750 1239 1819 quod
1293 1751 1587 1806 Romanus
1629 1753 2021 1819 asseverabat,
2054 1753 2153 1823 qui

504 1844 561 1887 et
600 1833 799 1905 inique
832 1835 938 1890 hoc
988 1841 1050 1891 ut
1099 1837 1329 1894 nolente
1378 1856 1440 1894 se
1488 1840 1703 1895 factum
1739 1841 1885 1896 ferre
1914 1842 2151 1896 videba-

504 1927 619 1990 tur,
654 1940 762 1979 sua
804 1930 1030 1996 sponte.
1066 1926 1168 1981 Hic
1221 1928 1354 1983 ﬁnis
1405 1929 1516 1984 fuit
1563 1928 1897 1985 rebellionis
1948 1931 2147 1986 Phocze

506 2012 735 2068 Leonis.

2271 614 2454 647 στικον
2490 594 2621 647 εἶναι
2682 592 2956 667 βουλεται,
3003 590 3116 655 οὔθ’
3148 589 3234 646 ἕνα
3272 592 3438 663 κρίνει
3488 596 3592 646 τῶν
3629 589 3913 665 ὑπηκόων,

2271 680 2397 736 ἀλλ’
2428 683 2735 752 ἀποστάτην
2768 684 2853 735 καὶ
2887 681 3164 757 τύραννον,
3196 681 3283 734 καὶ
3316 681 3491 755 χωρὶς
3525 680 3662 752 ἐμῆς
3700 681 3913 755 βουλῆς

2269 772 2366 837 τὴν
2408 771 2663 841 τοιαύτην
2727 769 3011 843 ἀνταρσίαν
3064 773 3420 839 συστήσαντα,
3475 768 3550 823 ’ἶν’
3604 770 3677 831 είς
3722 772 3913 825 ἑαυτὸν

2267 862 2329 913 τὸ
2386 868 2485 929 τῆς
2546 859 2823 934 βασιλείας
2872 859 3235 929 ἐπισπάσηται
3302 860 3520 928 κράτος.
3580 862 3758 914 Τοῦτο
3817 859 3911 913 οὖν

2269 946 2450 1018 εἰδὼς,
2484 951 2510 1003 6
2542 950 2671 1022 ἐμὸς
2706 948 2853 1020 λαὸς,
2903 949 2964 1003 τὸ
2997 946 3113 1002 δέον
3148 948 3377 1002 συνιέναι
3411 950 3664 1019 θέλησον,
3696 950 3784 1003 καὶ
3814 950 3912 1002 τὸν

2267 1040 2597 1113 προγονικὸν
2647 1037 2896 1114 ἐπιγνοὺς
2948 1036 3213 1107 δεσπότην
3273 1044 3371 1107 τῆς
3420 1043 3616 1106 πικρᾶς
3660 1038 3915 1112 τυραννί-

2268 1126 2359 1190 δος
2392 1128 2680 1198 ἀπόστηθι.
2718 1152 2744 1178 ››
2776 1132 2879 1181 Τοῦ
2928 1125 2985 1181 δὲ
3031 1126 3256 1199 Συμεὼν
3312 1125 3612 1200 γενομένου
3643 1127 3778 1181 κατὰ
3806 1127 3911 1193 τήν

2266 1213 2625 1289 παρεμϐολὴν
2676 1219 2762 1271 καὶ
2809 1217 2870 1269 τὸ
2926 1211 3368 1290 χρυσοϐούλλιον
3410 1220 3653 1291 φανερῶς
3702 1214 3908 1286 ἐκπέμ-

2266 1308 2464 1378 ψαντος
2491 1310 2570 1376 τῷ
2602 1304 2742 1377 λαῷ,
2792 1305 2866 1366 ὡς
2913 1308 3074 1359 τοῦτο
3124 1302 3430 1379 ἀνάγνωσαν
3479 1304 3571 1357 καὶ
3610 1303 3700 1357 τὸν
3741 1303 3917 1357 αὐτοῦ

2265 1398 2389 1449 νοῦν
2437 1390 2787 1463 κατενόησαν,
2836 1391 3067 1467 ἤρξαντο
3113 1391 3307 1454 πάντες
3349 1393 3655 1466 ἀναχωρεῖν
3704 1390 3791 1446 καὶ
3830 1396 3915 1461 τῷ

2271 1482 2689 1557 βασιλεοπάτορι
2739 1481 3097 1557 προσρύεσΘαι
3152 1486 3433 1552 ⁸Ρωμανῷ.
3494 1481 3553 1537 Ὁ
3605 1477 3661 1534 δὶ
3714 1484 3916 1539 Φωκᾶς

2264 1577 2480 1645 πρῶτον
2544 1572 2638 1643 μὶν
2689 1570 2959 1645 πειραθεὶς
3017 1572 3116 1636 τήν
3170 1569 3463 1644 ἀνάγνωσιν
3516 1568 3756 1623 κωλῦσαι
3810 1572 3915 1621 τοῦ

2264 1656 2707 1737 χρυσοὸουλλίου
2764 1660 2853 1714 καὶ
2914 1662 2989 1731 μὴ
3050 1656 3321 1728 δυνηθεὶς,
3350 1659 3459 1712 εἶτα
3482 1657 3572 1712 καὶ
3611 1656 3912 1732 ὑποῤῥέου-

2265 1773 2358 1805 σαν
2411 1752 2545 1804 κατά
2605 1752 2796 1821 μικρὸν
2856 1752 2953 1817 τὴν
3014 1748 3177 1802 αὐτοῦ
3234 1746 3451 1822 βλέπων
3505 1744 3754 1819 δύναμιν,
3786 1751 3912 1807 τοῖς

2265 1840 2417 1901 ὅλοις
2447 1838 2757 1913 ἀπειρηκὼς
2807 1842 2949 1911 φυγῇ
2995 1838 3091 1905 τὴν
3144 1836 3415 1908 σωτηρίαν
3449 1834 3910 1910 ἐπραγματεύετο,

2263 1928 2351 1982 καὶ
2384 1929 2515 1999 μετά
2543 1948 2705 1981 τινων
2767 1924 2967 2001 ὀλίγων
3017 1930 3125 1979 τῶν
3169 1924 3504 1979 πιστοτάτων
3554 1924 3615 1978 τὸ
3646 1922 3909 1999 φρούριον

2263 2011 2555 2071 κατέλαϐεν
2616 2014 2859 2075 Ἀτεούς.
2912 2014 3329 2089 Ἀποκρουσθεὶς
3380 2010 3427 2067 δ’
3457 2012 3655 2075 ἐκεῖθεν
3687 2009 3738 2065 ἔν
3767 2032 3910 2066 τινι-

504 2098 702 2173 χωρίῳ
748 2102 1083 2170 κατήντησεν
1143 2105 1171 2157 ὃ
1220 2104 1633 2177 κατωνομάζετο
1692 2106 2061 2176 Γοηλήοντος,
2112 2108 2139 2161 ὃ
2193 2107 2282 2161 καὶ
2343 2110 2579 2182 φανερῶς
2625 2102 2828 2173 ἐδήλου
2886 2104 2968 2170 ὠὴ
3030 2104 3271 2157 Λέοντι·
3331 2103 3548 2156 κάκεῖσε
3603 2100 3747 2175 παρᾶ
3795 2102 3909 2156 Μι-

506 2187 659 2262 χαὴλ
715 2194 811 2242 τοῦ
871 2192 1064 2265 Βαρέος
1114 2192 1201 2245 καί
1257 2214 1415 2247 τινων
1502 2190 1687 2247 ἄλλων
1764 2195 2032 2250 πλείστων
2090 2194 2172 2249 ἐπ’
2256 2194 2414 2249 αὐτὸν
2467 2194 2771 2247 συστάντων
2852 2187 3315 2263 συλλαμϐάνεται.
3364 2188 3657 2245 Στέλλεται
3723 2187 3907 2243 τοίνυν

506 2276 759 2345 Ἰωάννης
812 2279 838 2331 6
900 2275 1181 2351 Τουϐάκης
1238 2282 1325 2336 καὶ
1381 2284 1531 2337 Λέων
1590 2285 1617 2337 ὁ
1668 2283 1956 2353 Παστηλᾶς
2017 2284 2318 2359 εἰσαγαγεῖν
2375 2283 2535 2337 αὐτὸν
2595 2282 2668 2343 είς
2710 2284 2806 2349 τὴν
2871 2279 3279 2356 βασιλεύουσαν.
3344 2280 3405 2333 Οἱ
3458 2277 3515 2333 δὲ
3564 2283 3755 2333 τοῦτον
3780 2298 3916 2352 κρα-

503 2368 764 2434 τήσαντες
824 2367 1239 2441 άπετύφλωσαν,
1299 2372 1373 2432 ὡς
1433 2372 1524 2444 μὶν
1582 2367 1714 2426 ἔνιοι
1774 2371 2019 2447 λέγουσιν
2074 2372 2299 2440 ἐντολὴν
2352 2371 2609 2444 λαθραίαν
2680 2366 2938 2430 λαϐόντες
2996 2367 3054 2423 ὲκ
3102 2365 3409 2439 ⁸Ρωμανοῦ,
3444 2368 3517 2428 ὡς
3577 2364 3624 2420 δ’
3673 2367 3725 2419 οἱ
3782 2366 3912 2440 περὶ

503 2454 594 2508 τὸν
647 2455 926 2528 Ῥωμανὸν
1014 2455 1364 2532 διενίσταντο,
1452 2460 1753 2535 αὐθαιρέτῳ
1808 2462 2001 2536 γνώμῃ
2073 2484 2160 2516 και
2246 2460 2601 2536 προαιρέσει·
2691 2460 2777 2513 καὶ
2836 2458 2935 2533 γάρ
2996 2456 3062 2527 δὴ
3122 2458 3211 2511 καὶ
3269 2455 3441 2511 ἐδόκει
3501 2456 3816 2529 ἀγανακτεῖν
3881 2456 3912 2509 6

500 2544 787 2615 Ῥωμανὸς
820 2546 893 2607 ὡς
919 2548 1065 2623 παρὰ
1091 2550 1191 2618 τήν
1224 2548 1387 2605 αὐτοῦ
1435 2550 1655 2618 θέλησιν
1722 2552 2011 2626 γεγονότος
2069 2557 2164 2605 τοῦ
2212 2546 2390 2625 ἔργου.
2450 2553 2507 2605 'll
2570 2550 2664 2622 μὶν
2722 2548 2812 2603 οὗν
2870 2552 2966 2602 τοῦ
3026 2547 3252 2609 Λέοντος
3301 2544 3602 2601 ἀποστασία
3657 2541 3907 2598 τοιοῦτον

504 2628 632 2707 ἔσχε
661 2635 722 2687 τὸ
752 2632 933 2697 τέλος.

573 2725 722 2780 291
766 2725 903 2780 Aliae
937 2743 1106 2797 porro
1137 2727 1362 2784 insidiaa
1395 2730 1655 2786 Romano
1687 2736 1826 2786 sunt
1855 2736 2087 2786 structa:
2121 2748 2153 2786 a

507 2810 888 2867 Constantino
911 2815 1163 2883 quodam
1185 2816 1544 2887 Ctemateno,
1568 2818 1778 2873 Davido
1800 2818 2149 2887 Cumiliano,

504 2905 561 2953 et
600 2899 883 2956 Michaelo
933 2908 1200 2959 curatore
1248 2921 1696 2977 manganorum.
1728 2906 1771 2961 Ii
1820 2906 2149 2962 adolescen-

505 2987 664 3042 tibus
696 2990 1050 3060 quibusdam
1083 2993 1325 3048 armatis
1376 2995 1676 3065 negotium
1724 2996 2009 3050 dederunt
2041 2997 2149 3050 Bo-

507 3077 686 3147 mani,
709 3095 843 3134 cum
876 3080 926 3135 is
955 3087 1229 3136 venatum
1256 3084 1455 3152 exiret,
1484 3083 1900 3139 interﬁciundi.
1926 3085 2150 3148 Quibus

505 3167 757 3238 cognitis
804 3174 863 3225 et
909 3173 1370 3242 comprehensis,
1413 3174 1751 3229 auctoribus
1800 3174 2149 3229 insidiarum

504 3256 657 3312 oculi
707 3264 846 3312 sunt
892 3260 1110 3325 effossi,
1141 3266 1193 3316 et
1226 3260 1465 3317 ludibrii
1518 3280 1697 3318 causa
1744 3280 1846 3334 per
1894 3264 2148 3318 medium

506 3346 693 3400 forum
726 3348 1136 3419 circumducti,
1161 3350 1431 3422 interque
1457 3368 1555 3407 eos
1579 3354 1689 3409 Leo
1722 3352 1945 3409 Phocus
1977 3354 2148 3408 mula;

503 3435 789 3492 insidens.

572 3613 857 3669 Accusata
886 3618 975 3670 est
1005 3616 1179 3671 etiam
1221 3618 1329 3673 Zoe
1373 3617 1716 3689 imperatrix
1747 3619 1916 3691 quasi
1947 3635 2145 3674 necem

504 3702 760 3759 Romano
811 3709 965 3759 esset
1012 3705 1367 3775 machinata,
1400 3713 1456 3762 et
1508 3708 1720 3779 palatio
1769 3710 2044 3763 submota
2081 3724 2147 3762 ac

501 3808 633 3846 rasa
660 3791 720 3846 in
751 3796 1172 3850 monasterium
1195 3796 1253 3850 S.
1276 3796 1610 3868 Euphemiaa
1633 3799 1885 3853 detrusa.
1914 3799 2147 3867 Ejectus

499 3881 676 3935 etiam
722 3886 811 3936 est
856 3883 997 3938 urbe
1027 3883 1500 3957 Theophylactus
1530 3888 1826 3958 patricius,
1860 3904 1925 3941 ac
1956 3886 2147 3941 Theo-

501 3970 681 4024 dorus
712 3970 1085 4042 imperatoris
1134 3975 1503 4046 pwdagogus,
1535 3977 1781 4047 ejusque
1830 3991 2147 4046 germanus

501 4058 758 4128 Simeon,
784 4061 938 4130 quod
971 4062 1029 4115 in
1062 4062 1390 4117 Romanum
1437 4064 1659 4135 aliquid
1711 4064 1898 4119 moliti
1928 4068 2144 4131 essent,

494 4146 770 4217 jussique
818 4148 878 4202 in
925 4151 1158 4219 Opsicio
1213 4152 1438 4223 degere.
1471 4154 1555 4207 Ad
1607 4154 1709 4207 hos
1753 4153 2148 4223 deportandos

500 4252 737 4306 operam
768 4238 1016 4292 contulit
1043 4238 1296 4294 Joannes
1328 4241 1584 4296 Curcuas
1615 4242 1970 4313 drungarius
2001 4242 2147 4311 vigi-

502 4322 609 4391 lite,
646 4324 745 4394 qui
784 4341 883 4379 eos
932 4326 1125 4381 subito
1154 4333 1417 4399 arreptos
1449 4330 1696 4385 navibus
1726 4330 1786 4385 in
1818 4331 2145 4402 oppositam

502 4412 895 4469 continentem
925 4415 1171 4485 trajecit.

574 4591 935 4662 Septembris
977 4596 1197 4651 mensis
1245 4596 1337 4651 die
1383 4597 1451 4650 24
1498 4597 1758 4653 Romano
1787 4598 2027 4655 Caesaris
2059 4598 2147 4653 di-

501 4682 695 4751 gnitas
714 4681 904 4737 delata
924 4688 1031 4750 est,
1050 4692 1102 4739 et
1123 4701 1323 4741 mense
1344 4687 1641 4742 Decembri
1662 4688 2038 4758 imperatorio
2060 4693 2149 4743 est

501 4770 806 4827 redimitus
824 4773 1173 4843 diademate,
1189 4792 1223 4831 a
1238 4776 1571 4846 patriarcha
1587 4778 2143 4849 Nicolao,permissu

498 4860 890 4932 imperatoris.
926 4867 1251 4919 Coronatus
1282 4871 1477 4921 autem
1513 4867 1606 4921 die
1638 4884 1937 4922 sacrorum
1971 4867 2144 4921 lumi-

497 4966 639 5004 num
674 4967 909 5006 uxorem
936 4968 1170 5023 quoque
1198 4970 1368 5009 suam
1401 4955 1764 5010 Theodoram
1797 4961 2053 5021 coronat,
2088 4959 2143 5009 et

496 5054 698 5093 mense
715 5040 989 5109 Maio,die
1010 5041 1362 5098 Pentecostae
1377 5044 1525 5099 297
1552 5060 1737 5111 sacro,
1754 5044 1941 5099 {ilium
1966 5043 2141 5099 etiam

494 5143 669 5183 suum
728 5128 1162 5201 Christiferum,
1211 5132 1591 5189 Constantino
1650 5132 1846 5205 palam
1905 5132 2143 5203 quidem

2263 2726 2299 2797 ἤ
2358 2728 2595 2797 Συνέστη
2639 2726 2696 2781 δὲ
2747 2726 2835 2780 καὶ
2895 2724 3047 2799 ἑτέρα
3106 2719 3372 2791 ἰπιϐουλή
3418 2723 3552 2777 κατὰ
3596 2725 3906 2794 Ῥωμανοῦ,

2260 2819 2405 2892 παρά
2460 2837 2605 2877 τινος
2676 2814 3051 2876 Κωςταντίνου
3122 2816 3511 2886 Κτηματηνοῦ,
3574 2807 3736 2866 Δαϐἰδ
3806 2817 3907 2865 τοῦ

2263 2903 2682 2979 Κουμουλιανοῦ
2734 2904 2820 2959 καὶ
2890 2903 3119 2979 Μιχαὴλ
3176 2904 3520 2977 κουράτωρος
3587 2905 3691 2956 τῶν
3764 2921 3903 2974 μαγ-

2258 2995 2432 3070 γάνων
2463 2998 2575 3068 (62)
2611 3014 2623 3026 ⁶
2679 2994 2827 3048 οὗτοι
2876 2994 2979 3067 γὰρ
3029 2992 3239 3053 νεανίας
3281 2992 3431 3053 τινάς
3476 2988 3903 3050 καθοπλίσαντες

2260 3083 2482 3139 κατὰτό
2540 3085 2797 3157 κυνήγιον
2840 3080 3121 3151 ἐξελθόντα
3153 3083 3262 3153 (63)
3319 3081 3411 3133 τὸν
3469 3078 3745 3150 Ῥωμανὸν
3803 3076 3899 3130 ἐπι

2261 3171 2545 3247 ετρέψαντο
2600 3169 3049 3246 διαχειρίσασθαι.
3103 3172 3194 3222 Ὧν
3243 3165 3612 3243 γνωσθέντων,
3645 3165 3733 3219 καὶ
3768 3162 3905 3218 συλ·

2262 3260 2555 3334 ληφθέντες
2589 3260 2639 3313 οἱ
2669 3266 2769 3327 τῆς
2809 3253 3111 3327 ἐπιϐουλῆς
3161 3256 3510 3331 πρωτουργοὶ
3538 3253 3665 3317 τοῦς
3694 3252 3902 3330 ὀφθαλ-

2265 3350 2399 3423 μοὺς
2432 3349 2790 3423 ἐπηρώθησαν
2842 3348 2932 3402 καὶ
2991 3344 3080 3401 διὰ
3140 3347 3307 3418 μέσης
3358 3352 3458 3414 τῆς
3514 3345 3715 3418 ἀγορᾶς
3747 3362 3905 3416 περι-

2178 3480 2220 3543 C
2259 3442 2529 3515 ήχθησαν.
2564 3442 2739 3503 Συνῆν
2789 3435 2844 3491 δὶ
2884 3436 3051 3511 ταύτῃ
3096 3438 3164 3509 τῇ
3214 3434 3394 3508 ἀτίμῳ
3442 3436 3756 3508 περιαγωγῇ
3808 3430 3902 3487 καὶ

2259 3531 2408 3583 Λέων
2442 3530 2470 3583 ὁ
2504 3533 2720 3594 Φωκᾶς,
2751 3525 2970 3598 ἡμιόνῳ
3002 3524 3343 3602 ἐφεζόμενος.

2329 3616 2684 3691 Κατηγορήθη
2720 3613 2777 3669 δὲ
2807 3614 2895 3669 καὶ
2930 3614 3058 3682 Σωή
3089 3616 3123 3683 ἡ
3171 3610 3387 3687 βασιλὶς
3416 3616 3484 3685 τῇ
3521 3614 3632 3684 ζωῇ
3666 3605 3896 3665 11:160-3-

2256 3706 2489 3761 λεύουσα
2518 3710 2612 3759 τοῦ
2666 3706 2966 3777 Ῥῶμεινοῦ,
2998 3703 3088 3757 καὶ
3136 3707 3231 3757 τοῦ
3282 3700 3553 3756 παλασίου
3582 3702 3895 3774 κατάγεται,

2254 3797 2348 3849 κάν
2376 3800 2444 3869 τῇ
2484 3802 2584 3864 τῆς
2636 3794 2822 3868 Ἀγίας
2872 3792 3161 3869 Εὐφημίας
3194 3795 3332 3864 μονῇ
3380 3789 3743 3863 ἀποκείρεται.
3779 3790 3899 3860 Ἐξ-

2256 3881 2464 3955 εϐλήθη
2500 3882 2556 3938 δὲ
2582 3890 2681 3952 τῆς
2714 3880 2929 3943 πόλεως
2959 3881 3045 3935 καὶ
3079 3879 3455 3954 Θεοφόλακτος
3486 3877 3786 3953 πατρίκιος,
3805 3878 3898 3931 καὶ

2256 3974 2535 4045 Θεόδωρος
2562 3973 2590 4025 6
2639 3968 2987 4044 παιδαγωγὸς
3031 3974 3131 4024 τοῦ
3184 3967 3475 4044 βασιλέως,
3507 3966 3595 4021 καὶ
3629 3968 3655 4021 ὁ
3698 3965 3896 4019 τούτου

2256 4062 2507 4134 ὁμαίμων
2545 4060 2792 4132 Συμεὼν,
2830 4062 2912 4131 [Ρ.
2944 4060 3071 4130 619]
3120 4056 3209 4111 καὶ
3261 4056 3312 4110 έν
3353 4061 3431 4128 τῷ
3466 4055 3664 4129 ὸψικίῳ
3695 4051 3897 4128 διάγειν

2255 4150 2578 4225 ἐτάχθησαν,
2642 4150 2717 4209 ὡς
2772 4148 2917 4223 τάχα
2986 4148 3124 4201 κατά
3195 4148 3479 4217 Ῥωμανοῦ
3542 4142 3896 4217 μελετῶντες.

2255 4239 2591 4313 Ὑποόργῃσε
2637 4236 2694 4293 δὶ
2739 4238 2875 4313 πρὸς
2920 4238 3010 4291 τὸν
3056 4235 3440 4308 ἐξοστρακισμὸν
3480 4238 3588 4287 τῶν
3629 4232 3896 4287 τοιούτων

2257 4328 2284 4381 6
2339 4325 2694 4403 δρουγγάριος
2740 4333 2839 4395 τῆς
2909 4325 3099 4400 βίγλας
3165 4325 3420 4401 Ἰωαννης
3474 4323 3501 4375 6
3559 4319 3894 4395 Κουρκούας,

2254 4415 2522 4492 αιφνίδιον
2582 4417 2918 4490 συναρπάσας
2979 4413 3172 4475 αὐτοὺς
3237 4412 3327 4467 καὶ
3386 4410 3608 4472 πλοίοις
3664 4409 3739 4470 εἰς
3794 4410 3898 4477 τὴν

2254 4505 2476 4581 περαίαν
2509 4500 2843 4565 διαϐιϐάσας.

2326 4599 2410 4668 Τῇ
2444 4592 2501 4648 δὲ
2528 4591 2611 4648 κδ’
2670 4596 2765 4647 νοῦ
2822 4585 3201 4667 Σεπτεμϐρίου
3256 4590 3429 4662 μηνὸς
3487 4589 3731 4662 ἀνάγεται
3772 4587 3899 4641 Ῥω-

2260 4684 2423 4757 μανὸς
2458 4682 2532 4743 εἰς
2579 4682 2675 4750 τὴν
2733 4685 2829 4735 τοῦ
2890 4680 3155 4753 Καίσαρος
3214 4677 3383 4747 ἀξίαν,
3433 4676 3521 4731 καὶ
3582 4669 3896 4748 Δεκεμϐρίῳ

2259 4773 2389 4847 μηνί
2419 4776 2496 4843 τῷ
2526 4777 2625 4840 τῆς
2660 4769 2938 4845 βασιλείας
2988 4764 3283 4840 διαδήματι
3324 4766 3589 4843 στέφεται,
3624 4763 3894 4838 ἐπιτροπῇ

2177 4849 2347 4917 Πτοῦ
2399 4858 2667 4936 βασιλέως
2720 4857 3143 4925 Κωνσταντίνου,
3175 4858 3270 4911 τοῖ’)
3326 4853 3668 4930 πατριάρχου
3726 4854 3893 4909 Νικο-

2257 4949 2393 5006 λάου
2425 4950 2585 5004 αὐτὸν
2619 4946 2983 5018 ἀναδήσαντος
3020 4968 3031 4981 ·
3088 4946 3364 5019 Ῥωμανὸς
3400 4942 3455 4999 δὲ
3483 4940 3789 5005 ταινιωθεὶς
3816 4946 3897 5013 τῷ

2262 5038 2530 5115 βασιλικῷ
2588 5034 2883 5110 διαδήματι
2945 5035 3120 5113 στέφει
3171 5035 3288 5089 κατ’
3344 5033 3510 5102 αὐτὴν
3554 5034 3654 5101 τήν
3685 5031 3895 5105 ἡμέραν

2254 5133 2361 5186 τῶν
2395 5128 2557 5205 ἁγίων
2588 5128 2795 5185 Φώτων
2831 5128 2940 5200 (ϐε)
2988 5123 3078 5181 καὶ
3129 5124 3229 5193 τήν
3290 5123 3481 5179 ἑαυτοῦ
3510 5123 3739 5195 σύζυγον
3764 5125 3899 5177 Θεο-

1690 5284 2059 5339 XYLANDRI
2101 5284 2191 5340 ET
2232 5282 2448 5340 GOARI
2489 5282 2722 5338 NOTIE.

564 5404 674 5474 (62)
701 5404 965 5462 Curatore
992 5424 1421 5475 manganorum,
1463 5408 1519 5463 id
1570 5413 1679 5475 est,
1704 5409 2049 5465 balistarum
2081 5412 2137 5464 et

493 5475 1071 5561 aliorumlid‘ge‘nus
1116 5484 1567 5561 tormentorum,
1606 5487 1671 5536 ut
1718 5482 1879 5561 alibi.
1912 5481 2044 5561 ΧΠ..
2071 5511 2137 5561 _—

492 5546 565 5601 Ut
592 5547 790 5623 palatii
817 5546 1268 5623 etilliusaararii
1295 5568 1494 5607 curam
1522 5558 1764 5623 gereret,
1790 5554 1941 5607 sicut
1972 5553 2137 5619 regiae

492 5620 1234 5695 pracipuaﬁpcuropalates.
1266 5623 1425 5678 Circa
1476 5620 1767 5681 machinas
1813 5629 1871 5679 et
1916 5625 2139 5680 balista:

492 5698 749 5763 nugatur
778 5693 870 5749 hic
901 5693 1267 5751 soboliastes.
1299 5695 1479 5750 Goaa.

2318 5408 2429 5477 (63)
2450 5407 2771 5483 Fortassis,
2795 5423 2939 5483 cum
2958 5404 3110 5477 apud
3153 5400 3468 5483 Qvnegium
3494 5400 3624 5483 (loci
3657 5414 3892 5483 nomen,

2247 5470 2400 5555 forte
2408 5470 2506 5555 ubi
2523 5479 2582 5534 in
2597 5481 2742 5535 urbe
2752 5470 3090 5555 venationes
3102 5470 3451 5555 edebﬁantunr)
3466 5470 3889 5555 prodiretzva.

2317 5551 2431 5620 (64)
2464 5556 2611 5607 Puto
2644 5569 2773 5607 esse
2820 5567 2989 5621 quem
3040 5547 3185 5603 alias
3234 5543 3890 5621 Puriiicationis_Mari_as

2244 5614 2475 5696 vocant,
2528 5614 2851 5679 Lichtmess:
2893 5624 3035 5678 Χγε..
3076 5650 3145 5696 -_—
3192 5618 3428 5696 Czecutit
3481 5614 3889 5696 Xylandernin

2245 5685 2494 5762 lumine,
2514 5698 2570 5750 et
2600 5712 2715 5766 quo
2746 5698 2961 5767 purget
2983 5692 3185 5750 oculos
3214 5690 3450 5763 collyrio
3481 5704 3629 5762 opus
3659 5690 3749 5745 est
3777 5685 3889 5759 illi,
