4036 6330
174 389 254 450 29

1312 395 1858 459 HISTORIARUM
1901 395 2453 458 GOMPENDIUM.

3510 402 3592 462 30

176 516 362 594 ὂώραν
394 520 551 592 Μαΐῳ
607 520 666 576 δε
728 525 858 595 μηνὶ
909 526 1045 580 κατὰ
1075 527 1170 594 τήν
1222 533 1321 596 τῆς
1371 525 1522 602 ἁγίας
1553 531 1806 595 Πεντηκο·

1943 528 2296 583 concedente
2323 533 2381 583 et
2413 528 2712 598 probante,
2747 528 2885 599 quia
2918 528 3066 583 nihil
3105 533 3311 585 contra
3347 531 3464 586 vim
3496 548 3592 603 po-

174 616 317 677 στῆς
345 611 551 683 ἡμέραν
585 612 764 689 στέφει
797 613 885 668 καὶ
921 615 1014 669 τὸν
1049 615 1240 669 ἑαυτοῦ
1293 616 1406 670 υἱον
1453 617 1826 692 Χριστοφόρον

175 695 266 750 διὰ
318 700 727 754 Κωνσταντίνου
781 704 965 777 τάχα,
1038 705 1173 758 κατὰ
1235 706 1328 777 μὲν
1383 705 1445 758 τὸ
1503 704 1827 781 φαινόμενον

173 785 465 850 ἐθέλοντος
493 787 582 843 καί
634 789 1078 867 καταδεχομένου
1120 791 1208 847 διὰ
1235 795 1335 862 τήν
1372 793 1512 868 βίαν,
1546 793 1598 847 ὲν
1649 791 1706 847 δὲ
1751 797 1830 863 τῷ

173 876 373 952 ἁῨανεῖ
426 877 691 940 ἀλύοντος
749 882 835 935 καὶ
892 882 992 949 τὴν
1055 884 1334 959 συμφορὰν
1388 879 1828 953 ἀποκλαιομὲνου

172 965 249 1026 εἷς
285 965 495 1023 ἑαυτόν.
530 967 634 1023 Καὶ
669 968 825 1040 μόνοι
857 971 910 1024 οἱ
939 967 1035 1025 δύο
1087 973 1198 1044 (65)
1243 973 1379 1026 κατὰ
1421 972 1521 1040 τήν
1570 970 1825 1040 τοιαύτην

168 1055 458 1128 προῆλθον
485 1056 828 1130 προέλευσιν.
863 1058 1086 1132 Ἰουλίῳ
1117 1057 1174 1115 δε
1198 1061 1355 1133 μηνὶ,
1384 1062 1435 1130 η’
1465 1057 1828 1129 ῒνδικτιῶνος,

166 1145 198 1211 ἦ
259 1151 365 1212 τῆς
417 1144 744 1217 Ἐκκλησίας
790 1146 1010 1222 γέγονεν
1075 1143 1288 1221 ἔνωσις,
1349 1148 1656 1213 ἑνωθέντων
1716 1153 1824 1202 τῶν

168 1229 580 1310 διαφερομένων
643 1235 1068 1312 μητροπολιτῶν
1125 1259 1184 1292 τε
1239 1238 1328 1292 καὶ
1377 1236 1659 1313 κληρικῶν
1715 1243 1824 1292 τῶν

164 1321 272 1376 ἀπὸ
330 1322 607 1378 Νικολάου
640 1325 990 1401 πατριάρχου
1047 1329 1134 1381 καὶ
1196 1327 1475 1400 Εὐθυμίου
1508 1324 1825 1401 διεσχισμί-

162 1432 296 1466 νων.
355 1412 419 1468 Ὀ
479 1411 535 1466 δὲ
591 1412 848 1486 βασιλεὺς
899 1417 1178 1488 Ῥωμανὸς
1241 1416 1464 1490 ἐξορίζει
1520 1417 1612 1470 τὸν
1666 1416 1824 1488 μάγι-

166 1519 327 1575 στρον
379 1502 647 1578 Στέφανον
682 1503 760 1564 εἰς
790 1504 889 1571 τὴν
941 1506 1259 1578 Ἀντιγόνου
1290 1508 1450 1573 νῆσον
1486 1505 1561 1566 ὡς
1591 1511 1690 1575 τῆς
1727 1506 1822 1579 βα-

165 1590 374 1652 σιλείας
405 1594 555 1666 τάχα
610 1592 1004 1669 ὀριγνώμενον,
1065 1595 1156 1650 καὶ
1219 1597 1463 1670 μοναχὸν
1518 1595 1821 1670 ἀποκείρει,

167 1679 257 1734 σὺν
295 1680 444 1753 αὐτῷ
473 1679 531 1736 δὲ
561 1681 650 1736 καὶ
684 1685 961 1757 Θεοφάνην
1002 1684 1094 1739 τὸν
1141 1686 1483 1759 Τειχιώτην,
1531 1687 1618 1739 καὶ
1681 1683 1822 1739 Παῦ-

166 1768 264 1823 λον
296 1770 389 1824 τὸν
424 1769 856 1848 όρφανοτρόφον,
887 1772 1016 1836 τοὺς
1045 1773 1408 1828 οἰκειοτάτους
1441 1775 1611 1845 αὐτῷ.
1672 1774 1820 1846 Ηρό-

1941 620 2107 682 terat,
2143 617 2368 672 occulte
2399 622 2593 671 autem
2625 633 2774 688 aegre
2807 617 3026 672 ferente
3077 624 3134 672 et
3182 634 3349 673 suam
3386 619 3592 691 deplo-

1940 711 2106 760 rante
2137 721 2336 760 secum
2369 705 2786 761 calamitatem.
2820 709 2898 761 Ac
2949 705 3056 761 soli
3105 707 3222 762 duo
3279 706 3377 763 isti
3431 710 3589 766 eain

1937 811 2154 866 pompa
2168 794 2754 866 processerunt.Ju1io
2785 795 3338 863 mense,indictione
3360 803 3588 866 octava,

1937 883 2009 937 ad
2043 884 2415 939 concordiam
2451 884 2748 938 redierunt
2777 884 3155 955 metropolita:
3177 889 3234 939 et
3262 884 3589 954 clerici,Ni-

1939 971 2085 1026 colai
2115 978 2174 1027 et
2212 971 2506 1045 Euthymii
2558 972 3024 1043 patriarcharum
3076 990 3252 1028 causa
3303 974 3589 1031 hactenus

1939 1059 2530 1130 disjuncti.Ca:terum
2560 1063 2851 1116 Romanus
2873 1061 3191 1132 imperator
3219 1063 3586 1135 Stephanum

1938 1150 2291 1221 magistrum
2325 1150 2383 1204 in
2414 1149 2692 1222 Antigoni
2742 1149 3003 1206 insulam
3057 1151 3296 1224 relegat,
3351 1152 3588 1223 imperii

1937 1238 2188 1293 affectati
2219 1245 2585 1310 suspectum,
2621 1243 2677 1294 et
2709 1238 3064 1294 monachum
3097 1240 3257 1307 facit,
3288 1245 3500 1296 etcum
3520 1257 3587 1296 eo

1936 1328 2352 1399 Theophanem
2386 1326 2746 1382 Teichiotam
2779 1333 2836 1383 et
2880 1328 3127 1383 Paulum
3186 1329 3582 1401 Orphanotro-

1936 1416 2275 1488 phum,ejus
2300 1417 2713 1471 intimos.Cum
2748 1431 3070 1487 procensus
3108 1418 3272 1473 ﬁeret
3301 1417 3359 1472 in
3390 1417 3582 1472 tribu-

1935 1505 2354 1575 nalio,insidiis
2375 1504 2987 1576 delatisimperatores
3002 1507 3198 1562 subito
3213 1507 3273 1561 in
3298 1506 3583 1577 palatium

1933 1595 2482 1650 ubiverunt.Earum
2517 1594 2669 1665 capti
2701 1600 2971 1650 auctores
2999 1595 3278 1650 Arsenius
3305 1595 3588 1666 patricius

1932 1689 1988 1738 et
2016 1683 2227 1739 Paulus
2251 1682 2616 1754 manglabita
2648 1700 2662 1737 :
2697 1683 2849 1737 oculi
2896 1684 2969 1738 iis
3016 1683 3214 1739 effossi
3253 1689 3311 1739 et
3341 1684 3584 1756 relegati

1934 1774 2257 1842 sunt,bona
2285 1788 2487 1827 eorum
2521 1771 3062 1843 publicata.Eodem
3097 1789 3251 1827 anno
3283 1773 3585 1830 Romanus

166 1857 362 1912 κὲνσου
403 1856 463 1913 δὲ
521 1860 818 1934 γινομένου
875 1860 926 1916 ἐν
982 1867 1063 1933 τῷ
1115 1857 1504 1936 τριϐουναλίῳ,
1555 1859 1806 1939 αἰφνίδιοη

1935 1863 2115 1917 ﬁliam
2149 1877 2317 1916 suam
2365 1861 2651 1931 Agatham
2713 1861 2772 1916 in
2832 1862 3278 1916 matrimonium
3337 1861 3585 1919 collocat

163 1948 211 2000 οἱ
247 1946 499 2021 βασιλεῖς
557 1948 636 2012 εἰς
689 1949 752 2004 τὸ
804 1947 1071 2004 παλάτιον
1129 1951 1554 2029 ὑποστρέφουσιν
1596 1946 1821 2006 ἐπιϐου-

164 2032 266 2103 λῆς
333 2036 670 2108 μηνυθείσης
703 2037 907 2100 αὐτοῖς’
957 2040 1372 2114 κατασχεθέντες
1404 2037 1461 2094 δὲ
1493 2040 1543 2093 οἱ
1575 2038 1820 2116 ἔξαρχοι,

1933 1951 2108 2007 Leoni
2141 1950 2344 2022 Argyri
2376 1949 2515 2018 ﬁlio,
2545 1951 2668 2005 viro
2707 1965 2990 2020 generoso
3040 1967 3106 2005 ac
3157 1951 3418 2022 corporis
3447 1951 3580 2023 pul-

1933 2039 2267 2096 chritudine
2297 2044 2351 2095 et
2383 2039 2695 2110 prudentia
2726 2038 3048 2110 praestanti.

161 2124 189 2178 δ
245 2145 308 2178 τε
355 2126 644 2200 πατρίκιος
712 2127 990 2202 Ἀρσένιος
1049 2129 1137 2184 καὶ
1198 2129 1226 2183 6
1283 2125 1662 2204 μαγκλαὸίτης
1708 2129 1944 2198 Παῦλος,
1997 2127 2367 2206 τυφλωθέντες
2421 2129 2509 2181 καὶ
2567 2125 2919 2198 δημευθέντες
2969 2125 3358 2198 ἐξωρίσθησαν.
3418 2126 3583 2202 Ἠγά·

162 2233 283 2284 γετο
345 2212 407 2269 δὲ
460 2215 640 2287 τούτῳ
693 2221 774 2286 τῷ
831 2212 936 2271 ἔτει
978 2219 1066 2272 καὶ
1119 2213 1364 2294 γαμϐρὸν
1424 2217 1511 2273 ἐπὶ
1569 2222 1638 2292 τῇ
1697 2219 1860 2274 αὐτοῦ
1918 2219 2138 2294 θυγατρὶ
2201 2217 2404 2290 Ἀγάθῃ
2459 2216 2741 2288 Ῥωμανός
2798 2216 2826 2270 6
2900 2213 3156 2290 βασιλεὺς
3227 2216 3428 2270 Λὲοντα
3489 2216 3582 2270 τὸν

158 2305 252 2353 τοῦ
312 2302 607 2376 ’Δργυροῦ,
663 2300 827 2378 ἄνδρα
893 2311 1135 2380 γενναῖον
1187 2306 1275 2361 καὶ
1334 2304 1531 2361 κάλλει
1593 2307 1845 2380 σώματος
1899 2307 1990 2361 καὶ
2050 2303 2167 2376 ἰδίᾳ
2226 2304 2616 2381 ὑπερφέροντα,
2675 2304 2882 2358 συνέσει
2935 2323 2994 2358 τε
3042 2304 3134 2359 καὶ
3165 2305 3424 2380 φρονήσει
3452 2323 3583 2359 κοσ-

167 2410 271 2459 μου
280 2411 464 2462 μενον.

229 2479 487 2555 Ἐγένετο
536 2478 594 2536 δὲ
642 2480 695 2537 ἐν
726 2487 809 2555 τῷ
857 2484 1008 2555 αὐτῷ
1057 2483 1242 2559 χρόνῳ
1290 2486 1378 2539 καὶ
1431 2486 1500 2540 τά
1529 2487 1666 2540 κατά
1720 2486 1810 2541 τὸν

163 2569 488 2625 Ῥεντάκιον.
539 2569 713 2632 Οὗτος
763 2569 814 2641 ἐξ
865 2569 1133 2634 Ἑλλάδος
1183 2571 1518 2646 ὡρμημένος
1547 2575 1636 2628 τὸν
1692 2575 1813 2628 ὲαυ·

162 2662 257 2709 τνῦ
304 2660 604 2731 γεννήτορα
634 2659 985 2735 ἐπεχείρησεν
1043 2660 1274 2716 ἀνελεῖν.
1327 2659 1526 2724 Δεδιὼς
1587 2661 1628 2718 δ’
1675 2662 1812 2718 ἐκεῖ·

161 2767 253 2806 νος
285 2748 388 2815 τήν
415 2745 513 2801 τοῦ
542 2749 663 2802 υἱοῦ
706 2748 946 2819 ἀταξίαν,
977 2748 1178 2805 πλοίου
1231 2746 1422 2812 ἐπιϐὰς
1478 2748 1632 2806 ἔπλει
1675 2752 1813 2826 πρὸς

159 2836 218 2888 τὸ
277 2837 569 2904 Βυζάντιον
630 2837 706 2898 ὡς
757 2839 901 2913 τάχα
982 2843 1082 2893 τοῦ
1143 2837 1421 2914 βασιλέως
1479 2836 1809 2913 δεησόμενος

164 2922 439 2992 ἀνακοπὴν
467 2926 710 2998 γενέσθαι
741 2933 841 2994 τῆς
869 2931 965 2980 τοῦ
1022 2928 1142 2981 υἱοῦ
1185 2926 1554 2992 ἀπαιδευσίας.
1616 2930 1810 2986 Ἀνιὼν

162 3008 214 3063 δὲ
239 3013 545 3086 κατεσχέθη
579 3015 726 3089 παρὰ
769 3019 877 3068 τῶν
907 3021 1229 3089 Σαρακηνῶν
1260 3018 1367 3072 τῶν
1402 3016 1454 3072 ἐν
1485 3021 1553 3091 τῇ
1602 3019 1806 3093 Κρήτῃ.

161 3100 216 3155 Ὀ
282 3098 342 3154 δὲ
402 3101 602 3156 τούτου
659 3103 775 3164 υἱὸς
826 3104 1142 3178 ὑποχείριον
1202 3101 1346 3180 ἔχων
1403 3107 1497 3162 τὸν
1553 3111 1805 3180 πατρῷον

162 3187 424 3256 πλοῦτον,
481 3189 719 3247 ἀνελθὼν
785 3194 901 3263 μετ’
955 3195 1124 3248 αὑτοῦ
1169 3193 1244 3256 εἷς
1267 3195 1367 3263 τὴν
1405 3192 1804 3269 μεγαλόπολιν,

159 3276 230 3347 τῷ
260 3279 400 3348 θείῳ
427 3278 639 3350 τεμένει
701 3282 798 3348 τῆς
855 3285 952 3336 τοῦ
981 3286 1116 3337 Θεοῦ
1175 3283 1382 3359 Σοφίας
1437 3281 1802 3358 προσέδραμε.

1996 2487 2116 2542 Sub
2133 2486 2286 2541 idem
2303 2490 2538 2556 tempus
2551 2485 2867 2540 Rentacius
2883 2483 3569 2549 nationeGraacus,suum

1924 2586 2148 2648 patrem
2180 2575 2506 2630 interficere
2551 2591 2683 2629 cum
2743 2578 3071 2639 conaretur,
3127 2580 3290 2644 paler
3336 2572 3441 2628 ﬁlii
3473 2572 3568 2628 in-

1920 2666 2264 2737 temperiem
2297 2670 2566 2720 metuens
2596 2679 2918 2718 conscenso
2957 2663 3188 2734 navigio
3219 2661 3566 2734 Bysantium

1921 2771 2124 2810 versus
2149 2753 2544 2826 navigavit,ab
2576 2754 2924 2824 imperatore
2951 2753 3246 2825 petiturus
3278 2759 3343 2806 ut
3373 2751 3476 2806 ﬁlii
3499 2751 3568 2806 li-

1918 2843 2180 2899 bidinem
2208 2844 2360 2900 298
2393 2847 2789 2914 compesceret
2817 2859 2832 2910 ;
2863 2846 3068 2912 estque
3114 2857 3148 2895 a
3195 2840 3572 2896 Cretensibus

1918 2933 2222 2988 Saracenis
2244 2936 2471 3003 captus.
2506 2930 2688 2986 Filius
2714 2935 3091 3001 paternarum
3121 2945 3300 3000 opum
3332 2945 3572 3001 compos

1919 3023 2104 3076 factus
2141 3037 2274 3077 cum
2305 3021 2377 3075 iis
2409 3037 2472 3076 se
2501 3018 2706 3091 Cpolin
2739 3019 2990 3075 contulit
3019 3020 3091 3074 ad
3125 3018 3357 3089 Saphiaa
3417 3023 3567 3074 tem-

1918 3110 2080 3180 plum
2106 3127 2118 3164 :
2154 3110 2352 3180 ibique
2382 3109 2658 3165 desidens
2690 3114 2932 3180 paterna
2951 3108 3104 3163 bona
3134 3107 3423 3179 prodegit.
3456 3109 3568 3163 Bo-

1917 3215 2130 3253 manus
2162 3215 2224 3254 re
2254 3203 2552 3269 comperta
2582 3199 2800 3268 templo
2841 3214 2976 3252 eum
3009 3197 3252 3252 educere
3300 3201 3357 3251 et
3384 3195 3566 3251 casti-

1917 3304 2052 3359 gare
2091 3288 2362 3344 intendit.
2407 3288 2566 3353 Quod
2618 3286 2931 3342 Rentacius
2992 3301 3124 3341 cum
3184 3285 3566 3340 subodorare-

159 3365 245 3418 xiv
275 3366 463 3436 τούτῳ
512 3370 960 3440 προσκαθήμενος
1018 3371 1116 3438 τήν
1174 3372 1441 3444 πατρικὴν
1499 3373 1806 3436 κατεσπάθα

1921 3348 2032 3444 tur,
2065 3376 2274 3432 litteris
2305 3378 2377 3432 ab
2417 3348 2765 3448 imperatore
2817 3376 2888 3430 ad
2938 3375 3268 3430 Simeonem
3298 3373 3565 3429 conﬁctis

161 3454 364 3510 οὐσίαν.
426 3454 545 3511 Οὐκ
596 3453 754 3520 ἔλαθε
779 3455 942 3512 τοῦτο
972 3460 1064 3513 τὸν
1097 3459 1394 3533 Ῥωμανὸν,
1450 3458 1597 3516 ἀλλὰ
1641 3460 1802 3537 γνοὺς

159 3537 524 3596 ὶεουλεύσατο
608 3543 881 3618 ἐξαγαγεῖν
957 3551 1147 3602 τοῦτον
1220 3555 1321 3616 τῆς
1377 3546 1669 3620 ἐκκλησίας
1711 3550 1799 3604 καὶ

1912 3466 1982 3519 ad
2045 3465 2326 3537 Bulgaros
2384 3467 2753 3536 transfugere
2808 3464 3087 3529 instituit,
3141 3462 3563 3534 convictusque

1911 3553 2175 3610 criminis
2205 3553 2390 3609 oculis
2418 3559 2508 3609 est
2543 3559 2600 3608 et
2628 3554 2797 3608 bonis
2827 3552 3132 3623 spoliatus.

157 3629 464 3686 παιδεῦσαυ
519 3632 574 3685 e0
633 3631 690 3687 δὲ
760 3632 1141 3710 πληροφορίαν
1206 3638 1379 3712 σγὼν,
1445 3635 1701 3711 βασιλικὰ
1756 3635 2106 3712 πλασάμενος
2158 3642 2452 3716 γράμματα
2506 3641 2579 3701 ὡς
2638 3637 2795 3708 δῆθεν
2847 3637 3220 3716 ἐκπεμφθέντα
3273 3639 3412 3711 πρὸς
3461 3638 3554 3694 τὸν

154 3720 404 3791 Σομὼν,
462 3719 864 3793 αὐτομολήσειν
914 3718 1273 3780 ἐϐουλεύσατο
1329 3726 1465 3800 πρὸς
1517 3727 1646 3788 τοὺς
1679 3725 2038 3803 βουλγάρους.
2067 3730 2166 3784 Καὶ
2197 3728 2483 3804 ἐλεγχθεὶς
2509 3731 2608 3797 τῆς
2646 3749 2706 3783 τε
2735 3728 2919 3789 οὐσίας
2947 3727 3039 3782 καὶ
3088 3731 3194 3781 τῶν
3254 3725 3556 3803 ὀφθαλμῶν

152 3828 294 3862 πεοε
304 3828 412 3861 ιται
422 3851 436 3864 .

211 3900 291 3970 [Ρ.
325 3898 459 3969 620]
504 3895 869 3973 ’Λδραλὲστου
901 3898 957 3955 δε
984 3905 1082 3956 τοῦ
1136 3899 1458 3976 δομεστίκου
1503 3909 1609 3958 τῶν
1661 3925 1796 3981 σχο-

149 3983 250 4038 λῶν
311 3987 685 4049 ἀποθανόντος
718 4035 734 4060 ,
800 3985 1123 4065 προεϐλήθη
1186 3993 1361 4055 Πόθος
1417 3994 1446 4048 6
1502 3993 1793 4069 Ἀργυρός.

151 4077 238 4130 [αἱ
276 4082 390 4130 τῶν
453 4077 785 4155 Βουλγάρων
845 4079 977 4156 ἄχρι
1032 4086 1140 4136 τῶν
1203 4089 1557 4155 Κατασυρτῶν
1612 4084 1794 4155 ἐξελα-

151 4167 350 4220 σάντων
413 4164 576 4236 ἔξεισι
629 4169 718 4222 καὶ
775 4168 934 4232 αὐτὸς
999 4171 1134 4242 μετὰ
1189 4176 1296 4227 τῶν
1322 4175 1642 4248 ταγμάτων,
1699 4176 1788 4230 καὶ

147 4259 476 4323 κπασκηνοῖ
515 4259 650 4311 κατὰ
693 4259 794 4326 τὴν
842 4257 1149 4334 λεγομένην
1196 4261 1566 4336 Θερμόπολιν.
1614 4266 1789 4320 Ἐκεῖ-

149 4343 221 4396 θεν
280 4340 343 4397 δὶ
408 4344 646 4419 Μιχαὴλ
721 4351 1120 4425 ταγματάρχην
1197 4351 1290 4406 τὸν
1349 4356 1446 4406 τοῦ
1500 4352 1789 4427 πατρικίου

153 4430 546 4516 μωρολὲοντος
578 4433 694 4487 υἱὸν
751 4436 840 4490 ἐπὶ
895 4440 1244 4509 κατασκοπὴν
1297 4443 1406 4494 τῶν
1466 4439 1790 4516 Βουλγάρων

148 4515 429 4592 ἐκπέμπει.
491 4521 550 4579 Ὁ
608 4518 666 4576 δὲ
723 4523 1048 4600 ἀπροόπτως
1103 4533 1223 4591 ταῖς
1283 4515 1641 4603 βαρϐαρικαῖς
1690 4529 1787 4604 ἰμ-

145 4611 308 4662 τεσὼν
354 4607 616 4684 ἐνέδραις,
667 4610 885 4688 ἐπείπερ
939 4614 1148 4692 ἄφυκτα
1197 4618 1288 4686 ἦν,
1345 4616 1594 4692 τρέπεται
1650 4620 1789 4693 πρὸς

147 4695 334 4766 ἀλκὴν,
389 4698 483 4752 καὶ
543 4698 793 4763 πολλοὺς
857 4708 964 4758 τῶν
1038 4704 1372 4781 Βουλγάρων
1429 4705 1636 4762 ἀνελὼν
1695 4707 1785 4762 καὶ

1979 3909 2207 3964 Mortuo
2238 3908 2543 3964 Adralesto
2593 3906 2925 3962 scholarum
2973 3906 3296 3961 domestico
3330 3906 3554 3962 Pothus

1905 4001 2166 4069 Argyrus
2197 3997 2594 4065 sufﬁcitur.ls,
2616 3994 2880 4067 Bulgaris
2913 3994 3237 4065 grassando
3269 4010 3458 4066 usque
3481 3995 3551 4049 ad

1903 4089 2205 4159 Catasyrta
2252 4085 2595 4158 progressis,
2666 4084 2865 4156 copias
2907 4087 3114 4139 contra
3159 4100 3259 4139 eos
3309 4083 3546 4151 educit;

1903 4177 2150 4248 custrisq
2162 4193 2230 4231 ue
2243 4177 2313 4230 ad
2328 4173 2740 4246 Thermopolin
2757 4173 2962 4245 positis
2977 4171 3130 4228 Mich
3140 4172 3334 4228 aelum
3350 4172 3555 4228 cohor-

1900 4265 1977 4320 tis
2017 4267 2379 4336 pra-fectum,
2413 4263 2644 4336 patricii
2675 4261 3031 4318 Moroleonis
3075 4261 3287 4326 ﬁlium,
3338 4277 3550 4332 specu-

1897 4351 2083 4408 latum
2115 4354 2349 4409 emittit.
2381 4353 2510 4421 Qui,
2558 4352 2875 4424 improviso
2932 4350 2992 4406 in
3049 4349 3390 4406 barbaricas
3446 4352 3548 4406 de-

1897 4441 2101 4514 lapsus
2148 4443 2418 4510 insidias,
2469 4458 2603 4497 cum
2656 4443 2803 4513 fugae
2855 4439 3020 4495 locus
3069 4455 3189 4494 non
3219 4443 3394 4506 esset,
3427 4438 3547 4496 vim

1898 4537 2104 4603 parat;
2139 4532 2463 4603 multisque
2507 4530 2773 4601 Bulgaris
2819 4527 3062 4599 dejectis
3095 4544 3161 4583 ac
3213 4526 3417 4600 pulsis,
3449 4545 3548 4584 ac-

1898 4625 2064 4691 cepto
2101 4619 2306 4675 lethali
2354 4619 2613 4685 vulnere,
2645 4618 2846 4689 Cpolin
2899 4618 3053 4672 redit
3095 4617 3386 4689 pauloque
3415 4620 3551 4688 post

1897 4709 2170 4764 moritur.
2203 4710 2367 4764 Tunc
2425 4713 2484 4764 et
2540 4709 2806 4764 Romano
2839 4708 3077 4763 detectae
3135 4715 3273 4762 sunt
3324 4704 3550 4760 insidias

145 4787 500 4858 τρεψάμενος,
557 4790 769 4862 καιρίαν
827 4789 886 4847 δὲ
938 4795 1125 4856 τυπεὶς
1154 4795 1243 4849 καὶ
1287 4793 1466 4864 αὐτός,
1525 4795 1786 4865 ἐπανῆκεν

1921 4814 2042 4868 [uas
2064 4798 2174 4868 ipsi
2207 4797 2550 4854 sacellarius
2572 4795 2924 4852 Anastasius
2945 4794 3548 4860 struxerat,nimirum

145 4873 206 4935 εἷς
233 4878 339 4943 τήν
402 4875 657 4950 βασιλίδα
700 4879 791 4934 καὶ
839 4882 971 4954 μετὰ
1005 4883 1199 4958 μικρὸν
1256 4883 1596 4954 ἐνελεότησε.
1655 4888 1796 4943 Τότε

146 4961 192 5017 εξ
217 4965 308 5019 καὶ
364 4971 444 5036 τῷ
504 4967 722 5040 βασιλεῖ
763 4970 1029 5044 Ῥωμανῷ
1085 4967 1356 5043 ἐπιϐουλή
1395 4973 1654 5046 μηνύεται
1681 4961 1798 5031 κατ’

144 5053 324 5116 αἰτοῖ»,
354 5056 667 5126 προστάτην
701 5054 906 5132 ἔχουσα
932 5061 1027 5116 τὸν
1055 5059 1416 5138 σακελλάριον
1451 5063 1567 5135 (66)
1635 5067 1801 5119 Ἀνα-

1905 4903 2010 4959 pro
2041 4887 2424 4942 Constantino
2449 4902 2850 4958 propugnans.
2903 4885 3122 4939 Harum
3171 4885 3438 4938 auctores
3482 4897 3550 4936 ac

1909 4976 2176 5032 conscios
2206 4992 2312 5030 suo
2351 4990 2646 5046 quemque
2678 4975 2966 5028 arbitratu
3009 4975 3306 5026 Romanus
3335 4966 3548 5037 puniit,

1908 5065 2218 5122 Anastasio
2253 5063 2537 5120 monacho
2569 5064 2739 5119 facto.
2763 5059 3326 5127 Constantinumque
3345 5053 3550 5110 exinde

1333 5256 1706 5315 XYLANDRI
1748 5260 1836 5316 ET
1878 5259 2096 5317 GOARI
2137 5259 2365 5316 NOT/E.

146 5417 246 5502 ubi.
291 5421 729 5502 P.uriﬁca_t_ionis_
781 5423 937 5502 diem
993 5427 1457 5502 interpretatur,
1490 5428 1620 5499 qui,
1679 5446 1784 5485 ceu

147 5493 503 5572 notissimus,
518 5493 671 5549 Theo
676 5494 750 5572 ph
760 5498 1028 5572 aniorum
1051 5493 1180 5555 esse
1199 5493 1583 5572 dignoscitur.
1602 5493 1782 5557 Com.

147 5628 176 5640 ,ι
204 5563 316 5634 (65).
345 5566 649 5619 Obscurus
676 5563 862 5621 locus.
897 5568 1062 5625 Forte
1092 5563 1468 5629 Constantino
1498 5574 1658 5628 domi
1689 5591 1783 5629 re-

147 5643 270 5716 licto
301 5643 360 5690 et
390 5643 592 5708 spreto
621 5640 920 5695 Romanus
950 5659 1084 5716 cum
1115 5643 1258 5711 ﬁlio,
1294 5650 1494 5716 utpote
1523 5644 1782 5715 impera-

148 5705 308 5775 tores,
366 5705 600 5764 sacram
659 5725 934 5784 pompam
989 5705 1301 5772 duxerunt.
1361 5705 1438 5772 De
1493 5705 1783 5788 proéensu

1895 5431 2056 5486 alibi.
2091 5427 2498 5485 Tribunalium
2531 5426 2695 5482 locus
2725 5426 3038 5482 tribunalis
3062 5423 3310 5478 videtur.
3343 5422 3485 5476 ΧΠ..

1965 5503 2079 5570 (66)
2109 5503 2291 5564 Quem
2337 5498 2599 5555 thesauri
2643 5500 2981 5571 praefectum
3015 5491 3540 5571 et_custo_dem_su_b

1893 5563 2199 5644 logothetaa
2222 5572 2610 5644 dispositione
2641 5563 3218 5644 positumiexistimo.
3253 5563 3543 5622 Pancirol-

1891 5641 1986 5700 lus
2017 5647 2074 5698 in
2106 5645 2283 5700 Notit.
2321 5641 2534 5714 imper.
2569 5641 2749 5714 Οιιζρἶ
2777 5644 2864 5698 47.
2898 5641 3142 5714 Lexioon
3174 5651 3535 5714 an_onymum

1891 5716 2257 5776 bibliothecae
2287 5709 2475 5789 Regi-ae
2506 5732 2521 5771 :
2556 5711 2858 5770 Σακέλλιον
2895 5711 3205 5786 βαλάντιον.
3228 5709 3410 5766 Gom.
