4036 6330
445 346 517 404 εί
1801 350 2117 412 GEORGII
2162 349 2504 411 CEDHENI
3767 351 3855 409 32

445 480 746 536 detrusum
776 482 1034 538 secundo
1065 482 1282 551 loco,se
1313 486 1508 556 priore
1540 490 1953 558 imperatorem
1973 484 2089 539 dici
2120 488 2174 553 Α
2204 483 2417 536 στάσιον
2454 524 2467 549 ,

438 570 1013 639 jussit,pra3tendens
1044 571 1195 627 hanc
1216 590 1391 628 unam
1421 575 1572 629 299
1596 574 2089 630 esseinsidiarum

444 660 892 713 evertendarum
927 660 1236 716 rationem.
1274 666 1360 717 lta
1392 665 1465 718 ob
1499 681 1590 717 res
1622 665 1805 718 ﬂuxas
1865 672 1921 718 et
1977 663 2092 716 im-

445 744 672 814 perium
707 749 995 803 caducum
1032 748 1329 804 Romanus
1358 752 1599 822 perjurii
1639 770 1701 806 se
1732 751 2009 823 obligavit
2038 756 2095 805 et

445 850 478 886 a
515 835 625 889 Deo
658 837 1027 892 abalienavit.
1066 839 1164 893 Hic
1196 847 1320 895 erat
1352 858 1546 896 rerum
1586 841 1945 896 urbanarum
1978 847 2093 895 sta-

442 925 562 979 tus.

2530 482 2662 553 ὑπὲρ
2712 486 2809 536 τοῦ
2870 480 3135 556 βασιλέως
3193 478 3349 550 δῆθεν
3400 480 3803 555 ἀγωνιζόμενον
3836 502 3852 514 ·

2203 572 2291 624 καὶ
2338 576 2443 625 τῶν
2476 569 2662 624 αἶτίων
2723 572 3095 643 συσχεθέντων
3129 567 3353 633 ἕκαστος
3406 570 3541 624 κατά
3577 571 3639 624 τὸ
3692 568 3859 640 δόξαν

2203 659 2521 732 ἐτιμωρήθη
2582 664 2660 730 τῷ
2713 658 2929 733 βασιλεῖ
2986 658 3253 731 Ῥωμανῷ
3327 664 3424 713 τοῦ
3500 658 3858 714 Ἀναστασίου

2202 748 2566 821 ἀποκαρέντος
2600 754 2870 823 μοναχοῦ.
2907 750 2993 818 Ἐξ
3025 750 3092 816 ἧς
3124 748 3298 810 αἰτίας
3349 749 3438 803 xui
3486 750 3513 801 6
3566 751 3859 804 Κωνσταν-

2200 844 2349 899 τῖνος
2384 832 2788 905 ὑποϐιϐάζεται,
2842 839 2932 891 καὶ
2990 836 3234 913 δεύτερος
3285 837 3640 913 ἀνηγορεύετο
3693 838 3859 912 βασι-

2204 926 2351 996 λεὺς,
2383 931 2599 1001 πρῶτος
2630 924 2687 981 δὲ
2718 929 2746 981 6
2784 928 3079 999 Ῥωμανὸς,
3139 926 3614 1001 προφασισάμενος
3672 926 3858 987 οὕτως

457 1013 637 1083 μόνως
694 1010 916 1068 δυνατὸν
973 1015 1102 1068 εἶναι
1152 1020 1569 1087 κατευνασθῇαι
1625 1018 1721 1080 τὰς
1776 1011 2092 1087 ἐπιϐουλὰς,
2155 1013 2243 1071 διά
2297 1037 2357 1071 τε
2419 1017 2717 1090 πράγματα
2773 1016 3074 1089 πρόσκαιρα
3127 1016 3215 1070 καὶ
3276 1015 3554 1091 βασιλείαν
3606 1017 3858 1093 φθαρτὴν

445 1103 536 1157 καὶ
591 1094 848 1176 ἐπίκηρον
906 1102 1156 1177 ἐπιορκίᾳ
1209 1108 1513 1180 περιπεσὼν
1565 1107 1653 1161 καὶ
1713 1111 1803 1161 τοῦ
1855 1110 1988 1161 Θεοῦ
2044 1104 2336 1180 γενόμενος
2404 1108 2667 1177 μήκοθεν.
2731 1105 2828 1158 Καὶ
2886 1104 2952 1158 τά
3002 1105 3096 1177 μὲν
3148 1105 3282 1159 κατὰ
3310 1105 3409 1172 τήν
3440 1103 3599 1158 πόλιν
3632 1102 3860 1180 ἐφέρετο

442 1189 593 1265 τῇδε.

514 1284 587 1336 At
631 1282 865 1336 Simeon
917 1282 1128 1338 iterum
1196 1302 1475 1355 magnum
1527 1293 1731 1343 contra
1798 1292 2092 1342 Romanos

447 1370 667 1425 emittit
698 1372 1037 1441 exercitum,
1074 1374 1220 1427 duce
1241 1374 1659 1447 Chagano,uno
1690 1392 1933 1431 suorum
1966 1391 2093 1444 pro-

447 1476 671 1525 cerum,
705 1464 761 1514 et
789 1461 996 1514 Minico
1028 1463 1377 1531 equisonum
1414 1466 1701 1537 principe;
1737 1464 2093 1534 mandatque

448 1554 512 1602 ut
543 1556 695 1602 recta
727 1551 795 1602 ad
829 1551 1029 1603 urbem
1063 1554 1766 1617 contendantJtomanus,
1793 1554 1863 1607 de
1892 1568 2092 1607 eorum

445 1637 693 1691 adventu
724 1636 938 1691 certior
970 1640 1580 1714 factus,metuensque
1612 1659 1683 1698 ne
1714 1644 1751 1697 ii
1787 1641 2099 1713 pulcherri-

445 1742 542 1780 ma
574 1726 701 1779 urbi
734 1728 1194 1798 prepinquorum
1231 1730 1492 1785 locorum
1523 1732 1738 1802 palatia
1768 1738 1823 1786 et
1854 1730 2098 1785 aedificia

2271 1284 2331 1339 Ὁ
2381 1280 2438 1337 δὶ
2489 1283 2713 1355 Συμεὼν
2786 1280 2950 1337 πάλιν
3016 1280 3242 1355 δύναμιν
3308 1283 3523 1357 βαρεῖαν
3584 1280 3860 1353 ἆκπέμπει

2200 1374 2335 1426 κατὰ
2364 1371 2673 1443 Ῥωμαίων,
2718 1367 2945 1447 ἔξαρχον
2997 1368 3227 1447 ἔχουσαν
3274 1372 3537 1447 Χαγάνον,
3596 1368 3689 1425 ἕνα
3737 1375 3856 1424 τῶν

2203 1462 2326 1535 παρ’
2358 1460 2503 1532 αὐτῴ
2537 1461 2671 1535 μέγα
2704 1457 3038 1531 δυναμένων,
3082 1460 3170 1514 καὶ
3230 1461 3461 1516 Μινικὸν
3518 1464 3625 1513 τῶν
3684 1460 3860 1512 ἱππο-

2202 1550 2388 1621 κόμων
2446 1551 2536 1603 τὸν
2596 1554 2835 1624 πρῶτον,
2896 1552 2979 1613 οἷς
3031 1548 3330 1622 ἐπέσκηψεν
3380 1550 3498 1603 κατ’
3544 1549 3715 1616 αὐτῆς
3775 1548 3860 1607 ὡς

2203 1638 2434 1713 τάχιστα
2488 1646 2588 1706 τῆς
2633 1638 2847 1699 πόλεως
2898 1636 3296 1713 ἐκστρατεῦσαι.
3343 1640 3435 1691 Ὧν
3494 1639 3593 1705 τήν
3652 1633 3855 1712 ἔφοδον

2207 1729 2496 1800 ἀναμαθὼν
2530 1728 2556 1781 ὁ
2595 1726 2849 1800 βασιλεὺς
2880 1727 3183 1799 Ῥωμανὸς,
3225 1728 3314 1781 καὶ
3356 1726 3716 1801 λογισάμενος
3768 1728 3851 1797 μή

444 1815 716 1869 incendio
748 1822 1064 1879 vastarent,
1093 1817 1377 1873 Joannem
1428 1826 1711 1876 rectorem
1744 1836 1875 1875 cum
1913 1820 2093 1873 Leone

2206 1838 2313 1878 πως
2345 1816 2662 1879 ἐπελθόντες
2691 1816 2757 1870 τὰ
2802 1814 3071 1871 κάλλιστα
3125 1821 3233 1870 τῶν
3293 1813 3710 1885 πλησιαζόντων
3770 1818 3851 1887 τῇ

445 1911 499 1958 et
528 1903 709 1958 Potho
736 1905 973 1976 Argyris
1005 1905 1232 1961 obviam
1266 1925 1347 1962 ire
1378 1909 1572 1979 jubet,
1634 1908 1951 1963 exercitum
1985 1909 2088 1961 du-

447 2000 644 2047 centes
699 1992 956 2047 validum
1010 2010 1074 2048 ex
1107 1994 1503 2065 imperatoriis
1561 1997 1979 2053 sodalitatibus
2036 2000 2094 2050 et

448 2081 789 2136 cohortibus
875 2082 1007 2137 aliis
1064 2090 1447 2140 contractum.
1506 2087 1710 2141 Adfuit
1783 2088 1853 2141 iis
1913 2086 2090 2140 etiam

447 2169 684 2225 Alexius
720 2171 1001 2241 patricius
1032 2178 1089 2225 et
1119 2173 1476 2244 drungarius
1510 2176 1587 2231 rei
1623 2175 1869 2242 navalis,
1901 2181 1957 2228 et
1978 2175 2093 2229 Mo-

453 2257 607 2313 seles
642 2274 778 2312 cum
839 2259 982 2314 suis.
1044 2259 1257 2325 Quinta
1308 2262 1677 2333 Jejuniorum
1744 2262 2091 2334 septimana,

452 2345 710 2401 exercitu
726 2347 783 2400 in
810 2346 1051 2417 planitie
1074 2350 1355 2421 Pegarum
1376 2352 1660 2408 instructo
1680 2352 2094 2407 substiterunt.

455 2436 537 2490 Ibi
572 2434 839 2506 Bulgaris
870 2452 933 2491 se
964 2438 1158 2493 subito
1183 2440 1563 2509 prodentibus
1596 2447 1653 2496 et
1681 2441 1932 2496 obscura
1959 2456 2093 2495 cum

450 2525 870 2580 vociferatione
901 2543 965 2581 ac
1000 2543 1213 2598 magno
1246 2531 1467 2600 impetu
1521 2530 1883 2584 irruentibus
1912 2532 2099 2583 rector

445 2612 707 2668 Joannes
743 2615 940 2686 fugam
976 2616 1149 2682 facit;
1179 2633 1244 2670 ac
1264 2618 1546 2688 patricius
1566 2618 1853 2673 Photinus
1871 2618 2096 2688 Latipe-

446 2700 536 2756 dis
569 2700 725 2757 ﬁlius
760 2719 862 2773 pro
896 2720 961 2758 eo
994 2721 1266 2776 pugnans
1318 2705 1537 2778 aliique
1582 2707 1737 2761 haud
1790 2707 1959 2777 pauci
1989 2707 2096 2760 ub-

445 2795 822 2846 truncantur.
856 2796 1062 2847 Rector
1090 2809 1240 2864 aegre
1272 2801 1538 2851 servatus
1570 2797 1628 2850 in
1676 2794 1925 2851 celocem
1958 2812 2094 2849 eva-

447 2877 545 2933 sit.
579 2879 736 2933 Idem
786 2878 971 2935 facere
1015 2880 1215 2937 volens
1263 2882 1500 2937 Alexius
1550 2884 1928 2954 drungarius,
1960 2898 2093 2936 cum

448 2968 764 3022 ascendere
793 2969 1081 3037 nequiret,
1119 2971 1190 3025 de
1222 2970 1396 3026 scalis
1429 2971 1637 3026 celocis
1695 2972 1750 3025 in
1786 2987 1945 3025 mare
1994 2972 2097 3025 de-

457 3055 605 3111 cidit
638 3056 793 3111 800
823 3074 956 3112 cum
986 3075 1093 3113 suo
1126 3062 1659 3131 protomandatore,
1696 3065 1753 3115 et
1782 3061 2099 3115 suffocatus

448 3150 557 3200 est.
592 3146 704 3201 Leo
735 3150 792 3200 et
824 3146 1041 3201 Pothus
1072 3150 1277 3220 Argyri
1308 3150 1366 3204 in
1399 3149 1703 3204 castellum
1748 3151 1885 3216 fuga
1914 3165 1973 3204 se
2006 3165 2093 3203 re-

444 3239 744 3304 ceperunt.
779 3235 1021 3305 Reliqua
1054 3236 1367 3292 multitudo
1417 3238 1628 3309 partim
1680 3238 1938 3293 hostium
1972 3256 2088 3292 ma-

445 3339 555 3376 nus
587 3324 729 3377 dum
760 3325 1013 3395 effugere
1048 3326 1271 3396 volunt,
1339 3327 1397 3380 in
1461 3328 1605 3381 mari
1666 3332 1932 3398 pereunt,
1989 3328 2088 3381 alii

2199 1906 2359 1961 πόλει
2416 1903 2693 1959 παλατίων
2763 1906 2852 1958 καὶ
2913 1905 3228 1978 οἰκημάτων
3288 1902 3691 1980 πυρπολήσωσι
3750 1904 3850 1957 τὸν

2203 1994 2476 2069 ραίκτωρα
2552 1996 2796 2063 Ἰωάννην
2872 1996 2985 2066 ἅμα
3070 1994 3256 2049 Λέοντι
3332 1995 3419 2048 καὶ
3498 1993 3655 2065 Πόθῳ
3726 1998 3853 2055 τοῖς

2201 2085 2489 2159 Ἄργυροῖς
2521 2082 2783 2156 ἐκπέμπει
2821 2085 2955 2156 μετὰ
3017 2081 3269 2153 πλήθους
3327 2083 3514 2137 ἱκανοῦ
3545 2078 3605 2137 ἔκ
3657 2103 3715 2136 τε
3743 2089 3855 2150 τῆς

2206 2171 2494 2248 βασιλικῆς
2529 2172 2787 2244 ἑταιρείας
2838 2170 2927 2226 καί
2982 2177 3091 2226 τῶν
3144 2176 3493 2246 ταγματικῶν
3554 2174 3690 2243 (67),
3758 2173 3851 2233 οἷς

2202 2266 2364 2326 συνῆν
2413 2262 2502 2315 καὶ
2562 2263 2589 2315 6
2641 2262 2928 2335 πατρίκιος
3002 2259 3245 2329 Ἀλέξιος
3318 2261 3408 2314 καὶ
3485 2257 3856 2335 δρουγγάριος

2200 2354 2306 2403 τῶν
2370 2347 2641 2421 πλωΐμῶν
2703 2350 2730 2402 6
2787 2349 3027 2417 ΜωσηΛὶ
3061 2350 3193 2421 μετὰ
3220 2353 3327 2403 τῶν
3363 2349 3450 2402 ὑπ’
3477 2348 3657 2405 αὐτόν.
3694 2348 3854 2402 Κατὰ

2205 2436 2261 2493 δὲ
2316 2440 2413 2507 τήν
2472 2440 2507 2492 ε’
2556 2432 2835 2509 ἑϐδομάδα
2886 2442 2993 2491 τῶν
3050 2442 3323 2506 Νηστειῶν
3373 2434 3711 2506 διατάξαντες
3756 2437 3859 2490 τὸν

2204 2527 2333 2583 λαὸν
2368 2527 2417 2580 ἐν
2448 2533 2565 2587 τοῖς
2594 2523 2837 2588 πεδινοῖς
2866 2530 2975 2580 τῶν
3012 2531 3208 2601 Πηγῶν
3258 2526 3450 2587 τόποις
3488 2525 3852 2600 προσέμενον.

2205 2618 2438 2679 Ἐκεῖθεν
2497 2613 2553 2670 δὲ
2605 2620 2712 2669 τῶν
2773 2614 3100 2691 Βουλγάρων
3160 2616 3532 2693 ἁναφανέντων
3590 2615 3679 2669 καὶ
3739 2614 3853 2689 βοῇ

2204 2705 2566 2780 χρησαμένων
2608 2705 2806 2775 ἀσήμῳ
2855 2705 2945 2758 xui
2994 2700 3243 2780 σφοδρῶς
3298 2702 3672 2758 έπελασάντων
3727 2704 3854 2757 κατ’

2204 2794 2400 2859 αὐτῶν,
2463 2794 2646 2870 φεύγει
2708 2793 2801 2864 μὶν
2864 2793 2891 2846 6
2952 2791 3186 2866 ῥαίκτωρ
3246 2790 3519 2861 Ἰωάννης,
3554 2791 3849 2869 σφάττεται

2205 2881 2261 2937 δὶ
2319 2884 2450 2957 ὑπὲρ
2510 2883 2676 2936 αὐτοῦ
2729 2881 3131 2957 ἀγωνιζόμενος
3190 2878 3461 2943 Φωτεινὸς
3503 2879 3786 2951 πατρίκιος
3821 2881 3856 2934 6

2201 2977 2297 3028 τοῦ
2328 2969 2683 3032 Πλατύποδος
2712 2972 2825 3031 υἱὸς
2855 2971 2942 3024 καὶ
2976 2968 3138 3025 ἄλλοι
3180 2969 3279 3023 οὐκ
3306 2968 3512 3043 ὀλίγοι.
3546 2966 3721 3030 Μόλις
3754 2967 3852 3022 οῦν

2204 3064 2231 3116 6
2292 3061 2528 3135 ῥαίκτωρ
2588 3058 2868 3121 διασωθεὶς
2941 3059 3190 3128 εἰσῆλθεν
3262 3059 3338 3121 είς
3396 3059 3485 3112 τὸν
3538 3056 3798 3133 δρόμωνα
3836 3102 3851 3113 .

2204 3153 2380 3207 Τοῦτο
2429 3150 2519 3203 καὶ
2566 3148 2806 3219 Ἀλέξιος
2863 3150 2890 3203 ὁ
2939 3145 3307 3222 δρουγγάριος
3358 3154 3583 3215 ποιῆσαι
3639 3143 3856 3221 βουλη-

2204 3238 2333 3309 θεὶς,
2366 3238 2454 3292 καὶ
2516 3238 2592 3309 μή
2642 3236 2891 3307 δυνηθεὶς
2937 3234 3205 3303 ἀνελθεῖν,
3255 3234 3307 3290 ἐν
3338 3239 3405 3309 τῇ
3435 3240 3532 3290 τοῦ
3564 3233 3861 3309 δρόμωνος

2202 3322 2479 3401 ὑποϐάθρᾳ
2514 3326 2691 3381 πεσὼν
2720 3324 2771 3379 ὲν
2800 3329 2866 3397 τῇ
2924 3324 3165 3397 θαλάσσῃ
3215 3323 3307 3377 σῦν
3362 3328 3442 3394 τῷ
3475 3326 3642 3379 αὐτοῦ
3698 3344 3862 3397 πρω-

442 3412 594 3465 ferro
627 3416 929 3484 necantur,
955 3414 1195 3484 quidam
1228 3415 1833 3489 capiuntur.Bulgari,
1856 3417 2090 3471 nemine

2206 3413 2577 3488 τομανδάτωρι
2610 3413 2909 3488 ἀπεπνίγη.
2963 3414 3109 3467 Λέων
3166 3411 3222 3467 δὶ
3254 3412 3341 3466 καὶ
3375 3412 3546 3474 Πόθος
3601 3413 3653 3467 οἱ
3710 3414 3857 3486 Ἀρ-

444 3499 812 3571 prohibente,
844 3506 1098 3573 Pegense
1141 3503 1425 3575 palatium
1476 3508 1785 3576 totumque
1843 3504 2087 3560 Stenum

445 3588 715 3644 incendio
744 3597 1000 3645 vastant.

2197 3504 2353 3577 γυροὶ
2412 3503 2463 3558 έν
2512 3502 2590 3575 τῷ
2638 3500 2948 3574 καστελλίῳ
2997 3499 3349 3575 διαφυγόντες
3400 3500 3700 3571 ἐσώθησαν.
3739 3502 3862 3557 Τοῦ

2199 3590 2255 3647 δὶ
2287 3590 2495 3646 λοιποῦ
2529 3591 2778 3662 πλήθους
2812 3591 2863 3645 οἱ
2896 3592 2990 3663 μὶν
3029 3591 3124 3652 τὰς
3169 3589 3277 3644 τῶν
3330 3589 3612 3662 πολεμίων
3661 3595 3860 3665 χεῖρας

444 3675 736 3750 φεύγοντες
766 3677 1153 3752 ἀπεπνίγησαν,
1184 3681 1237 3733 οἱ
1268 3677 1324 3735 δὲ
1354 3678 1581 3755 σιδήρου
1612 3680 1865 3755 γεγόνασι
1898 3680 2301 3756 παρανάλωμα,
2334 3682 2385 3736 οἱ
2419 3678 2475 3735 δὲ
2505 3682 2661 3757 χερσὶ
2724 3676 3079 3756 βαρϐαρικαῖς
3130 3678 3559 3757 συνελήφθησαν.
3605 3681 3689 3753 [Ρ.
3720 3682 3862 3751 621]

442 3766 510 3821 Ui
545 3763 601 3819 δὶ
632 3765 939 3842 Βούλγαροι
970 3769 1105 3823 κατὰ
1136 3768 1354 3839 πολλὴν
1385 3775 1480 3825 τοῦ
1509 3769 1855 3833 κωλύσοντος
1890 3769 2116 3845 ἐρημίαν
2149 3770 2212 3825 τά
2241 3792 2299 3825 τε
2327 3776 2434 3826 τῶν
2468 3773 2667 3845 Πηγῶν
2703 3768 2999 3843 ἐνέπρησαν
3033 3766 3273 3823 παλάτια
3299 3768 3388 3822 καὶ
3414 3770 3549 3822 ἅπαν
3571 3768 3633 3822 τὸ
3656 3767 3862 3821 Στενὸν

446 3851 852 3929 ἐπυρπόλησαν.

518 3946 803 4001 Vicesima
830 3947 1128 4003 Februarii
1163 3949 1278 4019 die,
1323 3950 1641 4006 indictione
1668 3951 1913 4018 decima,
1949 3968 2093 4005 uxor

446 4034 694 4090 Romani
724 4034 1021 4090 Theodora
1052 4037 1299 4093 moritur
1323 4045 1380 4093 et
1402 4039 1459 4093 in
1486 4038 1752 4110 Myrelaao
1785 4038 2090 4110 sepelitur.

443 4127 723 4193 Augusta:
753 4139 961 4177 nomen
997 4125 1208 4180 deinde
1238 4127 1422 4197 gessit
1455 4145 1598 4183 uxor
1626 4127 1954 4182 Christiferi
1986 4129 2093 4183 So-

444 4212 599 4283 phia.
635 4212 798 4266 Tunc
830 4212 1005 4267 etiam
1038 4230 1105 4268 ex
1137 4215 1323 4271 Iberia
1355 4216 1511 4271 venit
1544 4217 1675 4271 Iber
1701 4218 2095 4288 curopalates,

442 4298 866 4371 splendideque
896 4306 1138 4357 ornatus
1172 4321 1275 4375 per
1318 4305 1576 4359 medium
1613 4304 1803 4359 forum
1836 4306 2093 4375 transiit,

2275 3949 2511 4022 Εἷκοστῇ
2574 3946 2629 4002 δὲ
2688 3942 3063 4023 Φεϐρουαρίου
3126 3946 3344 4019 μηνὸς,
3406 3943 3745 4005 ἷνδικτιῶνος
3800 3946 3863 4017 ι’,

2206 4040 2429 4107 θνήσκει
2476 4033 2729 4111 Θεοδώρα
2860 4030 3091 4109 σύμϐιος
3146 4037 3469 4107 Ῥωμανοῦ,
3518 4032 3609 4088 καὶ
3666 4032 3869 4088 θάπτε-

2200 4148 2287 4181 ται
2350 4126 2401 4181 έν
2456 4130 2537 4198 τῷ
2592 4123 2908 4201 Μυρελαίῳ·
2969 4122 3309 4199 ἀνηγορεύθη
3368 4121 3425 4177 δὲ
3476 4122 3763 4197 Αὖγοῦστα
3816 4123 3863 4190 ἡ

2204 4220 2300 4269 τοῦ
2355 4214 2624 4290 βασιλέως
2683 4212 3061 4288 Χριστοφόρου
3120 4213 3253 4288 γυνή
3288 4214 3321 4280 ἡ
3366 4210 3560 4286 Σοφίᾳ.
3622 4210 3866 4283 Ιίαρεγέ-

2207 4325 2324 4358 νετο
2377 4301 2434 4357 δὲ
2483 4303 2571 4357 καὶ
2630 4302 2681 4372 ἐξ
2733 4296 2973 4375 Ἰϐηρίας
3026 4302 3053 4355 6
3111 4298 3530 4374 κουροπαλάτης
3589 4300 3617 4352 6
3672 4293 3867 4370 Ἶϐηρ,

446 4404 512 4445 ac
544 4404 759 4460 magna
788 4406 921 4444 cum
953 4391 1138 4462 gloria
1169 4396 1222 4447 et
1257 4394 1470 4448 honore
1500 4398 1775 4465 exceptus
1803 4400 1910 4449 est.
1946 4395 2093 4449 Eum

2206 4392 2291 4447 xui
2346 4389 2436 4446 διὰ
2493 4392 2662 4464 μέσης
2702 4393 2801 4454 τῆς
2863 4389 3059 4465 ἀγορᾶς
3130 4384 3361 4442 διελθὼν
3427 4384 3863 4459 κεκοσμημένης

446 4478 769 4550 imperator
798 4478 855 4533 in
888 4480 1069 4535 aedem
1109 4482 1335 4552 Sophia;
1382 4482 1561 4549 misit,
1610 4487 1675 4538 ut
1719 4484 1848 4553 ejus
1882 4483 2093 4538 molem

448 4582 515 4622 ac
548 4566 1043 4639 pulchritudinem
1087 4570 1326 4625 videret.
1362 4573 1498 4637 Quai
1550 4573 1599 4627 is
1656 4571 2093 4643 contemplatus

448 4672 663 4728 magna
695 4672 831 4710 cum
861 4658 1547 4730 admiratione,fatusque
1579 4660 1730 4715 hanc
1760 4661 1939 4715 aedem
1963 4677 2093 4716 vere

448 4761 578 4802 esse
628 4744 729 4801 Dei
780 4748 1239 4818 receptaculum,
1296 4749 1538 4803 domum
1590 4749 1783 4804 rediit.
1838 4750 2091 4804 Rursum

448 4834 657 4889 deinde
693 4833 927 4905 Bulgari
967 4834 1353 4907 impressione
1401 4837 1555 4891 facta
1600 4854 1787 4909 usque
1835 4838 1906 4893 ad
1936 4838 2093 4909 pala-

449 4924 600 4979 tium
624 4923 1219 4995 TbeodoraeAugustze
1233 4930 1644 4996 pervenerunt,
1664 4926 1838 4997 idque
1862 4926 2096 4982 nemine

447 5012 797 5067 defendente
828 5020 1251 5070 cremaverunt.
1290 5020 1589 5071 Romanus
1620 5017 1883 5072 convivio
1929 5034 2094 5071 sum-

447 5104 657 5173 ptuose
688 5100 977 5157 instructo
1007 5104 1079 5158 ad
1110 5104 1167 5157 id
1203 5105 1378 5160 duces
1412 5104 1759 5160 militarium
1821 5108 2094 5161 ordinum

452 5189 691 5253 vocavit,
727 5188 994 5261 interque
1027 5192 1131 5246 hos
1164 5193 1480 5248 Sacticium
1516 5195 1774 5249 cohortis
1808 5195 2099 5249 excubito-

443 5292 576 5332 rum
608 5276 967 5348 praefectum.
1003 5282 1353 5337 Procedente
1386 5283 1533 5337 80]
1599 5282 1861 5338 convivio
1899 5282 2098 5338 illatus

440 5368 529 5423 est
559 5366 630 5421 de
659 5363 927 5436 Bulgaris
952 5384 1146 5426 sermo
1170 5390 1184 5439 ;
1228 5374 1284 5426 et
1315 5372 1669 5443 imperatore
1693 5371 1881 5427 multa
1905 5372 1976 5428 ad
2000 5389 2098 5428 ca-

2208 4481 2478 4555 λαμπρῶς
2541 4481 2674 4553 μετά
2725 4476 2887 4548 δόξης
2936 4476 3153 4545 ποΛλῆς
3200 4476 3291 4530 xui
3317 4482 3487 4548 τιμῆς
3551 4471 3863 4547 ὑπεδέχθη·

2202 4569 2259 4624 ὅν
2319 4569 2407 4624 xui
2468 4569 2519 4624 έν
2574 4572 2641 4641 τῇ
2700 4565 2857 4642 Ἁγίᾳ
2900 4570 2997 4621 τοῦ
3055 4569 3187 4620 Θεοῦ
3246 4564 3423 4642 Σοφίᾳ
3482 4560 3791 4618 ἀπέστειλεν
3830 4564 3867 4617 ὁ

2208 4656 2481 4731 βασιλεὺς,
2530 4657 2593 4711 τὸ
2634 4654 2839 4717 κάλλος
2891 4656 3059 4724 αὐτῆς
3112 4654 3397 4718 θεάσασθαι
3452 4653 3540 4706 καὶ
3598 4652 3661 4705 τὸ
3695 4650 3865 4725 μέγε-

2203 4747 2314 4807 θος.
2370 4743 2653 4809 Ἀπελθὼν
2709 4744 2800 4798 οὖν
2857 4743 2947 4797 καὶ
2997 4746 3094 4797 τοῦ
3128 4746 3257 4797 ναοῦ
3284 4742 3385 4810 τὴν
3429 4738 3707 4807 καλλονήν
3757 4760 3867 4794 κα-

2201 4831 2499 4907 ταπλαγεὶς
2550 4832 2640 4887 καὶ
2679 4834 2770 4887 τὸν
2812 4828 3096 4898 πολυτελῆ
3151 4830 3357 4901 κόσμον
3418 4826 3863 4903 ὑπερθαύμάσας,

2204 4923 2296 4977 xui
2325 4922 2550 4992 άληθῶς
2580 4926 2713 4976 Θεοῦ
2740 4920 3079 4995 καταγώγιον
3107 4919 3197 4973 τὸν
3232 4918 3376 4991 ἱερὸν
3402 4915 3618 4971 τουτονὶ
3668 4920 3863 4991 χῶρον

2206 5012 2395 5079 εἰπὼν,
2433 5012 2757 5085 ὑπέστρεψεν
2792 5010 2868 5072 εἷς
2899 5009 2967 5063 τὰ
2989 5006 3120 5064 ἴδια.
3153 5010 3275 5064 Τῶν
3311 5004 3368 5060 δὲ
3398 5004 3728 5080 Βουλγάρων
3761 5005 3871 5061 πά-

2208 5100 2293 5157 λιν
2327 5095 2587 5169 εἰσϐολὴν
2618 5098 3006 5171 ποιησαμένων
3035 5096 3173 5151 κατὰ
3202 5102 3299 5164 τῆς
3337 5094 3625 5166 Ῥωμαίων
3651 5094 3873 5168 χώρας,

2206 5190 2294 5246 καὶ
2327 5194 2442 5250 τοῖς
2465 5188 2753 5250 παλατίοις
2773 5195 2871 5257 τῆς
2903 5181 3185 5262 βασιλίδος
3219 5183 3549 5258 έγγισάντων
3581 5179 3877 5254 Θεοδώρας

2210 5281 2283 5341 ὡς
2306 5277 2456 5334 οὐδὲν
2499 5280 2567 5347 ἦν
2607 5280 2668 5333 τὸ
2700 5275 3150 5357 προσιστάμενον,
3182 5272 3313 5346 πυρὶ
3343 5277 3510 5326 ταῦτα
3538 5268 3873 5345 παρέδοσαν.

2208 5370 2268 5427 Ὁ
2313 5366 2369 5423 δὶ
2429 5367 2684 5443 βασιλεὺς
2742 5366 3023 5441 Ῥωμανὸς
3075 5361 3290 5440 ἄριστον
3341 5362 3707 5434 ποιησάμενος
3766 5380 3877 5415 πο-

1648 5526 2015 5583 XYLANDRI
2056 5526 2142 5583 ET
2181 5523 2398 5581 GOARI
2437 5524 2667 5581 NOT/E.

518 5661 630 5736 (67)
660 5662 745 5719 Ea:
772 5667 1267 5736 confadcratorum
1294 5675 1344 5725 et
1370 5665 1715 5724 subditorum
1744 5668 2054 5724 ordinibus.
2088 5667 2271 5726 G043.
