4036 6330
441 358 521 418 35
1785 348 2103 412 GEORGII
2146 348 2489 412 CEDHENI
3773 360 3856 421 36

440 488 655 544 Bardas
708 486 925 555 Boilas,
972 486 1129 556 quod
1179 485 1229 540 ei
1280 484 1597 555 imperator
1641 484 1788 539 bene
1837 481 2071 537 volebat

2203 481 2454 552 τιμηθεὶς
2510 481 2562 537 έν
2615 488 2696 556 τῷ
2748 484 2885 559 οἷ’κῳ
2934 490 3042 542 τῶν
3096 489 3380 563 μαγγάνων
3412 488 3677 563 ιτηρεῖτο.
3712 496 3855 566 Δραο

442 577 663 631 nullam
697 575 873 630 aliam
925 591 1157 646 pcenam
1191 574 1353 630 dedit
1395 590 1572 644 quam
1622 572 1776 643 quod
1808 587 1977 626 rasus
2033 574 2090 625 et

440 664 767 721 monachus
796 667 889 719 est
920 663 1127 718 factus.

507 931 747 986 Interim
795 930 1026 984 Simeon
1062 927 1449 999 Bulgarorum
1499 928 1772 999 princeps
1803 926 2086 981 Adriano—

435 1021 616 1093 polim
645 1019 794 1074 vallo
824 1020 1101 1089 fossaque
1150 1017 1334 1088 cingit
1375 1017 1426 1071 ei
1481 1016 1711 1071 obsidet
1758 1031 1822 1070 ac
1872 1031 2086 1085 magno

434 1110 629 1164 studio
678 1113 998 1181 oppugnat.
1045 1107 1292 1161 Praeerat
1338 1108 1389 1160 ei
1441 1106 1570 1160 urbi
1622 1105 1732 1159 Leo
1783 1104 2084 1171 patricius,

432 1200 587 1253 303
613 1215 786 1268 quem
821 1198 893 1252 ob
944 1212 1382 1267 praeproperam
1435 1194 1493 1248 in
1544 1194 1747 1249 hostes
1798 1194 2083 1263 impetum

430 1287 713 1341 vocabant
760 1284 1147 1340 Moroleonem
1200 1282 1366 1353 quasi
1418 1282 1668 1337 stultum
1728 1280 1979 1336 leonem.
2031 1281 2086 1335 Is

431 1374 929 1446 oppugnationem
956 1372 1180 1425 fortiter
1201 1370 1617 1439 sustinebat,et
1631 1369 2087 1441 modoBulgaros

431 1465 724 1517 irruentes
754 1462 826 1515 de
856 1478 1025 1515 muro
1059 1458 1620 1530 proﬂigabat,modo
1652 1458 1836 1529 portis
1868 1458 2087 1528 apertis

430 1552 490 1606 in
523 1568 623 1607 eos
656 1550 1006 1605 acerrimum
1042 1550 1326 1619 impetum
1362 1548 1540 1601 dabat
1572 1546 1855 1617 facileque
1905 1546 2087 1617 pelle-

433 1642 550 1695 bat.
588 1641 697 1695 Sed
730 1637 1006 1709 oppidani
1052 1637 1179 1690 cibo
1212 1636 1519 1690 deﬁciente
1559 1652 1624 1689 ac
1656 1638 1806 1689 fame
1838 1636 2089 1706 graviter

435 1732 757 1801 premente,
790 1743 925 1781 cum
960 1724 1374 1780 alimentorum
1425 1723 1661 1778 aliunde
1692 1724 2084 1795 parandarum

432 1833 568 1888 spes
601 1815 762 1871 nulla
795 1814 1118 1886 effulgeret,
1156 1813 1401 1883 penuria
1426 1810 1590 1881 moti,
1625 1812 1851 1878 urbem,
1885 1828 1948 1866 se
1979 1812 2084 1866 du-

432 1921 681 1977 cemque
739 1903 1007 1975 Bulgaria
1070 1901 1457 1956 tradiderunt.
1519 1899 1754 1955 Simeon
1832 1900 2081 1955 Leonem

430 2000 656 2060 nactus,
682 2002 737 2048 el
767 1993 1107 2048 recordatus
1133 1995 1351 2061 quanta
1380 1990 1430 2043 is
1460 1988 1615 2043 mala
1646 1988 1909 2059 Bulgaria
1936 1988 2090 2043 intu-

427 2082 612 2149 lisset,
648 2082 972 2137 innumeris
995 2080 1421 2151 suppliciorum
1458 2078 1659 2132 formis
1690 2078 2083 2133 excruciatum

426 2173 661 2228 tandem
694 2172 903 2225 acerba
935 2174 1121 2224 morte
1144 2166 1821 2238 necavit,Bulgaricoque
1848 2166 1904 2221 in
1940 2168 2085 2222 urbe

334 2290 345 2303 ο
427 2262 630 2316 relicto
662 2259 933 2331 praesidio
991 2258 1277 2312 discessit.
1333 2257 1450 2310 Hoc
1497 2256 1830 2327 praesidium
1880 2258 2082 2311 audito

427 2355 630 2405 contra
661 2366 720 2404 se
738 2348 936 2402 venire
979 2346 1307 2401 Romanum
1350 2347 1665 2400 exercitum
1701 2344 1845 2398 urbe
1878 2343 2081 2399 relicta

426 2438 577 2509 fugit
600 2454 613 2503 ;
638 2442 813 2508 atque
826 2436 911 2491 sic
932 2434 1342 2505 Adrianopolis
1365 2451 1398 2488 a
1420 2434 1695 2489 Romanis
1715 2438 1804 2487 est
1827 2437 2075 2503 recepta.

2198 571 2332 641 σμὸν
2367 568 2423 624 δὲ
2456 570 2894 646 βουλευσάμενος
2927 575 3205 631 ἁλίσκεται
3266 578 3353 631 καὶ
3408 582 3515 632 τῶν
3542 578 3851 653 ἁφθαλμῶν

2198 665 2484 733 στερεῖται.
2538 660 2750 733 Βάρδας
2807 662 2863 718 δὲ
2914 666 2943 718 6
2988 663 3186 727 Βοίλας
3247 665 3445 743 φιλίως
3503 668 3638 742 πρὸς
3687 669 3851 724 αὐτὸν

2198 743 2541 819 διακειμένου
2600 756 2694 805 τοῦ
2757 752 3025 826 βασιλέως
3077 754 3319 831 ἀπεκάρη
3384 757 3851 832 μοναχὸς,μηδὶν

2196 833 2337 890 ἄλλο
2364 841 2649 903 πεπονθὼς
2679 841 2918 917 ἀνιαρόν.

2270 928 2495 997 Συμεὼν
2549 927 2606 983 δὲ
2664 932 2690 985 6
2740 937 2847 985 τῶν
2893 932 3228 1007 Βουλγάρων
3262 932 3475 1009 ἅρχων,
3504 937 3604 1005 τήν
3637 935 3854 1011 Ἀδρια-

2195 1015 2457 1070 νούπολιν
2488 1015 2809 1074 καταλαϐὼν
2843 1022 2930 1076 καί
2963 1022 3163 1091 ταύτην
3224 1025 3422 1100 χάραξι
3471 1026 3559 1079 καὶ
3618 1029 3855 1103 τάφροις

2194 1105 2623 1181 περιστοιχίσας,
2660 1108 2936 1181 ἐπιμελῶς
3003 1110 3336 1188 ἐπολιόρκει.
3394 1116 3741 1191 Ἐστρατήγει
3798 1114 3857 1171 δὶ

2193 1200 2295 1261 τῆς
2326 1194 2540 1257 πόλεως
2574 1198 2601 1250 6
2634 1199 2914 1273 πατρίκιος
2949 1199 3121 1272 Λέων,
3153 1202 3210 1256 ’ὸν
3262 1200 3351 1256 διὰ
3396 1205 3494 1272 τήν
3551 1204 3859 1278 ὀξύρῥοπον

2194 1281 2329 1355 πρὸς
2387 1284 2515 1346 τοὺς
2582 1285 2862 1359 πολέμους
2919 1289 3097 1362 ὁρμὴν
3161 1290 3534 1365 Μωρολὲοντα
3594 1291 3855 1351 έκάλουν.

2195 1373 2361 1433 Οὗτος
2416 1372 2673 1447 εὐψύχως
2730 1378 2829 1444 τήν
2891 1377 3214 1453 πολιορκίαν
3295 1377 3529 1449 ἐδέξατο,
3589 1383 3679 1435 καὶ
3729 1366 3860 1455 Ᾰγενο

2194 1459 2487 1522 ναιοτάτως
2538 1464 2671 1517 ποτὶ
2734 1465 2826 1536 μὲν
2888 1465 2994 1520 ἀπὸ
3044 1471 3140 1521 τοῦ
3186 1468 3408 1543 τείχους
3436 1469 3561 1530 τοὺς
3592 1472 3855 1544 προσιόν-

2194 1569 2287 1611 τας
2334 1554 2440 1603 τῶν
2504 1550 2826 1627 Βουλγάρων
2873 1554 3131 1625 ἠμύνετο,
3166 1557 3297 1610 ποτὶ
3355 1554 3411 1610 δὲ
3466 1558 3558 1619 τὰς
3614 1558 3855 1623 πυλίδας

2197 1638 2558 1696 ἀναπεταννὺς
2613 1639 2890 1697 ἐπετίθετο
2950 1643 3041 1697 σὺν
3115 1643 3259 1719 ῥύμῃ
3343 1644 3696 1718 ἀνυποστάτῳ
3752 1649 3850 1703 καὶ

2198 1724 2396 1799 ῥᾳδίως
2454 1727 2727 1802 έτρέπετο.
2764 1730 2912 1786 Ἐπεὶ
2964 1729 3021 1785 δὶ
3075 1734 3102 1787 ὁ
3148 1739 3296 1796 σῖτος
3339 1732 3467 1795 τοὺς
3498 1732 3549 1788 έν
3580 1740 3647 1809 τῇ
3680 1735 3845 1792 πόλει

2196 1813 2536 1871 ἐπιλελοίπει
2568 1819 2655 1871 καὶ
2690 1817 2855 1891 λιμὸς
2898 1820 3071 1889 ἐπίεζε
3118 1821 3246 1883 τοὺς
3298 1819 3510 1886 ἔνδοθεν
3565 1826 3846 1897 κραταιὸς,

2197 1902 2511 1977 μηδαμόθεν
2568 1905 2765 1961 ἐλπίδα
2821 1904 3041 1983 ἔχοντες
3114 1910 3480 1983 ἐπισιτισμοῦ,
3536 1916 3605 1986 τῇ
3666 1912 3848 1986 ἐνδείᾳ

2197 1996 2498 2058 πεισθέντες
2558 1994 2938 2071 προδεδώκασι
2994 2000 3094 2067 τήν
3146 1998 3309 2054 πόλιν
3340 2001 3429 2055 καὶ
3476 2003 3697 2064 ἑαυτοὺς
3753 2005 3850 2058 καὶ

2194 2082 2285 2135 τὸν
2334 2086 2630 2158 στρατηγὸν
2674 2092 2789 2147 τοῖς
2855 2086 3211 2163 Βουλγάροις·
3249 2090 3305 2143 ὃν
3356 2092 3768 2164 χειρωσάμενος
3822 2094 3851 2147 6

2198 2173 2441 2242 Συμεὼν,
2500 2174 2588 2227 καὶ
2640 2176 2712 2227 ὧν
2788 2175 2863 2237 εἷς
2934 2176 3061 2238 τοὺς
3136 2175 3487 2252 Βουλγάρους
3550 2178 3851 2251 ἐνεδείξατο

2197 2261 2547 2332 μεμνημένος
2608 2267 2810 2331 κακῶν,
2863 2264 3080 2338 μυρίαις
3139 2264 3341 2330 αἰκίαις
3380 2270 3850 2341 τιμωρησάμενος

2190 2348 2500 2403 τελευταῖον
2587 2352 2863 2407 ἀπέκτεινε
2947 2355 3159 2426 θανάτῳ
3231 2360 3429 2427 πικρῷ.
3491 2356 3852 2433 Βουλγάρους

2192 2435 2282 2489 οὖν
2342 2436 2635 2507 ἐπιστήσας
2691 2439 2934 2515 φύλακας
2993 2445 3061 2514 τῇ
3116 2440 3275 2496 πόλει
3335 2444 3714 2518 ὑπεχώρησεν
3762 2446 3848 2500 οἵ·

423 2546 566 2587 τινες
624 2524 928 2596 Ῥωμαϊκὸν
988 2518 1347 2597 στρατόπεδον
1408 2520 1699 2589 ἀκηκοότες
1750 2518 1901 2589 ἥκειν
1956 2522 2071 2575 κατ’
2129 2523 2304 2579 αὐτῶν
2360 2528 2747 2589 καταλιπόντες
2801 2530 2899 2597 τὴν
2960 2528 3121 2584 πόλιν
3180 2525 3401 2608 ἔφυγον,
3434 2532 3523 2587 καὶ
3574 2533 3739 2588 πάλιν
3804 2537 3841 2604 ἠ

426 2611 883 2689 Ἀδριανούπολις
921 2613 1026 2666 ὑπὸ
1057 2612 1362 2683 Ῥωμαίους
1391 2610 1622 2686 ἐγένετο.

499 2706 574 2761 Eo
593 2710 851 2776 tempore
873 2704 982 2759 Leo
1006 2702 1182 2757 etiam
1202 2701 1485 2771 Tripolita
1502 2717 1634 2755 cum
1655 2716 1869 2771 magna
1890 2701 2079 2755 classe

427 2794 719 2849 Romanos
748 2792 979 2846 invasit.
1005 2793 1185 2856 Quem
1206 2791 1265 2844 in
1292 2792 1505 2845 Lemno
1530 2805 1703 2843 naves
1733 2788 1791 2843 in
1827 2790 2078 2844 statione

424 2883 735 2938 habentem
792 2880 985 2936 subito
1013 2881 1255 2934 adortus
1299 2879 1553 2933 Joannes
1588 2878 1861 2932 Radenus
1894 2879 2077 2948 patri-

424 2973 574 3039 cius,
608 2971 687 3025 rei
724 2969 948 3024 navalis
990 2967 1361 3037 drungarius,
1400 2966 1565 3021 facile
1612 2966 1767 3034 vicit,
1794 2968 2076 3037 Agarenis

426 3062 541 3116 fere
598 3059 875 3114 omnibus
930 3057 1254 3122 exstinctis,
1289 3055 1532 3126 soloque
1591 3055 1876 3127 Tripolita
1936 3056 2076 3126 fuga

2258 2703 2393 2759 Τότε
2448 2702 2503 2759 δὲ
2560 2705 2648 2759 καὶ
2704 2708 2851 2761 Λέων
2904 2708 3294 2781 ὁτριπολίτης
3358 2711 3492 2781 μετὰ
3552 2709 3841 2783 δυνάμεως

2187 2787 2407 2858 πολλῆς
2473 2792 2562 2844 καὶ
2619 2790 2834 2846 πλοίων
2891 2800 3210 2867 πολεμικῶν
3266 2796 3459 2867 ἐξῆλθε
3522 2799 3657 2852 κατὰ
3713 2800 3853 2852 Ῥω-

2191 2878 2385 2949 μαίωνο
2428 2879 2485 2932 ὃν
2521 2879 2572 2933 ἐν
2604 2884 2671 2950 τῇ
2702 2884 2852 2953 νήσῳ
2894 2884 3102 2955 Λήμνῳ
3149 2882 3525 2959 ναυλογοῦντα
3579 2885 3843 2957 Ἰωάννης

2184 2968 2471 3041 πατρίκιος
2518 2970 2605 3023 καὶ
2665 2967 3025 3046 δρουγγάριος
3083 2977 3189 3026 τῶν
3245 2972 3520 3046 πλωΐμων
3574 2972 3835 3045 ὁῬαδη-

2181 3056 2271 3116 νὸς
2320 3053 2586 3133 αἰφνίδιον
2639 3056 2912 3134 ἐπιφανεὶς
2968 3058 3164 3134 ῥαδίως
3212 3059 3493 3135 ἐτρέψατο,
3523 3067 3632 3117 τῶν
3662 3063 3834 3136 ’Δγα-

424 3150 646 3221 elapso.
708 3148 906 3202 Mense
980 3145 1330 3216 Septembri,
1391 3144 1712 3199 indictione
1788 3145 2067 3214 secunda,

2191 3149 2362 3213 οηνῶν
2395 3143 2589 3220 σχεδὸν
2622 3146 2835 3200 πάντων
2891 3149 3267 3223 ἀνῃρημένων,
3298 3154 3395 3204 τοῦ
3455 3147 3512 3204 δὲ
3562 3151 3841 3226 Τριπολί-

422 3240 642 3303 Simon,
674 3236 1059 3308 Bulgarorum
1094 3235 1387 3306 princeps,
1422 3250 1553 3288 cum
1588 3234 1866 3288 omnibus
1893 3233 2077 3303 copiis

420 3327 847 3399 expeditiodem
880 3329 1081 3380 contra
1112 3322 1310 3395 Cpolin
1331 3323 1583 3393 suscipit
1607 3340 1619 3389 ;
1643 3321 2075 3394 populatusque

425 3415 823 3471 Macedoniam
858 3419 912 3468 et
946 3414 1000 3467 in
1035 3413 1347 3467 Thraciam
1405 3412 1694 3466 incendiis
1742 3416 2069 3481 grassatus,

424 3504 610 3559 obviis
632 3503 967 3573 quibusque
991 3501 1524 3571 vastatis,proxime
1546 3498 1897 3555 Blachernas
1916 3500 2071 3554 804

423 3598 615 3650 castra
643 3592 824 3664 ponit.
854 3592 993 3646 Inde
1046 3590 1305 3661 postulat
1337 3594 1399 3643 ut
1429 3592 1499 3644 ad
1534 3606 1592 3645 se
1634 3590 1944 3644 mittantur
1972 3590 2067 3643 Ni-

421 3683 620 3739 colaus
641 3680 972 3753 patriarcha
998 3679 1213 3751 aliique
1235 3679 1644 3750 procerum,de
1665 3680 2071 3749 componenda

422 3788 559 3842 pace
588 3769 955 3825 collocuturi.
994 3770 1151 3824 Datis
1184 3773 1385 3823 mutuo
1416 3768 1743 3837 obsidibus,
1777 3774 1841 3822 ut
1871 3768 1942 3821 ab
1975 3767 2067 3821 in-

419 3860 586 3915 sidiis
618 3859 818 3914 omnia
851 3862 975 3912 tuta
1001 3861 1221 3923 essent,
1255 3873 1321 3912 ac
1353 3856 1687 3928 patriarcha
1710 3856 2067 3926 juramentis

418 3950 651 4013 fidente,
686 3947 997 4017 quaesitum
1048 3950 1137 4001 est
1168 3946 1269 4017 qui
1319 3950 1620 4000 senatores
1650 3962 1783 3999 cum
1816 3962 1881 3999 eo
1914 3945 2068 3999 exire

414 4038 709 4093 deberent.
743 4035 955 4090 Delecti
990 4034 1271 4105 patricius
1322 4033 1649 4088 Michaelus
1679 4033 1977 4103 Stypeiota
2007 4038 2065 4087 et

413 4127 673 4181 Joannes
722 4124 1008 4194 mysticus
1036 4140 1102 4177 ac
1155 4128 1281 4176 tum
1314 4121 1837 4193 gubernandarum
1872 4138 2066 4176 rerum

418 4213 617 4270 socius
644 4230 655 4266 :
682 4229 816 4267 nam
840 4212 1097 4267 Joannes
1122 4216 1311 4266 rector
1341 4211 1495 4281 apud
1525 4211 1936 4280 imperatorem
1969 4211 2069 4264 de-

416 4304 574 4358 latus
604 4301 869 4356 criminis
893 4302 1017 4371 jam
1051 4306 1176 4355 tum
1211 4298 1427 4371 palatio
1481 4299 1855 4364 discesserat,
1890 4298 2069 4369 inque

418 4409 524 4447 suo
575 4389 934 4444 monasterio
967 4388 1291 4443 monachus
1332 4389 1523 4442 factus
1554 4391 1697 4441 erat.
1727 4391 1866 4441 Cum
1899 4387 2069 4455 legati

2184 3254 2279 3287 του
2315 3233 2483 3305 μόνου
2515 3239 2658 3311 φυγῇ
2688 3238 2787 3304 τὴν
2831 3236 3105 3311 σωτηρίαν
3158 3240 3550 3315 πορισαμένου.
3587 3246 3843 3313 Σεπτεμ-

2186 3317 2326 3395 ϐρίῳ
2358 3320 2414 3377 δὲ
2447 3324 2599 3395 μηνὶ,
2634 3321 2975 3387 ἰνδικτιῶνος
3010 3328 3076 3402 β’,
3104 3330 3184 3400 [Ρ.
3217 3330 3343 3401 623]
3377 3329 3404 3382 6
3436 3328 3622 3404 ἄρχων
3655 3327 3837 3385 Βουλ-

2178 3410 2373 3483 γαρίας
2424 3413 2647 3483 Συμεὼν
2734 3416 3028 3489 πανστρατὶ
3098 3417 3233 3469 κατὰ
3314 3417 3411 3485 τῆς
3492 3419 3834 3473 Κωνσταντι-

2177 3498 2488 3561 νουπόλεως
2547 3500 2902 3575 έκστρατεόει,
2952 3504 3041 3556 καὶ
3115 3503 3361 3573 λη’ίζεται
3425 3507 3519 3577 μὲν
3578 3504 3832 3562 Μακεδο-

2176 3586 2311 3655 νίαν,
2359 3587 2604 3664 έμπιπρᾷ
2662 3588 2718 3643 δὲ
2773 3591 2839 3644 τὰ
2899 3590 2986 3644 ἐπὶ
3034 3592 3249 3666 Θρᾴκης
3281 3594 3483 3668 χωρία,
3510 3596 3598 3649 καὶ
3653 3595 3833 3650 πάντα

2175 3678 2523 3753 καταστρέφει
2576 3679 2644 3731 τά
2713 3680 2763 3731 έν
2828 3678 2977 3733 ποσί.
3041 3680 3293 3756 Ἔγγιστα
3357 3679 3413 3735 δὲ
3493 3682 3822 3757 Βλαχερνῶν

2175 3763 2535 3840 στρατόπεδον
2589 3767 2761 3836 πήξας
2832 3766 3157 3839 ἐπεζήτησεν
3237 3768 3609 3839 ἀποσταλῆναι
3676 3771 3825 3843 αὐτῷ

2173 3855 2264 3909 τὸν
2324 3857 2669 3929 πατριάρχην
2730 3855 3000 3911 Νικόλαον
3050 3859 3139 3912 καί
3197 3880 3345 3921 τινας
3403 3865 3510 3914 τῶν
3566 3860 3616 3914 έν
3674 3860 3824 3915 τέλει

2176 3941 2313 3997 ὥστε
2342 3944 2466 4015 περὶ
2516 3942 2740 4017 εἰρήνης
2786 3941 3168 4019 διαλεχθῆναι.
3225 3942 3495 4010 Λαϐόντες
3542 3945 3633 4001 οὖν
3679 3948 3827 4019 ὁμή-

2177 4051 2302 4106 ρους
2358 4031 2484 4104 παρ’
2515 4028 2780 4101 ἀλλήλων
2830 4034 2905 4096 ὡς
2961 4032 3192 4105 οὐδεμία
3248 4055 3330 4097 τις
3392 4034 3826 4106 ἐπακολουθήσει

2176 4114 2469 4188 ἐπιϐουλὴ,
2502 4121 2590 4173 καὶ
2644 4126 2738 4174 τοῦ
2796 4123 3141 4198 πατριάρχου
3198 4130 3317 4186 τοῖς
3369 4126 3555 4199 ὅρκοις
3600 4125 3830 4200 ἀναθαρ-

2179 4206 2458 4283 ῥήσαντος,
2481 4208 2661 4282 γέγονε
2692 4207 2855 4284 λόγος
2889 4212 3114 4275 ὁποίους
3160 4210 3239 4266 δεῖ
3286 4217 3393 4266 τῶν
3445 4212 3826 4288 συγκλητικῶν

2175 4295 2354 4367 τούτῳ
2413 4296 2759 4369 συνεξελθεῖν.
2796 4301 3097 4376 ΙΙροεκρίθη
3159 4305 3288 4374 γοῦν
3323 4303 3350 4356 6
3398 4304 3680 4378 πατρίκιος
3722 4309 3826 4358 Μι-

2180 4384 2331 4460 χαὴλ
2393 4386 2421 4439 6
2483 4388 2828 4457 Στυπειώτης
2890 4390 2977 4443 καὶ
3025 4389 3281 4460 Ἰωάννης
3334 4392 3361 4445 6
3430 4392 3685 4463 μυστικὸς
3735 4392 3828 4446 καὶ

418 4481 488 4535 ad
521 4480 852 4535 Simeonem
885 4477 1183 4533 venissent
1221 4493 1286 4532 ac
1317 4477 1388 4531 de
1418 4493 1560 4548 pace
1588 4481 1787 4531 essent
1816 4476 2067 4531 collocu-

2191 4472 2655 4549 παραδυναστεόων
2714 4480 2849 4549 (71)’
2888 4476 2996 4547 ἤδη
3055 4479 3157 4554 γὰρ
3215 4461 3465 4549 Ἰωάννης
3526 4482 3553 4535 6
3589 4480 3826 4555 ῥαίκτωρ

1558 4576 1962 4634 XYLANDRI
2010 4576 2108 4634 ET
2154 4574 2388 4634 GOARI
2434 4576 2685 4635 NOTAE.
3046 4586 3049 4587 ⁷

413 4668 733 4736 spectante,
766 4663 1034 4734 castigat.
1061 4662 1199 4736 Eam
1232 4662 1707 4736 Bardariotarum
1744 4662 1923 4736 fuisse
1957 4678 2063 4736 suo

417 4729 678 4808 tempore
720 4729 987 4808 'Codinus
1019 4734 1212 4808 refert,
1255 4736 1325 4808 de
1374 4734 1591 4808 quibus
1624 4751 1636 4789 :
1673 4732 1973 4808 Κρέμανται
2010 4729 2066 4785 δὲ

419 4752 678 4808 tempore
728 4752 987 4792 UOQIDUS
1019 4752 1212 4799 ΓΘῘΟΓΕ,
1255 4752 1325 4789 ΟΒ
1374 4752 1591 4805 qUIDUB
1624 4752 1636 4789 ἶ
1673 4752 1710 4785 Ἀ
1752 4752 1973 4804 εμανται
2010 4752 2066 4785 οε

419 4805 505 4879 ἐπὶ
534 4809 725 4879 Δζώνης
759 4803 982 4879 ἑκάστου
1012 4804 1238 4879 τουτων,
1266 4804 1460 4879 λῶροι,
1516 4802 1607 4866 οὓς
1638 4752 2066 4879 *καέοῖζσιημαγ-

413 4870 616 4955 γλάϐία
648 4870 755 4951 (sic
788 4878 888 4955 ille
922 4877 1169 4955 scribit),
1204 4870 1375 4955 ἤγουν
1415 4870 1773 4955 βακτηρίαιςῇ
1809 4870 2063 4955 ῥάϐδους.

425 4947 702 5023 μαστίζειν
746 4947 1091 5023 τοὺς-ᾀξίους
1132 4947 1513 5023 μαστίζεσθαι.
1563 4947 1672 5023 Leo
1716 4947 2069 5023 Grammati-

421 5014 525 5079 cus
573 5014 997 5093 2⁷’Λποστέλλει
1054 5014 1394 5093 μαγλαϐίτην
1454 5021 1559 5093 (ita
1614 5019 1757 5093 legit
1790 5018 1931 5093 ille)
1978 5019 2065 5072 τὸν

422 5090 885 5168 Μαυροθεόδωρον
921 5090 1063 5168 ξίφει
1089 5090 1294 5168 ἀνελεῖν
1334 5092 1425 5145 τὸν
1462 5090 1743 5168 μοναχόν.
1788 5090 1988 5145 Τυτοω
2021 5109 2072 5168 _a.

420 5162 633 5223 Graecis
667 5162 835 5238 plura
886 5162 1132 5221 mutuati
1164 5166 1235 5220 ad
1268 5162 1658 5238 conspectum:
1699 5162 2069 5238 imperatoris

423 5232 840 5310 praecursorem
874 5238 1091 5293 habent
1125 5232 1504 5309 μαγγλαϐίτην
1546 5232 1797 5305 (ὁιιῇιινάί
1821 5252 1925 5289 sua
1956 5234 2068 5310 lin-

422 5307 538 5388 gua
568 5311 893 5388 vocantl,ad
931 5312 1059 5388 ejus
1093 5307 1298 5363 nutum
1329 5325 1489 5388 reum
1522 5322 1815 5388 quemque
1846 5307 2069 5388 suppli-

424 5380 530 5437 ciis
561 5382 835 5437 extremis
867 5382 1156 5451 subjicere
1189 5386 1477 5452 paratum.
1513 5383 1586 5434 Ac
1620 5380 1886 5450 princeps
1918 5380 2067 5448 ipse,

423 5453 581 5524 regia
630 5454 899 5525 deposita
946 5452 1289 5523 plebeiaque
1334 5456 1642 5522 assumpta
1690 5455 1866 5525 veste,
1915 5452 2071 5525 vicos

424 5522 723 5580 circumit'
754 5522 1209 5595 nonnunquam,
1240 5529 1297 5579 et
1356 5525 1657 5579 anfractus
1709 5522 1959 5595 viarum,
1993 5522 2068 5595 ‘si

422 5601 635 5676 cuncta
663 5597 721 5650 in
756 5611 895 5676 pace
926 5593 1129 5676 ordine
1151 5595 1343 5676 quiete
1379 5594 1713 5676 composita
1734 5594 1850 5648 sint
1879 5593 2071 5676 explo-

423 5673 666 5724 raturus
698 5684 711 5723 :
747 5666 836 5723 sin
869 5666 1295 5724 tumultuantes
1346 5668 1602 5723 rixantes
1652 5666 2071 5735 incompositos

425 5757 491 5797 ac
518 5740 748 5813 imperii
768 5742 938 5812 jussa
958 5744 1301 5810 spernentes
1326 5740 1479 5796 cives
1513 5741 1613 5792 aut
1634 5735 1857 5792 militia:
1888 5738 2071 5793 ascri-

2177 4666 2307 4733 ptos
2341 4663 2696 4742 comperiat,
2730 4682 2768 4742 a7
2808 4665 3187 4742 manglabitis
3238 4666 3341 4722 vias
3372 4666 3713 4742 comitibus
3763 4684 3833 4742 ac

2181 4732 2607 4810 suppliciorum
2638 4732 3069 4810 instrumentis
3109 4738 3235 4810 jam
3298 4738 3462 4810 prius
3517 4740 3831 4793 instructis

2179 4804 2948 4885 extemplo-corripinjubet,
2983 4804 3512 4885 simulque—panis
3558 4810 3653 4885 vel
3704 4810 3833 4865 neci

2178 4876 2599 4953 tradi,omissis
2625 4876 2981 4947 judiciorum
3013 4876 3203 4935 tardis
3228 4876 3600 4953 ambagibus,
3641 4883 3831 4953 impe-

2182 4954 2292 5003 rat.
2328 4950 2506 5003 Goan.

2254 5020 2365 5089 (71)
2398 5020 2773 5094 Imperatoris
2826 5022 3076 5094 amicus,
3109 5023 3207 5094 qui
3252 5021 3534 5077 nimirum
3569 5021 3833 5094 consiliis

2182 5091 2504 5171 et_monitis
2533 5092 2873 5171 imperatori
2908 5093 2965 5147 in
3000 5091 3471 5171 administranda
3502 5110 3561 5171 re
3599 5093 3835 5171 publica

2182 5162 2431 5236 fideliter
2462 5162 2689 5236 assistit
2722 5182 2734 5219 :
2770 5182 2938 5233 quem
2973 5182 3130 5219 nunc
3178 5166 3407 5236 imperii
3442 5162 3831 5235 subadjuvam

2182 5239 2239 5288 et
2273 5234 2489 5305 publici
2523 5241 2713 5291 status
2749 5236 3164 5291 administrum
3198 5234 3454 5292 vocitare
3483 5234 3834 5291 solemus.ls

2183 5322 2425 5379 quoque
2450 5308 2504 5359 in
2540 5308 2755 5377 palatio
2789 5309 3143 5379 morabatur.
3176 5309 3429 5379 Jamjam
3462 5309 3617 5363 enim
3666 5326 3835 5360 γατα-

2225 5372 2497 5444 ιϐάζεσθαι
2540 5372 2649 5432 τοῦ
2708 5377 3000 5444 παλατίου,
3035 5398 3101 5435 ex
3160 5396 3226 5434 eo
3286 5372 3609 5445 deturbari,
3653 5379 3833 5433 simul

2182 5453 2379 5525 tamen
2449 5456 2850 5523 συγχωρεῖσθαι
2932 5451 3267 5525 εἰσέρχεσθαι
3354 5455 3671 5523 προσκυνεῖν
3739 5450 3833 5525 τὸν

2188 5518 2433 5595 βασιλέα,
2468 5518 2651 5577 υιζίἰᾶ
2678 5518 3117 5596 imperatorem'
3141 5518 3527 5579 veneraturus
3576 5539 3642 5577 ac
3672 5522 3839 5596 salu-

2181 5597 2418 5721 taturéis
2474 5594 2796 5664 accederet,
2828 5599 3175 5667 potestatem
3226 5596 3491 5667 accipere
3521 5594 3841 5666 conspicie-

2211 5682 2300 5721 ur.
2384 5680 2515 5720 om.

2211 5682 2300 5721 UP.
2335 5680 2515 5721 UOAR.
