4050 6326
103 389 172 445 37
1239 368 1785 436 HISTORIABUM
1828 368 2142 432 COMPEN
2155 371 2380 434 DIUM.
3445 377 3526 437 38

100 510 424 584 διαϐληθεὶς
447 513 587 586 πρὸς
635 511 730 566 τὸν
796 505 1050 584 βασιλέα,
1094 504 1370 561 κατελθὼν
1427 505 1524 557 τοῦ
1574 499 1764 556 παλα-

1896 501 2018 571 ιιιιιὶ,
2049 502 2132 558 ita
2159 517 2259 559 eos
2291 503 2580 576 Bulgarus
2609 505 2838 561 dimisit
2888 510 2952 562 ut
2982 507 3316 563 ostenderet
3347 525 3409 564 se
3440 509 3522 581 ip-

99 606 237 671 τίον,
301 602 354 656 ἐν
408 605 477 674 τῇ
536 598 702 654 αὐτοῦ
755 601 892 671 μονῇ
951 597 1050 664 τήν
1104 593 1374 666 κοσμικὴν
1431 589 1758 664 ἀπεκείρατο

96 694 288 768 τρῖχα.
351 688 749 765 Ἀφικομὲνους
809 685 897 740 οὖν
958 683 1153 745 αὐτοὺς
1200 682 1334 754 πρὸς
1375 681 1468 735 τὸν
1527 679 1756 752 Συμεὼν

103 784 191 837 καὶ
227 778 540 854 μέλλοντας
588 782 755 831 κινεῖν
801 775 996 848 λόγους
1056 774 1179 846 περὶ
1241 771 1483 844 εἰρήνης,
1531 769 1759 830 τούτους

108 873 201 944 μὲν
262 869 648 940 ἀπεπὲμψατο,
709 864 866 919 αὐτὸν
918 861 976 917 δὶ
1027 863 1118 917 τὸν
1184 859 1408 936 βασιλέα
1482 858 1760 930 Ῥωμανὸν

103 961 353 1029 ἱπεζήτει
391 956 676 1020 θεάσασθαι
711 973 724 985 ·
774 951 1244 1028 πεπληροφόρητο
1295 949 1397 1023 γὰρ
1435 944 1606 1021 ἄνδρα
1636 967 1762 1000 συν-

105 1052 220 1104 ετὸν
257 1047 421 1102 αὐτὸν
456 1047 587 1099 εἶναι
632 1043 722 1098 καὶ
771 1039 979 1111 ἀληθῆ,
1030 1036 1337 1100 ’Δσπασίως
1386 1034 1443 1091 δὲ
1486 1037 1513 1090 6
1558 1042 1764 1108 Ῥωμα-

103 1141 193 1200 νὸς
226 1136 447 1206 ἰδέξατο
494 1138 677 1188 τοῦτο.
737 1128 1097 1190 Ἀποστείλας
1148 1125 1239 1182 οὖν
1288 1125 1339 1181 ὲν
1390 1130 1467 1196 τῷ
1511 1129 1606 1178 τοῦ
1657 1130 1764 1178 Κο-

99 1225 328 1300 σμιδίου
360 1222 598 1298 αἰγιαλῷ
645 1219 1030 1275 κατεσκεύασεν
1079 1216 1131 1271 ἐν
1159 1220 1229 1288 τῇ
1263 1214 1508 1287 θαλάσσῇ
1542 1214 1766 1288 ὀχυρω-

99 1321 272 1387 τάτην
321 1308 609 1379 ἀπόϐασιν,
673 1310 809 1364 ὥστε
858 1310 962 1377 τὴν
1025 1305 1314 1384 βασιλικὴν
1364 1305 1565 1378 τριήρη
1617 1301 1767 1356 διεκ-

104 1406 386 1460 πλέουσαν
476 1401 526 1455 ἐν
614 1398 750 1471 αὖτῇ
845 1395 1353 1470 προσορμίζεσθαι,
1441 1392 1768 1468 περιφράξας

103 1495 276 1561 αὖτήν
340 1492 602 1553 πάντοθεν
674 1486 1103 1561 διατειχίσμασι,
1176 1483 1350 1539 Μέσον
1418 1480 1475 1536 δὲ
1525 1481 1764 1555 θριγκίον

104 1583 355 1656 γενέσθαι
414 1577 756 1651 προσέταξεν,
816 1570 937 1629 ἔνθα
1012 1571 1287 1643 ἀλλήλοις
1355 1566 1590 1644 ἔμελλον
1644 1571 1768 1642 ὁμι-

107 1670 246 1726 λεῖν.
309 1671 371 1726 Ὀ
432 1665 489 1722 δὲ
539 1666 767 1737 Συμεὼν
837 1661 1162 1722 ἀποστείλας
1218 1659 1477 1735 ἐνέπρησε
1523 1660 1614 1713 τὸν
1672 1664 1770 1726 τῆς

111 1755 413 1833 ὁπεραγίας
444 1755 710 1810 Θεοτόκοο
769 1753 895 1807 ναὸν
949 1752 1040 1806 τὸν
1092 1749 1146 1804 ἐν
1198 1754 1266 1815 τῇ
1298 1752 1481 1823 Πηγῇ,
1515 1749 1574 1801 δν
1607 1748 1635 1801 6
1672 1749 1767 1821 βα-

1872 591 1998 646 sius
2029 591 2402 663 imperatoris
2451 611 2826 664 congressum
2860 600 3150 667 expetere,
3182 614 3356 668 quem
3390 615 3525 669 prc-

1872 685 2026 735 certo
2040 680 2293 736 habebat
2313 683 2503 738 virum
2527 700 2656 740 esse
2683 685 3026 755 prudentem
3049 690 3223 757 atque
3237 703 3522 744 veracem.

1869 770 2216 842 Pergratum
2260 772 2315 826 id
2364 772 2475 828 fuit
2523 774 2808 843 Romano,
2836 774 3112 845 misitque
3141 775 3298 830 illico
3332 779 3430 848 qui
3465 779 3523 832 in

1872 859 2065 914 littore
2087 859 2439 916 Cosmidiiin
2466 863 2613 917 mari
2635 862 3003 918 tutissimum
3028 867 3292 935 egressui
3315 883 3344 922 e
3379 884 3525 922 nave

1873 947 2064 1003 locum
2100 959 2394 1020 pararent,
2426 956 2488 1005 ut
2515 967 2581 1006 eo
2611 953 2987 1022 imperatoria
3029 955 3288 1010 triremis
3319 958 3524 1028 appel-

1874 1036 1992 1090 lere
2023 1043 2241 1107 posset.
2276 1039 2420 1093 Eum
2456 1039 2718 1110 undique
2743 1041 3170 1097 munitionibus
3201 1043 3527 1100 circumde-

1876 1125 1997 1192 dit;
2033 1143 2099 1181 ac
2129 1126 2186 1181 in
2222 1128 2413 1182 medio
2453 1129 2637 1199 jussit
2682 1127 3009 1184 tabulatum
3061 1131 3272 1202 attolli,
3301 1133 3359 1187 in
3415 1151 3530 1205 quo

1876 1219 2043 1270 erant
2072 1214 2436 1272 collocuturi.
2467 1217 2705 1272 Interim
2727 1218 2957 1272 Simeon
2996 1219 3196 1275 missis
3226 1222 3350 1277 suis
3378 1225 3528 1277 tem-

1878 1304 2044 1376 plum
2060 1305 2320 1375 Deiparaa
2335 1305 2652 1360 adFontem
2668 1306 3025 1371 incendit,ab
3046 1307 3382 1364 Justiniano
3396 1327 3532 1366 con-

1879 1394 2089 1447 ditum.
2123 1393 2232 1448 Sed
2265 1398 2322 1448 et
2351 1393 2541 1448 vicina
2571 1394 2792 1449 circum
2817 1397 3016 1449 omnia
3047 1395 3182 1465 igne
3221 1399 3528 1467 vastabat;

1878 1482 2142 1553 satisque
2173 1483 2493 1554 apparebat
2541 1499 2739 1554 pacem
2774 1482 2825 1537 ei
2865 1483 3025 1537 cordi
3075 1500 3192 1539 non
3241 1501 3392 1541 esse.
3422 1491 3532 1542 Ro-

1881 1587 2096 1626 manus
2147 1587 2280 1626 cum
2340 1570 2673 1642 patriarcha
2732 1571 2932 1626 fanum
2999 1572 3419 1631 Blacbernense
3477 1580 3535 1631 et

1879 1665 2122 1714 Sacrum
2153 1659 2497 1731 Sepulcrum
2529 1660 2856 1730 ingressus,
2894 1661 3072 1715 Deum
3106 1669 3540 1734 comprecatus,

1883 1754 2117 1820 accepto
2175 1750 2358 1804 beata:
2416 1749 2677 1820 Virginis
2735 1751 2885 1807 305
2949 1751 3260 1821 humerali,
3320 1753 3539 1824 templo

105 1846 295 1908 σιλεὺς
357 1843 739 1905 Ἰουστινιανὸς
788 1839 1116 1913 ἐδομήσατο,
1174 1836 1522 1911 ἐπυρπόλησε
1581 1833 1638 1889 δὲ
1679 1834 1768 1889 καὶ

1896 1838 2046 1892 exiit.
2070 1840 2337 1910 Cumque
2369 1843 2426 1892 et
2455 1855 2516 1893 se
2547 1838 2860 1909 diligenter
2893 1845 3183 1895 armasset
3211 1846 3268 1894 et
3297 1842 3542 1898 comita-

109 1937 180 1989 τὰ
235 1933 435 2004 κύκλῳ
488 1932 794 2003 σύμπαντα,
853 1929 941 1983 καὶ
1002 1925 1173 1992 δῆλος
1232 1925 1297 1996 ἦν
1359 1925 1418 1980 ἐκ
1463 1923 1654 1978 τούτου
1700 1925 1774 1995 μὴ

128 2025 360 2096 εἰρήνην
399 2024 596 2090 ζητῶν.
646 2020 708 2075 Ὀ
765 2015 822 2071 δὶ
873 2014 1126 2091 βασιλεὺς
1172 2013 1226 2069 ἐν
1268 2019 1346 2085 τῷ
1389 2018 1500 2084 ναῷ
1549 2013 1782 2086 γενόμεσ-

125 2134 220 2176 νος
247 2116 361 2165 τῶν
412 2109 739 2182 Βλαχερνῶν
790 2106 903 2177 ἅμα
957 2109 1038 2175 τῷ
1092 2103 1426 2178 πατριάρχῃ,
1458 2103 1546 2156 καὶ
1605 2101 1656 2156 ἐν
1713 2105 1780 2173 τῇ

121 2201 285 2275 “Ay-fg
322 2203 482 2273 Σορῷ
513 2195 766 2251 εἰσελθὼν
802 2194 890 2249 καὶ
934 2191 1208 2265 ἱκετηρίας
1247 2189 1391 2263 ᾠδὰς
1439 2188 1674 2272 ἀποδοίξς
1705 2195 1783 2261 τῷ

125 2295 266 2361 Θεῷ,
329 2288 391 2342 τὸ
451 2285 766 2362 ὠμοφόριον
800 2284 912 2355 (72)
962 2285 1062 2346 τῆς
1109 2281 1376 2335 Θεὸτόκου
1422 2275 1604 2334 λαϐὼν
1641 2279 1780 2354 ἐξῄει

122 2384 220 2433 τοῦ
271 2381 431 2448 ναοῦ,
500 2373 700 2434 ὅπλοις
781 2371 1044 2449 ἀσφαλέσι
1120 2370 1475 2447 φραξάμενος.
1530 2370 1628 2424 Τὸν
1689 2368 1779 2422 σὺν

125 2471 279 2538 αὸτῷ
341 2466 430 2520 οὖν
491 2461 686 2518 στόλον
747 2462 1028 2533 κοσμήσας
1080 2460 1391 2533 ἁριπρεπῶς
1415 2459 1507 2513 τὸν
1541 2457 1782 2533 ὡρισμέ-

125 2579 214 2610 νον
263 2553 568 2631 κατείληφε
595 2551 785 2619 τόπον,
836 2549 1060 2618 Ἐννάτη
1111 2552 1207 2602 τοῦ
1255 2542 1568 2622 Νοεμϐρίου
1615 2548 1786 2620 μηνὸς

124 2649 195 2714 ἦν
227 2647 324 2700 ὅτε
347 2648 513 2698 ταῦτα
570 2641 800 2715 ἐγίνετο.
835 2639 1159 2714 Παρεγένετο
1219 2634 1276 2691 δὲ
1327 2636 1415 2691 καὶ
1465 2637 1494 2690 6
1535 2636 1785 2708 Συμεὼν,

127 2736 354 2803 πλῆθος
384 2732 718 2808 ἐπαγόμενος
779 2728 856 2789 εἷς
914 2724 1129 2790 πολλὰς
1185 2723 1508 2800 διῃρημένον
1557 2725 1651 2789 τὰς
1679 2747 1785 2780 πα-

129 2823 384 2898 ρατάξεις
412 2821 623 2880 καὶτὰς
658 2817 802 2879 ίδὲας
834 2837 846 2848 ⁸
892 2816 942 2870 οἱ
999 2816 1093 2888 μὲν
1143 2815 1242 2888 γὰρ
1304 2816 1438 2883 ἦσαν
1490 2815 1788 2890 χρυσάσπι-

131 2911 220 2973 δες
250 2912 345 2964 καὶ
393 2915 571 2984 χῖοσᾶ
618 2904 819 2980 δόρατα
876 2903 1117 2979 ἔχοντες,
1150 2904 1201 2958 οἱ
1263 2901 1319 2957 δὲ
1376 2901 1786 2978 ἀργυράσπιδες,

134 3003 186 3056 οἱ
219 2999 278 3054 δὲ
311 2994 713 3074 χαλκάσπιδες,
747 2996 798 3048 οἱ
850 2992 905 3048 δὲ
955 2991 1099 3066 ἄλλῃ
1151 2997 1317 3067 χροιᾷ
1368 2993 1441 3054 ὥς
1473 3014 1547 3061 πη
1583 2991 1790 3064 ἑκάστῳ

133 3088 342 3154 Earini,
378 3086 770 3158 ἓκεκόσμηντο.
821 3082 1029 3143 Οἶτινες
1083 3083 1249 3154 μέσον
1294 3081 1451 3136 αὐτὸν
1503 3080 1790 3158 εἰληφότες

129 3182 224 3233 τὸν
261 3176 498 3248 Συμεὼν
531 3175 605 3236 ὡς
637 3171 863 3247 βασιλέα
893 3171 1170 3249 εὐφήμουν
1204 3171 1486 3243 Ῥωμαϊκῇ
1509 3175 1576 3243 τῇ
1611 3174 1786 3247 φωνῇ.

133 3271 345 3327 Πάντες
369 3264 426 3320 δὲ
459 3266 510 3318 οἱ
527 3263 579 3318 ἐν
607 3263 749 3318 τὲλει
775 3261 864 3315 καὶ
889 3263 916 3316 ὁ
937 3261 1154 3322 ἀστικὸς
1176 3257 1353 3332 δῆμος
1373 3259 1432 3314 ἐκ
1460 3258 1567 3314 τῶν
1589 3263 1790 3334 τειχῶν

133 3358 374 3422 ἐθεῶντο
403 3355 473 3408 τὰ
494 3351 768 3427 δρώμενα.
803 3355 1024 3423 Πρῶτος
1075 3347 1166 3404 οὖν
1218 3347 1248 3403 6'
1295 3347 1549 3424 βασιλεὺς
1578 3351 1791 3421 Ῥωμα-

129 3447 223 3506 eo;
269 3445 378 3511 τήν
439 3441 736 3515 εἰρημένην
794 3434 1105 3513 ἀποϐάθραν
1161 3431 1484 3492 καταλαϐὼν
1537 3437 1626 3492 τὸν
1689 3444 1792 3492 Συ-

137 3535 284 3604 μεὼν
323 3529 627 3606 ἐξεδέχετο.
658 3532 886 3604 Ὅμηρα
930 3525 988 3585 εὶ
1038 3524 1220 3588 δόντες
1253 3524 1551 3596 ἀλλήλοις,
1581 3528 1667 3581 καὶ
1693 3528 1792 3596 τήν

141 3618 466 3695 ἆποϐάθριν
524 3619 574 3674 0i
657 3617 958 3693 Βούλγαροι
1041 3613 1473 3690 διερευνήσαντες
1533 3611 1794 3690 ἀκριϐῶς,

139 3715 218 3782 μή
252 3711 370 3766 πού
401 3731 485 3770 τις
536 3706 696 3768 δόλος
737 3708 772 3776 ἢ
823 3705 1007 3778 ἐνέδρα
1055 3704 1382 3780 κρόπτηται,
1431 3704 1553 3759 τότε
1604 3705 1797 3760 κατελ-

136 3804 249 3855 θεῖν
278 3800 381 3854 τὸν
413 3797 637 3869 Συμεὼν
686 3801 782 3850 τοῦ
824 3794 1000 3850 ’ίππου
1047 3794 1444 3870 προετρέψαντο
1490 3795 1576 3848 καὶ
1629 3792 1800 3849 εἰσελ-

139 3893 250 3944 θεῖν
279 3889 427 3963 πρὸς
478 3887 569 3940 τὸν
630 3883 877 3960 βασιλέα.
924 3883 1260 3938 Ἠσπάσαντο
1309 3887 1436 3956 γοῦν
1489 3880 1797 3952 ἀλλήλους,

140 3981 231 4033 καὶ
288 3977 420 4051 περὶ
490 3974 711 4045 εἲρήνης
783 3973 1015 4047 ἤρξαντο
1093 3970 1459 4046 διαλέγεσθαι.
1528 3974 1612 4029 [Ρ.
1672 3974 1799 4044 624]

143 4067 285 4121 Φασὶ
320 4064 374 4120 δ’
403 4063 495 4118 οὗν
533 4063 700 4118 εἰπεῖν
727 4063 819 4117 τὸν
870 4063 1147 4134 Ῥωμανὸν
1198 4062 1336 4137 πρὸς
1384 4061 1475 4115 τὸν
1526 4062 1752 4132 Συμεών
1785 4077 1796 4091 ·

147 4181 174 4204 ια
229 4152 478 4222 Ἀκήκοά
537 4173 595 4205 σε
661 4151 980 4226 Χριστιανὸν
1054 4147 1336 4226 ἄνθρωπον
1409 4149 1495 4203 καὶ
1550 4145 1798 4218 θεοσεϐῆ,

150 4243 345 4319 βλέπω
409 4239 467 4296 δὲ
519 4240 585 4295 τὰ
635 4234 766 4316 ἔργα
829 4237 1098 4311 μηδαμῶς
1150 4243 1266 4299 τοῖς
1328 4236 1513 4313 λόγοις
1569 4233 1801 4309 συμϐαί-

145 4354 325 4388 νοντα.
393 4329 458 4384 Εἴ
521 4331 613 4402 μὶν
665 4329 769 4402 γὰρ
847 4326 1069 4397 ἀληθῶς
1137 4327 1454 4400 Χριστιανὸς
1519 4327 1800 4401 ὑπάρχεις,

145 4425 348 4485 στῆσον
383 4439 517 4472 ποτε
544 4418 638 4478 τὰς
697 4414 915 4478 ἀδίκους
972 4416 1176 4493 σφαγὰς
1235 4416 1442 4476 καὶτὰς
1477 4415 1662 4490 χόσεις
1692 4419 1798 4470 τῶν

147 4511 385 4564 ἀνοσίων
417 4506 682 4578 αἱμάτων,
715 4506 804 4560 καὶ
859 4511 1074 4560 σπεῖσαι
1134 4505 1251 4576 μεθ’
1307 4505 1467 4576 ἡμῶν
1525 4503 1632 4559 τῶν
1678 4507 1804 4578 Χρι-

151 4604 411 4669 στιανῶν,
447 4596 772 4671 Χριστιανὸς
808 4596 893 4650 καὶ
941 4593 1101 4658 αὐτὸς
1148 4588 1222 4646 ὥν
1255 4592 1343 4647 καὶ
1380 4593 1805 4666 ὀνομαζόμενος,

148 4691 235 4742 καὶ
274 4688 356 4760 μὴ
414 4685 541 4749 ei):
593 4683 924 4757 μολόνεσθαι
967 4687 1295 4757 Χριστιανῶν
1356 4677 1530 4752 δεξιὰς
1585 4681 1802 4755 αἴμασιν

964 4773 1282 4845 ’Ἄνθρωπος
1351 4771 1402 4825 εἴ
1474 4771 1564 4825 καὶ
1621 4770 1804 4841 αὐτὸς,

153 4866 384 4929 Θάνατον
443 4859 766 4939 προσδοκῶν
825 4859 914 4915 καὶ
965 4860 1271 4927 ἀναστασιν,
1323 4859 1414 4913 καὶ
1469 4858 1668 4932 κρίσιν,
1715 4859 1806 4914 καὶ

155 4950 525 5009 ἀνταπόδοσιν
577 4954 686 5005 τῶν
762 4944 1132 5024 βεϐιωμένων.
1211 4949 1463 5022 Σήμερον
1521 4946 1806 5022 ὑπάρχεις,

152 5044 235 5096 καὶ
277 5041 474 5115 αὔριον
529 5038 608 5100 εἲς
660 5037 808 5092 κόνιν
865 5034 1189 5109 διαλυθήσῃ.
1249 5037 1315 5092 Ei
1370 5033 1614 5090 πλούτου
1673 5034 1810 5111 ἐρῶν

150 5130 312 5187 ταῦτα
375 5133 578 5192 ποιεῖς,
636 5125 744 5200 ἐγώ
796 5147 853 5180 σε
911 5124 1109 5180 τούτου
1165 5122 1437 5196 ἐμπλήσω
1491 5125 1564 5186 εἰς
1622 5124 1806 5199 κόρον.

155 5223 330 5276 Μόνον
368 5216 606 5270 ἄσπασαι
637 5218 737 5283 τήν
787 5214 1008 5286 εἰρήνην
1067 5213 1155 5266 καὶ
1216 5214 1498 5288 ἀγάπησον
1548 5213 1644 5280 τὴν
1680 5214 1811 5285 ὁμό-

153 5307 445 5374 ιροιαν,’ἱνα
476 5306 562 5359 καὶ
608 5304 769 5363 αὐτὸς
821 5303 938 5378 βίον
1002 5304 1169 5376 ζήσῃς
1213 5301 1482 5376 εἰρηνικὸν
1532 5303 1621 5356 καὶ
1652 5301 1808 5356 ἁναίο

159 5420 388 5467 gntes,
451 5394 541 5448 καὶ
622 5393 674 5445 οἱ
734 5392 1050 5467 Χριστιανοὶ
1133 5391 1446 5445 παύσωνται
1505 5411 1636 5445 ποτε
1693 5392 1809 5446 κατ’

153 4778 478 4847 ὁμοπίστων
535 4777 888 4847 Χριστιανῶν.

1887 1932 2013 1983 tum
2037 1944 2210 1983 suum
2239 1928 2508 1982 decenter
2529 1929 2902 1994 ornasset,ad
2928 1929 3233 1984 deﬁnitum
3262 1931 3453 1986 locum
3479 1949 3542 1988 se

1889 2017 2155 2072 contulit.
2186 2019 2328 2071 Acta
2385 2015 2506 2070 haec
2563 2033 2719 2072 nona
2775 2016 2868 2072 die
2933 2018 3282 2074 Decembris.
3324 2019 3539 2076 Eodem

1888 2107 2046 2161 venit
2075 2110 2132 2160 et
2162 2105 2874 2170 Simeon,multitudinem
2908 2107 3207 2163 adducens
3239 2108 3417 2166 variis
3446 2126 3543 2165 or-

1892 2195 2131 2250 dinibus
2181 2211 2247 2249 ac
2277 2194 2482 2249 formis
2533 2194 2874 2250 distinctam
2912 2213 2924 2250 :
2963 2195 3058 2250 alii
3094 2213 3347 2268 namque
3377 2203 3546 2254 erant

1891 2285 2087 2338 aureis
2118 2285 2304 2338 scutis
2353 2283 2540 2338 ornati
2593 2287 2650 2338 et
2697 2283 2892 2339 aureis
2943 2284 3153 2351 hastis,
3189 2287 3287 2341 alii
3337 2303 3544 2359 argen-

1892 2373 2002 2427 teis
2035 2371 2273 2444 clypeis,
2294 2371 2393 2427 alii
2425 2373 2612 2440 aereis,
2646 2372 2744 2427 alii
2778 2373 3026 2429 aliorum
3056 2374 3338 2446 colorum,
3374 2382 3547 2447 prout

1893 2463 2105 2532 cuique
2136 2461 2325 2516 visum
2359 2461 2567 2516 fuerat.
2601 2463 2646 2517 Ii
2675 2462 2735 2516 in
2769 2463 3029 2517 medium
3080 2465 3169 2519 sui
3205 2465 3541 2521 Simeonem

1894 2551 2349 2622 recipiebant,ac
2384 2550 2644 2606 Romana
2667 2567 2804 2606 voce
2837 2567 3032 2622 regem
3067 2555 3539 2610 consalutabant.

1895 2641 2110 2694 Omnes
2142 2655 2412 2710 proceres
2442 2643 2499 2693 et
2523 2638 2739 2694 civium
2773 2639 3250 2712 multitudoque
3279 2659 3547 2713 gereren-

1894 2736 2010 2794 tur,
2042 2728 2115 2784 de
2160 2728 2347 2783 muris
2394 2729 2758 2800 spectabant.
2803 2729 2965 2784 Prior
3012 2733 3311 2786 Romanus
3348 2731 3542 2788 locum

1896 2816 2294 2871 exscensionis
2345 2816 2566 2870 dictum
2616 2817 2942 2887 occupavit,
2973 2823 3031 2871 et
3080 2806 3412 2875 Simeonem
3443 2838 3547 2876 ex-

1895 2905 2191 2976 spectavit.
2234 2905 2391 2960 Datis
2423 2905 2576 2960 ultro
2623 2905 2891 2977 citroque
2937 2906 3268 2972 obsidibus,
3301 2908 3544 2981 Bulgari

1897 3012 2030 3050 cum
2061 2994 2253 3050 locum
2280 2994 2586 3066 diligenter
2607 2996 3199 3066 pervestigassent,ne
3220 2998 3352 3068 quis
3373 2999 3548 3054 dolus

1896 3089 1998 3139 aut
2027 3083 2253 3139 insidia:
2298 3083 2563 3151 laterent,
2607 3084 2942 3139 Simeonem
2991 3101 3141 3156 equo
3190 3086 3546 3145 descendere

1897 3174 2205 3243 jusserunt
2255 3178 2311 3226 et
2341 3174 2411 3227 ad
2463 3173 2872 3243 imperatorem
2920 3172 3159 3229 intrare.
3196 3176 3278 3230 Ibi
3315 3193 3448 3232 cum
3483 3195 3548 3234 se

1905 3266 2109 3316 mutuo
2138 3260 2630 3330 consalutassent,
2664 3263 2736 3316 de
2766 3278 2905 3332 pace
2945 3262 3194 3331 colloqui
3226 3272 3548 3334 coeperunt.

1903 3352 1977 3406 Ac
2007 3350 2202 3405 ferunt
2246 3349 2575 3404 Romanum
2621 3349 2742 3406 haec
2787 3351 2963 3408 verba
2992 3353 3064 3406 ad
3113 3352 3432 3425 Bulgarum
3467 3357 3546 3412 fe-

1903 3440 2053 3495 cisse
2083 3456 2099 3496 :
2132 3461 2159 3488 ‹‹
2193 3439 2500 3494 Hominem
2547 3443 2605 3494 te
2649 3456 2778 3496 esse
2823 3439 3225 3498 Christianum
3275 3448 3333 3499 et
3384 3446 3547 3517 pium

1905 3527 2120 3594 audivi,
2154 3528 2253 3582 sed
2288 3528 2441 3583 facta
2468 3531 2570 3582 tua
2600 3527 2770 3583 fama
2803 3529 3043 3585 minime
3082 3534 3458 3602 respondent.
3491 3535 3549 3590 Si

1905 3617 2062 3672 enim
2087 3631 2146 3670 re
2174 3631 2308 3671 vera
2338 3632 2400 3671 es
2428 3616 2820 3683 Christianus,
2848 3617 3025 3672 finem
3055 3622 3292 3676 tandem
3325 3623 3414 3678 fac
3445 3641 3553 3677 cre-

1906 3708 2068 3762 dium
2091 3709 2148 3760 et
2169 3704 2448 3760 fundendi
2467 3705 2775 3775 sanguinis
2794 3705 3392 3780 insontis,pacemque
3414 3727 3548 3766 cum

1909 3795 2078 3850 nobis
2133 3793 2483 3849 Christianis
2532 3791 2900 3848 Christianus
2951 3799 3008 3848 et
3057 3795 3182 3866 ipse
3241 3812 3550 3869 compone,

1910 3899 2098 3954 neque
2129 3883 2214 3937 fac
2244 3887 2309 3936 ut
2333 3883 2542 3936 dextrae
2580 3880 3040 3937 Christianorum
3092 3883 3394 3956 polluatur
3423 3905 3554 3942 san-

1910 3973 2086 4045 guine
2118 3971 2388 4026 eumdem
2421 3971 2718 4025 Christum
2752 3971 3090 4029 colentium.
3123 3973 3307 4030 Homo
3341 3980 3399 4030 et
3427 3977 3556 4048 ipse

1909 4064 2250 4127 es,mortem
2281 4060 2589 4130 opperiens
2605 4063 2662 4113 et
2683 4059 3164 4116 resurrectionem
3191 4068 3249 4118 et
3265 4064 3556 4133 judicium

1911 4167 1978 4206 ac
2008 4149 2244 4219 dignam
2295 4147 2414 4203 vita
2444 4152 2572 4203 acta
2617 4149 2769 4203 306
2799 4151 3148 4206 mercedem.
3177 4152 3357 4209 Hodie
3389 4154 3558 4226 vivis,

1911 4243 1968 4295 et
1999 4254 2129 4292 cras
2161 4238 2219 4291 in
2254 4236 2550 4307 pulverem
2583 4237 2944 4293 dissolveris.
2980 4239 3039 4294 Si
3088 4240 3426 4297 divitiarum
3456 4261 3557 4299 cu-

1911 4326 2126 4399 piditas
2151 4331 2204 4381 te
2227 4327 2297 4380 ad
2322 4326 2442 4381 haec
2467 4326 2693 4397 agenda
2716 4327 2986 4396 impellit,
3004 4344 3108 4400 ego
3132 4331 3201 4384 ad
3226 4331 3556 4388 satietatem

1911 4433 2098 4486 usque
2129 4419 2184 4470 te
2215 4414 2288 4469 iis
2310 4413 2555 4485 opplebo
2581 4432 2594 4470 :
2621 4419 2846 4470 tantum
2900 4433 3100 4487 pacem
3127 4419 3478 4490 amplectere
3507 4426 3565 4477 et

1912 4503 2284 4560 concordiam
2316 4502 2510 4571 dilige,
2545 4508 2608 4557 ut
2638 4503 2764 4575 ipse
2794 4521 3027 4576 quoque
3070 4506 3246 4562 vitam
3297 4515 3561 4579 pacatam

1839 4585 1884 4647 D
1917 4594 2095 4665 degas
2123 4609 2191 4648 ac
2213 4592 2664 4657 incruentam,et
2685 4594 2921 4649 tandem
2946 4593 3266 4651 Christiani
3290 4599 3566 4654 desinant

1915 4686 2116 4737 contra
2140 4697 2201 4737 se
2223 4681 2471 4736 invicem
2522 4698 2689 4736 arma
2709 4682 2879 4738 ferre.
2915 4705 2944 4734 »
2979 4684 3076 4738 His
3110 4686 3308 4742 verbis
3339 4687 3566 4760 hacque

1915 4771 2312 4826 submissione
2365 4770 2736 4840 imperatoris
2784 4772 2853 4826 ad
2890 4774 3299 4830 verecundiam
3352 4776 3566 4832 ductus

1915 4859 2146 4914 Simeon
2197 4858 2466 4930 promisit
2517 4876 2577 4914 se
2618 4876 2818 4930 pacem
2868 4861 3196 4931 facturum;
3228 4868 3283 4918 et
3332 4870 3568 4934 peracta

1918 4947 2270 5003 salutatione
2290 4947 2618 5002 discessum
2645 4953 2896 5014 est,cum
2921 4950 3160 5020 quidem
3189 4954 3570 5023 magnificen-

1916 5036 2149 5092 tissima
2177 5036 2328 5090 dona
2359 5035 2615 5091 Simeoni
2645 5035 2964 5106 imperator
3001 5039 3279 5095 dedisset.
3319 5041 3568 5114 Dignum

1919 5131 2006 5182 est
2037 5123 2220 5180 relatu
2253 5125 2587 5196 prodigium
2619 5125 2773 5195 quod
2797 5130 2939 5180 tunc
2961 5127 3344 5184 accidit.Nam
3378 5131 3573 5186 ferunt

1920 5215 2390 5285 colloquentibus
2421 5212 2786 5287 principibus
2820 5215 2968 5270 duas
2999 5217 3228 5287 aquilas
3260 5235 3438 5290 supra
3471 5236 3570 5276 eos

1917 5303 2214 5372 volitasse,
2249 5308 2304 5358 et
2335 5319 2468 5358 cum
2498 5301 2772 5376 clangore
2798 5321 2861 5360 se
2891 5307 3288 5378 conjunxisse,
3322 5325 3573 5381 moxque

1920 5393 2181 5448 divulsas
2213 5393 2417 5460 fuisse,
2451 5393 2532 5447 ita
2566 5399 2628 5448 ut
2677 5394 2861 5450 altera
2909 5397 2978 5450 ad
3037 5397 3244 5452 urbem
3301 5397 3484 5454 altera
3515 5399 3574 5452 in

1308 5573 1709 5634 XYLANDRI
1755 5574 1856 5634 ET
1898 5574 2133 5635 GOARI
2180 5571 2433 5633 NOTxE.

227 5714 335 5784 (72)
373 5706 745 5782 Ὠμοφορίου,
775 5710 993 5764 vestem
1030 5707 1092 5761 Β.
1128 5704 1377 5777 Virginis
1407 5704 1486 5762 ibi
1518 5703 1857 5776 repositam.
1893 5703 2070 5760 Gem.
