4050 6326
481 419 561 480 39
840 368 841 375 Ν
1826 398 2146 461 GEORGII
2188 398 2529 460 annnam
3806 409 3899 469 ιο

480 550 785 608 Thraciam
814 544 1083 601 avolaret.
1119 540 1202 606 1d,
1235 538 1335 609 qui
1366 533 1613 607 augurio
1645 531 1865 603 aliquid
1902 532 2118 587 tribue-

2242 528 2500 600 ἰλλήλων
2552 531 2697 587 ὅπλα
2752 537 3044 595 κινοῦντες.
3080 557 3108 586 n
3164 534 3261 589 Καὶ
3324 540 3489 590 ταῦτα
3550 537 3644 608 μὶν
3677 538 3821 592 εἶπεν
3863 540 3892 592 6

484 646 641 705 bant,
676 639 903 707 signum
954 629 1392 700 inauspicatum
1441 621 1809 694 interpretati
1860 624 2018 685 sunt,
2070 626 2127 674 et

2242 617 2514 694 βασιλεὺς,
2548 619 2809 685 αἰδεσθεὶς
2859 619 2915 676 δὲ
2965 624 2992 676 6
3049 625 3275 696 Συμεὼν
3319 627 3418 695 τὴν
3459 625 3652 680 τοὺτου
3692 626 3889 681 ταπεί-

480 732 693 785 infecta
722 741 861 799 pace
916 722 1240 777 discessum
1274 715 1344 769 iri
1386 712 1750 784 judicarunt.
1785 710 2020 765 Simeon
2052 708 2123 763 ad

2242 727 2400 761 νωσιν
2436 708 2703 784 ὑπέσχετο
2749 712 2847 778 τήν
2895 709 3118 786 εἷ’ρηνην
3169 714 3519 782 ποιήσασθαι.
3555 715 3660 770 Καὶ
3706 715 3889 769 ἀσπα-

480 837 617 876 suos
649 831 916 873 reversus
947 808 1285 883 proceribus
1317 801 1775 859 moderationem
1821 799 2127 869 imperato-

2242 797 2461 883 σάμενοι
2536 796 2824 867 ἀλλήλους
2920 796 3378 874 διεχωρίσθησαν,
3454 806 3551 856 τοῦ
3614 802 3891 876 βασιλέως

479 910 559 965 ris
594 912 651 963 et
680 881 1088 961 liberalitatem
1120 894 1397 952 narravit.
1743 970 1752 987 Ι

2242 881 2437 987 δὲὒροις
2485 885 2919 987 μεγαλοπρεπέσι
3001 886 3401 961 δεδιωσαμίνου
3476 892 3568 945 τὸν
3628 892 3887 963 Συμεών.

481 989 803 1068 Συμϐέϐηκε
856 988 914 1044 δὲ
966 1010 1019 1042 τι
1069 984 1344 1058 τεράστιον
1404 978 1544 1045 τότε,
1605 978 1678 1037 ὡς
1725 970 1867 1068 ᾅξιον
1928 974 2060 1027 εἶναι
2117 971 2210 1068 καί
2266 970 2643 1068 διηγήσασθαι.
2699 975 2802 1031 Δύο
2860 977 3018 1050 φασὶν
3074 978 3261 1040 ἀετοὺς
3288 983 3396 1033 τῶν
3434 977 3699 1055 βασιλέων
3754 981 3886 1053 ὁμι-

478 1086 715 1142 λούντων
775 1079 974 1136 ἄνωθεν
1036 1076 1210 1131 αὐτῶν
1273 1072 1631 1140 ὑπερπτῆναι,
1695 1062 1920 1137 κλάγξαι
1983 1083 2040 1116 τε
2125 1061 2215 1116 καὶ
2302 1062 2575 1134 ἀλλήλοις
2650 1069 2914 1140 συμμῖξαι
2970 1068 3056 1121 καὶ
3110 1067 3415 1143 παραυτίκα
3469 1066 3857 1145 διαζενχθῆναι

480 1115 715 1142 Λυυντων
775 1115 974 1136 ςινυυυιν
1036 1115 1208 1131 υιυυυυν
1274 1115 1631 1140 ἰ’-νιν·’νΓν-*Ι
1697 1115 1881 1137 ·“’·”ιγ
2000 1115 2005 1116 ⁷
2170 1115 2173 1116 ⁷
2309 1115 2574 1134 """'I""‘
2655 1115 2706 1119 "
2819 1115 2914 1121 ""
2971 1115 3056 1121 ""'
3117 1115 3182 1121 ""
3225 1115 3415 1123 """"‘
3474 1115 3557 1124 ""
3595 1115 3638 1123 "
3735 1115 3857 1123 ”’“

477 1176 562 1229 καὶ
611 1174 702 1227 τὸν
765 1172 856 1243 μὲν
912 1166 998 1221 ἐπὶ
1055 1165 1153 1232 τὴν
1200 1159 1361 1216 πόλιν
1397 1156 1597 1224 ἐλθεῖν,
1642 1153 1735 1208 τὸν
1779 1149 1836 1206 δέ
1883 1150 1975 1205 ἐπέ
2019 1151 2118 1218 τήν
2166 1151 2379 1226 Θρᾴκην
2432 1115 2975 1223 ἀποπτῆναῑΓΊῗοῦτο
3009 1153 3065 1209 δὲ
3096 1156 3147 1209 οἱ
3188 1115 3309 1229 ξτερὶ
3340 1158 3433 1218 τὰς
3467 1115 3887 1232 ὀρνῖθοζέοζτίαέ

476 1233 806 1333 ἐπτοημένοι
865 1258 967 1313 οὐκ
1023 1254 1193 1308 αἶσιον
1255 1248 1464 1324 ἔκριναν
1553 1241 1745 1299 οὶωνόν
1782 1258 1795 1273 °
1875 1233 2223 1333 qaup6ai'copc
2319 1241 2423 1315 γὰρ
2503 1239 2923 1313 διαλυθήσεσθαι
3011 1243 3098 1298 ἐπὶ
3159 1248 3226 1317 τῇ
3286 1243 3475 1321 εῗρήνῃ
3538 1247 3886 1322 ἀμφοτέρους

477 1262 806 1333 ἐπτοημένοι
865 1258 967 1313 οὐκ
1023 1254 1193 1308 αἶσιον
1255 1248 1464 1324 ἔκριναν
1553 1244 1795 1346 οὶωνόνο
1875 1244 2223 1311 ἀσυμόάτους
2319 1244 2423 1315 γὰρ
2503 1244 2923 1313 διαλυθήσεσθαι
3011 1244 3098 1298 ἐπὶ
3159 1248 3226 1317 τῇ
3286 1244 3475 1321 εῗρήνῃ
3538 1244 3989 1361 ἀμφοτέρουςλ

477 1352 701 1427 ἔφησαν,
752 1351 814 1405 Ὁ
871 1345 928 1401 δὶ
991 1342 1213 1415 Συμεὼν
1273 1333 1813 1427 ὗποστρέψαςᾼτοις.
1861 1327 2083 1389 οἰκείοις
2150 1326 2381 1405 ἄρχουσι
2454 1333 2552 1399 τὴν
2623 1337 2719 1387 τοῦ
2783 1333 3050 1406 βασιλέως
3106 1333 3346 1409 ἐξηγεῖτο
3404 1334 3732 1407 μετριότητα
3787 1336 3887 1390 καὶ

477 1417 536 1496 r6
566 1417 701 1517 πρὸς
729 1440 796 1493 τὰ
816 1439 926 1513 χρή
941 1454 1080 1507 ματα
1109 1428 1394 1506 προετικόν
1426 1446 1485 1480 τε
1513 1423 1603 1478 καὶ
1634 1417 1961 1492 ἐλευθέριον.

550 1508 711 1588 Festo
743 1508 956 1585 Christi
1012 1522 1298 1587 natalitio,
1344 1516 1663 1571 indictione
1711 1510 1989 1575 secunda,
2026 1508 2129 1563 Ro-

479 1638 691 1676 manus
714 1621 861 1674 duos
882 1632 1021 1671 suos
1040 1612 1189 1667 filios
1215 1608 1573 1679 Stephanum
1596 1607 1652 1657 et
1676 1597 2123 1655 Constantinum

412 1756 415 1773 ,
477 1716 717 1765 coronat
764 1708 824 1761 in
872 1706 1080 1775 Magno
1110 1697 1348 1769 Templo
1382 1713 1395 1749 :
1433 1693 1721 1764 reliquum
1763 1686 2125 1757 Theophyla-

476 1807 632 1853 ctum
661 1796 990 1868 patriarcha
1013 1791 1166 1845 radit
1213 1804 1279 1842 ac
1301 1783 1576 1840 clericum
1602 1779 1760 1843 facit,
1790 1783 1847 1832 et
1876 1776 2116 1830 subdia-

475 1904 684 1942 conum
710 1902 775 1940 ac
798 1877 1566 1955 syncellumdesignat,cum
1585 1869 1747 1941 prius
1767 1866 1826 1919 in
1850 1868 2113 1919 sanctua-

2313 1509 2455 1563 Κατά
2486 1506 2543 1563 δέ
2571 1512 2669 1578 τήν
2726 1511 2917 1584 ἑορτὴν
2977 1516 3086 1566 τῶν
3136 1509 3569 1586 Χριστουγέννων
3606 1509 3885 1567 ἲνδικτιῶ-

2236 1618 2326 1658 νος
2360 1599 2424 1673 β’,
2459 1599 2736 1671 Ῥωμανὸς
2789 1601 2816 1653 ὁ
2879 1599 3130 1675 βασιλεὺς
3192 1600 3369 1678 στέφει
3425 1602 3553 1665 τοὺς
3601 1600 3694 1655 δύο
3726 1602 3885 1663 υἱοὺς

2201 1686 2421 1783 γαύτοῦ,
2486 1690 2750 1765 Στέφανον
2788 1690 2875 1743 καὶ
2940 1695 3361 1757 Κωνσταντῖνον,
3418 1690 3469 1744 έν
3530 1695 3598 1763 τῇ
3653 1689 3888 1765 Μεγάλῃ

2200 1775 2543 1880 ἕιεκκλησίψ
2576 1779 2667 1831 τὸν
2701 1775 2758 1831 δὶ
2816 1776 3012 1831 λοιπὸν
3060 1778 3177 1832 υἱὸν
3233 1778 3397 1832 αὐτοῦ
3448 1776 3826 1856 Θιοφύλακτον
3855 1780 3885 1832 6

2229 1868 2575 1940 πατριάρχης
2635 1866 2884 1940 ἀπέκειρε
2940 1866 3232 1940 κληρικὸν,
3273 1870 3665 1941 χειροτονήσας
3719 1866 3884 1920 αὐτὸν

477 1978 628 2030 rium
653 1974 930 2027 intrasset
952 1968 1211 2023 officium
1227 1958 1571 2017 subdiacoui
1596 1953 2117 2028 gerens.Joannem

2242 1949 2603 2019 3n08idxovov,
2650 1954 3145 2027 προχειρισάμενος
3214 1953 3301 2006 καὶ
3362 1951 3686 2027 σύγκελλον,
3741 1952 3886 2028 πρό-

476 2082 647 2136 porro
680 2061 991 2134 mysticum
1026 2064 1083 2112 et
1113 2049 1629 2126 gubernandarum
1672 2059 1865 2098 rerum
1898 2039 2120 2095 socium

476 2132 715 2227 patricia
747 2132 904 2207 V307
968 2167 1034 2204 ac
1094 2142 1495 2218 proconsulari
1553 2136 1838 2208 dignitate
1896 2132 2125 2187 ornavit

474 2248 812 2314 imperator.
875 2240 977 2294 Die
1033 2236 1166 2290 Maii
1225 2233 1451 2287 decima
1518 2227 1745 2298 quinta,
1809 2220 2125 2276 indictione

473 2330 929 2395 tertia,moritur
958 2324 1234 2381 Nicolaus
1269 2317 1617 2391 patriarcha,
1638 2329 1773 2369 cum
1805 2329 1839 2365 a
1868 2309 2128 2365 secunda

475 2420 881 2492 designatione
914 2431 1133 2471 munus
1165 2428 1338 2467 suum
1389 2407 1671 2480 gessisset
1722 2417 1909 2457 annos
1939 2398 2126 2453 trede-

474 2512 607 2564 cim.
644 2514 908 2578 Augusto
955 2520 1153 2559 mense
1185 2514 1491 2556 successor
1520 2495 1570 2549 ei
1621 2497 1854 2547 creatur
1892 2486 2124 2557 Stepha-

477 2616 607 2659 nus.
642 2576 891 2650 Amasiaa
923 2589 1316 2662 metropolita.
1354 2588 1527 2640 Porro
1561 2581 1845 2653 mysticus
1880 2576 2134 2656 affectati

474 2687 703 2758 imperii
737 2687 1014 2749 defertur,
1051 2682 1121 2735 ad
1158 2682 1264 2733 hoc
1301 2694 1444 2731 usus
1496 2671 1740 2726 consilio
1784 2670 2003 2723 Cosmm
2040 2679 2133 2734 pa-

473 2776 625 2832 tricii
659 2774 962 2847 logothetaa
997 2774 1210 2832 dromi,
1243 2767 1343 2837 qui
1376 2779 1512 2818 eum
1545 2761 1659 2816 sibi
1693 2772 1970 2829 generum
2007 2769 2129 2807 ain-

481 2868 691 2930 liiebat,
720 2844 777 2918 et
810 2861 1027 2933 palatio
1059 2858 1312 2925 ejicitur,
1349 2851 1634 2924 permisso
1685 2854 1880 2901 tamen
1915 2848 1977 2897 ut
2003 2844 2133 2896 ado-

477 2953 646 3008 randi
676 2951 1049 3023 imperatoris
1081 2962 1259 3001 causa
1290 2944 1345 2996 id
1380 2939 1797 3010 ingrederetur.
1832 2933 1975 2987 Nam
2021 2932 2127 2984 im-

476 3049 706 3114 perator
734 3021 867 3096 eum
899 3040 1201 3107 diligebat,
1236 3034 1483 3101 ideoque
1535 3041 1775 3098 prorsus
1824 3021 2128 3076 excludere

478 3133 727 3187 nolebat.
765 3128 1131 3184 instantibus
1182 3130 1378 3177 tamen
1434 3114 1892 3176 accusatoribus,
1927 3114 1984 3164 et
2014 3109 2124 3163 cri-

481 3224 641 3276 mina
670 3222 718 3276 ei
754 3222 982 3288 objecta
999 3232 1131 3270 vera
1155 3228 1284 3267 esse
1305 3200 2127 3269 demonstrantibus,impera-

2231 2061 2383 2114 τερον
2413 2039 2695 2103 διελθόντα
2728 2040 2802 2101 εἰς
2834 2041 2898 2094 τὰ
2956 2038 3085 2115 ἅγια
3146 2042 3278 2113 μετά
3325 2046 3422 2095 τοῦ
3462 2043 3738 2115 τάγματος
3770 2047 3886 2095 τῶν

2235 2128 2626 2184 ὑποδιακόνων.
2689 2131 2948 2203 Ἐτίμησε
2980 2127 3034 2183 δὲ
3090 2131 3178 2185 καὶ
3238 2132 3327 2185 τὸν
3389 2131 3644 2203 μυστικὸν
3693 2133 3885 2185 Ἰωάν-

2233 2241 2325 2288 νην
2409 2218 2498 2272 καὶ
2582 2216 3117 2293 παραδυναστεύοντα
3214 2219 3496 2293 πατρίκιον
3586 2220 3674 2274 καὶ
3761 2221 3887 2274 ἀνθ.

2238 2308 2458 2363 ύπατον.
2498 2310 2551 2361 ιε’
2585 2305 2641 2362 δί
2688 2306 2863 2361 Μαῖου
2925 2308 3118 2379 μηνὸς,
3170 2305 3513 2370 ίνδικτιῶνος
3543 2310 3609 2383 γ’,
3650 2306 3885 2378 τελευτᾷ

2238 2399 2265 2451 6
2316 2399 2662 2471 πατριάρχης
2719 2396 3009 2465 Νικόλαος,
3068 2399 3342 2471 κρατήσας
3406 2397 3457 2451 έν
3527 2402 3596 2471 τῇ
3656 2395 3883 2471 δευτέρᾳ

2238 2485 2527 2559 ἀναρῥήσει
2578 2481 2672 2555 ἕτη
2725 2487 2794 2560 ιγ’
2828 2505 2840 2517 °
2901 2486 2989 2539 καὶ
3053 2485 3367 2548 καθίσταται
3419 2485 3710 2559 Αὐγούστῳ
3743 2486 3881 2558 μηνὶ

2238 2574 2584 2648 πατριάρχης
2638 2576 2665 2628 6
2721 2581 2819 2642 τῆς
2877 2574 3165 2645 Ἀμασείας
3230 2572 3647 2648 μητροπολίτης
3677 2574 3887 2648 Στέφα-

2238 2684 2351 2723 νος.
2392 2664 2747 2736 Κατηγορήθη
2779 2660 2835 2716 δὲ
2864 2662 2953 2716 καὶ
3000 2663 3027 2715 6
3082 2663 3337 2735 μυστικὸς
3366 2662 3442 2725 ὠς
3467 2664 3565 2729 τὴν
3600 2662 3884 2736 βασιλείαν

2241 2750 2706 2825 σφετεριζόμενος,
2756 2751 2846 2804 καὶ
2924 2750 3168 2823 ύποθήκῃ
3243 2756 3339 2805 τοῦ
3424 2752 3710 2825 πατρικίου
3772 2758 3887 2806 Κο-

2239 2846 2350 2912 σμᾶ
2380 2843 2492 2913 (73)
2523 2840 2611 2893 καὶ
2666 2838 2957 2912 λογοθέτου
3003 2844 3099 2894 τοῦ
3158 2838 3389 2915 δρόμου,
3444 2840 3890 2912 μνηστευομένου

2237 2934 2426 2984 τοῦτον
2473 2929 2548 2992 εἷς
2584 2932 2683 2998 τὴν
2743 2929 2931 2982 ἑαυτοῦ
2989 2929 3271 3004 θυγατέρα,
3330 2924 3751 2997 καταϐιϐάζεται
3785 2935 3888 2983 τοῦ

2236 3017 2530 3073 παλατίου.
2586 3023 2966 3092 Συγχωρεῖται
3042 3015 3087 3071 δ’
3164 3020 3317 3089 ὅμως
3391 3018 3731 3093 εἷσάργεσθαι
3791 3017 3888 3072 καῖ

2236 3113 2557 3182 προσκυνεῖν
2594 3108 2685 3161 τὸν
2750 3105 3012 3179 βασιλέα·
3077 3107 3310 3180 στέργων
3362 3107 3465 3181 γὰρ
3516 3105 3673 3160 αὐτὸν
3708 3107 3735 3160 6
3790 3107 3890 3181 βα-

2237 3195 2429 3257 σιλεὺς.
2462 3195 2665 3257 τελέως
2719 3195 3032 3249 ἀπώσασθαι
3093 3197 3195 3249 οὐκ
3264 3190 3545 3250 ἐϐούλετο.
3598 3197 3884 3270 Ἐγκειμέ-

476 3318 567 3364 tor
597 3326 718 3364 rem
754 3311 1177 3378 perscrutatus,
1210 3316 1344 3354 cum
1378 3294 1839 3366 deprehenderet
1869 3306 1982 3343 non
2015 3287 2118 3341 ali-

2242 3307 2336 3339 νων
2390 3284 2447 3339 δὲ
2489 3290 2595 3339 τῶν
2651 3284 2970 3359 κατηγόρων
3047 3284 3135 3338 καὶ
3194 3291 3335 3358 σαφῆ
3398 3282 3718 3339 διεκνύντων
3775 3285 3883 3353 τὴν

478 3404 565 3453 ter
594 3414 764 3469 quem
797 3398 835 3450 ii
868 3393 1191 3449 retulerant
1222 3390 1454 3453 habere,
1487 3397 1692 3453 capere
1724 3378 2035 3450 mysticum
2068 3380 2124 3430 et

481 3487 833 3557 qumstiones
865 3486 935 3538 de
967 3498 1032 3537 eo
1065 3494 1328 3534 exercere
1365 3469 1756 3536 slatuit.0uod
1790 3468 1841 3522 is
1869 3482 2125 3537 praesen-

479 3578 633 3630 tiens
689 3575 749 3629 in
812 3569 1234 3627 monasterium
1306 3566 1782 3619 Monocastanum
1843 3554 2124 3625 confugit,

484 3665 682 3734 ibique
734 3660 1059 3717 monachus
1108 3661 1198 3711 est
1247 3656 1456 3709 factus.
1492 3647 1804 3704 Patricium
1855 3649 2122 3699 Cosmam

478 3752 835 3824 logothetam
869 3752 925 3804 in
959 3744 1603 3817 Horologioimperator
1634 3737 1783 3791 male
1814 3734 2122 3788 multatum

480 3842 673 3896 cilicio
719 3840 1012 3912 deposuit.
1050 3837 1194 3891 Loco
1236 3831 1462 3904 mystici
1506 3825 1812 3884 substituit
1864 3828 2122 3893 protove-

480 3931 751 3985 stiarium
797 3909 1217 3996 Theophanem
1251 3929 1308 3977 et
1359 3920 1560 3974 eadem
1614 3917 1897 3985 potestate
1943 3909 2124 3966 auxit.

479 4020 601 4074 Sub
634 4020 787 4073 idem
840 4024 1075 4085 tempus
1106 4014 1165 4065 in
1198 4010 1445 4065 Thracia
1474 4014 1641 4059 terrea
1676 4007 1868 4057 motus
1903 4000 2123 4053 hiatus-

479 4123 593 4179 que
625 4105 915 4160 terribiles
947 4104 1202 4163 t'uerunt,
1240 4098 1553 4164 multaeque
1582 4095 1793 4146 domus
1822 4094 1878 4143 ct
1908 4088 2127 4157 templa

481 4214 598 4252 una
626 4210 759 4249 cum
790 4194 931 4263 ipsis
963 4188 1302 4245 hominibus
1334 4185 1608 4252 absorpta
1636 4184 1794 4235 sunt.

554 4462 705 4517 Maio
736 4474 956 4523 mense,
991 4455 1309 4511 indictione
1340 4452 1424 4516 15,
1458 4449 1691 4503 Simeon
1742 4445 2126 4516 Bulgarorum

486 4553 756 4624 princeps
789 4550 847 4602 in
880 4547 1201 4603 Chrobatos
1249 4541 1450 4605 duxit;
1485 4538 1557 4592 ab
1589 4537 1777 4606 iisque
1820 4534 1878 4587 in
1913 4550 2128 4604 angus-

482 4642 581 4696 tiis
606 4638 897 4694 montium
920 4633 1121 4707 prmlio
1150 4633 1339 4687 victus
1366 4643 1602 4685 omnem
1626 4640 1799 4680 suum
1826 4622 2131 4678 ποδαπή·
2166 4666 2211 4731 D

484 4726 1174 4786 sitexercitumJoannes
1189 4727 1382 4775 autem
1400 4716 1637 4788 quidam
1653 4711 2132 4785 astronomusRo-

486 4834 725 4873 manum
779 4814 1045 4879 accessit,
1076 4825 1328 4880 eun-.que
1375 4806 1605 4860 monuit
1649 4801 1730 4856 uti
1781 4801 1979 4854 mittat
2026 4797 2129 4852 ali-

489 4924 663 4980 quem
717 4905 818 4976 qui
879 4906 1141 4974 amputet
1200 4901 1375 4969 caput
1432 4893 1897 4960 columnae,qua3
1954 4905 2132 4959 supra

490 4977 800 5067 Xerolophi
823 4992 1102 5048 fornicem
1136 4988 1324 5060 posita
1354 4984 1713 5039 occidentem
1740 4977 2089 5049 respiciebat
2116 4993 2128 5031 :

493 5086 573 5140 ita
602 5087 759 5139 enim
784 5083 1138 5143 Simeonem,
1171 5077 1262 5131 cui
1290 5075 1389 5129 illa
1411 5070 1606 5127 fatalis
1627 5073 1769 5133 erat,
1803 5068 2002 5122 statim
2036 5083 2132 5136 pe-

486 5177 759 5230 riturum.
796 5172 1115 5226 Exsecutus
1136 5167 1247 5221 hoc
1269 5169 1355 5219 est
1399 5162 1715 5233 imperator
1739 5175 1751 5211 :
1771 5164 1819 5211 et
1854 5172 1969 5226 qua
1991 5155 2134 5210 hora

2229 3373 2586 3448 κατηγορίαν,
2653 3377 2735 3446 [Ρ.
2793 3374 2919 3446 625]
2979 3372 3269 3446 ἐρευνήσας
3348 3375 3376 3428 ὁ
3458 3372 3714 3448 βασιλεὺς
3788 3374 3884 3427 καὶ

2232 3462 2416 3532 ἀληθῆ
2445 3463 2511 3516 τὰ
2538 3464 2655 3516 κατ’
2702 3461 2866 3516 αὐτοῦ
2921 3461 3090 3535 εὑρὼν
3140 3460 3449 3531 λαληθέντα
3481 3460 3682 3534 ἔμελλε
3710 3482 3885 3515 κατα-κ

2234 3558 2383 3627 σχεῖν
2416 3550 2503 3604 καὶ
2560 3550 2792 3620 ἰξετάσαι
2830 3569 2841 3580 ·
2880 3551 2907 3604 6
2973 3547 3032 3603 δὲ
3085 3554 3246 3604 τοῦτο
3298 3551 3572 3624 προγνοὺς
3603 3570 3746 3626 φυγῃ
3778 3551 3883 3618 τήν

2232 3642 2639 3695 Μυνοκάστανον
2706 3639 2873 3709 μονὴν
2940 3635 3347 3709 καταλαμϐάνει
3421 3640 3509 3693 καὶ
3597 3638 3882 3714 ἀποκείρε-

2230 3751 2318 3784 ται
2379 3724 2638 3802 μοναχός.
2672 3729 2769 3781 Τὸν
2806 3724 2862 3781 δὲ
2892 3726 3174 3796 πατρίκιον
3212 3733 3425 3799 Κοσμᾶν
3464 3728 3552 3781 καὶ
3585 3726 3886 3802 λογοθέτην

2234 3818 2578 3890 αἷῖκισάμενος
2637 3819 2665 3872 6
2696 3816 2949 3891 βασιλεὺς
3010 3815 3060 3869 ἐν
3122 3821 3199 3887 τῷ
3246 3815 3563 3892 ὡρολογείῳ
3610 3813 3884 3889 παρέλυσε

2229 3916 2330 3977 τῆς
2394 3908 2595 3981 ἀρχῆς.
2676 3900 3058 3979 Ηροϐάλλεται
3148 3902 3205 3958 δὲ
3288 3905 3403 3959 ἀντὶ
3462 3909 3556 3959 τοῦ
3618 3910 3884 3977 μυστικοῦ

2234 3998 2481 4053 Ἰωάννου
2532 3996 2621 4049 τὸν
2679 3988 3174 4067 πρωτοϐεστιάριον
3235 3996 3514 4068 Θεοφάνην
3574 3990 3880 4067 παραδυνα-

2234 4086 2505 4140 στεύοντα.
2571 4084 2812 4157 Ἐγένετο
2864 4086 3161 4150 τηνικαῦτα
3235 4083 3324 4137 καὶ
3412 4083 3633 4155 σεισμὸς
3688 4081 3738 4136 ἐν
3799 4088 3884 4154 τῷ

2235 4175 2425 4245 Θέματι
2484 4177 2590 4225 τῶν
2652 4172 2972 4242 Θρᾳκησίων
3015 4169 3104 4223 καὶ
3163 4171 3421 4244 χάσματα
3459 4177 3562 4244 γῆς
3594 4169 3882 4241 καταπλη-

2233 4262 2411 4330 κτικά,
2445 4260 2582 4315 ὥστε
2610 4258 2796 4314 πολλά
2838 4258 3020 4333 χωρία
3070 4258 3159 4312 καὶ
3214 4257 3507 4328 ἐκκλησίας
3547 4256 3885 4333 αὐτάνδρους

2234 4351 2624 4417 καταποθῆναι.

2308 4437 2468 4510 Μαΐῳ
2500 4435 2555 4491 δὲ
2590 4437 2744 4508 μηνὶ,
2788 4433 3125 4496 ἷνδικτιῶνος
3177 4442 3254 4505 ιε’,
3297 4429 3555 4504 εἰσϐολὴν
3592 4437 3819 4508 Συμεὼν
3853 4438 3885 4491 6

2238 4535 2335 4596 τῆς
2395 4523 2739 4599 Βουλγαρίας
2791 4522 2976 4598 ἅρχων
3061 4522 3357 4593 ἐποιήσατο
3438 4526 3573 4577 κατά
3647 4520 3885 4599 Χρωϐάο

2239 4638 2345 4671 των
2380 4618 2512 4689 (74),
2544 4612 2633 4667 καὶ
2668 4606 2964 4684 συμϐαλὼν
3027 4617 3142 4683 μετ’
3198 4611 3377 4666 αὐτῶν
3427 4612 3517 4665 καὶ
3548 4613 3799 4681 ἡττηθεὶς
3833 4613 3889 4667 ἐν

2241 4711 2359 4766 ταῖς
2388 4709 2493 4758 τῶν
2519 4703 2658 4777 ὀρῶν
2721 4698 3053 4775 δυσχωρίαις
3102 4697 3237 4754 ἅπαν
3286 4701 3349 4754 τὸ
3410 4700 3605 4754 ἑαυτοῦ
3635 4698 3890 4756 ἀπώλεσε

2242 4796 2567 4865 στράτευμα.
2604 4791 2858 4859 Ἰωάννης
2912 4787 2970 4843 δὲ
3020 4810 3103 4851 τις
3164 4789 3503 4861 ἀστρονόμος
3564 4789 3886 4863 προσελθὼν

2239 4889 2318 4956 τῷ
2350 4880 2564 4958 βασιλεῖ
2606 4876 2799 4956 ἔφησεν
2856 4878 2930 4939 ὡς
2988 4878 3033 4932 εἰ
3083 4877 3299 4951 πέμψας
3359 4878 3623 4951 ἀποκόψει
3664 4880 3762 4946 τήν
3794 4899 3887 4932 κε-

2243 4971 2422 5051 φαλὴν
2462 4976 2559 5039 τῆς
2620 4968 2915 5040 ἱσταμένης
2962 4964 3159 5020 ἄνωθεν
3215 4974 3314 5036 τῆς
3365 4967 3416 5021 έν
3443 4972 3522 5039 τῷ
3564 4966 3889 5045 Ξηρολόφῳ

2244 5058 2435 5135 ἁψῖδος
2464 5057 2553 5112 καὶ
2585 5060 2720 5131 πρὸς
2761 5052 2906 5109 δύσιν
2969 5053 3281 5130 βλεπούσης
3330 5055 3542 5125 στήλης
3585 5059 3717 5129 (75),
3750 5056 3889 5111 ἀπο-

2245 5154 2481 5216 θανεῖται
2515 5146 2542 5199 ὁ
2577 5144 2800 5215 Συμεὼν
2856 5142 3158 5215 παραυτίκα
3192 5162 3202 5173 '
3237 5141 3383 5213 αὐτῷ
3432 5144 3532 5217 γάρ
3564 5142 3894 5217 ἐστοιχειῶ..

1622 5318 2021 5380 XYLANDRI
2068 5320 2168 5380 ET
2213 5313 2451 5379 GOARI
2495 5307 2752 5369 ΝΟΤιΈ.

559 5468 669 5539 (73)
700 5462 1115 5539 Hunciocum,
1145 5462 1384 5539 secutus
1439 5455 1801 5539 conjecturas
1826 5454 1973 5537 et'ea
1992 5466 2131 5539 “qius:

488 5521 843 5611 sequuntur,
878 5536 957 5589 ita
987 5521 1144 5611 nle‘gi‘,
1176 5535 1238 5583 ut
1294 5529 1341 5582 si
1396 5527 1483 5579 καί
1534 5521 1645 5606 non
1692 5526 1830 5611 ante
1882 5521 2132 5611 amorim

489 5596 589 5669 sed
650 5615 785 5666 ante
833 5596 1260 5669 ’καταϐιϐάζεται
1317 5596 2140 5669 essetscriptum._Apparet

489 5665 664 5741 enim
696 5682 965 5735 Cosmam
1010 5665 1220 5748 genero
1243 5688 1349 5726 suo
1397 5668 1607 5724 favisse
1647 5665 1781 5721 etin
1816 5665 2139 5718 affectando

844 5748 922 5759 ιιι.
988 5748 997 5759 ο
1088 5747 1097 5757 ι
1397 5757 1429 5759 γ,
1495 5746 1507 5759 Α
1539 5740 1916 5759 ,_--._I_L_-l_-_
1954 5737 1997 5759 ,Ξ
2033 5738 2135 5759 ιι--;ι

494 5737 673 5828 rrgno
697 5737 1227 5818 consiliisjiivissc,
1260 5757 1438 5814 quare
1461 5746 1514 5797 et
1538 5740 1919 5811 magistratus
1948 5737 1998 5792 ei
2033 5738 2142 5791 fuit

2244 5448 2583 5515 abrogatus,
2612 5444 2678 5492 ut
2708 5438 2951 5515 minime
2983 5439 3224 5515 credam
3254 5438 3362 5491 hoc
3394 5437 3596 5508 judice
3635 5436 3721 5491 vel
3754 5455 3896 5493 auc-

2246 5525 2371 5575 tore
2392 5509 2718 5585 mysticum
2754 5511 2935 5585 fuisse
2966 5510 3098 5585 a1_ila
3131 5509 3386 5580 pulsum.
3418 5510 3551 5563 XYL.

2318 5589 2429 5655 (74)
2462 5576 2755 5657 Χραᾷάτων
2786 5581 2963 5657 habet
2994 5576 3269 5657 Zonaras.

2321 5650 2433 5730 (75)
2471 5650 2709 5730 Στήλης,
2732 5654 3050 5730 Αεὶιπιίίασνί,
3085 5662 3303 5709 statua.
3338 5650 3401 5706 Ei
3432 5666 3686 5722 namque
3717 5655 3901 5722 caput

2251 5724 2463 5805 dejecit
2493 5728 2831 5798 imperator.
2860 5724 3039 5786 Goan.
