4036 6330
161 391 234 448 41
1300 392 1843 456 HISTORIARUM
1887 395 2045 457 ί]οΜ
2059 396 2438 460 PENDIUM.

1143 521 1204 578 Ὁ
1280 517 1337 574 δὲ
1402 526 1519 584 τοῖς
1599 520 1779 578 ἐκείνοι

1917 531 2126 582 statuae
2159 527 2266 582 fuit
2298 528 2630 586 abscissum
2663 537 2859 605 caput,
2908 551 2976 590 ea
3024 536 3173 608 ipsa,
3225 541 3382 611 quod
3425 541 3563 598 dili-

157 521 279 572 σθαι
336 521 435 587 τὴν
487 517 747 590 τοιαύτην
803 518 1013 590 στήλην
1049 564 1062 577 .

155 611 385 678 πιθήσας
447 607 635 684 λόγοις
664 608 899 682 ἀπέτεμε
954 610 1054 679 τὴν
1109 607 1356 688 κεφαλὴν
1408 619 1507 681 τῆς
1567 611 1790 682 στήληςο

151 700 242 752 καὶ
301 700 436 773 αὐτῇ
495 704 563 772 τῇ
617 700 778 774 ὥρᾳ,
841 701 1021 763 καθὼς
1080 695 1524 776 ἀκριϐωσάμενος
1582 700 1718 778 ἔγνω
1772 704 1800 758 6

3496 410 3577 470 42

1913 615 2074 687 genti
2124 616 2508 688 inquisitione
2557 620 2858 677 Romanus
2915 629 3116 696 postea
3160 627 3568 702 deprehendit,

1912 705 2149 760 Simeon
2181 706 2238 759 in
2273 706 2546 778 Bulgaria
2577 710 2767 767 cordis
2795 714 2999 769 morbo
3032 715 3276 772 interiit.

154 786 429 860 βασιλεὺς,
463 789 492 842 6
525 788 751 861 Συμεὼν
787 787 835 842 ἐν
872 786 1184 864 Βουλγαρίᾳ
1210 790 1436 860 τέθνηκε
1465 791 1606 864 νότῳ
1633 788 1978 867 κατακαρδίῳ
2010 790 2197 854 ἁλούς.

220 879 297 936 Οὔ
377 877 804 947 τελευτήσαντος
875 879 976 946 τὴν
1044 882 1150 932 τῶν
1219 876 1546 955 Βουλγάρων
1619 880 1796 956 ἀρχὴν

153 968 350 1044 Πέτρος
383 965 646 1041 κατέσχεν
707 967 736 1020 6
784 965 840 1021 ἐκ
893 973 994 1036 τῆς
1029 964 1278 1042 δευτέρας
1327 966 1490 1022 αὐτοῦ
1551 971 1802 1043 γυναικὸς

150 1065 248 1124 τῆς
286 1055 532 1135 ἀδελφῆς
583 1054 854 1131 Γεωργίου
908 1059 1006 1110 τοῦ
1065 1052 1540 1131 Σουρσουϐούλου,
1595 1057 1653 1112 δν
1709 1059 1798 1112 καὶ

151 1147 441 1222 ἐπίτροπον
508 1150 626 1206 τοῖς
684 1146 872 1200 ἑαυτοῦ
928 1144 1108 1199 παισὶν
1162 1147 1191 1200 6
1226 1145 1448 1218 Συμεὼν
1481 1148 1793 1218 κατέστησε’

155 1234 390 1310 Μιχαὴλ
421 1235 526 1310 γὰρ
555 1236 648 1288 τὸν
679 1233 737 1288 ἐκ
766 1240 866 1303 τῆς
895 1235 1159 1310 προτέρας
1218 1235 1585 1310 ἁποτεχθέντα
1631 1236 1796 1292 παῖδα

149 1323 289 1398 αύτῷ
319 1323 401 1379 ἔτι
437 1328 539 1393 ζῶν
575 1324 602 1378 6
645 1323 870 1396 Συμεὼν
925 1322 1175 1399 ἀπέκειρε
1225 1324 1487 1400 μοναχόν.
1539 1325 1620 1381 Τὰ
1667 1331 1792 1401 γοῦν

146 1415 293 1488 πέριξ
327 1411 485 1483 ἔθνη,
510 1417 764 1480 Τοΰρκοι,
798 1407 1018 1488 Σέρϐοι,
1047 1407 1336 1488 Χρωόάτοι
1373 1413 1464 1468 καὶ
1497 1414 1547 1468 οἱ
1582 1414 1791 1485 λοιποὶ,

141 1506 238 1572 τῆν
288 1507 392 1557 τοῦ
442 1502 668 1574 Συμεὼν
719 1501 1080 1573 ἀναμαθόντες
1127 1500 1386 1570 τελευτὴν
1432 1501 1793 1578 ἐκστρατεύειν

140 1595 273 1648 κατᾶ
305 1591 640 1667 Βουλγάρων
671 1585 1047 1646 ἐϐουλεύοντο.
1108 1590 1354 1666 Κατέσχε
1400 1589 1456 1646 δί
1485 1595 1573 1646 καὶ
1626 1592 1790 1666 λιμὸς

144 1683 306 1757 μέγας
370 1683 461 1735 σὺν
516 1677 697 1755 ἁκρὶδι
747 1681 810 1734 τὸ
879 1676 1204 1754 Βουλγάρων
1284 1675 1439 1742 ἔθνος
1473 1727 1488 1752 ,
1550 1681 1789 1758 ἰσχυρῶς

143 1773 404 1840 ἐκπιέζων
434 1771 525 1824 καὶ
555 1766 948 1824 καταδαπανῖῦν
993 1769 1062 1823 τὰ
1101 1767 1292 1840 πλήθη
1344 1771 1430 1823 καὶ
1489 1770 1616 1832 τοὺς
1667 1792 1792 1845 καρ-

141 1861 294 1924 πούς.
364 1857 734 1917 Ἐδεδοίκεσαν
799 1861 892 1930 μὲν
957 1857 1047 1912 οὗν
1108 1859 1158 1912 οἱ
1219 1857 1521 1933 ΒούΛγαροι
1568 1861 1656 1914 καὶ
1689 1863 1788 1926 τήν

141 1955 239 2004 ius
305 1949 494 2005 ἄλλων
552 1945 745 2026 ἔφοδον
801 1947 988 2010 ἐθνῶν.
1040 1943 1307 2001 ἆδεδίεσαν
1367 1944 1424 2001 δὲ
1475 1947 1640 2002 πλέον
1688 1950 1788 2018 τήν

140 2045 240 2094 τῶν
321 2041 611 2112 Ῥωμαίων
689 2037 988 2092 ἐπέλευσιν.
1065 2035 1506 2109 Βουλευσάμενος
1586 2038 1676 2092 οὗν
1761 2040 1788 2093 6

142 2130 347 2204 Πέτρος
402 2129 536 2202 μετὰ
571 2131 679 2181 τῶν
717 2126 839 2198 περὶ
881 2125 1040 2180 αὑτὸν
1072 2119 1209 2200 ἔγνω
1243 2121 1351 2179 δεῖν
1381 2124 1786 2202 ἐπιστρατεῦσαι

139 2218 437 2291 Ῥωμαίοις
496 2217 582 2272 ἐπὶ
636 2213 992 2286 καταπλήξει.
1058 2208 1547 2286 Καταλαμϐἀνουσι
1603 2215 1784 2271 τοίνυν

137 2312 230 2376 τήν
314 2303 668 2372 Μακεδονίαν,
755 2305 886 2360 Εἶτα
957 2297 1215 2376 μαθόντες
1291 2303 1364 2366 ὡς
1438 2297 1594 2374 ἔξεισι
1669 2308 1786 2360 κατ’

139 2400 316 2454 αὐτῶν
375 2398 403 2452 δ
459 2393 737 2472 βασιλεὺς,
795 2394 1069 2464 πέμπουσι
1129 2391 1303 2465 λάθρα
1359 2393 1480 2447 τινὰ
1541 2397 1783 2471 μοναχὸν

135 2485 343 2562 Πέτρος
395 2507 455 2541 τε
510 2487 538 2540 6
597 2485 782 2558 ἅρχων
842 2480 1184 2556 Βουλγαρίας
1239 2481 1326 2537 καὶ
1361 2483 1524 2537 ὁτῶν
1575 2482 1780 2540 παίδων

135 2583 225 2631 τοῦ
279 2576 508 2649 Συμεὼν
568 2571 936 2647 ἐπιτροπεύων
997 2571 1284 2647 Γεώργιος,
1337 2571 1631 2646 γράμματα
1689 2573 1782 2628 έπ-

139 2668 426 2742 αγόμενον.
484 2669 569 2726 Ὡς
598 2659 888 2736 βούλονται
923 2657 980 2714 δὲ
1008 2660 1301 2733 Ῥωμαίοις
1351 2661 1687 2735 σπείσασθαι,
1718 2663 1784 2718 τὰ

139 2757 436 2828 γράμματα
465 2749 709 2825 ἔφραζεν,
769 2749 813 2804 εἰ
870 2749 1144 2824 αἱροῦνται
1179 2747 1257 2818 δὲ,
1295 2750 1383 2804 καὶ
1416 2752 1646 2826 γαμικὸν
1690 2774 1780 2807 συ-

141 2843 436 2912 στήσασθαι
468 2838 824 2914 συνᾶλλαγμα
877 2839 988 2912 μετ’
1030 2839 1229 2895 αὐτῶν.
1261 2841 1360 2896 "Ov
1389 2839 1718 2916 ἀφικόμενον
1752 2843 1779 2896 6

141 2931 394 2998 Ξασιλεὺς
453 2928 815 3001 ἀσμενέστατα
866 2925 1334 3001 προσδεξάμενος,
1396 2929 1593 2991 εὐθέως
1652 2931 1779 2985 ἀπέ-

139 3020 314 3076 στειλε
365 3020 501 3093 μετᾶ
531 3015 815 3092 δρόμωνος
874 3018 1116 3092 μοναχόν
1163 3039 1282 3071 τινα
1338 3015 1624 3073 Θεόδοσιον
1684 3021 1774 3074 καὶ

1984 900 2162 956 Morte
2193 903 2323 973 ejus
2348 902 2629 974 Bulgaria:
2653 904 2978 963 dominium
3006 909 3077 964 ad
3106 910 3340 968 Petrum
3367 913 3562 986 rediit,

1912 988 2102 1045 ﬁlium
2135 992 2264 1061 ejus
2296 1008 2366 1047 ex
2395 994 2654 1048 secunda
2684 1011 2884 1060 uxore,
2915 1014 3114 1054 sorore
3143 999 3372 1073 Georgii
3421 1007 3560 1059 S’ur-

1909 1079 2131 1144 subuli,
2181 1096 2352 1150 quem
2393 1086 2448 1137 et
2480 1087 2731 1138 tutorem
2762 1086 2886 1140 suis
2919 1087 3117 1144 liberis
3149 1090 3384 1147 Simeon
3416 1109 3559 1148 con-

1909 1167 2127 1222 stituit.
2160 1169 2304 1224 Nam
2338 1169 2683 1226 Michaelum
2718 1172 2868 1228 idem
2901 1191 2969 1230 ex
2995 1177 3183 1247 priore
3209 1179 3321 1234 sibi
3354 1186 3560 1238 natum

1907 1258 2179 1329 conjuge,
2211 1261 2722 1318 viventem'adhue
2776 1266 3128 1322 monachum
3177 1268 3407 1325 fecerat.
3461 1272 3562 1326 Vi-

1905 1345 2050 1401 cina;
2102 1347 2282 1420 igitur
2329 1354 2554 1420 gentes,
2605 1351 2798 1419 Turci,
2843 1355 3024 1421 Servi,
3055 1355 3352 1413 Chrobatte
3383 1364 3563 1432 atque

1903 1434 2026 1502 alii,
2059 1437 2260 1492 audita
2289 1438 2584 1494 Simeonis
2618 1446 2801 1497 morte
2833 1441 3119 1514 Bulgaros
3168 1445 3318 1502 bello
3369 1452 3561 1519 petere

1903 1525 2261 1581 statuebant.
2320 1526 2432 1581 Sed
2491 1533 2546 1582 et
2608 1529 2760 1585 fame
2811 1531 3067 1602 graviter
3119 1535 3556 1606 premebantur.

1905 1611 2156 1684 Bulgari,
2193 1619 2250 1669 et
2277 1614 2516 1671 locustae
2551 1617 2748 1689 fruges
2792 1636 2994 1676 eorum
3044 1623 3563 1695 depopulabantur

1903 1709 2080 1773 atque
2111 1703 2522 1761 absumebant.
2560 1710 2760 1779 Itaque
2808 1709 3076 1780 Bulgaris
3126 1727 3258 1768 cum
3309 1713 3560 1771 aliarum

1901 1791 2161 1860 gentium
2219 1797 2340 1847 tum
2395 1794 2791 1851 Romanorum
2823 1799 3109 1870 przecipue
3140 1800 3198 1854 in
3232 1819 3294 1856 se
3324 1803 3560 1874 expedi-

1903 1879 2116 1934 tionem
2150 1882 2789 1948 metuentibus,Petrus
2821 1903 2882 1942 re
2913 1904 3044 1942 cum
3080 1890 3206 1944 suis
3236 1890 3558 1948 deliberata

1900 1968 1961 2022 in
1995 1969 2283 2026 Romanos
2314 1971 2532 2027 bellum
2580 1975 2850 2046 suscipit,
2903 1980 2968 2031 ut
3014 1976 3086 2034 iis
3137 1981 3412 2035 terrorem
3465 1981 3554 2036 in-

1899 2058 2408 2131 cuteretfumque
2439 2062 2498 2115 in
2529 2063 2926 2120 Macedoniam
2947 2067 3552 2142 gpervenisset,audito

1897 2145 2309 2218 imperatorem
2339 2149 2664 2206 Romanum
2691 2157 2891 2208 contra
2909 2170 2970 2210 se
2991 2170 3124 2210 cum
3146 2157 3399 2212 exercitu
3424 2174 3552 2228 pro-

1897 2234 2104 2305 ﬁcisci,
2135 2235 2260 2308 ipse
2293 2241 2348 2292 et
2375 2238 2656 2310 Georgius
2687 2239 3004 2297 liberorum
3046 2244 3199 2300 309
3252 2245 3546 2301 Simeonis

1894 2327 2054 2380 tutor
2082 2326 2308 2381 occulte
2340 2329 2692 2384 monachum
2723 2346 2857 2386 cum
2887 2331 3096 2388 litteris
3128 2333 3390 2402 mittunt,
3411 2336 3541 2407 qui-

1893 2412 2005 2467 bus
2036 2414 2445 2472 continebatur
2488 2433 2700 2489 cupere
2747 2420 3024 2492 Bulgaros
3073 2438 3208 2478 cum
3262 2423 3542 2482 Romanis

1894 2518 2096 2572 pacem
2132 2520 2197 2558 ac
2227 2502 2415 2560 fcedus
2445 2507 2820 2578 conjungere,
2847 2525 2914 2564 ac
2945 2509 2994 2564 si
3029 2511 3309 2567 Romanis
3340 2511 3421 2568 ita
3448 2513 3540 2569 vi-

1893 2591 2148 2662 deretur,
2184 2593 2403 2665 nuptiis
2435 2594 2585 2650 inter
2615 2601 2819 2666 gentes
2852 2601 3168 2655 contractis
3197 2600 3254 2656 id
3296 2601 3538 2659 ﬁrmari.

1895 2681 1971 2735 Iis
2004 2680 2214 2737 litteris
2246 2684 2498 2754 acceptis
2529 2684 2846 2752 Romanus,
2881 2703 3014 2742 cum
3048 2703 3169 2743 rem
3203 2705 3377 2761 quam
3414 2707 3540 2747 ma-

1890 2770 2046 2825 xime
2079 2771 2369 2842 probaret,
2414 2773 2612 2828 statim
2664 2775 2853 2831 celoce
2900 2776 3094 2832 emisit
3143 2778 3538 2836 Theodosium

1891 2861 2204 2930 quemdam
2239 2863 2590 2918 monachum
2640 2869 2697 2919 et
2741 2866 3191 2922 Constantinum
3241 2868 3539 2924 Rhodium

1888 2948 2166 3004 clericum
2198 2950 2585 3024 aulicum,qui
2619 2953 2675 3007 in
2709 2953 3090 3010 Messembria
3114 2972 3246 3011 cum
3273 2957 3538 3030 Bulgaris

1889 3037 1959 3092 de
1991 3055 2126 3108 pace
2157 3038 2645 3112 colloquerentur.
2681 3042 2802 3106 Quo
2835 3043 2890 3098 in
2925 3043 3212 3116 colloquio
3256 3063 3389 3102 cum
3444 3063 3536 3104 res

137 3114 531 3164 Κωνσταντῖνον
563 3105 845 3183 βασιλικὸν
899 3106 1162 3181 κληρικὸν
1224 3109 1334 3180 (76)
1366 3110 1452 3181 [Ρ.
1501 3111 1627 3180 6‘36]
1683 3110 1772 3164 τὸν

1894 3130 2192 3182 commode
2230 3135 2380 3184 esset
2411 3134 2681 3196 tractata,
2708 3131 2883 3203 legati
2921 3151 3019 3205 per
3048 3134 3441 3191 continentem
3473 3135 3531 3191 in

132 3198 361 3266 Ῥόδιον,
424 3194 770 3264 συλλαλῆσαι
817 3201 932 3258 τοῖς
979 3195 1317 3270 Βουλγάροις
1346 3197 1412 3250 τὰ
1443 3197 1518 3260 εἰς
1549 3197 1768 3272 εἰρήνην

132 3290 174 3343 έν
231 3281 572 3361 Μεσημϐρῐᾳ
622 3288 774 3358 (77),
827 3283 1036 3346 Οῗτινες
1087 3286 1514 3361 παραγενόμενοι
1571 3288 1660 3342 καὶ
1707 3290 1774 3342 τὰ

132 3378 306 3432 εἰκότα
393 3374 770 3452 διαλεχθέντες
841 3374 1168 3451 ὑπέστρεψαν
1254 3372 1344 3429 διὰ
1418 3376 1582 3450 ξηρᾶς
1661 3379 1772 3449 ἅμα

133 3469 382 3544 Στεφάιῳ
439 3465 547 3519 τινὶ
603 3463 933 3540 περιωνύμῳ
985 3462 1035 3518 έν
1088 3462 1418 3539 Βουλγαρίᾳ·
1451 3465 1676 3520 κατόπὶν
1716 3464 1773 3520 δὲ

130 3556 330 3610 τούτων
361 3553 686 3629 παρεγένετο
717 3554 803 3607 καὶ
849 3554 876 3608 6
935 3553 1229 3629 ἐπίτροπος
1276 3554 1545 3630 Γεώργιος
1591 3557 1617 3609 6
1673 3559 1771 3610 τοῦ

136 3639 585 3720 Σοορσουϐούλου
615 3643 705 3696 καὶ
749 3639 914 3697 ἄλλοι
970 3643 1112 3703 τινὶς
1166 3647 1274 3697 τῶν
1330 3643 1620 3720 ἐπιφανῶν.
1675 3645 1770 3698 Καὶ

134 3735 195 3795 εἷς
225 3705 354 3807 ὲψιν
388 3732 637 3793 ἰλθόντες
664 3736 746 3803 τῷ
779 3728 1013 3806 βασιλεῖ,
1048 3733 1368 3805 θεασάμενοι
1429 3730 1485 3786 ὃὶ
1532 3733 1621 3787 καὶ
1669 3735 1768 3803 τὴν

133 3823 389 3896 (θυγατέρα
453 3820 830 3896 Χριστοφόρου
903 3824 998 3873 τοῦ
1077 3819 1343 3896 βασιλέως
1414 3822 1624 3898 Μαρίαν
1679 3820 1768 3876 καὶ

131 3910 197 3964 ἐπ’
453 3907 709 3983 μεγάλως
760 3909 1070 3985 ἀρεσθέντες
1124 3911 1214 3979 (ἦν
1237 3913 1339 3986 γὰρ
1401 3911 1770 3988 ὑπερφέρουσα

130 4006 197 4071 τῷ
222 3998 470 4070 κάλλει),
527 3992 758 4073 ἔγραψαν
820 4003 898 4069 τῷ
955 3997 1143 4072 Πέτρῳ
1175 3996 1263 4052 διὰ
1303 4000 1508 4074 τάχους
1537 4021 1770 4076 παραγε-

131 4089 339 4158 ⁷σέσθαι,
402 4085 668 4164 σύμφωνα
751 4085 1117 4159 ποιησάμενοι
1176 4087 1438 4164 πρότερον
1499 4090 1621 4164 περὶ
1673 4093 1771 4160 τῆς

133 4179 378 4252 εῗριςνης.
442 4175 753 4245 Ἀπεστὰλη
825 4171 881 4229 δὲ
937 4176 1026 4230 καὶ
1086 4179 1329 4248 Νικήτας
1393 4180 1769 4256 μάγιστρος,ὁ

133 4272 210 4319 τοῦ
293 4264 571 4341 βασιλέως
652 4265 1019 4339 συμπένθερος
1096 4267 1398 4338 Ῥωιλανοῦ,
1469 4269 1766 4340 ὑπαντῆσαι

134 4355 206 4408 ui
267 4356 483 4430 ἀγαγεῖν
544 4354 635 4408 τὸν
688 4353 888 4429 Πέτρον
957 4353 1122 4431 μέχρι
1174 4362 1274 4425 τῆς
1332 4356 1631 4431 βασιλίδος.
1692 4360 1769 4417 Οὗ

134 4439 529 4503 ῑατιλαῦόντος
583 4440 636 4498 ἐν
687 4442 1044 4518 Βλαχέρναις,
1097 4445 1123 4499 ὁ
1159 4442 1412 4519 βασιλεὺς
1446 4447 1578 4520 μετᾶ
1606 4453 1767 4522 τριή-

139 4554 248 4604 ρους
277 4531 455 4596 ἐλθὼν
504 4535 696 4586 τοῦτον
753 4529 964 4602 ἐδέξατο
1007 4534 1097 4587 καὶ
1149 4535 1430 4602 ἠσπάσατο
1477 4537 1566 4590 καὶ
1618 4536 1774 4612 φιλο-

135 4623 293 4692 τίμως
323 4619 671 4694 ἐδεξιώσατο.
730 4618 1034 4692 Ἀλλτςλοις
1065 4621 1155 4676 οὖν
1187 4625 1253 4678 τὰ
1282 4624 1461 4679 εἰκότα
1507 4647 1775 4701 προσομι-

139 4710 388 4782 λήσαντες
438 4710 507 4765 τά
549 4732 606 4765 τε
661 4713 761 4775 τῆς
819 4710 1041 4785 εἰρήνης
1101 4708 1354 4786 σύμϐολα
1405 4716 1495 4770 καὶ
1554 4717 1621 4771 τὰ
1675 4721 1771 4772 τοῦ

137 4803 301 4871 figor)
369 4799 796 4874 ἐπεραιώσαντο,
864 4804 960 4855 τοῦ
1007 4797 1508 4878 πρωτοϐεστιαρίου
1566 4807 1766 4881 θεοφά-

138 4910 242 4951 ’ρο-λς
299 4889 352 4945 ἰν
411 4895 540 4942 πᾶσι
601 4883 1062 4961 μεσολαϐοὖντος.
1123 4890 1224 4946 Καὶ
1256 4892 1324 4967 τῇ
1353 4895 1404 4963 η’
1439 4899 1536 4948 τοῦ
1570 4897 1768 4952 Ὀκτω-

136 4973 278 5050 ίρίου
311 4979 492 5050 μηνὸς
520 4974 751 5050 ἐξελθὼν
785 4979 814 5032 ὁ
846 4980 1193 5056 πατριάρχης
1227 4976 1517 5060 Στέφανος,
1552 4985 1663 5058 ἅμα
1690 4991 1770 5054 τῷ

137 5062 615 5142 τρωτοϐεστιαρίῳ
672 5069 924 5145 Θεοφάνει
982 5069 1071 5122 καὶ
1137 5069 1282 5146 πάσῃ
1340 5072 1408 5147 τῇ
1454 5074 1768 5149 συγκλήτῳ,

138 5155 389 5231 alid-{gat
465 5156 671 5230 Πέτρον
736 5177 794 5211 τε
849 5158 939 5212 καὶ
994 5160 1204 5235 Μαρίαν
1264 5160 1315 5214 ἐν
1369 5166 1448 5233 τῷ
1503 5169 1613 5236 ναῷ
1668 5169 1768 5229 τῆς

139 5245 414 5322 ἐπεραγίας
486 5246 754 5300 Θεοτόκου
810 5253 912 5316 τῆς
978 5252 1188 5323 Πηγῆς,
1239 5253 1766 5327 παρανυμφευόντων

137 5341 212 5389 :53
256 5330 769 5411 πρωτοϐεστιαρῖου
817 5337 906 5390 καὶ
958 5341 1054 5392 τοῦ
1109 5336 1582 5414 Σουρσουϐούλου.
1635 5350 1769 5399 Φαι-

1885 3218 2086 3271 urbem
2119 3217 2438 3286 redierunt,
2473 3220 2787 3276 comitante
2818 3222 3134 3294 Stephano,
3182 3225 3351 3295 cujus
3402 3242 3530 3281 ma-

1882 3321 2064 3376 gnum
2110 3309 2234 3361 erat
2280 3306 2431 3362 inter
2477 3308 2756 3378 Bulgaros
2788 3327 3034 3379 nomen;
3069 3329 3288 3385 eosque
3319 3314 3531 3370 subse-

1882 3398 2054 3448 cutus
2093 3398 2182 3449 est
2231 3395 2544 3467 Gregorius
2592 3397 2960 3454 Sursubulus
3014 3399 3226 3472 aliique
3269 3401 3532 3458 illustres

1882 3482 2105 3553 aliquot
2135 3484 2259 3538 viri.
2281 3484 2349 3538 Hi
2377 3489 2440 3538 ut
2471 3502 2602 3540 cum
2638 3487 2984 3557 imperatore
3015 3490 3314 3563 congressi
3346 3490 3530 3547 ﬁliam

1881 3571 2207 3626 Christil'eri
2234 3573 2474 3628 Cesaris
2509 3574 2751 3630 Mariam
2783 3577 3075 3644 viderunt,
3108 3595 3356 3651 eamque
3385 3581 3532 3651 (erat

1883 3661 2034 3714 enim
2070 3661 2266 3716 formas
2299 3663 2820 3736 praestantissimae)
2855 3683 3207 3739 magnopere
3252 3670 3533 3740 probave-

1883 3754 2217 3821 runt,pacta
2243 3756 2642 3821 pace,Petrum
2669 3753 2868 3808 missis
2893 3753 3101 3810 litteris
3129 3757 3347 3826 absque
3371 3773 3534 3812 mora

1879 3837 2076 3893 venire
2100 3839 2434 3908 jusserunt.
2470 3841 2685 3896 Missus
2719 3846 2808 3897 est
2840 3842 3017 3897 etiam
3063 3843 3291 3899 Nicetas
3344 3845 3533 3916 magi-

1881 3933 2018 3995 ster,
2047 3927 2150 3982 ﬁlii
2174 3929 2418 3983 Romani
2442 3945 2627 3999 socer,
2659 3931 2759 4001 qui
2785 3935 2951 3986 Petro
2974 3931 3204 3988 obviam
3225 3933 3336 3988 iret
3363 3950 3530 3990 eum-

1881 4031 1992 4085 que
2033 4015 2236 4086 Cpolin
2287 4018 2622 4074 deduceret.
2675 4020 2784 4074 Ubi
2845 4020 2914 4073 ad
2966 4019 3319 4076 Blachernas
3374 4022 3534 4077 venit

1879 4108 2106 4171 Petrus,
2153 4106 2472 4177 imperator
2518 4105 2740 4162 triremi
2793 4109 2995 4164 eodem
3027 4113 3230 4166 vectus
3259 4126 3393 4166 eum
3427 4127 3529 4166 ex-

1881 4195 2036 4265 cepit
2081 4211 2146 4250 ac
2197 4194 2476 4250 salutavit
2522 4202 2579 4250 et
2630 4196 2949 4253 honoriﬁce
2997 4198 3288 4270 tractavit,
3337 4199 3529 4271 iisque

1881 4282 2036 4337 inter
2062 4299 2123 4338 se
2155 4284 2239 4338 uti
2269 4301 2333 4338 ex
2371 4301 2428 4339 re
2460 4290 2586 4339 erat
2617 4284 3117 4356 collocutis,pacta
3146 4287 3305 4358 pacis
3335 4293 3391 4343 et
3413 4304 3532 4344 ma-

1881 4372 2140 4427 trimonii
2175 4374 2501 4444 composita
2532 4380 2690 4440 sunt,
2727 4374 2786 4428 in
2819 4375 3093 4431 omnibus
3142 4377 3215 4431 iis
3264 4382 3530 4448 protove-

1805 4479 1849 4543 D
1884 4459 2081 4514 stiario
2112 4460 2467 4532 Theophane
2511 4461 2770 4517 medium
2795 4479 2856 4518 se
2874 4463 3111 4520 ferente.
3143 4465 3409 4523 Octobris
3440 4467 3534 4522 die

1883 4557 2104 4618 octava,
2136 4551 2469 4621 patriarcha
2497 4551 2832 4624 Stephanus
2885 4555 3038 4609 310
3088 4572 3222 4612 cum
3271 4563 3534 4629 protove-

1883 4641 2085 4696 stiario
2141 4640 2498 4711 Theophane
2536 4645 2592 4696 et
2641 4642 2912 4698 universo
2970 4649 3173 4700 senatu
3237 4662 3532 4718 egressus,

1882 4727 2224 4799 conjugium
2285 4728 2439 4784 Petri
2491 4735 2545 4785 et
2607 4731 2799 4785 Mariae
2857 4730 2915 4785 in
2977 4732 3109 4788 fano
3154 4733 3412 4806 Deiparae
3461 4734 3534 4790 ad

1885 4820 2120 4872 Fontem
2151 4834 2382 4872 sacrum
2417 4819 2793 4890 faustumque
2824 4835 2953 4875 esse
2997 4821 3201 4891 jussit,
3252 4840 3532 4894 sponsam

1881 4906 2299 4962 comitantibus
2375 4907 2732 4979 Theophane
2787 4914 2843 4964 et
2898 4911 3244 4965 Sursubulo.
3300 4911 3533 4983 Nuptiis

1882 4995 2190 5066 magniﬁce
2220 5000 2276 5050 et
2306 5000 2654 5067 sumptuoso
2686 5013 2820 5052 cum
2871 4996 3181 5069 splendore
3229 4999 3531 5064 confectis,

1880 5084 2358 5156 protovestiarius
2385 5100 2517 5139 cum
2552 5085 2671 5140 ﬁlia
2719 5085 2962 5141 Caesaris
3011 5087 3217 5143 urbem
3271 5087 3529 5144 intravit.

1877 5174 2135 5228 Tettium
2170 5191 2203 5228 a
2233 5174 2455 5245 nuptiis
2485 5174 2812 5229 convivium
2836 5175 3091 5231 instituit
3119 5175 3438 5247 imperator
3459 5177 3530 5232 ad

1882 5263 2142 5330 Fontem,
2203 5262 2263 5316 in
2323 5262 2447 5317 loco
2507 5262 2606 5317 ubi
2651 5279 2681 5318 ε
2724 5263 2970 5318 navibus
3029 5264 3184 5319 exire
3241 5262 3534 5336 solebant,

1878 5355 2068 5406 stante
2119 5350 2499 5423 imperatoria
2537 5349 2726 5406 celoce
2759 5350 2818 5406 in
2849 5369 2914 5407 eo
2948 5353 3072 5408 loco
3106 5368 3120 5407 :
3153 5352 3538 5425 adhibuitque

1317 5509 1685 5569 XYLANDRI
1725 5517 1816 5572 ET
1856 5517 2074 5572 GOARI
2115 5516 2343 5571 NO'I‘ZE.

145 5701 165 5712 ἢ
189 5631 294 5700 (76)
331 5628 447 5697 Qui
480 5628 744 5686 ecclesiis
773 5631 833 5686 in
866 5630 1081 5704 palatio
1111 5632 1358 5692 inclusis
1388 5637 1784 5696 ministrabat.

138 5713 264 5759 (λου
272 5745 287 5758 .

441 5832 708 5891 ΡΑτιιοι..
761 5832 871 5892 Gs.
918 5831 1154 5894 CXXII.

1971 5641 2084 5712 (77)
2113 5640 2196 5694 Ad
2229 5640 2486 5697 conﬁnia
2513 5640 2769 5698 Thraciae
2800 5646 2858 5697 et
2886 5642 3068 5699 Hami
3118 5645 3334 5701 montis
3382 5643 3539 5702 radi-

1883 5729 2001 5780 ces,
2026 5713 2199 5785 juxta
2228 5712 2574 5770 Anchialum
2605 5715 2738 5771 sita.
2772 5715 2954 5771 Goaa.
