4036 6330
507 346 587 406 43
1852 342 2119 405 ϐΕΟΡιϐξ

2241 343 2559 408 :enaENi
3836 356 3923 416 44

499 476 762 532 convivio
813 477 1066 545 Petrum,
1118 474 1566 531 Constantinum
1621 474 2033 546 imperatorem
2085 491 2117 529 a

2265 472 2405 549 δρῶν
2479 474 2535 532 δὲ
2602 479 2690 534 καὶ
2764 481 3084 537 πολυτελῶν
3156 482 3460 558 γενομένων
3526 487 3632 538 τῶν
3700 485 3922 559 γάμων,

501 564 931 621 Cbristiferum.
959 564 1041 619 Ibi
1075 564 1229 619 haud
1254 563 1459 619 leviter
1479 563 1824 619 tumultuati
1850 567 1988 619 sunt
2020 562 2115 617 Bul

2264 562 2511 633 εἷ’σῆλθεν
2567 569 2593 622 6
2667 566 3166 647 πρωτοϐεστιάριος
3226 572 3339 645 ἅμα
3408 577 3477 647 τῇ
3538 575 3755 649 θυγατρί
3810 578 3916 629 τοῦ

497 652 1056 724 gari,Cbristiferum
1080 653 1462 708 Constantino
1486 652 1544 706 in
1562 652 1772 707 faustis
1787 650 2119 706 acclamatic

2267 652 2534 727 βασιλέως
2594 657 2644 711 έν
2704 663 2769 733 τῇ
2830 661 3009 716 πόλει.
3064 661 3265 737 Τρίτην
3314 659 3372 716 δὲ
3419 663 3552 736 μετᾶ
3599 664 3684 717 τὸν
3736 666 3917 737 γάμον

2654 926 2993 1000 ἱσταμένου⁹
3079 927 3419 999 συνειστιάθη
3519 934 3599 1001 τῷ
3699 932 3921 1003 Πέτρῳ.

2257 1012 2509 1081 Παρῆσαν
2544 1009 2600 1066 δὲ
2626 1017 2695 1088 τῇ
2747 1016 2959 1091 εὐωχίᾳ
3000 1016 3089 1071 καὶ
3139 1023 3545 1080 Κωνσταντῖνος
3577 1019 3603 1072 6
3657 1018 3921 1093 βασιλεὺς

487 1100 828 1171 parentibus
849 1104 907 1155 et
932 1100 1375 1172 protovestiario
1400 1115 1588 1171 usque
1628 1100 1699 1155 ad
1752 1098 2119 1154 Hebdomum

2255 1096 2341 1150 καὶ
2423 1100 2821 1179 Χριστοφόρος.
2898 1105 3141 1180 Ἐγένετο
3221 1103 3279 1161 δὲ
3355 1107 3539 1169 στάσις
3621 1107 3681 1162 ού
3742 1110 3927 1184 μικρὰ

487 1191 601 1246 Hoc
636 1195 804 1262 pacto
836 1206 928 1245 res
953 1189 1013 1243 in
1048 1189 1190 1244 urbe
1222 1194 1381 1244 actae.

2253 1186 2399 1259 παρὰ
2448 1193 2553 1242 τῶν
2608 1190 2961 1267 Βουλγάρων,
3014 1194 3369 1267 ἐνισταμένων
3429 1196 3691 1271 πρότερον
3738 1198 3933 1271 εὔφη,

488 1284 730 1349 μηθῆναι
761 1277 850 1331 τὸν
880 1273 1280 1354 Χριστοφόρον,
1316 1277 1429 1330 εἶτα
1456 1277 1547 1331 τὸν
1577 1280 1996 1330 Κωνσταντῖνοψ
2033 1274 2107 1327 ὧν
2161 1276 2229 1347 τῇ
2290 1273 2528 1332 ένστάσει
2560 1286 2907 1355 παραχωρῶν
2941 1284 2967 1337 6
3013 1282 3268 1358 βασιλεὺς
3307 1285 3587 1357 Ῥωμανὸς
3634 1284 3933 1353 ἐκέλευσεν

487 1366 629 1421 οὕτω
657 1367 918 1440 γενέσθαι.
954 1365 1175 1420 Πάντων
1210 1363 1266 1420 δὲ
1296 1370 1400 1420 τῶν
1434 1365 1486 1420 ἐν
1516 1370 1634 1427 τοῖς
1662 1364 1933 1425 τοιούτοις
1960 1362 2227 1417 εἰωθότων
2250 1363 2488 1437 γίνεσθαι
2514 1369 2993 1443 συντελεσθέντων,
3020 1374 3223 1449 ἀπῆρεν
3248 1375 3282 1443 ἡ
3307 1373 3487 1447 Μαρία
3504 1375 3597 1429 σὺν
3620 1378 3697 1446 τῷ
3715 1374 3919 1447 οἶκείῳ

470 1454 684 1530 ωζύγῳ
716 1455 805 1509 καὶ
837 1461 936 1524 τῆς
969 1455 1104 1529 πρὸς
1137 1453 1472 1531 Βουλγσιρίσιν
1499 1452 1702 1527 ἥψατο,
1733 1474 1840 1529 προ
1877 1456 2184 1530 πεμφθεῖσα
2213 1451 2357 1527 παρὰ
2383 1458 2488 1508 τῶν
2521 1457 2721 1530 γονέων
2754 1458 2917 1529 αότῆς
2946 1460 3160 1531 καίτοῦ
3190 1456 3690 1537 πρωτοϐεστιαρίου
3744 1460 3929 1537 μέχρι

494 940 620 993 quae
651 922 711 976 in
737 921 836 977 tali
872 938 929 976 re
960 921 1081 975 fieri
1115 921 1394 977 assolent.
1453 921 1633 976 Maria
1682 937 1817 975 cum
1867 936 1973 975 suo
2026 936 2147 973 ma-

488 1013 599 1067 rito
634 1010 805 1067 solvit
848 1014 905 1066 et
954 1010 1011 1065 in
1066 1010 1405 1082 Bulgariam
1459 1011 1567 1065 iter
1615 1009 1768 1077 iniit,
1818 1010 2068 1063 deducta
2116 1025 2149 1063 a

468 1549 565 1599 τοῦ
588 1539 883 1616 Ἑϐδόμου.
922 1544 1017 1597 Καὶ
1048 1543 1115 1598 τά
1149 1544 1247 1616 μὲν
1280 1543 1330 1598 έν
1364 1548 1432 1617 τῇ
1465 1542 1626 1597 πόλει
1658 1546 1851 1597 τοῦτον
1888 1541 2128 1596 ἐτελεῖτο
2162 1539 2253 1593 τὸν
2282 1542 2503 1616 τρόπον.

548 1638 615 1690 At
634 1635 891 1690 Joannes
913 1634 1485 1707 Curcuas,magister
1503 1651 1568 1690 ac
1587 1633 1923 1689 scholarum
1947 1633 2117 1687 dome

2318 1631 2379 1688 Ὁ
2428 1630 2484 1687 δὲ
2530 1632 2849 1708 δομέστικος
2896 1642 3006 1693 τῶν
3038 1638 3261 1714 σχολῶν
3298 1640 3554 1709 Ἰωάννης
3609 1640 3920 1715 μάγιστρος

472 1725 656 1780 sticus
687 1724 885 1795 Syriae,
906 1741 997 1779 res
1028 1725 1255 1795 agendo
1288 1741 1354 1779 ac
1386 1724 1622 1779 ferendo
1654 1729 1710 1778 et
1740 1723 1910 1777 obvia
1942 1720 2141 1775 omnia

476 1814 827 1885 proruendo,
862 1813 1239 1884 plurimaque
1269 1812 1505 1868 castella
1535 1817 1591 1868 et
1639 1811 1999 1867 munitiones
2049 1813 2134 1864 at-

471 1920 502 1973 q
522 1918 588 1958 ue
618 1902 795 1957 urbes
828 1901 1165 1957 barbaricas
1199 1902 1528 1968 evertendo,
1554 1918 1743 1972 usque
1774 1902 1844 1955 ad
1881 1899 2135 1954 nobilem

481 1993 643 2048 illam
676 1992 1009 2049 Melitenam
1043 1993 1578 2062 pervenit,eamque
1610 1993 1912 2047 obsessam
1946 2006 2011 2046 eo
2046 2006 2140 2045 ne-

477 2081 771 2137 cessitatis
802 2080 1026 2153 redegit
1061 2085 1122 2135 ut
1152 2081 1221 2135 ad
1259 2080 1721 2152 paciﬁcationem
1763 2078 1989 2135 obsessi
2041 2095 2137 2134 co-

478 2175 756 2239 gerentur
787 2174 1069 2241 spectare.
1101 2170 1274 2225 Venit
1305 2185 1442 2240 ergo
1474 2175 1545 2223 ad
1578 2185 1711 2223 eum
1752 2167 2138 2240 Apocbapsus

475 2261 626 2314 3H
664 2257 859 2315 Ameri
892 2263 1237 2331 prognatus,
1272 2257 1556 2313 Melitenaa
1590 2274 1839 2324 ameras,
1883 2261 1938 2312 et
1990 2258 2134 2328 Apo-

490 2346 774 2416 salathus,
822 2347 923 2418 qui
974 2346 1259 2403 militibus
1300 2346 1584 2402 Melitenaa
1639 2345 1967 2418 legentibus
1993 2362 2136 2416 pra:-

492 2441 649 2505 erat;
674 2452 822 2508 quos
853 2437 1096 2492 comiter
1126 2440 1396 2507 exceptos
1425 2435 1779 2491 domesticus
1827 2434 1899 2489 ad
1950 2434 2137 2505 impe-

488 2529 741 2580 ratorem
775 2524 954 2592 misit,
980 2525 1137 2596 iique
1168 2524 1571 2596 paciﬁcatione
1600 2523 1863 2578 confecta
1893 2523 2132 2577 domum

486 2614 803 2680 redierunt,
826 2612 1001 2669 sociis
1033 2630 1099 2668 ac
1130 2612 1333 2668 amicis
1366 2613 1757 2668 Romanorum
1794 2611 2054 2681 ascripti,
2079 2615 2134 2666 et

485 2720 616 2758 cum
649 2703 722 2759 iis
761 2707 964 2759 contra
992 2704 1307 2757 Saracenos
1336 2700 1665 2773 :populares
1710 2717 1849 2756 suos
1900 2702 2129 2756 armati.

480 2792 722 2848 Mortuis
755 2795 950 2847 autem
998 2791 1345 2863 Apocbapso
1396 2794 1451 2845 et
1498 2788 1854 2861 Aposalatbo
1906 2806 2018 2861 pax
2065 2805 2133 2844 ea

482 2886 655 2954 rupta
684 2886 795 2937 est.
829 2885 1030 2952 Itaque
1064 2880 1418 2935 domesticus
1449 2878 1738 2935 Melilenis
1768 2878 1987 2934 bellum
2041 2879 2128 2933 in-

480 2969 613 3040 fert,
648 2987 779 3026 cum
814 2986 926 3042 quo
959 2969 1133 3025 etiam
1168 2968 1373 3025 Melias
1404 2972 1527 3024 erat
1568 2968 1867 3039 magister,
1917 2973 2123 3023 Arme-

480 3060 609 3116 nios
640 3060 971 3114 ducens.Ac
994 3058 1160 3113 initio
1182 3058 1418 3129 quidem
1443 3057 1642 3113 hostes
1664 3061 1854 3112 castra
1886 3057 1995 3112 sub
2028 3056 2124 3113 dio

477 3149 669 3205 locare
698 3165 874 3205 ausos
906 3148 1061 3202 intra
1086 3163 1285 3202 muros
1318 3146 1480 3201 urbis
1511 3144 1886 3219 compellunt,
1919 3146 2129 3201 deinde

476 3254 608 3294 vero
642 3237 846 3292 urbem
876 3236 1177 3292 obseswm
1212 3252 1425 3307 magna
1449 3236 1500 3289 vi
1523 3240 1933 3307 oppugnantes
1955 3252 2128 3306 expu-

477 3331 661 3398 gnant
690 3343 702 3382 :
733 3326 835 3382 sed
867 3330 925 3381 et
955 3325 1174 3381 circum
1207 3324 1322 3380 sita
1351 3324 1549 3379 omnia
1571 3324 1925 3395 pepulantur
1954 3328 2129 3395 atque

476 3416 758 3487 subigunt
814 3431 881 3470 ac
929 3413 1207 3470 Romanis
1256 3413 1473 3468 servire
1518 3417 1753 3485 cogunt.
1806 3416 2128 3485 Imperator

477 3504 811 3561 Melitenam
843 3507 898 3559 et
929 3504 1084 3575 quod
1117 3503 1338 3558 circum
1371 3505 1460 3557 est
1506 3501 1764 3573 regionis
1810 3502 1871 3557 in
1922 3503 2123 3574 praefe-

473 3598 649 3649 cturae
672 3594 1093 3666 (Curatoreiam
1129 3592 1239 3663 ipsi
1270 3592 1574 3661 vocabant)
1598 3593 1847 3647 formam
1879 3594 2122 3665 redegit,

472 3700 538 3739 ac
570 3699 813 3756 magnos
844 3683 980 3738 inde
1011 3681 1234 3737 reditus
1266 3681 1468 3737 aerario
1517 3680 1782 3737 confecit.
1836 3681 2120 3737 Caeterum

469 3774 669 3830 Niceta
699 3772 979 3845 magister
1008 3776 1062 3828 et
1093 3770 1416 3827 Cbristil‘eri
1444 3787 1609 3828 socer
1628 3773 2121 3843 accusatus,quod

468 3878 747 3934 generum
777 3862 1081 3917 incitasset
1110 3862 1180 3917 ad
1236 3861 1667 3916 deturbandum
1721 3860 1966 3932 imperio
2016 3879 2120 3932 pa-

470 3959 639 4017 trem,
667 3952 813 4006 urbe
834 3949 1040 4021 pulsus
1062 3966 1349 4021 rasusque
1372 3955 1428 4004 et
1449 3950 1772 4005 monachus
1800 3952 1987 4005 factus
2008 3956 2117 4005 est.

471 4041 567 4095 Die
594 4040 816 4095 mensis
845 4038 985 4093 Julii
1015 4040 1086 4092 25
1117 4038 1439 4094 indictione
1470 4038 1992 4110 sexta,Stepbanus
2025 4057 2120 4111 pa-

466 4128 723 4185 triarcha
743 4131 1015 4182 mortuus
1035 4131 1279 4196 est,cum
1296 4127 1345 4181 ei
1364 4126 1591 4181 muneri
1614 4126 1941 4197 praefuisset
1963 4127 2119 4182 bien-

467 4218 629 4273 nium
662 4222 721 4273 et
751 4231 980 4271 menses
1014 4216 1306 4271 undecim.
1343 4216 1540 4270 Mense
1583 4215 1886 4270 Decembri
1917 4232 2118 4271 mona-

464 4306 611 4361 chus
633 4304 867 4377 Trypho
887 4304 1425 4376 producitur,eique
1448 4303 1879 4374 patrlarchatus
1901 4306 1971 4359 ad
1998 4321 2117 4360 cer-

2252 1719 2279 1773 6
2335 1724 2678 1798 Κουρκούας,
2739 1725 2881 1801 ἄγων
2936 1727 3026 1781 καὶ
3081 1728 3256 1804 φέρων
3305 1729 3372 1783 τὰ
3418 1732 3517 1794 τῆς
3574 1729 3771 1802 Συρίας
3820 1730 3926 1783 καὶ

2251 1808 2386 1864 ἃπαν
2439 1812 2679 1883 ἀντίξουν
2726 1817 3251 1893 καταστρεφόμενος,
3310 1818 3399 1871 καὶ
3458 1817 3688 1872 πλεῖστα
3729 1819 3921 1892 φρού-

2251 1918 2339 1973 ρια
2369 1901 2453 1954 καὶ
2509 1901 2847 1978 ὀχυρώματα
2876 1905 2965 1960 καὶ
3014 1904 3204 1969 πόλεις
3258 1902 3589 1982 βαρϐαρικὰς
3633 1908 3921 1981 καθελὼν,

2250 1985 2444 2065 ἔφθασε
2526 1993 2615 2045 καὶ
2700 1995 2865 2068 μέχρι
2950 2002 3049 2063 τῆς
3127 1991 3459 2069 περιϐοήτου
3548 1995 3927 2070 Μελιτηνῆς,

2248 2075 2543 2153 πολιορκίᾳ
2601 2078 2658 2135 δὲ
2718 2082 2846 2146 τοὺς
2915 2081 3068 2138 ἔνδον
3131 2087 3548 2160 στενοχωρήσας
3630 2082 3923 2159 ἠνάγκασε

2247 2167 2381 2239 πρὸς
2438 2165 2731 2241 συμϐάσεις
2802 2170 2955 2227 ἰδεῖν.
3015 2172 3345 2248 Ηαρεγένετο
3402 2170 3494 2227 οὖν
3558 2174 3695 2248 πρὸς
3745 2175 3929 2229 αὐτὸν

2249 2256 2507 2331 Ἀπόχαψ
2566 2260 2593 2312 ὁ
2652 2265 2747 2314 τοῦ
2803 2264 2979 2335 Ἅμερ
3038 2260 3255 2336 ἔκγονος
3292 2307 3305 2333 ,
3368 2262 3585 2337 ἀμηρᾶς
3640 2264 3923 2339 ὑπάρχων

2247 2346 2582 2418 Μελιτηνῆς,
2627 2350 2715 2403 καὶ
2747 2349 3060 2414 Ἀποσαλὰθ
3094 2350 3123 2405 ὅ
3173 2355 3277 2405 τῶν
3341 2350 3393 2405 ἐν
3446 2351 3585 2425 αὐτῇ
3614 2352 3928 2428 κατάρχων

2243 2437 2535 2509 ταγμάτων
2582 2439 2683 2511 [Ρ.
2749 2442 2876 2512 6'27]
2929 2438 3019 2501 οὕς
3069 2438 3500 2513 προσδεξάμενος
3560 2440 3587 2494 6
3645 2439 3917 2513 δομέστι-

2242 2544 2336 2586 κος
2367 2523 2571 2597 ἱλαρῶς
2620 2527 2709 2581 καὶ
2765 2527 2899 2600 μετὰ
2946 2528 3271 2603 προσηνείας
3322 2531 3456 2605 πρὸς
3500 2531 3590 2584 τὸν
3626 2531 3919 2607 αὐτοκρά-

2240 2632 2375 2684 τορα
2420 2613 2806 2683 ἐξαπέστειλεν,
2860 2617 3207 2692 Ἐντυχόντες
3270 2618 3360 2672 οὗν
3407 2617 3554 2690 αὐτῷ
3603 2621 3690 2673 καὶ
3749 2620 3916 2695 εἰρη-

2239 2701 2361 2755 νικὰ
2414 2706 2732 2774 ποιήσαντες
2789 2704 3055 2783 σύμφωνα
3112 2707 3440 2780 ὑπέστρεψαν
3503 2706 3579 2770 εἷς
3633 2707 3699 2763 τὰ
3762 2707 3913 2781 ἴδια,

2238 2796 2355 2851 τοῖς
2397 2789 2579 2865 φίλοις
2625 2793 2712 2847 καὶ
2762 2793 3080 2869 συμμάγοις
3129 2794 3414 2867 Ῥωμαίων
3460 2799 3911 2875 καταγραφέντες

2236 2880 2325 2931 καὶ
2361 2881 2475 2951 μετ’
2530 2880 2705 2935 αὐτῶν
2757 2881 2891 2937 κατᾶ
2918 2886 3027 2937 τῶν
3060 2881 3356 2959 ὁμοφύλων
3401 2881 3910 2958 καθοπλιζόμενοι.

2236 2965 2664 3038 Τελευτήσαντος
2712 2966 2769 3023 δὲ
2816 2974 2911 3024 τοῦ
2962 2969 3216 3046 Ἀπόχαψ
3263 2972 3352 3026 καὶ
3396 2976 3493 3027 τοῦ
3547 2973 3910 3046 Ἀποσαλᾶθ,

2240 3052 2462 3127 διελύθη
2539 3057 2605 3112 τὰ
2670 3064 2769 3127 τῆς
2850 3058 3072 3133 εἰρήνης
3110 3102 3123 3116 .
3185 3061 3551 3137 Ἐκστρατεύει
3613 3064 3704 3117 οὗν
3776 3066 3913 3119 κατ’

2237 3142 2409 3198 αὐτῶν
2466 3146 2493 3200 6
2545 3145 2835 3220 εἰρημένος
2882 3144 3245 3219 δομέστικος,
3296 3149 3341 3221 ᾧ
3390 3157 3552 3219 συνῆν
3602 3152 3737 3224 μετά
3782 3157 3908 3207 τῶν

2236 3233 2537 3306 Ἀρμενίων
2589 3236 2678 3290 καὶ
2710 3236 2737 3289 6
2774 3236 3068 3310 μάγιστρος
3118 3239 3146 3292 6
3196 3235 3425 3300 Μελίας.
3472 3239 3572 3295 Καὶ
3621 3240 3908 3315 πρότερον

2240 3324 2332 3395 μὲν
2368 3322 2599 3397 πολέμῳ
2628 3324 2755 3385 τοὺς
2783 3324 3126 3395 Μελιτηνους
3172 3325 3478 3397 συνήλασαν
3508 3326 3635 3383 ε’ίσω
3663 3329 3913 3405 τείχους

2233 3410 2753 3485 κατατολμήσαντας
2841 3413 3291 3485 ἀντιποιήσασθαι
3372 3420 3478 3470 τῶν
3568 3417 3904 3493 ὑπαίθρων·

2233 3495 2417 3555 ἔπειτα
2482 3501 2919 3575 περικαθίσαντες
2966 3503 3064 3571 τήν
3132 3502 3294 3558 πόλιν
3368 3506 3455 3559 καὶ
3515 3508 3649 3579 μετᾶ
3695 3528 3910 3564 συντο-

2231 3590 2346 3652 νίας
2376 3590 2577 3661 ταύτην
2609 3588 3077 3667 πολιορκήσαντες
3109 3591 3358 3666 πολέμου
3387 3595 3545 3668 νόμῳ
3592 3598 3906 3673 κατέσχον,

2232 3677 2580 3753 Κατέδραμον
2627 3677 2682 3734 δὲ
2734 3682 2823 3735 καὶ
2868 3680 3040 3735 πάντα
3086 3682 3151 3736 τὰ
3199 3683 3351 3757 πέριξ
3398 3684 3486 3737 καὶ
3520 3684 3909 3759 ἕχειρώσαντο

2228 3769 2319 3823 καὶ
2354 3766 2524 3823 δοῦλα
2554 3770 2856 3841 Ῥωμαίοις
2913 3768 3248 3845 εἷ’ργάσαντο.
3306 3772 3420 3841 Τὴν
3474 3773 3567 3845 μὶν
3617 3773 3710 3827 οὖν
3768 3777 3908 3833 Me-

2231 3854 2456 3928 λιτηνὴν
2518 3858 2591 3919 είς
2646 3857 3041 3932 κουρατωρείαν
3108 3860 3447 3929 καταστήσας
3504 3861 3531 3914 ὀ
3601 3860 3904 3937 βασιλεὺς,

2229 3948 2317 4001 καὶ
2369 3953 2540 4001 πᾶσαν
2586 3949 2685 4016 τὴν
2750 3944 3097 4020 περιοικίδα,
3162 3946 3380 4016 πολλὴν
3436 3949 3741 4006 συντέλειαν
3800 3962 3910 4028 τῷ

2230 4033 2481 4107 δημοσίῳ
2537 4036 2879 4109 προσήγαγε.
2942 4037 3179 4105 Νικήτας
3237 4034 3294 4090 δὲ
3342 4038 3370 4091 6
3432 4038 3729 4114 μάγιστρος
3787 4045 3907 4098 καὶ

2226 4124 2479 4198 πενθερὸς
2557 4119 2930 4199 Χριστοφόρου
3003 4128 3101 4177 τοῦ
3147 4122 3419 4199 βασιλέως
3472 4131 3907 4203 κατηγορηθεὶς

2227 4213 2301 4274 ὡς
2363 4213 2747 4284 ὑποτιθέμενος
2811 4216 2889 4284 τῷ
2962 4208 3323 4289 Χριστοφὸρῳ
3390 4215 3525 4269 κατά
3577 4220 3673 4271 τοῦ
3736 4215 3908 4276 ῗδίου

2224 4301 2463 4376 γενέσθαι
2513 4300 2714 4376 πατρὸς
2764 4301 2853 4355 καὶ
2911 4305 3101 4355 τοῦτον
3157 4302 3348 4371 ἐξῶσαι
3408 4310 3507 4374 τῆς
3564 4306 3906 4381 βασιλείας,

462 4400 587 4449 tum
620 4365 853 4465 tempus
884 4365 1288 4459 committitur,
1495 4392 1956 4464 Theophilactus
2004 4395 2111 4449 im-

2241 4365 2489 4461 ίξεϐλήθη
2524 4365 2867 4459 τῆςιπόλεως
2890 4389 2977 4444 καὶ
3012 4365 3253 4466 ἀπεκάρη
3308 4365 3573 4469 μοναχύςὶ
3624 4396 3771 4465 Μηνὶ

461 4484 747 4555 peratoris
776 4482 935 4537 ﬁlius
966 4483 1037 4537 ad
1063 4482 1288 4552 justam
1325 4482 1477 4537 312
1501 4486 1731 4537 tetatem
1766 4483 2110 4553 perveniret.

390 4554 395 4651 ί
458 4574 671 4628 Eodem
696 4588 897 4627 mense
920 4570 1333 4642 gravissimum
1360 4570 1471 4624 fuit
1491 4570 2112 4641 frigus,adeo,utterra

456 4678 559 4732 per
586 4662 711 4716 dies
745 4661 847 4715 120
876 4660 1061 4730 glacie
1092 4660 1301 4713 durata
1332 4658 1599 4712 fuerit.ld
1632 4658 1761 4731 gelu
1798 4660 2113 4717 subsecuta

454 4754 544 4806 est
574 4754 795 4821 quanta
826 4763 1152 4818 numquam
1189 4747 1299 4801 fuit
1329 4751 1463 4802 ante
1497 4748 1700 4818 pestis,
1723 4764 1850 4818 quas
1881 4754 2108 4806 tantum

2223 4478 2439 4552 Ἰουλίῳ
2498 4487 2552 4534 ιε’
2606 4478 2804 4553 ἡμέρα,
2879 4476 3217 4541 ἷνδικτιῶνος
3266 4482 3355 4551 ς’,
3440 4481 3784 4555 ἐτελεύτησεν
3868 4491 3905 4545 ὁ

2219 4569 2512 4642 Ἀμασείας
2587 4570 2900 4644 Στέφανος,
2973 4572 3388 4645 πατριαρχήσας
3471 4568 3563 4641 ἔτη
3626 4574 3692 4648 β’,
3765 4597 3908 4647 μη-

2221 4681 2311 4720 νας
2376 4660 2479 4714 ια’.
2544 4652 2861 4733 Δεκεμϐρίῳ
2923 4653 2979 4711 δὲ
3032 4658 3163 4730 μηνὶ
3222 4659 3408 4734 ἄγουσι
3459 4663 3720 4739 Τρύφωνα
3772 4687 3907 4736 po-

2220 4748 2408 4823 ναχὸν,
2484 4746 2574 4801 καὶ
2654 4750 3034 4821 χειροτονοῦσι
3109 4747 3455 4823 πατριάρχην
3534 4748 3618 4805 ἐπὶ
3680 4753 3903 4831 χρόνῳ

1642 4872 2013 4932 XYLANDRI
2052 4877 2144 4935 ET
2184 4877 2403 4936 GOARI
2443 4875 2672 4931 NOT/E.

581 4974 636 5045 8)
657 4974 871 5047 Locum
898 4970 995 5047 ubi
1020 4986 1049 5025 ε
1077 4969 1309 5047 napibu:
1339 4969 1493 5047 Exire
1538 4973 1737 5047 solent,
1783 4966 2094 5047 ἀποϐάθραν

453 5042 743 5114 Xylander
771 5042 1039 5114 exponit:
1072 5042 1172 5097 sed
1222 5058 1295 5114 p.
1330 5042 1437 5096 623
1482 5046 1833 5100 excensionz's
1882 5042 2098 5109 locum;

453 5064 498 5101 Ᾱ
542 5064 743 5100 Ianuar
771 5064 1039 5114 Εχροῐιιιῖ
1072 5064 1172 5097 seu
1222 5064 1277 5113 ρ.
1330 5064 1437 5096 Οζῦ
1482 5064 1833 5100 εξεσεηειοηῑδ
1882 5064 2093 5109 locum;

452 5064 599 5172 faiso
648 5114 957 5185 utrobique
1007 5131 1019 5169 :
1071 5117 1160 5169 est
1209 5113 1363 5167 enim
1418 5114 1719 5170 tabulatum
1750 5117 1993 5186 ligneum
2024 5120 2093 5173 ad

450 5189 639 5243 instar
668 5188 879 5242 domus
910 5186 967 5243 in
1003 5186 1182 5239 maris
1216 5190 1381 5257 portu
1438 5193 1827 5252 exstructum,
1876 5189 2094 5245 ibidem

446 5259 831 5331 descriptum,
858 5274 999 5331 Aque
1047 5256 1227 5312 etiam
1259 5256 1520 5311 convivia
1552 5260 1912 5331 nuptiasque
1942 5261 2093 5316 cele-

445 5332 613 5386 brare
643 5329 941 5404 potuerint
971 5329 1366 5404 Romanorum
1401 5329 1881 5404 etABulgaroru‘m
1933 5332 2091 5401 prin-

443 5400 1006 5487 ΞὶρρβδἊναοάθραν
1068 5401 1282 5484 potius,
1346 5404 1409 5455 ut
1466 5400 1797 5487 frequenter
1854 5400 2093 5487 scripsit

439 5472 715 5543 C6dinus,
748 5472 1023 5545 legerem,
1054 5472 1165 5546 nisi
1201 5488 1292 5526 me
1324 5480 1853 5546 versusauctorem
1888 5472 2090 5546 religio

436 5551 497 5600 et
526 5548 769 5615 repetita
796 5544 908 5600 vox
947 5544 1373 5613 detineret,qua
1430 5544 1816 5601 nihilominus
1846 5544 2092 5601 idemﬁac

433 5615 745 5691 ἇποοάθρας
806 5617 1055 5673 indicari
1116 5615 1394 5691 percipio,
1442 5616 1762 5691 tabulatum
1820 5618 2092 5691 videlicet

429 5687 966 5762 portui'terrmque
1022 5688 1389 5759 contiguum,
1438 5687 1497 5743 in
1548 5690 1700 5759 quod
1750 5690 2089 5746 edromone

2210 4976 2510 5052 Romanus
2540 4974 2861 5052 imperator
2886 4970 3165 5052 exsiliret,
3192 4971 3394 5052 Petrus
3426 4980 3622 5052 autem
3641 4978 3903 5052 ‘Bulga-

2209 5047 2313 5122 rita
2339 5045 2577 5122 regulus
2610 5050 2824 5122 e_t_erra
2854 5044 3294 5122 conscenderet,
3316 5062 3388 5122 ac
3418 5048 3592 5122 ambo
3622 5050 3694 5105 de
3727 5044 3902 5122 pace

2209 5114 2477 5173 collocuti
2508 5117 2733 5188 placide
2764 5114 3629 5174 convivarentur.Attendantur
3659 5114 3895 5181 aucto;

2207 5190 2290 5244 ris
2321 5190 2493 5243 verba
2528 5206 2580 5258 p.
2612 5189 2718 5242 6'23
2750 5188 2945 5253 citata,
2983 5203 3086 5241 nec
3117 5203 3229 5241 non
3263 5194 3319 5242 et
3349 5189 3469 5244 haec
3530 5191 3889 5255 Manuelem

2207 5266 2263 5316 et
2295 5261 2593 5315 sultanum
2626 5264 2947 5314 Turcarum
2982 5258 3321 5330 Chrysopoli
3353 5260 3745 5319 collocuturos
3768 5268 3899 5325 de-

2206 5332 2526 5387 scribentia
2574 5333 2725 5402 apud
2781 5329 3060 5384 Pbranzis
3086 5329 3480 5402 interpretem
3509 5350 3521 5387 :
3556 5336 3636 5389 Ibi
3664 5340 3897 5401 trirem

2203 5405 2262 5458 in
2296 5408 2593 5459 tentorium
2619 5401 2738 5457 isive
2766 5401 3191 5457 tabernaculum
3218 5404 3329 5457 sibi
3356 5409 3612 5474 paratum
3640 5423 3895 5466 conces-

2202 5476 2298 5530 sit.
2332 5477 2638 5546 Imperator
2688 5491 2811 5528 cum
2859 5474 2997 5542 ﬁlii:
3044 5474 3105 5527 z'n
3155 5474 3479 5530 triremibus
3521 5479 3753 5534 edebant
3802 5502 3898 5543 ac

2204 5546 2483 5617 bibebant,
2515 5552 2564 5602 et
2595 5550 2742 5601 inter
2771 5562 2825 5600 se
2856 5548 2970 5615 ipse
3001 5550 3051 5598 et
3078 5560 3294 5600 amaras
3319 5556 3511 5617 partes
3542 5552 3886 5615 mittebant.

2201 5616 2391 5683 Goan,
