4036 6330
545 390 625 450 47
1712 384 1729 407 '

1901 382 2221 445 GEORGII
2268 384 2610 445 CEDRENI
3063 429 3071 437 .
3174 374 3179 381 ’
3868 381 3941 439 2:8

544 522 729 590 retur,
744 515 1114 589 Tryphonem
1142 520 1272 571 astu
1309 513 1895 570 circumveniendum
1922 519 2109 583 ratus,
2129 515 2178 571 si

2332 511 2601 588 βασιλέως
2670 514 2767 582 τὴν
2842 511 3159 587 ὑπόσχεσιν,
3218 510 3395 585 ἀπάτῃ
3465 509 3801 586 περιέρχεται
3856 512 3940 565 τὸν

543 606 854 681 compellat
887 624 900 662 :
942 627 969 659 α
994 604 1198 674 Multe,
1233 604 1489 671 domine,
1536 604 1847 659 adversum
1878 608 1934 659 te
1966 604 2204 659 molitur

544 700 887 770 imperator,
919 700 975 751 et
1028 695 1275 750 crimina
1323 692 1619 765 conquirit
1658 694 1730 747 ob
1775 710 1902 765 quae
1951 698 2006 748 te
2056 692 2201 749 solio

545 787 796 857 dejicere
828 784 1037 857 possit.
1083 783 1470 847 Quantumvis
1520 786 1716 837 autem
1750 798 1962 853 magno
2005 782 2201 837 labore

548 875 695 931 nihil
722 874 1102 945 consequitur
1135 874 1328 928 :814
1360 872 1461 942 qui
1494 871 1971 947 enim‘insontem
2004 872 2201 926 crimi-

549 970 719 1021 netur
740 964 766 1019 ‘I
789 980 973 1019 unum
1007 962 1314 1034 proferunt
1345 961 1442 1032 qui
1478 965 1533 1015 te
1564 960 1896 1031 depositum
1930 961 2199 1031 cupiunt,

547 1070 789 1125 prorsus
817 1057 875 1108 te
904 1068 1034 1107 esse
1068 1051 1402 1106 litterarum
1450 1049 1725 1104 inscium.
1777 1050 1833 1104 Id
1883 1049 2101 1104 crimen
2152 1051 2199 1105 si

545 1142 775 1199 amoliri
835 1157 1143 1214 queamus,
1200 1140 1400 1208 utique
1476 1138 1600 1209 lupi
1680 1138 1908 1194 hiantes
1985 1139 2203 1194 fuerint

544 1248 749 1288 omnes
807 1231 908 1302 qui
967 1230 1073 1285 tibi
1141 1229 1517 1284 insidiantur.
1593 1228 1741 1299 Ergo
1813 1228 1861 1281 si
1937 1244 2028 1282 me
2095 1245 2199 1283 au-

544 1322 656 1387 dis,
688 1337 882 1376 coram
914 1323 1034 1374 toto
1066 1317 1310 1374 concilio
1363 1317 1421 1372 in
1472 1317 1694 1373 munda
1737 1316 1942 1372 charta
1972 1333 2198 1391 nomen

542 1414 708 1463 tuum
764 1412 822 1463 et
864 1406 1239 1480 pontiﬁcatus
1291 1405 1641 1477 dignitatem
1704 1404 1912 1471 scribe,
1952 1422 2200 1477 eamque

545 1497 883 1568 imperatori
916 1496 1103 1566 mitte,
1135 1498 1201 1550 ut
1236 1499 1390 1550 certo
1431 1510 1790 1565 cognoscens
1823 1510 1984 1564 spem
2030 1494 2201 1549 istius

545 1585 809 1641 criminis
839 1584 1064 1639 irritam
1096 1600 1241 1648 esse,
1261 1583 1489 1638 desinat
1510 1583 1625 1637 ista
1644 1586 1849 1636 contra
1867 1586 1922 1636 te
1947 1581 2198 1637 moliri.»

546 1676 609 1731 Id
640 1673 951 1729 consilium
986 1671 1128 1728 utile
1158 1670 1597 1728 visum.Statim
1630 1686 1765 1742 ergo
1799 1672 2029 1743 cogitur
2058 1687 2197 1726 con-

547 1764 769 1833 cilium,
805 1767 862 1817 et
891 1761 1222 1835 patriarcha
1270 1766 1395 1815 tum
1448 1760 1532 1815 sic
1569 1759 1864 1830 loquitur:
1909 1780 1930 1808 ι
1966 1760 2072 1827 Qui
2106 1776 2198 1815 me

2312 602 2682 677 πατριάρχην,
2716 603 2804 656 καὶ
2835 600 3154 676 προσελθὼν
3188 594 3287 678 ἔφη
3321 600 3455 675 πρὸς
3485 597 3666 654 αὐτόν·
3701 622 3730 650 ‹‹
3763 597 3937 667 Πολλὴ

2316 690 2434 762 μὲν,
2467 692 2510 744 ὦ
2542 689 2798 764 δέσποτα,
2830 694 2864 760 ἡ
2897 692 3033 746 κατά
3082 694 3177 744 σοῦ
3225 697 3326 759 τῆς
3390 686 3666 764 βασιλείας
3725 687 3941 752 ἐπίθεσις

2311 780 2399 833 καὶ
2455 780 2713 842 αἰτιάσεις
2774 787 2927 851 ζητεῖ
2984 777 3281 853 δυναμένας
3346 800 3403 833 σε
3476 784 3799 833 κατασπᾶσαι
3850 782 3940 832 τοῦ

2314 870 2527 942 θρόνου,
2555 868 2741 925 πολλά
2807 868 2863 924 δὲ
2923 871 3146 944 μοχθῶν
3199 867 3305 943 οὐχ
3357 866 3621 942 εὑρίσκει·
3682 871 3790 929 πῶς
3846 869 3940 943 γὰρ

2312 956 2370 1011 ἂν
2402 962 2499 1012 τοῦ
2533 958 2778 1013 ἂναιτίου
2812 958 3044 1033 αἰτίασις
3079 960 3311 1032 ἅψαιτο;
3343 959 3437 1013 ⁵Εν
3488 954 3545 1010 δὲ
3594 955 3938 1031 προφέρουσιν

2310 1043 2481 1100 αἴτιον
2540 1048 2592 1101 οἱ
2660 1045 2990 1102 σπουδασταὶ
3060 1055 3159 1116 τῆς
3235 1049 3331 1116 σῆς
3418 1045 3791 1122 καθαιρέσεως,
3843 1048 3943 1123 φάο

2313 1156 2529 1197 σκοντες
2610 1139 2685 1209 μὴ
2774 1137 2921 1198 ὅλως
2977 1134 3175 1191 εἰδέναι
3228 1157 3286 1190 σε
3361 1137 3674 1211 γράμματα.
3734 1134 3792 1189 Εἰ
3855 1135 3941 1189 οὖν

2310 1229 2469 1278 τοῦτο
2540 1224 2939 1301 ἀποτρέψασθαι
3034 1223 3433 1297 δυνηθείημεν,
3492 1223 3659 1289 λύκος
3737 1228 3944 1287 πάντως

2311 1315 2490 1388 χανὼν
2546 1317 2870 1392 φανήσονται
2930 1317 2982 1369 οἱ
3036 1315 3172 1370 κατά
3230 1318 3324 1370 σοῦ
3386 1312 3734 1387 μελετῶντες.
3779 1313 3851 1370 Εἴ
3893 1336 3945 1367 τι

2314 1401 2405 1457 οὖν
2471 1424 2564 1475 μοι
2623 1402 2802 1478 πείθῃ,
2860 1404 2950 1458 ἐπὶ
3008 1404 3275 1480 παρουσίᾳ
3328 1403 3505 1474 πάσης
3554 1410 3656 1472 τῆς
3727 1401 3946 1458 συνόδου

2310 1493 2520 1567 γράψας
2553 1492 2605 1547 ἐν
2633 1493 2863 1570 ἀγράφῳ
2893 1492 3109 1569 χαρτίῳ
3138 1494 3200 1547 τὸ
3244 1493 3334 1547 σὸν
3386 1489 3555 1565 ὄνομα
3596 1493 3685 1548 καὶ
3740 1495 3796 1548 τὸ
3848 1500 3948 1563 τῆς

2309 1581 2607 1656 ἱερωσύνης
2635 1582 2849 1655 ἀξίωμα
2880 1583 3097 1657 πέμψον
3128 1587 3207 1654 τῷ
3240 1580 3472 1657 βασιλεῖ,
3508 1582 3580 1643 ὡς
3628 1579 3689 1635 ἂν
3739 1580 3949 1656 πληρο-

2309 1672 2524 1746 φορηθῇ
2551 1672 2638 1725 καὶ
2673 1679 2772 1740 τῆς
2802 1672 3056 1740 τοιαύτης
3088 1668 3309 1732 ἐλπίδος
3354 1669 3588 1725 ἐκπεσὼν
3643 1670 3950 1745 ἀπόσχηται

2306 1762 2402 1812 τοῦ
2449 1761 2584 1813 κατά
2636 1765 2730 1813 σοῦ
2784 1758 3033 1834 μελετᾷν.
3087 1786 3106 1810 ι
3160 1757 3349 1830 Ἔδοξε
3394 1758 3684 1827 Λυσιτελὴς
3726 1762 3758 1829 ἡ
3807 1781 3948 1835 παρ-

547 1854 765 1923 injuste
786 1852 1126 1923 pontiﬁcatu
1149 1850 1397 1921 dejicere
1413 1850 1713 1915 student,o
1737 1849 1915 1903 divini
1940 1849 2185 1921 collegas,

2311 1848 2526 1909 αίνεσις.
2580 1848 2751 1912 Εὐθὺς
2800 1849 2891 1903 οὖν
2959 1849 3344 1923 συνηθροίζετο
3398 1846 3640 1918 σύνοδος,
3684 1851 3766 1903 καὶ
3827 1871 3950 1903 συν-

2345 1938 2370 1958 Λ
2507 1949 2527 1958 Α
2572 1937 2583 1958 Ι
2856 1939 2869 1955 \
3014 1940 3026 1955 \
3161 1939 3173 1957 ’
3230 1940 3245 1958 \
3347 1940 3360 1958 ι
3610 1942 3617 1955 ο
3890 1940 3945 1958 n’l

548 1942 733 1996 multa
790 1941 1007 1996 frustra
1060 1939 1245 1994 moliti
1298 1944 1365 1994 ut
1395 1936 1756 2010 probabilem
1808 1936 2060 2008 aliquam
2086 1938 2199 1993 mei

546 2029 795 2102 pellendi
827 2045 1067 2085 causam
1113 2028 1459 2096 invenirent,
1500 2032 1818 2082 extremam
1852 2026 2000 2081 hanc
2031 2043 2197 2083 exco-

540 2122 804 2192 gitarunt
833 2118 1191 2175 calumniam
1216 2117 1371 2189 quod
1406 2132 1497 2171 me
1529 2116 1734 2171 rudem
1767 2115 2091 2170 litterarum
2118 2115 2199 2170 di-

541 2213 699 2264 cunt.
746 2207 999 2262 Proinde
1021 2208 1149 2277 jam
1181 2207 1239 2261 in
1290 2210 1606 2277 conspectu
1639 2204 1903 2260 omnium
1936 2209 2194 2260 vestrum

543 2299 648 2353 has
678 2313 849 2351 exaro
884 2296 1131 2363 litteras,
1165 2300 1229 2349 ut
1257 2294 1521 2349 videntes
1568 2292 1959 2365 sycophantes
2012 2297 2195 2350 certo-

542 2402 653 2458 que
682 2385 929 2442 convicti
981 2388 1167 2440 cesset
1200 2383 1343 2439 mihi
1376 2382 1534 2438 nullo
1575 2383 1711 2453 jure
1756 2383 2057 2455 negotium
2110 2383 2193 2437 fa-

540 2490 786 2530 cessere.
823 2496 851 2525 »
884 2474 1013 2529 Haec
1042 2473 1275 2529 locutus
1306 2472 1568 2527 chartam
1613 2488 1821 2543 puram
1868 2472 2108 2543 accepit,
2140 2477 2196 2528 et

541 2564 821 2619 omnibus
867 2562 1243 2618 cernentibus
1289 2562 1407 2617 hac
1452 2561 1693 2633 scripsit
1726 2578 1737 2615 :
1772 2584 1800 2611 «
1831 2562 2064 2633 Trypho
2099 2561 2193 2616 Dei

544 2652 917 2708 miseratione
946 2651 1421 2723 archiepiscopus
1451 2649 1665 2722 Cpolis,
1702 2667 1862 2706 novae
1893 2650 2108 2717 Romae,
2139 2656 2196 2705 et

544 2741 877 2814 patriarcha
906 2740 1327 2796 mcumenicus.
1355 2760 1382 2789 »
1403 2740 1465 2793 Et
1491 2739 1776 2810 scriptum
1797 2738 1906 2793 hoc
1936 2739 2190 2810 prasidi,

544 2849 717 2903 quem
737 2831 850 2904 ipsi
875 2830 1325 2902 protothronum
1348 2829 1653 2897 vocant,ad
1677 2828 2087 2899 imperatorem
2114 2829 2191 2883 fe-

543 2922 791 2977 rendum
811 2920 991 2976 dedit.
1016 2919 1177 2984 Quod
1200 2918 1250 2974 is
1274 2918 1373 2973 ubi
1406 2917 1908 2989 accepit,superne
1930 2917 2191 2972 chartam

540 3010 715 3067 aliam
739 3026 945 3081 puram
970 3008 1260 3074 attexit,in
1278 3024 1461 3078 eaque
1478 3005 1935 3078 resignationem
1952 3007 2194 3077 perscri-

536 3101 639 3169 bit,
672 3115 789 3171 qua
817 3097 1051 3170 Trypho
1082 3112 1144 3152 se
1175 3101 1335 3152 tanto
1386 3111 1624 3149 munere
1655 3094 1961 3164 indignum
1989 3094 2192 3149 cedere

534 3186 748 3244 solium
771 3186 823 3243 ei
845 3186 946 3259 qui
991 3185 1165 3241 vellet
1200 3184 1600 3255 profitebatur.
1619 3184 1699 3238 Ea
1721 3183 2110 3253 resignatione
2132 3183 2190 3237 in

2308 1937 2708 2013 αθροισθείσης,
2738 1939 2872 2016 φησὶ
2930 1940 3067 2014 πρὸς
3116 1939 3284 2007 αὐτὴν
3339 1940 3367 1993 6
3424 1942 3787 2014 πατριάρχηςο
3823 1964 3847 1989 ‹‹
3887 1940 3953 1993 O't

2306 2030 2401 2079 τοῦ
2458 2026 2648 2101 θρόνου
2710 2048 2776 2099 με
2831 2032 3147 2101 καταγαγεῖν
3226 2026 3554 2101 βουλόμενοι
3627 2024 3843 2097 ἀδίκως,
3904 2028 3951 2080 ὦ

2310 2119 2445 2177 θεῖοι
2494 2114 2933 2191 συλλειτουργοὶ,
2981 2115 3194 2177 πολλὰς
3274 2116 3531 2190 μηχανὰς
3605 2116 3951 2186 κεκινηκότες

2307 2202 2444 2258 ὥστε
2494 2201 2723 2279 εὔλογον
2776 2204 2947 2259 αἰτίαν
3012 2206 3187 2279 εὑρεῖν
3240 2204 3329 2258 καὶ
3388 2200 3458 2258 δι’
3511 2202 3678 2273 αὐτῆς
3736 2226 3802 2277 με
3867 2204 3950 2275 ἐξ·

2307 2292 2638 2366 οστρακίσαι,
2697 2293 2805 2369 οὐχ
2860 2294 3035 2370 εὗρον.
3095 2293 3412 2349 Τελευταίαν
3473 2291 3565 2347 οὖν
3644 2315 3735 2367 μοι
3787 2315 3953 2369 προσ-

2304 2380 2561 2435 άπτουσιν
2622 2381 2794 2436 αἰτίαν
2853 2382 3076 2452 ταύτην·
3113 2384 3239 2459 φασί
3290 2404 3356 2455 με
3412 2380 3764 2457 ἀγράμματον
3793 2382 3949 2437 εἶναι’

2305 2473 2410 2523 Nov
2471 2468 2560 2524 οὖν
2621 2469 2703 2524 ἐπ’
2751 2467 2869 2544 ὄψει
2930 2471 3142 2525 πάντων
3207 2472 3358 2544 ὑμῶν
3390 2468 3518 2525 τάδε
3569 2473 3827 2546 χαράσσω
3882 2475 3956 2527 τὰ

2303 2558 2622 2633 γράμματα,
2662 2558 2735 2613 'iv’
2786 2557 2990 2624 ἰδόντες
3035 2561 3127 2615 καί
3176 2560 3691 2637 πληροφορηθέντες
3747 2562 3803 2614 οἱ
3854 2583 3952 2616 συ-

2302 2649 2563 2725 κοφάνταε
2620 2648 2970 2724 ἀπόσχωνται
3030 2650 3124 2703 τοῦ
3182 2647 3386 2713 ἀδίκως
3446 2671 3539 2721 μοι
3593 2647 3863 2724 ἐνοχλεῖν.
3924 2676 3953 2702 ››

2346 2737 2455 2803 Tne,
2487 2737 2573 2790 καὶ
2609 2737 2819 2812 χάρτην
2851 2734 3088 2816 ἄγραφον
3140 2735 3384 2816 εἰληφὼς
3434 2737 3514 2792 ἐπ’
3561 2734 3678 2812 ὄψει
3728 2740 3950 2793 πάντων

2307 2825 2607 2900 ὑπέγραψεν
2666 2826 2857 2889 οὕτως.
2909 2829 2993 2898 [Ρ.
3044 2830 3170 2901 620]
3221 2852 3248 2879 ››
3318 2827 3549 2906 Τρύφων
3616 2826 3755 2901 ἐλέῳ
3814 2834 3954 2884 Θεοῦ

2304 2915 2736 2989 ἀρχιεπίσκοπος
2819 2914 3475 2988 Κωνσταντινουπόλεως,
3527 2917 3649 2979 νέας
3703 2917 3951 2990 Ῥώμης,

2302 3004 2388 3058 καὶ
2426 3003 2803 3077 οἷ’κουμενικὸς
2833 3008 3203 3081 πατριάρχης.
3242 3030 3268 3056 ››
3303 3006 3404 3063 Καὶ
3435 3007 3645 3081 γράψας
3680 3005 3954 3079 ἐκπέμπει

2304 3088 2392 3145 διά
2421 3096 2517 3145 τοῦ
2561 3092 2954 3168 πρωτοθρόνου
2996 3099 3074 3167 τῷ
3128 3093 3360 3168 βασιλεῖ.
3394 3096 3567 3168 ’Όπερ
3622 3091 3807 3149 λαϐὼν
3866 3095 3961 3149 ἐπὶ

2302 3185 2491 3256 χεῖρας
2552 3182 2732 3253 οὗτος,
2777 3184 2864 3236 καὶ
2926 3180 3165 3261 ἄγραφον
3219 3180 3399 3261 ἕτερον
3458 3183 3669 3260 χάρτην
3748 3182 3960 3248 ἄνωθεν

533 3276 782 3332 concilio
814 3255 1039 3347 prolata
1056 3274 1289 3346 Trypho
1320 3272 1566 3328 ecclesia
1586 3272 1736 3327 3l5
1764 3271 2054 3326 abductus
2078 3276 2185 3340 est,

2306 3270 2731 3349 προσανυφάνας,
2780 3271 3106 3345 παραίτησιν
3167 3270 3415 3348 ἔγραψεν,
3472 3274 3545 3336 ὡς
3607 3272 3818 3344 ἀνάξιος
3878 3275 3959 3329 ὣν

530 3365 740 3437 (multis
783 3364 1072 3420 fallaciam
1116 3361 1431 3433 deplorans
1475 3365 1532 3416 et
1578 3360 1883 3432 praesidem
1916 3359 2182 3431 culpane.

492 3506 497 3519 ,
534 3454 670 3510 Post
698 3469 921 3509 annum
954 3456 1011 3508 et
1033 3467 1267 3507 menses
1290 3449 1550 3523 quinque
1571 3447 2038 3521 Theophylactus
2055 3449 2185 3520 (hoc

480 3526 491 3585 Ϊ
533 3543 689 3599 enim
723 3542 1006 3615 temporis
1053 3542 1104 3597 ei
1155 3540 1345 3596 adhuc
1395 3540 1468 3595 ad
1517 3538 1839 3611 legitimam
1899 3554 2182 3593 manuum

535 3631 971 3704 impositionem
1029 3630 1311 3701 defuerat)
1358 3644 1559 3685 mense
1604 3628 1940 3695 Februario,
1990 3627 2183 3682 indic-

533 3723 690 3778 tione
718 3724 773 3793 2,
802 3720 1136 3793 partiarcha
1167 3724 1415 3775 creatur.

2299 3358 2560 3429 ἐξίσταται
2587 3364 2665 3432 τῷ
2700 3358 3023 3435 βουλομένῳ
3046 3366 3140 3416 τοῦ
3172 3363 3390 3437 θρόνου.
3430 3365 3536 3427 Τῆς
3588 3359 3645 3417 δὲ
3690 3362 3963 3432 τοιαύτης

2299 3451 2680 3523 παραιτήσεως
2728 3452 3195 3525 προκομισθείσης
3246 3450 3333 3505 ἐπὶ
3385 3449 3613 3506 συνόδου
3658 3452 3957 3526 κατάγεται

2296 3543 2395 3606 τῆς
2444 3536 2771 3608 Ἐκκλησίας
2830 3539 2856 3593 ὁ
2910 3539 3161 3617 Τρύφων,
3193 3538 3381 3594 πολλά
3412 3541 3510 3609 την
3562 3539 3764 3606 ἀπάτην
3822 3540 3963 3595 ὀλο-

2297 3626 2606 3703 φυρόμενος
2661 3627 2749 3681 καὶ
2798 3632 2875 3699 τῷ
2922 3630 3287 3703 πρωτοθρόνῳ
3336 3628 3805 3707 ἐπιμεμφόμενος.
3842 3632 3957 3689 Καὶ

2300 3716 2433 3788 μετά
2478 3715 2676 3791 χρόνον
2727 3712 2820 3771 ἕνα
2864 3717 2954 3771 καὶ
3005 3725 3176 3789 μῆνας
3219 3718 3377 3773 πέντε
3425 3721 3700 3791 (τοσοῦτον
3760 3721 3865 3794 γὰρ
3925 3722 3957 3775 6

506 3818 629 3883 ﬁtﬁt;
686 3807 911 3880 ἡλικίας
961 3812 1057 3863 τοῦ
1107 3805 1483 3885 Θεοφυλάκτου
1542 3802 1704 3860 ἐνέδει
1762 3803 1963 3880 χρόνος
2020 3803 2156 3879 πρὸς
2204 3803 2523 3875 τελειότητα
2565 3804 2652 3859 καὶ
2712 3806 3047 3880 χειροθεσίαν
3084 3806 3512 3883 ἀρχιερωσύνης)
3560 3802 3957 3884 Φεϐρουαρίῳ,

501 3896 866 3961 ίΐνδικτιῶνος
903 3899 968 3973 β’,
1002 3901 1397 3972 χειροτονεῖται
1426 3896 1773 3969 πατριάρχης
1806 3892 2181 3971 Θεοφύλακτος
2213 3894 2240 3948 6
2269 3898 2366 3947 τοῦ
2402 3892 2667 3967 βασιλέως
2701 3895 2841 3957 υἱός.

596 4027 717 4082 Sub
771 4026 927 4081 idem
984 4029 1218 4096 tempus
1275 4022 1529 4101 Basilius
1581 4023 1820 4093 quidam
1853 4022 2087 4076 Macedo
2121 4038 2183 4076 se

520 4115 973 4171 Constantinum
998 4119 1167 4168 Ducas
1199 4112 1384 4167 filium
1417 4128 1546 4167 esse
1569 4113 1805 4181 jactans
1836 4110 2057 4165 multos
2081 4111 2180 4165 de-

520 4210 715 4275 ceptos
748 4204 861 4259 sibi
893 4202 1148 4273 asciscit,
1181 4207 1235 4258 et
1266 4201 1402 4256 hinc
1434 4202 1570 4255 inde
1602 4217 1823 4271 vagans
1874 4217 1974 4271 per
2004 4200 2179 4255 urbes

523 4293 815 4349 tumultus
848 4292 1101 4348 concitat
1131 4296 1187 4347 et
1216 4291 1286 4346 ad
1319 4290 1705 4345 defectionem
1758 4293 1969 4344 movet.
2004 4288 2174 4343 Com-

523 4383 877 4455 prehensum
909 4381 1067 4436 hunc
1090 4381 1330 4452 quidam
1352 4379 1776 4451 Elephantinus
1802 4382 2007 4433 turmae
2027 4395 2173 4449 prae-

521 4472 707 4527 fectus
763 4471 834 4525 ad
896 4470 1305 4541 imperatorem
1358 4467 1624 4539 perducit
1675 4484 1687 4523 :
1736 4466 1786 4522 is
1827 4482 1958 4522 eum
1990 4466 2173 4521 altera

520 4565 861 4617 truncatum
891 4576 1069 4614 manu
1094 4558 1358 4613 dimittit.
1386 4557 1675 4613 Dimissus
1694 4572 1899 4611 aeream
1926 4572 2170 4611 manum

517 4649 825 4707 substituit
850 4649 1146 4713 abscisam,
1178 4648 1599 4720 ingentemque
1632 4647 1932 4701 accinctus
1967 4662 2167 4700 ensem

515 4739 816 4812 Opsicium
866 4742 1159 4811 peragrat,
1185 4735 1647 4808 simplicioribus
1688 4736 2049 4807 persuadens
2106 4750 2168 4791 se

512 4846 640 4886 esse
670 4827 1122 4885 Constantinum
1159 4828 1394 4881 Ducam.
1458 4825 1541 4880 Ita
1571 4840 1783 4895 magna
1817 4840 1992 4878 manu
2027 4841 2167 4879 con-

511 4924 699 4975 tracta
728 4917 1112 4973 defectionem
1146 4916 1320 4983 facit;
1368 4918 1426 4970 et
1472 4917 1755 4986 occupato
1805 4911 2043 4969 castello
2075 4912 2169 4968 cui

510 5009 694 5064 latum
743 5022 949 5062 saxum
999 5010 1055 5060 et
1099 5021 1335 5073 nomen,
1367 5020 1432 5059 eo
1465 5003 1657 5059 omnis
1688 5003 1918 5075 generis
1960 5018 2053 5058 res
2084 5019 2167 5057 re-

512 5098 697 5172 ponit,
730 5112 915 5167 eaque
957 5111 1100 5151 usus
1150 5110 1278 5150 arce
1326 5093 1593 5166 proxima
1650 5107 1894 5163 quaeque
1942 5092 2165 5163 deprae-

511 5188 702 5243 datur.
746 5188 1073 5257 Imperator
1120 5184 1301 5239 misso
1352 5182 1603 5238 exercitu
1653 5182 1809 5236 hunc
1855 5198 1989 5236 cum
2038 5181 2163 5237 suis

510 5276 701 5345 capit;
736 5290 989 5346 cumque
1020 5272 1468 5342 diligentissime
1490 5271 1839 5341 inquirendo
1862 5287 1935 5325 an
1961 5287 2160 5342 proce-

509 5380 638 5418 rum
673 5362 896 5433 aliquos
926 5362 1202 5417 facinoris
1233 5361 1537 5416 habuisset
1575 5360 1841 5415 conscios
1889 5359 2032 5415 nihil
2061 5360 2159 5414 de-

508 5452 936 5524 prehendisset,
970 5451 1028 5505 in
1061 5451 1431 5505 Amastriano
1483 5465 1615 5504 eum
1667 5457 1904 5517 cremat,
1952 5454 2157 5505 Roma-

509 5560 619 5597 nus
677 5558 848 5613 porro
908 5540 1024 5596 filio
1084 5557 1191 5596 suo
1249 5539 1543 5611 Stephano
1619 5556 1857 5594 uxorem
1916 5538 2159 5594 collocat

504 5634 731 5687 Annam
764 5630 990 5686 Gabalis
1022 5629 1225 5694 ﬁliam,
1245 5627 1541 5699 simulque
1572 5645 1704 5683 eum
1728 5633 1883 5684 serto
1906 5628 2154 5701 nuptiali

505 5720 777 5789 Augusta:
816 5734 1091 5773 coronam
1124 5718 1174 5773 ei
1209 5716 1475 5787 imponit.

2365 4015 2650 4081 Βασίλειος
2690 4015 2746 4073 δέ
2791 4040 2877 4081 τις
2925 4017 3213 4089 Μακεδὼν,
3248 4026 3651 4075 Κωνσταντῖνον
3698 4022 3791 4076 τὸν
3849 4026 3961 4077 τοῦ

2293 4105 2467 4161 Δούκα
2553 4107 2738 4161 ἑαυτὸν
2827 4108 3188 4187 ἐπιφημίσας,
3265 4108 3514 4173 πολλοὺς
3603 4110 3959 4181 ἐξαπατήσας

2288 4195 2423 4271 πρὸς
2475 4194 2661 4251 ἐαυτὸν
2717 4197 3072 4271 ἐπεσπάσατο,
3114 4200 3202 4253 καὶ
3263 4203 3571 4275 περιπατῶν
3621 4199 3794 4255 ἐκύκα
3854 4202 3960 4256 καὶ

2289 4284 2634 4360 συνετάραττε
2663 4287 2756 4349 τὰς
2786 4286 2975 4350 πόλεις
3029 4288 3115 4343 καὶ
3170 4288 3307 4365 πρὸς
3362 4288 3690 4344 ἀποστασίαν
3749 4288 3955 4345 ἐκίνει·

2288 4374 2567 4450 συσχεθείς
2628 4374 2686 4431 δὲ
2740 4379 2887 4452 παρά
2934 4400 3080 4440 τινος
3136 4378 3494 4455 τουρμάρχου
3555 4378 3958 4457 Ἐλεφαντίνου

2281 4466 2380 4533 τὴν
2437 4468 2829 4544 προσηγορίαν,
2861 4469 2952 4523 καὶ
3009 4470 3084 4531 ὡς
3147 4466 3375 4545 βασιλέα
3405 4469 3593 4545 ἀχθεὶς
3651 4477 3754 4539 τῆς
3815 4476 3962 4543 μιᾶς

2282 4552 2669 4630 ἀλλοτριοῦται
2720 4558 2930 4632 χειρός.
2964 4558 3093 4613 Εἶτα
3151 4556 3336 4627 πάλιν,
3392 4559 3467 4621 ὡς
3521 4558 3738 4636 ἀφείθη,
3772 4565 3962 4635 χεῖρα

2280 4642 2496 4718 χαλκῆν
2556 4645 2729 4718 ἑαυτῷ
2805 4647 3041 4720 περιθεὶς
3127 4648 3218 4701 καὶ
3295 4646 3503 4717 σπάθην
3586 4648 3955 4723 ὑπερμεγέθη

2283 4736 2681 4796 κατασκευάσας
2736 4735 3066 4809 περιενόστει
3143 4736 3207 4791 τὸ
3266 4736 3536 4810 Ὀψίκιον,
3593 4737 3723 4799 τοὺς
3805 4738 3959 4816 ἀφε-

2285 4820 2571 4898 λεστέρους
2626 4821 2847 4880 πλανῶν
2908 4825 2983 4888 ὡς
3043 4825 3202 4887 αὐτὸς
3275 4823 3358 4897 εἵη
3437 4829 3852 4888 Κωνσταντῖνος
3924 4831 3957 4883 6

2276 4915 2371 4965 τοῦ
2431 4910 2626 4968 Δούκα.
2676 4913 2931 4989 Μεγάλην
3004 4912 3096 4968 οὖν
3166 4920 3330 4990 χεῖρα
3388 4915 3740 4991 συναθροίσας
3795 4915 3956 4972 ἀπο-

2277 4999 2489 5055 στασίαν
2548 5008 2706 5059 κινεῖ.
2734 5003 2840 5059 Καὶ
2898 5005 2960 5058 τὸ
3006 5003 3265 5081 φρούριον
3297 5005 3589 5079 κατασχὼν
3622 5006 3650 5059 ὃ
3686 5005 3955 5061 Πλατεῖοι

2274 5089 2442 5164 πέτρα
2472 5091 2919 5165 κατονομάζεται,
2970 5098 3073 5146 πᾶν
3130 5091 3270 5155 εἶδος
3330 5093 3382 5148 ἐν
3423 5094 3604 5166 τούτῳ
3671 5093 3953 5166 ἀπέθετο,

2274 5178 2365 5253 ἀφ’
2419 5180 2585 5256 οὗπερ
2648 5181 3027 5257 έξορμώμενος
3080 5180 3363 5252 ἐλεηλάτει
3422 5184 3491 5237 τά
3538 5184 3958 5258 παρατυχόντα

2271 5267 2359 5321 καὶ
2422 5267 2692 5338 ἐληίζετο.
2729 5270 2950 5344 Πέμψας
3009 5270 3097 5326 οὖν
3159 5273 3186 5326 6
3244 5270 3498 5347 βασιλεὺς
3531 5272 3756 5347 στρατὸν
3814 5283 3956 5330 κατ’

2270 5358 2434 5412 αὐτοῦ
2495 5358 2651 5413 αὑτόν
2704 5381 2762 5414 τε
2811 5354 3188 5433 συλλαμϐάνει
3245 5360 3335 5414 καὶ
3392 5361 3519 5421 τοὺς
3588 5360 3678 5414 σὺν
3753 5361 3949 5435 αὐτῷ.

2268 5448 2366 5500 Καὶ
2398 5445 2584 5501 πολλά
2629 5448 2913 5524 ἀνακρίνας
2952 5455 3139 5521 μαθεῖν
3204 5452 3278 5522 μή
3333 5471 3479 5511 τινες
3538 5450 3641 5505 εἶεν
3696 5455 3812 5505 τῶν
3884 5453 3949 5507 ἐν

2265 5536 2412 5590 τέλει
2472 5536 2809 5610 συνίστομες,
2868 5538 3178 5594 τελευταῖον
3258 5538 3426 5613 μηδὲν
3486 5539 3693 5614 καίριον
3753 5561 3944 5596 κατα-

2267 5620 2474 5697 λαϐὼν,
2530 5624 2580 5679 ἐν
2662 5632 2740 5699 τῷ
2825 5629 3105 5702 λεγομένῳ
3156 5630 3533 5703 Ἀμαστριανῷ
3609 5629 3741 5702 πυρὶ
3836 5631 3948 5688 τὸν

2262 5718 2508 5769 τοιοῦτον
2570 5714 2959 5792 παραδίδωσιν.
2994 5724 3215 5791 ’Ἄγεται
3275 5717 3332 5774 δὲ
3380 5719 3467 5774 καὶ
3498 5724 3729 5795 γυναῖκα
3785 5726 3945 5776 Στε-
