4050 6326
144 373 213 431 49
1271 377 1825 442 HISTORIABUM
1871 377 2423 440 COMPENDIUM.
3475 373 3558 434 50

150 499 292 576 φάνῳ
337 502 455 575 (81)
509 506 589 575 τῷ
645 505 754 578 υἱῷ
808 506 837 560 6
897 505 1153 581 βασιλεὺς
1200 508 1481 582 Ῥωμανὸς
1534 511 1733 566 Ἄνναν
1789 508 1891 578 τὴν
1942 506 2204 584 θυγατέρα
2255 511 2353 562 τοῦ
2409 500 2630 561 Γαϐαλᾶ
2664 525 2677 540 ο
2738 501 2851 578 ἅμα
2906 501 2965 559 δι
3014 506 3095 576 τῷ
3143 505 3398 580 νυμφικῷ
3445 523 3561 559 στε-

150 591 294 667 φάνῳ
321 591 414 646 καὶ
441 592 508 647 τὸ
531 599 634 662 τῆς
669 593 945 669 βασιλείας
978 593 1222 671 διάδημα
1249 597 1389 673 αὐτῇ
1421 597 1716 655 ἐπετίθετο.

212 715 457 791 Ἐγένετο
490 714 548 771 δὲ
574 717 668 772 καὶ
715 715 979 791 εἱσϐολὴή
1027 720 1287 799 Τούρκων
1318 724 1455 778 κατὰ
1484 723 1795 795 Ῥωμαίων,

1986 724 2140 779 316
2172 724 2369 779 Mense
2424 720 2629 794 Aprili,
2688 718 3010 776 indictione
3062 720 3118 787 7,
3176 716 3349 774 Turci
3407 717 3562 773 facta

146 803 463 878 Ἀπριλλίῳ
523 807 682 882 μηνί,
758 806 1095 875 ίνδικτιῶνος
1179 816 1238 882 ζ,
1307 812 1399 866 καὶ
1458 809 1798 885 κατέδραμον

146 898 317 949 πᾶσαν
373 895 476 964 τὴν
543 893 696 951 δύσιν
781 898 940 975 μέχρι
1010 907 1111 971 τῆς
1187 899 1428 964 πόλεως.
1484 898 1793 972 Ἀπεστὰλη

143 985 264 1057 γοῦν
321 983 349 1037 6
420 985 708 1061 πατρίκιος
791 991 1071 1066 Θεοφάνης
1122 991 1213 1045 καὶ
1269 984 1793 1065 πρωτοϐεστιάριος,

143 1072 225 1126 καὶ
287 1071 555 1150 ἆλλάγιον
614 1076 732 1149 μετ’
785 1076 963 1133 αὐτῶν
1014 1078 1331 1151 ἐποιήσατο,
1396 1076 1631 1154 μηδενὸς
1665 1081 1797 1155 κρή-

151 1182 315 1233 ματος
346 1164 679 1239 φεισαμένου
724 1170 822 1221 τοῦ
865 1166 1135 1243 βασιλέως
1187 1168 1265 1234 εἷς
1317 1170 1416 1239 τὴν
1478 1171 1583 1224 τῶν
1617 1167 1797 1245 αῗχμ-

136 1248 358 1305 αλώτων
391 1252 700 1329 ἀνάρρυσιν.
747 1256 1101 1335 Ἐνυμφεῦθη
1168 1255 1227 1313 δὲ
1277 1257 1367 1313 καὶ
1413 1257 1797 1331 Κωνσταντίνῳ

142 1344 220 1412 τῶ
248 1338 438 1413 λοιπῷ
471 1341 576 1414 υἱῷ
620 1342 718 1398 τοὺ
778 1344 1048 1422 βασιλέως
1094 1344 1231 1422 κόρη
1261 1369 1346 1411 τις
1380 1347 1573 1420 Ἑλένη
1604 1345 1792 1403 τοῦνο-

149 1450 239 1502 μα,
293 1428 353 1485 ὲκ
408 1430 601 1508 γένους
658 1436 767 1488 τῶν
818 1436 1187 1511 Ἀρμενιακῶν
1247 1431 1481 1493 ἕλκουσα
1535 1439 1634 1508 τήν
1692 1458 1801 1492 σει-

152 1518 267 1593 ρᾶν,
312 1519 554 1595 θυγάτηρ
604 1519 897 1598 ’Δδριανοῦ
945 1526 1259 1597 πατρικίου.
1292 1528 1392 1589 Ἥς
1438 1526 1571 1601 μετά
1605 1526 1796 1600 μικρὸν

143 1607 521 1680 ἀποθανουσης
575 1613 962 1689 προσήρμοσεν
1037 1614 1186 1688 αὗτῷ
1263 1615 1471 1691 ἑτέραν,
1542 1618 1800 1694 Θεοφανὼ

139 1694 405 1771 τοῦνομα,
455 1699 515 1755 ἐκ
597 1701 790 1778 γένους
859 1702 1240 1780 καταγομένην
1310 1709 1407 1760 τοῦ
1485 1704 1799 1779 Μάμαντος.

151 1788 350 1862 Δεκάτῃ
409 1785 467 1843 δὲ
541 1790 630 1845 σαὶ
690 1802 920 1869 τετάρτῃ
993 1790 1315 1863 ἰνδικτιῶνι,
1374 1792 1584 1867 Ἰουνίῳ
1647 1793 1800 1868 μηνὶ,

154 1874 433 1940 ἓπέλευσις
514 1880 651 1935 κατᾶ
753 1889 854 1952 τῆς
929 1882 1149 1947 πόλεως
1247 1882 1456 1959 ἐγένετο
1539 1885 1804 1938 Ῥωσικοῦ

154 1964 350 2021 στόλου
405 1967 616 2024 πλοίῶν
673 1967 948 2046 χιλιάδων
1015 1969 1162 2029 δέκα.
1220 1972 1477 2044 Ἐξῆλθεν
1538 1970 1629 2028 οὖν
1686 1972 1803 2027 κατ’

157 2054 332 2110 αὐτῶν
378 2057 409 2110 6
482 2058 770 2133 πατρίκιος
819 2060 905 2115 καὶ
977 2056 1474 2138 πρωτοϐεστιάριος
1531 2062 1804 2140 Θεοφάνης

159 2146 291 2216 μετά
345 2151 446 2201 τοῦ
502 2119 723 2220 στόλου,
757 2119 841 2224 [Ρ.
899 2119 1030 2224 630].
1084 2151 1180 2206 κάν
1226 2156 1307 2224 τῷ
1349 2119 1503 2226 ὲΙερῶ
1548 2119 1801 2227 προσωρἐ
1834 2119 1883 2185 Β

159 2232 376 2303 μίσατο,
428 2233 647 2291 ἐκείνων
705 2236 758 2292 ἓν
820 2242 899 2311 τῷ
956 2240 1127 2316 Φάρῳ
1175 2239 1265 2295 καὶ
1325 2240 1376 2296 ἰν
1428 2244 1506 2312 τῷ
1558 2238 1804 2295 ἐπέκεινα

156 2321 391 2396 αἰγιαλῶ
438 2322 885 2400 ναυλοχούντων.
936 2330 1394 2404 Καιροσκοπήσας
1445 2326 1536 2383 οὖν
1604 2328 1800 2404 ἀθρόον

154 2412 370 2474 τοῦτοις
393 2412 636 2488 ἱπέθετο,
680 2415 772 2471 καὶ
820 2416 918 2486 τὴν
966 2439 1026 2472 τε
1073 2417 1318 2492 σύνταξιν
1372 2417 1545 2474 αὐτῶν
1593 2415 1806 2474 διέλυσε

152 2501 243 2554 καὶ
301 2500 493 2558 πολλὰ
536 2509 646 2558 τῶν
718 2503 932 2561 πλοίων
976 2511 1056 2579 τῷ
1112 2511 1390 2580 σκευαστῷ
1435 2507 1563 2585 πυρὶ
1618 2507 1806 2563 ἀπετέ-

155 2609 360 2666 φρωσε,
388 2592 458 2646 τὰ
485 2589 543 2647 δὲ
569 2590 775 2656 τελέως
823 2593 1104 2671 ἐτρέψατο.
1159 2597 1229 2654 Οἱ
1280 2595 1717 2671 περιλειφθέντες
1749 2593 1806 2650 δὲ

154 2683 261 2734 τῶν
323 2678 459 2743 Ῥῶς
514 2683 862 2759 περαιοῦνται
911 2682 989 2748 εἷς
1043 2684 1142 2754 τὴν
1175 2683 1480 2756 Ἀνατολὴν
1536 2686 1626 2740 καὶ
1672 2684 1808 2740 κατὰ

155 2768 220 2821 τὰ
275 2765 549 2842 λεγόμενα
606 2770 794 2846 Σγόρα
840 2775 1224 2850 προσίσχουσι.
1278 2771 1489 2847 Βάρδας
1528 2770 1585 2829 δὲ
1612 2774 1806 2849 πατρί-

157 2878 297 2929 κιος,
330 2858 359 2912 6
389 2862 489 2914 τοῦ
529 2864 700 2915 Φωκᾶ
747 2860 883 2930 υἱὸς,
932 2860 1061 2925 τοὺς
1123 2861 1408 2938 αῗγιαλοῧς
1447 2862 1803 2938 παρατρέχων

161 2948 275 3019 μεθ’
354 2946 566 3003 ἱππέων
645 2948 737 3004 καὶ
824 2948 1085 3026 ἐκκρίτων
1160 2949 1395 3028 ἀνδρῶν,
1478 2952 1805 3029 συντάγματι

157 3035 366 3090 τούτων
423 3037 594 3110 ἱκανῷ
650 3039 787 3113 πρὸς
848 3036 1125 3116 συλλογὴν
1185 3038 1545 3116 έκπεμφθέντι
1597 3048 1806 3118 τροφῆς

159 3126 497 3196 συναντήσας
562 3123 823 3202 ἔτρέψατο
882 3126 972 3182 καὶ
1048 3129 1390 3204 κατέσφαξεν.
1463 3126 1641 3186 Ἀλλά
1699 3130 1805 3202 μὴν

156 3213 243 3268 καὶ
301 3213 331 3267 6
396 3212 716 3288 ἓομέστικος
771 3215 879 3270 τῶν
938 3215 1157 3292 σ’χολῶν
1218 3218 1247 3272 6
1304 3217 1636 3294 Κουρκούας,
1685 3217 1808 3288 ὀξὺς

161 3302 438 3381 ἐπιφανεὶς
519 3303 657 3376 μετᾶ
737 3309 845 3360 τῶν
932 3304 1245 3380 ταγμάτων,
1323 3307 1413 3361 καὶ
1495 3304 1809 3369 ἀποσπάδας

158 3393 386 3455 τούτους
444 3392 701 3468 εόρίσκων
778 3392 911 3468 τῇδε
970 3394 1189 3450 κάκεῖσε
1250 3394 1668 3470 πλανωμένους,
1718 3417 1809 3451 κα-

1907 813 2295 885 impressione
2344 812 2587 869 occidua
2634 810 2833 867 omnia
2882 824 3073 881 usque
3106 807 3176 863 ad
3219 807 3423 863 urbem
3453 824 3562 879 po-

1906 901 2206 975 pulantur.
2252 902 2468 959 Missus
2532 898 2814 973 patricius
2866 897 3255 969 Theophanes
3285 900 3556 969 protove-

1904 991 2149 1047 stiarius
2180 1007 2314 1047 cum
2363 990 2437 1045 iis
2487 1004 2689 1062 pacem
2719 986 3039 1059 componit,
3071 986 3334 1043 Romano
3365 988 3431 1041 ut
3458 1001 3553 1040 οε-

1905 1080 2098 1153 ptivos
2130 1079 2413 1153 reciperet
2434 1076 2582 1135 nulli
2608 1077 2690 1133 rei
2721 1081 3016 1149 parcente.
3037 1074 3297 1148 Nuptum
3321 1089 3554 1147 quoque

1904 1168 2288 1227 Constantino
2310 1168 2479 1224 tertio
2496 1165 2744 1223 Romani
2764 1164 2884 1221 ﬁlio
2903 1165 3079 1221 datur
3099 1163 3295 1237 puella
3314 1161 3551 1232 Helena,

1905 1260 2148 1317 Adriani
2199 1259 2428 1332 patricii
2480 1259 2625 1325 ﬁlia,
2674 1257 2879 1330 stirpis
2924 1255 3298 1313 Armeniaca.
3335 1256 3405 1311 Et
3448 1254 3555 1311 hac

1907 1349 2081 1423 paulo
2131 1353 2264 1423 post
2305 1353 2556 1418 mortua,
2588 1346 2945 1420 Theophano
2975 1362 3010 1402 a
3048 1344 3342 1401 Mamante
3370 1359 3557 1416 genus

1908 1442 2135 1496 ducens
2190 1439 2243 1495 ei
2320 1437 2693 1496 matrimonio
2750 1436 3035 1509 iungitur.
3088 1436 3155 1491 14
3212 1433 3554 1499 Indictione,

1906 1529 2087 1585 Junio
2148 1544 2370 1595 mense,
2434 1527 2675 1583 Rossica
2722 1525 2932 1581 classis
2978 1523 3209 1581 hostilis
3251 1523 3323 1579 ad
3354 1522 3558 1578 urbem

1910 1616 2171 1691 appullit
2202 1617 2452 1674 navibus
2482 1620 2763 1671 constans
2803 1612 2997 1669 10000.
3030 1616 3242 1668 Contra
3268 1626 3398 1668 eam
3430 1627 3562 1683 pro-

1909 1709 2104 1764 fectus
2136 1723 2268 1763 cum
2322 1705 2508 1762 classe
2542 1703 2926 1776 Theophanes
2969 1700 3252 1774 patricius
3296 1703 3562 1774 protove-

1910 1797 2149 1854 stiarius
2198 1797 2270 1852 ad
2323 1796 2560 1852 Hierum
2610 1792 2872 1866 appellit.
2914 1791 3176 1847 hostium
3206 1790 3458 1847 navibus
3487 1789 3562 1844 ad

1910 1887 2166 1942 Pharum
2199 1885 2369 1956 eique
2399 1883 2656 1940 vicinum
2700 1881 2867 1937 littus
2896 1880 3221 1937 subductis.
3272 1878 3562 1951 Opportu-

1911 1993 2055 2032 num
2107 1978 2308 2030 autem
2357 1977 2593 2044 tempus
2636 1969 2972 2044 speculatus
3017 1968 3320 2024 confertim
3370 1967 3431 2022 in
3461 1983 3561 2022 eos

1911 2064 2118 2133 irruit;
2148 2062 2575 2133 ordinibusque
2605 2059 2906 2131 dissipatis
2955 2056 3174 2113 multas
3213 2072 3388 2112 naves
3417 2055 3561 2111 arti-

1912 2155 2110 2210 ﬁcioso
2142 2153 2276 2226 igne
2306 2149 2621 2216 comburit,
2654 2147 2912 2221 reliquas
2941 2146 3230 2220 proﬂigat.
3264 2143 3435 2202 Βοεεὶ
3460 2162 3559 2201 su-

1913 2243 2187 2318 perstites
2217 2243 2277 2297 in
2309 2243 2603 2297 Orientem
2646 2237 2968 2309 trajiciunt.
3001 2236 3087 2292 lbi
3132 2235 3350 2291 Bardas
3382 2234 3563 2307 patri-

1912 2332 2040 2389 cius
2070 2332 2273 2389 Phocea
2314 2330 2474 2387 ﬁlius
2521 2345 2654 2385 cum
2704 2327 2964 2398 equitatu
2995 2330 3053 2382 et
3081 2323 3324 2381 delectis
3356 2322 3555 2378 militi-

1913 2423 2024 2479 bus
2055 2421 2219 2477 littus
2251 2430 2579 2493 pervagans
2609 2418 2669 2472 in
2699 2416 2998 2473 cohortem
3029 2430 3232 2471 eorum
3264 2412 3410 2469 satis
3452 2430 3565 2468 nu-

1917 2526 2209 2567 merosam
2239 2509 2311 2564 ad
2344 2507 2623 2563 alimenta
2652 2503 2982 2577 colligenda
3013 2502 3290 2559 emissam
3338 2500 3567 2567 incidit,

1915 2615 2164 2671 eamque
2194 2596 2388 2653 fundit
2406 2601 2466 2653 et
2493 2594 2766 2652 trucidat.
2791 2591 3157 2650 Domesticus
3185 2591 3364 2647 etiam
3397 2588 3569 2645 scho-

1916 2687 2107 2744 larum
2129 2688 2389 2743 Curcuas
2411 2685 2677 2741 celeriter
2696 2699 2828 2739 cum
2853 2681 2978 2739 suis
3000 2680 3341 2737 cohortibus
3362 2694 3564 2750 super-

1916 2778 2076 2834 venit
2103 2776 2328 2848 Rossis,
2353 2774 2707 2846 avulsosque
2739 2790 2773 2828 a
2803 2788 2865 2827 se
2898 2770 3147 2826 invicem
3178 2773 3236 2824 et
3265 2767 3405 2823 hinc
3435 2766 3574 2823 inde

1916 2872 2197 2940 vagantes
2248 2865 2400 2922 male
2444 2862 2679 2920 multat.
2713 2861 2884 2918 Omni
2915 2861 3067 2917 δη
3103 2856 3386 2930 tragcsdia
3416 2861 3569 2912 atro-

1917 2958 2073 3013 ciora
2103 2959 2243 3012 sunt
2290 2972 2419 3028 quae
2465 2952 2658 3019 Rossi,
2699 2955 3017 3022 antequam
3062 2948 3223 3003 fuere
3262 2943 3566 3013 debellati,

1917 3048 2399 3119 perpetraverunt
2446 3041 2689 3114 ﬂagitia.
2739 3038 2965 3095 Etenim
3010 3036 3373 3109 captivorum
3422 3033 3570 3089 alios

1918 3137 1977 3192 in
2010 3150 2212 3191 cruces
2243 3135 2507 3205 egerunt,
2541 3129 2688 3186 alios
2716 3134 2886 3183 terra;
2924 3125 3255 3192 afﬁxerunt,
3287 3121 3434 3178 alios
3466 3137 3570 3193 pro

1919 3240 2095 3297 scopo
2153 3221 2510 3278 constituere
2566 3219 2745 3290 inque
2802 3232 2903 3272 eos
2932 3213 3181 3286 sagittas
3211 3210 3567 3266 direxerant.

1919 3314 2263 3383 Quicunque
2319 3309 2685 3382 captivorum
2745 3302 3072 3361 sacerdotio
3124 3297 3568 3373 praeditierant,

1918 3418 2119 3458 eorum
2152 3398 2341 3471 capita
2370 3398 2560 3454 acutis
2581 3395 2765 3452 clavis
2790 3388 3373 3466 perforarunt,multa
3392 3385 3570 3443 etiam

159 3486 269 3545 κῶς
322 3478 566 3546 διετίθει.
619 3484 688 3537 UA
722 3478 779 3537 δὲ
836 3483 985 3538 οὗτοι
1043 3478 1301 3559 ἔνδρασαν
1351 3485 1491 3540 κακὰ
1545 3487 1652 3561 πρὸ
1710 3488 1802 3541 τοῦ

1920 3490 2138 3562 templa
2176 3488 2585 3545 incenderunt.
2615 3485 2833 3542 Verum
2879 3482 2978 3538 ubi
3009 3478 3206 3552 praelio
3238 3475 3452 3542 navali,
3485 3473 3574 3531 uti

160 3569 709 3644 καταπολεμηθῆναι,
763 3575 933 3626 πᾶσαν
1007 3572 1392 3649 ὑπερεκπίπτει
1450 3571 1756 3651 τραγῳδίαν
1792 3591 1805 3604 ·

160 3658 287 3721 τοὺς
348 3660 444 3732 μὲν
496 3658 599 3735 γὰρ
655 3663 761 3714 τῶν
806 3659 1181 3734 ἁλισκομένων
1245 3661 1625 3738 ἀνεσταύρουν,
1682 3661 1809 3724 τοὺς

167 3746 320 3821 εὶτῇ
373 3750 450 3822 γῇ
494 3746 1026 3820 προσεπαττάλευον,
1068 3748 1198 3812 τοὺς
1248 3747 1304 3805 δὶ
1359 3749 1540 3826 ὥσπερ
1572 3750 1809 3814 σκοποὺς

168 3837 420 3898 ἱστῶντες
480 3834 660 3911 βέλεσι
708 3836 1073 3910 κατετόξευον,
1106 3839 1267 3896 Ὅσοι
1316 3836 1372 3894 δὲ
1409 3844 1518 3895 τῶν
1568 3838 1808 3895 ἁλόντων

166 3924 467 3999 ἱερῶσῦνης
507 3925 763 3997 ἠξίωντο,
812 3924 1018 3982 νούτων
1074 3925 1237 3997 ἥλοις
1292 3927 1433 3999 ὀξέσι
1465 3925 1807 4000 διεπερόνουν

162 4016 256 4078 τὰς
335 4014 592 4093 κεφαλάς.
671 4014 785 4074 Οὐκ
859 4015 1079 4092 ὀλίγους
1155 4014 1210 4072 δὲ
1281 4018 1371 4073 καὶ
1421 4018 1595 4083 θείους
1649 4018 1812 4080 ναοὺς

167 4105 578 4180 ἐπυρπόλησαν.
623 4103 800 4162 Ἀλλᾶ
826 4110 994 4161 ταῦτα
1053 4107 1148 4181 μὲν
1197 4106 1465 4183 πρότερον
1502 4128 1514 4142 ·
1560 4106 1675 4163 ἐπεὶ
1729 4105 1808 4179 δὲ,

165 4195 239 4256 ὡς
286 4191 491 4249 ἄνωθεν
544 4192 761 4271 ἐρῥέθη,
820 4196 1402 4272 καταναυμαχηθέντες
1438 4195 1648 4253 καὶδιὰ
1703 4204 1809 4273 γῆς

166 4283 271 4360 οὔχ
344 4280 542 4353 ἥκιστα
597 4284 958 4355 κακωθέντες,
1038 4283 1384 4348 συσταλέντες
1457 4284 1700 4359 ἠρέμουν
1759 4285 1810 4341 ἐν

166 4378 279 4436 τοῖς
330 4372 611 4450 σφετέροις
667 4371 908 4443 πλοίοις,
966 4373 1054 4429 καὶ
1102 4371 1211 4444 ἤδη
1254 4374 1438 4437 αὐτοῖς
1470 4373 1811 4431 ἐπιλελοίπει

163 4464 227 4516 τά
282 4459 589 4533 ἰπιτήδεια,
646 4457 1007 4519 ἰῦσυλεύοντο
1069 4464 1165 4537 μὲν
1225 4463 1300 4527 εἷς
1349 4467 1417 4519 τὰ
1463 4461 1575 4520 ἴδια
1621 4465 1812 4520 ὑπονο-

164 4559 379 4622 στῆσαι,
444 4548 712 4606 ἐδεδίεσαν
771 4548 828 4606 δὲ
893 4551 987 4607 τὸν
1058 4553 1254 4609 στύλον
1316 4558 1811 4631 παραγειτονοῦντα

164 4641 249 4694 καὶ
325 4641 420 4694 τὸν
483 4638 768 4696 ἀπόπλουν
836 4638 1198 4714 φυλάττοντα.
1266 4643 1464 4720 Καιρὸν
1538 4640 1584 4698 δ’
1654 4639 1808 4717 ὅμως

160 4732 498 4805 τηρήσαντες
544 4728 635 4784 καὶ
694 4728 947 4803 σύνθημα
1001 4725 1183 4792 δόντες
1242 4732 1331 4787 καὶ
1382 4732 1449 4788 τὰ
1493 4735 1812 4808 πρυμνήσια

1921 3580 2253 3646 docuimus,
2298 3577 2434 3633 victi
2484 3581 2541 3632 et
2592 3574 2750 3631 haud
2801 3571 2995 3645 parvis
3025 3568 3293 3625 cladibus
3324 3566 3385 3621 in
3416 3569 3575 3620 terra

1920 3668 2110 3726 aﬂ‘ecti
2158 3669 2416 3736 fuerunt,
2461 3664 2617 3721 intra
2665 3678 2807 3719 suas
2856 3677 2921 3717 se
2971 3674 3147 3716 naves
3178 3655 3451 3712 abdidere
3481 3658 3568 3709 at-

1920 3775 2031 3831 que
2057 3758 2140 3812 ibi
2178 3756 2543 3812 continuere.
2592 3752 2812 3808 Deinde
2858 3747 3158 3805 alimentis
3212 3741 3567 3814 absumptis,

1919 3829 2050 3903 cum
2086 3847 2327 3901 domum
2358 3842 2573 3899 vellent
2602 3840 2791 3896 redire
2821 3843 2879 3894 et
2899 3835 3012 3893 sibi
3034 3839 3351 3891 aRomana
3379 3829 3569 3885 classe

1920 3938 2267 4001 metuerent,
2301 3950 2428 4005 quae
2457 3931 2617 4003 ipsos
2646 3930 2707 3985 in
2739 3926 2955 3984 vicinia
2996 3922 3361 3987 observabat,
3394 3922 3567 3990 capta

1919 4023 2356 4098 opportunitate
2387 4021 2675 4093 signoque
2704 4018 2842 4074 dato
2872 4012 3193 4072 solverunt.
3245 4009 3446 4080 Neque
3473 4011 3562 4062 ta-

1919 4131 2054 4170 men
2073 4112 2487 4184 Theophanem
2512 4106 2840 4164 fefellcrunt
2863 4122 2878 4175 ;
2911 4104 3012 4160 sed
3034 4102 3086 4159 is
3106 4099 3336 4172 cognito
3358 4112 3563 4154 eorum

1918 4203 2183 4259 discessu
2214 4199 2415 4256 statim
2447 4199 2757 4255 adversum
2787 4211 2850 4250 se
2878 4192 2964 4248 eis
2992 4189 3276 4248 tulit.lloc
3306 4186 3566 4244 secundo

1919 4289 2111 4347 navali
2140 4288 2339 4362 praelio
2369 4302 2607 4344 rursum
2630 4283 2802 4341 Rossi
2825 4281 2962 4337 victi
2992 4282 3132 4337 sunt
3152 4278 3367 4333 Eorum
3390 4288 3568 4330 naves

1918 4380 2045 4437 aliis
2103 4381 2402 4449 demersas,
2460 4374 2586 4432 aliae
2638 4375 2789 4430 ferro
2846 4374 2904 4427 et
2949 4368 3071 4442 igni
3148 4365 3566 4440 pessumdata),

1884 4474 1887 4475 ⁷
1920 4470 2188 4542 quaedam
2228 4483 2361 4523 cum
2393 4466 2539 4538 ipsis
2568 4461 2896 4520 vecloribus
2938 4460 2997 4515 in
3037 4458 3432 4515 Romanorum
3469 4468 3569 4525 po-

1924 4561 2195 4615 testatem
2222 4557 2508 4613 venerunt
2530 4569 2543 4608 :
2564 4566 2864 4624 perpaucae
2881 4565 2913 4605 θ
2943 4546 3095 4604 bello
3125 4544 3299 4602 salvas
3325 4544 3570 4599 domum

1918 4645 2240 4703 redierunt.
2273 4645 2359 4700 0b
2391 4643 2498 4700 has
2527 4640 2804 4698 victorias
2833 4639 3158 4710 imperator
3188 4630 3572 4707 protovestia-

1919 4736 2072 4792 rium
2103 4735 2360 4807 probans
2394 4733 2742 4806 primarium
2775 4725 3205 4785 cubicularium
3239 4722 3398 4778 facit.

165 4803 425 4882 Men-rec
482 4817 783 4876 ἀπέπλεον.
834 4818 950 4877 Οὐκ
996 4816 1190 4885 ἔλαθον
1250 4817 1309 4876 δὲ
1390 4822 1482 4877 τὸν
1538 4803 1849 4897 ’πατρίκιον
1903 4823 1993 4879 καὶ
2072 4803 2568 4899 πρωτοϐεστιάριον
2644 4816 2943 4894 Θεοφάνην,
3000 4810 3147 4870 ἀλλᾶ
3186 4813 3360 4899 νγνοῦς
3414 4803 3571 4899 οἶξτος

158 4909 258 4977 τήν
316 4908 499 4962 αὐτῶν
565 4906 906 4984 ἀναχώρησιν
960 4908 1268 4978 ὑπαντιάζει
1326 4909 1541 4975 τούτοις
1567 4894 1746 4981 εὐθυς,
1833 4912 1924 4968 καὶ
1997 4894 2200 4988 γίνεται
2284 4894 2565 4983 ναυμαχία
2643 4904 2883 4979 δευτέρα,
2942 4903 3030 4957 καὶ
3106 4898 3350 4974 τρέονται
3404 4894 3567 4950 πάλιν

162 4998 213 5051 ei
267 4996 437 5058 οΡώς.
498 4995 595 5051 Καὶ
652 4981 872 5070 τὰνμὶν
930 5001 1038 5052 τῶν
1096 5002 1315 5077 σκαφῶν
1373 4999 1523 5073 βυθῷ
1578 4989 1878 5075 παρεδόθη,
1928 4981 2021 5056 τὰ.
2054 4998 2113 5056 δὲ
2160 4981 2399 5075 σίδηρος
2436 4981 2522 5054 καὶ
2577 5000 2685 5072 πῦρ
2744 4988 3177 5069 ἐμερίσαντο,τὰ
3206 4985 3264 5042 δὲ
3300 4981 3572 5077 αὔτανδρα

164 5086 263 5141 ὑπὸ
322 5090 447 5147 ταῖς
498 5089 610 5140 τῶν
665 5084 956 5157 Ῥωμαίων
1014 5072 1222 5162 χεόσὶν⁷
1253 5072 1499 5162 έγένοντο
1533 5104 1545 5118 '
1612 5072 1776 5164 ὀλίγα
1834 5086 1891 5145 δὲ
1965 5091 2066 5161 τήν
2145 5094 2245 5145 τοῦ
2292 5072 2569 5162 ’πολέμου
2647 5082 2999 5159 διαφυγόντα’
3030 5078 3262 5153 ἀνάγκην
3318 5075 3464 5164 πρὸς
3504 5072 3571 5164 τὰ

160 5176 344 5232 οἷκεῖα
399 5174 716 5250 ἐχώρησαν.
777 5175 919 5239 Ἀνθ’
971 5160 1053 5230 ὧν
1099 5175 1128 5232 6
1182 5160 1435 5252 βασιλεὺς
1496 5178 1588 5233 τὸν
1679 5160 2177 5255 π’ρωτοϐεστιάριον
2240 5160 2640 5252 ἀποδεξάμενος
2708 5178 2799 5230 καί
2856 5168 3350 5248 παρακοιμώμενον
3407 5160 3571 5218 αὐτὸν

161 5259 524 5343 προεϐάλετο.

1301 5460 1709 5523 XYLANDRI
1752 5461 1855 5524 ET
1898 5461 2135 5525 GOARI
2180 5460 2438 5523 ΝΟΤΛΕ.

228 5645 350 5717 (81)
379 5647 612 5730 {mnam
641 5649 889 5730 nuptam
912 5648 1088 5730 simul
1128 5653 1184 5730 et
1213 5649 1540 5730 imperialis
1573 5650 1820 5730 honoris
1930 5665 2043 5730 que
2082 5663 2327 5706 coronas
2357 5646 2512 5704 sicut
2541 5649 2600 5703 et
2645 5642 2877 5719 imperii
2927 5657 3042 5700 uno
3087 5640 3180 5697 die
3223 5634 3577 5710 suscepisse.

166 5721 502 5776 consortem
530 5720 929 5777 renuntiatam
959 5720 1183 5779 indicat
1209 5720 1818 5797 auctor,nuptiarum-
1925 5720 2104 5778 Gem.
