4050 6326
456 332 528 393 51
1805 336 2125 398 GEORGII
2168 336 2507 397 CEDRENI
3781 335 3863 394 52

527 464 815 519 Joannem
850 480 1020 535 porro
1058 465 1390 521 Curcunam
1443 466 1830 523 domesticum
1875 469 2150 537 schola-1

2291 465 2500 522 Φθόνου
2548 464 2605 522 δὲ
2658 463 2973 537 κινηθέντος
3030 464 3165 521 κατᾶ
3221 469 3317 521 τοῦ
3379 462 3705 538 δομέστίκου
3751 468 3871 517 τῶν

464 569 598 608 rum
647 553 984 624 imperator,
1047 555 1199 626 quod
1257 555 1385 627 ejus
1432 556 1612 612 tiliam
1665 558 2113 630 Euphrosynam

462 642 660 712 nepoti
692 658 799 697 suo
832 642 1500 710 Romano,Constantini
1536 652 1676 701 natu
1716 647 1968 701 ﬁliorum
2005 648 2113 701 mi-

456 730 603 785 nimi
637 730 789 785 318
823 731 962 799 filio,
999 749 1233 787 uxorem
1268 734 1454 788 facere
1502 735 1749 802 volebat,
1792 752 1973 808 eaque
2024 753 2114 790 res

458 818 594 874 odia
625 819 917 875 Casarum
962 820 1022 874 in
1075 822 1363 876 Curcuam
1398 822 1846 890 inﬂammasset,
1880 830 2116 880 coactus

458 916 543 963 est
574 908 765 963 ofﬁcio
788 925 854 964 eo
878 910 1192 965 dimovere.
1220 910 1493 967 Gesserat
1524 913 1581 967 id
1614 930 1830 969 munus
1860 914 2117 969 Curcuas

461 997 900 1053 continentibus
928 999 999 1052 22
1030 1000 1198 1053 annis
1244 1006 1299 1055 et
1327 1002 1360 1052 7
1393 1000 1719 1071 mensibus,
1754 1002 2119 1058 universam-

464 1102 577 1156 que
605 1103 783 1158 prope
830 1087 1053 1159 Syriam
1107 1095 1457 1161 pervagatus
1498 1095 1827 1163 subegerat.
1879 1091 1937 1147 Si
1988 1092 2120 1163 quis

466 1175 740 1246 praclara
770 1176 898 1245 ejus
931 1176 1083 1231 facta
1113 1177 1262 1232 scire
1293 1178 1601 1247 desiderat,
1640 1178 1910 1235 volumen
1944 1199 1976 1236 a
1999 1181 2121 1236 Ma-

466 1264 639 1319 nuelo
663 1264 916 1335 quodam
938 1267 1407 1337 protospatbario
1425 1269 1810 1340 atquejudiee
1828 1270 2121 1341 composi-

466 1358 591 1407 tum
624 1352 783 1424 legat
817 1370 829 1407 :
867 1354 916 1408 is
949 1356 1103 1408 enim
1139 1360 1266 1410 octo
1301 1356 1466 1412 libris
1495 1373 1589 1412 res
1639 1374 1671 1411 a
1718 1357 1945 1413 Curcua
1977 1376 2120 1430 pra-

469 1440 623 1495 clare
651 1445 847 1513 gestas
878 1442 1209 1514 descripsit.
1242 1445 1380 1500 Inde
1403 1451 1713 1517 cognoscet
1743 1452 2002 1518 quantus
2033 1448 2125 1502 hic

469 1528 559 1583 vir
589 1529 722 1584 belli
754 1531 928 1586 rebus
962 1531 1154 1587 fuerit.

556 1798 937 1870 Theophilius
958 1782 1189 1871 quoque
1211 1802 1389 1856 frater
1402 1803 1550 1872 ejus,
1570 1820 1712 1858 avus
1731 1803 1975 1860 Joannis
2001 1805 2127 1875 ejus

489 1889 587 1959 qui
623 1890 929 1960 postmodo
978 1889 1224 1960 imperio
1274 1892 1494 1961 potitus
1542 1897 1651 1958 est,
1701 1893 2131 1964 MeSOpotamia

487 1978 812 2047 prafectus,
837 1978 1038 2033 eodem
1074 1980 1244 2033 modo
1267 1980 1688 2035 Saracenorum
1716 1982 1771 2035 in
1805 1998 1871 2036 ea
1902 1983 2134 2053 provin-

485 2065 574 2121 cia
630 2067 804 2121 urbes
860 2067 1149 2135 tractavit,
1182 2069 1481 2139 oppressis
1534 2074 1708 2140 atque
1758 2073 1897 2126 adeo
1930 2072 2137 2127 deletis

386 2184 389 2185 ν
486 2156 786 2226 Agarenis.
812 2156 881 2209 Et
906 2156 1204 2210 Romanus
1236 2157 1537 2227 patricius,
1559 2158 1805 2214 Joannis
1835 2160 2137 2215 domestici

486 2245 664 2311 ﬁlius,
698 2243 975 2298 exercitui
1007 2245 1375 2313 prapositus,
1410 2245 1595 2300 multa
1644 2247 1883 2302 castella
1925 2248 2143 2319 recepit

488 2338 546 2388 et
576 2333 855 2387 Romanis
888 2331 1139 2403 plurima
1170 2334 1358 2404 spolia
1387 2335 1631 2406 paravit.
1668 2336 1729 2390 In
1767 2337 1956 2391 locum
2001 2339 2140 2392 Cur-

489 2438 609 2477 cua
643 2422 829 2476 factus
872 2426 961 2476 est
991 2421 1325 2477 scholarum
1386 2424 1743 2480 domesticus
1791 2426 2145 2483 Pantherius

491 2510 738 2566 Romani
768 2510 1141 2583 imperatoris
1172 2516 1478 2583 cognatus.

2224 554 2446 630 σχολῶν
2503 556 2755 612 Ἰωάννου
2808 559 2905 609 τοῦ
2964 554 3245 629 Κουρκοῦα
3301 554 3444 626 παρᾶ
3501 557 3608 608 τῶν
3679 550 3870 607 ἄλλων

2228 644 2493 721 βασιλέων
2558 640 2834 716 (ἐϐούλετο
2894 644 2995 718 γὰρ
3055 645 3330 716 Ῥωμανὸς
3378 644 3409 697 ἁ
3454 640 3708 718 βασιλεύς
3759 642 3869 696 Εὖ-

2227 733 2497 812 φροσῦνην
2556 734 2652 801 τήν
2721 738 2817 787 τοῦ
2894 730 3217 805 δομεστίκου
3305 731 3571 806 θυγατέρα
3646 730 3869 807 νύμφην

2227 824 2516 899 ἀγαγέσθαι
2568 827 2646 895 τῷ
2703 822 2892 894 οἰκείῳ
2949 821 3150 897 ἐκγόνῳ
3207 824 3473 893 Ῥωμανῷ
3527 826 3605 893 τῷ
3636 821 3739 892 υἱῷ
3769 824 3869 874 τοῦ

2228 912 2462 987 ἐσχάτου
2540 908 2731 974 παιδὸς
2807 912 2974 966 αὐτοῦ
3042 911 3486 983 Κωνστσντίνου),
3547 912 3867 985 ἠναγκάσθη

2225 1008 2326 1070 τῆς
2391 1001 2568 1075 ἀρχῆς
2625 999 2783 1054 αὐτὸν
2841 999 3169 1073 παραλῦσαι,
3220 998 3307 1054 ἐπὶ
3372 997 3488 1053 δυσὶ
3546 998 3635 1053 καὶ
3697 997 3871 1052 εἷ”κοσι

2229 1090 2453 1165 χρόνοις
2483 1090 2569 1143 καὶ
2631 1089 2794 1161 μησὶν
2855 1089 2990 1143 έπτᾶ
3048 1086 3359 1163 ἀδιαδόχως
3413 1089 3514 1157 τήν
3566 1092 3662 1142 τοῦ
3711 1084 3877 1160 δομε-

2232 1179 2413 1233 στίκου
2468 1179 2646 1254 ἀρχὴν
2708 1177 2976 1241 ἷθόνοντα,
3011 1178 3097 1232 καὶ
3157 1182 3351 1245 πᾶσαν,
3412 1178 3486 1239 ὡς
3543 1176 3736 1243 εἴπεῖν,
3775 1177 3877 1243 τὴν

2233 1268 2430 1343 Συρίαν
2491 1265 2909 1343 καταδραμόντα
2981 1268 3070 1322 καὶ
3131 1267 3562 1322 ταπεινώσαντα.
3611 1268 3763 1337 "Otii;
3824 1262 3884 1319 δὲ

2238 1355 2509 1431 βουλητὸν
2564 1358 2660 1420 τὰς
2718 1356 2926 1411 ἐκείνου
2982 1358 3174 1429 μαθεῖν
3232 1355 3529 1430 ἀριστείας,
3595 1354 3886 1425 ζητησάτω

2230 1447 2329 1513 τὴν
2362 1449 2689 1515 πονηθεῖσαν
2741 1440 2931 1521 βίϐλον
2981 1446 3126 1520 παρά
3171 1465 3317 1506 τιιος
3364 1445 3623 1514 ΜανουῆΛ
3653 1465 3877 1520 πρωτοο

2235 1534 2533 1610 σπαθαρίου
2563 1534 2651 1588 καὶ
2682 1538 2870 1603 κριτοῦ
2900 1533 2972 1607 (ἐν
3017 1534 3159 1589 ὀκτὼ
3203 1534 3302 1610 γάρ
3340 1529 3555 1609 βίϐλοις
3586 1533 3787 1594 ἐκεῖνος
3819 1536 3889 1587 τὰ

2234 1623 2430 1678 τούτου
2488 1620 2949 1698 ἀνδραγαθήματα
3008 1624 3424 1698 συνεγράψατο),
3484 1622 3573 1677 καὶ
3623 1621 3672 1693 ἐξ
3715 1623 3889 1692 αὐτῆς

2236 1712 2430 1767 εἷ’σεται
2466 1715 2579 1773 οἷος
2607 1716 2672 1781 ἦν
2707 1713 2734 1767 6
2767 1712 2901 1787 ἀνὴρ
2932 1713 3001 1766 τὰ
3028 1711 3331 1786 πολεμικά.

2308 1805 2388 1870 [Ρ.
2422 1801 2549 1871 631]
2627 1796 3033 1873 Παραπλησίως
3099 1802 3277 1871 τούτῳ
3346 1799 3436 1853 καὶ
3525 1797 3789 1877 Θεόφιλος
3860 1799 3891 1851 6

2240 1888 2435 1942 τούτου
2464 1886 2743 1960 ὁμαίμων,
2777 1887 2805 1940 6
2853 1908 3071 1948 παππος
3119 1886 3369 1943 Ἰωάννου
3413 1891 3507 1941 τοῦ
3556 1888 3688 1960 μετά
3717 1891 3898 1941 ταῦτα

2250 1975 2684 2052 βασιλεύσαντος,
2709 1975 2804 2037 τὰς
2862 1974 2914 2029 έν
2972 1976 3365 2050 Μεσοποταμίᾳ
3417 1980 3524 2030 τῶν
3556 1980 3897 2050 Σαρακηνῶν

2247 2065 2439 2128 πόλεις
2501 2063 2729 2130 διέθετο,
2801 2066 3099 2138 στρατηγὸς
3175 2064 3225 2118 ἐν
3307 2065 3441 2138 αὐτῇ
3501 2064 3742 2139 γεγονώς
3802 2066 3902 2118 καὶ

2246 2150 2583 2215 ταπεινώσας
2636 2153 2725 2207 καὶ
2767 2152 2972 2215 τελέως
3024 2154 3283 2231 ἀφανίσας
3324 2154 3449 2215 τοὺς
3481 2154 3539 2209 ἐκ
3565 2157 3662 2222 τῆς
3693 2156 3901 2227 Ἅγαρ.

2252 2246 2353 2301 Καὶ
2409 2244 2687 2316 Ῥωμανὸς
2740 2241 2797 2297 δὲ
2873 2244 2899 2297 ὁ
2972 2243 3282 2318 πατρίκιος,
3343 2244 3371 2298 ὁ
3420 2248 3517 2298 τοῦ
3567 2240 3907 2316 δομεστίκου

2253 2335 2505 2390 Ἰωάννου
2587 2334 2723 2402 υἱὸς,
2831 2333 3131 2407 στρατηγὸς
3231 2333 3497 2393 καταστὰς
3572 2331 3758 2388 πολλά
3846 2354 3911 2387 τε

2255 2422 2486 2501 φρούρια
2527 2423 2903 2497 παρεστήσατο
2948 2423 3037 2476 καὶ
3086 2421 3355 2477 πλείστων
3418 2420 3671 2499 λαφύρων
3726 2418 3915 2483 αἷάειος

2258 2515 2459 2584 ὑπῆρξε
2515 2517 2632 2575 τοῖς
2688 2508 3002 2582 Ῥωμαίοις.
3082 2514 3195 2569 Τοῦ
3271 2509 3520 2567 Ἰωάννου
3596 2508 3651 2565 δὲ
3727 2532 3910 2586 παρα-

493 2598 747 2661 λυθέντος
797 2606 899 2669 τῆς
953 2599 1156 2675 ἀρχῆς,
1210 2594 1582 2675 προϐάλλεται
1672 2599 1990 2675 δομέστικος
2064 2607 2172 2657 τῶν
2254 2600 2475 2677 σχολῶν
2561 2602 2588 2656 ὁ
2674 2602 3017 2674 ΙΙανθήριος,
3071 2602 3098 2655 6
3154 2605 3250 2656 τοῦ
3311 2599 3581 2676 βασιλέως
3622 2602 3916 2674 Ῥωμανοῦ

495 2690 779 2765 συγγενής.

568 2778 875 2833 Enimvero
924 2776 1244 2849 imperator
1274 2779 1574 2835 Romanus
1605 2780 1944 2851 pauitantia
1970 2781 2146 2837 viola-

500 2871 694 2922 torum
747 2867 1219 2937 juramentorum
1278 2884 1343 2922 ac
1402 2869 1656 2939 perﬁdia
1714 2876 2035 2941 correptus,
2086 2874 2152 2924 ut

508 2962 684 3011 Deum
716 2954 991 3027 placaret,
1018 2972 1148 3009 cum
1183 2956 1295 3011 alia
1328 2957 1512 3012 multa
1541 2958 1686 3012 bene
1717 2959 1869 3025 fecit,
1902 2975 2027 3029 qua
2059 2976 2151 3013 re-

504 3060 739 3099 censere
774 3044 849 3099 sit
877 3044 1251 3111 laboriosum,
1285 3050 1411 3100 tum
1444 3063 1521 3101 as
1559 3046 1734 3102 etiam
1784 3047 2037 3102 alienum
2071 3048 2149 3103 ci-

2333 2777 2709 2851 Ἰλασκόμενος
2767 2776 2823 2833 δὲ
2874 2778 2966 2832 τὸν
3024 2777 3151 2832 Θεὸν
3222 2778 3250 2831 6
3312 2774 3567 2853 βασιλεὺς
3623 2776 3916 2848 Ῥωμανὸς

2262 2866 2352 2923 διὰ
2381 2868 2477 2935 τήν
2510 2871 2620 2922 τῶν
2652 2868 2826 2943 ὅρκων
2858 2861 3183 2941 παράϐασιν,
3240 2865 3329 2920 καὶ
3383 2870 3652 2939 μετανοῶν
3710 2864 3791 2940 ἐφ’
3826 2867 3919 2925 οἷς

2260 2960 2439 3019 κακῶς
2521 2954 2981 3029 παρεσπόνδησεν,
3044 2954 3212 3010 ἐποίει
3269 2955 3362 3027 μὲν
3431 2955 3520 3010 καὶ
3570 2953 3744 3017 ἄλλας
3820 2953 3917 3007 εὖ·-

2262 3044 2465 3112 ποιίας,
2524 3044 2585 3106 ’ὰς
2657 3043 2968 3121 καταλέγειν
3046 3042 3217 3121 ἔργον,
3296 3043 3514 3099 ἀπέτισε
3571 3040 3627 3097 δὲ
3692 3042 3782 3096 καὶ
3843 3042 3919 3096 τὰ

504 3134 660 3189 vium
702 3133 939 3190 nomine
982 3133 1268 3203 dissolvit,
1300 3136 1547 3190 divitum
1582 3153 1647 3190 ac
1684 3153 2003 3207 pauperum
2041 3154 2053 3192 :
2090 3138 2147 3192 in

2264 3134 2399 3207 χρέα
2454 3140 2552 3203 τῆς
2600 3132 2815 3196 πόλεως
2866 3134 2971 3188 ἀπό
3045 3154 3103 3187 τε
3178 3132 3454 3188 πλουσίων
3512 3132 3601 3186 καὶ
3660 3133 3922 3200 πενήτων

504 3240 680 3295 quam
726 3240 847 3279 rem
892 3222 1107 3278 dicitur
1154 3224 1517 3295 impendisse
1546 3227 1883 3281 centenaria
1913 3227 2152 3282 undevi-

505 3313 685 3383 genti,
719 3329 785 3368 ac
814 3314 1048 3368 tabulas
1079 3314 1384 3369 nominum
1416 3316 1743 3370 combussit
1773 3316 1830 3369 in
1865 3333 2156 3389 purpureo

506 3403 605 3474 qui
640 3408 730 3457 est
760 3402 828 3456 ad
861 3401 1085 3457 Chacen
1119 3401 1419 3458 umbilico.
1451 3403 1642 3459 Pretia
1672 3421 1904 3476 quoque
1952 3407 2157 3460 domo-

508 3508 639 3546 rum
674 3506 774 3562 pro
806 3491 1262 3545 conductoribus
1308 3492 1607 3562 pependit,
1653 3493 1806 3548 819
1839 3511 1871 3548 a
1903 3494 2157 3548 maximo

510 3581 581 3634 ad
601 3579 951 3635 monimum.
985 3581 1121 3643 Qua
1152 3596 1284 3635 vero
1314 3580 1573 3635 instituit
1602 3587 1667 3635 ut
1701 3599 1804 3652 pro
1835 3584 2041 3637 anima
2074 3600 2162 3637 sa-

510 3671 631 3724 lute
660 3669 866 3724 tierent
902 3668 960 3722 in
1012 3667 1257 3739 Myrelai
1292 3669 1639 3735 ministerio,
1674 3672 1825 3742 quod
1864 3672 1990 3743 ipso
2024 3688 2160 3726 auc-

511 3764 635 3813 tore
682 3762 771 3813 est
816 3759 1142 3825 conditum,
1174 3774 1241 3813 ea
1283 3757 1342 3813 in
1376 3758 1532 3813 hunc
1564 3776 1749 3831 usque
1782 3761 1934 3816 diem
1968 3761 2161 3832 peragi

514 3865 720 3903 omnes
752 3851 989 3902 norunt.

583 3936 780 3993 Prima
807 3935 1129 3991 indictione
1161 3952 1294 3991 cum
1333 3953 1537 3992 rursus
1567 3938 1733 3993 Turci
1764 3938 2161 3993 incursionem

512 4027 573 4081 in
604 4030 998 4080 Romanorum
1034 4026 1178 4078 lines
1202 4025 1496 4092 fecissent,
1521 4026 1907 4097 TheOphanes
1925 4026 2164 4080 cubicu-

516 4113 697 4168 larius
721 4128 992 4184 egressus
1015 4129 1213 4183 pacem
1238 4129 1369 4168 cum
1403 4114 1475 4169 iis
1507 4116 1855 4186 composuit,
1889 4114 2167 4186 acceptis-

518 4219 630 4274 que
660 4201 965 4257 obsidibus
997 4201 1183 4256 rediit.
1230 4203 1549 4258 Indictione
1600 4205 1879 4273 secunda,
1914 4204 2165 4258 Pascha-

520 4294 663 4347 lium
719 4290 1257 4362 protospatharium
1308 4296 1365 4347 et
1398 4293 1802 4363 Longibardia
1834 4293 2167 4363 praiectum

521 4381 592 4436 ad
623 4381 920 4450 Hugonem
955 4396 1147 4453 regem
1176 4381 1422 4435 Francia
1447 4382 1622 4435 mittit
1658 4380 2168 4444 Romanusﬁliam

522 4471 649 4541 ejus
680 4474 884 4541 petens
930 4468 989 4524 in
1039 4470 1477 4525 matrimonium
1509 4470 1878 4527 Constantini
1910 4470 2170 4540 Porphy-

2265 3220 2535 3293 δεδωκὼς,
2591 3218 2665 3286 ὥς
2723 3244 2869 3291 φασι,
2948 3224 3265 3298 κεντηνάρια
3334 3219 3459 3276 δέκα
3515 3220 3681 3288 ἐννέα,
3738 3220 3805 3274 τὰ
3860 3217 3924 3274 δὲ

2265 3316 2616 3386 γραμματεῖα
2670 3311 3006 3374 κατακαύσας
3068 3310 3118 3365 ἐν
3190 3315 3268 3382 τῷ
3344 3310 3479 3366 κατά
3530 3312 3629 3379 τὴν
3688 3308 3925 3373 Χαλκῆν

2265 3405 2528 3476 πορφυρῷ
2587 3399 2866 3478 ὀμφαλίῳ.
2926 3397 3136 3455 Δέδωκε
3193 3397 3250 3454 δὶ
3306 3399 3505 3455 καὶτᾶ
3565 3398 3767 3453 ἐνοίκια
3814 3405 3926 3467 τῆς

2267 3490 2480 3551 πόλεως
2510 3489 2612 3544 ἀπὸ
2638 3494 2734 3545 τοῦ
2785 3486 3133 3563 ὕψηλοτάτου
3190 3490 3280 3543 καὶ
3335 3490 3500 3565 μέχρι
3531 3493 3626 3543 τοῦ
3657 3486 3923 3563 ἐσχάτου.

2266 3582 2332 3636 Ἃ
2383 3576 2437 3632 δὲ
2497 3576 2864 3634 διετυπώσατο
2916 3578 3153 3655 γίνεσθαι
3215 3578 3424 3655 ψυχικὰ
3480 3576 3728 3638 ἐπετεῒως
3760 3575 3811 3631 έν
3847 3581 3926 3650 τῇ

2268 3667 2659 3743 νεουργηθείσῃ
2738 3669 2865 3742 παρ’
2939 3669 3107 3722 αὐτοῦ
3195 3672 3335 3742 μονῇ
3418 3672 3515 3721 τοῦ
3570 3663 3925 3743 Μυρελαίου,

2272 3758 2412 3811 ἴσασι
2445 3758 2640 3819 πάντες
2676 3756 2841 3832 μέχρι
2871 3761 2968 3812 τοῦ
2989 3761 3079 3811 νῦν
3112 3754 3435 3830 τελούμενα.

2343 3936 2487 3989 Κατά
2544 3932 2601 3990 δὶ
2654 3937 2753 4005 τήν
2812 3933 3035 4010 πρώτην
3115 3931 3429 3989 ῗνδικτιῶνα
3491 3938 3598 3988 τῶν
3653 3931 3925 4007 Τοόρκων

2274 4023 2436 4079 πάλιν
2498 4021 2802 4095 ἐπιδρομὴν
2863 4024 3247 4095 ποιησαμένων
3330 4024 3465 4078 κατὰ
3519 4022 3827 4093 Ῥωμαίων,
3896 4024 3927 4077 6

2273 4113 2767 4186 παρακοιμώμενος
2817 4111 3092 4188 Θεοφάνης
3160 4110 3386 4181 ἐξελθὼν
3464 4110 3744 4165 ἐσπείσατο
3806 4112 3933 4183 μετ’

2276 4201 2450 4256 αὐτῶν
2501 4201 2592 4255 καὶ
2641 4196 2824 4255 λαϐὼν
2892 4201 3139 4275 ὁμήρους
3203 4200 3519 4274 ὑπέστρεψε.
3580 4198 3809 4272 Δευτέρᾳ
3868 4196 3935 4253 δὲ

2280 4287 2572 4344 ίνδικτιῶνι
2635 4288 2949 4364 Πασχάλιον
2998 4289 3487 4364 πρωτοσπαθάριον
3546 4288 3637 4342 καὶ
3689 4307 3932 4363 στρατη-

2276 4380 2366 4454 γὸν
2427 4374 2838 4454 Λαγγοϐαρδίας
2895 4376 3186 4451 ἐξέπεμψεν
3246 4379 3274 4432 6
3337 4376 3593 4452 βασιλεὺς
3642 4376 3777 4449 πρὸς
3832 4376 3931 4430 τὸν

2282 4467 2418 4543 ῥῆγα
2478 4469 2761 4543 Φραγγίας
2807 4464 3035 4542 Οὕγωνα
3089 4470 3222 4540 (82),
3290 4467 3388 4535 τὴν
3430 4466 3598 4521 αὐτοῦ
3656 4466 3935 4540 θυγατέρα

1658 4568 2058 4629 XYLANDRI
2106 4568 2205 4628 ET
2249 4569 2483 4627 GOARI
2530 4570 2784 4629 NOT/E.

598 4666 687 4734 (82

598 4665 709 4738 (82)
765 4668 887 4722 Imo
933 4682 1090 4733 vero,
1139 4669 1204 4721 ut
1266 4665 1525 4720 historia
1573 4665 1915 4735 loquuntur,
1976 4680 2169 4737 regem

528 4738 726 4793 Italia.
757 4740 865 4794 Sed
899 4740 957 4793 in
991 4738 1083 4794 his
1114 4739 1288 4793 rebus
1320 4752 1510 4807 neque
1539 4736 1744 4791 Noster
1774 4753 1963 4808 neque
1984 4736 2173 4791 caeteri

530 4811 706 4880 hujus
746 4810 943 4866 farina
974 4811 1314 4880 scriptores,
1338 4808 1496 4880 fuere
1525 4808 1853 4878 diligentes.
1889 4810 2173 4880 Constan-

525 4878 716 4937 tinum
733 4878 1289 4953 Porphyrogenitum
1305 4878 1563 4953 intellige
1583 4897 1695 4934 non
1712 4879 1958 4934 Romani
1985 4879 2168 4933 ﬁlium

527 4950 995 5017 Constantinum,
1028 4954 1127 5006 sed
1164 4950 1391 5023 Leonis,
1425 4968 1555 5005 eum
1597 4955 1689 5006 cui
1724 4958 1787 5006 ut
1814 4967 2026 5023 genero
2058 4952 2172 5005 im-

528 5025 727 5097 posuit
766 5025 1121 5095 Lacapenus,
1156 5027 1213 5077 et
1248 5021 1385 5097 ipso
1431 5023 1486 5077 in
1520 5023 1787 5097 ordinem
1825 5021 2063 5097 redacto
2105 5036 2171 5077 ac

526 5092 967 5167 circumscripto
1010 5097 1125 5150 fere
1175 5092 1335 5149 solus
1367 5111 1499 5149 cum
1532 5094 1656 5150 suis
1689 5096 1825 5149 ﬁliis
1857 5095 2165 5165 imperium

565 5170 725 5224 essit.
759 5167 1386 5239 Porphyrogenitorum
1418 5169 1647 5239 primus
1676 5173 2172 5239 commemoratur

565 5185 725 5224 essit.
759 5185 1386 5239 rorpnyrogennorum
1422 5185 1647 5237 primus
1676 5185 2169 5221 commemoratur

525 5185 945 5310 Eopronymus,
978 5258 1011 5293 a
1053 5237 1307 5293 conclavi
1339 5238 1534 5309 palatii
1566 5239 1659 5293 cui
1692 5237 2000 5310 Porphyra
2032 5237 2169 5307 (for-

526 5309 706 5366 tassis
743 5311 895 5381 quod
932 5311 1242 5381 purpureis
1290 5310 1583 5380 tapetibus
1622 5309 1707 5364 vel
1761 5310 1978 5364 audais
2017 5312 2173 5364 esset

525 5383 892 5453 exornatum)
914 5398 1147 5444 nomen,
1173 5383 1229 5435 in
1256 5398 1371 5451 quo
1409 5387 1581 5438 natus
1602 5386 1793 5447 esset;
1838 5398 1901 5436 ac
1926 5382 2171 5435 fortasse

528 5456 705 5509 etiam
737 5453 966 5523 reliqui,
1002 5458 1197 5524 utpote
1226 5454 1467 5523 genuini
1508 5460 1566 5508 et
1612 5470 1715 5509 suo
1747 5453 1872 5509 loco
1902 5453 2023 5507 nati
2056 5453 2170 5507 iin-

573 5541 853 5596 aratores,
904 5523 1027 5596 loco
1073 5523 1148 5580 eo
1211 5524 1535 5596 puerperiis
1593 5524 1900 5581 destinato.
1961 5524 2173 5579 Noster

573 5544 853 5589 aratores,
904 5544 1027 5581 1000
1082 5544 1148 5580 θο
1211 5544 1535 5596 ρΠΘΓρΘῙῚΙΒ
1593 5544 1900 5581 αεειιοαιο.
1961 5544 2173 5579 HOSLBP

533 5544 745 5652 ﬁeonis
766 5595 1040 5669 (il.etiam
1064 5596 1215 5652 infra
1252 5597 1336 5652 sic
1368 5596 1663 5669 exprimit,
1700 5596 1972 5669 inprima
2004 5596 2173 5669 Nice-

535 5668 701 5740 phori
727 5666 927 5725 Phoca
958 5666 1477 5726 anno.Romanum
1502 5666 1939 5724 Contantinifil.
1970 5666 2172 5723 Leonis

765 4668 887 4722 Imo
933 4682 1090 4733 vero,
1139 4669 1204 4721 ut
1266 4665 1525 4720 historia
1573 4664 1915 4735 loquuntur,
1976 4680 2169 4737 regem
2204 4667 2249 4732 D
2282 4665 2687 4719 N.Romanum
2711 4664 2947 4720 tertium
2974 4665 3190 4737 optime
3212 4665 3611 4737 dices,necum
3627 4663 3806 4737 altero
3827 4662 3941 4718 Ilo-

2284 4754 2454 4791 mano
2485 4735 3151 4792 conl‘undatur.Romani
3182 4742 3249 4791 Ν.
3283 4735 3610 4791 Christiferi
3634 4735 3691 4789 F.
3710 4751 3935 4789 nomen

2286 4809 2699 4879 liliaﬁugonis
2721 4809 2973 4863 traditur
2989 4809 3200 4864 Bertha
3222 4808 3480 4862 Eudoxia
3500 4809 3719 4861 XYL.—
3742 4807 3934 4870 Quem

2278 4873 2635 4950 mpiﬂmvrov
2671 4880 2937 4935 nominat
2977 4879 3396 4936 Constantinus
3442 4880 3512 4932 de
3550 4879 3722 4932 Adm.
3774 4882 3932 4950 Imp.

2279 4966 2327 5005 c.
2361 4953 2451 5019 26,
2484 4956 2706 5020 patrem
2740 4950 2944 5006 habuit
2966 4952 3362 5015 Adelbertum,
3397 4955 3641 5005 matrem
3670 4950 3931 5020 Bertam,

2279 5039 2445 5077 avum
2484 5021 2818 5079 Lotharium
2851 5022 3123 5077 Ludovici
3154 5022 3237 5076 Pii
3272 5021 3479 5076 ﬁlium.
3506 5024 3717 5087 Magna
3750 5022 3936 5076 Fran-

2280 5094 2378 5148 cia
2411 5111 2528 5162 rex,
2563 5103 2627 5148 ut
2656 5095 2847 5149 verbis
2879 5094 3240 5150 Constantini
3273 5101 3427 5163 utar,
3462 5110 3753 5164 nusquam
3799 5097 3935 5160 luit,

2296 5166 2394 5220 sed
2455 5182 2648 5220 comes
2708 5166 3015 5220 Provincia
3066 5166 3187 5221 sive
3234 5164 3618 5221 Arelatensis.
3651 5167 3733 5220 Ab
3768 5165 3937 5220 Italis

2278 5240 2552 5321 vocatus,
2582 5237 3121 5321 ejecto'Rodulpho,
3155 5237 3608 5321 Italia_regnum
3635 5236 3927 5321 obtinuit:

2283 5309 2436 5362 unde
2455 5306 2552 5381 ῥῆξ
2585 5306 2856 5382 Φραγγίας
2879 5327 2911 5363 a
2932 5306 3143 5382 Gracia
3164 5306 3698 5382 appellarimeruit.
3724 5306 3932 5382 Filiam

2280 5380 2511 5435 Bertam
2543 5396 2608 5435 ex
2642 5380 2968 5435 concubina
2984 5381 3265 5452 genitam,
3289 5381 3589 5451 Sigefredo
3622 5380 3934 5434 Parmensi

2278 5453 2552 5534 episcopo
2583 5468 2811 5534 sponsa
2862 5452 3932 5534 duce,[jungendamhRomano‘Con-

2279 5526 2460 5606 stanti
2483 5522 2497 5524 ⁷
2515 5523 3000 5607 Porphyrogeniti
3031 5522 3272 5607 .Cpolim
3299 5524 3608 5607 .‘misitLac
3655 5522 3931 5578 Eudoxia

2280 5596 2515 5653 nomine
2545 5594 2821 5666 deinceps
2849 5594 3072 5651 audivit
3094 5594 3461 5667 insignitam.
3491 5597 3671 5652 GOAR.
