4050 6326
172 404 247 462 53
1309 397 1860 460 HISTORIABUM
1905 397 2455 460 COMPENDIUM.
3514 395 3594 453 54

176 532 448 601 έπιζητῶν
525 532 899 608 νυμφευθῆναι
967 535 1045 602 τῷ
1126 534 1222 583 τοῦ
1309 529 1827 606 Πορφυρογιννήτου

1945 529 2193 600 rogeniti
2229 528 2352 585 filio
2386 529 2646 583 Romano
2679 524 2874 598 nepoti
2903 541 3031 580 suo.
3063 526 3199 590 Quae
3237 528 3294 580 et
3342 523 3596 580 adducta

173 624 277 693 υἱῷ
328 623 641 693 Ῥωμανῷ·
706 619 826 689 ἥτις
907 621 993 674 καὶ
1073 620 1306 682 ἀχθεῖσαι
1394 618 1528 690 μετὰ
1587 614 1830 670 πλούτού

179 708 396 765 πολλοῦ
483 711 732 786 aevi,qu
811 711 1099 782 Ῥωμανῷ.
1187 701 1492 762 Συνεϐίωσε
1576 703 1633 759 δὶ
1717 705 1831 777 μετ’

183 799 348 854 αὐτοῦ
421 794 510 869 ἔτη
565 801 608 853 ε’
655 800 746 852 καὶ
794 799 1040 854 ἀπέθανε.
1094 796 1340 871 Ἐγένετο
1393 793 1450 850 δὲ
1498 795 1589 849 καὶ
1653 794 1829 869 βίαιος

179 888 379 961 ἔνὶμος
437 888 570 961 μηνῖ
632 882 986 962 Δεκεμϐρίῳ·
1047 886 1136 942 καὶ
1194 884 1592 946 παταπεσόντες
1641 884 1692 938 οἱ
1745 883 1830 938 λε-

177 978 412 1053 γόμενοι
465 985 645 1050 Δῆμοι
696 979 808 1049 (83)
857 975 1174 1050 συνέτριψαν
1244 975 1310 1030 τὰ
1365 973 1603 1029 κάτωθεν
1652 971 1823 1026 αὐτῶν

183 1066 356 1142 βάθρα
385 1067 475 1122 καὶ
503 1067 572 1122 τὰ
602 1065 870 1141 Αεγόμινα
901 1067 1120 1136 στήθεα.

243 1159 359 1224 Τῆς
421 1155 640 1217 πόλεως
699 1153 755 1209 δὲ
830 1151 1088 1224 Ἐδέσσης
1143 1152 1623 1229 πολιορκουμένης
1680 1151 1827 1224 παρὰ

173 1249 279 1298 τῶν
361 1246 690 1316 Ῥωμαῖκῶν
782 1240 1087 1316 δυνάμεων,
1178 1241 1680 1316 στενοχωρηθέντες
1773 1239 1824 1292 οἱ

174 1330 490 1402 Ἐδεσσηνοὶ
540 1338 661 1394 τοῖς
719 1332 779 1386 έκ
834 1339 936 1401 τῆς
993 1329 1318 1406 πολιορκίας
1371 1327 1569 1390 δεινοῖς
1612 1326 1823 1403 διεπρε-

177 1416 467 1476 σϐεύσαντο
524 1422 659 1494 πρὸς
732 1419 976 1495 βασιλέα,
1055 1420 1369 1492 αἰτούμενοι
1456 1418 1822 1482 ἀπαναστῆναι

176 1517 274 1578 νῆς
328 1508 654 1586 προσιδρίας
699 1511 787 1564 τὸν
840 1508 972 1564 λαόν
1007 1528 1020 1542 °
1075 1511 1163 1564 καὶ
1221 1509 1582 1584 ὑπισχνοῦντο
1610 1503 1824 1560 ἀντίλυ-

176 1621 302 1675 τρον
360 1598 541 1654 δοῦναι
571 1601 635 1654 τὸ
652 1605 750 1654 τοῦ
784 1603 1022 1674 Χριστοῦ
1045 1599 1196 1674 ἅγιον
1225 1597 1531 1672 ἐκμαγεῖον.
1563 1595 1824 1663 Λυθείσης

186 1687 276 1744 οῦν
304 1695 407 1758 τῆς
434 1687 758 1762 πολιορκίας
809 1686 968 1757 ἐδόθη
1011 1688 1074 1742 τὸ
1119 1693 1261 1751 θεῖον
1299 1686 1594 1758 έκτόπωμα
1623 1683 1710 1738 καὶ
1744 1683 1823 1746 εἷς

170 1778 266 1846 τὴν
303 1775 560 1853 βασιλίδα
587 1775 764 1853 ἤχθη.
799 1774 1205 1850 ὑποδεξαμένου
1237 1780 1395 1831 τοῦτο
1425 1779 1523 1830 τοῦ
1555 1772 1822 1849 βασιλέως

183 1868 314 1938 μετὰ
372 1866 634 1942 λαμπρᾶς
687 1866 777 1922 καὶ
854 1865 1172 1942 πρεπούσης
1238 1863 1586 1942 δορυφορίας,
1643 1865 1822 1927 καθὼς

174 1955 479 2031 ιμπροσθεν
513 1955 734 2030 εἴπομεν
746 2002 760 2015 .

240 2047 393 2102 Κατὰ
449 2045 647 2107 ταύτας
698 2045 795 2108 τὰς
851 2044 1062 2119 ἡμέρας
1114 2043 1166 2114 EE
1225 2041 1512 2120 Ἀρμενίας
1568 2040 1821 2119 έφοίτησε

168 2137 321 2208 τέρας
373 2134 427 2190 έν
484 2139 554 2209 τῇ
602 2133 987 2209 βασιλευούσῃ,
1035 2130 1224 2196 παῖδες
1278 2131 1492 2208 ἅρῥενες
1546 2135 1814 2208 συμφυεῖς

176 2224 234 2278 ἐκ
299 2225 427 2296 μιᾶς
484 2222 842 2300 προελθόντες
899 2223 1152 2298 γαστρός.
1199 2219 1572 2292 Ἐξηλάθησαν
1634 2216 1691 2273 Si
1718 2225 1819 2288 τῆς

177 2312 398 2377 πόλεως
455 2313 530 2375 ὡς
589 2313 825 2389 πονηρὸς
883 2311 1101 2373 οἰωνός.
1163 2311 1284 2366 Ἐπὶ
1341 2307 1400 2364 δὲ
1454 2307 1821 2363 Κωσταντίνου

167 2401 336 2455 πάλιν
385 2401 662 2466 εἰσῆλθον.
722 2400 876 2456 Ἐπεὶ
920 2397 978 2455 δὲ
1031 2394 1227 2469 συνέϐη
1275 2398 1366 2452 τὸν
1413 2393 1505 2452 ἕνα
1559 2395 1821 2465 τελευτῆ-

170 2511 283 2558 σαι,
621 2489 976 2565 ἐπειράθησαν
1089 2488 1140 2544 οἰ
1252 2485 1630 2562 ἐμπειρότεροι
1714 2490 1823 2540 τῶν

174 2579 377 2653 ἶατρῶν
409 2579 704 2651 ἀποτεμεῖν
753 2580 816 2634 τὸ
853 2578 1118 2652 νεκρωθὶν
1179 2576 1363 2652 μέρος·
1412 2576 1472 2630 οῦ
1519 2573 1820 2649 τμηθέντος

173 2669 234 2722 τὸ
269 2673 374 2736 ζῶν
408 2663 766 2732 έπιϐεϐιωκὸς
798 2669 988 2743 μικρὸν
1021 2665 1388 2736 ἐτελεύτησεν.

241 2758 306 2814 Ὁ
337 2754 397 2812 δὲ
447 2756 701 2830 βασιλεὺς
758 2757 1039 2828 Ῥωμανὸς
1088 2755 1176 2810 καὶ
1235 2755 1439 2816 πάντας
1501 2754 1596 2826 μὲν
1665 2752 1825 2824 ἐτίμα

175 2847 304 2907 τοὺς
341 2844 643 2922 μοναχοῦς,
687 2843 1051 2923 διαφερόντως
1093 2842 1151 2898 δὲ
1195 2845 1285 2898 τὸν
1323 2840 1568 2918 μοναχὸδ
1601 2841 1821 2916 Σέργιον

169 2937 258 2989 τὸν
313 2935 542 3007 ἀνεψιὸν
585 2933 804 2988 Φωτίου
868 2938 966 2988 τοῦ
1021 2933 1389 3008 πατριάρχου,
1438 2932 1650 3007 ἀρεταῖς
1701 2930 1825 2985 ὅντα

168 3025 516 3096 κατάκοσμον
570 3025 660 3078 καὶ
719 3028 849 3077 πᾶσι
906 3021 1286 3095 κοσμούμενον
1327 3025 1442 3082 τοῖς
1500 3018 1717 3086 καλοῖς,
1768 3021 1827 3083 ’ὸς

176 3111 262 3167 διὰ
294 3115 495 3174 παντὸς
555 3113 787 3188 παρῄνει
835 3117 915 3184 τῷ
965 3109 1182 3187 βασιλεῖ
1224 3111 1330 3166 τῶν
1380 3107 1588 3164 παίδων
1632 3107 1824 3180 ἐπιμε-

174 3203 392 3256 λεῖσθαι
449 3200 537 3256 καὶ
596 3203 670 3274 μὴ
730 3197 1085 3261 ἀπαιδεύτούς
1132 3198 1355 3260 τούτους
1403 3197 1513 3269 έᾷν,
1571 3199 1645 3270 μή
1705 3217 1822 3258 πως

171 3291 258 3345 καὶ
293 3290 460 3352 αὐτὸς
518 3271 666 3363 πάθῃ
722 3290 784 3343 τὸ
840 3293 937 3343 τοῦ
979 3287 1131 3343 Ἠλεί
1189 3288 1322 3361 (84).
1354 3290 1430 3360 Τῇ
1481 3285 1538 3341 δὶ
1575 3285 1710 3358 αὐτῇ
1744 3285 1822 3339 ἲν·-
1853 3271 1896 3338 C

172 3378 422 3434 δικτιῶνι
473 3381 780 3454 κατήγαγον
838 3379 927 3431 νὸν
980 3376 1206 3451 βασιλέα
1249 3377 1530 3448 Ῥωμανὸν
1576 3380 1674 3429 τοῦ
1719 3395 1819 3428 πα-

174 3471 368 3523 Αατίου
421 3467 512 3523 καὶ
567 3466 642 3528 εἲς
696 3468 796 3536 τήν
852 3471 1082 3540 Πρώτην
1142 3467 1254 3538 (85)
1314 3465 1604 3540 ἀγαγόντες
1657 3471 1819 3532 νῆσον

175 3558 464 3629 ἂπέκειραν
529 3556 790 3632 μοναχόν,
858 3555 1012 3620 Τίνες
1084 3552 1140 3609 δὲ
1196 3553 1251 3607 οἱ
1304 3559 1494 3609 τοῦτον
1547 3553 1823 3608 κατασπά-

175 3667 360 3708 σαντες
402 3652 502 3714 τῆς
557 3645 754 3720 ἀρχῆς,
799 3645 887 3698 καὶ
935 3644 1058 3699 τίνα
1103 3642 1329 3715 τρόπον,
1362 3641 1412 3696 έν
1463 3647 1580 3706 τοῖς
1627 3641 1821 3718 έπαγο-

180 3735 364 3804 μένοις
396 3733 693 3805 λελέξεται.

248 3821 654 3877 Κωνσταντίνου
683 3827 780 3876 τοῦ
815 3819 1084 3898 βασιλέως
1125 3819 1176 3875 έν
1219 3818 1429 3894 κομιδῇ
1477 3821 1571 3892 νέᾳ
1598 3820 1666 3894 τῇ
1694 3818 1822 3889 ἠλι-

175 3915 267 3982 κίᾳ
316 3910 838 3988 ἆπορφανισθέντος,
894 3910 985 3965 καὶ
1049 3914 1157 3964 τῶν
1217 3909 1554 3986 πραγμάτων
1618 3910 1720 3964 ὑπό
1767 3930 1826 3964 τι

176 4007 274 4069 τῆς
323 4001 534 4074 μητρὸς
565 3999 730 4054 αὐτοῦ
764 4005 920 4067 Ζωῆς
965 3998 1056 4052 καὶ
1104 4002 1212 4053 τῶν
1262 3997 1568 4073 ἐπιτρόπων
1601 3997 1694 4060 οὕς
1726 3996 1824 4071 ἔμ-

180 4089 410 4163 προσθεν
467 4087 894 4161 ἠριθμησάμεθα
965 4084 1386 4160 διοιλουμένων,
1456 4088 1483 4141 ὁ
1561 4108 1822 4163 παρακοι-

183 4179 441 4249 μώμενος
475 4179 873 4237 Κωνσταντῖνος
933 4173 1145 4252 μεγάλα
1218 4176 1366 4248 παρὰ
1431 4179 1501 4249 τῇ
1581 4175 1823 4251 βασιλίδι

179 4264 498 4337 δυνάμενος,
557 4265 640 4320 έπθ
692 4262 902 4342 ἀδελφῇ
954 4285 1013 4319 τε
1081 4259 1329 4340 γαμϐρὸν
1380 4263 1525 4340 ἔχων
1582 4266 1674 4320 τὸν
1730 4266 1825 4339 μά-

177 4375 395 4429 γιστρον
458 4355 660 4408 Λέοντα
713 4354 806 4408 τὸν
885 4359 1080 4408 Φωκᾶν
1161 4350 1480 4426 δομέστικον
1538 4350 1664 4408 ὄντα
1717 4359 1823 4409 τῶν

179 4443 400 4520 σχολῶν
463 4446 564 4508 τῆς
622 4441 952 4513 Ἀνατολῆς,
1017 4443 1106 4497 καὶ
1164 4443 1310 4516 παρὰ
1363 4446 1524 4497 τοῦτο
1548 4443 1645 4504 τὰς
1675 4444 1826 4513 ἡνίας

177 4533 384 4594 ἁπάσας
413 4534 513 4601 τῆς
568 4531 845 4606 βασιλείας
895 4531 1002 4601 ὅπη
1051 4530 1141 4586 καὶ
1189 4528 1451 4606 βούλοιτο
1496 4531 1826 4608 περιφέρων,

1850 1902 1898 1968 Β

1939 623 2030 675 est
2061 619 2290 690 magnis
2330 634 2464 673 cum
2513 616 2745 688 Opibus,
2796 620 3016 671 etcum
3066 614 3325 670 Romano
3373 615 3590 671 exactis

1939 707 1995 762 in
2031 707 2306 778 conjugio
2337 708 2507 761 annis
2539 706 2800 776 quinque
2829 721 2860 758 e
2890 704 3008 758 vita
3051 702 3340 775 migravit.
3391 703 3588 759 Mense

1943 797 2238 852 Decembri
2269 795 2561 851 violentus
2586 798 2796 849 ventus
2847 791 3070 848 exstitit
3101 810 3113 847 :
3142 796 3199 846 et
3250 796 3586 848 corruentes

1939 889 2037 958 qui
2069 893 2354 942 vocantur
2384 886 2551 942 Demi
2582 886 2986 941 contriverunt
3038 899 3241 939 eorum
3275 882 3376 956 qui
3433 882 3586 940 infra

1937 981 2104 1033 erant
2135 981 2368 1048 pectora
2401 981 2578 1048 atque
2609 975 2808 1047 pedes.

2007 1156 2151 1211 Cum
2168 1172 2234 1211 eo
2249 1165 2509 1227 tempore
2524 1155 2790 1210 Edessaa
2815 1153 3096 1208 Romanis
3122 1157 3584 1224 oppugnaretur,

1935 1245 2210 1315 oppidani
2258 1244 2444 1316 pressi
2469 1242 2882 1316 oppugationis
2897 1241 3336 1298 calamitatibus
3364 1241 3588 1313 legatos

1937 1335 2007 1388 ad
2041 1334 2452 1403 imperatorem
2487 1332 2752 1394 mittunt.
2793 1335 3026 1385 orantes
3081 1331 3161 1384 uti
3217 1330 3584 1386 obsidionem

1937 1422 2144 1484 solvat.
2180 1439 2243 1477 ac
2277 1421 2515 1494 polliciti
2552 1437 2656 1492 pro
2687 1421 2816 1490 ejus
2846 1419 2926 1474 rei
2959 1418 3200 1490 praemio
3238 1418 3455 1474 Christi
3486 1436 3584 1474 sa-

1936 1528 2092 1567 cram
2127 1512 2185 1565 in
2222 1512 2396 1566 linteo
2426 1526 2760 1582 expressam
2800 1507 3078 1580 efﬁgiem.
3110 1508 3369 1578 Eamque
3398 1507 3584 1580 impe-

1932 1607 2087 1657 trato
2118 1603 2270 1672 quod
2302 1600 2577 1656 volebant
2605 1599 2891 1654 dederunt
2923 1613 2936 1650 :
2971 1602 3029 1652 et
3058 1600 3147 1652 est
3175 1595 3233 1650 in
3265 1597 3470 1651 urbem
3504 1597 3584 1651 al-

1931 1691 2072 1758 lata,
2108 1689 2434 1762 excipiente
2490 1704 2618 1744 eam
2677 1691 3028 1758 imperatore
3084 1702 3216 1742 cum
3271 1685 3582 1758 splendida

1933 1795 2170 1852 pompa,
2203 1778 2354 1834 sicut
2385 1782 2519 1833 ante
2549 1775 2883 1833 retulimus.

2005 2049 2164 2105 320
2195 2048 2298 2102 His
2330 2047 2476 2118 ipsis
2525 2045 2733 2102 diebus
2782 2062 2851 2101 ex
2898 2045 3173 2101 Armenia
3223 2044 3464 2100 allatum
3498 2049 3589 2100 est

1931 2144 2266 2194 monstrum
2301 2135 2528 2207 Cpolin,
2563 2135 2724 2208 pueri
2762 2135 3007 2190 masculi
3041 2134 3318 2200 concreti,
3340 2136 3585 2201 uterini;

1931 2228 2112 2300 iique,
2145 2233 2211 2281 ut
2241 2225 2442 2280 infelix
2472 2240 2666 2293 omen,
2699 2225 2843 2279 urbe
2874 2227 3012 2279 sunt
3045 2223 3233 2294 ejecti.
3268 2222 3589 2278 Redierunt

1931 2318 2042 2372 sub
2073 2316 2452 2370 Constantino
2485 2333 2499 2381 ;
2528 2319 2584 2369 et
2613 2329 2746 2368 cum
2780 2312 2927 2368 alter
2957 2317 3226 2367 mortuus
3247 2312 3583 2384 esset,peri-

1929 2406 2111 2460 tiores
2147 2403 2356 2458 medici
2391 2404 2639 2458 cadaver
2667 2419 2701 2458 a
2737 2402 2863 2457 vivo
2912 2408 3288 2457 resecuerunt
3321 2418 3334 2457 :
3371 2417 3579 2473 parum

1930 2498 2127 2550 tamen
2161 2492 2259 2548 diu
2293 2491 2441 2548 alter
2467 2491 2806 2563 supervixit.

2005 2762 2305 2816 Romanus
2336 2759 2656 2830 imperator
2685 2775 2817 2814 cum
2851 2759 2999 2816 alios
3026 2757 3348 2815 monachos
3378 2758 3436 2812 in
3473 2757 3578 2813 bo-

1933 2867 2074 2906 nore
2107 2849 2330 2916 habuit,
2361 2853 2485 2903 tum
2537 2848 2805 2920 Sergium
2860 2848 3150 2920 praecipue
3201 2848 3578 2914 monachum,

1933 2938 2349 2994 consobrinum
2368 2937 2554 2992 Photii
2570 2937 3244 3008 patriarchaeﬁorentem
3268 2936 3582 2991 virtutibus

1933 3034 1989 3085 et
2019 3027 2294 3083 omnibus
2328 3031 2597 3080 ornatum
2631 3026 2800 3081 bonis
2831 3027 3088 3082 rebusls
3117 3024 3353 3094 Sergius
3374 3024 3584 3079 identi-

1935 3119 2065 3173 dem
2087 3116 2435 3170 hortabatur
2454 3115 2861 3186 imperatorem
2881 3120 2947 3168 ut
2971 3113 3120 3170 ﬁlios
3143 3115 3253 3169 sub
3275 3113 3587 3186 disciplina

1933 3206 2279 3268 contineret,
2313 3220 2385 3258 ne
2418 3203 2570 3258 idem
2599 3203 2708 3274 ipsi
2743 3204 2895 3275 quod
2933 3203 3014 3258 Eli
3048 3203 3320 3258 eveniret.
3363 3203 3580 3258 Eadem

1933 3294 2253 3350 indictione
2281 3297 2582 3348 Romanus
2613 3292 2928 3364 imperator
2948 3290 3162 3363 palatio
3190 3292 3438 3347 eductus
3469 3297 3580 3354 est,

1931 3389 1989 3439 et
2035 3384 2093 3437 in
2153 3383 2382 3438 Protam
2443 3381 2700 3437 insulam
2761 3381 3016 3454 relegato
3070 3379 3323 3452 capillus
3381 3397 3573 3447 rasus,

1934 3471 2320 3541 monacbique
2349 3471 2624 3541 imposita
2654 3470 2934 3526 conditio.
2999 3477 3040 3524 Α
3101 3469 3319 3542 quibus
3374 3474 3433 3525 et
3460 3486 3576 3541 quo

1935 3563 2106 3617 modo
2139 3561 2484 3616 deturbatus
2511 3559 2754 3630 imperio
2786 3558 2979 3629 fuerit,
3015 3559 3141 3630 jam
3201 3575 3358 3615 nunc
3397 3575 3576 3631 expo-

1934 3665 2165 3705 nemus.
3259 3669 3264 3672 ·

2003 3825 2421 3883 Constantinus
2446 3824 2766 3896 imperator
2810 3823 3020 3879 Leonis
3069 3821 3228 3878 ﬁlius
3254 3822 3578 3877 admodum

1933 3933 2080 3989 puer
2105 3914 2382 3970 amiserat
2404 3918 2626 3984 patrem
2655 3928 2668 3966 :
2695 3916 2752 3968 et
2769 3916 2956 3966 mater
2969 3911 3078 3967 Zoe
3094 3928 3160 3966 ac
3183 3915 3581 3980 tutores,quos

1934 4004 2207 4077 superius
2236 4001 2854 4071 commemoravimus,
2877 3999 3142 4055 omnium
3167 4015 3363 4056 rerum
3395 3997 3582 4053 admi-

1936 4093 2267 4150 nistrationi
2293 4091 2747 4164 praefuerantEo
2771 4106 2966 4146 rerum
2990 4093 3145 4145 statu
3169 4087 3585 4144 Constantinus

1935 4182 2336 4240 cubicularius
2368 4197 2592 4252 magna:
2622 4181 2777 4252 apud
2827 4181 3000 4235 Zoam
3058 4178 3351 4251 potentia,
3411 4177 3583 4248 cujus

1936 4287 2192 4329 sororem
2223 4271 2281 4326 in
2317 4270 2689 4326 matrimonio
2724 4269 2990 4324 habebat.
3029 4268 3138 4324 Leo
3163 4267 3384 4324 Pbocas
3407 4267 3588 4338 magi-

1935 4365 2058 4417 ster
2087 4365 2144 4416 et
2172 4359 2507 4415 scholarum
2541 4359 2894 4415 domesticus
2910 4357 3304 4427 orientalium,
3353 4355 3587 4428 imperii

1935 4450 2194 4505 habenas
2227 4465 2333 4503 suo
2362 4448 2646 4504 arbitratu
2679 4447 3110 4519 torquens,dies
3141 4450 3458 4517 noctesque
3489 4461 3588 4501 co-

1936 4537 2156 4609 gitabat
2188 4553 2304 4608 quo
2337 4536 2510 4592 modo
2531 4536 2590 4591 in
2613 4537 2869 4592 Phocam
2894 4536 3115 4592 sororis
3139 4535 3416 4592 maritum
3448 4538 3588 4590 Con-

1319 4642 1718 4703 XYLANDRI
1768 4646 1864 4707 ET
1909 4645 2144 4707 GOARI
2189 4645 2444 4704 NOT/E.

243 4738 366 4807 (83)
396 4737 573 4810 Idest
595 4737 728 4810 pagi
750 4755 770 4792 :
791 4737 874 4793 sic
895 4736 1050 4810 enim
1085 4736 1283 4810 Cicero
1306 4737 1589 4810 convertit
1610 4738 1833 4795 Atticos

180 4805 420 4882 δήμους.
453 4805 870 4882 Gate—rumpant
904 4807 1074 4882 βάθρα
1120 4808 1294 4879 pedes
1340 4809 1698 4882 signiﬁcant,
1733 4815 1834 4867 aut

178 4881 382 4949 στήθεα
415 4898 650 4954 quoque
681 4880 843 4935 aliud
884 4880 1061 4951 quam
1119 4885 1530 4954 communiter.
1591 4881 1733 4936 XYL.

179 4959 384 5022 Δῆμοι.
421 4950 831 5010 Prominentes
863 4950 1148 5007 tectorum
1194 4950 1594 5007 tabulatorum
1645 4960 1834 5023 petra.

180 5041 437 5094 rumque
471 5042 539 5080 ex
564 5024 828 5094 adiﬁciis
879 5024 1076 5091 facies,
1136 5025 1492 5094 suggrundm
1525 5028 1582 5078 et
1611 5040 1836 5081 corona:

179 5093 451 5168 parietis,
483 5103 624 5152 sunt
655 5093 848 5166 δῆμοι,
883 5099 949 5149 ut
979 5096 1078 5166 qui
1131 5093 1411 5166 populum
1448 5095 1830 5168 prospiciant.

182 5167 366 5240 Biopa
401 5167 660 5224 diximus
691 5183 872 5239 supra
892 5182 1020 5221 esse
1050 5171 1328 5237 suggesta
1372 5167 1660 5240 sedesque
1690 5167 1837 5240 lapi-

181 5237 321 5322 deas
355 5237 1714 5322 partibusimperatorem.excepturisgpsinsque
1743 5237 1838 5322 ex-

183 5311 500 5382 cipiendis,
533 5313 696 5380 iuxta
720 5309 1020 5392 palatium.
1044 5309 1380 5381 dispositas.
1434 5309 1646 5377 Στήθεα
1678 5309 1841 5366 colu-

183 5381 385 5454 melle,
401 5389 547 5438 sunt
575 5382 779 5438 ordine
801 5382 1098 5454 disposita
1121 5397 1186 5454 ac
1205 5381 1840 5454 superpositolongiori

183 5453 460 5526 epistylia
483 5455 728 5526 junctae,
777 5451 1417 5526 circumjecticlathri,
1477 5451 1842 5510 circumdata

183 5521 358 5599 septa
366 5531 429 5582 et
440 5521 883 5599 repagula,sive
897 5521 1137 5580 cancelli
1150 5523 1710 5599 humili_ores,spatio
1733 5543 1841 5582 suo

183 5596 469 5654 interiore
499 5596 762 5668 receptos
785 5614 817 5653 a
838 5596 1258 5668 circumstante
1279 5597 1368 5652 vel
1393 5597 1650 5653 irruente
1670 5599 1844 5654 turba

185 5666 1013 5743 propugnantesl_Germanus
1043 5666 1494 5743 in_Mys_tagogia
1514 5685 1631 5724 non
1668 5669 1844 5743 longe

191 5735 258 5798 ib
289 5735 542 5799 Exordio
571 5758 585 5798 :
615 5739 694 5794 Τὰ
716 5738 897 5794 κιόνια
919 5736 1044 5810 ἤτοι
1065 5737 1134 5794 τὰ
1171 5735 1380 5809 σῖτήθῖα
1401 5735 1845 5814 ’διαχωρίζοντα

1942 4739 2004 4792 τὸ
2027 4737 2188 4813 ,βῆμα
2217 4736 2323 4813 ἀπὸ
2379 4741 2475 4791 τοῦ
2520 4734 2720 4813 λοιποῦ
2763 4741 2927 4813 Αναοῦ,
2987 4736 3076 4791 καὶ
3135 4734 3428 4813 κάγκελγλα.
3488 4737 3590 4793 His

1945 4809 2136 4866 tribus
2166 4811 2356 4865 verbis
2387 4811 2688 4882 expositis,
2725 4809 2898 4881 plana
2927 4817 3016 4867 est
3049 4809 3420 4881 mens'hujus
3452 4827 3589 4864 sen-

1944 4883 2140 4938 tentia)
2173 4899 2184 4936 :
2227 4883 2456 4938 Violenti
2487 4892 2767 4938 ventorum
2791 4884 2954 4952 ﬂatus
2999 4885 3178 4938 exorti
3205 4887 3592 4951 sunt,quorum

1947 4957 2153 5025 impetu
2194 4954 2523 5024 suggrunda:
2559 4956 2699 5025 tecti
2745 4965 2797 5007 et
2844 4955 3127 5025 parietum
3184 4953 3494 5008 decidentes
3539 4956 3592 5006 et

1950 5024 2115 5096 lapsa’
2163 5030 2427 5098 suggesta
2479 5024 2734 5094 sedesque
2787 5024 2896 5078 sibi
2962 5025 3245 5098 subjectus,
3275 5040 3519 5098 necnon
3540 5027 3591 5078 et

1945 5094 2210 5168 repagula
2255 5094 2698 5153 comminuerunt
2761 5097 2810 5148 ιι
2856 5094 3255 5168 contriuerunt.
3305 5094 3594 5167 Xylandcr

1949 5165 2114 5239 quasi
2141 5185 2170 5223 e
2192 5185 2366 5224 scena
2391 5169 2570 5222 risum
2589 5168 2880 5221 facturus:
2915 5165 3197 5220 Violentus
3216 5165 3400 5221 ventus
3419 5168 3590 5221 exsti-

1950 5241 2253 5310 tit,inquit;
2274 5245 2324 5296 et
2352 5242 2661 5296 carmentes
2691 5241 2786 5308 qui
2834 5247 3094 5292 vocantur
3123 5239 3291 5304 demi,
3315 5241 3593 5310 contrive-

1950 5317 2086 5367 runt
2112 5309 2306 5366 eorum
2329 5314 2424 5381 qui
2445 5311 2596 5377 infra
2616 5319 2771 5366 erant
2790 5313 3010 5381 pectora
3039 5314 3202 5380 atque
3221 5309 3588 5376 pedes.Goaa.

2021 5382 2135 5454 (84)
2163 5382 2282 5454 Elis
2309 5380 2551 5438 historia
2571 5399 2638 5454 ex
2670 5381 2955 5452 principio
2977 5380 3261 5454 librorum
3293 5397 3592 5438 sacrorum

1949 5453 2206 5508 Samueli
2237 5458 2327 5508 est
2375 5453 2704 5510 notissima.
2756 5457 2830 5508 Et
2879 5453 3140 5508 narratio
3180 5454 3250 5510 de
3295 5454 3592 5510 Edessena

1950 5524 2338 5650 imaoginexest,
2371 5541 2710 5598 quanquam
2744 5523 2935 5580 secius
2966 5530 3142 5597 atque
3171 5525 3475 5600 hic,eupra
3497 5541 3596 5584 ex-

1951 5613 2077 5650 DOSI
2110 5613 2162 5650 a.
2250 5613 2336 5650 vc.

1993 5596 2162 5652 osita.
2194 5598 2336 5650 XYL.

1951 5613 2162 5669 posita.
2197 5613 2336 5650 λη.

2025 5668 2138 5741 (85)
2168 5665 2528 5740 Hellesponti
2558 5669 2630 5725 ad
2657 5667 2763 5726 CP.
2797 5665 3074 5725 insulam.
3109 5669 3286 5726 Goaa.
