4050 6326
462 389 542 449 55
1811 377 2127 441 GEORGII
2172 375 2514 439 CEDRENI
3794 367 3878 426 56

466 522 726 579 stantino
749 518 980 575 sublato
1003 517 1315 590 imperium
1340 516 1860 573 transferret.82l
1892 516 1955 571 Id
1978 530 2112 569 cum
2144 556 2155 584 λ

2266 508 2438 581 ύκτωρ
2488 508 2581 563 καὶ
2644 510 2760 582 μεθ’
2826 508 3033 581 ἡμέραν
3113 503 3340 577 έμελέτα
3391 504 3468 565 εἷς
3521 503 3615 557 τὸν
3674 502 3873 556 ἑαυτοῦ

468 611 712 668 sentiret
744 607 1113 664 Constantini
1169 608 1526 679 pzedanogus
1573 606 1914 661 Theodorus
1959 604 2113 675 quod

2266 594 2475 673 αμϐρὸν
2531 600 2630 667 τὴν
2692 594 2968 672 βασιλείαν
3032 599 3384 668 μετενεγκεῖν,
3433 592 3525 646 τὸν
3591 598 3873 645 Κωνσταν-

468 707 525 757 et
555 716 733 770 supra
762 697 1153 767 narravimus,
1186 713 1421 768 operam
1454 697 1692 751 dederat
1725 700 1789 749 ut
1827 694 2115 749 seniorem

2266 694 2368 741 ἰνον
2421 684 2664 742 ἐκποδὼν
2735 687 3128 757 ποιησάμενος.
3188 685 3357 757 ⁰Οπερ
3416 681 3786 750 συνεννοηκὼς
3848 680 3877 733 ὁ

472 792 856 860 Lacapenum,
890 787 970 843 rei
1004 792 1130 841 tum
1164 786 1387 842 navalis
1422 784 1900 857 drungarium,in
1925 782 2119 838 aulam

2266 782 2325 831 οὗ
2355 779 2869 855 πορφυρογεννήτου
2902 772 3248 849 παιδαγωγὸς
3278 769 3582 845 Θεόδωρος,
3613 770 3687 831 ὡς
3731 768 3875 822 ἄνω-

473 879 893 941 introduceret,
924 892 1178 947 eumque
1210 875 1545 944 imperatori
1580 880 1888 945 patronum
1923 873 2121 927 defen-

2266 889 2314 921 εν
2368 865 2600 936 εἷ’ρηται,
2652 862 2891 933 σπουδὴν
2960 862 3111 927 ἔθετο
3169 862 3261 916 τὸν
3316 855 3675 935 πρεσϐύτερον
3736 859 3879 910 Ῥω-

477 983 788 1039 soremque
819 965 1177 1021 conciliaret.
1214 968 1278 1018 At
1320 981 1451 1019 vero
1508 963 1568 1017 in
1601 964 1795 1018 aulam
1856 966 2123 1032 receptus

2266 958 2402 1011 ιανὸν
2456 953 2807 1031 δρουγγάριον
2865 958 3160 1022 τηνικαῦτα
3204 956 3311 1005 τῶν
3370 947 3643 1022 πλωΐμων
3705 946 3877 1019 ὑπάρ-

477 1057 797 1121 Romanus,
831 1060 886 1110 et
915 1052 1203 1125 paulatim
1235 1070 1300 1107 eo
1333 1069 1680 1124 progressus
1711 1057 1775 1106 ut
1828 1066 2121 1105 summam

478 1160 676 1201 rerum
708 1144 767 1198 in
800 1160 908 1198 sua
940 1141 1179 1197 haberet
1208 1146 1636 1213 potestate,non
1670 1144 1981 1195 contentus
2005 1154 2128 1210 per-

481 1234 705 1301 missis,
738 1231 955 1288 violato
988 1232 1161 1287 etiam
1186 1231 1573 1301 jurejurando
1624 1231 1782 1301 (nam
1817 1246 1878 1283 se
1933 1228 2127 1298 ipsum

483 1324 628 1379 diris
658 1324 984 1387 devoverat,
1013 1320 1063 1374 si
1084 1337 1345 1390 unquam
1376 1319 1691 1390 imperium
1721 1323 1871 1373 esset
1893 1317 2128 1372 affecta-

486 1411 679 1483 turus)
710 1427 771 1466 se
799 1410 995 1481 ipsum
1027 1409 1437 1479 imperatorem
1497 1412 1809 1475 creaverat,
1844 1407 2133 1461 Constan-

488 1502 613 1557 tino
641 1499 793 1555 ultro
829 1498 1064 1570 quidem
1098 1514 1160 1553 se
1186 1497 1382 1553 animo
1409 1496 1615 1562 invito,
1658 1496 1812 1567 quod
1859 1501 1948 1551 est
1977 1496 2131 1567 apud

2236 1066 2406 1121 χοντα
2465 1044 2844 1107 οἰκειώσασθαι
2892 1042 2983 1096 καὶ
3029 1047 3151 1103 τοῖς
3200 1038 3515 1114 ἀνακτόροις
3570 1038 3880 1110 εἰσαγαγεῖν

2238 1136 2311 1197 ὡς
2342 1134 2488 1208 τάχα
2526 1130 2739 1210 φύλακα
2767 1132 2857 1186 καὶ
2888 1131 3279 1206 πρόμαχοντοῦ
3307 1126 3575 1204 βασιλέως
3595 1126 3881 1198 ἐσόμενον.

2240 1231 2439 1290 Οὑτοσὶ
2467 1229 2514 1285 δ’
2544 1230 2798 1305 ἀναχθεὶς
2824 1231 2911 1285 καὶ
2953 1234 3070 1290 ταῖς
3098 1228 3233 1283 κατά
3279 1227 3468 1301 μικρόν
3530 1221 3745 1284 ἀνὸδοις
3786 1224 3886 1290 τῆς

2240 1323 2417 1391 πάσης
2475 1317 2778 1380 δυναστείας
2830 1318 3118 1394 γενόμενος
3165 1317 3436 1391 ἐγκρατὴς
3496 1314 3594 1369 οὐκ
3648 1311 3889 1385 ἐνέμεινε

2241 1411 2357 1472 τοὶς
2389 1408 2643 1477 δοθεῖσιν,
2676 1407 2823 1464 ἀλλὰ
2863 1408 2988 1470 τοὺς
3042 1404 3367 1479 δεδομένους
3399 1406 3657 1474 ἀθετήσας
3689 1402 3888 1475 ὅρκους

2243 1500 2329 1574 (ᾖν
2385 1500 2487 1574 γὰρ
2548 1495 3007 1574 φρικωδεστάταις
3074 1495 3442 1571 ὁρκωμοσίαις
3484 1495 3669 1549 ἑαυτὸν
3721 1513 3886 1545 καταο

491 1589 887 1655 Homerum,ei
921 1588 1191 1643 diadema
1221 1586 1784 1658 imponente.Neque
1817 1586 1921 1640 hoc
1942 1585 2134 1653 modo,

494 1689 593 1742 sed
626 1692 682 1742 et
710 1685 884 1757 paulo
907 1692 1038 1756 post
1059 1685 1244 1739 ﬁlium
1266 1701 1440 1738 suum
1465 1684 1872 1739 Christiferum
1896 1688 1953 1739 et
1970 1682 2138 1753 paulo

494 1781 626 1848 post
655 1774 1015 1846 Stephanum
1040 1791 1104 1828 ac
1128 1774 1574 1829 Constantinum
1600 1773 1750 1828 ﬁlios
1773 1774 1843 1828 ad
1872 1774 2136 1827 eamdem

2247 1588 2523 1662 δεσμήσας
2585 1590 2659 1662 μὴ
2712 1586 2768 1642 ἄν
2810 1608 2943 1642 ποτε
3005 1584 3279 1659 βασιλείας
3328 1579 3507 1655 ἔφεσιν
3567 1582 3885 1657 ἐσχηκέναι)

2248 1677 2433 1733 ὶάυτόν
2465 1698 2523 1732 τε
2575 1676 2900 1751 ἀνηγόρευσε
2952 1674 3195 1751 βασιλέα,
3242 1674 3504 1735 ἑκουσίως
3548 1677 3644 1727 τοῦ
3674 1691 3891 1746 πορφυ-

2253 1770 2576 1843 ρογεννήτου
2608 1765 2817 1821 ἀέκοντί
2846 1786 2909 1839 γε
2956 1766 3114 1836 Θυμῷ
3164 1766 3344 1837 (τοῦτο
3377 1760 3441 1831 δὴ
3473 1762 3536 1816 τὸ
3565 1762 3896 1837 Ὁμηρικὸν)

499 1871 763 1921 evexerat
783 1863 1271 1935 designationem.
1291 1864 1416 1934 Ipse
1440 1863 1757 1933 imperator
1788 1860 2138 1924 declaratus,

2266 1858 2556 1931 τεριθέντος
2612 1855 2759 1927 αὑτῷ
2812 1855 2875 1909 τὸ
2929 1852 3192 1926 διάδημα,
3222 1852 3311 1907 καὶ
3350 1852 3411 1907 οὐ
3465 1851 3628 1925 μόνον
3681 1852 3897 1921 ἑαυτὸν,

501 1970 873 2025 nequaquam
910 1958 1221 2008 contentus
1252 1952 1509 2007 secundo
1559 1950 1707 2016 loco,
1760 1951 2141 2022 paedagogum

500 2049 555 2100 et
582 2042 726 2098 alios
759 2059 909 2114 quos
939 2042 1050 2097 sibi
1086 2043 1204 2096 fore
1246 2041 1489 2111 putabat
1536 2040 1957 2111 impedimento
2012 2038 2145 2092 sub-

502 2136 760 2187 moverat
794 2147 805 2184 :
841 2132 1030 2201 primo
1057 2131 1178 2185 loco
1210 2146 1271 2184 se
1294 2128 1536 2184 salutari
1564 2130 1976 2200 imperatorem
2003 2130 2145 2181 fece-

500 2225 676 2291 rat,et
691 2220 762 2275 ad
788 2236 848 2275 se
867 2219 1131 2275 omnium
1149 2235 1340 2273 rerum
1363 2218 1931 2272 administrationem
1948 2220 2143 2271 trans-

497 2308 733 2365 tulerat.
769 2308 1018 2363 Proximi
1053 2310 1123 2362 ab
1156 2307 1282 2379 ipso
1315 2306 1441 2377 ﬁlii,
1476 2306 1681 2361 ultimo
1708 2306 1831 2361 loco
1860 2307 2142 2361 Constan-

496 2398 659 2453 tinus
692 2398 904 2452 Leonis
936 2398 1093 2452 ﬁlius
1144 2398 1463 2468 imperator
1518 2396 1989 2467 nuncupabatur,
2051 2395 2144 2448 cui

499 2488 646 2543 nihil
671 2492 877 2560 praeter
898 2488 1162 2542 habitum
1187 2492 1244 2541 et
1274 2504 1482 2541 nomen
1506 2486 1877 2556 imperatoris
1898 2490 2023 2539 erat
2053 2501 2145 2539 re-

498 2576 729 2643 lictum,
760 2594 963 2632 omnes
1007 2577 1230 2631 fructus
1292 2576 1372 2630 rei
1427 2576 1705 2647 adempti.
1766 2576 1969 2646 Itaque
1999 2578 2144 2627 Con-

500 2666 795 2722 stantinus
812 2683 1114 2737 nunquam
1131 2682 1243 2720 non
1267 2664 1493 2736 paterni
1514 2663 1741 2735 imperii
1764 2662 2146 2735 recuperandi

503 2754 708 2809 avidus
740 2764 795 2810 et
840 2754 1211 2824 surreptitios
1259 2752 1472 2808 elidere
1520 2754 1785 2823 cupiens,
1815 2753 2055 2807 tandem
2088 2752 2145 2805 id

505 2859 567 2899 se
598 2843 766 2899 aliter
796 2843 1079 2899 conﬁcere
1109 2859 1224 2897 non
1258 2858 1429 2913 posse
1461 2842 1873 2897 animadvertit
1903 2858 2079 2912 quam
2100 2841 2149 2895 si

508 2931 658 2987 ﬁlios
688 2936 893 2988 contra
924 2935 1146 3003 patrem
1189 2930 1483 2986 excitaret.
1537 2931 1691 2987 322
1738 2930 1871 2985 Jam
1921 2930 1980 2984 in
2032 2932 2152 2986 fata

509 3025 879 3077 concesserat
906 3020 1233 3089 Christifer,
1296 3026 1352 3075 et
1411 3025 1756 3092 supererant
1815 3020 2150 3091 Stephanus

512 3116 685 3182 atque
703 3109 1143 3166 Constantinus.
1174 3112 1431 3175 Quorum
1456 3109 1613 3164 hunc
1636 3114 1701 3164 ut
1726 3109 1903 3163 animi
1931 3110 2154 3164 ﬁrmio-

472 3200 489 3213 ”
513 3217 633 3255 rem
657 3198 970 3255 sollicitare
1002 3215 1119 3254 non
1152 3204 1425 3266 ausus,ut
1446 3198 1783 3253 institutum
1817 3200 2149 3265 conficeret,

507 3298 705 3353 omnia
719 3314 825 3352 sua
840 3295 1083 3352 consilia
1105 3314 1171 3352 ac
1194 3298 1385 3352 studia
1413 3297 1482 3351 ad
1508 3296 1760 3366 Stephan
1774 3312 1870 3351 um
1886 3314 2147 3351 corrum-

508 3386 762 3456 pendum
785 3388 1027 3451 confert,
1056 3385 1357 3440 vaniorem
1392 3384 1615 3440 scilicet
1654 3390 1710 3440 et
1738 3384 1797 3439 in
1841 3403 1987 3456 quas
2019 3386 2150 3456 quis

506 3474 676 3530 vellet
708 3479 898 3542 partes
938 3474 1392 3529 mutabiliorem.
1453 3474 1591 3528 Eam
1649 3476 1719 3529 ad
1754 3490 1876 3528 rem
1926 3477 2152 3529 socium

514 3563 669 3634 capit
696 3567 870 3634 atque
893 3562 1311 3618 administrum
1337 3562 1613 3618 Basilium
1634 3568 2020 3635 cognomento
2048 3563 2157 3618 Vo-

517 3653 759 3720 lucrem,
794 3652 1089 3707 hominem
1115 3652 1371 3723 prompti
1404 3652 1619 3724 ingenii
1651 3658 1708 3707 et
1740 3652 2157 3708 machinanda-

515 3758 643 3796 rum
678 3740 1040 3796 fallaciarum
1074 3742 1340 3812 apprime
1370 3741 1667 3809 callidum,
1694 3747 1831 3796 tunc
1863 3742 1920 3796 in
1954 3742 2159 3797 cohor-

514 3837 633 3886 tem
658 3830 990 3885 sodalitatis
1016 3829 1375 3895 allectum,et
1396 3831 1495 3900 qui
1529 3848 1561 3884 a
1581 3847 1761 3901 puero
1781 3832 2162 3887 Constantino

518 3921 706 3974 fuerat
728 3925 901 3975 notus
925 3925 1099 3989 atque
1130 3918 1581 3973 familiaris.Per
1606 3919 1763 3974 hunc
1785 3920 1895 3974 sibi
1918 3920 2163 3990 Stepha-

517 4024 659 4062 num
689 4024 866 4078 quam
900 4008 1157 4079 primum
1191 4008 1447 4061 amicum
1481 4008 1664 4062 facere
1695 4009 1913 4077 studet,
1933 4007 2165 4063 blandis

521 4096 830 4166 deceptum
862 4095 1238 4150 sermonibus
1270 4100 1326 4150 et
1354 4095 1660 4151 fraudibus
1693 4114 1726 4151 a
1756 4102 1914 4151 recta
1942 4097 2167 4152 abduc-

524 4192 648 4239 tum
685 4183 928 4239 ratione.
962 4183 1212 4238 Proinde
1244 4183 1516 4252 Basilius,
1552 4200 1681 4239 cum
1715 4186 1872 4239 omni
1906 4185 2014 4240 hoc
2038 4202 2169 4238 con-

526 4272 761 4328 fecisset
789 4277 998 4327 conatu
1034 4277 1099 4326 ut
1130 4272 1282 4326 inter
1313 4272 1632 4328 familiares
1682 4273 1998 4329 haberetur
2044 4275 2169 4329 Ste-

526 4361 726 4433 phani,
760 4362 961 4416 crebro
994 4361 1066 4415 ad
1098 4377 1234 4416 eum
1264 4361 1567 4427 ventitare,
1601 4364 2086 4433 sermonibusque
2108 4378 2173 4417 ac

526 4458 791 4514 consiliis
822 4457 1123 4513 hominem
1157 4458 1534 4514 titillantibus
1560 4462 1733 4532 coepit
1760 4478 1792 4515 a
1814 4478 1957 4515 sana
1981 4465 2174 4515 mente

528 4545 811 4619 paulatim
840 4546 1218 4613 dimovere,et
1246 4546 1307 4601 in
1339 4548 1487 4602 hanc
1521 4550 1638 4605 fere
1669 4548 2020 4619 compellare
2042 4565 2173 4603 sen-

2255 1946 2379 2001 ἀλλ’
2432 1943 2540 2015 ἤδη
2601 1944 2732 2017 μετά
2792 1944 2983 2019 μικρὸν
3035 1942 3124 1996 καὶ
3178 1941 3550 2017 Χριστοφόρον
3607 1940 3698 1995 τὸν
3753 1941 3897 1994 υἱὸν.

2256 2043 2531 2099 Διαλιπὼν
2567 2040 2613 2097 δ’
2642 2042 2827 2118 ὀλίγον
2882 2040 2970 2095 καὶ
3033 2040 3302 2114 Στέφανον
3353 2039 3445 2093 καὶ
3492 2045 3903 2093 Κωνσταντῖνον

2255 2134 2582 2209 ἀνηγόρευσε
2636 2130 2765 2193 τοὺς
2816 2132 2969 2192 υἳεῖς.
3021 2128 3285 2191 Βασιλεὺς
3336 2126 3392 2183 δε
3439 2128 3756 2204 ἀναρρηθεὶς
3800 2128 3905 2182 οὐκ

2255 2226 2510 2296 ἠγάπησε
2565 2225 2633 2295 τῇ
2691 2220 3001 2295 ἆναρῥήσει,
3063 2216 3188 2273 οὐδὲ
3239 2219 3338 2287 τήν
3402 2214 3650 2289 δευτέραν
3704 2218 3899 2292 χώραν

2257 2311 2403 2387 ἔχειν
2442 2312 2754 2383 ἠσμένισεν,
2790 2308 2913 2364 ἀλλ’
2961 2309 3021 2362 ἐκ
3071 2310 3237 2381 μέσου
3282 2307 3374 2361 τὸν
3419 2304 3761 2381 παιδαγωγὸν
3810 2306 3900 2369 θέο

2260 2422 2418 2475 μενος
2442 2402 2531 2454 καὶ
2562 2399 2690 2460 τοὺς
2733 2396 2962 2460 λοιποὺς
3007 2396 3133 2458 τοὺς
3190 2396 3306 2451 ὅσοι
3358 2393 3578 2450 ἐδόκουν
3630 2394 3901 2470 προσίστα

2258 2503 2399 2560 σθαι,
2449 2488 2665 2564 πρῶτός
2714 2509 2772 2543 τε
2830 2486 3176 2561 αὐτοκράτωρ
3236 2485 3599 2562 ἀνευφημεῖτο
3656 2486 3744 2539 καὶ
3797 2485 3901 2553 τήν

2257 2588 2426 2635 πᾶσαν
2480 2583 2587 2633 τῶν
2664 2576 2998 2653 πραγμάτων
3080 2573 3354 2648 διεκόσμει
3425 2572 3715 2645 διοίκησιν.
3772 2575 3904 2629 Μετ’

2257 2670 2414 2724 αὐτὸν
2452 2665 2508 2722 δὲ
2546 2665 2939 2743 ἀνηγορέύοντο
2984 2667 3035 2720 οἱ
3086 2666 3240 2732 υἱεῖς,
3287 2664 3376 2719 καὶ
3422 2663 3731 2725 τελευταῖος
3764 2664 3902 2717 πάν-

2256 2781 2363 2813 των
2422 2759 2449 2811 ὁ
2510 2761 2931 2816 Κωνσταντῖνος.
2987 2755 3161 2816 Οὗτος
3219 2753 3399 2808 τοίνυν
3461 2753 3488 2807 ὁ
3528 2757 3904 2815 Κωσταντῖνος

2260 2850 2453 2922 σχῆμα
2488 2846 2650 2918 μόνον
2682 2845 2769 2899 καὶ
2820 2843 2995 2917 ὄνομα
3032 2844 3134 2912 τῆς
3185 2840 3459 2916 βασιλείας
3520 2837 3686 2916 ἔχων,
3716 2846 3825 2895 τῶν
3849 2838 3907 2894 δὲ

2260 2934 2435 3006 ἡδέων
2467 2935 2670 3004 ταύτης
2729 2932 3108 3007 ἐστερημένος,
3162 2934 3311 3004 [633]
3361 2928 3450 2985 διὰ
3496 2929 3694 2991 παντὸς
3749 2928 3907 3005 έγλί-

2262 3046 2393 3101 χετο
2453 3024 2542 3079 καὶ
2599 3022 2877 3098 έπηύχετο
2952 3022 3051 3090 τήν
3132 3020 3385 3097 πατρῴαν
3461 3018 3907 3073 έπανασώσασθαι

2265 3116 2466 3189 ἀρχὴν,
2526 3112 2651 3174 σοὺς
2703 3110 3051 3172 ἐπεισάκτους
3119 3108 3364 3165 ἐκποδὼν
3432 3108 3675 3181 Θέμενος.
3733 3112 3911 3162 Τοῦτο

2265 3202 2321 3257 δὲ
2348 3202 2445 3256 οὐκ
2474 3199 2662 3263 ἄλλως
2693 3198 2829 3273 ᾤετο
2861 3201 3078 3274 ἀγαγεῖν
3104 3199 3177 3260 εἰς
3200 3198 3375 3274 ἔργον,
3405 3197 3450 3252 εἰ
3486 3198 3562 3270 μή
3594 3196 3719 3258 τοὺς
3752 3196 3911 3259 υἱοὺς

2264 3291 2639 3364 ἐκπολεμώσει
2689 3294 2767 3361 τῷ
2823 3288 3006 3363 πατρί.
3078 3289 3140 3345 Ὁ
3226 3288 3317 3360 μὲν
3380 3286 3470 3342 οὗν
3529 3286 3913 3364 Χριστοφόρος

2262 3381 2455 3459 ἔφθασε
2502 3381 2592 3435 τὸν
2644 3379 2757 3454 βίον
2818 3378 3130 3445 ἀπολιπεῖν,
3164 3384 3425 3452 περιῆσαν
3472 3373 3519 3430 δ’
3566 3372 3642 3430 ἔτι
3694 3376 3912 3451 Στέφα-

2263 3492 2353 3532 νος
2408 3470 2497 3524 καὶ
2574 3474 2993 3529 Κωνσταντῖνος.
3043 3466 3255 3520 Τούτων
3332 3465 3547 3541 ἐγνώκει
3606 3465 3911 3538 ἀποπειραο

2267 3568 2442 3629 θῆναι,
2483 3561 2554 3631 μή
2599 3580 2716 3621 πως
2769 3555 2975 3630 δυνηθῇ
3028 3554 3378 3631 ἐκπληρῶσαι
3418 3554 3479 3608 τὸ
3524 3550 3909 3625 σπουδαζόμε-

2268 3671 2381 3704 νον.
2417 3650 2516 3704 Καὶ
2550 3651 2644 3701 τοῦ
2694 3647 2789 3720 μὶν
2840 3648 3243 3702 Κωνσταντίνου
3298 3644 3379 3717 (ᾖν
3428 3643 3530 3719 γὰρ
3591 3641 3747 3703 οὗτος
3798 3664 3924 3697 στε-

2273 3738 2536 3813 ρεωτέρας
2621 3735 2833 3813 φρενὸς)
2926 3733 3357 3807 ἀποπειραθῆναι
3442 3731 3541 3786 οὐκ
3616 3729 3922 3800 ἐτόλμησε,

2270 3828 2462 3901 τρέψαι
2496 3822 2552 3879 δὲ
2579 3826 2677 3893 τὴν
2731 3830 2902 3878 πᾶσαν
2958 3824 3208 3897 μηχανὴν
3254 3820 3342 3876 καὶ
3389 3819 3684 3893 ἀπόπειραν
3739 3817 3926 3891 ἔκρινε

2274 3916 2408 3990 πρὸς
2441 3915 2531 3968 τὸν
2565 3914 2857 3991 Στέφανον,
2904 3910 3232 3989 κουφότερόν
3281 3930 3341 3965 τε
3370 3905 3498 3964 ὄντα
3524 3910 3614 3964 τὸν
3648 3907 3923 3981 λογισμὸν

2275 4006 2361 4060 καὶ
2400 4002 2597 4080 ῥᾳδίως
2634 4005 3069 4080 μεταφερόμενον
3128 4002 3261 4071 πρὸς
3319 3996 3347 4053 ὅ
3397 4022 3478 4062 τις
3516 4000 3604 4055 καὶ
3639 3997 3926 4074 βούλοιτο,

2280 4099 2556 4177 Λαμϐάνει
2588 4103 2725 4177 πρὸς
2753 4106 2912 4156 τοῦτο
2945 4098 3303 4175 συλλήπτορα
3327 4099 3415 4154 καὶ
3449 4099 3711 4175 συνεργὸγ
3753 4098 3932 4175 εὐφυῆ

2277 4215 2394 4247 τινα
2423 4190 2587 4268 ἄνδρα
2643 4191 2734 4245 καὶ
2794 4188 2994 4252 δόλους
3049 4187 3241 4259 πλέξαι
3303 4190 3393 4243 καὶ
3428 4187 3929 4265 μηχανοῤῥαφῆσαι

2282 4280 2450 4337 δεινόν
2488 4302 2499 4314 ·
2536 4277 2819 4341 Βασίλειος
2876 4277 3033 4340 οὗτος
3093 4278 3404 4353 έτύγχανεν,
3438 4279 3466 4332 ὁ
3524 4276 3768 4337 Πετεινὸς
3822 4276 3928 4344 τὴν

2282 4370 2677 4444 προσηγορίαν,
2733 4368 2783 4422 έν
2836 4372 2916 4440 τῷ
2980 4367 3212 4442 τάγματι
3271 4370 3369 4431 τῆς
3429 4365 3690 4440 ἑταιρείας
3744 4385 3932 4419 κατει-

2286 4459 2569 4534 λεγμένος,
2616 4458 2707 4512 καὶ
2767 4459 3006 4527 συνήθης
3070 4454 3158 4510 καὶ
3215 4454 3375 4531 φίλος
3426 4453 3556 4527 ἐξέτι
3586 4454 3718 4509 νέων
3751 4452 3932 4527 ὑπάρ-

2286 4568 2403 4624 χων
2445 4549 2523 4620 τῷ
2582 4546 2993 4618 Κωνσταντίνῳ.
3053 4549 3252 4599 Τοῦτον
3298 4544 3560 4599 κοινωνὸν
3618 4541 3937 4617 προσειλή-

528 4637 907 4706 tentiam,cur
929 4637 1168 4692 tandem
1201 4636 1515 4707 imperator
1536 4638 1769 4707 juvenis
1800 4654 1865 4692 ac
1896 4638 2101 4692 robore
2122 4653 2151 4693 e

2286 4660 2366 4716 φει
2400 4643 2496 4692 τοῦ
2528 4636 2861 4708 σκέμματος,
2903 4634 2992 4689 καὶ
3052 4631 3121 4687 δι’
3180 4633 3342 4687 αὐτοῦ
3391 4632 3551 4709 φίλον
3587 4634 3765 4695 θέσθαι
3800 4653 3938 4686 κατ-

532 4725 714 4781 animi
743 4726 965 4781 viribus
998 4734 1303 4797 praestans,
1327 4726 1707 4797 munitusque
1730 4726 2173 4797 prudentia,pa-

531 4818 749 4870 teretur
771 4831 1069 4869 summam
1122 4832 1317 4869 rerum
1347 4833 1381 4869 a
1403 4822 1594 4869 vetere
1626 4820 1682 4868 et
1703 4816 1829 4885 jam
1862 4822 2034 4886 rupto
2058 4816 2176 4869 tilio

531 4903 638 4974 (sic
672 4907 896 4975 patrem
947 4903 1231 4974 Stephani
1284 4904 1540 4973 notabat)
1586 4903 1883 4974 pendere?
1914 4920 2017 4957 cur
2063 4920 2174 4958 non

531 5006 658 5047 sese
686 4995 988 5063 proferret,
1019 4996 1075 5045 et
1118 4995 1281 5062 patre
1313 4991 1437 5046 suis
1495 4990 1967 5062 generosissimis
2018 4992 2177 5047 obsi-

530 5084 718 5136 stente
749 5080 1057 5136 conatibus
1071 5085 1366 5135 summoto
1391 5078 1515 5147 ipse
1537 5079 1956 5149 rempublicam
1982 5097 2178 5152 capes-

531 5169 723 5225 seret?
756 5185 891 5224 cum
925 5169 1164 5238 quidem
1206 5184 1322 5221 non
1381 5172 1641 5222 Romano
1701 5173 1929 5223 tantum
1988 5170 2088 5224 sed
2123 5173 2179 5224 et

533 5256 939 5329 compluribus
962 5257 1115 5313 323
1147 5256 1544 5328 gubernandis
1574 5256 1838 5329 imperiis
1861 5258 2174 5313 sufﬁceret.

534 5356 981 5428 Obtemperaret
1013 5357 1201 5411 amico
1235 5356 1381 5411 bene
1416 5357 1695 5426 monenti,
1747 5362 1804 5412 et
1854 5358 1925 5412 ad
1957 5374 2049 5413 res
2079 5374 2178 5429 ge-

536 5443 748 5500 rendas
798 5445 1089 5515 proderet.
1116 5444 1434 5499 Pristinum
1474 5446 1672 5500 ﬂorem
1706 5446 1879 5501 rebus
1900 5446 2178 5501 Romanis

539 5537 934 5603 recuperaret,
966 5537 1023 5588 et
1072 5532 1271 5588 hostes
1301 5532 1676 5605 opprimeret,
1730 5535 2179 5606 ostenderetque

541 5637 604 5677 re
628 5619 759 5690 ipsa
788 5619 1073 5677 divinitus
1106 5638 1218 5677 non
1250 5621 1321 5675 ad
1357 5621 1588 5677 irritum
1647 5621 1706 5677 in
1766 5640 1827 5678 se
1882 5629 1998 5678 tam
2032 5640 2179 5694 prm-

544 5708 762 5770 stautia
818 5708 998 5765 animi
1055 5710 1430 5781 corporisque
1487 5711 1640 5766 dona
1695 5728 1823 5768 esse
1877 5711 2171 5768 collocata.

2284 4726 2528 4801 ηπείχθη
2589 4726 2680 4779 τὸν
2746 4726 3041 4800 Στέφανον,
3102 4720 3291 4795 λόγοις
3346 4720 3627 4792 αἱμυλίοις
3687 4719 3939 4776 ὑποκλα-

2284 4818 2449 4871 πέντα
2481 4815 2569 4870 καὶ
2602 4814 2828 4874 ἀπάταις
2860 4812 2949 4866 καὶ
3006 4815 3280 4885 μηχαναῖς
3330 4810 3799 4885 παρενηνεγμένον
3833 4815 3939 4865 τοῦ

2286 4904 2578 4979 λογισμοῦ-
2622 4901 2798 4957 Πάντα
2856 4901 2959 4976 γὰρ
3009 4901 3209 4975 τρόπον
3272 4897 3577 4962 σπουδάσας
3621 4900 3648 4954 ὁ
3681 4900 3940 4965 Πετεινὸς

2285 5000 2363 5066 τῷ
2397 4994 2653 5070 Στεφάνῳ
2684 4988 3038 5070 φιλιωθῆναι,
3098 4985 3284 5058 ἐπειδὴ
3336 4988 3665 5064 πεφιλίωτο,
3694 4988 3937 5066 προσῄει

2284 5113 2343 5146 τε
2374 5095 2637 5165 συνεχῶς,
2667 5089 2752 5143 καὶ
2807 5086 3009 5162 λόγους
3069 5084 3227 5140 ἰκίνει
3272 5085 3362 5139 καὶ
3410 5093 3656 5161 προσῆγε
3687 5082 3939 5159 συμϐου-

2288 5179 2385 5241 λὰς
2435 5178 2824 5247 ὑποκνιζούσας
2881 5175 3038 5231 αὐτὸν
3096 5174 3185 5229 καὶ
3240 5174 3374 5228 κατὰ
3436 5175 3629 5249 μικρὸν
3686 5177 3939 5250 ἁπαγού-

2288 5291 2381 5331 σας
2413 5273 2508 5323 τοῦ
2535 5267 2831 5342 λογισμοῦ.
2867 5291 2895 5318 ‹‹
2927 5267 3043 5320 Ἵνα
3097 5262 3172 5335 τί,
3223 5262 3421 5339 λέγων.
3454 5264 3499 5317 ὦ
3535 5265 3780 5338 βασιλεῦ,
3812 5267 3941 5329 νέος

2289 5357 2361 5411 ὥν
2395 5357 2542 5419 ἱςκόϊ
2583 5377 2644 5411 τε
2674 5351 2982 5432 ῥωμαλέος,
3029 5352 3121 5408 καὶ
3169 5354 3355 5427 ψυχῆς
3400 5354 3739 5429 γενναιότητι
3768 5353 3940 5431 ὑπερ-

2288 5445 2464 5524 φέρων
2521 5444 2609 5499 καὶ
2686 5445 2945 5519 φρονήσει
3019 5439 3464 5514 πεπυκνωμένος,
3521 5442 3586 5496 τὰ
3637 5443 3940 5518 πράγματα

2287 5537 2529 5610 παρορᾷς
2562 5533 2665 5587 ἀπὸ
2718 5535 2921 5587 Λεπτοῢ
2977 5531 3067 5585 καὶ
3124 5532 3364 5585 παλαιοῦ
3419 5531 3509 5587 καὶ
3569 5528 3939 5609 διερῥωγότος

2293 5622 2451 5697 μίτου
2486 5646 2513 5674 ››
2544 5622 2654 5695 (τὸν
2707 5620 2869 5676 αὐτοῦ
2912 5620 3115 5694 πατέρα
3161 5618 3632 5694 ὖπαινιττόμενος)
3693 5643 3722 5672 ‹‹
3778 5620 3941 5697 έξαρ-

2287 5712 2524 5785 τώμενει,
2557 5710 2646 5767 καὶ
2697 5708 2758 5765 οὐ
2802 5707 3158 5779 διανιστασαι,
3210 5708 3301 5765 καὶ
3355 5710 3544 5765 τοῦτον
3577 5709 3670 5784 μὲν
3722 5709 3798 5774 ὡς
3832 5712 3941 5785 έμ-
