4036 6330
168 381 251 438 5'1
1334 380 1880 445 HISTORIARUM
1923 381 2471 444 COMPENDIUM.
3512 382 3592 442 58

170 505 375 562 πόδιον
437 513 557 570 ταῖς
626 515 744 572 σαῖς
821 509 1219 584 γενναιοτάταις
1299 511 1496 585 ὁρμαῖς
1580 508 1824 566 ἐκποδὼν

1948 511 2202 568 Usurum
2231 513 2304 568 ad
2335 512 2457 567 hac
2487 511 2755 582 adjutore
2775 515 2833 567 et
2847 511 3003 568 socio
3025 511 3408 567 Constantino
3425 527 3586 568 soro-

170 603 384 667 ποιεῖς,
415 597 574 659 αὐτὸς
634 595 692 653 δὶ
746 602 851 653 τῶν
908 601 1242 674 πραγμάτων
1296 595 1697 674 ἀντιλαμϐὰνῃ,
1732 597 1828 653 δυ-

172 686 414 757 νάμενος
458 686 565 762 οὐχ
613 686 763 751 ὅπως
808 689 906 756 τὴν
955 689 1242 762 Ῥωμαίων
1300 687 1576 764 βασιλείαν
1632 688 1826 761 μόνην,

171 776 328 830 ἀλλὰ
356 777 445 831 καὶ
477 776 692 838 πολλὰς
748 777 887 849 ὁμοῦ
918 773 1179 853 κυϐερνᾷν
1207 801 1221 850 ;
1254 779 1382 852 Ἀγε
1443 775 1532 848 δὴ,
1579 775 1829 847 πείσθητί

174 887 272 936 μοι
323 866 394 920 τὰ
440 865 702 935 λυσιτελῆ
752 861 1205 940 συμϐουλεύοντι,
1255 868 1347 922 καὶ
1410 864 1692 928 διαναστὰς
1745 867 1832 921 ἀν-

165 952 461 1029 τισχὲσθαι
537 953 770 1025 θέλησον
844 960 953 1010 τῶν
1030 957 1395 1032 πραγμάτων,
1445 958 1535 1012 καὶ
1609 957 1675 1010 τὰ
1735 956 1830 1028 μὲν

168 1045 474 1116 Ῥωμαίων
562 1043 906 1114 ἀναθηλῆσαι
980 1045 1406 1120 παρασκεύασον,
1458 1047 1526 1100 τὰ
1605 1042 1663 1100 δὲ
1727 1049 1834 1099 τῶν

170 1132 366 1208 ἐχθῶν
423 1134 776 1206 ταπείνωσον,
828 1134 921 1188 καὶ
975 1131 1146 1204 δεῖξον
1231 1129 1409 1209 ἔργοις
1491 1133 1676 1196 αὐτοῖς
1757 1134 1833 1194 ὡς

171 1223 236 1277 οὗ
273 1219 376 1277 διὰ
401 1229 563 1293 κενῆς
592 1220 715 1278 οὐδὲ
749 1223 923 1298 μάτην
955 1225 990 1292 ἡ
1023 1223 1324 1278 ἐπανθοῦσά
1353 1245 1442 1278 σοι
1475 1223 1591 1299 ὥρα
1633 1224 1722 1278 καὶ
1769 1223 1836 1278 τὰ

176 1310 360 1366 λοιπὰ
385 1320 488 1381 τῆς
515 1315 700 1388 ψυχῆς
729 1313 789 1368 ἐκ
838 1317 974 1369 Θεοῦ
1024 1334 1109 1368 σοι
1165 1310 1501 1386 δεδώρηνται
1558 1315 1836 1390 προτερή-

180 1422 353 1473 ματα.
383 1404 558 1474 Ἐξεις
606 1399 664 1458 δὲ
712 1402 786 1464 είς
826 1407 988 1458 τοῦτο
1035 1403 1441 1472 συναγωνιστὴν
1483 1403 1572 1457 καὶ
1625 1401 1834 1472 συλλή-

177 1512 364 1566 πτορα
417 1491 508 1545 καί
552 1493 644 1546 τὸν
695 1493 785 1546 σὸν
847 1487 1094 1567 γαμϐρὸν
1171 1493 1261 1547 τὸν
1339 1492 1835 1571 ποιρυρογέννητον,

179 1578 308 1634 λίαν
364 1578 763 1643 θεοκλυτοῦντα
811 1582 903 1636 καὶ
979 1581 1330 1657 ἱμειρόμενον
1401 1589 1501 1652 τῆς
1568 1586 1665 1636 τοῦ
1741 1586 1837 1636 σοῦ

179 1670 387 1744 πατρὸς
422 1669 851 1745 ἐλευθερωθῆναι
887 1670 1190 1747 βαρύτητος
1242 1671 1330 1726 καὶ
1377 1671 1523 1746 παρὰ⁵
1567 1672 1663 1726 σοῦ
1705 1693 1835 1726 κατ·
1863 1701 1878 1712 ο

182 1759 412 1832 capacem
471 1759 572 1828 τὴν
655 1757 929 1834 βασιλείαν
1014 1758 1458 1836 κυϐερνωμένην,
1524 1785 1552 1812 ››
1609 1760 1836 1823 Τούτοις

190 1847 482 1922 ὑποσυρεὶς
511 1853 631 1911 τοῖς
661 1847 853 1923 λόγοις
901 1850 929 1903 ὁ
985 1851 1255 1926 Στέφανος
1302 1850 1602 1925 κατεσχέθη
1661 1871 1721 1904 τε
1769 1854 1848 1923 τῇ.

181 1944 283 2005 τῆς
312 1935 740 2011 αὐτοκρατορίας
769 1936 1030 2010 ἐπιθυμίᾳ
1085 1938 1172 1993 καὶ
1232 1939 1461 2014 ἄσχετον
1515 1933 1689 2014 ὄρεξιν
1746 1939 1840 1994 ἁν-

189 2023 408 2095 εδέξατο
457 2030 556 2080 τοῦ
600 2032 917 2102 καταγαγεῖν
961 2029 1051 2082 τὸν
1100 2028 1291 2082 ἑαυτοῦ
1341 2030 1547 2102 πατέρα
1591 2035 1691 2098 τῆς
1741 2030 1835 2102 βα-

185 2114 426 2176 σιλείας.
460 2113 700 2172 Μέλλων
733 2112 790 2169 δὲ
833 2115 1100 2192 ἐγχειρεῖν
1139 2122 1257 2178 τοῖς
1307 2115 1552 2192 δοχθεῖσι
1610 2117 1698 2172 καὶ
1747 2115 1839 2172 λὸ-

1938 601 2019 656 ris
2055 602 2285 671 marito,
2320 600 2466 656 nihil
2499 601 2656 656 aliud
2712 602 2768 656 in
2817 602 2965 658 votis
3013 601 3263 656 habente
3313 617 3490 672 quam
3524 606 3589 656 ut
3659 675 3664 678 _

1941 691 2122 746 soceri
2157 694 2509 746 exoneratus
2543 691 2884 746 morositate
2905 691 3121 762 abipso
3152 690 3346 745 videat
3375 690 3586 762 guber-

1941 779 2068 834 nari
2100 780 2434 851 imperium.
2473 779 2574 834 His
2605 781 2796 835 verdis
2845 779 3072 834 illectus
3115 778 3449 850 Stephanus
3482 795 3588 834 cu-

1941 868 2185 940 piditate
2242 869 2474 939 imperii
2533 873 2690 924 totus
2740 873 3082 940 occupatur,
3138 868 3348 939 suique
3406 869 3588 940 patris

1940 957 2268 1028 deponendi
2290 957 2593 1014 infrenem
2617 958 2814 1014 animo
2835 957 3089 1030 concipit
3109 957 3586 1013 libidinem.Rem

1943 1047 2142 1118 itaque
2169 1063 2560 1118 aggressurus
2588 1047 2752 1103 fratri
2782 1064 2904 1103 rem
2935 1062 3039 1119 per
3095 1047 3374 1118 ambages
3405 1046 3588 1118 signi-

1943 1135 2288 1202 ﬁcat.Quem
2319 1153 2452 1192 cum
2480 1137 2666 1208 primo
2696 1136 2899 1192 auditu
2922 1152 3162 1208 prorsus
3179 1137 3250 1192 ab
3279 1135 3388 1191 hoc
3415 1135 3588 1191 insti-

1942 1228 2070 1280 tuto
2084 1225 2342 1280 alienum
2360 1243 2489 1281 esse
2508 1225 3094 1295 videret,hortarique
3107 1232 3171 1280 ut
3187 1225 3247 1279 in
3266 1225 3380 1280 ﬁde
3391 1224 3589 1296 potius

1946 1315 2130 1386 patris
2148 1331 2325 1386 quam
2349 1315 2405 1369 in
2429 1316 2648 1371 sororis
2668 1315 2866 1371 mariti
2886 1314 3149 1370 amicitia
3169 1315 3589 1386 acquiesceret,

1946 1404 2165 1459 omisso
2195 1421 2284 1473 eo,
2316 1409 2378 1459 ut
2409 1421 2583 1475 quem
2609 1404 2720 1460 sibi
2749 1404 3167 1476 impedimento
3192 1402 3384 1475 potius
3407 1420 3584 1474 quam

1947 1492 2160 1548 auxilio
2190 1495 2310 1548 fore
2338 1494 2650 1564 judicaret,
2695 1493 2822 1564 ipse
2871 1500 3159 1564 quantum
3209 1509 3302 1547 res
3352 1492 3591 1548 omnino

1947 1581 2143 1648 ferret,
2176 1583 2413 1653 exsequi
2446 1600 2616 1638 suam
2650 1584 3000 1639 sententiam
3034 1581 3307 1636 intendit.
3351 1581 3499 1652 Ergo
3531 1581 3590 1634 in

1946 1671 2287 1726 societatem
2319 1672 2520 1740 ascito,
2553 1681 2762 1743 praater
2791 1670 3391 1739 Basilium,monacho
3414 1670 3590 1725 etiam

1948 1759 2230 1827 Mariano,
2258 1761 2377 1815 lilio
2410 1761 2618 1816 Leonis
2647 1762 2917 1833 Argyri,a
2949 1761 3209 1815 Romano
3239 1760 3592 1831 imperatore

1948 1865 2126 1921 quam
2159 1849 2413 1904 maxime
2443 1849 2733 1920 dilecto,et
2769 1848 3068 1906 nonnullis
3101 1847 3470 1916 aliis,nactus
3494 1865 3593 1919 op-

1951 1938 2369 2010 portunitatem
2401 1938 2644 2011 imperio
2679 1943 2902 2010 patrem
2943 1938 3164 2009 dejicit,
3218 1938 3311 1993 die
3368 1938 3591 1992 mensis

1951 2028 2282 2083 Decembris
2320 2029 2404 2094 16,
2438 2028 2752 2084 indictione
2782 2028 2838 2095 3,
2869 2044 3022 2083 anno
3051 2028 3438 2092 6453,annum
3462 2027 3590 2097 jam

1946 2118 2017 2172 26
2047 2117 2432 2189 imperantem
2466 2134 2480 2171 :
2513 2134 2579 2173 ac
2611 2118 2668 2172 in
2702 2119 2857 2174 αξη
2892 2122 3124 2172 Protam
3156 2116 3413 2172 insulam
3449 2115 3592 2170 rele-

187 2225 320 2278 γους
352 2203 763 2276 αἰνιττομένους
789 2204 853 2258 τὸ
900 2203 1342 2278 σπουδαζόμενον
1397 2205 1704 2280 ἐποσπείρει
1759 2211 1837 2278 τῷ

1948 2211 2082 2280 gato
2110 2206 2198 2262 vel
2226 2206 2406 2262 invito
2435 2213 2611 2278 caput
2640 2208 2793 2262 radit
2822 2212 2880 2262 et
2911 2205 3181 2262 monachi
3202 2206 3382 2260 vitam
3406 2206 3595 2276 impo-

189 2291 435 2370 ἀδελφῷ.
474 2292 620 2348 Ἐπεὶ
652 2289 697 2346 δ’
727 2293 884 2354 οὗτος
936 2293 1026 2348 καὶ
1055 2293 1193 2368 πρὸς
1247 2296 1348 2364 τήν
1397 2295 1620 2371 πρώτην
1669 2295 1837 2363 ἀκοὴν

1949 2297 2057 2350 nit.
2099 2295 2316 2350 Exinde
2371 2296 2704 2367 Stephanus
2736 2296 2944 2366 majori
3004 2295 3200 2351 studio
3256 2295 3432 2349 rebus
3487 2295 3594 2348 ad-

187 2383 442 2455 ατεγκτος
497 2384 588 2449 ἦν,
635 2381 728 2436 καὶ
791 2381 1018 2456 παρῄνει
1078 2379 1290 2454 μᾶλλον
1354 2385 1430 2456 μὴ
1491 2383 1701 2460 θαρρεῖν
1760 2388 1837 2456 τῷ

1950 2385 2358 2442 ministrandis
2415 2401 2477 2441 se
2525 2385 2704 2454 dedit,
2759 2385 2998 2457 collegis
3051 2383 3260 2440 marito
3290 2383 3508 2440 sororis
3538 2386 3596 2439 et

189 2463 469 2543 γαμϐρῷ,
525 2465 672 2524 ἀλλὰ
740 2475 842 2538 τῆς
915 2469 1171 2546 πατρῴας
1243 2469 1506 2527 ἐνουθέτει
1564 2471 1836 2546 έξέχεσθαι
1949 2474 2144 2530 fratre.

185 2558 420 2619 πῖστεως
477 2557 567 2612 καὶ
626 2557 838 2632 φιλίας,
896 2561 980 2633 [Ρ.
1034 2561 1160 2633 634]
1216 2564 1407 2616 τοῦτον
1488 2561 1582 2634 μὶν
1653 2568 1894 2635 παρῆκεν
1950 2561 2026 2622 ὡς
2081 2557 2346 2634 ἐμπόδιον
2408 2558 2644 2633 μᾶλλον,
2701 2558 2826 2616 ἀλλ’
2886 2560 2947 2614 οὐ
3002 2561 3256 2635 συνεργὸν
3311 2558 3593 2632 ἐσόμενον,

185 2647 347 2706 αὐτὸς
405 2644 454 2700 δ’
497 2646 657 2718 ᾠήθη
720 2646 797 2709 ὡς
855 2647 1082 2703 ἀνυστὸν
1141 2647 1457 2724 ἐγχειρῆσαι
1510 2655 1626 2712 τοῖς
1684 2647 2056 2724 δεδογμένοις.
2113 2651 2667 2726 Προσεταιρισάμενος
2727 2649 2819 2704 οὖν
2878 2649 2972 2704 σὺν
3022 2654 3104 2722 τῷ
3160 2647 3374 2724 ῥηθέντι
3430 2650 3592 2704 Βασι-

186 2735 322 2808 λείῳ
352 2736 566 2791 καὶτὸν
601 2735 844 2812 μοναχὸν
874 2737 1146 2813 Μαριανὸν
1176 2739 1267 2793 τὸν
1318 2740 1431 2794 υἱὸν
1488 2738 1718 2802 Λέοντος
1774 2744 1870 2794 τοῦ
1902 2741 2194 2815 Ἀργυροῦ,
2256 2739 2358 2794 ὑπὸ
2402 2743 2500 2794 τοῦ
2560 2737 2826 2812 βασιλέως
2856 2741 3138 2812 Ῥωμανοῦ
3195 2737 3313 2794 λίαν
3369 2737 3459 2792 καὶ
3511 2757 3593 2790 τι-

193 2826 448 2898 μώμενον
510 2825 600 2880 καὶ
649 2827 1058 2899 πιστευόμενον,
1111 2828 1201 2882 καί
1251 2849 1397 2890 τινας
1457 2826 1664 2892 ἀλλους
1719 2828 1811 2882 σὺν
1871 2828 2078 2897 αὐτοῖς,
2137 2830 2463 2904 εὐκαιρήσας
2513 2833 2757 2898 κατασπᾷ
2827 2828 2918 2883 τὸν
2988 2827 3152 2882 αὐτοῦ
3225 2827 3430 2900 πατέρα
3493 2827 3593 2894 τῆς

185 2913 390 2988 ἀρχῆς,
452 2915 586 2986 μηνὶ
647 2910 966 2990 Δεκεμϐρίῳ
1026 2923 1113 2986 ις’,
1171 2913 1505 2980 ἰνδικτιῶνος
1563 2919 1629 2993 γ’,
1685 2915 1836 2979 ἔτους
1875 2920 2042 2992 ςυνγ’,
2097 2923 2175 2981 κς¹
2230 2917 2456 2971 ἀνύοντα
2512 2915 2565 2972 ἐν
2621 2921 2689 2991 τῇ
2743 2915 2992 2993 βασιλείᾳ
3071 2915 3332 2984 ἐνιαυτὸν,
3380 2916 3467 2970 καὶ
3520 2919 3589 2988 τῇ

188 3005 339 3075 νήσῳ
391 3004 594 3077 Πρώτη
671 3006 994 3081 περιορίζει,
1052 3005 1346 3082 ἀποκείρας
1427 3007 1517 3062 καὶ
1593 3005 1790 3062 ἄκοντα
1860 3011 2054 3062 τοῦτον
2143 3006 2406 3082 μοναχόν.
2467 3008 2886 3081 Κατενεχθέντος
2971 3004 3061 3060 οὖν
3141 3010 3238 3060 τοῦ
3313 3006 3593 3078 Ῥωμανοῦ

185 3091 388 3155 εὐθέως
444 3094 474 3147 ὁ
537 3093 813 3168 Στέφανος
871 3096 1250 3170 γενναιοτέρως
1300 3095 1503 3166 ἥπτετο
1561 3101 1667 3152 τῶν
1722 3096 2080 3174 πραγμάτων.
2140 3101 2714 3172 κοινοπραγμονοῦντα
2765 3090 2909 3172 ἔχων
2961 3097 3053 3153 τόν
3099 3117 3157 3151 τε
3202 3089 3446 3170 γαμϐρὸν
3506 3093 3596 3149 καὶ

189 3182 281 3236 τὸν
314 3177 554 3258 ἀδελφόν
565 3225 578 3239 .

259 3271 413 3325 Ἐπεὶ
455 3267 514 3324 δὲ
550 3272 626 3344 μή
675 3271 731 3327 ἐν
777 3278 939 3328 πᾶσιν
976 3273 1188 3347 ὁμοίως
1227 3275 1542 3351 ἠρέσκοντο,
1575 3274 1703 3331 ἀλλ’
1734 3272 1837 3339 ἔσθ’

2026 3277 2172 3341 Quia
2201 3295 2337 3333 vero
2370 3294 2482 3333 non
2515 3279 2718 3334 eadem
2749 3277 3026 3333 omnibus
3074 3277 3496 3348 probabantur,
3528 3291 3597 3330 ex

191 3362 302 3432 ὅπῃ
330 3361 425 3414 καὶ
458 3357 780 3437 διεφώνουν,
809 3361 956 3438 ἀρχή
1005 3365 1473 3439 προσκρουμάτων
1527 3365 1586 3419 ἐκ
1639 3363 1840 3434 ταύτης

189 3456 287 3517 τῆς
347 3447 530 3512 αἰτίας
600 3448 813 3527 ἐφύετο,
863 3454 953 3506 καὶ
1015 3452 1330 3508 ὑπώπτευον
1409 3452 1693 3524 ἀλλήλους
1750 3454 1838 3507 καὶ

195 3539 520 3614 ὁφιυριῖιντο,
576 3539 667 3594 τὸν
731 3540 825 3608 μὲν
902 3542 1410 3618 πορφυρογέννητον
1457 3543 1486 3598 ὁ
1544 3543 1841 3621 Στέφανος,

195 3626 399 3688 ἐκεῖνος
432 3624 493 3681 δὶ
539 3626 692 3691 αὖθις
724 3630 752 3683 ὁ
782 3631 1310 3706 πορφυρογέννητος,
1342 3631 1432 3686 καὶ
1490 3634 1606 3686 κατ’
1662 3629 1840 3701 ἀλλή-

194 3713 304 3770 λων
327 3713 555 3770 ἕκαστον
584 3713 838 3790 ἐμελέτα.
873 3719 975 3776 Καὶ
1033 3717 1275 3789 σπουδὴν
1328 3720 1422 3792 μὲν
1483 3721 1511 3774 ὁ
1569 3722 1842 3794 Στέφανος

193 3805 277 3857 καὶ
326 3805 519 3878 ἀγῶνα
565 3806 627 3860 οὐ
675 3806 768 3860 τὸν
809 3809 1048 3882 τυχόντα
1102 3804 1469 3864 κατεϐάλλετο
1496 3809 1574 3872 εἷς
1603 3811 1666 3865 τὸ
1719 3831 1844 3865 κατ-

195 3899 417 3966 αγαγεῖν
448 3895 544 3948 τὸν
577 3892 812 3973 ἀδελφὸν
842 3897 932 3951 καὶ
969 3899 1060 3952 τὸν
1119 3893 1367 3973 γαμϐρὸν
1423 3897 1516 3953 καὶ
1567 3897 1844 3973 μόναρχος

194 3981 592 4060 ὑπολειφθῆναι
641 3990 759 4046 τοῖς
807 3985 1140 4060 πράγμασιν·
1201 3986 1328 4043 ἀλλ’
1385 3985 1498 4042 ἐπεὶ
1557 3988 1695 4042 κατὰ
1748 3989 1842 4043 τὸν

193 4073 568 4144 ποιητήν
601 4071 706 4128 cici
763 4071 853 4128 καί
908 4071 1054 4129 ἄλλα
1108 4076 1279 4150 πυρὸς
1330 4075 1654 4152 θερμότερα,
1686 4071 1844 4140 ἔλαθε

188 4161 362 4214 παθών
401 4158 620 4233 μᾶλλον
664 4163 700 4232 ἢ
734 4160 956 4237 δράσας,
995 4167 1091 4218 τοῦ
1148 4163 1569 4234 Κωνσταντίνου,
1620 4163 1840 4238 ἐπείπερ

191 4245 385 4319 ᾔσθετο
411 4245 933 4324 ἐπιϐουλευόμενος,
963 4247 1240 4322 ἀναϐολὴν
1286 4255 1362 4326 μή
1416 4251 1716 4316 δεδωκότος
1771 4257 1841 4328 τῇ

189 4335 523 4412 ἐγχειρήσει,
571 4339 759 4395 πολλὰ
799 4340 890 4395 καὶ
939 4348 1043 4411 τῆς
1087 4343 1341 4417 γυναικὸς
1398 4341 1564 4398 αὒτοῦ
1620 4341 1842 4413 Ἑλένης

190 4425 507 4500 ἐρεθισάσης
533 4427 694 4483 αὐτὸν
734 4431 872 4506 πρὸς
915 4431 978 4486 τὸ
1023 4437 1347 4508 καταγαγεῖν
1399 4439 1500 4502 τῆς
1561 4431 1840 4508 βασιλείας

186 4514 304 4577 τοὺς
358 4513 652 4594 ἀδελφούς.
710 4519 980 4596 Ἐκφήνας
1027 4517 1119 4574 οὗν
1165 4519 1228 4575 τὰ
1281 4523 1579 4596 μυστήριον
1628 4525 1707 4593 τῷ
1760 4519 1841 4575 εἷ-

187 4607 406 4677 ρημένῳ
467 4605 739 4680 Βασιλείῳ
785 4611 865 4679 τῷ
909 4611 1165 4680 Ηετεινῷ,
1198 4608 1289 4664 καὶ
1342 4606 1414 4663 δι’
1455 4609 1619 4664 αὐτοῦ
1665 4629 1838 4682 προσ-

183 4663 522 4766 κτησάμενος
599 4663 722 4750 τὸν,
779 4663 1077 4772 Μαριανὸν,
1118 4663 1229 4753 ⁵ἔτι
1259 4663 1325 4754 δὲ
1381 4663 1719 4777 ΝικηφόρονΙ
1752 4697 1842 4753 καὶ
1874 4663 1920 4726 D

193 4783 392 4838 Λέοντα
421 4783 553 4846 τοὺς
583 4785 737 4847 υἱοὺς
767 4783 949 4862 Βάρδα
975 4791 1073 4842 τοῦ
1103 4793 1293 4856 Φωκᾶ,
1324 4784 1595 4844 Νικόλαόν
1646 4808 1705 4843 τι
1751 4788 1841 4843 καὶ

188 4872 383 4927 Λέοντα
429 4872 560 4935 τοὺς
624 4875 944 4950 Τορνικίους
999 4877 1094 4932 καὶ
1154 4874 1363 4940 ἄλλους
1435 4878 1537 4932 οὐκ
1594 4875 1839 4952 ὀλίγους,

189 4958 356 5028 μηδὲν
389 4960 780 5039 ὑφορωμένους
823 4965 916 5018 τὸν
963 4963 1234 5042 Στέφανον
1275 4964 1366 5020 καὶ
1408 4965 1500 5021 τὸν
1555 4971 1842 5022 Κωνσταν-

186 5053 354 5116 τῖνον,
383 5051 503 5104 κατ’
538 5049 697 5106 αὐτὸν
723 5052 815 5106 τὸν
843 5053 1029 5129 καιρὸν
1059 5058 1158 5109 τοῦ
1202 5055 1426 5123 ἀρίστου
1476 5060 1840 5130 συναριστῶν-

187 5157 275 5199 τας
307 5137 482 5208 αὐτῷ,
509 5140 883 5208 ἀναρπάστους
938 5141 1120 5213 τίθησι
1172 5141 1264 5198 καί
1318 5138 1672 5214 καταϐιϐάζει
1730 5150 1838 5200 τῶν

195 5225 507 5299 βασιλείων,
534 5231 604 5302 τῇ
651 5231 730 5297 κζ’
772 5234 868 5284 τοῦ
910 5230 1240 5308 Ἰανουαρίου
1294 5233 1466 5305 μηνὸς
1523 5239 1624 5303 τῆς
1670 5233 1839 5304 αὐτῆς

185 5317 227 5388 τ’
278 5313 644 5387 ἶνδικτιῶνος,
685 5319 773 5374 καὶ
824 5318 1142 5397 πλοιαρίοις
1185 5320 1468 5397 ἐνθέμενος
1529 5322 1837 5398 ὁπερορίζει

1948 3365 2420 3421 dissensionibus
2464 3365 2796 3422 simultates
2829 3367 2981 3421 inter
3010 3381 3109 3421 eos
3141 3371 3315 3436 atque
3363 3363 3596 3420 offensae

1949 3455 2318 3523 exstiterunt;
2343 3461 2771 3526 suspectusque
2802 3455 3334 3527 porphyrogenitus
3353 3453 3598 3525 Stepha-

1951 3561 2025 3599 no
2057 3561 2185 3599 esse
2215 3550 2390 3613 atque
2422 3543 2514 3598 hic
2545 3545 2630 3598 illi
2671 3549 2994 3614 coeperunt,
3022 3542 3284 3614 alterque
3315 3543 3386 3597 de
3416 3541 3598 3598 altero

1953 3633 2355 3687 submovenda
2387 3633 2662 3704 cogitare.
2698 3633 2850 3687 Sane
2907 3632 3065 3686 haud
3125 3629 3403 3686 mediocri
3455 3646 3599 3684 cura

1953 3726 2124 3792 atque
2152 3727 2364 3776 conatu
2396 3721 2453 3776 in
2485 3722 2542 3775 id
2573 3721 2844 3776 incubuit
2874 3719 3230 3791 Stephanus,
3268 3725 3331 3774 ut
3359 3717 3599 3790 collegis

1951 3809 2198 3881 imperio
2229 3816 2426 3882 erepto
2459 3809 2621 3866 solus
2651 3826 2946 3865 summam
2978 3825 3174 3864 rerum
3215 3811 3458 3862 teneret.
3487 3806 3594 3861 Sed

1952 3899 2449 3968 quemadmodum
2490 3904 2659 3970 poeta
2706 3898 2787 3953 ait
2833 3915 2961 3954 esse
3006 3897 3273 3968 quaedam
3307 3895 3422 3952 alia
3475 3895 3596 3968 igni

1952 3987 2250 4055 calidiora,
2285 3987 2369 4044 ita
2399 3988 2450 4043 is
2479 4004 2713 4059 quoque
2743 4004 2858 4044 non
2889 3993 3010 4042 tam
3043 3985 3243 4041 intulit
3263 4002 3441 4057 quam
3467 4001 3598 4056 pas-

1951 4093 2056 4132 sus
2077 4085 2169 4132 est
2194 4076 3016 4147 damnum,Constantino,ubi
3048 4074 3294 4131 insidias
3323 4074 3601 4130 sibistrui

1953 4167 2158 4234 sensit,
2193 4167 2453 4238 spatium
2477 4166 2555 4222 rei
2575 4166 2841 4238 gerendas
2871 4182 2986 4222 non
3018 4163 3600 4232 ooncedente,multis

1951 4257 2131 4310 etiam
2162 4256 2380 4311 Helena
2419 4271 2595 4310 uxore
2655 4255 2808 4310 hunc
2847 4256 2918 4310 ad
2971 4255 3179 4310 fratres
3239 4253 3598 4324 dejiciendos

1951 4345 2492 4414 instiganteJtaque
2523 4361 2735 4400 arcano
2752 4344 2997 4400 consilio
3017 4343 3447 4399 communicato
3463 4359 3598 4398 cum

1950 4433 2166 4488 Basilio
2198 4433 2438 4489 Peteino
2497 4451 2600 4490 seu
2658 4433 2892 4490 Volucri
2952 4433 3088 4503 isto,
3121 4436 3178 4488 et
3235 4433 3363 4503 ejus
3421 4448 3599 4503 opera

1950 4523 2132 4578 ascito
2163 4522 2223 4576 in
2255 4522 2595 4578 societatem
2627 4523 2910 4589 Mariano,
2961 4522 3221 4594 itemque
3267 4521 3596 4593 Nicephoro

1950 4616 2004 4667 et
2037 4611 2227 4666 Leone
2258 4609 2396 4666 ﬁliis
2429 4611 2624 4666 Bardae
2653 4613 2880 4682 Phocea,
2933 4628 2999 4666 ac
3049 4610 3287 4668 Nicolao
3317 4618 3375 4666 et
3405 4611 3595 4666 Leone

1954 4700 2238 4756 Torniciis
2269 4699 2518 4772 aliisque
2548 4701 2704 4756 haud
2729 4701 3324 4772 paucis,Stephanum
3352 4701 3599 4770 ejusque

1957 4791 2190 4846 fratrem
2219 4790 2670 4846 Constantinum
2699 4807 2898 4846 secum
2931 4790 3286 4861 prandentes
3328 4789 3438 4843 sub
3468 4789 3597 4860 ipso

1953 4879 2200 4949 prandio
2251 4879 2464 4949 corripi
2507 4879 2681 4950 jubet
2728 4878 3062 4951 palatioque
3108 4877 3356 4947 extrahi,
3404 4877 3474 4929 27
3501 4876 3594 4932 die

1950 4968 2238 5037 Januarii,
2270 4967 2585 5023 indictione
2615 4969 2840 5037 eadem,
2873 4968 3240 5038 navibusque
3288 4965 3596 5036 impositos

1953 5057 2547 5128 relegatStephanum
2567 5055 2628 5112 in
2651 5056 3006 5112 Panormum
3029 5055 3594 5120 insulam,Constan-

1951 5146 2142 5202 tinum
2174 5147 2324 5203 325
2362 5146 2422 5201 in
2453 5144 2873 5202 Terebinthum
2901 5163 2914 5212 ;
2949 5161 3015 5200 ac
3047 5161 3223 5215 opera
3253 5141 3450 5198 Basilii
3483 5147 3598 5198 Cae-

1950 5252 2128 5292 sarea)
2161 5241 2219 5291 et
2246 5233 2542 5291 Anastasii
2564 5234 2852 5289 Heraclea:
2883 5233 3144 5304 episcopi
3167 5249 3329 5288 rasos
3352 5231 3595 5288 clericos

1950 5325 2294 5381 facit.Paulo
2310 5329 2442 5396 post
2455 5323 2734 5380 transfert
2745 5323 3110 5395 Stephanum
3141 5321 3569 5378 Proconnosum
3580 5363 3594 5389 ,

1382 5501 1741 5559 XYLANDRI
1779 5501 1871 5560 ET
1911 5501 2126 5559 GOARI
2165 5501 2394 5557 NOTAE.

257 5637 800 5728 Sensus‘estti
816 5638 1161 5728 sicutcalor
1186 5641 1341 5728 alius
1371 5643 1484 5728 alio
1515 5644 1832 5728 vehemen-
1931 5643 2922 5728 jore.‘Porphvrog‘eniti‘calliditate
2950 5660 3017 5701 ao
3044 5643 3238 5702 studio
3266 5641 3452 5701 fuisse
3476 5640 3593 5697 im-

193 5706 303 5764 tior
329 5708 531 5778 eat,ita
553 5709 835 5782 Stephani
854 5727 1092 5785 quoque
1110 5719 1308 5776 astam
1331 5720 1391 5772 et
1406 5720 1678 5777 conatum
1706 5734 1829 5776 ma-

1938 5717 2198 5790 peditum
2231 5716 2544 5774 et’irritum
2577 5716 2818 5778 factum.
2848 5716 2987 5773 XYL.
