4036 6330
460 398 543 457 59
1813 398 2130 460 GEORGII
2174 398 2513 459 CEDRENI
3794 401 3888 460 60

462 529 599 584 inde
630 528 903 584 Rhodum
934 544 1001 583 ac
1024 528 1263 584 tandem
1287 528 1649 601 Mitylenam,
1667 530 2112 586 Constantinum

2235 530 2327 584 τὸν
2365 532 2459 603 μὶν
2513 531 2563 585 ἐν
2596 534 2663 605 τῇ
2694 531 2972 605 Πανόρμῳ
3001 531 3149 601 νήσῳ
3199 531 3332 601 (87),
3388 529 3480 584 τὸν
3541 536 3883 586 Κωνσταντι-

468 617 526 671 in
554 617 1037 672 Samothraciam.
1067 619 1145 672 Ac
1176 618 1510 690 Stephanus
1542 620 1780 690 quidem
1815 620 2109 675 fortunam

466 722 635 760 suam
668 722 947 778 generose
970 723 1035 760 ac
1067 723 1280 778 magno
1302 708 1498 763 animo
1535 709 1723 763 ferens
1755 726 1939 763 annos
1964 710 2029 762 19
2055 709 2112 762 in

467 796 650 850 Lesbo
683 795 857 850 vitam
877 796 1439 867 egit.Constantinus
1462 803 1656 852 autem
1678 797 1873 851 animo
1907 814 2113 867 parum

470 892 750 939 constans
795 890 851 940 et
892 885 1176 940 audacius
1216 902 1391 956 quam
1445 904 1549 956 par
1596 881 1737 941 erat'
1776 887 2112 957 insurgens,

467 973 804 1044 saepiusque
836 976 1034 1045 fugam
1069 974 1495 1045 molitus,anno
1526 980 1659 1046 post
1688 977 1976 1030 amissum
2004 974 2114 1029 im-

467 1063 695 1134 perium
727 1064 1005 1130 secundo,
1040 1064 1346 1118 custodem
1380 1080 1552 1118 suum
1586 1080 1720 1119 cum
1752 1062 1885 1118 dolo
1919 1080 2116 1119 necas-

467 1154 575 1218 set,
609 1167 642 1204 a
673 1150 916 1222 reliquis
947 1152 1294 1207 custodibus
1340 1153 1464 1224 ipse
1519 1169 1754 1224 quoque
1795 1156 1884 1208 est
1931 1152 2115 1207 inter-

467 1242 675 1295 fectus.

2228 640 2315 673 vov
2378 616 2435 674 δὶ
2483 619 2533 673 ἐν
2602 625 2670 693 τῇ
2728 614 3033 695 Τερεϐίνθῳ
3096 621 3229 692 (88).
3282 619 3384 675 Καὶ
3448 616 3535 673 διὰ
3592 620 3886 676 Βασιλείου

2223 710 2320 759 τοῦ
2396 708 2717 783 Καισαρείας
2801 707 2890 761 καὶ
2951 706 3302 763 Ἀναστασίου
3396 711 3489 761 τοῦ
3556 708 3889 777 Ἡρακλείας

2226 796 2314 848 xui
2431 793 2597 874 ἄμφω
2696 794 2999 871 κληρικοὺς
3100 796 3434 872 ἀποκείρει,
3539 800 3888 869 μεταστήσας

2227 882 2325 938 ούκ
2375 884 2451 946 εἷς
2514 886 2719 960 μακράν
2778 886 2867 940 τὸν
2905 887 2999 958 μὲν
3038 886 3306 963 Στέφανον
3354 884 3405 940 ἐν
3460 887 3887 959 ΙΙροικοννήσῳ,

2227 972 2338 1026 εἶτα
2387 972 2437 1026 ἐν
2490 972 2660 1047 Ῥόδῳ
2706 974 2794 1029 xui
2850 973 3160 1029 τελευταῖον
3213 974 3265 1029 ἐν
3316 974 3629 1050 Μιτυλήνῃ,
3682 976 3779 1030 τὸν
3829 973 3893 1030 δὲ

2228 1064 2626 1118 Κωνσταντῖνον
2682 1063 2733 1118 ἐν
2797 1064 3146 1138 Σαμοθρᾴκῃ.
3210 1061 3368 1119 ’Δλλ’
3422 1066 3450 1119 6
3511 1065 3604 1137 μὲν
3665 1064 3888 1141 Στεφα-

2224 1170 2315 1210 νος
2350 1150 2710 1231 μεγαλοφυῶς
2757 1154 2846 1208 καὶ
2902 1150 3309 1228 μεγαλοψύχως
3358 1152 3453 1215 τὰς
3503 1153 3892 1229 ἐπενεχθείσας

2228 1237 2374 1311 αὐτῷ
2424 1240 2598 1318 φέρων
2646 1241 2821 1316 τύχας
2868 1239 3161 1296 διετέλεσεν
3214 1241 3302 1295 ἐπὶ
3350 1240 3442 1311 ἔτη
3496 1243 3559 1306 ιθ¹
3617 1243 3888 1318 βιοτεύων

467 1326 520 1382 ἐν
551 1331 620 1401 τῇ
650 1323 864 1400 Λέσϐῳ·
898 1330 925 1383 6
951 1335 1358 1392 Κωνσταντῖνος
1391 1328 1447 1384 δὲ
1479 1329 1771 1404 ὀλιγώρως
1802 1327 2064 1388 διατεθεὶς
2092 1328 2181 1381 καὶ
2212 1328 2537 1405 θερμότερον
2565 1336 2662 1386 τοῦ
2696 1329 2911 1393 δύοντος
2945 1330 3456 1405 κατεξανιστάμενος
3489 1332 3575 1386 καὶ
3603 1329 3891 1393 πολλάκις

473 1416 832 1492 ἐπιχειρήσας
862 1424 1073 1496 φυγεῖν,
1110 1420 1243 1492 μετά
1275 1417 1523 1495 δεύτερον
1554 1420 1754 1493 χρόνον
1785 1423 1881 1473 τοῦ
1905 1425 2005 1487 τῆς
2039 1414 2315 1493 βασιλείας
2354 1417 2594 1475 ἐκπεσεῖν
2625 1422 2717 1477 τὸν
2748 1420 3086 1499 φυλάττοντα
3109 1425 3297 1476 τοῦτον
3346 1419 3722 1499 δολοφονήσας
3778 1421 3891 1476 ὑπὸ

470 1512 575 1561 τῶν
602 1506 941 1583 περιλοίπων
971 1508 1060 1562 καὶ
1094 1508 1249 1570 αὐτὸς
1282 1510 1698 1587 ἀποσφάττεται,

452 1618 455 1619 ν
546 1598 744 1653 Mense
774 1598 927 1654 Julio
961 1604 1132 1654 sextae
1181 1599 1520 1655 indictionis
1567 1600 1866 1655 Romanus
1916 1614 2119 1654 eorum

472 1694 637 1760 pater
667 1688 927 1742 debitum
963 1699 1182 1743 naturis
1216 1690 1511 1761 persolvit,
1544 1695 1602 1744 et
1644 1694 1734 1744 est
1762 1689 1817 1743 in
1854 1688 2119 1759 Myrelaso

472 1775 761 1848 sepultus.
800 1779 1043 1833 Proinde
1099 1779 1526 1834 Constantinus
1587 1777 2120 1849 Porphyrogenitus

472 1866 749 1921 omnibus
789 1882 917 1937 quae
977 1873 1249 1938 suspecta
1278 1873 1449 1923 erant
1499 1867 1814 1936 submotis,
1871 1870 1928 1921 et
1957 1865 2120 1921 solus

464 1956 591 2025 jam
622 1954 945 2026 imperans,
964 1958 1108 2011 festo
1129 1957 1432 2012 Paschatis
1463 1958 1556 2011 die
1586 1957 1845 2012 Romano
1872 1955 1990 2009 filio
2013 1971 2119 2010 suo

2304 1600 2385 1670 [P.
2417 1600 2545 1671 635]
2579 1599 2719 1669 Μηνὶ
2781 1596 2838 1653 δὲ
2893 1596 3110 1671 Ἰουλίῳ
3154 1605 3255 1669 τῆς
3302 1600 3345 1663 ς’
3398 1596 3734 1661 ίνδικτιῶνος
3789 1598 3887 1652 καὶ

2229 1689 2506 1761 Ῥωμανὸς
2532 1690 2560 1742 ὁ
2590 1690 2799 1742 τούτων
2848 1688 3027 1764 πατὴρ
3076 1687 3293 1743 ἀπέτισε
3337 1689 3399 1743 τὸ
3442 1688 3645 1762 χρεὼν,
3676 1688 3769 1741 καὶ
3830 1686 3889 1741 ἐν

2228 1782 2306 1848 τῷ
2350 1775 2644 1852 Μυρελαίῳ
2689 1780 2965 1840 θάπτεται.
3016 1778 3076 1833 Ὁ
3131 1774 3188 1830 δὶ
3246 1778 3759 1854 πορφυρογέννητος
3818 1776 3893 1830 τὰ

2232 1866 2445 1921 ὕποπτα
2474 1866 2741 1940 περιελὼν
2785 1866 2843 1921 ἐκ
2891 1868 3083 1939 μέσου,
3113 1866 3203 1920 καὶ
3252 1867 3418 1938 μόνος
3464 1867 3563 1933 τήν
3612 1863 3889 1939 αὐτοκρά-

2228 1977 2362 2028 τορα
2422 1956 2858 2027 περιζωσάμενος
2907 1956 3111 2030 ἀρχὴν,
3160 1955 3295 2010 κατά
3355 1956 3417 2009 τὸ
3484 1960 3624 2018 θεῖον
3686 1955 3889 2029 Πάσχα

473 2022 745 2098 diadema
771 2045 1041 2116 imponit,
1074 2051 1205 2099 vota
1249 2046 1495 2101 faciente
1547 2044 1984 2117 TheOphylacto
2018 2061 2119 2115 pa-

2233 2022 2326 2115 τῆς
2376 2022 2541 2115 αὐτῆς
2565 2022 2575 2024 7
2594 2022 2952 2107 ἰνδικτιῶνος
2981 2022 3075 2099 xui
3098 2022 3106 2027 v
3133 2045 3212 2117 τῷ
3240 2046 3343 2116 υἱῷ
3372 2045 3636 2117 Ῥωμανῷ
3663 2022 3882 2119 περιτί-

473 2132 1038 2205 triarcha.Equidem
1070 2134 1237 2188 initio
1268 2134 1561 2206 egregiam
1594 2136 1930 2190 ostenderat
1951 2134 2118 2188 indo-

476 2221 586 2276 lem
621 2222 1079 2291 Constantinus;
1113 2223 1631 2295 existimalumque
1664 2225 1850 2278 fuerat
1879 2240 2036 2288 eum,
2070 2223 2119 2277 si

478 2310 643 2365 solus
674 2327 869 2365 rerum
905 2312 1209 2381 potiretur,
1244 2312 1516 2383 praeclare
1549 2313 1777 2384 imperii
1810 2329 1901 2367 res
1950 2329 2117 2366 cura-

483 2405 681 2454 turum
719 2417 731 2454 :
767 2400 867 2454 sed
922 2399 1127 2455 fefellit
1165 2401 1648 2472 expectationem,
1700 2417 1889 2472 neque
1934 2417 2002 2456 ea
2032 2400 2120 2454 di-

480 2504 661 2557 gnum
693 2504 755 2542 se
785 2488 987 2559 gessit.
1020 2488 1243 2560 Quippe
1274 2490 1405 2543 vino
1437 2490 1669 2545 deditus
1698 2489 2009 2546 laboriosis
2041 2506 2126 2544 re-

485 2577 594 2631 bus
613 2575 831 2632 relictis
857 2577 1097 2648 ignaviaa
1120 2577 1637 2645 studebat,delicta
1659 2584 1854 2634 autem
1874 2578 2121 2634 aliorum

481 2665 667 2720 durus
697 2665 823 2721 sine
855 2665 975 2721 ulla
1008 2666 1381 2723 miseratione
1412 2667 1781 2738 puniebat.In
1815 2669 2124 2740 magistra-

482 2754 639 2809 tibus
661 2771 891 2826 quoque
918 2756 1188 2811 creandis
1205 2772 1317 2811 non
1341 2757 1631 2828 Optimum
1657 2774 1949 2829 quemque
1971 2758 2125 2813 826

483 2843 950 2915 deligebat,quod
978 2845 1223 2917 dignum
1248 2846 1784 2919 fuissetmagniﬁca
1806 2851 2121 2918 potestate:

486 2935 586 2988 sed
620 2934 953 3003 promiscue
983 2940 1042 2989 et
1072 2934 1197 2989 sine
1231 2934 1351 2989 ullo
1383 2936 1648 2990 examine
1695 2937 1986 2992 exercitus
2017 2938 2123 2991 du-

486 3022 650 3077 cendi
667 3022 943 3079 auturbis
966 3024 1387 3095 gurbernandae
1408 3041 1624 3080 munus
1638 3026 1898 3096 proximo
1912 3026 2127 3097 cuique

488 3112 931 3179 committebat;
966 3128 1081 3183 quo
1115 3113 1331 3168 factum
1362 3120 1452 3169 est
1481 3119 1546 3169 ut
1572 3114 1742 3169 multi
1784 3113 1990 3187 plebeii
2027 3121 2129 3170 aut

487 3200 873 3271 culpatmvitaa
906 3200 1173 3258 homines
1188 3203 1521 3257 summosin
1540 3205 1839 3275 republica
1861 3209 2130 3277 gererent

485 3289 845 3345 honores.Ad
875 3306 1050 3360 quam
1086 3307 1206 3345 rem
1240 3290 1496 3345 multum
1520 3292 1896 3347 conferebant
1915 3294 2130 3349 Helena

2229 2148 2352 2205 θησι
2400 2136 2463 2190 τὸ
2512 2131 2773 2207 διάδημα,
2818 2132 3137 2198 τελέσαντος
3197 2132 3263 2202 δὴ
3303 2133 3397 2195 τὰς
3448 2133 3614 2208 εὐχὰς
3671 2139 3885 2210 Θεοφυ-

2229 2222 2430 2279 λάκτου
2458 2227 2555 2278 τοῦ
2585 2222 2954 2299 πατριάρχου.
2996 2227 3176 2277 Δοκῶν
3228 2221 3286 2277 δὲ
3331 2243 3415 2284 τις
3455 2228 3697 2297 γενναῖος
3752 2223 3884 2276 ἀνα-

2230 2319 2459 2388 φανῆναι
2490 2312 2581 2366 καὶ
2631 2315 2736 2365 τῶν
2767 2316 2836 2384 τῇ
2890 2308 3139 2385 βασιλείᾳ
3203 2307 3563 2387 διαφερόντων
3614 2309 3889 2383 ἐπιμελὲ-

2232 2423 2419 2478 στερον
2478 2397 2890 2473 ἀντιλήψεσθαι,
2946 2399 2992 2454 εἰ
3067 2400 3232 2472 μόνος
3284 2400 3561 2472 κατάρξαι,
3617 2396 3887 2471 μαλακώ-

2231 2512 2385 2566 τερος
2446 2488 2602 2566 ὤφθη
2652 2495 2751 2558 τῆς
2804 2488 3153 2562 ὑπολήψεως,
3208 2485 3374 2562 μηδὲν
3425 2486 3570 2558 ἄξιον
3630 2491 3728 2556 τῆς
3809 2488 3892 2551 εὶς

2235 2579 2393 2635 αὐτὸν
2443 2575 2778 2649 προσδοκίας
2828 2574 3252 2649 ἐπιδειξάμενος.
3285 2574 3446 2632 Οἴνου
3479 2598 3539 2632 τε
3578 2576 3683 2653 γάρ
3708 2576 3887 2647 ἥττη-

2231 2690 2316 2740 το,
2348 2668 2436 2723 καὶ
2484 2672 2591 2722 τῶν
2634 2666 2907 2721 ἐπιπόνων
2954 2666 3020 2721 τὰ
3074 2666 3243 2742 ῥᾷστα
3287 2667 3589 2742 προέκρινε,
3638 2663 3889 2739 δυσπαρ-

2234 2759 2453 2828 αίτητός
2474 2778 2534 2812 τε
2563 2757 2629 2825 ἦν
2662 2755 2714 2811 ἐν
2750 2761 2867 2817 τοῖς
2917 2754 3219 2828 πταίσμασι
3265 2755 3354 2809 καὶ
3403 2756 3728 2827 ἀσυμπαθὴς
3783 2775 3891 2808 xo-

2235 2846 2460 2916 λαστὴς,
2494 2844 2787 2923 ἀδιάφορός
2843 2865 2902 2899 τε
2954 2844 3091 2919 πρὸς
3117 2844 3213 2906 τὰς
3243 2838 3524 2917 προϐολὰς
3582 2840 3688 2897 τῶν
3748 2842 3890 2918 ἀρχ-

2236 2942 2412 3011 ηγῶν,
2468 2936 2565 2990 οὐκ
2639 2931 2947 3007 ἀριστίνδην
3020 2933 3218 2997 ταύτας
3293 2933 3554 2996 ἰθύνεσθαι
3620 2932 3709 2986 καὶ
3762 2938 3890 2987 κατ’

2238 3022 2498 3101 ὲπιλογὴν
2580 3023 2804 3091 ἐθέλων,
2866 3022 2996 3097 ὅπερ
3056 3017 3207 3098 ἔργον
3258 3021 3369 3077 ἐστὶ
3431 3019 3893 3097 μεγαλοπρεποῦς

2236 3114 2501 3185 ἐξουσίας,
2544 3112 2691 3167 ἀλλά
2734 3116 2814 3183 τῷ
2864 3112 3236 3187 παρατυχόντι
3282 3111 3461 3186 ἀρχὴν
3519 3109 3893 3183 ἐμπιστεύων,

2236 3203 2563 3278 στρατηγίαν
2603 3202 2770 3276 τυχὸν
2832 3200 2867 3269 ἢ
2907 3199 3297 3275 πολιταρχίαν,
3354 3197 3756 3272 ἀδοκιμάστως,
3814 3200 3894 3259 ὡς

2238 3293 2297 3348 ἐκ
2351 3291 2547 3347 τούτου
2610 3284 2883 3362 συμϐῆναι
2950 3289 3122 3343 πάντα
3179 3287 3301 3342 τινὰ
3348 3285 3577 3363 χυδαῖον
3627 3289 3716 3342 καὶ
3768 3286 3896 3341 δια-

482 3381 749 3448 Augusta
776 3386 831 3433 et
864 3378 1117 3434 Basilius
1145 3378 1639 3434 cubiculariorum
1668 3381 2042 3455 intimus,qui
2074 3385 2119 3439 id

2246 3377 2589 3452 ϐεϐλημένον
2623 3378 2697 3440 εἰς
2742 3379 2838 3440 τὰς
2893 3378 3149 3452 μεγίστας
3195 3382 3303 3431 τῶν
3350 3374 3651 3431 πολιτικῶν
3698 3377 3892 3452 ἀρχῶν

485 3466 737 3537 agebant
771 3471 835 3523 ut
864 3467 1095 3523 venales
1125 3472 1325 3523 essent
1355 3469 1761 3538 magistratus.

2245 3467 2707 3548 προχειρίζεσθαι,
2748 3463 2935 3521 πολλά
2991 3467 3129 3541 πρὸς
3166 3470 3328 3520 τοῦτο
3378 3465 3743 3541 συνεργούσης
3797 3467 3895 3519 καὶ

485 3550 709 3623 Ἐλᾶνης
765 3560 865 3623 τῆς
924 3553 1088 3609 αὐτοῦ
1143 3561 1386 3629 γαμετῆς
1441 3556 1530 3610 καὶ
1586 3556 1873 3613 Βασιλείου
1942 3565 2039 3615 τοῦ
2096 3558 2618 3640 παρακοιμωμὲνου,
2678 3554 2875 3617 ὠνίους
2927 3556 3022 3617 τὰς
3080 3554 3253 3629 ἀρχὰς
3310 3558 3486 3609 ποιεῖν
3546 3573 3896 3627 παρασκευα-

492 3643 692 3712 ζόντων
703 3684 716 3699 .

555 3733 754 3807 Neque
782 3738 979 3790 tamen
1014 3751 1256 3806 prorsus
1286 3735 1479 3791 omnis
1538 3737 1796 3808 praeclari
1854 3740 2119 3798 facinoris

2311 3737 2383 3793 Οὐ
2413 3735 2720 3790 παντάπασι
2752 3730 2810 3788 δὶ
2857 3731 3087 3809 ἄμοιρος
3136 3734 3202 3801 ἧν
3247 3731 3336 3786 καὶ
3372 3732 3618 3807 πράξεων
3675 3732 3894 3806 ἀγαθῶν

486 3839 693 3895 expers
726 3824 835 3879 fuit
862 3824 1281 3880 Constantinus
1312 3842 1324 3879 :
1362 3842 1545 3880 unum
1577 3826 1729 3881 enim
1762 3828 2007 3885 referam
2040 3830 2119 3885 di-

2243 3829 2271 3882 6
2322 3829 2749 3886 Κωνσταντῖνος.
2809 3824 2872 3879 Ἡ
2926 3822 3028 3896 γὰρ
3102 3821 3338 3897 ῥηθῆναι
3417 3820 3699 3893 μέλλουσα
3772 3821 3894 3890 ἀξι-

485 3929 668 3983 gnum
703 3914 958 3985 profecto
990 3913 1402 3979 admiratione,
1463 3920 1522 3969 et
1552 3917 1708 3985 quod
1765 3918 1953 3973 multa
2002 3920 2119 3989 ejus

2241 3918 2469 3991 άγαστος
2516 3911 2647 3967 οὖσα
2693 3910 2783 3966 καὶ
2833 3911 3117 3983 θαυμαστὴ
3183 3908 3487 3963 ἐπισκιάσαι
3549 3908 3737 3985 ἴσχυσε
3795 3909 3895 3963 καὶ

489 4008 721 4072 peccata
742 4003 1053 4057 obscurare
1077 4002 1571 4072 possit.8cientias
1592 4005 1774 4074 enim,
1803 4007 2119 4063 arithmeti-

2244 4007 2564 4079 ἀμαυρῶσαι
2640 3998 2829 4055 πολλά
2901 4004 3008 4053 τῶν
3073 3998 3236 4053 αὐτοῦ
3306 3997 3728 4072 ἐλαττωμάτων.
3778 3999 3895 4061 Τὰς

488 4089 1793 4163 cam,musicam,astronomiam,geometriam
1808 4096 2119 4151 etomniun

2242 4095 2342 4169 γὰρ
2418 4092 2743 4163 ἆπιστήμας,
2810 4087 3203 4163 ἀριθμητικήν,
3273 4089 3560 4160 μουσικὴν,
3632 4088 3899 4163 ἀστρονο-

490 4178 814 4248 principem
848 4178 1303 4250 philosophiam,
1328 4196 1458 4249 quaa
1483 4182 1607 4250 jam
1649 4183 1823 4255 longo
1874 4189 2119 4256 tempore

2250 4181 2407 4255 μίαν,
2482 4177 2855 4255 γεωμετρίαν,
2933 4176 3391 4250 στερεομετρίαν,
3474 4175 3563 4229 καὶ
3654 4177 3754 4243 τὴν
3838 4175 3898 4229 ὲν

491 4267 563 4321 ob
594 4266 881 4323 incuriam
914 4273 971 4322 et
1000 4268 1289 4323 inscitiam
1335 4268 1756 4339 imperatorum
1814 4273 2110 4343 perierunt

2245 4272 2439 4333 πάσοις
2468 4264 2671 4342 ἔποχον
2700 4264 3049 4343 φιλοσοφίαν,
3084 4264 3144 4319 ix
3178 4269 3387 4340 μακροῦ
3424 4266 3630 4340 χρόνου
3660 4264 3904 4336 ἀμελείᾳ

491 4372 599 4412 sua
629 4356 923 4412 industria
952 4357 1680 4429 instauravit,conquisitis
1712 4360 1811 4431 qui
1846 4361 1904 4416 in
1937 4364 2119 4433 quovi:

2245 4360 2335 4414 xui
2365 4356 2569 4431 ἀμαθίᾳ
2597 4360 2704 4411 τῶν
2733 4355 3071 4430 κρατούντων
3101 4352 3456 4416 ἀπολωλυίας
3476 4353 3652 4426 οἷ’κείᾳ
3679 4351 3899 4429 σπουδῇ

491 4462 701 4517 genere
731 4446 1098 4513 excellerent,
1128 4463 1192 4502 ac
1226 4447 1562 4503 constitutis
1596 4449 1953 4519 doctoribus,
2013 4456 2119 4507 stu-

2247 4448 2601 4517 ἀνεκτήσατο,
2634 4443 2762 4507 τοὺς
2795 4443 2877 4521 ἐφ’
2908 4443 3104 4517 ἑκάστῃ
3135 4443 3341 4497 τούτων
3391 4442 3643 4518 ἀρίστους
3694 4464 3751 4497 τε
3802 4444 3899 4498 καὶ

491 4535 790 4607 diosisque
816 4536 1064 4606 receptis
1095 4541 1152 4591 et
1182 4537 1511 4593 conductis.
1545 4540 1667 4604 Quo
1700 4538 1916 4595 factum
1950 4545 2040 4596 est
2075 4558 2119 4595 u

2249 4532 2508 4609 δοκίμους
2539 4534 2875 4603 ἀναζητήσας
2897 4531 2986 4586 καὶ
3015 4531 3184 4606 εὑρὼν
3242 4530 3331 4586 καὶ
3379 4528 3739 4594 διδασκάλους
3768 4529 3902 4585 ἑπι-

490 4603 992 4697 θκὶευὶλεωροτῖε
1025 4626 1275 4680 decursu
1308 4625 1576 4681 barbarie
1635 4628 1943 4699 proﬂigata
1995 4630 2119 4684 urbi

2247 4603 2469 4695 στήσας,
2495 4622 2585 4677 καὶ
2615 4621 2741 4683 τοὺς
2771 4603 3098 4681 σπουδαίους
3120 4616 3531 4695 ἀποδεχόμενός
3560 4640 3619 4675 τε
3646 4618 3735 4675 xui
3765 4640 3902 4695 συγ-

491 4712 706 4769 litteris
737 4713 1015 4770 ﬂoruerit.
1042 4713 1415 4769 Sedentarias
1446 4714 1621 4770 etiam
1653 4724 1825 4787 atque
1856 4718 2119 4789 Opiﬂcurr

2244 4717 2475 4791 κροτῶν.
2511 4710 2605 4766 Διὸ
2630 4710 2720 4765 καὶ
2749 4710 2848 4779 τὴν
2878 4708 3101 4785 ἀλογίαν
3143 4708 3417 4772 ἀπελάσας
3459 4708 3557 4765 ούκ
3594 4709 3645 4764 ἐν
3695 4714 3901 4786 μακρῷ

494 4806 647 4858 artes
672 4819 824 4858 cura
856 4802 1084 4873 habuit,
1140 4818 1542 4875 magnumque
1574 4803 1645 4859 iis
1704 4805 2119 4862 incrementun

2243 4807 2324 4875 τῷ
2354 4800 2537 4877 χρόνῳ
2566 4798 2655 4855 ἐπὶ
2702 4798 2764 4853 τὸ
2812 4796 3173 4874 λογικώτεσον
3218 4796 3610 4875 μετεῤῥύθμισε
3663 4798 3726 4853 τὸ
3785 4818 3904 4853 πο-

494 4890 712 4947 attulit.
747 4893 884 4948 Pius
912 4908 1050 4964 erga
1084 4892 1266 4947 Deum
1324 4892 1433 4946 fuit
1491 4909 1556 4947 ac
1584 4891 1864 4961 liberalis,
1920 4900 1985 4950 ut
2039 4913 2113 4965 qu

2248 4889 2496 4963 λίτευμα.
2558 4884 2906 4961 Ἐπεμελήθη
2992 4884 3050 4941 δὲ
3124 4887 3213 4941 καὶ
3274 4891 3382 4942 τῶν
3454 4885 3729 4961 βαναύσων
3804 4889 3903 4941 καὶ

494 4998 801 5053 nunquam
834 4982 893 5037 in
928 4981 1300 5053 processibus
1329 4982 1398 5035 ad
1435 4982 1569 5036 fana
1602 4982 1827 5055 legibus
1862 4983 2119 5040 ecclesia

2246 4977 2631 5055 χειρωνάκτων
2684 4980 2920 5052 τεχνῶν,
2951 4974 3039 5030 καὶ
3091 4974 3168 5039 εἰς
3223 4973 3465 5030 ιπίδοσιν
3503 4973 3744 5050 μεγάλην
3804 4977 3899 5029 καὶ

494 5070 659 5126 sticis
694 5071 862 5126 factis
893 5070 1019 5125 sine
1050 5070 1241 5125 fructu
1271 5074 1327 5125 et
1367 5085 1609 5125 munere
1638 5070 1695 5126 in
1756 5076 2119 5145 conspectum

2245 5067 2444 5129 ταύτας
2524 5066 2857 5142 ἀνήνεγκεν.
2918 5067 3018 5119 Ἦν
3106 5062 3163 5119 δὶ
3253 5064 3343 5118 καὶ
3421 5063 3489 5117 τὲ
3550 5062 3687 5139 πρὸς
3763 5063 3904 5119 Θεὸν

491 5160 591 5215 Dei
626 5160 867 5227 venerit,
902 5159 1001 5215 sed
1030 5158 1273 5213 donaria
1315 5159 1521 5230 quovis
1554 5164 1813 5231 tempore
1864 5160 2112 5216 obtuleri

2253 5152 2479 5223 εὐσεϐὴς
2510 5153 2600 5209 καὶ
2642 5152 2962 5232 φιλότιμος,
2996 5150 3271 5227 μηδέποτε
3315 5151 3364 5206 ἒν
3413 5156 3529 5212 ταῖς
3579 5153 3716 5226 πρὸς
3768 5153 3908 5208 Θεὸν

492 5248 802 5319 magnifica
824 5252 881 5303 et
902 5247 1115 5303 Christi
1134 5248 1853 5319 amantemimperatorem
1878 5248 2119 5305 decenti:

2250 5249 2502 5308 τυπικαῖς
2556 5247 2665 5298 τῶν
2720 5243 2874 5307 θείων
2935 5240 3074 5297 ναῶν
3147 5239 3529 5317 προσελεύσεσι
3597 5242 3751 5301 κενὸς
3809 5242 3906 5296 καὶ

492 5337 748 5393 Gratiam
779 5352 1016 5407 quoque
1048 5336 1249 5392 retulit
1272 5337 1420 5393 327
1451 5337 1523 5391 iis
1554 5353 1587 5391 a
1612 5338 1828 5408 quibus
1859 5338 1918 5392 in
1950 5338 2119 5393 detur

2252 5332 2495 5408 ἄκαρπος
2529 5331 2716 5411 ὀφθεὶς
2743 5336 2825 5404 τῷ
2870 5337 3007 5404 Θεῷ,
3035 5330 3162 5387 ἀλλ’
3195 5330 3502 5402 ἀναθήμασι
3555 5325 3910 5403 δωρούμενος

492 5426 704 5481 bandis
753 5426 999 5499 imperio
1050 5426 1248 5482 uxoris
1317 5425 1597 5482 fratribus
1652 5427 1889 5497 adjutus
1931 5427 2119 5483 fuerat

2260 5421 2697 5500 μεγαλοπρεπὲσι
2752 5421 2843 5477 xui
2894 5419 3241 5499 φιλοχρίστῳ
3303 5415 3516 5494 βασιλεῖ
3576 5420 3908 5494 πρέπουσιν.

1681 5595 2049 5655 XYLANDRI
2086 5596 2174 5653 ET
2212 5592 2434 5653 GOARI
2471 5592 2705 5652 NOTAE.

562 5741 675 5815 (87)
708 5738 1067 5814 Hellesponti
1098 5736 1314 5795 insula.
1352 5735 1529 5795 Goxa.
2318 5736 2427 5808 (88)
2458 5737 2523 5793 In
2551 5736 2757 5793 eadem
2785 5728 3156 5805 PrOpontide.
3182 5730 3361 5788 Com.
