4050 6326
197 408 269 473 61
1335 406 1885 468 HISTORIABUM
1928 402 2444 467 COMPENDIUM
2457 445 2473 462 .
3531 401 3612 460 62

198 539 501 612 Ἠμείψατο
555 535 613 593 δὲ
658 537 749 592 καὶ
807 536 935 602 τους
987 540 1409 615 συνεργήσαντας
1490 537 1637 611 αὖτῷ
1716 538 1852 613 πρὸς

1984 537 2115 592 Nam
2149 535 2398 592 Bardam
2447 534 2701 590 Phocam
2753 528 3020 606 magistri
3067 533 3287 590 honore
3333 533 3610 606 dignatus

195 629 298 696 τήν
363 632 473 682 τῶν
545 625 991 705 γυναικαδέλφων
1085 628 1394 704 καθαίρεσιν
1478 625 1663 682 ταῖσδε
1730 632 1848 689 ταῖς

201 716 555 792 εὐεργεσίαις,
598 715 810 792 Βάρδαν
871 718 964 790 μὶν
1022 717 1112 772 τὸν
1176 724 1371 772 Φωκᾶν
1431 717 1723 792 μάγιστρον
1775 737 1854 770 τι-

203 809 383 878 μήσας
439 806 528 861 καὶ
590 804 910 879 δομὲστικον
971 811 1076 861 τῶν
1126 804 1347 882 σχολῶν
1394 814 1493 876 τῆς
1527 805 1850 875 Ἀνατολῆς,

201 895 516 972 Νικηφόρον
561 893 618 950 δὲ
656 897 746 950 καὶ
780 897 983 950 Λέοντα
1008 895 1138 958 τοὺς
1167 895 1360 951 τούτου
1404 895 1573 963 υἱοὺς,
1605 897 1698 950 τὸν
1759 895 1850 968 μὲν

196 990 306 1040 τῶν
357 985 735 1040 Ἀνατολικῶν
784 985 1083 1062 στρατηγὸν
1133 985 1226 1040 τὸν
1276 985 1617 1060 Νικηφόρον,
1647 985 1738 1039 τὸν
1799 981 1855 1037 δὲ

198 1081 298 1144 τῆς
391 1072 778 1136 Καππαδοκίας
861 1075 956 1129 τὸν
1037 1073 1241 1130 Λέοντα
1336 1074 1852 1150 προχειρισάμενος,

196 1163 284 1216 καὶ
319 1165 720 1219 Κωνσταντῖνον
755 1163 973 1239 θάτερον
1006 1167 1110 1218 νῶν
1167 1163 1299 1217 υἱῶν
1352 1165 1452 1232 τῆς
1516 1160 1852 1232 Σελευκείας,

201 1252 486 1306 Βασίλειον
547 1249 606 1306 δὲ
655 1252 747 1306 τὸν
804 1252 1056 1308 Ηετεινὸν
1136 1251 1362 1328 ἔξαρχον
1437 1258 1538 1322 τῆς
1607 1248 1854 1326 μεγάλης

199 1340 492 1416 ἑταιρείας.
530 1343 613 1412 [Ρ.
645 1343 771 1414 636]
806 1341 1076 1412 Μαριανὸν
1111 1339 1169 1396 δὶ
1199 1342 1288 1396 τὸν
1324 1341 1588 1417 Ἀργυρὸν
1637 1341 1856 1412 κόμητα

196 1435 298 1484 τοῦ
331 1424 573 1486 στάϐλου
602 1431 691 1484 καὶ
721 1430 812 1485 τὸν
843 1430 1145 1505 Κουρτίκην
1187 1430 1455 1499 Μανουῆλ
1507 1437 1605 1498 τῆς
1666 1427 1857 1504 βίγλας

201 1516 587 1594 δρουγγάριον.
660 1518 1036 1594 Ἐξευνούχισε
1112 1517 1169 1574 δὲ
1242 1519 1331 1574 καὶ
1404 1519 1685 1592 Ῥωμανὸν
1757 1521 1854 1572 τοῦ

1961 627 2351 683 domesticum
2403 626 2739 681 scholarum
2789 624 3040 681 Orientis
3087 625 3412 693 constituit,
3443 624 3609 680 Nice-

1966 718 2214 789 phorum
2249 723 2304 772 et
2333 717 2602 783 Leonem,
2635 717 2762 785 ejus
2811 715 2982 782 filios,
3015 714 3172 770 hunc
3211 714 3609 786 Cappadociae,

1963 805 2132 860 illum
2163 804 2546 860 Orientalium
2579 805 2788 859 ducem
2821 804 3117 872 creavit,et
3136 804 3605 871 Constantinum,

1962 895 2196 949 tertium
2229 895 2357 964 ejus
2410 893 2619 963 lilium,
2671 893 2943 948 Seleuciae
2989 893 3265 964 prmfecit,
3322 891 3608 948 Basilium

1966 983 2272 1038 Volucrem
2309 1000 2529 1054 magnai
2558 981 2854 1038 sodalitati
2883 982 3202 1055 praeposuit
3229 1002 3242 1050 ;
3279 981 3607 1038 Marianum

1963 1074 2247 1144 Argyrum
2308 1071 2585 1126 comitem
2642 1070 2880 1137 stabuli,
2937 1070 3271 1126 Manuelum
3312 1071 3607 1128 Curticem

1963 1161 2170 1232 vigiliae
2203 1160 2532 1232 designavit
2561 1159 2940 1231 druagarium
2969 1178 2982 1228 ;
3009 1159 3335 1215 Romanum
3367 1159 3613 1231 Stepha-

1967 1251 2023 1304 ni
2060 1250 2244 1305 iilium
2279 1249 2570 1320 castravit,
2604 1267 2735 1305 cum
2769 1250 2870 1321 qui
2901 1256 3107 1322 postea
3137 1249 3465 1321 Augustifer
3493 1249 3613 1304 fac-

1965 1346 2061 1394 tus
2106 1344 2214 1408 est,
2246 1338 2506 1409 itemque
2552 1339 2860 1407 Basilium,
2914 1342 3174 1394 Romano
3223 1339 3348 1394 seni
3381 1355 3410 1394 e
3447 1354 3611 1393 serva

1966 1434 2166 1482 natum
2196 1445 2209 1495 ;
2243 1433 2298 1483 et
2347 1427 2716 1493 Michaelum,
2749 1427 3076 1484 Christiferi
3127 1427 3370 1484 Caesaris
3400 1427 3609 1495 ﬁlium,

1965 1516 2240 1573 clericum
2274 1517 2429 1572 fecit.

205 1609 482 1686 Στεφάνου
540 1609 681 1678 υἱὸν,
711 1608 808 1662 τὸν
869 1609 1155 1682 μετέπειτα
1210 1603 1608 1685 σεϐαστοφόρον
1661 1606 1972 1683 γενόμενον,
2004 1601 2079 1659 ἔτι
2140 1601 2196 1659 δὲ
2251 1604 2340 1658 καὶ
2393 1603 2677 1660 Βασίλειον
2732 1604 2822 1659 τὸν
2884 1604 2945 1658 ἐκ
3000 1600 3205 1675 δούλης
3251 1603 3614 1679 ἀπο-τεχθέντα

219 1702 475 1770 Ρωμανῷ
506 1702 586 1770 τῷ
615 1696 849 1774 γίροντι·
885 1695 1120 1773 Μιχαὴλ
1153 1695 1209 1752 δὲ
1236 1698 1328 1752 τὸν
1369 1697 1484 1752 υἱὸν
1519 1697 1898 1773 Χριποφὸρου
1927 1698 2022 1748 τοῦ
2057 1692 2324 1769 βασιλέως
2357 1693 2604 1769 ἀπέκειρε
2631 1691 2921 1768 κληρικόν.

270 1783 713 1860 Ἀδαμαντίνοις,
747 1783 838 1855 δι’,
868 1787 942 1850 ὡς
974 1783 1132 1858 ᾤετο,
1167 1785 1389 1859 δεσμοῖς
1419 1788 1517 1856 τήν
1582 1784 1858 1862 βασιλείαν

202 1873 674 1949 ἀσφαλισάμενος,
728 1876 817 1930 καὶ
877 1881 1048 1929 πᾶσαν
1114 1875 1342 1950 ὑποψίαν
1402 1874 1860 1948 ἀποσεισάμενος,

202 1966 289 2018 καὶ
353 1962 510 2034 δόξας
568 1964 621 2020 ἰ)
673 1969 754 2036 τῷ
814 1963 1048 2019 ἀσφαλεῖ
1091 1967 1432 2033 καθεστάναι,
1487 1969 1683 2039 μικροῦ
1751 1961 1860 2018 δεῖν

2044 1786 2187 1839 Cum
2245 1790 2439 1839 autem
2497 1785 2794 1839 videretur
2848 1785 3164 1855 imperium
3216 1783 3615 1840 adamantinis

1969 1872 2220 1928 vinculis
2251 1872 2541 1928 muniisse
2591 1877 2648 1927 et
2678 1873 2874 1928 omnia
2920 1878 3197 1944 suspecta
3246 1874 3523 1929 amolitus
3553 1873 3612 1928 in

1970 1965 2095 2017 tuto
2127 1963 2629 2034 consistere,pene
2659 1961 2718 2017 in
2752 1979 3054 2018 summum
3087 1963 3245 2019 venit
3274 1963 3610 2031 discrimen,

211 2051 552 2108 ἱκινδύνευσε
609 2051 728 2107 δυσὶ
797 2053 1071 2128 μεγίσταις
1142 2048 1464 2116 ἐπιϐουλαῖς
1530 2053 1858 2128 περιπεσών.

1984 2051 2304 2122 luplicibus
2365 2051 2582 2122 petitus
2637 2051 2890 2117 insidiis,
2925 2069 3058 2107 nam
3117 2059 3176 2107 et
3231 2052 3615 2124 Theophanes

215 2141 497 2215 Θεοφάνης
547 2162 605 2195 τε
660 2142 761 2218 γὰρ
811 2142 838 2196 6
887 2141 1383 2218 παρακοιμώμενος
1439 2137 1716 2212 ἐϐουλήθη
1777 2143 1869 2196 τὸν

212 2225 524 2302 πρεσϐύτην
578 2230 853 2302 Ῥωμανὸν
911 2229 970 2285 ix
1021 2238 1119 2300 τῆς
1174 2233 1343 2302 νήσου
1396 2232 1628 2307 Πρώτης
1678 2230 1754 2292 είς
1809 2231 1868 2285 τὸ

211 2319 482 2373 παλάτιον
513 2320 751 2395 ἀγαγεῖν,
778 2319 868 2374 καὶ
899 2317 1104 2382 ἄλλους
1137 2319 1236 2375 οὐκ
1293 2319 1514 2396 ὀλίγους
1559 2317 1701 2397 ἔχων
1757 2341 1872 2373 συν-

217 2409 456 2484 ίστορας’
517 2407 607 2463 καί
664 2429 806 2470 τινες
857 2405 914 2462 δὲ
969 2405 1168 2484 ἕτεροι,
1227 2407 1356 2479 ἤτοι
1423 2410 1572 2464 Λέων
1633 2411 1660 2464 6
1723 2408 1868 2466 Κλά-

217 2494 349 2564 δων,
384 2497 688 2574 Γρηγὸριος
724 2498 752 2552 6
781 2495 1071 2570 Μακεδὼν,
1103 2498 1190 2552 καὶ
1251 2495 1537 2560 Θευδόσιος
1596 2499 1623 2553 ὁ
1656 2496 1873 2573 πρῶτος

213 2590 324 2640 τῶν
380 2589 480 2640 τοῦ
534 2585 810 2664 Στεφάνου
865 2587 1220 2660 ἱπποκόμων,
1250 2588 1334 2642 καὶ
1400 2587 1711 2658 Ἰωάννηςὸ
1754 2587 1870 2663 ῥαί-

214 2694 388 2746 κτωρ,
417 2675 509 2729 τὸν
543 2675 815 2753 Στέφανον
859 2671 1252 2731 ἐϐουλεύσαντο
1283 2676 1342 2731 ἐκ
1393 2675 1709 2747 Μιτυλήνης
1739 2676 1871 2752 ἀγα-

214 2769 329 2837 γεῖν
363 2763 452 2816 καὶ
494 2767 564 2836 τῇ
615 2764 868 2838 βασιλείᾳ
912 2762 1312 2840 ἐγκαθιδρῦσαι.
1346 2764 1502 2822 Ἀλλ’
1552 2765 1653 2819 ὑπό
1708 2787 1870 2820 τινων

218 2857 559 2924 συνωμοτῶν
651 2853 996 2926 μηνυθέντων
1058 2858 1167 2908 τῶν
1237 2851 1622 2930 βουλευμάτων
1692 2854 1718 2908 ὀ
1776 2853 1870 2926 μὲν

221 2941 506 3018 Θεοφάνης
555 2941 816 3017 ἐξωρίσθη
868 2941 960 2996 σὺν
1009 2947 1125 3005 τοῖς
1173 2943 1339 2997 αὐτοῦ
1371 2948 1671 3020 συνεργοῖς,
1705 2943 1757 2997 οἱ
1816 2940 1874 2998 δὲ

217 3035 315 3084 τοῦ
373 3032 650 3109 Στεφάνου
702 3030 1148 3104 ἀντιποιούμενοι
1197 3033 1482 3110 τυφθέντες
1531 3031 1618 3086 καὶ
1665 3029 1872 3106 δημευ-

219 3118 422 3184 θὲντες,
455 3119 543 3172 χαὶ
573 3119 669 3181 τὰς
695 3118 847 3196 ῥῖνας
872 3119 1167 3194 τμηθέντες
1199 3119 1584 3197 ἐξωρίσθησαν.

294 3207 373 3264 0'3
408 3204 658 3262 διέλιπον
714 3206 772 3263 δὲ
829 3209 919 3264 καὶ
967 3210 1018 3264 οἱ
1068 3205 1577 3284 Τοῦρκοιεὶσϐολᾶς
1638 3211 1715 3272 εἷς
1771 3213 1871 3280 τὴν

221 3297 510 3369 Ῥωμαίων
539 3297 858 3371 ποιούμενοι
890 3299 980 3353 καὶ
1010 3297 1212 3370 ταύτην
1245 3296 1521 3374 δῃοῦντες,
1560 3299 1756 3376 μέχρις
1812 3301 1872 3354 οὗ

220 3383 604 3454 Βουλοσουδής
636 3387 664 3441 6
694 3387 900 3441 τούτων
931 3387 1178 3463 ἀρχηγὸς
1227 3389 1326 3456 τήν
1382 3385 1490 3443 τῶν
1535 3389 1869 3464 Χριστιανῶν

220 3474 401 3529 πίστιν
457 3474 784 3544 ἀσπάζεσθαι
847 3476 1156 3551 ὑποκριθεὶς
1196 3475 1514 3554 κατειλήφει
1564 3479 1662 3547 τήν
1722 3483 1873 3534 Κων-

223 3565 520 3618 ο-τανειιίπιιου⁸
555 3564 645 3618 καὶ
695 3565 1009 3640 βαπτισθεὶς
1046 3566 1150 3620 ὑπὸ
1206 3570 1304 3621 τοῦ
1361 3564 1629 3640 βασιλέως
1689 3564 1875 3621 ἀναδὲ-

223 3673 382 3728 χεται
428 3654 855 3722 Κωνσταντίνου,
905 3657 973 3728 τῇ
1025 3658 1128 3708 τῶν
1183 3654 1480 3730 πατρικίων
1528 3655 1650 3728 ἀξίᾳ
1709 3677 1876 3729 τιμη-

226 3743 338 3802 θεὶς
388 3741 480 3796 καὶ
523 3739 794 3797 πλείστων
863 3742 1170 3818 χρημάτων
1232 3743 1468 3818 ὑπάρξας
1525 3743 1736 3819 κύριος,
1784 3745 1876 3799 εἶτ’

228 3828 380 3892 αὖθις
437 3827 620 3885 οἷ’καδε
679 3830 1040 3904 ὑποστρέψας.
1073 3833 1204 3888 Μετ’
1237 3832 1301 3886 οὔ
1354 3831 1498 3887 πολὺ
1531 3829 1587 3888 δὲ
1645 3832 1733 3887 καὶ
1784 3839 1879 3887 Γυ-

229 3919 350 3984 λᾶς,
383 3916 570 3994 ἅρχων
603 3919 676 3972 ὢν
706 3919 796 3974 καὶ
828 3919 989 3981 αὐτὸς
1033 3924 1143 3975 τῶν
1197 3919 1477 3997 Τούρκων,
1530 3919 1743 3977 εἴσεισιν
1800 3921 1876 3984 εἷς

228 4008 330 4076 τήν
364 4003 623 4082 βασιλίδα
649 4006 739 4062 καὶ
775 4007 1112 4082 βαπτίζεται,
1151 4014 1260 4064 τῶν
1304 4007 1445 4065 ’ίσων
1495 4011 1740 4084 ἀξιωθεὶς
1785 4011 1880 4065 καῖ

230 4097 390 4158 αὐτὸς
440 4096 760 4170 εὐεργεσιῶν
825 4095 918 4151 καὶ
986 4101 1184 4163 τιμῶν.
1239 4093 1560 4155 Ἀνελάϐετο
1626 4096 1682 4153 δὲ
1763 4099 1880 4173 μεθ’

229 4187 419 4240 ἑαυτοῦ
475 4185 563 4240 καί
618 4206 741 4240 τινα
791 4187 1033 4262 μοναχὸν
1081 4187 1341 4263 Ἰερόθεον
1401 4185 1661 4262 τοῦνομα,
1723 4186 1876 4258 δόξαν

230 4269 513 4336 εὐλαϐείας
569 4272 788 4350 ἔχοντα,
849 4273 1139 4330 ἐπίσκοπον
1222 4276 1486 4352 Τουρκίας
1557 4278 1705 4349 παρὰ
1780 4281 1878 4332 τοῦ

231 4361 613 4440 Θεοφυλάκτου
670 4363 1149 4438 χειροτονηθέντα,
1222 4365 1280 4428 ’ὸς
1349 4364 1520 4420 ἐκεῖσε
1587 4365 1879 4440 γενόμενος

231 4449 476 4514 πολλοὺς
509 4452 615 4507 άπὸ
647 4459 746 4521 τῆς
796 4447 1133 4528 βαρϐαρικῆς
1188 4452 1405 4525 πλάνης
1463 4453 1540 4516 είς
1591 4454 1681 4509 τὸν
1739 4461 1878 4528 Χρι-

234 4542 546 4612 στιανισμὸν
607 4541 970 4617 ἐπανήγαγεν.
1035 4540 1197 4599 Ἀλλ’
1256 4543 1284 4596 6
1347 4543 1441 4616 μὶν
1521 4541 1695 4605 Γυλᾶς
1771 4543 1880 4598 ἐνέ-

235 4650 383 4702 μεινε
427 4632 497 4702 τῇ
544 4629 743 4698 πίστει,
776 4631 904 4703 μήτ’
953 4629 1112 4693 αὐτὸς
1160 4627 1354 4709 ἕφοδόν
1395 4652 1529 4687 ποτε
1567 4631 1702 4686 κατὰ
1748 4632 1880 4686 Ῥω-

236 4719 408 4791 μαίων
432 4718 776 4788 πεποιηκὼς,
812 4720 952 4791 μήτε
997 4719 1125 4783 τοὺς
1169 4719 1569 4793 ἀλισκομὲνους
1627 4723 1879 4795 Χριστια-

229 4807 356 4869 νοῦς
440 4805 825 4881 ἀτημελήτους
910 4806 1035 4876 ἐῶν,
1121 4807 1249 4864 ἀλλ’
1331 4808 1695 4882 ἆξωνούμενος

229 4894 546 4969 ἱπιμελείας
601 4896 762 4967 ἀξιῶν
832 4896 921 4951 καὶ
997 4894 1319 4973 ἐλευθερῶν.
1381 4895 1765 4968 Βουλοσουδὴς
1823 4895 1880 4953 δὶ

225 4987 322 5047 τὰς
374 4986 512 5060 πρὸς
563 4986 692 5040 Θεὸν
749 4987 1018 5057 συνθήκας
1094 4987 1378 5058 ἡθετηκὼς
1454 4985 1727 5051 πολλάκις
1783 4988 1874 5041 σὺν

1979 2141 2376 2196 cubicularius
2423 2141 2494 2196 de
2525 2140 2786 2196 Romano
2817 2158 2884 2196 ex
2936 2141 3127 2196 insula
3160 2142 3327 2197 Prota
3357 2142 3416 2196 in
3459 2141 3619 2213 pala'

1981 2229 2126 2284 tium
2186 2229 2515 2284 reducendo
2573 2229 2820 2285 consilia
2876 2230 3165 2297 tractavit,
3200 2229 3402 2286 multis
3444 2217 3620 2285 etiam

1980 2318 2111 2373 aliis
2142 2318 2413 2373 consciis.
2445 2323 2518 2374 Et
2565 2318 2661 2372 alii
2713 2319 2977 2389 quidam,
3010 2337 3219 2392 nempe
3268 2321 3374 2376 Leo
3422 2319 3621 2390 Clado,

1982 2407 2298 2478 Gregorius
2349 2407 2608 2474 Macedo,
2650 2407 3016 2464 Theodosius
3063 2408 3342 2480 Stephani
3389 2411 3623 2480 protos-

1982 2501 2183 2561 trator,
2237 2500 2293 2550 et
2345 2495 2603 2550 Joannes
2662 2500 2872 2565 rector,
2929 2497 3292 2569 Stephanum
3347 2497 3624 2569 Mitylene.

1982 2601 2251 2640 revocare
2301 2589 2359 2638 et
2407 2584 2722 2656 imperium
2783 2586 2832 2640 ei
2886 2587 3192 2642 restituere
3242 2587 3427 2642 moliti
3462 2591 3621 2642 sunt.

1983 2678 2116 2740 Quae
2148 2675 2395 2730 consilia
2425 2691 2556 2730 cum
2590 2680 2787 2730 essent
2816 2694 2849 2730 a
2879 2675 3234 2746 quibusdam
3267 2676 3624 2748 conjuratio-

1984 2782 2123 2819 num
2158 2763 2542 2836 popularibus
2593 2765 2839 2841 detecta,
2869 2765 3254 2838 Theophanes
3283 2767 3437 2822 328
3488 2783 3623 2821 cum

1984 2854 2108 2907 suis
2158 2853 2334 2908 sociis
2384 2859 2473 2908 est
2521 2852 2854 2925 relegatus:
2889 2855 2987 2926 qui
3031 2872 3160 2910 vero
3213 2855 3494 2927 Stephani
3526 2871 3624 2910 ne-

1981 2942 2205 3013 gotium
2275 2949 2676 3014 susceperant,
2733 2943 3018 2999 verberati
3078 2951 3238 3015 sunt,
3306 2944 3461 2999 bona
3527 2961 3627 2999 eo-

1985 3047 2114 3086 rum
2161 3031 2482 3103 publicata,
2510 3037 2567 3087 et
2623 3033 2864 3088 naribus
2921 3033 3180 3104 prazcisis
3236 3033 3294 3088 in
3352 3032 3625 3088 exsilium

1983 3119 2117 3176 acti.

2055 3209 2332 3265 Caeterum
2365 3211 2531 3263 Turci
2568 3227 2682 3266 non
2723 3215 2856 3266 ante
2904 3211 3081 3266 ﬁnem
3131 3212 3394 3266 fecerunt
3423 3210 3482 3265 in
3515 3215 3625 3266 Ro-

1985 3315 2187 3353 manas
2219 3298 2470 3354 ditiones
2501 3300 2833 3371 grassandi,
2868 3317 3042 3372 quam
3075 3300 3393 3356 Bulosudes
3424 3317 3626 3355 eorum

1987 3387 2258 3458 princeps
2299 3387 2473 3442 {idem
2506 3404 2569 3443 se
2601 3388 2870 3460 amplecti
2915 3389 3308 3446 Christianam
3344 3388 3631 3445 simulans

1983 3474 2180 3546 Cpolin
2212 3476 2393 3544 venit,
2425 3477 2874 3548 baptizatusque
2920 3478 3000 3533 ibi
3045 3496 3078 3533 a
3107 3478 3494 3535 Constantino
3541 3482 3633 3534 est

1985 3568 2284 3635 exceptus,
2334 3565 2406 3619 ab
2453 3581 2638 3636 eoque
2683 3566 2910 3636 patricii
2959 3567 3245 3640 dignitate
3292 3574 3349 3623 et
3399 3567 3631 3640 magnis

1986 3652 2156 3708 donis
2187 3658 2431 3708 ornatus
2453 3653 2790 3724 ditatusque
2808 3655 3047 3710 domum
3074 3655 3264 3711 rediit.
3297 3657 3422 3712 Non
3446 3656 3630 3713 multo

1988 3745 2118 3814 post
2147 3741 2342 3814 Gylas,
2374 3742 2501 3814 ipse
2531 3759 2764 3814 quoque
2795 3743 3079 3800 Turcicus
3111 3745 3402 3817 princeps,
3425 3747 3628 3802 eodem

1988 3846 2050 3884 se
2096 3830 2362 3900 ejusdem
2411 3831 2492 3887 rei
2543 3847 2722 3886 causa
2764 3833 3024 3900 confert;
3083 3833 3529 3906 baptizatusque
3576 3841 3633 3891 et

1987 3919 2188 3974 eodem
2209 3935 2324 3990 quo
2347 3919 2505 3990 prior
2526 3921 2698 3975 modo
2719 3925 3005 3976 tractatus
3046 3922 3399 3976 monachum
3431 3939 3630 3978 secum

1989 4007 2232 4064 abduxit
2261 4007 2901 4080 Hierotheum,pietatis
2932 4011 3087 4066 fama
3116 4010 3424 4079 celebrem,
3455 4028 3630 4083 quem

1987 4098 2207 4153 Turcias
2232 4097 2573 4169 episcopum
2620 4098 3086 4170 Theophylactus
3121 4099 3452 4171 patriarcha
3480 4101 3634 4156 desi-

1989 4187 2207 4257 gnavit.
2243 4188 2414 4259 Isque
2444 4191 2507 4241 ut
2553 4187 2613 4241 in
2663 4187 2936 4244 Turciam
2983 4187 3158 4256 venit,
3195 4189 3411 4245 multos
3441 4208 3475 4245 a
3503 4190 3634 4246 bar-

1989 4275 2188 4331 barica
2220 4276 2420 4330 fraude
2449 4277 2521 4331 ad
2553 4275 2946 4332 Christianam
2979 4277 3319 4349 religionem
3351 4279 3632 4334 traduxit.

1992 4368 2069 4419 Ac
2100 4363 2274 4436 Gylas
2304 4365 2540 4436 quidem
2571 4365 2630 4419 in
2661 4366 2774 4420 fide
2813 4366 3170 4437 permansit;
3205 4371 3260 4421 et
3291 4383 3479 4438 neque
3511 4367 3634 4439 ipse

1990 4454 2049 4507 in
2083 4453 2377 4508 Romanos
2426 4453 2844 4525 impressiones
2875 4455 3028 4520 fecit,
3060 4459 3116 4510 et
3145 4455 3405 4528 captivos
3433 4455 3636 4511 Chris-

1991 4543 2186 4597 tianos
2235 4559 2436 4598 emens
2485 4544 2728 4612 curavit,
2776 4543 3222 4615 libertatemque
3253 4544 3325 4602 iis
3355 4545 3631 4600 reddidit.

1992 4631 2311 4688 Bolosudes
2343 4635 2538 4687 autem
2570 4634 2757 4704 pactis
2788 4650 2916 4704 quae
2966 4651 3099 4690 cum
3134 4638 3247 4690 Deo
3300 4635 3510 4690 inierat
3541 4650 3634 4689 re-

1991 4721 2215 4791 scissis,
2249 4737 2400 4792 saape
2430 4737 2564 4776 cum
2597 4722 2872 4777 omnibus
2903 4724 3026 4778 suis
3058 4722 3118 4777 in
3149 4723 3441 4779 Romanos
3469 4738 3634 4792 expe-

1795 4808 1883 4865 καὶ
1912 4796 1959 4861 D
1990 4810 2270 4865 ditionem
2307 4810 2582 4881 suscepit.
2601 4810 2761 4876 Quod
2796 4810 2952 4866 idem
2983 4815 3188 4869 contra
3218 4812 3470 4868 Francos
3500 4815 3627 4864 ten-

1988 4904 2120 4954 tans
2151 4903 2356 4969 captus
2414 4903 2471 4954 et
2511 4899 2583 4954 ab
2614 4915 2816 4955 eorum
2869 4917 3001 4973 rege
3044 4901 3268 4958 Joanne
3318 4901 3378 4955 in
3427 4899 3627 4972 palum

1987 4989 2236 5044 sufﬁxus
2263 4993 2369 5042 est.

226 5077 382 5130 παντὶ
442 5080 522 5148 τῷ
573 5073 709 5130 ἔθνει
753 5075 890 5130 κατὰ
937 5077 1224 5150 Ῥωμαίων
1268 5075 1516 5147 ἐξήλασε.
1567 5076 1636 5132 Τὸ
1685 5074 1730 5131 δ’
1773 5076 1903 5132 αὐτὸ
1949 5081 2109 5132 τοῦτο
2146 5075 2236 5131 καὶ
2277 5074 2411 5129 κατὰ
2449 5075 2718 5150 Φράγγων
2751 5083 2978 5146 ποιῆσαι
3007 5074 3311 5148 διανοηθεὶς
3341 5078 3432 5132 καὶ
3462 5074 3627 5138 ἁλοὺς

225 5163 657 5232 ἀνεσκολοπίσθη
695 5163 798 5218 ὑπὸ
830 5163 1084 5218 Ἰωάννου
1116 5167 1228 5238 (89)
1254 5169 1352 5220 τοῦ
1388 5164 1656 5240 βασιλέως
1681 5163 1878 5223 αὐτῶν.

289 5255 390 5308 Καὶ
423 5255 461 5321 ἡ
493 5256 590 5307 τοῦ
620 5273 752 5307 ποτε
809 5253 945 5308 κατᾶ
993 5254 1279 5328 Ῥωμαίων
1331 5252 1723 5316 ἐκπλεύσαντος
1775 5251 1876 5328 ἄρ-

220 5365 421 5419 χοντος
439 5344 570 5396 ἶῶν
619 5343 751 5403 Ῥὼς
796 5344 1033 5417 γαμετὴ.
1087 5343 1264 5418 ’Έλγα
1309 5340 1573 5418 τοῦνομα,
1622 5347 1719 5398 τοῦ
1786 5343 1875 5399 ἀν-

222 5431 347 5510 δρὸς
399 5431 570 5502 αὐτῆς
629 5430 996 5495 ἀποθανόντος
1054 5432 1380 5508 παρεγίνετο
1435 5432 1486 5488 ἄν
1529 5434 1874 5490 Κωνσταντι-

2057 5256 2208 5312 329
2243 5257 2416 5311 Porro
2463 5253 2602 5326 Elga
2656 5257 2971 5310 Rossorum
3017 5255 3301 5326 principis
3333 5273 3497 5323 uxor,
3529 5256 3629 5327 qui

1985 5347 2234 5402 classem
2293 5345 2351 5399 in
2410 5346 2702 5398 Romanos
2761 5343 3024 5409 duxerat,
3085 5345 3298 5400 marito
3353 5345 3629 5401 defuncto

1983 5433 2185 5506 Cpolin
2217 5433 2410 5500 venit;
2443 5437 2499 5488 et
2531 5431 2980 5504 baptizata,cum
3015 5449 3293 5506 magnum
3325 5449 3471 5490 verae
3505 5432 3626 5506 pie-

1412 5596 1796 5656 XYLANDRI
1833 5596 1922 5654 ET
1957 5592 2181 5652 GOARI
2218 5592 2451 5650 NOTZE.

291 5733 405 5803 (89)
447 5731 536 5787 Ab
564 5728 794 5788 Othone
821 5730 1198 5806 imperatore,
1229 5733 1435 5792 scribit
1463 5734 1860 5809 Curopalates,
1891 5732 1987 5793 cui
2014 5731 2229 5792 veritas
2259 5728 2514 5787 historia
2545 5728 2880 5788 subscribit.
2912 5730 3094 5789 Goan.
