4050 6326
184 402 263 462 65
1329 392 1884 455 HISTORIARUM
1927 392 2474 458 COMPENDIUM.
3523 397 3601 456 66

188 529 390 597 ηκόους
416 547 491 588 ως
546 510 810 600 γνησίους
863 522 1012 586 υἱοὺς
1069 522 1442 598 περιέποντες,
1497 519 1709 596 μεγάλα
1736 521 1838 590 τὴν

1975 541 2088 579 -um
2119 541 2187 580 ex
2219 543 2280 582 se
2329 531 2601 582 natorum
2652 530 2994 596 tractantes,
3028 525 3351 599 plurimum
3399 527 3593 600 reipu-

189 623 294 672 τῶν
357 615 652 688 Ῥωμαίων
710 613 888 690 ἀρχὴν
949 610 1261 690 ὠφέλησαν.
1329 611 1427 665 Καὶ
1482 610 1548 664 τὰ
1605 611 1700 682 μὲν
1749 613 1844 664 τοῦ

197 706 517 784 Νικηφόρου
585 703 995 777 προτερήματα,
1043 700 1135 761 ⁴’ίνοι
1205 701 1280 772 μὴ
1332 699 1395 754 τὸ
1451 705 1554 768 τῆς
1604 697 1843 774 ῗστορίας

196 796 426 870 συνεχὲς
455 791 839 862 διακόπτηται,
871 790 925 845 έν
974 795 1090 851 τοῖς
1136 790 1259 863 περὶ
1291 787 1494 842 ἐκείνου
1527 785 1798 858 λελέξεται
1829 805 1842 820 °

194 889 220 940 6
279 883 338 940 δὲ
392 883 540 941 Αέων
615 879 968 954 Ἀπολασαήρ
1039 879 1305 951 ἐπίσημον
1383 874 1550 951 ἄνδρα
1606 877 1694 931 καὶ
1749 879 1846 930 τοῦ

192 971 378 1033 Χαϐἇν
420 978 679 1047 συγγενῆ,
724 969 818 1024 σὺν
873 968 1078 1042 ἀπείρῳ
1125 967 1326 1037 πλήθει
1375 965 1510 1020 κατὰ
1559 965 1845 1038 Ῥωμαίων

192 1059 490 1134 ἐξελθόντα
529 1064 868 1137 τρεψάμενος
914 1057 1004 1112 καὶ
1052 1057 1342 1131 κατασχὼν
1409 1053 1462 1108 έν
1507 1057 1846 1112 Κωνσταντι-

189 1151 450 1208 νουπόλει
488 1149 792 1216 ἀπέστειλε,
824 1151 922 1202 τοῦ
957 1145 1133 1202 ἄλλου
1179 1144 1428 1215 πλήθους
1475 1143 1538 1197 τὸ
1565 1143 1658 1216 μὲν
1693 1143 1745 1198 ἐν
1777 1146 1845 1216 τῇ

187 1247 286 1298 τοῦ
319 1240 579 1313 πολέμου
609 1231 889 1313 προςῦέλῇ
940 1235 1172 1302 κτείνας,
1202 1234 1265 1288 τὸ
1317 1231 1375 1287 δὲ
1408 1234 1715 1306 ζωγρήσας.
1748 1235 1846 1288 “Ov

192 1330 436 1406 ἀχθέντα
488 1329 625 1400 πρὸς
671 1327 770 1396 τὴν
807 1321 1064 1400 βασιλίδα
1094 1325 1122 1378 6
1153 1318 1411 1385 ϐασιλεὺς
1442 1326 1844 1384 Κωνσταντῖνος

194 1397 473 1496 Θρίαμϐον
523 1397 758 1487 ποίήσας
807 1397 900 1469 καὶ
947 1414 1084 1469 κατὰ
1131 1416 1227 1467 τοῦ
1277 1410 1571 1486 τραχήλου
1603 1412 1848 1481 πατήσας

189 1515 382 1584 τιμαῖς
411 1529 472 1563 τε
499 1506 588 1561 καὶ
622 1503 854 1580 δωρεαῖς
885 1503 1358 1581 ἐφιλοφρονήσατο
1390 1503 1523 1573 (93).

270 1601 679 1653 Κωνσταντῖνου
730 1591 787 1648 δὶ
829 1594 920 1648 τὸν
971 1591 1166 1648 λοιπὸν
1222 1590 1336 1644 υἱὸν
1383 1593 1480 1644 τοῦ
1530 1593 1699 1643 Φωκᾶ
1746 1592 1847 1656 ζω-

192 1689 353 1764 γρίαν
389 1681 576 1740 λαϐὼν
609 1684 636 1738 6
663 1677 878 1740 Χαϐδᾶν
920 1681 1007 1736 καὶ
1059 1680 1136 1744 είς
1161 1679 1225 1734 τὸ
1255 1676 1452 1734 Χάλεπ
1483 1677 1846 1750 (94)ἆγαγὼν,

192 1773 509 1832 καὶπολλὰ
559 1769 866 1833 σπουδάσας
913 1770 988 1832 εἲς
1041 1771 1190 1844 [638]
1233 1770 1332 1838 τήν
1397 1767 1633 1841 μτσαρᾶν
1686 1764 1850 1819 αὐτοῦ

193 1865 482 1941 θρησκείαν
538 1867 732 1917 τοῦτον
796 1864 1144 1934 μεταγαγεῖν,
1199 1859 1272 1921 ὡς
1329 1856 1427 1911 οὐκ
1477 1852 1676 1927 ἔπεισε,
1711 1875 1848 1932 φαρ-
1880 1907 1928 1970 Β

254 1955 264 1970 ο
463 1952 477 1970 9
527 1953 540 1968 ς
611 1949 680 1970 ειν
732 1953 758 1970 Α
938 1952 1010 1970 ημ-
1066 1947 1190 1970 ),,__~
1247 1943 1296 1970 βξ
1350 1945 1504 1970 ---ν’--ᾼ
1553 1943 1815 1970 _-__..\_-_\

199 1955 396 2028 μτὶκοις
419 1952 580 2008 αὐτὸν
609 1949 894 2029 διέφθειρε.
938 1952 1014 2020 Τῇ
1057 1947 1194 2020 ἀκοῇ
1244 1943 1301 2000 δί
1347 1945 1514 2019 ταύτῃ
1550 1943 1851 2020 περιαλγὴς

196 2046 495 2120 γενόμενος
524 2043 551 2097 6
598 2037 811 2116 Βάρδας
860 2041 1060 2098 πάντας
1109 2035 1202 2098 οὒς
1252 2040 1501 2108 κατεῖχεν
1553 2032 1853 2108 αἲχμαλώ-

198 2155 325 2197 τους
356 2135 632 2207 συγγενεῖς
677 2133 774 2184 τοῦ
816 2123 1032 2185 Χαϐδᾶν
1082 2126 1217 2202 ξίφει
1257 2124 1542 2196 κατέκοψε.
1579 2123 1678 2179 Καὶ
1707 2123 1852 2196 παρᾶ

199 2227 363 2278 τοῦτο
389 2223 416 2275 ὁ
445 2221 510 2275 τὸ
542 2218 812 2293 ἆλλάγιον
844 2215 1108 2294 πεμφθεὶς
1141 2215 1470 2283 πυιήσασθαι
1505 2209 1719 2272 Παῦλος
1759 2209 1857 2282 μά-

202 2331 426 2386 γιστρος
455 2311 484 2363 6
517 2307 858 2381 Μονομάχος
905 2302 1177 2380 ἄπρακτος
1219 2301 1570 2376 ῧπέστρεψεν.
1601 2298 1855 2375 Ἀσχέτῳ

205 2399 264 2455 δὲ
313 2396 648 2474 περιωδυνίᾳ
706 2393 934 2472 ληφθεὶς
995 2395 1022 2449 6
1083 2387 1298 2450 Χαϐδᾶν
1354 2388 1445 2444 διὰ
1500 2388 1630 2451 τοὺς
1692 2388 1856 2443 αὐτοῦ

208 2492 488 2563 συγγενεῖς
545 2483 884 2558 έκστρατεόει
951 2484 1086 2536 κατᾶ
1161 2481 1476 2551 Ῥωμαίων,
1539 2477 1683 2554 ἄγων
1745 2477 1858 2550 μετ’

210 2581 378 2634 αὐτοῦ
409 2576 498 2632 καὶ
555 2577 649 2631 τὸν
710 2574 856 2650 παρᾶ
905 2571 1171 2648 βασιλέως
1228 2571 1538 2648 πεμφθέντα
1594 2568 1667 2630 ὠς
1702 2569 1861 2623 αὑτὸν

211 2663 549 2744 πρεσϐευτήν
611 2664 734 2738 περὶ
817 2662 1054 2738 εἰρήνης,
1126 2661 1370 2730 Νικήταν
1421 2658 1707 2733 πατρίκιον
1765 2657 1858 2711 τὸν

211 2755 595 2824 Χαλκοότζην,
655 2754 743 2808 καὶ
795 2750 1042 2812 πολλοὺς
1080 2749 1315 2824 ἀγαθοὺς
1374 2745 1571 2823 ἄνδρας
1617 2751 1726 2800 τῶν
1775 2747 1859 2800 ἆν-

209 2845 538 2921 δρειοτάτων
593 2842 682 2897 καὶ
728 2840 980 2918 γενναίων
1049 2838 1337 2911 Ῥωμαίων
1387 2837 1666 2911 ἐζώγρησε
1723 2838 1856 2908 (95).

207 2941 314 2990 Τοῦ
347 2933 406 2990 δὲ
435 2935 652 3003 Νικήτα
690 2929 865 3005 λάθρα
906 2928 985 3001 τῷ
1035 2933 1202 3001 Φῳκᾷ
1255 2925 1554 3000 μηνύοντος
1592 2925 1764 2980 πάντα
1795 2924 1862 2978 τὰ

213 3023 594 3101 βουλευόμενα
621 3025 701 3093 τῷ
747 3014 963 3076 Χαϐδᾶν
1014 3020 1104 3072 καὶ
1153 3017 1248 3078 τὰς
1299 3013 1459 3077 ὁδοὺς
1501 3011 1620 3069 ὅθεν
1666 3012 1860 3087 μέλλει

212 3117 541 3185 ηοιήσασθαι
570 3112 672 3179 τὴν
708 3108 1082 3184 ὑποστροφὴν,
1133 3105 1342 3182 λόχους
1373 3105 1400 3158 6
1442 3110 1639 3166 Φωκᾶς
1673 3103 1862 3178 ἐγκαθ-

217 3206 315 3274 ίζει
369 3204 517 3272 παρά
570 3221 693 3255 τινα
739 3199 904 3252 τόπον
985 3193 1191 3250 εἴσοδον
1269 3188 1473 3268 ἔχοντα
1531 3195 1720 3262 στενὴν
1772 3194 1858 3247 καὶ

1956 612 2117 668 blicaa
2151 615 2424 670 Romanae
2457 615 2830 671 contulerunt
2859 615 3150 671 utilitatis.
3183 618 3260 671 Ac
3291 615 3603 687 Nicephori

1955 704 2193 775 quidem
2230 706 2460 778 egregia
2495 706 2662 774 facta,
2696 723 2767 761 ne
2795 706 2854 761 in
2890 708 3197 779 presentia
3244 707 3600 762 narrationis

1955 794 2291 849 continuam
2342 796 2550 851 seriem
2609 795 3134 866 interrumpamus,
3190 812 3304 867 quo
3351 795 3476 851 loco
3531 796 3604 850 de

1955 883 2085 953 ipso
2117 883 2308 939 dicere
2357 884 2591 955 jubebit
2621 886 2783 953 ordo,
2817 901 3195 956 exponemus.
3247 891 3353 940 Leo
3401 889 3598 939 autem

1957 971 2378 1042 Apolasmrum,
2411 972 2700 1028 illustrem
2732 972 2921 1027 virum
2970 978 3028 1027 et
3064 973 3360 1028 Chabdani
3391 989 3604 1046 cogna-

1956 1062 2104 1129 tum,
2151 1061 2372 1133 ingenti
2423 1079 2555 1117 cum
2615 1059 2992 1118 multitudine
3043 1063 3324 1118 Romanis
3383 1063 3601 1117 bellum

1959 1148 2265 1204 facientem
2303 1150 2472 1216 fudit,
2501 1155 2856 1222 captumque
2885 1151 3086 1223 Cpolin
3121 1151 3606 1222 misit,militibus

1957 1239 2086 1307 ejus
2119 1238 2328 1310 partim
2361 1238 2420 1293 in
2439 1239 2634 1310 prielio
2661 1239 3220 1312 interfectis,partim
3246 1241 3606 1312 captis.Eum

1957 1325 2277 1397 imperator
2335 1327 2392 1381 in
2454 1327 2756 1399 triumpho
2816 1330 2962 1384 331
3029 1328 3214 1398 duxit,
3275 1328 3608 1400 collumque

1959 1415 2087 1486 ejus
2120 1415 2381 1485 calcavit,
2415 1433 2480 1471 ac
2529 1416 2850 1472 honoribus
2882 1422 2938 1472 et
2978 1417 3324 1473 muneribus
3356 1422 3604 1473 Leonem

1959 1503 2278 1558 demeritus
2312 1510 2418 1560 est.

2029 1594 2752 1660 Constantinum,tertium
2788 1594 2987 1649 Phocae
3022 1595 3230 1664 filium,
3265 1595 3614 1652 Chabdanus

1961 1683 2115 1754 cepit
2144 1687 2200 1737 et
2231 1682 2549 1754 Chalepum
2585 1684 3104 1756 abduxit,cumque
3137 1685 3342 1741 multis
3371 1685 3614 1741 tentatis

1962 1770 2290 1827 rationibus
2339 1789 2452 1827 non
2486 1778 2684 1844 posset
2727 1789 2860 1828 eum
2894 1791 2927 1828 a
2956 1791 3089 1828 vera
3119 1774 3395 1846 religione
3427 1776 3613 1831 abdu-

1961 1877 2110 1928 cere,
2145 1878 2366 1917 veneno
2398 1861 2660 1917 sustulit.
2694 1867 2814 1917 Hoc
2846 1863 3114 1918 auditum
3147 1864 3347 1918 Bardas
3381 1869 3613 1920 tantum

1964 1949 2162 2005 attulit
2220 1949 2500 2019 dolorem,
2535 1955 2600 2005 ut
2656 1956 2946 2022 quotquot
3001 1952 3266 2023 captivos
3314 1952 3615 2009 Chabdani

1965 2044 2242 2109 cognatos
2300 2039 2572 2108 habebat,
2605 2055 2702 2095 eos
2757 2056 2962 2096 omnes
3012 2040 3209 2112 gladio
3260 2042 3613 2097 concideret.

1965 2129 2088 2192 Qua
2120 2145 2179 2184 re
2210 2128 2425 2183 factum
2462 2133 2551 2184 est
2580 2134 2646 2183 ut
2677 2129 2890 2185 Paulus
2923 2129 3616 2202 magister,cognomento

1967 2218 2642 2285 monomachus,missus
2674 2219 2746 2272 ab
2772 2218 3120 2290 imperatore
3141 2221 3212 2275 ad
3238 2237 3438 2291 pacem
3463 2237 3621 2276 com-

1968 2308 2298 2379 ponendam
2355 2325 2416 2363 re
2472 2307 2682 2364 infecta
2729 2307 2984 2365 redierit.
3036 2309 3212 2364 Perro
3263 2309 3620 2366 Cbabdanus

1967 2395 2254 2451 indomito
2304 2397 2376 2451 ob
2404 2413 2606 2451 necem
2659 2402 3041 2468 cognatorum
3088 2397 3284 2453 dolore
3315 2403 3618 2470 correptus

1968 2487 2026 2541 in
2061 2486 2353 2540 Romanos
2385 2486 2571 2551 duxit,
2626 2502 2825 2540 secum
2875 2487 3096 2541 ducens
3127 2491 3184 2541 et
3213 2486 3472 2542 Nicetam
3516 2505 3618 2560 pa-

1968 2575 2203 2630 tricium
2237 2573 2608 2628 Chalcutzam
2643 2573 2978 2646 multosque
3019 2574 3165 2630 alios
3196 2576 3622 2646 praestantissi-

1972 2680 2098 2719 mos
2145 2680 2210 2718 ac
2258 2664 2614 2720 fortissimos
2663 2668 2978 2732 Romanos,
3031 2681 3180 2734 quos
3230 2669 3478 2736 ceperat.
3534 2665 3619 2720 Ibi

1970 2753 2170 2808 Niceta
2199 2753 2423 2808 occulte
2455 2752 2654 2808 Phoce:
2681 2754 2879 2808 omnia
2905 2753 3137 2808 barbari
3189 2753 3436 2808 consilia
3470 2755 3622 2810 indi-

1972 2848 2085 2909 cat,
2137 2849 2192 2898 et
2247 2843 2460 2914 quibus
2511 2843 2820 2899 itineribus
2870 2846 3110 2899 domum
3160 2845 3210 2899 is
3270 2845 3624 2914 repetiturus

1973 2936 2147 2988 esset.
2181 2931 2404 2986 Pbocas
2428 2948 2563 3002 ergo
2592 2931 2717 2987 loco
2749 2935 3000 3004 quodam
3043 2950 3348 2988 accessum
3375 2934 3626 2990 habente

1974 3027 2164 3077 artum
2201 3025 2376 3092 atque
2431 3027 2788 3094 prmruptum
2848 3021 3088 3078 insidias
3120 3023 3303 3094 ponit.
3336 3023 3458 3087 Quo
3489 3040 3622 3079 cum

1976 3110 2336 3182 pervenisset
2382 3111 2756 3175 Chabdanus,
2809 3111 3240 3167 circumventus
3283 3117 3372 3168 est
3429 3112 3500 3167 ab
3551 3112 3624 3168 iis

1976 3200 2079 3270 qui
2110 3199 2167 3254 in
2203 3199 2432 3254 insidiis
2461 3198 2796 3254 latuerant:
2833 3199 2892 3254 hi
2923 3216 3178 3270 namque
3210 3217 3270 3255 se
3299 3200 3622 3272 proripien-

212 3288 542 3367 κρημνώδη,
576 3288 631 3344 ἰν
675 3289 720 3360 ᾧ
747 3286 1040 3362 γενόμενος
1087 3285 1116 3338 ὁ
1167 3278 1410 3350 Χαεδᾶν,
1462 3280 1576 3336 ἐπεὶ
1605 3281 1740 3335 κατὰ
1777 3282 1858 3354 μέ-

1978 3294 2066 3344 tes
2099 3291 2156 3342 in
2191 3288 2420 3344 hostem
2451 3289 2712 3358 ingentia
2742 3306 2880 3343 saxa
2923 3288 3301 3344 devolverunt
3347 3294 3402 3344 et
3432 3291 3626 3347 omnis

216 3405 316 3451 σην
355 3381 571 3456 ἐγένετο
627 3378 726 3446 τὴν
780 3373 1166 3450 στενοχωρίαν,
1217 3371 1513 3426 κυκλοῦται
1566 3371 1713 3446 παρὰ
1755 3375 1862 3425 τῶν

218 3471 434 3546 λόχων.
485 3463 900 3538 Έξαναστάντες
945 3463 1049 3539 γὰρ
1096 3469 1196 3531 τῆς
1243 3458 1457 3536 ἐνέδρας
1491 3459 1541 3514 οἱ
1573 3460 1660 3514 ἐπὶ
1690 3461 1868 3532 τούτῳ

217 3557 545 3634 τεταγμένοι
574 3555 770 3629 πέτρας
821 3574 879 3608 τε
937 3550 1319 3627 ὑπερμεγέθεις
1378 3551 1495 3604 κατ’
1543 3550 1720 3604 αὐτῶν
1754 3548 1868 3604 έκό-

219 3651 340 3706 λιον
369 3647 459 3702 καὶ
491 3643 629 3722 βέλη
681 3642 757 3706 εἷς
806 3641 998 3703 αὐτοὺς
1042 3639 1286 3713 ἔπεμπον
1333 3635 1674 3696 παντοδαπά.
1709 3638 1804 3692 Καὶ
1840 3639 1868 3694 6

215 3736 312 3807 μὲν
345 3731 702 3800 Χαλκούτζης
748 3728 1310 3804 προευτρεπισάμενος
1359 3725 1450 3780 καὶ
1501 3723 1702 3799 δώροις
1736 3726 1868 3780 ὑπο-

212 3821 588 3895 ποιησάμενός
643 3840 795 3882 τινας
840 3823 948 3872 τῶν
1002 3820 1335 3892 Σαρακηνῶν
1392 3821 1491 3885 τῆς
1539 3821 1713 3892 φυγῆς
1768 3816 1868 3869 ὑπ-

211 3915 440 3987 ηρέτας,
469 3906 656 3974 ἔλαθεν
703 3904 942 3982 ἀποδρὰς
998 3907 1132 3980 μετὰ
1174 3905 1389 3960 πάντων
1436 3904 1604 3959 αὐτοῦ
1648 3907 1755 3958 τῶν
1782 3903 1868 3958 ol-

1975 3378 2204 3449 generis
2236 3377 2352 3431 tela
2378 3376 3128 3447 conjecerunt.Chalcutzes
3155 3394 3285 3433 cum
3321 3379 3390 3434 ad
3421 3380 3474 3434 id
3501 3381 3627 3449 jam

1980 3471 2114 3521 ante
2146 3470 2411 3538 parasset
2443 3467 2731 3538 quosdam
2761 3471 3101 3534 Saracenos,
3121 3471 3179 3523 et
3210 3468 3283 3523 ad
3314 3469 3628 3540 expedien-

1981 3556 2115 3609 dam
2147 3554 2257 3609 sibi
2287 3555 2484 3624 fugam
2518 3553 2863 3611 muneribus
2893 3557 3044 3611 832
3080 3557 3460 3628 corrupisset,
3494 3575 3628 3613 cum

1979 3643 2258 3698 omnibus
2284 3644 2410 3698 suis
2445 3644 2580 3715 fuga
2610 3643 2846 3715 elapsus
2879 3648 3394 3715 est.Agarenorum
3427 3646 3628 3701 ineffa-

1980 3729 2115 3786 bilis
2148 3730 2458 3786 multitudo
2490 3731 2568 3786 ibi
2602 3733 2771 3801 periit
2800 3749 2812 3798 ;
2845 3736 2900 3787 et
2930 3731 3281 3788 Chabdanus
3311 3733 3632 3790 interfectis

1985 3833 2134 3888 quos
2165 3817 2224 3871 in
2276 3817 2525 3872 vinculis
2557 3817 2829 3886 habebat,
2864 3835 2997 3873 cum
3051 3820 3255 3890 paucis
3286 3819 3540 3891 turpiter
3570 3827 3630 3878 et

1979 3909 2317 3978 promiscua
2346 3906 2481 3977 fuga
2511 3906 2770 3978 periculo
2804 3924 2865 3963 se
2897 3908 3136 3978 eripuit.

212 4001 394 4068 κείων,
447 4004 554 4053 τῶν
611 3999 928 4072 Ἀγαρηνῶν
1009 3992 1067 4049 δὶ
1140 3994 1394 4048 πέπτωκε
1453 3991 1682 4085 Δπλῆθος
1757 3992 2060 4085 ἀμυᾼθητον.
2119 3994 2176 4046 Ὀ
2247 3990 2304 4048 δὲ
2359 3987 2571 4049 Χαϐδᾰν
2631 3993 2722 4056 οὓς
2797 3994 2914 4069 εἶχε
2971 3991 3226 4066 δεσμίους
3294 3996 3635 4085 ἀποσφάξας,

220 4091 314 4145 σὺν
345 4089 564 4164 ἀλίγοις
595 4085 806 4147 ἅκλεῶς
839 4085 927 4140 καὶ
961 4083 1203 4146 ἀτάκτως
1235 4081 1325 4138 τὸν
1358 4079 1604 4138 κίνδυνον
1633 4080 1830 4157 *ίσχυσε
1861 4079 2157 4162 διαφυγεῖν.

288 4180 439 4234 Ἔτει
500 4174 559 4231 δὲ
616 4172 908 4246 δωδεκάτῳ
962 4179 1062 4242 τῆς
1112 4171 1512 4227 Κωνσταντίνου
1563 4169 1865 4246 βασιλείας,

217 4273 314 4321 τοῦ
346 4265 404 4321 δὲ
448 4265 661 4338 κόσμου
711 4260 888 4337 ,ςυξδᾎ
945 4263 1073 4335 μηνὶ
1136 4255 1496 4335 Φεϐρουαρίῳ
1551 4261 1650 4329 κζ’,
1700 4257 1867 4314 ῗνδικ-

216 4363 411 4417 τιῶνος
447 4353 533 4423 ιδ’,
563 4351 828 4408 κατέλυσε
856 4352 950 4406 τὸν
989 4350 1106 4426 βίον
1137 4349 1514 4428 Θεοφόλακτος
1549 4351 1575 4402 6
1606 4349 1868 4422 πατριάρ-

216 4467 346 4522 χης,
394 4442 820 4520 ἀρχιερατεύσας
879 4439 960 4495 ἐπ’
1011 4437 1103 4509 ἔτη
1163 4441 1261 4512 κγ’,
1317 4440 1528 4511 ἡμέρας
1560 4444 1652 4505 κε’,
1686 4436 1863 4507 ἑξκαίο

217 4534 344 4590 δεκα
388 4535 484 4607 μὶν
539 4531 670 4587 ἐτῶν
732 4530 804 4585 ὢν
865 4529 954 4584 ὅτε
1001 4527 1364 4589 ἀκανονίστως
1409 4525 1538 4588 τοὺς
1582 4529 1680 4596 τῆς
1735 4528 1863 4583 Ἐκ·-

2049 4176 2283 4228 Annum
2317 4172 2646 4244 imperante
2696 4175 3076 4230 Constantino
3113 4175 3198 4243 l2,
3230 4192 3388 4232 anno
3423 4177 3632 4232 mundi

1973 4263 2135 4331 6464,
2169 4261 2261 4316 die
2295 4261 2594 4316 Februarii
2626 4263 2717 4330 27,
2751 4263 3072 4319 indictione
3124 4265 3210 4332 14,
3261 4265 3630 4339 Theophyla-

1975 4356 2104 4407 ctus
2128 4351 2462 4422 patriarcha
2483 4351 2636 4406 diem
2659 4368 2834 4406 suum
2854 4352 3158 4418 obiit,cum
3184 4355 3233 4409 ei
3261 4356 3630 4427 pontiﬁcatui

1974 4441 2303 4512 praefuisset
2359 4457 2546 4496 annos
2573 4441 2644 4495 23
2673 4441 2799 4497 dies
2828 4444 2918 4498 25.
2963 4444 3107 4498 Cum
3157 4461 3292 4500 eum
3343 4445 3542 4513 iniret,
3574 4445 3632 4500 id

1971 4530 2125 4601 quod
2157 4536 2361 4586 contra
2408 4529 2564 4601 leges
2595 4530 3028 4588 ecclesiasticas
3062 4533 3263 4602 ﬁebat,
3288 4551 3476 4590 annos
3509 4537 3634 4590 erat

217 4625 454 4693 πλησίας
503 4620 840 4698 παρείληφεν
896 4616 1106 4686 οἷάκας,
1161 4617 1264 4672 ὑπὸ
1321 4614 1704 4692 παιδαγωγοὺς
1745 4620 1858 4693 (φεῦ

1975 4624 2148 4674 natus
2178 4621 2267 4684 l6,
2301 4623 2357 4674 et
2389 4619 2720 4691 patriarcha
2769 4623 2878 4676 sub
2929 4623 3260 4695 paedagogis
3307 4629 3434 4695 (pro
3483 4623 3630 4678 indi-

224 4718 336 4788 μοι)
389 4715 417 4767 6
473 4709 762 4788 ἀρχιερεὺς
821 4708 987 4784 μέχρι
1042 4707 1188 4768 τινὸς
1249 4703 1580 4768 διατελέσας.
1616 4705 1718 4762 Καὶ
1764 4702 1872 4760 εἷ’θε

219 4825 275 4878 γε
329 4801 416 4857 διὰ
467 4801 670 4861 παντὸς
720 4801 881 4852 τοῦτο
937 4799 1001 4865 ἦν
1038 4815 1050 4826 ·
1105 4793 1279 4850 ἐδόκει
1337 4796 1444 4872 γάφ
1494 4795 1621 4849 εἶναι
1672 4795 1867 4867 σεμνὸς

218 4893 302 4945 καὶ
341 4894 585 4965 μέτριος.
616 4890 724 4956 Τῆς
775 4885 1146 4958 ἱντελεστέρας
1207 4882 1264 4939 δὲ
1319 4882 1543 4954 ἡλικίας
1571 4883 1866 4956 ἀρξάμενος

216 4980 321 5052 ἤδη
356 4982 447 5036 καὶ
478 4985 597 5043 καθ’
646 4977 830 5032 ἑαυτὸν
896 4976 1048 5051 βιοῦν
1100 4974 1273 5038 έαθεῖς
1327 4971 1483 5029 οὐδέν
1541 4978 1650 5028 τῶν
1682 4974 1864 5050 αἰσχί-

215 5093 351 5127 στων
395 5068 487 5124 καὶ
546 5063 830 5128 παντελῶς
885 5062 1344 5139 ἀπηγορευμένων
1397 5063 1650 5136 πράττειν
1696 5061 1865 5118 ἐνέλι-

1980 4723 2153 4779 gnam
2187 4724 2307 4763 rem
2336 4707 2724 4780 !)aliquandiu
2757 4710 2892 4781 egit.
2927 4711 3274 4782 Quanquam
3311 4711 3535 4766 utinam
3570 4711 3628 4766 id

1979 4801 2325 4868 perpetuum
2358 4798 2588 4853 fuisset.
2612 4798 2758 4852 Nam
2787 4804 3030 4855 eatenus
3059 4801 3217 4856 visus
3250 4806 3338 4856 est
3371 4801 3633 4856 modeste

1978 4902 2044 4941 ac
2093 4902 2228 4941 cum
2287 4887 2570 4958 gravitate
2630 4886 2821 4957 aliqua
2878 4889 3054 4943 vitam
3116 4905 3302 4958 agere.
3336 4889 3628 4960 Adultior,

1977 4992 2109 5030 cum
2136 4976 2260 5046 jam
2313 4992 2419 5029 suo
2450 4974 2694 5029 arbitrio
2742 4977 2933 5031 vivere
2985 4978 3441 5049 permitteretur,
3484 4977 3632 5032 nihil

1975 5082 2175 5121 eorum
2211 5082 2338 5138 quas
2373 5063 2718 5136 turpissima
2749 5070 2805 5119 et
2825 5066 3062 5121 omnino
3085 5066 3312 5140 legibus
3335 5066 3632 5138 prohibita

1378 5193 1750 5249 XYLANDRI
1788 5194 1880 5248 ET
1917 5193 2139 5250 GOARI
2177 5193 2411 5249 NOTAE.

285 5301 400 5372 (93)
424 5304 486 5356 In
509 5304 672 5373 textu
699 5301 786 5352 est
807 5296 1046 5373 perinde
1070 5295 1354 5368 scriptum
1381 5309 1446 5349 ac
1469 5291 1517 5347 si
1551 5291 1872 5373 adtrium-

215 5363 893 5446 phatu'mgApolasaerum
937 5363 1269 5446 referretur,
1305 5380 1550 5446 munera
1580 5363 1646 5446 ‘ei
1679 5363 1868 5446 et‘ho-

217 5435 382 5502 nores
433 5444 508 5499 ab
548 5435 937 5513 imperatore
971 5441 1292 5511 obtigisse;
1327 5437 1482 5513 quod
1543 5435 1867 5513 absurdum

216 5524 371 5590 puto,
407 5521 468 5572 et
497 5516 571 5590 ad
605 5507 742 5590 eum
773 5511 965 5590 retuli,
1002 5507 1379 5590 cujusopera
1429 5507 1612 5588 hostis
1661 5512 1868 5590 captus

215 5578 267 5645 et
295 5578 605 5660 triumpho
656 5578 958 5660 exhibitas:
982 5578 1156 5641 esset.
1191 5578 1388 5653 Neque
1441 5580 1598 5633 enim
1645 5578 1870 5660 solebat

147 5701 164 5727 .
213 5649 598 5732 triumphatis
646 5662 780 5732 post
808 5658 1055 5732 pedibus
1105 5649 1336 5732 pressas
1382 5666 1584 5732 eorum
1617 5649 1869 5732 cervices

217 5722 533 5805 imperator
584 5722 834 5802 gratiam
882 5729 1065 5788 ullam
1107 5722 1342 5795 iacere;
1376 5728 1431 5781 et
1463 5722 1513 5778 si
1561 5737 1710 5777 novo
1761 5722 1868 5777 hoc

1985 5292 2249 5366 exemplo
2292 5289 2807 5366 factumufuisset,
2855 5291 2943 5346 vel
2995 5293 3247 5366 maxime
3295 5293 3632 5366 adnotanda

1978 5369 2101 5420 erat
2143 5362 2490 5438 insolentia.
2524 5362 2879 5438 Chabdanus
2928 5370 3125 5438 autem
3181 5364 3418 5438 Chalepi
3469 5383 3630 5422 ame-

1981 5454 2074 5491 ras
2134 5436 2262 5503 fuit,
2328 5439 2392 5490 ut
2443 5435 2503 5489 in
2575 5434 2835 5490 Romano
2915 5437 3084 5493 tertio
3161 5434 3378 5493 noster'
3433 5439 3625 5494 docet.

1978 5511 2122 5563 XYL.

2049 5579 2162 5653 ‘94.)
2189 5575 2259 5628 Τὸ
2291 5572 2496 5653 Χάλεπ,
2552 5577 2778 5653 Berroea
2807 5578 3002 5651 Syriae,
3058 5579 3229 5636 hodie
3257 5582 3408 5653 Alep.
3441 5582 3622 5637 Goaa.

2050 5650 2375 5722 (95)_l.ocus
2407 5649 2635 5704 videtur
2678 5649 3035 5722 decurtatus,
3070 5658 3127 5708 et
3169 5653 3277 5710 hos
3309 5649 3442 5710 ante
3473 5653 3623 5709 hanc

1977 5719 2407 5794 expeditionem
2438 5725 2638 5792 captos
2669 5721 2850 5778 fuisse
2880 5719 3142 5797 apparet.
3176 5726 3309 5782 XYL.
