4036 6330
452 360 528 418 6'1
1787 350 2107 414 GEORGII
2150 349 2493 412 GEDRENI
3780 346 3868 406 68

454 492 593 545 sunt
624 489 805 543 facere
826 484 1047 551 omisit,
1078 484 1297 557 gradus
1331 483 1757 539 ecclesiasticos
1787 487 1843 539 et
1875 484 2083 555 episco‘

2216 502 2333 553 πεν,
2365 479 2560 541 ὧνίους
2598 480 2878 554 προτιθεὶς
2922 478 3052 542 τοὺς
3097 485 3198 548 τῆς
3246 476 3578 549 Ἐλκλησίας
3613 478 3865 555 βαθμοὺς

454 594 659 651 porum
692 575 1007 631 electiones
1035 572 1881 646 venumdans,aliaque:agens
1911 573 2103 629 aliena

452 667 565 722 veri
602 664 942 737 patriarchae
976 662 1189 733 officio,
1218 663 1425 717 insano
1478 678 1766 733 equorum
1817 662 2011 718 studio
2044 666 2101 718 et

451 755 827 811 venationum
891 752 1175 825 perditus,
1230 751 1530 822 multaque
1590 750 1702 805 alia
1760 751 2100 806 indecenter

448 844 820 901 committens
848 867 863 910 ;
888 859 1014 913 quae
1038 840 1381 912 singulatim
1433 856 1703 895 enarrare
1726 845 1783 894 et
1821 841 2095 896 inconve-

449 935 617 991 niens
644 938 699 989 et
732 933 895 987 nefas
927 936 1036 987 est.
1090 930 1282 986 Unum
1335 947 1439 1001 par
1488 934 1576 986 est
1624 932 2092 1000 commemorari,

450 1027 859 1095 argumentum
894 1021 1083 1092 ipsius
1116 1020 1269 1074 male
1298 1018 1553 1074 instituti
1585 1018 2091 1091 animi.Equorum

448 1113 843 1185 parandorum
904 1125 1101 1164 amore
1153 1108 1373 1163 infrzeni
1437 1110 1761 1176 tenebatur,
1798 1110 2095 1179 ferturque

453 1202 730 1257 habuisse
780 1199 932 1253 ultra
979 1199 1092 1253 duo
1140 1214 1425 1269 equorum
1478 1198 1680 1252 millia.
1742 1198 1815 1252 Iis
1866 1197 2094 1253 alendis

449 1295 730 1363 perpetuo
762 1294 884 1344 erat
931 1289 1212 1342 intentus.
1245 1287 1441 1357 Neque
1488 1303 1621 1343 vero
1667 1286 1736 1341 iis
1787 1288 2001 1342 fumum
2039 1292 2095 1342 et

451 1381 736 1436 hordeum
770 1378 1125 1450 proponebat
1157 1377 1469 1444 edendum,
1504 1377 1602 1431 sed
1650 1380 1939 1431 metarum
1974 1378 2091 1430 fru-

447 1474 598 1535 ctus,
632 1467 824 1522 thasia
854 1471 910 1522 et
944 1465 1184 1537 pistacia
1217 1482 1279 1519 ac
1325 1464 1638 1535 palmulas,
1675 1482 1813 1519 uvas
1865 1482 2090 1535 passas,

446 1558 880 1627 caricas,eaque
903 1554 1099 1609 omnia
1118 1553 1600 1620 lectissima,vino
1625 1554 2091 1624 fragrantissimo

448 1650 767 1717 temperata
798 1646 950 1699 338
984 1644 1255 1698 admistis
1286 1643 1458 1697 etiam
1492 1660 1676 1706 croco,
1696 1642 2088 1710 ciunamomo,

447 1736 709 1791 balsamo
727 1734 973 1805 aliisque
992 1732 1375 1787 aromatibus.
1394 1732 1681 1787 Memoriae
1700 1732 1979 1787 traditum
2006 1738 2094 1788 est

446 1826 497 1881 ei
529 1824 847 1895 aliquando
896 1822 1251 1878 sacrificanti
1305 1837 1525 1892 magnae
1571 1838 1745 1875 cmnaa
1778 1821 2091 1876 Dominicre

446 1915 653 1987 quinta
686 1913 848 1980 feria,
882 1918 938 1966 et
962 1913 1085 1983 jam
1114 1928 1313 1983 preces
1348 1910 1758 1982 mysteriorum
1802 1909 2088 1979 recitanti,

442 2003 853 2076 supervenisse
901 2019 1033 2057 eum
1068 2001 1160 2056 cui
1215 2017 1501 2071 equorum
1534 2016 1673 2055 cura
1721 1999 1792 2053 ab
1832 1999 1959 2070 ipso
1994 2000 2088 2054 de-

444 2093 723 2149 mandata
753 2090 1287 2160 fuerat,laetumque
1320 2088 1586 2144 attulisse
1623 2087 2088 2158 nuntium,quod

444 2180 814 2236 nobilissima
880 2195 1167 2248 equarum
1238 2178 1581 2249 peperisset,
1650 2177 1847 2232 addito
1912 2177 2087 2232 etiam

443 2285 603 2340 equae
636 2267 891 2322 nomine.
928 2264 1321 2321 Patriarcham
1374 2280 1488 2335 prae
1542 2264 1723 2319 nimio
1761 2263 1994 2335 gaudio,
2028 2280 2089 2320 re

443 2374 611 2413 sacra
631 2361 929 2427 utcunque
952 2354 1237 2422 absoluta,
1260 2355 1329 2409 ad
1353 2354 1716 2409 Cosmidium
1741 2353 2086 2421 accurrisse,

444 2447 683 2518 visoque
719 2445 875 2517 pullo
907 2461 1108 2500 recens
1140 2443 1311 2512 edito,
1347 2448 1403 2498 et
1432 2443 1709 2498 satiatum
1751 2443 2086 2515 spectaculo

446 2536 602 2590 bruti
627 2536 681 2588 in
704 2551 978 2605 magnum
1004 2532 1289 2604 templum
1316 2533 1650 2599 rediisse,ut
1674 2534 1742 2587 de
1765 2532 2086 2588 Servatoris

443 2624 625 2681 nostri
652 2641 753 2695 pro
776 2623 945 2678 nobis
970 2622 1209 2677 tolerato
1242 2621 1530 2693 supplicio
1554 2622 1903 2694 hymnorum
1936 2622 2086 2676 rcci-

443 2714 721 2768 tationem
756 2713 825 2767 ad
862 2713 1034 2767 ﬁnem
1073 2711 1434 2783 perduceret.
1470 2710 1616 2775 Quin
1669 2714 1725 2765 et
1769 2710 1927 2765 hunc
1960 2727 2085 2764 mo-

442 2818 562 2857 rem
624 2801 966 2867 introduxit,
1012 2799 1109 2871 qui
1168 2799 1459 2870 hcdieque
1511 2800 1752 2867 obtinet,
1814 2799 1963 2869 quod
2027 2800 2085 2854 in

442 2889 769 2961 splendidis
822 2894 995 2959 atque
1028 2887 1393 2942 solemnibus
1446 2887 1853 2941 festivitatibus
1886 2892 1997 2942 Deo
2030 2892 2086 2941 et

442 2983 781 3033 sanctorum
832 2976 1217 3032 recordationi
1269 2975 1329 3031 fit
1374 2976 1728 3030 contumelia
1760 2992 1862 3047 per
1906 2962 2083 3030 fcedas

443 3066 767 3122 cantilenas
800 3083 865 3121 ac
920 3066 1072 3121 risus
1121 3072 1176 3119 et
1220 3064 1463 3120 insanos
1511 3063 1816 3130 clamores,
1868 3065 2083 3135 quibus

438 3156 720 3211 adhibitis
769 3156 951 3211 sancti
1007 3153 1205 3225 hymni
1255 3157 1586 3221 cantantur,
1640 3170 1788 3224 quos
1834 3171 1866 3208 a
1915 3152 2083 3208 nobis

2208 570 2299 626 καὶ
2328 571 2424 631 τὰς
2456 564 2740 646 προϐαλᾶς
2784 574 2891 623 τῶν
2944 568 3271 644 ἀρχιερὲων,
3306 568 3395 623 καὶ
3428 566 3571 623 ἄλλα
3601 569 3861 644 πράττων

2210 659 2308 714 ὅσα
2334 664 2454 720 τοῖς
2492 658 2779 728 ἀΛηθινοῖς
2830 659 3174 732 ἀρχιερεῦσιν
3220 657 3512 712 ἀπεοικότα
3536 655 3864 733 ἐτύγχανεν,

2209 750 2533 821 ἱππομανῶν
2571 748 2659 802 καὶ
2699 746 3043 822 κυνηγεσίοις
3092 745 3559 822 ἒνασχολοῦμενος
3606 747 3696 802 καὶ
3730 747 3865 802 λοι-

2206 838 2309 900 πὰς
2344 839 2603 911 ἀπρεπεῖς
2659 834 3121 911 διαπραττόμενος
3169 836 3411 911 πράξεις,
3460 835 3521 898 ἃς
3570 837 3706 890 κατᾶ
3758 838 3861 909 ne-

2208 948 2299 1003 ρος
2342 925 2588 997 διεξιέναι
2638 926 2730 981 σὺν
2760 930 2838 998 τῷ
2866 925 3103 1001 ἀπρεπεῖ
3147 926 3235 980 καὶ
3289 926 3562 998 ἀθέμιτον.
3604 931 3747 987 Μιᾶς
3800 922 3864 980 δὲ

2205 1015 2415 1071 δίκαιον
2466 1015 2871 1088 ἐπεμνησθῆναι
2965 1014 3040 1077 είς
3095 1010 3314 1084 ἔνδειξιν
3364 1021 3462 1084 τῆς
3523 1012 3860 1069 ἀπαιδεῦτου

2202 1106 2430 1180 γνώμης
2463 1103 2649 1161 αὖτοῦ.
2712 1106 2887 1179 Ἔρως
2946 1104 3107 1159 αὐτὸν
3165 1108 3418 1179 κατεῖχεν
3478 1100 3704 1179 ἄσχετος
3754 1112 3863 1174 τῆς

2201 1197 2307 1249 τῶν
2353 1193 2541 1249 ’ίππων
2599 1192 2860 1263 κτήσὲως,
2921 1193 3011 1247 καὶ
3070 1193 3286 1268 λέγεται
3353 1194 3483 1265 ὑπὲρ
3540 1190 3861 1268 δισχιλίους

2202 1284 2545 1359 πορίσασθαι,
2580 1284 2652 1336 ὧν
2700 1288 2801 1351 τῆς
2850 1280 3085 1355 κομιδῆς
3140 1279 3229 1337 διὰ
3272 1283 3473 1337 παντὸς
3519 1282 3860 1360 ἐφρόντιζεν,

2204 1373 2263 1429 οὐ
2296 1374 2495 1449 χόρτον
2550 1370 2736 1433 αὸτοῖς
2792 1371 3107 1447 παρατιθεὶς
3164 1371 3252 1425 καὶ
3313 1372 3523 1447 κριθὰς,
3570 1373 3760 1427 κώνων
3798 1370 3864 1428 δὲ

2200 1462 2443 1538 καρποὺς
2518 1464 2630 1534 (96)
2686 1460 2776 1515 καὶ
2858 1460 3017 1515 θάσια
3072 1463 3183 1534 (97)
3215 1462 3303 1515 καὶ
3371 1462 3521 1536 [639]
3575 1462 3859 1531 πιστάκια,

2202 1551 2278 1608 ἔτι
2314 1550 2371 1606 δὲ
2402 1551 2659 1629 φοινίκων
2693 1551 2782 1605 καὶ
2829 1547 3103 1627 σταφίδων
3155 1550 3246 1604 καὶ
3298 1548 3541 1625 ἲσχάδων
3591 1551 3657 1605 τὰ
3688 1550 3862 1607 λιπα-

2204 1643 2432 1717 ρώτερα,
2494 1637 2843 1711 εὐωδεστάτῳ
2900 1636 3033 1711 ο¹ίνῳ
3093 1638 3305 1715 μιγνὺς,
3362 1638 3454 1693 καὶ
3507 1639 3701 1713 κρόκον
3762 1642 3862 1695 καὶ

2201 1754 2556 1805 κινναμωμον
2589 1732 2679 1785 καὶ
2746 1730 3025 1806 βάλσαμον
3084 1730 3174 1785 καὶ
3233 1725 3385 1806 ἔτερα
3437 1731 3702 1807 ἀρώματα
3731 1737 3864 1795 τοῖς

2205 1821 2415 1896 ῥηθεῖσι
2474 1819 2794 1898 συμφόρων,
2872 1821 3081 1893 ἒκαστῳ
3146 1825 3253 1874 τῶν
3334 1818 3521 1875 ’ίππων
3574 1820 3857 1895 παρετίθει

2206 1912 2429 1987 βρῶσιν.
2467 1910 2605 1965 Φασὶ
2640 1907 2685 1963 δ’
2735 1910 2816 1963 ὅτι
2872 1907 3283 1983 λειτουργοῦντί
3337 1930 3469 1964 ποτε
3526 1910 3673 1981 αὖτῷ
3715 1910 3863 1964 κατᾶ

2198 2002 2297 2068 τὴν
2332 1999 2579 2074 μεγάλην
2608 1997 2704 2053 τοῦ
2737 1998 2880 2062 θείου
2932 1995 3150 2053 δείπνου
3200 1999 3456 2071 πέμπτην
3485 1998 3715 2075 ἡμέραν,
3757 2002 3857 2053 καῖ

2199 2088 2293 2149 τὰς
2319 2088 2481 2163 εὐχάς
2513 2086 2620 2158 ἤδη
2668 2092 2773 2142 τῶν
2822 2086 3136 2161 μυστηρίων
3193 2088 3639 2163 ἀναγινώσκοντι,
3688 2089 3714 2142 ὁ
3746 2091 3853 2159 τὴν

2200 2174 2514 2249 ἐπιμέλειαν
2545 2197 2653 2230 των
2697 2174 2882 2231 ’ίππων
2931 2175 3397 2250 ἐπιτετραμμένος
3445 2175 3694 2239 διάκονος
3726 2176 3857 2231 ἑπι-

2200 2267 2326 2327 στας
2378 2264 2688 2341 εὐαγγέλιον
2738 2265 2915 2338 τούτῳ
2962 2266 3273 2339 κεκόμικεν,
3328 2267 3400 2327 ὡς
3450 2264 3551 2341 ἄρα
3598 2272 3860 2322 τετοκυῖα

2200 2354 2283 2425 εἴη
2326 2356 2359 2425 ἠ
2396 2353 2771 2427 ἐπισημοτάτη
2826 2350 3052 2432 φορϐἂις,
3112 2356 3365 2429 προσθεὶς
3420 2356 3510 2410 καὶ
3558 2356 3618 2411 τὸ
3651 2357 3858 2431 ὄνομα⁹

2197 2446 2259 2502 Ὁ
2291 2441 2337 2498 δ’
2373 2443 2477 2498 ὑπὸ
2506 2444 2863 2520 περιχαρείας
2893 2444 2956 2499 τὸ
3002 2450 3103 2513 τῆς
3152 2444 3296 2508 θείας
3340 2444 3681 2521 λειτουργίας
3713 2446 3858 2500 ὑπόε-

2198 2531 2392 2587 λοιπον
2455 2532 2530 2593 ὠς
2579 2526 2766 2608 ἔτυχεν
2822 2531 3183 2607 ἐκπληρώσας
3232 2531 3497 2609 δρομαῖος
3543 2535 3856 2609 ἀφικνεῖται

2196 2622 2334 2696 πρὸς
2392 2624 2454 2676 τὸ
2506 2620 2826 2693 Κοσμίδιον,
2867 2621 2956 2675 καὶ
3014 2622 3106 2675 τὸν
3151 2623 3410 2697 τεχθέντα
3451 2621 3639 2678 πῶλον
3673 2624 3854 2698 ἑωρα-

2196 2711 2307 2773 κὼς
2334 2710 2421 2765 καὶ
2469 2715 2566 2765 τοῦ
2615 2708 2823 2785 ἀλόγου
2873 2711 3141 2783 θεάματος
3200 2710 3533 2787 ἐμφορηθεὶς
3586 2711 3852 2788 ὐπέστρε-

2196 2803 2289 2873 ψεν
2337 2798 2412 2860 είς
2471 2801 2568 2868 τὴν
2630 2796 2885 2874 Μεγάλην
2944 2798 3297 2869 Ἐκκλησίαν,
3354 2802 3451 2869 τήν
3511 2805 3621 2855 τῶν
3677 2801 3851 2877 ἁγίων

2194 2893 2382 2951 παθῶν
2432 2891 2527 2942 τοῦ
2612 2894 2869 2962 Σωτῆρος
2952 2889 3111 2960 ἡμῶν
3195 2888 3286 2942 καὶ
3350 2892 3483 2943 Θεοῦ
3542 2888 3844 2945 ἐκτελέσων

2195 2974 2496 3050 ὕμνῳδίαν.
2530 2979 2724 3053 Ἔργον
2782 2976 2982 3031 ἐκείνου
3030 2976 3119 3031 καὶ
3177 2978 3239 3032 τὸ
3293 2982 3383 3031 νῦν
3437 2982 3666 3053 κρατοῦν
3701 2974 3855 3047 ἔθος,

2197 3068 2248 3124 ἒν
2295 3072 2413 3129 ταῖς
2471 3066 2751 3142 λαμπραῖς
2808 3066 2897 3121 καὶ
2958 3064 3315 3139 δημοτελέσιν
3362 3068 3573 3143 ἑορταῖς
3626 3062 3854 3144 ὑϐρίζε-

2197 3159 2313 3211 σθαι
2336 3156 2428 3210 τὸν
2461 3156 2588 3210 Θεὸν
2620 3156 2707 3209 καὶ
2769 3155 2865 3216 τὰς
2919 3160 3026 3209 τῶν
3077 3155 3246 3230 ἁγίων
3302 3159 3519 3229 μνήμας
3550 3155 3639 3212 διά
3682 3156 3851 3234 λυγι-

435 3246 741 3317 oportebat
783 3246 957 3299 corda
1001 3243 1369 3311 compunctis
1428 3246 1599 3313 atque
1656 3241 1922 3297 contritis
1981 3258 2083 3313 pro

2195 3248 2413 3319 σμάτων
2447 3245 2699 3319 ἀπρεπῶν
2736 3244 2825 3298 καὶ
2872 3243 3127 3320 γελώτων
3169 3244 3259 3299 καὶ
3310 3246 3639 3321 παραφόρων
3673 3269 3853 3324 κραυο

434 3340 635 3389 nostra
668 3333 856 3387 salute
898 3333 1011 3387 Deo
1061 3331 1275 3386 offerri.
1311 3332 1381 3385 At
1411 3330 1508 3385 ille
1558 3336 1706 3385 coetu
1759 3330 2080 3403 ﬂagitioso-

432 3439 563 3477 rum
618 3423 922 3476 hominum
957 3426 1175 3487 coacto,
1210 3421 1398 3491 iisque
1446 3420 1715 3490 praefecto
1764 3420 2077 3491 Eutbymio

428 3513 705 3582 quodam,
740 3527 909 3581 quem
944 3510 1291 3582 cognomine
1318 3514 1547 3566 Casnen
1597 3508 1990 3581 appellabant,
2023 3514 2079 3564 et

427 3601 498 3655 ab
537 3600 663 3671 ipso
694 3606 782 3654 est
811 3599 1170 3655 domesticus
1200 3597 1405 3670 templi
1436 3598 2079 3666 constitutus,diaboli-

425 3706 525 3743 cas
558 3687 702 3744 istas
734 3688 1094 3755 saltationes,
1129 3688 1410 3743 obscuras
1448 3687 1911 3751 vociferationes,
1946 3704 2078 3742 can-

430 3776 819 3847 tilenasquee
865 3776 1051 3832 triviis
1108 3781 1165 3832 et
1224 3776 1608 3847 lupanaribus
1666 3778 1876 3848 petitas
1933 3783 2076 3832 tunc

428 3867 691 3921 adhiberi
722 3866 1124 3922 instituit.Hae
1155 3866 1283 3920 vitae
1317 3883 1462 3922 usus
1494 3867 1716 3921 ratione
1756 3867 1978 3921 interiit
2008 3882 2077 3922 ex

429 3956 626 4026 inepta
674 3956 1033 4025 equitatione
1082 3957 1151 4009 ad
1201 3972 1433 4010 murum
1486 3957 1799 4025 quemdam
1855 3957 2076 4010 mariti-

426 4061 585 4098 mum
620 4045 890 4099 afflictus.
926 4045 1005 4097 Ex
1055 4060 1170 4115 quo
1204 4060 1340 4098 casu
1376 4045 1531 4097 334
1563 4060 1695 4097 cum
1729 4045 2073 4114 sanguinem

427 4133 750 4187 vomuisset
780 4150 847 4187 ac
897 4132 1200 4187 biennium
1236 4134 1439 4187 morbo
1488 4134 1856 4188 conflictatus
1899 4141 2072 4198 esset,

425 4238 579 4293 aqua
611 4222 895 4276 intercute
925 4223 1250 4277 exstinctus
1277 4226 1384 4275 est.

416 4310 505 4362 καὶ
561 4308 696 4380 αἷμα
748 4308 1031 4383 ἀναγαγὼν
1092 4306 1183 4362 διὰ
1226 4311 1320 4361 τοῦ
1384 4308 1675 4380 στὸματος.
1738 4308 1859 4365 Ἐπὶ
1919 4306 2013 4363 δύο
2082 4308 2128 4365 δ’

424 4419 577 4468 τησε.

2189 3339 2298 3410 γῶν
2338 3334 2685 3405 τελουμένων
2740 3338 2847 3388 τῶν
2909 3333 3066 3387 θείων
3129 3332 3337 3406 ὕμνων,
3395 3335 3487 3396 οὕς
3549 3332 3653 3391 ἔδει
3708 3340 3853 3408 μετὰ

2190 3424 2519 3494 κατανύξεως
2574 3424 2663 3477 καὶ
2724 3428 3033 3499 συτριμμοῦ
3092 3421 3313 3498 καρδίας
3374 3426 3506 3501 ὑπὲρ
3562 3434 3663 3497 τῆς
3719 3429 3853 3483 ἑαυ-

2186 3519 2292 3569 τῶν
2352 3516 2500 3585 ἡμᾶς
2558 3512 2829 3587 σωτηρίας
2903 3512 3225 3590 προσφερειν
3282 3519 3363 3587 τῷ
3420 3520 3560 3587 Θεῷ.
3622 3514 3848 3586 Πλῆθος

2185 3604 2286 3678 γὰρ
2346 3600 2747 3673 συστησάμενος
2822 3600 3133 3677 ἐπιρῥήτων
3202 3600 3409 3678 ἀνδρῶν
3464 3605 3553 3659 καὶ
3613 3601 3847 3682 ἔξαρχον

2186 3691 2369 3753 αὐτοῖς
2404 3690 2697 3760 ἐπιστήσας
2750 3689 3025 3764 Εὐθῦμιόν
3067 3712 3185 3746 τινα
3238 3697 3460 3759 Κασνῆν
3513 3693 3848 3769 λεγόμενον,

2184 3780 2244 3835 ἀν
2278 3780 2437 3841 αὐτὸς
2471 3778 2791 3852 δομὲστικον
2819 3786 2920 3849 τῆς
2952 3779 3282 3849 Ἐκκλησίας
3329 3785 3445 3854 (98)
3474 3778 3847 3857 προῦϐάλετο,

2182 3870 2271 3924 καὶ
2303 3868 2399 3930 τὰς
2431 3870 2713 3930 σατανικᾶς
2764 3870 3027 3943 ἀρχήσεις
3084 3871 3175 3923 καὶ
3227 3872 3323 3932 τὰς
3382 3870 3628 3944 ἀσήμους
3674 3893 3847 3947 κραυ-

2183 3958 2281 4031 γὰς
2336 3956 2426 4011 καὶ
2484 3957 2550 4011 τα
2602 3957 2661 4011 ἐκ
2714 3955 2945 4027 τριόδων
3021 3959 3110 4012 καὶ
3169 3960 3586 4033 χαμαιτυπείων
3647 3962 3845 4035 ἠρανι-

2186 4047 2356 4117 σμὲνα
2410 4043 2625 4117 ᾄσματα
2697 4046 2973 4109 τελεῖσθαι
3058 4044 3317 4116 ἓδίδαξεν.
3379 4048 3567 4111 Οὕτως
3628 4046 3685 4103 δὲ
3717 4050 3848 4123 βιο-

2182 4134 2352 4189 τεύων
2384 4135 2736 4212 καταστρέφει
2767 4135 2860 4189 τὸν
2923 4134 3041 4211 βίον
3097 4135 3148 4189 ἐν
3198 4140 3277 4207 τῷ
3335 4136 3578 4200 ἀτάκτως
3610 4139 3845 4209 ἱππάζε-

2194 4225 2335 4293 σθαι,
2396 4220 2447 4276 ἔν
2502 4243 2609 4276 τινι
2666 4224 2839 4298 τείχει
2890 4228 2999 4279 τῶν
3048 4226 3500 4298 παραθαλασσίων
3563 4229 3850 4303 θραυσθεὶς

2184 4308 2277 4381 ἔτη
2360 4309 2793 4385 νοσηλευόμενος
2850 4313 2941 4368 καὶ
3003 4310 3177 4389 ὑδέρῳ
3236 4316 3543 4390 περιπεσὼν
3604 4314 3846 4371 ἕτελεύ-

498 4488 714 4543 Eadem
772 4488 1112 4557 indictione,
1172 4487 1341 4542 tertia
1398 4487 1613 4559 Aprilis
1671 4488 1784 4555 die,
1828 4487 1887 4542 in
1945 4489 2073 4559 ejus

2256 4489 2351 4544 Καὶ
2386 4494 2777 4564 χειροτονεῖται
2827 4493 2964 4545 κατὰ
3007 4492 3108 4560 τήν
3158 4493 3347 4567 τρίτην
3375 4498 3471 4549 τοῦ
3504 4492 3844 4570 ’Δπριλλίου

420 4577 614 4633 locum
648 4576 940 4631 sufficitur
958 4576 1301 4649 Polyeuctus
1325 4577 1671 4643 monachus,
1708 4576 1866 4649 Cpoli
1903 4585 2074 4633 natus

422 4671 598 4737 atque
649 4666 953 4731 educatus,
987 4670 1279 4720 castratus
1310 4683 1342 4720 a
1374 4666 1734 4736 parentibus,
1779 4666 2070 4739 longoque

417 4761 686 4827 tempore
716 4755 1043 4809 monastica
1073 4755 1192 4809 vita
1222 4771 1356 4810 eum
1387 4754 1561 4809 laude
1592 4756 1849 4823 functus,
1884 4757 2069 4827 impe-

424 4849 617 4900 ratore
672 4861 805 4899 eum
866 4844 940 4899 ob
993 4845 1333 4915 gravitatem
1388 4860 1619 4898 morum
1668 4850 1725 4899 et
1776 4845 2069 4917 insignem

418 4934 779 5006 sapientiam
814 4937 989 5005 atque
1014 4932 1374 5005 paupertatis
1396 4949 1575 4988 causa
1607 4949 1672 4988 eo
1696 4934 2068 5005 provehente.

426 5024 571 5080 Huic
602 5040 719 5079 non
772 5022 1081 5092 Heracleae,
1115 5027 1181 5078 ut
1228 5039 1357 5077 mos
1395 5022 1636 5088 ferebat,
1670 5023 1767 5077 sed
1819 5023 2071 5079 Basilius

2189 4578 2383 4650 μηνὸς,
2446 4581 2543 4647 τῆς
2592 4577 2755 4647 άῦτῆς
2802 4577 3163 4649 ίνδικτιῶνος,
3212 4581 3324 4636 ἀντ’
3372 4583 3540 4637 αὐτοῦ
3580 4586 3848 4659 πατριάρ-

2178 4685 2287 4741 χης
2333 4664 2674 4730 Πολύευκτος
2728 4670 2991 4743 μοναχὸς,
3050 4677 3150 4739 τῆς
3208 4669 3847 4740 Κωνσταντινουπόλεως

2180 4756 2267 4809 καὶ
2302 4754 2521 4828 θρέμμα
2548 4757 2838 4830 τυγχάνων
2891 4758 2980 4811 καὶ
3026 4756 3320 4831 παίδευμα,
3354 4760 3459 4815 ὑπὸ
3487 4766 3594 4815 τῶν
3634 4761 3843 4836 γονᾶων

2184 4843 2276 4915 μὶν
2312 4843 2703 4919 εὐνουχισθεῖς,
2736 4845 2824 4899 ἐπὶ
2874 4846 3047 4902 πολὺν
3094 4844 3150 4902 δὲ
3197 4848 3397 4923 χρόνον
3457 4849 3526 4924 τῇ
3567 4848 3845 4927 μοναδικῇ

2180 4932 2434 5008 πολιτείῃ
2491 4932 2896 5010 ἐκδιαπρὲψας·
2958 4938 3015 4991 ’ὸν
3067 4938 3095 4992 ὁ
3160 4936 3415 5014 βασιλεὺς
3477 4936 3566 4995 διὰ
3617 4942 3680 4996 τὸ
3738 4947 3845 4996 τοῦ

2181 5018 2350 5088 ἤθοῦς
2375 5023 2568 5096 σεμνὸν
2600 5026 2689 5079 καὶ
2719 5026 2780 5081 τὸ
2826 5030 2928 5092 τῆς
2986 5027 3176 5105 σοφίας
3223 5023 3570 5102 ὑπερϐάλλον
3614 5030 3703 5086 καὶ
3734 5032 3841 5101 τήν

1611 5182 1985 5240 XYLANDRI
2027 5184 2113 5239 ET
2151 5183 2372 5240 GOARI
2412 5186 2643 5242 ΝΟΤᾸΞ.

491 5320 605 5391 (96)
637 5321 788 5376 Vidit
819 5321 876 5376 in
914 5320 1113 5375 Lexico
1144 5318 1437 5391 Xylander
1465 5322 1662 5384 κῶνον,
1695 5335 1844 5377 areae
1876 5329 2073 5375 metam

420 5396 479 5446 et
504 5395 760 5462 pinorum
809 5396 1049 5463 fructum
1100 5392 1473 5457 significare;
1520 5391 1818 5462 palearum
1872 5398 2073 5447 metam

421 5464 533 5518 sibi
564 5463 761 5533 elegit,
798 5466 1065 5534 pinorum
1100 5480 1233 5517 vero
1267 5465 1496 5517 fructus
1552 5465 1820 5534 permisit
1850 5466 2073 5520 inscius

419 5534 850 5607 Theophylaoti
870 5536 1055 5607 equis.
1092 5535 1273 5607 Goaa.

490 5604 606 5677 (97)
637 5604 797 5662 Alias
838 5604 1202 5682 λεπτοκαρύα,
1236 5622 1418 5663 nuces
1472 5606 1721 5664 Pontica:
1773 5624 1873 5664 seu
1927 5607 2075 5665 avel-

421 5676 587 5733 lanae.
623 5678 803 5735 Goan.

444 5695 587 5733 ante.
623 5695 803 5736 UOAR.

2254 5322 2365 5401 (98)
2399 5323 2659 5401 Praeterit
2712 5322 2868 5401 hunc
2899 5323 3206 5380 officialem
3228 5395 3241 5401 _
3262 5326 3569 5401 catalogus
3607 5330 3841 5401 Codini,

2184 5394 2901 5469 geminumdomesticum
2931 5401 3127 5451 noster
3155 5395 3390 5453 exhibet
3416 5394 3513 5451 ειξῦ
3549 5396 3723 5469 δεξιοῦ
3748 5394 3844 5457 xui

2182 5467 2297 5540 τοῦ,
2340 5463 2623 5537 εὐωνύμου
2675 5470 2870 5540 χοροῦ,
2936 5472 3273 5538 primarium
3329 5463 3851 5531 videlicet'dextri

2184 5537 2512 5616 ξιήἕξινίᾳιιε
2542 5537 3018 5616 εὴονϊινιιηιονιέιη,
3050 5540 3268 5616 quibus
3299 5541 3452 5597 alius
3479 5546 3587 5616 τῷν
3616 5542 3847 5616 ψαλτῶν

2186 5602 2507 5688 Sentntia;
2538 5611 2912 5688 praeponitur,
2946 5602 3221 5669 omnibus
3258 5602 3685 5688 πρωτοψάλτης.
3721 5618 3843 5675 Eu-

2184 5678 2551 5754 chologium.’
2569 5678 2748 5739 GoAa.
