4050 6326
150 339 225 399 69
1288 339 1833 407 HISTORIARUM
1876 338 2398 406 GOMPENDIUM
2408 385 2425 402 .
3108 416 3111 419 _
3487 343 3565 404 70

148 469 528 543 ἆκτημοσύνην
568 475 882 548 χειροτονεῖ
934 470 1306 549 πατριάρχην,
1358 472 1421 528 ού
1476 477 1573 528 τοῦ
1629 474 1826 550 Ἥρα-¹

1925 474 2182 531 lineares:
2214 474 2528 547 episcopus
2558 490 2772 531 manus
2800 475 3260 549 imposuit,quod
3283 476 3568 548 Nicepho-

146 559 345 631 κλείας,
377 560 456 622 ὡς
488 557 637 633 ἔθος,
669 559 816 616 ἀλλὰ
842 564 940 616 τοῦ
986 562 1315 637 Καισαρείας
1365 562 1657 620 Βασιλείου
1700 563 1800 631 τήν

146 648 482 724 χειροθεσίαν
534 648 1009 724 πεπληρωκότος.
1058 650 1377 729 Νικηφόρος
1423 650 1562 726 γὰρ,
1621 652 1649 705 6
1704 657 1807 721 τῆς

148 737 474 812 Ἡρακλείας
520 736 814 813 πρόεδρος,
869 743 951 811 τῷ
1003 737 1219 815 βασιλεῖ
1262 738 1397 795 κατά
1458 761 1512 795 τι
1567 759 1805 814 προσκε-

147 827 392 899 κρουκὼς
423 826 491 881 οὗ
521 828 882 903 συνεχωρήθη
913 828 1013 897 τὴν
1054 829 1396 904 χειροθεσίαν
1446 831 1803 900 ποιήσασθαι.

145 921 296 980 Ὅθεν
328 916 421 971 καὶ
453 915 629 991 ψόγος
660 915 769 992 οὐχ
790 917 819 972 6
845 917 1035 993 τυχὼν
1067 913 1401 994 προσετρίϐη
1454 918 1516 973 οὐ
1545 922 1627 991 τῷ
1669 938 1806 994 προ-

144 1005 394 1079 τρέψαντι
459 1006 628 1078 μόνον
691 1006 782 1060 καὶ
835 1010 918 1078 τῷ
969 1007 1455 1082 χειροθετήσαντι,
1514 1005 1661 1062 ἀλλὰ
1715 1007 1804 1060 καὶ

147 1094 290 1166 αύτῷ
334 1098 420 1166 τῷ
468 1095 913 1170 χειροτονηθέντι
963 1095 1039 1157 ὡς
1085 1093 1499 1169 καταδεξαμένῳ
1527 1097 1628 1165 τήν
1671 1097 1804 1151 ἁκα-

144 1182 384 1239 νόνιστον
467 1181 672 1253 ταύτην
773 1184 1119 1259 χειροθεσίαν
1154 1227 1169 1242 .
1261 1183 1676 1258 Χειροτονηθεὶς
1757 1175 1807 1239 δ’

146 1271 296 1345 ὅμως
372 1271 464 1327 καὶ
538 1271 1052 1349 παρρησιασάμενος
1118 1273 1215 1342 τήν
1271 1271 1531 1345 ἀλήθειαν
1583 1270 1802 1342 πολλὴν

144 1358 501 1436 καταδρομήν
569 1359 808 1417 ἐποιεῖτο
854 1369 955 1432 τῆς
1017 1360 1331 1433 πλεονεξίας
1375 1366 1484 1418 τῶν
1535 1366 1805 1438 συγγενῶν

146 1455 239 1506 τοῦ
285 1444 598 1525 πρεσϐύτοτ
652 1451 959 1523 Ῥωμανοῦ,
1019 1453 1104 1525 [Ρ.
1135 1453 1264 1526 640]
1320 1452 1418 1506 κᾶν
1467 1456 1549 1525 τῷ
1581 1450 1805 1527 μεγάλῳ

150 1534 422 1613 Σαϐϐάτῳ
443 1539 538 1595 τὸν
587 1538 818 1615 βασιλὲα
873 1540 950 1604 εἰς
1002 1541 1102 1610 τὴν
1160 1539 1421 1618 Μεγάλην
1481 1539 1805 1612 Ἐκκλησίαν

151 1628 375 1693 ἐλθόντα
432 1627 590 1703 ἐνῆγε
637 1628 779 1704 πρὸς
807 1629 907 1699 τὴν
954 1633 1061 1684 τῶν
1106 1631 1461 1705 πραχθέντων
1507 1627 1801 1701 ἐκδίκησιν.

150 1721 321 1794 Ὅπερ
353 1716 462 1793 οὐχ
490 1714 670 1793 ῄδὲως
697 1717 859 1782 οὗτος
899 1714 1133 1788 ἰδὲξατο.
1169 1716 1351 1774 Ἀλλὰ
1394 1717 1484 1773 καὶ
1517 1717 1802 1782 Βασίλειος

151 1810 178 1863 6
209 1808 346 1882 μετὰ
392 1810 560 1862 ταῦτα
607 1807 1128 1881 παρακοιμώμενος,
1176 1808 1205 1863 6
1255 1807 1362 1863 ἀπὸ
1420 1804 1627 1875 δούλης
1673 1826 1803 1883 τεχ-

150 1898 256 1958 θεὶς
328 1897 413 1969 τῷ
484 1889 762 1970 πρεσϐύτῃ
838 1896 1129 1969 Ῥωμανῷ.
1199 1894 1426 1968 Ἑλένην
1478 1897 1577 1966 τήν

148 1984 391 2060 ἀδελφὴν
434 1983 525 2038 καὶ
571 1981 855 2038 δέσποιναν
904 1984 1407 2058 ὁποποιησάμενος,
1464 1982 1607 2039 οὕτω
1662 2005 1800 2061 παρ-

150 2073 403 2129 εσκεύασε
456 2071 547 2127 καὶ
598 2069 820 2143 διέθηκε
868 2074 960 2127 τὸν
1004 2075 1439 2141 Κωνσταντῖνον,
1501 2074 1576 2146 μή
1637 2093 1805 2147 μετα-

150 2163 431 2237 γινώσκειν
466 2161 633 2235 μόνον
660 2159 750 2217 ἐπὶ
779 2165 849 2227 τῆ
878 2165 976 2216 τοῦ
1007 2162 1353 2239 πατριάρχου
1377 2157 1807 2237 προῦολῇβιλλὰ

1771 1855 1881 1920 μΒ

1639 1897 1802 1952 αόττῦ
1834 1897 1881 1920 ⁸³
1911 1900 1983 1956 ad
2022 1899 2485 1972 patriarchatum
2526 1899 2898 1971 Polycuctum
2934 1899 3293 1971 promovisse
3322 1902 3566 1972 poenite-

1915 580 2017 619 rus
2045 563 2180 636 (hoc
2203 562 2359 619 enim
2394 579 2605 619 nomen
2635 563 2924 620 Heraclea
2953 564 3185 635 prmsuli
3220 566 3389 636 erat),
3422 568 3564 638 quia

1912 651 1971 707 in
2005 653 2263 724 quadam
2294 668 2355 708 re
2387 653 2649 708 animum
2681 653 3051 725 imperatoris
3078 654 3560 723 offendisseth

1915 742 2223 797 sinebatur
2254 757 2466 796 manus
2494 740 2815 812 imponere.
2850 726 2985 805 Quae
3032 757 3131 797 rex
3179 742 3564 815 vituperatio-

1916 846 2050 886 nem
2084 831 2239 886 haud
2272 831 2574 902 vulgarem
2607 829 2849 901 paravit,
2873 846 2988 886 non
3020 831 3358 901 imperatori
3390 834 3563 888 modo

1917 924 1975 976 et
2025 919 2262 984 Basilio,
2312 919 2413 975 sed
2472 923 2529 974 et
2583 918 2696 990 ipsi
2757 917 3090 991 Polyeucto,
3143 920 3300 990 quod
3358 924 3565 977 contra

1915 1024 2115 1064 sacros
2144 1023 2396 1063 canones
2417 1023 2480 1063 se
2509 1007 2766 1063 ordinari
2800 1024 3014 1079 passus
3042 1013 3217 1064 esset.
3237 1009 3337 1064 llic
3366 1014 3562 1066 tamen

1913 1097 1998 1152 ita
2028 1096 2388 1168 designatus,
2418 1095 2720 1152 veritatem
2756 1094 2934 1152 libere
2984 1096 3305 1169 professus,
3360 1098 3565 1155 multis

1914 1186 2179 1241 invectus
2242 1189 2332 1240 est
2393 1185 2452 1240 in
2512 1184 2814 1240 avaritiam
2875 1189 3256 1256 cognatorum
3313 1188 3561 1245 Romani

1913 1274 2087 1331 senis.
2100 1275 2166 1329 Et
2187 1275 2246 1329 in
2271 1288 2481 1345 magno
2496 1274 2746 1329 Sahbato
2766 1274 3181 1345 imperatorem
3198 1276 3257 1331 in
3280 1292 3563 1349 magnum

1911 1362 2197 1434 templum
2220 1363 2545 1419 venientem
2570 1364 2639 1418 ad
2656 1362 2950 1434 judicium
2971 1380 3170 1420 eorum
3192 1380 3322 1437 qua
3335 1366 3567 1423 fuerant

1914 1458 2044 1510 acta
2071 1452 2459 1509 exercendum
2508 1452 2778 1508 hortatus
2828 1457 2936 1509 est.
2991 1457 3117 1510 Non
3170 1459 3405 1526 gratum
3453 1456 3565 1513 hoc

1914 1541 2253 1615 imperatori
2285 1542 2416 1597 fuit.
2450 1541 2559 1597 Sed
2590 1546 2649 1597 et
2681 1541 3055 1614 Basilius,qui
3089 1543 3567 1603 deindeintimus

1914 1630 2313 1687 cubicularius
2375 1631 2563 1686 factus
2621 1634 2729 1696 est,
2782 1630 2939 1686 senis
2994 1633 3237 1688 Romani
3293 1649 3361 1689 ex
3402 1650 3569 1692 serva

1913 1720 2093 1788 filius,
2123 1738 2226 1792 per
2254 1736 2511 1777 sororem
2559 1736 2728 1776 suam
2782 1720 3058 1777 Helenam
3106 1723 3431 1794 Augustam
3485 1724 3568 1781 ita

1912 1809 2277 1867 Constantini
2308 1809 2572 1865 animum
2599 1808 2881 1881 aﬂ‘ecit,ut
2910 1826 3026 1864 non
3059 1811 3208 1868 885
3235 1812 3408 1868 modo
3429 1829 3564 1868 cum

1912 1993 2020 2058 ret,
2052 1989 2151 2044 sed
2185 1992 2242 2044 et
2270 1989 2341 2044 de
2372 2004 2438 2044 eo
2471 2005 2574 2059 per
2602 1988 2967 2043 occasionem
2999 1988 3324 2057 dejiciendo
3353 1989 3569 2061 cogita-

1915 2080 2021 2133 ret.
2056 2078 2125 2132 Et
2154 2078 2223 2132 ad
2257 2092 2385 2132 eam
2418 2091 2543 2131 rem
2576 2076 2975 2145 suﬁ'undebat,
3008 2076 3162 2146 quod
3194 2076 3379 2144 aiunt,
3404 2077 3569 2150 frigi-

1917 2165 2051 2221 dam
2075 2164 2417 2221 Theodorus
2448 2164 2631 2235 Cyzici
2657 2165 2990 2236 episcopus.

151 2254 233 2307 καὶ
273 2255 455 2321 ζητεῖν
483 2250 738 2328 ἀφορμὴν
768 2254 886 2313 πῶς
916 2250 975 2306 ἂν
1008 2250 1167 2307 αὐτὸν
1207 2250 1505 2327 καταγάγοι
1557 2254 1654 2306 τοῦ
1685 2249 1900 2327 θρόνου,
1930 2250 2115 2308 πολλὰ
2140 2251 2228 2308 καὶ
2260 2249 2545 2328 Θεοδώρου
2574 2255 2670 2307 τοῦ
2703 2251 2934 2321 Κυζίκου
2962 2251 3080 2306 κατ’
3128 2250 3292 2306 αὐτοῦ
3341 2248 3568 2329 διερεθί-

153 2347 339 2411 ζοντος
364 2343 579 2395 τοῦτον.

216 2432 421 2505 Ὠσπερ
451 2424 512 2483 δὲ
538 2431 637 2483 τοῦ
675 2423 882 2505 χρόνου
931 2427 1446 2507 φιλοτιμησαμένου
1491 2429 1629 2485 κατὰ
1677 2449 1805 2485 ταυ-

148 2520 237 2575 τὸν
281 2517 682 2594 ὁμογνώμονας
732 2514 1090 2588 ἐπιδείξασθαι
1140 2518 1510 2593 πατριάρχας,
1568 2517 1657 2573 καὶ
1705 2519 1807 2588 τήν

150 2614 255 2663 τῶν
286 2606 554 2681 ἐσπερίων
609 2605 901 2678 Ῥωμαίων
956 2608 1069 2677 (99)
1107 2605 1429 2677 Ἐκκλησίαν
1461 2605 1653 2661 ἰθύνειν
1688 2602 1808 2662 ἕλα-

152 2717 245 2773 χεν
280 2697 539 2764 Ἰωάννης
569 2695 598 2750 6
628 2698 725 2749 τοῦ
756 2689 1089 2770 Ἀλϐερίχου
1120 2695 1234 2758 υἱὸς
1288 2697 1386 2768 (1),
1446 2695 1582 2771 πρὸς
1631 2700 1803 2749 πᾶσαν

154 2783 437 2861 ἀσέλγειαν
479 2783 570 2838 καὶ
615 2780 803 2837 κακίαν
856 2783 1118 2859 ὑπάρχων
1159 2782 1477 2860 ἐπιρῥεπής·
1513 2782 1569 2837 6'v
1630 2789 1805 2841 ’Ὠτως

152 2877 178 2931 6
205 2880 314 2930 τῶν
342 2872 611 2949 Φράγγων
647 2869 902 2947 βασιλεὺς
933 2871 1205 2935 ἀπελάσας
1233 2867 1416 2947 ἕτερον
1452 2872 1807 2950 ἂντεισήγαγε

152 2964 215 3039 ff;
245 2960 553 3032 Ἐκκλησία
582 2960 839 3034 ποιμένα.

218 3054 281 3111 Ὁ
311 3049 369 3107 δὶ
420 3049 765 3111 Πολύευκτος
807 3051 887 3120 τῷ
927 3048 1132 3124 πρώτῳ
1177 3055 1277 3120 τῆς
1323 3048 1586 3126 ἱερατείας
1642 3048 1807 3105 αὐτοῦ

152 3141 340 3218 χρόνῳ
391 3144 516 3200 τοῖς
578 3138 749 3215 ἱεροῖς
794 3136 996 3211 ἐνὲταξε
1058 3135 1349 3214 διπτύχοις
1395 3136 1670 3212 Εὖθυμίου
1711 3142 1807 3194 τοῦ

150 3231 498 3305 πατριάρχου
548 3226 613 3282 τὸ
663 3222 860 3299 ὄνομα,
905 3230 1003 3282 τοῦ
1039 3227 1132 3282 τὸν
1169 3225 1394 3302 βασιλέα
1421 3228 1625 3283 Λέοντα
1656 3224 1804 3298 δεξα-

157 3288 319 3395 μένου
483 3288 790 3385 κοινωνίαν,
840 3288 1077 3387 δπηνίκα
1115 3288 1215 3388 τήν
1256 3318 1517 3391 τετάρτην
1570 3288 1804 3394 ἠγάγετο
1834 3288 1878 3357 C

151 3414 381 3485 γυναῖκα
396 3409 497 3481 (2).
529 3406 673 3482 Ηρὸς
696 3403 857 3460 τοῦτό
883 3426 1026 3468 τινες
1049 3409 1158 3460 τῶν
1191 3404 1489 3482 ἀρχιερέων
1522 3407 1661 3482 πρὸς
1692 3405 1809 3462 ὀλί-

153 3520 245 3572 γον
277 3496 604 3567 ἀντέστησαν
658 3492 739 3567 τῷ
792 3490 1120 3568 Πολυεύκτῳ
1183 3495 1258 3566 μή
1291 3500 1592 3552 κοινωνεῖν.
1633 3494 1810 3551 Ἀλλὰ

153 3588 265 3643 κατ’
312 3585 505 3661 ὀλίγον
534 3582 615 3656 τῷ
641 3587 739 3638 τοῦ
767 3587 1094 3659 κρατοῦντος
1125 3582 1597 3654 ἀκολουθήσαντες
1638 3583 1807 3660 θελή-

160 3698 286 3751 ματι
318 3674 536 3752 γέλωτα
563 3671 841 3749 παρέσχον
869 3677 987 3735 τοῖς
1014 3669 1473 3749 διακρινομένοις.

225 3855 417 3930 Ἦχθη
453 3848 509 3907 δι
536 3850 673 3907 κατᾶ
699 3850 792 3906 τὸν
822 3850 984 3906 αὐτὸν
1018 3852 1203 3927 καιρὸν
1253 3850 1341 3906 καὶ
1395 3853 1429 3921 ἡ
1485 3849 1645 3925 τιμία
1685 3852 1810 3926 χεὶρ

157 3949 251 4001 τοῦ
293 3940 623 4019 Προδρόμου
655 3941 732 4004 είς
763 3940 862 4010 τὴν
898 3937 1152 4016 βασιλίδα
1182 3940 1233 4011 ἐξ
1286 3938 1648 4016 Ἀντιοχείας,
1677 3939 1812 3995 ἀπο-

164 4033 434 4088 κλαπεῖσα
496 4029 641 4102 παρά
711 4049 860 4091 τινος
917 4025 1171 4084 διακόνου
1237 4023 1361 4086 Ἰὼϐ
1417 4026 1683 4103 τοῦνομα·
1744 4027 1812 4099 ἤν

163 4115 575 4176 καταλαϐοῦσαν
621 4119 722 4188 τήν
773 4115 1101 4189 Χαλκηδόνα
1132 4119 1159 4174 ὁ
1210 4116 1466 4194 βασιλεὺς
1511 4119 1609 4189 τὴν
1656 4119 1810 4194 βασις

165 4208 327 4278 λικὴν
388 4206 671 4281 ἐκπέμψας
738 4209 962 4281 τριήρη.
1021 4207 1109 4262 καὶ
1168 4212 1267 4277 τῆς
1312 4206 1634 4282 συγκλήτου
1686 4207 1811 4264 ὅσον

163 4277 432 4370 ἐπίσημον
463 4277 782 4367 ἐξελθόντος
817 4277 907 4350 καὶ
930 4277 935 4279 ν
960 4299 1055 4350 τοῖ’)
1092 4277 1436 4372 πατριάρχου
1468 4277 1813 4353 Πολυεύκτου

164 4387 253 4442 σὺν
285 4386 449 4441 παντὶ
478 4389 559 4458 τῷ
604 4383 798 4461 κλήρῳ
841 4383 976 4457 μετὰ
1029 4389 1215 4458 κηρῶν
1261 4383 1350 4439 καὶ
1386 4383 1691 4459 λαμπάδων
1721 4385 1812 4441 καὶ

161 4475 542 4549 θδμιαμάτων,
574 4472 650 4537 εἷς
676 4472 742 4527 τὰ
773 4472 1025 4549 βασίλεια
1053 4471 1276 4548 ἤγαγεν.

229 4567 291 4623 Ὀ
342 4562 400 4619 δὲ
446 4568 554 4618 τῶν
608 4559 832 4639 σχολῶν
892 4558 1213 4636 δομὲστικος
1265 4558 1465 4638 βάρδας
1513 4563 1651 4617 κατὰ
1704 4567 1811 4618 τῶν

1986 2435 2255 2488 Ceterum
2314 2430 2485 2503 quasi
2532 2431 2580 2488 si
2630 2434 2867 2502 tempus
2915 2431 2973 2486 in
3030 2447 3098 2488 eo
3153 2430 3447 2488 laboraret
3502 2439 3565 2489 ut

1916 2520 2136 2577 summi
2181 2521 2486 2592 pontiﬁces
2532 2520 2796 2592 ejusdem
2847 2520 3147 2575 sententiae
3205 2527 3563 2591 crearentur,

1915 2614 2191 2665 Romanas
2222 2608 2477 2665 ecclesia
2527 2609 2731 2666 eodem
2785 2613 3047 2681 tempore
3099 2610 3407 2681 praefectus
3459 2610 3569 2667 fuit

1914 2698 2174 2755 Joannes
2204 2696 2454 2753 Alberici
2486 2696 2662 2764 ﬁlius,
2686 2697 2861 2753 homo
2892 2698 2962 2752 ad
2995 2713 3230 2753 omnem
3264 2697 3568 2755 lasciviam

1916 2805 1984 2846 ac
2032 2787 2317 2843 malitiam
2379 2804 2741 2861 prepensus;
2797 2803 2968 2859 quem
3021 2787 3154 2843 Otto
3211 2787 3565 2846 Francorum

1916 2876 2234 2948 imperator
2290 2875 2532 2948 expulit,
2591 2875 2893 2947 aliumque
2949 2875 3205 2932 ecclesiae
3265 2880 3563 2948 pastorem

1916 2963 2246 3022 constituit.

1987 3053 2335 3126 Polyeuclus
2366 3052 2555 3123 primo
2584 3051 2676 3108 sui
2708 3051 3137 3124 patriarchatus
3185 3070 3338 3111 anno
3386 3058 3564 3129 Euty-

1916 3142 2032 3198 chii
2065 3141 2409 3214 patriarchae
2441 3157 2651 3196 nomen
2703 3141 2762 3195 in
2813 3158 3012 3196 sacras
3064 3142 3297 3197 tabulas
3343 3142 3566 3210 retulit,

1916 3232 2044 3302 ejus
2076 3230 2176 3302 qui
2208 3230 2623 3302 imperatorem
2657 3230 2908 3286 Leonem
2940 3230 3008 3285 ad
3056 3247 3355 3286 sacrorum
3406 3247 3566 3287 com-

1916 3318 2374 3375 municationem
2409 3318 2749 3388 admiserat,
2776 3335 2909 3374 cum
2942 3319 2993 3375 is
3024 3322 3293 3392 quartam
3326 3336 3563 3376 uxorem

1915 3407 2198 3464 duxisset.
2216 3408 2355 3463 Eam
2386 3406 2459 3463 ob
2492 3422 2612 3462 rem
2648 3407 2891 3480 quidam
2924 3424 3294 3465 summorum
3328 3410 3569 3481 pontifi-

1914 3512 2049 3553 cum
2067 3495 2411 3567 aliquandiu
2443 3494 2759 3552 noluerunt
2777 3513 2871 3554 res
2891 3513 3089 3553 sacras
3109 3513 3243 3553 cum
3263 3497 3572 3571 Polyeucto

1917 3602 2263 3643 communes
2319 3585 2534 3641 habere
2598 3601 2612 3639 :
2673 3601 2807 3640 mox
2862 3585 3231 3656 imperatoris
3283 3586 3570 3645 voluntati

1918 3676 2311 3747 obsequentes
2344 3674 2621 3729 ridendas
2653 3689 2716 3728 se
2747 3673 3214 3745 disceptantibus
3239 3679 3567 3732 controver-

1918 3764 2068 3822 siam
2098 3764 2510 3821 exhibuerunt.

1990 3854 2107 3907 Sub
2138 3852 2290 3906 idem
2322 3855 2558 3923 tempus
2587 3851 2919 3906 veneranda
2949 3850 3325 3922 praecursoria
3356 3868 3570 3908 manus

1921 3940 2233 3996 Antiochia
2262 3939 2462 4011 Cpolin
2497 3938 2674 3994 allata
2702 3944 2810 4003 est,
2842 3943 3111 4011 surrepta
3142 3940 3213 3996 ab
3242 3940 3389 3996 Jobo
3422 3957 3570 4012 quo-

1922 4030 2058 4085 dam
2119 4030 2385 4085 diacono.
2436 4029 2517 4083 Ea
2565 4045 2698 4084 cum
2748 4028 3075 4101 appulisset
3122 4029 3571 4088 Chalcedonem.

1922 4120 2244 4190 Imperator
2273 4133 2442 4173 suam
2473 4118 2671 4174 emisit
2700 4118 3000 4174 triremem
3055 4135 3068 4175 :
3119 4121 3177 4173 ct
3220 4117 3576 4177 illustriores

1922 4212 2225 4264 senatores
2254 4207 2646 4279 praecedentes
2676 4206 2906 4262 obviam
2952 4223 3086 4263 cum
3140 4209 3471 4278 patriarcha
3520 4214 3578 4266 et

1922 4298 2195 4354 universo
2226 4295 2380 4352 clero
2411 4312 2543 4352 cum
2577 4296 2761 4352 cereis
2793 4295 3015 4352 facibus
3037 4300 3093 4351 et
3111 4297 3413 4355 sufﬁtibus
3444 4315 3572 4355 eam

1922 4388 1983 4443 in
2014 4386 2303 4460 palatium
2335 4386 2729 4442 deduxerunt.

1995 4564 2149 4621 886
2213 4564 2453 4620 Interim
2521 4565 2742 4621 Bardas
2808 4564 3147 4621 scholarum
3218 4563 3579 4620 domesticus

165 4653 310 4727 ἰῲων
356 4654 674 4727 Ἀγαρηνῶν
733 4650 1121 4727 ἑκσνρατεύσας
1158 4651 1219 4706 τὸ
1280 4649 1332 4705 ἐν
1388 4651 1547 4706 ποσὶν
1607 4653 1815 4707 ἅπαντα

1925 4652 2290 4726 expeditione
2347 4654 2406 4707 in
2466 4652 2780 4709 orientales
2841 4654 3134 4726 Agarenos
3202 4653 3353 4708 facta
3412 4652 3583 4708 obvia

161 4741 585 4816 κπεστρίψατο,
637 4738 776 4795 ἰλὼν
820 4739 911 4795 καὶ
972 4739 1205 4817 φρούρια
1260 4740 1457 4811 ἱκανὰ,
1516 4738 1814 4819 ἐκπολιορο

1927 4759 2183 4815 quisque,
2273 4742 2544 4814 vastavit,
2649 4743 2944 4814 permulta
3043 4741 3284 4799 castella
3386 4741 3579 4814 cepit,

163 4834 329 4903 κήσας
361 4830 453 4885 καὶ
503 4831 602 4900 τὴν
634 4823 963 4905 περιϐόητον
1024 4826 1284 4886 ’Δδαπαν.
1340 4831 1401 4887 Ὀ
1452 4826 1510 4884 δὲ
1564 4829 1819 4905 βασιλεὺς

1925 4832 2238 4904 ipsamque
2286 4831 2429 4885 adeo
2490 4829 2743 4885 nobilem
2804 4831 3007 4885 urbem
3076 4831 3350 4902 Adapam.
3400 4846 3580 4902 expu-

166 4920 505 4997 βουλόμενος
533 4918 623 4974 καὶ
654 4924 782 4981 τούς
822 4916 875 4973 ἓν
928 4918 997 4993 τῇ
1040 4921 1232 4995 Κρήτῃ
1284 4918 1634 4996 Σαρακηνοὺς
1689 4942 1817 4975 συν-

160 5014 298 5085 εχῶς
332 5006 789 5086 ἱκστρατεύοντας
833 5007 922 5063 καὶ
968 5006 1036 5063 τὰ
1063 5005 1306 5083 παράλια
1350 5014 1454 5071 τῆς
1495 5008 1811 5083 Ῥωμαῖκῆς

1924 4921 2139 4993 gnavit.
2199 4921 2523 4991 Imperator
2589 4922 2790 4973 autem
2857 4917 3167 4975 Cretenses
3232 4919 3575 4988 Saracenos,

1922 5008 2021 5081 qui
2078 5008 2280 5064 crebro
2334 5005 2660 5063 maritimas
2718 5007 3112 5064 Romanorum
3182 5005 3437 5062 ditiones
3492 5004 3584 5062 in-

1355 5188 1724 5247 XYLANDRI
1764 5190 1854 5247 ET
1890 5189 2110 5247 GOARI
2149 5187 2378 5245 NOTAE.

220 5319 337 5391 (99)
383 5316 591 5382 Graeci,
644 5315 892 5371 Romani
952 5315 1627 5391 imperiiusucoessores.
1662 5316 1813 5391 r'Pm;

161 5388 349 5461 μαιουξ
382 5391 659 5447 Romanos
683 5404 747 5444 se
777 5402 965 5459 usque
994 5388 1054 5443 in
1084 5388 1432 5461 hodiernum
1465 5389 1619 5446 diem
1647 5389 1815 5460 jacti-

158 5460 447 5519 iuverunt.
485 5462 662 5530 Veros
713 5464 907 5530 autem
962 5461 1253 5530 Romanos,
1303 5460 1361 5515 id
1411 5465 1502 5516 est
1553 5461 1809 5530 Latinos,

158 5534 394 5592 Gedreni
446 5549 603 5605 vocer
634 5528 1251 5605 6mepiou_<_:Pwlaaioué
1278 5530 1592 5605 appellant.
1628 5528 1811 5605 GOAR.

218 5608 296 5679 (Ι)
331 5608 391 5679 Is
437 5609 533 5679 est
574 5602 843 5679 Joannes
884 5602 988 5679 Xl!

1924 5333 2108 5391 gnum
2138 5316 2534 5391 Romanorum
2562 5313 2978 5391 imperatorem
3001 5328 3194 5391 regem
3219 5314 3582 5391 Francorum

1922 5386 2121 5455 vocat;
2156 5390 2226 5444 de
2257 5404 2373 5459 qua
2421 5404 2480 5443 re
2531 5404 2710 5459 supra
2767 5387 2991 5443 monui.
3052 5388 3169 5459 Cur
3197 5390 3394 5443 autem
3427 5386 3582 5442 hunc

1926 5460 2233 5534 Polyeucto
2262 5458 2520 5516 similem
2552 5458 2730 5534 dicat,
2762 5477 2879 5515 non
2908 5459 3096 5534 video.
3130 5458 3264 5534 XvL.

1995 5529 2072 5602 (2)
2116 5533 2198 5604 De
2246 5531 2895 5604 quarum_nupliarum
2938 5532 3073 5604 jure
3120 5531 3237 5586 vid.
3291 5529 3580 5586 Arcudius

1079 5619 1210 5677 apa.
1245 5601 1505 5677 AAl'b‘erici
1553 5603 1815 5662 consulis
1924 5602 1964 5659 l.
1998 5601 2075 5658 vn
2105 5601 2465 5658 Concordiae.
2499 5601 2682 5660 om.

159 5672 400 5736 Enniani
432 5676 619 5747 ﬁlius,
648 5675 720 5732 de
750 5691 866 5746 quo
892 5675 1025 5734 vide
1039 5672 1665 5733 hiitoricosﬂttonem
1685 5686 1817 5735 ’ωε-
