4050 6326
489 369 563 428 71
1817 365 2137 429 GEORGII
2182 366 2521 428 CEDRENI
3815 374 3901 432 72

487 494 860 550 cursionibus
889 490 1191 556 vexabant,
1224 488 1467 560 cupiens
1497 491 1786 547 deterrere
1817 508 2132 563 eorumque

2250 498 2352 566 γῆς
2386 490 2646 567 δῃοῦντας
2695 493 2785 548 καὶ
2835 493 3267 569 κατατρέχοντας
3314 490 3610 572 ἐκφοϐῆσαι
3660 495 3751 551 καὶ
3795 503 3902 565 τῆς

489 583 837 638 immodicos
870 581 1125 650 impetus
1155 578 1822 650 reprimere,maximum
1849 582 2144 638 contrahit

486 670 797 727 exercitum
830 669 1198 737 classemque
1230 684 1601 739 nequaquam
1627 672 2139 735 contemnendam,

484 776 731 831 eamque
798 760 857 813 in
927 757 1153 812 Cretam
1222 758 1486 827 emittit,
1555 760 1824 829 praefecto
1890 763 1995 815 toti
2059 761 2141 815 rei

482 850 862 907 Constantino
896 846 1139 919 patricio
1188 846 1471 917 Gongyla,
1521 847 1855 905 effeminato
1905 850 2140 905 homine

484 945 540 995 et
601 940 658 993 in
712 938 919 991 umbra
968 935 1212 989 educato
1271 933 1526 1005 bellique
1595 935 1819 1008 ignaro,
1890 955 2003 992 uno
2070 939 2141 993 de

485 1028 761 1101 palatinis
811 1022 1210 1080 cubiculariis.
1240 1028 1295 1078 Is
1328 1025 1386 1077 in
1418 1027 1647 1078 Cretam
1678 1027 1923 1097 trajecta
1954 1027 2144 1084 classe

484 1116 627 1173 nihil
661 1118 805 1171 duce
836 1115 1081 1184 dignum
1113 1112 1262 1194 egit;
1291 1130 1423 1167 nam
1460 1129 1648 1184 neque
1678 1120 1871 1170 castra
1902 1118 2135 1199 muniit,

484 1222 674 1277 neque
724 1202 1121 1275 speculatores
1172 1207 1273 1255 aut
1321 1200 1715 1272 exploratores
1747 1205 2071 1273 collocavit,
2106 1224 2139 1260 a

484 1296 702 1367 quibus
750 1294 821 1347 dc
868 1292 1257 1346 Barbarorum
1312 1291 1562 1345 adventu
1616 1298 1971 1359 moneretur,
2013 1312 2140 1367 qua:

486 1402 619 1440 eum
655 1382 887 1437 incuria
921 1380 978 1434 in
1010 1395 1313 1433 summum
1346 1380 1589 1435 adduxit
1618 1382 1966 1453 periculum.
1997 1384 2140 1439 Nam

481 1473 777 1528 insulares
856 1468 1123 1524 socordia
1189 1473 1247 1521 et
1314 1467 1609 1538 imperitia
1659 1470 1906 1527 Romani
1974 1473 2141 1528 ducis

487 1560 872 1634 deprehensa,
933 1564 1259 1629 Opportuno
1315 1562 1481 1628 capto
1528 1563 1789 1631 tempore
1846 1566 2141 1617 Romanos

486 1652 684 1708 subito
731 1647 943 1717 adorti,
997 1646 1156 1701 nullo
1207 1647 1436 1717 negotio
1490 1648 1799 1716 fuderunt;
1852 1651 2141 1722 multique

486 1740 695 1795 horum
732 1737 829 1793 alii
864 1735 1037 1807 capti,
1072 1734 1168 1789 alii
1205 1737 1353 1790 ferro
1404 1736 1761 1808 interempti,
1796 1743 1853 1793 et
1900 1739 2141 1810 reliquis

486 1828 858 1901 fugientibus
889 1831 1079 1880 castra
1109 1841 1341 1896 quoque
1373 1842 1605 1881 summo
1636 1844 1768 1881 cum
1804 1835 2139 1883 nostrorum

2250 581 2490 655 ἀσχέτου
2558 584 2820 655 ἀνακόψαι
2854 584 3053 659 ὁρμῆς,
3090 584 3313 658 στρατὸν
3343 584 3425 639 ’ὸτι
3456 582 3715 639 πλεῖστον
3763 583 3906 639 συλ-

2254 669 2407 742 λέξας
2462 669 2553 725 καί
2609 667 2804 726 στόλον
2864 672 3185 746 εὐτρεπίσας
3245 673 3348 727 οὐκ
3412 673 3599 747 ἀγεννῆ
3638 673 3907 747 ἐκπέμπει

2249 761 2384 813 κατὰ
2436 767 2535 829 τῆς
2591 762 2802 830 νήσου,
2860 762 3159 835 στρατηγὸν
3243 760 3537 832 ἐπιστήσας
3592 768 3710 824 τοῖς
3769 770 3903 817 πᾶσι

2251 855 2645 903 Κωνσταντῖνον
2692 850 2974 926 πατρίκιον
3046 851 3138 905 τὸν
3202 851 3521 926 Γογγύλην,
3601 850 3903 922 θηλυδρίαν

2249 935 2532 1012 ἄνθρωπον
2576 940 2666 993 καὶ
2698 947 2997 1017 σκιατραφῆ
3043 941 3133 994 καὶ
3182 940 3623 1016 ἀπειροπόλεμον
3673 941 3763 995 καὶ
3810 939 3906 996 ἓτα

2247 1032 2355 1081 τῶν
2386 1026 2437 1081 ἐν
2467 1032 2547 1099 τῷ
2576 1027 2825 1101 παλατίῳ
2858 1027 3294 1101 θαλαμηπόλωψ
3356 1028 3413 1089 ὅς
3467 1031 3539 1091 εἰς
3595 1031 3696 1099 τήν
3737 1037 3899 1098 νῆσον

2250 1117 2571 1190 περαιωθεὶς
2615 1118 2703 1171 καὶ
2760 1115 2926 1190 μηδὲν
2995 1116 3142 1188 ἄξιον
3214 1115 3645 1192 διαπραξάμενος
3703 1140 3908 1195 στρατ-

2248 1211 2439 1281 τηγοῦ,
2504 1208 2644 1279 μήτο
2674 1205 3084 1282 στρατοπεδείαν
3138 1208 3444 1281 πηξάμενος
3474 1206 3709 1285 ἀσφαλῆ,
3764 1211 3907 1280 μήτε

2250 1293 2484 1355 σκοποὺς
2516 1293 2807 1365 ἐπιστήσας
2866 1295 2955 1349 καὶ
3002 1299 3370 1370 κατοπτῆρας,
3411 1299 3487 1370 [Ρ.
3521 1299 3650 1369 641]
3681 1296 3770 1350 καὶ
3833 1294 3904 1350 δι’

2250 1384 2427 1438 αὐτῶν
2487 1384 2582 1445 τὰς
2651 1378 2981 1458 βαρϐαρικὰς
3051 1382 3429 1462 φυλαξάμενος
3486 1383 3737 1463 ἐφόδους,
3788 1390 3907 1440 κιν-

2251 1470 2395 1544 δύνῳ
2426 1471 2667 1547 μεγίστῳ
2717 1472 3049 1548 περιπίπτει.
3082 1474 3149 1530 Οἱ
3178 1474 3280 1549 γὰρ
3312 1478 3573 1543 νησιῶται
3603 1475 3700 1542 τὴν
3752 1475 3907 1528 ἀπει-

2251 1561 2366 1635 ρίαν
2426 1562 2516 1615 καὶ
2573 1562 2672 1629 τήν
2753 1560 3011 1634 ἀμέλειαν
3065 1562 3461 1631 κατανοηκότες
3520 1567 3618 1617 τοῦ
3677 1583 3908 1637 στρατη-

2250 1656 2373 1726 γοῦ,
2405 1651 2592 1725 καιρὸν
2646 1649 3068 1721 ἐπιζητήσαντες
3122 1648 3431 1721 ἐπιτήδειον
3482 1650 3732 1729 ἐξαίφνης
3785 1650 3909 1705 ἐπι-

2248 1741 2483 1795 τίθενται
2528 1744 2608 1811 τῷ
2652 1740 3034 1816 στρατεύματι,
3100 1741 3188 1794 καὶ
3244 1742 3531 1814 τρέπονται
3593 1742 3686 1813 μὲν
3737 1745 3904 1796 τοῦτο

2253 1828 2469 1903 ῥᾳδίως,
2503 1829 2575 1888 ὡς
2606 1828 2853 1891 πολλοὺς
2897 1833 3003 1883 τῶν
3049 1830 3340 1901 Ῥωμαίων
3395 1826 3753 1905 αἰχμαλωσίᾷ
3811 1831 3904 1884 καὶ

485 1889 769 1974 dedecore
835 1920 1006 1986 capta
1073 1889 1423 1984 sunt-Ipse
1483 1915 1657 1970 etiam
1711 1917 2026 1989 Uongylius
2078 1918 2132 1973 in

2249 1889 2903 1991 6i.iﬁp¢p'8capspi09ﬁveti,
2954 1889 3222 1992 κατέσχον
3257 1916 3314 1972 δὲ
3351 1889 3549 1972 καίητὸ
3600 1889 3902 1993 στρατόπε-

484 2007 744 2064 hostium
783 2008 1132 2077 potestatem
1162 2002 1438 2070 venisset,
1465 2004 1575 2057 nisi
1611 2021 1644 2058 a
1673 2021 1855 2060 cuneo
1890 2006 2135 2062 famulo-

485 2115 615 2152 rum
652 2100 886 2167 ereptus
918 2099 976 2148 et
1005 2093 1063 2147 in
1098 2092 1292 2147 navim
1324 2092 1653 2163 praetoriam
1689 2094 1898 2158 fuisset
1945 2095 2133 2168 impo-

484 2186 657 2241 situs.

554 2471 682 2525 Jam
714 2468 1013 2522 Romanus
1049 2460 1424 2537 imperatoris
1474 2465 1629 2521 filius
1684 2466 1941 2522 adultior
1987 2467 2137 2524 ferre

486 2575 602 2614 non
645 2561 868 2628 poterat
916 2573 947 2609 a
999 2559 1160 2626 patre
1209 2556 1357 2609 387
1395 2572 1486 2609 res
1516 2555 1854 2626 gubernari,
1886 2557 2136 2628 ideoque

482 2664 616 2703 eum
648 2662 866 2701 veneno
920 2646 1120 2699 tollere
1171 2644 1393 2713 slatuit,
1449 2646 1682 2701 conscia
1732 2648 1908 2701 etiam
1958 2664 2134 2703 uxore

481 2755 589 2793 sua
618 2736 899 2805 cauponis
927 2735 1066 2789 filia.
1088 2738 1405 2806 Eapropter
1437 2752 1572 2789 cum
1603 2735 1773 2790 vellet
1802 2738 2132 2792 Constanti-

480 2845 594 2884 nus
626 2826 1121 2881 medicamentum
1158 2840 1413 2894 purgans
1444 2824 1663 2890 bibere,
1711 2824 1921 2881 lethale
1968 2843 2135 2882 vene-

485 2935 625 2973 num
689 2916 741 2971 ei
807 2919 1048 2986 parant;
1112 2913 1584 2984 persnadentque
1646 2913 1856 2969 Nicetm
1916 2932 2131 2971 mensa;

485 3006 834 3061 administro
866 3008 931 3057 ut
958 3002 1015 3055 id
1048 3002 1338 3056 infundat.
1375 3002 1699 3071 Imperator
1723 3019 1855 3058 cum
1898 3004 2023 3075 jam
2073 3006 2130 3060 id

482 3100 639 3150 esset
671 3090 1272 3161 hausturus,positum
1306 3096 1439 3145 ante
1469 3108 1667 3146 sacras
1697 3093 2132 3163 imagines,sive

486 3184 722 3239 fortuito
777 3182 898 3236 sive
954 3181 1153 3235 dedita
1207 3196 1381 3249 opera
1458 3180 1682 3251 lapsus,
1743 3182 1932 3251 poculi
2002 3185 2131 3255 ejus

2247 2004 2335 2060 δον
2391 2006 2553 2073 αὐτὸ,
2613 2011 2721 2059 τῶν
2784 2006 3070 2078 Ῥωμαίων
3132 2006 3426 2082 αἰσχίστως
3479 2006 3901 2084 ἀποφυγόντων.

2247 2098 2460 2169 Μικροῦ
2492 2092 2537 2148 δ’
2569 2095 2627 2149 ἂν
2676 2094 2821 2148 ἕάΛω
2869 2094 2959 2149 καὶ
2992 2096 3020 2149 6
3064 2094 3391 2170 Γογγύλιος,
3426 2095 3471 2149 εἰ
3532 2097 3608 2167 μὴ
3636 2095 3903 2149 συνασπί-

2245 2205 2427 2245 σαντες
2484 2185 2535 2237 o't
2590 2184 2910 2260 θεράποντες
2965 2183 3309 2260 ἐξερῥύσαντο
3370 2184 3527 2239 αὑτὸν
3561 2191 3662 2254 τῆς
3718 2184 3905 2259 αἰχμ-

2244 2271 2501 2341 αλωσίας,
2555 2274 2643 2328 καὶ
2704 2273 2779 2335 εἷς
2835 2274 2936 2342 τὴν
2990 2271 3296 2348 ναυαρχίδα
3352 2268 3741 2347 ἐμϐιϐάσαντες
3788 2270 3906 2327 διε-

2246 2361 2323 2415 σώ
2330 2382 2484 2415 σαντο
2494 2405 2507 2417 .

2313 2469 2595 2540 Ῥωμανὸς
2654 2465 2711 2522 δὲ
2755 2469 2783 2522 6
2840 2472 2937 2522 τοῦ
2991 2467 3259 2543 βασιλέως
3318 2467 3719 2525 Κωνσταντίνου
3778 2468 3907 2531 υἱὸς

2240 2556 2571 2633 τελεωτέρας
2622 2554 2728 2628 ἤδη
2792 2557 3067 2631 ἁψάμενος
3126 2556 3372 2627 ἡλικίας,
3430 2557 3518 2612 καὶ
3582 2560 3656 2631 μὴ
3715 2559 3899 2633 φέρων

2244 2648 2371 2722 ὁρᾷν
2408 2648 2473 2701 τά
2528 2648 2818 2719 πράγματα
2872 2647 2974 2701 ὑπὸ
3024 2650 3120 2702 τοῦ
3168 2646 3372 2722 πατρὸς
3432 2646 3596 2701 αὐτοῦ
3650 2644 3899 2701 διοικού-

2245 2756 2378 2808 μενα
2410 2780 2424 2803 ,
2483 2735 2753 2812 φαρμάκῳ
2811 2733 2999 2790 τοῦτον
3061 2733 3306 2790 ἐκποδὼν
3362 2739 3690 2807 ποιήσασθαι
3743 2731 3901 2790 €600-

2242 2824 2492 2893 λεύσατο,
2552 2823 2754 2895 εἰδήσει
2806 2824 2893 2879 καὶ
2924 2831 3025 2893 τῆς
3074 2825 3238 2880 αὐτοῦ
3270 2829 3515 2900 γαμετῆς
3558 2832 3657 2894 τῆς
3708 2846 3897 2895 καπη-

2241 2912 2413 2978 λίδος.
2439 2914 2755 2975 Μέλλοντος
2786 2916 2889 2989 γὰρ
2919 2919 3016 2969 τοῦ
3072 2914 3475 2971 Κωνσταντίνου
3524 2916 3895 2989 καθαρτήριον

2239 3003 2392 3077 πόμα
2442 2999 2649 3072 λαϐεῖν,
2703 3003 2952 3065 λαθόντες
3000 3004 3154 3058 οὗτοι
3203 3001 3540 3078 δηλητήριον
3572 3002 3748 3076 τούτῳ
3780 3002 3901 3058 ἐκέ-

2242 3114 2427 3169 ρασαν,
2485 3093 2573 3147 καὶ
2653 3095 2889 3163 Νικήταν
2966 3093 3056 3147 τὸν
3119 3092 3202 3147 ἐπὶ
3261 3099 3361 3162 τῆς
3421 3092 3692 3168 τραπέζης
3748 3113 3898 3168 παρ-

2240 3183 2451 3237 έπεισαν
2487 3180 2674 3256 ἐγχέαι
2730 3186 2890 3235 τοῦτο
2945 3186 3026 3253 τῷ
3077 3180 3310 3255 βασιλεῖ.
3345 3179 3573 3237 Μέλκων
3608 3179 3665 3236 δὲ
3694 3180 3906 3245 ἐκεῖνος

483 3274 762 3341 majorem
832 3276 1059 3341 partem
1129 3268 1357 3338 effudit,
1407 3270 1719 3339 Reliquum
1771 3276 2008 3341 epotum
2057 3274 2130 3328 ob

2246 3271 2371 3325 αὐτὸ
2405 3266 2588 3325 λαϐεῖν
2622 3269 2869 3343 κείμενον
2900 3267 3205 3345 ἔμπροσθεν
3233 3275 3341 3325 τῶν
3396 3275 3605 3326 σεπτῶν
3650 3270 3907 3344 εἰκόνων,

483 3363 835 3434 paucitatem
866 3360 1053 3415 visum
1085 3364 1175 3413 est
1204 3376 1398 3414 carere
1428 3360 1795 3429 efficacitate,
1830 3365 1887 3416 et
1919 3361 2131 3417 nihilo-

480 3453 678 3508 minus
710 3455 905 3507 tamen
940 3448 1359 3504 Constantinus
1390 3449 1551 3520 gravi
1595 3450 1798 3505 morbo
1851 3449 2133 3507 lateribus

475 3540 715 3597 tentatis
746 3558 779 3594 a
810 3554 1028 3593 veneno
1060 3554 1211 3609 agre
1240 3537 1440 3593 evasit.

2244 3357 2350 3413 εἷ’τε
2372 3359 2517 3434 τύχῃ
2550 3358 2655 3412 τινὶ
2710 3360 2812 3412 εἴτε
2859 3358 2948 3412 καὶ
2981 3358 3241 3421 ἑκουσίως
3274 3358 3573 3429 ὀλισθήσεις
3628 3359 3689 3412 τὸ
3730 3358 3907 3414 πλέον

2243 3448 2439 3524 ἐξέχεε.
2495 3449 2564 3502 Τὸ
2624 3445 2681 3501 δὲ
2740 3448 2933 3501 λοιπὸν
2986 3449 3147 3511 ποθὲν
3196 3449 3299 3502 ὑπὸ
3346 3451 3443 3502 τοῦ
3502 3448 3911 3503 Κωνσταντίνου

2245 3538 2403 3613 ἀργὸν
2443 3538 2609 3616 ἐφάνη
2658 3539 2747 3593 καὶ
2802 3536 3099 3613 ἄπρακτυν,
3161 3535 3250 3592 διὰ
3307 3540 3404 3606 τὴν
3469 3537 3773 3611 ὀλιγότητα
3802 3541 3913 3608 τὴν

476 3627 678 3684 οἰκείαν
711 3622 987 3682 ἀποϐαλὸν
1026 3624 1313 3701 ἐνέργειαν.
1352 3625 1503 3694 Ιιλήν
1551 3626 1639 3679 καὶ
1675 3624 1846 3687 οὕτως
1879 3628 1906 3681 6
1944 3630 2351 3690 Κωνσταντῖνος
2405 3628 2565 3701 μόλις
2596 3627 2968 3704 περιγενέσθαι
2992 3626 3245 3704 ’ίσχυσεν,
3286 3628 3683 3701 ἐπισκήψαντος
3714 3625 3780 3697 δὴ
3804 3634 3909 3683 τοῦ

476 3716 821 3793 δηλητηρίου
856 3715 907 3771 ἐν
936 3720 1003 3789 τῇ
1036 3714 1244 3787 πλευρᾷ
1276 3715 1439 3769 αὑτοῦ
1469 3716 1557 3769 καὶ
1589 3721 1767 3778 κακῶς
1804 3714 2122 3789 διαθεμένου
2152 3716 2334 3775 αὐτόν.

545 3833 710 3884 Anno
742 3827 974 3899 imperii
1006 3825 1373 3883 Constantini
1410 3826 1495 3892 15,
1544 3827 1724 3882 mensi
1779 3828 2131 3899 Septembri,

471 3918 790 3974 indictione
832 3919 885 3986 3,
922 3934 1073 3971 anno
1134 3915 1340 3969 mundi
1371 3916 1532 3981 6468,
1569 3917 1863 3986 profectus
1896 3922 1986 3971 est
2015 3918 2132 3971 im-

469 4013 703 4081 perator
734 4008 805 4063 ad
841 4007 1152 4079 Olympum
1187 4009 1466 4071 montem,
1500 4004 1557 4057 in
1593 4005 1869 4075 speciem,
1916 4011 1979 4061 ut
2031 4024 2131 4078 pa-

470 4103 626 4153 trum
660 4097 759 4169 qui
792 4096 867 4149 ibi
890 4095 1163 4150 vivebant
1185 4092 1759 4163 comprecationibus
1782 4100 2045 4151 armatus
2068 4096 2127 4151 in

471 4187 696 4259 Syriam
729 4188 931 4239 contra
961 4184 1284 4237 Saracenos
1318 4181 1806 4252 proficisceretur,
1840 4198 1898 4237 re
1931 4190 2128 4241 autem

472 4276 623 4347 ipsa,
656 4278 723 4327 ut
754 4289 887 4327 cum
921 4271 1224 4326 Theodoro
1272 4268 1457 4339 Cyzici
1505 4268 1799 4342 episcopo,
1850 4272 1948 4342 qui
2001 4277 2128 4328 tum

470 4364 549 4419 ibi
585 4363 853 4434 degebat,
882 4361 952 4415 de
978 4358 1283 4429 Polyeucto
1312 4357 1637 4427 dejiciendo
1661 4360 1907 4416 consilia
1930 4362 2123 4418 iniret.

473 4453 609 4508 Inde
640 4452 758 4507 sive
790 4448 1050 4520 corporis
1082 4447 1371 4512 vitio,sive
1402 4464 1607 4503 rursus
1657 4466 1689 4503 a
1739 4450 1856 4505 ﬁlio
1909 4450 2124 4521 petitus

2318 3832 2394 3882 ιε’.
2430 3824 2487 3881 δὲ
2527 3824 2715 3901 χρόνῳ
2770 3828 2867 3894 τῆς
2922 3824 3086 3880 αὐτοῦ
3142 3823 3444 3898 βασιλείας,
3499 3825 3636 3880 κατᾶ
3678 3826 3741 3880 τὸ
3798 3831 3910 3880 Σε-

2242 3910 2546 3989 πτέμϐριον
2586 3922 2733 3987 μῆνα
2760 3918 2858 3979 τῆς
2891 3915 2944 3990 γ’
2976 3911 3338 3981 ἰνδικτιῶνος,
3390 3914 3440 3968 έν
3501 3909 3603 3969 ἔτει
3651 3920 3913 3987 κοσμικῷ

2240 4004 2419 4078 ,ςυξηᾏ
2476 4003 2633 4076 ἔξεισι
2694 4008 3092 4064 Κωνσταντῖνος
3150 4005 3177 4057 ὁ
3241 4002 3495 4079 βασιλεὺς
3553 4003 3603 4057 ἐν
3660 4007 3739 4074 τῷ
3804 4009 3912 4059 τοῦ

2242 4092 2525 4166 Ὀλύμπου
2572 4088 2708 4167 ὅρει,
2738 4096 2816 4163 τῷ
2864 4092 2956 4163 μὲν
3007 4089 3183 4145 δοκεῖν
3210 4097 3328 4153 ταῖς
3365 4096 3472 4145 τῶν
3526 4090 3697 4146 ἐκεῖσε
3727 4091 3909 4146 Πατέ-

2239 4203 2350 4258 ρωτ
2404 4182 2589 4257 εὐχαῖς
2630 4188 3031 4255 θωρακισθῆναι
3079 4182 3168 4235 καὶ
3221 4182 3337 4253 μετ’
3386 4181 3560 4236 αὐτῶν
3608 4182 3741 4235 κατὰ
3791 4187 3904 4234 Σα-

2239 4276 2481 4347 ρακηνῶν
2533 4268 2592 4324 ἐκ
2651 4270 2821 4344 Συρίᾳ
2879 4268 3277 4345 ἐκστρατεῦσαι,
3356 4266 3553 4338 ἀληθεῖ
3620 4268 3675 4323 δὲ
3747 4268 3907 4343 λόγῳ

2238 4360 2498 4428 ένωθῆναι
2577 4355 2843 4432 Θεοδώρῳ
2899 4364 2979 4430 τῷ
3033 4366 3133 4428 τῆς
3195 4358 3424 4428 Κυζίκου
3489 4355 3901 4433 προεδρεύοντι,

2236 4447 2405 4503 ἐκεῖσε
2450 4448 2573 4502 τότε
2615 4447 2707 4508 τὰς
2773 4443 3052 4522 διατριϐὰς
3092 4448 3438 4520 ποιουμένῳ,
3498 4447 3587 4500 καὶ
3646 4447 3759 4519 μετ’
3806 4446 3900 4517 αὖ,

468 4556 710 4607 veneno,
745 4538 1046 4595 doloribus
1079 4541 1380 4606 correptus
1403 4535 1695 4605 discessit,
1722 4542 1778 4592 et
1808 4539 1917 4592 sub
1949 4539 2125 4595 finem

2246 4543 2328 4592 τοῦ
2360 4538 2483 4613 περὶ
2539 4543 2639 4607 τῆς
2686 4537 3047 4613 καθαιρέσεως
3104 4540 3199 4590 τοῦ
3260 4534 3608 4590 Πολυεύκτου
3656 4534 3898 4611 βουλεύ-

2346 4638 2359 4641 _
2520 4627 2577 4641 ..η
2642 4631 2665 4641 ..
2869 4629 2894 4639 ..
3107 4623 3119 4641 .
3440 4622 3464 4641 ν
3862 4628 3894 4638 «ρ

468 4628 734 4685 Octobris
757 4629 813 4682 in
842 4627 1043 4683 lectica
1070 4625 1269 4695 Cpolin
1294 4630 1624 4696 reportatus
1647 4630 1756 4695 est,
1776 4644 1842 4680 ac
1864 4628 2127 4685 consiliis

469 4720 593 4774 suis
620 4718 837 4773 exitum
862 4714 1088 4769 nullum
1104 4714 1435 4768 consecutis
1455 4717 2127 4784 mortuus,nonadieNo-

469 4806 892 4872 vembris,vixit
910 4820 1095 4859 annos
1113 4803 1545 4875 quinquaginta
1564 4809 1816 4874 quatuor
1829 4810 1883 4859 et
1898 4822 2128 4861 menses

466 4898 604 4963 duo,
632 4894 964 4968 imperavit,
998 4892 1152 4947 338
1182 4891 1421 4963 collegis
1456 4900 1635 4963 patre,
1668 4894 1991 4950 Alexandro
2024 4912 2124 4966 pa-

463 4992 596 5041 truo
619 4991 675 5040 et
697 4990 881 5039 matre
904 4999 1031 5046 sua,
1056 4997 1240 5036 annos
1273 4980 1577 5047 tredecim,
1612 4998 1818 5036 rursus
1850 4999 1983 5038 cum
2013 4988 2123 5039 Ro-

466 5091 639 5129 mano
665 5074 884 5143 injuste
906 5070 1218 5141 imperium
1247 5070 1455 5141 adepto
1480 5086 1665 5124 annos
1686 5069 1892 5141 viginti
1926 5088 2045 5138 sex,
2071 5077 2128 5127 et

467 5163 567 5218 illo
590 5164 863 5219 submoto
878 5176 1064 5215 annos
1079 5156 1726 5231 quindecim.Sepultus
1742 5159 2014 5229 estjuxta
2032 5178 2127 5232 pa-

466 5260 614 5308 trem
633 5250 920 5307 suum.Ad
941 5254 1267 5304 extremum
1287 5261 1474 5317 usque
1495 5244 1771 5315 spiritum
1792 5249 2129 5304 succensuit

470 5342 795 5413 Polyeucto,
820 5345 876 5395 et
898 5340 1027 5408 ejus
1052 5336 1475 5407 depositionem
1502 5335 1982 5405 animo'agitavit.
2011 5337 2127 5391 Ali-

468 5435 608 5503 quot
622 5434 937 5500 antequam
956 5429 1281 5480 moreretur
1295 5423 1663 5493 dicbus,post
1676 5440 1975 5496 vesperam
1990 5426 2132 5498 lapi-

466 5522 568 5576 des
585 5520 655 5574 de
670 5517 908 5574 sublimi
924 5514 1230 5571 confertim
1250 5514 1308 5566 iu
1334 5511 1522 5583 ipsius
1543 5513 1782 5568 domum
1802 5514 2127 5571 vehementi

464 5627 600 5666 cum
634 5608 857 5680 impetu
882 5605 1129 5675 conjecti
1156 5605 1455 5674 ingentem
1480 5602 1792 5659 ediderunt
1814 5605 2125 5678 fragorem.

469 5702 625 5765 Quos
657 5695 1077 5753 Constantinus
1113 5697 1329 5763 putans
1362 5708 1394 5747 a
1425 5692 1744 5747 coanaculis
1792 5694 2130 5766 Magnauraa

2235 4638 2445 4689 σασοαι.
2520 4627 2725 4682 Ἐκεῖσε
2800 4629 2929 4701 γοῦν
3002 4623 3317 4699 γενόμενος,
3411 4622 3517 4678 εἴτε
3604 4628 3899 4697 σωματικῇ

2238 4712 2598 4787 πλημμελείᾳ
2657 4711 2761 4768 εἴτε
2817 4711 2985 4767 πάλιν
3017 4713 3119 4767 ὑπὸ
3156 4717 3251 4766 τοῦ
3284 4710 3477 4775 παιδὸς
3523 4711 3901 4787 φαρμαχθεῖς,

2241 4800 2583 4876 ὀδυνώμενος
2619 4803 2959 4877 ἀνεχώρηοε,
3019 4801 3349 4872 κλινοπετής
3406 4822 3465 4855 τε
3520 4802 3656 4855 κατὰ
3711 4801 3770 4855 τὸ
3817 4802 3906 4856 τέ-

2240 4891 2335 4955 λος
2394 4896 2488 4946 τοῦ
2545 4887 2877 4966 Ὀκτωϐρίου
2926 4891 3024 4959 τήν
3083 4888 3337 4966 βασιλίδα
3368 4884 3655 4961 κατέλαϐε,
3706 4888 3796 4944 καὶ
3827 4893 3902 4964 τῇ

2241 4990 2281 5046 θ’
2334 4986 2428 5037 τοῦ
2488 4976 2795 5055 Νοεμϐρίου
2843 4980 3011 5053 μηνὸς
3066 4979 3312 5050 τελευτᾷ,
3374 4980 3621 5055 ἄπρακτα
3676 4981 3743 5034 τά
3807 4979 3902 5055 βε-

2239 5066 2579 5143 ϐουλευμένα
2610 5067 2812 5141 λιπὼν,
2849 5071 3012 5139 ζήσας
3047 5070 3253 5123 ἅπαντα
3290 5068 3381 5122 τὸν
3423 5074 3523 5137 τῆς
3589 5073 3733 5137 ζωῆς
3792 5068 3900 5121 αὐ-

2237 5164 2332 5214 τοῦ
2363 5158 2562 5235 χρόνον
2597 5155 2688 5228 ἔτη
2721 5156 2796 5212 νδ¹
2843 5159 2932 5212 καὶ
2972 5165 3146 5231 μῆνας
3181 5158 3246 5232 β’,
3306 5154 3740 5229 συμϐασιλεύσας
3794 5156 3896 5229 μὲν

2235 5254 2315 5321 τῷ
2362 5247 2523 5323 πατρὶ
2574 5249 2663 5301 καὶ
2711 5244 3060 5320 Ἀλεξάνδρῳ
3089 5251 3167 5319 τῷ
3197 5246 3323 5319 θείῳ
3365 5246 3453 5300 καὶ
3483 5249 3551 5319 τῇ
3584 5244 3746 5300 αὐτοῦ
3781 5267 3894 5317 μη-

2236 5338 2319 5413 τρὶ
2355 5334 2447 5407 ἔτη
2486 5339 2572 5412 ιγ’,
2614 5338 2766 5399 αὖθις
2814 5333 2871 5390 δὲ
2920 5340 2999 5407 τῷ
3045 5337 3314 5407 Ῥωμανῷ
3359 5337 3743 5408 τυραννήσαντι
3794 5331 3894 5405 ἔτη

2238 5429 2339 5495 κζ’,
2394 5426 2481 5480 καὶ
2535 5425 2668 5499 μετᾶ
2716 5427 2815 5493 τήν
2864 5423 3070 5477 ἐκείνου
3117 5431 3216 5492 τῆς
3292 5422 3568 5499 βασιλείας
3623 5421 3895 5477 ἔκπτωσιν

2246 5517 2656 5591 μονοκρατήσας
2722 5514 2815 5583 ἔτη
2868 5521 2947 5569 ιε’.
3002 5511 3265 5567 Θάπτεται
3326 5510 3381 5567 δὲ
3439 5513 3611 5567 θανὼν
3672 5511 3763 5565 σὺν
3815 5517 3900 5584 τῷ

2241 5603 2426 5676 οἷ’κείῳ
2474 5604 2657 5679 πατρὶ,
2728 5602 2891 5677 μέχρι
2950 5598 3261 5663 τελευταίας
3320 5602 3591 5669 ἀναπνοῆς
3654 5599 3897 5675 ἐγκοτῶν

2239 5698 2320 5765 τῷ
2390 5691 2717 5766 Πολυεύκτῳ
2758 5692 2846 5747 καὶ
2890 5691 2991 5761 τήν
3054 5688 3218 5747 αὐτοῦ
3277 5690 3579 5766 καθαίρεσιν
3636 5690 3901 5769 φανταζό-
