4036 6330
121 392 189 451 13
1262 390 1813 455 HISTORIARUM
1858 369 2412 459 couﬁsunmu.

3470 403 3577 464 ἠ’

124 543 285 596 μενος.
344 524 464 600 Πρὸ
517 520 580 580 δὲ
626 545 795 580 τινων
848 525 1073 601 ἡμερῶν
1126 530 1228 594 τῆς
1276 522 1441 580 αὐτοῦ
1493 520 1767 612 τελευτῆς¹

1890 527 2123 597 deferri,
2158 544 2262 602 per
2289 528 2521 601 aliquot
2545 533 2748 587 noctes
2798 533 3074 589 custodes
3121 531 3449 601 collocavit,
3503 534 3556 591 si

124 612 204 668 ἐπί
249 634 374 667 τινα
429 614 638 689 χρόνον
692 615 912 690 συχνὸν,
968 615 1197 690 ἑσπέρας
1242 608 1767 687 καταλαμϐανούσης

1890 633 2064 689 quem
2114 634 2319 673 eorum
2376 635 2553 691 opera
2602 620 3043 691 deprehendere
3075 626 3272 694 posset
3298 623 3415 680 ista
3443 640 3549 680 au-

123 703 259 758 λίθοι
290 704 503 767 ἄνωθεν
549 702 956 777 ἐκπεμπόμενοι
1004 703 1094 758 καὶ
1135 703 1284 766 ἐντὸς
1307 707 1416 758 τῶν
1448 703 1613 757 αύτοῦ
1644 700 1779 757 διαι-

122 792 378 863 τημάτων
414 793 508 846 σὺν
544 791 746 866 πολλῳ
798 791 966 869 ῥοίζῳ
1014 792 1308 855 πίπτοντες
1363 792 1628 863 ἐξαισίους
1675 793 1778 847 ἀπ-

123 880 335 936 ετέλουν
381 881 649 943 κτύπους.
707 884 789 951 [Ρ.
847 884 975 956 642]
1035 882 1199 952 Δοξαξ
1255 879 1301 936 δ’
1352 882 1457 936 ἀπὸ
1512 886 1620 936 τῶν
1675 889 1776 950 τῆς

1888 707 2157 762 sum.Sed
2194 708 2502 780 ignorabat
2535 709 2756 765 frustra
2786 726 2850 765 se
2880 710 3308 777 laborare,cum
3337 712 3396 768 id
3428 730 3546 770 non

1889 796 1960 851 ab
2005 796 2368 867 hominibus,
2422 798 2521 853 sed
2571 798 2916 855 sublimiore
2968 799 3168 872 aliqua
3220 802 3545 874 profectum

1887 883 2059 940 fuerit
2093 891 2401 957 potestate.

123 971 434 1047 Μαγναύρας
469 971 731 1046 ὑπερῴων
787 970 1015 1034 τούτους
1074 972 1321 1050 φάρεσθαι
1383 969 1627 1050 φύλακας
1683 969 1771 1025 ἰπὶ
1819 968 2059 1034 πολλαῖς
2118 973 2258 1045 νυξὶν
2313 973 2607 1052 ἀφώρισεν,
2659 979 2708 1030 εἷ
2758 975 2864 1029 πού
2897 996 3020 1031 τινα
3050 971 3194 1051 λάϐῇ
3225 982 3332 1033 τῶν
3381 984 3544 1036 τοῦτο

120 1056 477 1132 τολμώντων.
536 1058 698 1116 Ἀλλ’
758 1057 920 1115 ἔλαθε
982 1081 1154 1135 ματην
1212 1064 1396 1116 πονῶν
1428 1076 1441 1092 ⁸
1498 1058 1566 1127 ἦν
1620 1060 1720 1133 γὰρ
1774 1061 1839 1116 τὸ
1897 1060 2187 1136 γινόμενον
2244 1061 2343 1117 οὐκ
2400 1062 2450 1137 ἒξ
2505 1064 2805 1139 ἀνθρώπων
2865 1062 2990 1119 ἀλλ’
3034 1063 3085 1136 ἐξ
3118 1066 3412 1145 ὑπερτέρας
3456 1090 3547 1126 τε-

121 1148 387 1221 λούμενον
422 1146 727 1223 δυνάμεως.

180 1239 568 1303 Μεταστάντος
626 1237 685 1294 δὲ
729 1242 827 1294 τοῦ
882 1240 1292 1295 Κωνστακτίνου
1341 1238 1433 1295 καὶ
1487 1239 1624 1311 πρὸς
1669 1240 1769 1307 τὴν

118 1326 307 1391 ἐκεῖθεν
371 1324 657 1391 διαϐαντος
713 1330 1061 1397 κατάστασιν,
1136 1329 1418 1402 Ῥωμανὸς
1493 1330 1521 1383 ὁ
1575 1327 1772 1383 τούτου

119 1419 221 1476 υἱὸς
277 1416 556 1491 ὶγκρατῆς
607 1418 815 1493 γίνεται
845 1424 945 1487 τῆς
967 1418 1170 1493 ἀρχῆς.
1203 1418 1307 1475 Καὶ
1339 1415 1610 1494 ἄρχοντας
1630 1436 1769 1493 προ-

119 1501 466 1579 ϐαλλόμενος
523 1505 805 1570 εύνοϊκοὺς
862 1506 1009 1579 αύτῷ
1063 1507 1155 1562 καὶ
1205 1509 1495 1582 θυμήρεις,
1526 1505 1615 1561 καὶ
1668 1506 1766 1575 τήν

120 1595 396 1668 βασιλείαν
448 1596 523 1657 ὡς
577 1594 704 1664 ἐνῆν
756 1595 1174 1672 κρατυνάμενος.
1237 1596 1373 1651 κατὰ
1425 1597 1527 1666 τήν
1578 1596 1772 1670 ἑορτὴν

115 1690 201 1739 τοῦ
232 1687 434 1760 Πάσχα
486 1688 587 1753 τῆς
636 1684 805 1755 αὐτῆς
848 1693 895 1763 γ’
942 1683 1283 1747 ἴνδικτιῶνος
1339 1686 1517 1754 στέφει
1558 1684 1771 1739 καὶτὸν

118 1775 219 1828 υἱὸν
252 1773 426 1829 αὐτοῦ
463 1772 711 1850 βασιλέα,
747 1772 835 1829 διὰ
884 1779 992 1829 τῶν
1045 1778 1250 1850 χειρῶν
1298 1773 1645 1830 Πολυεύκτου
1672 1777 1769 1827 τοῦ

115 1866 481 1939 πατριάρχου,
513 1863 566 1918 ἐν
718 1863 946 1939 Μεγάλῃ
999 1861 1323 1934 Ἐκκλησία.
1355 1864 1451 1935 Τῷ
1483 1860 1529 1916 δ’
1560 1861 1767 1917 ἐπιόντι

112 1950 203 2007 ἔτει
256 1953 501 2008 τίκτεται
557 1951 722 2008 πάλιν
776 1953 926 2025 αύτῷ
974 1949 1165 2028 ἔτερος
1220 1953 1336 2015 υἱὸς
1396 1950 1449 2006 ἓν
1495 1957 1615 2013 τοῖς
1661 1955 1770 2005 τῶν

1960 1242 2276 1315 Postquam
2336 1260 2405 1299 ex
2453 1243 2561 1299 hac
2605 1244 2726 1300 vita
2772 1245 3046 1316 migravit
3092 1248 3537 1318 Constantinus,

1884 1331 2040 1387 ﬁlius
2061 1333 2188 1403 ejus
2212 1332 2510 1387 Romanus
2530 1332 2844 1403 imperium
2869 1334 3208 1405 capessit.ls
3228 1336 3545 1408 magistra-

1880 1421 2040 1477 tibus
2071 1421 2184 1476 sibi
2215 1421 2512 1477 benevolis
2538 1425 2712 1494 atque
2744 1423 2998 1494 acceptis
3025 1423 3383 1497 constitutis,
3402 1442 3542 1482 con-

1881 1511 2113 1566 firmato
2147 1515 2331 1565 utres
2362 1510 2586 1566 ferebat
2615 1511 2885 1582 imperio,
2917 1512 3120 1568 eadem
3158 1512 3332 1569 tertia
3380 1514 3540 1570 indi-

1880 1600 2092 1667 ctione,
2138 1600 2286 1655 festo
2334 1600 2636 1655 Pascbatis
2679 1600 2796 1667 die,
2827 1600 2948 1657 filio
2979 1617 3086 1657 suo
3116 1617 3392 1659 coronam
3425 1603 3537 1660 im-

1880 1688 2231 1760 peratoriam
2260 1705 2437 1761 opera
2466 1688 2759 1761 Polyeucti
2791 1690 3138 1762 patriarchas
3166 1691 3422 1764 imponit
3473 1693 3534 1748 in

1878 1782 2085 1851 Magno
2113 1777 2718 1851 Templo.lnsequenti
2747 1795 2902 1836 anno
2934 1796 3167 1836 rursum
3196 1781 3249 1836 ei
3278 1781 3440 1837 ﬁlius
3469 1782 3532 1838 in

1881 1870 2141 1924 Fontano
2171 1869 2325 1924 339
2357 1867 2574 1939 palatio
2605 1868 2888 1939 nascitur,
2919 1885 3095 1941 quem
3127 1886 3159 1924 a
3189 1874 3354 1942 patre
3381 1875 3534 1928 Con-

1878 1961 2209 2012 stantinum
2241 1957 2586 2013 nominavit.
2619 1960 2901 2012 Ceterum
2932 1957 3253 2029 imperator
3294 1959 3534 2029 juvenis

113 2047 300 2117 Πηγῶν
363 2041 677 2108 παλατίοις,
737 2042 796 2096 ’ὃν
859 2041 943 2097 ἐπὶ
1018 2047 1099 2114 τῷ
1156 2042 1321 2116 πατρὶ
1370 2045 1765 2096 Κωνσταντῖνον

1880 2046 2276 2119 voluptatibus
2335 2046 2587 2111 deditus,
2635 2062 2837 2102 curam
2890 2046 3224 2118 reipublicae
3269 2047 3528 2121 Josepho

111 2115 382 2205 ὠνόμασε.
419 2131 553 2193 Nic:
578 2128 624 2186 δ’
673 2127 746 2186 ὢν
786 2131 877 2186 καὶ
928 2130 1239 2195 εὐπαθείαις
1272 2115 1470 2185 ἑαυτὸν
1505 2126 1764 2185 ἐπιδεδω-

1880 2136 2155 2208 primario
2184 2152 2291 2192 suo
2322 2135 2682 2191 cubiculario
2712 2141 3097 2208 cognomento
3117 2136 3344 2211 Brings
3373 2154 3532 2194 com-

112 2223 211 2283 κὼς
242 2221 348 2282 τὰς
378 2225 486 2275 τῶν
535 2217 682 2275 ὅλων
742 2218 1033 2298 φροντίδας
1094 2221 1297 2298 Ἰωσὴφ
1356 2219 1648 2296 ἐνεχείρισε
1679 2223 1758 2291 τῷ

111 2310 450 2386 spumosi-tu)
495 2311 586 2367 καὶ
638 2309 1143 2385 παρακοιμωμενῳ,
1176 2312 1221 2383 ᾧ
1272 2309 1493 2385 βρίγγας
1543 2311 1578 2379 ἡ
1621 2308 1757 2365 ἐπω-

109 2402 290 2474 νυμία.
332 2399 502 2462 Αύτός
526 2397 585 2455 δὲ
614 2397 771 2454 οὐδὲν
820 2397 961 2455 ἄλλο
1009 2397 1099 2453 διὰ
1145 2396 1430 2477 φροντίδος
1462 2395 1663 2473 εἶχενῆ
1695 2398 1757 2451 τὸ

114 2492 221 2561 μεθ’
259 2489 645 2565 ἡταιρηκότων
690 2488 781 2543 καὶ
838 2486 1088 2562 βεδήλων
1140 2486 1471 2563 ἂνδραρίων,
1521 2487 1611 2542 καὶ
1656 2507 1757 2561 μα-

110 2577 357 2653 χλᾶὃων,
386 2576 476 2633 καὶ
512 2578 719 2652 μίμων,
753 2578 847 2633 καὶ
876 2576 1268 2652 γελωτοποιῶν
1314 2578 1408 2639 τὰς
1441 2574 1758 2651 ἑκδεδιῃτη-

114 2670 268 2740 μένας
336 2665 687 2742 μεταδιώκειν
742 2671 853 2722 τῶν
921 2667 1188 2739 πράξεων.
1237 2666 1430 2724 Τοίνυν
1496 2667 1588 2721 καὶ
1627 2664 1765 2735 κλη·

112 2755 252 2832 ρξκόν
284 2778 409 2811 τινα
462 2758 711 2827 Ἰωάννην
764 2755 1025 2828 ἰκτομίαν
1087 2751 1238 2822 ὄντα,
1299 2752 1389 2810 διὰ
1438 2775 1589 2816 τινας
1643 2754 1760 2809 ἆσέ-

118 2870 277 2918 μ,νοος
310 2847 531 2922 πράξεις
574 2848 677 2901 ὑπὸ
725 2846 1130 2900 Κωνσταντίνου
1172 2849 1270 2900 τοῦ
1308 2844 1576 2911 βασιλέως
1607 2844 1756 2898 ἀπει-

116 2936 367 3009 ληθέντα,
399 2936 489 2990 καὶ
523 2937 819 3011 μοναχικὸν
852 2933 1261 3013 ἀμφιασάμενον
1288 2936 1500 3009 σχήμα.
1535 2932 1623 2987 καὶ
1667 2938 1759 3005 μέ-

120 3048 207 3103 vi
237 3033 341 3095 τῆς
400 3024 604 3081 ἐκείνου
659 3024 1035 3099 κρυπτόμενον
1093 3020 1374 3093 τελευτῆς,
1406 3023 1482 3083 ὡς
1520 3019 1628 3092 ἤδη
1663 3021 1762 3076 ἒπ-

125 3111 343 3171 ελάὗετο
370 3120 473 3184 τῆς
504 3114 707 3189 ἀρχῆς,
732 3116 830 3168 τοῦ
853 3116 962 3168 τῶν
999 3116 1259 3188 μοναχῶν
1305 3108 1578 3174 ἀποδύσας
1615 3113 1762 3187 σχή-

126 3227 285 3277 ματος
313 3204 405 3259 καὶ
438 3204 504 3258 τὰ
558 3208 668 3259 τῶν
725 3201 1009 3278 κληρικῶν
1064 3202 1437 3280 μεταμφιάσας
1476 3206 1597 3263 τοῖς
1646 3201 1763 3255 ἑαυ-

122 3299 209 3349 τοῦ
265 3291 692 3365 θαλαμηπόλοις
746 3292 1014 3362 κατέταξε.
1075 3288 1262 3361 Ζήλου
1324 3287 1381 3344 δὲ
1436 3289 1703 3360 πλησθεὶς
1734 3291 1761 3344 ὁ

126 3382 461 3445 Πολύευκτος
509 3380 683 3445 πολὺς
739 3381 805 3449 ἧν
881 3379 1191 3455 ἐγκείμενος
1265 3377 1355 3433 καὶ
1410 3383 1490 3451 τῷ
1549 3376 1766 3454 βασιλεῖ

123 3470 476 3547 παρενοχλῶν
532 3477 633 3539 τῆς
700 3470 892 3524 ἑαυτοῦ
946 3467 1229 3545 θεραπείας
1281 3472 1474 3523 τοῦτον
1533 3468 1759 3522 ἀπώσα-
1790 3487 1833 3553 C

122 3575 229 3622 :31:
286 3562 363 3622 ὡς
422 3558 815 3631 ὲξομοσάμενον
888 3558 953 3612 τὸ
1010 3562 1120 3613 τῶν
1200 3556 1543 3630 μοναζόντων
1595 3555 1760 3630 ἐπάγε-

119 3650 306 3725 γίλμα.
365 3649 606 3706 Έκείνου
638 3644 697 3702 δὲ
737 3646 1198 3723 παραιτουμένου,
1245 3647 1336 3700 καὶ
1371 3647 1447 3718 μή
1479 3649 1599 3707 ταῖς
1628 3645 1764 3714 ἀλη-

123 3741 278 3803 θείαις
307 3739 613 3816 φάσκοντος
666 3734 978 3798 ὶνδεδύσθαι
1026 3739 1218 3790 τοῦτον
1272 3734 1335 3789 τὸ
1387 3731 1646 3810 σχῆμαή
1678 3733 1763 3788 εύ-

126 3831 223 3903 liv
248 3828 398 3903 παρά
439 3846 587 3890 τινος
641 3829 749 3881 τῶν
807 3824 995 3899 ἱερέων
1056 3818 1243 3879 λαϐεῖν
1288 3826 1390 3896 (3),
1418 3822 1565 3879 ἀλλὰ
1598 3823 1763 3897 μόνον

129 3917 505 3992 ’Ξκοκρίνασθαι
532 3915 625 3970 τὸν
680 3910 888 3987 μονάδα
949 3912 1065 3988 βίον
1120 3909 1210 3967 διὰ
1237 3912 1330 3967 τὸν
1369 3916 1466 3967 τοῦ
1500 3911 1768 3987 βασιλέως

130 4002 306 4079 ciam,
387 4003 745 4074 ἐξαπατηθεὶς
828 4001 857 4055 ὁ
939 3999 1283 4062 Πολύευκτος
1355 4000 1530 4077 ἀφῆκε
1574 4003 1767 4055 τοῦτον

1868 2224 2207 2297 misit:ipse
2236 2225 2295 2280 in
2330 2224 2505 2281 aliam
2538 2224 2761 2280 nullam
2796 2242 2918 2281 rem
2951 2225 3223 2281 incubuit
3249 2243 3425 2298 quam
3458 2230 3526 2284 ut

1867 2330 2000 2370 cum
2033 2313 2276 2370 exoletis
2299 2331 2365 2369 ac
2411 2314 2664 2386 impuris
2712 2314 3235 2382 homuncionibus,
3285 2317 3519 2386 scortis,

1867 2402 2068 2457 mimis
2090 2407 2266 2473 atque
2285 2403 2712 2473 scurris,vitam
2740 2404 3092 2477 transigeret
3110 2403 3523 2462 infamem.Ea-

1866 2495 2107 2565 propter
2142 2491 2426 2547 Joannem
2477 2493 2796 2564 quemdam
2847 2492 3122 2549 clericum
3172 2495 3520 2566 spadonem,

1868 2598 2043 2654 quem
2103 2581 2177 2636 ob
2225 2580 2421 2652 turpia
2469 2581 2740 2653 quaedam
2789 2582 3049 2638 facinora
3099 2584 3526 2640 Constantinus

1867 2672 2190 2742 imperator
2220 2670 2591 2742 proturbaret
2646 2675 2704 2726 et
2760 2671 3118 2728 monachum
3178 2672 3412 2739 fecerat,
3469 2677 3529 2729 et

1868 2759 1969 2832 qui
2000 2776 2189 2831 usque
2220 2760 2291 2815 ad
2320 2760 2449 2831 ejus
2477 2764 2726 2816 mortem
2761 2760 2998 2817 abditus
3029 2760 3304 2832 latuerat,
3333 2761 3523 2835 impe-

1868 2849 1956 2904 rio
1987 2849 2209 2920 potitus
2255 2848 2525 2905 monachi
2576 2848 2785 2904 habitu
2834 2850 3012 2920 exuit,
3063 2849 3373 2921 clericique
3399 2851 3529 2906 red-

1869 2936 1993 2991 dito
2026 2936 2243 2991 amictu
2274 2936 2427 2992 inter
2456 2952 2596 2991 suos
2627 2936 2848 3008 recepit
2875 2935 3293 2992 cubicularios.
3327 2940 3403 2991 At
3428 2936 3531 2992 Po-

1868 3024 2159 3096 lyeuctus,
2185 3024 2352 3094 justa
2382 3024 2788 3097 indignatione
2807 3025 3108 3096 concitus,
3156 3025 3532 3081 vehementer

1867 3113 2282 3185 imperatorem
2318 3114 2656 3184 urgebat,ut
2684 3130 2793 3169 sua
2820 3113 3046 3169 familia
3073 3114 3309 3185 ejiceret
3336 3113 3530 3169 homi-

1870 3218 2004 3257 nem
2038 3201 2135 3271 qui
2162 3206 2361 3257 votum
2394 3203 2788 3257 monasticum
2820 3204 3128 3272 ejurasset.
3159 3203 3378 3258 Tamen
3410 3202 3527 3257 im-

1872 3296 2135 3364 peratore
2201 3295 2538 3355 excusante,
2589 3292 2745 3362 quod
2813 3299 3054 3364 negaret
3118 3308 3251 3348 eum
3323 3307 3530 3347 revera

1873 3379 2144 3435 monachi
2175 3379 2539 3457 conditiones
2570 3380 2905 3452 amplexum
2938 3385 3040 3437 aut
3065 3380 3153 3436 illi
3183 3381 3381 3453 generi
3402 3379 3533 3436 vita

1873 3470 1946 3524 ab
1996 3468 2115 3523 ullo
2166 3469 2467 3524 sacerdote
2510 3468 2663 3524 votis
2709 3473 3119 3525 consecratum
3169 3470 3374 3540 fuisse,
3426 3468 3530 3525 sed

1872 3562 2104 3612 tantum
2137 3556 2253 3612 ista
2284 3560 2442 3612 metu
2470 3556 2848 3628 imperatoris
2875 3558 3213 3624 simulasse,
3248 3559 3533 3630 deceptus

1872 3662 2005 3702 eum
2040 3647 2286 3701 missum
2340 3645 2497 3712 fecit,
2546 3645 2800 3716 Josepho
2849 3647 3025 3702 etiam
3079 3646 3422 3718 diligentem
3473 3645 3535 3700 in

1874 3735 1984 3790 hac
2013 3751 2074 3790 re
2106 3739 2353 3790 navante
2383 3750 2644 3805 operam.
2679 3735 2764 3790 Ita
2792 3735 3049 3791 Joannes
3079 3734 3179 3791 ille
3222 3751 3411 3806 usque
3460 3736 3530 3789 ad

1877 3830 2127 3879 mortem
2176 3822 2423 3877 Romani
2468 3822 2768 3893 profanam
2822 3840 2968 3879 novo
3021 3822 3295 3878 instituto
3348 3823 3533 3878 vitam

1878 3914 2062 3984 exegit
2097 3927 2111 3965 :
2146 3917 2380 3966 mortuo
2411 3926 2500 3978 eo,
2534 3927 2741 3966 rursus
2770 3911 3097 3967 monastico
3146 3909 3378 3967 velatus
3429 3910 3533 3965 ha-

1880 4002 2030 4067 bitu,
2052 4000 2320 4055 animum
2349 4004 2546 4055 tamen
2579 4016 2695 4055 non
2728 4000 2993 4055 mutavit.

132 4093 302 4150 mni
327 4092 424 4148 καὶ
473 4096 572 4147 τοῦ
620 4091 825 4168 Ἰωσὴφ
866 4086 1291 4150 σπουδάσαννος.
1344 4088 1447 4146 Καὶ
1498 4085 1657 4165 διῆγε
1717 4108 1885 4164 μεχρι
1939 4095 2041 4158 τῆς
2096 4087 2357 4157 τελευτῆς
2402 4087 2693 4175 Ῥωμανοῖξ
2730 4090 3013 4175 κοσμικῶς
3075 4090 3179 4175 ζῶν
3237 4087 3329 4142 καὶ
3394 4106 3535 4142 νεω-

131 4187 340 4258 τερικῶς
371 4202 388 4215 ο
425 4180 632 4237 ἐκείνου
686 4176 745 4235 δὲ
797 4177 1223 4250 τελευτήσαντος
1279 4179 1342 4234 τὸ
1402 4179 1498 4251 μὶν
1557 4184 1753 4254 σχῆμα
1816 4182 1924 4233 τῶν
2002 4179 2283 4251 μοναστῶν
2364 4173 2716 4251 ἀμφιέννυται
2773 4174 2945 4245 αὖθις,
2999 4177 3100 4246 τὴν
3161 4173 3220 4232 δὲ
3275 4196 3337 4252 γε
3388 4175 3535 4250 γνώ-

137 4296 228 4343 μην
254 4271 423 4327 αὗτοῧ
454 4269 556 4325 οὐκ
582 4266 883 4338 ἠλλοίωσε.

188 4362 369 4434 Τούτῳ
400 4363 483 4432 τῷ
521 4355 630 4413 ἔτει
680 4355 994 4434 Νικηφόρον
1058 4356 1347 4431 μάγιστρον
1397 4356 1490 4411 τὸν
1546 4359 1766 4421 Φωκᾶν,

132 4447 434 4522 δίιμίστικον
509 4444 619 4517 ἤδη
676 4440 1133 4517 προϐεϐλημένον
1219 4448 1326 4500 τῶν
1395 4443 1618 4520 σχολῶν
1667 4451 1769 4514 τῆς

134 4539 420 4607 Ἀνιτολῆς
477 4535 628 4610 παρᾶ
682 4533 1098 4590 Κωνσταντίνου
1175 4538 1270 4589 τοῦ
1332 4533 1621 4608 βασιλέως,
1679 4533 1770 4588 καὶ

133 4627 297 4684 πολλὰ
353 4624 597 4699 τρόπαια
653 4625 922 4693 στήσαντα
981 4623 1117 4678 κατὰ
1172 4627 1281 4677 τῶν
1324 4623 1473 4695 ἑῴων
1519 4628 1768 4698 Σαρακη-

134 4723 239 4786 viro,
268 4718 361 4772 καὶ
394 4715 487 4769 τὸν
547 4733 607 4767 τε
661 4714 760 4780 τῆς
816 4714 1029 4787 Ταρσοῦ
1084 4712 1300 4785 ἀμηρᾶν
1328 4711 1652 4785 Καραμόνην
1679 4712 1771 4766 καὶ

1950 4358 2105 4413 840
2137 4356 2254 4412 Hoc
2284 4373 2438 4411 anno
2469 4355 2859 4424 Nicephorum
2893 4357 3148 4413 Phocam
3181 4355 3537 4426 magistrum

1880 4450 1938 4502 et
1967 4444 2304 4502 scholarum
2335 4444 2718 4501 Orientalium
2751 4445 3144 4502 domesticum
3176 4463 3211 4501 a
3247 4447 3538 4502 Constan-

1880 4536 2003 4590 tino
2035 4536 2390 4606 imperatore
2419 4539 2701 4599 creatum,
2733 4534 2835 4606 qui
2880 4536 2952 4590 de
3003 4534 3391 4592 orientalibus
3438 4538 3546 4589 Sa-

1881 4624 2111 4681 racenis
2132 4622 2318 4679 multa
2341 4628 2631 4679 statuerat
2649 4623 3545 4702 tropesa,etTarsiCaramonem,

1882 4713 2287 4769 Chabdanem-
2343 4711 2603 4783 Chalepi,
2667 4713 2927 4768 lzethum
2983 4713 3239 4785 Tripolis
3314 4727 3547 4768 emeras

141 4804 337 4863 Χιὸδτιν
377 4805 469 4860 τὸν
500 4807 600 4859 τοῦ
629 4800 819 4859 Χάλεπ
858 4802 948 4858 καὶ
979 4803 1069 4858 τὸν
1113 4800 1431 4878 ¹Γριπολεῶς
1477 4804 1623 4872 Ἰζὴθ
1655 4801 1767 4858 ὀλο⁴

1887 4819 2132 4876 prorsus
2209 4805 2673 4873 compescuerat,
2731 4801 3055 4872 imperator
3128 4817 3261 4857 cum
3320 4798 3545 4855 delecto

140 4900 333 4973 σχέρῶς
414 4891 842 4960 ταπεινώσαντα,
928 4890 1132 4967 πέμπει
1220 4892 1355 4947 κατὰ
1435 4896 1546 4947 τῶν
1607 4891 1659 4947 ἐν
1706 4894 1776 4964 τῇ

142 4989 305 5062 Κρήτῃ
374 4985 734 5057 Σαρακηνῶν,
788 4977 1005 5050 πλῆθος
1080 4980 1377 5037 ἐπικλέτων
1432 4985 1776 5057 στρατιωτῶν

140 5073 338 5136 ἐπιδοὺς
392 5070 544 5142 αἴ)τῷ
599 5069 690 5124 καὶ
776 5068 972 5125 στόλον
1066 5071 1498 5147 κατηρτισμένος]
1568 5068 1775 5133 καλῶς.

144 5167 212 5236 Ρ,
240 5166 367 5233 643]
403 5163 493 5219 'Ev
523 5158 590 5233 τῇ
633 5159 789 5231 νήσῳ
820 5155 867 5212 δ’
918 5158 1075 5221 οὗτος
1135 5158 1477 5235 περαιωθεὶς,
1525 5159 1616 5214 xui
1646 5158 1783 5214 κατὰ

140 5255 225 5320 τήν
279 5252 510 5322 πρώτην
565 5241 837 5302 ἀπόϐασιν
890 5251 1122 5322 παροῦσι
1179 5248 1270 5302 καὶ
1321 5246 1597 5303 κωλύουσι
1644 5269 1781 5320 συμ-

141 5340 346 5402 πλακεὶς
402 5341 525 5398 τοῖς
582 5335 918 5411 ’Δγαρηνοῖς
990 5335 1082 5391 καὶ
1138 5335 1367 5400 τούτους
1421 5336 1780 5411 τρεψάμενος,

1888 4892 2143 4947 militum
2177 4891 2435 4947 exercitu
2466 4894 2525 4944 et
2553 4890 2732 4961 probe
2778 4891 3063 4946 adornata
3110 4891 3298 4946 classe
3344 4892 3548 4944 contra

1887 4982 2196 5037 Cretenses
2227 4982 2547 5034 Saracenos
2577 4977 3073 5043 emittit.Phocas,
3097 4977 3288 5033 classe
3317 4976 3376 5030 in
3406 4979 3544 5032 Cre-

1888 5074 2008 5126 tam
2039 5069 2307 5140 trajecta,
2338 5083 2469 5124 cum
2498 5066 2754 5138 primum
2788 5067 3036 5123 navibus
3061 5083 3201 5123 suos
3251 5065 3524 5121 educeret

1887 5164 2190 5228 Agarenos
2219 5157 2527 5230 prohibere
2555 5170 2863 5227 aggressos
2885 5155 3088 5227 proelio
3109 5153 3391 5220 fundit;et
3407 5168 3543 5208 cum

1891 5248 2021 5320 ipse
2050 5252 2176 5304 tuto
2206 5246 2465 5302 insulam
2496 5244 2943 5314 egreditur,tum
2975 5259 3116 5300 suos
3145 5243 3368 5310 absque
3399 5241 3548 5314 peri-

1895 5337 2029 5394 culo
2064 5338 2125 5393 in
2151 5353 2281 5394 eam
2312 5337 2597 5406 exportat.
2628 5332 2772 5389 Inde
2821 5333 3030 5390 castris
3072 5332 3306 5406 positis,
3357 5331 3551 5404 iisque

1318 5509 1695 5567 XYLANDRI
1734 5509 1825 5565 ET
1864 5509 2086 5567 GOARI
2127 5507 2361 5564 NOTAE.

206 5665 277 5736 (3)
294 5663 477 5719 Manu
504 5654 824 5736 sacerdotis
836 5652 1020 5736 longa
1040 5671 1280 5725 precum
1309 5653 1791 5736 se_rie_prtem.i_ssa
1898 5649 2555 5736 E_uchologium.Preces
2585 5648 2701 5736 illa;
2731 5650 3059 5736 solemnem
3068 5652 3325 5709 reddunt
3344 5664 3552 5707 mona-

150 5728 562 5793 consecrantur
618 5728 773 5800 apud

452 5859 719 5921 Ριπιοι..
767 5856 879 5918 Gn.
929 5855 1169 5919 CXXII.

832 5720 1061 5784 Graecos
1112 5726 1405 5795 monachi,
1456 5720 1527 5781 d'e
1575 5725 1791 5796 quibus
1901 5724 2144 5781 chorum
2165 5720 2622 5795 'prolessionem.
2655 5722 2982 5782 Balsamon.
3016 5730 3199 5783 Goaa.

3189 5850 3227 5908 3
