4036 6330
484 332 567 394 75
1830 322 2147 387 GEORGII
2190 322 2532 387 CEDRENI
3812 326 3893 385 76

483 463 602 521 alta
629 463 807 531 fossa,
839 459 989 517 vallo
1020 474 1087 515 ac
1115 458 1265 531 palis
1298 457 1502 515 deﬁxis
1533 458 2121 525 communitis,naves

2244 456 2409 519 κῦτός
2435 477 2493 512 τε
2524 456 2780 533 ἀσφαλῶς
2834 452 3037 530 ἀπέϐη,
3068 458 3159 513 καὶ
3216 456 3310 513 τὸν
3359 458 3586 535 στρατὸν
3622 452 3891 512 ἀπεϐίϐα-

479 552 799 609 tutissimis
823 551 885 605 in
914 549 1274 605 stationibus
1302 550 1630 613 continens,
1651 548 1926 604 omnibus
1953 548 2130 620 probe

479 641 837 711 constitutis,
899 638 1104 694 insula:
1162 638 1340 693 urbes
1397 639 1556 693 omni
1607 638 1664 691 vi
1713 643 2033 709 oppugnat,
2066 654 2133 692 ac

477 735 702 803 septem
738 729 998 799 integros
1030 744 1132 801 per
1162 743 1391 782 menses
1421 728 1694 782 omnibus
1722 727 2011 782 machinis
2060 727 2127 780 ad

476 836 605 876 eam
639 835 761 875 rem
794 818 1149 873 facientibus
1181 834 1325 872 usus
1359 833 1560 872 muros
1592 816 2136 887 prosternit,urbes-

474 925 584 980 que
614 911 671 963 et
700 906 940 963 castella
968 907 1021 960 vi
1055 906 1230 977 capit.
1259 906 1521 977 Septima
1551 905 1643 960 die
1672 905 1863 960 Martii
1893 905 2130 972 mensis,

473 996 790 1053 indictione
810 997 1039 1052 decima
1059 995 1657 1067 quarta,Chandacem
1678 995 1749 1049 ab
1771 993 2134 1049 insularibus

472 1086 1026 1153 vocatam,omnium
1058 1088 1238 1139 Cretae
1271 1082 1504 1138 urbium
1540 1082 2130 1149 munitissimam,ex-

472 1178 731 1248 pugnat;
777 1176 1071 1246 Curupem
1120 1171 1327 1227 insulse
1381 1188 1666 1240 ameram,
1716 1176 1772 1226 et
1824 1175 2128 1241 Anemam,

472 1268 643 1336 cujus
674 1263 1004 1319 secundum
1048 1264 1342 1332 Curupam
1393 1277 1628 1317 summa
1678 1264 1800 1316 erat
1851 1264 2126 1331 potestas,

466 1354 630 1409 vivos
685 1352 746 1407 in
803 1368 969 1407 suam
1025 1354 1374 1421 potestatem
1433 1349 1681 1420 redigit;
1741 1353 1979 1420 totaque
2001 1350 2127 1419 jam

469 1442 715 1497 subacta
743 1440 1100 1510 insula,ejus
1131 1438 1553 1493 constituenda:
1586 1455 1765 1492 causa
1794 1437 1986 1493 adhuc
2020 1438 2127 1492 ali-

470 1532 611 1603 quid
645 1530 925 1602 temporis
956 1530 1102 1584 341
1143 1527 1224 1583 ibi
1266 1527 1491 1598 exigere
1540 1527 1771 1582 statuit.
1816 1526 2126 1581 Enimvero

469 1621 806 1675 obtinuerat
834 1619 991 1674 fama
1021 1633 1153 1673 eum
1184 1618 1513 1672 Romanum
1541 1617 1730 1671 virum
1765 1615 1863 1686 qui
1897 1616 2122 1670 Cretam

468 1713 625 1764 esset
654 1712 951 1778 capturus,
980 1705 1310 1762 necessario
1342 1706 1516 1760 etiam
1565 1704 1811 1776 imperio
1862 1709 2122 1760 Romano

470 1798 813 1870 potiturum.
878 1799 1081 1866 Itaque
1128 1794 1303 1849 simul
1356 1799 1534 1866 atque
1581 1794 1983 1847 renuntiatum
2037 1800 2123 1848 est

468 1887 696 1943 Cretam
745 1902 876 1942 esse
934 1890 1187 1958 captam,
1244 1885 1543 1939 Romanus
1588 1882 1828 1954 Josephi
1879 1882 2114 1938 hortatu

471 1977 657 2032 mittit
708 1975 809 2048 qui
866 1975 1004 2030 inde
1060 1974 1452 2045 Nicephorum
1513 1976 1771 2028 avocent.
1820 1972 2027 2028 Adhuc
2057 1972 2117 2027 in

470 2069 638 2121 Creta
666 2080 732 2120 eo
763 2071 993 2135 agente,
1042 2080 1114 2119 ne
1161 2064 1381 2118 Arabes
1429 2061 1739 2117 orientales
1790 2061 2114 2116 Romanam

468 2154 749 2209 ditionem
783 2152 1519 2223 infestarent,Cbabdanus
1551 2151 1842 2222 praecipue
1882 2150 2117 2222 Cbalepi

469 2258 720 2303 ameras.
744 2240 833 2296 vir
863 2241 1176 2296 bellicosus
1206 2246 1261 2296 et
1289 2239 1533 2312 reliquis
1566 2240 1881 2308 strenuior,
1903 2244 2117 2295 Roma-

466 2348 578 2387 nus
608 2330 856 2387 Leonem
888 2330 1143 2387 Phocam
1176 2330 1487 2401 Nicephori
1515 2331 1750 2386 fratrem
1793 2329 2117 2402 magisterii

464 2421 684 2476 honore
714 2424 987 2475 ornatum
1009 2436 1075 2475 eo
1097 2420 1277 2476 mittit
1298 2436 1363 2474 ac
1385 2419 1689 2474 domestici
1719 2435 1937 2474 munus
1960 2419 2120 2474 obire

457 2510 651 2582 jubet.
680 2510 752 2579 Is,
782 2512 849 2563 ut
877 2509 936 2563 in
971 2509 1330 2580 provinciam
1360 2509 1539 2577 venit,
1573 2508 1888 2564 Cbabdano
1919 2525 2119 2563 occur-

466 2600 543 2653 rit
567 2598 638 2654 ad
671 2597 863 2653 locum
895 2598 987 2653 cui
1022 2599 1277 2653 Adrasso
1329 2613 1562 2664 nomen,
1616 2596 1936 2668 proelioque
1981 2614 2117 2652 con-

467 2704 708 2760 gressus
737 2686 918 2743 vincit
949 2703 1015 2743 ac
1047 2687 1259 2742 fundit.
1292 2688 1371 2742 Eo
1402 2686 1459 2741 in
1494 2686 1692 2757 prmlio
1724 2688 2116 2758 Agarenorum

466 2776 919 2832 innumerabilis
950 2777 1161 2832 cecidit
1190 2775 1761 2846 multitudo;reliqui
1788 2775 1943 2847 capti
1974 2776 2119 2847 Cpo-

469 2865 551 2921 lin
578 2870 720 2921 sunt
751 2865 940 2933 missi,
983 2869 1147 2920 tanta
1178 2864 1345 2937 copia
1384 2868 1452 2919 ut
1500 2865 1684 2919 servis
1707 2866 1919 2920 domus
1949 2867 2121 2920 urba-

468 2972 556 3011 nas
582 2958 641 3010 et
672 2954 792 3026 agri
824 2954 1041 3010 fuerint
1069 2954 1294 3026 repleti.
1318 2953 1721 3009 Cbalcedanus
1752 2970 1884 3008 cum
1920 2955 2120 3026 paucis

468 3044 785 3100 admodum
817 3059 1062 3099 suorum
1098 3044 1233 3115 fuga
1263 3042 1500 3115 elapsus
1542 3044 1784 3098 domum
1834 3044 2118 3115 pervenit.

463 3134 716 3190 Leonem
748 3134 808 3188 in
840 3133 1047 3188 urbem
1072 3149 1369 3188 reversum
1403 3132 1719 3203 imperator
1744 3134 1989 3188 comiter
2019 3134 2119 3190 ad-

2242 567 2337 601 εον
2392 542 2709 608 ἀκινδύνως.
2769 547 2993 623 Χάρακά
3052 568 3113 602 τε
3184 545 3274 601 οὖν
3336 546 3567 618 ἐπήξατο
3622 547 3900 623 καρτερὸν,

2239 634 2429 713 τάφρῳ
2498 636 2706 707 βαθείᾳ,
2760 636 2850 690 καὶ
2909 634 3283 709 σταυρώμασι,
3340 633 3427 690 καῖ
3480 635 3777 698 πασσαλοις
3809 637 3887 709 (4)

2241 730 2431 779 τοῦτον
2463 725 2876 799 κατοχυρώσας,
2925 725 3014 779 καὶ
3072 725 3163 779 τὸν
3213 721 3407 778 στόλον
3458 723 3509 779 έν
3566 726 3763 800 ὅρμοις
3790 746 3893 801 γα-

2245 812 2568 885 ληνοτάτοις
2599 814 2851 889 ὁρμίσας,
2906 813 2995 868 καὶ
3036 814 3209 869 πάντα
3247 814 3719 887 καταστησάμενος
3752 816 3889 870 κατᾶ

2242 904 2303 958 τὸ
2334 902 2594 979 ἀσφαλὲς,
2628 901 2856 977 ἐνεργῶς
2910 908 3114 971 ἥπτετο
3170 910 3270 972 τῆς
3325 900 3647 976 πολιορκίας
3692 909 3797 959 τῶν
3828 905 3882 959 ἐν

2241 996 2309 1066 τῇ
2341 994 2492 1065 νήσῳ
2522 990 2761 1060 πόλεων,
2813 992 2903 1047 καὶ
2957 989 3027 1046 δι’
3075 990 3219 1047 ὅλων
3278 993 3318 1061 ζ’
3349 997 3535 1064 μηνῶν
3560 991 3755 1056 πάσαις
3788 1016 3891 1066 μη-

2241 1087 2434 1157 χαναῖς
2475 1080 2924 1156 πολιορκητικῶν
2975 1082 3218 1156 ὀργάνων
3280 1082 3656 1156 χρησάμενος,
3686 1085 3771 1139 καὶ
3822 1084 3898 1137 τὰ

2239 1172 2402 1247 τείχη
2442 1169 2821 1248 καταστρέφων
2876 1172 2971 1233 τάς
3026 1192 3085 1226 τε
3136 1169 3327 1234 πόλεις
3394 1170 3485 1226 καὶ
3541 1171 3608 1227 τὰ
3664 1172 3897 1250 φρούρια

2240 1258 2596 1334 ἐχειρώσατο.
2655 1263 2739 1333 Τῇ
2804 1261 2843 1329 ζ’
2897 1256 2954 1314 δὶ
3011 1265 3105 1315 τοῦ
3154 1259 3399 1337 Μαρτίου
3452 1262 3647 1333 μηνὸς,
3689 1269 3787 1331 τῆς
3819 1259 3892 1316 ιδ’

2241 1346 2599 1417 ίνδικτιῶνος,
2632 1348 2722 1403 καὶ
2778 1350 2878 1417 τήν
2939 1353 3124 1405 πασῶν
3187 1348 3539 1425 ἀχυρωτέραν
3593 1348 3775 1418 πόλιν,
3814 1349 3887 1420 ἤν

2242 1436 2533 1513 ἐγχωρίως
2586 1434 2839 1492 Χάνδακα
2900 1436 3151 1505 ἐκάλουν,
3210 1438 3599 1513 πεπορθηκὼς,
3650 1439 3737 1494 καὶ
3792 1441 3890 1495 τὸν

2238 1526 2585 1602 ἀμηρεύοντα
2658 1534 2758 1595 τῆς
2816 1530 2982 1598 νήσου
3056 1527 3379 1603 Κουρούπην
3458 1526 3631 1597 ὄνομα
3705 1524 3893 1585 λαϐὼν

2234 1616 2598 1692 αἰχμάλωτον
2629 1616 2720 1670 καὶ
2776 1618 3009 1689 Ἀνεμᾶν
3058 1618 3152 1671 τὸν
3208 1618 3323 1689 μετ’
3364 1618 3523 1672 αὐτὸν
3556 1615 3608 1672 έν
3639 1621 3707 1692 τῇ
3739 1620 3896 1691 νήσῳ

2232 1705 2601 1779 πρωτεύοντα,
2660 1704 2750 1759 καὶ
2831 1708 2929 1775 τήν
3002 1713 3164 1775 νῆσον
3243 1705 3379 1777 ὅλην
3443 1703 3894 1779 δουλωσάμενος,

2232 1789 2433 1867 ἔμελλε
2493 1794 2587 1867 μὶν
2640 1792 2727 1848 ἐπὶ
2776 1793 3004 1850 πλείονα
3036 1795 3288 1868 ἐμμεῖναι
3316 1795 3517 1871 χρόνον
3550 1797 3638 1850 καὶ
3671 1796 3737 1851 τὰ
3762 1818 3865 1851 κατ

2231 1882 2397 1952 αὐτὴν
2455 1885 2905 1953 καταστήσεσθαι.
2966 1885 3173 1956 Φήμης
3240 1881 3297 1938 δὲ
3347 1885 3651 1959 κρατούσης
3712 1886 3788 1947 ὡς
3847 1887 3879 1941 ὁ

2233 1970 2457 2045 μέλλωο
2486 1978 2777 2047 κατασχεῖν
2830 1971 2996 2043 αὐτὴν
3044 1974 3325 2047 Ῥωμαῖος
3380 1974 3517 2049 ἀνὴρ
3554 1974 3605 2044 έξ
3635 1973 3884 2051 ἀνάγκης

2233 2060 2539 2138 βασιλεύσει
2600 2062 2909 2135 Ῥωμαίων,
2957 2063 3069 2135 ἅμα
3141 2067 3221 2134 τῷ
3281 2065 3593 2137 γνωσθῆναι
3633 2063 3730 2131 τήν
3780 2070 3888 2132 τῆς

2228 2153 2399 2221 νήσου
2454 2150 2781 2226 κατάσχεσιν
2839 2156 2958 2212 ταῖς
3013 2155 3110 2205 τοῦ
3168 2152 3369 2226 Ἰωσὴφ
3432 2152 3733 2222 ὑποθήκαις
3764 2173 3891 2207 πει-

2231 2239 2373 2304 σθεὶς
2431 2240 2458 2293 6
2537 2240 2820 2313 Ῥωμανὸς
2883 2239 3321 2314 προσεκαλέσατο
3394 2240 3486 2295 τὸν
3565 2240 3884 2319 Νικηφόρον

2229 2328 2456 2391 ὲκεῖθννξ
2516 2330 2636 2385 Ἔτι
2701 2325 2758 2383 δὲ
2808 2332 2905 2384 τοῦ
2954 2328 3268 2406 Νικηφόρου
3332 2332 3400 2403 τῇ
3458 2331 3648 2405 Κρήτῃ
3708 2327 3888 2384 ένδιαο

2226 2413 2533 2492 τρίϐοντος,
2563 2416 2653 2472 ἵνα
2690 2419 2776 2491 μὴ,
2796 2419 2895 2486 τὴν
2929 2419 3064 2491 έῲαν
3090 2420 3478 2493 κατατρέχοιεν
3511 2420 3563 2474 οἱ
3591 2426 3689 2489 τῆς
3720 2421 3886 2474 Ἀνα-

2226 2506 2403 2573 τολῆς
2444 2502 2680 2582 ’Ἄραϐες
2708 2508 2797 2561 καὶ
2861 2506 3072 2580 μᾶλλον
3135 2508 3163 2562 6
3219 2503 3433 2564 Χαϐδᾶν
3494 2508 3521 2561 6
3551 2512 3646 2562 τοῦ
3690 2507 3889 2564 Χάλεπ

2229 2597 2471 2671 ἀμηρᾶς,
2502 2595 2806 2669 πολεμικὸς
2838 2594 2909 2651 ὢν
2957 2597 3045 2651 καὶ
3098 2601 3205 2651 τῶν
3258 2595 3443 2652 ἄλλων
3479 2592 3886 2670 δραστηριώτεο

2230 2705 2344 2759 ρος,
2379 2686 2582 2740 Λέοντα
2610 2685 2704 2740 τὸν
2747 2690 2942 2741 Φωκᾶν
2979 2686 3072 2741 τὸν
3121 2690 3219 2741 τοῦ
3272 2684 3588 2763 Νικηφόρου
3639 2682 3885 2764 ἀδελφὸν

2234 2774 2528 2850 μάγιστρον
2561 2777 2799 2845 τιμήσας
2848 2776 2876 2829 6
2921 2776 3203 2848 Ῥωμανὸς
3256 2777 3357 2845 τὴν
3413 2779 3508 2830 τοῦ
3552 2773 3888 2847 δομεστίκου

2231 2860 2507 2918 διακονίαν
2560 2860 2760 2917 διέπειν
2824 2863 3154 2922 ἀπεστειλεν.
3209 2865 3383 2926 Οὗτος
3442 2861 3500 2918 δὶ
3548 2860 3883 2936 διαπεράσας

2229 2952 2318 3006 καὶ
2348 2957 2425 3024 τῷ
2455 2947 2669 3009 Χαϐδᾶν
2713 2955 3040 3023 συναντήσας
3070 2948 3121 3007 ἔν
3178 2975 3284 3008 τινι
3338 2952 3532 3028 χωρίῳ
3565 2950 3888 3026 Ἀνδρασσῷ

2230 3041 2515 3117 λεγομένῳ
2561 3040 2811 3115 τρέπεται
2862 3043 3053 3099 τοῦτον
3110 3044 3246 3098 κατὰ
3301 3043 3497 3118 κρὰτος
3544 3040 3633 3097 καί
3690 3042 3893 3120 ἀφανι-

2232 3137 2356 3204 σμῷ
2385 3129 2723 3208 παραδίδωσι
2757 3151 2769 3163 ·
2800 3136 2907 3187 τῶν
2944 3133 3039 3204 μὲν
3093 3128 3144 3186 έν
3175 3135 3243 3206 τῇ
3284 3126 3570 3205 πόοσϐολῇ
3604 3130 3889 3186 πεσόντων

464 3222 706 3279 modum
731 3220 1168 3293 honoriﬁceque
1197 3220 1868 3293 excepit,triumphoque
1896 3226 1953 3277 et
1979 3239 2121 3293 pras-

2237 3219 2349 3276 οιὶδ’
2407 3205 2627 3293 ἀριθμῷ
2680 3216 3170 3292 καθυποϐληθῆναι
3223 3205 3544 3293 δυναμένων
3578 3239 3590 3253 ·
3656 3224 3764 3275 τῶν
3824 3218 3895 3276 δὲ

464 3311 601 3368 miis
632 3311 829 3383 dignis
852 3315 1265 3366 remuneratus
1290 3310 1696 3367 est.Honorem
1723 3311 1894 3366 etiam
1920 3311 2121 3366 habuit

2236 3310 2479 3365 ἁλόντων
2516 3311 2604 3364 καὶ
2652 3309 2703 3365 έν
2751 3314 2818 3383 τῇ
2877 3309 3037 3366 πόλει
3092 3310 3444 3388 πεμφθέντων
3493 3313 3751 3364 τοσοῦτον
3812 3310 3893 3379 ἠν

465 3399 711 3472 reliquis
743 3400 1298 3471 omnibus,quorum
1332 3416 1397 3455 eo
1420 3398 1574 3455 bello
1596 3404 1861 3472 spectata
1882 3400 1994 3457 fuit
2018 3401 2121 3456 vir-

2234 3402 2294 3455 τὸ
2325 3399 2542 3469 πλῆθος
2574 3399 2647 3462 ὡς
2679 3398 2971 3475 πληρῶσαι
3021 3397 3232 3455 δούλων
3273 3399 3363 3454 καὶ
3410 3397 3505 3461 τὰς
3554 3398 3773 3460 ἀστικὰς
3808 3399 3903 3454 οξ-

463 3494 585 3557 tus,
618 3506 834 3560 eosque
863 3489 1049 3545 evexit
1088 3506 1103 3545 :

2235 3490 2354 3553 κίας
2380 3489 2469 3543 καὶ
2500 3488 2628 3550 τοὺς
2680 3487 2901 3564 ἀγρούς.
2960 3489 3141 3550 Μόνος
3202 3486 3258 3543 δὲ
3316 3489 3343 3542 6
3387 3486 3596 3543 τούτων
3628 3488 3901 3563 ἀρχηγὸς

464 3572 681 3635 Χαϐδᾶν
736 3576 827 3631 σὺν
892 3575 1105 3653 ὀλίγοις
1164 3574 1284 3632 λίαν
1349 3577 1442 3631 τὸν
1497 3574 1740 3631 κίνδυνοδ
1802 3573 2021 3651 διαδρὰς
2075 3578 2148 3640 εἰς
2202 3579 2269 3634 τὰ
2309 3578 2485 3633 οἰκεῖα
2530 3575 2638 3649 ἤθη
2700 3577 3054 3651 ἀνεκομίσθη.
3087 3576 3418 3641 Εἱσελθόντα
3468 3573 3526 3631 δὲ
3555 3577 3646 3631 τὸν
3671 3578 3890 3632 Λέοντα

470 3665 619 3740 μάλα
663 3665 1012 3745 φιλοφρόνως
1071 3666 1098 3720 6
1174 3665 1428 3743 βασιλεὺς
1511 3663 1797 3736 ὑπεδέξατο
1870 3664 2157 3730 ἐπινικίοις
2231 3688 2291 3722 τε
2356 3661 2648 3741 θριάμϐοις
2704 3666 2967 3740 τετίμηκε
3021 3666 3111 3721 καὶ
3158 3670 3327 3741 γερῶν
3388 3668 3493 3719 τῶν
3549 3666 3666 3720 κατ’
3722 3665 3891 3737 ἀξίαν

465 3755 685 3827 ἠξίωσε,
718 3758 977 3830 τιμήσας,
1006 3755 1095 3810 καὶ
1127 3751 1489 3830 προϐιϐάσας,
1520 3756 1609 3811 καὶ
1640 3758 1839 3819 πάντας
1858 3754 1983 3817 τοῦς
2017 3755 2107 3810 σὺν
2135 3758 2284 3829 αὐτῷ
2315 3756 2741 3829 ἀριστεύσαντας.

540 3849 871 3920 Imperante
929 3863 1150 3902 annum
1210 3848 1537 3903 secundum
1598 3848 1879 3916 Romano,
1942 3846 2115 3902 multi

2282 3848 2386 3918 ,Τῷ
2419 3842 2477 3900 δὲ
2508 3843 2741 3921 δευτέρῳ
2782 3840 2886 3899 ἔτει
2935 3851 3036 3914 τῆς
3084 3840 3361 3919 βαςιλείας
3404 3844 3691 3916 Ῥωμανοῦ
3734 3840 3898 3899 πολ-

466 3953 666 3993 eorum
690 3936 789 4007 qui
810 3936 869 3990 in
889 3935 1193 4007 republica
1211 3941 1378 3990 erant
1399 3935 1588 4006 primo
1605 3935 2112 4006 loco,insidiarum

2234 3934 2314 3988 λοὶ
2368 3939 2475 3988 τῶν
2540 3932 2983 4007 πολιτευομένων
3058 3930 3302 3989 ἑάλωσαν
3364 3927 3900 3997 ἐπιϐεϐουλευκότες

463 4024 525 4080 in
554 4024 968 4096 imperatorem
1001 4023 1283 4095 comperti
1315 4028 1476 4103 sunt.
1510 4024 1790 4095 Princeps
1822 4026 1973 4081 342
2006 4042 2112 4079 au-

2234 4024 2383 4095 κύεῷ.
2448 4024 2615 4098 Εἶχον
2676 4020 2732 4077 δὲ
2798 4021 2888 4077 καὶ
2964 4022 3318 4097 πρωτουργὸν
3393 4021 3484 4076 καὶ
3541 4022 3899 4095 πρωταίτιον

463 4117 707 4183 ctorque
729 4111 1151 4183 conjurationis
1166 4110 1276 4166 fuit
1294 4110 1541 4167 Basilius
1554 4111 1817 4167 Volueris
1832 4113 2114 4185 magister

2234 4112 2509 4169 Βασίλειον
2574 4114 2866 4187 μάγιστρον
2937 4112 3028 4166 τὸν
3110 4109 3409 4186 λεγόμενον
3485 4111 3731 4166 Πετεινὸν
3790 4114 3897 4167 καὶ

462 4201 652 4258 socios
676 4200 898 4256 habens
921 4217 989 4255 ex
1009 4199 1342 4255 illustribus
1364 4201 1673 4271 patricium
1700 4201 2100 4268 Paschalium,

2234 4223 2364 4264 τινας
2397 4200 2599 4264 ἄλλους
2654 4206 2762 4256 τῶν
2825 4200 3135 4273 ἐπισήμων,
3184 4203 3291 4255 τῶν
3340 4198 3623 4275 πατρίκιον
3658 4203 3901 4276 Πασχοὶ-

460 4289 772 4363 patricium
805 4290 1053 4345 Bardam
1088 4288 1244 4344 Libis
1273 4288 1486 4357 filium,
1519 4295 1574 4345 et
1604 4289 1908 4345 Nicolaum
1941 4292 2110 4346 Chal-

2234 4293 2365 4363 ktov,
2398 4292 2487 4345 τὸν
2521 4291 2802 4362 πατρίκιον
2853 4288 3058 4363 Βάρδαν
3111 4290 3201 4343 τὸν
3264 4294 3361 4344 τοῦ
3405 4285 3592 4359 Λιϐὸς,
3643 4290 3734 4343 καὶ
3773 4295 3897 4344 Νι-

459 4377 759 4434 cutzam.Ii
793 4381 1266 4449 statuerant,quo
1298 4378 1392 4433 die
1423 4378 1544 4433 ludi
1567 4384 1864 4447 equestres
1886 4381 2109 4448 fierent,

2234 4378 2422 4434 λόλαον
2452 4380 2545 4434 τὸν
2597 4377 2950 4449 Χαλκούτζην
2988 4397 3000 4410 ’
3052 4380 3201 4449 [644]
3246 4376 3440 4439 οἶετινες
3485 4372 3895 4434 έϐουλεύσαντο

457 4466 868 4539 imperatorem
917 4483 951 4521 a
994 4466 1209 4538 palatio
1260 4468 1710 4523 descendentem
1776 4484 2003 4534 necare,
2050 4468 2107 4523 in

2234 4468 2354 4522 ιατὰ
2409 4468 2505 4536 τὴν
2567 4467 2775 4543 ἡμέραν
2825 4471 2933 4523 τῶν
3008 4466 3248 4520 ἱππικῶν
3321 4466 3545 4541 ἀγώνων
3618 4460 3896 4521 magna

461 4538 606 4612 solio
622 4556 752 4627 eius
782 4555 1063 4612 Basilium
1079 4555 1361 4612 collocare
1373 4558 1431 4612 et
1451 4556 1861 4628 imperatorem
1886 4557 2113 4628 procla-

2234 4554 2653 4633 Βιαχειρίσασθαι
2712 4557 2801 4611 τὸν
2863 4553 3112 4631 βσσιλέα,
3168 4553 3256 4609 καὶ
3305 4555 3395 4609 τὸν
3451 4552 3739 4611 Βασιλειον
3788 4552 3892 4609 ἐπὶ

461 4662 642 4703 mare.
678 4646 788 4702 Sed
814 4645 1088 4717 patefecit
1108 4650 1367 4701 Romano
1391 4661 1593 4701 eorum
1644 4646 1983 4701 institutum
2016 4663 2109 4702 so-

2234 4651 2317 4701 εοῦ
2383 4644 2671 4721 βασιλικοῦ
2728 4644 3039 4709 καθίσαντες
3122 4645 3316 4720 θρόνου
3375 4643 3720 4719 ἀναγορεῦσαι
3776 4637 3895 4699 ϐα-

462 4736 589 4793 cius
621 4735 1074 4809 conspirationis
1101 4735 1468 4806 Joannicius,
1494 4735 1730 4790 natione
1762 4736 2111 4791 Saracenos.

2234 4734 2395 4790 τιλέα,
2450 4732 2627 4791 Ἀλλὰ
2672 4742 2771 4803 τῆς
2819 4729 3122 4801 ἐπιϐουλῆς
3176 4731 3506 4805 μηνυθείσης
3534 4738 3613 4804 τῷ
3656 4733 3899 4807 βασιλεῖ

461 4826 664 4898 Itaque
687 4829 999 4898 antequam
1026 4825 1151 4881 dies
1182 4824 1426 4880 deﬁnita
1455 4828 1773 4897 appeteret,
1797 4842 1829 4880 a
1857 4824 2114 4897 Josepbo

2234 4825 2365 4899 παρά
2417 4846 2559 4888 τινος
2626 4828 2733 4878 τῶν
2814 4826 3167 4896 συνωμοτῶν.
3229 4820 3560 4879 Ἰωαννικίου
3603 4820 3895 4894 τοῦνομα,

459 4914 1607 4989 comprehensi,convicti,crudeliterque
1628 4914 1971 4983 excruciati,
1989 4914 2113 4970 solo

2234 4919 2296 4986 τῷ
2342 4915 2483 4991 γένει
2544 4916 2889 4986 Σαρακηνοῦ,
2948 4910 3076 4987 πρὶν
3136 4912 3170 4980 ἢ
3226 4912 3325 4980 τὴν
3379 4910 3566 4985 κυρίαν
3618 4910 3897 4981 ἐνστῆναι

454 5004 672 5061 Basilio
703 5011 1035 5078 excepto;ea
1066 5004 1196 5075 ipsa
1227 5003 1501 5059 ludorum
1531 5004 1894 5074 equestrium
1929 5003 2021 5059 die
2053 5005 2109 5058 in

2234 5004 2575 5079 ιρατηθέντες
2648 5002 2794 5079 παρὰ
2860 5005 2955 5079 τοῦ
3032 5001 3255 5079 Ἰωσὴφ,
3330 5001 3419 5056 καὶ
3495 4997 3896 5076 ἰλεγχθέντες,

456 5096 760 5169 triumpho
790 5096 952 5152 ducti
984 5099 1124 5151 sunt
1152 5098 1209 5149 et
1237 5094 1754 5167 relegati,rasoque
1774 5094 1963 5166 capite
1992 5110 2113 5149 mo-

2234 5094 2309 5147 ιαὶ
2386 5093 2609 5162 ἀπηνῶς
2698 5091 3030 5155 αἴκισθέντες
3108 5091 3231 5145 ἄνευ
3308 5088 3477 5163 μόνου
3548 5093 3645 5144 τοῦ
3705 5091 3907 5146 Berct-

1648 5288 2019 5345 XYLANDRI
2065 5289 2150 5344 ET
2189 5288 2409 5347 GOARI
2448 5290 2679 5347 NOT/E.

530 5445 609 5517 (4)
640 5442 793 5499 Palis
823 5441 1193 5517 nimirum‘in
1217 5446 1433 5517 terram
1459 5442 1671 5517 fixis,e_t
1700 5441 1877 5497 clavis
1900 5439 2111 5513 ligneis

461 5512 546 5575 ad'
567 5512 813 5571 invicem
837 5514 1461 5588 tenacissimejunctis
1483 5512 1825 5588 {Etadpwpa
1860 5529 2112 5588 namque

459 5588 623 5662 palus
670 5592 776 5644 est.
835 5584 1253 5662 Hesychius},
1281 5585 1513 5662 Σταυροξ
1566 5587 1617 5662 οἱ
1666 5584 2109 5662 καταπεπηγότες

462 5653 756 5731 σκύλοπες,
795 5653 1054 5734 χάρακας,
1103 5654 1191 5713 καί
1239 5653 1527 5713 πάνσα’τὰ
1574 5657 1777 5712 ἑστῶτα
1817 5653 1979 5728 ξύλα,
2006 5655 2111 5710 ἀπὸ

2222 5439 2559 5530 κοῦἳέστάναι
2614 5437 2693 5530 if"
2712 5438 2770 5493 έκ
2819 5441 2915 5530 to?
2954 5437 3176 5530 ξξςιτῇν
3229 5435 3713 5530 αὕραγυῖστέισθαγι.
3766 5439 3916 5496 Eu-

2222 5513 2476 5583 stathius
2514 5532 2525 5569 :
2562 5508 2840 5574 Σκόλοπες
2884 5510 3017 5583 ὀρθὰ
3046 5509 3181 5582 ξύλα
3228 5508 3317 5565 καὶ
3360 5510 3502 5583 ὀξέα,
3533 5508 3566 5562 ’ὰ
3596 5511 3684 5563 καὶ
3712 5529 3911 5565 σταυ-

2221 5582 2351 5658 ροὺς
2382 5583 2632 5641 ἐκάλουν.
2667 5585 2846 5642 GOAR.
