4036 6330
118 384 188 444 ’Π
1265 377 1812 444 HISTORIARUM
1855 379 2252 443 COMPENDI
2265 383 2374 445 ΗΜ
2389 429 2406 446 .
3466 393 3548 455 78

120 514 296 580 λείου,
356 513 449 568 καὶ
511 515 631 570 κατ’
686 513 850 583 αὐτὴν
931 515 1034 584 τήν
1095 515 1306 590 ἡμέραν
1389 518 1487 568 τοῦ
1571 513 1773 588 ἀγῶνος

1894 513 2066 570 nachi
2097 515 2253 572 facti.
2287 516 2631 589 Quanquam
2663 534 2732 574 ea
2767 518 2880 574 fuit
2922 519 2981 574 in
3030 519 3190 590 ipsos
3223 521 3553 595 imperato-

123 599 615 677 θριαμϐευθέντες,
694 603 870 680 ἐξορίᾳ
949 603 1410 682 παρεπέμφθησαν
1485 604 1578 657 καὶ
1665 602 1790 656 άπε-

123 695 371 768 κάρησαν
432 695 698 768 μοναχοί.
757 695 966 769 Χρόνον
1027 691 1084 749 δέ
1129 714 1249 748 τινα
1305 691 1514 769 βραχὺν
1565 690 1614 746 ἐν
1649 691 1787 763 αὐτῇ

1899 605 1980 660 ris
2004 604 2365 675 humanitas,
2399 612 2464 662 ut
2493 606 2767 680 exiguum
2812 610 3094 680 temporis
3146 612 3418 670 miserias
3450 632 3550 671 ex-

1899 693 2017 749 silii
2050 699 2319 766 expertos
2351 697 2724 752 revocaverit.
2759 697 2931 753 Solus
2981 698 3232 756 Basilius
3277 700 3550 760 Volueris

121 783 644 858 ταλαιπωρηθέντες
695 785 1070 854 ἀνεκλήοησαν
1129 781 1532 861 φιλανθρώπως
1598 782 1773 836 αὐτοῖς

1897 783 2131 839 insania
2161 790 2464 856 correptus
2513 785 2572 840 in
2606 790 2972 842 Proconneso
3003 789 3194 860 periit,
3229 807 3552 866 poenasque

124 874 484 948 χρησαμένον
530 877 628 928 τοῦ
708 872 1001 949 βασιλέως.
1072 872 1250 934 Μόνος
1313 871 1370 926 δὲ
1424 869 1702 932 Βασίλειος
1759 872 1788 924 6

123 965 375 1025 Πετεινός
451 961 666 1040 ἔκφρων
741 962 1032 1038 γενόμενος
1099 960 1446 1033 ἐτελεύτησεν
1512 960 1563 1015 ἐν
1623 966 1786 1036 Προι-

1897 872 2058 928 dedit
2109 874 2326 945 proditi
2375 875 2755 930 Constantino
2806 891 2909 946 per
2953 877 3220 933 lraudem
3269 880 3550 952 Stephani

1895 961 2292 1033 imperatoris.

118 1054 396 1124 κοννήσῳ,
427 1059 529 1122 τῆς
561 1051 721 1123 δίκης
749 1052 906 1108 αὐτὸν
946 1051 1313 1125 μετελθούσης
1347 1052 1459 1106 ἀνθ’
1486 1053 1559 1106 ὧν
1585 1048 1787 1112 δολίως
1819 1049 1896 1112 εἷς
1930 1049 2194 1129 Στέφανον
2227 1048 2518 1124 ἐνεδείξατο
2549 1051 2640 1106 τὸν
2680 1051 2927 1127 βασιλέα,
2957 1051 3324 1129 προδεδωκὼς
3354 1063 3548 1114 τοῦτον

118 1147 193 1212 τῷ
224 1147 344 1196 Κων
354 1142 641 1214 σταντίνῳ.

183 1231 257 1285 Τά
283 1229 345 1285 δὲ
377 1230 506 1307 περὶ
534 1231 627 1284 τὸν
673 1230 925 1286 Πετεινὸν
972 1229 1063 1285 καὶ
1120 1229 1247 1293 τοὺς
1300 1227 1504 1292 ἄλλους
1565 1226 1696 1283 ἰδὼν
1757 1229 1784 1282 ὁ

122 1318 420 1395 ηδ’-προς
509 1321 790 1393 Ῥωμανὸς
869 1321 896 1376 6
975 1318 1313 1394 Σαρωνίτης,
1389 1318 1474 1372 ἐπὶ
1559 1315 1782 1393 θυγατρὶ

118 1404 371 1484 γαμϐρὸς
432 1406 507 1463 ὢν
569 1413 846 1482 Ῥωμανοῦ
895 1409 1169 1485 γέροντος,
1219 1407 1309 1463 καὶ
1363 1408 1439 1480 μὴ
1498 1406 1565 1461 τὰ
1616 1405 1781 1480 ὅμοια

117 1499 202 1552 καὶ
265 1496 436 1558 αὐτὸς
495 1499 654 1561 πάθοι
714 1493 1014 1575 φοϐηθεὶς,
1087 1497 1456 1575 φθονούμενος
1527 1493 1615 1550 διὸ.
1677 1497 1776 1564 τήν

117 1589 308 1643 iss-£05
357 1589 707 1664 περιφάνειαν
748 1589 837 1643 καὶ
893 1589 1373 1662 ὑποπτευόμενος,
1433 1589 1530 1656 τὴν
1587 1589 1777 1642 ἑαυτοῦ

117 1677 299 1732 οὐσίαν
337 1683 458 1739 τοῖς
489 1679 696 1738 τέκνοις
740 1677 814 1742 ὡς
850 1673 1108 1734 ἐϐούλετο
1165 1675 1484 1752 διαμερίσας
1528 1676 1617 1732 καὶ
1675 1676 1773 1743 τὴν

117 1767 426 1824 ὖπόλοιπον
456 1765 649 1837 πένησι
675 1764 974 1841 διανείμας,
1004 1769 1068 1823 τὸ
1127 1772 1236 1824 τῶν
1298 1771 1558 1841 μοναχῶν
1615 1785 1773 1840 περι-

1966 1231 2033 1285 At
2083 1229 2240 1285 enim
2307 1229 2590 1303 magister
2666 1234 2968 1287 Romanus
3025 1232 3313 1303 Saronita,
3373 1253 3550 1308 gener

1892 1319 2050 1376 senis
2107 1320 2374 1386 Romani,
2423 1337 2550 1391 quce
2608 1319 2844 1376 Volucri
2901 1325 2958 1377 et
3016 1320 3151 1378 aliis
3208 1325 3545 1384 evenissent

1891 1425 2157 1475 cernens,
2191 1409 2526 1482 veritusque
2558 1425 2629 1465 ne
2662 1409 2817 1465 idem
2851 1410 2964 1466 sibi
3015 1411 3377 1484 contingeret
3405 1415 3546 1486 quia

1889 1500 1961 1554 ob
1992 1498 2365 1569 splendorem
2397 1515 2573 1553 suum
2607 1499 2836 1554 invisus
2886 1505 3312 1572 suspectusque
3363 1509 3541 1587 esset,

1887 1605 2028 1659 opes
2059 1604 2198 1643 suas
2229 1604 2334 1642 suo
2393 1589 2675 1642 arbitratu
2721 1589 2871 1644 inter
2911 1589 3130 1646 liberos
3162 1607 3303 1647 suos
3333 1592 3541 1648 distri-

1888 1675 2035 1742 buit,
2066 1682 2122 1730 et
2153 1675 2378 1748 reliqua
2407 1677 2767 1750 pauperibus
2815 1678 3100 1750 elargitus
3147 1679 3207 1736 in
3241 1687 3537 1738 monaste-

1885 1763 2038 1819 rium
2075 1766 2353 1837 Elegrnon
2386 1782 2448 1822 se
2479 1767 2747 1833 contulit,
2787 1767 2985 1839 ibique
3034 1769 3358 1826 monachus
3390 1771 3541 1827 mul-

115 1851 380 1912 ϐάλλεται
437 1854 679 1929 ἔνδυμα.
753 1857 851 1912 Καὶ
908 1856 962 1912 ἐν
1019 1861 1090 1931 τῇ
1147 1863 1229 1929 τῷ
1285 1855 1570 1931 Ἐλεγμῶν
1635 1856 1773 1928 μονῇ

1894 1857 1976 1908 tos
2007 1871 2108 1926 per
2138 1856 2291 1911 348
2325 1873 2510 1912 annos
2540 1855 2700 1926 vixit,
2731 1861 2938 1928 estque
2969 1858 3040 1913 ab
3074 1858 3532 1931 imperatoribus

111 1947 426 2020 γενόμενος,
453 1949 543 2002 καὶ
585 1948 784 2022 χρόνον
838 1949 1037 2023 συχνὸν
1098 1947 1150 2003 ἐν
1212 1947 1348 2021 αὐτῇ
1405 1945 1764 2022 παραμείνας,

116 2037 214 2090 ὑπὸ
238 2041 356 2091 τῶν
393 2037 530 2109 μετὰ
569 2041 734 2092 ταῦτα
785 2035 1052 2113 βασιλέων
1102 2036 1346 2110 ἐτιμήθη
1375 2034 1766 2114 διαφερόντως.

179 2127 334 2182 Κατὰ
389 2125 617 2188 τούτους
672 2125 801 2188 τοὺς
860 2127 1093 2202 χρόνους
1167 2126 1303 2202 ἀνήρ
1378 2145 1463 2186 τις
1531 2125 1764 2199 ἀνεφάνη

114 2211 435 2288 Φιλὼραιος
497 2213 858 2287 καλούμενος,
934 2215 1273 2284 ὑπασπιστὴς
1359 2212 1432 2268 ὢν
1487 2215 1771 2286 Ῥωμαδοῦ

118 2306 420 2378 μαγίστρου
451 2307 546 2360 τοῦ
578 2303 845 2376 Μωσηλὲ,
893 2311 992 2361 τοῦ
1049 2305 1274 2381 ἐκγόνου
1331 2307 1618 2377 Ῥωμανοῦ
1675 2307 1772 2358 τοῦ

114 2395 390 2467 γέροντος.
452 2394 618 2456 Οὗτος
693 2391 895 2458 ἄνωθεν
943 2392 1120 2449 ἵππου
1179 2392 1457 2448 ὠκυτάτου
1527 2391 1610 2447 ἐπὶ
1672 2396 1770 2457 τῆς

117 2480 427 2560 ἐφεστρίδος
482 2483 769 2555 ἴστάμενος
841 2479 1044 2560 ὄρθιος,
1099 2485 1188 2538 καὶ
1229 2482 1378 2560 ξίφος
1432 2488 1554 2544 ταῖς
1612 2480 1773 2557 χερσὶ

122 2573 423 2646 βαστάζων,
474 2577 571 2628 τοῦ
619 2570 796 2628 ’ίππου
826 2574 1121 2650 τρέχοντος
1145 2573 1270 2628 ὅσον
1303 2570 1526 2628 ἐδύνατο
1557 2569 1774 2626 κυκλῶν

119 2662 267 2734 ἐπῄει
330 2664 420 2716 τὸν
482 2661 701 2736 εὔριπον
775 2670 876 2732 τῆς
933 2659 1308 2736 ἱπποδρομίας
1363 2661 1606 2738 στρέφων
1661 2658 1772 2715 ἄνω

117 2752 200 2804 καὶ
245 2751 401 2804 κάτω
443 2751 504 2806 τὸ
553 2750 703 2826 ξίφος
734 2752 822 2806 καὶ
863 2749 990 2825 μηδ’
1031 2748 1182 2813 ὅλως
1237 2749 1642 2814 ὑπολυσθαίνων
1671 2751 1771 2818 τῆς

119 2839 377 2902 στάσεως.

182 2927 460 2986 Ἐπὲδωκε
502 2927 548 2984 δ’
607 2930 660 2985 ἐν
724 2935 845 2992 ταῖς
891 2929 1130 3006 ἡμέραις
1178 2928 1399 2991 ταύτπις
1456 2927 1545 2983 καὶ
1599 2926 1770 2982 πάλαι

119 3021 207 3087 τὴν
265 3020 560 3091 Ῥωμαίων
604 3019 756 3075 ἐπιόν
804 3040 864 3075 τε
909 3021 996 3074 καὶ
1057 3017 1456 3092 λυμαινόμενον
1515 3016 1606 3072 καὶ
1653 3014 1770 3071 δια-

119 3111 334 3183 φθεῖρον
391 3108 519 3170 τοὺς
589 3109 719 3184 βόας
794 3110 857 3164 τὸ
917 3107 1170 3182 λοιμικὸν
1230 3109 1426 3175 πάθος,
1478 3105 1508 3161 6'
1561 3101 1774 3183 κράϐρα

121 3197 532 3269 κατονομάζετε.
594 3197 734 3253 Φασὶ
787 3195 846 3253 δὲ
899 3199 998 3267 τήν
1060 3199 1241 3274 ἀρχὴν
1269 3201 1432 3253 τοῦτο
1463 3191 1650 3251 λαϐεῖν
1682 3195 1768 3251 ἐπὶ

119 3291 218 3340 τῶν
272 3290 497 3363 ἡμερῶν
547 3292 646 3344 τοῦ
691 3289 949 3362 γέροντος
990 3289 1296 3360 ⁸Ρωμανοῦ.
1356 3288 1614 3361 Ἐγγιστα
1666 3287 1767 3356 γὰρ

122 3383 211 3444 τῆς
258 3382 360 3431 τοῦ
420 3377 611 3432 Βώνου
656 3378 972 3452 κινστέρνης
1013 3377 1299 3452 ἀναψυχὴν
1361 3375 1534 3446 ἑαυτῷ
1561 3377 1660 3438 τῆς
1691 3385 1773 3438 θε-

126 3471 269 3538 ρινῆς
304 3468 516 3538 θέρμης
571 3465 813 3522 παλάτια
866 3470 963 3520 τοῦ
1015 3467 1306 3539 Ῥωμανοῦ
1380 3465 1767 3539 ἀνεγείροντος,

126 3555 340 3609 καὶτῶν
373 3553 643 3627 θεμελίων
691 3549 1189 3628 καταϐαλλομένων
1253 3555 1380 3630 βιιός
1410 3575 1566 3632 φασιν
1617 3555 1768 3629 εὑρε-

125 3651 268 3712 ξτῆναι
306 3644 654 3719 μαρμαρίνόυ
691 3644 956 3722 κεφαλὴν,
998 3646 1065 3714 ἣν
1099 3646 1152 3700 οἱ
1182 3645 1430 3720 εὐρόντες
1460 3642 1769 3719 συντρίψανο

122 3753 196 3795 :2;
223 3734 302 3797 εἰς
325 3735 432 3803 τήν
461 3738 558 3788 τοῦ
577 3733 795 3789 τιτάνου
823 3734 1047 3808 κάμινον
1081 3728 1469 3806 ἐμϐάλλουσιν.
1503 3734 1584 3804 Ἐξ
1634 3731 1769 3786 ἐκεί·

125 3844 204 3876 νου
235 3821 281 3877 δ’
309 3821 447 3898 ἄχρι
477 3827 585 3877 τῶν
616 3821 752 3897 τῇδε
782 3823 994 3899 χρόνων
1031 3824 1135 3878 οὑκ
1162 3821 1464 3877 ἐπαύσαντο
1487 3824 1770 3896 πανταχοῦ

122 3919 207 3980 τῆς
232 3920 340 3987 γῆς
371 3911 588 3982 ὁπόσην
619 3915 657 3982 ἠ
683 3917 790 3968 τῶν
827 3911 1113 3986 Ῥωμαίων
1167 3912 1413 3988 περιέχει
1468 3907 1770 3977 δυναστεία,

120 4003 178 4055 :i
203 4008 307 4057 τῶν
345 4003 494 4078 βοῶν
527 4000 924 4080 ςιαφθείρεσθαι
953 4003 1104 4078 γένη.

181 4093 240 4148 Ὀ
298 4090 386 4158 δέ,
434 4092 720 4163 Ῥωμανὸς
789 4092 1224 4166 παρορμώμενος
1302 4089 1403 4144 ὑπὸ
1457 4094 1558 4157 τῆς
1606 4086 1771 4142 αὐτοῦ

125 4183 362 4248 γυναικὸς
468 4187 809 4256 κατενεγκεῖν
895 4179 1151 4254 ἐπειράθη
1252 4183 1361 4233 τῶν
1478 4175 1769 4252 βασιλείων

129 4270 334 4340 Ἑλένην
391 4291 453 4325 τι
507 4272 611 4340 τήν
668 4271 877 4344 μητέρα
932 4269 1022 4324 καὶ
1080 4269 1174 4331 τὰς
1236 4265 1513 4346 ἀδελφὰς,
1568 4265 1656 4320 καὶ
1717 4265 1769 4320 ἐν

129 4365 228 4420 τοῖς
275 4359 572 4421 παλατίοις
645 4364 754 4414 τῶν
821 4359 1114 4434 Ἀνςιόχου
1180 4357 1507 4434 περιορίσαι.
1567 4359 1774 4411 Γνοῦσα

133 4445 178 4500 2-;
227 4454 389 4503 τοῦτο
449 4451 486 4517 ἡ
521 4448 714 4517 Ἑλένη
743 4450 826 4521 [Ρ.
858 4450 989 4521 645]
1033 4446 1122 4502 καὶ
1169 4449 1306 4520 πρὸς
1356 4448 1585 4520 θρήνους
1643 4464 1774 4520 τρίτ’

131 4544 271 4592 πεὶσα
311 4538 409 4593 καὶ
472 4539 606 4612 ἀράς
663 4535 981 4606 ἐδυσώπησε
1034 4537 1126 4592 τὸν
1187 4537 1326 4603 υἱὸν,
1359 4529 1776 4604 διευλαϐηθέντα

1882 1943 2385 2016 subsequentibus
2416 1945 2476 2000 in
2511 1962 2725 2018 magno
2756 1945 2977 2002 honore
3006 1947 3272 2006 habitus.

1951 2123 2059 2178 Per
2084 2122 2240 2178 idem
2271 2127 2503 2195 tempus
2534 2124 2622 2180 vir
2652 2124 2893 2197 quidam
2942 2126 3168 2182 exstitit
3214 2125 3530 2184 Philoraaus

1885 2212 2140 2279 nomine,
2157 2214 2407 2285 stipator
2439 2213 2705 2286 magistri
2723 2216 2968 2270 Romani
3000 2215 3531 2288 Moselis,prognati

1884 2319 1917 2356 a
1949 2303 2212 2357 Romano
2233 2320 2391 2358 sene.
2426 2305 2481 2358 Is
2511 2303 2600 2358 vir
2627 2303 2842 2375 injecta
2861 2309 3020 2360 veste
3049 2321 3201 2377 equo
3232 2306 3534 2362 celerrimo

1883 2391 1936 2446 ei
1988 2391 2305 2446 insistebat
2354 2396 2570 2459 rectus,
2622 2392 2886 2465 gladium
2945 2394 3222 2450 manibus
3270 2399 3532 2467 gestans,

1885 2497 2059 2551 quem
2091 2497 2242 2552 equo
2290 2481 2750 2538 concitatissime
2796 2488 3070 2540 currente
3114 2489 3336 2551 rotans,
3370 2485 3532 2541 euri-

1885 2586 2026 2642 pum
2059 2569 2204 2625 Circi
2227 2571 2624 2641 percurrebat,
2657 2571 2918 2643 gladium
2950 2590 3191 2630 sursum
3223 2575 3534 2630 deorsum-

1882 2675 1992 2729 que
2021 2675 2284 2726 versans,
2315 2664 2373 2716 et
2403 2677 2474 2716 ne
2506 2659 2820 2716 minimum
2853 2663 3091 2734 quidem
3139 2663 3383 2737 vestigio
3418 2680 3529 2720 suo

1881 2747 2138 2804 elabens.

1953 2929 2117 2984 Tunc
2145 2928 2325 2984 etiam
2356 2927 2613 2985 intendit
2640 2946 2769 2986 sese
2797 2931 3041 2987 morbus
3082 2931 3385 3004 pestilens,
3423 2949 3528 2988 no-

1883 3019 2042 3074 mine
2088 3019 2318 3090 crabra,
2361 3019 2700 3089 jamdulum
2745 3019 2919 3076 boves
2967 3025 3365 3078 Romanorum
3411 3026 3534 3078 ten-

1883 3112 2017 3164 tans
2048 3113 2224 3180 atque
2255 3109 2522 3179 perdens.
2560 3110 2776 3165 Ferunt
2807 3109 2865 3164 id
2915 3111 3161 3183 ccepisse
3203 3111 3531 3183 imperante

1885 3198 2147 3254 Romano
2180 3214 2339 3254 sene.
2371 3199 2514 3254 Cum
2548 3199 2704 3254 enim
2739 3199 3000 3271 proxime
3031 3201 3175 3256 Boni
3216 3201 3530 3258 cisternam

1883 3287 2169 3358 palatium
2201 3287 2300 3342 ille
2329 3288 2624 3353 conderet,
2662 3289 2718 3342 in
2761 3305 2876 3360 quo
2907 3306 2970 3344 se
3018 3290 3090 3344 ab
3133 3291 3342 3346 ardore
3390 3290 3534 3346 solis

1881 3377 2080 3431 aestivo
2138 3376 2530 3450 refrigeraret,
2582 3378 2724 3432 dum
2786 3378 3170 3435 fundamenta
3227 3385 3532 3452 parantur,

1879 3465 2161 3522 effossum
2194 3465 2391 3522 ferunt
2423 3465 2579 3521 bovis
2611 3467 2926 3523 marmorei
2956 3473 3151 3542 caput,
3184 3471 3340 3541 quod
3373 3471 3536 3526 abiis

1880 3555 1981 3626 qui
2014 3559 2350 3628 repererant
2391 3556 2755 3612 confractum
2807 3561 2864 3612 et
2902 3557 2960 3612 in
3013 3559 3309 3615 fornacem
3341 3559 3535 3615 calca-

1880 3645 2027 3700 riam
2059 3645 2341 3714 injectum
2372 3650 2481 3700 est.
2511 3646 2590 3699 Ex
2637 3661 2703 3700 eo
2753 3649 3016 3718 tempore
3055 3647 3110 3700 in
3160 3647 3318 3704 hunc
3350 3664 3538 3720 usque

1879 3734 2035 3789 diem
2071 3732 2253 3801 pestis
2283 3737 2546 3788 armenta
2589 3734 2765 3788 boum
2797 3749 2902 3805 per
2949 3735 3281 3791 universam
3315 3736 3532 3792 Roma-

1881 3839 2087 3878 norum
2123 3821 2399 3876 ditionem
2434 3821 2708 3877 infestare
2739 3839 3045 3895 nunquam
3077 3824 3274 3880 desiit.

1954 4089 2129 4145 Porro
2160 4088 2481 4160 imperator
2510 4088 2711 4145 uxoris
2754 4088 3038 4145 instinctu
3088 4089 3370 4146 Helenam
3416 4107 3537 4148 ma-

1883 4183 2034 4234 trem
2067 4181 2123 4232 et
2153 4193 2385 4233 sorores
2418 4194 2557 4232 suas
2587 4177 2723 4233 aula
2751 4194 3020 4234 amovere
3048 4183 3107 4234 et
3135 4179 3193 4234 in
3253 4180 3538 4252 palatium

1884 4267 2158 4323 Antiochi
2193 4266 2450 4339 relegare
2482 4267 2713 4323 statuit.
2747 4267 2911 4334 Quod
2945 4267 3044 4324 ubi
3096 4269 3332 4326 rescivit
3379 4272 3540 4327 844

1883 4355 2121 4424 Helena,
2155 4357 2226 4411 ad
2261 4355 2676 4427 quiritationes
2701 4364 2753 4412 et
2805 4357 3232 4414 exsecrationes
3262 4375 3545 4417 conversa

1886 4446 2073 4501 ﬁlium
2106 4461 2308 4501 earum
2343 4450 2502 4501 metu
2536 4462 2570 4501 a
2623 4447 2920 4517 proposito
2973 4447 3278 4516 deterruit,
3338 4455 3543 4521 estque

1888 4535 2243 4608 permissum
2271 4535 2321 4590 ei
2354 4538 2419 4589 ut
2445 4535 2503 4589 in
2529 4534 2745 4606 palatio
2775 4541 3057 4592 maneret.
3077 4541 3316 4595 Sorores
3343 4543 3542 4596 tamen

131 4627 208 4686 ti;
256 4627 306 4699 ἐξ
360 4627 536 4692 αὐτῆς
579 4627 833 4703 κατάρας.
863 4625 1018 4683 Ἀλλ’
1075 4624 1208 4697 αὕτη
1248 4625 1343 4698 μὲν
1389 4625 1538 4695 εἰάθη
1600 4624 1773 4696 μένειν

1894 4639 2061 4696 opera
2087 4622 2353 4689 Joannis,
2387 4623 2490 4694 qui
2537 4624 2805 4680 Studiani
2856 4625 3197 4681 monasterii
3245 4633 3371 4684 erat
3400 4644 3543 4701 pras-

135 4718 246 4770 επὶ
273 4717 488 4791 χώραν,
522 4717 619 4780 τὰς
652 4714 698 4771 δ’
730 4714 968 4786 ἀδελφὰ)
1018 4716 1334 4791 καταγαγὼν
1384 4712 1475 4768 διὰ
1519 4713 1773 4767 Ἰωάννου

135 4806 493 4880 καθηγεμόνος
517 4810 626 4860 τῶν
679 4803 943 4861 Στουδίου
981 4805 1231 4880 ἀπέκειρε
1287 4804 1551 4878 μοναχάς.
1604 4803 1674 4857 Αἱ
1716 4799 1773 4856 δὲ

358 4897 723 4971 ὁποχωρήσει
778 4895 974 4950 τούτου
1031 4895 1130 4964 τὴν
1205 4894 1512 4968 μοναχικήν
1568 4889 1770 4945 ἀποδυ-

141 4984 348 5055 τάμεναι
368 4984 575 5054 ἐσθῆτα
608 4983 980 5062 ἐκρεωφάγουν
1014 4987 1109 5056 (5).
1142 4985 1202 5040 Ἥ
1237 4981 1295 5038 δὲ
1323 4980 1514 5051 Ἑλένη
1545 4984 1614 5054 τῇ
1663 4983 1768 5034 τῶν

143 5076 428 5150 τῐδγατέρων
455 5077 756 5148 καταγωγῇ
798 5072 1234 5149 περιαλγήσασα,
1278 5073 1366 5126 καὶ
1420 5070 1614 5146 μικρὸν
1655 5069 1772 5124 ἐπι-

142 5166 327 5230 ζήσασα
356 5163 584 5238 χρόνον,
605 5166 676 5237 τῇ
706 5170 751 5218 κ’
783 5167 881 5217 τοῦ
912 5156 1287 5238 Σεπτεμϐρίου
1341 5160 1536 5233 μηνὸς,
1585 5165 1687 5227 τῆς
1735 5159 1779 5212 ε’

141 5249 460 5316 ἒνδικτιῶνος
491 5247 704 5308 ἀπεϐίω
733 5251 825 5306 καὶ
858 5250 1157 5328 βασιλικῶς
1190 5249 1574 5323 ἐκκομισθεῖσα
1603 5245 1770 5326 ἐτάφη

142 5341 182 5393 ὲ.
211 5345 277 5413 τῇ
300 5343 531 5418 λάρνακι
560 5346 660 5397 τοῦ
688 5340 908 5416 αατρός·

203 5434 510 5512 δικηφόρος
571 5429 632 5487 δὲ
678 5433 708 5486 6
779 5435 995 5501 Φωκᾶς,
1055 5429 1128 5493 ὡς
1177 5426 1478 5504 ἔμπροσθεν
1537 5423 1771 5501 εἴρηται,

1886 4713 2095 4782 fectus,
2122 4712 2367 4767 abduxit
2398 4714 2714 4785 imperator
2743 4718 2802 4769 et
2846 4715 3168 4771 monochas
3200 4716 3374 4785 fecit;
3407 4734 3542 4788 qua:

1885 4802 2087 4857 statim
2123 4818 2188 4857 eo
2229 4803 2494 4874 digresso
2543 4808 2759 4859 vestem
2811 4805 3198 4860 monasticam
3248 4812 3534 4862 exuerunt

1882 4897 1940 4947 et
1970 4908 2175 4946 carnes
2208 4892 2659 4948 manducarunt.
2694 4891 2910 4948 Helena
2957 4893 3109 4950 ﬁlias
3153 4893 3287 4949 aula
3341 4891 3532 4951 motas

1886 4981 2189 5052 aegerrime
2236 4979 2393 5049 tulit,
2453 4995 2644 5052 neque
2691 4981 2790 5036 diu
2839 4983 3181 5054 supervixit,
3233 4985 3332 5038 sed
3375 4984 3531 5040 diem

1887 5087 2060 5126 suum
2094 5070 2242 5126 obiit
2273 5069 2365 5125 die
2394 5071 2465 5124 20
2485 5070 2863 5143 Septembris,
2896 5071 3216 5128 indictione
3255 5073 3310 5126 5.
3344 5073 3412 5130 Et
3441 5090 3536 5130 re-

1887 5160 2006 5232 gali
2038 5159 2243 5216 funere
2274 5160 2427 5215 elata
2457 5159 2517 5214 in
2545 5176 2740 5216 arcam
2773 5159 2957 5231 patris
2989 5167 3076 5216 est
3106 5161 3430 5218 recondita.

1960 5425 2328 5498 Nicephorus
2358 5430 2554 5482 autem
2614 5426 2836 5484 Phocas
2883 5429 3070 5497 Creta,
3123 5427 3209 5485 uti
3260 5429 3524 5488 diximus

1313 5589 1694 5649 XYLANDRI
1735 5589 1826 5646 ET
1865 5587 2086 5645 GOARI
2125 5585 2361 5644 ΝΟΤιΕ.

212 5730 286 5802 (5)
312 5731 650 5790 Notandum
684 5727 994 5790 monachis
1015 5727 1228 5786 Grecis
1257 5726 1508 5800 facinus,
1533 5725 1710 5784 etiam
1741 5724 1994 5798 aegrotis.
2021 5724 2201 5780 Goaa.
