4036 6330
493 390 574 456 79
1844 395 2161 456 GEORGII
2208 394 2547 456 GI‘JDRENI

3823 397 3911 458 80

478 527 689 598 jussus
718 528 991 584 decedere
1022 528 1107 584 ita
1136 534 1226 584 est
1258 534 1318 583 ut
1352 545 1466 584 non
1497 528 1699 584 liceret
1721 530 1773 585 ei
1804 529 2005 600 Cpolin
2039 529 2128 583 in-

2259 528 2607 604 τροσταχθεὶς
2665 524 2724 580 ἐκ
2776 528 3000 600 Κρήτης
3056 524 3371 593 ἐπανελθεῖν
3414 529 3475 583 οὔ
3533 532 3903 604 συνεχωρήθη

487 617 559 671 de
590 616 777 671 redire
809 632 822 671 :
858 618 955 672 sed
992 619 1334 673 mandatum
1368 623 1459 673 est
1485 624 1549 673 ut
1590 634 1723 672 cum
1776 619 1937 672 omni
1969 634 2134 672 exer-

488 708 602 761 citu
638 706 694 760 in
728 705 1019 762 Orientem
1050 708 1349 763 transiret.
1383 707 1528 762 Nam
1564 710 1635 762 ab
1685 714 1920 778 accepta
1974 706 2135 761 clade

485 810 549 849 se
579 794 925 867 recolligens
958 796 1313 851 Chabdanus
1335 797 1462 865 jam
1497 812 1623 849 sese
1655 797 1935 866 erigebat,
1970 811 2133 849 coac-

486 888 665 954 toque
696 885 765 938 ad
799 902 1057 956 pugnam
1092 886 1299 939 idoneo
1332 886 1592 939 exercitu
1644 885 1893 954 jamjam
1928 884 1986 937 in
2021 884 2135 938 Ro-

488 988 697 1028 manos
727 979 1016 1028 moturus.
1052 974 1194 1027 Eum
1229 973 1473 1038 Phocas,
1506 973 1565 1026 in
1603 975 1825 1043 Syriam
1862 977 1925 1028 ut
1957 973 2133 1038 venit,

488 1061 684 1134 przelio
715 1063 1013 1134 superavit
1042 1080 1108 1117 ac
1140 1062 1311 1128 fudit,
1364 1069 1420 1117 et
1448 1063 1508 1116 in
1541 1065 1767 1134 Syriam
1798 1063 2134 1118 interiorem

486 1151 807 1222 compulit;
843 1152 1046 1206 urbem
1078 1152 1412 1207 Berrhaaam
1438 1160 1674 1221 excepta
1696 1168 1825 1206 arce
1857 1152 2139 1207 evastavit

488 1257 854 1312 magnasque
886 1241 967 1294 ibi
997 1257 1158 1311 opes,
1194 1244 1447 1311 praedam
1484 1240 1833 1311 locupletem
1894 1248 1951 1295 et
1984 1240 2137 1295 mul-

486 1335 579 1384 tos
608 1330 867 1401 captivos
905 1330 1164 1399 abduxit,
1225 1330 1491 1385 liberatis
1549 1330 1726 1385 etiam
1783 1334 1840 1384 et
1894 1331 2135 1385 domum

490 1418 757 1473 dimissis
818 1417 1166 1474 Christianis
1198 1418 1298 1490 qui
1353 1417 1436 1474 ibi
1489 1418 1699 1490 captivi
1758 1418 1977 1473 detenti
2013 1419 2137 1473 fuc-

494 1511 644 1562 rant.

561 1779 726 1831 Anno
758 1775 1118 1830 mundi6471
1147 1780 1415 1831 mortuus
1445 1781 1534 1831 est
1559 1776 1859 1831 Romanus
1890 1774 2137 1845 impera-

490 1870 602 1931 tor,
632 1865 702 1920 45
732 1865 824 1921 die
853 1865 1043 1921 Martii
1075 1866 1226 1920 345
1262 1865 1505 1933 mensis,
1546 1864 1865 1919 indictione
1893 1866 2138 1929 6,annos

494 1960 668 2009 natus
696 1955 783 2009 24.
812 1955 1130 2025 Imperavit
1150 1971 1335 2009 annos
1365 1955 1399 2008 3
1432 1970 1663 2009 menses
1696 1955 1728 2007 4
1750 1954 1875 2008 dies
1902 1954 1955 2007 5.
1990 1957 2138 2007 Mor-

492 2044 568 2099 tis
599 2061 835 2100 causam
868 2044 965 2098 alii
998 2043 1181 2098 fuisse
1213 2043 1472 2108 tradunt,
1521 2044 1677 2114 quod
1738 2042 2039 2096 luxuriosa
2085 2045 2144 2095 et

494 2132 898 2205 voluptatibus
931 2132 1125 2187 dedita
1172 2133 1292 2187 vita
1330 2131 1744 2202 corpusculum
1779 2130 2095 2186 attrivisset
2127 2147 2139 2184 ε

500 2222 599 2276 alii
658 2238 878 2277 veneno
935 2221 1288 2276 exstinctum
1344 2226 1574 2291 putant.
1637 2220 1957 2290 Imperium
2017 2222 2144 2287 ejus

504 2316 690 2365 morte
719 2310 789 2365 ad
822 2308 1104 2364 Basilium
1136 2315 1193 2364 et
1218 2309 1663 2364 Constantinum
1696 2310 1886 2379 ipsius
1917 2308 2068 2362 ﬁlios
2093 2312 2150 2361 et

504 2415 704 2455 eorum
740 2409 981 2453 matrem
1013 2398 1508 2469 Theophanonem
1542 2398 1752 2464 rediit;
1788 2413 1919 2467 quae
1968 2396 2147 2451 biduo

505 2494 638 2544 ante
670 2492 916 2542 mortem
951 2486 1144 2542 mariti
1179 2486 1356 2541 filiam
1390 2503 1623 2557 quoque
1656 2486 2012 2557 peperit,cui
2038 2490 2147 2539 An-

505 2594 592 2633 na:
624 2594 838 2632 nomen
872 2577 1151 2631 fecerunt.
1172 2576 1408 2631 Statura
1438 2576 1550 2630 fuit
1580 2575 1883 2630 Romanus
1916 2590 2148 2644 magna,

502 2682 837 2739 quanquam
865 2670 1028 2736 patre
1051 2665 1263 2729 minor,
1308 2666 1544 2735 ingenio
1597 2663 1821 2733 placido
1872 2679 1937 2717 ac
1983 2679 2147 2716 man-

502 2761 688 2823 sueto,
722 2760 779 2810 et
808 2755 1181 2809 mediocriter
1210 2755 1547 2819 animatus;
1581 2761 1637 2806 et
1695 2754 1968 2823 quamvis
2026 2755 2152 2805 erat

495 2845 756 2916 juvenis,
789 2843 933 2898 satis
965 2842 1047 2895 illi
1081 2847 1276 2897 tamen
1337 2842 1548 2896 fuisset
1584 2840 1803 2912 ingenii
1837 2856 1903 2895 ac
1934 2841 2152 2910 perspi-

505 2933 676 2990 caciaa
707 2933 778 2988 ad
813 2931 1237 3003 rempublicam
1271 2931 1738 3003 gubernandam,
1772 2935 1821 2986 si
1854 2930 1904 2984 ei
1935 2930 1993 2984 id
2054 2947 2155 3001 per

506 3023 759 3079 famulos
788 3021 1076 3086 licuisset,
1111 3021 1209 3091 qui
1243 3036 1374 3074 cum
1399 3020 1764 3089 juvenilibus
1819 3019 2153 3089 cupiditati-

506 3114 617 3168 bus
648 3127 713 3167 ac
744 3109 960 3166 studiis
992 3109 1254 3164 deditum
1286 3125 1416 3163 esse
1430 3108 1835 3176 voluerunt,ut
1864 3107 1977 3178 ipsi
2010 3124 2156 3162 rem-

504 3200 803 3273 publicam
833 3203 1153 3254 tractantes
1175 3199 1439 3269 ingentes
1461 3200 1836 3252 corraderent
1865 3212 2004 3268 opes
2037 3214 2050 3264 ;
2075 3202 2156 3250 at-

2248 615 2503 671 εἰσελθεῖν
2538 617 2614 678 είς
2644 618 2742 685 τὴν
2783 615 3194 691 βασιλεύουσαν,
3235 616 3362 673 ἀλλ’
3421 618 3472 673 ἐν
3529 622 3598 691 τῇ
3631 619 3905 692 Ἀνατολῇ

2246 706 2534 777 ἐκελεύσθη
2606 706 2995 781 παραγενέσθαι
3057 707 3192 779 μετά
3235 709 3431 770 παντὸς
3490 711 3586 762 τοῦ
3644 713 3904 782 στρατοῦ.

2246 791 2678 866 Ἀναλαμϐἀνων
2728 796 2826 870 γὰρ
2901 795 3086 849 ἑαυτὸν
3140 794 3199 850 ἐκ
3264 798 3362 867 τῆς
3417 797 3682 873 προτέρας
3728 797 3911 867 ἥττης

2248 886 2275 939 6
2332 880 2545 939 Χαϐδᾶν
2614 883 2896 961 ἀναφέρειν
2947 881 3148 954 ἤρξατο
3226 886 3437 955 πάλιν,
3508 886 3598 941 καὶ
3674 887 3911 959 στρατὸν

2248 970 2547 1045 ἀξιόμαχον
2602 974 2877 1047 ἡθροικὼς
2912 1016 2927 1041 ,
2986 970 3360 1047 προσδόκιμος
3418 977 3482 1042 ἦν
3554 974 3911 1043 ἐπιθήσεσθαι

2245 1067 2361 1122 τοῖς
2405 1060 2691 1133 Ῥωμαίων
2749 1059 2980 1137 ἄρχουσί
3028 1082 3085 1116 τε
3128 1062 3218 1116 καὶ
3266 1061 3599 1138 πράγμασιν.
3634 1061 3796 1117 Ἀλλ’
3856 1061 3913 1117 ἐν

2248 1150 2417 1225 Συρίᾳ
2447 1152 2738 1224 γενόμενος
2791 1152 2818 1205 6
2864 1156 3082 1221 Φωκᾶς,
3130 1151 3220 1205 καὶ
3256 1148 3480 1223 σταδαίᾳ
3514 1152 3665 1227 μάχῃ
3707 1148 3913 1207 τοῦτον

2244 1239 2598 1314 τρεψάμενος,
2650 1240 2739 1294 καὶ
2781 1240 2917 1294 κατὰ
2972 1240 3168 1312 κράτος
3218 1243 3499 1311 ἡττήσας,
3569 1242 3655 1295 καὶ
3712 1240 3793 1302 εἷς
3840 1244 3915 1295 τὰ

2248 1325 2501 1403 ἐνδότερα
2548 1336 2649 1397 τῆς
2692 1334 2890 1403 Συρίας
2921 1328 3220 1398 ἀπελάσας,
3272 1331 3371 1399 τὴν
3424 1327 3587 1384 πόλιν
3641 1328 3913 1406 Βὲῥροιαν

2248 1416 2570 1492 ἐξεπόρθησε
2602 1415 2734 1492 δίχα
2762 1424 2861 1486 τῆς
2892 1415 3264 1489 ἀκροπόλεως,
3296 1417 3384 1472 καὶ
3435 1416 3610 1472 πολὺν
3660 1419 3913 1473 πλοῦτον

2249 1504 2396 1561 λείαν
2427 1507 2517 1560 καὶ
2566 1505 2960 1582 αἶ’χμαλώτους
3013 1502 3224 1575 ἐλαϐεν,
3260 1505 3626 1582 ἐλευθερώσας
3653 1507 3741 1562 καὶ
3774 1508 3915 1570 τοὺς

2249 1594 2418 1649 ἐκεῖσε
2444 1591 2701 1666 δεσμίους
2724 1596 3125 1671 κατεχομένους
3144 1595 3496 1672 Χριστιανοὺς
3524 1597 3615 1650 καὶ
3643 1596 3724 1651 ἐπ’
3748 1594 3917 1652 οἴκου

2248 1682 2547 1756 ἐκπέμψας.

2324 1774 2380 1827 ιε’
2413 1770 2469 1826 δὲ
2501 1772 2748 1848 Μαρτίου
2801 1775 2995 1846 μηνὸς,
3027 1780 3128 1843 τῆς
3156 1776 3205 1838 ’ς’
3261 1773 3622 1841 ίνδικτιῶνος,
3684 1773 3736 1829 ἐν
3795 1772 3915 1830 ἔτει

2248 1862 2429 1935 ,ςυοαλ
2459 1860 2774 1931 ἐτελεύτησε
2802 1863 3076 1933 Ῥωμανὸς
3120 1864 3147 1917 ὁ
3210 1861 3487 1937 βασιλεὺς,
3543 1861 3676 1918 ἐτῶν
3738 1863 3920 1939 ὑπάρ-

2250 1970 2365 2025 χων
2400 1947 2503 2019 κδ’,
2542 1949 2863 2025 βασιλεύσας
2912 1950 3003 2021 ἔτη
3068 1953 3134 2025 ιγ’
3166 1954 3241 2023 (6)
3305 1958 3479 2024 μῆνας
3531 1949 3577 2005 δ’
3620 1952 3708 2006 καὶ
3762 1954 3917 2024 ἡμὲ-

2254 2060 2347 2115 ρας
2380 2040 2436 2109 ε’,
2498 2040 2573 2100 ὡς
2636 2039 2729 2112 μὲν
2789 2060 2951 2106 τινες,
2992 2041 3055 2094 τὸ
3086 2041 3279 2095 ἑαυτοῦ
3313 2041 3529 2115 σαρκίον
3562 2060 3917 2115 προκατανα-

2254 2127 2434 2190 λώσας
2492 2132 2610 2189 ταῖς
2643 2128 2949 2204 αἷσχίσταις
2978 2129 3066 2183 καὶ
3116 2127 3435 2207 φιληδόννις
3493 2132 3767 2205 πράξεσιν,
3832 2132 3920 2193 ὡς

2255 2215 2300 2272 δ’
2329 2215 2510 2293 ἕτερος
2544 2213 2660 2293 ἔχει
2717 2217 2905 2293 λόγος,
2966 2221 3273 2296 φαρμάκοις
3332 2218 3651 2295 ἀναιρεθείς.
3712 2216 3919 2275 Διαδὲο

2257 2326 2448 2381 χονται
2510 2305 2566 2361 δὲ
2621 2309 2719 2375 τὴν
2753 2306 2917 2361 αὐτοῦ
2953 2306 3229 2380 βασιλείαν
3268 2307 3547 2369 Βασίλειος
3602 2308 3689 2362 καὶ
3752 2311 3926 2365 Κων-

2259 2402 2535 2457 σταντῖνος
2584 2397 2636 2450 οἱ
2694 2393 2884 2457 παῖδες
2934 2396 3097 2450 αὐτοῦ
3154 2396 3246 2450 σὺν
3300 2402 3565 2474 Θεοφανοῖ
3608 2401 3677 2470 τῇ
3741 2398 3926 2473 μητρὶ

2257 2486 2539 2560 τεχθείσης
2580 2484 2727 2557 αύτῷ
2763 2486 2853 2540 καὶ
2908 2486 3173 2561 θυγατρὸς
3230 2486 3335 2560 πρὸ
3390 2484 3484 2540 δύο
3530 2484 3752 2560 ἡμερῶν
3810 2494 3926 2557 τῆς

2261 2574 2424 2628 αὐτοῦ
2479 2566 2785 2645 τελευτῆς,
2842 2576 2903 2643 ἣν
2968 2576 3149 2629 ’Δνναν
3211 2575 3496 2648 ὠνόμασαν
3534 2621 3546 2632 .
3612 2577 3711 2632 Ἠν
3774 2573 3834 2630 δί
3899 2578 3929 2631 6

2260 2665 2560 2735 Ῥωμανὸς,
2599 2662 2761 2736 μέγας
2789 2665 2888 2731 τήν
2923 2662 3168 2732 ἠλικίαν,
3229 2663 3275 2718 εἰ
3323 2665 3411 2719 καὶ
3442 2664 3680 2719 ἐλάττων
3712 2666 3781 2733 ἧν
3810 2670 3923 2719 τοῦ

2259 2754 2480 2826 πατρὸς,
2540 2752 2601 2806 τὸ
2661 2753 2794 2820 ἦθος
2847 2755 3054 2827 ἥμερον
3114 2751 3256 2827 ἔχων
3308 2754 3395 2808 καὶ
3445 2759 3640 2827 πρᾶον,
3700 2754 3793 2807 καὶ
3859 2756 3933 2809 τὸ

2261 2840 2518 2918 φρόνημα
2571 2842 2810 2914 μέτριον.
2872 2840 3079 2916 Καίπερ
3141 2838 3199 2895 δὲ
3229 2842 3347 2903 νέος
3380 2838 3476 2909 ὢν,
3506 2842 3769 2917 ἀγχίνους
3819 2843 3924 2911 ἦν,

2260 2930 2349 2985 καὶ
2411 2928 2556 2999 ὀξὺς,
2617 2930 2706 2983 καὶ
2780 2930 2847 2983 τὰ
2899 2928 3159 2984 πολιτικᾶ
3233 2925 3494 3006 κυϐερνᾷν
3554 2930 3927 3003 ἱκανώτατος,

2264 3016 2411 3092 εἷ’περ
2444 3014 2545 3092 ἄρα
2575 3023 2938 3093 συνεχωρεῖτο
2967 3018 3113 3093 παρὰ
3170 3024 3275 3073 τῶν
3329 3016 3693 3093 θεραπόντων.
3740 3018 3938 3076 Ἀλλᾶ

2260 3112 2449 3179 τοῦτον
2487 3108 2539 3161 oi.
2590 3107 2911 3161 οἰκειότατοι
2961 3112 3078 3169 ταῖς
3122 3115 3220 3177 τῆς
3248 3109 3502 3178 νεότητος
3556 3105 3940 3174 ἐκδεδωκότες

2266 3197 2486 3271 ὁρμαῖς,
2512 3193 2584 3249 ⁸ίν¹
2636 3196 2830 3250 ἐκεῖνοι
2878 3195 2945 3250 τὰ
2989 3196 3145 3251 κοινὰ
3193 3196 3466 3269 μετιόντες
3495 3196 3733 3252 πλοῦτον
3778 3198 3939 3276 ἄφα-

505 3306 619 3361 que
650 3289 756 3344 hac
786 3288 1012 3345 ratione
1039 3303 1172 3343 eum
1204 3287 1480 3357 ignavum
1530 3291 1585 3341 et
1630 3286 1879 3342 inertem
1911 3286 2144 3357 redege-

2260 3306 2352 3339 τον
2415 3284 2944 3361 ἀποθησαυρίσωσιν,
2996 3285 3345 3360 ἆνενὲργητον
3391 3284 3480 3340 καὶ
3541 3284 3933 3356 ἀνεπιτήδειον

504 3382 664 3433 runt.

575 3467 791 3522 Eadem
824 3467 858 3520 6
890 3464 1230 3531 indictione,
1257 3480 1457 3519 mense
1482 3464 1855 3536 Aprilijussu
1878 3466 2155 3536 Augustae

502 3554 869 3627 Nicephorus
899 3554 1123 3609 Pbocas
1174 3552 1380 3625 Cpolin
1438 3553 1618 3621 venit,
1676 3552 1954 3624 Josepho,
2008 3555 2159 3614 utet

502 3651 660 3714 ante,
693 3660 763 3699 ne
794 3643 902 3699 hoc
933 3643 1099 3698 ﬁeret
1128 3643 1417 3698 obstante.
1467 3642 1643 3697 Duxit
1699 3641 2065 3714 triumphum
2097 3640 2156 3695 in

502 3733 956 3801 Circo,inferens
990 3734 1047 3787 in
1074 3748 1140 3787 eo
1173 3732 1475 3787 Cretensia
1496 3736 1553 3787 et
1583 3731 1987 3786 Berrhmensia
2018 3748 2155 3802 spo-

503 3823 582 3879 lia
634 3822 845 3879 Attulit
903 3828 960 3877 et
1023 3826 1249 3894 partem
1306 3821 1621 3890 quamdam
1680 3821 1861 3875 vestis
1913 3819 2157 3874 Joannis

504 3913 805 3985 Baptistae,
875 3928 1053 3983 quam
1105 3910 1386 3965 Berrhoeaa
1457 3910 1775 3980 repositam
1835 3909 2154 3964 invenerat.

509 4002 804 4057 Metuebat
832 4001 988 4056 hunc
1012 4000 1252 4070 Bringas
1278 4004 1333 4053 et
1356 4004 1699 4069 suspectum
1733 3998 1988 4052 habebat
2015 4015 2027 4052 :
2054 3999 2154 4053 sed

507 4090 871 4161 Nicephorus
903 4104 1036 4143 eum
1071 4087 1278 4142 callide
1308 4087 1485 4142 elusit
1513 4086 1622 4141 hoc
1647 4086 2153 4141 commento.Pho-

508 4196 627 4244 cas,
650 4179 805 4233 846
836 4183 1140 4247 assumpto
1172 4192 1289 4230 uno
1330 4191 1573 4229 suorum
1632 4175 2005 4245 stipatorum,
2041 4176 2151 4230 sub

504 4267 710 4323 horam
746 4266 973 4339 prandii
1007 4265 1077 4320 ad
1109 4265 1346 4319 domum
1404 4262 1646 4334 Josephi
1707 4278 1833 4318 sese
1883 4264 2147 4319 confert:

502 4355 756 4429 pulsatis
776 4353 1261 4424 foribus,janitori
1283 4353 1519 4407 mandat
1537 4362 1595 4406 ut
1611 4368 1673 4407 se
1687 4352 1889 4407 adesse
1912 4353 2149 4409 domino

500 4441 1310 4511 indicet.AdmissusJosepho
1323 4441 1565 4496 seorsim
1578 4441 1830 4496 abducto
1845 4442 2079 4497 indusiu
2092 4460 2147 4496 m

500 4549 568 4589 ex
600 4533 733 4604 pilis
766 4537 1103 4587 contextum
1136 4531 1411 4599 ostendit,
1448 4532 1900 4600 juramentoque
1932 4532 2146 4585 conﬁr-

2263 3372 2625 3451 ἀπεφήναντο.

2339 3460 2648 3535 Ἀπριλλίῴ
2732 3459 2788 3516 δὲ
2851 3461 3017 3535 μηνὶ,
3067 3469 3167 3531 τῆς
3229 3462 3395 3533 αὐτῆς
3454 3465 3497 3527 ς’
3555 3461 3937 3533 ῗνδικτιῶνος,

2268 3549 2482 3606 εἷίσεισιν
2542 3552 2569 3605 6
2629 3556 2827 3613 Φωκᾶς
2887 3551 3199 3629 Νικηφόρος
3248 3555 3317 3616 τῆ
3348 3554 3445 3619 τῆς
3478 3549 3767 3623 δεσποίνης
3826 3575 3941 3608 κε-

2268 3639 2467 3707 λεύσει,
2524 3644 2620 3694 τοῦ
2666 3641 2866 3717 Ἰωσὴφ
2911 3640 3151 3715 καθάπερ
3217 3641 3305 3695 καὶ
3355 3640 3526 3696 πάλαι
3580 3641 3942 3714 κωλύοντος,

2267 3729 2318 3784 ἐν
2354 3729 2945 3785 Κωνσταντινουπόλει·
3007 3729 3095 3784 καὶ
3154 3729 3259 3784 ἀπὸ
3288 3734 3396 3785 τῶν
3431 3730 3490 3785 ἐκ
3538 3737 3638 3799 τῆς
3693 3732 3942 3804 Κρήτης

2268 3818 2523 3896 λαφύρων
2555 3818 2641 3872 καὶ
2692 3825 2790 3887 τῆς
2839 3816 3100 3894 Βεῤῥοίας
3147 3814 3530 3893 ἐθριάμϐευσεν
3577 3818 3629 3873 ἐν
3685 3819 3765 3891 τῷ
3826 3821 3943 3876 in-

2266 3903 2533 3981 ποδρόμῳ
2600 3906 2829 3979 κομίσας
2889 3906 2979 3961 καὶ
3059 3908 3220 3982 μέρος
3278 3928 3329 3962 τι
3399 3912 3496 3963 τοῦ
3543 3908 3768 3981 ἱματίου
3822 3916 3945 3965 τοῦ

2266 3998 2572 4052 Βαπτιστοῦ
2646 3995 2947 4067 Ἰωάννου,
3024 3996 3155 4071 ὅπερ
3231 3997 3376 4071 εὗρεν
3454 3995 3505 4051 ἐν
3559 4003 3625 4065 τῆ
3686 3996 3948 4073 Βερροίᾳ

2264 4084 2699 4157 ἐναποκείμενον.
2762 4089 2842 4155 [Ρ.
2887 4087 3014 4156 646]
3060 4089 3261 4140 Τοῦτον
3322 4083 3380 4140 δὲ
3449 4083 3639 4140 ἐδεδίει
3696 4086 3786 4140 καὶ
3857 4086 3947 4143 δι’

2265 4176 2496 4249 ὑποψίας
2528 4176 2670 4249 εἶχεν
2721 4175 2748 4228 6
2804 4174 3056 4250 Βρίγγας·
3113 4172 3240 4230 ἀλλ’
3301 4174 3556 4236 ὑπούλως
3589 4173 3749 4236 οὗτος
3788 4176 3943 4232 ὑπο-

2257 4264 2582 4339 κρενάμενος
2613 4264 2938 4336 ἐξαπατῆσαι
2995 4267 3186 4318 τοῦτον
3250 4261 3441 4339 ἴσχυσε
3477 4260 3667 4341 τρόπῳ
3694 4264 3941 4337 τοιῷδε.

2260 4357 2387 4411 Ἕνα
2434 4353 2555 4409 τινὰ
2599 4358 2704 4407 τῶν
2763 4354 3109 4407 ὑπασπιστῶν
3167 4350 3413 4429 εἰληφὼς
3456 4355 3483 4409 6
3538 4358 3735 4416 Φωκᾶς
3792 4361 3941 4432 περὶ

2260 4443 2400 4517 ὥραν
2440 4442 2662 4516 ἀρίστου
2712 4442 2786 4503 εἷς
2837 4442 2927 4495 τὸν
2982 4441 3130 4496 οἷκον
3188 4442 3365 4497 ἄπεισι
3422 4447 3518 4497 τοῦ
3550 4444 3773 4520 Ἰωσήφ,
3831 4448 3943 4500 καὶ

2252 4531 2423 4605 κόψας
2475 4532 2572 4599 τὴν
2630 4530 2792 4605 θύραν
2858 4530 3003 4591 ὅστις
3067 4529 3148 4601 εἴη
3246 4531 3468 4603 μηνύειν
3539 4531 3787 4587 ἐκέλευσε
3845 4541 3945 4607 τῷ

498 4628 622 4678 mat
652 4637 713 4677 se
743 4622 875 4676 vitae
908 4621 1245 4676 monasticae
1266 4619 1544 4690 cupidum
1563 4620 1915 4690 jampridem
1939 4620 2142 4676 fuisse:

2259 4623 2498 4694 θυρωρῷ,
2584 4618 2933 4686 Μηνύσαντος
3005 4617 3062 4674 δὲ
3125 4618 3430 4683 κελευσθεὶς
3490 4619 3766 4687 ἐπείσεισι,
3828 4627 3940 4679 καὶ

493 4728 619 4768 eam
653 4711 833 4781 hujus
866 4709 1061 4765 saeculi
1111 4710 1268 4765 curis
1316 4708 1641 4779 repudiatis
1690 4708 1995 4775 initurum,
2030 4709 2139 4764 nisi

490 4801 705 4856 fuisset
731 4799 927 4855 studio
949 4805 1006 4854 et
1036 4799 1148 4853 tide
1175 4799 1234 4852 in
1253 4797 1703 4852 Constantinum
1736 4802 1793 4851 et
1816 4798 2144 4853 Romanum

493 4907 605 4946 sua
633 4888 1088 4961 impeditus.Sed
1123 4902 1185 4941 se
1209 4886 1381 4956 paulo
1416 4891 1546 4957 post
1576 4886 1933 4941 desiderium
1968 4904 2140 4942 suum

494 4975 1577 5050 impleturum.Submissecontendere
1599 4975 1810 5043 abipso
1836 4993 1905 5030 ne
1930 4978 2143 5031 frustra

494 5069 564 5124 de
595 5086 656 5125 se
686 5067 941 5122 alienum
971 5065 1191 5135 aliquid
1223 5064 1573 5136 suspicetur.
1606 5065 1721 5119 Hoc
1752 5067 1874 5121 viso
1898 5066 2142 5138 Bringas

490 5157 692 5212 statim
724 5154 928 5210 Phocaa
950 5154 1021 5208 ad
1055 5154 1231 5224 pedes
1262 5154 1472 5208 accidit
1501 5158 1560 5208 et
1598 5154 1825 5208 veniam
1860 5154 2143 5226 ﬂagitavit

492 5244 789 5318 pollicitus
822 5241 1041 5297 nemini
1073 5258 1134 5297 se
1166 5242 1488 5314 quidquam
1524 5242 1595 5296 de
1626 5257 1691 5297 eo
1723 5242 2000 5298 deferenti
2025 5260 2142 5300 cre-

490 5333 775 5389 diturum.
800 5330 1096 5387 Metuebat
1112 5331 1287 5387 etiam
1300 5330 1661 5404 Stephanum
1678 5329 1924 5386 Romani
1949 5332 2134 5389 ﬁlium

2252 4710 2369 4764 κατ’
2426 4706 2562 4762 ἰδίαν
2623 4703 2954 4780 παραλαϐὼν
3022 4709 3113 4763 τὸν
3173 4710 3375 4784 Ἰωσὴφ
3436 4707 3701 4764 δείκνυσιν
3760 4711 3939 4769 αὑτῶ

2250 4799 2492 4873 τρίχινον
2523 4792 2748 4869 ἔνδυμα,
2786 4796 2917 4871 ὅπερ
2953 4793 3163 4851 ἔνδοθεν
3213 4802 3320 4852 τῶν
3353 4798 3587 4870 ἱματίων
3615 4798 3935 4875 ἠμφίεστο,

2251 4886 2339 4941 καὶ
2376 4887 2492 4957 μεθ’
2536 4885 2713 4957 ὅρκων
2742 4882 3195 4962 ἐπληροφόρησεν
3245 4886 3319 4947 ὡς
3352 4888 3450 4955 τὴν
3482 4890 3589 4941 τῶν
3651 4895 3933 4963 μοναχῶν

2251 4976 2626 5047 ἀσπαζόμενος
2689 4972 2968 5028 πολιτείαν
3047 4972 3218 5028 πάλαι
3291 4972 3354 5029 ἂν
3427 4970 3782 5051 περιεϐάλετο
3856 4982 3935 5035 τὸ

2250 5071 2444 5139 σχῆμα
2489 5062 2577 5117 καὶ
2624 5066 2729 5116 τῶν
2795 5063 3065 5137 βιωτικῶν
3118 5062 3444 5139 ὑπεξήγαγεν
3494 5063 3679 5118 ἑαυτὸν
3736 5085 3931 5142 φρον-

2246 5152 2434 5224 τίδων,
2484 5152 2528 5206 εί
2579 5152 2654 5224 μή
2709 5149 2933 5226 ἐπέσχεν
2989 5150 3148 5205 αὑτὸν
3199 5154 3233 5220 ἡ
3278 5156 3382 5205 τῶν
3421 5149 3693 5227 βασιλέων
3742 5174 3935 5226 προσ-

2246 5244 2442 5297 πάθεια
2510 5240 2913 5295 Κωνσταντίνου
2981 5240 3073 5295 καὶ
3117 5242 3450 5314 Ῥωμανοῦ,
3520 5241 3611 5296 καὶ
3680 5240 3930 5315 μάλλειν

2247 5332 2369 5386 ὅσον
2405 5330 2558 5385 οόπω
2598 5330 2687 5385 τὸν
2741 5329 2938 5383 οἰκεῖον
2991 5328 3344 5403 ἐκπληρῶσαι
3394 5330 3616 5385 σκοπόν
3676 5330 3767 5385 καὶ
3835 5337 3933 5405 μή

1674 5466 2039 5524 XYLANDRI
2079 5469 2172 5525 ET
2212 5468 2432 5525 GOARI
2473 5467 2703 5523 NOTAE.

555 5586 634 5657 (6)
670 5583 899 5640 Falsam
933 5600 1071 5657 esse
1114 5584 1265 5657 hanc
1327 5582 1689 5657 numeralem
1752 5589 1969 5652 notam,
2025 5602 2139 5641 non

485 5654 744 5714 Zonaras
778 5656 1077 5721 modo,sed
1112 5655 1299 5710 multo
1333 5654 1548 5707 certius
1580 5671 1960 5711 numerorum
1994 5658 2141 5713 ratio

489 5732 676 5787 docet.
714 5728 922 5785 Confer
951 5729 1107 5785 enim
1142 5727 1299 5783 hunc
1330 5741 1549 5781 annum
1575 5741 1708 5781 cum
1750 5744 1903 5784 anno
1937 5728 2037 5799 qui
2067 5730 2139 5785 ad

2255 5589 2500 5639 mortem
2527 5581 2897 5641 Constantini
2929 5582 3110 5653 patris
3144 5584 3273 5654 ejus
3303 5586 3392 5638 est
3441 5583 3784 5651 adnotatus,
3818 5586 3934 5641 in-

2252 5658 2451 5784 ;{enies
2484 5655 2855 5711 intervallum
2893 5670 3177 5711 annorum
3230 5671 3346 5710 non
3402 5654 3660 5728 amplius
3696 5656 3932 5717 trium.

2310 5744 2398 5784 γε.

2310 5744 2398 5784 γι.
