4036 6330
116 387 182 446 8i
1268 387 1637 448 HISTORIA
1651 387 1816 450 RUM
1863 388 2019 450 COM
2033 390 2400 453 DENDIUM.
3471 385 3553 446 83

126 514 299 586 μάτην
365 514 763 570 ὑποπτεύεσθαι
813 517 1173 580 καθικέτευσε.
1221 522 1391 572 Τοῦτο
1442 521 1770 591 θεασάμενος

1900 520 2202 592 Iosephus,
2226 522 2517 576 viventem
2549 519 2874 576 etiamnum
2907 520 2965 572 et
2993 516 3345 588 Methymna
3375 532 3550 572 exsu-

127 606 152 657 6
206 605 414 681 Ίωσήφ
477 605 664 660 πίπτει
726 605 921 668 οὐθέως
987 607 1123 683 πρὸς
1182 606 1306 668 τοὺς
1363 604 1534 669 πόδας
1580 607 1771 676 αὐτοῦ,

129 695 417 764 μετάνοιαν
452 694 723 766 ἐκζητῶν,
772 697 858 750 καὶ
910 697 986 757 ὡς
1049 697 1112 751 οὗ
1170 697 1441 752 πιστεύσει
1490 698 1593 751 τινὶ
1643 697 1789 768 πλη-

127 788 377 860 ροφορῶν
440 784 660 860 λέγοντί
713 806 843 840 ποτε
898 787 1016 840 κατ’
1072 785 1256 842 αὐτοῦ.
1304 793 1607 864 Ὺιρεωρᾶτο
1651 785 1707 842 δὲ
1754 789 1782 842 6

129 873 368 948 Βρίγγας
393 874 489 928 καὶ
522 875 795 951 Στέφανον
846 873 936 928 τὸν
1002 875 1250 948 βασιλέα,
1281 882 1398 938 τοῖς
1447 880 1580 944 ζῶσι
1615 878 1783 952 μέχρι

126 962 243 1016 τότε
275 961 790 1036 σ’δναριθμοῦμενον
839 962 930 1017 καὶ
981 961 1254 1036 ἐξόριστον
1301 961 1352 1018 ἐν
1396 963 1674 1038 Μηθύμνῃ
1709 967 1787 1036 (7)

127 1053 496 1125 τυγχάνοντα,
564 1052 655 1106 καί
711 1049 798 1106 διὰ
853 1052 1052 1114 παντός
1113 1051 1417 1130 ἐφρόντιζεν
1480 1053 1582 1107 ὑπὸ
1638 1053 1788 1123 ἀκρισ-

1887 609 2146 675 lentem;
2191 626 2542 682 semperque
2600 608 2896 680 cogitabat
2953 606 3249 678 quomodo
3309 605 3545 661 arctiori

1893 716 2028 754 eum
2061 701 2330 756 custodia
2372 699 2820 771 constringeret.
2852 695 3068 752 Verum
3120 694 3453 766 Stephanus
3481 693 3542 748 in

1894 788 2211 844 festivitate
2266 788 2462 861 magni
2495 787 2734 844 Sabbati
2766 785 2982 840 divinis
3013 783 3352 855 impertitus
3385 799 3547 855 mys-

1896 877 2060 933 teriis
2093 879 2287 934 subito
2332 878 2513 934 vitam
2559 893 2693 932 cum
2727 879 2914 931 morte
2954 872 3356 936 commutavit.
3389 871 3551 927 nulla

1896 970 2240 1037 antegressa
2271 983 2468 1022 causa.
2501 966 2614 1022 Sed
2647 964 2926 1020 nimirum
2979 961 3339 1033 Theophane
3387 976 3546 1029 eum,

1898 1073 2239 1129 quanquam
2271 1057 2473 1131 procul
2505 1061 2824 1122 remotum,
2855 1053 3116 1112 sustulit.

131 1135 382 1212 ὃεστὲραν
445 1140 606 1196 αὖτ’ὸν
657 1144 792 1195 εἷναι
853 1140 1126 1215 φυλακήν.
1190 1141 1348 1198 Ἀλλ’
1407 1143 1607 1204 ἐκεῖνος
1665 1143 1802 1196 κατά
1857 1145 1955 1212 τὴν
2011 1147 2205 1220 ἑορτὴν
2254 1152 2350 1201 τοῦ
2427 1143 2672 1222 μεγάλου
2716 1138 3000 1199 Σαϐϐάτου
3046 1145 3153 1197 τῶν
3205 1139 3358 1205 θείων
3421 1159 3548 1213 μετ-

125 1230 384 1304 εσχηκὼς
447 1231 763 1305 μυστηρίων
837 1227 1118 1306 αἰφνιδίως
1179 1231 1335 1292 εὐθὺς
1399 1232 1647 1299 τέθνηκε,
1725 1227 2000 1306 μηδεμιᾶς
2072 1234 2542 1311 προηγησαμένης
2620 1233 2814 1302 αἰτίας,
2863 1231 3013 1287 ἀλλὰ
3065 1237 3167 1299 τῆς
3222 1226 3547 1302 Θεοφανοὺς,

125 1317 166 1371 εἷ
195 1321 288 1373 καὶ
320 1319 614 1397 πόρῥωθεν
645 1320 969 1392 κατῴκιστο.
999 1319 1474 1397 κατεργασαμένης
1506 1321 1693 1378 αὐτὸν.

188 1425 398 1498 Πέτρος
429 1424 488 1481 δὲ
525 1429 554 1482 6
584 1432 693 1481 τῶν
734 1425 1064 1502 Βουλγάρων
1121 1428 1375 1500 βασιλεὺς
1417 1430 1519 1498 τήν
1551 1428 1774 1503 εἰρήνην

115 1518 252 1589 τάχα
287 1514 688 1590 ἀνανεούμενος
729 1517 1102 1586 ἀποθανούσης
1145 1521 1245 1582 τῆς
1297 1517 1459 1572 αὐτοῦ
1490 1519 1772 1593 γυναικὸς,

125 1602 364 1668 σπονδὰς
391 1605 529 1680 πρὸς
557 1605 685 1667 τοὺς
738 1604 982 1680 βασιλεῖς
1031 1601 1203 1674 ἔθετο,
1254 1607 1499 1681 ὁμήρους
1531 1604 1657 1668 δοὺς
1685 1605 1773 1661 καὶ

120 1693 240 1755 10");
295 1693 534 1756 οἰκείους
589 1692 684 1748 δύο
734 1693 886 1756 υἱοὺς
930 1695 1165 1766 Βορίσην
1206 1697 1295 1750 καὶ
1326 1697 1603 1768 Ῥωμανόν
1639 1714 1652 1728 ⁶
1684 1695 1774 1750 καὶ

129 1783 256 1854 μετά
291 1785 490 1857 μικρὸν
521 1779 755 1840 ἀπεϐίω.
784 1785 851 1841 Οἱ
895 1781 952 1839 δὲ
997 1784 1107 1839 υἱοὶ
1157 1784 1325 1840 αὐτοῦ
1375 1785 1427 1839 έν
1461 1783 1775 1860 Βουλγαρίᾳ

1964 1431 2069 1488 Per
2102 1433 2254 1490 idem
2289 1439 2524 1506 tempus
2552 1435 2759 1489 Petrus
2806 1430 3193 1503 Bulgarorum
3244 1427 3545 1500 princeps,

1891 1526 2122 1577 mortua
2152 1541 2260 1579 sua
2308 1541 2505 1590 uxore,
2543 1521 2888 1578 renovandis
2935 1519 3098 1591 pacis
3149 1534 3329 1574 causa
3358 1517 3549 1574 fmdus

1886 1625 2022 1664 cum
2057 1612 2512 1684 imperatoribus
2543 1613 2668 1683 icit,
2697 1611 3056 1682 obsidesque
3079 1609 3180 1663 dat
3207 1608 3358 1663 841
3397 1606 3546 1662 ﬁlios

1884 1715 2026 1755 suos
2058 1703 2296 1759 Borisen
2329 1709 2388 1760 et
2416 1707 2748 1759 Romanum
2771 1726 2785 1768 ;
2808 1717 2874 1756 ac
2906 1698 3080 1771 paulo
3107 1701 3240 1771 post
3271 1695 3545 1752 moritur.

1885 1786 2014 1843 Filii
2045 1793 2174 1862 ejus
2204 1793 2265 1848 in
2295 1793 2634 1864 Bulgariam
2688 1791 3093 1858 remittuntur,
3127 1792 3192 1843 ut
3232 1790 3543 1859 paternum

126 1871 482 1949 ἐπέμφθησαν
546 1874 680 1944 μετὰ
733 1877 901 1928 ταῦτα
941 1873 1018 1950 ἐφ’
1071 1875 1116 1946 ᾧ
1164 1882 1265 1940 τῆς
1324 1876 1580 1949 πατρῴας
1625 1858 1775 1929 ἀντι-

1900 1858 2200 1950 meeriurn
2253 1858 2540 1954 occupent
2581 1887 2640 1936 et
2695 1877 3201 1950 cometopulorum
3241 1858 3542 1946 impetum

133 1963 359 2035 σχέσθαι
394 1961 697 2036 βασιλείας,
742 1962 832 2016 καὶ
875 1962 1005 2026 τοὺς
1051 1963 1513 2034 κομητοπούλους
1563 1967 1641 2037 (8)
1687 1963 1784 2018 ἀπ-

138 2050 368 2122 είρξουςι
397 2058 501 2119 τῆς
549 2051 732 2128 πρόσω
781 2057 970 2129 φορᾶς.
1025 2048 1191 2106 Δαϐἰδ
1239 2054 1362 2129 γὰρ,
1413 2054 1784 2123 καὶΜωϋσῆς,

134 2141 220 2192 καὶ
270 2140 511 2212 Ἀαρὼν,
571 2140 661 2195 καὶ
722 2140 1011 2213 Σαμουὴλ,
1062 2143 1175 2204 ὲνὸς
1233 2138 1378 2205 ὄντες
1435 2141 1624 2206 παῖδες
1675 2149 1782 2199 τῶν

138 2231 273 2302 μέγα
307 2227 648 2298 δυνηθέντων
697 2229 748 2284 ἐν
799 2229 1116 2304 Βουλγαρίᾳ
1159 2235 1444 2304 κομήτων,
1477 2234 1613 2308 πρὸς
1647 2235 1786 2288 ἀπο·-

137 2319 356 2371 πάσίαν
408 2315 630 2372 ἀπεῖδον
693 2317 784 2373 καὶ
835 2320 903 2373 τὰ
973 2317 1302 2397 Βουλγάρων
1369 2321 1626 2381 ἀνέσειον.
1687 2323 1786 2378 Καὶ

134 2410 303 2460 ταῦτα
343 2406 438 2478 μὶν
473 2407 778 2482 συνηνέχθη
812 2405 937 2464 ὧδε.

203 2502 263 2553 ὐ
295 2493 355 2550 δί
403 2495 636 2570 Βρίγγας
687 2497 745 2550 ὃν
794 2496 1018 2570 εἴπομεν
1065 2497 1268 2572 τρόπον
1328 2499 1624 2571 ἀπατηθεὶς
1683 2502 1786 2557 ὑπὸ

137 2590 230 2640 τοῦ
288 2584 638 2662 Νικηφόρου,
689 2586 780 2640 καὶ
818 2592 1008 2642 τοῦτον
1057 2585 1214 2650 ἐάσας
1273 2587 1458 2644 οἷ’καδε
1509 2590 1788 2664 ἀπελθεῖν,

142 2674 494 2747 μετεμέλετο,
543 2674 633 2728 καὶ
708 2674 760 2729 ἐν
850 2672 1013 2748 δεινῷ
1097 2675 1334 2732 ἐποιεῖτο
1393 2678 1578 2755 ὅτιπερ
1638 2680 1788 2744 ἐντὸς

139 2764 353 2836 ἀρκύων
411 2761 562 2839 ἔχωᾶ
625 2763 688 2818 τὸ
743 2765 961 2840 θήραμα
1014 2762 1172 2830 ἔλαθε
1198 2771 1360 2822 τοῦτο
1401 2764 1788 2844 φρενοϐλαϐῶς

139 2852 548 2926 προηκάμενος.
597 2853 896 2928 Ἐμερίμνα
937 2858 1068 2930 γοῦν
1114 2861 1231 2920 πῶς
1272 2857 1361 2911 καὶ
1399 2858 1532 2928 ποίᾷ
1567 2863 1787 2934 μηχανῇ

137 2951 234 3011 τῆς
286 2941 396 2996 ἀπὸ
453 2941 660 2996 τούτων
725 2941 1028 3013 ἀπολυθείη
1085 2943 1390 3022 φροντίδος.
1452 2948 1550 3001 Καὶ
1610 2946 1786 3020 ἔδοξεν

143 3033 286 3102 αὐτῷ
337 3029 786 3086 λυσιτελέστατον
845 3035 976 3088 εἶναι
1021 3034 1155 3108 πρὸς
1187 3035 1440 3105 Ἰωάννην
1495 3035 1785 3112 μάγιστρον

139 3123 338 3195 γράψαι
368 3120 464 3174 τὸν
522 3126 846 3193 Τζιμισκῆν,
893 3120 1060 3198 ἄνδρα
1108 3121 1371 3196 θυμοειδῆ
1415 3125 1504 3179 καὶ
1555 3124 1788 3198 δραστή-

1893 1969 2230 2038 reprimant.
2266 1971 2410 2028 Nam
2443 1971 2721 2034 Davidus,
2753 1973 2960 2032 Moses,
2994 1969 3178 2022 Aaron
3208 1968 3266 2020 et
3293 1964 3546 2020 Samue-

1895 2058 2011 2127 lus,
2057 2059 2156 2116 lilii
2209 2061 2521 2132 cujusdam
2571 2060 2630 2114 in
2680 2057 2949 2128 Bulgaria
3001 2055 3241 2126 largiter
3285 2051 3542 2125 potentis

1897 2150 2146 2218 comitis,
2181 2167 2274 2205 res
2305 2167 2481 2206 novas
2513 2148 2906 2205 moliebantur
2939 2150 2996 2201 et
3033 2143 3316 2216 Bulgaros
3347 2140 3542 2198 conci-

1896 2240 2118 2295 tabant.
2149 2241 2338 2312 Atque
2366 2239 2449 2294 ita
2475 2243 2618 2294 tunc
2649 2254 2741 2294 res
2771 2240 2919 2292 acta.

1969 2507 2206 2563 Interim
2240 2507 2546 2578 Bringas,a
2568 2503 2986 2576 Nicephero,ut
3013 2500 3413 2574 exposuimus,
3447 2499 3548 2555 de-

1897 2606 2120 2668 ceptus,
2155 2614 2412 2667 eumque
2443 2598 2685 2650 domum
2718 2609 2886 2649 suam
2920 2591 3080 2647 abire
3106 2607 3340 2662 passus,
3360 2589 3548 2661 poeni-

1896 2686 2080 2740 tentia
2111 2686 2268 2749 duci,
2299 2690 2357 2739 et
2383 2685 2585 2756 inique
2618 2685 2767 2739 ferre
2799 2681 2954 2753 quod
3012 2678 3253 2751 petitam
3287 2678 3548 2749 praedam

1897 2776 2079 2831 stulte
2109 2792 2175 2830 ex
2209 2775 2354 2846 ipsis
2384 2773 2652 2830 cassibus
2682 2767 3400 2839 dimisisset,solliciteque
3431 2782 3550 2820 me-

1896 2865 2070 2920 ditari
2101 2882 2219 2936 qua
2249 2870 2371 2919 arte
2419 2879 2605 2935 quave
2637 2860 2909 2916 machina
2958 2863 3140 2922 metu,
3172 2873 3346 2929 quem
3379 2856 3450 2911 de
3479 2871 3546 2910 eo

1898 2959 2262 3026 conceperat,
2296 2971 2356 3008 se
2380 2952 2672 3008 liberaret.
2697 2950 2952 3005 Tandem
2985 2946 3241 3003 maxime
3271 2962 3304 3002 e
3336 2961 3396 3000 re
3425 2945 3548 3001 fore

1897 3043 2089 3099 visum
2150 3044 2502 3114 magistrum
2565 3042 2850 3096 Joannem
2920 3036 3294 3102 Tzimiscem,
3354 3034 3548 3088 virum

1899 3133 2232 3188 animosum
2251 3147 2318 3185 ac
2343 3133 2652 3186 strenuum
2674 3131 2730 3182 et
2763 3125 3091 3181 secundum
3117 3123 3367 3179 Phocam
3401 3121 3552 3175 inter

141 3229 251 3281 ,τιον
314 3203 444 3263 ὄντα
498 3208 589 3263 καὶ
649 3209 786 3278 μετά
828 3210 921 3264 τὸν
973 3216 1169 3266 Φωκᾶν
1217 3211 1268 3266 έν
1326 3219 1442 3276 τοῖς
1497 3215 1782 3288 Ῥωμαίων

1901 3221 2195 3277 Romanos
2215 3220 2394 3274 duces
2420 3217 2872 3288 praecipuum,eo
2888 3219 3148 3284 tempore
3161 3209 3550 3267 Orientalium

138 3298 545 3370 ἐπισημότατον
595 3305 942 3374 στρατηγοῖς,
993 3303 1295 3376 στρατηγὸν
1341 3309 1636 3372 τηνικαῦτα
1675 3310 1783 3360 τῶν

140 3386 502 3443 Ἀνατολικῶν
563 3387 900 3462 ὑπάρχοννα,
947 3386 1023 3444 ἔτι
1076 3387 1134 3444 δὶ
1181 3392 1319 3465 πρὸς
1363 3392 1453 3446 τὸν
1490 3392 1786 3470 μάγιστρον

139 3477 420 3548 Ῥωμανὸν
476 3476 569 3530 τὸν
649 3477 962 3552 Κουρκοῦαν
1042 3481 1189 3552 [647]
1266 3482 1639 3557 φανερώτατον
1698 3484 1788 3538 καὶ

143 3565 412 3638 ἐπίσημον
443 3565 534 3619 κάὶ
565 3566 726 3621 αὐτὸν
760 3565 1140 3643 στρατηλάτην
1190 3563 1318 3624 ὄντα
1339 3573 1438 3638 τῆς
1470 3571 1787 3640 Ἀνατολῆς,

140 3675 438 3728 γραμματα
491 3653 725 3728 πέμψαι,
779 3656 871 3710 καὶ
930 3655 1265 3734 φιλοτιμιῶν
1329 3659 1649 3735 ὑποσχέσεσι
1699 3663 1788 3716 καὶ

147 3742 359 3815 εωρεῶν
401 3742 494 3797 καὶ
544 3749 720 3816 τιμῶν
767 3742 1029 3819 διεγεῖραι
1074 3746 1302 3810 τούτους
1354 3749 1492 3821 πρὸς
1536 3751 1789 3826 καθαίρε-

147 3838 345 3888 σιντοῦ
407 3835 598 3889 Φωκῖι.
659 3835 946 3910 Ἐγένοντο
1002 3837 1070 3891 τά
1126 3838 1441 3913 γράμματα,
1473 3840 1560 3894 καὶ
1594 3841 1621 3894 6
1665 3841 1788 3904 νοῦς

146 3928 246 3976 τῶν
274 3923 674 3998 γεγραμμένων
737 3924 982 4000 ὑπῆρχεν
1035 3927 1192 3988 οὗτος
1227 3945 1239 3956 ⁸
1295 3927 1356 3984 Εἰ
1416 3925 1788 3994 διαναστάντες

146 4014 534 4087 καθαιρήσουσι
587 4013 679 4067 τὸν
713 4019 932 4070 ,Φωκᾶν
984 4015 1076 4069 καὶ
1129 4017 1368 4092 μοναχὸν
1410 4019 1787 4093 ἀποκείρουσιν

145 4101 176 4168 ἤ
227 4123 436 4178 τροπον
498 4100 671 4157 ἄλλον
730 4101 790 4157 ἐκ
852 4104 1019 4176 μέσου
1061 4107 1375 4175 ποιήσουσι,
1423 4108 1524 4176 τὴν
1578 4109 1672 4181 μὶν
1695 4115 1791 4164 τοῦ

146 4188 468 4262 δομεστίκου
523 4196 633 4245 τῶν
701 4190 924 4268 σχολῶν
999 4197 1098 4259 τῆς
1167 4194 1471 4265 Ἀνατολῆς
1535 4199 1790 4273 μεγίστην

143 4281 310 4356 ἀρχήν
373 4281 615 4355 λήψεναι
672 4283 700 4336 6
755 4282 1036 4352 Ἰωάννης,
1085 4284 1184 4350 τὴν
1236 4282 1294 4339 δὲ
1339 4290 1435 4340 τοῦ
1468 4283 1791 4360 δομεστίκου

141 4375 229 4437 τῆς
287 4371 507 4431 Δύσεως
584 4371 612 4424 6
687 4370 994 4444 Ῥωμανός.
1072 4373 1450 4446 Κομισθέντων
1520 4377 1610 4430 οὗν
1682 4382 1789 4432 τῶν

139 4461 474 4533 γραμμάτων
506 4465 624 4520 τοῖς
675 4457 1004 4530 δηλωθεῖσιν
1062 4459 1342 4536 ἀνδράσιν.
1404 4463 1622 4540 ἐπείπερ
1660 4487 1788 4542 σχε-

138 4554 292 4609 τικῶς
320 4549 526 4603 ἐκεῖνοι
558 4549 708 4623 εἶχον
730 4550 867 4622 πρὸς
894 4549 986 4604 τὸν
1036 4555 1254 4619 Φωκᾶν,
1291 4553 1789 4610 ὑπανααινώσκουσί

137 4658 188 4690 τε
227 4637 374 4708 αὐτῷ
422 4636 627 4700 εὐθέως
671 4639 737 4692 τά
789 4640 1104 4712 γράμματα,
1133 4640 1222 4695 καὶ
1275 4638 1618 4711 διαναλτῆναι
1649 4646 1785 4717 πρὸς

1901 3309 2448 3379 oraefectum,itemq
2460 3323 2528 3362 ue
2543 3303 3219 3375 magistrumRomanum
3235 3301 3552 3367 Curouam,

1898 3401 2193 3456 illustrem
2207 3395 2727 3469 etipsumOrientis
2741 3390 3320 3464 ducem,per1itteras
3341 3388 3550 3444 adver-

1899 3508 2001 3546 sus
2025 3487 2416 3560 Nicephorum
2443 3485 2691 3540 Phocum
2715 3484 2965 3538 excitare
3000 3477 3332 3553 magniﬁcis
3363 3477 3554 3532 dnuo-

1899 3597 2030 3634 rum
2054 3585 2113 3634 et
2133 3578 2421 3633 honorum
2447 3569 3307 3646 pollicitationibus.Sententia
3327 3566 3550 3622 littera-

1901 3673 2028 3724 r‘um
2056 3668 2177 3722 haec
2200 3672 2326 3721 erat
2357 3682 2369 3718 :
2409 3665 2466 3719 Si
2493 3663 2743 3718 Phocam
2768 3661 3189 3731 opprimerent,
3219 3662 3278 3712 et
3306 3655 3393 3711 vel
3425 3671 3550 3710 mo-

1901 3757 2153 3813 nachum
2186 3757 2438 3810 facerent
2457 3752 2542 3807 vel
2583 3765 2934 3822 quocunque
2956 3748 3129 3802 modo
3153 3763 3184 3800 e
3219 3743 3412 3799 medio
3438 3741 3549 3796 tol-

1896 3846 2105 3910 lerent,
2136 3844 2422 3898 Joannem
2456 3839 2609 3895 348
2643 3839 2760 3892 fore
2791 3837 3182 3891 domesticum
3213 3831 3547 3888 scholarum

1898 3933 2172 3998 Orientis,
2209 3933 2537 3986 Romanum
2571 3926 2924 3984 Occidentis.
2958 3925 3001 3980 li
3033 3939 3168 3979 cum
3198 3921 3426 3976 litteras
3456 3935 3550 3974 ac-

1900 4024 2215 4095 cepissent.
2252 4020 2454 4074 Phocaa
2481 4035 2604 4080 eas,
2636 4017 2730 4072 cui
2761 4015 3004 4070 honeste
3035 4012 3371 4083 cupiebant,
3400 4007 3552 4064 reci-

1901 4116 2067 4178 tant;
2099 4112 2527 4178 hortanturque
2577 4110 2642 4160 ut
2671 4105 2939 4160 animum
2989 4103 3176 4174 erigat
3211 4115 3278 4155 ac
3328 4098 3558 4154 fortiter

1902 4219 2021 4258 rem
2055 4215 2327 4272 magnam
2361 4196 2742 4269 aggrediatur
2774 4209 2786 4247 :
2821 4191 3302 4264 tergiversantem
3335 4188 3460 4244 suis
3490 4201 3554 4242 se

1903 4289 2197 4353 manibus,
2236 4287 2292 4342 ni
2343 4289 2592 4357 pareret,
2647 4282 3056 4338 interfecturos
3106 4279 3427 4334 minantur.
3461 4277 3551 4330 Ita

1899 4382 2137 4435 demum
2170 4377 2412 4441 Phocas,
2439 4373 2693 4444 periculo
2727 4371 2935 4426 mortis
2963 4369 3226 4437 territus,
3258 4364 3505 4423 assentit
3532 4381 3547 4432 ;

1900 4473 1956 4524 et
2006 4467 2261 4524 secunda
2315 4464 2409 4519 die
2466 4462 2607 4518 Julii
2665 4460 2909 4525 mensis,
2968 4459 3172 4513 eadem
3230 4455 3552 4511 indictione

1903 4561 2084 4623 sexta,
2120 4555 2190 4609 ab
2223 4551 2610 4608 orientalibus
2653 4548 3006 4605 exercitibus
3053 4547 3329 4602 omnibus
3359 4561 3392 4598 a
3419 4542 3547 4597 Tzi-

1900 4645 2084 4702 misca
2113 4641 2420 4698 concitatis
2450 4640 2770 4710 imperator
2801 4638 3199 4692 Romanorum
3231 4634 3544 4688 salutatur.

140 4729 454 4830 I).‘XT“‘I.T‘OV
523 4733 723 4782 Φωκᾶν
781 4729 873 4782 καὶ
927 4730 1173 4805 γενναῖόν
1224 4752 1278 4784 τι
1317 4733 1406 4785 καὶ
1466 4735 1708 4788 νεανικὸν
1769 4734 2115 4805 ἐννοήσασθαι
2182 4726 2548 4806 παρεκάλουν,
2608 4727 2899 4783 Ὀκνοῦντα
2945 4720 3004 4778 δὶ
3041 4722 3131 4778 καὶ
3179 4718 3544 4791 ἀναδυόμενον

507 4815 520 4830 1
711 4818 724 4830 1
818 4817 852 4830 ιι
1043 4815 1068 4830 Α
1268 4820 1278 4830 ι
1391 4822 1409 4830 Α
1648 4825 1658 4830 -
1820 4826 1830 4830 -
1994 4823 2004 4830 .
2160 4820 2173 4830 ι
2346 4822 2372 4830 .-
2437 4819 2460 4830 Λ
2550 4817 2560 4830 1
2725 4815 2746 4830 ,l
2834 4811 2857 4830 ᾗ
2914 4811 2934 4830 \
2989 4811 3000 4830 Ι
3200 4809 3213 4830 Ι
3253 4807 3278 4830 θ
3351 4829 3381 4830 κγ
3450 4807 3509 4830 -.Ἃ

139 4817 216 4869 καὶ
282 4815 634 4891 αὐτοχείρως
697 4817 963 4887 ἠπείλουν
1040 4815 1496 4894 διαχειρίσασθαι.
1577 4825 1670 4878 Διὸ
1746 4826 1835 4879 καὶ
1911 4823 2047 4899 πρὸς
2121 4820 2214 4874 τὸν
2279 4822 2377 4873 τοῦ
2435 4817 2662 4870 θανάτου
2719 4811 3102 4872 ἀποδειλιάσας
3159 4807 3400 4864 κίνδυνον
3447 4807 3516 4874 τὴ

137 4904 443 4978 πρόκλησιν
479 4902 804 4976 ὑπεδέξατο.
879 4908 985 4963 Καὶ
1059 4904 1280 4982 δευτέρᾳ
1360 4914 1457 4964 τοῦ

1542 4911 1779 4968 Ἰουλίου
1868 4911 2060 4987 μηνὸς,

2143 4914 2244 4976 τῆς
2297 4905 2465 4974 αὐτῆς
2522 4905 2566 4967 ς’
2637 4901 2994 4970 ἰνδικτιῶνος,
3045 4900 3147 4955 ὑπὸ
3201 4901 3308 4953 τῶν
3368 4894 3419 4949 ἐν
3475 4896 3549 4967 τῇ

137 4996 270 5067 Ἐῴα
297 4994 724 5070 στρατευμάτων
752 4995 1005 5052 ἁπάντων
1034 5017 1364 5072 παρακεκινη
1378 4998 1551 5072 μένω)
1585 5001 1788 5058 ὑπὸτοῦ
1817 4986 2087 5076 Τζιμισκῆ
2120 4995 2408 5070 Ῥωμαίων
2442 4991 2820 5069 ανάγορεύεται
2856 4986 3130 5067 βασιλεύς.

1335 5161 1705 5222 XYLANDRI
1746 5166 1834 5222 ET
1873 5163 2095 5222 GOARI
2134 5160 2372 5217 NOTZE.

144 5369 154 5377 '
205 5297 282 5366 {7)
311 5295 850 5377 Supra‘lﬁitylenze
899 5295 1086 5377 fertur
1115 5296 1296 5377 fuisse
1326 5297 1383 5377 i_n
1414 5299 1639 5377 exsilio,
1672 5301 1790 5356 sive

141 5369 186 5421 is
213 5384 374 5423 error
404 5367 499 5445 εει
522 5367 771 5445 librarii,
804 5368 924 5445 sive
949 5369 1171 5445 interea
1201 5369 1475 5445 Mitylene
1506 5372 1789 5445 Methym-

142 5455 267 5513 nam
311 5439 642 5513 translatus
697 5440 1047 5513 Stephanus.
1079 5439 1338 5513 Utraque
1389 5444 1530 5500 urbs
1579 5439 1686 5500 est'
1726 5445 1787 5498 in

147 5510 319 5567 Lesbo
351 5510 572 5568 insula.
606 5514 746 5568 Χη.

207 5583 846 5670 (Sipometopoljsunt
875 5583 1012 5670 dicti
1045 5583 1213 5656 quasi
1248 5583 1389 5670 pulli
1545 5591 1635 5642 est
1658 5585 1787 5670 filii)

147 5655 614 5740 cemitis.)_{}_L.-'—
639 5657 822 5740 pictio
836 5655 1366 5740 πολῶςάοςοοοοιο
1386 5655 1789 5740 τῖε-δλοςβιιθτῑ

148 5727 371 5798 adjecta
397 5727 586 5798 ﬁlium
612 5728 871 5787 simulet
888 5726 1305 5786 diminutivum
1327 5727 1469 5800 quid
1500 5726 1791 5788 sonat.Sio

1901 5293 2349 5372 ἀρχοντόπουλον
2404 5293 2592 5364 ﬁlium
2649 5291 2872 5354 nobilis,
2940 5278 3342 5358 βασιλόπουλον
3400 5282 3548 5352 regis

1901 5371 2103 5424 ﬁlium.
2135 5369 2410 5424 naulum.
2455 5372 2512 5420 et
2540 5363 2775 5419 tandem
2822 5353 3281 5424 κομητοπούλους
3330 5355 3547 5424 comiti:

1896 5371 2103 5440 ﬁlium,
2135 5371 2410 5435 regulum,
2455 5372 2512 5420 et
2540 5371 2775 5419 tandem
2822 5371 3281 5430 κομητοπουΛους
3330 5371 3547 5410 comm:

1895 5444 2041 5512 ﬁlios
2071 5443 2241 5512 vocat
2289 5442 2531 5512 auctor}
2565 5439 2622 5489 et
2655 5439 2719 5512 ut
2765 5431 2966 5512 subdit
3011 5424 3199 5512 παῖδες
3245 5428 3355 5480 τῶν
3391 5423 3547 5512 μέγα

1899 5499 2240 5580 δυδηθέντων
2289 5508 2341 5562 έν
2391 5504 3032 5580 Βουλγαρίᾳ-οιομήτων.
3088 5500 3244 5556 Infra
3283 5515 3339 5570 p.
3387 5499 3541 5580 σε)ρε

1898 5567 2154 5655 Κύμηνος
2213 5575 2360 5655 ὄντες
2416 5567 2625 5655 παῖδες¹
2653 5567 2740 5632 καὶ
2785 5567 2896 5631 δὶιίι⁷
2925 5576 3087 5629 τοῦτο
3141 5567 3550 5644 κομητοπῶλοι

1896 5651 2414 5726 κατονομαζόμενοι.
2447 5652 2626 5708 GOAR.
