4036 6330
502 399 582 462 83
1851 394 2171 458 GEORGII
2213 394 2555 458 CEDRENI
3838 394 3928 454 84

581 534 784 589 Fertur
831 533 889 587 et
932 529 1084 586 alius
1143 530 1253 586 hac
1303 530 1375 586 de
1424 547 1507 596 re,
1564 529 1734 602 isque
1800 529 2157 601 probabilior

2340 528 2437 581 Καὶ
2500 529 2577 592 εἷς
2638 528 2735 601 μὲν
2792 526 2956 604 λόγος
3011 527 3224 606 φέρεται
3284 522 3482 598 οὕτως,
3539 522 3721 602 ἔτερος
3779 523 3859 593 δί,
3898 526 3928 580 6

509 636 703 678 sermo
732 637 744 675 :
773 619 1133 692 jampridem
1167 636 1301 674 eum
1337 619 1659 691 cupiditate
1689 618 1943 690 imperii,
1976 636 2165 690 neque

506 716 707 766 tamen
733 715 855 765 tam
888 709 1067 780 hujus
1098 727 1273 781 quam
1296 710 1691 782 Theophanus
1713 712 1984 779 Augusta:
2007 726 2163 764 amo-

512 817 573 855 re
607 800 910 871 ﬂagrasse,
942 814 1077 854 curn
1111 816 1225 871 qua
1275 803 1331 854 et
1362 798 1685 854 collocutus
1734 798 1907 854 fuerit
1937 816 2070 853 cum
2103 800 2162 853 in

510 889 653 943 urbe
686 893 904 960 ageret,
937 893 993 943 et
1026 904 1178 960 saepe
1232 887 1304 943 ad
1339 905 1468 944 earn
1517 887 1869 943 Michaelum
1921 905 2162 944 suorum

506 977 866 1033 famulorum
921 977 1279 1032 ﬁdissimum
1339 978 1605 1033 miserit:
1654 977 1830 1048 idque
1888 978 2163 1049 Bringam

510 1066 993 1139 deprehendisse,
1025 1072 1082 1123 et
1111 1067 1184 1123 ob
1214 1066 1273 1122 id
1304 1067 1675 1139 suspiciones
1723 1067 2003 1123 adversus
2029 1083 2165 1123 eum

515 1156 873 1228 concepisse.

584 1244 1003 1316 Designatione
1048 1244 1249 1300 Phocsa
1298 1245 1461 1317 Cpoli
1491 1246 1836 1303 annuntiata
1873 1246 2168 1317 rebusque

514 1334 904 1405 conturbatis,
933 1334 1249 1405 Josephus,
1282 1335 1385 1406 qui
1432 1352 1631 1394 ruram
1678 1336 1942 1391 omnium
1976 1352 2168 1392 rerum

519 1423 869 1491 sustinebat,
903 1423 1084 1478 animi
1116 1424 1463 1495 angebatur,
1500 1441 1690 1496 neque
1734 1426 1881 1481 satis
1911 1424 2168 1480 invenie-

522 1513 619 1568 bat
650 1511 791 1582 quid
814 1511 1043 1567 consilii
1064 1518 1428 1584 sequeretur,
1461 1530 1593 1570 cum
1628 1529 1698 1569 ne
1744 1514 1899 1569 cives
1930 1515 2168 1586 quidem

523 1602 573 1657 ei
606 1602 754 1655 bene
783 1600 1017 1668 vellent,
1044 1602 1260 1672 quibus
1290 1619 1353 1658 se
1384 1603 1547 1658 aditu
1581 1603 1881 1658 difficilem
1914 1605 2169 1676 praebere

525 1690 943 1745 consuevisset.
978 1692 1122 1746 Cum
1167 1696 1363 1747 autem
1395 1693 1546 1747 349
1598 1693 1980 1764 Nicephorus,
2036 1695 2170 1749 uni-

526 1795 691 1835 verso
714 1779 968 1835 exercitu
988 1780 1200 1836 faustis
1220 1780 1739 1837 acclamationibus
1761 1789 2168 1854 prosequente,

2273 639 2361 672 και
2396 615 2572 671 δοκῶν
2614 616 2994 691 ἀληθέστερος,
3038 618 3113 679 ὼς
3159 616 3333 671 πολὺν
3376 614 3536 670 ὥδινε
3583 616 3789 691 χρόνον
3820 617 3925 682 τὴν

2270 714 2370 775 τῆς
2434 706 2711 780 βασιλείας
2772 706 3081 779 ἐπιθυμίαν,
3124 708 3215 760 καὶ
3264 706 3324 760 ού
3370 710 3625 761 τοσοῦτον
3671 704 3834 759 αὐτὸν
3897 707 3926 759 6

2272 796 2471 865 ταύτης
2502 793 2639 868 ἔρως
2679 794 2960 874 ἐξέφλεγεν
3012 795 3136 850 ὅσον
3184 797 3211 851 6
3259 802 3357 865 τῆς
3395 792 3679 871 βασιλίδος
3705 801 3926 872 Θεοφα-

2273 890 2418 955 νοῦς,
2447 880 2739 961 ἐντυχόντα
2793 906 2851 939 τε
2900 885 3037 956 αὐτῇ
3080 884 3167 940 ὅτε
3229 888 3299 958 τῇ
3354 883 3708 959 βαςιλευούσῃ
3743 881 3927 957 διῆγε⁹

2273 974 2363 1029 καὶ
2385 973 2656 1035 πολλάκις
2688 975 2822 1049 πρὸς
2871 973 3035 1042 αύτῆν
3079 972 3431 1047 ἐκπέμψαντα
3460 973 3549 1026 τὸν
3586 971 3929 1027 οἰκειότατον

2278 1064 2553 1139 ὑπηρέτην
2613 1062 2778 1118 αὐτοῦ
2835 1061 3088 1139 Μιχαήλ.
3140 1067 3315 1119 Τοῦτο
3372 1062 3473 1137 γὰρ
3527 1064 3933 1138 καταφωράσας

2278 1153 2305 1206 6
2336 1152 2562 1228 Βρίγγας
2586 1152 2843 1214 ὑπόπτως
2882 1149 3109 1207 διέκειτο
3141 1151 3279 1227 πρὸς
3309 1150 3491 1207 αὐτόν.

2347 1248 2456 1311 Τῆς
2520 1243 2701 1296 τοίνυν
2786 1241 3133 1317 ἀναρρήσεως
3208 1240 3372 1296 αὐτοῦ
3442 1240 3814 1319 φημισθείσης
3879 1240 3936 1296 έν

2279 1330 2871 1400 Κωνσταντινουπόλει,
2922 1331 3012 1384 καὶ
3060 1334 3166 1385 τῶν
3225 1331 3557 1405 πραγμάτων
3597 1330 3649 1385 ἐν
3708 1334 3939 1405 ταραχῇ

2276 1422 2650 1491 καθεστώτων,
2686 1423 2713 1475 6
2760 1423 2861 1490 τήν
2911 1418 3175 1499 φροντίδα
3227 1425 3335 1475 τῶν
3385 1420 3531 1475 ὅλων
3562 1421 3943 1492 ἀνεζωσμένος

2278 1511 2481 1588 Ἰωσὴφ
2548 1510 2764 1585 ἠγωνία
2813 1510 2904 1565 καὶ
2964 1507 3283 1585 διηπορεῖτο
3342 1506 3597 1588 αφοδρῶς
3654 1509 3684 1564 6'
3732 1530 3793 1563 τι
3841 1510 3939 1563 καὶ

2281 1597 2544 1673 δράσειεν,
2603 1600 2685 1653 ὅτι
2748 1597 2889 1673 μηδὲ
2938 1605 3056 1663 τοῖς
3119 1596 3374 1663 πολίταις
3432 1595 3618 1661 εὔνους
3648 1600 3716 1667 ἦν
3746 1596 3939 1653 διὰτὸ

2282 1685 2680 1745 δυσέντευκτον.
2741 1687 3115 1752 Κατελθόντος
3172 1686 3229 1743 δὲ
3272 1686 3322 1742 έν
3371 1688 3747 1762 Χρυσουπόλιι
3794 1688 3941 1761 μετά

2280 1779 2479 1840 παντὸς
2519 1783 2617 1833 τοῦ
2665 1782 2893 1854 στρατοῦ
2941 1777 3256 1855 Νικηφόρου
3302 1781 3403 1832 τοῦ
3453 1781 3619 1832 Φωκᾶ
3669 1778 3788 1851 μετ’
3837 1778 3937 1831 εὐ-

528 1868 905 1941 Chrysopolin
955 1870 1229 1941 venisset,
1264 1870 1334 1925 de
1365 1870 1719 1942 imperatore
1765 1871 1963 1942 aliquo
2011 1872 2161 1928 desi-

2280 1872 2526 1944 φημιῶν,
2577 1863 2938 1923 ἐϐουλεύσατο
2986 1869 3014 1922 6
3064 1867 3295 1943 Βρίγγας
3346 1865 3573 1943 βασιλέα
3616 1867 3739 1921 τινὰ
3788 1887 3941 1943 προ-

528 1959 758 2031 gnando
785 1958 1080 2029 Josephus
1102 1959 1400 2031 cogitavit,
1432 1965 1595 2016 ratus
1629 1978 1696 2015 ea
1726 1961 1949 2017 ratione
1976 1979 2039 2017 se
2069 1962 2174 2017 irn-

530 2052 729 2119 petum
790 2048 1046 2104 militum
1106 2054 1467 2105 retusurum.
1521 2050 1609 2104 Ad
1671 2050 1946 2106 nuntium
2006 2068 2175 2123 porro

526 2136 699 2191 delati
733 2138 932 2192 Phocaa
986 2138 1218 2207 imperii
1250 2138 1428 2209 hujus
1478 2144 1641 2209 pater
1690 2141 1924 2207 Bardas,
1956 2145 2081 2196 tum
2115 2141 2173 2195 in

526 2226 667 2281 urbe
698 2225 1191 2297 degens,supplex
1225 2226 1285 2281 in
1320 2228 1597 2299 Magnum
1632 2228 1943 2301 Templum
1974 2231 2175 2285 confu-

521 2314 643 2385 git;
680 2314 789 2369 Leo
838 2318 1036 2370 autem
1069 2316 1248 2370 frater
1277 2316 1606 2387 Nicephori,
1640 2318 1873 2373 tametsi
1904 2323 2173 2374 accurate

516 2402 978 2470 custodiebatur,
1014 2410 1212 2459 tamen
1265 2404 1416 2459 clam
1448 2422 1509 2461 se
1541 2406 1823 2461 subduxit
1861 2413 1917 2462 et
1948 2408 2019 2462 ad
2054 2409 2173 2463 fra-

511 2496 661 2546 trem
686 2493 966 2563 pervenit.
999 2494 1103 2549 His
1124 2493 1207 2549 ita
1231 2495 1377 2549 actis
1401 2494 1657 2549 concidit
1683 2497 1879 2552 animo
1901 2498 2168 2568 Bringas,

511 2585 567 2635 0t
597 2581 656 2636 in
690 2582 942 2637 summis
974 2582 1145 2639 hassit
1176 2583 1777 2640 difficultatibus.Non
1808 2585 1963 2641 enim
1997 2593 2171 2658 aptus

509 2675 635 2725 erat
664 2670 735 2725 ad
759 2670 1211 2727 demulcendam
1234 2673 1580 2745 periculosis
1603 2676 1971 2745 temporibus
2016 2675 2168 2731 mul-

510 2760 959 2829 titudinem,sed
977 2762 1075 2815 ubi
1092 2762 1635 2833 oportebatblandis
1649 2766 2023 2821 sermonibus
2036 2768 2171 2822 adu“

514 2847 809 2919 landoque
838 2866 968 2904 eam
999 2850 1559 2924 demitigare,magis
1590 2857 1968 2924 exasperahat
1993 2861 2168 2921 atque

514 2937 809 2993 irritabat.
862 2939 948 2994 Ita
996 2943 1122 2994 tum
1175 2956 1407 3011 quoque
1454 2942 1731 2997 omnibus
1778 2943 1837 2996 in
1890 2944 2163 3013 Magnum

512 3026 825 3097 Templum
874 3028 1383 3100 concurrentibus,
1416 3031 1687 3102 superbis
1736 3035 1909 3103 atque
1940 3033 2164 3103 asperis

511 3115 700 3171 verbis
735 3116 1019 3187 populum
1066 3122 1131 3172 ut
1160 3124 1507 3188 perterreret
1537 3136 1551 3176 :
1585 3122 1725 3192 Ego,
1758 3121 1969 3192 inquit,
2004 3139 2161 3177 com-

510 3220 749 3275 pescam
772 3210 1026 3261 vestram
1053 3206 1328 3261 ferociam
1350 3214 1526 3279 atque
1544 3211 1973 3281 impudentiam
1991 3227 2003 3266 :
2024 3229 2155 3266 nam

2287 1952 2564 2014 ϐαλέσθαι.
2601 1955 2692 2011 διὰ
2718 1956 2915 2012 τούτου
2961 1956 3213 2029 οἷομενος
3254 1956 3345 2011 τὸν
3391 1957 3552 2011 τόνον
3585 1955 3809 2012 ἐκλῦσαι
3829 1960 3940 2021 τῆς

2286 2047 2465 2121 ὁρμῆς
2509 2051 2607 2101 τοῦ
2666 2051 2915 2121 στρατοῦ.
2974 2041 3125 2108 Τέως
3182 2043 3240 2100 δὲ
3295 2054 3395 2115 τῆς
3448 2045 3823 2121 ἀκαῤῥήσεως,
3860 2048 3943 2108 ὡς

2286 2134 2535 2207 εἶ’πομεν,
2568 2141 2665 2190 τοῦ
2705 2142 2875 2191 Φωκᾶ
2920 2138 3240 2211 γενομένης,
3289 2132 3495 2210 Βάρδας
3547 2135 3639 2207 μὶν
3674 2136 3702 2189 6
3726 2133 3943 2190 τούτου

2282 2226 2463 2299 πατὴρ
2518 2223 2702 2300 (ἔτυχε
2785 2227 2887 2301 γὰρ
2963 2222 3225 2301 ἐνδημῶγ
3295 2228 3362 2298 τῇ
3427 2221 3692 2299 βασιλίδι)
3748 2225 3946 2295 ἱκέτης

2284 2313 2588 2389 εἰσέρχεται
2634 2315 2769 2387 πρὸς
2820 2320 2918 2383 τῆν
2961 2312 3216 2388 Μεγάλην
3266 2312 3558 2383 ἐκκλησίαν
3595 2334 3608 2348 ·
3668 2313 3823 2368 Λέων
3881 2312 3945 2368 δὲ

2283 2403 2311 2455 6
2361 2401 2563 2456 ἐκείνου
2623 2400 2880 2481 ἀδελφὸς,
2950 2402 3145 2477 καίπερ
3197 2400 3602 2480 φυλαττόμενος
3660 2396 3940 2478 ἀκριϐῶς,

2284 2489 2463 2554 λαθὼν
2521 2488 2727 2566 ἀπέδρα
2780 2491 2869 2546 καὶ
2927 2497 3007 2564 τῶ
3055 2491 3239 2565 οἷ’κειῳ
3295 2492 3482 2561 ἡνώθη
3538 2492 3805 2564 ὁμαίμονι
3852 2490 3940 2547 Οὖ

2278 2581 2568 2653 γενομένου
2617 2579 2848 2657 παρείθη
2880 2582 2979 2649 τήν
3030 2583 3216 2656 ψυχήν
3266 2579 3356 2635 καὶ
3387 2578 3439 2635 ἐν
3468 2578 3612 2654 πάσῃ
3638 2580 3941 2655 ἀμηχανίᾳ

2278 2668 2369 2723 καῖ’
2428 2665 2584 2744 φόϐῳ
2642 2670 2869 2740 κατέστη
2928 2671 2955 2725 6
3008 2669 3263 2745 Βρίγγας.
3311 2670 3411 2726 ἾΙν
3460 2668 3561 2744 γὰρ
3617 2668 3704 2722 καὶ
3738 2669 3939 2723 ἀνεπι-

2274 2756 2493 2827 τήδειος
2556 2762 2627 2831 (9)
2685 2757 2737 2813 ἐν
2782 2763 2994 2834 καιροῖς
3039 2755 3328 2819 δυσκόλοις
3376 2754 3549 2832 ὄχλον
3597 2761 3941 2811 κοΛακεῦσαι

2275 2846 2364 2900 καὶ
2394 2845 2929 2923 καταδημαγωγῆσαι
2986 2848 3201 2917 πλῆθος
3232 2866 3245 2879 ·
3299 2844 3417 2901 δέον
3476 2847 3581 2921 γὰρ
3628 2850 3942 2917 προσηνέσι

2278 2933 2466 3011 λόγοις
2495 2937 2585 2991 καὶ
2616 2938 2971 2998 θωπευτικοῖς
3001 2936 3100 3005 τήν
3148 2940 3245 2991 τοῦ
3269 2934 3516 3006 πλήθους
3546 2933 3939 3008 καταμαλάξαι

2274 3025 2454 3097 ὁρμὴν
2488 3029 2635 3099 [648]
2694 3027 2721 3080 6
2772 3024 2828 3080 δὲ
2884 3024 3094 3099 μᾶλλον
3145 3024 3459 3099 ἐξετράχυνε
3515 3025 3604 3080 καὶ
3649 3024 3930 3099 ἡγρίωσε.

2277 3116 2495 3170 Πάντων
2521 3116 2621 3191 γὰρ
2654 3114 2705 3170 ἐν
2754 3119 2823 3189 τῇ
2884 3114 3109 3191 Μεγᾶλῃ
3169 3115 3572 3190 συντρεχόντων
3601 3111 3939 3186 ἐκκκλησίᾳ,

2272 3202 2432 3265 αὐτὸς
2480 3206 2543 3259 τὸ
2594 3202 2807 3273 πλῆθος
2855 3200 3187 3276 ἐκδειματῶν
3231 3201 3429 3279 λόγους
3454 3201 3725 3279 ἐπαφῆκεν
3759 3204 3941 3277 ὑπερ-

508 3269 760 3348 efﬁciam
794 3299 856 3348 ut
888 3295 1043 3365 quod
1078 3312 1181 3367 pro
1222 3269 1575 3353 nomismate
1605 3269 1823 3353 emitur
1852 3300 2153 3368 frumenti,

2273 3290 2512 3369 ηφανους
2536 3315 2593 3348 τε
2630 3295 2719 3348 καὶ
2773 3299 3002 3369 τραχεῖς
3034 3313 3048 3326 ο
3089 3314 3111 3343 ιι
3142 3292 3303 3369 Ἐγὼ,
3355 3295 3551 3366 φήσας,
3592 3292 3936 3347 καταπαύσω

506 3382 565 3437 in
598 3381 732 3437 sinu
764 3382 936 3438 liceat
965 3388 1216 3454 portare.
1252 3408 1280 3434 ››
1314 3388 1519 3441 Actum
1552 3386 1661 3443 hoc
1692 3388 1785 3444 die
1827 3390 2152 3461 Dominica,

507 3488 662 3526 nona
707 3472 975 3543 Augusti.
1010 3472 1253 3545 Vesperi
1287 3474 1467 3545 hujus
1516 3476 1705 3547 ipsius
1756 3479 1870 3533 diei
1902 3479 2157 3536 Basilius

508 3560 879 3616 Constantini
909 3560 1281 3632 imperatoris
1329 3564 1729 3622 cubicularius
1760 3568 2027 3637 intimus,
2057 3570 2154 3623 Jo-

509 3649 691 3721 sepho
709 3649 1388 3720 infensissimus,amicis
1416 3670 1481 3709 ac
1500 3656 1847 3727 propinquis
1869 3658 1995 3713 suis
2016 3675 2157 3713 suos

515 3739 841 3810 adjungens
890 3741 1046 3797 350
1082 3741 1355 3811 famulos,
1390 3760 1493 3815 per
1518 3744 1736 3800 multas
1768 3747 1931 3802 urbis
1961 3753 2156 3819 partes

507 3827 753 3883 dimittit
780 3828 841 3884 in
892 3830 1359 3886 adversariorum
1410 3834 1636 3889 domos.
1672 3834 1715 3889 Ii
1747 3853 1781 3889 a
1809 3836 2001 3907 prima
2040 3837 2157 3892 diei

508 3916 659 3971 lunas
707 3917 852 3973 hora
882 3935 1072 3990 usque
1102 3921 1175 3975 ad
1206 3928 1429 3977 sextam
1480 3923 1766 3994 plurimas
1805 3926 2018 3981 civium
2053 3928 2154 3982 do-

506 4022 655 4077 mos,
704 4007 975 4078 interque
1022 4010 1125 4064 has
1171 4010 1412 4081 Josepbi
1467 4011 1554 4067 vel
1607 4014 1979 4085 praecipuam,
2032 4014 2155 4072 solo

504 4100 903 4166 mquaverunt.
955 4100 1156 4167 Neque
1204 4102 1437 4153 tantum
1487 4099 1808 4156 illustrium
1860 4109 1918 4158 et
1961 4104 2021 4158 in
2072 4121 2157 4159 re-

504 4182 743 4253 publica
770 4185 1135 4240 versantium
1169 4187 1343 4253 sedes,
1371 4204 1573 4243 eorum
1608 4190 1707 4260 qui
1740 4192 2034 4248 adversari
2067 4194 2153 4248 vi-

502 4271 922 4340 debantur,sed
954 4278 1010 4328 et
1040 4275 1379 4330 tenuiorum
1404 4276 1723 4333 innumerae
1746 4280 2152 4336 diruebantur.

503 4360 570 4413 Et
596 4360 647 4415 si
675 4360 769 4414 cui
801 4360 939 4417 olim
972 4361 1194 4433 aliquid
1246 4381 1381 4419 cum
1414 4365 1596 4420 altero
1644 4367 1952 4424 discordiae
1982 4370 2156 4425 inter-

505 4448 804 4518 cessisset,
864 4449 916 4506 is
967 4455 1093 4506 tum
1154 4452 1390 4509 turbam
1448 4454 1899 4527 incompositam
1954 4475 2153 4514 secum

502 4536 744 4593 trahens
774 4538 1010 4596 nemine
1060 4540 1329 4597 obstante
1360 4558 1492 4598 eum
1545 4545 1840 4615 perdebat.
1872 4547 2155 4619 Multique

2269 3382 2420 3454 ὑμῶν
2446 3383 2545 3451 τήν
2594 3382 2898 3455 ἰταμότητα
2952 3382 3043 3438 καὶ
3092 3381 3474 3458 ἀναισχυντίαν
3508 3401 3520 3413 ·
3565 3379 3783 3450 ποιήσω
3814 3384 3931 3457 γὰρ

2263 3472 2354 3526 τὸν
2409 3477 2506 3527 τοῦ
2562 3474 2901 3546 νομίσματος
2951 3470 3298 3545 ὠνουμένους
3346 3477 3493 3526 σῖτον
3550 3471 3929 3545 ἀποφέρεσθαι

2267 3559 2318 3615 ἐν
2376 3566 2456 3633 τῷ
2503 3556 2716 3634 κόλπῳ.
2756 3586 2783 3612 ››
2838 3561 3002 3615 Οὸπω
3050 3560 3332 3634 παρῆλθεν
3392 3558 3704 3634 ὁλόκληρος
3731 3561 3931 3636 ἡμέρᾳ

2266 3650 2353 3725 ἀφ’
2405 3650 2467 3705 οὗ
2540 3655 2699 3706 τοῦτο
2776 3648 2960 3725 ε’ίρηκε
3041 3651 3308 3723 (Κυριακὴ
3385 3649 3486 3726 γὰρ
3538 3650 3628 3718 ἦν,
3679 3648 3918 3721 έννάτην

2265 3736 2497 3814 ἄγοντος
2550 3744 2649 3795 τοῦ
2696 3738 3009 3815 Αὔγούστου
3058 3741 3275 3812 μηνὸς),
3306 3739 3397 3793 καὶ
3441 3740 3511 3810 τῇ
3559 3739 3756 3813 ἑσπέρᾳ
3804 3746 3920 3808 τῆς

2266 3829 2431 3899 αὐτῆς
2486 3831 2698 3903 ἡμέρας
2756 3828 3034 3891 Βασίλειος
3082 3830 3110 3883 ὁ
3166 3828 3566 3883 Κωνσταντίνου
3613 3832 3709 3882 τοῦ
3752 3827 3923 3901 βασι-

2266 3918 2405 3980 λέως
2436 3920 2951 3994 παρακοιμώμενος,
3001 3916 3272 3991 δυσμενής
3326 3917 3417 3971 καὶ
3450 3915 3702 3992 ἔχθιστος
3732 3912 3808 3969 ὥν
3829 3922 3925 3989 τῷ

2264 4008 2488 4085 Ἰωσὴφ,
2546 4014 2661 4069 τοῖς
2711 4009 2903 4063 ἑαυτοῦ
2961 4006 3145 4082 φίλοις
3201 4006 3292 4061 κάὶ
3350 4006 3621 4083 συγγενέσι
3664 4006 3793 4063 τοὺς
3826 4006 3927 4060 οὶ-

2262 4097 2438 4158 κείους
2496 4096 2765 4170 συμμίξας
2820 4097 3148 4172 θεράποντας
3200 4094 3338 4151 κατὰ
3382 4094 3569 4151 πολλά
3621 4096 3760 4169 μέρη
3806 4102 3923 4166 τῆς

2262 4183 2477 4248 πόλεως
2505 4188 2790 4261 πέπομφεν
2838 4186 2913 4247 είς
2962 4185 3089 4248 τοὺς
3140 4184 3328 4247 οἴκους
3364 4189 3471 4239 τῶν
3519 4184 3923 4259 ἀντιπραττόν-

2260 4297 2368 4331 των
2401 4275 2568 4349 αὑτῷ.
2602 4278 2699 4329 Καὶ
2754 4274 2860 4329 ἀπὸ
2910 4276 3127 4348 τρώτης
3172 4274 3315 4347 ὥρας
3360 4281 3463 4342 τῆς
3493 4271 3741 4349 δευτέρας
3765 4273 3926 4346 ἡμέ-

2266 4386 2360 4441 ρας
2395 4364 2593 4440 μέχρις
2620 4362 2779 4435 ἔκτης
2836 4365 3194 4440 κατέστρεψαν
3254 4363 3347 4418 καὶ
3379 4360 3700 4441 έξηδάφισαν
3735 4362 3928 4428 οἰκίας

2263 4452 2519 4517 πλείστας
2567 4458 2674 4508 τῶν
2734 4451 3001 4526 πολιτῶν,
3062 4454 3135 4507 ὧν
3192 4449 3557 4527 ἐπισημοτέρδ
3609 4452 3676 4519 ἦν
3723 4454 3759 4520 ἡ
3814 4457 3924 4506 τοῦ

2268 4545 2463 4619 Ἰωσήρ
2497 4564 2509 4575 ·
2568 4543 2630 4598 ού
2687 4543 2789 4620 γὰρ
2853 4543 3013 4616 μόνον
3065 4547 3173 4598 τῶν
3223 4537 3544 4596 ἀντιϐαίνειν
3604 4538 3929 4597 δοκούντων

503 4627 568 4682 in
588 4626 699 4683 hoc
720 4628 981 4684 tumultu
999 4631 1178 4686 etiam
1211 4631 1481 4688 homines
1503 4636 1690 4688 necati
1722 4640 1879 4690 sunt.
1916 4639 2155 4693 Interim

2273 4633 2509 4710 ίμφανῶν
2563 4634 2652 4688 καὶ
2693 4630 2995 4687 πολιτικῶν
3063 4631 3291 4707 ἀνδρῶν,
3343 4629 3488 4686 ἀλλὰ
3533 4630 3622 4686 καὶ
3677 4629 3925 4686 πολλῶν

507 4733 611 4788 per
641 4717 805 4773 urbis
837 4716 1080 4789 plateas,
1116 4722 1239 4776 fora
1268 4737 1336 4776 ac
1364 4722 1727 4793 angiportus,
1762 4724 2154 4796 Nicephorum

508 4805 853 4862 Callinicum
886 4808 1206 4880 (prasclaris
1254 4810 1505 4881 potitum
1554 4813 1836 4885 victoriis)
1876 4815 2155 4872 inclama-

510 4894 670 4950 bant.
729 4898 865 4962 Qusa
923 4898 1066 4953 dum
1122 4904 1430 4971 geruntur,
1478 4901 1697 4957 Bardas
1745 4920 1775 4958 e
1823 4905 2062 4975 templo,
2093 4906 2155 4961 in

508 4985 663 5055 quod
692 4984 864 5056 paulo
912 4991 1051 5043 ante
1081 4986 1329 5059 supplex
1375 4990 1787 5046 miserabiliter
1820 4994 2159 5063 confugerat

504 5077 561 5127 et
592 5077 852 5130 extrema
883 5075 997 5131 sibi
1052 5076 1363 5132 imminere
1410 5083 1665 5149 putarat,
1698 5080 1894 5151 prodit
1923 5097 1939 5135 :
1972 5087 2029 5137 et
2057 5082 2154 5138 Jo-

503 5161 724 5233 sephus
753 5162 962 5219 salutis
992 5181 1111 5219 suae
1144 5169 1268 5220 tum
1301 5166 1582 5236 incertus,
1616 5169 1715 5240 qui
1748 5170 1920 5225 modo
1950 5170 2032 5226 ita
2060 5171 2152 5227 in-

502 5247 637 5307 ﬂate
655 5251 1113 5323 superbierat,in
1137 5253 1195 5309 id
1218 5253 1400 5310 miser
1422 5262 1592 5327 atque
1622 5258 1943 5329 deprecans
1968 5261 2151 5317 subit.

499 5337 676 5395 Porro
732 5341 988 5397 Basilius
1040 5342 1439 5401 cubicularius
1496 5362 1630 5401 cum
1699 5347 1825 5403 suis
1884 5348 2153 5405 triremes

2266 4721 2453 4778 ἄλλων
2485 4720 2891 4796 εὐτελιστέρων,
2944 4722 3017 4775 ὧν
3071 4719 3169 4775 οὐκ
3209 4720 3512 4795 ἀριθμητὸν
3551 4720 3618 4788 ἦν
3660 4720 3723 4774 τὸ
3762 4719 3926 4789 πλῆ-

2266 4816 2379 4883 θος,
2436 4813 2875 4888 κατεστράφησαν
2954 4808 3121 4865 οἰκίαι
3158 4829 3170 4843 ·
3221 4811 3266 4882 ᾧ
3319 4810 3423 4885 γάρ
3489 4829 3623 4863 ποτε
3679 4805 3929 4886 διαφορά

2270 4903 2403 4975 μετά
2429 4923 2575 4963 τινος
2616 4901 2704 4969 ἦν,
2764 4901 2976 4968 πλῆθος
3024 4897 3267 4953 ἀτάκτων
3318 4898 3435 4970 μεθ’
3466 4898 3661 4952 ἑαυτοῦ
3710 4895 3929 4972 ἐπαγό-

2271 5012 2429 5062 μενος
2460 4988 2693 5064 μηδενὸς
2746 4987 3063 5049 κωλύοντος
3103 4987 3295 5043 τοῦτον
3343 4986 3588 5064 ἠφάνιζε.
3624 4984 3840 5041 Πολλοὶ
3879 4986 3934 5043 δ’

2266 5079 2316 5134 ἐν
2375 5083 2441 5154 τῇ
2496 5080 2719 5154 τοιαύτῃ
2786 5077 2972 5149 ἀταξίᾳ
3045 5075 3136 5131 καί
3191 5075 3465 5152 ἄνθρωποι
3525 5074 3928 5153 ἐφονεύθησαν.

2262 5168 2438 5226 Ταῦτύ
2498 5166 2555 5223 δέ
2611 5172 2890 5229 ποιοῦντες
2936 5165 2987 5220 ἐν
3037 5171 3158 5227 ταῖς
3207 5163 3489 5225 πλατείαις
3545 5170 3646 5233 τῆς
3694 5161 3929 5229 πόλεως

2263 5257 2572 5335 λεωφόροις
2618 5252 2669 5312 ἕν
2717 5277 2777 5312 τε
2824 5260 2943 5317 ταῖς
2990 5254 3215 5331 ἀγοραῖς
3259 5252 3310 5310 ἔν
3367 5274 3427 5309 τε
3471 5258 3585 5316 τοῖς
3616 5261 3933 5320 στενωποῖς

2259 5348 2575 5425 Νικηφόρον
2618 5347 2961 5425 ὀνευφήμουν
3012 5342 3362 5403 Καλλίνικον.
3420 5346 3590 5399 Τοῦτο
3636 5342 3698 5397 τὸ
3756 5335 3930 5418 ἔργον

1689 5516 2065 5575 XYLANDRI
2104 5519 2194 5575 ET
2230 5518 2449 5577 GOARI
2486 5519 2720 5577 NOTJE.

576 5649 655 5724 (9)
687 5653 750 5710 In
808 5658 1089 5729 margine.
1152 5659 1415 5720 Τοιοῦτος
1468 5660 1533 5786 ᾖν
1591 5662 1680 5716 καὶ
1738 5664 1765 5715 6
1815 5664 2151 5739 τυραννήσας

576 5740 682 5786 ρων
714 5733 1002 5786 προσεγῶς
1049 5729 1254 5786 ἐκεῖνος
1312 5727 1467 5786 Ἀνδο
1506 5752 1674 5786 νικος.
1706 5736 1837 5786 Noti
1890 5741 2030 5786 sunt
2079 5737 2150 5786 de

504 5719 682 5797 γέρων
714 5719 1002 5806 προσεχῶς
1049 5729 1254 5791 ἐκεῖνος
1312 5719 1674 5806 Ἀνδρόνικος.
1706 5736 1839 5793 Noti
1883 5719 2047 5793 .sunt'
2079 5719 2150 5793 d6

2259 5664 2428 5738 plebe
2474 5682 2676 5723 versus
2726 5664 2965 5731 Lucani,
3001 5664 3217 5738 quibus
3250 5663 3502 5738 Bringas
3550 5658 3929 5738 contrarium

2261 5730 2417 5795 inalo
2449 5755 2557 5796 suo
2588 5738 2725 5796 fecit
2757 5754 2770 5793 :
2807 5730 2989 5797 Nescit
3013 5730 3207 5810 plebe:
3226 5730 3428 5809 jeiumi
3455 5736 3668 5791 timere.
3700 5730 3843 5788 Χη.
