4050 6326
219 350 290 410 85
1364 347 1906 414 HISTORIARUM
1944 338 2498 410 COMPENDIUM.

3557 359 3637 421 86

219 479 377 557 ἐξάγει
461 483 558 554 μὲν
631 488 730 552 τῆς
808 481 1069 559 Μεγάλης
1141 481 1430 554 ἐκκλησίας
1506 479 1716 558 Βάρδάν
1774 479 1836 534 τὸ

1951 541 1952 548 η
1983 479 2317 546 adornat,et
2348 479 2722 551 imperatoria
2751 480 2924 537 etiam
2941 482 3132 540 celoce
3162 452 3470 560 assumpia
3497 506 3635 548 cum

217 574 414 646 πατέρα
473 575 573 625 τοῦ
636 577 823 639 Φωκᾶ,
882 571 1092 650 φυγάδα
1119 572 1334 647 οἰκτρὸν
1378 573 1466 626 καὶ
1500 574 1626 626 ὅσον
1659 567 1872 624 οὐδέπω

215 662 297 715 τὸν
329 660 586 718 κίνδυνον
624 663 1011 740 ἐκδεχόμενον,
1054 666 1146 719 τὸν
1203 663 1260 720 δὲ
1313 667 1515 740 Ἰωσὴρ
1562 664 1656 718 τὸν
1703 682 1872 737 παρα-

212 754 584 827 κοιμώμῃον⁴
644 755 736 810 τὸν
790 755 894 830 πρὸ
943 755 1141 810 τούτου
1205 754 1417 830 μεγάλα
1470 757 1723 833 φυσῶντα
1778 751 1868 805 καὶ

210 840 610 918 ἐπαιρόμενον,
669 843 746 906 εἷς
806 844 970 913 αὐτὴν
1033 843 1328 920 ἀντεισάγει
1389 844 1573 914 ἱκέτην
1633 840 1865 897 ἐλεεινὸν

209 931 292 985 καὶ
323 929 642 1009 ἀμφίϐολον
695 931 894 1008 ἔχοντα
939 935 1042 1002 τήν
1081 935 1272 989 ἑαυτοῦ
1331 932 1624 1009 σωτηρίαν.
1684 931 1751 988 Οἱ
1811 928 1867 984 δὲ

208 1023 324 1096 περί
367 1024 464 1077 τὸν
517 1025 1013 1099 παρακοιμώμενον
1063 1023 1342 1079 Βασίλειον
1398 1025 1645 1098 τριήρεις
1698 1040 1865 1074 κατα-

208 1113 554 1175 σκευάσαντες
621 1113 714 1168 καὶ
775 1112 867 1168 τὸν
939 1111 1225 1189 βασιλικὸν
1269 1111 1559 1190 εἰληφότες
1607 1110 1866 1184 δρόμωνα

210 1201 338 1272 μετὰ
385 1203 590 1264 παντὸς
621 1206 719 1257 τοῦ
750 1201 949 1258 στόλου
981 1207 1329 1278 περαιοῦνται
1375 1200 1428 1256 ἐν
1459 1197 1860 1277 Χρυσουπόλει,

204 1290 287 1344 καὶ
369 1292 464 1345 τὸν
538 1290 848 1369 Νικηφόρον
914 1291 1111 1347 ἐκεῖθεν
1185 1287 1581 1364 ἀνάλαϐόμενοι
1640 1289 1857 1365 ἄγουσιν

1987 575 2106 626 tota
2135 568 2322 625 classe
2368 569 2748 644 Chrysopolin
2779 572 3100 643 trajiciunt,
3136 580 3193 633 et
3240 576 3633 650 Nicephorum

1982 660 2117 715 inde
2151 662 2222 715 ad
2255 661 2646 729 Hebdomum,
2679 669 2853 733 atque
2883 662 3020 719 hinc
3048 667 3210 721 omni
3255 669 3637 728 multitudine

1983 750 2210 805 urbana
2255 751 2582 806 deducente
2630 767 2763 806 cum
2825 753 3036 809 faustis
3086 756 3632 829 acclamationibus,

1980 838 2306 910 plausibus,
2340 837 2500 894 tubis
2549 855 2615 894 ac
2664 841 2950 912 cymbalis
2996 843 3234 914 publica
3280 863 3494 920 pompa
3531 864 3636 921 per

1975 930 2227 985 Auream
2261 934 2492 1000 portam
2518 929 2666 986 351
2704 930 2763 985 in
2799 932 3004 987 urbem
3034 933 3358 992 ducunt.Ut
3386 937 3448 993 in
3472 941 3631 1011 Mag-

1978 1035 2121 1074 uum
2152 1017 2460 1090 Templum
2491 1024 2733 1074 ventum
2764 1024 2872 1089 est,
2907 1021 3254 1096 Polyeuctus
3297 1027 3633 1098 patriarcha

1975 1108 2046 1162 ad
2085 1108 2188 1163 hoc
2237 1114 2615 1179 comparatus
2643 1125 2780 1166 eum
2830 1111 2888 1165 in
2921 1120 3196 1185 suggestu
3249 1114 3630 1186 imperatoria

1973 1196 2222 1269 insignit
2251 1213 2484 1266 corona,
2514 1199 2606 1254 die
2635 1199 3206 1275 dominico,Augusti
3239 1205 3465 1262 decimo
3497 1223 3626 1264 sex-

1973 1290 2051 1354 to,
2083 1285 2403 1344 indictione
2435 1292 2616 1345 sexta.

205 1379 273 1440 εἷς
300 1380 363 1433 τὸ
393 1375 698 1452 Ἕϐδομον,
734 1381 952 1436 αὐτόθεν
979 1402 1038 1436 τε
1065 1380 1217 1435 αὐτοί
1245 1401 1306 1435 τε
1333 1383 1422 1435 καὶ
1453 1386 1556 1440 πᾶς
1588 1380 1616 1434 6
1649 1376 1827 1448 δῆμος
1856 1381 1956 1445 τῆς
1985 1373 2203 1436 πόλεως
2243 1379 2358 1447 μετ’
2391 1376 2699 1452 εὐφημιῶν,
2735 1378 2820 1433 καὶ
2854 1379 3088 1454 κρότων,
3139 1380 3230 1434 καὶ
3281 1381 3616 1458 σαλπίγγων,

202 1468 284 1521 καὶ
311 1464 612 1542 συμϐάλων
647 1467 918 1544 δημοσίας
947 1472 1245 1546 γενομένης
1275 1468 1516 1545 προόδου
1549 1467 1638 1523 διὰ
1665 1470 1764 1531 τῆς
1789 1471 2002 1540 Χρυσῆς
2034 1465 2246 1539 πόρτης
2274 1464 2579 1540 εἰσάγουσιν
2608 1465 2684 1528 εἷς
2714 1468 2815 1536 τὴν
2852 1466 3126 1542 βασιλίδα.
3162 1469 3448 1543 Γενόμενοι
3482 1469 3540 1526 δὲ
3569 1472 3622 1528 ἐν

199 1561 262 1630 τῇ
289 1558 522 1633 Μεγάλῃ
552 1558 820 1631 ἐκκλησίᾳ
864 1559 1212 1616 Πολύευκτον
1259 1558 1657 1633 παρεσκεύασαν
1709 1556 1801 1611 τὸν
1847 1551 2222 1628 πατριάρχην,
2253 1553 2344 1608 καὶ
2373 1559 2454 1626 τῷ
2488 1554 2758 1630 βασιλικῷ
2788 1556 2946 1612 αὐτὸν
2974 1563 3258 1613 ταινιῶσσι
3289 1557 3614 1634 διαδήματι.

203 1647 386 1725 Στέφει
421 1647 512 1703 οὖν
538 1654 730 1704 τοῦτον
757 1650 785 1704 ὁ
811 1650 1152 1713 Πολύευκτος
1184 1650 1234 1708 ἐν
1267 1655 1346 1722 τῷ
1374 1645 1589 1722 ἄμϐωνι
1618 1650 1718 1712 τῆς
1741 1647 1839 1700 τοῦ
1868 1646 2001 1699 Θεοῦ
2031 1642 2285 1718 Μεγάλης
2313 1641 2603 1714 ἐκκλησίας
2630 1644 2812 1720 ἡμέρα
2869 1643 2926 1702 δὲ
2980 1648 3048 1718 ἦν
3101 1650 3348 1724 Κυριακὴ
3404 1657 3467 1716 ις’
3520 1655 3618 1708 τοῦ

199 1737 514 1812 Αὐγούστου
553 1740 726 1812 μηνὸς
759 1736 1006 1816 ἄγοντος,
1038 1747 1137 1810 τῆς
1173 1741 1216 1804 ς’
1245 1737 1610 1800 ίνδικτιῶνος.

261 1844 618 1910 Ἀποστείλας
679 1843 738 1901 δὲ
786 1847 877 1903 τὸν
933 1847 1175 1923 μοναχὸν
1226 1846 1314 1902 καὶ
1388 1842 1686 1922 σύγκελλον
1738 1842 1839 1896 Ἀν·

2034 1841 2171 1898 Post
2199 1841 2322 1899 haec
2369 1844 2731 1917 Nicephorus
2762 1845 3082 1918 imperator
3119 1848 3438 1904 Antonium
3471 1849 3613 1904 Stu-

1957 1930 2139 1986 ditam
2168 1933 2525 1988 monachum
2541 1938 2599 1990 et
2621 1933 2944 2004 syncellum
2963 1935 3273 2009 mittit,qui
3289 1935 3609 1994 aulaTheo-

1957 2020 2290 2091 phanonem
2347 2022 2556 2078 educat
2594 2028 2652 2078 et
2697 2022 2756 2078 in
2804 2024 3085 2096 palatium
3117 2026 3271 2081 Petri
3319 2026 3602 2083 includat.

194 1934 384 1988 τώνιον
420 1935 513 1989 τὸν
551 1933 848 2006 Στουδίτην
880 1937 980 2005 τὴν
1040 1936 1323 2014 Θεεοφανὼ
1379 1939 1487 1990 τῶν
1552 1929 1842 2009 βασιλείων

193 2018 545 2093 καταϐιϐάζει
575 2025 666 2079 καὶ
699 2024 776 2086 εἲς
807 2026 871 2080 τὸ
903 2024 1166 2080 παλάτιον
1217 2023 1312 2078 τοῦ
1362 2021 1594 2092 Πετρίου
1644 2020 1846 2093 ἐκπέμ-

190 2131 298 2166 πει.
350 2112 488 2167 Μετ’
538 2110 723 2187 ὀλίγον
771 2109 828 2166 δὲ
876 2110 1148 2188 ἐξόριστον
1201 2112 1413 2181 τίθησιν
1467 2110 1556 2165 καὶ
1608 2109 1698 2164 τὸν
1748 2129 1839 2162 πα-

1957 2109 2134 2164 Paulo
2170 2115 2304 2182 post
2334 2111 2659 2183 Josephum
2692 2112 2750 2167 in
2784 2113 3239 2187 Paphlagoniam
3274 2115 3511 2188 relegat,
3545 2120 3604 2172 et

194 2200 846 2279 ρακοιμώμενονἹωσῆφ
879 2199 930 2256 ἐν
987 2200 1362 2278 Παφλαγονίᾳ,
1426 2203 1511 2274 [Ρ.
1571 2200 1699 2272 649]
1755 2196 1844 2252 καὶ

186 2289 337 2352 αὖθις
371 2290 492 2361 μετ’
546 2289 608 2344 οὗ
639 2289 815 2345 πολὺν
848 2291 1046 2366 χρόνον
1085 2284 1433 2364 μεταϐιϐάζει
1492 2283 1542 2344 ἕν
1601 2309 1707 2342 τινι
1745 2308 1846 2361 μο-

185 2378 465 2453 ναστηρίῳ
517 2377 807 2453 λεγομένῳ
876 2383 974 2433 τοῦ
1027 2380 1382 2451 Ἀσηκρῆτις,
1452 2378 1502 2432 ἐν
1563 2383 1678 2440 τοῖς
1736 2383 1844 2432 Πυ-

187 2467 363 2531 θίοις·
427 2469 486 2530 ὅς
533 2468 623 2524 ἐπὶ
674 2466 770 2524 δύο
828 2468 994 2533 ’ὀλους
1053 2470 1225 2526 ἐκεῖσε
1277 2469 1619 2548 ἐνδιατρίψας
1668 2468 1847 2524 ἐνιαυ-

182 2557 305 2619 τοὺς
359 2553 598 2615 ἀπεϐίω,
645 2561 959 2634 Χειροτονεῖ
1017 2558 1074 2615 δὲ
1127 2562 1216 2615 καὶ
1265 2557 1472 2633 Βάρδαν
1502 2560 1595 2615 τὸν
1653 2559 1846 2613 ἐαυτοῦ

183 2647 387 2722 πατέρα
447 2649 706 2724 Καίσαρα.
764 2653 842 2715 Τῆ
902 2648 960 2704 δὲ
1015 2657 1061 2704 κ’
1092 2655 1186 2705 τοῦ
1219 2645 1598 2725 Σεπτεμϐρίου
1652 2648 1843 2721 μηνὸς,

180 2735 238 2790 τὸ
269 2743 625 2812 προσωπεῖον
675 2738 765 2792 καὶ
821 2741 920 2808 τὴν
983 2741 1188 2810 σκηνὴν
1249 2739 1603 2813 ἀποθέμενος,
1664 2736 1845 2813 ἄγεται

180 2824 420 2898 νόμιμον
466 2828 710 2902 γαμετὴν
769 2829 868 2897 τήν
924 2829 1200 2905 Θεοφανώ.
1253 2828 1385 2884 Τότε
1433 2825 1490 2882 δὲ
1532 2827 1622 2882 καὶ
1671 2831 1841 2903 κρεῶν

181 2912 518 2989 ἀπεγεύσατο
554 2959 568 2984 ,
650 2915 914 2991 πρότερον
973 2916 1319 2994 ἀπεχόμενος
1377 2913 1734 2994 κρεωδαισίας
1793 2913 1843 2986 ἐξ

179 3003 300 3057 ὅτου
359 3002 576 3078 Βάρδας
611 3006 639 3060 6
671 3004 730 3060 ἐκ
770 3013 873 3076 τῆς
932 3007 1197 3083 προτέρας
1229 3007 1392 3062 αὐτοῦ
1423 3007 1677 3081 γυναικὸς
1708 3005 1842 3060 ἀπο-

177 3094 388 3168 τεχθεὶς
448 3093 600 3166 αὖτῷ
658 3096 794 3161 υἱὸς,
845 3096 1218 3168 ἱππαζόμενος
1278 3095 1328 3150 έν
1386 3100 1466 3168 τῷ
1521 3092 1693 3167 πεδίῳ
1751 3094 1841 3148 καὶ

1955 2199 2092 2254 inde
2145 2217 2407 2267 rursum,
2441 2218 2558 2256 non
2611 2200 2786 2273 longo
2836 2202 3181 2275 interposito
3230 2209 3512 2277 tempore,
3543 2203 3606 2260 in

1957 2291 2384 2345 monasterium
2432 2290 2489 2345 in
2543 2290 2771 2363 Pythiis
2820 2293 2975 2363 quod
3007 2294 3047 2347 A
3081 2293 3321 2350 secretis
3371 2293 3608 2363 dicitur,

1958 2380 2061 2433 ubi
2091 2378 2142 2433 is
2176 2396 2277 2450 per
2306 2381 2455 2434 duos
2486 2397 2671 2435 annos
2721 2381 2966 2437 tolerata
3013 2381 3133 2438 vita
3163 2383 3328 2438 obiit.
3365 2383 3611 2439 Bardam

1957 2485 2190 2540 quoque
2213 2473 2434 2539 patrem
2462 2485 2636 2523 suum
2667 2473 2948 2525 Caesarem
2972 2471 3448 2527 creat.Vicesima
3470 2473 3613 2544 Sep-

1957 2557 2203 2613 tembris
2236 2559 2328 2612 die
2359 2557 2517 2613 larva
2547 2559 2814 2630 deposita
2845 2576 3084 2615 uxorem
3118 2561 3284 2615 duxit
3311 2561 3611 2634 Theopha-

1957 2647 2360 2703 noncm.Tunc
2392 2651 2450 2702 et
2479 2663 2686 2702 carnes
2717 2647 2993 2718 gu‘stavit,
3029 2666 3062 2705 a
3085 2649 3302 2720 quibus
3324 2649 3612 2707 hactenus

1956 2738 2323 2793 abstinuerat
2353 2738 2425 2792 ab
2475 2754 2540 2792 eo
2586 2743 2869 2809 tempore,
2903 2755 3020 2809 quo
3072 2739 3293 2795 Bardas
3322 2756 3389 2795 ex
3422 2740 3609 2810 priore

1955 2827 2204 2898 conjuge
2254 2825 2411 2881 filius
2460 2826 2672 2898 ipsius,
2706 2826 2767 2880 in
2809 2843 3016 2898 campo
3065 2829 3339 2898 equitans
3385 2833 3606 2885 etcum

1954 2916 2216 2988 patruele
2229 2914 2554 2970 suoPleusa
2566 2916 2976 2983 ludens,hasta
2989 2933 3023 2972 a
3043 2917 3278 2974 nolente
3299 2917 3451 2974 ictus
3475 2934 3606 2990 per-

1954 3005 2040 3061 iit.
2071 3005 2364 3061 Feceritne
2383 3004 2490 3060 hoc
2513 3005 2879 3060 abstinentia
2905 3023 3104 3078 causa,
3132 3024 3204 3062 an
3231 3011 3294 3062 ut
3313 3007 3398 3063 sic
3420 3007 3605 3078 impe-

1953 3101 2178 3151 ratores
2192 3112 2297 3150 sua
2312 3093 2809 3162 conciliacelaret,
2829 3104 3036 3166 praeter
3059 3096 3252 3168 ipsum
3267 3096 3428 3152 solus
3450 3097 3609 3152 novit

174 3186 250 3252 τῷ
305 3181 503 3254 οἷκείῳ
558 3183 908 3258 προσπαίζων
968 3183 1176 3259 ἀνεψίῷ
1241 3190 1319 3258 τῷ
1372 3184 1630 3260 Πλεύσῃ,
1705 3181 1839 3256 μετὰ

1956 3183 2389 3240 Deus.Peractis
2412 3184 2566 3240 352
2593 3201 2666 3238 nu
2680 3184 2884 3255 ptiisin
2903 3201 3049 3239 novo
3063 3185 3133 3239 ad
3150 3184 3431 3256 palatium
3456 3190 3608 3241 tem-

179 3267 405 3343 δόρατος
460 3270 688 3346 βληθεὶς
755 3272 1021 3335 ἀκουσίως
1073 3271 1324 3344 τέθνηκε.
1383 3275 1556 3330 Τοῦτο
1619 3270 1676 3327 δὲ
1733 3269 1840 3327 εἴτε

178 3359 632 3434 ἐγκρατευόμενος
683 3359 852 3416 ἐποίει
909 3359 1015 3416 εἴτε
1066 3362 1157 3417 καὶ
1189 3360 1372 3417 λαθεῖν
1404 3361 1529 3424 τοὺς
1580 3365 1837 3438 κρατοῦν-

175 3469 266 3508 τας
333 3449 786 3520 ὑποκρινόμενος,
877 3449 1044 3521 μόνος
1118 3447 1177 3502 ἂν
1262 3447 1431 3518 εἰδείη
1523 3448 1656 3520 μετὰ
1712 3449 1840 3502 Θεὸν

179 3535 404 3599 ἐκεῖνος.
454 3541 561 3592 Τοῦ
610 3537 792 3613 γάμου
861 3536 918 3592 δὲ
968 3536 1314 3602 τελεσθέντος
1373 3537 1426 3592 ἐν
1464 3541 1532 3611 τῇ
1586 3537 1722 3591 κατᾶ
1775 3537 1837 3590 τὸ

177 3626 440 3682 παλάτιον
502 3627 594 3698 νέᾳ
667 3625 972 3700 ἐκκλησίᾳ,
1032 3626 1248 3704 ἐπείπερ
1318 3624 1563 3701 ἤμελλεν
1627 3622 1835 3687 εἶ’σοδος

173 3715 220 3768 ἐν
296 3721 378 3788 τῷ
453 3715 820 3791 θυσιαστηρίῳ
886 3717 1154 3792 γενέσθαι,
1213 3723 1314 3786 τῆς
1354 3716 1542 3792 χειρὸς
1587 3713 1832 3790 κατέχων

175 3805 328 3860 αὐτὸν
365 3806 394 3860 6
428 3803 768 3866 Πολύευκτος
826 3807 916 3859 καὶ
965 3811 1084 3866 ταῖς
1131 3807 1304 3882 ἱεραῖς
1348 3805 1562 3880 ἐγγίσας
1619 3802 1834 3879 κιγκλί-

176 3915 250 3946 σιν
286 3940 301 3959 ,
362 3893 554 3949 εἴσεισι
612 3896 709 3966 μὶν
766 3893 928 3956 αὐτὸς
988 3893 1064 3956 εἰς
1118 3895 1186 3950 τὰ
1261 3891 1467 3966 ἄδυτα,
1527 3892 1728 3948 ἐκεῖνον
1787 3889 1836 3947 δ’

175 3983 439 4054 ἐξὼθησεν
500 3979 719 4038 ὄπισθεν
755 4028 770 4054 ,
841 3982 1076 4038 ἐπειπὼν
1155 3985 1229 4058 μὴ
1288 3983 1549 4060 πρότερον
1610 4003 1832 4059 συγχω-

173 4074 503 4146 ρηθήσεσθαι
577 4072 737 4127 αὐτὸν
817 4073 893 4137 εἷς
963 4073 1027 4127 τὸ
1103 4074 1483 4147 θυσιαστήριον
1544 4072 1828 4142 εἰσελθεῖν,

171 4161 293 4230 πρὶν
356 4159 418 4215 ἂν
497 4158 713 4232 δέξηται
781 4160 1033 4234 ἐπιτίμια
1092 4159 1636 4238 δευτερογαμούντων
1693 4165 1826 4236 (40)·

172 4249 448 4320 Ἐλύπησε
479 4247 538 4304 δὲ
567 4249 620 4304 ἐν
668 4250 847 4324 τούτῳ
894 4251 984 4305 τὸν
1017 4252 1352 4330 Νικηφόρον,
1402 4251 1494 4305 καὶ
1545 4251 1606 4304 οὐ
1657 4248 1828 4305 διέλι-

171 4360 261 4392 πεν
321 4338 561 4415 ἐγκοτῶν
622 4339 771 4412 αὐτῷ
834 4341 1000 4417 μέχρι
1057 4347 1157 4411 τῆς
1213 4339 1492 4410 τελευτῆς.
1546 4336 1825 4393 Διεδέδοτο

173 4424 226 4482 δὲ
276 4428 366 4481 καὶ
431 4425 595 4502 λόγος
652 4429 1009 4504 ἁπανταχοῦ,
1061 4429 1118 4491 ὅς
1177 4428 1238 4484 οὐ
1301 4433 1510 4505 μικρῶς
1553 4425 1826 4503 διετάραξε

167 4518 263 4583 τήν
314 4514 670 4586 Ἐκκλησίαν,
718 4518 905 4592 ὅτιπερ
954 4519 982 4572 ὁ
1031 4517 1342 4596 Νικηφόρος
1395 4518 1500 4573 ἀπὸ
1541 4523 1637 4572 τοῦ
1667 4519 1823 4592 ἁγίου

1955 3272 2210 3344 plo,cum
2231 3273 2288 3326 in
2306 3272 2709 3328 sanctuarium
2725 3274 3440 3344 essetintrandum,manu
3471 3289 3608 3329 eum

1950 3367 2155 3418 tenens
2188 3360 2550 3434 Polyeuctus,
2585 3365 2648 3415 ut
2679 3361 2749 3416 ad
2782 3377 2982 3417 sacros
3036 3361 3327 3418 cancellos
3356 3366 3601 3418 ventum

1947 3457 2056 3521 est,
2092 3453 2217 3522 ipse
2247 3451 2307 3506 in
2339 3451 2582 3522 adytum
2615 3450 2818 3505 introit
2847 3456 2904 3505 et
2951 3451 3367 3523 imperatorem
3417 3451 3605 3523 repel-

1948 3541 2033 3607 lit,
2067 3543 2267 3612 aitque
2299 3557 2416 3594 non
2447 3541 2862 3594 intromissum
2895 3539 2990 3604 iri,
3025 3541 3372 3613 priusquam
3403 3556 3606 3612 pmnas

1947 3645 2050 3700 pro
2101 3629 2375 3684 secundis
2430 3628 2654 3698 nuptiis
2704 3626 2935 3683 luisset.
2969 3628 3281 3684 Molestum
3331 3629 3441 3684 hoc
3495 3628 3606 3684 fuit

1945 3717 2294 3790 Nicephoro,
2321 3721 2376 3772 et
2402 3718 2472 3772 ad
2505 3719 2684 3771 ﬁnem
2719 3733 2907 3786 usque
2939 3717 3068 3772 vita:
3118 3718 3432 3790 Polyeucto
3465 3733 3599 3774 suc-

1944 3809 2190 3863 censuit.
2225 3806 2538 3860 Dicebatur
2585 3805 2759 3860 etiam
2794 3806 3018 3876 passim
3069 3823 3295 3872 rumor,
3328 3807 3428 3878 qui
3482 3824 3598 3863 non

1942 3898 2183 3967 exiguas
2212 3895 2272 3949 in
2323 3894 2571 3949 ecclesia
2599 3895 2803 3950 turbas
2842 3895 3025 3965 dedit,
3060 3913 3244 3952 unum
3274 3896 3596 3952 liberorum

1938 3983 2395 4057 Theophanonis
2427 3983 2608 4039 fuisse
2630 4001 2663 4038 a
2684 3983 3010 4055 Nicephoro
3042 4000 3072 4039 e
3105 4001 3270 4040 sacro
3303 3984 3596 4058 baptismo

1940 4078 2305 4147 susceptum.
2341 4073 2486 4128 Eum
2551 4077 2612 4128 ut
2661 4073 2988 4145 speciosam
3052 4089 3258 4131 ansam
3308 4074 3596 4147 arripiens

1941 4165 2308 4235 Polyeuctus,
2360 4162 2770 4234 imperatorem
2829 4167 2933 4217 aut
2992 4163 3302 4234 repudiare
3354 4181 3595 4220 uxorem

1931 4255 2104 4326 juxta
2125 4269 2304 4308 sacrm
2326 4251 2766 4306 constitutionis
2791 4251 3199 4324 praescriptum
3225 4253 3435 4309 debere
3457 4271 3595 4309 con-

1937 4341 2230 4408 tendebat,
2263 4344 2364 4393 aut
2393 4339 2641 4395 ecclesia
2672 4340 2988 4396 abstinere.
3023 4345 3214 4412 Atque
3247 4341 3357 4398 hoc
3394 4347 3594 4415 poste-

1935 4432 2058 4487 rius
2089 4429 2222 4486 fecit
2271 4428 2638 4501 Nicephorus
2672 4428 2835 4484 uxori
2868 4429 3128 4485 deditus.
3161 4431 3231 4485 Et
3260 4431 3593 4487 convocatis

1935 4521 2035 4592 qui
2067 4521 2126 4574 in
2159 4519 2302 4574 urbe
2331 4522 2459 4572 tum
2495 4518 2785 4590 peregrini
2819 4522 2985 4573 erant
3013 4518 3305 4592 episcopis
3337 4537 3403 4576 ac
3434 4520 3589 4577 dele-

174 4606 552 4682 βαπτίσματος
583 4604 849 4682 ἀνάδοχος
876 4581 1080 4685 ἐγένετο
1110 4581 1217 4662 τῶν
1244 4581 1343 4677 τῆς
1372 4612 1677 4685 Θεοφανοῦς
1707 4608 1824 4669 ἑνὸς

1951 4609 2044 4665 :tis
2075 4607 2470 4673 senatoribus,
2504 4623 2626 4662 rem
2657 4606 2742 4662 eis
2772 4605 3213 4663 deliberandam
3259 4609 3583 4681 proposuit.

170 4693 396 4753 παίδων.
451 4695 661 4767 Ταύτης
715 4693 771 4750 δὶ
818 4702 917 4766 τῆς
965 4698 1159 4775 φήμης
1209 4698 1282 4758 ὡς
1313 4695 1539 4773 εὐλόγοτ
1572 4697 1824 4775 ἀφορμῆς

170 4783 497 4862 δραξάμενος
529 4785 557 4839 ὁ
589 4783 933 4848 Πολύευκτος
965 4785 1000 4854 ἢ
1028 4787 1367 4861 χωρισθῆναι
1399 4787 1559 4841 αὐτὸν
1609 4786 1822 4858 ἀπεμά-

165 4895 292 4950 χετο
319 4883 426 4945 τῆς
456 4875 711 4950 γυναικὸς
742 4873 880 4929 κατᾶ
925 4876 1015 4929 τὸν
1062 4869 1261 4930 κανόνα
1309 4874 1344 4944 ἢ
1387 4878 1484 4943 τῆς
1535 4873 1826 4946 ἐκκλησίας

167 4965 491 5039 ἀναχωρεῖν.
523 4965 593 5022 ’Ὀ
626 4962 693 5033 δὴ
725 4963 817 5018 καὶ
847 4963 1134 5034 πεποίηκε,
1165 4970 1264 5026 τῖς
1295 4969 1592 5042 Θεοφανοῦς
1638 4963 1825 5040 ἐξεχόο

168 5074 346 5124 μενος.
385 5051 873 5127 Συγκαλεσάμενος
913 5050 971 5108 δὶ
1018 5053 1148 5115 τοὺς
1180 5051 1547 5127 ἐνδημοῦντας
1607 5052 1823 5108 ἐπισκό-

162 5162 292 5203 πους
320 5140 373 5195 ἐν
434 5145 502 5216 τῇ
554 5140 714 5196 πόλει
765 5142 856 5197 καὶ
904 5141 1031 5205 τοὺς
1077 5149 1176 5214 τῆς
1226 5140 1536 5219 συγκλήτου
1569 5141 1828 5220 λογάδας,

165 5230 343 5304 σκέψιν
397 5229 524 5305 περὶ
589 5230 788 5287 τούτου
835 5229 1120 5307 προέθετο.
1173 5233 1374 5297 Πάντες
1422 5229 1480 5287 δὶ
1528 5229 1675 5286 οὗτοι
1735 5237 1831 5288 τοῦ

1935 4699 1976 4755 Ii
2002 4714 2205 4754 omnes
2228 4695 2710 4752 constitutionem
2724 4711 2850 4751 eam
2871 4695 3221 4770 Copronymi
3244 4712 3586 4769 esse,eaque

1935 4787 2347 4860 imperatorem
2400 4802 2515 4841 non
2563 4784 2768 4852 teneri,
2819 4784 3387 4857 pronuntiaverunt;
3423 4785 3585 4843 libel-

1937 4877 2180 4948 lumque
2223 4873 2613 4931 absolutionis
2643 4874 3045 4946 subscriptum
3077 4892 3112 4930 a
3141 4892 3204 4933 se
3255 4875 3367 4948 ipsi
3413 4877 3586 4931 dede-

1939 4971 2096 5022 runt.
2122 4963 2520 5020 Nihilominus
2543 4968 2757 5032 tamen,
2790 4964 3212 5034 tergiversante
3233 4965 3584 5036 patriarcha,

1939 5060 1996 5112 et
2026 5071 2117 5110 res
2149 5070 2346 5109 sacras
2395 5068 2527 5107 cum
2570 5050 2926 5122 imperatore
2975 5067 3321 5107 communes
3373 5052 3590 5108 habere

1940 5147 2270 5207 recusante,
2327 5142 2519 5197 Caesar
2582 5139 2756 5194 ﬁdem
2820 5140 2956 5194 fecit
3014 5141 3410 5212 Nicephorum
3472 5159 3588 5196 non

1940 5235 2124 5290 fuisse
2174 5236 2596 5303 susceptorem.
2631 5228 2743 5284 Sed
2797 5235 2851 5284 et
2898 5227 3199 5302 Stylianus
3241 5230 3588 5303 pontiﬁcum

1363 5361 1734 5419 XYLANDRI
1774 5365 1866 5421 ET
1906 5363 2122 5422 GOARI
2161 5359 2390 5416 NOT/E.

227 5487 340 5559 (10)
372 5487 681 5544 Laudatur
712 5504 745 5544 a
765 5487 984 5544 Graecis
1004 5486 1666 5560 monogamia,bigamia
1687 5487 1828 5546 tole-

164 5565 323 5646 ratur
381 5563 472 5646 et"
499 5561 812 5646 multatur,
839 5559 1109 5646 τριγαμία
1167 5559 1356 5616 invisa
1413 5559 1522 5627 est,
1561 5579 1819 5646 τετραγα-

170 5628 260 5717 μία
281 5631 586 5717 prohibita
604 5635 700 5717 est
711 5628 975 5717 penitus.
1007 5628 1113 5717 Cui
1133 5648 1268 5717 vero
1292 5649 1475 5717 poenae
1491 5628 1822 5717 subjicitur

175 5698 396 5778 διγαῖμία
414 5703 443 5760 7
463 5698 737 5764 biennali
773 5709 1270 5763 sacramentorum
1292 5698 1568 5775 orbitati;
1601 5698 1673 5762 de
1703 5721 1822 5776 qua

1933 5485 2296 5568 Nicephorus
2343 5484 2403 5568 in
2453 5484 2812 5568 Ganpnibus,
2849 5484 3123 5568 Basilius,
3157 5483 3582 5568 Euchologium

1930 5564 1989 5614 et
2015 5556 2330 5628 canonistaa
2357 5556 2869 5614 GraeciRationem
2896 5557 2943 5613 si
2967 5556 3585 5628 quaras,incontinen-

1930 5630 2074 5687 tiam
2107 5627 2384 5684 cohibent
2408 5633 2466 5684 et
2498 5630 2774 5702 puniunt.
2810 5629 2988 5685 Gom.
