4050 6326
505 366 586 427 87
1846 378 2166 440 GEORGII
2210 378 2522 439 GEDREN
2528 380 2551 439 Ι
3842 380 3929 440 88

501 466 893 575 palatinorum
940 499 1213 572 princeps
1244 501 1379 573 (ipsi
1411 511 1796 581 protopapam
1839 513 2090 581 vocant),
2123 528 2143 566 ε

2273 508 2652 584 Κοπρωνύμου
2711 508 2842 563 εἶναι
2892 508 2982 563 τὸν
3034 509 3203 581 νόμον
3253 502 3462 582 ἔλεγον,
3492 508 3580 563 καὶ
3609 504 3727 563 δίον
3758 508 3927 564 αὐτὸν

502 609 618 664 quo
650 607 959 647 emanasse
1008 589 1120 645 iste
1166 607 1370 646 rumor
1420 594 1734 664 ferebatur,
1776 616 1970 654 coram
2004 600 2157 656 353

500 681 748 736 concilio
781 685 839 735 et
887 684 1095 735 senatu
1118 680 1343 750 juravit
1394 700 1454 738 se
1487 702 1674 757 neque
1722 690 1937 744 vidisse
1970 705 2158 761 neque

499 771 777 841 cuiquam
812 768 1029 823 dixisse
1079 770 1230 837 quod
1262 770 1351 825 vel
1383 772 1601 829 Bardas
1657 776 1744 831 vel
1793 778 2157 849 Nicephorus

498 864 653 914 esset
702 860 893 914 factus
939 866 1262 929 susceptor.
1317 860 1665 933 Polyeuctus
1718 883 1874 937 ergo,
1921 866 2158 922 tametsi

497 949 760 1019 pejerare
809 946 1143 1019 Stylianum
1176 952 1333 1005 certo
1388 952 1629 1021 sciebat,
1664 955 1883 1010 crimen
1918 973 2156 1027 compa-

499 1037 792 1093 ternitalis
825 1036 1065 1104 omisit;
1099 1041 1156 1091 et
1185 1039 1287 1108 qui
1319 1047 1452 1096 ante
1484 1044 1732 1114 urgebat
1763 1050 1825 1099 ut
1851 1048 1921 1100 ob
1954 1062 2157 1101 secun-

494 1126 600 1181 das
649 1127 888 1197 nuptias
934 1142 1105 1197 paena
1163 1126 1550 1200 inﬂigeretur,
1581 1132 1632 1186 ei
1676 1149 1909 1205 quoque
1941 1151 2155 1206 magno

496 1212 707 1269 delicto
742 1215 987 1285 ignovit.

2273 600 2347 669 μὴ
2411 596 2767 675 φυλάττεσθαι
2829 595 3077 672 ἔκριναν.
3137 600 3298 655 Τοῦτ’
3352 596 3454 673 ἄρα
3509 601 3598 652 καὶ
3658 593 3926 654 λίϐελλον

2269 687 2505 762 ἀφέσεως
2584 688 2993 763 ὑπογράψαντες
3078 687 3256 759 τούτῳ
3334 684 3741 744 ὶπιδεδώκασιν.
3803 691 3928 743 Ἔτι

2268 774 2338 830 δι’
2395 772 2841 850 ἀναϐαλλόμενον
2901 778 2990 832 τὸν
3051 776 3392 833 Πολύευκτον
3449 785 3779 847 κοινωνῆσαι
3843 783 3930 849 τῷ

2272 864 2542 940 βασιλεῖὸ
2603 869 2803 941 Καῖσαρ
2854 864 3306 942 ἐπληροφόρησεν
3366 866 3440 928 ὡς
3499 867 3600 921 οὐκ
3649 864 3928 941 ἀνάδοχος

2266 953 2504 1028 γέγονεν.
2555 952 2734 1009 ’Λλλὰ
2795 954 2884 1009 xui
2937 953 3230 1016 Στυλιανὸς
3293 955 3320 1008 ὁ
3379 961 3751 1029 πρωτοπαπᾶς
3811 959 3935 1028 (11)

2262 1048 2359 1096 105
2430 1042 2677 1117 μεγάλου
2726 1043 3036 1112 παλατίου,
3099 1046 3148 1117 ἐξ
3213 1044 3274 1098 οὗ
3328 1045 3548 1119 πρώτου
3606 1043 3828 1119 ἐλέγετο
3887 1048 3926 1113 ἡ

2263 1135 2487 1204 τοιαύτη
2540 1137 2698 1212 φήμη
2753 1133 3094 1210 διαδραμεῖν,
3154 1133 3383 1188 ἐνώπιον
3434 1133 3607 1190 ἐλθὼν
3654 1141 3753 1203 τῆς
3800 1156 3927 1189 συν-

2265 1220 2395 1277 ὁδου
2443 1226 2529 1278 καὶ
2562 1228 2662 1289 τῆς
2688 1222 3001 1298 συγκλήτου
3054 1223 3365 1295 ἐξωμόσατο
3413 1225 3541 1295 μήτ’
3593 1222 3723 1279 ἰδεῖν
3784 1226 3929 1296 μήτε

494 1303 631 1377 πρός
661 1323 812 1363 τινας
844 1301 1078 1357 ἀνειπεῖν
1114 1305 1189 1366 ὡς
1220 1300 1320 1380 ἄρα
1353 1304 1562 1379 Βάρδας
1594 1310 1629 1379 ἢ
1663 1311 1998 1387 Νικηφόρως
2030 1309 2300 1386 ἀνάδοχος
2330 1314 2564 1387 γένοιτο.
2595 1315 2656 1371 Ὁ
2683 1311 2739 1368 δὲ
2789 1312 3131 1375 Πολύευκτος
3188 1313 3379 1388 καίπερ
3435 1333 3677 1419 φαγερως
3735 1333 3927 1421 £1110;-

494 1395 690 1421 ...εἰη-,ι
724 1388 884 1421 ,ξ-ὶλ.-
916 1393 1006 1421 _.‘...
1044 1390 1336 1421 v-..\..._.1..
1394 1398 1447 1421 -ὲ
1485 1404 1549 1421 -.γ
1624 1420 1653 1421 κν
1840 1401 1850 1421 ι
2112 1420 2115 1421 ,
2174 1401 2185 1419 ι
2395 1398 2419 1421 »1
2495 1401 2514 1421 \
2552 1405 2563 1421 1
2776 1403 2787 1419 1
2832 1404 2843 1421 c
2944 1403 2984 1421 rx
3109 1402 3121 1421 ς
3270 1403 3279 1419 r
3518 1418 3521 1421 ,

493 1395 692 1445 κοῦντα
724 1388 884 1452 εἰδὼς
915 1393 1006 1445 τὸν
1041 1390 1359 1462 Στυλιανὸν,
1393 1398 1455 1450 τὸ
1483 1404 1583 1465 τῆς
1614 1401 1919 1462 συντεκνίας
1946 1401 2363 1476 συγκεχώρηκεν
2394 1398 2563 1477 ἔγκλή
2577 1424 2670 1475 μα,
2703 1403 2791 1458 καὶ
2824 1404 2851 1457 ὁ
2884 1403 3054 1458 πάλαι
3106 1402 3453 1475 ἐνιστάμενος
3506 1399 3932 1478 δευτερογαμίας

497 1479 771 1553 ἐπιτίμιον
805 1479 1065 1543 ἐπιθεῖναι
1098 1482 1187 1536 καὶ
1218 1482 1279 1536 τὸ
1310 1484 1450 1558 μέγα
1477 1491 1636 1541 τοῦτο
1669 1496 1908 1564 παρῆκεν
1942 1489 2261 1565 ἁμάρτημα.

568 1570 932 1642 Nicephorus
955 1589 1107 1627 anno
1130 1574 1360 1645 imperii
1399 1578 1491 1631 sui
1528 1578 1716 1648 primo
1747 1587 1950 1635 contra
1981 1583 2150 1637 Sara-

496 1675 671 1714 cenos
722 1659 981 1715 Siciliam
1034 1667 1302 1718 tenentes
1332 1666 1548 1721 emittit
1580 1684 1713 1722 cum
1754 1669 1941 1725 classe
1972 1677 2028 1725 et
2058 1688 2153 1726 va-

496 1746 616 1801 lido
642 1748 897 1803 exercitu
924 1750 1261 1806 Manuelum
1296 1755 1631 1825 patricium,
1666 1760 1935 1828 spurium
1962 1760 2150 1815 lilium

494 1836 703 1891 Leonis
720 1837 912 1908 patrui
936 1839 1049 1906 sui,
1085 1840 1184 1910 qui
1210 1843 1572 1900 domesticus
1598 1846 1933 1902 scholarum
1956 1850 2151 1905 dictus

493 1941 527 1981 a
548 1925 812 1981 Romano
856 1928 1085 1983 seniore
1122 1929 1310 1985 oculis
1341 1932 1531 1987 fuerat
1570 1936 1848 1990 orbatus:
1879 1937 2149 1992 dedecori

2333 1577 2651 1658 Νικηφόρος
2727 1580 2785 1636 δὲ
2849 1586 2928 1653 τῷ
3003 1584 3207 1657 πρώτῳ
3264 1585 3363 1646 τῆς
3423 1580 3586 1635 αὐτοῦ
3638 1578 3930 1656 βασιλείας

2262 1667 2366 1724 ἔτει
2425 1669 2688 1744 ἐκπέμπει
2734 1672 2869 1725 κατά
2924 1672 3029 1725 τῶν
3087 1670 3137 1725 ἐν
3201 1668 3425 1741 Σικελίᾳ
3464 1674 3796 1743 Σαρακηνῶν
3832 1672 3929 1725 τὸν

2259 1759 2546 1835 πατρίκιον
2630 1760 2899 1829 Μανουὴλ
2980 1761 3067 1814 καὶ
3137 1760 3293 1823 νόθον
3351 1760 3465 1813 υἱὸν
3533 1757 3920 1833 πατραδέλφου

2259 1847 2422 1902 αὐτοῦ
2478 1848 2732 1918 Λέοντος,
2792 1854 2873 1920 [Ρ.
2906 1852 3033 1922 650]
3092 1854 3186 1903 105
3244 1848 3686 1924 χρηματίσαντος
3741 1846 3915 1921 δομε-

2258 1936 2445 1991 στίκου
2519 1943 2625 1992 τῶν
2704 1936 2926 2013 σχολῶν
3007 1938 3096 1992 xui
3172 1937 3259 1993 ἐπί
3329 1940 3606 2011 Ῥωμανοῦ
3668 1941 3766 1992 105
3822 1940 3908 2013 γὲ-

492 2030 749 2086 namque
773 2016 885 2071 sibi
930 2018 1050 2073 fore
1074 2020 1399 2087 judicabat,
1433 2022 1482 2076 si
1514 2022 1643 2093 ipso
1676 2025 2002 2096 imperante
2032 2032 2138 2081 Ro-

2254 2047 2440 2102 ροντος
2492 2026 2910 2105 τυφλωθὲντος,
2966 2028 3190 2103 στρατὸν
3254 2028 3401 2100 αὐτῷ
3455 2026 3581 2091 δοὺς
3626 2026 3715 2081 καὶ
3776 2027 3902 2081 στό-

493 2118 737 2158 manum
770 2105 1080 2176 imperium
1116 2107 1333 2162 tributa
1366 2108 1671 2167 Saracenis
1711 2112 1976 2169 solveret.
2033 2116 2145 2171 Res

490 2190 629 2263 ipsa
653 2192 915 2263 postulat
950 2200 1012 2249 ut
1042 2200 1575 2269 exponamus,quid
1611 2202 1811 2256 tributi
1841 2206 2145 2259 Saracenis

492 2279 730 2336 solverit
776 2281 1105 2337 Romanum
1141 2283 1474 2356 imperium,
1520 2294 1699 2361 atque
1733 2293 1886 2347 unde
1935 2310 2002 2348 ea
2052 2311 2144 2349 res

494 2367 731 2422 initium
763 2368 1056 2425 habuerit.
1089 2372 1235 2427 Cum
1286 2377 1542 2431 Africani
1578 2378 1849 2435 Saraceni
1897 2386 2145 2453 Syracu-

502 2472 599 2510 sas
632 2457 1277 2531 cepissent,imperante
1307 2464 1523 2521 Basilio
1556 2468 2144 2543 Macedone,reliquas

494 2544 671 2599 etiam
703 2547 876 2602 urbes
894 2556 1247 2618 everterunt,
1270 2558 1390 2608 tota
1412 2552 1607 2611 insula
1638 2558 2143 2631 potiti,solamque

495 2633 855 2691 Panormum
906 2654 1009 2707 pro
1059 2656 1189 2694 arce
1238 2646 1294 2695 et
1344 2645 1707 2715 receptaculo
1760 2649 2138 2719 reliquerunt.

494 2721 634 2777 Inde
653 2725 892 2793 profecti
916 2730 1243 2798 oppositam
1269 2732 1661 2789 continentem
1688 2747 2141 2807 occupaverunt,

498 2810 867 2883 ulteriusque
887 2817 1178 2886 progressi
1210 2817 1435 2874 insulas
1456 2838 1642 2892 usque
1673 2825 1742 2877 ad
1780 2824 2141 2898 Peloponne-

497 2916 629 2954 sum
662 2918 867 2957 omnes
897 2905 1423 2978 vastabant,iisque
1456 2910 1696 2980 potituri
1725 2913 1899 2970 etiam
1934 2934 2139 2987 prOpe-

493 2987 647 3042 diem
678 2990 1229 3056 credebantur.Quaa
1262 3012 1353 3051 res
1379 3014 1511 3052 cum
1544 3003 1793 3068 graviter
1822 3004 2138 3061 sollicitum

491 3082 712 3132 teneret
760 3078 1064 3145 Basilium,
1113 3087 1169 3137 et
1220 3084 1267 3138 is
1316 3094 1600 3155 quaereret
1646 3089 1943 3148 hominem
2009 3096 2142 3152 huic

494 3164 822 3221 ministerio
853 3167 1153 3236 idoneum,
1186 3173 1341 3229 354
1372 3176 1732 3246 Nicephorus
1766 3180 1984 3252 placuit
2038 3202 2139 3255 pa-

494 3252 698 3309 tricius
748 3260 805 3312 et
862 3257 1221 3316 domesticus
1272 3262 1632 3337 scholarum,
1666 3269 1765 3339 qui
1817 3288 2140 3343 cognomen

2255 2112 2349 2169 λον
2412 2116 2748 2191 ἀξιόμαχονο
2817 2114 3028 2189 ἀδοξίαν
3088 2117 3189 2193 γὰρ
3249 2114 3421 2171 ἐδόκει
3479 2111 3899 2191 προστρίϐεσθαι

2254 2204 2449 2276 ἑαυτῷ,
2496 2206 2545 2259 εἷ’
2586 2204 2781 2261 τούτου
2829 2210 3153 2281 κρατοῦντος
3213 2209 3248 2276 ἡ
3299 2206 3584 2278 Ῥωμάίων
3650 2205 3902 2279 βασιλεία

2254 2290 2588 2370 δασμοφορεῖ
2630 2300 2748 2356 τοῖς
2817 2302 3197 2369 Σαρακηνοῖς.
3259 2293 3418 2351 Ἀλλ’
3486 2295 3773 2370 ἀναγκαῖον
3830 2295 3904 2349 εἴ·

2252 2388 2373 2435 πεῖν
2400 2380 2798 2458 ἐπιδραμόντας
2846 2384 2927 2448 τίς
2979 2387 3013 2454 ἡ
3065 2385 3199 2460 πρὸς
3252 2383 3377 2446 τοὺς
3432 2384 3782 2460 Σαρακηνους
3810 2381 3905 2438 δα-

2254 2472 2547 2549 σμοφορία,
2596 2472 2685 2527 xui
2718 2472 2836 2536 ὅθεν
2888 2472 3082 2548 εἴληφε
3128 2476 3227 2543 τὴν
3263 2475 3464 2549 ἀρχήν.
3524 2479 3632 2542 Τῆς
3689 2472 3905 2535 πόλεως

2250 2561 2349 2636 γὰρ
2407 2566 2513 2615 τῶν
2575 2567 2932 2636 Συρακουσῶν
2999 2563 3100 2617 ὑπὸ
3158 2568 3264 2618 τῶν
3325 2561 3375 2617 ἐν
3437 2565 3672 2640 Ἀφρικῇ
3734 2569 3905 2637 Σαραο

2251 2655 2430 2718 κηνῶν
2460 2647 2702 2721 ἀλούσης
2749 2651 2836 2705 ἐπὶ
2890 2656 2996 2705 τῶν
3045 2652 3259 2727 χρόνων
3306 2650 3587 2727 βασιλείου
3635 2656 3732 2707 105
3782 2654 3902 2707 Mu-

2251 2735 2510 2804 κεδόνος,
2589 2739 2677 2793 καὶ
2736 2742 2835 2809 τήν
2895 2738 3031 2811 ὅλην
3092 2738 3288 2811 συνέϐη
3347 2748 3511 2811 νῆσον
3572 2741 3661 2795 ὐπ’
3718 2738 3901 2794 αὐτῶν

2251 2828 2650 2902 κατασχεθῆναι
2699 2828 2787 2883 καὶ
2841 2829 2936 2890 τάς
2997 2829 3164 2898 αὐτῆς
3218 2828 3408 2892 πόλεις
3467 2835 3902 2906 κατασκαφῆναι,

2248 2923 2345 2985 τῆς
2416 2916 2705 2990 Πανόρμου
2785 2917 2955 2990 μόνης
3036 2920 3528 2991 περιποιηθείσης,
3597 2918 3647 2988 ἐξ
3704 2918 3771 2987 ἧς
3824 2919 3904 2978 ὡς

2251 3003 2309 3059 ἔκ
2358 3027 2505 3066 τινος
2557 3006 2907 3083 ὁρμητηρίου
2959 3009 3275 3081 ὁρμώμενοι
3344 3008 3395 3062 0i
3447 3007 3741 3083 Ἀγαρηνοὶ
3799 3008 3903 3077 τὴν

2250 3094 2596 3169 ἀντι-πέραθεν
2644 3102 2745 3167 γῆν
2818 3094 3201 3165 ἐπεκτήσαντο.
3264 3097 3495 3152 Ἐκεῖθεν
3558 3093 3613 3149 δὲ
3672 3093 3906 3172 διαπορ-

2252 3182 2577 3255 θμευόμενοι
2626 3185 2722 3247 τὰς
2768 3187 2965 3255 νήσους
3007 3182 3199 3260 ἐδῄουν
3270 3183 3403 3261 ἄχρι
3460 3183 3906 3259 Πελοποννήσου,

2251 3272 2340 3326 καὶ
2417 3274 2541 3327 ὅσον
2616 3271 2769 3328 οὔπω
2827 3272 3191 3349 προσδόκιμοι
3241 3276 3672 3350 παραστήσεσθαι
3740 3276 3906 3343 ἦσαν.

498 3340 699 3397 Phocea
716 3346 971 3415 gerebat,
989 3349 1141 3417 quod
1162 3349 1403 3419 quidam
1428 3354 1613 3423 ipsius
1638 3340 1929 3427 majorum
1963 3362 2139 3417 rebus

2255 3363 2589 3436 Ἀμηχανῶν
2665 3360 2721 3417 δὲ
2787 3365 2815 3418 ὁ
2871 3340 3151 3438 ¹βασιλεδς
3226 3340 3533 3433 Βασίλειος,
3610 3363 3697 3419 xui
3756 3340 3907 3436 ἀξιον

498 3430 772 3499 praeclare
818 3436 1000 3504 gestis
1059 3439 1250 3492 fuerat
1294 3442 1560 3497 meritus.
1597 3444 1698 3499 Hic
1753 3446 2141 3519 Nicephorus,

498 3517 805 3590 Nioephori
838 3523 1207 3594 imperatoris
1237 3544 1400 3595 avus,
1426 3530 1599 3587 homo
1629 3550 1970 3608 generosus,
2005 3557 2141 3610 pru-

498 3606 643 3663 dens
668 3624 733 3662 ac
757 3610 888 3679 pius
909 3611 967 3667 in
988 3612 1192 3681 Deum,
1225 3622 1280 3671 et
1299 3634 1436 3689 erga
1458 3619 1726 3678 homines
1749 3624 1972 3695 justus,
2006 3644 2139 3683 cum

494 3696 748 3752 exercitu
779 3699 837 3753 in
870 3700 1128 3757 Siciliam
1161 3707 1479 3778 profectus,
1504 3710 1658 3765 brevi
1688 3717 1971 3786 temporis
2002 3734 2142 3789 spa-

494 3783 573 3839 tio
606 3784 773 3842 Italia
800 3792 1118 3847 Saracenos
1144 3795 1384 3864 expulit,
1417 3801 1716 3871 coegitque
1746 3783 1845 3859 eos
1894 3812 1957 3859 ut
1988 3783 2054 3861 se
2080 3806 2138 3861 in

490 3872 691 3930 Sicilia
741 3879 1129 3938 continerent.
1165 3883 1381 3940 Ferunt
1412 3887 1586 3943 Italos
1640 3890 1775 3946 huic
1807 3893 1926 3949 viro
1957 3896 2137 3950 aedem

490 3963 762 4031 posuisse
784 3966 853 4021 ad
879 3974 1223 4040 perpetuam
1248 3973 1477 4029 virtutis
1500 3977 1627 4046 ejus
1650 3981 2138 4049 memoriam,non

492 4050 620 4107 ideo
654 4057 885 4109 tantum
919 4059 1071 4126 quod
1103 4076 1201 4114 eos
1233 4059 1623 4132 liberavisset,
1657 4070 1757 4123 sed
1790 4077 1846 4124 et
1876 4072 1947 4126 ob
1980 4072 2139 4128 aliud

494 4140 872 4196 memorabile
902 4143 1143 4200 factum.
1174 4149 1403 4205 Etenim
1452 4152 1698 4210 Romani
1729 4159 1970 4214 domum
2005 4178 2138 4217 cum

492 4226 732 4282 ductore
763 4246 869 4283 suo
892 4235 1180 4289 reversuri
1212 4239 1429 4295 multos
1454 4241 1732 4299 Italorum
1757 4249 2140 4319 comprehen-

493 4315 875 4389 derant,quos
888 4320 1159 4378 volebant
1176 4324 1233 4379 in
1250 4329 1588 4386 servitutem
1608 4350 1808 4389 secum
1826 4337 1936 4392 abd
1949 4356 2135 4395 ucere.

494 4403 573 4459 Re
596 4412 893 4476 comperta
918 4409 1302 4482 Nicephorus,
1338 4416 1483 4472 nihil
1508 4420 1708 4477 dicens
1731 4441 1917 4495 neque
1954 4426 2136 4483 ullam

489 4494 830 4563 suspicandi
880 4502 1247 4558 occasionem
1307 4509 1591 4576 praebens,
1631 4518 1693 4565 ut
1743 4516 2136 4571 Brundusium

490 4584 580 4636 est
613 4589 951 4652 perventum
985 4588 1141 4659 (inde
1172 4594 1327 4649 enim
1378 4602 1545 4651 erant
1586 4598 1643 4652 in
1692 4601 1981 4672 Illyricum
2014 4610 2137 4661 tra-

481 4668 879 4744 jecturi),ipse
904 4692 1383 4752 unumquemque
1415 4683 1851 4745 classiariorum
1884 4694 2138 4766 singula-

489 4758 596 4814 tim
629 4760 686 4814 in
721 4762 915 4819 navim
948 4765 1173 4837 ingredi
1214 4770 1398 4841 jussit
1423 4778 1480 4827 et
1510 4778 1810 4846 trajicere;
1848 4786 2024 4854 atque
2055 4785 2138 4840 sic

492 4848 669 4905 Italos
701 4848 760 4905 in
801 4852 969 4909 Italia
1017 4856 1271 4927 reliquit.
1308 4865 1514 4916 Pacata
1563 4866 1769 4921 exinde
1818 4848 1945 4925 l’uit'
1976 4872 2140 4929 Italia

494 4953 681 5009 usque
717 4940 789 4995 ad
821 4940 1137 5014 imperium
1171 4948 1537 5005 Constantini
1572 4955 2054 5031 Porphyrogeniti
2083 4969 2140 5020 et

490 5026 696 5083 matris
753 5031 899 5101 ejus.
942 5034 1091 5089 Tum
1151 5052 1387 5094 rursum
1440 5044 1711 5100 Saraceni
1766 5048 2139 5121 insurgentes

492 5114 722 5172 Italiam
750 5121 986 5176 nemine
1010 5124 1356 5193 prohibente
1378 5128 1755 5191 infestarunt.
1788 5142 1859 5192 Et
1889 5114 2138 5211 impera-

487 5206 642 5261 tores
676 5207 1207 5269 animadvertentes
1238 5233 1299 5270 se
1335 5234 1448 5274 non
1481 5238 1649 5291 pares
1697 5241 1827 5281 esse
1867 5226 2018 5282 bello
2060 5229 2138 5283 si-

488 5293 608 5348 mul
642 5300 844 5350 contra
875 5298 1188 5359 orientales
1219 5310 1275 5359 et
1300 5313 1503 5364 contra
1542 5314 1933 5371 occidentales
1967 5317 2136 5372 Sara-

488 5396 663 5437 cenos
694 5388 968 5458 gerendo,
1001 5395 1324 5461 praesertim
1360 5402 1529 5469 rupto
1559 5401 1707 5458 355
1739 5405 1860 5472 jam
1897 5406 2072 5462 etiam
2105 5424 2139 5462 a

2257 3451 2528 3525 ὑπηρέτην
2598 3451 2872 3522 ἀναζητῶν
2945 3460 3045 3522 τῆς
3111 3453 3366 3523 τοιαύτης
3425 3452 3750 3529 ὑπηρεσίας,
3808 3455 3907 3507 τὸν

2251 3540 2531 3614 πατρίκιον
2607 3537 2778 3616 ἔκρινε
2842 3543 3157 3617 Νικηφόρον
3235 3542 3325 3596 καὶ
3403 3538 3722 3614 δομέστικον
3791 3545 3905 3594 τῶν

2253 3627 2496 3703 σχολῶν,
2548 3628 2861 3702 ἐπωνυμίαν
2921 3631 3150 3708 φέροντα
3203 3634 3299 3685 105
3359 3635 3547 3698 Φωκᾶ,
3589 3629 3693 3684 ἀπό
3758 3650 3910 3693 τινος

2248 3723 2354 3772 τῶν
2397 3717 2681 3792 προγόνων
2715 3720 2879 3773 αὐτοῦ
2910 3719 3343 3793 ἀριστεύσαντος,
3380 3721 3605 3779 Πάππος
3638 3719 3664 3772 ὁ
3723 3724 3897 3789 Νικη-

2251 3806 2417 3883 φόρος
2448 3809 2510 3877 ἦν
2541 3812 2637 3862 τοῦ
2690 3806 2957 3882 βασιλέως
3001 3808 3336 3883 Νικηφόρου,
3374 3808 3506 3881 ἀνὴρ
3538 3806 3782 3882 γενναῖός
3839 3828 3905 3861 τε

2246 3894 2336 3948 καὶ
2395 3896 2632 3964 συνετὸς,
2684 3896 2751 3950 τὰ
2780 3902 2914 3972 πρὸς
2947 3897 3074 3952 Θεόν
3134 3918 3192 3951 τε
3247 3892 3472 3965 εὐσεϐὴς
3524 3896 3611 3950 xui
3670 3895 3734 3949 τὰ
3764 3896 3908 3969 πρὸς

2248 3982 2566 4058 ἀνθρώπους
2596 3982 2824 4047 δίκαιος.
2858 3986 3027 4047 Οὗτος
3063 3985 3193 4059 μετά
3221 4007 3364 4048 τινος
3398 3990 3627 4060 στρατοῦ
3655 3983 3729 4046 εἷς
3763 3985 3905 4041 Ἰτα-

2250 4070 2368 4125 λίαν
2418 4075 2737 4147 περαιωθεὶς
2789 4072 2939 4136 ἐντὸς
2989 4074 3177 4150 ὀλίγου
3224 4073 3353 4136 τοὺς
3398 4071 3749 4147 Σαρακηνοὺς
3799 4080 3905 4143 τῆς

2250 4158 2481 4222 Ἰταλίας
2516 4160 2763 4230 ἀπήλασε
2788 4161 2878 4216 καί
2910 4162 2960 4216 ἐν
2996 4162 3223 4233 Σικελίᾳ
3252 4164 3285 4231 ἡ
3321 4163 3570 4238 συχάζειν
3600 4163 3901 4235 ἠνάγκασε.

2246 4248 2448 4303 Τούτου
2498 4254 2592 4303 τοῦ
2642 4248 2835 4327 ἀνδρὸς
2876 4254 2961 4305 καὶ
2996 4253 3121 4307 ναὸν
3155 4252 3369 4327 λέγεται
3403 4248 3742 4324 δομήσασθαι
3773 4248 3909 4310 τοὺς

2249 4338 2487 4399 Ἰταλοὺς
2549 4339 2625 4402 εἰς
2677 4343 2896 4413 μνήμην
2950 4339 3187 4411 ἄληστοθ
3229 4347 3329 4409 τῆς
3362 4340 3527 4394 αὐτοῦ
3558 4339 3772 4414 ἀρετῆς,
3837 4340 3904 4393 05

2249 4424 2337 4481 διά
2366 4429 2465 4496 τὴν
2497 4426 2805 4504 ἐλευθερίαν
2842 4430 3036 4501 μόνην,
3088 4428 3231 4484 ἀλλά
3260 4429 3348 4484 καὶ
3382 4426 3451 4483 δι’
3504 4426 3687 4497 ἕτερον
3735 4422 3901 4500 ἔργον

2247 4518 2633 4594 ἀξιαφήγητον·
2695 4519 2761 4575 Oi
2808 4519 2909 4594 γὰρ
2968 4519 3232 4590 Ῥωμαῖοι
3289 4517 3338 4571 ἐν
3396 4522 3476 4591 τῷ
3536 4514 3755 4589 μέλλειν
3813 4515 3903 4570 οἳ-

2246 4602 2374 4660 καδε
2433 4606 2783 4684 ὑποστρέφειν
2852 4608 2985 4680 μετά
3040 4612 3135 4661 105
3186 4612 3333 4685 σφῶν
3393 4610 3696 4682 στρατηγοῦ
3749 4602 3901 4659 πολ-

2250 4695 2377 4757 λοὺς
2432 4702 2539 4749 τῶν
2610 4696 2831 4752 Ἰταλῶν
2907 4698 3273 4771 κατασχόντες
3346 4692 3600 4750 ἔσπευδον
3661 4692 3902 4757 δούλους

2250 4785 2325 4846 εἷς
2380 4787 2477 4852 την
2541 4786 2761 4860 περαίαν
2791 4780 3123 4840 διαϐιϐάσαι·
3186 4784 3247 4839 οὗ
3303 4784 3659 4860 γνωσθέντος,
3723 4781 3899 4856 μηδὲν

2247 4872 2391 4935 ὅλως
2424 4874 2651 4929 εἷ’πὼνὸ
2711 4874 3023 4949 Νικηφόρος
3084 4871 3211 4947 μηδ’
3271 4874 3518 4929 ὑπόνοιαν
3548 4895 3668 4928 τινα
3732 4869 3905 4927 δεδωι

2247 4965 2355 5026 κὼς
2413 4965 2519 5039 πρὸ
2576 4968 2671 5018 τοῦ
2731 4964 2781 5018 ἐν
2858 4963 3153 5039 Βρεντεσίῳ
3226 4965 3464 5040 γενέσθαι
3518 4962 3739 5037 (ἐκεῖθεν
3793 4963 3902 5039 γὰρ

2248 5050 2480 5124 ἔμελλον
2542 5052 2676 5127 πρὸς
2732 5052 2831 5120 τήν
2890 5049 3167 5127 Ἰλλυρίδα
3214 5049 3533 5127 διαπερᾷν)’
3591 5051 3666 5112 ὡς
3725 5049 3903 5103 ἐκεῖσε

2247 5140 2514 5215 ἐγένοντο,
2549 5140 2707 5203 αὐτὸς
2761 5138 2830 5195 δι’
2879 5141 3069 5195 ἑαυτοῦ
3119 5136 3340 5195 ἕκαστον
3392 5145 3497 5195 τῶν
3550 5142 3900 5211 στρατιωτῶν

2248 5225 2555 5302 ἐμϐιϐάζων
2623 5236 2739 5292 τοῖς
2816 5228 3037 5293 πλοίοις
3118 5233 3282 5305 περᾷν
3359 5227 3738 5303 παρεσκεῦαξε,
3805 5228 3903 5280 καὶ

2249 5316 2391 5372 οὕτω
2420 5319 2546 5381 τοὺς
2575 5318 2879 5395 ,ἐγχωρίους
2911 5317 3054 5373 εἷίασε
3082 5321 3180 5387 τήν
3242 5319 3441 5373 ἑαυτῶν
3497 5318 3684 5393 χώραν
3724 5312 3907 5379 ἀδεῶς

2246 5414 2538 5464 κατοικεῖν.
2628 5407 2929 5464 Διετὲλεσεν
3016 5407 3107 5463 οὖν
3187 5406 3537 5483 εἷρηνεύουσα
3592 5408 3626 5475 ἡ
3687 5400 3905 5459 Ἰταλία

1686 5529 2047 5588 XYLANDRI
2089 5532 2178 5591 ET
2218 5534 2434 5590 GOARI
2472 5535 2703 5591 NOTIE.

559 5608 671 5680 (11)
694 5612 1088 5701 Ιισῖσειςςςίανειῃι¹
1120 5622 1333 5701 palatii
1354 5624 1841 5701 archipresbyten
1864 5630 2135 5701 Speciose

2238 5633 2551 5707 principem
2599 5634 2755 5691 facit.
2787 5640 3100 5693 Strenuum
3154 5635 3439 5707 pontificii
3488 5630 3741 5689 nominis
3771 5631 3901 5687 vin-

487 5678 574 5735 do'
592 5678 661 5736 eo
691 5682 953 5757 loquitur
980 5678 1299 5761 Xylander,
1314 5697 1370 5749 et
