4050 6326
173 381 251 443 89
1311 381 1859 445 HISTORIARUM
1905 381 2459 445 COMPENDIUM.
3511 383 3593 444 90

182 510 340 586 μέχρι
399 514 511 566 τῶν
570 511 786 588 χρόνων
839 517 938 568 τοῦ
997 515 1518 591 ῐιορφυρογεννήτου
1549 521 1826 569 Κωνσταν-

1941 513 2211 587 Bulgaris
2227 515 2457 584 fcedere,
2475 531 2677 587 pacem
2701 530 2835 571 cum
2858 513 3261 570 Siciliensibus
3283 514 3592 571 Saracenis

174 601 321 654 τίνου
370 599 463 655 καὶ
511 608 615 670 τῆς
672 601 836 658 αὐτοῦ
886 598 1115 678 μητρός·
1151 602 1233 657 ἐπ’
1282 602 1496 658 ἐκείνων
1550 601 1607 658 δὲ
1663 605 1828 661 πάλιν

176 689 485 759 κινηθέντες
515 692 568 744 οἱ
599 692 906 767 Σαρακηνοὶ
941 689 1170 765 μηδενὸς
1214 690 1524 755 κωλύοντος
1565 695 1663 762 τήν
1697 697 1831 753 Ἰτα-

177 777 294 832 λίαν
354 780 714 856 κατέτρεχον.
767 779 1079 843 Συνιδόντες
1119 780 1208 836 οὖν
1265 783 1315 836 οἱ
1377 787 1698 855 κρατοῦντες
1756 785 1828 848 ὡς

172 867 269 942 of);
306 869 422 923 οἷοί
450 869 510 924 τέ
541 867 643 924 εἶσι
673 870 808 944 πρός
847 892 906 926 τε
949 870 1077 933 τοὺς
1125 871 1295 944 έῴους
1351 873 1698 948 Σαρακηνοὺς
1739 874 1829 929 καὶ

170 958 305 1032 πρὸς
336 959 469 1022 τοὺς
502 959 783 1035 ἑσπερίους
819 960 1085 1036 ἀντέχειν,
1114 958 1225 1032 ἤδη
1285 961 1372 1016 καὶ
1420 966 1527 1016 τῶν
1587 961 1827 1039 Βουλγά-

172 1068 275 1121 ρων
316 1048 419 1112 τὰς
468 1046 704 1111 σπονδάς
750 1047 1086 1120 λελυκότων,
1137 1049 1449 1114 σπείσασθαι
1507 1051 1829 1126 έγνώκεισαν

174 1136 306 1207 μετᾶ
364 1141 480 1191 τῶν
551 1137 604 1192 ἐν
667 1137 891 1210 Σικελίᾳ
956 1144 1312 1215 Σαρακηνῶν.
1374 1142 1656 1216 Ἐγένοντο
1738 1140 1828 1196 οὖν

172 1226 446 1300 σύμφωνα
506 1224 578 1280 δι’
630 1227 930 1292 Εύσταθίου
986 1233 1083 1283 τοῦ
1128 1230 1434 1304 στρατηγοῦ
1491 1226 1828 1306 Καλαϐρίας,

171 1315 286 1376 ἐνὸς
349 1311 511 1372 ὄντος
571 1320 677 1370 τῶν
733 1317 1030 1393 βασιλικῶν
1079 1315 1515 1392 θαλαμηπόλων,
1550 1318 1630 1396 ἐφ’
1661 1320 1706 1392 ᾦ
1738 1317 1829 1374 δα-

174 1403 308 1475 σμὸν
339 1402 562 1474 ἐτήσιον
595 1401 838 1470 δίδοσθαι
889 1412 1004 1470 τοῖς
1054 1413 1395 1484 Σαρακηνοῖς
1447 1408 1676 1483 χρυσίου
1735 1429 1832 1484 χι-

173 1489 364 1554 λιάδας
419 1494 530 1568 κβ’.
591 1496 672 1568 [Ρ.
729 1498 858 1569 651]
917 1498 1226 1570 Γενομένων
1286 1495 1344 1551 δὲ
1400 1501 1508 1552 τῶν
1551 1497 1832 1562 ,σπονδῶν

171 1581 430 1652 Ἰωάννην
465 1582 748 1656 πατρίκιον
793 1584 884 1638 τὸν
949 1584 1181 1656 ἐπίκλην
1241 1585 1583 1655 Μουζάλωνα
1639 1607 1829 1662 στρατ-

171 1671 306 1745 ηγὸν
366 1677 471 1740 τῆς
541 1666 866 1746 Καλαὸρίας
947 1669 1356 1751 προύϐάλοντο,
1415 1677 1476 1737 ὃς
1562 1681 1834 1753 φορτικῶς

173 1759 468 1835 κατάρχων
546 1765 654 1816 τῶν
734 1759 1024 1838 ἐγχωρίων
1116 1764 1206 1818 ὑπ’
1263 1762 1439 1819 αὐτῶν
1524 1765 1827 1843 ἀπεσφάγη,

175 1850 696 1954 προσχωρησάντων
727 1855 807 1925 τῷ
850 1851 980 1927 ρηγὶ
1031 1847 1429 1928 Λογγιϐαρδίας
1478 1851 1829 1932 Δανδούλφῳ,
1862 1891 1910 1956 Β

173 1940 460 2011 Ῥωμανοῦ
521 1943 617 1994 τοῦ
671 1941 926 2016 γέροντος
978 1943 1096 2016 ἄρτι
1148 1942 1214 1997 τά
1270 1950 1517 2018 σκῆπτρα
1563 1945 1832 2019 κατέχον-

175 2048 264 2087 τος
317 2028 632 2100 Ῥωμαίων.
687 2030 801 2108 Ὑφ’
857 2030 918 2084 οὗ
985 2033 1256 2108 συμιρέρον
1339 2032 1601 2105 ἐνομίσθη
1681 2053 1835 2108 στρα-

176 2116 375 2177 τιώτας
429 2125 746 2195 πεμφθῆναι
839 2120 974 2193 μετὰ
1045 2125 1202 2193 νεῶν,
1252 2122 1312 2175 τὸ
1380 2121 1682 2198 ἀπόρραγεν
1736 2125 1834 2191 τῆς

178 2202 448 2275 ὁλότητος
528 2207 688 2282 μέρος
756 2207 1224 2274 ἐπανασὼσασθαι.
1299 2213 1701 2287 Προσεπέμφθη
1775 2211 1833 2266 δὲ

183 2299 400 2366 Κοσμᾶς
463 2295 748 2370 πατρίκιος
807 2296 1252 2367 Θεσσαλονικεὺς,
1299 2299 1578 2375 γνώριμος
1630 2300 1702 2354 ὣν
1755 2306 1834 2373 τῷ

181 2381 520 2461 Δανδούλφῳ
551 2387 686 2458 (12).
721 2387 823 2441 Καὶ
876 2388 1199 2462 περαιωθεὶς
1254 2389 1411 2451 οὗτος
1473 2389 1547 2450 εἷς
1600 2389 1830 2447 Ἰταλίαν

175 2474 263 2527 καὶ
329 2478 414 2546 τῷ
486 2473 822 2553 Δανδούιιφῳ
872 2475 1142 2550 συμμίξας
1201 2478 1428 2552 παρῄνει
1495 2479 1830 2554 ἀποσχέσθαι

177 2568 275 2630 τῆς
332 2563 528 2638 χώρας
585 2565 873 2636 Ῥωμαίων
927 2566 1017 2620 καὶ
1088 2571 1166 2639 τῷ
1244 2568 1460 2642 βασιλεῖ
1521 2567 1831 2646 συμφιλιω-

182 2659 338 2719 θῆναι
398 2654 486 2707 καὶ
532 2653 650 2707 ἀντὶ
705 2652 982 2727 πολεμίου
1043 2655 1202 2734 φίλον
1264 2657 1422 2712 αὐτὸν
1467 2664 1693 2726 ποιῆσαι
1742 2659 1831 2712 καὶ

181 2740 506 2816 σύμμαχον.
563 2743 1028 2817 Ἀπαναινομένου
1077 2743 1132 2799 δὲ
1177 2745 1374 2800 τούτου
1429 2747 1491 2800 τὸ
1529 2751 1769 2821 πρῶτον,
1802 2748 1831 2802 ’ὀ

178 2837 398 2903 an-r122:
458 2831 598 2906 ἀνὴρ
667 2834 934 2910 φρόνιμος
993 2831 1064 2888 ὢν
1125 2835 1213 2889 καὶ
1276 2835 1516 2900 συνετός·
1585 2859 1607 2886 α
1665 2838 1830 2910 Ἐμοὶ

179 2919 294 2989 μὶν,
325 2920 446 2974 εἶπε
485 2921 621 2995 πρὸς
664 2922 756 2976 τὸν
809 2919 1174 3001 Δανδοῦλφον,
1206 2924 1370 2999 χρέος
1416 2923 1482 2991 ἦν
1531 2926 1598 2980 τὰ
1651 2928 1828 2997 σωτή-

174 3027 261 3078 ρια
312 3004 726 3080 συμϐουλεῦσαι
783 3015 862 3083 τῷ
911 3011 1076 3090 φίλῳ⁶
1105 3013 1167 3068 Εἰ
1226 3011 1272 3068 δ’
1321 3013 1480 3076 αὐτὸς
1541 3015 1827 3081 πεισθῆναί

179 3117 268 3167 μοι
332 3098 401 3152 οὐ
469 3097 646 3161 Θέλεις
719 3101 786 3154 τὰ
861 3098 1121 3171 λυσιτελῆ
1199 3098 1652 3176 συμϐουλεύοντι,
1708 3103 1831 3158 τότε

1944 621 2292 676 componere
2324 610 2677 660 statuerunt.
2715 608 3070 676 Pactumque
3101 608 3210 669 est,
3246 610 3446 672 agente
3470 621 3590 658 rem

1944 695 2206 750 Eustatio
2261 694 2536 749 Calabria:
2597 693 2889 764 praefecto,
2931 710 3045 747 uno
3092 693 3161 747 de
3219 693 3593 763 imperatoris

1942 783 2338 850 cubiculariis,
2383 789 2446 838 ut
2475 783 2777 839 Saracenis
2807 785 3087 839 darentur
3119 782 3322 837 tributi
3355 781 3592 837 nomine

1943 874 2258 945 quotannis
2290 889 2600 928 aureorum
2632 875 2701 926 22
2733 873 2914 928 milia.
2948 873 3210 927 Firmata
3239 888 3379 944 pace
3408 871 3590 927 Joan-

1940 979 2068 1019 nem
2099 962 2406 1034 patricium
2459 968 2845 1034 cognomento
2892 960 3254 1016 Muzalcnem
3313 960 3588 1016 Calabriae

1939 1053 2341 1123 praifecerunt.
2378 1052 2432 1106 Is
2457 1063 2590 1106 cam
2626 1067 2686 1105 se
2720 1051 3097 1121 imperiosius
3131 1050 3189 1104 in
3223 1051 3494 1105 subditos
3521 1065 3591 1119 ge

1941 1147 2113 1207 reret,
2145 1146 2234 1196 est
2263 1141 2335 1196 ab
2366 1141 2437 1196 iis
2475 1140 2838 1204 interfectus,
2893 1144 3069 1210 atque
3113 1139 3152 1193 ii
3205 1156 3268 1194 se
3300 1139 3592 1194 dederunt

1940 1228 2288 1301 Dandulpho
2322 1230 2436 1301 regi
2471 1229 2894 1300 Longihardize,
2938 1245 3069 1282 cum
3111 1229 3238 1298 jam
3286 1228 3586 1283 Romanus

1941 1319 2138 1375 senior
2165 1318 2482 1390 imperium
2522 1318 2862 1391 accepisset.
2924 1317 3027 1373 Hic
3088 1318 3386 1372 Romanus
3445 1315 3588 1372 utile

1941 1409 2171 1464 censuit
2195 1413 2258 1463 ut
2277 1407 2460 1463 missa
2480 1407 2667 1463 classe
2686 1424 2821 1479 pars
2845 1407 3078 1479 imperii
3101 1406 3324 1462 amissa
3345 1419 3585 1476 recupe-

1941 1496 2506 1552 raretur.Praamittit
2537 1500 2728 1552 tamen
2753 1497 3024 1553 Cosmam
3058 1495 3365 1568 patricium
3399 1495 3590 1550 Thes-

1939 1587 2386 1656 salonicensem,
2422 1591 2624 1641 notum
2659 1586 3027 1658 Uandulpho.
3063 1588 3117 1641 ls
3157 1602 3292 1641 cum
3325 1585 3588 1654 traiecis-

1940 1680 2029 1731 set
2059 1677 2117 1729 in
2151 1675 2400 1741 Italiam,
2420 1692 2553 1730 cum
2584 1675 2935 1746 Dandulpho
2966 1674 3288 1729 collocutus
3317 1673 3587 1729 hortatur

1943 1769 2008 1820 ut
2038 1781 2072 1820 a
2100 1765 2494 1820 Romanorum
2530 1764 2748 1819 ditione
2795 1764 3090 1819 abstineat
3135 1770 3192 1818 et
3233 1780 3368 1819 cum
3397 1761 3589 1832 impe-

1943 1860 2133 1909 ratore
2165 1854 2353 1909 foedus
2385 1854 2559 1917 ineat,
2591 1869 2845 1924 eumque
2871 1869 2972 1922 pro
3004 1853 3169 1907 hoste
3202 1852 3457 1907 amicum
3484 1867 3588 1922 po-

1942 1944 2060 1999 tius
2090 1943 2431 2014 sociumque
2460 1942 2571 1998 sibi
2605 1941 2898 1997 conciliet.
2935 1941 3284 2012 Daudulpho
3331 1941 3588 2012 primum

1943 2037 2227 2088 renuente
2257 2032 2520 2100 Cosmas,
2555 2036 2615 2084 ut
2677 2037 2802 2086 erat
2833 2031 3008 2085 homo
3071 2031 3346 2100 prudens,
3387 2049 3408 2076 ι
3446 2029 3589 2084 Mihi

1941 2123 2199 2194 quidem,
2232 2121 2444 2191 inquit,
2481 2135 2718 2175 necesse
2763 2125 2888 2174 erat
2937 2118 3160 2173 homini
3210 2117 3398 2172 amico
3445 2133 3588 2189 sug-

1940 2227 2140 2283 gerere
2170 2209 2480 2265 consilium
2515 2207 2897 2264 salulare.Cui
2933 2209 2982 2262 si
3017 2213 3077 2262 tu
3106 2224 3308 2278 parere
3340 2223 3456 2262 non
3478 2206 3588 2274 vis,

1941 2301 2234 2373 experiere
2266 2299 2480 2355 falsum
2513 2297 2692 2353 animi
2725 2305 2781 2352 te
2811 2297 3131 2352 admodum
3157 2297 3360 2366 fuisse,
3391 2295 3490 2351 ubi
3531 2299 3590 2350 te

1941 2395 1996 2446 et
2011 2390 2306 2446 nationem
2331 2393 2512 2443 totam
2533 2388 2593 2442 in
2620 2404 2916 2444 summum
2937 2386 3253 2442 adduxeris
3271 2386 3582 2440 discrimen

1940 2486 1996 2536 et
2021 2479 2212 2549 impar
2241 2483 2359 2533 tam
2392 2476 2644 2549 potentis
2675 2475 2907 2546 imperii
2939 2475 3160 2530 viribus
3193 2473 3589 2530 subsistendis

1940 2569 2010 2624 de
2041 2568 2218 2622 rebus
2247 2566 2368 2622 tuis
2420 2564 2838 2636 desperaveris.
2889 2587 2915 2614 ››
2971 2562 3382 2635 Dandulphus,
3431 2564 3586 2619 356

1940 2657 2272 2727 intelligens
2289 2657 2557 2712 Cosmam
2592 2660 2744 2708 recte
2759 2652 3241 2724 monere,accipit
3270 2653 3583 2708 consilium

1941 2751 1999 2801 et
2028 2745 2218 2801 l‘mdus
2237 2746 2338 2800 icit
2361 2761 2375 2798 :
2396 2744 2664 2798 hortatur
2692 2742 2868 2797 etiam
2904 2742 3198 2812 principes
3223 2740 3582 2812 reliquarum

1940 2851 2068 2907 quae
2096 2835 2428 2890 defecerant
2459 2831 2913 2903 provinciarum,
2958 2834 3022 2884 ut
3051 2831 3123 2885 ad
3185 2829 3436 2902 priorem
3492 2847 3584 2884 re-

1939 2926 2117 2980 deant
2145 2929 2361 2979 statum
2418 2937 2714 2991 suumque
2767 2920 3178 2991 imperatorem
3240 2924 3583 2991 agnoscant.

1941 3014 2039 3069 His
2069 3013 2216 3070 actis
2248 3028 2456 3067 rursus
2489 3012 2546 3066 in
2579 3009 2746 3066 Italia
2775 3026 2842 3065 ae
2881 3009 3272 3080 Longihardia
3303 3009 3421 3065 alta
3476 3025 3586 3080 pax

1939 3107 2082 3159 erat.

169 3187 348 3258 τιώση
405 3193 506 3256 τῆς
562 3185 826 3257 ἀληθείας
885 3185 1260 3264 διαμαρτήσας
1317 3193 1452 3246 κατὰ
1509 3191 1678 3264 πολὺ,
1713 3193 1836 3247 ὅταν
1894 3189 2111 3246 σεαυτόν
2161 3209 2220 3244 τε
2269 3187 2357 3242 καὶ
2413 3187 2477 3242 τὸ
2544 3184 2694 3248 ἔθνος
2757 3187 2896 3239 ἅπαν
2943 3190 3062 3246 τοῖς
3126 3183 3402 3259 μεγίστοις
3459 3185 3594 3239 ὑπο-

170 3268 350 3328 ϐαλὼν
416 3273 684 3338 κινδύνοις
744 3277 1152 3353 ἀπαγορεύσεις,
1216 3281 1292 3353 μὴ
1353 3278 1671 3353 δυνάμενος,
1730 3281 1866 3356 πρὸς
1944 3278 2086 3334 οὕτω
2166 3275 2410 3353 μεγάλην
2489 3276 2578 3332 καὶ
2651 3276 2874 3351 ἰσχυρὰν
2951 3273 3350 3336 ἀντιτάττεσθαι
3430 3271 3587 3328 δυνα-

170 3363 366 3419 στείαν.
404 3388 434 3415 ››
464 3365 654 3428 Συνεὶς
715 3365 805 3421 οὖν
830 3369 858 3422 ὁ
891 3365 1234 3446 Δανδοῦλφος
1280 3372 1345 3423 τὰ
1398 3368 1586 3425 δέοντα
1642 3365 2033 3443 συμϐουλεύειν
2065 3369 2156 3423 τὸν
2188 3365 2492 3443 πατρίκιον,
2526 3364 2738 3436 ἐδέξατο
2769 3365 2868 3434 τήν
2899 3361 3207 3439 παραίνεσιν
3263 3363 3350 3417 καὶ
3412 3361 3588 3417 ἐσπεί-

170 3473 320 3523 σατο,
353 3457 692 3525 νουθετήσας
719 3456 812 3509 καὶ
839 3455 971 3521 τοὺς
1000 3454 1270 3532 ἄρχοντας
1299 3459 1407 3513 τῶν
1461 3461 1804 3515 ἀποστάντων
1853 3457 2096 3531 θεμάτων
2138 3461 2206 3531 τῇ
2255 3457 2493 3532 προτέρᾳ
2535 3452 2903 3531 προσδραμεῖν
2949 3455 3096 3529 ἀρχῇ
3144 3451 3234 3507 καὶ
3290 3452 3381 3506 τὸν
3443 3456 3591 3526 σφῶν

168 3539 463 3616 ἐπιγνῶναι
528 3542 774 3617 βασιλέα,
835 3546 910 3599 ὢν
968 3545 1292 3610 πεισθέντων
1338 3548 1530 3623 εἰρήνη
1595 3550 1783 3624 βαθεῖα
1838 3545 2002 3602 πάλιν
2061 3551 2283 3622 κατεῖχε
2335 3545 2402 3600 τὰ
2430 3543 2480 3598 ἐν
2515 3543 2722 3614 Ἰταλίᾳ
2749 3542 2838 3596 καὶ
2875 3536 3244 3618 Λογγιϐαρδίᾳ
3273 3540 3586 3616 πράγματα.

237 3634 296 3686 Ὁ
345 3630 406 3687 δέ
463 3638 573 3689 τῶν
627 3633 954 3711 Βουλγάρων
1029 3637 1278 3713 ἀρχηγὸς
1339 3639 1564 3711 Συμεὼν
1638 3638 1826 3695 πσλλὰ
1855 3642 1898 3708 C

171 3724 308 3776 κατὰ
367 3722 656 3796 Ῥωμαίων
739 3725 938 3795 στήσας
1020 3725 1256 3801 τρόπαια
1339 3729 1430 3782 καὶ
1515 3749 1821 3806 φρονηματι

176 3811 315 3873 sesi;
375 3810 466 3865 ἐπὶ
528 3811 748 3874 τούτοις
799 3813 890 3868 καὶ
947 3815 1046 3883 τὴν
1107 3816 1396 3889 Ῥωμαίων
1472 3816 1826 3894 ὠνειροπύλει

180 3898 480 3971 βασιλείαν.
512 3900 703 3956 Τοίνυν
757 3904 895 3978 πρὸς
956 3902 1206 3960 Φατλοῦν
1256 3907 1347 3961 τὸν
1399 3903 1666 3978 δυνάστην
1717 3914 1824 3963 τῶν

177 3995 403 4062 Ἅβρων
437 3987 722 4064 ἐκπέμψας
748 3993 1111 4065 προετρέπετο
1143 3993 1339 4049 στόλον
1372 3995 1509 4050 κατᾶ
1531 4004 1630 4065 τῆς
1673 3998 1829 4071 βασι-

177 4075 328 4139 λίδος
361 4079 676 4154 ἀναγαγεῖν,
711 4082 1029 4157 ὑπισχνεῖτο
1062 4081 1119 4138 δὲ
1168 4083 1258 4138 καὶ
1303 4085 1467 4146 αὐτὸς
1499 4083 1588 4140 διὰ
1616 4085 1828 4160 Θρᾴκης

176 4166 352 4222 ἐλθεῖν
410 4165 587 4222 πολὺν
645 4170 736 4223 καὶ
799 4170 964 4246 βαρὺν
1027 4171 1252 4246 στρατόν
1322 4172 1678 4247 ἐπαγόμενος,
1737 4175 1826 4229 καὶ

173 4256 480 4330 γενομένων
574 4258 660 4335 ὑφ’
702 4257 759 4312 ἓν
806 4264 914 4314 τῶν
992 4263 1404 4336 στρατευμάτων
1472 4258 1559 4316 διά
1613 4283 1671 4318 τε
1725 4266 1827 4339 γῆς

172 4345 258 4398 καὶ
315 4344 597 4416 θαλάσσης
649 4345 1075 4420 ἐκπολιορκῆσαι
1127 4351 1225 4418 τήν
1280 4348 1688 4425 βασιλεύουσαν,
1737 4352 1826 4406 καὶ

173 4435 260 4488 τὸν
333 4435 539 4504 ταύτης
609 4434 848 4491 πλοῦτον
925 4435 1301 4511 διανείμασθαι
1377 4437 1460 4494 ἐπ’
1521 4436 1661 4511 ἴσης,
1737 4442 1822 4496 καὶ

175 4521 331 4576 αὐτὸν
394 4523 491 4594 μὲν
557 4521 639 4578 ἐπ’
696 4521 849 4578 οἴκου
920 4525 1312 4595 ὑπονοστῆσαι,
1369 4530 1562 4581 τοῦτον
1627 4525 1684 4582 δὲ
1757 4531 1826 4602 τῇ

173 4611 753 4667 Κωνσταντινουπόλει
842 4613 1186 4671 καταλιπεῖν.
1255 4617 1491 4678 ’ΈΛαθον
1595 4614 1686 4671 οὖν
1774 4616 1827 4672 οἱ

170 4699 478 4775 Βούλγαροι
532 4701 667 4774 πρὸς
739 4703 839 4771 τήν
899 4703 1165 4778 Ἀφρικὴν
1235 4704 1702 4774 ἀποπλεύσαντες,
1735 4712 1826 4761 καί

173 4787 425 4859 δόξαντος
473 4795 573 4844 τοῦ
631 4791 865 4864 Συμεὼν
922 4791 1177 4868 ὠφέλιμα
1231 4800 1509 4869 παραινεῖν
1571 4793 1826 4871 εἰλήφασί

169 4899 314 4940 τινας
373 4879 732 4952 Σαρακηνοὺς
793 4877 1132 4956 ἐλλογίμους
1190 4881 1327 4939 ὥστε
1397 4881 1709 4958 ἐμπεδῶσαι
1759 4886 1826 4939 τὰ

2009 3639 2246 3694 Interim
2303 3638 2539 3693 Simeon
2610 3635 2998 3707 Bulgarorum
3059 3634 3331 3705 princeps
3390 3633 3587 3688 animo

1938 3728 2129 3784 elatus
2160 3727 2232 3783 ob
2265 3725 2483 3781 multas
2513 3726 2585 3780 de
2618 3725 2896 3779 Romanis
2943 3727 3270 3794 reportatae
3318 3721 3589 3777 victorias

1939 3817 2252 3888 imperium
2278 3831 2512 3886 quoque
2529 3819 2858 3869 Romanum
2880 3811 3214 3881 animojam
3240 3811 3586 3880 occupabat.

1936 3906 2114 3963 Mittit
2138 3905 2318 3976 igitur
2349 3903 2574 3976 legatos
2604 3903 2677 3958 ad
2715 3900 3098 3956 Phatlumum
3119 3899 3390 3970 Afrorum
3424 3898 3588 3970 prin-

1937 3994 2146 4064 cipem,
2179 3993 2569 4062 hortaturque
2600 3995 2664 4046 ut
2693 3989 2942 4046 classem
2975 3989 3045 4043 ad
3079 3985 3282 4059 Cpolin
3315 3986 3584 4041 adducat.

1937 4084 2009 4139 Se
2041 4084 2240 4138 eodem
2275 4099 2379 4154 per
2437 4082 2746 4136 Thraciam
2805 4095 2939 4135 cum
2982 4076 3173 4133 valido
3230 4093 3297 4132 ac
3353 4076 3588 4147 copioso

1936 4173 2188 4228 exercitu
2214 4187 2590 4227 accessurum
2628 4187 2641 4226 :
2676 4171 3007 4240 conjunctis
3033 4168 3255 4222 viribus
3286 4182 3348 4222 se
3382 4166 3585 4222 urbem

1935 4266 2091 4317 terra
2121 4260 2384 4332 marique
2414 4264 2869 4332 expugnaturos,
2903 4263 2960 4314 et
2989 4256 3226 4312 divitias
3257 4256 3383 4327 ejus
3401 4254 3586 4326 aequis

1939 4350 2304 4422 portionibus
2337 4350 2490 4405 inter
2509 4366 2572 4405 se
2602 4349 2979 4418 divisuros,et
3003 4345 3311 4402 Saracenis
3341 4345 3582 4400 domum

1936 4441 2185 4495 reversis
2215 4457 2277 4495 se
2302 4439 2502 4511 Cpolin
2531 4444 2918 4493 retenturum.
2951 4435 3187 4508 Bulgari
3237 4434 3402 4490 missi
3430 4433 3579 4490 clam

1937 4529 1996 4584 in
2024 4530 2277 4585 Africam
2310 4529 2588 4600 navigant
2620 4546 2632 4583 :
2667 4532 2722 4583 et
2752 4527 3047 4592 Saraceni,
3093 4541 3226 4581 cum
3252 4525 3584 4594 judicarent

1937 4617 2268 4674 Simeonem
2321 4617 2548 4672 utiliter
2605 4617 2930 4680 consulere,
2988 4614 3275 4685 quosdam
3337 4629 3578 4668 suorum

1936 4707 2244 4779 primarios
2277 4707 2433 4763 viros
2458 4706 2697 4762 mittunt
2719 4721 2852 4760 cum
2884 4703 3175 4774 Bulgaris,
3210 4702 3312 4774 qui
3341 4707 3578 4773 pactum

1935 4797 2304 4853 confirment.
2340 4801 2416 4851 Ea
2447 4795 2662 4867 legatio
2693 4795 2752 4849 in
2796 4793 2984 4849 reditu
3011 4809 3044 4847 a
3073 4789 3338 4847 Calabris
3394 4791 3582 4846 inter-

1937 4891 2121 4957 cepta,
2157 4891 2212 4941 et
2241 4885 2478 4957 Bulgari
2508 4885 2898 4956 Saracenique
2931 4882 2966 4936 ii
3000 4883 3071 4937 ab
3119 4880 3214 4936 his
3260 4879 3458 4950 Cpolin
3509 4881 3578 4936 ad

173 4964 496 5042 δεδογμένα.
561 4970 649 5024 Ἐν
727 4973 809 5041 τῷ
885 4969 1234 5050 ὑποστρέφειν
1308 4970 1365 5028 δὶ
1438 4972 1820 5050 περιπίπτουσι

227 5063 250 5072 υ
309 5063 347 5075 σν
392 5055 414 5075 Ἴ
473 5051 503 5075 ρ
577 5062 600 5072 ο
754 5059 769 5075 \
911 5059 925 5075 ο
1058 5063 1070 5075 \
1137 5068 1169 5075 .-
1215 5061 1268 5075 ..ο
1489 5064 1503 5075 ς
1628 5063 1637 5075 Ι

1940 4975 2349 5048 imperatorem
2409 4975 2743 5030 Romanum
2797 4989 2997 5030 senem
3048 4969 3233 5027 missi.
3279 4969 3387 5035 Qui
3446 4985 3580 5024 cum

168 5063 280 5120 τοῖς
309 5051 626 5133 Καλαϐροῖς
680 5059 771 5112 καὶ
828 5059 964 5136 πρὸς
1018 5063 1081 5116 τὸ
1135 5061 1422 5132 Βυζάντιον
1479 5063 1824 5136 ἀναπέμπον-

1936 5064 2250 5122 consilium
2283 5063 2428 5120 illud
2460 5063 2721 5120 hostium
2754 5063 2825 5119 de
2856 5062 3133 5120 societate
3162 5057 3426 5116 coeunda
3460 5073 3580 5131 per-

1352 5198 1734 5254 XYLANDRY
1771 5199 1864 5255 ET
1901 5199 2120 5256 GOARl
2162 5199 2391 5258 NOT/E.

174 5361 186 5371 ι
238 5291 351 5359 (l2)
381 5291 745 5362 Temporum
777 5294 1115 5420 supputatio
1141 5299 1197 5352 et
1229 5295 1350 5351 alias
1379 5297 1646 5368 quaedam
1681 5313 1824 5352 con-

174 5370 400 5420 iecturae
431 5379 526 5418 me
550 5369 786 5418 movent
807 5370 872 5418 ut
939 5383 1051 5420 unc
1074 5369 1304 5420 credam
1331 5385 1460 5420 esse
1491 5385 1623 5420 eum
1649 5385 1824 5420 ouem

166 5369 400 5439 iacturae
425 5379 526 5439 me
550 5369 786 5439 movent
805 5370 872 5439 ut
897 5369 1051 5420 hunc
1074 5369 1304 5423 credam
1331 5385 1460 5424 esse
1491 5385 1623 5423 eum
1649 5385 1825 5439 quem

176 5433 434 5490 historici
466 5437 655 5511 nostri
691 5435 1065 5508 Rudolphum
1096 5447 1327 5506 vocant,
1361 5433 1712 5511 Burgundiaa
1741 5457 1827 5496 re-

178 5520 324 5582 gem,
358 5514 413 5582 et
464 5506 648 5582 Italiae
695 5506 900 5563 contra
948 5512 1388 5582 Berengarium.
1441 5506 1571 5568 Haec
1620 5517 1679 5567 et
1711 5511 1826 5568 alia

177 5578 356 5656 multa
384 5579 542 5634 haud
588 5584 820 5656 temere
858 5582 1012 5652 apud
1037 5578 1182 5656 alios
1228 5584 1543 5656 scriptores
1586 5583 1823 5640 invene-

176 5649 269 5704 ris.
301 5649 457 5733 XII,-
481 5682 556 5733 τ
585 5645 926 5733 damage?
957 5645 1477 5733 pot_ius_crederem
1510 5656 1824 5728 legendum

177 5721 403 5778 nomine
433 5721 663 5781 Latinis
695 5721 1597 5802 usitatiore.Contemporaneum
1623 5733 1821 5785 autem

1932 5299 2312 5355 Constantino
2337 5293 2888 5366 octavo,Nicephoro
2921 5295 3054 5349 huic
3081 5293 3278 5348 Phoce
3300 5296 3355 5346 et
3369 5289 3577 5348 Joanni

1935 5371 2169 5426 Zimisci
2202 5371 2526 5425 successori
2561 5367 3446 5438 Pandulphumﬂapua‘numget
3473 5368 3577 5438 Be-

1938 5450 2326 5497 neventanum
2353 5440 2697 5514 principem.
2732 5434 2884 5514 ῥῆγα,
2911 5434 3312 5514 ᾼογγιϐαρδίας
3373 5435 3477 5491 hac
3509 5435 3580 5490 de

1935 5531 2114 5568 causa
2143 5510 2412 5569 vocatum
2445 5513 2515 5566 ab
2567 5510 2826 5576 auctore,
2876 5510 3395 5568 bella’etiamnum
3445 5523 3577 5561 cum

1937 5586 2152 5642 Graacis
2183 5589 2478 5654 gerentem
2512 5589 2798 5638 memorat
2833 5585 3132 5639 Baronius
3173 5581 3343 5637 annis
3388 5580 3492 5633 957
3523 5582 3581 5634 et

1930 5659 2036 5712 968
2065 5675 2134 5712 ex
2162 5655 2446 5727 Chronico
2479 5655 2992 5727 Langobardorum
3032 5657 3572 5712 Beneventanorum

1931 5729 2286 5802 principum.
2319 5726 2494 5784 Goan.
