4050 6326
179 403 262 465 93
1339 401 1889 469 HISTORIABUM
1931 398 2482 464 COMPENDIUM.
3528 387 3615 454 94

183 538 424 609 λακηνὸν
478 536 555 602 εἷς
633 533 947 613 Καλαϐρίαν
1015 537 1348 607 ἀπέστειλεν,
1411 538 1677 608 ἐνωθῆναι
1743 532 2003 595 κελεύσας
2069 536 2151 605 τῷ
2221 532 2509 606 στρατηγῴ
2580 529 2676 596 τῆς
2755 526 2947 601 χώρας
2995 522 3334 613 (Πασχάλιρς
3373 520 3462 613 δι’
3519 523 3606 577 οὗ·

178 651 272 691 τος
329 629 423 698 ἦν,
457 629 484 683 6
543 629 652 703 πρὸ
713 609 914 703 μικροῦ
965 628 1374 701 μνημονευθεὶς)
1403 627 1494 682 καὶ
1543 629 1702 700 κοινῇ
1766 625 1881 697 μετ’
1939 623 2102 678 αὐτοῦ
2169 617 2516 690 ἀναδέξασθαι
2565 617 2656 672 τὸν
2706 615 2853 691 παρὰ
2906 617 3012 668 τῶν
3066 609 3458 703 Καρχηδονίων
3518 613 3607 666 καὶ

183 719 432 775 Σικελῶν
487 717 860 792 ἐπισειόμενον
902 717 1169 792 πόλεμον.
1204 717 1499 788 Ἐπέστησε
1538 715 1596 772 δὲ
1643 716 1730 770 καὶ
1778 718 1858 786 τῷ
1904 711 2203 790 πεμφθέντι
2253 707 2435 780 στόλῳ
2473 709 2564 762 τὸν
2613 703 3034 780 Μακροϊωάννην
3233 699 3441 792 Οῗτινες
3473 701 3610 792 κατᾶ

177 809 372 882 χώραν
403 807 694 881 γενόμενοι
729 805 893 882 μυρία
947 804 1118 881 ἔδρων
1151 805 1226 868 εἷς
1252 805 1382 868 τοὺς
1433 805 1768 879 αὐτόχθονας
1798 802 1958 868 κακὰ,
1991 798 2438 857 πλεονεκτοῦντες
2468 796 2556 849 καὶ
2610 793 2753 848 ἄλλα
2799 795 3082 851 ποιοῦντες
3128 788 3161 843 ἆ
3205 789 3296 842 καὶ
3349 786 3504 842 αὐτοὶ
3549 785 3610 841 ἃν

178 877 432 965 ῶκνησαν
465 895 518 949 οἱ
543 877 835 969 γπολέμιοί.
865 877 1040 951 Ταῦτα
1080 895 1386 970 πυθόμενος
1418 897 1445 950 6
1476 877 1947 966 risv—Eoipaxnvdw
1975 889 2191 964 ἀμηρᾶς
2225 881 2570 961 Ἀϐουλχαρέ
2601 881 2731 956 (ἤδη
2763 881 2864 957 γὰρ
2914 881 2942 934 6
2970 877 3263 970 fbat‘Ao‘bp.
3313 878 3610 970 ἐτεθνήκει)

173 985 267 1039 καὶ
293 985 428 1049 τοὺς
446 986 641 1040 ἑαυτοῦ
667 985 1100 1062 παραθαρρύνας,
1130 985 1220 1041 καὶ
1257 986 1332 1059 μή
1365 979 1672 1063 φοϐηθῆναι
1700 979 2026 1052 παραινέσας
2055 977 2280 1054 στρατὸν
2311 979 2535 1030 τοιαῦτα
2565 973 2640 1035 εἷς
2681 970 2809 1033 τοὺς
2839 969 3075 1032 οἰκείους
3106 965 3511 1040 ἐνδεικνύμενον
3542 965 3610 1063 τὰ

170 1075 334 1143 κακὲ,
391 1073 640 1147 πόλεμον
702 1053 1025 1138 ὑπαντίᾶσας
1074 1053 1347 1145 συνίστησι
1378 1053 1676 1151 ’κραταιὸν,
1723 1072 1811 1126 καὶ
1860 1069 2016 1140 νίκην
2068 1053 2241 1144 ἤρατο
2293 1065 2517 1140 ἀρίστην
2565 1083 2622 1118 τε
2669 1061 2760 1117 καὶ
2806 1058 3132 1130 καλλίστην’
3179 1061 3380 1133 μικροῦ
3408 1057 3510 1132 γὰρ
3545 1053 3606 1110 ἂν

174 1161 425 1218 ἑάλωσαν
455 1163 547 1219 καὶ
580 1164 633 1218 oi
662 1165 956 1240 στρατηγοὶ
986 1163 1232 1240 ζωγρίαι.

247 1333 402 1390 Μετᾶ
428 1332 486 1388 δὲ
513 1334 674 1388 τοῦτο
706 1339 1117 1396 Κωνσταντῖνος
1172 1335 1200 1389 6
1262 1332 1519 1411 βασιλεὺς
1576 1334 1830 1403 Ἰωάννην

2021 1328 2360 1385 Secundum
2406 1325 2529 1380 haec
2561 1324 2882 1395 imperator
2929 1320 3215 1376 Joannem
3263 1333 3298 1372 a
3345 1314 3607 1386 secretis,

177 1425 505 1499 ἀσηκρῆτις,
536 1423 629 1478 τὸν
655 1424 757 1491 τὴν
792 1422 1108 1498 ἐπωνυμίαν
1143 1408 1406 1497 Πιλατον,
1441 1423 1568 1500 περὶ
1626 1423 1841 1498 εἰρήνης

1961 1417 2310 1490 cognomine
2341 1414 2615 1484 Pilatum,
2649 1413 2718 1468 ad
2767 1411 3138 1464 tractandam
3189 1421 3322 1460 cum
3370 1408 3609 1459 Sarace-

175 1495 450 1585 ἐκπέμπει
501 1510 883 1586 διαλεξόμενον
941 1495 1057 1575 τοῖς
1140 1495 1523 1589 Σαρακην-οῖςί
1570 1495 1841 1575 Είωθότες

1960 1512 2054 1565 nis
2086 1508 2555 1581 paciﬁcationem
2603 1503 2784 1559 misit.
2837 1500 2945 1564 Qui
2994 1514 3126 1553 cum
3173 1495 3610 1552 consuevissent

175 1599 224 1656 δ’
257 1603 414 1656 οὗτοι
449 1603 525 1674 μή
549 1607 668 1664 ταῖς
699 1602 879 1664 νίκαις
913 1585 1249 1679 ἐπαίρεσθαι,
1281 1601 1427 1658 ἀλλὰ
1462 1604 1563 1671 τὴν
1620 1602 1841 1677 εἰρήνην

1958 1598 2219 1654 victoriis
2253 1614 2366 1652 non
2401 1594 2720 1661 eﬁ‘erri,sed
2752 1605 2955 1662 pacem
2987 1588 3162 1644 etiam
3196 1585 3372 1640 rebus
3404 1600 3607 1640 secun-

173 1693 261 1745 καὶ
317 1673 646 1767 κρατοῦντες
721 1673 1074 1762 ἀσπάζεσθαί,
1127 1692 1428 1768 προθύμως
1506 1673 1841 1762 ὑπήκουσαν,

1959 1688 2052 1742 dis
2082 1691 2371 1759 expetere,
2405 1684 2605 1739 faciles
2633 1697 2762 1738 sese
2787 1680 2838 1736 ei
2870 1679 3267 1751 praebuerunt,
3299 1680 3357 1729 et
3385 1673 3458 1729 ad
3491 1689 3611 1728 cer-

175 1781 264 1834 καὶ
297 1779 388 1836 ἐπί
444 1801 566 1835 τινα
591 1781 796 1856 χρόνον
826 1780 1047 1858 εἰρήνην
1091 1778 1291 1836 ἔθεντο.
1327 1780 1543 1838 Τούτου
1595 1779 1651 1836 δὲ
1711 1778 1849 1857 διερ-

181 1869 458 1944 ῥυηκότος
491 1868 658 1925 πάλιν
702 1867 1062 1944 διαπερῶντες
1108 1869 1438 1941 ἐλεηλάτουν
1489 1869 1617 1932 τοὺς
1663 1868 1846 1925 Καλα-

178 1954 373 2033 ϐρούς.
402 1959 514 2015 Καὶ
546 1957 713 2014 πάλιν
746 1960 774 2015 ὁ
806 1965 1204 2022 Κωνσταντῖνος
1251 1957 1479 2034 δύναμιν
1525 1961 1641 2015 κατ’
1671 1959 1844 2014 αὐτῶν

183 2048 275 2102 καὶ
335 2049 598 2117 ναυτικήν
652 2048 915 2122 ἐκπέμπει
965 2049 1055 2104 καὶ
1103 2051 1352 2120 πεζικήν*
1401 2050 1579 2126 ἦρχον
1633 2046 1690 2104 δὲ
1743 2056 1844 2119 τῆς

184 2136 284 2208 μὲν
339 2144 604 2206 ναυτικῆς
662 2134 946 2211 δυνάμεως
975 2139 1004 2192 ὁ
1049 2139 1147 2207 τὴν
1190 2137 1503 2211 ἐπωνυμίαν
1557 2132 1844 2214 Κραμϐέας

183 2225 275 2278 καὶ
311 2226 341 2280 6
371 2223 708 2300 Μωρολέων⁹
743 2226 1064 2302 ἐστρατήγει
1121 2224 1178 2282 δὶ
1222 2232 1330 2282 τῶν
1380 2232 1556 2296 πεζῶν
1592 2228 1620 2281 ὁ
1649 2225 1841 2302 πατρί-

182 2335 306 2376 κιος
333 2315 614 2388 Ῥωμανὸς
647 2317 674 2369 6
700 2316 997 2391 Ἀργυρός.
1027 2315 1316 2389 Γενόμενοι
1366 2313 1414 2370 δ’
1467 2315 1518 2370 ἐν
1570 2313 1842 2391 Ὑδροῦντι

183 2404 274 2456 καὶ
324 2404 423 2464 τὰς
485 2408 613 2466 ναῦς
663 2402 1071 2474 νεωλκήσαντες
1119 2403 1508 2474 ηὐτρεπίζοντο
1565 2405 1702 2479 πρὸς
1749 2404 1838 2458 τὸν

187 2492 264 2553 εἰς
322 2489 580 2546 Σικελίαν
618 2489 927 2549 ἀπόπλουν.
976 2493 1042 2550 Οἱ
1091 2491 1149 2547 δὲ
1199 2493 1501 2568 Σαρακῃνοὶ
1566 2496 1635 2557 τῆ
1685 2494 1843 2570 φήμῃ

186 2578 646 2658 ὃιαταραχθέντες
677 2582 976 2656 (ἐπίσταται
1004 2582 1105 2657 γὰρ
1151 2581 1287 2652 αὕτη
1335 2584 1402 2636 τὰ
1453 2581 1621 2657 μικρὰ
1679 2603 1841 2656 μεγε-

187 2670 366 2734 θύνειν
395 2671 488 2724 καὶ
523 2672 591 2725 τὰ
617 2672 910 2747 πράγματα
963 2671 1102 2746 πρὸς
1148 2671 1212 2727 τὸ
1257 2667 1630 2748 φοϐερώτερον
1688 2671 1839 2745 ἐξαγ-

184 2756 435 2834 γέλλειν)
465 2760 556 2814 καὶ
591 2763 667 2832 μή
701 2780 752 2814 τι
782 2763 995 2825 πάθωσι
1028 2758 1294 2823 δείσαντες
1326 2758 1416 2816 διὰ
1442 2761 1506 2815 τὸ
1555 2757 1838 2839 αἰφνιδίως

191 2848 378 2909 αὐταῖς
409 2848 807 2925 ἀπαρασκεύοις
837 2857 1142 2925 γειτονῆσαι
1191 2849 1319 2912 τοὺς
1365 2849 1692 2923 πολεμίους,
1724 2855 1838 2904 Παο

185 2941 324 3008 νικῷ
353 2935 576 3009 δείματι
609 2938 958 3012 σὐσχεθέντες
993 2938 1084 2994 καὶ
1126 2939 1190 2994 τὸ
1238 2939 1440 2993 ἑαυτῶν
1499 2937 1839 2993 καταλιπόν-

186 3046 271 3085 τες
303 3023 671 3100 στρατόπεδον
704 3025 898 3102 ἔφυγον
931 3027 989 3082 ἐκ
1012 3032 1110 3082 τοῦ
1141 3027 1363 3102 Ῥηγίου
1408 3027 1499 3082 καὶ
1555 3028 1693 3100 πρὸς
1736 3029 1834 3097 τήν

189 3113 447 3169 Σικελίαν
502 3112 988 3191 διεπεραιώθησαν.
1019 3117 1110 3172 Ἐν
1171 3113 1228 3171 δὲ
1272 3120 1352 3187 τῷ
1379 3116 1516 3193 πρὸς
1549 3115 1835 3192 Πάνορμον

187 3209 463 3260 ἀποπλεῖν
510 3206 796 3282 βαρυτάτῳ
849 3212 1087 3282 χειμῶνι
1134 3206 1536 3283 περιπεσόντες,
1587 3207 1676 3260 καὶ
1731 3211 1840 3261 τῶν

189 3299 410 3368 σκαφῶν
449 3295 557 3349 ὑπὸ
611 3299 709 3348 τοῦ
751 3291 1035 3358 κλύδωνος
1079 3289 1493 3370 συντριϐέντων,
1528 3293 1739 3367 μᾶλλον
1783 3292 1841 3349 δὲ

190 3385 295 3437 ὑπό
327 3385 570 3458 Χριστοῦ
609 3388 707 3439 τοῦ
754 3389 887 3440 Θεοῦ
941 3389 1037 3439 τοῦ
1083 3385 1211 3458 παρ’
1234 3383 1408 3438 αὐτῶν
1472 3383 1688 3460 βλασφη
1705 3405 1841 3457 μου·

192 3474 374 3543 μένου,
409 3469 747 3527 διολώλασιν
806 3473 1054 3533 ἅπαντες.
1101 3469 1429 3527 Σπένδονται
1486 3472 1664 3526 τοίνυν
1722 3477 1839 3533 τοῖς

184 3561 513 3632 Ῥωμαίοις,
538 3563 626 3615 καὶ
665 3558 958 3638 διετηρήθη
1008 3562 1075 3615 τὰ
1111 3568 1212 3630 τῆς
1254 3561 1476 3637 εἰρήνης
1526 3561 1691 3636 μέχρι
1738 3569 1839 3631 τῆς

186 3649 543 3726 ἀναρρήσεως
589 3655 688 3704 τοῦ
740 3651 930 3707 Φωκά.
962 3657 1126 3726 υΑρτι
1169 3647 1213 3705 δ’
1260 3651 1416 3714 οὗτος
1464 3650 1841 3725 ἀναγορευθεὶς

189 3739 475 3814 βασιλεὺς,
550 3741 689 3816 πέρα
762 3737 951 3795 δεινῶν
1014 3737 1362 3817 ἡγησάμενος
1422 3737 1838 3816 δασμοφορῆσαι

191 3833 565 3904 Σαρακηνοῖς,
621 3829 712 3883 τὸν
768 3826 1052 3899 Μανουὴλ,
1087 3829 1163 3890 ὡς
1216 3826 1459 3902 ε’ίπομεν,
1514 3827 1839 3883 ἀποστέλλει

190 3919 327 3990 μετᾶ
355 3917 643 3990 δυνάμεως
670 3920 790 3972 κατ’
818 3917 1014 3972 αὐτῶν.
1045 3918 1218 3980 Οὗτος
1269 3914 1327 3972 δὲ
1372 3918 1493 3972 νέαν
1543 3917 1685 3992 ἄγων
1743 3918 1842 3986 τήν

187 4006 412 4076 ἡλικίαν
463 4009 551 4062 καὶ
630 4007 985 4084 στρατιώταις
1045 4007 1459 4082 κατατετάχθαι,
1511 4007 1576 4061 οὐ
1630 4007 1736 4079 μήν
1781 4027 1842 4081 γε

1959 1781 2086 1832 tum
2109 1782 2345 1846 tempus
2369 1773 2636 1830 inducias
2659 1770 2812 1843 pacti
2836 1766 3213 1836 sunt.Elapso
3245 1779 3312 1819 eo
3343 1767 3604 1832 tempore

1958 1882 2193 1921 rursum
2225 1865 2374 1920 mari
2405 1861 2759 1918 transmisso
2791 1856 3114 1914 Calabriam
3145 1856 3449 1908 vexarunt.
3485 1853 3606 1906 Ita-

1957 1971 2072 2026 que
2103 1956 2278 2011 etiam
2309 1952 2733 2010 Constantinus
2779 1953 2982 2004 contra
3010 1960 3110 2000 eos
3155 1940 3390 1998 navales
3419 1944 3606 1994 terre-

1957 2049 2224 2115 stresque
2243 2038 2937 2113 emisitcopias.Classem
2961 2029 3603 2094 ducebantGrambeas,

1955 2139 2014 2189 et
2042 2133 2356 2200 Moroleon,
2390 2131 2604 2187 alteras
2649 2127 2930 2200 patricius
2981 2125 3282 2178 Romanus
3328 2122 3602 2190 Argyrus.

1954 2223 2204 2294 Jamque
2223 2223 2281 2278 hi
2304 2222 2592 2277 Hidrunte
2618 2217 2864 2273 navibus
2895 2210 3202 2270 subductis
3225 2209 3294 2264 ad
3322 2207 3603 2279 navigan-

1953 2315 2093 2367 dum
2124 2313 2184 2366 in
2216 2311 2476 2368 Siciliam
2501 2325 2630 2365 sese
2651 2307 3094 2378 parabant,cum
3128 2296 3402 2356 Saraceni
3421 2298 3601 2367 fama,

1953 2420 2077 2473 quae
2108 2418 2286 2473 parva
2318 2400 2680 2472 ampliﬁcare
2708 2402 2764 2452 et
2794 2392 3117 2450 terribilius
3162 2403 3400 2443 narrare
3431 2385 3599 2452 solet,

1953 2491 2278 2564 perturbati
2298 2495 2354 2546 et
2370 2492 2516 2561 quod
2538 2489 2738 2543 hostes
2761 2484 2870 2541 sibi
2889 2478 3194 2553 imparatis
3222 2476 3421 2532 subito
3443 2475 3597 2530 860

1952 2581 2312 2652 ingruerant,
2343 2579 2414 2634 de
2457 2577 2648 2633 salute
2677 2592 2785 2631 sua
2833 2570 3090 2639 solliciti,
3141 2565 3348 2639 panico
3379 2569 3598 2619 terrore

1951 2651 2226 2726 concitati
2258 2675 2448 2724 castra
2469 2684 2579 2722 sua
2606 2664 3014 2727 deseruerunt,
3048 2656 3368 2727 relictoque
3419 2651 3597 2724 Regio

1951 2760 2088 2831 fuga
2101 2759 2158 2813 in
2173 2757 2432 2813 Siciliam
2451 2754 2697 2811 contend
2707 2768 2806 2807 eru
2817 2749 2983 2806 nt.Cu
2993 2761 3169 2818 mque
3178 2747 3298 2815 jam
3313 2748 3598 2798 Panormo

1944 2849 2306 2913 accederent,
2337 2843 2710 2902 atrocissima
2737 2841 2943 2897 oborta
2963 2831 3600 2908 tempestate,ejusque

1948 2939 2003 2994 vi
2034 2943 2160 3008 (aut
2187 2935 2402 2992 Christi
2431 2935 2646 2999 verius,
2680 2931 2774 2987 cui
2806 2928 2890 2984 illi
2919 2927 3102 2998 impie
3151 2920 3597 2990 maledicebant)

1949 3028 2197 3084 navibus
2229 3026 2498 3082 contritis
2531 3021 2787 3079 universi
2821 3019 3136 3091 perierunt.
3173 3013 3312 3069 Inde
3361 3025 3598 3065 rursum

1949 3134 2062 3189 pax
2093 3117 2245 3172 facta
2273 3131 2405 3170 cum
2439 3111 2741 3178 Romanis,
2764 3125 2893 3179 qua
2921 3102 3155 3159 duravit
3185 3115 3373 3189 usque
3402 3097 3473 3152 ad
3500 3096 3598 3150 Ni-

1947 3187 2183 3277 cephori
2208 3203 2542 3276 imperium.
2580 3206 2653 3267 Is,
2688 3195 2866 3255 simul
2896 3201 3074 3265 atque
3103 3187 3416 3277 imperium
3441 3201 3606 3277 acce-

1951 3273 2056 3367 pit,
2079 3311 2202 3350 rem
2221 3273 2698 3366 indignissimam
2726 3287 3070 3343 existimans
3083 3276 3394 3335 Saracenis
3417 3273 3604 3330 tribu-

1950 3451 2370 3542 diximus,cum
2393 3469 2578 3542 ecpiis
2597 3467 2758 3523 misit
2783 3483 2796 3521 ε
2818 3455 3384 3529 Manuclus,juvenis
3405 3459 3462 3509 et
3485 3451 3600 3542 mi-

1949 3561 2073 3617 litis
2103 3579 2280 3633 quam
2313 3541 2483 3616 ducis
2511 3557 2703 3615 officio
2734 3553 2920 3610 multo
2943 3551 3156 3622 aptior,
3188 3545 3392 3600 multis
3422 3541 3598 3598 etiam

1950 3651 2080 3707 aliis
2098 3651 2386 3707 obnoxius
2416 3649 2791 3719 vitiis,neque
2822 3639 3157 3698 sanioribus
3186 3639 3600 3703 obtemperans

1950 3741 2235 3810 consiliis,
2268 3745 2325 3795 et
2352 3756 2415 3795 se
2444 3738 2641 3810 ipsum
2673 3741 2732 3791 et
2759 3731 3075 3789 exercitum
3105 3731 3293 3781 totum
3323 3719 3599 3810 perdidit,

1952 3830 2176 3902 asperis
2208 3807 2562 3900 quibusdam
2611 3823 2818 3880 Siciliae
2847 3825 2905 3876 et
2954 3815 3126 3872 inviis
3159 3812 3301 3868 locis
3331 3807 3600 3864 inclusus

1951 3926 2126 3990 atque
2156 3918 2334 3976 exitio
2364 3919 2691 3974 demersus.
2725 3914 2942 3982 Captus
2983 3905 3096 3962 fuit
3124 3902 3360 3990 Nicetas
3402 3912 3601 3990 eunu-

1951 4009 2120 4079 chus,
2152 4006 2434 4080 patricius
2463 4023 2529 4062 ac
2549 4002 2760 4060 classis
2781 3994 3228 4068 drungarius,et
3257 3989 3319 4044 in
3351 3985 3600 4043 Africam

183 4097 271 4151 καὶ
329 4101 654 4172 στρατηγεῖν
698 4081 860 4167 ἄξιος
913 4093 1010 4167 ὣν,
1047 4081 1402 4172 ὑπάρχωνδὶ
1457 4096 1545 4150 καὶ
1606 4094 1841 4158 πολλοῖς

1956 4098 2015 4153 in
2042 4098 2295 4154 vinculis
2326 4097 2642 4152 abductus.

183 4161 604 4246 ἄλλοις-πάθεσι
633 4161 970 4261 κατασχντος
994 4161 1081 4239 καὶ
1117 4161 1287 4256 μηδὲν
1317 4188 1426 4239 τῶν
1456 4184 1526 4238 τὰ
1568 4184 1799 4258 κρείττω
1829 4179 2318 4258 συμϐουλευόντων
2363 4181 2842 4259 ἐπιστρεφόμενος.
2881 4173 3120 4246 [Ρνδδίί]
3163 4165 3218 4261 ἓν
3253 4185 3374 4261 -τίῗι
3413 4161 3605 4261 TE???“

176 4276 409 4350 τραχέσι
439 4297 499 4330 τε
524 4274 618 4329 καὶ
640 4249 928 4338 δυσϐάτοις
955 4281 1056 4344 τῆς
1087 4271 1344 4335 Σικελίας
1381 4273 1516 4346 μετά
1545 4249 1746 4335 παντὸς
1776 4249 2153 4338 ἀποκλεισθεὶς
2201 4278 2298 4328 τοῦ
2346 4249 2576 4349 στρατοῦ
2596 4249 2968 4345 ’παραδίδοται
3021 4249 3606 4350 πανωλεθρίᾳζῖΕάλω

184 4341 240 4418 δέ
284 4341 530 4440 ξωγρίας
586 4363 676 4418 καὶ
738 4365 973 4434 Νικήτας
1013 4341 1320 4438 πατρίκιος
1381 4341 1472 4417 καὶ
1541 4366 1639 4417 τοῦ
1706 4361 1906 4418 στόλου
1969 4361 2330 4441 δρουγγάριος
2382 4341 2421 4418 6'
2459 4341 2745 4436 εὐνοῦχος,
2786 4357 2876 4412 καὶ
2935 4353 3013 4415 εἷς
3066 4347 3334 4441 Ἀφρικὴν
3383 4341 3605 4441 δέσμιοξ

182 4432 482 4527 πέμπεται.
519 4454 618 4508 Καὶ
648 4455 676 4509 6
712 4454 805 4528 μὲν
832 4432 1097 4523 Πανουήλ
1126 4432 1389 4523 τοιαύτης
1413 4447 1577 4528 ἔτυχε
1599 4455 1701 4517 τῆς
1728 4432 2126 4530 καταστροιρῆς,
2155 4432 2452 4528 ’παραίτιος
2509 4432 2784 4512 ἀπωλείας
2838 4445 3128 4522 γενόμενος
3176 4436 3266 4493 καὶ
3318 4432 3477 4490 παντὶ
3530 4435 3608 4504 τῷ

185 4565 422 4618 στρατῳ.

253 4634 320 4691 Ὁ
370 4630 429 4687 δὲ
468 4630 724 4708 βασιλεὺς
767 4631 822 4688 ἐν
877 4634 1057 4706 τούτῳ
1083 4636 1162 4705 τῷ
1193 4631 1384 4709 χρόνῳ
1415 4629 1681 4704 ἐκπέμπει
1710 4630 1846 4687 κατᾶ

189 4721 443 4784 Κιλικίας
511 4721 768 4793 Ἰωάννην
824 4722 1120 4798 μάγιστρον
1185 4721 1277 4776 καὶ
1343 4717 1662 4793 δομέστικον
1733 4725 1840 4775 τῶν

191 4812 417 4888 σχολῶν
443 4818 548 4881 τῆς
577 4811 876 4882 Ἀνατολῆς
922 4810 1033 4882 ἤδη
1079 4807 1555 4888 προϐεϐλημένον,
1585 4811 1679 4866 τὸν
1721 4816 1845 4879 Τζι-

195 4905 414 4975 μισκῆν.
480 4902 775 4976 Γενόμενος
840 4900 886 4957 δ’
934 4904 1093 4964 οὗτος
1163 4902 1301 4979 πρὸς
1368 4900 1534 4957 πόλιν
1588 4898 1841 4972 Ἅδαναν,

186 4994 273 5047 καὶ
333 4993 558 5062 πλῆθος
616 4988 939 5048 καταλαϐὼν
995 4991 1294 5048 ἐπιλέκτων
1357 4993 1670 5069 Ἀγαρηνῶν
1723 5011 1842 5045 συν-

189 5081 527 5158 ειλεγμένων
599 5081 658 5137 ἐκ
728 5084 908 5154 πάσης
975 5089 1077 5153 τῆς
1143 5079 1417 5154 Κιλικίας,
1475 5077 1842 5153 συμπλέκεται

186 5174 366 5244 τούτῳ
411 5173 505 5226 καὶ
535 5173 784 5248 τρέπεται
834 5172 974 5228 κατά
1018 5172 1237 5248 κράτος.
1271 5172 1339 5230 Οἱ
1401 5172 1495 5244 μὲν
1538 5168 1628 5226 οὖν
1680 5167 1842 5225 ἄλλοι

185 5266 297 5316 τῶν
346 5262 665 5336 ’Δγαρηνῶν
720 5260 879 5334 νόμῳ
938 5259 1191 5335 πολέμου
1241 5261 1642 5330 κατεκόπησαν·
1679 5260 1843 5334 μερος

191 5347 244 5404 εὶ
300 5354 401 5404 τοῦ
462 5353 693 5426 στρατοῦ
751 5351 879 5404 ὠσεὶ
945 5347 1382 5427 πεντακισχίλιοι
1453 5348 1546 5404 τὸν
1611 5347 1841 5423 ἀριθμὸν

189 5437 336 5502 ὄντες
393 5438 686 5519 φεύγουσιν
735 5438 813 5502 εἴς
865 5461 988 5495 τινα
1037 5440 1207 5517 λόφον
1260 5434 1524 5494 δύσϐατον
1573 5437 1664 5494 καὶ
1707 5435 1842 5493 ἀπό-

2023 4633 2142 4689 Sub
2175 4633 2334 4690 idem
2363 4637 2601 4705 tempus
2633 4631 2956 4702 imperator
2981 4624 3044 4679 in
3073 4619 3340 4678 Ciliciam
3391 4613 3608 4705 emittit

1950 4723 2236 4780 Joannem
2269 4703 2996 4790 Tzimiscem,magistrum
3027 4708 3415 4768 domesticum
3439 4703 3606 4759 scho-

1953 4812 2144 4869 larum
2176 4813 2429 4870 Orientis
2453 4813 2580 4883 jam
2613 4814 2900 4866 creatum.
2959 4805 3014 4859 Is
3072 4815 3207 4856 cum
3267 4795 3341 4851 ad
3399 4791 3603 4883 Adana

1953 4903 2334 4975 pervenisset,
2365 4902 2423 4955 in
2457 4899 2901 4955 multitudinem
2934 4890 3144 4948 incidit
3190 4903 3260 4942 ex
3304 4881 3465 4938 omni
3497 4879 3602 4933 de-

1951 4991 2235 5048 lectorum
2268 4991 2465 5047 Cilicia
2495 4989 2642 5044 361
2680 4989 3100 5058 Agarenorum,
3157 4985 3407 5042 eamque
3457 4983 3602 5066 con-

1953 5097 2192 5154 gressus
2224 5077 2723 5137 fundit.Hostihus
2750 5067 3249 5158 deletis,quinque
3267 5065 3464 5158 tamen
3492 5065 3603 5156 cir-

1953 5149 2097 5227 citer
2125 5175 2524 5244 Agarenorum
2568 5164 2760 5222 millia
2789 5161 2926 5234 equi
2982 5153 3202 5213 relicnis
3258 5149 3486 5250 pedites
3543 5149 3604 5200 in

1954 5259 2161 5316 collem
2196 5261 2512 5333 quemdam
2547 5258 2911 5330 praeruptum
2962 5247 3296 5333 evaserunt,
3358 5247 3607 5333 eijusque

1954 5355 2165 5406 natura
2189 5327 2317 5405 freti
2339 5327 2568 5405 fortiter
2589 5347 2876 5417 impetum
2905 5336 3168 5395 hostium
3192 5327 3603 5388 defenderunt.

1951 5439 2064 5495 Sed
2096 5438 2414 5495 Tzimisces
2445 5434 2808 5493 circumdato
2839 5428 3008 5495 colle,
3061 5424 3198 5497 quia
3243 5433 3424 5491 eques
3469 5429 3602 5472 cum

1377 5620 1748 5682 XYLANDBI
1785 5620 1880 5678 ET
1917 5620 2137 5677 GOARI
2176 5620 2411 5677 NOTAE.

261 5741 381 5815 (13)
411 5741 705 5800 Joannem
737 5756 773 5798 a
802 5739 1058 5814 corporis
1097 5739 1445 5814 proceritate
1473 5738 1558 5798 sic
1588 5739 1834 5797 dictum.
1865 5739 2046 5798 (ἴση.
