4050 6326
460 375 540 435 95
1811 378 2131 441 GEORGII
2176 379 2518 444 CEDRENI
3803 378 3884 438 96

462 507 547 562 eis
580 522 693 560 non
728 511 957 577 poterat
981 508 1511 579 congredi,pedites
1543 510 1628 565 ire
1658 526 1724 565 eo
1755 511 2111 581 suosjussit,

2228 530 2500 585 κρημνον,
2541 512 2696 582 πεζοὶ
2742 511 2870 575 τοὺς
2915 509 3122 573 ’ίππους
3171 505 3492 580 ἀποϐάντες,
3520 511 3609 565 καὶ
3655 513 3725 584 τῇ
3783 516 3882 571 τοῦ

463 596 764 667 pedesque
799 612 897 650 eos
932 596 1055 669 ipse
1087 598 1272 654 duxit.
1324 598 1503 655 Nemo
1548 604 1969 655 Saracenorum
2004 606 2116 656 ter-

459 701 599 755 gum
633 685 795 739 dedit
832 703 843 741 :
878 688 1053 742 occisi
1087 693 1222 743 sunt
1260 706 1484 757 omnes,
1518 696 1573 745 et
1614 692 1838 745 cruoris
1872 690 1976 745 rivi
2012 708 2115 762 per

457 773 703 828 declivia
736 774 791 828 in
822 792 1097 846 campum
1134 778 1448 844 ﬂuxerunt,
1496 795 1826 849 nomenque
1872 779 2003 833 colli
2038 780 2111 834 ab

457 869 665 917 eventu
704 863 942 934 factum,
979 872 1041 920 ut
1071 866 1245 921 Collis
1274 867 1593 938 Sanguinis
1626 867 2115 939 appellaretur.ld

461 951 690 1006 facinus
724 969 935 1008 nomen
972 954 1273 1010 Tzimiscm
1306 956 1597 1012 celebrius
1638 957 1914 1029 reddidit,
1944 962 2113 1014 Sara-

460 1041 619 1095 cenis
651 1047 849 1096 autem
882 1059 1060 1098 causa
1092 1044 1251 1099 exitii
1280 1045 1409 1098 fuit.

2228 601 2398 655 τόπου
2429 601 2793 678 Θαρῥγςσαντες
2827 601 3069 675 εὐκαιρίᾳ
3128 600 3411 675 εὐρώστως
3457 599 3583 662 τοὺς
3632 598 3888 659 ἐπιόντας

2230 692 2520 763 ἠμύνοντο.
2556 691 2662 755 Οὓς
2695 692 2781 746 καὶ
2844 691 3256 766 περιστοιχίσας
3298 692 3325 745 ὁ
3358 689 3637 759 Ἰωάννης,
3669 688 3751 743 ὅτι
3807 690 3886 760 μὴ

2230 782 2347 853 μεθ’
2375 779 2558 836 ’ίππων
2611 783 2725 844 οἷός
2781 804 2839 837 τε
2900 783 2965 851 ἢν
3018 782 3205 842 αὐτοῖς
3258 774 3581 852 συμϐαλεῖν,
3630 781 3883 846 πεζεῦσαι

2218 852 2531 945 ’προστάξας
2580 870 2707 934 τοὺς
2751 872 3082 946 στρατιώτας
3134 871 3300 925 ἄνεισι
3353 869 3467 943 μετ’
3500 867 3673 923 αὐτῶν
3718 866 3886 935 πεζὸς

2231 961 2317 1014 καὶ
2375 959 2554 1024 αὐτός.
2612 961 2709 1017 Καὶ
2768 958 3273 1035 καταγωνισάμενος
3332 960 3535 1020 πάντας
3596 955 3883 1034 ἀπέσφαξε,

2228 1053 2369 1103 νῶτα
2404 1048 2639 1125 μηδερὸς
2676 1049 2999 1119 δεδωκότος,
3035 1050 3108 1113 ὡς
3139 1049 3321 1125 ῥεῦσαι
3354 1045 3442 1102 διά
3483 1052 3583 1102 τοῦ
3643 1050 3883 1122 πρανοῦς

462 1127 537 1190 si:
594 1130 655 1182 τὸ
699 1127 885 1183 πεδίον
930 1144 991 1185 τι)
1037 1134 1173 1204 αἷμα
1221 1130 1564 1204 ποταμηδόν,
1597 1134 1685 1187 καὶ
1736 1134 1841 1188 ἀπὸ
1889 1135 2085 1190 τούτου
2131 1142 2229 1191 τοῦ
2280 1141 2687 1213 συμπτώματος
2733 1137 3007 1210 κληθῆναι
3039 1144 3131 1193 τὸν
3170 1138 3359 1214 βουνὸν
3408 1136 3607 1194 Βουνὸν
3638 1133 3886 1208 Αἵματος

462 1221 635 1272 Τοῦτο
686 1220 747 1273 τὸ
791 1218 944 1295 ἔργον
995 1219 1080 1275 ἐπὶ
1131 1219 1298 1275 πλέον
1346 1221 1500 1295 ἐξῆρε
1542 1224 1605 1278 τὸ
1650 1218 1823 1297 ὄνομα
1868 1229 1964 1279 τοῦ
2012 1226 2282 1299 Ἰωάννου,
2316 1228 2404 1282 καὶ
2451 1235 2565 1290 τοῖς
2611 1235 2945 1303 Σαρακηνοῖς
2982 1227 3195 1291 τελείας
3241 1227 3614 1302 καταστροφῆς
3661 1226 3881 1301 γέγονεν

465 1328 661 1361 αιτιον.

536 1400 701 1452 Anno
730 1398 961 1471 imperii
988 1401 1077 1456 sui
1106 1403 1592 1472 secundo,mense
1612 1404 2118 1475 Julio,indictione

464 1487 738 1557 septima,
772 1489 1133 1560 Nicephorus
1168 1510 1448 1563 magnum
1482 1494 1800 1549 exercitum
1834 1495 2119 1551 Romano-

465 1592 593 1630 rum
628 1593 696 1631 ac
726 1578 1016 1633 sociorum
1052 1580 1347 1636 [berorum
1382 1587 1438 1638 et
1460 1583 1871 1639 Armeniorum
1894 1585 1952 1639 in
1987 1584 2118 1640 Cili-

462 1665 611 1720 ciam
647 1666 827 1735 ducit,
862 1669 1180 1725 comitatus
1217 1688 1389 1726 uxore
1442 1690 1549 1728 sua
1592 1674 2027 1745 Theophanone
2058 1680 2113 1730 et

460 1754 682 1811 liberis.
736 1758 815 1811 Ea
863 1762 1024 1812 extra
1096 1760 1152 1813 in
1222 1760 1465 1816 castello
1514 1763 1704 1818 Drizio
1756 1764 1975 1832 relicta,
2024 1766 2111 1820 in-

459 1860 695 1915 gressus
754 1845 879 1916 ipse
936 1847 1218 1914 Ciliciam,
1298 1852 1683 1916 Anazarbam,
1740 1853 1992 1909 Rossum
2056 1859 2112 1910 et

458 1933 723 1988 Adanam
757 1936 932 1991 urbes
962 1937 1191 2008 aliaque
1217 1938 1371 1994 haud
1404 1957 1593 2012 pauca
1622 1942 1842 2014 subigit
1872 1942 2111 1998 castella

457 2022 714 2130 Cumque
746 2026 817 2079 ad
850 2026 1191 2130 Tarsum‘et
1240 2031 1658 2100 Mopsuestiam
1724 2033 1937 2089 ducere
1994 2050 2104 2089 non
2138 2065 2186 2130 B

459 2113 719 2182 auderet,
752 2116 905 2184 quod
941 2116 1056 2182 iam
1104 2116 1293 2172 hiems
1343 2124 1667 2190 appeteret,
1720 2121 1917 2177 relicto
1950 2140 2017 2178 ea
2047 2123 2105 2177 in

460 2202 753 2272 provincia
784 2203 973 2258 valido
1009 2207 1362 2276 praesidioﬁn
1388 2208 1811 2280 Cappadociam
1840 2210 2107 2265 hiberno-

458 2307 590 2344 rum
622 2308 799 2345 causa
831 2293 973 2346 abit.
1009 2296 1252 2349 Ineunte
1277 2314 1407 2351 vere
1432 2315 1665 2353 rursum
1724 2299 1981 2354 Ciliciam
2015 2300 2106 2354 in-

456 2385 574 2433 trat
608 2397 620 2433 :
653 2380 906 2436 etdiviso
931 2382 987 2436 in
1011 2384 1158 2438 duas
1175 2386 1328 2441 862
1356 2392 1550 2457 partes
1571 2389 2106 2459 exercitu,Leonem

459 2468 528 2522 ad
569 2471 1028 2540 oppugnandum
1063 2473 1307 2529 Tarsum
1343 2493 1475 2532 cum
1512 2476 1693 2533 altera
1724 2482 1887 2549 parte
1905 2478 2108 2545 mittit,

461 2557 703 2613 alteram
737 2559 860 2629 ipse
892 2562 962 2616 ad
997 2563 1407 2634 Mopsucstiam
1442 2567 1769 2623 ducit.Eam
1804 2584 1935 2622 cum
1957 2567 2108 2623 acri-

460 2652 549 2701 ter
577 2657 963 2719 oppugnaret,
999 2652 1151 2705 fame
1184 2655 1360 2708 etiam
1395 2656 1823 2726 oppidanorum
1847 2658 2108 2727 adjutus,

463 2753 641 2791 unam
677 2738 840 2793 urbis
872 2745 1096 2810 partem
1130 2743 1305 2813 capit.
1341 2747 1415 2798 Ea
1458 2745 1615 2799 enim
1653 2746 1793 2799 urbs
1853 2746 2049 2800 media
2078 2761 2111 2800 ο.

464 2826 605 2882 Saro
638 2826 879 2882 ﬂumine
911 2836 1165 2900 secatur,
1198 2832 1279 2887 ita
1311 2838 1373 2887 ut
1404 2834 1530 2888 due:
1562 2834 1737 2890 urbes
1781 2834 2107 2889 videantur.

461 2914 658 2970 Altera
689 2915 959 2987 igitur,ut
990 2918 1441 2991 diximus,parte
1463 2922 1733 2992 capta,ad
1755 2922 1996 2977 alteram
2016 2922 2115 2976 Sa-

468 3004 659 3059 raceni
684 3006 1318 3079 confugiunt,undiquc
1331 3011 1484 3081 quod
1514 3018 1751 3082 captum
1775 3017 1898 3066 erat
1918 3011 2113 3065 incen-

467 3094 690 3149 dentes.
724 3095 834 3149 Sed
867 3096 1062 3152 acrius
1094 3098 1166 3153 ad
1198 3101 1694 3170 oppugnationem
1737 3101 2112 3156 incumbente

465 3184 541 3238 im
553 3184 1023 3255 peratore,altera
1036 3204 1267 3259 quoque
1282 3205 1417 3259 pars
1432 3194 1602 3261 capta
1614 3191 1962 3259 est,nemine
1978 3192 2113 3245 inde

466 3273 917 3343 alfugiente.Leo
932 3282 1125 3331 autem
1144 3279 1514 3349 imperatoris
1530 3280 1889 3335 fratsrTarsu
1902 3298 1951 3335 ιη
1964 3279 2115 3335 obsi-

465 3362 772 3425 dens,cum
786 3367 1073 3420 exercitus
1088 3372 1307 3437 partem
1327 3367 1661 3437 pabulatum
1674 3370 2113 3425 frumentatum-

469 3467 582 3521 que
607 3452 864 3507 misisset
882 3454 1593 3524 duceMonasteriote,voti
1614 3459 1855 3514 minime
1873 3475 2111 3528 compos

470 3539 574 3593 fuit
608 3556 622 3594 :
650 3556 782 3595 nam
807 3541 933 3596 sine
957 3545 1198 3599 custode
1223 3545 1541 3617 dissipatos
1565 3548 1915 3619 praedatores
1938 3552 2113 3601 noctu

468 3632 783 3685 'l‘arsenses
815 3633 1056 3703 egressi,
1093 3633 1173 3687 ita
1205 3640 1267 3687 ut
1299 3652 1468 3691 nemo
1500 3653 1702 3691 eorum
1747 3636 2113 3705 eruptionem

469 3718 684 3773 sentire
717 3721 990 3790 potuerit,
1023 3722 1329 3790 invadunt,
1363 3730 1418 3779 et
1448 3725 1605 3780 haud
1646 3742 1857 3796 paucos
1890 3725 2113 3779 interﬁ-

470 3808 716 3876 ciunt,et
748 3810 803 3862 in
830 3809 921 3864 his
945 3810 1771 3869 Monasteriotem.’l‘arsenses
1795 3818 2114 3879 autem,co-

469 3896 631 3967 gnita
661 3897 1030 3969 Mopsuestia:
1061 3902 1511 3972 expugnatione,
1544 3902 1928 3974 oppressique
1958 3902 2114 3958 obsi-

469 3986 639 4041 dione
656 3992 713 4041 ct
746 3990 920 4052 fame,
956 3988 1177 4060 legatos
1210 3991 1278 4044 ad
1314 3996 1557 4047 Leonem
1591 3992 1835 4046 mittunt
1860 3993 2114 4063 impera-

468 4079 678 4141 torem,
739 4077 1075 4132 invocantes
1125 4084 1181 4132 et
1226 4080 1607 4151 deprecantes
1664 4086 1729 4135 ut
1788 4081 2113 4137 incolumes

468 4163 789 4219 dimitteret
822 4166 963 4222 urbe
993 4168 1209 4222 dedita.
1245 4168 1373 4239 Ipse
1405 4181 1600 4226 autem
1645 4187 1777 4225 cum
1811 4171 2115 4242 permisis-

469 4258 558 4309 set
588 4258 652 4308 ut
709 4260 931 4310 certum
991 4258 1282 4327 quoddam
1343 4260 1570 4329 pondus
1625 4260 1941 4329 auferrent,
2003 4258 2116 4315 alia

467 4343 664 4398 omnia
698 4344 861 4399 urbis
894 4345 1046 4401 bona
1076 4346 1344 4417 diripuit.
1378 4348 1719 4420 Triduoque
1776 4350 1929 4403 863
1986 4352 2116 4419 post

470 4434 983 4503 expugnationem,
1018 4434 1226 4491 classis
1261 4437 1510 4492 maxima
1538 4455 1607 4492 ex
1650 4438 1892 4509 Egypto
1941 4439 2112 4491 adve-

471 4520 557 4574 nit
587 4538 755 4593 opem
788 4524 967 4579 Tarso
1017 4524 1225 4593 latura,
1281 4527 1573 4582 frumento
1622 4534 1834 4582 onusta
1876 4532 1934 4581 et
1982 4525 2114 4580 aliis

470 4611 646 4667 rebus
677 4629 805 4683 quae
832 4614 900 4667 ad
937 4614 1153 4670 victum
1185 4620 1324 4670 sunt
1354 4615 1714 4671 necessariae.
1748 4616 1965 4670 Verum
1991 4632 2114 4685 per-

468 4700 650 4756 missa
682 4719 795 4757 non
828 4708 915 4758 est
948 4705 1017 4759 ad
1052 4710 1266 4760 terram
1289 4705 1579 4777 appellere
1604 4721 1791 4775 neque
1815 4703 2113 4759 exsensio-

2298 1408 2352 1460 Ὀ
2387 1406 2442 1462 δὲ
2474 1408 2784 1485 Νικηφόρος
2836 1408 2972 1463 κατά
2999 1409 3061 1461 τὸ
3094 1404 3340 1480 δεύτερον
3393 1401 3511 1466 ἔτος
3558 1406 3657 1467 τῆς
3712 1402 3883 1456 αὐτοῦ

2230 1496 2527 1571 βασιλείας,
2578 1497 2629 1552 ἐν
2699 1498 2829 1571 μηνὶ
2891 1495 3129 1570 Ἰουλίῳ,
3193 1493 3528 1555 ἷνδικτιῶνος
3600 1498 3661 1561 ζ“,
3720 1490 3879 1561 ἔξεισι

2225 1588 2359 1640 κατά
2436 1587 2683 1649 Κιλικίας
2750 1587 2841 1642 σὺν
2923 1588 3077 1663 βαρεῖ
3145 1588 3356 1657 στρατῷ
3412 1582 3696 1656 Ῥωμαίων
3782 1581 3877 1635 καὶ

2224 1678 2534 1752 συμμάχων
2593 1671 2825 1752 Ἰϐήρων
2883 1676 2972 1729 καὶ
3025 1674 3355 1751 Ἀρμενίων,
3417 1670 3561 1747 ἔχων
3621 1672 3877 1748 Θεοφανὼ

2219 1767 2318 1834 τήν
2374 1767 2614 1839 γαμετὴν
2667 1766 2757 1820 σὺν
2809 1771 2928 1828 τοῖς
2976 1768 3187 1826 τέκνοις
3238 1764 3426 1831 αὐτῆς.
3473 1761 3715 1831 Ἐκείνην
3776 1760 3872 1833 μὲν

2222 1852 2311 1907 οὖν
2362 1852 2551 1923 ἔξωθεν
2600 1862 2701 1923 τῆς
2748 1854 3003 1918 Κιλικίας
3055 1851 3106 1908 ἔν
3156 1872 3264 1906 τινι
3313 1851 3556 1927 φρουρίῳ
3593 1847 3870 1922 καταλιμο

2218 1944 2396 2013 πάνει,
2455 1944 2653 2016 Δριζίῳ
2711 1941 3059 2015 καλουμένῳ,
3112 1942 3275 2002 αὐτὸς
3334 1937 3390 1994 δὲ
3457 1938 3713 2002 εἰσελθὼν
3791 1938 3869 1999 εἷς

2218 2030 2462 2086 Κιλικίαν
2514 2028 2871 2107 Ἀνάζαρϐαν,
2920 2031 3008 2085 καὶ
3057 2031 3308 2099 Ῥωσσὸν,
3342 2030 3429 2084 καὶ
3473 2025 3710 2086 ⁹¹Αδαναν
3766 2028 3866 2089 τὰς

2216 2120 2426 2189 πόλεις,
2475 2122 2562 2175 καὶ
2612 2119 2769 2197 ’έτερα
2819 2120 2917 2175 οὐκ
2967 2119 3124 2195 ὀλίγα
3174 2119 3407 2194 φρούρια
3446 2116 3866 2192 κατεστρέψατο.

2218 2211 2337 2265 Ἐπὶ
2372 2209 2428 2265 δὲ
2456 2212 2555 2279 τὴν
2587 2212 2797 2286 Ταρσὸν
2849 2211 2938 2265 καὶ
2984 2210 3081 2277 τήν
3133 2210 3331 2281 Μόψου
3384 2206 3559 2262 ἑστίαν
3610 2204 3865 2269 ἀπελθεῖν

2218 2299 2317 2354 οὐκ
2348 2298 2629 2374 ἐθάρρησε,
2673 2303 2948 2373 χειμῶνος
2978 2295 3085 2367 ἤδη
3118 2292 3540 2357 καταλαϐόντος.
3574 2295 3671 2350 Καὶ
3704 2314 3867 2367 στρα-

2216 2388 2306 2443 τὸν
2338 2388 2428 2442 τὸν
2458 2390 2788 2463 ἀποχρῶντα
2817 2384 3134 2441 καταλιπὼν
3168 2385 3340 2440 ἐκεῖσε
3372 2383 3556 2457 ἔξεισιν
3617 2382 3668 2438 ἐν
3720 2390 3869 2437 Καπ-

2219 2474 2455 2547 παδοκίᾳ
2500 2476 2952 2552 παραχειμάσων.
3010 2477 3178 2550 Ἦρος
3228 2472 3285 2529 δὲ
3334 2475 3650 2549 ἀρχομένου
3700 2470 3871 2527 πάλιν

2220 2564 2465 2635 εἰσῆλθεν
2491 2565 2542 2621 ἐν
2578 2565 2815 2637 Κιλικίᾳ,
2855 2566 2945 2620 καὶ
2977 2562 3109 2639 διχῆ
3145 2561 3341 2619 διελὼν
3372 2564 3439 2617 τὰ
3470 2563 3870 2639 στρατεύματα,

2217 2657 2315 2723 τὴν
2355 2658 2447 2729 μὲν
2478 2656 2685 2727 Ταρσὸν
2714 2655 3031 2729 πολιορκεῖν
3065 2654 3239 2729 ἀφῆκε
3270 2651 3473 2707 Λέοντα
3494 2653 3585 2706 τὸν
3611 2649 3872 2728 ἀδελφὸν,

2220 2746 2377 2807 αὐτὸς
2414 2742 2470 2799 δέ
2500 2746 2560 2799 τὸ
2593 2743 2785 2799 λοιπὸν
2820 2744 3087 2819 ἀράμενος
3114 2750 3214 2811 τῆς
3260 2746 3509 2817 στρατιᾶς
3557 2744 3625 2815 τῇ
3675 2741 3873 2813 Μόψου

2222 2833 2369 2904 ἐστίᾳ
2399 2836 2722 2909 προσέσχεν.
2756 2835 2997 2909 Ένεργῷ
3029 2829 3086 2886 δέ
3115 2833 3467 2907 χρησάμενος
3514 2834 3583 2903 τῇ
3633 2828 3873 2904 πολιορο

2220 2924 2329 2995 κίᾳ,
2362 2922 2505 2998 ἔχων
2538 2922 2595 2978 δὲ
2645 2923 2733 2977 καὶ
2779 2924 2868 2977 τὸν
2931 2921 3092 2993 λιμὸν
3150 2922 3517 2995 ἐπαρήγοντα,
3569 2917 3870 2991 παραλαμ-

2222 3009 2368 3067 ϐάνει
2400 3014 2462 3067 τὸ
2492 3013 2548 3067 ἓν
2584 3012 2747 3087 μέρος
2796 3018 2895 3081 τῆς
2944 3009 3181 3071 πόλεως·
3214 3009 3462 3081 τέμνεται
3505 3008 3607 3081 γὰρ
3638 3008 3673 3075 ἡ
3704 3006 3877 3067 πόλις

2224 3101 2356 3170 αὕτη
2396 3100 2554 3174 μέσον
2586 3104 2665 3173 τῷ
2698 3101 2859 3175 Σάρῳ
2898 3102 3152 3171 ποταμῷ,
3182 3099 3255 3159 ὡς
3307 3094 3483 3151 δοκεῖν
3534 3092 3628 3149 δύο
3675 3091 3877 3155 πόλεις

2224 3190 2357 3245 εἶναι
2394 3193 2526 3263 (14).
2553 3194 2655 3245 Τοῦ
2686 3190 2802 3251 ἐνὸς
2834 3190 2951 3257 οὗν,
2978 3189 3050 3250 ὡς
3100 3184 3331 3263 εἶ’ρηται,
3366 3185 3562 3257 μέρους
3615 3181 3878 3248 ἁλόντος,

2223 3279 2309 3334 ἐπὶ
2358 3280 2422 3333 τὸ
2468 3276 2650 3353 ἕτερον
2700 3280 2750 3332 οἱ
2804 3277 3111 3350 Σαρακηνοὶ
3157 3274 3573 3351 καταφεύγουσι,
3604 3272 3665 3326 τὸ
3694 3269 3881 3326 ἑαλωο

2226 3370 2319 3429 κὸς
2357 3368 2693 3441 πανταχόθεν
2764 3366 3085 3444 ὑφάψαντες.
3140 3362 3487 3441 Σφοδροτέρᾳ
3545 3360 3603 3416 δὲ
3658 3379 3881 3435 χρησα-

2144 3434 2185 3499 C
2228 3460 2392 3531 μένου
2422 3462 2518 3512 τοῦ
2538 3434 2820 3532 ⁷βασιλέως
2851 3434 2918 3530 τῇ
2949 3434 3242 3529 πολιορκία
3267 3434 3531 3507 έάλωῇκαὶ
3578 3451 3641 3505 τὸ
3686 3434 3878 3522 ἕτερον

2227 3547 2410 3620 μέρος.
2446 3550 2524 3620 [Ρ.
2569 3548 2696 3619 655]
2751 3542 2979 3619 μηδενὸς
3024 3544 3221 3607 ἐκεῖθεν
3280 3539 3654 3619 διαφυγόντος.
3712 3539 3770 3591 Ὁ
3817 3535 3884 3592 δὲ

2222 3639 2317 3704 τήν
2378 3636 2585 3709 Ταρσὸν
2644 3636 3101 3709 παρακαθήμενος
3157 3634 3308 3687 Λέων
3370 3632 3397 3684 ὁ
3446 3633 3542 3684 τυῦ
3598 3625 3881 3701 βασιλέως

2225 3723 2480 3803 ἀδελφὸς,
2516 3724 2601 3778 ἐπὶ
2637 3722 3006 3799 χορτολογίαν
3055 3721 3145 3776 καὶ
3192 3718 3472 3793 συλλογὴν
3521 3722 3629 3771 τῶν
3678 3715 3879 3780 ἐπιτη-

2226 3810 2383 3867 δείων
2418 3813 2579 3889 μέρος
2614 3811 2937 3873 ἀποστείλας
2980 3818 3080 3880 τῆς
3129 3809 3379 3883 στρατιὰς
3431 3803 3657 3882 ἔξαρχον
3704 3804 3881 3880 ἐχού-

2224 3924 2323 3973 σης
2372 3904 2464 3958 τὸν
2515 3902 3006 3978 Μοναστηριώτην,
3038 3899 3351 3974 ἠτύχησεν·
3387 3896 3710 3975 ἀφυλάκτως
3768 3894 3879 3969 γὰρ

2224 3990 2696 4055 διασκεδασθέντας
2746 3991 2871 4053 τοὺς
2922 3989 3365 4064 προνομεύοντας
3422 3986 3613 4045 νυκτὸς
3646 3985 3696 4038 oi
3732 3989 3880 4058 Ταρ-

2223 4087 2333 4145 σεῖς
2377 4079 2703 4151 ἐξελθόντες,
2753 4080 2829 4140 ὡς
2886 4077 3077 4152 μηδενὶ
3141 4077 3480 4145 συναίσθησιν
3530 4081 3631 4143 τῆς
3687 4071 3881 4141 ἐξόδου

2222 4170 2649 4245 παρεσχηκέναι,
2697 4167 3021 4232 ἐπιτίθενται
3072 4164 3485 4241 διεσπαρμένοις
3546 4163 3755 4222 αὐτοῖς,
3785 4160 3881 4215 καὶ

2223 4258 2321 4313 οὐκ
2369 4258 2589 4333 ὀλίγους
2651 4255 2981 4334 διέφθειραν,
3017 4256 3068 4311 ἐν
3122 4259 3202 4319 οἷς
3261 4255 3329 4324 ἦν
3383 4252 3472 4309 καὶ
3522 4254 3549 4307 ὁ
3596 4257 3883 4320 Μοναστη-

2224 4347 2427 4423 ριώτης
2488 4347 2800 4416 αὐτός.Τήν
2849 4344 2907 4401 δὲ
2957 4354 3057 4415 τῆς
3104 4345 3300 4418 Μόψου
3359 4342 3533 4402 ἱστίας
3588 4340 3791 4395 ἅλωσιν
3822 4339 3880 4392 οἱ

2220 4443 2445 4511 Ταρσεῖς
2494 4436 2808 4511 ἐγνωκότες,
2858 4436 3172 4507 πιεζόμενοι
3218 4432 3275 4487 δὲ
3330 4436 3399 4505 τῇ
3440 4428 3736 4503 πολιορκίᾳ
3782 4428 3877 4482 καὶ

2220 4530 2301 4597 τῷ
2359 4523 2531 4598 λιμῷ,
2566 4520 3044 4601 διεπρεσϐεύσαντο
3092 4523 3227 4599 πρὸς
3284 4522 3371 4576 τὸν
3431 4520 3652 4585 Λέοντα,
3684 4518 3880 4571 ἐπικα-

2224 4613 2485 4687 λούμενοι
2531 4614 2620 4669 τὸν
2690 4612 2916 4690 βασιλέα
2966 4612 3055 4667 καὶ
3104 4610 3460 4686 λιπαροῦντες
3503 4610 3723 4668 ἀπαθεῖς
3781 4627 3880 4660 κα-

2223 4708 2331 4758 κῶν
2391 4703 2744 4781 φυλαχθῆναι
2816 4704 2905 4758 καὶ
2976 4704 3073 4771 τήν
3150 4702 3353 4755 ἑαυτῶν
3428 4693 3879 4773 παραδεδωκέναι

470 4806 601 4845 nem
633 4792 819 4847 facere
851 4794 921 4847 ab
957 4792 1027 4848 iis
1050 4794 1340 4849 militibus
1359 4794 1578 4864 quibus
1604 4798 1725 4848 erat
1758 4794 1829 4848 ab
1866 4793 2112 4864 impera-

2224 4790 2498 4849 πόλιν,Ὀ
2556 4790 2613 4847 δὲ
2672 4792 2834 4869 ῥητόν
2894 4812 2945 4847 τι
3002 4790 3224 4868 φορτίον
3268 4786 3491 4843 ἕκαστον
3538 4787 3690 4863 ἀφεὶς
3740 4785 3878 4840 ἀπο-

466 4885 589 4935 tore
622 4881 919 4937 maritima
950 4883 1218 4938 custodia
1263 4883 1617 4949 commissa;
1667 4898 1923 4953 cumque
1965 4882 2112 4937 nihil

466 4988 635 5043 agere
659 4972 1782 5044 potuissent,redierunt,inquemaxime
1808 4974 2116 5045 naufragia

468 5062 539 5116 ob
570 5068 879 5119 ventorum
910 5062 1026 5117 vim
1058 5061 1389 5117 inciderunt
1411 5066 1467 5117 et
1499 5061 1785 5133 impetum
1813 5062 2115 5118 bellicosa-

467 5166 598 5205 rum
633 5152 1004 5223 imperatoris
1036 5151 1565 5206 navium.1ncensis
1588 5152 1768 5223 igitur
1797 5157 1854 5207 et
1874 5154 2114 5209 combu-

466 5240 574 5295 stis
608 5240 848 5313 reliquis
879 5240 1089 5297 Ciliciae
1121 5239 1393 5307 urbibus,
1422 5239 1655 5295 Octobri
1688 5257 1913 5309 mense,
1958 5242 2113 5296 indi-

466 5329 659 5385 ctione
694 5347 869 5401 nona,
898 5328 1102 5401 Cpolin
1156 5329 1354 5399 rediit,
1381 5345 1579 5385 secum
1614 5330 1911 5385 adducens
1948 5330 2114 5386 Tarsi

467 5424 668 5489 portas
683 5424 740 5473 et
753 5417 1299 5489 Mopsuestim,quas
1312 5434 1444 5474 cum
1462 5419 1823 5476 extrinsecus
1837 5437 1978 5476 auro
1992 5420 2112 5476 dis-

2224 4882 2499 4960 φέρεσθαι,
2552 4882 2643 4936 τὸν
2707 4879 2880 4937 ἄλλον
2940 4880 3145 4935 ἅπαντα
3201 4878 3437 4933 πλοῦτον
3498 4874 3727 4950 κατέσγε
3773 4877 3880 4943 τὴς

2225 4971 2463 5035 πόλεως.
2490 4971 2640 5028 Μετά
2670 4968 2727 5025 δὶ
2754 4976 2901 5047 τρεῖς
2932 4971 3141 5043 ἡμέρας
3169 4972 3265 5023 τοῦ
3310 4969 3411 5037 τὴν
3459 4964 3620 5022 πόλιν
3665 4963 3882 5020 ἁλῶναι

2226 5059 2420 5123 στόλος
2473 5060 2726 5136 μέγιστος
2770 5059 2821 5130 ἐξ
2880 5058 3163 5133 Αἰγύπτου
3215 5058 3505 5133 βοηθήσων
3553 5058 3622 5127 τῇ
3676 5056 3884 5128 Ταρσῷ

2224 5151 2576 5226 παρεγένετο,
2621 5148 2845 5224 πλήρης
2896 5147 3153 5223 ὑπάρχων
3202 5147 3354 5200 σίτου
3395 5144 3483 5199 καὶ
3528 5148 3634 5198 τῶν
3686 5140 3881 5197 ἄλλων

2225 5244 2330 5294 τῶν
2365 5239 2499 5315 πρὸς
2529 5239 2589 5293 τὸ
2624 5242 2717 5312 ζῇν
2746 5237 3078 5312 ἀναγκαίων.
3113 5236 3192 5293 Οὐ
3228 5235 3586 5311 συνεχωρήθη
3620 5230 3677 5288 δέ
3704 5251 3883 5307 προσ-

2224 5334 2379 5403 σχεῖν
2410 5332 2478 5401 τῇ
2512 5332 2581 5402 γῇ
2615 5325 2727 5382 οὐδ’
2761 5322 3032 5397 ἀποϐῆναι
3067 5324 3213 5401 παρᾶ
3265 5329 3372 5379 τῶν
3427 5323 3526 5379 ὑπὸ
3568 5327 3663 5377 τοῦ
3720 5322 3883 5397 βατι-

2226 5417 2368 5480 λέως
2400 5416 2709 5492 ταχθέντων
2767 5417 2867 5485 τὴν
2926 5412 3200 5491 παραλίαν
3258 5419 3443 5489 τηρεῖν
3504 5416 3881 5487 στρατιωτῶν.

1643 5549 2015 5606 XYLANDRI
2057 5550 2145 5605 ET
2181 5548 2402 5604 GOARI
2442 5547 2675 5604 NOT/E.

539 5645 649 5715 (14)
684 5644 1138 5724 Qe_sunt__m_u1ta.
1176 5648 1474 5724 Librarius
1507 5666 1519 5705 :
1552 5646 1738 5703 Λείπει
1767 5644 1824 5701 ἓν
1870 5645 2104 5724 φύλλον,

467 5713 608 5768 οὕτω
636 5713 728 5769 καὶ
759 5714 817 5770 ἐκ
844 5720 940 5772 τοῦ
972 5717 1324 5794 ἀντιγράφου.
1385 5721 1635 5777 Possunt
1690 5736 1758 5777 ea
1810 5713 2113 5792 utcunque

2221 5662 2291 5702 ex
2320 5647 2539 5719 Zonara
2567 5646 2750 5719 repeti
2786 5663 2798 5702 :
2834 5661 2971 5719 nam
2994 5642 3212 5719 alioqui
3238 5645 3446 5719 Noster
3466 5649 3556 5719 est
3587 5644 3645 5698 in
3670 5642 3881 5719 multis

2226 5718 2531 5791 copiosior.
2565 5715 2699 5775 XiL.
2732 5750 2799 5759 —
2830 5715 3246 5790 Supplevimus
3276 5733 3345 5773 ex
3389 5715 3653 5788 Soylitze.
3686 5716 3879 5775 (ὶοΑιι.
