4036 6330
146 398 224 459 97
1290 396 1833 461 BIS’I‘ORIABUM
1875 394 2400 458 COMPENDIUM
2421 439 2439 458 .
3493 407 3576 470 98

142 535 237 590 Καὶ
265 536 345 607 μὴ
404 530 632 612 ἔχοντες
681 532 714 590 ὅ
765 555 816 590 τι
872 535 1181 610 χρήσονται
1232 535 1350 596 τοῖς
1405 534 1667 609 παροῦσιν
1702 531 1797 586 ὗπι

1941 529 2199 597 inxisset,
2235 545 2456 587 munus
2504 532 2703 588 attulit
2749 533 2925 607 regias
2974 538 3106 593 urbi
3148 539 3571 614 dedicandum,

143 628 424 700 ἔστρεψαν,
481 624 761 699 ναυαγίοις
818 620 1081 697 μεγάλοις
1131 620 1511 697 περιπεσόντες
1580 619 1686 675 ἀπό
1740 640 1799 675 τε

1939 618 2057 675 .lias
2071 619 2141 674 ad
2163 634 2357 675 arcem
2371 618 2918 695 collocandas,a|ias
2939 627 3011 681 ad
3026 630 3227 683 Aurem
3250 635 3432 701 porte
3446 648 3544 688 mu
3556 664 3574 676 -

144 714 357 788 ἀνέμων
406 713 626 786 ἀταξίας
674 713 763 768 καὶ
809 719 911 781 τῆς
938 711 1230 773 ἐπιθέσεως
1256 714 1365 765 τῶν
1392 715 1489 766 τοῦ
1536 709 1806 787 βασιλέως

1939 725 2071 763 νοω.
2100 708 2315 764 Attulit
2334 709 2511 765 etiam
2535 710 2652 767 Deo
2673 712 2895 769 donum
2914 718 2972 771 et
2992 717 3083 772 sui
3107 719 3397 777 exercitus
3419 721 3571 779 deci-

144 803 469 877 πολεμικῶν
514 801 726 858 πλοίων
763 847 776 859 .
835 802 1064 876 Δῃώσας
1125 798 1183 856 δὲ
1233 799 1324 856 καὶ
1373 799 1656 878 τεφρώσας
1712 798 1802 853 καὶ

1939 813 2098 868 nam,
2115 799 2480 854 venerandas
2502 815 2724 871 cruces,
2750 807 2951 875 captas
2973 807 3210 877 quando
3233 808 3568 868 scholarum

140 896 229 957 ti:
260 893 471 957 λοιπὰς
499 890 689 955 πόλεις
732 898 834 962 τῆς
876 889 1150 957 Κιλικίας,
1195 894 1275 962 τῷ
1305 884 1618 965 Ὀκτωϐρίῳ
1670 889 1801 961 μηνὶ

1939 886 2272 942 lomesticus
2286 886 2866 960 StypelotesTarsum
2881 894 3158 951 obsidens
3170 896 3572 968 imprudentia

140 991 237 1053 τῆς
303 981 534 1054 ἐννάτης
605 979 943 1045 ίνδικτιῶνος
1014 980 1341 1055 ὑπέστρεψεν
1392 978 1470 1041 εἷς
1520 985 1799 1033 Κωνσταν-

1949 992 2022 1031 ua
2051 992 2185 1032 cum
2219 976 2380 1032 omni
2411 977 2670 1034 exercitu
2695 979 2964 1037 funditus
2994 983 3223 1040 deletus
3252 991 3344 1043 est
3376 1004 3388 1042 :
3422 1005 3574 1060 quas

141 1071 487 1143 τινοῦπολιν,
538 1067 684 1147 ἔχων
746 1071 860 1144 μεθ’
914 1070 1107 1125 ἑαυτοῦ
1136 1068 1227 1124 καὶ
1283 1068 1378 1131 τὰς
1434 1074 1537 1139 τῆς
1587 1070 1798 1142 Ταρσοῦ

1939 1066 2087 1122 ηιίιιπι
2103 1070 2478 1123 sacrosancto
2491 1068 2711 1140 templo
2729 1070 3003 1128 DeiVerbi
3016 1075 3245 1146 Sophiae
3258 1078 3567 1136 dedicavit.

140 1161 314 1224 πύλας
370 1161 463 1216 καὶ
518 1159 615 1222 τὰς
668 1166 767 1230 τῆς
815 1158 1014 1233 Μόψου
1069 1157 1246 1223 ἑστίας
1263 1202 1283 1229 ,
1371 1156 1432 1220 ἃς
1510 1157 1599 1211 καὶ
1664 1159 1858 1231 χρυσῷ
1913 1153 2229 1224 καταστίξας
2286 1149 2478 1224 ἔξωθεν
2537 1154 2789 1230 ἀνάθημα
2843 1162 2911 1233 τῇ
2969 1160 3209 1236 βασιλίδι
3268 1162 3568 1241 διεκομισε,

139 1254 229 1317 τις
288 1252 386 1326 μὶν
445 1249 582 1306 κατᾶ
634 1250 732 1318 τὴν
790 1246 1094 1325 ἀκρόπολιν
1150 1250 1373 1319 στήσας,
1430 1246 1528 1311 τὰς
1577 1242 1635 1301 δὲ
1688 1245 1826 1301 κατὰ
1880 1244 1944 1299 τὸ
1993 1250 2095 1331 τῆς
2149 1245 2369 1331 Χρφσῆς
2421 1244 2631 1320 πόρτης
2679 1252 2886 1323 τεῖχος»
2920 1250 3206 1323 Διεκόμισε
3257 1251 3316 1310 δὲ
3369 1258 3459 1311 καὶ
3489 1263 3569 1331 τῷ

140 1347 252 1414 θεῷ
333 1338 511 1415 δῶρον
578 1337 671 1393 καὶ
734 1337 965 1408 δεκάτην
1030 1342 1132 1406 τῆς
1210 1336 1403 1391 ἑαυτοῦ
1483 1332 1764 1409 στρατείας
1840 1330 1970 1396 τοὺς
2048 1330 2597 1406 αῒχμαλωτισθεντας
2677 1335 2894 1408 τιμίους
2980 1340 3262 1414 σταυροὺς,
3331 1345 3568 1415 ὁπηνίκα

143 1432 470 1505 δομέστικος
533 1433 640 1484 τῶν
718 1426 941 1504 σχολῶν
1012 1424 1087 1482 ὢν
1160 1427 1189 1482 ὁ
1266 1425 1619 1495 Στυπειώτης
1693 1423 1784 1479 καὶ
1837 1423 1938 1492 τήν
1993 1422 2206 1497 Ταρσὸν
2255 1423 2711 1497 παρακαθήμενος
2774 1426 3032 1483 παντελεῖ
3085 1429 3433 1509 πανωλεθρίᾳ
3496 1438 3566 1509 τῇ

143 1522 321 1593 οἶκείᾳ
376 1514 615 1591 ἀϐουλίᾳ
668 1512 1013 1583 καθυπίϐαλε
1061 1515 1129 1572 τὰ
1182 1514 1572 1593 στρατεύματα·
1633 1512 1725 1577 οὓς
1786 1510 1844 1568 δὲ
1906 1511 1997 1567 καὶ
2043 1515 2124 1583 τῷ
2176 1511 2464 1585 πανσὲπτῳ
2490 1514 2703 1587 τεμένει
2731 1522 2831 1586 τῆς
2858 1520 2955 1571 τοῦ
2988 1522 3121 1573 Θεοῦ
3152 1519 3326 1596 Λόγου
3360 1523 3562 1600 Σοφίας

145 1610 408 1772 maxime!
446 1696 593 1769 αότῷ
639 1692 878 1771 δευτέρῳ
921 1699 1022 1764 τῆς
1067 1692 1235 1748 αὐτοῦ
1284 1690 1561 1768 βασιλείας
1618 1691 1809 1767 χρόνῳ

1989 1690 2205 1746 Eodem
2275 1691 2535 1747 secundo
2593 1692 2824 1766 imperii
2883 1711 3039 1753 anno
3096 1713 3333 1756 omnem
3389 1701 3569 1759 etiam

144 1794 171 1845 ὁ
214 1785 539 1865 Νικηφόρος
583 1784 675 1839 καὶ
725 1787 898 1838 πᾶσαν
948 1783 1048 1851 τήν
1094 1788 1259 1851 νῆσον
1308 1779 1525 1857 Κύπρον
1580 1783 1649 1855 τῇ
1700 1783 1809 1834 τῶν

1943 1779 2175 1835 nsulam
2210 1781 2466 1852 Cyprum
2497 1780 2555 1836 in
2586 1782 2984 1841 Romanorum
3018 1791 3369 1859 potestatem
3401 1792 3569 1850 Nice-

141 1876 433 1950 Ῥωμαίων
492 1874 840 1949 προσήγαγεν
901 1869 1235 1948 ἐπικρατείᾳ,
1294 1869 1422 1932 τοὺς
1480 1866 1813 1944 Ἀγαρηνοῦς

146 1965 423 2027 ἀπελάσας
486 1963 687 2027 ἐκεῖθεν
744 1958 835 2016 διὰ
888 1960 1106 2030 Νικήνα
1160 1957 1451 2034 πατρικίου
1506 1961 1603 2012 τοῦ
1660 1954 1811 2014 Χαλ-

146 2055 379 2125 κοῦτζη.

215 2149 312 2217 Τῷ
342 2142 402 2199 δὶ
439 2142 610 2218 τρίτῳ
652 2135 758 2195 ἔτει
815 2144 918 2209 τῆς
954 2134 1236 2227 βασιλείας
1268 2136 1461 2227 αὐτοῦ,
1490 2134 1666 2227 ἔαροςΔ
1691 2132 1810 2227 ἔπιέ
1841 2160 1891 2227 Β

1924 1868 2143 1940 phorus
2166 1869 2408 1942 redegit,
2434 1869 2571 1926 inde
2590 1871 2852 1943 expulsis
2870 1876 3157 1945 Agarenis
3180 1894 3283 1950 per
3308 1880 3356 1935 Ν
3362 1880 3569 1939 icetam

1925 1957 2238 2031 patricium
2269 1963 2328 2014 et
2356 1963 2663 2031 praetorem
2693 1961 3086 2020 Chalcutzem.

1992 2137 2149 2193 804
2179 2137 2376 2193 Tertio
2422 2154 2559 2195 vero
2590 2155 2743 2197 anno
2794 2142 2885 2197 sui
2916 2142 3057 2201 item
3105 2146 3358 2220 imperii,
3392 2167 3576 2225 appe-

149 2237 400 2306 στάντος,
448 2229 613 2286 πάλιν
671 2223 929 2297 εἰσϐολὴν
996 2226 1292 2298 ἐποιήσατο
1341 2226 1478 2281 κατᾶ
1535 2224 1733 2299 Συρίας
1783 2224 1816 2279 ἁ

1939 2230 2080 2282 :ente
2109 2241 2262 2297 vere,
2295 2242 2503 2284 rursus
2521 2229 2746 2299 Syriam
2779 2230 2994 2288 invasit
3022 2232 3376 2308 imperator;
3409 2223 3574 2297 cum-

162 2320 443 2398 βασιλεύς.
496 2318 593 2374 Καὶ
635 2312 930 2393 γενόμενος
958 2316 1098 2371 κατᾶ
1120 2317 1221 2386 τὴν
1253 2314 1592 2390 Ἀντιόχειαν
1645 2312 1813 2388 ταύτῃ

165 2414 257 2487 μὲν
311 2411 375 2466 οὗ
419 2402 779 2485 προσέϐαλεν,
823 2403 1049 2467 ἐλπίσας
1098 2402 1239 2479 μηδὶ
1286 2404 1385 2473 τὴν
1435 2404 1603 2473 ἀκοὴν
1649 2404 1816 2458 αὐτοῦ

160 2500 562 2570 ὖποστήσεσθαι
636 2495 766 2558 τοὺς
834 2495 1138 2569 Ἀντιοχεῖς
1217 2490 1703 2570 ἐκπεπληγμένους
1751 2493 1818 2546 τὰ

162 2593 234 2654 εἰς
288 2590 388 2651 τὶς
447 2584 638 2649 πόλεις
699 2586 796 2656 τῆς
852 2582 1107 2646 Κιλικίας
1162 2577 1586 2657 συμϐεϐηκότα.
1640 2580 1818 2638 Ἀλλὰ

158 2674 449 2755 παρελθὼν
499 2677 667 2746 αὐτὴν
711 2675 787 2738 εἷς
834 2675 902 2731 τὰ
961 2672 1214 2751 ἐνδότερα
1272 2675 1410 2748 μέρη
1463 2680 1565 2743 τῆς
1620 2674 1818 2743 Συρίας

159 2772 439 2848 ἐχώρησε,
485 2767 576 2823 καὶ
635 2763 829 2827 πόλεις
874 2762 1092 2827 πολλὰς
1133 2765 1221 2819 καὶ
1283 2762 1472 2838 χώρας
1528 2782 1817 2837 καταστρε-

158 2863 402 2936 ψάμενος
431 2859 570 2933 πρὸς
597 2860 677 2929 τῷ
739 2849 956 2927 Λιϐάνῳ
985 2851 1240 2926 κειμένας
1285 2854 1373 2907 καὶ
1552 2849 1816 2927 παραλίᾳ,

159 2955 236 3021 τῷ
294 2941 617 3023 Δεκεμϐρίῷ
677 2943 811 3018 μηνὶ
871 2940 1219 3019 ὑπέστρεψεν.
1263 2943 1349 3017 [Ρ.
1379 2943 1506 3015 656]
1541 2941 1822 3005 Εὖσθενῶς

165 3037 359 3095 ἂτῶν
410 3034 734 3111 Ἀντιοχέων
792 3029 1253 3109 προσδεχομένων
1285 3029 1376 3085 τὸν
1436 3028 1681 3103 πόλεμον
1733 3027 1823 3085 διὰ

161 3130 222 3183 τὸ
268 3126 529 3182 πλεῖστον
582 3123 714 3179 λαὸν
771 3120 832 3176 ἔκ
886 3127 986 3191 τῆς
1034 3116 1370 3195 περιοικίδος
1431 3117 1692 3183 εἷσελθεῖν
1748 3118 1824 3181 είς

160 3219 258 3287 τὴν
309 3215 477 3271 πόλιν
537 3212 622 3268 ἐπὶ
676 3209 922 3288 βοηθείᾳ,
975 3207 1409 3264 ἰπιλελοιπότων
1471 3205 1529 3263 δὲ
1577 3207 1666 3263 καὶ
1713 3213 1821 3263 τῶν

165 3304 470 3382 ἄναγκαίων
520 3306 600 3375 τῷ
652 3301 949 3374 Ῥωμαϊκῷ
1006 3301 1219 3373 στρατῷ
1245 3341 1261 3371 ,
1300 3298 1562 3382 γεοὲσθαι
1622 3294 1681 3352 δὲ
1735 3297 1825 3352 καὶ

166 3381 342 3469 τέλμα
401 3390 742 3462 ἁδιεξίτητον
797 3387 857 3443 ἐκ
905 3391 1004 3443 τοῦ
1050 3384 1225 3442 πολὺν
1278 3381 1485 3462 ὄμϐρον
1542 3386 1829 3461 οὐρανόθεν

168 3482 597 3560 καταρραγῆναι,
660 3477 1017 3554 ὑπεχώρησεν
1060 3472 1330 3551 ἄπρακτος
1380 3476 1470 3530 καὶ
1515 3476 1616 3545 τήν
1671 3476 1824 3551 βασι·

168 3534 621 3638 ίῖεῗιῖᾇξιᾷαϐἐ,
676 3534 865 3643 φίρῗωνι
913 3534 1032 3638 μεθ’
1090 3534 1283 3619 ἑαυτοῦ
1318 3534 1420 3619 καὶ
1475 3534 1584 3619 τὸν.
1624 3534 1825 3641 ἔχοντα
1853 3534 1896 3603 C

168 3661 586 3737 ἄχειρότευκτον
619 3654 920 3727 ἰκτῦπωμα
947 3659 1053 3723 τῆς
1089 3659 1305 3732 μορφῆς
1336 3657 1432 3708 τοῦ
1471 3654 1707 3730 Χριστοῦ
1733 3654 1823 3710 καὶ

166 3753 295 3805 Θεοῦ
321 3751 490 3821 ἡμῶν
519 3747 780 3821 κέραμον,
840 3743 901 3797 ὅν
950 3741 1100 3818 εὗρεν
1151 3740 1204 3796 ἐν
1254 3743 1394 3818 Ἱερᾷ
1431 3739 1591 3797 πόλει
1623 3743 1822 3813 ταύτην

168 3834 556 3912 πεπορθηκὼς,
586 3832 678 3889 καὶ
703 3836 813 3888 τῶν
844 3835 1052 3907 τριχῶν
1082 3834 1181 3887 τοῦ
1220 3832 1528 3887 Βαπτιστοῦ
1571 3833 1824 3889 Ἰωάννου

172 3927 478 4004 βόστρυχον
509 3921 606 3979 ἕνα
633 3919 1010 3996 πεπιλημὲνον
1038 3920 1254 3994 αἳματι.

230 4020 494 4076 τοιοῦτος
529 4010 575 4068 δ’
620 4009 695 4066 ὢν
744 4012 773 4066 ὁ
823 4009 1159 4086 Νικηφόρος,
1191 4008 1279 4064 καὶ
1310 4008 1584 4071 τοιαύταις
1612 4011 1825 4086 ’χρησά-

174 4127 327 4179 μενος
384 4102 761 4179 στρατηγίαις,
812 4099 903 4155 καὶ
961 4098 1049 4154 ἐπὶ
1107 4102 1365 4154 τοσοῦτον
1425 4098 1494 4154 τὰ
1541 4099 1828 4173 Ῥωμαίων

171 4196 407 4265 αὖξήσας
448 4191 744 4267 πράγματα
816 4187 1069 4265 (κατεσχε
1123 4188 1228 4262 γὰρ
1274 4187 1443 4243 πλίον
1498 4192 1605 4243 τῶν
1639 4188 1825 4243 ἑκατὸν

172 4283 385 4339 πόλεων
433 4283 528 4337 καὶ
582 4278 817 4358 φρούρια
873 4277 1122 4340 Κιλικίας
1165 4297 1257 4346 τε,
1306 4277 1397 4332 καὶ
1461 4276 1680 4353 Συρίας,
1737 4277 1828 4332 καὶ

174 4374 433 4443 Φοινίκης
489 4364 837 4439 Λιϐανησίας,
898 4368 971 4421 ὧν
1037 4365 1265 4441 μέγιστα
1305 4367 1395 4421 καὶ
1452 4365 1830 4440 ἐπισημότατα

172 4455 574 4537 ἧΔ’ν·ὶζαρ6ος
600 4460 715 4533 (15)
758 4458 848 4512 καὶ
891 4458 926 4528 ἠ
958 4452 1186 4525 “Λδανα,
1242 4457 1278 4525 ἡ
1339 4454 1531 4530 Μόψου
1569 4455 1734 4525 ἱστία,
1791 4459 1826 4527 ἡ

171 4554 406 4628 Ταρσὸς,
454 4550 522 4605 τὸ
576 4549 819 4623 Παγρᾶς,
877 4546 939 4601 τὸ
974 4546 1287 4620 Συννέφιον,
1336 4548 1371 4615 ἠ
1423 4543 1733 4615 Λαοδίκεια,
1764 4545 1827 4600 τὸ

170 4644 387 4710 Χάλεπ,
432 4634 586 4694 ἔθετο
617 4634 677 4692 δὲ
729 4636 819 4691 καὶ
871 4633 1182 4712 ὑποφόρους
1231 4634 1332 4704 τήν
1380 4654 1438 4689 τε
1479 4633 1531 4688 ἐν
1591 4634 1823 4711 Φοινίκῃ

170 4729 431 4807 Τρίπολιν
462 4726 553 4783 καὶ
610 4727 711 4795 τήν
771 4724 1100 4798 Δαμασκὸν),
1152 4722 1307 4797 ὅμως
1355 4723 1585 4796 μισητὸς
1616 4723 1826 4799 ἐγένετο

173 4821 312 4896 ηρᾶ
340 4817 548 4879 παντὸς
576 4816 888 4885 ἀνθρώπου,
918 4814 1008 4869 καὶ
1038 4812 1229 4876 πάντες
1257 4809 1454 4887 ἐδίψων
1498 4813 1600 4882 τήν
1629 4813 1825 4869 τούτου

1924 2332 2039 2388 que
2080 2314 2450 2372 Antiochiam
2505 2319 2881 2389 pervenisset,
2933 2322 3123 2395 ipsam
3172 2343 3289 2382 non
3339 2334 3430 2385 est
3478 2348 3576 2403 ag-

1924 2420 2186 2478 gressus,
2218 2421 2463 2476 sperans
2494 2406 2615 2462 fore
2660 2412 2725 2463 ut
2754 2424 2826 2465 ne
2867 2410 3084 2468 famam
3120 2415 3357 2487 quidem
3389 2420 3578 2489 ipsius

1925 2492 2286 2549 sustinerent
2313 2494 2759 2567 Antiochenses,
2794 2499 3056 2557 deterriti
3105 2503 3180 2560 iis
3210 2522 3338 2577 quae
3368 2508 3579 2566 Cilicia;

1925 2582 2174 2638 urbibus
2207 2582 2578 2653 acciderant;
2613 2587 2715 2641 sed
2746 2586 2932 2659 ipsam
2967 2594 3306 2662 praeteriens
3334 2596 3394 2652 in
3428 2597 3580 2656 inte-

1924 2671 2109 2727 riores
2138 2671 2315 2744 Syrias
2338 2677 2534 2744 partes
2556 2675 2851 2746 profectus
2868 2683 2978 2749 est,
2994 2681 3314 2754 multisque
3332 2687 3578 2744 urbibus

1926 2765 1985 2816 et
2015 2760 2172 2833 agris
2194 2761 2266 2816 ad
2298 2760 2587 2818 Libanum
2611 2768 2669 2820 et
2693 2766 2993 2823 maritima
3022 2769 3149 2827 loca
3179 2773 3308 2829 sitis
3327 2774 3384 2830 in
3409 2793 3577 2832 suam

1926 2852 2277 2922 potestatem
2327 2851 2605 2920 redactis,
2661 2870 2863 2913 mense
2892 2857 3199 2916 Decembri
3243 2864 3435 2919 rediit.
3468 2867 3578 2921 Sed

1929 2938 2156 2995 fortiter
2185 2938 2405 2995 bellum
2439 2942 2871 3002 sustinentibus
2898 2948 3299 3021 Antiochenis,
3324 2955 3479 3026 quod
3513 2970 3582 3011 ex

1930 3027 2200 3083 finitimis
2232 3029 2372 3084 locis
2395 3030 2594 3086 multa:
2625 3041 2825 3104 gentes
2843 3035 2899 3089 in
2920 3037 3125 3093 urbem
3158 3055 3222 3096 se
3243 3048 3585 3114 receperant

1933 3120 2000 3173 ut
2031 3117 2176 3188 ipsis
2206 3134 2375 3189 opem
2409 3120 2646 3187 ferrent,
2682 3126 2739 3178 et
2770 3131 3100 3182 commeatu
3132 3132 3393 3187 Romano
3422 3147 3583 3190 exer-

1934 3204 2075 3262 citui
2134 3207 2439 3263 deficiente
2498 3209 2766 3284 factoque
2814 3212 3037 3286 ingenti
3088 3232 3269 3286 emno,
3320 3222 3463 3277 adeo
3522 3228 3586 3278 ut

1933 3295 2173 3352 transiri
2207 3313 2321 3353 non
2363 3303 2564 3369 posset
2608 3306 2850 3374 propter
2897 3304 3147 3362 multam
3181 3324 3308 3379 quas
3341 3310 3412 3366 de
3438 3311 3584 3369 calo

1936 3384 2231 3441 deciderat
2262 3385 2541 3461 pluviam,
2575 3406 2636 3446 re
2666 3391 2879 3448 infecta
2927 3395 2997 3450 ad
3032 3396 3250 3469 regiam
3284 3399 3489 3457 urbem
3523 3419 3586 3460 se

1936 3475 2175 3547 recepit,
2208 3492 2407 3531 secum
2457 3479 2759 3535 adducens
2791 3482 2966 3539 ollam
3008 3502 3134 3557 quae
3178 3486 3433 3546 habebat
3460 3493 3585 3547 efﬁ-

1934 3563 2088 3637 giem
2122 3581 2236 3620 non
2280 3581 2459 3621 manu
2508 3568 2724 3624 factam
2776 3571 2978 3629 formas
3006 3574 3221 3632 Christi
3270 3583 3328 3634 et
3357 3580 3459 3637 Dei
3488 3598 3589 3636 no-

1934 3654 2039 3710 stri
2073 3654 2412 3727 imaginem,
2446 3672 2625 3727 quam
2654 3658 2946 3733 Hierapoli
2976 3680 3010 3718 a
3040 3680 3102 3719 se
3132 3675 3466 3740 expugnata
3496 3685 3587 3726 re-

1934 3742 2106 3816 perit,
2139 3747 2198 3799 et
2227 3742 2577 3815 capillorum
2608 3746 2856 3804 Joannis
2881 3750 3154 3823 Baptistae
3186 3760 3413 3826 partem
3442 3775 3587 3815 san-

1934 3831 2114 3901 guine
2145 3836 2499 3888 concretam.

2007 4009 2274 4083 Cumque
2303 4009 2441 4067 talis
2484 4016 2641 4069 esset
2686 4014 3049 4088 Nicephorus
3080 4035 3146 4075 ac
3191 4020 3412 4080 talibus
3441 4042 3588 4082 usus

1935 4098 2262 4156 honoribus
2309 4105 2365 4157 et
2413 4102 2650 4159 functus
2696 4106 3167 4178 magistratibus,
3203 4113 3464 4187 adeoque
3494 4133 3588 4173 res

1936 4188 2195 4245 auxisset
2224 4190 2617 4247 Romanorum
2665 4195 2904 4261 (etenim
2954 4198 3131 4255 urbes
3161 4203 3418 4273 amplius
3449 4222 3585 4261 cen-

1934 4282 2060 4334 tum
2093 4278 2247 4351 cepit
2288 4284 2345 4335 et
2390 4281 2608 4353 oppida
2656 4283 2892 4357 Ciliciae,
2923 4292 2983 4343 et
3026 4288 3227 4362 Syrias,
3259 4297 3318 4347 et
3355 4293 3585 4351 Phoeni-

1935 4367 2059 4437 cim,
2082 4372 2139 4423 et
2158 4368 2425 4441 Banisim,
2450 4387 2699 4441 quorum
2721 4375 2976 4432 maxima
2996 4382 3053 4433 et
3074 4379 3445 4439 nobilissima
3466 4384 3590 4442 hinc

1936 4460 2123 4524 erant,
2154 4458 2517 4530 Anazarbus,
2550 4462 2772 4529 Adana,
2806 4467 3181 4538 Mopsuestia,
3203 4471 3447 4543 Tarsus,
3478 4474 3585 4529 Pa-

1936 4562 2093 4618 gras,
2125 4548 2554 4619 Synnephium,
2591 4552 2897 4623 Laodicea,
2929 4554 3250 4630 Chalepum
3281 4577 3301 4615 :
3333 4561 3584 4618 tributa-

1937 4636 2081 4691 riam
2099 4636 2251 4693 805
2267 4654 2500 4710 quoque
2513 4639 2623 4695 sibi
2638 4640 3364 4716 fecitTripolinPhcsnicias
3380 4652 3586 4708 urbem

1935 4728 1993 4781 et
2020 4725 2415 4799 Damascum),
2434 4728 2825 4788 nihilominus
2846 4737 3042 4791 tamen
3075 4738 3350 4794 omnibus
3372 4740 3486 4795 fuit
3504 4741 3591 4796 in-

1933 4814 2547 4886 visushominibus,ac
2570 4836 2740 4876 nemo
2763 4837 2875 4877 non
2900 4824 3377 4898 cupiebatipsius
3393 4827 3588 4886 videre

173 4910 457 4973 Θεᾶσασθαι
483 4906 887 4983 καταστροφήν.
917 4902 1021 4965 Τὰς
1062 4901 1121 4958 δὲ
1165 4900 1339 4964 αἰτίας
1389 4901 1759 4977 ἀπαριθμήσει
1800 4905 1822 4959 ὁ

1939 4906 2264 4963 interitum.
2294 4907 2574 4966 Odiorum
2602 4926 2812 4968 causas
2837 4929 2944 4969 suo
2975 4913 3101 4971 loco
3130 4932 3511 4989 exponemus.

176 4998 335 5073 λόγος
364 4997 419 5051 ἐν
450 4995 626 5069 καίρῷ
651 4998 732 5066 τῷ
761 4994 1115 5069 προσήκοντι.

241 5086 623 5162 Ὑποστριφων
673 5081 720 5137 δ’
776 5084 805 5138 ὁ
861 5081 1174 5160 Νικηφόρος
1219 5079 1272 5151 ἐξ
1297 5080 1636 5157 Ἀντιοχείας
1691 5082 1827 5159 πρὸς

174 5179 271 5246 τὴν
302 5171 584 5252 βασιλίδα,
617 5172 668 5227 ἐν
700 5176 780 5245 τῷ
816 5167 1119 5247 διίρχεσθαι
1149 5170 1243 5225 τὸν
1268 5173 1501 5246 Ταῦρον,
1535 5168 1566 5224 ὅ
1612 5174 1829 5247 Μαῦρον

176 5267 297 5342 ὅρος
328 5263 620 5342 ἐγχωρίως
651 5262 892 5339 λέγεται,
945 5260 1203 5340 φρούριον
1233 5259 1369 5316 κατὰ
1396 5260 1459 5315 τὸ
1511 5260 1672 5334 μὶσον
1731 5264 1827 5315 τοῦ

176 5354 329 5429 ὅρους
357 5352 745 5427 δομησάμενος
773 5347 826 5406 ἔν
855 5371 965 5406 τινι
990 5349 1145 5430 λόφῳ
1192 5348 1559 5426 ἐρυμνοτάτῳ,
1591 5347 1823 5425 Μιχαὴλ

2006 5084 2317 5141 Antiochia
2365 5089 2661 5143 revertens
2709 5087 3092 5162 Nicephorus,
3134 5093 3272 5150 dum
3322 5096 3587 5154 Taurum

1936 5179 2198 5230 montem
2229 5174 2461 5245 (incolas
2494 5175 2771 5233 Maurum
2802 5182 3032 5253 vocant)
3054 5183 3288 5253 transit,
3309 5184 3369 5239 in
3394 5188 3587 5245 medio

1936 5262 2383 5333 ejuscastellum
2408 5264 2607 5320 condit
2626 5264 2685 5319 in
2709 5265 2854 5322 colle
2867 5268 3295 5340 munitissimo;
3319 5270 3380 5326 in
3402 5288 3588 5346 eoque

1934 5351 2568 5409 MichaelumBurtzam
2591 5354 2835 5425 patricia
2851 5362 3124 5415 ornatum
3147 5358 3431 5432 dignitate
3453 5363 3586 5420 roli-

1362 5519 1725 5577 XYLANDRI
1764 5519 1857 5577 ET
1897 5519 2119 5577 GOARI
2160 5519 2393 5578 NOTIE.

236 5656 351 5723 (15)
382 5657 492 5708 Pro
539 5651 840 5707 Anabarza
885 5649 1231 5723 Anagniqu
1280 5620 1561 5723 legerem,
1606 5652 1664 5723 et
1696 5648 1823 5702 Dri-

174 5718 341 5783 zinm'
355 5724 514 5798 apud
544 5723 832 5780 Zonaram
863 5725 952 5778 est
998 5718 1501 5777 Drizibz‘umfPost
1528 5718 1825 5774 defectum

1932 5647 2707 5734 enumerationest'urbi_um,
2740 5667 2889 5734 quas
2921 5654 2993 5709 de
3031 5657 3314 5730 Agarenis
3344 5676 3586 5734 recupe-

1936 5718 2089 5775 ravit
2115 5735 2183 5776 eo
2213 5718 2368 5777 bello
2398 5718 2780 5795 Nicephorus:
2814 5726 2957 5781 XYL.
