4050 6326
452 386 533 447 99
1803 367 2119 432 GEORGII
2161 366 2502 429 CEDRENI

3747 370 3869 433 100

456 519 602 591 quit,
636 512 939 588 praesidem
970 525 1103 565 eum
1135 506 1320 563 Mauri
1346 504 1564 561 montis
1586 502 1906 575 appellans,
1932 518 2095 556 man-

2211 498 2628 591 Téquoﬁp‘tCnv
2700 499 2982 591 πατρίκιον
3038 502 3279 575 τιμήσας
3353 500 3406 557 έν
3476 502 3557 575 τῷ
3613 502 3864 579 φρουρίῳ

454 590 589 662 dato
622 610 685 660 ut
715 602 1028 674 diligenter
1053 596 1385 669 invigilaret
1416 593 1919 662 Antiochenosque
1940 590 2100 646 omni

452 712 625 767 opera
638 694 793 750 exitu
811 696 869 746 et
885 690 1060 745 rebus
1078 686 1425 742 necessariis
1446 683 1723 755 parandis
1745 682 2098 753 prohiberet.

454 784 687 837 Petrum
717 794 951 851 quoque
982 778 1326 846 spadonem,
1360 789 1543 828 unum
1580 772 1651 826 de
1683 771 1807 826 suis
1841 768 2099 834 famulis,

451 871 748 926 hominem
782 864 1457 935 strenuum,pr£efectum
1477 866 1799 916 castrorum
1826 859 1883 913 in
1903 857 2103 912 Cilicia

452 965 630 1030 creat,
655 959 942 1030 jubetque
982 955 1301 1010 exercitum
1353 952 1411 1007 in
1457 950 1703 1006 hiberna
1729 948 2100 1015 distribuere,

454 1065 746 1121 suumque
800 1047 1114 1101 adventum
1163 1043 1507 1113 insequente
1556 1055 1708 1094 anno
1756 1036 2096 1110 praestolari.

458 1142 670 1194 Ferunt
724 1136 986 1209 potuisse
1050 1149 1184 1188 eum
1244 1132 1429 1201 primo
1503 1145 1737 1184 accessu
1793 1124 2103 1181 Antiochia

454 1228 651 1300 potiri,
687 1227 787 1282 sed
823 1224 1105 1285 noluisse,
1135 1238 1201 1275 ac
1224 1220 1415 1274 dedita
1446 1234 1621 1288 opera
1651 1216 1951 1271 distulisse
1972 1216 2100 1285 ejus

454 1316 975 1389 recuperationem,
1026 1311 1181 1383 quod
1231 1310 1288 1364 in
1335 1325 1433 1364 ore
1477 1306 1741 1362 omnium
1792 1304 2097 1360 hominum

454 1413 609 1463 esset
639 1407 731 1461 hic
762 1420 983 1469 rumor,
1014 1405 1248 1471 recepta
1275 1396 1581 1453 Antiochia
1610 1395 1810 1451 statim
1844 1394 2096 1465 impera-

456 1507 635 1553 torem
695 1496 1012 1550 obiturum.
1068 1491 1142 1545 Eo
1194 1488 1472 1543 nimirum
1522 1501 1790 1541 sermone
1837 1483 2098 1547 territus,

456 1603 643 1650 neque
673 1585 798 1655 ipse
844 1579 1209 1636 Antiochiam
1251 1576 1510 1640 tentavit,
1555 1580 1612 1629 et
1658 1579 1824 1628 Petro
1855 1589 1922 1627 ac
1954 1573 2097 1625 Bur-

453 1682 559 1731 tza:
584 1672 878 1729 mandavit
906 1686 975 1725 ne
996 1684 1117 1725 eam
1137 1670 1567 1739 oppugnarent.
1592 1663 1899 1718 Enimvero
1923 1662 2099 1715 rebus

453 1766 533 1820 ita
556 1770 619 1820 ut
641 1766 1027 1819 memoratum
1051 1763 1140 1813 est
1160 1756 1520 1822 constitutis,
1545 1753 1904 1824 Nicephorus
1927 1750 1984 1805 in
2011 1766 2100 1805 ur-

454 1857 584 1909 bem
606 1852 795 1910 rediit.
814 1857 886 1903 At
906 1856 1143 1904 Burtzas
1161 1846 1481 1900 Antiochiae
1498 1844 1651 1899 866
1666 1842 1911 1908 vicinus,
1934 1843 2065 1911 post

450 1944 650 1999 habito
681 1938 1048 2013 imperatoris
1079 1941 1383 2009 praecepto,
1408 1938 1608 1989 noctes
1630 1933 1875 2002 diesque
1897 1930 1967 1984 de
1996 1946 2096 1983 ur-

450 2035 519 2088 be
535 2050 601 2088 ea
622 2029 962 2102 occupanda
984 2027 1299 2098 cogitabat,
1316 2023 1470 2094 quod
1499 2022 1607 2076 hoc
1634 2028 1796 2092 pacto
1817 2022 2093 2075 aeternam

447 2140 510 2179 se
541 2121 788 2194 gloriam
809 2121 1262 2173 consecuturum
1282 2112 1577 2184 sperabat.
1604 2112 1807 2181 Itaque
1831 2110 2098 2178 frequen-

446 2217 534 2267 ter
563 2227 629 2266 eo
660 2209 865 2272 itabat,
896 2210 953 2260 et
981 2204 1375 2259 Antiochenos
1406 2202 1476 2255 ad
1508 2199 1974 2271 paciﬁcationem
2007 2197 2093 2250 in-

444 2301 687 2365 vitabat,
722 2298 1064 2366 arroganter
1091 2308 1219 2347 eam
1249 2293 1651 2361 aspernantes.
1693 2287 1931 2341 Interim
1960 2302 2093 2340 cum

446 2390 733 2445 Saraceno
767 2385 1019 2457 quodam
1070 2379 1281 2453 (Aulax
1311 2380 1361 2435 is
1391 2378 1726 2448 vocabatur)
1773 2376 2093 2431 amicitiam

445 2477 755 2545 contrahit,
790 2476 862 2530 ab
895 2488 1076 2543 eoque
1107 2470 1451 2526 muneribus
1482 2473 1541 2524 et
1571 2464 2094 2539 pollicitationibus

445 2572 718 2637 corrupto
749 2578 1085 2620 mensuram
1114 2559 1291 2615 turris
1323 2556 1700 2614 occidentalis
1732 2555 1909 2609 unius
1943 2552 2094 2615 (Cala

448 2656 499 2712 ei
533 2671 743 2711 nomen
779 2653 912 2719 fuit)
954 2651 1195 2706 obtinet.
1248 2650 1389 2717 Ejus
1438 2645 1652 2702 auxilio
1684 2644 1872 2699 scalas
1916 2641 2092 2698 fabri-

446 2752 614 2801 catus
646 2761 771 2815 quae
805 2743 875 2798 ad
929 2756 1165 2797 summa
1194 2736 1374 2793 turris
1416 2736 1831 2808 pertingerent,
1866 2738 2090 2787 noctem

444 2837 756 2891 obscuram
787 2837 963 2902 atque
995 2828 1251 2901 pluviam
1284 2824 1677 2897 praestolatus,
1712 2839 1814 2894 per
1834 2837 1961 2876 eam
1994 2837 2090 2876 oc-

445 2924 603 2980 culte
635 2922 823 2977 scalas
847 2918 997 2975 turri
1018 2916 1290 2988 applicat,
1310 2920 1366 2969 et
1395 2930 1529 2970 cum
1552 2911 1828 2967 trecentis
1850 2926 2092 2965 suorum

442 3016 500 3070 in
536 3029 664 3069 eam
713 3008 997 3066 ascendit.
1051 3006 1239 3076 Hujus
1287 3021 1353 3059 ac
1384 3004 1657 3075 proximae
1707 3000 1882 3055 etiam
1912 2999 2093 3054 turris

443 3102 718 3159 custodes
730 3097 1014 3154 trucidat:
1031 3096 1226 3166 itaque
1248 3090 1755 3147 duabusturribus
1769 3086 2092 3159 occupatis,

446 3194 627 3248 misso
660 3188 866 3246 nuntio
899 3187 1151 3253 Petrum,
1187 3198 1362 3255 quem
1389 3186 1718 3236 castrorum
1753 3178 2089 3250 praefectum

2209 586 2506 655 κατέλιπε,
2569 591 2871 665 στρατηγὸν
2918 589 3189 664 ὀνομάσας
3239 594 3427 646 τοῦτον
3494 596 3589 645 τοῦ
3636 594 3865 667 Μαύρου

2210 672 2371 748 ὅρους
2404 721 2417 746 ,
2472 676 2773 753 ἐπισκήψας
2848 679 3174 755 προσμένειν
3250 679 3536 755 ἀγρύπνως
3594 681 3682 735 καὶ
3735 682 3864 743 τοὺς

2212 766 2519 841 Ἀντιοχεῖς
2590 769 2732 841 πάσῃ
2800 773 3028 843 μηχανῇ
3102 768 3335 824 κωλύειν
3412 769 3601 842 ἐξιέναι
3659 770 3750 825 καὶ
3798 771 3868 825 τὰ

2208 856 2344 929 πρὸς
2380 857 2524 924 ζωὴν
2556 856 2951 929 εἰσκομίζεσθαι
3011 855 3311 929 ἐπιτήδεια.
3347 858 3611 914 Κατέλιπε
3662 857 3719 914 δὲ
3765 860 3861 915 καὶ

2210 946 2410 1019 Πέτρον
2441 944 2533 1001 ἕνα
2561 951 2669 1001 τῶν
2702 947 2892 1002 έαυτοῦ
2926 947 3226 1023 εὐνούχων,
3287 946 3483 1003 δοῦλον
3519 950 3867 1026 ὑπάρχοντα,

2210 1032 2533 1112 δραστήριον
2567 1034 2871 1113 ἄνθρωπον,
2905 1037 2962 1092 ὃν
2997 1036 3053 1093 δὲ
3086 1038 3175 1092 καὶ
3230 1035 3711 1115 στρατοπεδάρχην
3740 1043 3863 1112 (16)

2207 1123 2504 1195 πεποίηκεν
2564 1125 2613 1179 έν
2678 1126 2923 1198 Κιλικίᾳ,
2959 1126 3036 1189 εἷς
3068 1127 3504 1204 παραχειμασίαν
3556 1129 3645 1183 τὸν
3705 1149 3867 1203 στρα-

2207 1216 2297 1269 τὸν
2360 1212 2738 1291 διασκορπίσαι
2792 1215 3097 1285 κελεύσας,
3162 1218 3250 1272 καὶ
3310 1218 3407 1285 τὴν
3458 1217 3620 1274 αὑτοῦ
3681 1219 3863 1291 μένειν

2210 1303 2283 1365 εἷς
2317 1305 2540 1359 τούπιὸν
2601 1302 2719 1366 ἔτος
2778 1304 3004 1360 ἔλευσιν.
3038 1303 3288 1380 Ἐλέγετο
3348 1304 3393 1361 δ’
3447 1308 3527 1361 ὅτι
3562 1304 3865 1380 δυνάμενος

2210 1392 2260 1463 έξ
2294 1391 2488 1470 ἐφόδου
2554 1393 2690 1448 έκεῖν
2720 1396 2821 1464 τήν
2854 1394 3188 1469 Ἀντιόχειαν
3241 1396 3268 1450 ὁ
3320 1394 3573 1471 βασιλεὺς
3608 1396 3704 1452 οὑκ
3732 1399 3865 1465 ἠθε-

2211 1482 2394 1551 λησεν,
2428 1481 2553 1537 ἀλλ’
2584 1482 2890 1556 ἐξεπίτηδες
2939 1482 3200 1560 παρεῖλκε
3248 1485 3334 1540 καὶ
3386 1480 3712 1560 παρεϐίϐαζε
3758 1487 3860 1554 τήν

2206 1572 2407 1641 ταύτης
2453 1573 2801 1647 κατάσχεσιν,
2852 1570 3044 1635 δεδιὼς
3088 1574 3180 1629 τὸν
3237 1575 3613 1651 φημιζόμενον
3665 1574 3860 1650 λόγον’

2206 1661 2297 1714 καὶ
2351 1661 2454 1735 γὰρ
2511 1658 2576 1730 δὴ
2636 1662 2727 1715 καὶ
2787 1660 2840 1715 ἐν
2888 1667 3005 1723 τοῖς
3037 1663 3286 1717 ἁπάντων
3320 1662 3537 1739 ἐφέρετο
3596 1664 3861 1737 στόμασιν

2207 1749 2281 1813 ὡς
2312 1746 2423 1821 ἅμα
2451 1754 2519 1823 τῇ
2552 1749 2749 1805 ἁλώσει
2780 1758 2880 1819 τῆς
2913 1748 3131 1812 πόλεως
3163 1753 3502 1826 Ἀντιοχείας
3547 1753 3637 1808 καὶ
3684 1754 3712 1808 ὁ
3769 1754 3865 1829 βα-

2206 1837 2386 1897 σιλεὺς
2442 1838 2747 1909 τεθνήξεται
2784 1883 2795 1894 .
2858 1838 3083 1911 Ἀμέλει
3140 1840 3229 1893 καὶ
3287 1846 3367 1913 τῷ
3417 1842 3651 1914 τοιούτῳ
3708 1840 3865 1918 λόγῳ

2207 1925 2615 2000 δειλαινόμενος
2665 1925 2777 1982 οὔτ’
2806 1928 2966 1991 αὐτὸς
3004 1926 3377 2004 προσεπέλασε
3424 1952 3491 2006 τῃ
3552 1932 3865 2007 Ἀντιοχείᾳ

2204 2016 2292 2071 καὶ
2349 2020 2428 2087 τῷ
2487 2015 2674 2091 Πέτρῳ
2706 2015 2763 2070 δὲ
2793 2017 2881 2071 καὶ
2908 2022 2987 2088 τῷ
3036 2018 3281 2093 Βούρτζῃ
3333 2020 3667 2095 παρήγγειλε
3700 2019 3864 2095 μηδεο

2209 2106 2333 2178 μίαν
2363 2100 2680 2180 προσϐολὴν
2732 2108 3058 2176 ποιήσασθαι
3102 2109 3217 2161 κατ’
3276 2107 3465 2177 αὑτῆς.
3516 2108 3672 2166 Ἀλλ’
3718 2109 3862 2165 έκεῖ-

2205 2218 2296 2257 νος
2331 2196 2425 2268 μέν
2456 2198 2622 2249 ταῦτα
2665 2195 3163 2269 καταστησάμενος,
3215 2196 3289 2258 ὡς
3337 2194 3559 2269 εἴπομεν
3593 2200 3676 2272 [Ρ.
3702 2201 3865 2274 657],

2207 2284 2421 2339 εἶ’σεισιν
2474 2283 2551 2347 εἷς
2604 2285 2703 2353 τὴν
2778 2283 3192 2358 βασιλεύουσαν·
3251 2286 3278 2339 ὁ
3340 2286 3620 2361 Βούρτζης
3674 2285 3732 2342 δὲ
3788 2292 3862 2361 τῇ

2205 2372 2512 2447 Ἀντιοχείᾳ
2558 2376 2817 2446 γειτονῶν
2848 2372 2938 2427 καὶ
2978 2371 3137 2436 κλέος
3169 2375 3344 2446 ἑαυτῷ
3390 2370 3643 2431 ἄσϐεστον
3703 2397 3860 2453 περι-

2204 2466 2530 2534 ποιήσασθαι
2588 2464 2960 2538 ἱμειρόμενος,
3022 2466 3188 2541 μικρὰ
3240 2465 3527 2543 φροντίσας
3584 2472 3690 2522 τῶν
3749 2473 3851 2522 τοῦ

2209 2552 2474 2627 βασιλέως
2508 2552 2824 2622 ὑποθηκῶν,
2874 2552 3083 2628 νύκτωρ
3139 2554 3228 2609 καὶ
3290 2557 3407 2629 μεθ’
3462 2557 3674 2631 ἡμέραν
3706 2555 3861 2612 ἐσκέ-

2202 2662 2364 2697 πτετο
2422 2640 2476 2695 εἶ’
2520 2640 2635 2704 πῶς
2668 2639 2922 2712 δυνηθεὶη
2972 2650 3259 2718 κατασχεῖν
3318 2646 3416 2714 τὴν
3449 2644 3631 2703 πόλιν.
3660 2647 3861 2719 Ἀπῂει

2204 2730 2294 2785 οὖν
2323 2735 2565 2805 συνεχῶς
2597 2731 2685 2785 καὶ
2720 2729 2914 2805 λόγους
2970 2733 3104 2804 μετὰ
3149 2737 3254 2787 τῶν
3316 2734 3637 2809 Ἀντιοχέων
3691 2734 3862 2791 ἐκίδει

2203 2816 2601 2890 συμϐατικούς.
2662 2819 3167 2894 ’Δλαζονευομένων
3237 2819 3283 2876 δ’
3340 2821 3553 2879 έκείνων
3612 2824 3701 2879 καὶ
3759 2826 3861 2888 τὰς

2202 2904 2496 2983 συμϐάσεις
2566 2907 2969 2981 διωθουμένων,
3033 2906 3220 2964 ἔλαθεν
3299 2911 3501 2967 ἐκεῖνος
3574 2910 3865 2991 φιλιωθείς

2200 3021 2307 3054 τινι
2338 3003 2443 3053 τῶν
2481 3003 2807 3074 Σαρακηνῶν
2843 2996 3044 3071 (Αὑλαξ
3076 2997 3231 3061 οὗτος
3286 3001 3397 3075 ἦν),
3446 3002 3503 3056 ὅν
3542 3002 3864 3077 ὑποκλέψας

2204 3085 2401 3163 δώροις
2446 3088 2535 3143 καὶ
2568 3088 2917 3163 ὑποσχέσεσιν
2954 3085 3145 3164 ἴσχυσε
3176 3084 3363 3144 λαϐεῖν
3396 3091 3456 3146 τὸ
3500 3091 3693 3166 μέτρον
3736 3093 3859 3155 ένὸς

2199 3182 2305 3233 τῶν
2349 3176 2483 3253 πρὸς
2535 3174 2682 3231 δύσιν
2733 3184 2832 3247 τῆς
2880 3178 3220 3253 Ἀντιοχείας
3268 3178 3490 3254 πύργων
3538 3180 3686 3236 Κάλα
3734 3180 3868 3237 τοῦ-

444 3282 728 3346 diximus,
761 3279 1030 3333 hortatur
1060 3278 1125 3328 ut
1166 3271 1431 3327 celeriter
1461 3286 1591 3324 cum
1644 3267 1804 3323 omni
1836 3266 2090 3322 exercitu

2206 3289 2362 3341 νομα.
2396 3268 2492 3321 Καὶ
2555 3267 2691 3340 μετὰ
2738 3266 2940 3322 τούτου
2968 3245 3366 3342 τεκτηνάμενος
3392 3245 3667 3342 κλίμακας
3718 3270 3866 3345 πρὸς

444 3368 820 3442 superveniat
850 3364 978 3419 urbi
1006 3366 1128 3432 jam
1157 3365 1356 3431 captaa.
1394 3359 1617 3422 Petrus,
1642 3358 1746 3411 etsi
1778 3356 1945 3411 initio
1976 3360 2089 3409 ter-

443 3459 867 3529 giversabatur,
886 3450 1350 3523 indignationem
1369 3446 1741 3518 imperatoris
1766 3445 2005 3512 veritus,
2026 3461 2091 3498 ac

445 3553 714 3604 metuens
740 3562 810 3600 ne
834 3542 1020 3614 ipsius
1039 3540 1314 3596 mandato
1332 3536 1541 3592 violato
1565 3536 1675 3591 sibi
1699 3534 2087 3590 infortunium

445 3640 700 3711 pararet,
720 3640 915 3691 tamen
934 3631 1192 3685 instante
1208 3628 1416 3682 Burtza
1432 3632 1488 3681 et
1506 3642 1606 3697 pro
1614 3625 1845 3696 perarej
1858 3624 2090 3690 ubente,

443 3732 501 3783 et
530 3744 590 3782 se
625 3723 848 3780 diutius
881 3717 1300 3791 oppugnationi
1338 3715 1598 3770 hostium
1630 3713 1943 3769 tolerandae
1976 3729 2089 3766 non

439 3832 569 3873 esse
602 3829 800 3887 parem
833 3806 1335 3879 docente(etenim
1370 3802 1647 3875 oppidani
1680 3801 1878 3857 audito
1902 3806 2094 3856 turres

443 3908 755 3977 occupatas
786 3916 915 3957 esse
945 3897 1205 3967 undique
1240 3894 1664 3956 conﬂuxerant,
1699 3896 1753 3945 et
1786 3906 1882 3945 eas
1913 3907 2091 3961 expu-

439 4012 619 4069 gnare
650 3993 809 4049 omni
833 3990 1028 4047 studio
1060 3986 1427 4042 conabantur
1456 3981 1783 4037 missilibus
1814 3979 2094 4051 conjectis

442 4104 508 4141 ac
536 4085 729 4141 omnis
752 4080 982 4155 generis
1001 4074 1282 4133 adhibitis
1300 4075 1447 4128 387
1473 4071 1785 4140 machinis,
1810 4070 1930 4142 igni
1953 4086 2095 4141 quo-

445 4192 559 4247 que
611 4170 956 4243 supposito;
1012 4180 1203 4235 neque
1251 4162 1489 4217 omnino
1539 4161 1863 4231 quidquam
1895 4176 2094 4215 eorum

446 4263 794 4319 omittebant
814 4274 940 4329 quas
966 4270 1133 4326 agere
1156 4250 1539 4306 conveniebat
1556 4250 1773 4321 quibus
1795 4266 1926 4304 cum
1953 4266 2096 4304 uxo-

447 4353 611 4409 ribus
634 4348 903 4406 etliberis
927 4341 1206 4417 pereundi
1230 4356 1295 4394 ac
1316 4339 1651 4394 amittendae
1667 4339 1828 4394 urbis
1852 4338 2099 4394 orienta-

445 4442 593 4497 lium
617 4438 884 4495 omnium
914 4430 1419 4506 prestantissimze
1445 4428 1767 4500 periculum
1788 4428 2098 4483 incumbe-

448 4531 551 4602 ret)
576 4534 805 4598 Petrus,
825 4524 1040 4580 timens
1062 4538 1134 4576 ne
1157 4536 1326 4575 suam
1355 4519 1426 4573 ob
1458 4517 1838 4589 pertinaciam
1866 4522 1951 4572 tot
1970 4522 2097 4572 tan-

2197 3358 2258 3411 τὸ
2291 3354 2451 3431 ἄκρον
2485 3356 2861 3428 έξικνουμένας
2914 3360 3010 3411 τοῦ
3066 3356 3303 3434 πύόγου,
3337 3356 3502 3413 νύκτα
3554 3379 3611 3412 τε
3649 3358 3862 3435 ἀφεγγῆ

2199 3444 2534 3521 ἐπιτηρήσας
2563 3445 2652 3499 καὶ
2684 3440 2987 3520 ἔπομϐρον,
3040 3440 3203 3500 ἔλαϐε
3231 3448 3325 3508 τὰς
3354 3445 3628 3520 κλίμακας
3680 3467 3861 3521 προσ-

2202 3534 2408 3609 ερείσας
2482 3538 2562 3607 τῷ
2630 3532 2847 3609 πύργῳ.
2912 3533 3013 3590 Καὶ
3086 3530 3285 3598 ἀναϐὰς
3338 3536 3472 3608 μετὰ
3524 3537 3858 3609 τριακοσίων

2198 3628 2304 3677 τῶν
2367 3623 2453 3677 ὑπ’
2508 3621 2667 3677 αὑτὸν
2727 3621 2855 3685 τοὺς
2919 3623 3012 3695 μὶν
3071 3621 3316 3698 φύλακας
3368 3624 3691 3703 ἀποσφάτιει
3750 3632 3857 3681 τοῦ

2198 3711 2428 3789 πᾶργου,
2488 3710 2565 3767 ἔτι
2599 3709 2656 3766 δὲ
2699 3711 2788 3766 καὶ
2845 3716 2941 3767 τοῦ
2987 3717 3355 3788 γειτονοῦντος
3393 3715 3560 3787 αὐτῷ·
3592 3715 3681 3769 καὶ
3715 3718 3863 3787 μετὰ

2199 3808 2305 3857 τῶν
2334 3801 2656 3877 τριακοσίων
2708 3800 2835 3863 τοὺς
2887 3800 2982 3856 δύο
3029 3801 3253 3865 τούτους
3285 3803 3527 3878 πύργους
3575 3825 3858 3880 κατεσχη-

2200 3894 2311 3955 κὼς
2358 3890 2582 3968 ἄγγελον
2633 3889 2827 3953 εὐθέως
2869 3890 3131 3963 ἰκπέμπει
3181 3893 3316 3966 πρὸς
3372 3893 3461 3947 τὸν
3524 3892 3863 3969 στρατοπεδ-

2204 3982 2401 4057 ἀρχην,
2456 3978 2674 4053 μηνύων
2721 3979 3042 4056 έπιταχυναι
3091 3980 3180 4036 καὶ
3245 3980 3418 4037 έλθεῖν
3473 3983 3608 4056 μετὰ
3656 3985 3870 4049 παντὸς

2204 4075 2299 4125 τοῦ
2352 4074 2581 4143 στρατοῦ
2621 4068 2694 4131 ὡς
2738 4072 2837 4138 τῆς
2874 4068 3091 4134 πόλεως
3138 4068 3247 4139 ⁴ἤδη
3296 4072 3743 4146 κατασχεθείσης,
3793 4075 3866 4132 “Ο

2206 4157 2262 4214 δὲ
2319 4158 2520 4234 Πέτρος
2586 4159 2683 4219 τὰς
2762 4156 3013 4234 ἀγγελίας
3072 4156 3354 4233 δεξάμενος
3410 4158 3571 4216 ὤκνει
3627 4162 3716 4217 καὶ
3771 4162 3873 4218 ἀνα

2206 4245 2413 4319 εδύετο,
2444 4248 2542 4315 τήν
2576 4245 2635 4300 έκ
2684 4250 2779 4301 τοῦ
2839 4245 3109 4321 βασιλέως
3161 4245 3421 4311 δεδοικὼς
3468 4248 3869 4325 ἀγανάκτησιν,

2211 4338 2285 4411 μή
2318 4358 2368 4391 τι
2400 4336 2488 4390 καὶ
2544 4336 2705 4390 κακὸν
2762 4335 3047 4411 ἀπολαύσῃ
3100 4336 3172 4398 ὠς
3202 4332 3519 4412 παραϐάτης
3548 4344 3655 4395 τῶν
3688 4341 3870 4396 αὐτοῦ

2206 4426 2659 4500 προσταγμάτων.
2734 4424 3084 4498 Ἐγκειμένου
3153 4425 3210 4481 δὲ
3263 4432 3359 4481 τοῦ
3434 4428 3679 4503 Βούρτζη
3765 4432 3873 4484 καὶ

2207 4513 2377 4571 ἄλλον
2426 4513 2509 4569 ἐπ’
2555 4512 2712 4587 ἄλλῳ
2757 4513 3070 4587 πέμποντος
3116 4512 3348 4591 ἄγγελον
3376 4517 3464 4572 καὶ
3494 4519 3593 4587 τὴν
3644 4516 3870 4575 ἔλευσιν

444 4620 610 4692 tique
622 4617 726 4672 viri
742 4614 1081 4688 perirent,et
1093 4613 1269 4665 tantae
1283 4607 1747 4678 urbisjacturam
1765 4605 2095 4678 respublica

2213 4604 2673 4692 ἐπιταχύνοντος,
2734 4605 2825 4658 καὶ
2892 4603 3380 4683 πληροφοροῢντος
3429 4607 3502 4669 ὡς
3549 4606 3636 4662 ἐπὶ
3688 4608 3872 4665 πλέον

448 4715 711 4766 Romana
758 4707 990 4768 faceret,
1040 4698 1129 4755 vel
1176 4698 1398 4753 invitus
1446 4713 1683 4752 summa
1727 4694 2100 4751 festinatione

447 4799 782 4856 universum
818 4791 1135 4849 exercitum
1185 4786 1445 4843 adducit.
1496 4789 1624 4839 Jam
1661 4800 1892 4841 omnem
1923 4800 2101 4855 prope

446 4905 608 4961 spem
643 4885 854 4941 salutis
878 4883 1091 4935 Burtza
1117 4893 1249 4934 cum
1274 4876 1400 4930 suis
1423 4874 1795 4941 dimiserant,
1819 4878 1936 4927 tres
1963 4889 2099 4927 con-

443 4981 700 5034 tinenter
740 4977 935 5028 noctes
992 4969 1236 5038 diesque
1288 4963 1606 5035 oppugnati
1645 4962 1789 5017 :sed
1844 4962 2097 5015 adventu

447 5067 598 5124 Petri
628 5064 1059 5136 oppidanorum
1109 5054 1494 5111 conciderunt
1543 5050 1726 5106 animi
1778 5065 1843 5103 ac
1877 5050 2103 5117 remisit

446 5153 832 5218 vehementia,
848 5154 904 5206 et
926 5151 1165 5203 Burtzas
1191 5141 1523 5199 facultatem
1548 5142 1755 5193 nactus
1777 5138 1848 5191 ad
1872 5142 2098 5208 portam

446 5243 769 5306 descendit,
794 5255 859 5295 ac
883 5234 1160 5309 repagulo
1183 5248 1321 5287 ense
1342 5230 1616 5297 dissecto,
1637 5226 1855 5297 apertis
1878 5226 2100 5281 foribus

446 5336 681 5390 Petrum
705 5328 986 5386 admittit.
1004 5322 1369 5394 Nicephorus
1386 5317 1559 5373 allato
1574 5315 1653 5371 rei
1680 5315 1856 5384 hujus
1876 5315 2097 5385 nuntio,

450 5439 585 5479 cum
636 5421 892 5493 gaudere
939 5417 1010 5472 ob
1061 5416 1287 5468 tantam
1335 5407 1540 5462 urbem
1592 5410 1649 5460 et
1681 5420 1772 5460 res
1821 5421 1959 5460 suae
1988 5410 2100 5461 Deo

2209 4694 2455 4768 ἀντέχειν
2507 4692 2568 4746 οὑ
2620 4690 2837 4747 δύναται
2886 4692 3021 4767 πρὸς
3063 4695 3161 4762 τήν
3213 4694 3532 4770 πολιορκίαν
3595 4697 3699 4768 (καὶ
3758 4699 3877 4773 γὰρ

2211 4780 2277 4851 δὴ
2339 4776 2596 4855 μαθόντες
2647 4782 2698 4836 οῖ
2749 4784 3044 4858 Ἀντιοχεῖς
3110 4785 3208 4853 τὴν
3258 4788 3365 4839 τῶν
3425 4784 3648 4861 πύργων
3695 4791 3877 4843 κατὰ-

2211 4892 2396 4946 σχεσιν
2454 4871 2731 4946 στνέρῥεον
2783 4871 3120 4946 πανταχόθεν
3170 4873 3259 4928 καὶ
3309 4872 3682 4946 ἐκπολιορκεῖν
3729 4874 3876 4941 τοὺς

2209 4960 2448 5035 πύργους
2502 4960 2814 5035 ἠπείγοντο,
2865 4959 2999 5037 βέλη
3056 4959 3100 5016 δ’
3148 4962 3369 5036 ἀφέντες
3405 4963 3721 5019 παντοδαπά
3768 4971 3870 5023 καὶ

2212 5050 2467 5122 μηχανὰς
2497 5045 2755 5110 ποικίλας
2783 5049 2845 5103 τὸ
2875 5053 2980 5125 πῦρ
3012 5050 3280 5128 ὑφῆπτον,
3330 5054 3416 5107 καὶ
3450 5050 3594 5109 ἄλλα
3640 5053 3870 5111 ἐποίουν

2211 5136 2385 5191 ὁπόσα
2431 5142 2604 5191 ποιεῖν
2652 5131 2757 5191 ἔδει
2806 5138 2931 5200 τοὺς
2980 5137 3385 5203 κινδυνεύοντας
3416 5141 3509 5197 σὺν
3534 5144 3742 5217 γυναιξὶ
3774 5148 3874 5202 καὶ

2211 5228 2416 5287 τέκνοις
2462 5224 2832 5300 ἀπολωλέναι,
2881 5224 3178 5285 ἀποϐαλεῖν
3230 5227 3285 5285 δὲ
3329 5230 3418 5285 καὶ
3458 5229 3620 5287 πόλιν
3671 5237 3875 5291 πασῶν

2212 5316 2601 5390 ὑπερκειμένην
2633 5321 2742 5373 τῶν
2775 5317 2870 5371 ἀνὰ
2898 5318 2995 5387 τὴν
3028 5322 3140 5375 “Em
3171 5318 3429 5385 πόλεων)·
3462 5321 3718 5391 πτοηθείς
3756 5321 3807 5379 δ’
3842 5326 3877 5381 ὅ

2211 5402 2696 5481 στρατοπεδάρχης
2728 5408 2804 5481 μή
2836 5407 3107 5462 τοσούτων
3158 5406 3532 5465 ἀπολωλότων
3567 5410 3655 5465 καὶ
3694 5411 3873 5483 τηλι-

1633 5558 2007 5615 XYLANDRI
2045 5559 2138 5614 ET
2176 5558 2401 5615 GOARI
2438 5558 2667 5617 ΝΟΤΛΕ.

520 5720 632 5792 (16)
666 5717 991 5774 Castrorum
1016 5705 1361 5766 memoribu:
1384 5702 1733 5776 pra/“actum,
1763 5707 2078 5761 memorem
2105 5703 2474 5775 pracipuum.
2507 5704 2687 5762 GOAB.
