4050 6326
144 393 238 455 ιοι
808 352 811 354 ’
1261 387 1808 451 HISTORIARUM
1851 387 2400 452 COMPENDIUM.

3423 392 3540 453 102

140 525 330 581 κούτων
358 522 577 601 ἀνδρῶν
607 521 702 578 διὰ
725 524 823 593 τὴν
853 521 1056 578 ἑκείνου
1082 520 1353 585 ἀπείθειαν
1409 519 1499 576 καὶ
1557 517 1774 585 πόλεω,

1911 524 2258 581 :ommittere
2284 524 2542 593 deberet,
2573 525 2803 582 diversa
2831 530 3071 582 secutus
3099 525 3374 593 indoluit,
3406 526 3541 582 cul-

140 615 467 684 τηλικαύτης
539 615 750 685 ὑποστῇ
825 611 1022 687 ζημίαν
1073 613 1108 682 ἡ
1157 608 1409 666 πολιτεία
1454 609 1783 682 Ῥωμαίων,

138 705 264 758 ἄκων
320 704 414 758 καὶ
479 704 555 774 μή
608 701 946 776 βουλόμενος
1010 702 1394 775 καταταχήσας
1457 698 1782 776 παρεγένετο

137 794 216 847 σὺν
238 792 403 846 παντὶ
434 796 516 863 τῷ
548 791 785 866 στρατῷ,
815 789 986 866 εὑρὼν
1017 789 1146 853 τοὺς
1185 787 1311 864 περὶ
1356 788 1447 842 τὸν
1500 789 1780 862 Βούρτζην

137 882 242 937 λίαν
285 880 688 956 ἀπειρηκότας·
742 879 829 934 ἐπὶ
874 879 1024 954 τρισὶ
1074 879 1179 954 γὰρ
1227 876 1600 953 νυχθημέροις
1647 877 1784 946 ἦσαν

134 969 611 1045 πολιορκούμενοι.
645 970 719 1023 Οὗ
764 970 861 1038 τὴν
911 963 1104 1047 ἔφοδον
1154 967 1452 1042 ἐγνωκότες
1487 969 1540 1022 οἱ
1575 968 1782 1023 Ἀντιο-

1893 613 2169 686 pavitque
2199 614 2456 681 Petrum,
2490 620 2548 670 et
2580 621 2798 672 Burtzaa
2832 624 2944 671 non
2983 617 3156 671 modo
3188 633 3301 670 non
3335 619 3545 688 proba-
3630 664 3632 666 ,

1891 701 1976 757 vit
2005 702 2368 759 alacritatem
2393 711 2569 776 atque
2590 705 3015 776 fortitudinem,
3039 711 3140 760 aut
3163 705 3341 778 digna
3372 708 3548 762 rebus

1893 793 2077 865 gestis
2110 794 2351 864 praemia
2383 794 2651 860 contulit,
2684 795 2785 849 sed
2835 800 2893 850 et
2938 795 3315 850 contumeliis
3345 797 3549 852 affecto

1895 883 2118 938 ademit
2167 899 2385 938 munus
2437 901 2637 952 suum,
2670 889 2727 938 et
2775 884 2933 939 domi
2977 902 3040 940 se
3069 901 3202 940 eum
3253 885 3550 941 continere

1885 971 2092 1040 jussit.

134 1067 241 1136 χεῖς
267 1057 661 1135 παρελύθησαν
683 1060 780 1120 τὰς
807 1059 991 1134 ψυχὰς
1019 1059 1108 1113 καί
1136 1060 1235 1127 τῆς
1267 1055 1545 1118 συντονίας
1571 1054 1854 1116 ἐνέδωκαν.
1890 1056 2102 1120 Ἀδείας
2129 1057 2185 1115 δὲ
2233 1056 2539 1134 λαϐόμενος
2585 1062 2613 1116 ὁ
2664 1060 2944 1137 Βούρτζης
3001 1061 3203 1117 κάτεισι
3255 1063 3390 1138 πρὸς
3449 1065 3550 1132 τὴν

132 1150 324 1222 πύλην,
358 1149 454 1205 καὶ
484 1149 661 1224 σπάθῃ
678 1150 774 1204 τὸν
810 1147 1023 1224 μοχλὸν
1054 1155 1153 1218 τῆς
1181 1145 1399 1209 κλειδὸς
1429 1145 1700 1220 διατεμὼν
1729 1146 2007 1224 ἀνοίγνυσι
2035 1149 2131 1212 τὰς
2154 1148 2352 1220 πύλας,
2386 1151 2478 1205 καὶ
2511 1152 2600 1205 τὸν
2631 1151 2836 1226 ΠέτροΛ
2892 1151 3090 1224 εἷ’σάγει
3141 1150 3232 1205 σὺν
3281 1152 3442 1206 παντὶ
3471 1156 3550 1221 τῷ

132 1238 512 1311 στρατεύματι.
540 1237 644 1295 Καὶ
701 1236 850 1291 οὕτω
906 1235 1232 1310 παρελήφθη
1293 1238 1328 1306 ἡ
1387 1234 1600 1310 μεγάλη
1661 1235 1752 1290 καὶ
1810 1239 2110 1313 περιφανὴς
2167 1240 2494 1314 Ἀντιόχεια.
2540 1241 2710 1312 Ὅπερ
2769 1239 3074 1310 πυθόμενος
3129 1240 3156 1293 ὁ
3210 1240 3550 1317 Νικηφόρος,

132 1329 491 1404 εὐφρανθῆναι
522 1324 640 1382 δέον
672 1325 762 1381 ἐπὶ
793 1324 995 1380 ἁλώσει
1023 1324 1365 1395 τηλικαύτης
1397 1323 1616 1386 πόλεως
1641 1325 1729 1379 καὶ
1762 1324 1830 1379 τά
1857 1326 1974 1380 κατ’
2004 1325 2164 1381 αὐτὸν
2196 1326 2476 1403 ἐπιτρέψαι
2509 1333 2648 1400 Θεῷ,
2681 1329 2708 1382 ὁ
2743 1325 2801 1383 δὲ
2828 1327 3136 1383 τούναντίον
3186 1326 3404 1402 ἤλγησε
3448 1331 3549 1397 τὴν

131 1419 304 1493 ψυχήν
330 1418 426 1472 τὸν
459 1413 936 1492 στρατεπεδάρχην
967 1435 1025 1469 τε
1052 1414 1104 1469 έν
1127 1412 1327 1490 αἰτίαις
1356 1415 1492 1488 εἶχε,
1525 1415 1607 1486 [Ρ.
1640 1416 1766 1485 6581
1807 1413 1898 1469 καὶ
1927 1415 2018 1470 τὸν
2046 1415 2326 1492 Βούρτζην
2360 1417 2422 1472 οὐ
2458 1416 2622 1489 μόνον
2651 1416 2749 1472 οὐκ
2778 1415 3069 1487 ἀπεδέξατο
3099 1424 3197 1487 τῆς
3239 1418 3548 1490 προθυμίας

132 1509 206 1561 καὶ
233 1514 343 1575 τῆς
377 1503 648 1581 ἀνδρείας,
677 1505 771 1560 καὶ
795 1505 925 1580 γέρα
952 1503 1221 1580 παρέσχεν
1251 1501 1441 1573 ἐπάξια
1463 1510 1565 1573 τῆς
1595 1501 1759 1558 αὐτοῦ
1792 1501 2171 1581 ἀνδραγαθίας,
2203 1505 2349 1562 ἀλλά
2371 1508 2462 1561 καὶ
2484 1502 2668 1583 ὕϐρεσι
2700 1504 2910 1569 πλύνας
2939 1506 3208 1581 παρέλυσε
3237 1509 3336 1576 τῆς
3369 1509 3547 1584 ἀρχῆς

131 1597 208 1651 καὶ
235 1597 393 1652 οἴκοι
425 1597 603 1669 μένειν
632 1593 906 1665 ἐπέταξεν.

194 1684 344 1755 Αὕτη
382 1690 417 1755 ἡ
452 1683 599 1740 αἶτία
627 1685 718 1739 καὶ
751 1684 820 1739 τὰ
848 1683 1016 1739 λοιπὰ
1043 1682 1112 1738 τὰ
1142 1683 1476 1758 ῥηθήσεσθαι
1513 1681 1790 1756 μέλλοντα
1825 1690 1870 1756 Β

135 1775 355 1847 μισητὸν
416 1779 533 1836 τοῖς
590 1779 722 1828 πᾶσι
781 1774 871 1828 καὶ
936 1769 1234 1847 βδελυκτὸν
1316 1772 1409 1827 τὸν
1478 1771 1796 1850 Νικηφόρον

133 1866 470 1940 ἐργάσαντο.
503 1867 727 1939 Πρῶτον
769 1863 862 1935 μὲν
895 1862 1022 1938 γάρ,
1053 1861 1143 1916 ὅτε
1174 1864 1270 1932 τὴν
1321 1862 1506 1937 ἀρχὴν
1552 1863 1620 1917 τὰ
1675 1881 1796 1917 κατ’

132 1955 276 2009 αὐτὸν
309 1953 564 2023 ἐκινήθη,
600 1953 822 2028 μυρίαις
853 1949 1278 2024 πλημμελείαις
1327 1953 1642 2027 χρωμένων
1684 1957 1792 2006 τῶν

133 2044 210 2098 σὺν
241 2043 397 2114 αὐτῷ
432 2046 783 2117 στρατιωτῶν
832 2041 1165 2118 ἐπιστροφὴν
1211 2041 1309 2096 οὐκ
1350 2041 1537 2109 ἐτίθει,
1574 2039 1753 2117 λέγων
1779 2075 1791 2088 ο

135 2157 157 2182 τι
185 2131 355 2190 Οὐδὲν
390 2133 702 2206 θαυμαστὸν
733 2131 778 2185 εἰ
810 2130 861 2185 ἐν
905 2129 1156 2203 τοσούτῳ
1205 2129 1408 2201 πλήθει
1473 2129 1611 2185 λαοῦ
1666 2132 1797 2185 ἀτα·

129 2222 308 2276 κτοῦσί
366 2243 532 2286 τινες.
579 2243 607 2274 ι
666 2220 767 2276 Καὶ
821 2217 971 2284 αὖθις
1016 2219 1280 2274 εἷ’σελθὼν
1337 2219 1420 2281 είς
1465 2221 1564 2289 τήν
1629 2219 1796 2274 πόλιν

132 2311 344 2367 πολλῶν
387 2312 479 2366 καὶ
512 2309 792 2386 διαφανῶν
823 2311 914 2364 καὶ
949 2307 1178 2364 ἰδιωτῶν
1229 2310 1575 2384 ἁρπαγέντων
1629 2307 1758 2364 οὐδε
1779 2322 1798 2330 ’

135 2401 247 2473 μίαν
307 2399 591 2471 ἐκδίκησιν
673 2399 994 2469 ἐποιήσατο,
1052 2397 1199 2453 ἀλλὰ
1260 2393 1641 2473 παρεϐλέπετο
1703 2399 1802 2491 τὸις

136 2492 358 2552 ἀτόπους
418 2491 664 2566 πράξεις,
739 2487 1182 2564 ἐνευωχούμενος
1257 2493 1377 2550 ταῖς
1455 2485 1798 2571 ἂισελγείαιςς

137 2584 210 2642 εἷς
237 2582 288 2635 οἱ
318 2581 678 2641 ἀτακτοῦντες
723 2579 1109 2654 προσκείμενοι
1159 2582 1346 2641 κακῶς
1382 2578 1514 2640 τοὺς
1566 2576 1799 2639 πολίτας

139 2668 415 2737 ἓιετίθουν,
462 2669 555 2724 καὶ
623 2671 792 2723 ταῦτα
843 2669 1270 2742 συνεργήσαντας
1320 2666 1468 2738 αὐτῷ
1518 2667 1654 2741 πρὸς
1699 2667 1798 2735 τήν

136 2768 221 2828 τῆς
278 2758 563 2834 βασιλείας
625 2757 901 2830 ἀνάληψιν
955 2757 1018 2811 οὐ
1056 2761 1292 2830 μικρῶς.
1329 2757 1462 2810 Εἶτα
1520 2756 1611 2810 καὶ
1661 2757 1798 2831 πρὸς

134 2848 394 2918 ταξείδιον
454 2851 568 2921 (1⁸7)
624 2851 870 2922 συνεχῶς
927 2846 1080 2918 ἐξιὼν
1138 2843 1330 2901 δεινῶς
1372 2844 1571 2900 ἐκάκου
1599 2846 1664 2900 τὸ
1697 2846 1799 2916 ὑπὸ

140 2944 289 3014 χεῖρα
344 2937 411 2992 ού
469 2936 635 3010 μόνον
687 2938 1029 3008 προσθήκαις
1081 2933 1405 2990 συντελειῶν
1451 2933 1540 2989 καὶ
1599 2933 1842 3003 ἄλλαις,

137 3032 508 3105 τιινεισιροραῖς
547 3024 824 3080 παντοίων
873 3021 1055 3092 εἱδῶν,
1107 3021 1257 3078 ἀλλὰ
1315 3025 1406 3078 καὶ
1476 3021 1796 3093 λεηλασίαις

137 3115 546 3184 ἀνυποστάτοις,
608 3115 746 3189 πρὸς
812 3118 932 3175 τοῖς
1024 3111 1339 3188 εἰρημένοις
1407 3111 1642 3186 ἐκκόψας
1712 3133 1803 3200 καὶ

139 3205 298 3280 μέρος
347 3226 404 3259 τι
451 3208 566 3258 τῶν
618 3203 1011 3279 παρεχομένων
1043 3204 1112 3276 τῇ
1145 3199 1445 3276 συγκλήτῳ
1483 3200 1660 3277 βουλῇ
1717 3199 1804 3280 (pi,

137 3294 541 3367 λοτιμημάτων
598 3290 688 3348 διὰ
722 3312 810 3360 το,
842 3292 916 3352 ὡς
966 3289 1140 3365 ἔλεγε,
1174 3290 1444 3358 σπανίζειν
1494 3293 1800 3365 χρημάτων

138 3383 182 3436 ἐν
209 3390 324 3446 τοῖς
352 3381 657 3456 πολέμοις,
693 3382 830 3456 πρὸς
863 3377 921 3435 δὲ
949 3381 1041 3435 καὶ
1087 3380 1186 3442 τὰς
1232 3380 1568 3454 παρέχεσθαι
1609 3401 1799 3434 τυπω-

138 3473 307 3536 θείσας
365 3470 550 3534 δόσεις
609 3471 746 3545 πρὸς
805 3467 1018 3545 εὒαγεῖς
1077 3466 1268 3530 οἳκους
1327 3469 1418 3523 καὶ
1470 3467 1798 3539 Ἐκκλησίας

140 3563 277 3635 παρά
317 3582 493 3616 τινων
546 3555 779 3614 εὐσεϐῶν
835 3557 1106 3634 βασιλέων
1154 3556 1344 3613 τέλεον
1394 3556 1648 3631 ἐκκόψας,
1708 3558 1796 3612 καὶ

140 3651 300 3720 νόμον
366 3648 660 3722 ἐκθέμενος
710 3649 785 3720 μή
829 3649 924 3710 τὰς
976 3644 1306 3717 Ἐκκλησίας
1358 3646 1637 3716 ἀκινήτοις
1681 3648 1794 3719 (18)

135 3738 515 3807 πλατύνεσθαι,
574 3741 756 3798 κακῶς
835 3737 1053 3812 φάσκων
1139 3735 1246 3792 ὑπὸ
1302 3739 1410 3790 τῶν
1483 3735 1795 3790 ἐπισκόπων

134 3826 485 3892 δαπανᾶσθαι
533 3827 601 3881 τὰ
661 3825 922 3902 πτωχικὰ
982 3827 1247 3902 ’χρήματα
1291 3826 1383 3880 καὶ
1445 3822 1574 3886 τοὺς
1633 3845 1792 3900 στραο

130 3917 452 3990 τευομένους
512 3914 856 3990 ὀλιγοῦσθαι,
908 3913 1099 3968 καὶτὸ
1152 3911 1218 3982 δὴ
1272 3915 1489 3968 πάντων
1533 3913 1795 3989 χαλεπώ-

126 4026 288 4077 τερον,
317 4007 419 4060 καὶ
449 4003 621 4077 νόμον
650 4003 962 4077 ἐκθέμενος,
996 4003 1046 4056 έν
1077 4003 1122 4075 ᾧ
1171 4001 1261 4057 καί
1307 4023 1449 4065 τινες
1500 4001 1791 4083 ἐπίσκοποι

126 4099 222 4149 τῶν
276 4095 614 4167 εύριπίστων
673 4093 762 4147 καὶ
829 4091 1082 4147 κολάκων
1150 4091 1492 4168 ὑπέγραψαν,
1554 4089 1793 4167 διοριζό,

134 4205 284 4255 μενον
344 4185 425 4256 μὴ
487 4181 612 4238 ἄνευ
671 4188 770 4251 τῆς
831 4181 993 4236 αὐτοῦ
1031 4183 1262 4255 γνώμης
1316 4181 1406 4235 καὶ
1465 4189 1789 4255 προτροπῆς

128 4271 410 4328 ἐπίσκοπον
476 4273 512 4343 ἢ
573 4271 900 4347 ψηφίζεσθαι
933 4271 968 4338 ἢ
1015 4269 1486 4345 προχειρίζεσθαι.
1525 4271 1786 4326 Ἐπισκύ-

133 4383 226 4417 που
275 4384 336 4418 τε
391 4360 722 4430 τεθνηκότος
794 4359 1081 4435 βασιλικὸν
1143 4358 1435 4433 ἐκπέμπων
1506 4357 1788 4433 ἄνθρωπον

1973 1687 2030 1741 Id
2065 1689 2122 1741 et
2157 1686 2269 1740 alia
2314 1703 2442 1758 quae
2492 1687 2830 1753 referemus,
2871 1686 3128 1742 invisum
3179 1687 3457 1744 omnibus
3488 1704 3556 1744 ac

1905 1775 2310 1831 detestabilem
2332 1777 2591 1832 fecerunt
2612 1777 3027 1849 Nicephorum.
3045 1777 3238 1832 Primo
3261 1779 3417 1848 quod
3441 1794 3555 1849 quo

1906 1865 2163 1936 primum
2187 1871 2448 1938 tempore
2472 1866 2788 1938 imperium
2814 1865 3046 1931 invasit,
3070 1883 3204 1921 cum
3228 1867 3445 1922 milites
3469 1867 3556 1938 ip-

1906 1953 2032 2008 sius
2053 1954 2380 2010 innumeris
2393 1954 2622 2010 delictis
2644 1955 3298 2026 querelasexcitassent,
3321 1955 3467 2010 nihil
3489 1956 3559 2011 de

1907 2042 2262 2097 correctione
2294 2043 2448 2098 868
2480 2044 2773 2115 cogitavit,
2805 2045 2956 2098 fatus
3006 2045 3224 2098 mirum
3258 2061 3371 2098 non
3404 2060 3556 2114 esse,

1909 2132 1956 2187 si
1990 2131 2046 2184 in
2076 2135 2240 2187 tanta
2257 2132 2564 2188 hominum
2590 2133 2971 2188 multitudine
2994 2133 3234 2204 quidam
3260 2132 3559 2205 incompo-

1911 2219 2016 2276 site
2047 2237 2110 2276 se
2138 2226 2426 2293 gererent.
2460 2222 2682 2278 Deinde
2713 2223 2867 2293 quod
2902 2222 2960 2277 in
2994 2223 3200 2278 urbem
3231 2223 3557 2294 ingressus,

1909 2325 2044 2364 cum
2074 2311 2229 2365 bona
2277 2316 2335 2366 et
2364 2311 2685 2367 illustrium
2737 2317 2796 2367 et
2842 2312 3202 2383 plebeiorum
3235 2311 3557 2368 multorum

1910 2398 2326 2470 diriperentur,
2359 2401 2652 2456 vindicem
2678 2417 2736 2456 se
2760 2418 3130 2473 nequaquam
3160 2401 3422 2474 praebuit,
3457 2402 3556 2458 sed

1911 2489 2081 2558 quasi
2105 2488 2374 2544 delectari
2397 2489 2559 2545 visus
2581 2496 2671 2545 est
2690 2491 3037 2546 libidinibus
3059 2507 3258 2546 eorum
3285 2491 3386 2563 qui
3409 2491 3563 2548 cives

1909 2578 2216 2645 vexabant,
2247 2595 2346 2635 eos
2372 2580 2549 2636 etiam
2577 2582 2677 2652 qui
2707 2580 2820 2652 ipsi
2853 2581 2921 2635 ad
2956 2580 3272 2652 imperium
3292 2581 3561 2636 obtinen-

1910 2667 2053 2721 dum
2085 2667 2240 2722 haud
2275 2668 2544 2740 exiguam
2579 2674 2862 2724 navarant
2890 2685 3149 2739 operam.
3179 2670 3460 2724 Prwlerea
3489 2669 3561 2724 ad

1908 2755 2252 2811 Taxeidium
2267 2757 2505 2813 assidue
2524 2759 2764 2813 veniens
2778 2759 3031 2829 graviter
3044 2758 3312 2814 subditos
3334 2757 3562 2830 afflixit,

1910 2861 2025 2899 non
2060 2846 2232 2901 modo
2263 2847 2608 2918 pensionum
2643 2851 2702 2902 et
2721 2847 3076 2902 tributorum
3111 2847 3442 2919 omnigenis
3468 2864 3560 2902 ra-

1909 2933 2193 3006 tionibus,
2245 2937 2346 2992 sed
2397 2941 2454 2992 et
2502 2937 2726 3007 rapinis
2770 2936 3261 2993 intelorabilibus.
3309 2938 3393 2991 Ad
3440 2936 3562 2992 hzsc

1911 3029 2138 3094 partem
2170 3027 2488 3096 quamdam
2511 3042 2712 3081 eorum
2737 3043 2864 3097 qua;
2896 3026 3266 3082 senatoribus
3292 3025 3561 3082 solebant

1915 3113 2299 3185 imperatores
2330 3114 2528 3187 largiri
2559 3116 2844 3170 donorum
2878 3115 2938 3169 in
2969 3115 3109 3170 ﬁsco
3141 3115 3399 3181 retinuit,
3423 3130 3560 3170 cau-

1916 3206 2081 3257 satus
2110 3203 2221 3257 sibi
2250 3204 2320 3258 ad
2378 3203 2529 3259 bella
2573 3205 2828 3276 gerenda
2857 3204 3060 3260 deesse
3090 3202 3419 3275 pecuniam.
3449 3203 3562 3258 Ne-

1914 3308 2028 3363 que
2073 3292 2182 3347 boc
2231 3296 2486 3360 tantum,
2536 3295 2637 3349 sed
2686 3298 2744 3349 et
2790 3293 3134 3349 donationes
3186 3292 3564 3349 monasteriis

1913 3385 2089 3452 atque
2113 3381 2351 3453 templis
2372 3382 2595 3455 legatas
2619 3401 2653 3439 a
2673 3383 3030 3454 quibusdam
3051 3381 3164 3456 piis
3194 3381 3566 3454 imperatori-

1911 3470 2024 3525 bus
2053 3488 2296 3542 prorsus
2341 3472 2612 3537 abolevit,
2645 3473 2770 3544 lege
2818 3477 2996 3528 etiam
3040 3472 3161 3527 lata
3191 3489 3263 3528 ne
3294 3471 3563 3528 Ecclesiae

1911 3559 2316 3616 immobilibus
2365 3563 2870 3634 locupletarentur
2916 3563 3107 3630 bonis,
3136 3565 3414 3616 causatus
3445 3561 3566 3632 epi-

1909 3665 2118 3720 scopos
2137 3650 2288 3704 male
2305 3651 2612 3722 prodigere
2633 3667 2700 3706 ea
2722 3667 2847 3722 quae
2876 3650 3236 3722 pauperibus
3259 3651 3560 3730 darentur,

1907 3738 2144 3794 interim
2193 3739 2486 3794 militibus
2538 3739 2970 3794 deficientibus.
3019 3739 3082 3792 Id
3130 3755 3266 3793 vero
3296 3737 3562 3792 omnium

1906 3828 2348 3898 gravissimum,
2374 3828 2528 3899 quod
2554 3827 2738 3899 legem
2766 3827 2920 3896 tulit,
2945 3827 3037 3882 cui
3060 3831 3117 3881 et
3147 3826 3405 3898 episcOpi
3431 3825 3563 3896 qui-

1907 3919 2041 3972 dam
2101 3917 2256 3972 leves
2306 3920 2480 3988 atque
2538 3917 2876 3972 adulatores
2937 3915 3440 3987 subscripserunt,
3491 3931 3565 3969 ne

1901 4007 2276 4079 imperatoris
2307 4007 2543 4076 injussu
2579 4005 2737 4062 ullus
2787 4010 3088 4061 crearetur
3127 4004 3462 4076 episcopus.
3497 4005 3567 4059 Et

1904 4101 2136 4151 mortuo
2163 4095 2362 4166 aliquo
2395 4096 2669 4167 episcopo
2702 4094 2958 4166 aliquem
2985 4111 3228 4150 suorum
3261 4092 3564 4162 submisit,

1901 4185 1998 4256 qui
2031 4186 2308 4241 deﬁnitos
2356 4188 2568 4240 faceret
2618 4189 2893 4255 sumptus
2929 4202 2942 4240 :
2974 4185 3122 4255 ipse,
3156 4184 3311 4254 quod
3341 4187 3466 4238 erat
3495 4183 3566 4237 de

1898 4275 2189 4330 reditibus
2247 4275 2565 4347 reliquum,
2618 4274 2866 4346 accepit.
2919 4275 3071 4328 869
3127 4274 3275 4329 Sunt
3326 4277 3384 4328 et
3437 4272 3562 4327 alia:

1896 4367 2027 4436 ejus
2079 4363 2557 4434 constitutiones,
2603 4379 2837 4419 omnem
2892 4363 3261 4420 necessitatis
3311 4363 3564 4418 formam

137 4452 550 4530 ἐπαθμημένην
605 4453 778 4505 ποιεῖν
837 4449 937 4518 τὴν
987 4445 1172 4520 ἔξοδον
1203 4447 1552 4524 προσέταττε,
1586 4448 1674 4504 καὶ
1722 4451 1790 4505 τὰ

1911 4453 2423 4524 excedentes,quas
2441 4451 2789 4525 singulatim
2806 4453 3019 4508 referre
3035 4451 3232 4524 magni
3251 4451 3330 4506 sit
3346 4449 3569 4525 ingenii

1339 4610 1703 4666 XYLANDRI
1741 4613 1829 4667 ET
1865 4612 2086 4669 GOARI
2124 4611 2359 4668 ΝΟΤίΕ.

203 4741 315 4813 (17)
359 4742 555 4796 Locus
601 4737 844 4813 videtur
873 4734 1071 4813 fuisse
1123 4735 1224 4813 ubi
1273 4735 1652 4813 vectigalium
1697 4742 1802 4813 aut

140 4807 490 4880 pensi'ouum
544 4810 804 4865 rationes
856 4808 1232 4864 ducerentur.
1285 4807 1551 4880 XYLf—f
1608 4807 1796 4878 Ταξεί-

141 4878 372 4963 διον-εει
425 4884 711 4951 navigatio
753 4896 851 4936 seu
899 4882 1005 4962 i.‘_er
1032 4882 1186 4963 mari
1230 4878 1654 4963 rouﬁciendum,
1686 4898 1800 4963 quo

142 4956 358 5014 subditi
390 4959 734 5035 gravantur,
763 4967 898 5035 cum
926 4953 1231 5035 insperato
1247 4951 1802 5035 _advenientem_im-

143 5022 466 5100 peratorem
487 5024 886 5100 suscipientes
910 5022 1078 5078 donis
1096 5022 1433 5094 conciliant,
1457 5023 1801 5100 comitatum

144 5095 324 5167 alunt,
357 5095 678 5155 abeuntem
729 5095 929 5167 etiam
961 5100 1402 5166 prosequuntur
1433 5095 1804 5162 muneribus,

146 5190 203 5227 ac
234 5165 348 5227 sibi
381 5168 734 5225 necessariis
776 5167 849 5221 ad
881 5165 1060 5223 vitam
1107 5167 1531 5222 destituuntur.
1568 5168 1702 5232 Quae
1734 5168 1805 5222 de

145 5245 355 5299 taxidio
407 5241 630 5313 profert
654 5238 994 5313 Axxlander,
1027 5238 1278 5313 ridicula
1325 5246 1480 5293 sunt.
1526 5239 1704 5313 Goaa.
1736 5269 1808 5280 -—

146 5318 218 5371 Cl.
290 5309 545 5369 Hasium
601 5310 671 5366 ad
731 5309 996 5365 Leonem
1064 5309 1411 5378 Diaconum,
1477 5311 1632 5381 apud
1698 5326 1807 5365 nos

147 5395 277 5443 tam.
314 5385 574 5450 CXVIII,
606 5382 717 5438 col.
753 5383 882 5447 753,
918 5385 1035 5436 not.
1072 5383 1162 5436 50.
1187 5382 1347 5438 Enn.
1382 5381 1553 5437 Pyra.

211 5459 324 5529 (18)
354 5457 487 5529 Non
505 5453 899 5529 dissimulabo
918 5453 1180 5529 studiose
1200 5470 1295 5509 me
1317 5453 1426 5509 hac
1448 5468 1803 5529 u‘sumvoce,

149 5527 265 5601 quis
307 5525 772 5601 ambiguitatem
810 5525 1123 5601 retineret.
1175 5531 1322 5582 Nam
1373 5530 1431 5582 et
1472 5525 1637 5581 fundi
1669 5528 1809 5601 sunt

151 5596 471 5656 {inmobilia
491 5596 689 5663 'bona,
723 5596 1012 5668 quidquid
1063 5615 1129 5654 eo
1161 5613 1370 5668 genere
1402 5600 1670 5653 censetur
1712 5613 1724 5650 :
1754 5598 1811 5651 et

147 5689 245 5745 ego
275 5679 477 5754 tamen
503 5668 831 5754 magisboc
851 5672 992 5754 puto
1015 5668 1265 5754 intelligi
1288 5671 1360 5724 de
1381 5670 1635 5754 aiter-nis,
1659 5683 1810 5739 quas

145 5740 370 5814 vocant,
404 5740 860 5812 donationibus,
891 5741 1177 5799 heredem
1214 5740 1277 5797 in
1311 5748 1650 5814 perpetuam
1677 5757 1810 5797 suc-

1909 4739 2236 4794 cessionem
2262 4737 2662 4810 obligantibus
2696 4755 2710 4794 :
2745 4737 3020 4809 qualibus
3051 4737 3408 4810 amplificata
3438 4751 3568 4790 esse

1910 4812 2064 4866 bona
2093 4828 2218 4880 quae
2240 4809 2638 4865 eccleSiastica
2656 4811 2954 4878 dicuntur,
2980 4827 3094 4865 non
3119 4814 3208 4864 est
3228 4809 3566 4880 obscurum.

1909 4877 2177 4948 Nolebat,
2231 4890 2389 4952 pulo,
2431 4897 2614 4935 unum
2667 4877 3388 4952 aliquem'imperatorem
3440 4877 3574 4952 aliis

1911 4951 2287 5026 praescribere
2320 4953 2682 5026 successuris
2719 4951 3005 5026 quantum
3057 4951 3124 5008 ex
3155 4969 3262 5007 suo
3286 4951 3434 5026 fisco
3469 4951 3571 5004 de-

1913 5021 2106 5081 cidere
2136 5029 2442 5096 cogeretur
2493 5023 2630 5079 huic
2660 5021 2752 5096 vei
2800 5025 2931 5080 huic
2982 5022 3357 5096 monasterio,
3393 5021 3571 5096 h_omo

1913 5097 2067 5153 bello
2100 5093 2373 5169 magnus,
2399 5096 2590 5169 quod
2633 5093 2702 5169 ού
2726 5099 2951 5169 σιτεῖται
3004 5094 3363 5169 μετρούμενα.
3419 5093 3568 5169 Ergo

1916 5169 1964 5224 si
1999 5170 2130 5240 quis
2178 5165 2351 5223 fellet
2398 5165 2618 5240 largiri,
2653 5168 2708 5222 id
2760 5168 2887 5224 sine
2936 5165 3370 5240 praescriptione
3420 5165 3568 5240 etin

1916 5235 2174 5312 présens
2205 5239 2415 5312 (semel
2438 5235 2562 5312 pro
2611 5255 2863 5309 semper,
2900 5235 3053 5310 quod
3104 5235 3290 5312 aiunt)
3323 5235 3573 5312 putabat

1917 5308 2190 5385 praestare
2209 5308 2547 5385 _ﬁeri._Nam
2581 5312 2674 5366 vix
2720 5308 3058 5385 credoeum
3087 5308 3466 5385 prohibuisse
3499 5323 3571 5362 ue

1959 5384 2050 5437 uis
2083 5382 2333 5436 fundum
2363 5383 2629 5447 donaret,
2659 5383 2980 5454 praesertim
3015 5380 3445 5454 privatus.Sed
3480 5395 3570 5434 re-

1959 5400 2050 5437 UlS
2083 5400 2333 5436 mnuum
2363 5400 2629 5447 sonaret,
2659 5400 2980 5454 praesertim
3015 5400 3299 5454 privatus.
3334 5400 3445 5436 seu
3481 5400 3570 5434 re-

1917 5400 2139 5509 gitibus
2185 5455 2547 5524 perpetuatis
2601 5456 2776 5510 fretos
2828 5454 3123 5511 sacrificos
3172 5453 3405 5509 videbat
3435 5470 3571 5504 σπα-

1915 5524 2104 5598 ταλᾷν.
2142 5524 2342 5598 Lector
2372 5529 2652 5597 sequetur
2684 5529 2837 5598 quod
2871 5526 3040 5582 volet.
3091 5525 3341 5582 Omnino
3373 5530 3570 5582 autem

1920 5597 2070 5654 male
2096 5597 2258 5670 apud
2289 5597 2397 5652 hoc
2428 5615 2614 5670 genus
2645 5597 3059 5655 historicorum
3094 5599 3362 5668 audiunt,
3396 5602 3569 5669 quot-

1921 5673 2065 5799 auct
2093 5668 2245 5724 bello
2289 5685 2413 5754 rem
2434 5668 2742 5742 publicam
2791 5675 3023 5729 tuentes
3055 5675 3112 5728 et
3141 5668 3426 5744 augentes
3451 5685 3569 5725 non

1963 5745 2186 5799 ltarunt
2215 5742 2537 5799 sacriﬁcos.
2572 5742 2714 5798 XYL.

1963 5743 2186 5801 itarunt
2215 5742 2537 5800 sacriﬁcos.
2572 5742 2714 5798 XYL.
