4050 6326
457 401 573 462 103

1801 393 2123 457 GEORGII
2164 393 2509 457 OEDRENI

3744 396 3871 459 104

451 552 516 591 ac
547 532 848 589 facundiae.
867 529 1057 587 Voluit
1072 528 1247 585 etiam
1267 527 1453 599 legem
1476 526 1646 590 ferre,
1672 541 1788 596 qua
1814 524 2104 580 militibus

2218 528 2443 601 περιττά
2497 522 2922 599 ἀνελαμόἀνετο.
2986 529 3085 585 Καὶ
3141 526 3287 583 ἄλλα
3345 529 3469 584 τινὰ
3527 527 3872 603 διατάγματα

450 626 504 678 in
540 622 690 678 bello
746 619 1235 675 occumbentibus
1283 620 1609 687 martyrum
1659 616 2113 670 decernerentur

446 715 717 775 honores,
754 715 817 765 ut
847 710 945 780 qui
978 709 1095 763 alia
1122 707 1283 762 nulla
1314 707 1372 760 in
1406 722 1467 760 re
1499 721 1675 775 quam
1706 704 1766 757 in
1800 703 1951 759 bello
1983 705 2106 758 ani.

447 820 553 857 m:c
568 800 882 855 collocaret
896 798 1183 864 salutem;
1210 795 1722 867 patriarcbamque
1736 794 2110 864 etepiscopos

443 896 694 947 conatus
726 893 815 945 est
847 889 917 942 ad
938 904 1066 943 eam
1090 886 1453 958 probandam
1479 884 1732 955 adigere.
1758 883 1869 937 Sed
1898 883 2107 937 horum

444 982 685 1053 quidam
721 978 947 1033 fortiter
978 977 1317 1031 resistentes
1349 990 1482 1029 eum
1515 990 1548 1028 a
1587 972 1886 1043 proposito
1915 973 2107 1027 dimo-

443 1073 677 1136 verunt,
713 1067 937 1141 prolato
968 1066 1025 1120 in
1063 1065 1324 1119 medium
1383 1061 1583 1118 Basilii
1635 1063 1824 1133 Magni
1859 1078 2104 1127 canone,

444 1162 542 1233 qui
578 1176 679 1231 per
718 1157 1041 1211 triennium
1085 1153 1270 1209 sacris
1321 1152 1503 1207 arceri
1530 1152 1699 1222 jubet
1728 1168 1827 1206 eos
1860 1152 1965 1222 qui
1997 1152 2105 1207 bo-

444 1256 595 1305 stem
652 1247 803 1302 bello
866 1244 1316 1299 interfecissent.
1395 1241 1699 1296 Nomisma
1777 1240 1952 1295 etiam
2017 1246 2102 1296 at-

444 1337 722 1403 tenuavit,
776 1338 1051 1389 tetartero
1104 1333 1451 1403 excogitato.
1498 1334 1761 1401 Cumque
1811 1346 1877 1385 eo
1931 1332 2105 1386 modo

447 1426 660 1497 duplex
680 1427 835 1479 esset
855 1438 1158 1489 nummus,
1178 1420 1488 1492 pensiones
1512 1419 1758 1492 publicae
1776 1420 2105 1491 graviorem

446 1515 775 1587 exigebant,
837 1512 1025 1565 minor
1080 1513 1139 1564 in
1192 1510 1532 1581 sumptibus
1591 1510 1875 1565 faciendis
1931 1510 2104 1565 dissi-

449 1605 717 1676 pabatur.
754 1602 1013 1672 Cumque
1047 1604 1204 1655 esset
1249 1599 1373 1670 lege
1405 1603 1461 1654 et
1491 1599 1917 1654 consuetudine
1950 1615 2105 1653 rece-

448 1700 613 1766 ptum
641 1698 922 1747 utomnes
938 1690 1165 1745 nummi
1191 1688 1830 1760 imagineimperatoris
1854 1687 2106 1759 alicujus

447 1782 651 1848 notati,
685 1780 857 1835 modo
906 1778 1148 1849 ponderi
1192 1780 1356 1848 justo
1409 1777 1553 1831 nihil
1586 1777 1908 1843 decederet,
1947 1778 2103 1833 idem

446 1872 728 1936 valerent,
761 1870 887 1940 ipse
920 1885 1027 1922 sua
1061 1869 1327 1939 insignes
1362 1867 1615 1938 imagine
1649 1866 1931 1937 praeferri,
1962 1866 2101 1921 alio-

449 1978 579 2016 rum
613 1958 907 2030 depressis
928 1957 1154 2027 pretiis,
1174 1955 1377 2010 voluit.
1402 1956 1597 2025 anue
1616 1943 1690 2009 ire
1723 1954 1875 2009 haud
1902 1954 2109 2009 leviter

452 2050 707 2107 subditis
741 2050 798 2103 in
834 2044 1368 2119 permutationibus
1398 2044 1877 2099 incommodavit.
1912 2044 2106 2099 Deter-

448 2142 662 2196 rimum
696 2139 805 2193 hoc
836 2138 965 2203 fuit,
1003 2136 1184 2206 quod,
1219 2134 1517 2205 republica
1547 2134 1642 2188 his
1676 2135 1849 2189 rebus
1881 2133 2103 2200 attrita,

450 2229 686 2285 interim
721 2243 917 2282 rerum
950 2223 1241 2280 venalium
1277 2223 1439 2278 nulla
1470 2223 1577 2277 fuit
1600 2222 1889 2278 allevatio.
1918 2228 2105 2295 Atque

452 2320 572 2375 haec
603 2317 799 2373 omnia
830 2333 963 2370 cum
998 2317 1194 2369 essent
1230 2312 1669 2379 molestissima,
1692 2312 1997 2384 aegerrime
2031 2313 2107 2367 ci-

448 2426 547 2464 ves
562 2407 832 2463 tulerunt
850 2404 1047 2477 palatii
1068 2402 1479 2458 munitionem.
1505 2402 1645 2457 Nam
1676 2402 1878 2456 multis
1902 2418 2027 2473 quae
2047 2401 2105 2456 in

451 2499 653 2554 orbem
699 2497 853 2551 circa
903 2493 1183 2565 palatium
1232 2496 1397 2546 erant
1446 2490 1710 2563 pulchris
1742 2492 1896 2545 870
1933 2498 2108 2562 atque

454 2587 685 2659 magnis
716 2584 993 2656 operibus
1016 2582 1259 2652 dejectis
1289 2596 1479 2635 arcem
1516 2597 1581 2635 ac
1614 2581 1811 2635 sedem
1846 2580 2105 2651 tyranni-

453 2694 579 2733 cam
628 2680 829 2731 contra
879 2673 1125 2727 miseros
1172 2671 1328 2726 cives
1378 2669 1594 2742 palatio
1646 2669 1917 2736 astruxit,
1951 2668 2008 2723 in
2044 2686 2109 2724 ea

454 2767 652 2833 cellas,
684 2764 977 2838 granaria,
1010 2761 1271 2817 clibanos
1294 2766 1350 2816 et
1381 2762 1582 2815 furnos
1606 2760 1862 2814 condens
1894 2763 1949 2813 et
1981 2776 2105 2813 om-

454 2856 628 2910 nibus
662 2869 858 2909 rerum
911 2851 1224 2923 generibus
1258 2848 1532 2919 implens.
1570 2847 1913 2902 Praedictum
1949 2847 2107 2901 enim

454 2945 646 3000 fuerat
685 2944 732 2997 ei
768 2943 825 2996 in
877 2940 1092 3012 palatio
1145 2939 1336 3009 ipsum
1390 2937 1762 2991 moriturum.
1817 2936 2106 2989 Nimirum

455 3038 647 3089 autem
709 3030 1019 3104 ignorabat
1062 3028 1365 3083 incassum
1426 3025 1791 3081 excubitores
1843 3025 2105 3096 vigilare,

458 3129 570 3180 Deo
605 3123 807 3177 urbem
843 3136 956 3174 non
1002 3117 1388 3173 custodiente.
1444 3116 1669 3170 Etenim
1700 3131 1815 3185 quo
1847 3118 2108 3185 tempore

462 3228 669 3267 murus
700 3208 902 3282 palatii
929 3206 1312 3269 oondebatur,
1336 3207 1504 3258 nocte
1529 3202 1777 3273 quadam
1816 3218 1917 3273 per
1948 3218 2106 3257 mare

3839 619 3861 635 η

2223 612 2438 669 διετίθει
2503 622 2674 670 πᾶσαν
2751 614 2891 671 ἰδέαν
2966 617 3199 693 ἀνάγκης
3275 619 3778 693 ὑπερεκπίπτοντα,
3839 619 3872 673 ’ἀ

2218 705 2355 759 κατά
2389 707 2551 781 μέρος
2583 704 2828 776 διεξιέναι
2892 706 3276 783 μεγαληγόρου
3318 706 3485 763 δεῖται
3537 710 3623 763 καὶ
3675 710 3869 783 φρενὸς

2220 794 2311 847 καὶ
2366 793 2637 869 γλώττης.
2686 794 3015 850 Ἐσποῦδασε
3065 794 3121 850 δε
3167 798 3255 851 καὶ
3304 797 3471 870 νόμον
3524 804 3691 861 θεῖναι
3741 796 3871 859 τοὺς

2219 882 2271 935 έν
2324 882 2595 957 πολέμοις
2642 884 3085 955 ἀποθνήσκοντας
3148 888 3479 960 στρατιώτας
3521 891 3869 961 μαρτυρικῶν

2218 971 2491 1041 ἀξιοῦσθαι
2513 972 2776 1047 γερῶν,ἐν
2804 970 2952 1047 μόνῳ
2982 980 3059 1047 τῷ
3083 975 3316 1048 πολέμῳ
3346 977 3625 1038 τιθέμενος
3655 977 3744 1030 καὶ
3769 976 3875 1030 οὐκ

2218 1060 2269 1115 ἐν
2303 1058 2461 1135 ἄλλῳ
2490 1062 2598 1116 τινὶ
2629 1064 2728 1131 τὴν
2759 1066 2859 1133 τῆς
2902 1068 3087 1140 ψυχῆς
3138 1066 3433 1141 σωτηρίαν.
3469 1067 3770 1142 Κατήπειγε
3813 1063 3874 1120 δὲ

2215 1151 2305 1204 καὶ
2363 1152 2451 1205 τὸν
2504 1150 2849 1228 πατριάρχην
2911 1154 2998 1207 καὶ
3051 1152 3179 1215 τοὺς
3219 1150 3547 1217 ἐπισκόπους
3580 1154 3873 1219 συνθέσθαι

2216 1244 2295 1311 τῷ
2324 1238 2574 1316 δόγματι·
2611 1240 2758 1296 ἀλλά
2793 1263 2934 1304 τινες
2978 1242 3183 1297 τούτων
3216 1244 3479 1318 γενναίως
3532 1244 3872 1305 ἀντιστάντες

2218 1329 2470 1405 ἀπεῖρξαν
2528 1331 2687 1385 αὐτὸν
2743 1335 2837 1385 τοῦ
2897 1337 3123 1400 σκοποῦ,
3185 1334 3473 1406 προθέντες
3544 1332 3620 1393 εἷς
3703 1335 3871 1406 μέσον

2214 1419 2306 1473 τὸν
2384 1424 2479 1474 τοῦ
2554 1419 2796 1495 μεγάλου
2864 1420 3146 1477 Βασιλείου
3203 1424 3421 1491 κανόνα,
3489 1422 3576 1477 ἐπὶ
3638 1424 3876 1497 τριετίαν

2216 1509 2617 1580 ἀκοινωνήτους
2674 1511 2806 1564 εἶναι
2869 1510 3097 1586 λέγοντα
3192 1511 3283 1574 ους
3345 1512 3615 1585 πολέμιον
3659 1508 3712 1567 ἵν
3762 1534 3875 1566 τινι

2217 1597 2449 1671 πολέμῳ
2482 1601 2842 1674 ἀνῃρηκότας.
2884 1600 3198 1655 Ἠλάττωσε
3231 1599 3287 1655 δὲ
3343 1600 3432 1656 καὶ
3490 1602 3550 1657 τὸ
3600 1602 3872 1674 νόμισμα,

2216 1687 2277 1741 τὸ
2334 1686 2629 1761 λεγόμενον
2700 1690 3029 1764 τεταρτηρὸν
3082 1693 3318 1764 (19>[Ρ.
3369 1694 3496 1764 659]
3556 1690 3872 1760 ἐπινοήσας.

2218 1774 2425 1830 Διπλοῦ
2484 1774 2539 1831 δὲ
2587 1782 2683 1831 τοῦ
2729 1780 3065 1851 νομίσματος
3111 1778 3293 1834 ἔκτοτε
3338 1780 3655 1856 γεγονότος,
3774 1782 3876 1851 μὶν

2138 1907 2183 1971 Β
2220 1864 2491 1936 εἶ’σπραξις
2522 1871 2629 1920 τῶν
2666 1864 2946 1939 δημοσίων
2982 1869 3163 1945 φόρων
3198 1869 3257 1923 τὸ
3293 1870 3586 1945 βαρύτερον
3647 1870 3872 1943 ἀπῄτει,

2221 1954 2233 1971 ς
2307 1952 2348 1971 τι,
2455 1961 2475 1970 -
2543 1953 2654 1971 ηικ
2828 1958 2841 1971 .
3044 1958 3055 1970 ι
3147 1956 3160 1971 .
3359 1958 3401 1971 ,μ
3568 1958 3644 1971 --.
3817 1954 3862 1971 ο..

2217 1954 2268 2008 έν
2303 1952 2359 2009 δὲ
2388 1961 2505 2029 τρῖς
2539 1953 2742 2025 ἐξόδοις
2790 1958 2852 2010 τὸ
2905 1958 3094 2028 μικρὸν
3144 1956 3514 2031 ἐσκορπίζετο.
3567 1958 3760 2032 Νόμου
3813 1954 3876 2013 δὶ

2215 2045 2302 2097 καὶ
2337 2043 2488 2107 ἔθους
2522 2040 2692 2098 ὄντων
2724 2046 2925 2107 παντὸς
2977 2054 3299 2121 χαρακτῆρα
3354 2047 3651 2121 βασιλέως,
3683 2047 3733 2102 εἷ’
3791 2050 3869 2119 μὴ

2214 2136 2293 2203 τῷ
2343 2137 2566 2204 σταθμῷ
2617 2132 2923 2201 έλαττοῖτο,
2958 2132 3186 2207 δύναμιν
3240 2131 3386 2211 ἔχειν
3440 2136 3710 2210 ἰσότιμον,
3748 2138 3777 2190 6
3811 2134 3872 2191 δὶ

2214 2222 2304 2275 τὸν
2353 2222 2541 2276 ἑαυτοῦ
2596 2222 2979 2298 προκεκρίσθαι
3055 2224 3468 2298 ἐνομοθέτησεν,
3533 2220 3876 2287 ὑποϐιεάσας

2215 2308 2342 2371 τοὺς
2370 2314 2477 2363 τῶν
2507 2307 2715 2366 ἄλλων.
2754 2312 2836 2380 Ἐξ
2862 2314 2927 2379 ἧς
2961 2311 3133 2373 αἶ’τίας
3180 2313 3245 2367 οὐ
3303 2318 3514 2388 μικρῶς
3565 2312 3753 2387 ἕθλιψε
3807 2314 3877 2368 τὸ

2220 2397 2461 2467 ὑπήκοον
2514 2397 2565 2451 ἐν
2614 2404 2730 2460 τοῖς
2782 2397 3103 2475 λεγομένοις
3154 2399 3461 2476 ἀλλαγίοις.
3516 2402 3613 2457 Καὶ
3688 2404 3750 2458 τὸ
3805 2400 3877 2472 δὴ

2217 2489 2521 2561 χείριστον,
2553 2487 2610 2542 έκ
2642 2492 2741 2552 τῆς
2788 2488 3057 2559 τοιαύτης
3103 2490 3275 2552 αἰτίας
3324 2495 3421 2545 τοῦ
3470 2490 3879 2565 πολιτεύματος

2218 2576 2543 2648 πιεζομένου
2577 2575 2834 2649 οὐδεμίαν
2865 2578 3108 2649 εὐθηνίαι
3155 2577 3399 2651 ἐδέξαντο
3452 2582 3518 2635 τά
3566 2582 3877 2654 ὠνούμενα.

2218 2665 2388 2720 Πλέον
2430 2664 2487 2719 δέ
2514 2671 2622 2720 τῶν
2654 2665 2838 2721 ἄλλων
2872 2668 3059 2736 ἠνίασε
3114 2668 3242 2730 τοὺς
3290 2671 3631 2745 ἀνθρώπους,
3677 2670 3876 2745 καίπερ

2218 2754 2337 2809 λίαν
2374 2750 2543 2809 ὅντων
2587 2755 3021 2831 χαλεπωτάτων,
3053 2760 3086 2826 ἡ
3119 2762 3215 2812 τοῦ
3262 2757 3479 2833 τείχους
3538 2760 3709 2821 κτίσις
3762 2765 3872 2814 τῶν

2217 2843 2516 2899 παλατίων.
2554 2842 2746 2900 [Ιολλά
2774 2845 2873 2920 γὰρ
2908 2844 3036 2921 ἔργα
3065 2846 3256 2919 κ·3κλῳ
3292 2845 3416 2901 ὄντα
3445 2852 3542 2901 τοῦ
3575 2846 3871 2916 παλατίου,

2218 2934 2293 2995 εἰς
2353 2933 2557 2995 καλλος
2616 2934 2703 2987 καὶ
2768 2932 2991 3007 μέγεθος
3054 2936 3456 3010 ἐξειργασμένα,
3501 2937 3871 3012 καταστρεψά-

2222 3044 2399 3095 μενος,
2450 3022 2751 3098 ἀκρόπολιν
2801 3022 2888 3078 καὶ
2943 3031 3249 3095 τυραννεῖον
3300 3029 3436 3080 κατὰ
3493 3032 3598 3080 τῶν
3663 3026 3874 3090 ἀθλίων

2216 3111 2457 3167 πολιτῶν
2537 3112 2921 3188 ἀπειργάσατο,
2990 3113 3273 3184 ἀποθήκας
3347 3114 3437 3169 καὶ
3500 3110 3877 3179 σιτοϐολῶνας

2218 3197 2426 3256 ἔνδοθεν
2486 3202 2575 3255 καὶ
2630 3200 2818 3263 ἰπνοὺς
2862 3203 2951 3256 καὶ
3001 3198 3294 3271 κλιϐάνους
3352 3204 3721 3279 ἐργασάμενος
3779 3206 3875 3259 καὶ

461 3280 772 3357 subvectus
802 3296 1017 3367 aliquis
1051 3295 1132 3349 ita
1169 3293 1521 3348 vociferatus
1550 3296 1638 3346 est
1670 3308 1683 3345 :
1721 3312 1745 3343 α
1780 3290 1822 3345 Ο
1854 3291 2105 3362 impera-

2218 3288 2519 3364 πληρώσας
2575 3288 2753 3347 εἰδῶν.
2800 3289 3226 3365 Προτεθέσπιστο
3282 3293 3383 3367 γὰρ
3461 3293 3608 3365 αὐτῷ
3656 3290 3874 3357 ἔνδοθεν
3944 3290 3945 3293 “

456 3396 570 3455 tor,
619 3387 792 3457 erigis
843 3401 1088 3440 muros:
1124 3387 1179 3437 et
1224 3382 1461 3436 tametsi
1507 3379 1593 3435 vel
1640 3381 1709 3435 ad
1753 3379 1960 3433 ccelum
2006 3396 2105 3434 eos

454 3480 690 3546 educas,
723 3476 884 3530 intus
936 3490 1068 3529 cum
1117 3472 1193 3528 sit
1245 3470 1488 3540 malum,
1523 3470 1663 3524 urbs
1713 3473 1885 3540 captu
1920 3468 2106 3524 facilis

455 3573 563 3624 est.
600 3587 623 3619 ι
658 3566 766 3631 Qui
799 3565 920 3619 haec
953 3564 1117 3631 dixit,
1145 3561 1244 3616 diu
1271 3559 1646 3629 multumque
1677 3563 1766 3612 est
1796 3557 2103 3629 quaesitus,

455 3675 569 3713 non
604 3662 797 3713 tamen
830 3654 1126 3708 inventus.
1157 3651 1320 3705 Muro
1351 3648 1505 3703 enim
1530 3647 1800 3702 absoluto
1834 3652 1973 3701 tunc
2005 3664 2103 3718 pe-

453 3748 572 3815 riit,
606 3762 674 3802 ea
722 3745 851 3816 ipsa
880 3743 993 3809 die,
1027 3758 1161 3796 cum
1213 3740 1262 3794 ei
1315 3738 1504 3794 claves
1550 3737 1601 3791 is
1632 3736 1725 3791 cui
1780 3738 1835 3791 id
1886 3736 2102 3808 negotii

456 3835 842 3891 commissum
875 3836 1000 3887 erat
1028 3830 1086 3884 in
1122 3845 1333 3883 manus
1365 3826 1637 3882 traderet.

2213 3383 2310 3433 τοῦ
2341 3379 2612 3434 παλατίυυ
2663 3381 2947 3435 ἀποθανεῖν
2999 3384 3134 3451 (20),
3183 3382 3367 3456 ἠγνόει
3419 3380 3485 3450 δ’,
3542 3384 3617 3446 ὡς
3674 3380 3875 3455 ἔοικεν,

2215 3470 2288 3530 ὡς
2348 3468 2395 3523 εἶ’
2458 3470 2533 3541 μή
2596 3470 2790 3541 Κ’δρίος
2852 3470 3068 3548 ευλάξιι
3130 3469 3423 3544 πόλιν,εῖς
3478 3472 3651 3545 μάτην
3693 3473 3876 3547 ἧγρῦσ

2213 3579 2414 3627 πνησεν
2446 3560 2473 3612 6
2507 3557 2818 3632 φυλάσσων.
2851 3562 2981 3615 ’Ὁτε
3012 3560 3115 3635 γὰρ
3148 3561 3208 3614 τὸ
3240 3567 3428 3637 τεῖχος
3460 3567 3554 3615 τοῦ
3604 3561 3876 3617 παλατίου

2212 3649 2651 3716 κατεσκευάζετο,
2705 3652 2800 3720 μιᾷ
2856 3653 2963 3702 τῶν
3024 3654 3230 3703 νυκτῶν
3287 3650 3387 3704 ἀνά
3447 3653 3543 3720 τὴν
3597 3649 3873 3715 θάλασσαν

2216 3736 2505 3792 ὑποπλέων
2557 3759 2639 3799 τις
2694 3732 3015 3807 ἐξεϐόησεν·
3078 3764 3105 3789 ‹‹
3171 3741 3235 3792 Ὠ
3299 3738 3542 3813 βασιλεῦ,
3590 3742 3747 3813 ὑψοῖς
3806 3742 3879 3795 τά

2212 3825 2394 3900 τείχη,
2453 3824 2549 3880 κᾶν
2610 3826 2776 3901 μέχρι
2829 3825 3004 3881 πόλου
3064 3828 3289 3905 φθάσῃς,
3351 3823 3504 3882 ἔνδον
3566 3830 3627 3883 τὸ
3677 3829 3876 3900 κακὸν,

452 3922 724 3984 εὐάλωτος
781 3923 816 3989 ἡ
868 3918 1053 3975 πόλις.
1088 3941 1114 3969 ››
1151 3914 1345 3973 ΙΙολλά
1398 3912 1455 3968 δέ
1516 3912 1865 3983 ἀναζητηθεὶς
1915 3913 1941 3967 6
1984 3916 2142 3968 τοῦτο
2205 3914 2368 3968 εἰπὼν
2404 3914 2510 3989 οὐχ
2541 3914 2753 3988 εὑρέθη.
2789 3918 2902 3971 Τοῦ
2931 3916 3149 3990 τείχους
3180 3918 3281 3991 γὰρ
3311 3916 3716 3985 τελειωθέντος,
3747 3916 3878 3973 τότε

451 4006 646 4080 συνέϐη
679 4010 767 4064 καὶ
799 4006 959 4063 αὐτὸν
992 4007 1108 4061 κατ’
1140 4003 1304 4071 αὐτὴν
1331 4004 1429 4071 τὴν
1458 4001 1665 4077 ἡμέραν
1702 4001 2010 4067 ἀποθανεῖν,
2039 4002 2274 4071 ὁπηνίκα
2303 4003 2395 4065 τάς
2429 4002 2577 4065 κλεῖς
2612 4004 2639 4057 6
2670 4004 2768 4073 τήν
2820 4002 3134 4076 ἐπιμέλειαν
3181 4004 3641 4081 ἰπιτετραμμένος
3692 4003 3880 4081 φέρων

448 4100 595 4171 αὐτῷ
624 4095 936 4173 ἐνεχείρισε.

518 4189 779 4245 Accessit
800 4187 870 4241 ad
897 4186 1015 4240 haec
1047 4182 1229 4250 aliud,
1253 4180 1405 4252 quod
1433 4180 1562 4234 odia
1598 4179 1655 4232 in
1692 4179 2107 4251 imperatorem

447 4276 832 4350 exasperavit.
852 4279 984 4347 Ipso
1004 4272 1304 4327 Paschatis
1321 4270 1467 4325 festo
1484 4269 1731 4339 die,orto
1756 4269 1906 4324 inter
1919 4272 2108 4327 socios

450 4368 684 4423 navales
717 4371 773 4421 et
816 4362 1119 4419 Armenios
1170 4359 1449 4415 conflictu
1484 4357 1755 4428 utrinque
1806 4359 1975 4414 multi
2009 4377 2105 4432 pe-

449 4460 691 4524 rierunt,
720 4460 775 4510 et
806 4457 1052 4508 mortem
1088 4466 1239 4522 mgre
1269 4448 1453 4503 evasit
1499 4447 1755 4503 Sisinius
1802 4449 2106 4519 patricius,

452 4547 618 4602 urbis
646 4522 975 4617 praefectus.
996 4541 1213 4596 Exinde
1234 4540 1389 4593 fama
1413 4537 1666 4593 obtinuit
1692 4539 2103 4609 imperatorem
2136 4522 2182 4585 D

448 4636 671 4691 civibus
693 4636 1007 4700 infensum,
1028 4630 1182 4703 quod
1203 4646 1300 4684 eos
1318 4628 1497 4699 hujus
1520 4627 1811 4682 tumultus
1836 4634 2103 4683 auctores

449 4729 733 4791 censeret,
765 4722 1045 4778 statuisse
1076 4719 1233 4774 ludis
1264 4718 1637 4789 equestribus
1684 4734 1783 4773 eos
1818 4718 1875 4771 in
1907 4734 2103 4772 casses

451 4818 733 4870 attractos
768 4811 988 4866 ulcisci.
1044 4807 1221 4865 Paulo
1256 4812 1387 4879 post
1435 4807 1559 4861 ludi
1610 4811 1911 4877 equestres
1944 4806 2102 4860 facti.

452 4905 535 4961 lbi
568 4902 949 4974 Nicephorus,
974 4903 1038 4953 ut
1064 4897 1289 4953 civibus
1313 4897 1648 4952 ostenderet
1680 4895 1818 4965 quid
1855 4895 1933 4949 rei
1967 4911 2101 4949 con-

451 4994 647 5050 ﬂictus
678 5007 883 5063 pugna:
911 4992 1086 5054 esset,
1105 4995 1202 5043 aut
1232 4986 1409 5042 etiam
1441 4990 1503 5039 ut
1525 5001 1622 5039 eos
1645 4987 2104 5054 terreret,quos-

452 5084 588 5139 dam
621 5080 796 5136 nudis
848 5078 1053 5148 gladiis
1100 5075 1436 5132 dimicando
1488 5072 1670 5143 proelii
1716 5071 2101 5127 simulacrum

2294 4179 2658 4255 ΙΙροσεγένιτο
2718 4178 2775 4235 δὲ
2830 4186 2947 4243 τοῖς
3004 4180 3316 4254 εἰρημένοις
3372 4183 3459 4237 καὶ
3501 4181 3704 4258 ἕτερον,
3739 4184 3880 4261 ὅπερ

2221 4271 2307 4324 ἐπὶ
2342 4270 2509 4326 πλέον
2544 4270 2699 4344 ἐξῆρε
2728 4271 2790 4325 τὸ
2820 4273 2935 4325 κατ’
2968 4271 3132 4325 αὐτοῦ
3177 4278 3353 4344 μῖσος.
3392 4269 3692 4346 Συμϐολῆς
3723 4296 3886 4349 γενο-

2226 4358 2391 4430 μένης
2435 4363 2549 4413 κατ’
2596 4360 2765 4429 αὐτὴν
2806 4360 2904 4429 τὴν
2936 4361 3129 4433 ἑορτὴν
3162 4365 3260 4415 τοῦ
3292 4361 3444 4437 ἁγίου
3480 4362 3671 4437 Πάσχα
3716 4364 3887 4435 μέσον

2218 4446 2493 4519 πλωίμων
2549 4448 2637 4501 καὶ
2696 4449 3017 4523 Ἀρμενίων,
3070 4448 3246 4513 πολὺς
3310 4450 3609 4526 ἀνθρώπων
3660 4451 3880 4526 ἐγένετο

2216 4537 2437 4614 φθόρος,
2477 4541 2674 4610 μικροῦ
2721 4535 2767 4591 δ’
2798 4536 2858 4591 ἂν
2908 4533 3117 4593 ἀπεϐίω
3159 4540 3245 4593 καὶ
3300 4541 3328 4593 6
3376 4539 3672 4615 μάγιστρος
3720 4541 3877 4596 Σισί-

2215 4646 2329 4686 νιος
2381 4625 2469 4678 καὶ
2518 4622 2783 4701 ἔπαρχοσ,
2821 4623 3100 4681 Διεδέδοτο
3152 4625 3207 4681 δὲ
3259 4630 3417 4705 φήμη
3468 4628 3522 4683 ἐγ
3554 4630 3750 4684 τούτου
3798 4632 3881 4696 ὡς

2214 4712 2570 4790 χαλεπαίνων
2624 4722 2741 4777 τοῖς
2790 4713 3040 4778 πολίταις
3093 4717 3121 4771 ὁ
3171 4717 3509 4791 Νικηφόρος,
3546 4719 3617 4780 ὡς
3675 4719 3878 4783 αἰτίοις

2213 4805 2359 4879 τάχα
2410 4811 2507 4873 τῆς
2564 4804 2800 4877 ἀταξίας,
2860 4805 2912 4860 ἐν
2970 4808 3153 4879 ἡμέρᾳ
3228 4805 3597 4883 ἱπποδρομίας
3676 4807 3880 4881 μέλλει

2216 4892 2545 4967 σαγηνεύσας
2600 4895 2690 4948 τὸν
2744 4892 2920 4966 δῆμον
2966 4897 3401 4969 τιμωρήσασθαι.
3455 4897 3556 4953 Καὶ
3614 4894 3680 4967 δὴ
3736 4900 3883 4970 μετά

2222 4982 2416 5055 μικρὸν
2448 4980 2823 5056 ἱπποδρομίας
2855 4984 3213 5055 τελουμένης,
3248 4984 3583 5060 βουλόμενος
3636 4988 3663 5040 6
3692 4991 3881 5058 Νικη-

2219 5072 2386 5146 φόρος
2430 5068 2762 5143 ἐνδείξασθαι
2794 5078 2913 5133 τοῖς
2964 5071 3218 5137 πολίταις
3247 5074 3336 5129 καὶ
3368 5076 3464 5144 τήν
3497 5079 3594 5130 τοῦ
3624 5074 3883 5149 πολέμου

1657 5230 2013 5287 XYLANDRI
2054 5232 2143 5287 ET
2182 5232 2397 5287 GOARI
2439 5230 2670 5288 NOTfE.

534 5376 645 5449 (19)
675 5377 928 5449 Zonaras
959 5364 1538 5449 scribit_de.hexagio
1569 5364 1658 5421 vel
1693 5366 1921 5449 sextula
1951 5368 2110 5449 (nam

462 5436 667 5519 ἐξάγιόν
714 5447 862 5517 lego)
911 5460 1043 5519 eum
1072 5439 1386 5519 redegisse
1433 5436 1806 5519 1e1a01npév._
1835 5438 1997 5519 Quod
2030 5438 2114 5492 sic

459 5509 741 5589 intelligo,
770 5509 1119 5589 posterioris
1148 5509 1468 5589 nummiad
1504 5509 1752 5589 priorem
1780 5509 1961 5564 fuisse
1982 5526 2107 5589 eam

462 5582 899 5663 proportionem
932 5603 1059 5657 qua:
1106 5589 1196 5663 est
1240 5582 1425 5663 bessis
1460 5582 1528 5634 ad
1561 5590 1893 5663 ‘asscnmmut
1925 5585 2113 5663 major

463 5651 709 5719 minoris
755 5664 910 5728 esset
937 5651 1296 5728 sesquiplus.
1338 5652 1643 5728 Nam_ut_a
1687 5656 1721 5707 6
1770 5651 1996 5728 ἐξάγων,
2023 5651 2111 5728 ita

463 5679 709 5719 minoris
755 5673 910 5716 esset
937 5673 1296 5728 sesquipius.
1338 5673 1481 5707 nam
1516 5673 1579 5707 ut
1611 5673 1643 5707 a
1687 5673 1721 5707 0
1770 5673 1854 5723 εξα
1896 5673 1996 5723 ιον,
2029 5673 2109 5709 na

462 5753 495 5791 a
522 5736 554 5789 4
582 5725 911 5805 τεταρτηρόν
943 5730 1173 5786 videtur
1218 5724 1429 5782 dictus.
1463 5724 1536 5781 Ut
1566 5725 1614 5781 si
1644 5730 1808 5781 vetus
1851 5673 1889 5780 ό
1927 5724 2109 5798 (verbi

2225 5366 2413 5452 gratia
2462 5364 2995 5452 obolos,lnov.u‘s_4
3044 5369 3245 5452 obolos
3294 5371 3697 5452 appendisset.
3759 5374 3886 5447 Ἕξ-

2225 5432 2346 5489 ὅδον
2384 5432 2759 5517 prosumptu
2801 5439 3031 5496 videtur
3060 5441 3151 5497 bis
3181 5441 3276 5496 hic
3308 5432 3593 5513 posuisse.
3621 5446 3765 5498 Χγι..

2294 5509 2408 5577 (20)
2443 5508 2741 5577 Librarius
2792 5529 2905 5568 non
2957 5514 3171 5577 inepte,
3208 5511 3304 5568 Καὶ
3354 5514 3459 5577 μὴν
3510 5509 3615 5567 ἔδει
3651 5510 3803 5577 μᾶλλ

2270 5530 2408 5593 ,[έυ)
2444 5530 2741 5591 mprarlus
2792 5530 2905 5568 non
2957 5530 3171 5584 mepte,
3208 5530 3304 5568 ttat
3354 5530 3459 5584 μην
3510 5530 3615 5567 εοει
3650 5530 3871 5585 μαΛΛον

2586 5585 2745 5636 τοῦτο
2801 5580 3063 5652 διηνεκῶς
3131 5588 3227 5637 τοῦ
3306 5583 3575 5639 παλατίου
3660 5582 3873 5660 διάγειν

2246 5668 2390 5711 κτος.
2422 5668 2553 5708 ᾹΥΙ..
