4036 6330
150 409 264 468 los
1305 403 1853 467 HISTORIARUM
1897 403 2054 466 COM
2069 406 2443 470 PENDIUM.
3453 408 3572 473 106

148 533 440 613 συμϐολὴν
492 535 660 595 ὁποία
708 535 847 605 tul,
888 537 1034 611 τάχα
1082 532 1130 590 δ’
1180 533 1312 598 ἴσως
1354 535 1443 591 καὶ
1483 529 1782 611 ἐκφοϐῆσαι

1919 537 2068 594 811
2105 538 2378 596 exhibere
2399 538 2606 611 jussit,
2635 538 3118 597 oblectandorum
3156 539 3382 599 scilicet
3427 559 3570 617 spe-

147 631 272 708 ξίφη
323 627 510 704 γυμνᾶ
555 621 830 688 λαϐόντας
870 625 1020 688 τινας
1069 624 1388 699 προσέταξεν
1439 625 1516 688 ὡς
1565 624 1617 680 ἐν
1667 645 1785 701 προ·

1916 632 2209 685 ctatorum
2258 645 2456 686 causa.
2507 628 2723 685 Verum
2755 633 3112 703 spectatores
3141 631 3282 703 quid
3308 631 3420 689 hoc
3448 633 3562 690 sibi

147 720 402 795 σχήματι
461 712 752 790 πολεμίων
807 714 1014 786 παῖξαι,
1069 714 1148 779 είς
1203 714 1434 769 ἑστίασιν
1498 715 1644 790 τάχα
1695 719 1785 769 τῶι

1911 717 2086 774 vellet
2139 717 2502 792 ignorantes,
2540 719 2786 792 jamque
2831 718 2891 774 id
2939 719 3034 791 agi
3085 724 3358 792 putantes
3407 724 3562 795 quod

146 811 376 864 θεατῶν.
429 805 644 864 Τούτου
698 802 756 860 δὲ
802 805 1122 880 γενομένου,
1165 805 1258 859 τὸν
1298 808 1422 859 νοῦν
1453 808 1560 859 τῶν
1599 802 1785 880 βλεπο·

1913 823 2116 864 rumor
2145 808 2266 864 fore
2285 807 2758 879 conﬁrmarat,ad
2782 807 2972 864 exitus
2993 807 3207 865 theatri
3232 816 3562 884 praeruptos

151 900 329 974 μένων
402 899 773 973 ἀγνοήσαντες
830 896 882 952 οἱ
938 896 1158 971 θεωροὶ,
1214 896 1304 951 καὶ
1350 897 1450 965 τήν
1504 899 1785 972 κρατοῦσαι

1912 913 1979 953 ac
2021 896 2280 954 lubricos
2327 915 2504 955 cursu
2552 914 2615 955 se
2644 896 3083 969 contuluerunt,
3113 897 3316 971 ibique
3340 899 3440 956 alii
3485 901 3562 957 ab

147 990 344 1066 φήμην
401 986 561 1049 τέλος
611 983 723 1056 ἤδη
801 981 1100 1059 λαμϐάνειν
1162 984 1616 1056 ὑποτοπάσαντες,
1675 980 1785 1056 δροι

1911 985 2044 1042 aliis
2073 985 2393 1043 cenculcati
2426 986 2725 1060 perierunt
2753 985 3051 1060 permulti,
3064 1003 3388 1061 omnesque
3417 989 3562 1047 adeo

149 1084 304 1152 μαῖοι
358 1076 447 1133 ἐπὶ
496 1076 596 1138 τὰς
660 1071 874 1149 ἐξόδους
929 1075 1177 1150 ἰχώρουν
1234 1071 1581 1150 κρημνώδεις
1641 1073 1785 1128 aliaat

1908 1073 2159 1132 invicem
2191 1075 2389 1132 obtriti
2420 1076 2754 1148 periissent,
2804 1075 2918 1132 nisi
2949 1081 3258 1149 conspecto
3304 1077 3563 1152 impera-

142 1167 230 1223 καὶ
312 1165 612 1244 σφαλερᾶς,
689 1164 782 1220 καὶ
850 1164 939 1219 ὑπ’
1011 1161 1280 1234 ἀλλήλων
1350 1162 1785 1236 συμπατούμενο‹

1908 1166 2161 1237 tore,qui
2193 1165 2253 1220 in
2285 1164 2430 1222 solio
2462 1165 2746 1222 immotus
2775 1182 2842 1221 ac
2871 1165 3066 1236 quiete
3097 1167 3562 1236 assidebat,sen-

141 1257 512 1326 ἀπέθνησκον.
547 1255 651 1313 Καὶ
700 1253 991 1309 ἀπώλοντο
1045 1252 1106 1308 ἂν
1139 1254 1369 1315 ἅπαντες
1416 1253 1502 1307 ὑπ’
1529 1249 1785 1323 ἀλλήλωι

1908 1255 2128 1310 sissent
2160 1254 2392 1311 nolente
2421 1271 2487 1311 eo
2518 1254 2678 1311 hunc
2707 1254 2991 1313 accidisse
3013 1255 3355 1325 tumultum,
3380 1274 3447 1314 ac
3468 1258 3560 1315 fu-

140 1345 642 1418 καταπατούμενοι,
697 1345 783 1418 [Ρ.
833 1343 960 1416 660]
1007 1341 1050 1397 εί
1105 1342 1180 1416 μὴ
1229 1343 1256 1397 6
1300 1339 1555 1417 βασιλεὺς
1607 1341 1785 1416 ὡράθοη

1905 1343 2104 1416 giendi
2137 1344 2313 1400 finem
2346 1343 2644 1402 fecissent.

141 1433 226 1487 ἐπὶ
255 1437 363 1487 τοῦ
393 1432 574 1497 θώκου
611 1432 921 1503 καθήμενος
946 1427 1107 1501 ἀδεής
1136 1451 1193 1484 τε
1235 1429 1324 1483 καὶ
1351 1426 1630 1503 ἄτρεπτος·
1682 1427 1739 1482 ὅν
1793 1425 1923 1485 ἰδὼν
1955 1431 1982 1484 6
2015 1427 2192 1503 δῆμος
2247 1431 2322 1504 μὴ
2365 1429 2821 1504 παρακινηθέντα,
2869 1429 2958 1485 καὶ
3006 1433 3436 1504 κατανοήσαντες
3481 1432 3556 1496 ὡς

139 1519 378 1583 ἄκοντος
408 1520 572 1575 αὑτοῦ
600 1519 796 1594 γέγονε
817 1518 880 1574 τὸ
909 1517 1226 1593 γενόμενον,
1256 1514 1485 1588 ἔστησαν
1518 1523 1618 1587 τῆς
1650 1520 1846 1594 φυγῆς.

205 1624 460 1702 Πρόοδον
492 1623 551 1681 δὶ
599 1623 866 1698 δημοσίαν
913 1626 1214 1694 ποιήσαντα
1260 1623 1354 1678 τὸν
1394 1621 1710 1700 Νικηφόρον
1744 1622 1785 1678 ἐκ

1980 1625 2127 1682 Cum
2154 1627 2228 1682 ad
2257 1626 2498 1684 Fontem
2531 1627 2742 1684 deinde
2771 1628 3090 1702 imperator
3139 1628 3368 1702 publice
3416 1646 3558 1702 pro-

135 1716 201 1791 τῇ
256 1719 423 1792 Πηγῇ
499 1714 636 1770 κατᾶ
707 1715 809 1783 τήν
870 1714 1061 1788 ἑορτὴν
1134 1719 1234 1782 τῆς
1291 1711 1647 1785 Ἀναλήψεως
1700 1715 1785 1766 τοῖ

1908 1716 2186 1773 cessisset
2232 1716 2395 1774 feriis
2441 1718 2882 1790 Assumptionis
2929 1717 3169 1786 Christi,
3209 1720 3553 1776 redeuntem

137 1807 381 1879 Χριστοῦ
407 1809 507 1860 τοῦ
555 1808 690 1860 Θεοῦ
737 1805 922 1877 ἡμῶν,
973 1802 1064 1857 καὶ
1123 1801 1526 1878 ὑποπρᾶφοντα
1574 1801 1624 1855 οἱ
1674 1821 1785 1877 συγ-

1906 1807 2139 1876 cognati
2166 1822 2370 1862 eorum
2402 1806 2502 1879 qui
2533 1807 2592 1862 in
2622 1806 2783 1863 Circo
2815 1806 3108 1880 perierant
3138 1807 3197 1864 in
3230 1808 3353 1865 foro
3379 1811 3550 1865 Arto-

135 1899 316 1969 γενεῖς
347 1899 457 1950 τῶν
506 1893 563 1948 ἑν
609 1896 688 1964 τῷ
733 1889 1069 1969 ἱπποδρόμῳ
1106 1888 1484 1946 ἀπολωλότων
1514 1887 1785 1964 δεξάμενοι

1903 1898 2113 1966 praton
2171 1897 2328 1952 nacti
2385 1895 2651 1952 convitiis
2704 1896 3131 1968 prosederunt,
3189 1897 3550 1970 ﬂagitiosum

135 1984 185 2038 ἐν
239 1987 316 2058 τῇ
359 1987 468 2039 τῶν
519 1984 901 2057 Ἀρτοπρατῶν
945 1981 1120 2057 ἀγορᾷ
1168 1974 1352 2055 ὕϐρεις
1399 1979 1626 2058 ἠφίεσαν
1675 1981 1785 2034 κατ⁵

1901 1983 2259 2041 homicidam
2291 1989 2350 2041 et
2389 1984 2761 2058 popularium
2783 1985 3072 2059 sanguine
3088 1986 3555 2044 contaminatum

133 2075 304 2128 αὑτοῦ
364 2073 649 2148 ἀπρεπεῖς,
702 2069 978 2147 ἀλάστορα
1022 2070 1115 2124 καὶ
1171 2067 1518 2143 παλαμναῖον
1578 2069 1785 2124 ἀποκα-

1896 2055 2618 2146 vocantes,pulveremque
2632 2055 2925 2131 adversus
2927 2091 3061 2131 eum
3089 2078 3148 2132 et
3167 2091 3307 2132 saxa
3321 2077 3557 2148 jactan-

133 2161 360 2226 λοῦντες
412 2161 505 2217 καὶ
564 2158 870 2238 ὁμοφύλοις
938 2157 1130 2232 α’ἱμασι
1188 2158 1382 2234 μιαρὸν
1417 2201 1433 2230 ,
1489 2157 1580 2212 καὶ
1637 2158 1786 2213 κόνιν

128 2253 217 2308 καὶ
250 2253 447 2316 λίθους
493 2246 736 2324 ἔπεμπον
789 2249 868 2313 εἷς
913 2249 1071 2304 αὑτὸν
1118 2249 1248 2324 ἄχρι
1300 2254 1400 2317 τῆς
1447 2247 1647 2324 ἀγορᾶς
1689 2251 1788 2302 τοῦ

129 2343 389 2418 Μεγάλου
449 2339 858 2399 Κωνσταντίνου
883 2381 898 2396 .
955 2339 1055 2393 Καὶ
1114 2335 1368 2409 άπεπάγη
1439 2337 1533 2411 μὶν
1593 2334 1654 2391 ἂν
1706 2341 1787 2407 τῷ

129 2429 260 2498 δέει,
312 2430 360 2485 εἰ
418 2433 494 2504 μή
541 2449 682 2491 τινες
736 2427 1072 2501 ἐντιμότεροι
1116 2431 1226 2483 τῶν
1280 2424 1527 2482 πολιτῶν
1574 2425 1787 2502 προλα-

128 2516 322 2581 ϐόντες
375 2519 506 2581 τοὺς
561 2519 656 2592 μὲν
711 2516 1070 2578 ἂιτακτοῦντας
1126 2512 1454 2588 ἀνέστειλαν,
1513 2515 1676 2571 αὐτὸν
1730 2512 1788 2570 δὲ

128 2609 507 2688 εὐφημοῦντες
568 2607 701 2683 ἄχρι
755 2610 858 2662 τοῦ
911 2604 1180 2662 παλατίου
1255 2605 1631 2680 προέπεμψαν.
1691 2604 1790 2660 Διὰ

127 2703 298 2754 ταῦτα
357 2697 537 2753 πάντα
593 2697 950 2772 ἇηχθῆσθαι
1008 2695 1158 2771 παρά
1210 2699 1318 2750 τῶν
1376 2693 1620 2750 πολιτῶν
1669 2693 1786 2749 ἑπι-

128 2788 398 2862 στάμενος
445 2787 536 2842 καὶ
606 2785 844 2842 ἆπίθεσιν
905 2784 1256 2862 ὑφορώμενος
1326 2785 1426 2854 τήν
1485 2781 1784 2860 ἀκρόπολιν

128 2875 468 2950 ἐδομῆσατο.
518 2872 682 2931 Ἀλλ’
738 2874 839 2930 ούκ
891 2871 1140 2945 ἠδυνήθη
1173 2870 1448 2950 διαφυγεῖν
1474 2871 1537 2927 τὸ
1581 2873 1785 2949 χρεὼν,

1896 2167 2006 2228 tes,
2040 2162 2225 2218 donec
2255 2163 2328 2218 ad
2360 2162 2552 2218 forum
2593 2163 2963 2220 Constantini
3013 2163 3212 2238 Magni
3259 2165 3548 2237 pervenit.

1898 2251 1968 2306 Et
1996 2251 2208 2307 fuisset
2237 2268 2380 2308 sane
2409 2252 2779 2308 exanimatus
2813 2257 2993 2322 metu,
3028 2252 3142 2309 nisi
3172 2253 3387 2309 civium
3436 2252 3549 2310 ho-

1898 2338 2221 2396 noratiores
2253 2340 2497 2410 quidam
2526 2357 2662 2396 eum
2703 2341 2990 2415 repressis
3038 2340 3549 2400 tumultuantibus

1895 2429 2218 2501 stipassent
2239 2433 2296 2484 et
2329 2429 2540 2485 faustis
2569 2429 3093 2486 acclamationibus
3139 2431 3436 2503 prosecuti
3484 2431 3546 2489 in

1895 2516 2182 2589 palatium
2229 2517 2633 2574 deduxissent.
2678 2517 2761 2574 Ob
2810 2517 2932 2573 haec
2961 2517 3162 2575 omnia
3188 2518 3448 2576 invisum
3480 2535 3548 2577 se

1895 2607 2120 2662 civibus
2153 2623 2399 2662 cernens
2430 2611 2488 2663 et
2517 2607 2762 2663 insidias
2784 2607 3000 2664 timens
3021 2623 3217 2666 arcem
3238 2609 3543 2666 exstruxit.

1895 2695 2093 2767 Neque
2122 2699 2317 2752 tamen
2346 2695 2534 2752 fatum
2565 2694 2932 2765 evitavit,sed
2959 2713 3075 2768 quo
3096 2701 3362 2770 tempore
3386 2699 3479 2754 87
3494 2699 3542 2756 2

1896 2784 2097 2841 omnia
2126 2785 2239 2842 sibi
2272 2784 2332 2841 in
2366 2789 2489 2842 tuto
2519 2801 2648 2842 esse
2681 2784 2924 2858 putavit,
2941 2784 3123 2843 vitam
3152 2786 3542 2852 amisit.Quo-

1897 2874 2070 2930 modo
2103 2889 2198 2930 res
2223 2873 2301 2930 sit
2331 2878 2478 2943 acta,
2511 2891 2618 2930 suo
2645 2873 2874 2930 dicetur
2902 2875 3049 2932 loco.

127 2965 252 3021 ἀλλ’
313 2964 407 3022 ὅτε
462 2964 647 3028 καλῶς
703 2959 852 3040 ἔχειν
908 2961 1056 3036 αύτῷ
1107 2961 1176 3019 τὰ
1225 2963 1400 3018 πάντα
1456 2961 1636 3036 ᾠήθη,
1693 2958 1962 3036 ἀπίρῥηξε
2014 2961 2114 3030 τὴν
2175 2963 2343 3033 ζωήν.
2402 2960 2503 3016 Καὶ
2560 2959 2733 3032 ὅπως,
2789 2961 2841 3018 ἐν
2895 2965 2976 3035 τῷ
3037 2962 3299 3038 πρόποντι
3363 2966 3542 3041 καιρῷ

125 3057 449 3131 ῥηθήσεται.

187 3163 450 3239 Τετάρτῳ
494 3159 554 3218 δὶ
597 3168 698 3232 τῆς
746 3160 910 3216 αὑτοῦ
963 3158 1236 3236 βασιλείας
1283 3154 1410 3230 ἔτει,
1466 3157 1598 3232 μηνὶ
1647 3159 1777 3215 Ἰου-

1956 3159 2124 3215 Anno
2155 3158 2389 3231 imperii
2421 3159 2512 3216 sui
2543 3160 2596 3228 4,
2629 3159 2950 3216 indictione
2982 3161 3070 3230 10,
3117 3177 3318 3219 mense
3361 3161 3540 3220 Junio

120 3253 240 3324 νίῳ,
300 3255 402 3321 τῆς
461 3253 491 3306 ι’
549 3248 909 3320 ίνδικτιῶνος,
964 3251 1059 3311 τὰς
1119 3247 1174 3304 ἰν
1221 3251 1290 3322 τῇ
1348 3247 1530 3324 Θρᾴκῃ
1583 3246 1776 3308 πόλεις

124 3343 261 3417 ἱξῄει
299 3340 756 3414 ἐπισκεψόμενος,
806 3338 895 3394 καὶ
943 3340 1234 3414 γενόμενος
1286 3335 1420 3412 ἄχρι
1464 3343 1565 3406 τῆς
1617 3334 1774 3412 λεγο⁶

128 3433 292 3503 μένης
353 3428 606 3506 μεγάλης
655 3426 848 3491 σούδας
896 3422 1098 3503 ἔγραψε
1164 3425 1352 3501 [Ιὲτρῳ
1400 3430 1480 3498 τῷ
1529 3425 1776 3500 Βουλγα-

131 3523 248 3596 gis:
302 3518 536 3596 ἄρχοντι
600 3520 677 3591 μή
739 3516 826 3590 ἰᾷν
883 3517 1011 3579 τοὺς
1057 3515 1328 3591 Τούρκους
1377 3512 1631 3588 διαπερᾷν
1685 3514 1774 3568 τὸν

125 3613 340 3684 Ἵστρον
397 3609 491 3663 καὶ
549 3608 616 3662 τὰ
665 3606 948 3680 Ῥωμαίων
1024 3604 1396 3677 λυμαίνεσθαι.
1452 3603 1663 3660 Τούτου
1721 3599 1780 3657 δὲ

134 3703 206 3770 μὴ
265 3697 643 3774 προσέχοντος
723 3695 867 3751 ἀλλὰ
921 3695 1201 3756 παντοίαις
1258 3692 1530 3770 ἀφορμαῖς
1585 3713 1730 3768 παρα
1761 3723 1783 3733 -

130 3789 445 3860 κρούοντος,
490 3787 584 3841 τὸν
633 3782 729 3840 τοῦ
775 3784 834 3840 ἐκ
875 3786 1161 3858 Χερσῶνος
1197 3781 1573 3858 πρωτεύοντος
1605 3781 1718 3837 υἶὸν
1751 3782 1779 3836 6

129 3874 454 3951 Νικηφόρος
526 3871 618 3926 τὸν
695 3869 1012 3945 Καλοκυρὸν
1089 3868 1470 3944 πατρικιότητι
1544 3870 1782 3941 τιμήσας

130 3966 262 4034 πρὸς
317 3964 416 4017 τὸν
478 3959 721 4037 ἄρχοντα
769 3961 996 4022 Ῥωσίας
1067 3959 1330 4032 ἐκπὲμπει
1402 3955 1779 4036 Σφενδοσθλά-

131 4047 245 4123 εον,
286 4049 515 4126 δωρεῶν
569 4047 890 4125 ὑποσχέσεσι
933 4048 1023 4103 καὶ
1071 4047 1404 4126 φιλοτιμιῶν
1437 4046 1536 4101 οὐκ
1583 4045 1785 4121 ὀλίγων

131 4141 436 4204 ἀναπείθων
486 4137 865 4214 ἐκστρατεῦσαι
917 4137 1053 4193 κατὰ
1102 4134 1472 4213 Βουλγάρων.
1523 4136 1783 4190 Πεισθέν-

130 4250 214 4291 τες
258 4231 353 4285 οὖν
398 4229 456 4284 οἱ
507 4227 646 4290 Ῥὼς
691 4228 782 4283 καὶ
832 4224 1150 4289 ἐπελθόντες
1194 4225 1263 4300 τῇ
1310 4223 1621 4301 Βουλγαρίᾳ
1649 4225 1786 4280 κατᾶ

130 4321 218 4374 τὸν
276 4317 594 4394 Αὔγουστον
651 4323 818 4391 μῆνα,
875 4323 976 4388 τῆς
1017 4317 1081 4371 ια’
1131 4313 1495 4387 ἷνδικτιῶνος,
1548 4314 1785 4388 πέμπτῳ

134 4416 232 4478 τῆς
291 4406 580 4483 βασιλείας
638 4403 744 4462 ἔτει
798 4409 898 4462 τοῦ
947 4405 1292 4483 Νικηφόρου,
1335 4401 1550 4467 πολλὰς
1591 4401 1786 4464 πόλεις

133 4500 219 4551 καὶ
246 4499 446 4573 χώρας
497 4492 766 4574 ἠόάφισαν
813 4499 922 4551 τῶν
967 4493 1323 4570 Βουλγάρων,
1367 4492 1456 4548 καὶ
1506 4490 1656 4548 λείαν
1701 4490 1784 4547 ὅτι

135 4586 397 4657 πλείστην
462 4579 893 4660 περιϐαλόμενοι
961 4584 1290 4660 ὑπέστρεψαν
1369 4581 1446 4646 είς
1511 4581 1578 4637 τὰ
1653 4577 1782 4635 ἴδια.

137 4678 230 4730 Καὶ
277 4681 364 4747 τῷ
423 4671 566 4748 1ἱιιτῳ
613 4671 672 4729 δὶ
714 4672 880 4729 πάλιν
929 4675 1027 4743 τῆς
1079 4670 1357 4748 βασιλείας
1403 4670 1568 4727 αὑτοῦ
1596 4672 1786 4747 χρόνῳ

136 4767 558 4841 ἐπεστράτευσαν
617 4763 753 4819 κατὰ
797 4761 1160 4838 Βουλγαρίας,
1207 4760 1298 4816 καὶ
1354 4762 1421 4816 τὰ
1469 4759 1638 4834 ὅμοια
1681 4762 1788 4815 τῶν

137 4858 421 4931 πρατὲρων
477 4853 514 4922 ἢ
567 4851 657 4908 καὶ
711 4850 935 4929 χείρονα
990 4847 1382 4927 διεπράξαντο.
1442 4849 1673 4923 Δευτέρᾳ
1731 4844 1789 4902 δὶ

139 4938 525 5019 Σεπτεμϐρίου
560 4941 754 5014 μηνὸς,
784 4939 900 5014 ὥρᾳ
944 4946 1046 5010 τῆς
1091 4939 1278 5001 νυκτὸς
1336 4939 1405 5014 β’,
1455 4935 1789 4999 ίνδικτιῶνος

141 5036 224 5102 ια’,
277 5033 480 5108 γέγονε
539 5030 781 5106 βρασμὸς
835 5029 925 5084 καὶ
983 5026 1180 5090 κλόνος
1230 5034 1333 5103 γῆς
1391 5026 1642 5100 ἐξαίσιος,
1697 5028 1788 5080 καὶ

137 5118 296 5185 ἔπαθε
351 5123 541 5180 κακῶς
596 5117 864 5193 Ὀνωριὰς
907 5115 998 5172 καὶ
1057 5113 1450 5194 Παφλαγονία.
1505 5113 1787 5189 Ἐγένοντο

139 5207 307 5264 ζειαὶ
361 5210 557 5279 ἄνεμοι
602 5208 739 5261 κατᾶ
779 5205 872 5261 τὸν
922 5206 1098 5263 Μάϊον
1132 5212 1278 5279 μῆνα
1303 5211 1401 5274 τῆς
1445 5203 1610 5274 αὐτῆς
1644 5199 1789 5258 ἰνδι-

136 5287 375 5361 κτιῧνος
408 5295 637 5371 σκληροὶ
667 5295 759 5350 καὶ
804 5291 1205 5368 καυματώδεις,
1255 5292 1446 5356 οἵτινες
1493 5291 1620 5355 τοὺς
1661 5311 1790 5368 καρ-

139 5387 275 5451 ποὺς
323 5384 634 5463 διεφθειραν
683 5383 870 5449 αὑταῖς
915 5381 1185 5458 ἀμπέλοις
1229 5382 1321 5438 καὶ
1373 5379 1665 5458 δένδρεσιν,
1711 5380 1788 5443 ὡς

139 5478 381 5542 ἰπεῦθεν
442 5475 576 5529 κατὰ
630 5474 729 5543 τὴν
776 5474 848 5548 ιβ’
899 5470 1212 5528 ἷνδικτιῶνα
1263 5467 1629 5550 σφοδςότατον
1688 5469 1789 5526 ἐπ-

137 5569 427 5643 δεχθῆναι
471 5562 658 5636 λιμόν.
692 5561 789 5618 Kal
842 5560 961 5618 δέον
1005 5563 1096 5618 τὸν
1151 5559 1379 5639 βασιλέα
1414 5563 1514 5631 τῆς
1543 5564 1651 5616 τῶν
1685 5561 1791 5616 ὑπ-

138 5658 318 5726 rm
373 5653 655 5734 φροντίσαι
705 5651 999 5729 σωτηρίας,
1030 5653 1059 5708 6
1089 5649 1148 5708 δὲ
1174 5651 1268 5708 τὸν
1317 5648 1600 5728 βασιλικὸν
1643 5647 1790 5708 ο⁹ίτον

137 5745 431 5824 γλίσχρως
501 5741 729 5818 πωλῶν,
803 5739 894 5799 καὶ
961 5738 1622 5819 καταπραγματευόμενος
1688 5740 1792 5813 τὴν

467 5873 730 5938 Pauor"
777 5873 890 5937 ϐε.
939 5870 1181 5935 CXXII.

1814 4550 1864 4616 D

1884 3248 2024 3305 exiit
2053 3248 2316 3304 Thracia
2347 3250 2521 3305 urbes
2542 3247 3029 3320 contemplatum.
3051 3251 3316 3323 Cumque
3346 3267 3541 3324 usque

1885 3338 1957 3394 ad
1988 3340 2259 3409 Magnam
2291 3338 2527 3394 Fossam
2561 3339 2940 3410 pervenisset,
2971 3340 3207 3396 Petrum
3250 3340 3538 3414 Bulgaria

1886 3427 2211 3499 principem
2247 3427 2515 3482 hortatus
2542 3434 2632 3483 est
2663 3445 2765 3498 per
2791 3428 3018 3484 litteras
3051 3444 3122 3484 ne
3152 3428 3371 3486 sineret
3396 3433 3540 3486 Tur-

1887 3531 1985 3570 cos
2019 3515 2235 3571 Istrum
2265 3516 2536 3586 trajicere
2565 3520 2623 3571 et
2652 3517 3048 3573 Romanorum
3080 3518 3365 3574 ditionem
3397 3519 3542 3575 infe-

1887 3610 2060 3659 stare.
2098 3604 2343 3673 Bulgaro
2378 3622 2490 3659 non
2524 3605 2985 3676 obtemperante,
3017 3607 3118 3662 sed
3149 3607 3340 3662 omnis
3371 3623 3542 3679 gene-

1891 3693 1972 3748 ris
2025 3693 2306 3748 adhibitis
2365 3695 2741 3764 praatextibus
2791 3700 3122 3760 recusante,
3173 3696 3538 3766 Nicephorus

1891 3783 2230 3850 Calocyrum
2296 3783 2597 3837 Chersonii
2666 3783 2946 3852 principis
3016 3783 3225 3849 filium,
3293 3784 3540 3856 patricia

1891 3871 2178 3944 dignitate
2207 3876 2572 3936 exornatum,
2607 3872 2677 3925 ad
2706 3869 3284 3940 Sphendosthlabum
3328 3871 3537 3926 Rosso-

1891 3977 2022 4016 rum
2056 3959 2381 4032 principem
2415 3959 2619 4030 mittit,
2646 3975 2901 4030 eumque
2931 3975 3243 4015 munerum
3293 3976 3360 4015 ac
3407 3959 3539 4015 offl-

1894 4049 2120 4104 ciorum
2152 4047 2675 4121 pollicitationibus
2723 4048 2794 4103 ad
2846 4047 3217 4105 inferendum
3269 4047 3541 4121 Bulgaria

1894 4136 2113 4194 bellum
2145 4135 2445 4194 sollicitat.
2478 4135 2648 4194 Rossi
2679 4135 2967 4206 obsecuti,
2999 4137 3320 4194 indictione
3352 4136 3544 4193 unde-

1895 4229 2340 4298 cima,Augusto
2353 4225 3298 4298 mense,annoimperiiNicephori
3321 4226 3532 4298 quinto

1894 4314 1955 4370 in
1987 4313 2323 4386 Bulgariam
2354 4313 2741 4386 impressione
2788 4314 2940 4369 facta
2987 4313 3202 4370 multas
3251 4314 3428 4370 urbes
3477 4329 3544 4371 ac

1895 4402 2134 4460 castella
2180 4401 2567 4475 Bulgarorum
2617 4402 2740 4459 solo
2785 4406 3184 4475 aaquaverunt,
3234 4404 3547 4477 praedaque

1897 4491 2066 4565 potiti
2095 4491 2322 4564 ingenti
2354 4491 2596 4548 domum
2631 4491 2949 4549 redierunt.
2983 4493 3201 4549 Eodem
3232 4493 3426 4564 modo,
3457 4496 3546 4549 at—

1896 4597 2011 4654 que
2039 4581 2216 4636 etiam
2247 4579 2552 4653 aliquanto
2583 4580 2974 4648 durius,anno
3000 4581 3260 4655 proxime
3282 4583 3549 4638 insecuto

1896 4669 2176 4742 Bulgaros
2216 4672 2635 4726 tractaverunt.
2689 4670 3012 4726 lndictione
3060 4670 3392 4736 undecima,
3443 4686 3550 4741 po-

1897 4759 2104 4817 stridie
2133 4757 2524 4816 Kalendarum
2553 4759 3086 4832 Septembris,hora
3115 4758 3306 4815 noctis
3334 4757 3552 4814 duode-

1898 4848 2274 4922 cima,fragor
2302 4853 2361 4904 et
2390 4851 2556 4904 terra:
2589 4852 2784 4904 motus
2813 4847 3146 4903 horrendus
3176 4845 3551 4918 fuit,afﬂixit-

1899 4955 2013 5010 que
2063 4937 2457 4994 Honoriadem
2507 4940 2566 4992 et
2615 4935 3098 5008 Paphlagoniam.
3150 4935 3301 4991 Maio
3369 4933 3547 4990 etiam

1899 5043 2100 5084 mense
2130 5025 2395 5098 ejusdem
2428 5024 2566 5082 anni
2587 5025 2740 5082 venti
2767 5025 3068 5096 spirarunt
3088 5024 3279 5096 asperi
3299 5027 3357 5078 et
3378 5039 3552 5078 uren-

1899 5116 2118 5188 tes,qui
2153 5115 2381 5172 fructus
2414 5131 2532 5171 una
2562 5130 2696 5169 cum
2724 5113 2944 5168 vitibus
2976 5130 3042 5169 ac
3063 5114 3217 5168 378
3241 5110 3552 5168 arboribus

1900 5204 2515 5278 perdiderunt.ltaque
2546 5219 2698 5259 anno
2730 5202 2994 5275 proxime
3021 5203 3286 5259 insecuto
3308 5199 3556 5274 penuria

1899 5295 2124 5352 exstitit
2149 5293 2520 5368 gravissima.
2557 5292 2640 5348 Ibi
2672 5293 3010 5365 imperator,
3035 5308 3211 5364 quem
3243 5288 3553 5347 convenie-

1899 5384 2002 5442 bat
2032 5383 2245 5442 salutis
2273 5381 2648 5439 subditorum
2680 5396 2879 5436 curam
2919 5396 3140 5454 gerere,
3187 5380 3552 5436 frumentum

1900 5490 2075 5531 suum
2108 5488 2323 5545 magno
2354 5471 2611 5527 vendens
2633 5487 2700 5526 ac
2731 5487 2799 5527 ex
2829 5469 3164 5526 calamitate
3195 5485 3438 5527 suorum
3468 5467 3556 5524 luo

1899 5578 2066 5620 crum
2100 5560 2344 5630 faciens,
2376 5558 2548 5633 quasi
2581 5575 2642 5616 re
2671 5557 2946 5632 praeclare
2994 5563 3160 5631 gesta
3200 5556 3448 5631 jactavit
3492 5573 3556 5614 se

1900 5649 2166 5708 modium
2198 5664 2373 5706 aureo
2407 5663 2653 5705 nummo
2683 5647 2854 5704 vendi
2886 5646 3129 5704 solitum
3158 5646 3394 5704 duobus
3421 5659 3558 5701 ven-

1899 5740 2144 5800 didisse.
2174 5740 2371 5813 Longe
2401 5736 2568 5796 aliter
2615 5735 2870 5795 Basilius
2918 5736 3158 5796 Macedo
3209 5735 3556 5810 imperator;

3199 5865 3241 5925 4
