4050 6326
504 394 620 453 107

1847 388 2165 449 GEORGII
2211 388 2550 450 CEDRENI

3795 397 3912 457 108

502 524 604 596 qui
635 538 770 578 cum
802 536 1013 593 magna
1041 520 1346 576 Dominica
1377 519 1469 576 die
1500 520 1560 575 in
1603 521 1786 576 aedem
1841 519 2141 592 Apostolo-

2260 538 2542 595 συμφοραν
2591 524 2699 574 τῶν
2749 520 2851 575 ὑπὸ
2901 525 3063 597 χεῖρα
3094 524 3175 596 [Ρ.
3208 523 3337 595 661]
3366 520 3528 600 ηὔχει
3576 522 3653 588 ὥς
3682 545 3733 580 τι
3771 526 3913 600 μέγα

501 630 632 669 rum
653 611 1213 683 venisset,eivesque
1236 611 1525 682 quosdam
1550 611 1877 666 venerando
1911 613 2150 680 aspectu

508 703 729 759 videret
756 701 910 757 tristi
941 700 1108 757 vultu
1140 704 1196 755 et
1226 716 1533 756 maerorem
1564 718 1679 771 prae
1711 718 1772 756 se
1803 700 2155 766 ferentes,ad

505 810 568 848 se
597 796 834 849 vocatos
863 792 1236 863 interrogavit
1265 807 1368 846 cur
1398 806 1512 846 non
1545 790 1657 860 ipsi
1693 804 1925 861 quoque
1954 787 2153 859 splen-

507 883 642 938 dido
672 882 891 938 amictu
923 882 994 936 ad
1027 897 1155 936 eam
1183 880 1617 936 solemnitatem
1639 878 2154 943 accessissent,sed

504 974 681 1031 veluti
711 973 772 1030 in
805 989 1020 1045 magna
1050 972 1249 1044 aliqua
1281 972 1534 1028 civitatis
1565 971 1897 1026 calamitate
1946 985 2156 1024 moere-

504 1068 665 1132 rent;
718 1079 971 1133 cumque
1021 1079 1176 1117 unus
1225 1079 1425 1117 eorum
1483 1060 1929 1132 respondisset:
1963 1082 1991 1109 ‹‹
2025 1057 2155 1112 Tibi

501 1153 762 1224 quidem,
796 1152 1056 1219 domine,
1088 1156 1145 1206 et
1176 1150 1248 1206 iis
1279 1150 1376 1221 qui
1427 1149 1535 1205 tibi
1584 1153 1799 1215 astant,
1852 1147 2155 1219 splendide

496 1242 695 1298 vestiri
717 1245 774 1297 et
798 1242 979 1297 lzetari
1003 1240 1273 1296 convenit
1298 1258 1310 1294 :
1337 1256 1453 1293 non
1486 1239 1625 1293 item
1649 1255 1747 1293 eos
1774 1238 1895 1293 haec
1926 1239 2153 1299 decent,

498 1332 599 1403 qui
624 1332 682 1386 in
707 1329 1045 1385 discrimine
1067 1329 1271 1384 mortis
1294 1326 1985 1383 suntconstituti.Videre
1999 1326 2153 1380 enim

498 1421 768 1493 ignorare
799 1421 869 1475 ob
896 1423 1202 1475 ventorum
1254 1417 1632 1489 asperitatem
1679 1417 1825 1472 duos
1875 1415 2154 1470 frumenti

504 1510 729 1564 modios
760 1524 934 1564 aureo
968 1523 1206 1562 nummo
1238 1506 1429 1573 vendi,
1466 1527 1495 1554 »
1526 1506 1636 1561 hac
1665 1521 1801 1560 voce
1831 1504 2031 1559 audita
2061 1520 2155 1574 ge-

504 1598 718 1654 mitum
749 1614 816 1653 ex
847 1598 965 1653 imo
998 1597 1163 1651 duxit
1192 1598 1509 1667 pectore,et
1538 1594 1841 1651 miseratio
1862 1594 2152 1665 lacrymas

514 1687 569 1744 ei
623 1685 931 1759 expressit,
982 1683 1444 1755 consolatusque
1489 1700 1610 1754 eos,
1658 1688 1723 1739 ut
1771 1685 1831 1739 in
1865 1682 2150 1754 palatium

506 1776 703 1844 rediit,
752 1778 1097 1832 convocatos
1153 1774 1367 1845 quibus
1431 1772 1623 1829 civilia
1669 1776 1727 1828 et
1775 1772 2152 1844 imperatoria

2266 609 2641 683 κατωρθωκὼς
2700 608 2783 664 ὅτι
2843 608 3037 683 μοδίου
3082 616 3163 685 τῷ
3209 613 3506 685 νομίσματι
3541 615 3913 690 πιπρασκομέ-

2262 719 2357 752 νου
2390 699 2551 762 αὐτὸς
2583 696 2679 753 δύο
2709 697 3013 756 πωλεῖσθαι
3062 705 3253 756 τοῦτον
3284 701 3519 772 ἐπέταξε,
3557 704 3631 775 μὴ
3665 704 3757 758 τὸν
3788 706 3913 761 Μα-

2261 784 2454 842 κεδόνα
2503 788 2885 862 μιμησάμενος
2950 789 3177 865 βασιλέα
3233 791 3537 847 Βασίλειον·
3601 794 3758 856 οὗτος
3810 795 3910 869 γὰρ

2261 878 2397 931 κατά
2434 879 2531 946 τὴν
2582 881 2773 947 καινὴν
2822 880 3100 952 Κυριακὴν
3151 880 3531 955 ἀπερχόμενος
3578 880 3631 936 ἐν
3680 887 3759 954 τῷ
3809 886 3913 937 τῶν

2264 965 2537 1040 Μεγάλων
2589 968 2941 1024 Ἀποστόλων
2993 968 3129 1042 ναῷ,
3178 969 3268 1024 καὶ
3316 970 3639 1042 θεασάμενος
3686 970 3914 1033 πολίτας

2262 1056 2411 1118 τινας
2445 1055 2791 1132 ἱεροπρεπεῖς
2827 1059 2921 1130 μὶν
2952 1059 3040 1113 καὶ
3077 1058 3327 1132 σεμνοὺς,
3362 1057 3548 1121 ἄλλως
3581 1057 3639 1115 δὲ
3674 1062 3914 1135 σκυθρω-

2262 1144 2400 1208 ποὺς
2428 1145 2517 1200 καὶ
2547 1151 2951 1224 κατηφιῶντας,
3002 1146 3163 1224 ἐγγὺς
3215 1148 3405 1202 ἑαυτοῦ
3436 1150 3913 1223 παραστησάμενος

2265 1232 2352 1288 διὰ
2394 1235 2443 1289 τί
2500 1238 2575 1308 μή
2626 1238 2714 1290 καὶ
2761 1235 2914 1291 αὐτοὶ
2964 1234 3487 1313 λαμπροφοροῦντες
3536 1236 3590 1293 έν
3642 1243 3710 1312 τῇ
3744 1239 3908 1315 ἑορτῇ

2262 1324 2505 1399 πάρεισιν
2560 1324 2835 1400 ἀνηρώτα,
2881 1325 3007 1380 ἀλλ’
3064 1326 3137 1387 ὡς
3198 1324 3257 1380 ἂν
3311 1325 3361 1381 ἐν
3418 1326 3626 1402 μεγάλῃ
3656 1334 3912 1404 συμφορᾷ

2261 1419 2359 1481 τῆς
2416 1413 2631 1478 πόλεως
2697 1411 2863 1484 οὔσης
2936 1414 3311 1490 στυγνάζουσι.
3371 1416 3516 1488 Πρὸς
3573 1417 3631 1471 ’ὸν
3686 1417 3912 1490 ἀπεκρί-

2261 1503 2385 1555 νατό
2424 1522 2507 1565 τις
2546 1507 2653 1557 τῶν
2709 1502 2973 1558 πολιτῶν·
3007 1528 3035 1556 ι(
3088 1503 3212 1576 Σοί,
3258 1506 3302 1559 ὧ
3352 1502 3606 1577 δέσποτα,
3655 1507 3742 1561 καὶ
3790 1511 3911 1567 τοῖς

2262 1591 2483 1646 ἑστῶσιν
2538 1587 2759 1667 ἔγγιστά
2806 1614 2901 1648 σου
2950 1594 3145 1669 πρέπει
3211 1594 3274 1648 τὸ
3346 1594 3759 1673 λαμπροφορεῖν
3811 1595 3908 1650 καὶ

2262 1681 2493 1755 χαίρειν’
2530 1683 2610 1744 οἷς
2657 1679 2713 1737 δὲ
2762 1686 2858 1737 τοῦ
2903 1684 3135 1747 θανάτου
3181 1683 3439 1759 πρόσεστι
3487 1683 3809 1760 προσδοκία,
3842 1686 3912 1739 τὰ

2258 1774 2481 1825 τοιαῦτα
2554 1770 2903 1829 ἂπεοίκασιν.
2964 1774 3031 1827 Ἢ
3083 1773 3294 1847 ἀγνοεῖς
3351 1772 3434 1828 ὅτι
3492 1770 3587 1829 δύο
3647 1771 3908 1847 μέδιμνοι

506 1864 737 1939 negotia
766 1862 1510 1931 commendaverat,multis
1540 1867 1630 1920 est
1658 1862 1979 1918 insectatus
2008 1878 2141 1917 con-

2262 1858 2410 1914 σίτου
2455 1863 2534 1931 τῷ
2579 1862 2877 1933 νομίσματι
2927 1863 3321 1937 πιπράσκονται
3377 1859 3465 1916 διὰ
3511 1863 3611 1931 τήν
3641 1866 3749 1917 τῶν
3782 1863 3907 1918 ἀνέ-

498 1956 665 2012 viciis
698 1956 1160 2025 detestatusque,
1195 1955 1350 2025 quod
1384 1954 1455 2008 de
1504 1953 1743 2008 caritate
1792 1967 2034 2006 annonae
2086 1966 2148 2005 se

498 2062 612 2100 non
666 2044 940 2099 fecissent
972 2044 1297 2099 certiorem.
1330 2042 1654 2112 Statimque
1684 2056 1893 2095 venum
1936 2056 2147 2111 propo-

495 2134 607 2189 sito
639 2135 794 2189 374
825 2149 930 2189 suo
958 2135 1014 2186 et
1044 2130 1278 2202 publico
1311 2132 1625 2199 frumento,
1667 2130 1975 2185 duodecim
2029 2146 2147 2184 mo-

495 2224 623 2278 dios
654 2237 829 2278 aureo
867 2220 1257 2291 vendijussit.
1292 2220 1454 2283 Quod
1488 2220 1614 2289 ejus
1644 2219 1860 2273 factum
1895 2219 2147 2289 probans

497 2317 651 2366 Deus
685 2310 1050 2365 fertilitatem
1082 2312 1171 2364 est
1202 2308 1466 2379 largitus.
1492 2313 1683 2379 Atque
1715 2308 1837 2363 haec
1867 2306 2145 2361 laudandi

498 2399 692 2456 Basilii
722 2399 912 2470 gratia
962 2398 1098 2453 dixi.
1144 2400 1214 2452 At
1261 2415 1395 2452 vero
1447 2398 1806 2468 Nicephorus
1856 2396 2148 2467 gaudebat

498 2491 692 2560 potius
718 2488 898 2560 afﬂigi
921 2504 1166 2543 cernens
1189 2488 1459 2543 subditos
1482 2503 1655 2557 quam
1681 2486 1826 2541 utiis
1849 2501 2148 2541 succurre-

498 2584 603 2634 ret.
639 2578 914 2648 ldemque
946 2577 1193 2632 faciebat
1224 2578 1332 2632 Leo
1367 2577 1544 2631 frater
1582 2575 1770 2647 ipsius
1805 2592 2144 2646 cauponan-

497 2668 656 2723 tibus
688 2676 989 2723 annonam
1015 2671 1069 2721 et
1100 2682 1323 2721 merces
1354 2665 1700 2720 mulieribus
1732 2680 1794 2720 se
1820 2662 2145 2730 dans,mul-

496 2757 687 2827 tisque
736 2761 795 2812 et
840 2755 1015 2811 variis
1062 2754 1234 2810 malis
1284 2756 1483 2811 orbem
1529 2758 1818 2809 terrarum
1865 2753 2141 2823 implens.

493 2846 685 2917 Turpe
714 2844 951 2900 illorum
982 2847 1242 2913 quastus
1277 2843 1541 2898 studium
1576 2843 1758 2898 facete
1801 2843 1953 2898 cives
2004 2842 2141 2897 sub-

494 2938 916 2992 sannaverunt.
984 2933 1131 2989 Nam
1200 2949 1335 2987 cum
1402 2931 1723 3001 aliquando
1787 2933 1860 2987 ad
1924 2931 2141 2986 milites

494 3024 845 3081 exercendos
875 3023 935 3078 in
967 3038 1239 3093 campum
1274 3038 1623 3093 progressus
1654 3021 1969 3091 imperator
1997 3037 2141 3076 cano

493 3114 751 3185 cuidam,
783 3112 881 3183 qui
903 3112 1056 3168 inter
1077 3111 1295 3166 milites
1318 3127 1380 3166 se
1401 3110 1612 3166 ascribi
1641 3110 1892 3182 petebat,
1926 3110 2144 3164 diceret

493 3204 706 3276 ecquid
736 3203 912 3258 homo
943 3218 1126 3257 canus
1156 3200 1215 3255 in
1248 3200 1519 3255 militiam
1554 3198 1725 3272 allegi
1758 3202 2142 3272 peteret,apte

2262 1970 2376 2020 μων
2426 1949 2783 2024 τραχύτητα;
2822 1974 2842 2001 ι
2880 1952 3021 2024 Ηρὸς
3065 1955 3233 2006 ταῦτα
3284 1951 3467 2026 βύθιον
3516 1951 3823 2023 ἀνοιμώξας
3873 1953 3901 2006 6

2262 2037 2513 2113 βασιλεὺς
2555 2039 2887 2112 συμπαθείας
2934 2040 3192 2111 ἀπέσταξε
3241 2037 3491 2115 δάκρυον,
3539 2042 3629 2095 καὶ
3672 2039 3901 2104 τούτους

2263 2128 2353 2200 μὲν
2410 2131 2833 2204 παρεμυθήσατο
2907 2127 3176 2203 δαψιλῶς,
3236 2127 3543 2184 ἐπανελθὼν
3598 2126 3645 2184 δ’
3701 2129 3777 2193 είς
3833 2131 3904 2185 τὰ

2261 2215 2509 2290 βασίλεια
2551 2217 2674 2279 τοὺς
2720 2218 2813 2281 τὰς
2861 2217 3149 2282 πολιτικάς
3191 2220 3280 2274 καὶ
3336 2218 3617 2293 βασιλικὰς
3677 2240 3903 2295 συναγα-

2255 2306 2362 2379 γὼν
2425 2307 2858 2382 μετερχομένους
2934 2305 3221 2385 φροντίδας
3297 2309 3516 2383 μυρίαις
3569 2303 3750 2382 ὕϐρεσι
3810 2310 3902 2363 καὶ

2258 2395 2409 2468 ἀραῖς
2456 2391 2823 2451 καθυπέϐαλεν
2865 2396 2947 2451 ὅτι
2997 2399 3070 2470 μὴ
3124 2398 3267 2468 αὑτῷ
3317 2396 3442 2471 περὶ
3492 2400 3593 2462 τῆς
3639 2394 3909 2459 σιτοδείας

2256 2482 2549 2557 ἐμήνυσαν,
2584 2488 2671 2540 καὶ
2705 2486 2863 2549 εὐθὺς
2892 2486 2983 2541 τὸν
3022 2485 3304 2561 βασιλικὸν
3333 2486 3423 2540 καὶ
3457 2484 3721 2559 δημόσιον
3754 2492 3906 2542 σῖτον

2254 2575 2585 2646 προθέμενος
2646 2572 2857 2630 δώδεκα
2913 2580 3009 2629 τοῦ
3066 2576 3403 2648 νομίσματος
3462 2572 3701 2631 δίδοσθαι
3763 2596 3908 2651 παρ-

2255 2663 2594 2718 εκελεύσατο·
2643 2662 2703 2717 οὗ
2750 2667 2848 2733 τήν
2895 2664 3206 2741 προαίρεσιν
3261 2662 3656 2738 ἀποδεξάμενος
3703 2667 3730 2720 6
3771 2666 3904 2729 Θεὸς

2255 2751 2497 2822 εὐθηνίαν
2548 2751 2767 2820 πολλὴν
2815 2759 2931 2816 τοῖς
2980 2755 3288 2831 ἀνθρώποις
3334 2757 3664 2830 παρέσχετο.
3724 2754 3909 2810 Ἀλλά

2252 2845 2418 2895 ταῦτα
2478 2842 2571 2912 μὲν
2628 2840 2703 2904 εἰς
2760 2839 2975 2896 ἔπαινον
3033 2842 3238 2897 ἐκείνου
3284 2842 3498 2919 ἐρρέθη·
3546 2846 3573 2899 6
3625 2842 3682 2899 δὲ
3728 2851 3904 2914 Νικηο

2254 2930 2418 3007 φόρος
2467 2927 2652 3004 ἔχαιρε
2707 2930 2917 3003 μᾶλλον
2968 2932 3002 3001 ἢ
3062 2928 3278 3002 ἐϐοήθει
3338 2928 3697 3006 θλιϐομένους
3755 2933 3901 3007 ὀρῶν

2250 3019 2379 3080 τούς
2415 3019 2708 3088 ὑπηκόους.
2740 3020 2835 3073 Καὶ
2890 3019 2997 3095 οὐχ
3040 3021 3194 3082 οὗτος
3230 3017 3416 3094 μόνον,
3447 3020 3592 3077 ἀλλά
3626 3023 3714 3076 καὶ
3747 3024 3900 3077 Λέων

2253 3109 2280 3163 ὁ
2311 3106 2543 3183 ἀδελφὸς
2593 3109 2781 3177 αὐτοῦ,
2811 3115 2930 3169 ταῖς
2977 3110 3303 3180 καπηλείαις
3350 3111 3740 3185 προσκείμενος
3783 3117 3900 3166 τῶν

2253 3195 2431 3265 εἶ’δῶν,
2464 3195 2690 3252 πολλῶν
2739 3198 2828 3253 καὶ
2873 3197 3142 3254 ποικίλων
3192 3196 3380 3254 δεινῶν
3427 3200 3525 3269 τήν
3569 3198 3903 3273 οἰκουμένην

492 3292 553 3348 in
584 3292 887 3364 respondit
917 3307 980 3346 se
1011 3289 1196 3345 multo
1228 3306 1384 3345 nunc
1412 3288 1749 3344 validiorem
1784 3304 1912 3344 esse
1960 3305 2137 3359 quam

2255 3284 2563 3357 ἐνέπλησεν.
2620 3288 2711 3339 Ὧν
2773 3288 2874 3355 τὴν
2927 3286 3371 3363 αἰσχροκέρδειαν
3436 3287 3781 3363 εὐτραπέλως
3845 3288 3907 3342 ο⁹ί

496 3381 834 3437 adolescens
883 3380 1108 3435 fuisset.
1152 3380 1221 3435 Et
1252 3378 1353 3451 qui
1380 3379 1491 3435 hoc
1520 3396 1723 3435 verum
1755 3382 1931 3446 esset,
1965 3378 2145 3435 inter-

498 3478 737 3542 rogante
768 3470 1175 3541 imperatorem
1208 3468 1689 3541 Eo,inquit,quod
1724 3468 1863 3524 olim
1898 3485 2012 3523 uno
2045 3486 2147 3523 au-

500 3576 595 3615 reo
628 3563 824 3631 empto
873 3560 1165 3615 frumento
1217 3559 1365 3614 duos
1410 3560 1724 3614 onerabam
1772 3558 1970 3614 asinos
2026 3574 2039 3613 :
2090 3562 2147 3614 te

503 3653 699 3705 autem
730 3649 1081 3721 imperante,
1134 3652 1424 3720 quantum
1471 3648 1701 3703 duobus
1752 3648 1944 3703 aureis
2001 3647 2145 3702 emi-

501 3742 604 3809 tur.
659 3735 963 3807 frumenti,
1026 3737 1183 3791 haud
1252 3739 1489 3808 gravate
1554 3734 1815 3791 humeris
1871 3737 2056 3805 porto.
2115 3757 2137 3787 ι

498 3828 823 3899 Imperator
850 3826 1159 3883 dicterium
1204 3825 1465 3882 sentiens
1510 3824 1676 3896 abiit,
1725 3822 1871 3880 nihil
1922 3826 2146 3895 pertur-

492 3915 688 3972 batus.

2255 3374 2477 3430 πολῖται
2547 3371 2953 3449 διεκωμῴδουν.
3031 3374 3374 3447 Ἐξελθόντος
3444 3379 3545 3453 γάρ
3616 3399 3746 3433 ποτε
3800 3382 3907 3433 τοῦ

2262 3462 2528 3539 βασιλέως
2562 3465 2612 3519 ἐν
2660 3469 2738 3536 τῷ
2786 3462 2959 3538 πεδίῳ
3008 3464 3143 3520 ὥστε
3192 3468 3463 3539 γυμνάσαι
3511 3468 3601 3521 τὸν
3648 3465 3909 3542 στρατὸν,

2257 3552 2370 3605 ἐπεί
2419 3574 2500 3614 τις
2550 3553 2687 3622 ἦλθε
2730 3552 2931 3615 πολιὸς
2978 3554 3075 3622 τήν
3116 3554 3282 3629 τρίχα
3333 3554 3423 3608 καὶ
3476 3554 3724 3629 ἐπειρᾶτο
3774 3576 3911 3609 συν-

2254 3649 2624 3715 αριθμηθῆναι
2691 3648 2804 3704 τοῖς
2878 3644 3257 3719 στρατιώταις,
3315 3643 3445 3721 φησί
3520 3642 3655 3718 πρὸς
3712 3642 3908 3699 αὐτόν·

2258 3756 2283 3781 ‹‹
2318 3730 2392 3784 Σὺ
2427 3728 2502 3800 δὲ,
2536 3732 2579 3784 ὦ
2610 3732 2878 3803 ἄνθρωπε,
2911 3732 3081 3807 γέρων
3118 3728 3193 3785 ὢν
3237 3736 3355 3795 πῶς
3394 3736 3512 3794 τοῖς
3546 3732 3700 3804 ἐμοῖς
3733 3752 3911 3801 στρα-

2254 3820 2475 3881 τιώταις
2524 3818 2709 3894 ἐπείγῃ
2768 3822 3229 3896 συναριθμηθῆναι
3274 3840 3287 3890 ;
3340 3844 3367 3872 ››
3411 3822 3472 3878 Ὁ
3519 3817 3564 3875 δ’
3617 3820 3908 3896 εὐστόχως

2256 3904 2568 3979 ὑπολαϐὼν,
2602 3934 2628 3961 ‹‹
2662 3908 2811 3965 Πολὺ
2863 3907 3226 3985 δυνατώτερός
3283 3909 3396 3982 είμι
3440 3914 3553 3979 νῦν,
3586 3907 3710 3984 ἔφη,
3809 3912 3910 3966 ὅτε

489 4000 762 4075 ἤκμαζον.
800 4024 827 4053 ››
859 4000 1036 4057 Αὐτοῦ
1069 3998 1146 4068 δέ,
1177 4024 1204 4051 ‹‹
1238 4000 1336 4053 Καὶ
1360 4003 1477 4061 πῶς
1507 4019 1519 4069 ;
1552 4024 1579 4049 ‹‹
1606 3998 1885 4074 ἐρομένου,
1921 4022 1947 4050 ››
1973 4000 2216 4074 Ὃτιπερ,
2250 3993 2376 4073 ἔφη,
2408 3998 2498 4052 τὸν
2530 4002 2625 4052 τοῦ
2656 3998 2989 4072 νομίσματος
3040 4005 3184 4053 σῖτον
3230 4000 3491 4075 πρότερον
3536 3996 3681 4053 δυσὶν
3726 3999 3910 4073 ἡμιό-

485 4112 599 4154 νοις
623 4090 1012 4168 ἐπιφορτίζων,
1041 4088 1127 4143 ἐπὶ
1157 4095 1256 4157 τῆς
1287 4095 1386 4158 σῆς
1422 4087 1695 4164 βασιλείας
1728 4085 1822 4142 δύο
1854 4088 2205 4162 νομισμάτων
2240 4094 2389 4143 σῖτον
2441 4083 2658 4163 ἀϐαρῶς
2687 4087 2773 4142 ἐπὶ
2802 4092 2910 4143 τῶν
2940 4088 3106 4162 ὤμων
3154 4089 3321 4165 φέρω.
3357 4113 3385 4141 ››
3419 4088 3606 4152 Συνεὶς
3654 4087 3743 4143 οὖν
3794 4092 3905 4161 τὴν

484 4178 760 4255 εἰρωνείαν
787 4179 1126 4254 ἀνεχώρησε,
1162 4174 1331 4249 μηδὲν
1362 4178 1676 4253 ταραχθείς.

553 4289 837 4344 Caeterum
872 4284 1147 4342 Saraceni
1179 4285 1417 4340 amissis
1446 4284 1505 4338 in
1538 4284 1703 4357 Syria
1728 4288 1785 4340 et
1812 4284 2013 4339 Cilicia
2047 4303 2140 4340 ur-

480 4377 675 4447 bibus,
706 4378 995 4432 Joannem
1026 4374 1539 4446 arehiepiscopum
1583 4373 2001 4447 Hierosolyma:
2052 4375 2135 4429 vi-

479 4482 620 4527 vum
670 4465 1142 4527 combusserunt,
1175 4463 1329 4534 quod
1364 4463 1821 4534 suspicarentur
1852 4465 1982 4534 ejus
2010 4463 2133 4519 ins-

480 4557 667 4610 tinctu
697 4555 1092 4626 Nicephorum
1126 4553 1271 4624 ipsis
1303 4553 1521 4608 bellum
1557 4552 1888 4609 illaturum.
1921 4557 2132 4608 Incen-

2318 4284 2383 4341 Οἱ
2417 4281 2473 4338 δὲ
2506 4283 2813 4357 Σαρακηνοὶ
2850 4286 2983 4357 μετά
3011 4285 3074 4339 τὸ
3106 4283 3312 4340 ἁλῶναι
3360 4286 3456 4349 τὰς
3508 4285 3561 4342 έν
3603 4285 3774 4362 Συρίᾳ
3803 4289 3908 4344 καὶ

2245 4372 2471 4444 Κιλικίᾳ
2548 4372 2735 4434 πόλεις
2805 4375 2897 4429 τὸν
2977 4376 3234 4450 ἀρχιερέα
3316 4380 3421 4430 τῶν
3494 4376 3903 4451 Ἰεροσολύμων

2243 4464 2496 4532 Ἰωάννην
2548 4467 2719 4531 ζῶντα
2765 4464 3094 4518 κατέκαυσαν
3146 4464 3220 4528 ὡς
3244 4470 3361 4527 ταῖς
3396 4464 3697 4535 ὑποθήκαις
3728 4465 3908 4521 αὐτοῦ

2240 4552 2383 4626 τάχα
2434 4549 2737 4624 μέλλοντος
2786 4556 2880 4606 τοῦ
2928 4551 3248 4630 Νικηφόρου
3297 4552 3572 4630 ἀφίξεσθαι
3622 4554 3758 4628 πρὸς
3793 4556 3904 4611 αὖ-

476 4646 692 4700 derunt
739 4615 918 4699 etiam
978 4615 1447 4714 pulcherrimum
1501 4641 1787 4714 templum
1841 4642 2132 4697 Dominici

2255 4639 2388 4702 τούς·
2425 4640 2718 4714 ἐνέπρησαν
2770 4639 2826 4695 δὲ
2866 4642 2953 4696 καὶ
3005 4642 3098 4696 τὸν
3148 4640 3458 4717 περικαλλῆ
3504 4644 3628 4698 ναὸν
3658 4647 3754 4697 τοῦ
3786 4650 3905 4699 Κυ-

475 4734 761 4806 Sepulcri.
796 4734 1012 4788 Eodem
1063 4733 1239 4787 modo
1290 4730 1635 4786 Antiocheni
1691 4749 1924 4803 quoque
1976 4732 2125 4787 375

479 4822 965 4895 ChristOphorum
1000 4838 1175 4877 suum
1210 4821 1546 4892 pontificem
1590 4838 1893 4875 summum
1945 4821 2126 4876 inter-

479 4912 855 4967 fecerunt.Ad
878 4911 1292 4983 imperatorem
1322 4926 1491 4981 porro
1517 4926 1576 4963 se
1601 4909 1975 4964 contulerunt
1994 4914 2132 4963 Gre-

477 5002 678 5072 gorius
704 5006 761 5056 et
791 5000 1140 5054 Pancratius
1173 5000 1383 5054 fratres
1414 4999 1699 5069 germani,
1733 4997 1903 5068 eique
1952 5015 2120 5052 suam

478 5090 781 5161 ditionem,
832 5089 1068 5144 nomine
1119 5090 1328 5157 Taron,
1376 5091 1811 5142 concesserunt.
1845 5087 1997 5149 Quos
2028 5086 2125 5143 ille

2243 4735 2433 4805 ριακυῦ
2485 4732 2685 4807 Τάφου.
2735 4732 2805 4784 Τὸ
2853 4728 2899 4784 δ’
2950 4730 3079 4785 αὐτὸ
3123 4736 3282 4786 τοῦτο
3331 4734 3661 4803 πεποιήκασι
3707 4733 3798 4787 καὶ
3845 4736 3907 4789 οἱ

2241 4819 2572 4893 Ἀντιοχεῖς,
2625 4819 2998 4897 Χριστοφόρον
3044 4821 3136 4875 τὸν
3181 4820 3355 4875 αὐτῶν
3390 4820 3668 4883 ἀνελόντες
3701 4821 3903 4897 ἀρχιε-

2242 4909 2354 4983 ρέα.
2392 4911 2469 4980 [Ρ.
2503 4911 2631 4982 662]
2680 4908 3091 4984 Προσεῤῥόησαν
3152 4907 3210 4963 δὲ
3266 4914 3344 4981 τῷ
3407 4909 3623 4984 βασιλεῖ
3682 4913 3904 4987 Γρηγό-

2244 5017 2360 5071 ριος
2413 4998 2501 5051 καὶ
2572 4998 2907 5073 Παγκράτιος
2967 4999 3018 5052 οἱ
3075 4997 3448 5072 αὑτάδελφοι,
3508 5006 3608 5068 τῆς
3680 5000 3893 5057 ἑαυτῶν

2245 5088 2743 5160 παραχωρήσαντες
2800 5087 2946 5159 αὐτῷ
3002 5087 3188 5163 χώρας
3238 5092 3334 5141 τοῦ
3384 5088 3593 5162 Ταρώνο
3647 5087 3739 5152 οὓς
3788 5112 3906 5145 πα-

476 5178 723 5250 patricia
753 5178 1040 5251 dignitate
1072 5181 1308 5233 ornatos
1342 5175 1573 5247 praediis
1625 5175 1851 5230 reditus
1894 5175 2122 5247 amplos

472 5268 829 5324 habentibus
858 5267 1228 5323 donavit.Die
1260 5264 1478 5321 mensis
1510 5264 1846 5320 Decembris
1874 5264 2124 5334 22,bora

470 5356 663 5427 tertia,
694 5360 894 5412 tantus
927 5357 1037 5412 fuit
1068 5355 1208 5411 solis
1260 5355 1525 5410 defectus
1576 5356 1641 5409 ut
1689 5357 1846 5409 astra
1893 5370 2125 5425 quoque

473 5444 871 5516 apparuerint.

541 5551 674 5607 Jam
705 5550 1061 5622 Theophane
1095 5552 1361 5622 Augusta
1408 5548 1893 5605 consuetudinem
1952 5550 2124 5608 Nice-

473 5640 642 5710 phori
674 5655 969 5706 aversans,
996 5638 1367 5704 Tzimiscam,
1389 5639 1519 5708 ejus
1541 5638 1923 5694 familiarium
1955 5640 2026 5694 ad
2060 5655 2123 5694 se

470 5728 661 5785 vocati
691 5729 1003 5800 cujusdam
1034 5726 1385 5799 ministerio,
1417 5728 1590 5785 domo
1621 5745 1732 5787 sua
1752 5728 1835 5801 (in
1857 5744 1971 5797 qua
1994 5732 2118 5784 tum

2233 5175 2472 5250 τρικίους
2561 5176 2799 5247 τιμήσας
2890 5176 2980 5230 καὶ
3058 5178 3327 5249 κτήμασιν
3417 5175 3908 5252 ἐφιλοφρονήσατο

2234 5260 2695 5337 πολυπροσόδοις.
2742 5264 2991 5339 Ἐγένετο
3054 5262 3112 5321 δὲ
3166 5267 3254 5320 καὶ
3309 5263 3474 5335 ἡλίου
3530 5264 3772 5340 ἔκλειψις
3826 5274 3909 5343 τῇ

2234 5353 2319 5427 κβ¹
2348 5356 2445 5406 τοῦ
2476 5348 2811 5428 Δεκεμϐρίου
2870 5354 3062 5427 μηνὸς,
3094 5354 3218 5430 περὶ
3264 5353 3455 5430 τρίτην
3491 5354 3653 5429 ὥραν,
3689 5357 3765 5420 ὡς
3802 5361 3909 5415 καὶ

2233 5438 2400 5517 ἄστρα
2431 5447 2685 5518 φανῆναι.

2302 5549 2364 5601 Ἡ
2396 5545 2453 5601 δὲ
2488 5546 2706 5622 βασιλὶς
2755 5548 3007 5628 Θεοφανὼ
3052 5548 3497 5627 ἀποστρεφομένη
3545 5551 3645 5619 τήν
3696 5572 3911 5609 συνου-

2232 5635 2348 5691 σίαν
2395 5640 2491 5692 τοῦ
2541 5640 2880 5715 Νικηφόρου,
2928 5639 3051 5694 τίνα
3096 5643 3202 5695 τῶν
3262 5640 3358 5695 τοό
3403 5642 3675 5713 Τζιμισκῆ
3726 5663 3909 5715 μετα-

2230 5724 2559 5800 πεμψαμίνη
2610 5726 2938 5784 εἷσκαλεῖται
2983 5732 3175 5784 τοῦτον
3218 5728 3269 5785 ἐν
3301 5732 3381 5804 τῷ
3426 5725 3552 5805 ΐδίῳ
3583 5727 3722 5806 οἴκῳ
3755 5752 3904 5809 σχος-
