4036 6330
83 416 196 476 109

1237 402 1783 465 HISTORIARUM
1830 403 2364 469 COMPENDIUM.

3391 414 3506 478 110

81 544 343 614 λάζονταο
407 539 543 620 ἔφθη
602 541 705 617 γὰρ
765 539 793 593 6
855 533 1107 612 βασιλεὺς
1183 532 1274 589 διὰ
1325 554 1444 589 τινα
1511 530 1745 607 ὑποψίαν

1877 535 2123 594 )rivatus
2154 538 2501 612 degebat,ob
2529 543 2927 616 suspicionem
2959 545 3280 618 quamdam
3311 545 3508 604 dome-

82 632 404 707 παραλύσας
434 636 628 686 τοῦτον
657 635 757 698 τῆς
805 631 900 683 τοῦ
954 622 1278 700 δομεστίκου
1328 625 1506 698 ἀρχῆς
1557 622 1645 677 καὶ
1691 621 1743 676 ἐν

81 729 161 796 τῷ
207 721 344 795 ἰδίῳ
393 719 532 792 οἴκῳ
583 717 840 792 ἀπρὸϊτον
886 717 1019 771 εἶναι
1062 713 1321 775 κελευσας
1348 756 1361 769 .
1417 711 1744 788 Διεπράξατο

87 811 146 868 δὶ
197 814 233 881 ἡ
291 808 565 884 μοιχαλὶς
615 808 703 862 καὶ
753 804 1049 882 γράμματα
1093 807 1286 859 τοῦτον
1345 799 1590 872 δέξασθαι
1643 803 1743 870 τὴν

86 899 327 966 κάθοδον
381 896 760 955 ἑπιτοέποντα.
810 894 912 950 Καὶ
962 894 990 948 6
1035 893 1303 966 πεμφθεὶς
1355 890 1553 946 ἐκεῖθεν
1585 889 1745 945 αὑτὸν

86 985 504 1062 ἀναλαϐόμενος
548 985 626 1050 εἷς
671 981 1000 1054 Χαλκηδόνα
1048 981 1288 1060 ἀφίκετο.
1323 980 1420 1034 Καὶ
1469 984 1565 1035 τοῦ
1600 981 1749 1055 βασι-

89 1079 231 1140 λέως
283 1074 733 1150 ὑπομνησθέντος
778 1073 824 1128 εί
893 1070 976 1128 δεῖ
1019 1075 1212 1127 τοῦτον
1263 1069 1521 1125 εἴσελθεῖν
1577 1069 1628 1124 ἐν
1678 1073 1746 1144 τῇ

89 1165 367 1244 βασιλίδι,
419 1165 673 1221 κάκείνου
726 1162 1049 1239 προσμένειν
1102 1161 1294 1234 μικρὸν
1341 1158 1746 1232 επιτρὲψαντος,

88 1257 269 1328 εκείνη
305 1258 501 1317 νυκτὸς
537 1256 601 1309 ια’
645 1257 744 1308 τοῦ
793 1248 1126 1324 Δεκεμϐρίου
1178 1250 1373 1323 μηνὸς,
1407 1246 1746 1310 ἰνδικτιῶνος

90 1356 173 1419 ιγ’,
225 1345 386 1408 ἔτους
434 1350 619 1420 ,ςυοηᾏ
666 1339 1037 1397 ἀποστείλασα
1084 1335 1196 1414 ἄγει
1235 1342 1425 1393 τοῦτον
1476 1338 1612 1412 πρὸς
1655 1339 1745 1392 τὸν

84 1438 334 1491 κάτωθεν
393 1438 495 1490 τοῦ
532 1429 804 1487 παλατίου
852 1429 1241 1505 χειροποίητον
1290 1425 1490 1499 λιμένα
1535 1427 1746 1500 νυκτὸς,

86 1525 172 1579 καὶ
243 1523 424 1594 κοῖνῳ
491 1522 795 1595 ἀνιμήσατο
852 1519 987 1592 μετὰ
1042 1518 1256 1572 πάντων
1303 1521 1410 1570 τῶν
1468 1517 1588 1589 περῖ
1650 1517 1746 1571 αὑ-

89 1616 201 1668 τὸν·
261 1613 403 1681 ἦσαν
454 1608 510 1666 δὲ
558 1612 586 1665 6
630 1607 918 1683 πατρίκιος
980 1604 1208 1682 Μιχαὴλ
1258 1607 1285 1660 6
1333 1603 1609 1678 Βοὺρτζης
1657 1605 1743 1658 καὶ

92 1705 241 1757 Λέων
290 1701 594 1776 ταξιάρχης
643 1701 670 1754 ὁ
721 1697 1019 1758 Βαλαντιος
1068 1695 1159 1750 καὶ
1204 1698 1310 1750 τῶν
1340 1699 1436 1748 τοῦ
1474 1700 1745 1767 Τζιμισκῆ

91 1789 510 1847 πιστικωτάτων
572 1790 598 1844 6
661 1783 1174 1861 ’Δτζηποθεὸδωρος
1231 1783 1320 1839 καὶ
1375 1781 1551 1857 ἕτεροι
1611 1781 1745 1840 δύο.

91 1881 308 1943 Οἶτινες
344 1877 665 1943 ἀνελθόντες
714 1877 807 1932 καὶ
856 1876 1097 1953 ξιφήρεις
1123 1873 1198 1936 εἰς
1228 1874 1318 1929 τὸν
1349 1877 1446 1928 τοῦ
1483 1870 1748 1948 βασιλέως

94 1969 437 2034 ἐσελθόντες
492 1971 750 2035 κοιτῶνα,
813 1964 928 2020 imi
990 1965 1064 2038 μή
1143 1962 1297 2038 εὗρον
1356 1962 1516 2018 αὑτὸν
1577 1961 1627 2017 ἐν
1675 1965 1745 2035 τῇ

95 2062 315 2129 συνήθει
360 2057 543 2132 κλίνῃ,
594 2057 912 2131 φωραθῆναι
964 2055 1360 2124 ὑπονοήσαντες
1405 2055 1603 2129 μικροῦ
1636 2049 1745 2106 δεῖν

93 2150 322 2211 ἑαυτοὺς
368 2149 832 2220 κατεκρήμνισαν,
863 2143 911 2200 εἴ
959 2145 1034 2217 μή
1088 2163 1192 2198 που
1244 2140 1531 2218 ἀνδράριόν
1562 2163 1614 2196 τι
1643 2145 1750 2196 τῶν

93 2238 150 2293 ἐκ
175 2242 280 2303 τῆς
315 2231 767 2313 γυναικωνίτιδος
812 2234 1102 2308 εὑρηκότες
1155 2232 1242 2287 ὑπ’
1287 2230 1452 2286 αὐτοῦ
1483 2228 1752 2306 ὁδηγοῦν-

93 2350 201 2383 ut.
268 2327 372 2382 Καὶ
426 2318 937 2398 καταλαμϐάνουσιν
986 2320 1146 2377 αὐτὸν
1200 2319 1281 2376 ἐπ’
1350 2317 1580 2397 ἐδάφους
1634 2319 1750 2374 κεί-

99 2438 262 2489 μενον
324 2415 418 2470 καὶ
476 2413 768 2489 στρωμνὴν
827 2407 1026 2487 ἔχοντα
1076 2410 1236 2466 πίλον
1296 2404 1614 2488 κοκκοϐαφῆ
1663 2407 1752 2464 καὶ

99 2507 309 2581 ἄρκτου
339 2501 536 2579 δέρμα,
570 2504 702 2578 ὅπερ
734 2496 918 2556 λαϐὼν
947 2502 1013 2570 ἦν
1045 2499 1193 2574 παρὰ
1222 2498 1455 2575 Μιχαὴλ
1506 2496 1754 2574 μοναχοῦ

99 2600 195 2650 τοῦ
246 2591 556 2662 Μαλείνου,
601 2596 698 2648 τοῦ
746 2591 893 2656 θείου
940 2589 1142 2647 αὑτοῦ.
1189 2592 1396 2648 Τοῦτον
1448 2586 1567 2664 ἄρτι
1618 2589 1756 2663 πρὸς

104 2685 271 2740 ὕπνον
330 2681 624 2761 τραπίντα,
695 2682 784 2736 καὶ
848 2677 1118 2754 μηδαμῶς
1193 2677 1580 2752 ἐπαισθόμενον
1655 2684 1756 2746 τῆς

108 2774 337 2851 mpiger»:
376 2777 487 2828 τῶν
540 2769 858 2844 μελλόντων
906 2769 1066 2825 αὑτὸν
1110 2768 1368 2845 ἀναιρεῖν,
1399 2769 1427 2824 6
1456 2773 1758 2841 Τζιμισκῆς

105 2869 183 2934 τῷ
221 2861 356 2918 ποδὶ
407 2861 566 2932 νύξας
615 2859 908 2934 ἐξὺπνισεν.
960 2856 1369 2930 Ἐξυπνισθὲντα
1423 2855 1479 2912 δὲ
1526 2856 1614 2912 καὶ
1660 2864 1761 2926 τῆς

110 2949 284 3022 δεξιᾶς
331 2950 524 3027 χειρὸς
565 2949 657 3006 τὸν
703 2948 925 3024 ἀγκῶνα
960 2952 1030 3022 τῇ
1079 2951 1154 3024 γῇ
1207 2945 1626 3024 προσερείσαντα
1667 2947 1756 3001 καὶ

106 3043 200 3108 τὴν
272 3038 530 3120 κεφαλὴν
607 3038 1056 3116 ὀνακουφίσαντα,
1117 3035 1357 3115 ἓπιφίρει
1428 3040 1620 3112 γυμνῷ
1683 3039 1763 3108 τῷ

109 3132 239 3204 ξίφει
272 3130 416 3185 κατὰ
469 3135 572 3199 τῆς
617 3135 862 3206 κορυφῆς
909 3128 1173 3189 ἀσκεποῦς
1223 3125 1388 3196 οὔσης
1438 3125 1763 3200 (ἐπεπτώκει

109 3220 203 3294 γαρ
262 3217 619 3294 ἰγειρομὲνου
672 3219 734 3273 τὸ
788 3221 890 3282 τῆς
942 3217 1184 3296 κεφαλῆς
1241 3215 1408 3270 αὑτοῦ
1471 3212 1766 3287 κάλυμμα)

1855 625 1983 679 stici
2017 626 2208 683 ofﬁcio
2240 628 2501 700 dejectus
2531 631 2603 688 ab
2652 631 3023 706 imperatore,
3073 639 3130 691 et
3176 634 3336 690 domi
3384 651 3504 691 suae

1854 731 1917 770 se
1947 715 2242 772 continere
2273 734 2460 790 neque
2491 737 2737 792 usquam
2770 724 3006 795 prodire
3028 725 3263 796 jussus)
3283 729 3503 796 evocat,

1855 803 2116 876 adeoque
2145 803 2370 865 litteras
2399 808 2574 866 etiam
2606 810 2872 868 adultera
2909 813 2986 868 ab
3018 813 3370 886 imperatore
3401 813 3509 870 ob-

1856 891 2023 963 tinet,
2055 893 2270 966 quibus
2318 897 2376 952 in
2427 899 2632 956 urbem
2687 901 2738 956 is
2785 902 2976 958 redire
3019 903 3348 974 juberetur.
3398 903 3508 970 Qui

1858 983 2076 1038 missus
2106 983 2237 1054 fuit,
2271 987 2321 1041 is
2350 987 2699 1045 Tzimiscam
2731 992 2908 1046 domo
2937 1008 3046 1047 sua
3082 991 3508 1050 Chalcedonam

1856 1072 2382 1147 adducit,Cumque
2403 1076 2720 1149 imperator
2740 1081 3118 1137 submonitus
3146 1086 3346 1138 utrum
3373 1098 3509 1140 cum

1856 1160 2027 1218 vellet
2056 1163 2256 1234 Cpolin
2290 1165 2674 1237 ingredi,eum
2708 1167 3146 1241 aliquantulum
3177 1177 3512 1243 exspectare

1849 1250 2150 1321 jussisset,
2181 1253 2536 1326 Theophano
2589 1263 2777 1324 nocte,
2829 1259 2891 1313 11
2944 1257 3304 1328 Decembris,
3354 1259 3507 1316 indi-

1857 1341 2045 1396 ctione
2078 1341 2321 1410 13,anno
2356 1345 2560 1399 mundi
2590 1347 2965 1414 6-t78,missis
2996 1348 3122 1404 suis
3155 1348 3507 1406 Tzimiscam

1859 1436 2032 1485 noctu
2066 1431 2135 1486 ad
2171 1437 2402 1502 portum
2437 1450 2614 1490 manu
2668 1439 3023 1506 conlectum,
3074 1436 3173 1509 qui
3222 1443 3313 1493 est
3356 1438 3510 1494 infra.

1858 1518 2164 1591 palatium,
2197 1521 2454 1589 deducit,
2486 1527 2541 1578 et
2575 1523 2916 1594 impetitum
2949 1526 3110 1582 corbi
3141 1542 3277 1582 cum
3329 1526 3510 1584 sociis

1854 1606 1914 1661 in
1976 1607 2260 1679 palatium
2325 1610 2568 1668 attrahit
2625 1612 2798 1669 Erant
2849 1631 2983 1670 cum
3044 1630 3110 1671 eo
3186 1613 3511 1672 Michaelus

1858 1701 2065 1752 Burtza
2085 1697 2504 1768 patricius,Leo
2526 1701 2876 1760 Abalantius
2900 1703 3158 1760 cohortis
3181 1704 3512 1775 ductor,At-

1857 1787 2321 1858 zypotheodorus
2348 1789 2648 1846 Tzimisces
2679 1790 3005 1848 amicorum
3039 1792 3514 1862 ﬂdelissimus,ac

1859 1876 1975 1930 duo
2007 1875 2290 1944 alii,310
2322 1877 2360 1932 ii
2394 1895 2525 1934 cum
2560 1880 2618 1934 in
2655 1880 2937 1950 palatium
2970 1884 3168 1937 essent
3198 1881 3510 1950 sublevati,

1857 1963 2070 2037 gladiis
2099 1965 2275 2022 cincti
2301 1967 2676 2037 imperatoris
2706 1969 3044 2026 cubiculum
3071 1971 3326 2040 intrant;
3351 1987 3513 2029 cum-

1858 2071 1972 2126 que
2001 2070 2136 2111 eum
2168 2071 2284 2112 non
2312 2054 2642 2113 invenirent
2673 2057 2732 2113 in
2765 2063 3044 2116 consueto
3075 2057 3512 2130 lecto,detectas

1857 2141 2106 2201 insidias
2135 2161 2263 2201 esse
2293 2145 2665 2218 suspicantes
2687 2148 2817 2219 jam
2850 2148 3079 2220 seipsos
3109 2153 3276 2205 erant
3306 2148 3515 2222 praeci-

1861 2233 2248 2306 pitaturi,nisi
2279 2234 2594 2292 homuncio
2627 2237 2868 2308 quidam
2901 2237 3211 2310 obtigisset
3231 2254 3300 2294 ex
3320 2254 3512 2312 gymn-

1860 2340 1980 2391 ceo,
2015 2339 2129 2395 quo
2159 2323 2307 2380 duce
2337 2324 2397 2380 in
2428 2325 2550 2381 solo
2573 2326 2868 2396 jacentem
2909 2326 3306 2398 Nicephorum
3359 2327 3512 2384 Pho-

1862 2429 1992 2468 cam
2015 2412 2340 2484 inveniunt,
2373 2430 2475 2485 pro
2498 2420 2654 2470 veste
2674 2415 2936 2488 stragula
2957 2415 3269 2472 habentem
3294 2415 3512 2489 pileum

1865 2517 2036 2557 cocco
2065 2501 2345 2557 infectum
2377 2508 2434 2558 et
2456 2503 2727 2560 exuvium
2761 2505 2907 2576 ursi,
2930 2505 3086 2576 quod
3117 2504 3190 2561 ab
3223 2505 3514 2562 avunculo

1867 2608 1975 2648 suo
2008 2590 2292 2647 Michaelo
2324 2593 2608 2648 monacho
2640 2592 2886 2649 Maleino
2916 2597 3237 2666 acceperat.
3288 2594 3513 2652 Recens

1868 2681 2188 2753 imperator
2235 2680 2686 2748 obdormiverat,
2741 2698 2931 2755 neque
2966 2699 3376 2756 percussorum
3410 2684 3512 2739 ad-

1867 2773 2108 2825 ventum
2165 2774 2449 2827 senserat.
2495 2770 2810 2827 Tzimisces
2862 2788 2997 2827 cum
3051 2771 3206 2830 calce
3255 2772 3438 2829 ictum
3487 2789 3519 2830 0

1871 2875 2077 2915 somno
2109 2859 2678 2932 excitat:evigilanti
2711 2861 3044 2934 dextraeque
3078 2878 3292 2919 manus
3323 2862 3519 2918 cubito

1872 2951 2039 3003 terrai
2071 2947 2343 3004 innitenti
2375 2953 2432 3004 et
2471 2953 2646 3022 caput
2693 2949 2982 3006 attollenti
3016 2951 3128 3008 Leo
3171 2949 3521 3008 Abalantius

1874 3038 2076 3094 stricto
2107 3055 2245 3094 ense
2274 3037 2489 3094 vulnus
2519 3040 2728 3112 ingens
2766 3040 2823 3094 in
2852 3040 3078 3096 nudum
3123 3043 3304 3114 caput
3350 3039 3530 3112 (deci-

1875 3127 2040 3182 derat
2068 3126 2224 3182 enim
2256 3126 2595 3198 operculum
2628 3128 2828 3200 capiti,
2859 3128 2999 3184 dum
3039 3145 3101 3185 se
3144 3128 3526 3201 sublevareti)

1876 3215 2112 3285 incutit,
2145 3215 2338 3272 medio
2370 3217 2570 3272 cranio
2603 3215 2877 3273 dissecto.
2903 3217 3123 3274 Deinde
3154 3235 3288 3274 eum
3320 3236 3354 3274 a
3381 3217 3530 3275 lecto

113 3286 254 3364 λέων
303 3286 337 3363 6
378 3286 748 3370 ”Δὺαλάντιος
793 3286 1035 3383 γενναίαν
1081 3303 1330 3380 πληγὴν,
1363 3303 1452 3358 καὶ
1493 3286 1762 3359 διελαὺνει

1877 3307 2206 3362 auferentes
2237 3306 2305 3360 ad
2337 3304 2682 3361 Tzimiscam
2715 3307 2940 3362 ducunt
2972 3306 3030 3363 in
3079 3305 3225 3364 sella
3274 3307 3534 3380 impera-

117 3397 274 3469 μέσον
303 3398 370 3452 τὸ
403 3395 650 3469 κρανίον.
682 3397 816 3454 Εἶτα
852 3402 950 3465 τῆς
999 3400 1290 3470 στρωμνῆς
1337 3392 1495 3448 αὑτὸν
1542 3392 1770 3463 ἀναστή-

119 3507 298 3547 σαντες
349 3483 545 3561 ἄγουσι
594 3484 736 3560 πρὸς
778 3483 868 3540 τὸν
911 3486 1220 3558 Τζιμισκῆν
1268 3484 1354 3537 ἐπὶ
1401 3488 1502 3552 τῆς
1554 3480 1768 3556 βασιλι-

119 3581 212 3642 κῆς
251 3573 557 3629 καθίσαντα
594 3572 812 3644 κλίνης,
859 3571 948 3627 καὶ
995 3569 1182 3627 πολλᾶ
1222 3571 1649 3642 παροινήσαντες
1679 3567 1769 3624 καὶ

122 3661 584 3724 κατονειδίσαντες
631 3662 721 3716 καὶ
773 3660 1223 3740 δυσγημήσαντές
1270 3659 1348 3722 εἷς
1396 3659 1554 3714 αὑτὸν
1603 3655 1772 3732 μηδὲν

128 3752 257 3809 illo
289 3752 526 3828 λέγοντα
559 3751 684 3806 ἀλλ’
714 3751 773 3822 ἢ,
808 3775 835 3803 ‹‹
868 3751 1057 3827 Κύριε,
1100 3749 1342 3817 ὲλὲησον,
1382 3772 1410 3802 ››
1443 3749 1554 3819 καὶ,
1591 3773 1616 3800 ‹‹
1651 3754 1776 3803 Θεο-

127 3843 259 3914 τᾶκε,
303 3844 526 3918 βοήθει,
561 3869 589 3894 υ
628 3840 934 3896 τελευταῖον
988 3839 1102 3895 ἐπεί
1160 3859 1260 3915 περ
1317 3838 1772 3916 κατεφωράθησαν

127 3934 263 4007 παρὰ
301 3938 416 3986 τῶν
471 3932 780 4006 προκοίτων
815 3933 898 4003 [Ρ.
929 3931 1058 4002 663]
1084 3933 1183 3984 τοῦ
1229 3925 1496 3983 παλατίου
1536 3926 1624 3982 καὶ
1656 3949 1776 3982 συν-

131 4023 296 4076 {zz-:0
355 4021 448 4076 ἐπ’
508 4018 704 4080 αὐτοὺς
764 4017 974 4087 πλῆθος
1052 4018 1431 4091 ἀμυνομένων,
1499 4015 1777 4092 ἀποσφάτ-

1878 3394 2028 3450 toria
2059 3394 2380 3463 sedentem,
2415 3393 2738 3466 multisque
2765 3395 3136 3452 contumeliis
3166 3399 3223 3454 et
3261 3395 3534 3454 convitiis

1881 3483 2195 3555 exagitant,
2231 3482 2374 3538 nihil
2408 3482 2568 3539 aliud
2614 3483 2906 3540 dicentem
2940 3501 3119 3556 quam
3153 3501 3167 3542 :
3206 3507 3231 3539 ε
3267 3486 3531 3555 Domine,

1881 3572 2182 3640 miserere,
2214 3570 2522 3644 opitulare,
2556 3571 2820 3644 Deipara.
2859 3597 2881 3625 ι
2938 3573 3198 3630 Tandem
3255 3590 3390 3630 cum
3439 3591 3532 3630 res

1881 3661 2324 3718 excubitoribus
2357 3660 2554 3732 palatii
2588 3660 2962 3728 innotuisset,
2997 3667 3054 3717 et
3097 3661 3414 3718 multitudo
3459 3663 3532 3719 ad

1883 3749 2317 3806 defendendum
2352 3752 2760 3820 imperatorem
2784 3751 3534 3822 accurreret,Nicephorum

1876 3839 2478 3910 jugulant,caputque
2509 3839 2637 3906 ejus
2671 3844 2956 3893 resectum
2990 3840 3402 3895 defensoribus
3435 3857 3537 3912 per

1886 3931 2202 3984 fenestram
2234 3927 2572 3983 ostendunt.
2605 3931 2722 3982 Hoc
2755 3932 2920 3999 pacto
2954 3928 3028 3982 iis
3059 3928 3299 4000 sedatis,
3331 3928 3540 3984 Tzimi-

1889 4034 1997 4073 sces
2031 4017 2209 4073 libere
2242 4033 2368 4088 qua:
2399 4015 2568 4071 vellet
2598 4017 2807 4087 agendi
2838 4015 3065 4072 occasio
3096 4017 3251 4072 data.

129 4131 269 4164 τουσι
298 4114 524 4181 τοῦτον,
559 4109 648 4162 καὶ
677 4109 774 4177 τὴν
809 4106 1050 4185 κεφαλὴν
1081 4106 1448 4180 ἀποτεμόντες
1479 4103 1567 4159 διά
1615 4127 1767 4168 τινος
1816 4103 2030 4181 θυρίδος
2077 4108 2193 4166 τοῖς
2241 4103 2316 4164 εἷς
2372 4104 2624 4178 βοήθειαν
2676 4104 3028 4178 συντρέχουσι
3079 4101 3400 4158 δεικνύουσι.
3444 4104 3542 4162 Καὶ

132 4200 177 4250 οἱ
211 4199 301 4270 μὲν
336 4197 488 4253 οὕτω
518 4197 1000 4270 κατεστορωησαν.
1029 4201 1146 4259 τοῖς
1181 4193 1239 4250 δὲ
1269 4197 1392 4270 περὶ
1433 4195 1524 4250 τὸν
1576 4197 1874 4268 Τζιμισκῆν
1923 4193 2108 4266 καιρὸς
2155 4190 2317 4263 ἐδόθη
2368 4189 2538 4254 ἀδεῶς
2587 4191 2676 4246 καὶ
2723 4192 2840 4266 μετ’
2890 4189 3072 4254 ἀδείας
3121 4192 3294 4247 πάντα
3341 4198 3541 4252 ποιεῖν.

196 4325 425 4399 Λέγεται
501 4319 562 4377 δὲ
615 4322 698 4376 ὅτι
769 4321 876 4397 πρὸ
935 4319 1061 4377 δέκα
1118 4322 1343 4396 ἡμερῶν
1392 4323 1488 4375 τοῦ
1548 4321 1783 4385 θανάτου

132 4411 312 4467 εὑτοῦν
364 4407 606 4488 ἔτγραφν
658 4410 808 4486 εὗρεν
843 4410 871 4466 6
921 4407 1200 4485 βασιλεὺς,
1249 4407 1578 4486 ἐῤῥιμμᾶνον
1621 4407 1672 4464 ἐν
1705 4412 1784 4481 τῷ

132 4506 343 4555 κοιτῶνι
399 4500 570 4554 αὑτοῦ
611 4499 700 4554 καὶ
757 4502 964 4572 μηνῦον
1023 4496 1418 4574 ἀσφαλίσασθαι
1469 4498 1654 4553 ἑαυτὸν
1705 4496 1781 4560 ὡς

137 4585 630 4661 επιϐουλευόμενον
687 4587 792 4643 ὑπὸ
819 4591 916 4643 τοῦ
944 4589 1242 4662 Τζιμισκῆ.
1277 4586 1376 4641 Καί
1404 4606 1524 4641 τινα
1554 4583 1611 4641 δὲ
1639 4583 1781 4656 κλη-

1965 4322 2111 4377 877
2153 4321 2365 4376 Ferunt
2388 4319 2588 4375 decem
2615 4319 2826 4375 diebus
2847 4322 3166 4390 antequam
3191 4318 3549 4376 interﬁcere-

1890 4413 2009 4477 tur,
2040 4408 2432 4480 Nicephorum
2463 4407 2524 4463 in
2557 4423 2662 4464 suo
2711 4407 2984 4462 cubiculo
3036 4407 3334 4464 invenisse
3383 4408 3551 4466 libel-

1891 4497 2041 4566 lum,
2088 4497 2258 4568 cujus
2307 4495 2602 4568 scriptura
2649 4495 3002 4551 monebatur
3031 4499 3098 4551 ut
3124 4495 3241 4550 sibi
3276 4502 3548 4554 caveret:

1892 4601 2031 4642 nam
2062 4602 2096 4640 a
2123 4583 2409 4640 Tzimisca
2435 4583 2552 4654 ipsi
2582 4583 2832 4639 insidias
2864 4582 3340 4647 fieri.Quemdam
3370 4583 3550 4642 etiam

139 4681 274 4750 ριιιόν
306 4697 446 4752 φασι
494 4677 631 4731 κατὰ
676 4677 777 4745 τήν
827 4675 1052 4753 ἑσπέραν
1098 4683 1201 4746 τῆς
1247 4675 1569 4749 ἀναιρέσεως
1619 4671 1758 4729 δεδω

1898 4675 2175 4731 clericum
2208 4673 2521 4746 perhibent
2549 4671 2797 4745 vesperi,
2833 4688 2950 4744 qua
2979 4678 3149 4729 nocte
3181 4673 3390 4730 deinde
3420 4690 3550 4746 per-

139 4768 270 4821 ziu'.
301 4767 459 4837 αὐτῷ
503 4764 734 4841 γράμμα
780 4765 1038 4841 περιέχον
1086 4765 1223 4840 πρὸς
1274 4761 1406 4826 ἔπος
1441 4767 1626 4820 ταῦτα’
1663 4787 1690 4815 ‹‹
1722 4768 1788 4817 Ὠ

144 4855 378 4925 βασιλεῦ,
425 4852 725 4930 ἀσφάλισαι
773 4854 1012 4910 σεαυτὸν·
1062 4851 1312 4916 κίνδυνος
1356 4855 1457 4930 γάρ
1515 4873 1600 4909 σοι
1654 4851 1791 4907 κατὰ

141 4943 330 5015 tris-qv
405 4945 514 5012 τὴν
571 4943 737 4998 νύκτα
793 4943 856 4998 οὐ
918 4943 1111 5020 μικρὸς
1182 4944 1454 5018 ἀρτύεται.
1516 4967 1544 4994 ››
1603 4942 1676 4998 Τὸ
1734 4938 1791 4994 δὲ

146 5037 486 5106 γραμμάτιον
518 5031 679 5088 ἄλλοι
708 5034 804 5106 μὲν
836 5031 1094 5108 λέγουσιν
1125 5033 1198 5094 ῶς
1243 5027 1538 5088 ὑπολαϐὼν
1569 5032 1597 5085 6
1634 5031 1792 5106 βασι-

149 5118 263 5184 λευς
295 5119 596 5196 δεητήριον
629 5122 762 5176 εἶναι
794 5123 896 5176 οὐκ
943 5120 1147 5198 ἀνέγνω
1186 5125 1371 5193 τοῦτο,
1422 5117 1583 5177 ἄλλοι
1619 5117 1666 5174 δ’
1709 5119 1792 5174 ὅτι

155 5211 344 5286 ὴὲγνω
381 5211 505 5282 μὲν,
538 5209 665 5265 ἀλλ’
710 5209 963 5284 ἠμέλησε
1007 5217 1109 5281 τῆς
1155 5207 1349 5265 ’ἑαυτοῦ
1397 5209 1666 5285 φυλακῆς,
1697 5211 1795 5263 τοῦ

145 5301 311 5371 χρεὼν
362 5296 786 5371 ἐμποδίσαντος,
835 5299 1199 5364 ἀποθανόντος
1247 5297 1304 5354 δὶ
1357 5300 1553 5354 τούτου
1603 5298 1794 5374 εὑρέθη

152 5383 266 5460 ἕχον
297 5389 364 5443 τὰ
400 5389 773 5464 γεγραμμένα.
803 5387 1005 5447 ’Ἄλλοι
1038 5386 1086 5446 δ’
1115 5388 1198 5445 ὅτι
1236 5387 1500 5465 ἀναγνοὺς
1542 5387 1800 5461 ἐπέτρεψε

151 5478 239 5542 τὴν
273 5482 509 5548 ζήτησιν
539 5480 625 5533 καὶ
662 5478 908 5556 φυλακὴν
937 5483 1018 5551 τῷ
1058 5473 1567 5556 πρωτοϐεστιαρίῳ,
1599 5475 1800 5553 ἔγραψα

157 5562 206 5618 ξε
247 5567 334 5621 τ.αέ
388 5570 473 5637 τῷ
524 5563 744 5645 ἁδελφῷ
799 5569 985 5624 Λεοντι
1032 5565 1115 5623 ἐπ’
1166 5565 1322 5624 οἷ’κου
1371 5565 1615 5643 διάγοντι
1667 5565 1798 5622 λαὸν

157 5652 302 5711 ενοι)
319 5679 382 5711 ον
432 5655 715 5732 εἰληφέναι
762 5657 853 5712 καὶ
901 5664 1158 5737 φοιτῆσαι
1205 5657 1304 5728 τὴν
1350 5658 1620 5732 ταχίστην
1667 5655 1804 5731 πρὸς

159 5747 212 5802 τὸ
263 5745 562 5807 παλᾶτιον.
607 5750 776 5805 Τοῦτο
833 5745 892 5806 δὶ
966 5745 1314 5825 διακομισθὶν
1383 5746 1588 5811 ἐκεῖνος
1656 5742 1804 5822 δεξά-

1899 4765 1988 4834 iit,
2023 4763 2250 4820 litteras
2284 4761 2337 4818 ei
2367 4760 2706 4818 exhibuisse
2738 4761 2796 4816 in
2849 4761 3066 4832 quibus
3115 4760 3236 4816 hinc
3283 4761 3552 4817 contine-

1899 4858 2103 4910 rentur
2143 4869 2156 4908 :
2209 4874 2238 4902 ‹‹
2286 4851 2444 4907 Muni
2495 4851 2777 4921 teipsum,
2825 4849 3146 4921 imperator
3190 4865 3205 4905 :
3252 4866 3385 4905 nam
3439 4849 3550 4906 hac

1903 4947 2069 4998 nocte
2096 4939 2200 4996 tibi
2225 4937 2550 5012 periculum
2575 4937 2870 4994 haudleve
2900 4937 3219 5010 impendet.
3252 4960 3280 4989 »
3313 4938 3425 4994 Eas
3454 4937 3554 4993 lit-

1900 5037 2057 5088 teras
2069 5029 2166 5086 alii
2182 5030 2425 5086 tradunt
2440 5028 2853 5099 imperatorem
2870 5043 2986 5082 non
3003 5026 3554 5100 legisse,0pinatum

1902 5121 1976 5176 iis
2009 5119 2348 5192 petitionem
2381 5117 2640 5190 aliquam
2673 5113 3100 5171 contineri.Alii
3131 5114 3341 5186 legisse
3369 5116 3558 5187 aiunt,

1903 5208 2007 5265 sed
2037 5207 2129 5264 sui
2151 5205 2522 5264 custodiendi
2569 5203 2857 5260 rationem
2907 5219 3024 5259 non
3072 5203 3310 5260 duxisse
3353 5203 3559 5273 ullam,

1906 5300 2022 5354 fsto
2053 5297 2403 5370 impeditum
2439 5311 2452 5349 :
2487 5307 2703 5365 easque
2734 5291 2962 5346 litteras
2989 5290 3119 5364 ipso
3149 5292 3335 5348 occiso
3358 5293 3562 5350 inven-

1905 5391 1998 5444 tas
2028 5387 2234 5442 fuisse.
2265 5385 2392 5440 Non
2424 5383 2641 5439 desunt
2670 5381 2771 5454 qui
2805 5380 2879 5436 iis
2932 5379 3100 5438 lectis
3148 5381 3564 5454 imperatorem

1909 5479 2174 5534 asserant
2201 5472 2644 5545 inquisitionem
2674 5473 2730 5527 et
2771 5470 3053 5526 custodias
3103 5486 3322 5528 munus
3365 5476 3563 5544 proto-

1910 5565 2179 5622 vestiario
2228 5562 2576 5630 mandasse;
2633 5557 2932 5630 simulque
2992 5557 3158 5614 fratri
3218 5575 3326 5616 suo
3386 5560 3563 5618 Leoni

1911 5653 2068 5712 domi
2088 5670 2205 5710 suis
2221 5651 2454 5724 degenti
2471 5649 2782 5724 scripsisse
2799 5650 2864 5702 ut
2885 5662 3020 5702 cum
3043 5651 3271 5704 armata
3288 5665 3469 5706 manu
3487 5649 3560 5705 ad

1912 5744 2196 5822 palatium
2223 5741 2525 5802 celerrime
2554 5740 2788 5810 veniat;
2817 5736 3068 5796 Leonem
3097 5735 3327 5797 litteras
3356 5753 3563 5813 accep-
