4050 6326
555 426 666 486 111

1889 430 2208 493 GEORGII
2250 430 2592 494 CEDRENI

3841 444 3961 505 112

552 565 644 618 tas
674 579 789 619 non
820 559 1299 634 aperuisse,quod
1331 564 1456 616 tum
1486 561 1632 619 forte
1662 560 1798 620 talis
1828 579 1962 619 cum
1996 562 2177 636 aliqui

2311 582 2492 636 μενος,
2535 562 2626 618 καί
2676 561 2807 637 μηδ’
2853 563 3099 637 ἆνελίξας
3142 562 3330 645 (ἔτυχε
3376 568 3478 646 γὰρ
3528 565 3771 628 κυϐεύων
3827 572 3966 647 μετᾶ

553 655 802 711 certaret
830 662 886 708 et
913 651 1350 722 impensissime
1380 651 1491 707 isto
1520 650 1747 709 ludicro
1786 652 2195 723 delectaretur,

553 745 655 799 sed
676 758 776 799 eas
796 741 855 797 in
879 740 970 796 sui
994 738 1195 795 lectuli
1216 740 1443 813 sponda
1460 742 1824 814 deposuisse.
1849 744 2008 799 Ludo
2031 742 2197 799 ﬁnito

551 833 751 890 statim
813 831 1065 903 legisse,
1134 835 1191 886 et
1256 836 1526 904 percepta
1593 833 1884 889 sententia
1937 832 2199 905 coegisse

551 927 835 996 quantam
862 939 955 979 res
988 922 1137 977 ferre
1169 938 1435 989 manum,
1487 938 1553 977 ac
1603 923 1674 978 ad
1721 922 2004 995 palatium
2055 938 2195 978 con-

550 1017 830 1073 tendisse.
882 1016 994 1071 Sed
1045 1031 1179 1070 cum
1208 1015 1280 1069 ad
1312 1015 1576 1071 Fundam
1603 1016 1749 1072 Circi
1777 1016 2053 1083 venisset,
2089 1032 2194 1072 au-

547 1106 705 1163 disse
734 1106 1024 1178 quosdam
1055 1104 1208 1159 inter
1258 1120 1318 1159 se
1369 1105 1440 1160 de
1488 1104 1795 1161 interfecto
1842 1104 2195 1178 imperatore

544 1195 870 1268 Nicephoro
902 1192 1323 1265 colloquentes,
1354 1210 1459 1250 nec
1490 1211 1606 1250 non
1655 1199 1713 1251 et
1760 1194 1818 1249 in
1873 1194 2086 1267 palatio
2136 1199 2194 1251 et

545 1284 871 1359 angiportis
896 1283 1184 1339 Joannem
1234 1282 1646 1354 imperatorem
1696 1283 2191 1356 proclamantium

545 1391 713 1431 voces
736 1373 1096 1446 percepisse:
1119 1372 1313 1443 itaque
1336 1389 1395 1427 re
1422 1373 1719 1445 insperata
1750 1377 2189 1428 consternatum

546 1462 690 1519 nihil
706 1461 1126 1535 magnaninum
1142 1462 1235 1516 37
1248 1461 1294 1517 8
1308 1462 1617 1533 cogitasse,
1637 1463 1735 1518 sed
1752 1461 1907 1517 illico
1922 1479 2054 1517 cum
2072 1462 2190 1519 tilio

543 1552 869 1625 Nicephoro
898 1550 956 1605 in
988 1550 1267 1622 Magnum
1297 1549 1605 1622 Templum
1638 1551 2190 1624 confugisse.Atque

543 1641 665 1697 hinc
695 1639 979 1697 memoria
1006 1638 1237 1711 prodita
1267 1643 1440 1709 sunt;
1473 1656 1679 1696 verene
1718 1658 1792 1696 an
1844 1640 2016 1710 falso,
2070 1657 2186 1697 non

542 1730 880 1803 pronuntio.
913 1730 973 1786 Id
1008 1728 1246 1801 quidem
1277 1728 1483 1803 liquet,
1508 1730 1903 1803 Nicephorum
1938 1731 1995 1787 in
2030 1730 2187 1804 pala-

540 1821 621 1877 tio
654 1819 836 1877 fuisse
868 1818 1263 1875 interfectum.

609 1997 761 2055 879
790 1997 1045 2054 Joannes
1077 1995 1399 2052 Tzimiscas
1436 1996 1545 2053 hoc
1591 1997 1824 2054 sublato
1867 1998 2183 2070 imperium

538 2087 691 2155 iniit,
724 2086 1005 2143 adhibitis
1038 2084 1276 2157 collegis
1307 2084 1522 2141 Basilio
1546 2089 1603 2141 et
1634 2087 2016 2144 Constantino
2069 2088 2185 2143 Ro-

538 2177 699 2233 mani
730 2175 887 2244 ﬁliis,
921 2191 1172 2247 quorum
1222 2174 1315 2229 hic
1371 2175 1665 2247 quintum,
1718 2176 1815 2232 ille
1861 2177 2185 2249 septimum

538 2266 722 2321 (etatis
741 2281 961 2320 annum
985 2263 1393 2336 agebatJnitio
1415 2265 1613 2319 statim
1639 2264 1867 2337 imperii
1884 2266 2184 2332 Basilium,

538 2353 963 2410 cubicularium
989 2352 1292 2415 intimum,
1324 2368 1499 2424 quem
1531 2354 1893 2426 Nicephorus
1923 2356 1996 2410 ab
2027 2372 2093 2411 eo
2124 2355 2183 2410 in

539 2444 879 2516 occupando
914 2442 1158 2514 imperio
1194 2460 1306 2498 non
1340 2442 1543 2498 leviter
1591 2444 1834 2515 adjutus
1885 2462 2030 2501 novo
2084 2462 2185 2501 no-

538 2534 697 2589 mine
728 2534 858 2588 novi
890 2532 1273 2604 magistratus
1304 2532 1575 2587 instituto
1610 2534 1915 2605 praesidem
1956 2550 2184 2590 creave-

535 2626 830 2693 rat,noctu
848 2622 918 2678 ad
941 2637 1003 2677 se
1023 2625 1291 2677 vocatum
1316 2638 1510 2677 rerum
1533 2623 1924 2693 gerendarum
1956 2623 2183 2679 socium

534 2711 795 2779 asciscit,
847 2710 1067 2783 quippe
1117 2714 1186 2765 et'
1222 2710 1396 2782 longo
1445 2715 1710 2782 tempore
1766 2711 1827 2767 in
1885 2711 2185 2784 republica

534 2805 851 2870 versatum,
877 2801 986 2855 sub
1004 2807 1166 2872 patre
1179 2799 1437 2855 Romano
1452 2799 1698 2871 seniore,
1732 2805 1787 2856 et
1799 2801 2182 2858 Constantino

532 2888 1032 2963 Porphyrogenito
1062 2888 1281 2945 sororis
1314 2906 1433 2944 sua:
1464 2889 1698 2960 marito,
1730 2894 1788 2946 et
1836 2890 1936 2963 qui
1987 2891 2182 2963 saepis-

535 2979 686 3035 sime
733 2994 856 3035 rem
909 2980 1113 3034 contra
1158 2982 1459 3049 Agarenos
1488 2982 1768 3050 gesserat,
1802 2982 1859 3035 et
1890 2979 2066 3036 rebus
2096 2997 2183 3035 ar-

535 3067 672 3125 duis
703 3067 846 3124 scite
878 3082 941 3123 se
971 3067 1415 3123 accommodare
1446 3066 1713 3124 callebat.
1750 3072 1805 3124 Is
1836 3068 2186 3137 Basilius,ut

533 3157 792 3231 primum
819 3156 1262 3213 tractandarum
1295 3173 1490 3213 rerum
1521 3173 1741 3213 munus
1771 3157 2013 3230 accepit,
2055 3175 2182 3215 om-

532 3263 638 3304 nes
690 3245 1014 3318 Nicephoro
1046 3246 1351 3303 studentes
1382 3262 1412 3301 e
1444 3244 1638 3301 medio
1669 3247 1996 3303 submovet.
2033 3247 2180 3303 Leo-
2244 3298 2247 3303 λ

2304 672 2467 707 τινων
2515 653 2605 708 καὶ
2656 651 2955 727 δαιμονίως
3002 660 3072 730 τῇ
3121 654 3313 729 παιδιᾷ
3364 660 3673 736 χρώμενος)
3716 658 3866 726 ἔθετο
3910 662 3963 718 ἰν

2306 744 2373 816 τῇ
2406 742 2597 798 ἑαυτοῦ
2654 741 2815 819 κλίνῃ
2863 743 2967 800 ὑπὸ
3014 746 3112 815 τήν
3163 746 3355 819 τύλην.
3400 750 3555 825 ’Ἄρτι
3605 747 3662 805 δὲ
3703 755 3798 807 τοῦ
3830 773 3966 807 παι-

2305 830 2460 906 γνίου
2512 828 2858 896 διαλυθέντος
2919 835 2982 889 τὸ
3031 835 3376 912 γραμμάτιον
3437 837 3677 894 ἐπελθὼν
3731 840 3820 895 καὶ
3868 841 3962 896 τὸν

2305 919 2612 998 ἆγκείμενον
2664 927 2788 977 νοῦν
2840 922 3015 987 συνεῗς
3058 929 3165 980 τῶν
3217 928 3550 1006 γραφέντων,
3605 926 3830 1003 δύναμιν
3882 930 3962 994 ὣς

2305 1010 2332 1063 ὁ
2391 1010 2579 1087 καιρὸς
2634 1010 2828 1086 ἀπῄτει
2889 1015 3261 1091 συνηθροικὼς
3329 1017 3493 1092 ἀπῄει
3550 1020 3687 1092 πρὸς
3740 1020 3809 1074 τὰ
3859 1020 3961 1096 βι-

2304 1098 2501 1157 σίλεια.
2563 1101 2856 1174 Γενόμενος
2917 1099 2973 1157 δὲ
3028 1105 3163 1159 κατὰ
3218 1107 3318 1175 τὴν
3373 1106 3425 1162 έν
3475 1111 3555 1179 τῷ
3600 1105 3960 1186 ἱπποδρομίῳ

2304 1186 2598 1263 σφενδόνην
2628 1188 2828 1259 ἤκουσέ
2858 1213 3019 1247 τινων
3055 1190 3459 1271 διαλεγομένων
3492 1206 3626 1271 πρὸς
3670 1195 3962 1268 ἀλλήλους

2302 1279 2375 1340 ὡς
2453 1275 2554 1353 ἄρα
2628 1278 2711 1350 εἷή
2790 1276 3100 1359 Νικηφόρος
3176 1282 3519 1358 ἀνῃρημένος
3587 1286 3615 1340 ὁ
3675 1285 3958 1361 βασιλευς,

2299 1365 2499 1437 ἤκουσε
2530 1365 2588 1423 δὶ
2615 1368 2704 1423 καὶ
2732 1374 2841 1424 τῶν
2873 1369 2924 1424 έν
2956 1374 3035 1443 τῷ
3066 1368 3322 1446 παλατίῳ
3371 1376 3459 1428 καὶ
3513 1380 3629 1437 τοῖς
3661 1382 3963 1441 στενωποῖς

2298 1456 2754 1535 ἀνευφημούντων
2803 1460 2897 1515 τὸν
2940 1461 3222 1532 Ἰωάννην.
3254 1464 3350 1536 Τῷ
3400 1462 3713 1537 ἀνελπίστῳ
3761 1462 3818 1520 δὶ
3858 1486 3956 1520 χα-

2296 1544 2615 1621 ταπλαγεὶς,
2664 1548 2754 1603 καὶ
2806 1547 2974 1623 μηδὶν
3031 1549 3289 1623 ἕννοήσας
3352 1558 3618 1628 γενναῖον,
3742 1555 3957 1631 τάχους

2298 1635 2415 1710 εἶχε
2443 1635 2534 1690 σὺν
2573 1640 2653 1709 τῷ
2698 1638 2802 1711 υἱῷ
2849 1639 3153 1716 Νικηφόρῳ
3199 1644 3268 1715 τῇ
3319 1639 3551 1718 Μεγάλῃ
3586 1642 3953 1721 προσέρχεται

2296 1724 2614 1798 Ἐκκλησία.
2662 1726 2759 1782 Καὶ
2808 1726 2873 1783 τὰ
2918 1728 3013 1802 μὶν
3063 1726 3329 1805 λεγόμενα
3382 1736 3569 1787 ταῦτα·
3620 1733 3671 1789 εἲ
3714 1730 3771 1788 δὲ
3810 1733 3958 1805 ἀλη-

2297 1815 2405 1877 θῶς
2436 1813 2471 1883 ἢ
2515 1812 2747 1888 ψευδῶς,
2790 1817 2892 1872 οὐκ
2939 1814 3054 1893 ἔχω
3104 1818 3303 1896 λέγειν.
3351 1823 3585 1892 Θνήσκει
3628 1818 3675 1877 δ’
3720 1821 3875 1897 ὅμως
3922 1825 3954 1879 ὁ

2216 1950 2263 2017 Β
2294 1902 2614 2013 Νικηςῖόρος
2646 1901 2795 2017 ἔνδον
2825 1909 2923 1963 τοῦ
2955 1906 3225 1964 παλατίου
3255 1908 3655 1988 κατεργασθείς.

2365 1993 2623 2064 Ἰωάννης
2704 1991 2761 2049 δὲ
2818 1996 2847 2051 ὁ
2903 2000 3212 2069 Τζιμισκῆς
3281 2004 3382 2069 τῆς
3442 1998 3708 2073 Ρωμαίων
3766 2000 3950 2077 ἀρχῆς

2294 2079 2662 2167 ἀποθανόντος
2691 2087 2789 2137 τοῦ
2836 2086 3151 2163 Νικηφόρου
3180 2085 3459 2159 ἀνεδέξατο
3497 2088 3593 2151 τὰς
3626 2087 3944 2167 φροντίδας,

2295 2166 2798 2243 συμϐασιλεύοντας
2865 2170 3008 2249 ἔχων
3068 2174 3349 2232 Βασίλειον
3398 2176 3484 2232 καὶ
3544 2181 3945 2235 Κωνσταντῖνον

2292 2259 2420 2321 τοὺς
2466 2259 2615 2323 υἱοὺς
2672 2263 2972 2334 Ῥωμανοῦ,
3023 2264 3097 2317 ὧν
3142 2264 3169 2318 ὁ
3226 2264 3317 2337 μὲν
3366 2264 3648 2328 Βασίλειος
3705 2262 3944 2341 ἕϐδομον

2297 2351 2444 2403 εἷλκε
2486 2357 2585 2419 τῆς
2632 2348 2853 2419 ἡλικίας
2905 2346 3041 2421 ἔτος,
3097 2352 3285 2428 ἆτερος
3346 2351 3403 2409 δὲ
3454 2356 3482 2409 ὁ
3540 2362 3946 2419 Κωνσταντῖνος

2294 2438 2539 2511 πέμπτον
2576 2441 2710 2513 (21).
2758 2439 2933 2503 Εὐθὺς
2980 2439 3073 2495 οὗν
3123 2440 3403 2498 Βασίλειον
3452 2444 3541 2499 τὸν
3587 2446 3951 2519 παρακοιμώ-

2298 2548 2477 2601 μενον,
2528 2528 2585 2582 ὃν
2626 2528 2937 2602 Νικηφόρος
2989 2530 3016 2584 ὁ
3087 2529 3341 2606 βασιλεὺς
3401 2533 3464 2587 οὐ
3517 2535 3685 2609 μικρὰ
3734 2530 3950 2607 συμϐα-

2294 2614 2526 2689 λόμενον
2586 2616 2733 2690 αὖτῷ
2790 2618 2926 2692 πρὸς
2983 2620 3081 2689 τὴν
3130 2626 3232 2689 τῆς
3285 2620 3565 2697 βασιλείας
3620 2624 3951 2700 κατάσχεσιν

2292 2702 2556 2779 πρόεδρον
2610 2708 2722 2779 (22)
2772 2706 3051 2781 τετίμηκε,
3099 2710 3176 2782 μή
3228 2730 3315 2764 πω
3346 2709 3607 2788 πρότερον
3660 2708 3813 2775 ὄντος
3846 2718 3948 2769 τοῦ

2291 2790 2624 2868 ἀξιώματος,
2704 2796 2927 2865 πρώτου
3014 2793 3061 2851 δ’
3116 2797 3247 2853 αὐτὸ
3322 2803 3483 2855 τοῦτο
3554 2800 3942 2879 ἔφευρηκότος,

2292 2883 2484 2967 νυκτὸς
2537 2886 3027 2959 μεταπεμψάμενος
3073 2889 3331 2943 κοινωνὸν
3388 2896 3491 2960 τῆς
3538 2889 3715 2967 ἀρχῆς
3762 2912 3943 2967 προσ-

2291 2966 2542 3042 ελάϐετο,
2577 2974 2667 3027 ἅτε
2698 2973 2747 3027 έν
2782 2974 3017 3038 πολΑοῖς
3050 2976 3274 3052 χρόνοις
3319 2976 3387 3033 τά
3426 2999 3485 3034 τε
3514 2966 3773 3035 πολιτικᾶ
3801 3002 3943 3054 μετ-

2292 3058 2517 3116 ελθόντα
2562 3061 2649 3117 έπὶ
2694 3067 2792 3118 τοῦ
2843 3063 3046 3119 οἷ’κείου
3098 3067 3303 3139 πατρὸς
3352 3071 3440 3139 [Ρ.
3478 3071 3607 3143 664]
3649 3070 3943 3143 Ῥωμανοῦ

2288 3154 2385 3205 τοῦ
2430 3150 2682 3228 γέροντος
2724 3174 2813 3208 και
2878 3154 3282 3211 Κωνσταντίνου
3333 3160 3430 3212 τοῦ
3482 3162 3942 3236 Ποριρυρογεννῆ-

2288 3259 2384 3294 του
2415 3244 2511 3295 τοῦ
2560 3237 2815 3317 γαμϐροῦ
2871 3241 3057 3313 αὑτοῦ,
3106 3244 3195 3300 καὶ
3255 3243 3571 3309 πλειστάκις
3634 3248 3770 3302 κατὰ
3826 3253 3943 3303 τῶν

526 3352 663 3392 nem
696 3336 1098 3408 curopalatam
1130 3334 1191 3390 in
1222 3334 1496 3403 Lesbum,
1520 3335 1911 3407 Nicephorum
1944 3336 2176 3393 Bestam

2293 3328 2600 3404 Ἀγαρηνῶν
2661 3329 3111 3406 έκστρατεύσαντα
3149 3379 3163 3403 ,
3222 3335 3311 3388 καὶ
3366 3331 3705 3411 δυσχερείαις
3760 3356 3947 3413 πραγ-

520 3426 650 3498 ejus
683 3423 875 3481 ﬁlium
900 3423 1441 3480 Imbrum.Bardam
1461 3423 1629 3479 Ducm
1654 3422 2179 3502 liliumjuniorem,

523 3514 629 3586 qui
654 3518 780 3570 tum
830 3511 1085 3570 Chaldiaa
1107 3515 1163 3568 et
1182 3511 1431 3569 Coloniae
1454 3516 1721 3585 praeerat,
1752 3512 2030 3585 abrogato
2062 3530 2183 3569 ma-

526 3604 782 3677 gistratu
806 3602 1104 3659 Amasiam
1136 3601 1373 3673 relegat,
1406 3601 1677 3675 aliosque
1707 3601 1793 3658 vel
1846 3601 2044 3659 civiles
2090 3601 2178 3658 vel

516 3692 760 3749 bellicos
790 3691 1175 3765 magistratus
1205 3694 1474 3763 gerentes
1512 3690 1568 3746 in
1623 3690 1887 3747 ordinem
1943 3691 2176 3764 redigit,

518 3781 579 3838 in
627 3797 950 3855 eorumque
1002 3779 1129 3836 loca
1179 3778 1491 3835 substituit
1539 3778 1860 3837 familiares
1907 3796 2069 3851 suos,
2121 3784 2180 3836 et

515 3888 666 3946 quos
717 3888 863 3929 novo
915 3869 1255 3942 imperatori
1286 3869 1435 3925 fidos
1464 3874 1683 3926 nosset.
1716 3870 1964 3926 Reditus
1996 3869 2174 3925 etiam

513 3964 789 4018 decretus
854 3960 929 4016 iis
994 3975 1140 4030 quos
1217 3957 1587 4030 Nicephorus
1672 3958 1864 4014 solum
1947 3962 2175 4015 vertere

508 4052 797 4123 jusserat,
847 4047 1225 4121 pontiﬁcibus
1285 4046 1576 4119 praecipue
1634 4046 1973 4118 primariis;
2035 4046 2169 4119 qui-

513 4139 628 4194 bus
698 4137 1067 4194 ostendimus
1121 4134 1178 4190 id
1234 4135 1389 4190 380
1453 4135 1736 4203 evenisse,
1806 4136 1961 4207 quod
2029 4152 2168 4191 con-

511 4226 809 4284 stitutioni
840 4226 911 4283 ab
942 4242 1009 4282 eo
1031 4224 1350 4298 spolianda:
1375 4240 1441 4279 ac
1463 4224 1819 4280 contumelia
1849 4224 2169 4280 efficienda:

507 4316 778 4373 Ecclesiae
808 4332 987 4372 causa
1018 4316 1179 4371 factm
1212 4312 1543 4369 noluissent
1571 4314 1963 4369 subscribere.

2294 3418 2477 3489 μάτων
2512 3415 2691 3473 εἰδότα
2740 3419 2952 3495 εὐφυῶς
2994 3422 3485 3497 προσαρμόζεσθαι.
3520 3424 3609 3485 Ὁς
3656 3424 3808 3486 εὐθὺς
3838 3426 3945 3493 τήν

2291 3505 2586 3581 ἐπιτροπὴν
2646 3508 2889 3586 εἰληφὼς
2960 3514 3069 3565 τῶν
3144 3510 3476 3588 πραγμάτων
3550 3512 3753 3575 πάντας
3806 3513 3945 3576 τοὺς

2289 3592 2497 3651 εὔνοιαν
2554 3602 2631 3669 τῷ
2688 3598 2985 3677 Νικηφόρῳ
3048 3597 3416 3677 φυλάττοντας
3493 3600 3551 3656 ἐκ
3619 3603 3782 3675 μέσου
3843 3624 3947 3658 περ

2286 3685 2505 3755 ποίηκε,
2565 3685 2767 3741 Λέοντα
2841 3687 2935 3760 μὶν
3002 3688 3096 3743 τὸν
3154 3686 3577 3765 κουροπαλάτην
3635 3688 3687 3745 έν
3742 3686 3946 3764 Λέσϐῳ

2284 3774 2594 3851 περιορίσας
2649 3774 2737 3830 καὶ
2787 3772 3102 3854 Νικηφόρον
3163 3779 3369 3850 Βέστην
3424 3778 3515 3833 τὸν
3565 3780 3760 3834 τούτου
3814 3782 3940 3835 υἱὸν

2284 3861 2335 3918 ἐν
2384 3868 2453 3932 τῇ
2508 3859 2742 3940 Ἴμϐρῳ,
2797 3863 3002 3941 Βάρδαν
3058 3864 3115 3922 δὲ
3160 3868 3254 3922 τὸν
3299 3869 3559 3943 νεώτερον
3604 3866 3770 3924 δοῦκα
3806 3869 3940 3925 τότε

2282 3950 2527 4015 Χαλδίας
2578 3953 2668 4008 καὶ
2712 3952 3029 4019 Κολωνείας
3076 3958 3415 4033 τυγχάνοντα
3459 3958 3560 4027 τὴν
3606 3958 3782 4034 ἀρχὴν
3830 3959 3939 4037 ἄφ-

2283 4040 2546 4117 ελόμενος
2598 4042 2650 4099 έν
2702 4044 2969 4117 Ἀμασείᾳ
3016 4045 3357 4123 παρέπεμψε.
3414 4045 3511 4101 Καὶ
3550 4045 3678 4112 τοὺς
3724 4044 3943 4109 ἄλλους

2281 4130 2338 4188 δὶ
2392 4134 2509 4188 ὅσοι
2571 4132 2860 4198 πολιτικὰς
2909 4135 2945 4205 ἢ
2996 4136 3386 4213 στρατιωτικὰς
3442 4135 3704 4211 μετῂεσαν
3756 4138 3941 4214 ἀρχὰς

2276 4228 2385 4278 τῶν
2436 4223 2622 4298 ἀρχῶν
2676 4223 3012 4299 παραλύσας,
3060 4225 3190 4289 τοὺς
3242 4226 3477 4289 οἰκείους
3525 4226 3786 4297 ἐπέστησε
3845 4229 3939 4282 καὶ

2274 4316 2355 4384 τῷ
2402 4312 2505 4385 νέῳ
2558 4312 2776 4389 βασιλεῖ
2822 4315 3191 4389 φυλάττοντας
3239 4313 3471 4373 εὔνοιαν.
3521 4321 3649 4377 Τοῖς
3694 4316 3820 4371 τότε
3882 4315 3943 4372 δὲ

507 4404 656 4480 παρὰ
679 4409 777 4460 τοῦ
807 4403 1124 4478 Νικηφόρου
1155 4396 1529 4479 φυγαδευθεῖσι
1557 4398 1787 4455 κάθοδον
1822 4399 2121 4474 ἐπιτρέπει,
2148 4401 2237 4455 καὶ
2291 4399 2396 4475 πρό
2445 4420 2507 4475 γε
2549 4404 2657 4455 τῶν
2704 4400 2890 4456 ἄλλων
2941 4408 3059 4465 τοῖς
3104 4402 3439 4479 ἀρχιερεῦσι,
3488 4408 3567 4477 τῷ
3617 4406 3693 4477 μή
3742 4403 3927 4460 Θέλειν

511 4494 824 4570 ὑπογράψαι
857 4497 933 4564 τῷ
960 4492 1119 4565 τόμῳ
1149 4490 1208 4545 ὃν
1240 4488 1316 4551 εἰς
1340 4490 1654 4564 κατατομήν
1689 4488 1778 4546 καί
1808 4486 1963 4565 ὕϐριν
1992 4491 2181 4569 ἐφεῦρε
2208 4497 2309 4560 τῆς
2351 4487 2681 4561 Ἐκκλησίας
2728 4489 2927 4553 ἐκεῖνος
2977 4490 3343 4567 έξορισθεῖσιν,
3394 4494 3469 4555 ὡς
3516 4491 3624 4565 ἤδη
3668 4496 3878 4569 φθάσας
3906 4497 3934 4550 ὁ

507 4578 671 4660 λόγος
697 4582 1001 4658 ἱστόρησεν.

581 4675 778 4732 Rebus
844 4673 953 4730 hoc
1020 4677 1193 4729 modo
1256 4670 1620 4743 constitutis,
1683 4687 1751 4727 ea
1809 4670 1939 4742 ipsa
1995 4674 2165 4727 nocte

2347 4666 2505 4727 Οὕτω
2574 4665 2633 4723 δὶ
2708 4673 2816 4723 τῶν
2865 4670 3197 4745 πραγμάτων
3246 4668 3744 4743 οἶκονομηθέντων,
3794 4672 3937 4728 κατᾶ

1699 4802 2079 4859 XYLANDRI
2116 4804 2205 4859 ET
2244 4802 2462 4860 GOARI
2499 4802 2732 4860 NOTAE.

552 4925 692 5008 .(21)
723 4924 786 5008 id
818 4920 1377 5008 verum_esse_null_o
1411 4920 1584 5008 ωρᾱο
1618 4922 1993 5008 ροίοξικουπι
2026 4935 2153 5008 om”-
2186 4927 2234 4991 [)

2333 4919 2447 4992 (22)
2480 4919 2619 4990 Ejus
2649 4935 2871 4992 munus
2906 4918 3015 4974 fuit
3044 4918 3103 4992 in
3135 4920 3291 4992 cives
3338 4922 3397 4992 et
3444 4935 3564 4975 rem
3620 4919 3932 4992 publicam
3990 4952 3991 4981 ξ

510 4990 649 5052 nino
674 4990 925 5067 uterque
956 5000 1130 5050 natus
1152 4993 1237 5067 sit
1266 4999 1428 5067 patre
1458 4993 1720 5067 Romano
1748 4991 1803 5054 3,
1836 4996 2153 5067 antequam
2264 4990 2535 5061 praefecto
2582 4991 2744 5067 urbis
2792 5007 2907 5067 non
2934 4990 3229 5067 ‘absimile
3275 5008 3297 5067 εΔ
3336 4990 3387 5047 is
3435 4992 3594 5067 enim
3622 4990 3703 5067 'in
3738 4993 3927 5067 leaico

510 5074 698 5124 mater
726 5062 1082 5139 Théophano
1107 5062 1304 5139 Phoce:
1324 5064 1651 5139 Nicephoro
1682 5062 2025 5139 imperatori
2054 5079 2155 5116 nu-

510 5081 698 5124 mater
726 5081 1082 5139 ΤΠΘΟΡΒΒΠΟ
1107 5081 1304 5121 ΡΠΟΟὲΒ
1329 5081 1651 5189 ΝΙΟΘΕΠΟΓΟ
1682 5081 2025 5132 ιωροτοιοιιι
2054 5081 2155 5116 ηυ-

508 5141 692 5196 heret.
725 5140 805 5196 Ex
834 5140 905 5195 iis
937 5155 1063 5211 quae
1096 5135 1434 5211 Panvinius,
1510 5151 1642 5211 omo
1690 5133 1861 5211 longe
1903 5133 2160 5211 diligen-

506 5212 780 5268 tissimus
810 5217 868 5286 _e_t
898 5203 1315 5286 peritissimus,
1349 5205 1671 5286 adnotavit,
1706 5203 2159 5286 deprehendere

506 5288 672 5367 Ρφιθξδ
695 5276 974 5338 Basiliam
1001 5276 1641 5367 ἑάνοοοειιοξίξιθφὲἕ
1659 5276 2158 5367 ΕῘῩῩΪΈῨῩΕῘΨΡΞῙΞ

502 5350 618 5410 isto
648 5360 910 5425 tempore
939 5354 1275 5425 egisse,quo
1307 5350 1631 5425 adimperii
1656 5350 1996 5425 societatem
2019 5352 2161 5425 sunt

506 5442 540 5479 a
570 5419 825 5480 Zimisca
854 5419 1041 5490 asciti,
1095 5419 1292 5493 aqua
1338 5420 1584 5493 vitricus
1632 5435 1732 5473 eos
1784 5419 1873 5474 vel
1922 5423 2161 5493 propter

508 5501 739 5551 aatatem
763 5492 1141 5562 arcuerat,vel
1173 5490 1381 5547 saltem
1405 5490 1551 5545 nihil
1580 5494 1788 5562 praeter
1807 5506 2019 5545 nomen
2052 5490 2155 5545 ha-

508 5568 778 5623 buerant.
804 5572 951 5622 Nam
974 5567 1032 5621 in
1065 5566 1182 5619 fine
1206 5562 1403 5618 Basilii
1429 5563 1679 5617 Zonaras
1704 5562 1786 5616 ait
1813 5562 1985 5617 etiam
2019 5578 2154 5617 cum

506 5638 701 5696 Phoca
730 5656 829 5697 eos
858 5639 1201 5709 imperasse.
1253 5633 1529 5709 P_anvinio
1576 5633 1973 5709 astipulantur
2026 5650 2154 5703 quas

491 5711 674 5769 initio
697 5710 906 5768 horum
928 5704 1159 5782 imperii
1182 5705 1366 5782 multo
1383 5722 1562 5782 quam
1576 5705 1697 5782 haec
1714 5704 1939 5782 aptiora
1955 5704 2158 5782 legun-

494 5720 674 5769 iuitio
697 5720 906 5768 horum
928 5720 1159 5782 imperii
1182 5720 1366 5762 multo
1388 5722 1562 5777 quam
1576 5720 1697 5760 haec
1714 5720 2149 5831 apuora1eg£uu-

494 5788 606 5842 tur
635 5784 788 5858 apud
808 5782 1085 5838 Nostrum
1110 5784 1168 5837 et
1193 5777 1503 5836 Zonarium
1532 5777 1746 5833 habeat
1774 5780 2014 5833 tentem.
2065 5793 2149 5833 τι.

2273 5059 2566 5148 ἁορογξηο
2616 5061 2757 5147 bibl.
2784 5062 2997 5148 ‘Regice
3028 5062 3247 5148 dicitur
3277 5060 3304 5115 ὁ
3333 5067 3435 5148 τεῆς
3467 5059 3749 5147 πολιτείας
3776 5062 3925 5148 dpl-

2272 5130 2681 5207 ηγὸςίήγεμὼν
2713 5132 2800 5207 καὶ
2837 5130 3074 5207 πρῶτος.
3106 5134 3241 5207 Nisi
3262 5132 3541 5207 malueris
3572 5152 3607 5190 a
3652 5130 3927 5192 consiliis

2314 5204 2637 5275 raecipuum
2686 5204 3007 5275 afﬁrmare,
3053 5221 3186 5260 cum
3215 5206 3636 5261 Constantinus
3666 5210 3922 5263 Romani

2313 5275 2428 5348 lius
2451 5277 2653 5331 statim
2681 5276 2793 5330 sub
2818 5276 3023 5347 primis
3045 5277 3273 5348 imperii
3296 5278 3577 5348 auspiciis
3598 5281 3718 5333 tres
3738 5278 3927 5335 simul

2266 5343 2569 5420 προέδρους
2591 5343 2893 5420 creaverit,
2916 5343 3253 5404 scholarum
3279 5343 3689 5415 domesticum,
3718 5355 3921 5420 proto-

2265 5418 2611 5491 vestiarium
2643 5424 2699 5474 et
2728 5419 3142 5491 drungarium,
3175 5435 3323 5491 quos
3356 5418 3924 5491 nonofﬁciis'adau-

2266 5491 2557 5567 gere,gsed
2589 5490 2649 5567 in_
2683 5490 3067 5567 negotiorum
3092 5490 3671 5567 administrationem
3715 5495 3919 5567 magis

2265 5564 2547 5635 secretam
2581 5562 2861 5635 advocare
2911 5563 3118 5635 potuit,
3168 5567 3227 5619 et
3260 5563 3389 5633 jam
3429 5564 3730 5635 communi
3762 5562 3919 5622 facta

2264 5632 2548 5709 dignitate
2578 5631 2935 5709 praecipuum
2967 5635 3153 5709 exﬂeis
3192 5631 3676 5709 πρωτοπρὸεδρον,
3710 5640 3779 5694 ut
3805 5636 3915 5697 ha-

2264 5704 2363 5761 bet
2392 5704 2768 5778 Curopalates
2793 5709 2853 5761 et
2878 5706 2904 5762 Ι
2915 5722 2982 5764 us
3012 5705 3109 5765 Gr.
3143 5704 3524 5765 constituere.
3557 5704 3743 5766 Gom.

3988 5034 3989 5075 ι

3980 5202 3985 5267 γ

3980 5286 3983 5361 ί

3974 5700 3975 5743 l

3972 5784 3973 5837 ί

3970 5878 3971 5933 l

3968 5954 3969 6027 ί
