4036 6330
158 357 282 419 H3

1308 357 1856 422 HISTORIARUM
1901 359 2455 426 COMPENDIUM.

3471 362 3592 426 ιιι

149 489 259 558 τὴν
315 487 491 558 αὐτὴν
548 486 717 544 νύκτα
771 485 948 560 πάσης
999 485 1233 563 ὑποψίας
1291 487 1586 552 ἀπολυθεὶς
1641 487 1800 546 ἅπεισ

1937 493 2100 551 omni
2130 494 2418 554 liberatus
2449 495 2786 570 suspicione
2811 494 3124 568 Tzimisca,
3151 494 3338 570 'paulo
3368 499 3502 570 post
3530 497 3592 553 in

158 580 278 649 μετ’
307 576 517 654 ὀλίγων
545 577 574 632 6
608 575 868 653 βασιλεὺς
896 576 976 640 εἲς
1004 579 1104 648 τὴν
1158 576 1415 653 Μεγάλην
1467 577 1819 652 Ἐκκλησίαν,

151 667 317 743 χερσὶ
349 671 453 722 τοῦ
483 664 829 743 πατριάρχου
861 662 1051 723 λαϐεῖν
1087 665 1430 741 βουλόμενος
1458 669 1521 723 τὸ
1553 665 1818 743 διάδημα.

150 758 257 814 "Ov
312 755 550 820 ἐλθό·.τα
599 754 861 811 εἰσελθεῖν
906 756 1010 811 οὐκ
1054 753 1226 813 εἷάσεν
1268 758 1297 811 6
1325 754 1688 826 Πολύευκτος,
1743 759 1819 831 μὴ

153 846 308 917 ἀξιον
374 847 508 900 εἶναι
566 846 777 923 φήσσας
834 840 1087 914 ἐπιϐῆναι
1121 845 1268 901 θείου
1317 850 1448 901 ναοῦ
1503 851 1680 919 νεαρῷ
1729 847 1820 902 καὶ

153 935 449 1007 άτμίζοντι
502 933 579 990 ἔτι
629 938 712 1006 τῷ
758 939 1058 1010 συγγενικῷ
1105 931 1298 1008 αἵματι
1339 938 1671 1008 σταζομένας
1724 937 1818 1000 τὰς

152 1030 361 1100 χεῖρας
407 1019 627 1099 ἔχοντα,
679 1021 825 1078 ἀλλὰ
874 1027 1097 1078 σπεῦσαι
1145 1019 1278 1099 ἔργα
1324 1023 1609 1097 μετανοίας
1647 1022 1818 1080 ἐνδεί-

151 1115 377 1185 ξασθαι,
414 1112 507 1167 καὶ
537 1112 710 1174 οὕτως
740 1111 975 1190 ἐφίεσθαι
1023 1117 1210 1167 πατεῖν
1257 1109 1454 1190 ἔδαφος
1502 1113 1662 1168 οἴκου
1711 1116 1817 1170 Κυ-

155 1202 303 1276 ρίου.
355 1204 470 1259 Τοῦ
518 1197 576 1256 δὲ
630 1199 884 1258 Ἰωάννου
941 1201 1124 1271 ⁴Ιγιτίως
1179 1199 1468 1274 δεξαμένου
1510 1204 1610 1272 τήν
1654 1200 1819 1257 ἐπιτί-

156 1313 331 1363 μησιν
388 1291 479 1346 καὶ
531 1290 706 1346 πάντα
775 1290 971 1366 πρᾶξαι
1036 1291 1152 1363 μετ’
1210 1290 1506 1354 εὐπειθείας
1563 1291 1819 1369 ἐπαγγει-

152 1380 449 1455 λαμένου,
495 1377 972 1455 ἀπολογισαμένου
1026 1377 1074 1435 δ’
1130 1378 1214 1434 ὅτι
1259 1379 1348 1435 καὶ
1401 1379 1660 1457 αὒτόχειρ
1715 1381 1818 1438 οὐκ

149 1469 317 1531 αὐτὸς
349 1468 557 1545 ἐγένετο
587 1473 684 1524 τοῦ
713 1467 1059 1546 Νικηφόρου,
1097 1464 1227 1522 ἀλλ’
1277 1469 1304 1524 6
1335 1467 1636 1532 Βαλάντιος
1663 1471 1754 1525 καὶ
1786 1473 1814 1526 6

148 1554 674 1632 Ἀτζυποθεόδωρος
731 1556 1003 1632 ἐπιτροπῇ
1054 1563 1153 1627 τῆς
1209 1554 1499 1629 δεσποίνης
1530 1604 1545 1628 ,
1610 1559 1812 1631 ταύτην

152 1649 254 1721 μὲν
314 1649 347 1702 6
392 1644 743 1724 πατριάρχης
790 1647 1117 1722 προσέταττε
1166 1649 1274 1701 τῶν
1322 1646 1630 1722 ἀνακτόρων
1683 1670 1814 1705 κατ-

151 1738 450 1813 ενεχθῆναι
497 1735 588 1791 καὶ
631 1731 686 1790 ’ἐν
718 1756 828 1790 τινι
877 1736 1028 1808 νήσῳ
1075 1737 1508 1812 περιορισθῆναι,
1564 1736 1813 1814 ἐξοστρα-

148 1827 408 1894 πεισθῆναι
486 1821 543 1879 δὲ
612 1823 703 1879 καὶ
761 1823 891 1888 τοὺς
944 1827 1046 1879 τοῦ
1096 1823 1414 1903 Νικηφόρου
1464 1824 1809 1902 αὐτόχειρας,

150 1913 519 1991 διαρραγῆναι
551 1910 607 1968 δὶ
644 1913 737 1967 καὶ
791 1912 882 1967 τὸν
939 1923 1108 1986 τόμον
1144 1913 1257 1988 (23)
1315 1911 1372 1968 ὅν
1432 1911 1518 1968 ἰπὶ
1550 1915 1810 1991 συγχύσει

147 2010 260 2061 τῶν
320 2004 789 2074 ἐκκλησιαστικῶν
863 1999 1196 2080 πραγμάτων
1275 2003 1304 2058 6
1361 2002 1676 2081 Νικηφόρος
1735 2003 1811 2076 ἐξ-

139 2097 321 2151 ἑθετο.
379 2093 601 2158 Εὖθιως
657 2092 751 2148 οὖν
785 2093 814 2147 6
845 2090 1101 2163 Ἰωάννης
1141 2089 1376 2154 ἐκείνους
1407 2113 1466 2147 τε
1496 2091 1658 2163 ὲξῶσε
1703 2097 1805 2158 τῆς

136 2183 366 2246 πόλεως
413 2182 504 2238 καὶ
551 2183 650 2251 τὴν
704 2181 959 2260 Θεοφανὼ
1009 2179 1061 2235 ἐν
1105 2183 1496 2257 Προικοννήσῳ
1527 2181 1800 2258 ἰξώρισεν.

136 2277 298 2337 Ἥτις
330 2274 532 2328 ικεῖθεν
566 2271 786 2348 ὕστερον
823 2269 996 2348 λάθρα
1026 2273 1272 2348 φυγοῦσα
1318 2269 1407 2325 καὶ
1454 2270 1526 2345 τῇ
1576 2271 1802 2347 Μεγάλῃ

135 2365 537 2438 προσφυγοῦσα
582 2357 887 2432 Ἐκκλησία
916 2402 933 2432 ,
993 2356 1084 2414 διὰ
1150 2363 1248 2414 τοῦ
1299 2361 1800 2434 παρακοιμωμὲνου

133 2450 436 2510 Βασιλείου
468 2445 800 2519 ἐκϐληθεῖσα
865 2446 917 2503 ὲν
973 2453 1056 2522 τῷ
1113 2446 1306 2522 θίματι
1346 2453 1452 2503 τῶν
1513 2450 1800 2526 Ἀρμενια-

132 2542 244 2595 κῶν
287 2539 558 2616 ἐξωρίσθη
610 2537 686 2600 εἷς
717 2539 816 2608 τὴν
864 2537 1011 2615 παρᾶ
1064 2542 1162 2593 τοῦ
1223 2537 1493 2614 βασιλέως
1531 2559 1797 2616 νεουργηο

133 2635 315 2694 θεῖσαν
378 2629 554 2703 μονὴν
639 2629 738 2696 τὴν
789 2624 1029 2701 Δάμιδος
1061 2669 1077 2695 ,
1146 2622 1468 2703 ἐνυϐρίσασα
1525 2628 1794 2704 πρότερον

133 2718 209 2781 εἰς
262 2719 358 2774 τὸν
419 2715 647 2793 βασιλέα
677 2714 863 2773 πολλὰ
891 2716 982 2771 καὶ
1014 2714 1090 2778 εἷς
1123 2717 1216 2772 τὸν
1243 2715 1542 2786 Βασίλειον,
1578 2716 1792 2789 Σκύθην

134 2809 220 2863 ui
277 2801 557 2885 βάρϐαρον
621 2801 1004 2861 ἀποκαλέσασα
1049 2804 1140 2860 καὶ
1196 2805 1333 2861 κατᾶ
1386 2805 1592 2883 κόῤῥης
1645 2807 1792 2882 αὐτῷ

135 2895 439 2960 κονδύλονς
490 2894 838 2973 ἐπιτρίψασα.
889 2895 1187 2972 Ἐξωρίσθη
1222 2893 1279 2951 δὲ
1311 2896 1403 2951 σὺν
1438 2896 1574 2972 αὖτῇ
1613 2897 1704 2952 καὶ
1754 2901 1788 2969 ἡ

1932 583 2212 657 Magnum
2243 585 2554 658 Templum
2587 602 2651 642 se
2682 587 2926 653 confert,
2941 591 3008 641 ut
3037 602 3214 642 manu
3247 586 3589 658 patriarchas

1933 673 2204 730 diadema
2235 675 2348 730 sibi
2377 675 2741 748 imponatur.
2790 675 3010 732 Verum
3060 691 3195 732 eum
3242 675 3585 748 Polyeuctus

1932 779 2049 819 non
2080 765 2361 835 admittit,
2410 782 2527 821 non
2562 763 2740 821 licere
2788 765 3068 837 inquiens
3115 764 3336 838 templo
3383 765 3587 823 subire

1931 869 2067 909 eum
2099 855 2271 926 cujus
2320 870 2534 910 manus
2585 855 2778 912 adhuc
2828 856 3046 910 recenti
3095 857 3325 928 cognati
3377 871 3583 912 cruore

1930 941 2222 999 stillarent
2252 948 2427 1016 atque
2459 944 2756 1000 fumarent
2784 965 2799 1014 ;
2832 960 3066 1017 operam
3097 945 3264 1000 daret
3290 944 3374 1000 uti
3399 945 3581 1017 paeni-

1929 1031 2124 1088 tentize
2155 1033 2349 1089 officia
2378 1037 2683 1106 praestaret
2709 1051 2722 1089 :
2747 1033 2829 1089 ita
2858 1034 3095 1090 demum
3128 1034 3485 1106 permissum
3510 1034 3583 1092 iri

1932 1125 1995 1176 ut
2023 1120 2214 1177 solum
2267 1122 2479 1177 domus
2531 1122 2627 1178 Dei
2675 1121 2872 1178 calcet.
2928 1123 3066 1178 Eam
3114 1123 3582 1194 objurgationem

1928 1209 2157 1282 placide
2181 1211 2291 1266 fert
2309 1211 2968 1283 Tzimisca,promittens
2997 1228 3060 1267 se
3088 1211 3286 1268 omnia
3301 1212 3582 1268 obedien-

1926 1302 2018 1354 ter
2048 1299 2361 1371 facturum,
2399 1316 2461 1356 se
2483 1317 2718 1373 quoque
2737 1316 2998 1373 purgans
3033 1305 3096 1355 ut
3128 1301 3224 1372 qui
3250 1317 3462 1356 manus
3481 1300 3582 1355 Ni-

1926 1387 2177 1460 cephoro
2227 1405 2344 1443 non
2387 1388 2711 1461 intulisset,
2761 1390 2833 1444 ab
2881 1388 3186 1445 Abalantio
3234 1393 3292 1445 et
3333 1391 3578 1461 Atzypo-

1924 1475 2204 1532 theodoro
2229 1477 2404 1548 jussu
2436 1479 2712 1550 Augusta:
2742 1478 3054 1534 trucidato.
3096 1477 3439 1533 Patriarcha
3466 1478 3578 1551 igi-

1924 1567 2024 1620 tur
2047 1563 2198 1620 hanc
2229 1564 2447 1644 palatio
2478 1565 2624 1638 exigi
2647 1567 2818 1639 jubet
2848 1571 2906 1624 et
2935 1567 2995 1623 in
3027 1566 3287 1640 aliquam
3317 1567 3576 1624 insulam

1924 1653 2258 1725 deportari;
2309 1655 2554 1727 relegari
2602 1655 2777 1711 etiam
2827 1655 3135 1727 Nicephori
3181 1673 3579 1728 percussores,

1924 1745 1981 1796 et
2012 1741 2313 1798 conscindi
2343 1743 2604 1799 libellum
2635 1744 2808 1800 edicti
2840 1745 2996 1818 quod
3029 1745 3100 1800 ad
3133 1746 3580 1802 confundendas

1923 1846 2016 1888 res
2045 1831 2495 1906 ecclesiasticas,
2529 1833 2893 1906 Nicephorus
2925 1834 3202 1892 ediderat.
3228 1836 3442 1892 Statim
3474 1835 3579 1908 igi-

1920 1925 2018 1976 tur
2069 1921 2357 1978 Tzimisca
2410 1939 2784 1995 percussores
2836 1923 2980 1980 istos
3026 1927 3282 1980 extorres
3328 1924 3466 1993 agit,
3517 1928 3577 1981 et

1917 2011 2410 2083 Theophanonem
2479 2013 2538 2067 in
2606 2014 3036 2070 Proconnesum
3104 2013 3344 2086 relegat.
3405 2014 3572 2071 Unde

1917 2103 2119 2170 postea
2148 2097 2373 2156 occulte
2404 2117 2536 2156 cum
2569 2102 2926 2175 profugisset
2955 2103 3016 2157 in
3067 2102 3342 2174 Magnum
3391 2105 3565 2158 Tem-

1912 2187 2100 2259 plum,
2133 2191 2438 2246 exturbata
2469 2207 2537 2246 eo
2571 2208 2603 2247 a
2623 2190 2839 2248 Basilio
2864 2190 3224 2248 cubiculario
3254 2190 3312 2245 in
3336 2191 3568 2263 provin-

1911 2278 2057 2332 ciam
2091 2279 2462 2335 Armenicam
2495 2287 2581 2335 est
2612 2280 2758 2336 381
2817 2282 3142 2352 deportata,
3195 2280 3254 2334 in
3302 2280 3563 2337 Damidis

1910 2369 2334 2423 monasterium
2366 2383 2572 2424 recens
2603 2369 2673 2424 ab
2705 2368 3055 2440 imperatore
3087 2368 3565 2439 conditum,cum

1908 2455 2076 2528 prius
2106 2455 2165 2512 in
2198 2455 2616 2529 imperatorem
2649 2457 2836 2512 multa
2857 2457 3099 2529 jecisset
3141 2457 3394 2513 convitia
3420 2462 3477 2514 et
3505 2458 3564 2513 in

1908 2545 2214 2615 Basiliam,
2247 2546 2340 2601 cui
2359 2546 2582 2616 Scythae
2610 2551 2668 2601 et
2690 2547 2925 2602 barbari
2957 2546 3195 2602 nomine
3216 2548 3566 2619 compellato

1906 2635 2080 2690 etiam
2118 2651 2344 2707 pugnos
2377 2635 2727 2707 ingesserat.
2760 2635 2943 2692 Mater
2963 2652 3198 2707 quoque
3245 2635 3562 2708 Theopha-

1905 2725 2080 2779 nonis
2109 2724 2167 2779 in
2200 2725 2562 2780 Mantineam
2595 2724 2784 2780 exsilii
2808 2741 2986 2780 causa
3013 2724 3195 2781 missa
3223 2742 3237 2793 ;
3269 2724 3562 2798 edictique

1903 2811 2138 2869 libellus
2168 2812 2432 2884 prolatus
2456 2818 2514 2868 et
2542 2813 2874 2886 discerptus
2905 2816 3014 2884 est,
3054 2812 3420 2885 pristinaque
3449 2814 3556 2870 Ec-

1901 2901 2090 2958 clesiae
2122 2901 2363 2958 libertas
2393 2903 2642 2959 reddita.

140 2989 342 3060 cal-51:13:
404 2988 592 3062 μήτηρ
645 2986 697 3042 ἐν
736 2987 1065 3060 Μαντινείῳ.
1121 2986 1398 3062 Ἐνεχθεὶς
1460 2985 1518 3063 δι
1561 2988 1588 3042 6
1639 2987 1811 3062 τόμος
1859 2987 2086 3068 ἐρῥάγη,
2142 2989 2233 3045 καὶ
2271 2993 2340 3057 τῆ
2398 2989 2701 3064 Ἐκκλησία
2730 2990 2994 3068 ἐχαρίσθη
3027 2992 3063 3062 ἡ
3112 2991 3351 3069 προτέρα
3393 2990 3548 3049 ἆλευ·

139 3090 226 3153 θερ
236 3077 312 3134 ία.

201 3168 290 3241 [Ρ.
344 3167 480 3237 565]
538 3167 744 3220 τοῦτων
799 3164 892 3220 οῦν
949 3163 1329 3242 πραχθέντων⁹
1394 3163 1783 3240 ὑποσχομένου

1969 3169 2072 3224 His
2103 3168 2621 3242 actis,Polyeuctus
2644 3171 2863 3242 peccati
2884 3170 3157 3242 expiandi
3175 3170 3366 3244 gratia
3385 3171 3558 3244 polli-

137 3253 192 3310 εὶ
244 3259 343 3310 τοῦ
400 3253 658 3311 Ἰωάννου
708 3252 796 3308 καὶ
856 3252 933 3316 εἷς
1005 3251 1270 3327 ἐξίλασμα
1326 3259 1427 3323 τῆς
1483 3251 1792 3330 άμαρτάδος

135 3347 321 3415 πένησι
387 3341 668 3416 διανεῖμαι
723 3344 784 3413 ἣν
845 3339 1141 3398 ἰδιωτεύων
1199 3344 1316 3419 εἶχε
1371 3343 1706 3418 περιουσίαν,
1766 3345 1794 3400 6

134 3433 487 3494 Πολῦευκτος
547 3431 820 3506 ἐπιτρέπει
879 3433 981 3500 τὴν
1037 3428 1284 3499 εἴσοδον,
1353 3431 1444 3487 καὶ
1500 3432 1638 3487 κατὰ
1691 3433 1791 3500 τήν

134 3522 321 3594 ἑορτήν
351 3527 460 3590 τῆς
489 3525 734 3594 Χριστοῦ
783 3523 879 3575 τοῦ
911 3523 1046 3575 Θεοῦ
1088 3521 1249 3593 ἡμῶν
1283 3522 1585 3592 Γεννήσεως
1615 3518 1794 3575 εἰσελε-

141 3611 294 3674 θόντα
351 3613 552 3665 τοῦτον
600 3613 681 3681 τῷ
736 3615 836 3678 τῆς
895 3608 1174 3684 βασιλείας
1234 3606 1419 3664 ἀναδεῖ
1475 3607 1789 3682 διαδήματι.

136 3699 317 3756 Πολῦν
353 3696 418 3754 δὶ
475 3697 641 3753 σάλον
691 3697 780 3752 καὶ
821 3699 1068 3773 ταραχὴν
1102 3696 1342 3773 ἐχούσης
1371 3701 1470 3764 τῆς
1522 3697 1796 3773 βασιλείας

139 3787 187 3842 ἰν
242 3810 301 3844 τε
358 3791 436 3861 τῇ
466 3789 583 3859 Ἐῳ
612 3787 795 3860 καὶτῇ
854 3787 1088 3860 Ἐσπὲρα
1145 3784 1221 3857 (α’ί
1271 3808 1331 3841 τε
1369 3786 1469 3863 γάρ
1502 3785 1793 3865 ληφθεὶσαι

137 3878 266 3931 κατὰ
310 3878 422 3946 τὴν
482 3873 730 3931 Κιλικίαν
781 3875 870 3930 καὶ
927 3873 1186 3945 Φοινίκην
1236 3875 1327 3930 καὶ
1359 3873 1565 3945 Κοίλην
1602 3875 1798 3950 Συρίαν

144 3967 329 4031 πόλεις
375 3970 492 4020 τῶν
546 3965 886 4042 Ἀγαρηνῶν,
935 3965 1011 4036 μή
1069 3963 1297 4040 σγόντος
1341 3967 1437 4019 τοῦ
1474 3965 1796 4042 Νικηφόρου

138 4057 318 4131 καιρὸν
379 4055 452 4109 τά.
496 4055 616 4108 κατ’
680 4054 850 4115 αὐτάς
913 4050 1182 4116 διαθέσθαι
1237 4050 1422 4115 καλῶς
1481 4054 1571 4108 καὶ
1625 4054 1794 4133 ἄσφα-

137 4145 411 4209 lienem,
469 4144 607 4219 πρὸς
662 4142 995 4197 ἀποστασίαν
1057 4136 1391 4208 ἀπέϐλεπον,
1450 4143 1538 4197 καὶ
1600 4145 1635 4212 ἡ
1684 4147 1792 4198 τῶν

1901 3256 2080 3314 citum
2116 3273 2179 3313 se
2209 3259 2491 3330 quidquid
2518 3259 2781 3331 privatus
2811 3259 3236 3331 possederat,in
3268 3275 3562 3336 pauperes

1901 3346 2314 3419 elargiturum,
2343 3348 2758 3419 imperatorem
2789 3349 2849 3404 in
2879 3347 3167 3420 templum
3200 3337 3482 3418 admittit,
3501 3338 3563 3408 et

1903 3436 2064 3492 feriis
2094 3437 2312 3493 Christi
2357 3437 2648 3493 natalitiis
2696 3437 3032 3509 ingressum
3081 3454 3172 3507 eo,
3229 3438 3561 3495 diademate

1903 3525 2279 3597 imperatorio
2312 3525 2564 3581 redimit.
2597 3527 2678 3582 Eo
2727 3531 2991 3598 tempore
3035 3531 3094 3581 et
3141 3526 3200 3582 in
3250 3527 3565 3583 Occidente

1903 3619 1959 3669 et
2009 3616 2064 3669 in
2119 3614 2352 3670 Oriente
2399 3631 2490 3670 res
2539 3615 2768 3686 imperii
2823 3615 3143 3672 admodum
3201 3616 3562 3672 conturbatis

1904 3703 2455 3758 ﬂuctuabant.Nam
2475 3707 2533 3758 et
2554 3704 2729 3758 urbes
2759 3703 3042 3776 Agarenis
3073 3703 3130 3757 in
3163 3703 3562 3771 Cilicia,Phoe-

1905 3790 2057 3845 nicia
2086 3795 2142 3846 et
2171 3790 2482 3862 leesyria
2511 3796 2746 3862 ereptae,
2798 3791 2953 3860 quod
3001 3791 3328 3862 Nicephoro
3357 3809 3559 3848 earum

1905 3880 2450 3934 constituendarum
2484 3884 2658 3950 atque
2685 3879 3140 3934 muniendarum
3155 3881 3382 3936 occasio
3413 3897 3559 3953 prie-

1905 3973 2070 4039 repta
2126 3968 2254 4035 fuit,
2310 3969 2381 4023 ad
2441 3968 2826 4024 defectionem
2886 3969 3270 4040 spectabant;
3317 3970 3559 4026 Rossica

1905 4058 2213 4113 adversum
2247 4055 2529 4128 Bulgaros
2561 4073 2674 4111 non
2708 4061 2860 4113 recte
2882 4057 3205 4129 excogitata
3235 4057 3399 4129 prius
3423 4075 3558 4114 con-

1906 4146 2104 4202 citatio
2153 4161 2436 4217 magnum
2490 4147 2548 4199 in
2580 4145 2906 4217 periculum
2931 4162 3050 4202 rem
3082 4147 3402 4203 Romanam
3423 4163 3560 4202 con-

136 4234 266 4297 Ῥως
328 4231 554 4303 κίνησις
606 4231 668 4286 οὔ
727 4228 912 4292 καλῶς
969 4230 1233 4308 πρότερον
1293 4229 1378 4286 ἐπὶ
1442 4229 1792 4306 Βουλγάρους

1912 4235 2140 4306 iiciebat
2167 4252 2180 4302 ;
2214 4239 2272 4289 et
2304 4233 2548 4306 penuria
2568 4235 2829 4307 quinque
2850 4235 3109 4308 integros
3130 4253 3316 4291 annos
3346 4253 3560 4309 pressa

141 4320 504 4393 μελετηθεῖσα
552 4321 807 4396 μέγιστον
858 4317 1064 4374 ἐπὲσειε
1118 4323 1236 4380 τοῖς
1294 4318 1575 4395 πράγμασι
1620 4317 1796 4374 κίνδυ-

139 4432 220 4464 νον
272 4411 370 4466 καὶ
433 4409 605 4482 λιμὸς
660 4407 746 4462 ἐπὶ
797 4408 955 4463 πέντε
1006 4406 1172 4471 ὅλους
1218 4405 1495 4470 ἐνιαυτοὺς
1526 4411 1624 4476 τὴν
1655 4409 1792 4464 Ῥω-

1901 4324 2077 4379 urbes
2099 4323 2157 4377 in
2186 4325 2438 4379 summis
2456 4328 2622 4379 erant
2641 4325 3113 4380 difﬁcultatibus.
3137 4325 3217 4380 Ea
3239 4324 3560 4380 sollicitum

1901 4412 2181 4468 tenebant
2201 4413 2638 4484 imperatorem,
2656 4413 3231 4485 circumspicientem
3258 4414 3560 4486 quodnam

143 4501 310 4568 μαίων
392 4498 791 4572 ίπινεμόμενος
854 4495 1064 4572 σφόδρα
1124 4495 1220 4558 τὰς
1303 4495 1493 4558 πόλεις
1573 4495 1789 4569 ἐπίεζε),

1912 4499 2082 4556 tantis
2112 4499 2284 4556 malis
2314 4500 2642 4556 remedium
2675 4501 3002 4568 adhiberet,
3035 4506 3092 4557 et
3133 4501 3559 4573 rempublicam

142 4585 484 4644 διεσκοπεῖτο
558 4587 646 4642 καὶ
745 4584 1013 4661 ἐμερίμνα
1106 4589 1225 4647 πῶς
1300 4584 1362 4639 ἂν
1437 4587 1504 4639 τά
1574 4590 1796 4640 τοιαῦτα

1912 4604 2078 4660 quam
2103 4605 2172 4644 ea
2203 4589 2568 4645 incutiebant
2596 4589 2890 4646 liberaret.
2921 4591 3064 4646 Cum
3118 4594 3313 4646 autem
3357 4590 3562 4646 Antio-

142 4675 492 4748 θεριπευθείη
551 4673 689 4730 κατὰ
750 4674 841 4729 καὶ
895 4675 958 4730 τὸ
1017 4673 1069 4745 ἐξ
1123 4671 1296 4730 αὐτῶν
1364 4675 1792 4744 ἀποσκευασθείη

141 4764 508 4838 ἐλπιζόμενον
575 4762 732 4827 “ac.
783 4763 928 4826 Τὲως
990 4760 1047 4818 δὲ
1096 4769 1196 4833 τῆς
1254 4763 1391 4838 πρὸς
1443 4767 1523 4836 τῷ
1571 4765 1796 4840 Ὀρόντῃ

140 4854 490 4930 ’Δντιοχείας
557 4851 906 4929 χηρευούσης
963 4851 1288 4928 ἀρχιερέως,
1345 4851 1624 4928 Θεόδωρόν
1678 4873 1796 4908 τινα

139 4941 550 5019 προχειρίζεται
605 4941 848 5016 μοναχὸν
891 4946 1021 4995 πᾶσι
1085 4945 1344 5014 κομῶντα
1399 4945 1517 5003 τοῖς
1567 4941 1792 5016 ἀγαθοῖς

139 5033 221 5085 καὶ
311 5030 468 5100 αὖτῷ
555 5029 988 5103 προθεσπίσαντα
1076 5030 1178 5098 τὴν
1273 5027 1567 5104 ἀτάῤῥησιν
1601 5070 1616 5096 ,
1702 5029 1793 5084 καὶ

141 5117 656 5195 παρεγγυησάμενον
705 5118 782 5192 μὴ
833 5116 1147 5173 ἐπισπεῦσαι
1202 5118 1277 5180 ὡς
1315 5121 1412 5173 τοῦ
1471 5121 1604 5173 Θεοῦ
1658 5116 1792 5190 μέλ-

140 5207 328 5270 λοντος
365 5206 522 5262 αὑτὸν
556 5205 630 5268 εἷς
686 5207 750 5261 τὸ
797 5213 896 5276 τῆς
946 5206 1226 5283 βασιλείας
1267 5206 1403 5280 ὕψος
1449 5200 1792 5276 ἀναϐιϐάσαι,

143 5300 172 5366 ἢ
203 5299 316 5370 μὴν
346 5297 632 5373 γινώσκειν
664 5296 736 5356 ὡς
768 5295 816 5350 εἴ
841 5295 1134 5372 ὀλιγώρως
1178 5293 1438 5359 διατεθεὶς
1490 5295 1790 5371 ἐπιταχύνῃ

1905 4678 2036 4733 chia
2065 4679 2138 4733 ad
2169 4681 2445 4734 Orontem
2478 4679 2721 4734 ﬂuvium
2769 4679 2884 4734 sita
2930 4678 3271 4750 aliquandiu
3322 4695 3557 4734 summo

1904 4766 2177 4840 pontiﬁce
2207 4766 2513 4833 caruisset,
2546 4769 2617 4822 ad
2648 4767 2707 4822 id
2741 4783 2959 4822 munus
2990 4767 3254 4839 provehit
3301 4766 3557 4838 impera-

1901 4860 1994 4910 tor
2020 4855 2390 4911 Theodorum
2422 4857 2740 4926 quemdam
2772 4855 2925 4912 882
2956 4856 3334 4924 monachum,
3366 4853 3558 4910 omni-

1902 4945 2012 4999 bus
2043 4945 2347 5000 florentem
2380 4943 2551 4999 bonis
2578 4961 2591 5011 ;
2626 4945 2726 5015 qui
2757 4945 2809 4999 ei
2843 4944 3019 5000 etiam
3066 4943 3411 5015 praedixerat
3439 4941 3555 4997 im-

1903 5032 2064 5105 perio
2098 5032 2448 5104 potiturum,
2481 5031 2595 5087 Deo
2623 5032 2819 5103 ipsum
2843 5033 2914 5088 ad
2939 5031 3047 5088 hoc
3070 5031 3301 5087 culmen
3332 5031 3556 5087 elaturo

1902 5121 2292 5192 hortatusque
2309 5121 2500 5176 fuerat
2521 5136 2592 5175 ne
2609 5119 3037 5192 praecipitanter
3065 5123 3261 5192 ageret
3290 5140 3304 5188 ;
3338 5119 3557 5191 alioqui

1903 5209 1955 5264 si
1988 5211 2248 5265 monitus
2279 5226 2418 5266 suos
2449 5213 2774 5280 sperneret,
2799 5226 2918 5264 suae
2943 5209 3130 5280 ipsius
3159 5209 3292 5264 vita:
3323 5224 3384 5265 se
3407 5209 3557 5265 insi-

1903 5298 2132 5354 diatum
2164 5298 2346 5354 fuisse
2377 5297 2833 5354 intellecturum.
2867 5298 3256 5355 Contenderat
3284 5297 3461 5354 etiam
3484 5297 3556 5354 ab

1324 5478 1703 5538 XYLANDRI
1741 5481 1831 5536 ET
1868 5479 2084 5536 GOARI
2123 5479 2360 5535 NO'I'E.

209 5624 329 5696 (23)
363 5622 568 5697 Exstat
593 5621 653 5678 in
681 5621 1300 5697 Juris_Grze_ccromani
1329 5621 1625 5697 volumine
1653 5622 1694 5680 l.
1726 5641 1788 5696 ιι,
1820 5623 1882 5681 in
1914 5639 2051 5696 quo,
2083 5638 2210 5696 quae
2238 5623 2548 5697 Nicephori
2579 5623 2850 5683 Novellas
2879 5623 3142 5696 revulsit,
3192 5625 3394 5684 Basilii
3417 5627 3528 5684 Por

146 5693 522 5773 phyrdgeniti
545 5694 801 5754 sanctior
829 5693 1065 5756 Novella
1091 5693 1494 5768 subjungitur.
1527 5695 1703 5753 Gom.
