4050 6326
464 376 580 437 illi

1814 369 2135 434 GEORGII
2180 365 2523 430 CEDRENI

3759 371 3879 431 “6

460 524 527 564 eo
560 512 624 564 ut
654 506 1004 564 Manichazos
1031 522 1134 580 per
1162 510 1350 563 totum
1384 506 1681 564 Orientem
1726 508 2028 578 serpentes
2060 508 2117 558 et

2240 500 2327 569 τήν
2376 504 2474 568 τῆς
2540 496 2818 573 βασιλείας
2876 497 3228 575 κατάσχεσιν,
3286 507 3385 571 τῆς
3439 500 3631 557 ἑαυτοῦ
3687 488 3878 579 ψυχῇς

462 598 810 666 contagione
841 613 958 651 sua:
984 597 1229 669 impurae
1262 596 1558 669 religionis
1607 594 1803 651 omnia
1852 610 2111 650 corrum-

462 690 666 759 pentes
699 686 759 741 in
790 685 1162 742 Occidentem
1189 686 1248 740 in
1280 686 1570 740 desertam
1615 685 1873 756 aliquam
1908 683 2116 739 solitu-

466 775 663 830 dinem
697 776 1067 846 deportaret;
1100 774 1158 829 id
1209 776 1362 847 quod
1412 780 1607 846 postea
1656 773 1935 845 temporis
1984 772 2120 827 fecit

465 864 1035 936 imperator,eosque
1060 863 1449 936 Pilippopoiin
1472 880 1539 917 ex
1562 862 1796 919 Oriente
1818 860 2121 917 transtulit

468 953 818 1025 Polyeuctus
848 956 980 1024 post
1026 953 1323 1008 Tzimiscaa
1377 953 1843 1024 designationem
1891 956 2119 1007 tantum

464 1043 710 1114 triginta
741 1043 999 1113 quinque
1032 1043 1157 1096 dies
1178 1042 1341 1097 vixit.
1374 1046 1436 1097 In
1469 1042 1806 1112 ejuslocum
1839 1042 2121 1095 suffectus

468 1131 724 1187 Basilius
758 1131 1085 1188 monachus
1117 1132 1609 1201 Scamandrenus,
1645 1132 1910 1203 perfectas
1939 1130 2122 1185 virtu-

467 1221 546 1276 tis
572 1220 925 1277 testimoniis
957 1221 1173 1276 clarus.
1210 1223 1265 1275 Is
1297 1237 1433 1293 ergo
1466 1227 1588 1276 tum
1621 1237 1814 1276 rerum
1862 1220 2123 1276 civilium

471 1308 584 1365 fuit
614 1313 825 1364 status.

2228 583 2525 649 ἐπίϐουλος
2558 582 2725 642 ἔσται·
2759 588 3058 657 ἀξιώσαντα
3098 585 3153 643 δὲ
3195 590 3285 645 καὶ
3332 591 3458 653 τοὺς
3506 594 3875 668 Μανιχαίους·

2224 678 2322 746 τὴν
2370 677 2540 749 Ἐῴαν
2587 683 2760 731 πᾶσαν
2806 677 3234 751 ἐπινεμομένους
3299 681 3389 735 καὶ
3436 680 3876 755 λυμαινομένους

2224 770 2294 831 τῆ
2333 764 2614 839 μεταδόσει
2670 773 2769 835 τῆς
2824 772 3063 842 μυσαρᾶς
3123 770 3299 824 αὐτῶν
3356 772 3675 845 θρησκείας,
3739 773 3878 847 πρὸς

2226 857 2324 923 τήν
2359 855 2586 929 ἐσπέραν
2631 856 2907 910 ἀποικίσαι
2959 857 3045 911 καθ
3102 856 3176 921 εἷ’ς
3235 880 3356 913 τινα
3382 859 3631 935 ἐσχατιὰν
3682 860 3877 935 ἐγκατ-

2230 946 2428 1000 οικίσαι
2481 944 2815 1021 πανέρημον,
2877 947 2907 1000 ὅ
2952 948 3041 1001 καὶ
3096 947 3415 1020 πεποίηκεν,
3476 950 3718 1025 ὕστερον,
3774 950 3880 1004 ἀπ-

2230 1038 2530 1105 αναστήσας
2562 1036 2787 1097 τούτους
2816 1036 2906 1091 καὶ
2952 1042 3021 1110 τῇ
3076 1036 3522 1094 Φιλιππουπόλει
3573 1038 3883 1115 ἷγκατοικί-

2232 1146 2349 1196 σας,
2430 1124 2551 1178 Ἐπὶ
2630 1122 2676 1178 λ’
2736 1122 2793 1179 δὶ
2847 1126 2937 1179 καὶ
3001 1127 3038 1181 ε’
3099 1125 3266 1198 μόνας
3315 1126 3525 1203 ἡμέρας
3588 1130 3720 1201 μετὰ
3775 1129 3881 1195 τήν

2233 1213 2583 1289 ἀναγόρευσιν
2650 1215 2739 1269 καὶ
2817 1216 2846 1268 ὁ
2918 1214 3263 1277 Πολύευκτος
3320 1212 3567 1279 ἐπιϐιοὺς
3622 1216 3889 1273 κατέλυσε

2232 1305 2333 1371 τὴν
2364 1306 2529 1374 ζωήν.
2564 1304 2668 1358 Καὶ
2701 1304 3107 1380 προχειρίζεται
3166 1306 3273 1361 ἀντ’
3321 1305 3485 1361 αὐτοῦ
3534 1308 3891 1382 πατριάρχης

471 1394 755 1459 Βασίλειος
808 1397 1051 1471 μοναχὸς
1108 1398 1138 1454 ὁ
1187 1394 1635 1471 Σκαμανδρηνὸς,
1688 1395 1769 1451 ἐπ’
1819 1396 2013 1471 ἀρετῆς
2064 1388 2368 1464 τελειότητι
2431 1392 2898 1470 μαρτυρούμενος.
2946 1394 3045 1449 Καὶ
3094 1395 3162 1449 τὰ
3214 1395 3309 1469 μὶν
3362 1393 3622 1451 πολιτικὰ
3665 1395 3891 1471 ἐφέρετο

470 1483 626 1559 τῇδε.

551 1599 625 1651 At
644 1595 895 1667 Agareni
918 1595 1253 1669 ubicunque
1273 1599 1563 1651 terrarum
1578 1593 2129 1668 degentes,alia3que

479 1684 751 1740 nationes
781 1686 1046 1740 eamdem
1077 1701 1212 1740 cum
1253 1686 1346 1741 his
1377 1685 1717 1757 religionem
1750 1684 2031 1754 colentes,
2063 1686 2128 1738 ut

481 1772 756 1845 Egyptii,
791 1773 997 1841 Persae,
1032 1774 1267 1842 Arabes,
1314 1774 1596 1842 Elamitaa,
1635 1778 1691 1829 et
1738 1773 1839 1845 qui
1882 1772 2126 1829 Felicem

485 1862 761 1918 Arabiam
792 1863 1076 1935 incolunt,
1108 1864 1428 1935 Sabinique,
1463 1862 1811 1935 gravissimo
1843 1862 1915 1919 ob
1949 1861 2127 1917 amis-

2307 1594 2382 1664 Τῇ
2430 1588 2632 1645 ἀλώσει
2687 1587 2743 1645 δὲ
2799 1598 2898 1660 τῆς
2960 1591 3303 1668 Ἀντιοχείας
3358 1593 3446 1648 καὶ
3508 1594 3616 1647 τῶν
3676 1595 3894 1647 Αοιπῶν

2236 1678 2474 1748 πόλεων,
2554 1679 2613 1741 ἃς
2690 1677 2889 1745 ἄνωθεν
2963 1679 3488 1758 ἀπηριθμησάμεθα,
3570 1680 3887 1758 περιαλγεῖς

2236 1767 2515 1842 γεγονότες
2543 1770 2595 1823 οὶ
2623 1766 2940 1844 ἀπανταχοῦ
2970 1776 3075 1844 γῆς
3137 1766 3285 1832 ὄντες
3352 1770 3647 1847 Ἀγαρηνοὶ
3684 1770 3773 1826 καὶ
3836 1770 3906 1824 τὰ

2240 1854 2408 1912 λοιπά
2454 1856 2580 1929 ἔθνη
2610 1859 2677 1913 τὰ
2734 1860 2834 1928 τὴν
2865 1858 3057 1931 ὁμοίαν
3090 1858 3276 1922 αὐτοῖς
3304 1854 3530 1914 σέϐοντα
3579 1857 3899 1934 θρησκείαν,

484 1968 612 2007 sam
658 1951 1029 2008 Antiochiam
1079 1952 1453 2024 reliquasque
1503 1952 1700 2021 urbes,
1752 1968 1900 2023 quas
1949 1967 2126 2023 supra

2240 1945 2544 2022 Αἷγύπτιοι,
2607 1947 2828 2022 Πέρσαι,
2886 1941 3147 2019 “Αραϐες,
3198 1946 3508 2020 Ἐλαμῖται,
3556 1947 3645 2003 καὶ
3705 1948 3757 2002 oi.
3787 1948 3892 2016 τὴν

486 2040 776 2109 recensui,
810 2040 1009 2097 dolore
1042 2042 1288 2112 permoti
1321 2042 1507 2097 fmdus
1530 2042 1756 2108 iciunt;
1790 2040 2126 2112 magnisque

2247 2032 2561 2109 Εὐδαίμονα
2618 2034 2922 2111 λεγομένην
2982 2036 3255 2101 οἰκοῦντες
3310 2037 3400 2091 καὶ
3455 2038 3517 2092 τὸ
3550 2032 3721 2109 Σαϐἆ,
3754 2058 3897 2110 συμ-

487 2130 751 2201 undique
773 2130 1087 2186 contractis
1108 2130 1377 2201 copiis,et
1391 2128 2138 2201 Carthagineosibus,quod

488 2218 551 2274 hi
584 2218 720 2273 belli
750 2223 905 2274 terra
936 2219 1202 2289 marique
1242 2219 1481 2291 gerendi
1532 2223 1729 2274 essent
1778 2218 2140 2290 peritissimi,

494 2323 730 2363 summa
779 2307 859 2362 rei
907 2308 1249 2375 commissa,
1303 2309 1555 2365 Zochare
1602 2308 1972 2380 imperatore,
2017 2307 2142 2362 viro

494 2395 762 2467 apprime
814 2400 1054 2453 strenuo
1104 2402 1279 2469 atque
1336 2397 1634 2463 bellicoso,
1698 2414 1831 2453 cum
1885 2397 2140 2452 exercitu

495 2483 649 2543 883
683 2485 892 2539 100000
919 2485 1069 2541 bello
1099 2486 1438 2541 idoneorum
1470 2486 1725 2541 virorum
1761 2486 1818 2541 in
1850 2490 2141 2541 Romanos

497 2574 747 2640 ducunt,
780 2580 835 2628 et
863 2574 1229 2630 Antiochiam
1264 2592 1389 2646 qua:
1425 2580 1513 2630 est
1542 2577 1612 2630 ad
1646 2574 1943 2646 Daphnom
1985 2574 2139 2629 obsi-

493 2661 666 2717 dione
697 2662 975 2734 cingunt;
1011 2680 1186 2734 quam
1222 2664 1558 2719 diuturnam
1602 2664 1734 2719 fecit
1764 2665 2137 2720 obsessorum

493 2751 773 2807 fortitudo
805 2756 981 2824 atque
1023 2754 1503 2825 magnanimitas.
1556 2755 1877 2825 Imperator
1924 2753 2021 2807 ubi
2071 2754 2141 2808 de

485 2839 874 2897 barbarorum
907 2841 1157 2896 coitione
1185 2847 1275 2897 est
1311 2842 1501 2897 factus
1543 2844 1771 2908 certior,
1804 2841 1960 2896 illico
1993 2859 2136 2912 prae-

484 2929 703 2985 fectum
738 2930 1168 3001 Mesopotamiae
1191 2930 1467 3003 colligere
1497 2932 1815 2986 exercitum
1847 2935 1902 2986 et
1933 2931 2137 2986 obses-

485 3016 568 3074 sis
599 3017 910 3074 subvenire
940 3019 1159 3091 scripto
1182 3019 1373 3091 jubet.
1409 3020 1823 3076 Simulducem
1848 3021 1948 3076 toti
1977 3036 2135 3075 exer-

483 3106 627 3163 citui
660 3108 1045 3178 praefuturum
1072 3124 1205 3163 cum
1239 3109 1480 3181 reliquis
1510 3111 1693 3181 copiis
1727 3110 1907 3166 mittit
1954 3110 2135 3181 patri-

483 3196 639 3252 cium
672 3195 1000 3263 Nicolaum,
1032 3213 1217 3253 unum
1268 3212 1335 3252 ex
1382 3198 1607 3255 intimis
1651 3198 1774 3254 suis
1822 3198 2130 3254 eunuchis.

482 3283 539 3342 Is
572 3284 671 3340 ubi
700 3299 762 3340 se
806 3300 942 3340 cum
992 3285 1118 3341 suis
1167 3288 1490 3357 conjunxit,
1544 3287 1845 3354 barbaros,
1895 3288 2129 3343 tametsi

2250 2126 2592 2201 φωνήσαντες
2642 2125 2732 2180 καὶ
2764 2125 3070 2200 ὁμαιχμίαν
3106 2124 3344 2198 θέμενοι,
3405 2124 3631 2199 δύναμιν
3689 2146 3904 2179 παντα-

2251 2214 2414 2287 χόθεν
2473 2213 2792 2289 ἠθροικότες
2851 2211 3099 2289 μεγάλην
3168 2216 3257 2269 καί
3320 2214 3667 2287 ἡγεμονεύειν
3729 2213 3913 2284 αὐτῆς

2250 2305 2497 2374 τάξαντες
2574 2300 2985 2377 Καρχηδονίους
3064 2307 3261 2379 Ζώχαρ
3336 2301 3563 2378 ἔχοντας
3636 2305 3907 2379 ἄρχοντα,

2250 2394 2543 2464 πρακτικὸν
2605 2390 2771 2464 ἄνδρα
2828 2392 3013 2447 καὶτά
3044 2392 3121 2455 εἷς
3178 2392 3457 2466 πολέμους
3488 2391 3681 2464 δεινὸν,
3732 2393 3809 2456 ὡς
3838 2394 3900 2447 ἄν

2251 2477 2492 2557 ἀκριϐεῖς
2552 2481 2640 2535 καὶ
2722 2482 3085 2552 ἐπιστήμονας
3157 2486 3263 2536 τῶν
3341 2502 3399 2535 τε
3466 2483 3600 2535 κατά
3654 2488 3753 2555 γῆν
3811 2482 3907 2535 καὶ

2252 2569 2518 2625 Θάλατταν
2569 2569 2741 2644 ἔργων
2779 2612 2792 2638 ,
2870 2568 3093 2640 ἐξῆλθον
3164 2571 3301 2624 κατά
3359 2569 3645 2643 Ῥωμαίων
3706 2571 3795 2647 ὑφ’
3842 2569 3905 2625 ’ἐν

2248 2660 2343 2721 τὰς
2402 2660 2573 2720 πάσας
2633 2658 3020 2734 συναγαγόντες
3082 2655 3356 2731 δυνάμεις,
3391 2659 3465 2721 εἷς
3499 2660 3681 2714 ἑκατὸν
3736 2660 3909 2734 μαχί-

2254 2770 2368 2821 μων
2430 2746 2636 2822 ἀνδρῶν
2692 2745 2949 2823 χιλιὰδας
3022 2747 3421 2823 ἀριθμουμένας
3487 2750 3567 2821 [Ρ.
3630 2749 3757 2821 666]
3807 2749 3905 2802 καὶ

2247 2840 2344 2906 τὴν
2421 2838 2556 2893 κατά
2632 2839 2844 2914 Δάφνην
2905 2838 3244 2912 ’Λντιόχειαν
3304 2832 3702 2899 καταλαϐόντες
3764 2835 3905 2891 ἔπο-

2250 2926 2506 3000 λιόρκουν
2585 2923 2884 3000 ἐπιμελῶς.
2962 2930 3229 2988 Γενναίως
3306 2923 3363 2980 δὲ
3434 2930 3541 2980 τῶν
3593 2920 3743 2980 ἔνδον
3804 2927 3904 2980 καὶ

2249 3017 2503 3093 εὐψύχως
2562 3018 2661 3085 τὴν
2722 3014 3049 3090 πολιορκίαν
3110 3014 3485 3090 ὑφίσταμένων
3546 3014 3633 3069 ἐπὶ
3686 3017 3899 3090 μακρὸν

2247 3107 2550 3163 ἐπετείνετο
2598 3108 2632 3174 ἡ
2691 3103 3013 3178 πολιορκία.
3070 3102 3463 3180 Ἀγγελθείσης
3515 3102 3572 3158 δέ
3626 3110 3728 3173 τῆς
3780 3108 3899 3158 τῶν

2246 3196 2411 3260 ἐθνῶν
2472 3192 2699 3249 συνόδου
2753 3198 2833 3266 τῷ
2891 3191 3106 3269 βασιλεῖ
3134 3192 3429 3268 γράμματα
3477 3192 3693 3267 ταχέως
3723 3191 3901 3266 ἐπέμ-

2242 3306 2409 3340 ποντο
2449 3285 2586 3358 πρὸς
2614 3284 2704 3339 τὸν
2734 3283 3031 3359 στρατηγὸν
3085 3280 3530 3355 Μεσοποταμίας,
3578 3282 3672 3343 τὰς
3721 3279 3902 3336 ἐκεῖσε

482 3388 686 3430 eorum
715 3373 1007 3430 exercitus
1037 3375 1130 3430 vix
1160 3376 1469 3431 minimam
1505 3380 1727 3448 partem
1761 3376 1888 3433 suis
1942 3377 2125 3449 00piis

2240 3374 2533 3430 κελεύοντα
2600 3370 2855 3446 δυνάμεις
2932 3373 3177 3446 ἀθροῖσαι
3240 3371 3329 3425 καὶ
3409 3372 3678 3445 βοηθῆσαι
3746 3371 3899 3446 ταχὺ

484 3462 773 3531 aequabat,
802 3462 1017 3520 illustri
1050 3464 1247 3537 praelia
1271 3466 1419 3521 fudit
1448 3483 1680 3538 unaque
1712 3482 1909 3539 pugna
1954 3467 2125 3523 dissi-

480 3550 656 3622 pavit,
682 3552 974 3624 urbesque
1010 3554 1292 3611 Romanis
1332 3556 1602 3612 subditas
1636 3560 1794 3612 tutas
1827 3556 2122 3628 praestitit.

2237 3468 2355 3525 τοῖς
2416 3460 2929 3538 πολιορκουμένοιςο
2986 3456 3193 3534 ἔπεμψε
3242 3456 3298 3514 δὲ
3353 3460 3442 3514 καὶ
3500 3456 3739 3534 ἄρχοντα
3791 3464 3901 3514 τοῦ

2237 3551 2370 3608 ὅλου
2429 3555 2665 3625 στρατοῦ
2700 3549 2834 3623 μετᾶ
2863 3548 2951 3604 καὶ
2984 3546 3261 3622 δυνάμεων
3302 3545 3488 3603 ἄλλων
3544 3548 3635 3603 τὸν
3693 3548 3902 3623 πατρί-

476 3656 594 3691 κιον
623 3635 915 3709 Νικόλαον,
974 3636 1063 3695 ἕνα
1094 3637 1222 3695 ὄντα
1268 3646 1373 3697 τῶν
1409 3642 1765 3715 ᾠκειωμένων
1802 3642 1947 3715 αὐτῷ
1980 3642 2272 3718 εὐνούχων,
2307 3639 2366 3703 ὅς
2394 3644 2511 3701 ταῖς
2542 3638 2763 3703 λοιπαῖς
2792 3636 3093 3715 προσμίξας
3129 3635 3403 3711 δυνάμεσι,
3427 3635 3519 3691 καὶ
3552 3635 3905 3710 συμπλακεὶς

476 3730 595 3787 τοῖς
630 3721 926 3802 βαρϐάροις
963 3730 1386 3805 μυριοπλασίοις
1417 3733 1587 3799 οὖσιν,
1623 3730 1882 3806 ἐτρέψατο
1914 3728 2184 3807 λαμπρῶς
2213 3732 2299 3785 καὶ
2337 3726 2613 3785 ἐσκέδασεν
2650 3728 2726 3783 ἐνὶ
2756 3727 3013 3801 πολέμῳ,
3042 3726 3132 3781 καὶ
3162 3727 3254 3789 τὰς
3288 3727 3389 3781 ὑπὸ
3435 3726 3743 3800 Ῥωμαίους
3791 3726 3897 3781 οὗ-

479 3835 573 3880 σας
602 3814 794 3881 πόλεις
824 3816 879 3872 ἐν
910 3822 987 3891 τῷ
1018 3818 1251 3898 ἀσφαλεῖ
1278 3822 1663 3891 κατεστήσατο.

546 3926 829 3981 Ceterum
862 3927 1230 3994 Rossis,cum
1256 3929 1293 3983 ii
1317 3929 1647 3999 Bulgariam
1670 3946 1783 4000 quo
1820 3928 2129 3983 retulimus

477 4012 651 4067 modo
684 4014 1076 4086 subegissent,
1111 4016 1300 4088 captis
1334 4017 1513 4072 etiam
1545 4018 1775 4072 duobus
1807 4018 1959 4072 Petri
1995 4017 2129 4073 filiis

481 4099 682 4157 Borisa
710 4106 767 4156 et
791 4103 1076 4169 Romano,
1108 4105 1351 4159 domum
1383 4105 1590 4160 reverti
1613 4122 1986 4177 nequaquam
2013 4106 2128 4178 pla-

482 4187 604 4243 cuit
632 4204 645 4243 :
679 4189 779 4243 sed
804 4190 1063 4247 locorum
1087 4193 1559 4249 commoditatem
1584 4195 2127 4267 admirati,longum

483 4275 610 4332 vale
624 4276 883 4334 dicentes
906 4281 1090 4348 pactis
1110 4298 1242 4336 cum
1258 4282 1577 4354 Nicephoro
1595 4283 1944 4355 imperatore
1968 4284 2128 4340 initis

480 4362 563 4418 ibi
596 4369 939 4423 commorari
974 4368 1373 4441 ditionemque
1403 4371 1570 4426 istam
1592 4371 1887 4442 possidere
1909 4376 2126 4428 statue-

481 4456 641 4508 runt.
675 4453 834 4510 Hanc
864 4472 1065 4513 eorum
1100 4460 1449 4517 sententiam
1487 4460 1671 4532 magis
1703 4462 1877 4517 etiam
1911 4464 2125 4518 conlir~

481 4540 661 4598 mavit
721 4543 1048 4618 Calocyrus,
1109 4548 1230 4617 qui,
1283 4549 1331 4604 si
1398 4550 1469 4604 ab
1521 4548 1664 4621 ipsis
1730 4550 2122 4605 Romanorum

479 4629 889 4703 designaretur
936 4634 1271 4707 imperator,
1342 4637 1615 4709 Bulgaria
1663 4638 1747 4695 eis
1793 4655 2123 4707 cessurum,

479 4717 670 4774 {cadus
702 4732 1050 4793 perpetuum
1105 4724 1385 4791 icturum,
1430 4728 1713 4781 tributum
1766 4728 1921 4784 584
1978 4730 2123 4800 ipsis

478 4807 835 4879 promissum
874 4812 1419 4885 multiplicaturum,
1454 4815 1758 4887 sociosque
1798 4821 1853 4871 et
1900 4818 2121 4873 amicos

477 4911 577 4951 eos
607 4913 707 4968 per
738 4914 972 4956 omnem
1007 4901 1183 4958 vitam
1212 4902 1549 4960 habiturum
1593 4904 1990 4977 pollicebatur.
2026 4906 2127 4963 Ilia

477 4983 644 5041 Rossi
672 4986 914 5045 vocibus
946 4988 1159 5061 inﬂati,
1191 4996 1247 5047 et
1299 4992 1632 5065 Bulgariam
1677 4998 1741 5049 ut
1786 4993 1934 5050 bello
1984 5011 2017 5050 ο.
2064 5012 2125 5052 se

479 5074 784 5131 subactam
816 5076 930 5133 sibi
946 5077 1471 5151 vindicaverunt,et
1492 5080 1715 5153 legatos
1734 5082 2121 5153 imperatoris,

480 5161 680 5219 omnia
710 5164 796 5221 eis
815 5182 848 5221 a
866 5165 1189 5240 Nicephoro
1213 5175 1377 5241 pacta
1399 5186 1460 5225 se
1482 5170 1917 5241 persoluturum
1950 5170 2122 5242 polli-

478 5252 686 5320 centis,
719 5253 1033 5312 barbaricas
1064 5259 1406 5330 arrogantia:
1437 5258 1627 5330 plenis
1648 5260 1947 5332 responsis
1971 5261 2122 5316 datis

478 5339 1078 5409 rejecerunt.Proinde
1105 5347 1423 5417 imperator
1438 5347 1617 5403 armis
1640 5364 1764 5403 eam
1788 5363 1909 5403 rem
1934 5348 2119 5403 disce-

472 5430 636 5497 ptare
660 5435 917 5501 coactus,
952 5436 1151 5490 missis
1184 5436 1395 5491 litteris
1425 5436 1687 5493 celeriter
1724 5439 2012 5493 exercitus
2046 5441 2116 5493 ab

469 5513 703 5572 Oriente
734 5518 792 5575 in
822 5521 1194 5580 Occidentem
1220 5525 1515 5593 transfert,
1541 5525 1741 5597 eisque
1768 5527 1974 5581 ducem
1999 5544 2031 5581 a
2054 5544 2116 5582 se

468 5602 837 5665 nominatum
853 5612 1352 5683 pmﬁeitBardam
1368 5614 2114 5686 magistrum,cognomento

466 5688 817 5766 Sclerum,id
840 5704 930 5758 est
947 5702 1361 5773 Durum,cujus
1382 5718 1641 5760 sororem
1662 5703 1905 5762 Mariam
1928 5703 2113 5778 priva-

2308 3929 2396 3997 Τῷ
2451 3922 2583 3980 ἔθνει
2635 3920 2694 3978 δὲ
2768 3927 2878 3978 τῶν
2929 3922 3062 3986 Ῥὼς
3116 3922 3175 3977 ὅν
3245 3919 3468 3994 εἷ’πομεν
3526 3918 3727 3995 τρόπον
3784 3922 3893 3992 τήν

2240 4012 2578 4089 Βουλγαρίαν
2656 4010 3068 4087 χειρωσαμένῳ,
3155 4008 3525 4085 δοριαλώτους
3601 4007 3657 4065 δὲ
3717 4031 3891 4065 κατα-

2239 4102 2427 4177 σχόντι
2479 4101 2569 4155 καὶ
2599 4100 2727 4161 τοὺς
2778 4097 2874 4154 δύο
2923 4100 3074 4163 υἱοὺς
3113 4104 3210 4155 τοῦ
3258 4099 3464 4173 Πέτρου
3507 4100 3742 4175 Βορίσην
3792 4101 3893 4155 καὶ

2236 4188 2545 4263 Ῥωμανὸν,
2600 4187 2779 4243 οὐκέτι
2839 4188 2906 4257 ἦν
2971 4186 3241 4263 βουλητὸν
3302 4188 3336 4257 ἡ
3396 4186 3479 4241 ἐπ’
3536 4186 3687 4242 οἷόιου
3747 4188 3892 4243 ὑπο-

2236 4280 2465 4356 στροφὴ,
2499 4276 2646 4333 ἀλλὰ
2697 4279 2797 4347 τὴν
2856 4280 2954 4330 τοῦ
2998 4276 3169 4331 τόπου
3222 4276 3587 4349 Θαυμάσαντες
3640 4274 3891 4354 εὐφυίαν,

2241 4368 2419 4442 μακρὰ
2475 4368 2686 4443 χαίρειν
2760 4366 3001 4429 εἰπόντες
3055 4372 3175 4428 ταῖς
3233 4367 3367 4442 πρὸς
3420 4365 3729 4445 Νικηφόρον
3788 4366 3891 4421 τὸν

2240 4455 2463 4532 βασιλέα
2510 4454 2827 4531 γενομέναις
2887 4459 3220 4525 συνθήκαις,
3286 4454 3559 4531 συμφέρον
3626 4453 3887 4527 ἐνόμισαν

2234 4546 2417 4609 αὐτοῖς
2481 4551 2661 4619 μεῖναι
2718 4544 2851 4599 κάτα
2907 4544 3094 4619 χώραν
3148 4542 3235 4597 καὶ
3284 4550 3385 4612 τῆς
3440 4549 3543 4618 γῆς
3590 4542 3887 4617 κυριεύειν.

2235 4636 2424 4709 Ἐνῆγε
2481 4633 2538 4689 δὲ
2584 4634 2721 4707 πρὸς
2766 4637 2926 4688 τοῦτο
2975 4632 3139 4688 πλέον
3200 4631 3396 4694 αύσοὺς
3454 4632 3543 4686 καὶ
3604 4633 3631 4687 ὁ
3692 4630 3889 4688 Καλό-

2232 4745 2413 4797 κυρος,
2448 4723 2644 4799 λέγων,
2678 4722 2758 4778 δτι
2793 4722 2838 4777 εἷ
2869 4723 2994 4798 παρ’
3026 4722 3203 4777 αὐτῶν
3238 4721 3569 4797 ἀναγορευθῇ
3615 4719 3881 4796 βασιλεὺς

2230 4812 2566 4887 Ῥωμαίων,
2636 4812 2793 4874 αὐτὸς
2864 4812 2963 4882 τῆς
3034 4831 3092 4866 τε
3170 4809 3502 4887 Βουλγαρίας
3559 4809 3883 4881 ἐκστήσεται

2235 4905 2321 4957 καὶ
2378 4900 2611 4965 σπονδὰς
2641 4903 2858 4973 ποιήσει
2890 4897 3177 4968 διηνεκεῖς,
3215 4899 3304 4954 καὶ
3347 4899 3441 4962 τὰς
3492 4902 3884 4974 συμφωνηθεί-

2235 5013 2329 5054 σας
2379 4989 2605 5061 δοθῆναι
2683 4988 2860 5052 δόσεις
2907 4990 3091 5051 αὐτοῖς
3141 4992 3353 5064 παρέξει
3409 4988 3882 5063 πολλαπλασίως,

2231 5082 2321 5135 καὶ
2381 5080 2711 5156 συμμάχους
2778 5077 2881 5150 ἔξει
2956 5079 3045 5133 καὶ
3099 5074 3294 5155 φίλους
3346 5076 3539 5139 αὐτοὺς
3592 5074 3680 5131 διὰ
3732 5078 3882 5152 βίου.

2232 5170 2436 5224 Οἴστισι
2494 5169 2698 5245 ῥήμασι
2757 5168 3127 5244 χαυνωοέντες
3183 5168 3234 5220 οἱ
3294 5167 3427 5229 Ῥὼς
3474 5173 3573 5236 τῆς
3604 5188 3661 5221 τε
3696 5165 3886 5223 Βουλ-

2228 5258 2415 5332 γαρίας
2471 5260 2545 5322 ὡς
2605 5256 2928 5333 δορικτήτου
2988 5258 3367 5311 ἀντεποιοῦντο
3425 5258 3724 5329 κτήματος,
3785 5258 3887 5312 καὶ

2230 5341 2787 5421 διαπρεσϐευσάμενον
2854 5347 2945 5401 τὸν
3026 5341 3252 5418 βασιλέα
3334 5344 3425 5398 καὶ
3495 5343 3882 5419 ὁποσχόμενον

2228 5434 2554 5491 ἐπιτελέσειν
2617 5436 2820 5489 ἅπαντα
2872 5435 2939 5490 τὰ
2993 5438 3074 5504 τῷ
3141 5433 3445 5509 Νικηφόρῳ
3496 5432 3887 5507 ἐπηγγελμένα

2226 5521 2287 5577 οὒ
2366 5520 2758 5598 προσεδέξαντο
2795 5569 2809 5593 ,
2892 5520 3205 5597 ἀποκρίσεις
3275 5518 3458 5583 δόντες
3535 5516 3885 5598 βαρϐαρικῆς

2222 5610 2664 5685 πεπληρωμένας
2722 5612 2753 5668 ἀ
2794 5612 3058 5682 αζονείας,
3109 5612 3184 5672 ὡς
3233 5610 3631 5685 ἀναγκασθῆναι
3678 5614 3878 5668 τοῦτον

2223 5698 2309 5757 διὰ
2341 5702 2527 5778 μάχης
2558 5707 2736 5779 κρῖναι
2785 5702 2852 5759 τὰ
2894 5701 3208 5779 πράγματα.
3264 5699 3583 5776 Γράμμασιν
3629 5699 3720 5755 οὖν
3783 5699 3876 5756 ἐν·
