4036 6330
140 386 262 447 H7

1294 381 1838 445 HISTORIARUM
1884 383 2434 449 COMPENDIUM.

3451 388 3576 452 118

140 518 321 594 ὀλίγῳ
376 519 476 581 τὰς
538 517 710 590 Ἐῴας
762 514 1013 590 δυνάμεις
1061 515 1198 592 πρὸς
1251 518 1349 587 τήν
1384 484 1642 592 Ἑσπέραν
1677 513 1788 570 δια-

1911 522 2008 575 tus
2040 519 2234 576 adhuc
2264 521 2526 594 legitimo
2557 523 2670 580 sibi
2722 525 3096 581 matrimonio
3148 526 3570 600 conjunxerat;

138 602 401 676 ϐιϐάσας,
447 606 693 683 ἄρχοντά
739 627 798 661 τε
845 605 1030 668 αύταῖς
1087 604 1383 676 ἐπιστήσας
1441 604 1497 659 ὅν
1554 604 1805 678 ὠνόμασε

135 695 527 772 στρατηλάτην
579 693 794 769 Βάρδαν
860 695 1152 770 μάγιστρον
1229 696 1320 750 τὸν
1391 695 1678 770 Σκληρὸν,
1739 695 1801 749 οὗ

135 788 240 856 τήν
326 784 569 864 ἀδελφὴν
648 785 858 860 Μαρίαν
948 785 1189 858 νόμιμον
1265 786 1501 861 ἠγάγετο
1559 785 1797 861 γαμετὴν

141 874 453 932 ἰδιωτεύων
512 877 539 932 6
601 873 879 951 βασιλεὺς,
937 873 1168 947 ἔμελλεν
1228 873 1383 951 ἐαρος
1445 873 1800 952 ἐφισταμένου

131 966 222 1020 καὶ
284 966 459 1028 αὐτὸς
507 964 803 1040 ἐξορμῆσαι
841 1007 853 1020 .
915 965 981 1020 Οἱ
1046 964 1182 1026 Ῥὼς
1237 961 1294 1018 δὲ
1362 963 1451 1018 καὶ
1507 965 1534 1016 6
1591 963 1798 1018 τούτων

133 1055 392 1130 ἀρχηγὸς
424 1055 454 1110 6
487 1047 959 1132 Σφενδοσθλάϐος,
997 1054 1097 1122 τὴν
1148 1051 1244 1108 του
1293 1051 1605 1126 Ῥωμαϊκοῦ
1639 1072 1798 1128 στρα-

131 1146 411 1216 τεύματος
463 1144 537 1207 ὡς
590 1141 852 1206 ἐπύθοντο
901 1141 1220 1215 περαίωσιν,
1270 1143 1798 1216 κοινοπραγησαντες

135 1231 586 1306 δεδουλωμένοις
625 1229 733 1302 ἤδη
778 1236 895 1293 τοῖς
945 1230 1306 1307 Βουλγάροις,
1369 1229 1799 1308 προσειληφότες

134 1320 192 1377 δὲ
255 1323 354 1376 καὶ
421 1322 752 1397 συμμάχους
813 1319 941 1374 τούς
997 1341 1058 1374 τε
1113 1320 1448 1388 Πατζινάκας
1508 1319 1599 1374 καὶ
1670 1318 1796 1381 τοὺς

133 1412 274 1488 πρὸς
339 1409 490 1465 δύσιν
560 1409 610 1464 ἐν
677 1414 943 1480 Παννονίᾳ
998 1408 1435 1482 κατῳκισμένους
1496 1407 1796 1482 Τούρκους,

133 1510 223 1564 καὶ
285 1507 374 1564 διὶ
419 1509 634 1564 πάντων
695 1508 919 1582 στρατὸν
978 1504 1323 1580 πολεμιστὴν
1367 1501 1685 1580 ἠθροικότες
1742 1505 1794 1568 ἐς

135 1597 594 1674 ὀκτακισχιλίους
623 1597 709 1653 ἐπὶ
741 1596 1031 1671 τριάκοντα
1092 1602 1313 1671 μυριάσι
1361 1595 1795 1673 κορυφούμενον,

134 1689 223 1742 καὶ
285 1688 386 1742 τὸν
444 1690 620 1759 Αἷμον
680 1681 960 1749 διαϐάντες
992 1733 1004 1757 ,
1063 1692 1235 1740 πᾶσαν
1295 1681 1636 1760 ἐπυρπόλουν
1696 1688 1796 1754 την

138 1777 362 1852 Θράκην
415 1776 506 1831 καὶ
539 1775 849 1848 ἐληίζοντο,
880 1775 1184 1850 πηξάμενοι
1226 1769 1587 1851 παρεμϐολήν
1621 1776 1795 1850 ἀγχοῦ

134 1886 240 1919 που
322 1869 432 1920 τῶν
500 1869 702 1941 τειχῶν
780 1862 1313 1940 Ἀρκαδιουπόλεως,
1395 1864 1610 1919 κάκεῖσε
1690 1865 1790 1934 τήν

132 1951 469 2027 συμπλοκὴν
547 1951 902 2030 ἐκδεχόμενοι
972 1959 1069 2009 τοῦ
1147 1951 1396 2027 πολέμου
1456 1955 1670 2026 [Ρ.667]
1726 1954 1786 2010 Ὁ

131 2043 188 2098 εὶ
248 2045 554 2119 μάγιστρος
611 2040 818 2118 Βάρδας
877 2043 904 2097 6
961 2042 1216 2115 Σκληρὸς
1275 2042 1348 2106 ὡς
1413 2038 1606 2117 ᾔσθετο
1654 2041 1789 2097 κατὰ

129 2131 274 2187 πολὺ
335 2137 417 2204 τῷ
474 2131 676 2203 πλήθει
737 2130 1062 2205 λειπόμενος
1117 2131 1449 2209 (περιίστατο
1496 2133 1596 2207 γὰρ
1642 2131 1789 2203 αὐτῷ

128 2227 272 2277 πᾶσα
326 2225 360 2292 ἡ
395 2223 622 2297 στρατιὰ
650 2221 725 2284 εἷς
762 2223 831 2297 ιβ’
860 2220 1167 2298 χιλιάδας),
1228 2227 1612 2298 στρατηγικαῖς
1647 2216 1787 2296 ἔγνω

127 2311 364 2374 ἀπάταις
420 2310 551 2373 τοὺς
622 2311 893 2373 ἐναντίους
965 2310 1270 2388 περιελθεῖν
1330 2312 1420 2366 καὶ
1475 2312 1642 2386 τέχνῃ
1698 2309 1787 2364 καὶ

135 2400 366 2478 μηχανῇ
421 2400 489 2455 τὰ
542 2405 777 2455 τοσαῦτα
826 2400 1247 2478 κατεργάσασθαι
1297 2398 1485 2471 πλήθη
1516 2441 1528 2455 .
1597 2402 1662 2453 '0
1719 2396 1786 2468 δὴ

131 2491 221 2545 καὶ
281 2489 496 2564 γέγονε.
557 2488 889 2564 Συγκλείσας
937 2491 1038 2565 γὰρ
1096 2490 1281 2544 ἑαυτὸν
1316 2488 1407 2543 σὺν
1466 2492 1534 2563 τῇ
1568 2488 1790 2564 στρατίᾷ

136 2577 265 2633 εἴσω
299 2583 528 2655 τειχῶν,
589 2575 779 2633 πολλά
833 2577 1294 2654 προκαλουμένων
1352 2582 1460 2633 τῶν
1502 2575 1786 2651 πολεμίων

136 2666 372 2740 ἐξελθεῖν
437 2667 529 2722 καὶ
601 2669 724 2743 περὶ
800 2673 907 2722 τῶν
963 2665 1106 2722 ὅλων
1167 2665 1623 2742 διαγωνίσασθαι,
1684 2667 1792 2742 οὺχ

139 2757 470 2827 ὑπήκουσεν,
531 2757 658 2812 ἀλλ’
717 2756 986 2833 ἐκαρτέρει
1039 2757 1113 2818 ὡς
1141 2755 1282 2832 τάχα
1339 2754 1633 2825 δειλιάσας,
1671 2754 1792 2831 βλέ-

134 2867 242 2898 πων
277 2845 412 2908 τοὺς
474 2845 810 2909 ἀντιπάλους
865 2846 932 2901 τὰ
984 2845 1372 2922 παρατυχόντα
1427 2845 1687 2918 φέροντάς
1731 2866 1790 2900 τε

133 2936 216 2990 καὶ
273 2936 533 3008 ἄγοντας.
586 2938 764 2993 Τοῦτο
797 2932 854 2989 δὶ
888 2937 950 2990 τὸ
999 2933 1280 3011 βούλευμα
1326 2933 1567 3009 μεγάλην
1621 2955 1789 2990 κατα-

137 3025 398 3100 ρρόνησιν
453 3023 739 3094 ἐνεποίησε
800 3030 917 3086 τοῖς
969 3019 1287 3101 βαρϐάροις·
1350 3023 1624 3094 οἰηθέντες
1684 3025 1788 3100 γὰρ

147 3113 217 3175 ὡς
306 3118 433 3176 ταῖς
490 3112 772 3184 ἀληθείαις
831 3111 976 3184 ειλίᾳ
1033 3113 1397 3188 συνεχόμενος
1451 3114 1478 3167 6
1539 3112 1791 3189 Σκληρὸς

139 3200 543 3276 συγκεκλεικὼς
593 3199 713 3277 ἔχει
790 3203 1008 3278 τείχους
1090 3197 1241 3257 ἔνδον
1307 3203 1404 3265 τὰς
1479 3203 1789 3276 Ῥωμαϊκὰς

135 3291 439 3366 τάλαγγας,
495 3290 794 3362 ἐπεξελθεῖν
857 3293 932 3364 μὴ
991 3288 1238 3365 τολμῶν,
1300 3288 1470 3353 ἀδεως
1523 3312 1582 3346 τε
1638 3290 1786 3347 ἐσκε-

130 3376 391 3435 εάννυντο
462 3382 555 3436 καὶ
632 3378 854 3454 ἀμελῶς
930 3378 1451 3456 ἐστρατοπεδεύοντο
1519 3381 1611 3435 καὶ
1687 3389 1787 3451 τῆς

131 3478 449 3553 πρεπούσης
504 3475 753 3550 ἠμέλουν
785 3478 1054 3557 φυλακῆς,
1094 3480 1284 3541 πότοις
1334 3478 1423 3533 καὶ
1459 3480 1644 3551 μέθαις
1697 3482 1786 3534 καὶ

142 3565 329 3628 αὐλοῖς
409 3567 505 3622 καὶ
583 3562 890 3640 κυμϐάλοις
947 3569 1034 3622 καὶ
1103 3569 1370 3643 ἀρχήσεσι
1435 3564 1789 3644 βαρϐαρικαῖς

135 3654 639 3728 διανυκτερεύοντες
710 3657 799 3711 καὶ
861 3654 1094 3728 μηδενὸς
1142 3662 1250 3712 τῶν
1311 3654 1539 3712 δεόντων
1598 3657 1788 3731 ἐπιμε-

138 3745 384 3816 λόμενοι.
473 3749 674 3818 Καιροῦ
754 3747 934 3800 τοίνυν
1014 3743 1326 3816 ἐπιτηδείου
1408 3742 1712 3819 λαϐόμενος
1761 3749 1788 3802 6

135 3833 367 3907 Βάρδας,
426 3833 518 3888 καὶ
576 3834 726 3896 ὅπως
785 3834 1035 3906 ἐπίθηται
1076 3841 1196 3898 τοῖς
1249 3835 1469 3911 ἐχθροῖς
1526 3837 1581 3891 εὖ
1642 3836 1788 3909 μάλα

139 3920 533 3993 διασκοπήσας,
587 3923 675 3978 καὶ
713 3925 813 3992 τὴν
842 3925 1052 3997 ἡμέραν
1091 3924 1179 3978 καὶ
1231 3926 1330 3993 τήν
1385 3921 1529 3997 ὤραν
1581 3926 1784 4000 ὁρίσας,

133 4011 333 4087 λόχους
398 4012 492 4066 καὶ
547 4009 766 4087 ἐνέδρας
820 4015 1010 4076 νυκτὸς
1042 4012 1131 4068 ἐπί
1171 4035 1335 4068 τινων
1396 4013 1788 4089 εύκαιροτάτων

134 4102 356 4174 χωρίων
420 4102 766 4174 στησάμενος
825 4103 1078 4173 Ἰωάννην
1136 4101 1421 4177 πατρίκιον
1478 4104 1572 4157 τὸν
1624 4101 1788 4160 Ἀλα-

135 4188 290 4243 luo-£1
352 4189 498 4261 μετά
553 4209 693 4250 τινος
743 4188 934 4264 ὀλίγης
986 4188 1267 4264 δυνάμεως
1313 4190 1600 4266 ἐκπέμπει,
1650 4213 1787 4268 προ-

129 4278 347 4353 τρέχειν
401 4275 664 4340 κελεύσας
718 4279 808 4333 καὶ
858 4276 1168 4334 διασκοπεῖν
1223 4280 1349 4342 τοὺς
1412 4280 1644 4355 ἐχθροὺς
1695 4281 1785 4336 καὶ

137 4366 273 4437 Θαμᾶ
304 4366 456 4442 πρὸς
486 4365 650 4421 αὐτὸν
711 4367 934 4439 μηνύειν
980 4367 1071 4422 καὶ
1137 4370 1245 4438 ὅπη
1301 4369 1545 4444 πάρεισιν
1604 4367 1788 4425 ἀναδι-

139 4450 375 4526 δάσκειν,
432 4455 738 4529 ἐπισκήψας
772 4455 830 4510 δὲ
858 4458 945 4512 καὶ
990 4460 1255 4531 συμμῖξαι
1284 4457 1497 4521 τούτοις
1546 4458 1787 4534 ἐγγίσασι

136 4556 218 4608 καὶ
272 4558 398 4628 ἅμα
442 4555 515 4630 τῇ
569 4556 865 4631 συμπλοκῇ
915 4555 1097 4613 δοῦναι
1152 4559 1218 4613 τά
1275 4564 1419 4614 νῶτα
1441 4561 1531 4614 καὶ
1562 4558 1784 4632 δόκησιν

1915 611 2212 682 statuique
2241 611 2392 667 veris
2422 612 2590 668 initio
2627 613 2752 685 ipse
2802 631 3035 686 quoque
3079 615 3138 670 in
3190 615 3405 672 bellum
3439 633 3572 688 pro-

1913 698 2229 755 ficisci.Sed
2261 701 2427 756 Rossi
2453 718 2769 773 eorumque
2789 704 2997 760 ductor
3012 704 3572 776 Sphendostblabus

1913 789 2113 844 audito
2146 789 2438 846 Romanas
2471 792 2671 863 c0pias
2700 793 3020 863 trajecisse,
3056 795 3392 865 conjunctis
3424 812 3572 866 quos

1905 879 2028 950 jam
2063 879 2118 932 in
2136 896 2242 934 sua
2256 880 2547 935 habebant
2572 885 2856 952 potestate
2870 883 3372 953 Bulgaris,ascitis
3389 885 3570 941 etiam

1912 969 1984 1022 ad
2001 967 2130 1022 belli
2146 970 2506 1024 consortium
2523 970 2934 1037 Patzinacis,et
2949 973 3047 1043 qui
3062 972 3121 1027 in
3142 973 3569 1030 Pannoniaver-

1911 1074 2013 1112 sus
2044 1073 2315 1113 occasum
2349 1059 2696 1114 habitabant
2725 1060 2952 1128 Turcis,
2985 1062 3238 1117 exercitu
3290 1063 3568 1120 bellicoso

1909 1151 2259 1217 congregato
2281 1148 2352 1202 ad
2385 1149 2487 1201 308
2518 1149 2780 1204 virorum
2823 1150 3028 1221 millia,
3061 1152 3292 1206 [Emam
3343 1153 3566 1225 egressi

1911 1235 2243 1290 universam
2287 1235 2594 1292 Thraciam
2648 1238 2938 1294 incendiis
2987 1256 3054 1294 ac
3105 1241 3566 1311 praedationibus

1906 1328 2248 1390 vastarunt;
2292 1325 2618 1397 castrisque
2668 1344 2847 1399 prope
2921 1345 3118 1384 muros
3161 1329 3566 1401 Arcadiopolis

1900 1413 2076 1470 factis
2107 1416 2288 1487 prelii
2313 1417 2672 1473 occasionem
2708 1417 3024 1490 prmstolati
3057 1423 3300 1474 sunt.At
3321 1421 3563 1488 Bardas,

1907 1506 2007 1577 qui
2038 1521 2100 1561 se
2131 1522 2374 1561 numero
2404 1506 2676 1563 hostibus
2706 1507 2890 1564 multo
2923 1507 3258 1564 inferiorem
3290 1509 3562 1578 sentiret,

1907 1595 2122 1666 quippe
2135 1595 2444 1651 duodecim
2460 1597 2700 1651 omnino
2719 1596 2970 1652 millium
2997 1597 3288 1653 excercitu
3306 1599 3564 1654 instruc-

1906 1687 2024 1753 tus,
2058 1684 2285 1740 artibus
2316 1685 2712 1756 imperatoriis
2744 1686 2950 1741 statuit
2970 1686 3250 1741 barbaros
3283 1688 3430 1744 885
3451 1687 3562 1742 cir-

1906 1774 2242 1829 cumvenire
2273 1777 2524 1844 astuque
2553 1779 2622 1845 et_
2645 1775 2935 1830 machinis
2965 1779 3189 1830 tantam
3238 1775 3562 1846 opprimere

1908 1861 2574 1934 multitudinem.Neque
2598 1880 2728 1919 eum
2749 1863 2800 1919 is
2823 1867 3067 1920 conatus
3087 1865 3408 1920 frustratus
3429 1863 3558 1920 fuit.

1897 1962 2120 2035 Quippe
2147 1978 2206 2018 se
2236 1979 2366 2018 cum
2398 1963 2525 2018 suis
2555 1963 2713 2018 intra
2743 1979 2942 2019 muros
2973 1963 3304 2036 continens,
3337 1963 3556 2020 Barba-

1898 2052 2098 2122 risque
2129 2050 2330 2106 crebro
2344 2052 2793 2122 provocantibus
2815 2053 2884 2107 ad
2909 2055 3202 2109 certamen
3225 2053 3296 2109 de
3317 2068 3554 2110 summa

1898 2156 2092 2196 rerum
2107 2140 2429 2195 ineundum
2448 2157 2562 2196 non
2577 2140 3554 2214 obtemperans,metumquesimu-

1895 2229 2048 2297 lans,
2081 2227 2462 2302 quantumvis
2491 2246 2736 2286 suorum
2765 2246 2858 2286 res
2887 2231 2959 2286 ab
2989 2229 3158 2286 hoste
3187 2230 3279 2302 agi
3302 2231 3557 2301 ferrique

1899 2324 2184 2390 cerneret,
2218 2323 2412 2375 tamen
2463 2336 2638 2374 suum
2691 2320 2972 2375 tenebant
3018 2319 3403 2391 propositum.
3438 2319 3557 2375 Hoc

1899 2413 2066 2480 pacto
2084 2424 2365 2479 magnum
2384 2407 2716 2463 suicontem
2728 2413 2892 2479 ptum
2916 2409 3069 2480 apud
3090 2408 3382 2464 Barbaros
3405 2408 3559 2464 exci-

1898 2497 2073 2552 tavit:
2097 2496 2137 2550 it
2165 2496 2321 2550 enim
2343 2496 2704 2552 ratiomnino
2721 2497 3288 2553 formidineductum
3313 2497 3556 2553 bardam

1900 2603 2037 2641 suos
2053 2585 2344 2640 moenibus
2361 2584 2616 2640 inclusos
2632 2586 3112 2658 detinere,neque
3131 2587 3346 2642 audere
3361 2586 3561 2657 egredi

1897 2672 2080 2730 libere
2113 2690 2282 2744 porro
2315 2674 2531 2746 vagari,
2585 2677 2776 2729 castra
2824 2675 3190 2747 negligenter
3239 2675 3470 2742 metari,
3505 2679 3562 2730 et

1899 2764 2176 2820 excubias
2207 2763 2432 2818 debitas
2483 2763 2852 2833 posthabere,
2888 2770 3087 2820 noctes
3143 2765 3400 2836 potando
3455 2781 3560 2836 per

1898 2853 2237 2909 ebrietatem
2271 2853 2424 2908 inter
2454 2851 2684 2908 ﬁstulas
2715 2856 2771 2907 et
2810 2851 3063 2908 cimbala
3108 2860 3161 2908 et
3211 2852 3556 2909 saltationes

1899 2942 2232 2998 barbaricas
2264 2943 2493 3010 ducere,
2531 2942 2787 3012 denique
2826 2941 2973 2996 nihil
3006 2958 3210 2998 eorum
3262 2959 3389 3014 quae
3420 2943 3557 2998 atti-

1899 3032 2074 3086 nebat
2104 3047 2328 3086 curare.
2358 3031 2503 3100 Ergo
2551 3031 2771 3086 Bardas
2819 3030 3186 3087 occasionem
3236 3035 3468 3098 nactus,
3500 3033 3558 3087 et

1897 3121 2191 3192 quomodo
2223 3119 2421 3175 hostes
2453 3120 2784 3175 adoriretur
2811 3123 3082 3176 accurate
3114 3120 3556 3187 meditatus,die

1901 3219 2161 3289 horaque
2201 3219 2271 3273 ad
2305 3219 2411 3273 hoc
2440 3218 2787 3290 designatis,
2819 3218 3122 3290 dispositis
3143 3235 3247 3290 per
3275 3221 3556 3290 opportu-

1902 3307 2150 3364 nissima
2179 3306 2306 3363 loca
2335 3306 2880 3377 insidiis,Joannem
2904 3307 3219 3378 patricium
3241 3305 3556 3363 Alacasen-

1899 3413 2024 3454 sem
2056 3413 2190 3452 cum
2241 3397 2468 3452 modica
2517 3413 2696 3452 manu
2743 3398 2980 3464 emittit,
3035 3396 3135 3468 qui
3186 3395 3558 3468 speculatum

1896 3487 2096 3543 hostes
2117 3487 2698 3559 excurreret,ubique
2720 3486 2757 3541 ii
2784 3492 2984 3543 essent
3015 3486 3172 3543 illico
3195 3486 3308 3543 sibi
3336 3503 3562 3542 renun-

1898 3576 2087 3643 tiaret,
2122 3576 2390 3632 hostibus
2422 3575 3034 3647 appropinquantibus
3067 3592 3307 3632 manum
3351 3591 3556 3632 conse-

1898 3665 2386 3736 reret,subitoque
2407 3670 2571 3734 terga
2594 3667 2744 3719 dans
2767 3659 3024 3736 speciem
3056 3666 3202 3734 fugae
3235 3664 3555 3734 exhiberet,

1899 3771 2012 3810 non
2046 3755 2284 3826 quidem
2319 3758 2380 3807 ut
2411 3754 2592 3808 effuse
2622 3753 2832 3808 laxatis
2863 3769 3154 3824 equorum
3187 3752 3432 3807 habenis
3465 3753 3556 3807 fu-

1897 3849 2121 3915 gerent,
2155 3844 2255 3897 sed
2313 3841 2596 3914 paulatim
2643 3846 2702 3896 et
2749 3842 2903 3896 386
2955 3840 3273 3912 composito
3320 3840 3557 3912 agmine

1897 3933 2254 4002 recederent,
2286 3947 2714 4002 nonnunquam
2747 3931 2924 3985 etiam
2950 3947 3115 4000 aequo
3138 3929 3265 3985 loco
3287 3929 3556 3985 conversi

1895 4039 2028 4077 cum
2063 4022 2227 4076 hoste
2261 4024 2611 4091 pugnarent,
2644 4021 2829 4075 donec
2865 4036 2998 4074 eum
3034 4021 3093 4074 in
3144 4019 3393 4074 insidias
3422 4035 3554 4090 per-
3597 4048 3608 4057 -

1897 4111 2199 4167 traherent
2232 4128 2244 4165 :
2276 4116 2403 4164 tum
2435 4126 2567 4165 vero
2611 4111 2790 4165 etfuse
2821 4112 2877 4164 et
2909 4108 3068 4164 nullo
3119 4109 3325 4163 ordine
3355 4109 3558 4177 fugam

1898 4201 2175 4256 facerent.
2227 4200 2406 4254 Erant
2450 4198 2684 4255 barbari
2734 4197 2794 4253 in
2847 4202 2964 4254 tres
3008 4198 3180 4253 divisi
3221 4202 3441 4269 partes.
3494 4197 3558 4252 In

1897 4288 2086 4361 prima
2116 4293 2283 4344 erant
2314 4303 2445 4344 cum
2498 4287 2702 4344 Rossis
2753 4287 3014 4359 Bulgari,
3062 4286 3310 4343 seorsim
3358 4285 3556 4352 Turci,

1896 4379 2141 4434 seorsim
2173 4379 2350 4433 etiam
2384 4378 2723 4433 Patzinacas.
2759 4381 2898 4433 Fors
2929 4379 3012 4434 ita
3040 4377 3174 4433 tulit
3207 4380 3270 4432 ut
3298 4376 3558 4432 Joannes

1898 4468 2086 4540 primo
2117 4467 2383 4522 omnium
2415 4467 2475 4521 in
2519 4467 2863 4522 Patzinacas
2913 4465 3217 4522 incideret.
3269 4468 3555 4536 Cumque,

1899 4557 1983 4613 uti
2017 4558 2361 4614 mandatum
2391 4557 2443 4612 ei
2476 4556 2659 4613 fuisse
2705 4555 3262 4620 demonstravimus,
3313 4552 3555 4626 oblique

142 4644 449 4719 φευγόντων
527 4647 976 4722 παρεσχηκέναι,
1053 4649 1128 4720 μὴ
1188 4647 1431 4722 ἀκρατῶς
1493 4651 1670 4721 μέντοι
1727 4671 1788 4725 γε

1899 4647 2172 4702 recedens
2204 4647 2403 4717 fugam
2435 4645 2760 4713 simularet,
2795 4645 3115 4701 Patzinacas
3140 4643 3394 4700 turbatis
3426 4642 3550 4698 suis

133 4732 367 4809 ξετὲγειν,
439 4733 557 4806 δλφ
637 4734 831 4812 ῥυτῆρι
909 4734 1158 4800 ἐνδόντας
1234 4743 1351 4800 τοῖς
1405 4737 1600 4801 Ἵπποις
1656 4738 1784 4802 τοὺς

134 4823 416 4896 χαλινοὺς,
495 4822 621 4880 ἀλλ’
678 4824 860 4899 ἡρέμα
915 4826 1002 4880 καὶ
1067 4828 1201 4899 μετά
1253 4826 1486 4898 τάξεως,
1546 4827 1654 4898 ὅπη
1726 4825 1783 4881 δέ

133 4913 425 4986 παρείκοι,
501 4912 592 4966 καὶ
672 4913 1103 4992 ὑποστρέψαντας
1180 4914 1580 4990 συῤῥήγνυσθαι
1662 4922 1779 4978 τοῖς

133 4998 375 5074 ἐχθροῖς,
436 5000 528 5055 καὶ
558 4999 701 5057 οὕτω
730 5008 905 5057 ποιεῖν
967 5003 1164 5078 μέχρις
1223 5003 1282 5058 ἂν
1312 5005 1386 5066 εἰς
1417 5005 1544 5068 τοὺς
1573 5003 1779 5080 λόχους

132 5089 382 5159 τούτους,
413 5089 504 5144 καὶ
545 5089 621 5150 εἷς
665 5090 760 5154 τάς
791 5089 1006 5165 ἐνέδρας
1036 5091 1487 5164 ἐναπσκλείσωσι,
1543 5095 1668 5149 τότε
1726 5091 1783 5148 δὲ

136 5178 393 5250 ἀκόσμως
444 5177 658 5253 φεύγειν
713 5179 803 5234 καὶ
859 5180 1267 5256 προτροπάδην.
1327 5189 1507 5257 Τριχῇ
1561 5181 1618 5237 δὲ
1671 5188 1778 5238 τῶν

139 5261 427 5342 βιρῧάρων
492 5264 865 5342 διαιρεθέντων
958 5269 1290 5345 (Βούλγαροι
1357 5273 1450 5345 μὲν
1523 5273 1622 5347 γάρ
1691 5271 1780 5326 καὶ

137 5355 263 5417 Ῥὼς
329 5356 430 5423 τήν
493 5357 714 5432 πρώτην
782 5355 1090 5434 ἀνεπλήρου
1144 5357 1374 5434 μερίδα,
1432 5365 1664 5436 Τοῦρκοι
1725 5358 1782 5415 δέ

133 5445 240 5496 119’
299 5446 529 5508 ἑαυτοὺς
587 5448 719 5513 ἦσαν
757 5447 910 5519 μόνοι
958 5448 1046 5502 καὶ
1100 5450 1426 5518 Πατζινάκαι
1477 5450 1779 5523 ὡσαύτως),

135 5539 438 5616 ἐρχόμενος
483 5541 571 5597 οὖν
626 5544 653 5597 6
699 5542 956 5615 Ἰωάννης
1004 5544 1368 5620 συμπλέκεται
1425 5554 1542 5611 τοῖς
1591 5553 1783 5618 Πατζι-

131 5631 310 5694 νίκαις
342 5632 480 5687 κατά
509 5631 683 5708 τύχην
716 5635 1082 5704 συνηντηκὼς,
1131 5635 1220 5690 καὶ
1270 5635 1448 5712 ὥσπερ
1505 5639 1570 5708 ἦν
1631 5639 1781 5710 αὐτῷ

135 5720 626 5799 παρηγγελμένον,
672 5728 1050 5800 προσποιεῖται
1100 5726 1297 5804 φυγήν,
1350 5725 1619 5804 σχολαίαν
1677 5729 1778 5798 τὴν

1891 4736 2197 4792 ordinibus
2227 4736 2665 4807 instabant,spe
2689 4735 2974 4804 fugientes
2998 4733 3190 4790 subito
3222 4747 3427 4788 omnes
3456 4731 3551 4786 de-

1888 4825 2068 4881 lendi.
2103 4825 2350 4880 Romani
2383 4826 2554 4880 modo
2585 4825 2818 4894 agmine
2863 4822 3187 4894 composito
3232 4821 3547 4892 fugientes,

1894 4921 2065 4976 modo
2097 4920 2367 4976 hostibus
2398 4935 2527 4975 sese
2558 4921 2924 4975 obvertentes
2975 4935 3042 4974 ac
3091 4917 3445 4990 praeliantes,
3474 4915 3547 4969 ad

1891 5009 2141 5065 insidias
2172 5026 2414 5065 cursum
2445 5009 2759 5074 tenebant;
2794 5008 2852 5062 in
2886 5024 3034 5078 quas
3069 5005 3293 5062 medias
3325 5002 3424 5058 ubi
3449 5019 3548 5058 ve-

1892 5106 2127 5165 nerunt,
2158 5099 2366 5154 laxatis
2398 5097 2644 5153 habenis
2678 5097 2859 5152 effuse
2893 5097 3262 5168 fugerunt,ac
3283 5093 3552 5148 Patzina-

1891 5205 1966 5243 cas
1999 5189 2301 5260 dissipatis
2324 5187 2630 5244 ordinibus
2654 5186 2982 5257 promiscue
2999 5202 3096 5240 eos
3119 5188 3260 5240 sunt
3289 5181 3546 5236 insecuti

1890 5278 1999 5332 Sed
2032 5278 2132 5332 ubi
2165 5278 2377 5333 Bardas
2409 5277 2602 5332 subito
2633 5292 2770 5330 cum
2801 5280 2922 5330 toto
2953 5275 3209 5330 exercitu
3252 5269 3545 5343 apparuit,

1891 5384 1950 5422 re
1982 5366 2302 5437 improvisa
2334 5367 2688 5422 consternati
2720 5364 2941 5420 omissa
2990 5362 3397 5435 persecutione
3427 5375 3544 5414 non

1891 5455 2129 5526 quidem
2162 5455 2314 5525 fugae
2342 5456 2441 5510 sed
2474 5453 2800 5508 defensioni
2835 5469 2963 5508 sese
3005 5455 3303 5523 pararunt.
3355 5447 3541 5503 Vehe-

1890 5543 2070 5599 menti
2103 5548 2298 5599 autem
2330 5561 2463 5599 cum
2495 5544 2720 5615 impetu
2753 5543 2946 5597 Bardas
2979 5540 3233 5596 exercitu
3256 5539 3538 5604 irruente,

1889 5645 2064 5712 atque
2093 5641 2276 5698 altera
2323 5657 2557 5714 quoque
2589 5659 2622 5696 a
2651 5645 2814 5711 tergo
2861 5639 3151 5712 phalange
3198 5634 3537 5709 compositis

1906 5730 2231 5788 ordinibus
2271 5731 2810 5804 ingruente,statim
2842 5728 3152 5788 fortissimi
3182 5727 3398 5800 quique
3426 5726 3538 5796 Sey
