4050 6326
478 391 595 457 “9
1829 391 2147 454 GEORGII
2192 389 2531 451 CEDRENI
3767 390 3890 450 120

456 528 696 585 tharum
729 526 1104 598 ceciderunt;
1134 530 1193 583 et
1221 544 1422 583 corum
1452 526 1741 600 phalange
1790 526 1904 582 alte
1933 526 2111 583 dissi-

2237 522 2578 599 ἀναχώρησιν
2631 520 2977 593 ποιούμενος”
3033 521 3297 579 ἐνέκειντο
3345 520 3391 578 δ’
3442 524 3495 578 οἱ
3550 522 3878 592 Πατζινάκαι

456 622 615 690 pata,
650 616 927 672 cornibus
958 620 1358 673 Romanorum
1404 618 1755 672 coeuntibus
1804 616 1865 671 in
1923 615 2119 670 medio

2237 615 2322 675 τὰς
2373 612 2575 667 έαυτῶν
2630 609 2888 676 λύσαντες
2932 613 3126 685 τάξεις,
3186 612 3261 675 ὡς
3311 612 3455 688 τάχα
3484 612 3609 674 τοὺς
3653 611 3885 690 φεύγον-

459 705 807 778 deprehensi
840 704 1157 761 Patzinace
1190 710 1364 777 atque
1406 704 1465 760 in
1498 707 1699 761 orbem
1734 702 2119 759 circumventi

2237 723 2320 763 τας
2378 700 2687 779 ἀφανίσαιεν
2722 698 2913 775 ἄρδην.
2966 702 3191 756 Ἐκεῖνοι
3251 698 3308 757 δέ
3337 706 3425 757 νῦν
3463 701 3559 774 μὶν
3592 700 3890 779 φεύγοντες

460 814 573 853 non
610 797 711 851 diu
740 796 858 851 vim
892 796 1325 869 sustinuerunt,
1359 796 1457 852 sed
1495 795 1774 851 inclinata
1796 796 1918 850 acie
1941 811 2119 866 prope

2237 791 2367 865 μετά
2397 793 2620 863 τάξεως,
2673 795 2765 845 νῦν
2814 788 2858 844 δ’
2915 792 3339 869 ὑποστρέφοντες
3398 791 3488 846 καὶ
3548 790 3887 863 ἀμυνόμενοι

460 886 719 942 universi
752 889 895 941 sunt
924 885 1125 941 occisi.

2237 876 2377 945 ἔθεον
2438 880 2576 955 πρὸς
2633 880 2760 943 τοὺς
2810 878 3014 957 λόχους
3047 925 3061 938 .
3115 882 3261 938 Ἐπεὶ
3315 878 3372 935 δὲ
3430 880 3521 935 καὶ
3573 878 3626 943 ἐς
3688 882 3892 953 μέσους

461 974 712 1050 ἐγένοντο
768 971 1018 1041 τούτους,
1096 973 1220 1027 τότε
1296 970 1362 1042 δή
1441 972 1647 1035 ἀνέντες
1720 970 1849 1035 τοὺς
1924 970 2208 1048 χαλινοὺς
2281 970 2526 1045 ἀκρατῶς
2597 966 2841 1046 ἔφευγον,
2910 970 3000 1024 καὶ
3071 971 3125 1024 οἳ
3185 970 3511 1042 Πατζινάκρι
3570 968 3893 1045 ἐκχυθέντες

464 1062 711 1124 ἀτάκτως
771 1059 1022 1118 ἐδίωκον.
1103 1062 1487 1137 Ἐπιφανέντος
1558 1058 1603 1115 δ’
1678 1059 1926 1137 ἐξαίφνης
2005 1064 2102 1115 τοῦ
2175 1058 2472 1134 μαγίστρου
2546 1058 2680 1132 μετά
2743 1059 2942 1121 παντὸς
3015 1062 3111 1114 τοῦ
3168 1063 3419 1133 στρατοῦ,
3475 1062 3555 1130 τῷ
3610 1055 3893 1134 ἀπροσδο-

466 1153 618 1224 κήτῳ
670 1149 1264 1226 καταπλαγέντες-τήν
1329 1152 1423 1223 μέν
1484 1147 1664 1223 δίωξιν
1721 1149 1951 1225 ἐπέσχον
2012 1150 2100 1224 [Ρ.
2134 1151 2260 1221 668]
2312 1146 2374 1202 οὐ
2434 1150 2540 1220 μήν
2602 1161 2672 1223 γε’
2718 1148 2807 1202 καὶ
2851 1147 2905 1212 ἐς
2954 1148 3132 1226 φυγήγ
3188 1146 3431 1221 ἀπεῖδον,
3484 1146 3609 1203 ἀλλ’
3667 1145 3883 1220 ἔμενον,

467 1238 534 1310 ἤν
584 1261 668 1302 τις
728 1239 872 1295 ἐπίοι
927 1237 1225 1313 δεξόμενοι.
1284 1240 1435 1296 Μετὰ
1481 1237 1715 1315 σφοδρᾶς
1774 1237 1831 1293 δὲ
1890 1238 2069 1315 ῥύμης
2123 1242 2232 1291 τῶν
2291 1238 2414 1313 περὶ
2466 1238 2559 1292 τὸν
2616 1237 2910 1313 μάγιστρον
2972 1236 3358 1311 συμπεσόντων
3418 1236 3749 1305 αύτοῖς,καὶ
3780 1244 3885 1307 τῆς

472 1329 678 1400 λοιπῆς
738 1329 1014 1408 φάλαγγος
1059 1324 1276 1384 ὄπισθεν
1336 1329 1646 1405 ἐρχομένης
1709 1330 1821 1402 μετ’
1882 1327 2172 1401 εὐκοσμίας
2230 1328 2318 1382 καὶ
2375 1327 2595 1400 τάξεως,
2654 1327 2946 1383 πίπτουσιν
3011 1326 3169 1391 εὐθὺς
3249 1328 3300 1382 οἱ
3348 1325 3725 1402 ἀλκιμώτεροι
3776 1331 3892 1381 τῶν

473 1418 717 1474 Σκυθῶν.
779 1416 877 1471 Καὶ
935 1418 1072 1472 κατά
1132 1417 1297 1492 βάθος
1345 1424 1442 1487 τῆς
1497 1414 1778 1494 φάλαγγος
1852 1416 2168 1493 σχισθείσης
2240 1414 2293 1479 ές
2362 1415 2560 1488 μέσους
2609 1415 2937 1489 ἐμπίπτουσι
2986 1414 3115 1477 τοὺς
3164 1413 3371 1490 λόχους
3422 1415 3475 1469 οἱ
3535 1414 3891 1486 Πατζινάκαι,

466 1510 577 1561 τῶν
619 1505 860 1582 κεράτων
894 1504 1261 1562 συνελθόντων
1295 1504 1569 1577 ἀλλήλοις
1599 1505 1689 1561 καὶ
1718 1504 1993 1562 κύκλωσιν
2019 1501 2487 1562 ἀποτελεσάντων.
2522 1506 2639 1564 Ἐπ’
2678 1504 2862 1582 ὀλίγον
2917 1504 3008 1560 οὖν
3054 1504 3403 1581 ἀντισχόντες
3452 1500 3749 1571 ἐνέκλιναν,
3798 1502 3892 1558 καὶ

470 1593 666 1657 πάντες
696 1590 892 1670 σχεδὸν
925 1593 1318 1666 κατεκόπησαν.

548 1703 698 1758 887
734 1703 835 1760 His
865 1703 975 1759 hoc
999 1703 1172 1759 modo
1204 1702 1393 1771 victis,
1422 1703 1640 1759 Bardas
1673 1719 1807 1759 cum
1838 1719 1907 1759 ex
1937 1701 2123 1774 capti-

2302 1699 2460 1758 Οὕτω
2502 1699 2559 1757 δὲ
2614 1701 2840 1766 τούτους
2894 1699 3230 1777 τρεψάμενος
3294 1700 3321 1753 ὁ
3380 1696 3606 1775 Βάρδας,
3662 1698 3751 1755 καὶ
3802 1697 3897 1756 διὰ

476 1793 565 1849 vis
597 1791 987 1848 intellexisset
1015 1790 1272 1863 reliquos
1304 1792 1496 1849 adhuc
1544 1794 1801 1865 integros
1845 1792 2128 1848 instructa

2244 1810 2352 1844 των
2398 1789 2774 1867 αἰχμαλώτων
2834 1792 3016 1864 μαθὼν
3073 1790 3148 1852 ὡς
3200 1788 3290 1845 καὶ
3323 1788 3375 1844 o't
3432 1788 3620 1845 λοιποὶ
3650 1787 3898 1863 ἀκμῆτες

480 1882 604 1940 acie
633 1897 895 1955 pugnam
927 1885 1285 1953 exspectare,
1316 1886 1471 1938 recta
1500 1881 1561 1938 in
1591 1898 1689 1938 eos
1718 1881 1900 1938 ducit.
1937 1879 1980 1936 Ii
2002 1896 2128 1936 vero

2244 1877 2394 1942 ὅντες
2467 1880 2831 1955 προσμένουσι
2916 1879 3335 1954 συντεταγμένοι
3420 1878 3511 1933 τὸν
3591 1876 3838 1952 πόλεμον
3877 1920 3895 1946 ,

480 1970 717 2027 tametsi
766 1986 969 2026 recens
1018 1974 1296 2043 acceptus
1360 1971 1431 2026 de
1479 1971 1919 2026 Patzinacarum
1970 1968 2135 2025 clade

478 2059 725 2116 nuntius
750 2060 978 2115 animos
1008 2074 1214 2115 eorum
1238 2058 1538 2130 insperata
1566 2059 2134 2131 calamitate;fractos

473 2149 987 2219 dejecerat,tameu
1016 2152 1224 2203 mutuo
1257 2163 1388 2203 sese
1417 2147 1932 2217 cohortati,ascitis
1953 2146 2131 2204 etiam

473 2237 577 2310 qui
606 2253 675 2292 ex
705 2236 842 2309 fuga
870 2236 1269 2305 conﬂuebant,
1300 2238 1584 2293 Romanis
1614 2242 1949 2304 occurrunt,
1983 2253 2129 2309 prae-

472 2324 675 2381 missis
706 2324 1006 2396 equitibus
1037 2342 1102 2381 ac
1137 2326 1637 2398 subsequentibus
1667 2343 1766 2383 eos
1813 2325 2127 2399 peditibus.

473 2413 664 2470 Primo
696 2429 1016 2486 congressu
1045 2416 1273 2485 equites
1319 2432 1353 2471 a
1407 2415 1710 2483 Romanis,
1760 2432 2009 2487 quorum
2042 2414 2128 2470 vis

473 2501 717 2559 subsisli
751 2519 866 2558 non
900 2519 1072 2575 posse
1101 2504 1428 2572 videbatur,
1462 2505 1659 2575 rejecti
1692 2504 1872 2575 inque
1904 2504 2126 2575 pedita-

472 2596 598 2647 tum
626 2591 915 2663 compulsi
947 2593 1195 2648 sunt.lbi
1219 2610 1282 2649 se
1311 2592 1739 2666 recollegerunt
1759 2597 1816 2648 et
1836 2596 2125 2648 Romano-

476 2696 609 2736 rum
630 2680 917 2752 impetum
933 2682 1725 2755 sustinuerunt.Aliquandiu
1746 2682 1922 2737 dubio
1944 2682 2126 2736 Marte

475 2773 806 2843 pugnatum
824 2773 933 2840 est,
961 2770 1145 2827 donec
1176 2771 1385 2843 Scytha
1414 2771 1652 2843 quidam
1685 2772 1835 2827 mole
1866 2770 2127 2842 corporis

480 2862 537 2914 et
566 2857 774 2913 robore
805 2857 987 2913 animi
1035 2858 1246 2925 elatus,
1296 2865 1432 2915 ante
1480 2859 1625 2915 alios
1675 2877 2033 2931 progressus,
2065 2859 2122 2915 in

479 2946 678 3019 ipsum
710 2946 892 3003 fertur
938 2947 1212 3017 Bardam,
1264 2948 1365 3020 qui
1411 2964 1591 3020 eques
1640 2950 1876 3005 ordines
1926 2949 2126 3004 obibat

2240 1966 2492 2042 τρέπεται
2567 1969 2665 2038 τὴν
2741 1968 3003 2043 ταχίστην
3073 1968 3210 2044 πρὸς
3287 1964 3539 2028 ἐκείνους.
3618 1968 3770 2041 ’Ἄρτι
3846 1963 3897 2021 δ’

2244 2055 2439 2111 ἐκεῖνοι
2510 2058 2572 2112 τὸ
2649 2060 2755 2112 τῶν
2828 2060 3176 2126 Ῑῐατζινακῶν
3258 2054 3551 2133 ἐγνωκότες
3626 2055 3895 2131 ἀτύχημα

2240 2144 2683 2218 κατεκλείσθησαν
2746 2148 2842 2209 τὰς
2891 2145 3087 2222 ξψυχάς
3164 2150 3243 2220 τῷ
3298 2144 3552 2218 ἀδοκήτῳ
3608 2151 3706 2214 τῆς
3758 2166 3896 2218 συμ-

2239 2242 2431 2314 φορᾶς.
2509 2240 2699 2309 ’Ὀμως
2775 2236 3244 2313 παρακαλέσαντες
3310 2234 3532 2298 ἑαυτοὺς
3606 2234 3695 2290 καὶ
3759 2234 3893 2296 τοὺς

2240 2325 2300 2381 ἐκ
2346 2333 2446 2397 τῆς
2505 2334 2677 2405 φυγῆς
2753 2323 3132 2390 σκεδασθέντας
3193 2324 3656 2397 ἀνακαλεσάμενοι
3713 2344 3886 2396 προσο

2238 2410 2505 2471 ϐάλλουσι
2581 2421 2698 2478 τοῖς
2755 2415 3086 2488 Ῥωμαίοις,
3145 2416 3199 2469 0i.
3252 2415 3346 2488 μὲν
3398 2415 3583 2477 ἱππεῖς
3640 2411 3889 2489 προδρα-

2240 2504 2451 2578 μόντες,
2514 2505 2565 2560 οἱ
2625 2502 2681 2560 δὲ
2736 2505 2890 2574 πεζοὶ
2941 2504 3167 2559 κατόπιν
3227 2502 3541 2579 ἐρχόμενοι.
3588 2504 3675 2565 Ὧς
3706 2500 3763 2557 δὲ
3792 2504 3887 2557 καὶ

2235 2595 2371 2649 κατά
2424 2596 2523 2664 τὴν
2576 2593 2796 2669 πρώτην
2856 2588 3173 2669 προσϐολὴν
3206 2592 3542 2662 ἀνεκόπησαν
3598 2594 3649 2647 οἱ
3691 2593 3884 2655 ἱππεῖς

2232 2683 2327 2745 τὰς
2385 2683 2558 2759 ὁρμάς
2620 2683 2722 2738 ὑπὸ
2794 2682 3081 2757 Ῥωμαίων
3151 2680 3528 2736 ἀνυποστάτων
3589 2682 3889 2756 φανέντων,

2236 2770 2573 2836 ἐκκλίναντες
2629 2772 2703 2835 εἰς
2757 2771 2887 2835 τοὺς
2942 2771 3137 2841 πεζοὺς
3199 2769 3577 2842 συνηλάθησαν
3608 2814 3622 2828 .
3678 2773 3894 2827 Ἐκεῖσε

2235 2858 2292 2916 δὲ
2348 2860 2514 2916 πάλιν
2583 2862 2893 2936 γενόμενοί
2922 2856 3299 2935 ἀνελάμϐανον
3359 2858 3599 2926 ἑαυτοὺς,
3632 2858 3892 2920 καὶτοὺς

2235 2951 2535 3023 Ῥωμαίους
2583 2953 2913 3026 προσέμενον
2978 2950 3426 3026 ἐπερχομένους.
3504 2948 3601 3003 Καὶ
3659 2949 3725 3016 ἦν
3789 2949 3893 3020 μὶν

479 3040 655 3107 atque
685 3036 1207 3109 dictis'animabat.
1241 3037 1429 3108 Hujus
1460 3037 1676 3093 cassidi
1725 3037 1939 3110 Scytha
1988 3055 2121 3093 cum

2238 3036 2369 3114 ἄχρι
2403 3040 2545 3101 τινὸς
2574 3043 2609 3110 ἡ
2644 3042 2798 3115 μάχη
2832 3040 3195 3116 ἀγχώμαλος,
3251 3039 3355 3101 ἓως
3415 3037 3476 3093 οὗ
3530 3038 3745 3106 Σκύθης
3806 3058 3899 3101 τις

475 3123 741 3197 gladium
771 3125 1103 3197 inflixisset,
1132 3124 1251 3181 ictu
1294 3125 1596 3182 delabente
1627 3133 1876 3182 conatus
1924 3126 2128 3183 irritus

477 3212 608 3269 fuit.
642 3214 859 3270 Bardas
880 3230 1014 3271 vero
1045 3230 1185 3271 ense
1215 3214 1442 3287 galeam
1475 3216 1700 3289 Scythas
1743 3215 1937 3272 feriit:
1970 3220 2026 3272 et
2055 3216 2127 3272 ob

478 3301 593 3359 vim
611 3319 819 3359 manus
844 3320 911 3359 ac
933 3304 1069 3360 ferri
1083 3308 1457 3376 prastantem
1476 3306 1657 3361 tinctu
1668 3322 1789 3360 ram
1810 3306 1949 3361 ictui
1968 3310 2130 3361 tanta

478 3390 589 3447 fuit
619 3390 942 3448 efficacitas
973 3397 1037 3449 ut
1067 3392 1326 3448 medium
1350 3393 1626 3466 Scytham
1649 3394 2127 3450 dissecuerit.Sed

478 3486 533 3535 et
564 3480 987 3536 Constantinus
1019 3481 1531 3553 patricius,Bardzs
1563 3483 1762 3552 frater,
1794 3483 1978 3539 alium
2000 3484 2132 3555 Scy-

478 3568 667 3638 tham,
698 3568 799 3639 qui
828 3584 945 3625 una
973 3586 1107 3625 cum
1137 3570 1330 3642 priore
1358 3571 1671 3643 ingruebat
1700 3589 1766 3628 ac
1792 3589 1855 3629 se
1882 3573 2130 3629 ferocius

479 3657 741 3728 gerebat,
777 3661 840 3713 ut
870 3658 1036 3714 fratri
1083 3658 1492 3731 opitularetur,
1541 3666 1718 3732 caput
1772 3662 1940 3718 ferire
1985 3662 2128 3716 dum

476 3745 620 3815 vult,
653 3745 982 3803 declinante
1030 3748 1148 3804 ictu
1179 3748 1448 3819 barbaro,
1481 3749 1657 3820 hujus
1688 3752 1822 3822 equi
1853 3750 2129 3806 cervicem

478 3833 675 3906 gladio
695 3836 885 3907 tangit
902 3842 1193 3909 caputque
1207 3842 1501 3910 amputat;
1527 3838 1786 3911 collapsu
1797 3856 1971 3911 mque
1992 3841 2128 3913 Scy-

478 3923 663 3992 tham,
697 3925 849 3980 888
883 3927 955 3981 ab
986 3942 1135 3997 equo
1169 3927 1549 3991 descendens,
1586 3944 1761 3983 manu
1787 3936 1976 3983 mento
1999 3929 2129 3999 ejus

478 4014 988 4086 arreptojugulat.
1005 4019 1123 4070 Hoc
1148 4015 1373 4071 facinus
1394 4015 1674 4071 Romanis
1696 4016 1924 4072 animos
1948 4018 2127 4086 auxit,

478 4100 724 4173 Scythas
773 4109 968 4157 autem
1021 4112 1177 4158 metu
1228 4103 1519 4175 implevit;
1554 4105 1751 4176 itaque
1798 4104 1963 4161 obliti
1997 4122 2130 4161 mox

476 4189 711 4246 virtutis
741 4194 905 4263 terga
954 4192 1262 4263 dederunt,
1313 4196 1669 4265 turpemque
1718 4193 1879 4248 nullo
1929 4195 2128 4250 ordine

476 4277 676 4350 fugam
725 4277 1008 4347 fecerunt,
1065 4297 1215 4352 quos
1258 4281 1503 4338 insecuti
1557 4282 1803 4338 Romani
1852 4300 2126 4356 campum

2243 3130 2452 3205 μεγέθει
2527 3130 2780 3202 σώματος
2857 3130 2945 3184 καὶ
3020 3126 3209 3202 ἀνδρίᾳ
3265 3130 3451 3203 ψυχῆς
3507 3127 3895 3201 ἐπαιρόμενος,

2234 3222 2343 3272 τῶν
2401 3215 2587 3273 ἄλλων
2648 3216 3058 3292 ὑπερπηδήσας,
3118 3217 3200 3273 ἐπ’
3259 3216 3419 3272 αὐτὸν
3457 3217 3548 3270 τὸν
3586 3218 3894 3289 μάγιστρον

2238 3307 2454 3385 φέρεται
2506 3306 2916 3383 παριππεύοντα
2995 3306 3086 3362 καὶ
3160 3305 3257 3369 τὰς
3309 3303 3485 3378 τάξεις
3539 3303 3893 3381 παραθαρρύ-

2237 3416 2414 3464 νοντα,
2473 3396 2559 3450 καὶ
2621 3396 2761 3471 ξίφει
2817 3393 2964 3451 παίει
3020 3393 3155 3450 κατᾶ
3205 3398 3301 3449 τοῦ
3355 3396 3605 3470 κράνους.
3661 3396 3767 3447 Τοῦ
3830 3390 3894 3447 δὶς

2240 3483 2426 3558 ξίφους
2474 3482 2980 3561 παρολισθήσαντος
3035 3481 3306 3561 ἄπρακτος
3363 3482 3566 3559 ἐγένετο
3623 3482 3659 3551 ἡ
3713 3479 3888 3557 βολή.

2237 3576 2439 3628 Τοῦτον
2499 3569 2555 3627 δὲ
2608 3574 2636 3627 ὁ
2697 3572 2988 3649 μάγιστρος
3042 3572 3181 3650 ξίφει
3234 3570 3383 3627 παίει
3439 3568 3575 3626 κατᾶ
3619 3573 3714 3624 τοῦ
3744 3571 3889 3644 κρά-

2238 3681 2380 3726 νους·
2420 3660 2570 3738 βάρει
2622 3658 2679 3716 δὲ
2727 3668 2827 3732 τῆς
2885 3662 3073 3737 χειρὸς
3125 3662 3215 3716 καὶ
3278 3661 3456 3738 βραφῇ
3509 3663 3606 3715 τοῦ
3651 3655 3890 3733 σιδήρου

2241 3749 2381 3805 οῧτω
2412 3750 2622 3825 γέγονεν
2657 3749 2870 3827 ἐνεργὸς
2926 3753 2960 3821 ἡ
3020 3749 3219 3823 πλῆξις
3271 3751 3345 3812 ὡς
3405 3747 3537 3824 δίχα
3574 3744 3702 3803 ὅλον
3765 3744 3883 3801 δια-

2237 3842 2516 3914 τμηθῆναι
2571 3840 2661 3895 τὸν
2721 3840 2958 3911 Σκύθην.
3016 3841 3114 3895 Καὶ
3166 3844 3567 3901 Κωνσταντῖνος
3603 3834 3660 3892 δὲ
3687 3836 3888 3912 πατρί.

2237 3950 2355 3991 κιος
2387 3930 2539 3984 ὁτοῦ
2572 3928 2869 4006 μαγίστρου
2917 3925 3172 4004 ἀδελφὸς,
3228 3933 3309 4001 τῷ
3365 3925 3586 4005 ἀδελφῷ
3639 3927 3889 4002 βοηθῶν,

2237 4018 2419 4094 ἓτερον
2452 4017 2664 4088 Σκύθην
2717 4013 3103 4092 συναιρόμενον
3169 4022 3249 4091 τῷ
3307 4016 3522 4094 ῥηθέντι
3552 4014 3642 4070 καὶ
3671 4015 3892 4088 ἰταμῶς-

2235 4127 2391 4182 τερον
2451 4108 2748 4185 φερόμενον
2811 4112 3000 4162 παῖσαι
3059 4105 3195 4161 κατά
3241 4107 3339 4177 τῆς
3386 4101 3633 4183 κεφαλῆς
3679 4101 3895 4158 ἐσπού-

2238 4193 2410 4250 δασεν·
2484 4194 2690 4250 ἐκείνου
2768 4192 2813 4251 δ’
2890 4194 2977 4250 ἐπὶ
3030 4195 3223 4269 θάτερα
3303 4192 3588 4256 κλίναντος
3671 4193 3891 4261 ἑαυτὸν,

2237 4282 2610 4360 διαμαρτήσας
2662 4285 2689 4339 ὁ
2735 4286 3140 4346 Κωνσταντῖνος
3189 4284 3475 4362 καταφέρει
3529 4283 3591 4337 τὸ
3624 4281 3776 4358 ξίφος
3806 4281 3893 4345 είς

476 4366 861 4424 cadaveribus
901 4367 1301 4440 oppleverunt.
1353 4369 1554 4425 Plures
1603 4370 1925 4427 interfectis
1973 4373 2125 4444 capti

2237 4376 2324 4429 τὸν
2357 4374 2558 4451 αὐχένα
2604 4378 2701 4429 τοῦ
2742 4373 2918 4431 ’ίππου
2949 4374 3039 4429 καὶ
3088 4372 3381 4447 ἀποτέμνει
3438 4376 3536 4427 τοῦ
3590 4371 3890 4446 τραχήλου

476 4458 639 4525 sunt,
669 4460 729 4511 et
757 4434 1338 4530 superstites,paucis
1368 4459 1645 4531 demptis,
1665 4476 1869 4517 omnes
1892 4434 2128 4518 fuerunt

2237 4466 2331 4534 τήν
2382 4434 2648 4539 κεφαλήν.
2708 4466 2973 4527 Ῐῐεσόντος
3006 4461 3063 4518 δέ
3118 4467 3216 4519 τοῦ
3276 4461 3485 4526 Σκύθου
3543 4455 3759 4524 ἀποϐὰς
3784 4464 3889 4514 τοῦ

475 4543 683 4599 saucii.
718 4545 1002 4609 Quodnisi
1036 4564 1147 4602 nox
1186 4546 1464 4619 ingruens
1507 4550 1798 4605 Romanos
1847 4567 1881 4605 a
1929 4567 2122 4623 perse—

2237 4553 2408 4610 ίππου
2454 4556 2543 4609 καὶ
2585 4559 2654 4629 τῇ
2706 4556 2855 4632 χειρὶ
2902 4562 3002 4625 τῆς
3029 4551 3305 4631 γενειάδος
3362 4551 3694 4629 δραξάμενος
3750 4551 3889 4605 ἀπο-

473 4634 708 4704 quendo
738 4633 905 4691 hoste
939 4641 1285 4706 revocasset,
1319 4654 1490 4693 nemo
1535 4655 1675 4694 sane
1714 4640 2013 4696 evasisset.
2047 4642 2125 4696 De

2237 4646 2450 4723 σφάττει
2511 4648 2725 4702 τοῦτον.
2800 4643 2977 4702 Τοῦτο
3055 4645 3115 4699 τὸ
3191 4640 3364 4719 ἔργον,
3423 4640 3725 4715 Ῥωμαίους
3784 4640 3889 4712 μὶν

474 4724 563 4777 tot
596 4720 905 4780 millitibus
940 4725 1320 4782 barbarorum
1355 4728 1627 4799 perpauci
1660 4730 2075 4800 superfuerunt
2109 4748 2121 4787 :

2237 4720 2507 4810 ἐπέρῥωσε
2564 4734 2652 4788 καὶ
2711 4731 3186 4811 θαρραλεωτέρους
3243 4731 3498 4802 ἐποίησε,
3558 4726 3765 4790 δειλίας
3824 4726 3891 4785 δὶ

474 4811 546 4866 de
580 4811 856 4869 Romanis
887 4813 947 4869 in
989 4813 1111 4870 acie
1161 4815 1498 4872 ceciderunt
1536 4816 1642 4871 viri
1693 4817 1783 4887 25,
1838 4818 2124 4875 vulnerati

2237 4821 2324 4876 καὶ
2382 4816 2553 4900 φόϐου
2609 4820 2739 4886 τοὺς
2792 4823 3001 4887 Σκύθας
3047 4820 3330 4892 ἐνέπλησε·
3381 4818 3472 4874 καὶ
3500 4818 3642 4894 ταχὺ
3689 4814 3891 4872 ἐπιλε-

473 4906 615 4958 sunt
643 4902 919 4958 universi.

2237 4908 2503 4984 λησμένοι
2537 4908 2710 4980 ἀλκῆς
2735 4911 2803 4965 τὰ
2829 4914 2977 4966 νῶτα
3021 4907 3308 4978 δεδώκασι,
3374 4908 3464 4964 καὶ
3514 4906 3763 4980 ἀσέμνως
3790 4909 3887 4962 καὶ

478 4988 615 5061 μετά
642 4987 864 5060 πολλῆς
895 4984 1121 5069 ἔφευγον
1150 4990 1436 5066 ἀκοσμίας.
1475 4990 1708 5047 Εἴποντο
1742 4990 1799 5048 δὲ
1830 4994 2114 5068 Ῥωμαῖοι,
2145 5000 2236 5053 καὶ
2263 5000 2399 5054 ἅπαν
2425 5000 2486 5054 τὸ
2517 4997 2703 5055 πεδίον
2734 5004 2935 5075 νεκρῶν
2970 4997 3407 5072 ἐμπεπλήκασιν.
3429 4996 3684 5055 Ἢλωσαν
3715 4993 3774 5051 δὲ
3793 4997 3893 5051 καὶ

473 5076 699 5167 ζωγρίαι
726 5082 834 5135 τῶν
867 5080 1141 5167 πεσόντων
1170 5080 1417 5145 πλείους.
1451 5083 1733 5158 Ἐγένοντο
1768 5081 1825 5137 δὲ
1852 5084 1941 5139 καὶ
1972 5086 2118 5157 πλὴν
2152 5088 2355 5164 ὀλίγων
2386 5091 2579 5153 πάντες
2613 5091 2664 5145 οἱ
2694 5088 3130 5167 περιλειφθέντες
3174 5090 3524 5165 τραυματίαι.
3571 5092 3667 5147 Καὶ
3703 5087 3893 5154 οὐδεὶς

468 5165 528 5222 ἂν
562 5164 746 5243 διέδρα
772 5168 864 5223 τὸν
893 5166 1133 5225 κίνδυνον
1166 5173 1246 5243 [Ρ.
1278 5173 1404 5245 669]
1437 5169 1482 5225 εί
1518 5172 1591 5242 μὴ
1620 5170 1706 5242 νὺξ
1735 5171 2100 5247 ἐπιγενομένη
2135 5174 2332 5253 ἐπέσχε
2356 5185 2459 5248 τῆς
2493 5176 2726 5251 διώξεως
2754 5164 2879 5241 τοὺς
2913 5164 3235 5251 Ῥωμαίους.
3271 5164 3374 5236 Καὶ
3404 5183 3512 5234 τῶν
3545 5179 3639 5253 μὶν
3678 5173 3891 5255 βαρϐά-

471 5277 579 5333 ρων
609 5254 667 5312 ἐκ
694 5256 966 5312 τοσούτων
1001 5258 1279 5335 μυριάδων
1313 5259 1498 5335 ὀλίγοι
1530 5259 1812 5324 παντελῶς
1844 5259 2165 5338 διεγένοντο.
2208 5267 2472 5341 Ῥωμαῖοι
2505 5266 2561 5323 δὲ
2592 5266 2780 5324 ἔπεσον
2813 5267 2863 5323 ἐν
2893 5271 2961 5342 τῇ
2999 5268 3151 5343 μάχῃ
3181 5269 3274 5341 κε’,
3297 5269 3624 5345 τραυματίαι
3677 5254 3721 5323 δ’
3768 5267 3892 5343 ὖγέ-

469 5367 561 5401 νον
591 5347 800 5421 τοὸμοῦ
828 5368 881 5403 τι
922 5347 1251 5422 σύμπαντες.

544 5452 818 5511 Nondum
866 5456 1125 5513 confecto
1175 5457 1443 5531 Scythico
1492 5457 1666 5527 bello,
1709 5476 1843 5516 cum
1878 5461 2115 5532 quidem

2298 5460 2466 5520 Οὔπω
2520 5460 2680 5527 τέλος
2736 5464 2851 5539 εἶχε
2904 5467 2985 5537 τῷ
3040 5462 3278 5541 Σκληρῷ
3332 5465 3401 5520 τὰ
3455 5468 3549 5520 τοῦ
3608 5470 3888 5530 Σκυθικοῦ

470 5541 735 5597 nondum
766 5558 1033 5601 cruorem
1058 5544 1231 5603 istius
1262 5545 1441 5617 praelii
1472 5546 1707 5603 abluere
1737 5549 2018 5606 Romanis
2049 5550 2117 5605 li-

2237 5552 2500 5624 πολέμου,
2557 5550 2684 5608 ούδὶ
2739 5554 3094 5630 προσεγένετο
3144 5558 3265 5618 τοῖς
3310 5553 3607 5628 Ῥωμαίοις
3663 5555 3758 5611 τὸν
3819 5554 3889 5611 ἐκ

474 5629 935 5699 cuisset,litteris
963 5633 1335 5707 imperatoris
1364 5634 1585 5692 Bardas
1613 5636 1804 5695 Durus
1835 5639 1908 5694 ad
1941 5639 2121 5711 impe-

2237 5646 2326 5709 τῆς
2409 5640 2597 5715 μάχης
2665 5639 3080 5707 ἀποπλύνασθαι
3149 5639 3370 5714 λύθρον,
3429 5643 3520 5699 καὶ
3575 5644 3885 5719 γράμματα

474 5722 731 5782 ratorem
762 5727 1055 5782 evocatur.
1087 5724 1196 5791 Qui
1229 5729 1292 5782 ut
1318 5741 1386 5783 eo
1415 5724 1594 5795 venit,
1627 5727 1831 5785 statim
1875 5727 2121 5799 jubetur

2237 5727 2414 5808 ίφοίτα
2492 5727 2750 5806 βασιλικὰ
2808 5729 3152 5807 μετάκλητον
3212 5737 3470 5790 ποιοῦντα
3512 5731 3588 5798 εἷς
3647 5729 3883 5808 βασιλέα
