4036 6330
167 377 283 438 121

1313 367 1866 436 HISTORIARUM
1910 368 2461 435 COMPENDIUM.

3479 381 3596 444 122

161 510 256 565 τὸν
308 509 612 584 μάγιστρον
644 526 658 542 °
714 508 776 563 ’ὸν
833 507 1164 587 ἀφικόμενον
1227 505 1281 568 ἐς
1335 505 1436 574 τήν
1489 501 1673 558 Ἀσίαν
1732 523 1819 557 κε-

1935 518 2069 558 cum
2100 503 2641 577 exercitu,quantus
2654 507 2954 581 proposito
2965 510 3276 568 certamini
3301 512 3601 574 videretur

169 599 318 654 κεύει
408 599 830 673 περαιωθῆναι,
909 598 980 653 τὰ
1062 596 1201 673 πρὸς
1285 595 1378 650 τὸν
1470 592 1826 668 προκείμενον

172 689 448 763 ἀρκοῦντα
523 687 706 762 ἀγῶνα
802 685 1069 765 εἰληφότα
1156 685 1550 762 στρατεύματα,
1623 684 1828 755 Ἔτυχε

165 777 266 852 γὰρ
327 774 544 852 Βάρδας
602 777 630 830 ὁ
685 780 882 838 Φωκᾶς
959 772 1200 850 ἀποδρὰς
1269 773 1320 845 ἐξ
1378 769 1698 845 ’Λμασείας,
1757 769 1823 838 ἥν

169 866 344 921 οἰκεῖν
399 867 768 941 κατεκᾰριτο,
821 865 954 938 μετὰ
1027 868 1294 940 συγγενῶν
1363 861 1453 917 καὶ
1512 858 1687 935 φίλων
1735 858 1825 914 καὶ

172 957 448 1026 σνυήθων,
528 956 646 1029 μεθ’
713 956 786 1010 ῶν
857 954 1075 1033 ἀφανῶς
1140 953 1499 1032 φυνωμόσατο
1578 951 1678 1018 τὴν
1765 947 1816 1002 ἐν

171 1041 539 1117 Καππαδοκίᾳ
602 1039 929 1100 καταλαϐεῖν
1011 1044 1352 1117 Καισάρειαν,
1408 1042 1624 1096 κάκεῖσε
1679 1039 1822 1094 ἑται-

170 1135 324 1208 ρικὸν
360 1134 467 1190 οὐκ
515 1131 702 1210 ὀλίγον
746 1132 1021 1208 ἀθροίσας,
1067 1131 1140 1187 ὥν
1199 1132 1334 1202 ἦσαν
1378 1125 1603 1206 ἔξαρχοι
1647 1128 1698 1184 οἱ
1726 1131 1824 1183 106

171 1223 468 1297 πατρικίου
551 1219 859 1278 Θεοδούλου
936 1218 1126 1282 παῖδες
1199 1223 1296 1274 106
1374 1220 1824 1292 ΙΙαρσακουτηνοῦ

164 1310 457 1388 Θεόδωρος
512 1311 603 1366 καὶ
665 1311 978 1390 Νικηφόρος
1035 1309 1125 1364 καί
1179 1330 1264 1373 τις
1319 1307 1603 1378 πατρίκιος
1651 1303 1824 1367 ἄλλος

167 1401 404 1474 Συμεών
453 1401 482 1455 ὁ
527 1398 829 1474 Ἀμπελᾶς,
905 1397 1150 1472 διάδημα
1197 1399 1441 1474 περιθεὶς
1500 1397 1678 1468 ἑαυτῷ
1736 1394 1823 1450 οιαὶ

164 1491 230 1546 τά
291 1489 469 1546 λοιπά
539 1497 642 1559 τῆς
727 1487 1001 1564 βασιλείας
1083 1485 1392 1562 ἀνειληφὼς
1475 1485 1827 1560 γνωρίσματα

164 1578 505 1635 ἀποστασίαν
554 1578 692 1634 κατὰ
742 1583 841 1634 τοῦ
895 1576 1163 1654 βασιλέως
1211 1583 1449 1646 κινῆσαι,
1495 1579 1592 1630 τοῦ
1621 1574 1826 1648 πατρὸς

167 1669 343 1725 αὐτοῦ
370 1668 602 1730 Λᾶοντος
651 1672 751 1724 106
806 1665 1225 1743 κουροπαλάτου
1268 1664 1397 1727 τοὺς
1459 1666 1552 1737 μὲν
1607 1663 1825 1719 ἀναπεί-

166 1777 361 1819 σαντος
389 1755 591 1832 δώροις
641 1757 718 1818 εἷς
761 1755 945 1824 τούτο,
980 1760 1106 1818 τοῦς
1159 1753 1218 1811 δὶ
1261 1753 1612 1830 ὁποσχὲσεσιν
1663 1753 1826 1825 ἀξιω-

169 1848 360 1920 μάτων
415 1846 506 1902 καὶ
553 1847 820 1919 κτήσεων,
883 1845 1127 1921 ὕπηρὲτῃ
1185 1844 1324 1918 πρὸς
1386 1848 1548 1899 10610
1605 1861 1822 1917 χρησα-

170 1938 342 2008 μένου
367 1936 453 2007 τῷ
499 1941 602 2005 τῆς
658 1930 891 1991 Ἀϐύδου
939 1933 1242 2007 ἰπισκόπῳ.
1301 1928 1592 1991 Ἐϐούλετο
1651 1928 1828 1987 δὲκαὶ

163 2024 333 2086 αύτός
389 2024 452 2080 lx
492 2031 594 2094 τῆς
653 2019 865 2080 Λισϐου
923 2021 1180 2100 διαπερᾷν
1243 2021 1417 2098 λάθρα
1476 2020 1569 2076 σὺν
1619 2025 1696 2092 τῷ
1726 2021 1832 2092 υἱῷ

168 2115 486 2189 Νικηφόρῳ
515 2113 594 2176 είς
623 2115 691 2168 τὰ
740 2111 828 2169 ἐπὶ
879 2110 1100 2188 Θρῖςκην
1151 2111 1355 2188 χωρία.
1402 2111 1742 2174 Γνωσθὲντος
1775 2106 1832 2163 δὲ

165 2202 366 2258 τούτου
415 2207 496 2273 τῷ
547 2200 785 2278 βασιλεῖ,
838 2200 951 2256 ἐπεὶ
999 2201 1151 2257 καὶὸ
1195 2199 1489 2260 ιπίσκοπος
1528 2197 1826 2270 συνειλημ-

177 2291 339 2364 μένος
369 2290 465 2346 καὶ
493 2291 625 2353 τοὺς
656 2289 923 2367 ἰλὲγχους
957 2291 1068 2365 οὐχ
1096 2289 1214 2354 οἷός
1232 2310 1290 2344 τε
1321 2289 1394 2344 ὤν
1431 2285 1830 2364 διαδιδράσκειν

173 2381 348 2435 πάντα
373 2380 577 2450 ὶξοῖσεν
607 2380 683 2442 εἰς
710 2379 1038 2456 τούμφανὲς,
1087 2376 1362 2455 παρεδόθη
1405 2383 1522 2440 τοῖς
1557 2375 1831 2438 δικασταῖς

177 2471 205 2524 ὁ
231 2467 684 2545 κουροπαλάτης,
717 2469 804 2524 καὶ
856 2467 961 2524 ὑπὸ
1009 2470 1228 2524 πάντων
1278 2467 1485 2523 τούτων
1521 2471 1830 2542 προστιμᾶ-

173 2579 261 2614 ται
309 2560 559 2614 τεθνάναι
605 2558 700 2612 σὺν
749 2562 830 2629 τῷ
874 2559 977 2629 υἱῷ
1008 2577 1022 2591 ⁸
1073 2556 1465 2631 ἐπιεικέστερον
1513 2553 1570 2610 δὲ
1611 2554 1830 2632 χρησα-

182 2648 348 2720 μένου
406 2651 510 2703 105
566 2644 856 2719 βασιλέως,
916 2645 1166 2722 ἀειφυγίᾳ
1238 2647 1328 2701 καὶ
1401 2643 1508 2701 τῶν
1563 2644 1826 2718 ὀμμάτων

178 2736 433 2812 πηρώσει
479 2735 570 2790 καὶ
629 2737 797 2810 ἄμφω
851 2733 1322 2805 καταδικάζονται,
1382 2732 1719 2804 λεληθότως,
1754 2733 1830 2794 ὡς

180 2824 552 2901 λέγεται,τοῦ
599 2824 868 2900 βασιλέως
927 2822 1392 2901 παραγγείλαντος
1429 2827 1546 2886 τοῖς
1603 2820 1827 2894 δημίοις

175 2912 452 2988 μηδαμῶς
524 2913 621 2976 τὰς
709 2909 861 2987 ὄψεις
941 2914 1150 2969 τούτων
1241 2909 1614 2984 λωϐήσασθαι,
1683 2909 1829 2966 ἀλλὰ

180 3001 406 3075 δόκησιν
491 3003 585 3076 μὶν
665 3009 966 3080 παρασχεῖν
1057 3000 1474 3081 ἐκτυφλώσεως,
1555 2996 1694 3076 ἔργῳ
1780 2997 1827 3054 δ’

178 3093 328 3148 liam
388 3093 620 3157 τούτους
671 3093 735 3147 τὸ
801 3092 1002 3147 οίκεῖον
1082 3091 1443 3168 ἀποφέρεσθαι
1501 3095 1633 3168 φῶς,
1687 3089 1823 3144 ἀπο-

177 3182 380 3257 κρύψαι
424 3178 483 3236 δὲ
539 3180 630 3236 καὶ
679 3181 763 3236 ὅτι
815 3179 1280 3257 προστεταγμένον
1337 3180 1403 3250 ἢν
1459 3184 1620 3236 τοῦτο
1680 3178 1826 3254 παρᾶ

1936 593 2381 663 suﬂecturus,in
2414 595 2613 652 Asiam
2645 597 3169 669 trajicere.Etenim
3201 603 3420 660 Bardas
3441 605 3595 664 Pbo-

1935 698 2035 738 cas
2067 698 2135 738 ex
2170 683 2410 740 Amasia
2440 685 2810 758 profugus,in
2842 703 3022 759 quam
3055 689 3350 764 relegatus
3383 694 3592 767 fuerat,

1936 771 2088 827 facta
2116 771 2342 828 occulte
2371 774 2806 846 conspiratione
2837 793 2972 833 cum
3001 780 3508 851 cognatis,amicis
3537 790 3598 841 et

1933 859 2326 919 familiaribus
2346 862 2896 938 suis,occupaverat
2936 867 3260 925 Caesaream
3291 871 3594 944 Cappado-

1934 950 2261 1023 ciae,ibique
2297 952 2488 1008 socios
2509 952 2665 1008 haud
2712 971 2932 1026 paucos
2980 957 3311 1030 collegerat,
3333 977 3586 1032 quorum

1933 1039 2228 1112 principes
2258 1046 2426 1097 erant
2455 1041 2559 1097 filii
2593 1043 2822 1115 patricii
2878 1044 3164 1102 Tbeoduli
3208 1051 3584 1106 Parsacuteni

1932 1128 2810 1203 TheodorusetNicepborus,ac
2824 1133 3055 1205 quidam
3069 1135 3589 1207 patriciusSimeon

1933 1217 2340 1288 Ampelas.His
2363 1221 2548 1276 fretus
2569 1221 2722 1277 889
2750 1223 2964 1278 Bardas
2987 1224 3211 1280 Pbocas
3228 1226 3588 1298 opibus,dia-

1933 1307 2163 1362 demate
2193 1307 2553 1380 reliquisque
2582 1310 2813 1381 imperii
2856 1311 3194 1383 insignibus
3244 1317 3590 1388 assumptis,

1932 1397 2213 1452 adversus
2244 1397 2655 1470 imperatorem
2688 1399 3034 1456 seditionem
3059 1405 3431 1460 moverat.Ad
3459 1421 3589 1462 eam

1933 1485 2310 1542 defectionem
2341 1491 2504 1558 pater
2525 1489 2653 1558 ejus
2675 1489 2783 1545 Leo
2803 1490 3172 1562 curopalates
3203 1492 3351 1548 alios
3381 1510 3591 1550 mune-

1933 1574 2124 1642 ribus,
2153 1574 2300 1631 alios
2329 1576 2684 1648 dignitatum
2733 1583 2791 1634 et
2833 1595 3012 1650 opum
3065 1581 3592 1652 pollicitationibus

1934 1667 2471 1735 permoverat,usus
2491 1667 2559 1720 ad
2595 1666 2704 1723 hoc
2727 1667 3054 1724 ministerio
3084 1669 3342 1743 episcopi
3364 1672 3593 1744 Abyde-

1935 1752 2034 1822 ni;
2069 1757 2246 1824 atque
2292 1754 2420 1824 ipse
2467 1758 2755 1812 statuerat
2802 1755 3140 1814 clanculum
3189 1775 3258 1815 ex
3304 1760 3487 1816 Lesbo
3532 1760 3592 1816 in

1934 1841 2243 1898 Thraciam
2267 1859 2386 1899 una
2401 1859 2534 1899 cum
2566 1844 2686 1900 filio
2707 1862 2815 1902 suo
2836 1846 3160 1918 Nicephoro
3180 1849 3472 1918 trajicere.
3490 1849 3593 1905 Hic

1939 1930 2304 2002 curopalates
2343 1947 2405 1988 re
2452 1933 2791 2005 imperatori
2837 1935 3060 1991 delecta
3107 1938 3594 2010 (comprehensus

1938 2018 2094 2074 enim
2126 2021 2438 2093 episcopus
2466 2023 2782 2094 Abydenus
2810 2028 2868 2078 et
2889 2024 3190 2081 convictus
3222 2041 3345 2082 rem
3401 2031 3588 2083 totam

1939 2109 2311 2182 patefecerat)
2333 2110 2638 2180 judicibus
2667 2112 2941 2180 traditus,
2974 2113 3048 2169 ab
3079 2115 3272 2186 iisque
3297 2121 3487 2172 morte
3503 2120 3598 2173 est

1939 2213 2074 2254 cum
2103 2197 2221 2254 filio
2245 2199 2581 2256 damnatus.
2613 2200 2725 2256 Sed
2759 2201 3079 2273 imperator
3117 2203 3202 2259 ita
3232 2204 3593 2262 sententiam

1941 2287 2230 2360 mitigavit
2277 2295 2342 2345 ut
2387 2294 2627 2361 uterque
2690 2290 2878 2347 oculis
2944 2293 3186 2348 orbatus
3237 2299 3589 2365 perpetuum

1938 2377 2249 2433 exsularet.
2296 2379 2616 2451 Ferturque
2659 2379 2810 2436 clam
2855 2381 3230 2436 carnificibus
3279 2383 3595 2440 mandasse

1940 2482 2014 2521 ne
2043 2466 2230 2524 oculis
2261 2483 2361 2524 eos
2390 2468 2708 2540 privarent,
2750 2471 2852 2525 sed
2898 2469 3176 2526 simulato
3207 2486 3306 2528 eos
3338 2488 3401 2528 se
3446 2473 3594 2529 effo-

1939 2555 2098 2611 disse
2125 2555 2320 2612 visum
2349 2557 2702 2613 incolumem
2737 2558 2882 2630 ipsis
2928 2559 3350 2632 relinquerent,
3399 2577 3593 2634 neque

1941 2645 2218 2700 mandato
2247 2645 2304 2700 id
2337 2662 2400 2701 se
2425 2646 2816 2718 imperatoris,
2847 2649 2947 2703 sed
2983 2649 3350 2705 humanitate
3398 2655 3588 2708 motos

1937 2733 2148 2790 fecisse
2174 2751 2288 2805 prae
2321 2751 2383 2790 se
2434 2735 2669 2791 ferrent.
2725 2738 2778 2792 Is
2826 2741 2953 2792 tum
3003 2737 3110 2792 fuit
3153 2738 3344 2794 exitus
3393 2756 3588 2796 rerum

1938 2823 2609 2896 curopaiata3.Caaterum
2643 2825 2838 2882 Durus
2871 2831 2935 2882 ut
2963 2825 3022 2882 in
3055 2828 3252 2894 Asiam
3301 2829 3371 2884 ad
3406 2829 3587 2902 Dory-

1935 2911 2105 2968 laaum
2137 2912 2418 2985 pervenit,
2454 2914 2644 2986 primo
2673 2915 2925 2971 Pbocam
2957 2920 3015 2971 et
3042 2917 3172 2986 ejus
3200 2917 3590 2988 conspiratio-

1935 3003 2029 3057 nis
2053 3001 2360 3074 p0pulares
2373 3003 2867 3074 promissionibus
2889 3003 3263 3076 splendidisa
3286 3006 3588 3078 proposito

1934 3090 2219 3146 deducere
2249 3091 2513 3146 tentavit.
2547 3091 2924 3148 Mandaverat
2953 3093 3110 3149 enim
3137 3094 3248 3166 ipsi
3268 3095 3592 3166 imperator

1933 3183 1999 3234 ut
2029 3180 2218 3251 quoad
2251 3181 2380 3252 ejus
2427 3181 2667 3238 omnino
2697 3182 2822 3238 fieri
2873 3187 3094 3254 posset,
3143 3199 3354 3239 manus
3400 3183 3590 3240 civilis

172 3275 265 3326 106
329 3267 632 3347 βασιλέως,
688 3271 900 3333 ἱαυτοῖς
959 3267 1018 3325 δὲ
1074 3270 1136 3324 τὸ
1196 3267 1351 3346 ἔργον
1409 3268 1687 3323 ἀναθέσθαι
1747 3268 1820 3329 ὡς

1938 3269 2245 3342 sanguinis
2275 3285 2453 3340 puras
2483 3276 2758 3326 servaret.
2791 3271 3106 3342 Postquam
3139 3288 3273 3328 vero
3305 3272 3362 3327 id
3396 3274 3502 3330 abs
3526 3290 3588 3330 re

164 3361 308 3434 τάχα
394 3357 1043 3438 φιλανθρωπευσαμὲνοις
1125 3359 1215 3414 καὶ
1290 3357 1682 3434 χαρισαμάνοις
1759 3358 1822 3412 τὸ

169 3448 395 3523 βλέπειν
435 3448 644 3511 αύτοῖς.
706 3448 807 3503 Καὶ
861 3449 929 3503 τά
988 3448 1083 3521 μὲν
1139 3451 1236 3504 106
1279 3445 1694 3522 κουροπαλάτου
1748 3445 1824 3509 εἷς

163 3543 323 3592 τοῦτο
388 3535 690 3592 ἀτελεύτα’
785 3531 973 3598 διαϐὰς
1057 3533 1114 3592 δὲ
1193 3537 1223 3591 ὁ
1281 3535 1535 3609 Σκληρὸς
1590 3534 1666 3596 είς
1721 3535 1821 3602 τήν

169 3626 352 3682 Ἀσίαν
408 3625 510 3680 κάν
561 3630 642 3698 τῷ
713 3624 1002 3700 Δορυλαίῳ
1076 3624 1358 3702 γενόμενος
1443 3628 1660 3700 πρῶτον
1727 3625 1820 3697 μὲν

167 3715 505 3791 ἀπεπειρᾶτο
535 3718 631 3769 106
671 3721 840 3770 Φωκᾰ
885 3714 975 3770 καὶ
1018 3719 1126 3770 τῶν
1169 3735 1349 3787 τούτῳ
1396 3711 1818 3789 συναιρομὲνων,

168 3804 218 3858 εἴ
266 3825 396 3865 πως
456 3803 712 3875 συνηθείη
776 3803 936 3866 αὐτὸς
1009 3805 1221 3879 ἀγαθῶν
1284 3804 1635 3879 ὑποσχέσεσιν
1694 3804 1822 3856 ἀπο-

164 3899 357 3962 στῆναι
408 3897 596 3946 πεῖσαι
655 3895 760 3946 τῶν
807 3889 1258 3968 βεϐουλευμένων
1310 3893 1417 3966 (καὶ
1474 3893 1575 3968 γάρ
1634 3889 1700 3960 δὴ
1729 3892 1819 3946 καὶ

163 3980 540 4058 παραγγελίαν
602 3980 746 4056 εἶχεν
797 3979 857 4036 ἐκ
905 3980 1174 4056 βασιλέως
1223 3981 1300 4044 ὡς
1347 3981 1570 4036 ἀνυστὸν
1618 3979 1821 4056 ἀγωνί-

163 4083 348 4135 σασθαι
441 4068 722 4147 ἐμφυλίου
827 4065 1061 4144 αἵματος
1153 4071 1390 4144 καθαρὰς
1493 4067 1818 4146 διατηρῆσαι

165 4161 257 4220 τὰς
340 4161 613 4234 χεῖρας)’
674 4158 748 4220 ὡς
828 4155 876 4212 δ’
959 4157 1246 4229 ἀνηνύτοις
1321 4158 1464 4234 ἔγνω
1520 4157 1816 4234 ἐπιχειρῶν

169 4246 555 4323 (ἐθρασύνοντο
600 4247 702 4322 γάρ
760 4243 976 4320 μᾶλλον
1051 4245 1088 4317 ἥ
1140 4246 1471 4324 ἓχαυνοῦντο
1517 4253 1636 4310 ταῖς
1692 4269 1820 4324 πρε-

166 4332 370 4398 σϐείαις
405 4337 459 4392 οἱ
522 4335 864 4405 ἀποστάται),
923 4335 1088 4412 ἔργου
1141 4335 1250 4408 ἤδη
1306 4334 1562 4392 ἅπτεσθαι
1620 4335 1814 4413 ἔκρινε,

167 4426 242 4500 [Ρ.
289 4426 428 4498 670]
484 4424 576 4479 καὶ
620 4424 714 4478 τὸν
775 4425 999 4500 στρατὸν
1054 4423 1270 4502 ἀγείρας
1323 4425 1488 4498 ἀπῄεί
1537 4426 1670 4500 πρὸς
1714 4427 1812 4494 τήν

159 4517 515 4589 Καισάρειαν.
572 4514 738 4588 Ὅπερ
806 4514 859 4568 οἱ
930 4513 1023 4568 σὺν
1102 4519 1182 4586 τῷ
1259 4519 1428 4585 Φωκᾷ
1495 4513 1814 4590 ἐγνωκότες,

157 4605 240 4658 καὶ
286 4604 356 4658 τὸ
406 4601 493 4657 ἐπ’
549 4598 784 4672 ἀδήλοις
840 4600 1050 4658 ἐλπίσιν
1113 4602 1362 4679 ὀχεῖσθαι
1416 4602 1665 4665 ἐάσαντες
1721 4603 1812 4658 καί

156 4695 218 4747 1i
264 4691 319 4748 ἐν
383 4689 548 4767 χερσὶ
605 4692 1066 4764 προτιμήσαντες,
1124 4691 1218 4754 τὰς
1270 4690 1330 4746 ἐκ
1382 4696 1485 4746 τοῦ
1546 4690 1815 4768 βασιλέως

161 4780 460 4854 διδομένας
512 4778 701 4844 αὐτοῖς
757 4777 963 4853 δωρεὰς
1009 4778 1286 4854 δεξάμενοι
1332 4782 1524 4843 νυκτὸς
1570 4781 1811 4858 ἐπιγενο-

165 4873 334 4942 μένης
392 4867 769 4942 αὐτομολοῦσι
821 4870 962 4943 πρὸς
1005 4869 1099 4925 τὸν
1153 4869 1428 4945 Σκληρὸν,
1455 4874 1672 4945 πρῶτος
1714 4871 1809 4943 μὶν

162 4958 487 5035 όΔιογὲνης
539 4955 930 5032 Ἀδράλεστος,
993 4959 1104 5014 εἶτα
1157 4959 1248 5014 καὶ
1307 4961 1336 5014 ὁ
1387 4957 1668 5034 ’Δμπελᾶς
1721 4958 1809 5014 καὶ

154 5052 200 5105 οἱ
228 5053 332 5106 106
364 5043 674 5102 Θεοδούλου
723 5043 937 5116 παῖδες,
970 5048 1023 5102 οἱ
1070 5047 1159 5103 καὶ
1202 5049 1264 5103 τὸ
1302 5055 1404 5104 πᾶν
1443 5055 1546 5118 τῆς
1576 5050 1810 5121 ἀποστα-

160 5141 273 5201 σίας
363 5134 919 5211 προκαταρτύσαντες,
999 5136 1091 5192 καὶ
1185 5135 1376 5215 ἐφεξῆς
1458 5139 1522 5193 τὸ
1612 5136 1806 5193 λοιπὸν

159 5232 297 5283 iam
361 5227 598 5292 πλῆθος,
655 5224 732 5287 ὡς
796 5225 960 5298 μόνον
1009 5227 1206 5302 ἀθρόον
1283 5227 1416 5299 μετὰ
1461 5231 1568 5281 τῶν
1617 5226 1808 5282 ἑαυτοῦ

159 5313 506 5391 θεραπόντων
577 5313 999 5392 περιλειφθῆναι
1075 5316 1168 5372 τὸν
1231 5321 1453 5374 Φωιιᾶν.
1509 5317 1697 5386 Πάσης
1751 5313 1809 5370 δὲ

155 5403 411 5480 βοηθείας
495 5396 702 5476 ἕρημος
789 5403 948 5466 οὗτος
1046 5402 1416 5484 ἄπολειφθεὶς,
1505 5405 1593 5460 καὶ
1685 5403 1806 5476 ἀνίᾳ

157 5491 475 5569 βαπτισθεὶς
533 5489 623 5545 καὶ
696 5489 844 5566 λύπῃ
926 5494 1062 5549 κατά
1132 5499 1241 5549 τῶν
1298 5494 1804 5569 παρακινησάντων,

229 5712 246 5747 ³
280 5705 444 5766 Psal.
475 5721 666 5777 xxxxv,
697 5707 752 5766 3.

1933 3374 1995 3414 se
2009 3358 2206 3414 conari
2229 3359 2384 3414 390
2421 3359 2566 3415 vidit
2593 3360 2830 3432 (quippe
2847 3359 3108 3416 seditiosi
3136 3360 3343 3432 legatis
3366 3362 3588 3419 auditis

1933 3447 2135 3521 potius
2165 3447 2556 3504 efferebantur
2610 3465 2789 3520 quam
2839 3454 2906 3506 ut
2947 3451 3271 3522 quidquam
3302 3453 3584 3509 concede-

1931 3540 2106 3606 rent),
2155 3553 2276 3592 rem
2325 3553 2523 3608 gerere
2590 3538 2864 3606 intendit,
2919 3539 3278 3612 collectoque
3326 3543 3582 3598 exercitu

1930 3630 2250 3683 Casaream
2282 3626 2470 3698 petiit.
2496 3630 2562 3682 At
2600 3627 2741 3683 socii
2772 3627 2977 3684 Pbocm
3008 3645 3075 3683 eo
3133 3629 3391 3700 cognito,
3445 3647 3583 3702 spes

1929 3717 2185 3772 incertas
2215 3717 2594 3788 repudiantes
2623 3717 2815 3788 iisque
2844 3717 2903 3772 in
2936 3725 3207 3789 promptu
3241 3719 3354 3774 sita
3384 3721 3580 3790 praefe-

1930 3810 2148 3870 rentes,
2187 3804 2442 3876 acceptis
2484 3822 2612 3876 quaa
2661 3806 2736 3860 ab
2778 3805 3130 3877 imperatore
3188 3806 3583 3863 otierebantur

1929 3895 2294 3961 muneribus,
2327 3902 2494 3950 nocte
2523 3896 2675 3950 facta
2706 3895 2776 3950 ad
2810 3895 3059 3950 Bardam
3106 3896 3579 3967 transfugerunt,

1929 3985 2156 4057 primus
2208 3984 2473 4039 omnium
2527 3983 2815 4056 Diogenes
2861 3984 3228 4052 Adralestus,
3281 3985 3493 4040 deinde
3521 3991 3580 4042 et

1927 4073 2198 4143 Ampelas
2245 4076 2302 4128 et
2359 4073 2642 4128 Theoduli
2704 4073 2832 4143 filii,
2902 4074 3002 4146 qui
3078 4077 3344 4129 auctores
3392 4075 3578 4132 totius

1925 4159 2268 4216 defectionis
2298 4160 2564 4227 fuerant;
2596 4164 2725 4215 tum
2756 4159 2984 4232 reliqua
3007 4160 3200 4216 omnis
3233 4161 3579 4232 multitudo,

1926 4249 2007 4305 ita
2034 4254 2099 4304 ut
2144 4249 2306 4305 solus
2355 4266 2490 4304 cum
2542 4249 2669 4306 suis
2720 4250 2960 4306 famulis
3002 4250 3227 4306 Pbocas
3269 4251 3578 4308 manserit.

1922 4341 2114 4408 Atque
2162 4338 2257 4394 hic
2321 4337 2480 4394 omni
2547 4337 2868 4395 destitutus
2932 4337 3171 4404 auxilio,
3241 4339 3576 4410 aegritudini

1923 4425 2107 4482 animi
2143 4431 2315 4498 atque
2362 4427 2754 4498 indignationi
2814 4428 3095 4483 adversus
3147 4443 3246 4484 eos
3294 4428 3395 4499 qui
3439 4443 3574 4484 eum

1922 4515 2087 4587 prius
2114 4517 2185 4570 ad
2215 4515 2595 4572 rebellionem
2625 4516 2940 4572 incitarant
2975 4521 3153 4586 atque
3197 4521 3321 4572 tum
3374 4518 3578 4589 prodi-

1846 4604 2125 4691 Dderanl
2171 4605 2511 4675 immersus,
2569 4609 2739 4660 nocte
2779 4606 2905 4675 jam
2973 4605 3284 4676 ingruente
3343 4607 3574 4678 sopitus

1923 4699 2031 4748 est.
2068 4693 2170 4748 Per
2198 4710 2469 4749 somnum
2517 4693 2871 4765 imaginatus
2904 4699 2992 4748 est
3020 4692 3284 4764 quiritari
3331 4710 3395 4749 se
3443 4695 3575 4748 ani-

1923 4798 2138 4854 moque
2167 4783 2392 4854 angi,et
2418 4785 2487 4838 de
2517 4782 2589 4838 iis
2621 4783 2718 4854 qui
2752 4782 2973 4852 injuria
3002 4783 3198 4853 ipsum
3231 4782 3571 4849 affecerant,

1921 4871 2006 4927 sic
2039 4873 2151 4926 Deo
2183 4871 2463 4941 conqueri
2498 4888 2510 4926 :
2547 4894 2569 4921 ι
2608 4870 2873 4941 Domine,
2905 4870 3188 4926 ulciscere
3212 4885 3333 4937 eos,
3357 4869 3456 4943 qui
3481 4886 3574 4926 me

1920 4960 2344 5016 infestarunt‘.
2376 4981 2404 5008 ››
2435 4963 2698 5031 Cumque
2750 4959 3048 5032 reliquum
3092 4957 3304 5032 psalmi
3353 4959 3570 5015 addere

1918 5047 2111 5119 vellet,
2141 5065 2340 5104 vocem
2392 5047 2599 5103 audire
2647 5064 2772 5118 quis
2825 5049 3094 5120 progredi
3137 5052 3380 5116 vetaret,
3411 5049 3570 5118 quod

1918 5137 2135 5193 diceret
2157 5137 2443 5210 reliquam
2468 5136 2749 5192 carminis
2777 5141 2999 5208 partem
3016 5139 3140 5207 jam
3169 5151 3298 5192 esse
3328 5153 3363 5192 a
3385 5137 3571 5194 Barda

1918 5231 2312 5298 anteceptam.
2347 5226 2611 5283 Surrexit
2639 5242 2775 5298 ergo
2806 5227 3254 5290 tremebundus,
3289 5225 3572 5298 omnique

1916 5333 1978 5374 se
2018 5334 2121 5389 spe
2151 5316 2436 5371 excidisse
2476 5316 2702 5382 videns,
2748 5320 2812 5370 ut
2864 5319 2989 5370 erat
3036 5315 3386 5384 instructus,
3434 5331 3569 5370 cum

1916 5407 2041 5462 suis
2081 5422 2262 5478 equos
2307 5405 2670 5474 conscendit,
2726 5405 2977 5478 fugaque
3021 5402 3328 5461 castellum
3386 5405 3572 5478 Tyro-

1918 5511 2109 5568 poeum
2143 5493 2324 5566 petiit.
2359 5493 2580 5549 Bardas
2632 5493 2729 5549 ubi
2762 5495 2833 5550 de
2881 5494 3020 5565 fuga
3067 5493 3196 5566 ejus
3240 5493 3454 5550 certior
3483 5496 3574 5550 est
