4036 6330
444 361 563 424 123

438 586 747 642 occurrant
775 586 834 638 et
876 585 1193 654 antequam
1243 582 1551 638 castellum
1607 580 1783 638 intret
1824 598 2092 655 compre-

438 673 720 729 hendant.
768 671 809 727 li
858 672 1052 727 citatis
1096 673 1243 727 891
1312 673 1482 743 equis
1530 672 1679 728 vecti
1727 672 1982 728 Phocam
2031 673 2093 728 in

441 778 646 832 campo
702 765 1107 833 assequuntur
1162 761 1409 832 jamiam
1460 761 1579 816 imo
1631 762 1813 817 monti
1867 762 1927 816 in
1980 779 2094 835 quo

452 849 761 907 castellum
817 854 944 905 erat
972 850 1154 905 situm
1198 850 1577 906 subeuntem.
1631 850 1767 906 Erat
1817 852 1969 906 inter
1998 867 2096 907 eos

442 938 688 995 audacia
718 942 776 994 et
822 938 1017 995 indole
1066 938 1338 1012 princeps
1389 939 1813 996 Constantinus
1843 940 2093 996 Charon.

441 1029 498 1084 Is
531 1026 772 1099 reliquis
821 1044 855 1083 a
904 1032 1067 1101 tergo
1119 1027 1339 1084 relictis
1390 1028 1646 1084 Phoeam
1696 1029 1867 1084 citato
1918 1046 2095 1085 cursu

440 1118 751 1174 insecutus
801 1124 909 1184 est,
959 1132 1168 1189 agmen
1219 1134 1462 1174 suorum
1512 1117 1881 1174 claudentem
1937 1125 1994 1175 et
2023 1119 2095 1174 ad

439 1211 678 1262 strenue
710 1206 1134 1263 defendendam
1166 1207 1287 1262 vim
1337 1211 1628 1279 paratum.
1670 1208 1836 1263 Hunc
1866 1208 2095 1264 Charon

438 1296 672 1352 eminus
703 1300 1084 1368 conspectum
1116 1313 1251 1351 cum
1275 1298 1842 1369 agnasceret,turpia
1871 1298 1929 1352 in
1962 1314 2095 1352 eum

429 1384 577 1456 jecit
602 1384 875 1451 convitia,
920 1386 1263 1457 degenerem
1325 1392 1382 1441 et
1438 1386 1711 1441 timidum
1768 1386 2099 1459 appellans,

434 1474 774 1545 jubensque
822 1473 1120 1546 paulisper
1168 1474 1361 1545 operi,
1407 1475 1546 1530 dum
1601 1475 1909 1546 prtsmium
1942 1476 2098 1531 defe—

438 1562 651 1618 ctionis
695 1561 1003 1634 acciperet.
1052 1562 1271 1618 Phocas
1318 1562 1711 1619 contumelias
1760 1564 2098 1633 inaudiens,

442 1666 630 1721 neque
681 1651 960 1723 ignorans
1012 1651 1113 1724 qui
1178 1668 1274 1708 eas
1306 1652 1577 1723 jactaret,
1645 1652 1899 1710 inhibito
1947 1670 2098 1725 equo

441 1756 506 1797 se
537 1739 813 1797 Charonti
844 1740 1115 1808 obvertit,
1148 1746 1205 1797 et
1249 1764 1278 1791 «
1306 1743 1483 1812 Heus,
1535 1742 1751 1814 inquit,
1795 1744 2102 1816 oportebat

1788 357 2104 418 GEORGII
2147 355 2489 418 CEDRENI

438 495 639 565 frctas,
675 492 976 566 expeditos
1024 492 1252 564 equites
1306 493 1514 559 mittit,
1579 492 1681 566 qui
1728 491 1995 548 celeriter
2035 492 2087 548 ei

2211 488 2317 545 εἶτα
2369 484 2821 564 προδεδωκότων,
2898 490 3209 566 κατηνέχθη
3273 489 3409 563 πρὸς

3733 355 3848 415 124

3496 486 3661 543 ὕπνον
3736 484 3848 559 ⁴ἤδη

2202 579 2392 640 νυκτὸς
2449 577 2766 649 ἐπιστάσης.
2828 577 3059 651 Ἕδοξεν
3132 577 3223 633 οὖν
3304 578 3597 635 ὑπνώττων
3656 576 3852 652 ἀγανα-

2202 672 2347 722 κτεῖν
2397 668 2487 722 καὶ
2544 668 2727 724 ἀλύειν
2780 668 2870 723 καὶ
2935 668 3059 744 περὶ
3106 672 3217 723 τῶν
3261 664 3633 737 ἀδικησάντων
3672 663 3854 721 διαλέ-

2204 768 2391 831 γεσθαι
2444 762 2525 830 τῷ
2583 763 2717 831 Θεῷ,
2782 782 2810 811 ‹‹
2887 758 3135 826 Δίκασον,
3214 755 3397 831 Κύριε,
3465 754 3657 831 λέγων,
3725 755 3856 819 τοὺς

2205 844 2524 909 ἀδικοῦντάς
2557 868 2643 919 με.
2680 870 2708 899 ››
2754 848 2839 904 Ἐν
2886 846 2932 920 ᾧ
2983 844 3040 901 δὲ
3091 841 3293 919 ἔμελλε
3322 847 3387 900 τὰ
3417 846 3654 919 ἑπόμενα
3685 845 3858 901 εἰπεῖν

2205 940 2301 991 τοῦ
2332 935 2580 1010 ψαλμοῦ,
2613 934 2813 1005 ἤκουσε
2842 936 2942 1013 γὰρ
2988 937 3016 991 6
3067 933 3323 1011 Σκληρὸς
3363 934 3761 1011 προειληφέναι
3791 936 3856 989 τὸ

2209 1024 2504 1081 ἐπίλοιπον
2563 1033 2665 1095 τῆς
2722 1024 2893 1098 ᾠδῆς.
2963 1024 3253 1086 Διαναστᾶς
3302 1023 3394 1080 οὖν
3425 1025 3747 1100 σύντρομος,
3782 1025 3859 1087 ὡς

2209 1122 2345 1199 ἔγνω
2411 1124 2588 1195 πάσης
2669 1121 2891 1185 ἐλπίδος
2974 1122 3321 1194 ὠλισθηκὼς,
3382 1124 3454 1185 ὠς
3511 1123 3653 1199 εἶχεν
3714 1121 3859 1192 ἐξιπ-

2207 1213 2518 1288 πασάμενος
2580 1214 2712 1287 μετὰ
2761 1217 2871 1267 τῶν
2918 1211 3041 1287 περὶ
3100 1212 3257 1266 αὐτὸν
3307 1213 3447 1287 πρὸς
3494 1212 3557 1266 τὸ
3591 1210 3854 1289 φρούριον

2209 1299 2399 1380 ἔφευγε
2453 1304 2544 1357 τὸν
2600 1301 2932 1377 Τυροποιόν.
2980 1302 3321 1363 Γνωσθέντος
3371 1298 3429 1356 δὲ
3469 1305 3563 1355 τοῦ
3613 1299 3857 1374 δρανμοῦ

2204 1397 2284 1464 τῷ
2335 1392 2619 1467 μαγίστρῳ
2678 1390 2857 1469 Βάρδᾳ
2906 1390 2985 1463 τῷ
3030 1390 3293 1465 Σκληρῷ,
3353 1391 3539 1451 ἱππεῖς
3586 1388 3856 1446 ἀπεστέλ-

2208 1480 2374 1537 λοντο
2407 1479 2632 1550 εὔζωνοι
2662 1483 3037 1556 καταταχῆσαι
3073 1479 3163 1535 καί
3202 1474 3527 1535 καταλαϐεῖν
3561 1477 3719 1533 αὑτὸν
3746 1479 3856 1553 πρὸ

2205 1575 2303 1626 τοῦ
2364 1570 2439 1633 εἷς
2482 1574 2580 1625 τοῦ
2652 1568 2911 1648 φρούριον
2984 1568 3283 1625 εἰσελθεῖνο
3363 1566 3559 1632 οἵτινες
3616 1568 3858 1639 συντόνῳ

2214 1670 2558 1746 χρησάμενοι
2580 1673 2649 1743 τῇ
2682 1666 2860 1740 διώξει
2901 1662 3480 1740 καταταλαμϐάνουσιν
3529 1664 3691 1721 αὐτὸν
3719 1666 3860 1721 κατὰ

2208 1759 2270 1814 τὸ
2300 1756 2483 1814 πεδίον
2543 1757 2632 1813 καὶ
2694 1758 2970 1831 μέλλοντα
3011 1756 3135 1813 ὅσον
3168 1755 3382 1813 οὐδέπω
3410 1761 3531 1818 ταῖς
3557 1760 3656 1811 τοῦ
3687 1775 3859 1830 φρου-

447 1833 503 1886 te
533 1829 981 1886 instabilitatem
1020 1830 1293 1886 humanas
1336 1831 1581 1887 fortunis
1630 1831 2096 1889 considerantem

2211 1847 2330 1925 ρίου
2362 1829 2736 1925 προσεγγίζειν
2792 1847 3103 1923 ὑπωρείαις.
3154 1850 3249 1909 Εἷς
3306 1845 3365 1902 δὶ
3410 1844 3621 1901 τούτων
3664 1829 3855 1919 τολμῃ

448 1935 565 1975 non
598 1920 966 1991 exprobrare,
1000 1936 1189 1991 neque
1218 1919 1506 1976 insultare
1552 1920 1777 1977 homini
1824 1922 1954 1993 ejus
1983 1922 2097 1978 im-

444 2008 731 2081 probitate
762 2008 823 2064 in
870 2008 1023 2064 hane
1061 2010 1324 2080 conjecto
1374 2010 1811 2079 necessitatem,
1861 2013 1963 2067 sed
1996 2011 2100 2067 mi-

445 2100 628 2154 serari
661 2098 856 2169 potius
886 2114 1079 2153 meam
1114 2098 1535 2171 calamitatem,
1568 2100 1691 2156 nati
1733 2104 1899 2172 patre
1929 2117 2100 2157 curo-

389 2205 393 2207 λ
450 2186 671 2258 palata,
717 2204 821 2243 avo
867 2188 1111 2256 Caesare,
1163 2191 1374 2258 patruo
1417 2189 1805 2261 imperatore;
1854 2189 2103 2263 ejusque

454 2277 623 2345 adeo,
675 2274 778 2347 qui
823 2292 957 2331 cum
1007 2281 1066 2331 et
1113 2277 1231 2331 dux
1278 2277 1489 2334 fuisset
1534 2283 1591 2335 et
1636 2278 1791 2335 inter
1839 2296 2106 2337 summos

447 2369 817 2434 numeratus,
849 2381 1004 2419 nunc
1034 2366 1311 2422 extremis
1341 2365 1775 2423 calamitatibus
1807 2372 1984 2441 atque
2013 2370 2102 2425 in-

452 2453 726 2509 fortuniis
754 2470 1007 2525 premor.
1041 2485 1110 2495 -—
1142 2477 1172 2505 ››
1203 2456 1289 2511 Ad
1322 2455 1443 2511 haec
1472 2456 1721 2524 Charon,
1752 2480 1782 2508 «
1816 2459 2104 2527 Recte,in-

460 2543 611 2615 quit,
642 2543 840 2615 pueris
865 2542 1009 2611 haec,
1050 2543 1315 2615 sceleste,
1363 2545 1715 2616 dicerentur,
1767 2549 1869 2620 qui
1910 2549 2103 2606 verbis

458 2630 583 2687 ludi
613 2636 869 2702 queant:
903 2649 996 2689 me
1025 2632 1119 2689 his
1150 2635 1325 2707 nugis
1355 2651 1471 2689 non
1517 2636 1795 2707 decipies.
1826 2658 1855 2688 »
1888 2638 2100 2693 Simul-

454 2737 567 2790 que
611 2737 761 2792 equo
801 2721 1128 2778 calcaribus
1192 2722 1493 2778 stimulato
1552 2723 1805 2781 ferocius
1853 2726 2098 2782 invadit.

449 2810 600 2865 Tum
633 2810 855 2865 Pbocas
886 2809 1134 2878 clavam,
1167 2828 1345 2883 quam
1377 2813 1487 2867 sub
1520 2812 1935 2883 paludamento
1967 2830 2108 2887 pen-

450 2898 681 2954 dentem
714 2899 959 2969 ferebat,
992 2899 1220 2971 arripit,
1251 2900 1604 2971 obviumque
1631 2918 1695 2958 se
1741 2903 1953 2974 ferens,
1987 2905 2099 2962 ictu

447 2986 505 3043 in
540 2991 717 3060 caput
746 2987 1022 3061 impacto,
1049 2990 1202 3047 892
1230 2988 1343 3045 leto
1375 2991 1477 3045 dat
1516 2990 1886 3065 Charontem,
1937 2992 2105 3066 galea

451 3078 599 3135 nihil
631 3079 913 3135 adversus
954 3080 1071 3135 vim
1118 3080 1299 3153 plagas
1325 3081 1588 3153 valente;
1622 3087 1681 3139 et
1727 3100 1876 3157 equo
1921 3085 2101 3142 frenis

450 3184 651 3224 averso
683 3167 1022 3224 institutum
1054 3169 1164 3226 iter
1202 3170 1598 3242 prosequitur.
1654 3172 1797 3228 Cum
1845 3190 1979 3230 vero
2010 3175 2100 3231 in-

446 3257 821 3329 sequentium
852 3257 1062 3330 reliqui
1094 3276 1159 3315 eo
1191 3261 1616 3332 pervenissent,
1648 3262 1925 3319 cadavere
1953 3264 2100 3321 Cha-

449 3346 636 3403 rontis
665 3352 1066 3419 conspecto,re
1096 3347 1415 3421 improvisa
1444 3352 1799 3406 consternati
1825 3353 2102 3409 substite-

449 3440 610 3507 runt,
658 3437 892 3491 nemine
938 3453 1141 3492 eorum
1192 3437 1346 3494 ultra
1393 3440 1663 3511 progredi
1712 3442 1985 3497 audente.
2019 3445 2105 3498 Ita

453 3524 672 3581 Phocas
702 3525 1079 3581 securitatem
1115 3532 1322 3582 nactus
1366 3528 1425 3581 in
1468 3527 1772 3584 castellum
1821 3531 2102 3601 pervenit.

448 3617 579 3669 Mox
622 3614 827 3669 eodem
880 3615 1097 3670 Bardas
1172 3616 1435 3683 recessit,
1502 3618 1982 3691 continenterque
2030 3621 2103 3675 ad

450 3702 705 3759 Phoeam
736 3703 935 3759 missis
963 3703 1369 3775 internuntiis,
1403 3706 1747 3777 interposito
1763 3709 2104 3778 juramento

452 3792 823 3848 conﬁrmavit
876 3809 938 3849 se
985 3794 1175 3865 ipsius
1237 3810 1364 3851 eam
1411 3810 1612 3851 curam
1676 3813 1875 3868 gerere
1928 3814 2103 3868 quam

452 3882 646 3937 afﬁnis
677 3881 891 3938 habere
923 3900 1028 3954 par
1051 3887 1207 3939 esset
1238 3884 1401 3955 (nam
1434 3884 1651 3956 Sophia
1689 3886 1895 3942 Phocea
1942 3904 2107 3943 soror

451 3970 837 4027 Constantino
893 3972 1033 4026 Duri
1088 3972 1253 4028 fratri
1304 3975 1631 4045 nupserat),
1690 3976 1992 4047 suasitque
2039 3981 2105 4032 ut

451 4059 794 4130 imperatori
828 4076 889 4115 se
921 4061 1181 4131 dederet,
1212 4060 1636 4132 impetraturos
1681 4064 1753 4117 ab
1802 4081 1868 4119 eo
1918 4065 2105 4121 rebel-

458 4146 632 4203 lionis
658 4147 911 4203 veniam.
944 4151 1145 4221 Itaque
1192 4150 1307 4205 fide
1351 4167 1382 4204 a
1424 4151 1621 4219 jurato
1672 4152 1824 4208 Duro
1873 4159 2110 4227 accepta

459 4236 704 4305 Phocas,
754 4236 901 4292 nihil
949 4236 1009 4292 in
1058 4254 1122 4293 se
1164 4242 1329 4293 atrox
1376 4243 1665 4296 statutum
1715 4242 1807 4308 iri,
1853 4241 1988 4297 huic
2045 4259 2108 4299 se

459 4340 715 4396 suosque
747 4326 927 4380 dedit.
958 4325 1396 4398 Contontusque
1426 4328 1534 4383 hac
1567 4346 1736 4401 poena
1781 4330 1892 4386 fuit
1922 4332 2106 4404 impe-

462 4418 619 4468 rator
652 4417 715 4468 ut
743 4430 878 4469 eum
910 4412 1187 4470 clericum
1215 4415 1432 4471 factum
1462 4416 1522 4471 in
1547 4416 1757 4474 Chium
1790 4419 2106 4492 relegaret;

454 4506 512 4559 et
542 4506 761 4557 Durum
793 4518 926 4558 eum
958 4503 1244 4576 expeditis
1274 4504 1615 4563 cohortibus
1652 4507 1831 4578 jussit
1855 4509 1913 4564 in
1947 4510 2110 4567 Occi-

455 4592 691 4647 dentem
723 4591 952 4648 reverti.

2210 1938 2496 2015 προφέρων
2555 1937 2645 1992 καὶ
2700 1936 3063 2013 γενναιότητι,
3129 1934 3374 2009 τοῦνομα
3429 1938 3856 2001 Κωνσταντῖνος,

2209 2027 2399 2103 Χάρων
2429 2028 2527 2096 τὴν
2562 2026 2951 2103 προσηγορίαν,
3001 2024 3129 2089 τοὺς
3181 2024 3388 2089 ἄλλους
3414 2023 3639 2080 κατόπιν
3676 2023 3858 2079 λιπὼν

2213 2126 2347 2198 μετᾶ
2395 2124 2671 2186 συντονίας
2742 2123 3018 2199 ἐπήρχετο
3072 2127 3152 2195 τῷ
3207 2126 3396 2194 Φωκᾷ,
3450 2122 3665 2176 ὄπισθεν
3727 2120 3856 2195 οὖρ-

2210 2218 2428 2289 αγοῦντι
2462 2218 2566 2269 οῶν
2601 2214 2814 2282 ἑαυτοῦ,
2845 2212 2935 2267 καὶ
2982 2210 3049 2282 ἤν
3099 2232 3183 2274 τις
3207 2210 3335 2286 ἐπίῃ
3376 2209 3618 2281 δέξασθαι
3648 2209 3864 2285 προθύ-

2216 2325 2334 2377 μως
2383 2303 2891 2378 παρεσκευασμένῳ.
2960 2303 3169 2358 Τοῦτον
3244 2300 3524 2377 πόῤῥωθιν
3584 2297 3723 2354 ἱδὼν
3767 2299 3861 2353 καὶ

2212 2392 2482 2468 γνωρίσας
2529 2393 2556 2447 6
2614 2393 2806 2468 Χάρων
2867 2386 3081 2468 ὕϐρεσιν
3130 2390 3389 2464 ἀσέμνοις
3436 2388 3527 2444 καὶ
3566 2387 3866 2463 ἆπρεπέσιν

2213 2486 2463 2560 ἔϐαλλεν,
2495 2490 2681 2565 ἀγεννῆ
2732 2490 2821 2545 καὶ
2881 2486 3140 2564 ἄνανδρον
3198 2486 3513 2556 ἀποκαλῶν,
3562 2486 3650 2542 καὶ
3690 2507 3865 2561 προσ-

2215 2582 2389 2654 μένειν
2433 2578 2671 2635 κελεύων
2733 2579 2926 2654 μικρὸν
2983 2579 3121 2635 ὥστε
3150 2580 3215 2633 τὰ
3243 2578 3376 2653 γέρα
3403 2584 3503 2647 τῆς
3534 2575 3866 2636 ἀποστασίας

2213 2666 2416 2727 λαϐεῖν.
2449 2671 2509 2727 Ὀ
2543 2667 2599 2723 δὲ
2629 2674 2735 2723 τῶν
2786 2664 2992 2745 ὕϐρεων
3043 2667 3346 2735 ἐπακούων,
3390 2667 3479 2721 καὶ
3524 2664 3674 2727 ὅστις
3704 2666 3734 2719 6
3768 2662 3866 2719 λέ-

2210 2781 2322 2835 γων
2377 2761 2451 2833 μὴ
2508 2758 2801 2833 ἀγνοήσας,
2850 2756 3093 2832 ἐπισχών
3149 2756 3241 2812 τὸν
3299 2755 3527 2832 χαλινὸν
3586 2752 3675 2809 καὶ
3726 2754 3867 2829 πρὸς

2211 2849 2410 2905 ἐκεῖνον
2478 2847 2847 2925 ἐπιστραφεὶς,
2915 2870 2942 2902 s
2996 2843 3142 2903 Ἔδει
3200 2866 3279 2915 σε,
3312 2847 3356 2899 ὧ
3409 2846 3677 2917 ἄνθρωηε,
3721 2839 3852 2921 ἔφη,

2209 2948 2272 3004 τὸ
2303 2948 2648 3020 ἀστάθμητον
2704 2943 3064 3021 λογισάμενον
3124 2950 3223 3015 τῆς
3269 2948 3376 2998 τῶν
3424 2942 3725 3017 ἀνθρώπων
3768 2942 3863 2996 τύ-

2211 3056 2321 3113 χης
2358 3037 2434 3109 μὴ
2487 3032 2940 3108 προσονειδίζειν,
2995 3030 3125 3107 μηδ’
3182 3027 3526 3105 ἐπεμϐαίνειν
3584 3031 3863 3105 ἀνθρώπῳ

2210 3131 2328 3188 ταῖς
2367 3124 2415 3198 ἐξ
2474 3124 2644 3194 αὐτῆς
2679 3122 2953 3198 ἐπῃρείαις
2990 3122 3411 3199 ἠναγκασμένῳ,
3465 3118 3591 3176 ἀλλ’
3650 3119 3863 3175 οἰκτεί-

2214 3236 2322 3291 ρειν
2360 3213 2572 3289 μᾶλλον
2629 3213 2717 3268 καὶ
2776 3211 2942 3269 ἐλεεῖν
3004 3212 3094 3268 τὸν
3148 3208 3517 3287 δυστυχοῦντά
3558 3230 3625 3285 με
3654 3210 3864 3284 πατέρα

2218 3305 2311 3379 μὶν
2360 3303 2637 3379 ἐσχηκότα
2683 3299 3128 3377 κουροπαλάτην,
3196 3299 3415 3355 πάππον
3475 3297 3532 3354 δὲ
3588 3296 3862 3375 Καίσαρα,

2211 3405 2352 3458 θεῖον
2415 3399 2662 3476 βασιλέα,
2720 3397 2888 3454 δοῢκα
2954 3402 3067 3473 (24)
3120 3396 3177 3453 δὶ
3228 3398 3319 3452 καὶ
3376 3398 3534 3452 αὑτὸν
3595 3396 3867 3471 γεγονότα

2210 3490 2299 3546 καὶ
2330 3495 2446 3551 τσῖς
2508 3489 2761 3564 ἀνωτέρω
2811 3487 3298 3564 συναριθμηθέντα,
3356 3485 3471 3541 νυνὶ
3521 3483 3579 3539 δὶ
3606 3484 3866 3560 ἐσχάτοις

2211 3584 2398 3641 κακοῖς
2460 3573 2909 3650 ὑποϐεϐλημένον
2967 3576 3057 3631 καὶ
3116 3578 3199 3650 [Ρ.
3232 3578 3359 3648 671]
3418 3573 3862 3649 ἆκληρήμασι.»

2210 3680 2315 3731 Τοῦ
2364 3673 2442 3745 δὲ,
2504 3700 2533 3729 ι(
2594 3674 2747 3730 Καλὰ
2801 3678 2988 3743 ταῦτα,
3052 3675 3095 3728 ὦ
3136 3674 3275 3742 κακὴ
3320 3670 3558 3749 κεφαλὴ,
3609 3670 3867 3745 λέγεσθαι

2211 3768 2348 3842 πρὸς
2377 3762 2573 3826 παῖδας
2628 3765 2756 3828 τοὺς
2813 3762 3140 3837 δυναμένους
3193 3760 3864 3832 ἂπατηθῆναι,είπόντος,

2216 3854 2313 3929 ὲμὶ
2345 3853 2402 3910 δὶ
2432 3854 2496 3910 ού
2530 3853 2831 3929 φενακίσεις
2860 3858 2976 3914 τοῖς
3025 3851 3304 3914 τοιούτοις
3332 3872 3426 3905 σου
3458 3846 3794 3925 λογυδρίοις,
3833 3874 3863 3900 ››

2213 3955 2301 4011 καὶ
2357 3956 2447 4011 τὸν
2498 3954 2669 4009 ’ίππον
2729 3953 3106 4027 μυωπίζοντος
3154 3952 3245 4007 καὶ
3303 3951 3626 4027 θρασύτερον
3684 3970 3866 4024 προσ-

2220 4041 2413 4113 ιόντος,
2446 4043 2783 4117 σπασάμενος
2816 4044 2844 4097 6
2885 4046 3082 4106 Φωκᾶς
3131 4042 3231 4110 τὴν
3262 4038 3313 4095 ἐν
3344 4044 3414 4114 τῇ
3446 4036 3717 4118 ἐφεστρίδι
3749 4043 3868 4113 (25)

2214 4143 2657 4218 παρῃωρημένην
2706 4139 2943 4215 κορύνην
3003 4139 3095 4194 καὶ
3153 4138 3480 4200 ὕπαντιάσας
3535 4136 3683 4193 παίει
3743 4141 3873 4192 τοῦ-

2214 4253 2305 4287 τον
2366 4232 2502 4286 κατά
2554 4234 2652 4284 τοῦ
2707 4229 2958 4305 κράνους,
3014 4228 3101 4282 καὶ
3152 4225 3310 4283 αὐτὸν
3360 4227 3455 4299 μὶν
3514 4223 3869 4281 ἀποδείκνυσι

2216 4322 2402 4396 νεκρὸν
2447 4317 2771 4393 παραυτίκα,
2838 4314 3127 4392 ἐμποδίσαι
3215 4316 3292 4390 μή
3378 4312 3696 4385 δυνηθείσης
3752 4321 3861 4385 τῆς

2216 4411 2447 4486 κόρυθος
2473 4412 2542 4483 τῇ
2577 4409 2671 4483 βίᾳ
2723 4413 2826 4476 τῆς
2883 4404 3139 4481 πληγῆς,
3170 4404 3371 4466 ἐκεῖνος
3407 4401 3465 4459 δὶ
3520 4402 3871 4478 ἀποστρέψας

2215 4510 2309 4564 τὸν
2339 4504 2573 4582 ’χαλικὸν
2609 4501 2788 4580 εἷ’·χετο
2818 4510 2917 4574 τῆς
2948 4501 3097 4561 ὀδοῦ.
3129 4503 3198 4561 Ol.
3230 4500 3288 4558 δὲ
3315 4500 3601 4563 διώκοντες
3632 4500 3869 4557 κατόπιν

2218 4595 2645 4674 ἐρχόμενοι,καὶ
2707 4591 2829 4648 ἔνθα
2882 4594 2910 4647 6
2960 4594 3150 4669 Χάρων
3196 4590 3471 4662 τεθνηκώς
3502 4588 3675 4646 ἔκειτο
3713 4591 3872 4667 γενό-

1642 4696 2013 4754 XYLANDRI
2053 4700 2146 4756 ET
2186 4698 2405 4756 GOARI
2447 4695 2683 4752 NOTJE.

524 4778 648 4861 (24).
668 4778 894 4861 Nobilis
922 4783 1013 4835 est
1042 4779 1101 4835 in
1132 4779 1397 4836 historiis
1429 4781 1521 4861 bis
1546 4785 1830 4861 poparum
1862 4786 2103 4861 familia.
2137 4792 2184 4857 Ι)
2216 4784 2482 4861 stragula
2518 4787 2703 4861 veste,
2760 4797 2877 4853 qua
2923 4796 3112 4861 equus
3173 4778 3553 4861 integeretur,
3601 4779 3870 4861 positum

453 4850 687 4929 Sedhic
716 4851 891 4929 ofﬁcii
927 4867 1140 4929 nomen
1173 4868 1299 4908 esse
1330 4869 1443 4908 non
1476 4854 1701 4929 dubito.
1732 4860 1934 4929 Neque
1950 4859 2107 4915 enim

453 4922 707 4978 arbitror
727 4924 960 4978 easdem
985 4924 1167 4979 fuisse
1184 4929 1475 4980 Ducarum
1504 4930 1562 4980 et
1592 4922 1914 4985 Phocarum
1940 4930 2106 4986 Iami-

453 4992 807 5068 lias.Etcu_m
824 4995 1117 5061 alibi,tum
1135 4996 1192 5050 in
1209 4996 1496 5068 principio
1525 4998 1725 5054 Basilii
1748 5002 1987 5057 Romani
2002 5002 2105 5058 ﬁlii

454 5064 714 5151 invenies
742 5066 893 5151 hanc
921 5084 1120 5151 vocem
1138 5064 1240 5151 pro
1268 5064 1419 5151 (Luce
1437 5070 2106 5151 posi'tam.Rur_sumq_ue

453 5138 788 5213 praafectum
815 5138 1246 5213 Thessalonicae
1282 5138 1782 5213 Theopbylactum
1831 5138 2103 5201 Botan'ia-

450 5205 566 5287 tem
598 5205 765 5287 δοῇκα
794 5208 1407 5287 νοοαιριὶαεμᾶρχοντα
1433 5205 1490 5287 et
1518 5205 1819 5287 ἄτρατηγόν
1852 5217 2106 5287 appella-

448 5285 593 5337 tum.
645 5282 739 5337 Sic
785 5287 842 5337 et
885 5281 1210 5339 Antiochiae
1240 5281 1315 5340 'et
1348 5283 1544 5340 Iberiae
1584 5281 1798 5349 ’δπύκας
1846 5281 1904 5342 in
1931 5281 2102 5344 'Con-

450 5352 691 5425 stantini
722 5353 920 5409 fratris
952 5354 1217 5425 imperio.
1252 5359 1404 5415 Θεῖος
1436 5361 1632 5412 autem
1664 5362 1721 5413 et
1752 5358 1845 5413 hic
1877 5363 1933 5415 et
1963 5360 2101 5416 alibi

452 5422 747 5494 significat
780 5422 1238 5502 patrisfr'atrem
1270 5444 1285 5483 ;
1320 5444 1454 5502 nam
1487 5428 1987 5502 Leocuropalates
2008 5433 2103 5499 (de

452 5510 569 5574 qua
597 5511 734 5574 voce
766 5496 1391 5574 alihi_dictum)_fra_t_er
1418 5499 1528 5553 fuit
1559 5496 1869 5574 Nicephori
1902 5496 2099 5559 Phoce

454 5566 825 5648 imperatoris
859 5567 1013 5648 filius
1052 5569 1250 5625 Bardss
1282 5566 1885 5648 Phocaiquem'pater
1914 5576 2098 5648 impe-

453 5642 615 5695 rator
644 5639 833 5695 factus
864 5639 1147 5699 Caesarem
1178 5646 1423 5698 crearat.
1455 5644 1600 5698 XYL.

521 5710 637 5783 (25)
683 5710 964 5787 Ἐφεστρις
1010 5713 1106 5771 hic
1152 5714 1412 5787 ponitur,
1470 5715 1625 5785 quod
1676 5719 1733 5773 et
1772 5734 1953 5791 supra
1996 5734 2099 5791 pro

2216 4852 2467 4913 videtur.
2518 4860 2633 4925 Ego
2675 4852 2793 4909 non
2839 4853 3087 4908 multam
3152 4852 3873 4925 proprietatem__istarum

2214 4946 2423 4985 vocum
2455 4922 2611 4999 apud
2654 4925 2811 4999 hunc
2858 4922 3205 4999 scriptorem
3248 4922 3627 4999 deprehendi,
3662 4922 3875 4999 itaque

2215 5002 2358 5057 verti
2390 4994 2633 5055 liberius
2663 4998 2823 5052 talia.
2858 4994 3033 5053 Porro
3064 4996 3283 5052 circum
3319 4994 3440 5051 haec
3469 4995 3597 5050 loca
3626 4994 3867 5066 aliquo-

2212 5072 2324 5150 ties
2356 5087 2457 5143 per
2486 5071 2857 5150 Qccidentem
2900 5066 3201 5150 Cpo_lis.et
3248 5084 3379 5150 qua?
3425 5068 3475 5122 ei
3527 5068 3585 5121 in
3637 5067 3876 5150 Europa

2214 5139 2407 5200 adhuc
2438 5144 2738 5206 suberant,
2777 5157 2881 5212 per
2928 5139 3225 5196 Orientem
3278 5139 3507 5193 Asiana:
3558 5139 3878 5212 provincia

2214 5221 2355 5271 sunt
2384 5209 2798 5286 intelligendas,
2848 5228 2921 5267 ne
2970 5212 3106 5286 quis
3157 5212 3472 5286 imperitus
3516 5209 3739 5265 Italiam
3771 5210 3876 5267 hic

2214 5288 2491 5343 somniet.
2525 5281 2687 5352 Quod
2722 5288 2918 5341 autem
2977 5283 3282 5339 Theodora
3328 5281 3589 5338 Zimiscae
3639 5298 3807 5344 uxor,
3840 5300 3877 5339 a

2212 5359 2472 5415 Cedreno
2504 5357 2627 5413 filia
2655 5354 3021 5414 Constantini
3058 5354 3267 5411 Leonis
3298 5352 3401 5408 filii
3451 5357 3510 5409 et
3556 5370 3722 5409 soror
3751 5357 3876 5408 Ro-

2211 5432 2368 5485 mani
2403 5430 2557 5485 tertii
2608 5430 2878 5484 aNostro
2927 5426 3163 5495 dicitur,
3212 5425 3367 5481 idem
3418 5430 3504 5481 est
3550 5426 3665 5481 fere
3706 5427 3869 5496 apud

2211 5507 2516 5558 Zonaram.
2550 5501 2891 5567 Panvinius,
2921 5499 3066 5554 alios
3098 5500 3282 5569 (puto)
3315 5502 3581 5554 auctores
3603 5502 3870 5569 secutus,

2210 5574 2392 5629 tiliam
2428 5574 2675 5629 Romani
2704 5574 2738 5627 3
2767 5589 2836 5627 ex
2863 5568 3296 5643 'lfbreophanone
3346 5569 3656 5643 Anastasis
3702 5568 3869 5637 facit,

2210 5662 2467 5702 sororem
2501 5645 2726 5701 scilicet
2755 5641 2956 5701 Basilii
2986 5639 3042 5697 et
3065 5639 3436 5699 Constantini
3466 5641 3532 5696 10
3560 5642 3704 5697 Χνι..
