4050 6326
182 364 296 428 125
1320 363 1835 428 ΗΙΒΤΟΒΙᾹΒῙΙΒ

1946 363 2069 427 {OM
2081 364 2458 428 PENDIUM.
3483 370 3600 432 126

183 511 360 567 μενοι,
417 496 512 549 καὶ
568 498 650 566 τῷ
709 493 1066 568 ἀνυποστάτῳ
1120 498 1218 550 τοῦ
1261 496 1560 568 πτώματος
1607 491 2046 566 ἐκπληττόμενοι
2100 495 2296 559 πάντες
2339 492 2507 550 ’ίστων
2556 496 2654 566 τήν
2715 493 2922 567 δίωξιν,
2970 494 3206 570 μηδενὸς
3258 499 3588 573 τολμῶντος

179 584 516 660 προσωτέρω
565 582 723 641 ἱέναι.
755 583 852 640 Καὶ
902 583 1075 646 οὕτως
1124 580 1304 648 ἀδείας
1353 579 1657 656 λαϐόμενος
1683 584 1710 636 6
1745 588 1944 644 Φωκᾶς
1977 583 2176 638 ἄνεισιν
2211 583 2287 646 είς
2320 584 2381 638 τὸ
2411 583 2692 661 φρούριον.
2724 587 3055 662 ΙΙαρεγὲνετο
3089 587 3223 661 μετὰ
3249 591 3418 644 ταῦτα
3444 589 3536 644 καὶ
3562 592 3592 645 6

183 671 464 746 Σκληρὸς,
507 677 752 747 συνεχῶς
790 671 929 747 πρὸς
969 671 1172 727 ἐκεῖνον
1212 670 1471 744 πέμπων,
1498 670 1588 726 καὶ
1633 667 1890 741 κήδεσθαι
1940 671 2058 743 μεθ’
2088 671 2264 746 ὅρκων
2309 673 2532 746 γράφων
2586 673 2662 735 ὡς
2690 670 2956 744 κηδεστοῦ
2984 674 3224 748 (νύμφην
3259 675 3363 752 γὰρ
3395 675 3482 730 ἐπὶ
3511 681 3593 749 τῷ

182 759 406 836 ἀδελφῷ
439 762 828 835 Κωνσταντίνῳ
858 763 958 832 τήν
990 760 1195 816 ἐκείνου
1227 763 1370 836 εἶχεν
1405 758 1644 838 ἀδελφὴν
1678 761 1928 837 Σοφίαν),
1952 760 2042 814 καὶ
2079 755 2469 833 συμϐουλεύων
2515 769 2913 838 προσχωρῆσαι
2969 767 3048 835 τῷ
3097 765 3312 839 βασιλεῖ
3362 765 3452 820 καὶ
3491 766 3590 835 τὴν

183 852 373 906 ἐαυτοῦ
407 849 500 905 διὰ
523 857 626 920 τῆς
658 848 994 924 αὐτομολίας
1025 853 1356 924 συμπάθειαν
1399 848 1808 906 ἐπισπάσασθαι.
1837 851 2073 926 ’Ὀρκους
2104 848 2195 905 οὖν
2220 845 2401 906 λαϐὼν
2436 851 2512 912 ὡς
2543 848 2698 906 οὐδέν
2729 873 2780 906 τι
2811 852 3047 908 πείσεται
3080 852 3340 931 φλαῦρον,
3371 852 3600 930 παραδί-

182 938 346 995 δωσιν
378 938 569 996 ὲαυτὸν
598 945 678 1013 τῷ
712 938 949 1015 Σκλήρῷ
971 939 1064 995 σὺν
1083 945 1200 1002 τοῖς
1230 944 1472 995 συνοῦσιν
1504 939 1672 1012 αὐτῷ.
1701 941 1797 996 ’Ὸν
1835 937 2002 1012 μηδὲν
2037 937 2178 994 ἄλλο
2208 940 2449 1003 παθόντα
2479 942 2666 1008 κακὸν,
2711 941 2872 1015 μόνον
2903 939 2960 997 δὶ
2987 945 3275 1017 γενόμενον
3326 941 3592 1021 κληρικὸν

181 1031 230 1084 έν
260 1032 332 1102 τῇ
362 1030 519 1102 νήσῳ
550 1029 672 1102 Χίῳ
705 1029 1008 1105 ὑπερορίζει
1041 1029 1068 1086 6
1105 1026 1380 1104 βασιλεύς.
1407 1029 1513 1085 Τὸν
1548 1025 1606 1084 δέ
1639 1026 1892 1104 Σκληρὸν
1924 1026 2172 1098 εύζώνως
2208 1030 2341 1101 μετὰ
2379 1033 2487 1085 τῶν
2532 1028 2749 1110 κούφων
2779 1029 3072 1107 ταγμάτων
3123 1028 3376 1103 διαϐῆναι
3425 1033 3592 1089 πάλιν

179 1117 392 1175 κελεύει
422 1121 562 1195 πρὸς
591 1121 691 1190 τὴν
716 1119 1000 1196 Ἑσπέραν.

248 1251 485 1320 Ἀγεται
538 1242 595 1299 δὶ
648 1245 825 1317 ἑαυτῷ
869 1248 1096 1320 γυναῖκα
1153 1245 1182 1299 6
1239 1242 1494 1314 Ἰωάννης
1551 1239 1833 1318 Θεοδώραν

2023 1247 2306 1300 Praeterea
2358 1245 2680 1318 imperator
2730 1263 2969 1304 uxorem
3021 1247 3183 1304 ducit
3233 1248 3602 1306 Theodoram

181 1335 276 1402 τὴν
334 1331 582 1413 ἀδελφὴν
643 1334 946 1408 Ῥωμανοῦ,
976 1330 1239 1408 θυγατέρα
1293 1329 1351 1388 δὲ
1405 1329 1503 1387 τοῦ
1550 1334 1836 1409 ΙΙορφυρο-

181 1425 454 1497 γεννήτου
484 1421 909 1478 Κωνσταντίνου·
942 1421 1032 1476 καὶ
1058 1419 1230 1496 ταύτῃ
1259 1424 1328 1495 τῇ
1357 1422 1548 1498 πράξει
1583 1419 1838 1496 μεγάλως

184 1506 416 1587 εὖφρανε
469 1509 598 1573 τοὺς
653 1509 885 1574 πολίτας
943 1510 1019 1572 ὡς
1076 1509 1139 1564 τὸ
1193 1511 1295 1579 τῆς
1335 1508 1612 1584 βασιλείας
1639 1509 1837 1584 κράτος

183 1619 281 1672 περ
291 1597 605 1677 ιφυλάττων
637 1604 717 1672 τῷ
745 1599 912 1675 γένει.

255 1690 504 1766 Δευτέρῳ
535 1686 592 1744 δὶ
631 1684 738 1744 ἔτει
784 1695 887 1759 τῆς
937 1685 1216 1764 βασιλείας
1265 1689 1430 1744 αὐτοῦ
1485 1687 1704 1762 μέλλων
1751 1686 1838 1744 ἐκ·

187 1778 498 1851 στρατεύειν
536 1779 674 1833 κατᾶ
716 1782 823 1833 τῶν
855 1778 990 1841 Ῥὼς
1037 1777 1104 1834 τά
1145 1799 1202 1834 τε
1248 1777 1624 1854 στρατεύματα
1679 1777 1838 1858 φιλο-

184 1869 399 1940 τιμίαις
428 1862 791 1940 ἀνελάμϐανε,
821 1866 913 1923 καὶ
954 1867 1291 1944 στρατηγοὺς
1342 1866 1529 1944 έφίστα
1577 1867 1666 1924 έπὶ
1711 1889 1840 1922 συν-

187 1957 291 2011 ἐσει
338 1955 433 2011 καὶ
481 1955 739 2030 ἐμπειρίᾳ
786 1957 1255 2031 στρατηγημάτων
1307 1951 1700 2032 βεϐοημένους,
1750 1955 1839 2010 καὶ

183 2051 290 2100 τῶν
323 2043 515 2101 ἄλλων
540 2044 862 2119 έπεμελεῖτο
891 2046 1270 2119 παρασκευῶν,
1297 2043 1388 2100 ’ίνα
1423 2042 1655 2118 μηδενὸς
1703 2065 1840 2100 σπαο

183 2134 325 2201 νίζοι
369 2135 435 2189 τὸ
485 2135 812 2208 στράτευμα.
841 2134 1200 2208 Ἐπεμελήθη
1255 2132 1312 2190 Si
1357 2134 1447 2190 καὶ
1489 2138 1587 2190 τοῦ
1641 2132 1842 2190 στόλου

188 2222 274 2280 διὰ
305 2223 545 2286 Λέοντος
574 2227 670 2278 τοῦ
713 2225 851 2298 μετὰ
883 2228 1051 2279 ταῦτα
1094 2219 1617 2301 πρωτοϐεστιαρίου,
1646 2221 1841 2298 δρουγ-

185 2314 380 2388 γαρίου
447 2314 575 2369 τότε
642 2317 754 2368 τῶν
837 2312 1111 2387 πλωΐμων
1177 2315 1565 2389 τυγχάνοντος,
1627 2315 1694 2368 τὰ
1747 2315 1840 2387 μὶν

189 2403 400 2458 παλαιᾶ
431 2403 808 2470 ἐπισκευάσας,
833 2405 1228 2465 κατασκευάσας
1270 2401 1326 2458 δὲ
1370 2404 1460 2457 καὶ
1504 2401 1647 2458 ἄλλα
1686 2404 1846 2458 καινὰ

1949 1332 2199 1389 Romani
2229 1350 2514 1406 sororem,
2545 1335 2728 1392 ﬁliam
2775 1336 3141 1393 Constantini
3197 1337 3600 1411 Porphyroge-

1947 1421 2078 1478 niti.
2109 1425 2243 1487 Quae
2274 1423 2493 1496 nuptiae
2525 1427 2805 1496 pergratae
2857 1425 3093 1482 fuerunt
3139 1425 3385 1494 civibus,
3441 1427 3598 1500 quod

1949 1527 2084 1567 eum
2115 1511 2432 1585 imperium
2464 1513 2560 1569 isti
2592 1513 2827 1571 familiis
2860 1531 3205 1572 conservare
3257 1514 3405 1573 velle
3428 1504 3598 1588 judi-

1947 1603 2165 1656 carent.

2019 1689 2335 1746 Tzimisces
2366 1706 2518 1747 anno
2560 1692 2816 1750 secundo
2859 1692 3093 1766 imperii
3143 1693 3238 1750 sui
3277 1693 3338 1750 in
3379 1693 3597 1752 Rossos

1948 1778 2377 1850 expeditionem
2416 1785 2825 1853 suscepturus,
2875 1798 3010 1838 cum
3062 1783 3292 1840 animos
3342 1783 3599 1840 militum

1948 1865 2299 1924 liberalitate
2329 1885 2438 1926 sua
2467 1869 2785 1941 refecisset,
2819 1871 2998 1927 duces
3028 1871 3102 1928 iis
3133 1872 3390 1944 praefecit
3443 1873 3599 1929 898

1947 1956 2261 2029 prudentia
2279 1961 2335 2014 et
2355 1957 2568 2016 artium
2587 1959 2660 2015 im
2668 1959 3093 2032 peratoriarum
3121 1961 3330 2035 peritia
3349 1961 3598 2031 nobiles;

1948 2051 2006 2102 et
2033 2045 2276 2118 reliquis
2306 2047 2585 2104 omnibus
2614 2049 2966 2121 apparandis
2995 2067 3125 2107 eam
3177 2050 3468 2124 impendit
3496 2067 3597 2106 cu-

1949 2151 2098 2203 ram,
2126 2150 2200 2191 ne
2229 2136 2368 2207 quid
2392 2152 2588 2193 rerum
2628 2138 3093 2195 necessariarum
3140 2139 3490 2196 exercitibus
3523 2139 3598 2196 de

1949 2228 2122 2280 esset.
2155 2223 2415 2281 Classem
2447 2241 2681 2298 quoque
2709 2226 2936 2282 curavit
2983 2243 3159 2299 opera
3204 2227 3413 2283 Leonis
3467 2226 3598 2298 ejus

1951 2312 2053 2384 qui
2087 2317 2226 2367 tunc
2258 2313 2339 2368 rei
2370 2313 2590 2370 navalis
2620 2315 3000 2387 drungarius,
3035 2320 3236 2388 postea
3266 2320 3356 2372 est
3397 2322 3597 2388 proto-

1948 2401 2261 2458 vestiarius
2290 2403 2478 2458 factus
2505 2420 2520 2470 ;
2543 2407 2602 2459 et
2629 2420 2763 2459 cum
2784 2407 3011 2460 veteres
3035 2420 3210 2461 naves
3243 2403 3443 2461 refecit
3471 2408 3598 2460 tum

187 2493 276 2547 καὶ
350 2491 549 2548 στόλον
619 2491 909 2568 ἀξιόλογον
990 2493 1488 2566 καταστησάμενος.
1562 2492 1712 2547 Ἐπεὶ
1788 2489 1835 2546 δὶ

1953 2507 2133 2546 novas
2163 2491 2483 2547 fabricatus
2515 2496 2620 2560 est,
2655 2496 2712 2548 et
2741 2494 2993 2549 classem
3018 2493 3245 2564 justam
3296 2492 3603 2550 constituit

189 2583 365 2637 πάντα
401 2585 591 2643 καλῶς
645 2583 789 2656 εἶχεν
824 2583 974 2654 αὐτῷ
1020 2580 1177 2656 ἔαρος
1226 2580 1559 2648 ἐπιστάντος,
1605 2585 1686 2653 τῷ
1730 2584 1844 2652 Θεῷ

187 2673 251 2725 τὰ
308 2671 556 2743 ἐξιτήρια
613 2669 775 2732 θύσας
826 2671 914 2725 καὶ
969 2669 1360 2743 συνταξάμενος
1416 2676 1532 2732 τοῖς
1586 2668 1841 2734 πολίταις

186 2758 344 2833 ἔξεισι
394 2763 498 2824 τῆς
554 2756 858 2834 βασιλίδος.
917 2761 1204 2833 Τενομένῳ
1252 2756 1296 2814 δ’
1347 2759 1494 2832 αὐτῷ
1548 2758 1686 2814 κατὰ
1736 2760 1837 2828 τὴν

183 2847 491 2905 Ῥαιδεστὸν
547 2846 644 2904 δύο
703 2853 998 2904 συναντῶσι
1055 2844 1380 2924 πρεσϐευταὶ
1429 2853 1535 2904 τῶν
1592 2853 1838 2921 Σκυθῶν,

182 2945 259 3012 τῷ
288 2938 474 2994 δοκεῖν
510 2938 606 3011 μὶν
637 2933 928 3013 πρεσϐείαν
969 2937 1442 3013 άποπληροῢντες,
1474 2931 1616 3014 ἔργῳ
1664 2934 1721 2993 δὶ
1773 2938 1841 2992 τὰ

183 3027 468 3101 Ῥωμαίων
547 3024 796 3088 ἐλθόντες
864 3029 1274 3096 κατασκοπῆσαι
1349 3027 1674 3102 πράγματα’
1749 3025 1840 3089 οὓς

185 3115 551 3186 ὀνειδίζοντας
579 3117 669 3170 καὶ
727 3112 884 3171 ἄδικα
934 3115 1166 3192 πάσχειν
1215 3110 1625 3189 έπιϐοωμένους
1670 3135 1841 3194 προσ·

178 3205 352 3276 έταξεν
398 3206 427 3260 6
480 3203 737 3281 βασιλεὺς
805 3202 1114 3279 περιελθεῖν
1177 3205 1314 3260 ἅπαν
1373 3205 1436 3260 τὸ
1476 3203 1838 3278 στρατόπεδον

178 3295 263 3349 καὶ
293 3293 541 3370 θεωροὺς
569 3293 815 3370 γενέσθαι
861 3297 970 3348 τῶν
1012 3293 1216 3364 τάξεων
1258 3290 1407 3366 (οὐδὲ
1453 3295 1557 3368 γὰρ
1603 3293 1842 3369 ἠγνόησε

180 3387 276 3451 τῆς
327 3383 562 3460 ἀεσίξεως
609 3382 711 3451 τὴν
763 3381 988 3455 αῗτίαν).
1041 3384 1125 3456 [Ρ.
1169 3384 1296 3456 672]
1343 3379 1727 3456 περιελθόντας
1785 3379 1843 3436 δὶ

183 3473 267 3527 καῖ
335 3473 516 3526 πάντα
594 3473 1113 3541 κατασκοπήσαντας
1188 3469 1624 3526 ἀπαλλάττεσθαι
1701 3491 1841 3547 παρ-

183 3560 489 3633 εκελεύετο,
519 3560 613 3615 καὶ
665 3564 748 3632 τῷ
805 3565 951 3638 σφῶν
1013 3561 1306 3636 ἡγουμένῳ
1361 3559 1539 3635 λέγειν
1598 3560 1672 3622 ὡς
1709 3560 1843 3633 μετὰ

179 3651 444 3722 τοιαύτης
485 3648 780 3722 εὐκοσμίας
826 3649 914 3704 καὶ
964 3647 1252 3716 πειθηνίου
1295 3647 1432 3703 λαοῦ
1481 3649 1509 3702 ό
1554 3647 1839 3722 Ῥωμαίων

185 3741 305 3816 βασι
318 3738 458 3801 λεῦς
513 3737 732 3813 ἔρχεται
765 3736 1141 3813 ὡχυρωμένος
1170 3735 1509 3811 πολεμήσων
1540 3737 1708 3811 αὐτῷ.
1739 3737 1839 3794 Καὶ

179 3830 302 3892 τοὺς
339 3828 441 3903 μέν
481 3821 812 3901 πρεσϐευτὰς
875 3827 1232 3903 ὑποχωρῆσαι
1289 3827 1582 3899 πεποίηκεν
1643 3827 1836 3896 οὕτως,

179 3917 339 3980 αὐτὸς
373 3914 433 3971 δὶ
462 3915 689 3971 κατόπιν
742 3914 1008 3985 εὐζώνους
1054 3911 1264 3984 λαϐὼν,
1295 3914 1492 3983 πεζοὺς
1547 3917 1640 3989 μὲν
1693 3916 1832 3994 ἀμφὶ

1952 2579 2239 2637 Omnibus
2271 2582 2449 2652 probe
2478 2581 2799 2652 adornatis,
2833 2582 3070 2638 ineunte
3097 2597 3230 2638 vere
3271 2582 3454 2638 sacris
3485 2582 3601 2638 Deo

1951 2683 2053 2739 pro
2085 2667 2235 2723 felici
2267 2667 2420 2722 exitu
2451 2671 2749 2739 operatus,
2781 2673 2839 2724 et
2870 2669 3088 2724 relictis
3121 2671 3192 2726 ad
3234 2670 3386 2726 cives
3428 2686 3598 2725 man-

1949 2757 2124 2824 datis,
2155 2756 2480 2828 Cpolidexit.
2515 2756 2660 2812 Cum
2692 2758 2763 2812 ad
2796 2759 3125 2815 Raedestum
3155 2759 3432 2826 venisset,
3479 2759 3598 2815 duo

1947 2846 2030 2903 illi
2045 2851 2402 2903 occurrunta
2425 2846 2662 2920 Scythis
2675 2847 2844 2904 missi
2866 2847 3295 2921 sublegationis
3317 2851 3596 2922 praetextu

1947 2937 2313 3010 exploratum
2343 2955 2436 2994 res
2461 2939 2772 2995 Romanas.
2803 2939 2957 3004 Quos
2987 2939 3426 3011 expostulantes
3451 2942 3509 2995 et
3529 2940 3600 2994 dc

1949 3027 2184 3099 injuriis
2220 3027 2468 3100 Scythiae
2519 3028 2678 3101 genti
2729 3029 2865 3085 facti
2915 3033 3250 3101 querentes,
3298 3045 3432 3085 cum
3482 3045 3598 3084 non

1949 3116 2245 3188 ignoraret
2273 3131 2509 3172 causam
2541 3133 2744 3172 eorum
2775 3117 3084 3184 adventus,
3127 3134 3231 3190 per
3259 3120 3382 3173 tota
3411 3119 3605 3172 castra

1949 3205 2216 3275 circuire,
2264 3208 2322 3260 et
2380 3220 2584 3261 omnes
2659 3205 2895 3262 ordines
2961 3205 3367 3278 contemplari,
3418 3219 3603 3276 eoque

1949 3295 2099 3350 facto
2129 3294 2373 3350 domum
2404 3293 2615 3360 redire,
2648 3311 2876 3366 suoque
2923 3294 3174 3367 principi
3221 3293 3412 3350 dicere
3435 3293 3604 3364 jubet

1949 3386 2275 3441 Romanum
2307 3385 2391 3440 sic
2419 3388 2624 3440 ornato
2654 3389 2711 3440 et
2737 3385 2910 3442 dictis
2961 3386 3317 3457 obsequente
3346 3384 3600 3441 exercitu

1950 3474 2023 3529 ad
2071 3472 2292 3529 bellum
2334 3477 2536 3529 contra
2582 3474 2779 3544 ipsum
2843 3475 3164 3547 gerendum
3211 3474 3428 3530 venire.
3477 3473 3599 3529 Hoc

1951 3563 2126 3618 modo
2157 3561 2420 3618 dimissis
2449 3561 2940 3633 exploratoribus,
2975 3563 3101 3635 ipse
3131 3579 3266 3619 cum
3315 3561 3600 3636 expeditis

1950 3651 2180 3707 circiter
2197 3651 2339 3705 5000
2364 3650 2725 3724 peditibuset
2747 3655 3002 3723 quatuor
3020 3651 3286 3724 equitum
3311 3651 3600 3717 millibus,

1950 3740 2228 3794 mandato
2255 3738 2496 3810 reliquis
2527 3744 2593 3794 ut
2622 3739 2765 3795 duce
2808 3739 3020 3796 Basilio
3069 3739 3427 3796 cubiculario
3459 3740 3603 3796 citra

1949 3827 2381 3885 festinationem
2431 3828 2958 3900 subsequerentur,
3009 3831 3285 3900 superato
3333 3829 3496 3884 (Emo
3541 3828 3601 3883 in

1948 3917 2243 3974 hosticum
2281 3915 2514 3973 nemine
2546 3920 2920 3988 exspectante
2972 3917 3269 3987 irrumpit,
3322 3921 3377 3972 et
3422 3933 3602 3989 prope

176 4009 266 4069 τὰς
316 3976 483 4062 πέντε
533 3976 1041 4082 χιλιάδας’ἳππείς
1099 4002 1158 4059 δὶ
1210 3976 1289 4069 είς
1328 3976 1832 4080 τετρακισχιλίους,

1946 4009 2147 4064 urbem
2183 4023 2455 4079 magnam
2490 3976 3019 4068 Persthlabammbi
3048 3976 3207 4078 regia
3236 3976 3361 4060 erat
3382 3976 3598 4077 Bulga-

176 4098 233 4150 τὸ
264 4094 324 4151 δὲ
353 4094 556 4151 λοιπὸν
586 4094 723 4149 ἅπαν
755 4091 970 4164 πλῆθος
1000 4091 1282 4169 σχολαίως
1312 4091 1538 4158 ἕπεσθαι
1575 4091 1836 4158 κελεύσας

181 4184 311 4255 μετὰ
339 4181 636 4238 Βασιλείου
665 4187 764 4238 τοῦ
796 4183 1322 4257 παρακοιμωμένου,
1352 4183 1444 4237 τὸν
1499 4183 1672 4257 Αἶμον
1717 4181 1833 4238 δια-

175 4267 267 4335 ϐὰς
298 4272 620 4346 ἆπρόοπτος
648 4271 726 4334 εἷς
753 4273 852 4342 τὴν
883 4269 1156 4345 πολεμίαν
1205 4266 1463 4327 διαϐαίνει
1513 4272 1602 4326 καὶ
1642 4267 1835 4327 ἐσϐάλ-

177 4360 276 4429 λει,
307 4361 406 4416 καὶ
437 4360 597 4437 ἐγγὺς
623 4367 725 4430 τῆς
751 4359 969 4422 πόλεως
1006 4365 1106 4429 τῆς
1162 4358 1406 4435 μεγάλης
1452 4357 1830 4437 Περσθλάϐας,

177 4449 292 4518 ἥτις
324 4453 450 4525 εἶχε
478 4451 548 4503 τὰ
573 4452 682 4503 τῶν
715 4447 1051 4524 Βουλγάρων
1089 4447 1360 4522 βασίλεια,
1389 4449 1492 4518 τὴν
1537 4468 1831 4523 στρατοπε-

175 4536 311 4595 δείαν
342 4537 606 4609 ἐπήξατο.
639 4540 817 4595 Τοῦτο
867 4533 1153 4615 αἰφνιδίως
1199 4536 1494 4611 γενόμενον
1545 4536 1673 4600 τοὺς
1733 4538 1828 4611 μὲν

176 4629 385 4693 Σκύθας
412 4627 492 4690 είς
524 4623 768 4682 ἔκστασιν
795 4625 885 4680 καί
934 4624 1246 4702 ἀμηχανίαν
1302 4619 1543 4698 ἐνέϐαλε,
1576 4624 1829 4681 Καλόκυ-

174 4738 259 4793 ρος
290 4717 350 4773 δῖ
383 4717 415 4772 6
437 4719 551 4773 τῶν
586 4714 869 4788 παρόντων
899 4719 1078 4770 κακῶν
1112 4713 1474 4790 πρωτουργός
1501 4733 1562 4768 τε
1608 4715 1695 4768 καὶ
1749 4713 1829 4768 αἴ-

171 4827 301 4873 τιος,
339 4803 490 4879 μηδὲ
517 4805 617 4873 τὴν
645 4811 749 4874 τῆς
771 4801 1079 4879 σάλπιγγος
1110 4805 1260 4880 ἠχὴν
1295 4801 1648 4866 ἐνωτίσασθαι
1693 4822 1825 4878 καρ-

168 4899 402 4969 τερήσας
452 4888 638 4969 (ἔτυχε
679 4893 781 4969 γὰρ
829 4892 919 4947 καὶ
975 4893 1132 4954 οὗτος
1193 4891 1364 4947 ἐκεῖσε
1419 4885 1822 4968 ἐνδιατρίϐων),

169 4981 384 5058 ἐπείπερ
453 4980 652 5057 ᾔσθετο
718 4982 810 5038 τὸν
884 4979 1113 5056 βασιλέα
1185 4981 1580 5057 παραγενέσθαι
1660 4981 1821 5035 αὐτὸν

169 5072 465 5148 αὗτουργὸν
519 5069 776 5144 ἐσόμενον
823 5067 921 5125 τοῖ’)
967 5067 1242 5143 πολέμου,
1275 5069 1452 5145 λάθρα
1495 5073 1594 5125 τοῦ
1637 5069 1826 5132 ἄστεος

171 5159 403 5223 ὑπεκδὺς
437 5161 576 5235 πρὸς
604 5161 705 5230 τήν
733 5153 1095 5233 παρεμϐολὴν
1117 5156 1504 5235 ἀποδιδράσκει
1534 5160 1641 5213 τῶν
1665 5159 1820 5223 Ῥώς.

164 5252 251 5308 Ὃν
285 5249 499 5311 ῗδόντες
548 5250 720 5319 οὗτοι,
760 5248 848 5302 καὶ
898 5249 996 5316 τὴν
1046 5247 1143 5303 τοῦ
1191 5245 1461 5322 βασιλέως
1515 5247 1822 5320 πυθὸμενοι

1943 4100 2366 4162 rorum,castra
2396 4095 2674 4167 ponit.Ea
2707 4095 2906 4151 subita
2939 4111 3031 4152 res
3061 4094 3291 4168 Scythis
3315 4099 3595 4151 terrorem

1943 4189 2367 4257 stuporemque
2397 4185 2553 4241 394
2582 4183 2872 4253 incussit;
2905 4189 2964 4241 et
2995 4183 3309 4256 Calocyrus
3341 4201 3598 4258 praesen-

1940 4274 2089 4330 tium
2122 4273 2409 4329 malorum
2444 4273 2771 4346 auctor,qui
2810 4278 2934 4329 tum
2967 4289 3036 4330 ea
3066 4273 3124 4329 in
3158 4274 3299 4330 urbe
3330 4275 3595 4346 degebat,

1942 4378 2015 4418 ne
2073 4361 2334 4418 sonitum
2405 4361 2640 4432 quidem
2716 4363 2872 4418 tubas
2933 4361 3210 4418 exaudire
3273 4363 3600 4433 sustinens,

1940 4451 2172 4522 cognito
2201 4449 2398 4522 ipsum
2427 4449 2841 4522 imperatorem
2875 4453 2946 4508 ad
2975 4468 3097 4508 rem
3145 4452 3463 4525 gerendam
3491 4452 3596 4509 ad-

1938 4556 2089 4609 esse,
2142 4539 2342 4595 furtim
2393 4540 2537 4596 urbe
2605 4541 2842 4613 elapsus
2903 4542 2961 4596 in
3032 4547 3223 4599 castra
3271 4543 3595 4598 Rossorum

1935 4629 2114 4684 venit.
2149 4629 2225 4684 Eo
2256 4629 2382 4685 viso
2428 4630 2652 4698 Rossis,
2702 4631 2861 4686 etde
2916 4632 3168 4686 adventu
3221 4632 3595 4703 imperatoris

1936 4717 2212 4774 certiores
2241 4719 2672 4789 redditis,haud
2698 4719 3009 4776 mediocris
3032 4719 3238 4775 incidit
3258 4719 3591 4791 trepidatio.

1935 4807 2158 4862 Tamen
2201 4806 2714 4879 Sphendosthlabo
2765 4807 2970 4863 multis
3015 4823 3113 4863 eos
3165 4806 3489 4874 cohortato,
3538 4810 3594 4863 et

1933 4911 2058 4966 qua:
2091 4911 2349 4967 prtesens
2381 4911 2576 4950 rerum
2609 4900 2801 4952 status
2846 4895 3179 4966 requirebat
3225 4895 3589 4966 concionato,

1935 4984 2153 5041 animis
2187 4983 2436 5056 receptis
2465 4985 2538 5039 ad
2573 4986 2776 5040 urbem
2809 4986 3098 5042 accedunt
3148 4987 3207 5040 et
3252 4989 3445 5040 castra
3475 4985 3593 5040 Ro-

1934 5090 2248 5130 manorum
2282 5073 2492 5128 castris
2524 5079 2851 5145 apponunt,
2886 5073 3125 5130 Interim
3157 5073 3446 5129 exercitus
3478 5072 3595 5129 im-

1933 5162 2220 5235 peratoris
2251 5161 2311 5217 in
2346 5161 2675 5234 planitiem,
2723 5178 2848 5232 quae
2887 5168 3014 5218 erat
3065 5166 3198 5218 ante
3247 5163 3472 5231 urbem,
3501 5177 3594 5217 se-

1933 5255 2241 5306 conferens
2275 5250 2332 5304 in
2375 5250 2575 5306 hostes
2622 5248 2768 5304 nihil
2818 5268 3064 5322 prorsus
3114 5251 3229 5308 tale
3279 5254 3589 5322 sperantes

167 5339 360 5417 ἄφιξιν,
394 5338 449 5401 ἐς
478 5339 731 5414 ταραχὴν
761 5335 824 5392 οὗ
855 5335 1073 5412 μετρίαν
1117 5335 1424 5409 ἐνέπιπτον,
1459 5331 1826 5402 ἀναλαϐόντες

1946 5339 2132 5396 subito
2169 5337 2378 5394 incidit
2409 5355 2421 5395 :
2455 5337 2496 5392 ii
2525 5342 2692 5394 erant
2720 5339 2754 5393 8
2804 5339 3066 5396 virorum
3112 5339 3301 5396 millia
3329 5344 3386 5395 et
3414 5337 3592 5412 quin-

168 5427 208 5483 δ’
233 5430 389 5502 ὅμως
421 5426 673 5494 ἑαυτοὺς,
707 5429 807 5481 τοῦ
843 5421 1298 5502 Σφενδοσθλάϐου
1348 5423 1539 5480 πολλὰ
1589 5445 1834 5502 παραινε-

165 5519 280 5573 τικᾶ
330 5517 556 5594 ῥήματα
601 5517 692 5571 καὶ
741 5518 824 5586 τῷ
882 5518 1058 5588 καιρῷ
1121 5511 1616 5589 δημηγορήσαντος
1662 5513 1833 5589 πρόσ-

166 5627 317 5682 Ῡορα,
382 5606 744 5686 ἀφικνοῦνται
805 5603 894 5659 καὶ
972 5601 1640 5680 παραστρατοπεδεύονται
1714 5608 1834 5666 τοῖς

165 5695 471 5769 ’Ῥωμαίοις
511 5694 661 5758 Τέως
716 5690 776 5749 δὶ
819 5693 882 5748 τὸ
929 5693 1086 5748 συνὸν
1125 5697 1203 5764 τῷ
1258 5691 1473 5769 βασιλεῖ
1521 5692 1832 5768 στράτευμα

1946 5427 2311 5498 genti,extra
2342 5427 2544 5483 urbem
2576 5426 2636 5482 in
2679 5427 2862 5483 armis
2909 5445 3038 5484 sese
3084 5433 3436 5485 exercentes.
3485 5427 3593 5493 Qui

1945 5531 2076 5570 cum
2091 5513 2526 5586 aliquantulum
2541 5516 3059 5584 restitissent,mox
3071 5517 3371 5590 defatigati
3393 5518 3592 5589 fugam

1943 5605 2224 5671 fecerunt,
2259 5607 2316 5658 et
2344 5604 2561 5675 partim
2594 5605 2902 5678 ingloriam
2928 5606 3298 5677 oppetierunt
3318 5611 3591 5674 mortem,

1943 5691 2162 5766 partim
2198 5691 2257 5750 in
2309 5692 2516 5752 urbem
2566 5698 2895 5756 evaserunt.
2946 5699 3098 5752 Dum
3143 5693 3266 5753 hac
3308 5698 3596 5769 geruntur
