4050 6326
437 374 557 437 127

1769 379 2087 443 GEORGII
2133 381 2475 445 CEDRENI

3725 376 3846 439 ηε

435 507 661 582 Scytha:
691 507 792 581 qui
820 508 979 566 intra
1007 510 1226 567 mmnfa
1254 511 1767 582 erant,sentientes
1798 513 2092 570 Romanos

2210 514 2282 577 είς
2304 514 2366 569 τὸ
2396 515 2502 590 πρὸ
2530 522 2630 585 τῆς
2676 512 2893 576 πόλεως
2947 508 3132 568 πεδίον
3183 508 3609 586 παραγενόμενοι
3665 489 3849 583 «low.-

436 614 503 655 ex
530 598 850 671 improviso
881 598 1123 655 irruisse
1154 605 1212 655 et
1252 616 1386 656 cum
1436 602 1561 657 suis
1605 618 1849 657 manum
1880 608 2092 659 contu-

440 687 599 753 lisse,
654 688 850 745 subito
899 693 965 744 ut
1016 688 1235 761 quique
1283 706 1456 746 casus
1511 707 1807 747 armorum
1871 692 2095 765 aliquid

437 776 716 832 offerebat
741 777 1033 845 instructi,
1068 779 1209 833 urbe
1235 795 1297 834 se
1328 780 1399 834 ad
1433 781 1739 835 ferendum
1771 781 1899 836 suis
1931 782 2095 836 auxi-

438 865 584 920 lium
615 866 973 935 eil’undunt;
1021 867 1237 938 quibus
1290 869 1678 940 incomposito
1725 872 2096 927 venientibus

438 957 672 1027 agmine
694 967 1064 1015 occurrentes
1087 959 1335 1015 Romani
1361 977 1635 1032 magnam
1668 964 1853 1016 edunt
1876 964 2091 1017 eadem

437 1053 495 1101 et
534 1047 768 1102 barbari
800 1064 872 1104 ne
901 1048 1337 1120 aliquantulum
1369 1051 1607 1121 quidem
1633 1052 1781 1108 895
1821 1052 2095 1107 resistere

437 1135 698 1192 valentes
745 1138 887 1192 dant
947 1141 1130 1209 terga.
1198 1139 1309 1193 Sed
1376 1139 1515 1210 quia
1563 1142 1809 1195 Romani
1870 1142 2095 1210 equites

439 1226 634 1281 citatis
664 1226 835 1297 equis
867 1226 1020 1282 viam
1052 1229 1111 1282 in
1146 1231 1345 1283 urbem
1381 1229 1690 1284 ducentem
1744 1234 2098 1302 occuparant

440 1320 618 1386 atque
648 1315 1009 1384 insederant,
1042 1316 1180 1388 fuga
1210 1333 1313 1388 per
1340 1334 1579 1389 campos
1612 1318 1880 1389 palantes
1923 1324 2096 1389 atque

439 1404 790 1475 deprehensi
824 1405 1191 1461 occiduntur.
1226 1406 1427 1477 Itaque
1456 1412 1513 1462 et
1557 1408 1944 1463 cadaveribus
1977 1413 2098 1463 tota

439 1492 718 1565 planities
748 1498 1047 1549 constrata
1077 1500 1167 1550 est
1197 1500 1253 1551 et
1308 1495 1603 1551 innumeri
1636 1497 1810 1568 capti.
1844 1498 2097 1552 Proinde

440 1581 815 1654 Sphagellus,
848 1584 1018 1654 cujus
1050 1588 1183 1655 post
1229 1584 1812 1656 Sphendosthlabum
1862 1604 2098 1643 summa

440 1675 564 1726 erat
592 1670 746 1727 inter
772 1671 1018 1743 Scythas
1048 1674 1390 1744 auctoritas,
1422 1674 1833 1731 Persthlabani
1876 1676 2094 1732 exerci-

440 1763 540 1815 tus
571 1760 901 1830 praefectus,
925 1761 1051 1831 jam
1088 1761 1160 1816 de
1190 1761 1320 1833 ipsa
1358 1763 1502 1818 urbe
1532 1763 1836 1820 retinenda
1885 1765 2097 1822 anxius

440 1854 641 1920 portas
672 1848 897 1905 claudit
927 1867 992 1906 ac
1041 1851 1304 1907 vectibus
1353 1852 1598 1921 objectis
1651 1854 1869 1923 munit,
1918 1859 1979 1909 et
2025 1856 2096 1911 de

440 1953 612 1993 muro
643 1939 837 1995 omnis
863 1940 1100 2011 generis
1129 1940 1453 1996 missilibus
1484 1958 1549 1996 ac
1582 1942 1741 1998 saxis
1776 1944 2096 2000 subeuntes

438 2027 731 2086 Romanos
796 2034 978 2089 arcet.
1039 2031 1164 2086 Nox
1223 2031 1427 2087 oborta
1492 2032 1859 2089 obsidionem
1903 2033 2093 2090 solvit.

434 2116 720 2173 Postridie
753 2120 946 2191 prima
970 2118 1099 2174 luce
1129 2136 1344 2191 presses
1371 2120 1627 2177 Basilius
1681 2139 1815 2178 cum
1852 2122 2097 2193 reliquis

434 2207 623 2279 copiis
657 2207 866 2277 adfuit,
922 2209 1093 2278 cujus
1144 2209 1433 2265 adventus
1484 2226 1767 2283 magnum
1814 2212 2097 2283 gaudium

436 2294 781 2366 imperatori
815 2296 1013 2351 attulit
1036 2315 1050 2365 ;
1084 2300 1141 2352 et
1160 2296 1370 2352 collem
1390 2299 1711 2369 quamdam
1734 2300 2097 2369 conscendit,

444 2388 513 2439 ut
542 2383 772 2455 Scythis
821 2388 976 2440 esset
1023 2385 1399 2457 conspicuus.
1454 2386 1693 2442 Interim
1743 2388 1919 2459 copiae
1950 2389 2103 2444 inter

446 2487 509 2529 se
539 2474 865 2543 conjunctae
900 2474 1103 2529 urbem
1144 2476 1407 2547 cingunt.
1460 2476 1660 2531 Multis
1708 2477 1938 2533 hortato
1968 2479 2101 2534 bar-

446 2561 623 2617 baros
656 2561 1010 2634 imperatore
1046 2570 1107 2619 ut
1136 2564 1207 2619 ab
1242 2565 1469 2636 incepto
1519 2566 1870 2622 desisterent
1914 2583 2104 2639 neque

447 2651 561 2707 sibi
590 2650 734 2723 ipsis
764 2651 924 2707 exitii
956 2670 1135 2708 causa
1164 2659 1382 2717 essent,
1416 2670 1551 2709 cum
1584 2654 1732 2710 nihil
1790 2656 2104 2728 proficere-

446 2745 564 2810 tur,
595 2740 841 2795 Romani
865 2742 1031 2812 justa
1074 2742 1297 2798 incensi
1332 2743 1419 2797 ira
1467 2745 1966 2815 oppugnationem
1997 2761 2101 2816 ag-

445 2830 631 2900 gressi
664 2829 898 2901 sagittis
931 2847 1239 2886 murorum
1273 2832 1609 2888 defensores
1637 2833 2100 2905 abigunt,scalas

448 2918 636 2974 muris
663 2925 969 2991 opponunt
992 2939 1007 2987 ;
1042 2925 1098 2975 et
1121 2919 1361 2991 quidam
1384 2921 1689 2977 animosus
1712 2922 1879 2978 miles
1900 2924 2101 2979 dextra

443 3006 703 3078 gladium
740 3010 967 3076 tenens,
996 3006 1255 3080 laevaque
1287 3013 1521 3065 scutum
1555 3010 1626 3066 ad
1657 3010 1868 3082 capitis
1901 3011 2099 3067 deten-

444 3095 672 3151 sionem
722 3095 941 3152 elatum
1010 3100 1274 3169 gestans,
1327 3097 1553 3170 primus
1622 3114 1727 3171 per
1769 3100 1989 3157 scalam
2039 3101 2101 3157 in

444 3200 681 3240 murum
722 3185 935 3255 evadit,
980 3190 1146 3241 scuto
1193 3186 1345 3242 ictus
1378 3187 1666 3244 amoliens
1718 3193 1777 3245 et
1825 3206 1963 3246 ense
1995 3190 2100 3246 ob-

2126 1897 2173 1962 B

2207 601 2339 666 δίως
2398 602 2569 678 μηδὲν
2623 600 2967 681 προσδοκῶσι
3014 606 3134 664 τοῖς
3174 597 3467 673 πολεμίοις
3496 590 3849 673 ἐμπίπτουσι,

2204 689 2684 767 καταλαμϐάνουσι
2718 690 2775 748 δὲ
2806 690 2907 763 ἔξω
2928 695 3131 767 τειχῶν
3156 691 3257 759 τὴν
3300 687 3550 744 ἐνόπλιον
3601 684 3850 742 παιδείαν

2204 783 2651 857 γυμναζομένους
2682 779 2879 857 ἄνδρας
2939 781 3015 843 είς
3075 778 3523 854 ὀκτακισχιλίους
3575 776 3664 831 καὶ
3716 797 3855 831 πεν-

2202 871 2494 934 τακοσίους
2552 871 3011 945 ἀριθμουμένους,
3071 867 3266 932 οἵτινες
3322 866 3407 922 ἐπὶ
3467 867 3666 941 χρόνον
3725 866 3854 919 τινὰ

2205 960 2575 1035 ἀντισχόντες,
2637 960 2751 1015 εἶτα
2809 959 3269 1029 καταπονηθέντες
3335 954 3592 1034 ἔφευγον⁸
3650 953 3737 1009 καὶ
3799 954 3854 1007 οἱ

2210 1050 2302 1121 μὲν
2336 1049 2545 1112 ἀκλεῶς
2581 1051 2935 1124 ἀνῃρέθησαν,
2970 1049 3022 1101 οἱ
3052 1044 3110 1101 δὲ
3154 1046 3231 1108 εἰς
3279 1047 3377 1114 τήν
3426 1042 3589 1099 πόλιν
3646 1040 3855 1097 διασώ-

2208 1145 2405 1207 ζονται.
2437 1141 2521 1193 Ἐν
2556 1140 2601 1211 ᾧ
2634 1137 2691 1194 δὲ
2718 1142 2884 1193 ταῦτα
2915 1136 3230 1212 ἐπράττετο,
3253 1135 3305 1188 οἱ
3338 1128 3485 1188 ἔνδον
3547 1128 3695 1192 ὄντες
3748 1137 3854 1199 τῆς

2204 1227 2422 1291 πόλεως
2454 1230 2675 1300 Σκύθαι,
2707 1228 2805 1296 τήν
2839 1226 3149 1301 ἀπρόοπτον
3207 1222 3485 1279 ἐπέλευσιν
3540 1220 3854 1292 αἰσθόμενοι

2203 1320 2310 1373 τῶν
2339 1320 2631 1392 Ῥωμαίων
2682 1316 2772 1372 καί
2825 1317 2924 1386 τὴν
2985 1316 3121 1390 πρὸς
3176 1313 3303 1375 τοὺς
3361 1311 3648 1390 σφετίρους
3708 1331 3851 1382 συμ-

2204 1406 2443 1480 πλοκὴν,
2474 1404 2695 1469 ἕκαστος
2751 1407 2825 1471 ὡς
2879 1406 2906 1461 ὁ
2961 1406 3151 1479 καιρὸς
3208 1399 3389 1458 ἰδίδου
3447 1401 3508 1455 τὸ
3538 1399 3853 1474 προστυχὸν

2207 1491 2575 1569 λαμϐάνοντες
2622 1495 2795 1551 ὅπλον
2845 1494 3061 1568 ἐξῄεσαν
3112 1492 3189 1554 είς
3252 1492 3528 1567 βοήθειαν.
3562 1488 3668 1550 Οὓς
3726 1508 3855 1542 συν-

2205 1590 2466 1650 αντῶντες
2521 1586 2573 1640 οἱ
2630 1589 2914 1659 Ῥωμαῖοι,
2973 1582 3300 1637 ἀσύντακτον
3373 1579 3462 1635 καὶ
3524 1577 3860 1651 διεσπασμί-

2204 1696 2302 1745 νην
2333 1676 2432 1745 τήν
2485 1672 2707 1749 πορείαν
2757 1677 3070 1741 ποιοῦντας,
3103 1669 3360 1729 ἔκτεινον.
3401 1668 3494 1725 Διὸ
3541 1664 3670 1742 μηδ’
3709 1666 3862 1722 ἀντι-

2205 1772 2359 1843 σχεῖν
2410 1766 2499 1821 καὶ
2559 1766 2648 1821 ἰπὶ
2711 1767 2904 1841 μικρὸν
2957 1766 3159 1841 χρόνον
3212 1760 3528 1834 δυνηθέντες
3581 1759 3867 1815 κΛίνουσιν

2206 1854 2282 1919 εἲς
2334 1857 2529 1933 φυγήν.
2582 1853 3021 1931 Προδραμόντων
3072 1850 3131 1909 δὲ
3167 1857 3276 1908 τῶν
3325 1850 3537 1907 ἰππᾶων
3584 1856 3685 1920 τῆς
3729 1850 3864 1906 Ῥωο

2211 1944 2384 2019 μαίων
2417 1944 2702 2020 φάλαγγος
2733 1946 2820 1999 καὶ
2857 1945 2954 2013 τήν
2987 1941 3040 2005 ἐς
3063 1943 3166 2012 τήν
3207 1941 3369 1997 πόλιν
3420 1939 3679 2018 φέρουσαν
3733 1936 3860 1993 ἔπιε

2204 2034 2585 2109 τειχισάντων,
2640 2033 2735 2088 ἀνᾶ
2785 2038 2847 2089 τὸ
2895 2030 3080 2089 πεδίον
3126 2028 3505 2104 ἐσκεδασμένοι
3564 2027 3861 2107 φεύγοντες

2205 2122 2295 2178 καὶ
2362 2118 2912 2196 καταλαμϐανόμενοι
2987 2120 3310 2196 ἀνῃροῦντο,
3369 2120 3444 2183 ὡς
3520 2118 3727 2173 ἅπαντα
3790 2116 3865 2172 τὰ

2210 2210 2397 2285 ὁμαλὰ
2426 2210 3035 2288 πληρωθῆναινεκρῶν,
3071 2208 3309 2285 ζωγρίας
3366 2205 3427 2263 δὲ
3480 2204 3686 2261 ἁλῶναι
3735 2205 3862 2279 ἀρι-

2210 2302 2351 2374 θμοῦ
2382 2301 2677 2375 κρείττους.
2714 2298 3037 2378 Σφάγελλος
3071 2297 3127 2354 δὶ
3165 2300 3193 2354 ὁ
3228 2298 3408 2367 πάσης
3462 2302 3565 2366 τῆς
3623 2293 3675 2349 ἐν
3721 2300 3864 2370 Περο

2211 2385 2423 2461 σθλάϐᾳ
2480 2396 2732 2464 στρατιᾶς
2781 2390 3143 2465 ἐξηγούμενος
3175 2386 3441 2461 (ἐτάττετο
3501 2382 3559 2439 δὶ
3616 2381 3870 2459 δεύτερος

2214 2480 2349 2552 μετὰ
2376 2480 2467 2535 τὸν
2502 2472 2955 2558 Σφενδοσθλάϐον
2988 2476 3039 2531 ἐν
3070 2476 3345 2548 Σκύθαις),
3376 2474 3467 2530 καὶ
3496 2471 3619 2548 περῖ
3665 2472 3867 2544 αὐτῆς,

2212 2568 2286 2629 ὡς
2316 2567 2481 2640 εἲκὸς,
2516 2565 2695 2630 δείσας
2722 2574 2823 2637 τῆς
2872 2565 3113 2634 πόλεως,
3143 2564 3239 2624 τὰς
3297 2562 3475 2627 πύλας
3530 2558 3868 2622 ἀποκλείσας

2210 2657 2299 2711 καὶ
2355 2655 2595 2732 μοχλοῖς
2654 2653 3147 2733 ὲξασφαλισάμενος
3215 2650 3413 2707 ἄνεισιν
3486 2650 3561 2713 εἷς
3625 2650 3685 2704 τὸ
3749 2655 3868 2704 τεῖ-

2211 2766 2334 2821 χος,
2377 2747 2460 2819 [Ρ·
2493 2748 2619 2819 673]
2672 2745 2762 2800 καὶ
2810 2742 3089 2805 παντοίοις
3143 2740 3324 2818 βέλεσι
3372 2739 3461 2796 καὶ
3512 2739 3685 2804 λίθοις
3731 2737 3866 2801 τοὺς

2212 2834 2461 2896 ἆπιόντας
2494 2834 2800 2907 Ῥωμαίους
2852 2831 3115 2906 ἠμύνετο.
3149 2829 3255 2903 Νὺξ
3317 2830 3412 2903 μὶν
3472 2826 3562 2883 οῦν
3617 2827 3866 2905 ἆπιγενο-

2215 2922 2349 2997 μὲνη
2410 2920 2625 2978 διέλυσε
2679 2924 2779 2992 τὴν
2839 2918 3187 2998 πολιορκίαν,
3216 2917 3381 2975 ἕωθεν
3431 2916 3489 2973 δὲ
3536 2919 3564 2973 ὁ
3593 2914 3870 2993 πρόεδρος

2212 3010 2497 3073 Βασίλειος
2526 3011 2762 3087 ἀνεφάνη
2826 3012 2961 3085 μετά
3017 3014 3114 3065 τοῦ
3170 3010 3397 3065 κατόπιν
3452 3008 3653 3069 παντὸς
3710 3004 3866 3077 πλή-

2212 3112 2356 3166 θουςο
2389 3101 2480 3156 καὶ
2512 3102 2540 3156 ὁ
2604 3099 2859 3175 βασιλεὺς
2916 3102 2986 3173 τῇ
3044 3097 3239 3155 τούτου
3289 3095 3496 3153 ἰλεύσει
3553 3094 3870 3171 περιχαρὴς

2210 3191 2502 3266 γενόμενος
2536 3186 2730 3245 ἄνεισιν
2791 3188 2877 3243 ἐπί
2926 3207 3074 3250 τινος
3134 3184 3443 3261 γεωλόφου,
3475 3184 3550 3248 ὡς
3603 3182 3687 3254 εἴη
3744 3189 3869 3246 τοῖς

442 3277 668 3329 stantes
690 3290 918 3344 arcens,
938 3274 1136 3346 itaque
1151 3292 1254 3347 per
1278 3276 1722 3347 propugnacula
1752 3280 2099 3346 ascendens,

2213 3262 2445 3343 Σκύθαις
2505 3278 2842 3355 καταφανὴς,
2889 3276 2957 3331 τὰ
3015 3274 3073 3331 δὲ
3121 3274 3308 3346 πλήθη
3357 3274 3411 3337 ἐς
3459 3273 3622 3329 ταυτὸ
3670 3270 3868 3328 συνελ-

440 3362 742 3433 dissipatis
774 3363 875 3435 qui
906 3362 989 3418 ibi
1018 3368 1186 3419 erant
1215 3363 1507 3430 hostibus,
1557 3367 1684 3421 suis
1717 3372 1911 3423 tutum
1941 3369 2096 3423 muri

442 3450 876 3507 conscendendi
908 3451 1103 3507 locum
1146 3453 1300 3508 896
1332 3453 1568 3524 praebet.
1621 3458 1788 3510 Hunc
1837 3455 1935 3511 alii
1967 3460 2099 3528 post

441 3538 591 3595 alios
642 3539 973 3609 imitantur,
1039 3557 1292 3613 cumque
1353 3540 1463 3597 hoc
1531 3544 1704 3599 modo
1766 3545 2097 3617 complures

442 3644 681 3684 murum
705 3630 831 3700 jam
864 3633 1152 3698 tenerent,
1186 3646 1368 3686 cuneo
1397 3632 1547 3687 facto
1570 3632 1815 3703 Scythas
1849 3633 2099 3705 pellunt,

441 3718 601 3790 iique
632 3734 694 3773 se
724 3718 796 3774 de
826 3718 1013 3775 muris
1044 3724 1228 3791 agunt
1256 3720 1602 3791 precipites.
1654 3721 1801 3777 Aliis
1871 3739 2101 3794 quoque

441 3806 691 3863 diversis
742 3805 889 3863 locis
939 3807 1109 3863 multi
1158 3808 1379 3880 priores
1428 3808 1645 3864 imitati
1685 3827 1788 3881 per
1817 3811 2007 3867 scalas
2038 3812 2100 3867 in

446 3912 681 3951 murum
705 3897 1128 3953 succedunt.Et
1150 3898 1381 3969 Scythis
1404 3898 1836 3970 trepidantibus
1859 3901 2101 3972 quidam

444 3984 690 4039 Romani
724 3984 891 4040 hoste
922 4002 1038 4040 non
1079 3986 1579 4042 animadvertente
1606 3988 1678 4043 ad
1712 3994 1911 4059 portas
1944 3989 2105 4045 nullo

445 4072 677 4144 negotio
710 4073 1277 4146 perveniunt,iisque
1302 4076 1523 4147 apertis
1555 4081 1740 4132 totum
1776 4078 2107 4135 immittunt

447 4160 790 4217 exercitum.
850 4167 972 4218 Hoc
1039 4164 1212 4220 modo
1284 4164 1429 4219 urbe
1481 4170 1694 4240 capta,
1753 4167 1974 4239 Scytha:
2007 4186 2109 4240 per

449 4250 760 4322 angiporta
807 4251 1183 4324 ditfugientes
1247 4237 1601 4325 deprehensi
1664 4237 2103 4326 interimuntur,

450 4338 729 4394 mulieres
758 4344 816 4395 et
847 4340 1011 4410 pueri
1042 4341 1255 4414 captivi
1284 4343 1601 4400 ducuntur.
1629 4346 1866 4417 Capitur
1896 4349 1953 4401 et
1972 4362 2105 4402 cum

451 4427 703 4499 conjuge
735 4432 791 4484 et
822 4428 1025 4487 liberis
1075 4432 1307 4487 Borises
1341 4432 1721 4505 Bulgarorum
1773 4450 1895 4504 rex,
1942 4436 2107 4507 regni

452 4515 709 4587 insignia
745 4516 937 4574 adhuc
966 4524 1226 4591 gestans,
1260 4525 1318 4575 et
1348 4520 1420 4575 ad
1470 4520 1885 4593 imperatorem
1917 4523 2107 4578 addu-

2211 3368 2373 3433 θόντα
2404 3366 2665 3423 ἐκύκλουν
2692 3362 2792 3436 τὴν
2823 3363 3009 3422 πόλιν.
3040 3366 3130 3428 Ὠς
3170 3362 3229 3420 δὶ
3251 3361 3438 3420 πολλᾶ
3458 3360 3555 3419 τοῦ
3591 3360 3867 3439 βασιλέως

2205 3456 2651 3531 παρακαλοῦντος
2706 3453 2951 3511 ἰνδοῦναι
3002 3457 3102 3524 τῆς
3159 3454 3456 3515 ἐνοτάσεως
3511 3453 3599 3508 καὶ
3654 3452 3730 3525 μὴ
3762 3448 3868 3526 ἅρ-

2209 3544 2312 3616 δην
2345 3542 2713 3612 ἀπολωλέναι,
2748 3544 2846 3599 οὐκ
2881 3543 3159 3599 ἐπείθοντο
3184 3541 3424 3598 κατιέναι
3468 3544 3566 3597 τοῦ
3613 3539 3867 3615 τείχους,

2210 3637 2386 3707 θυμοῦ
2438 3632 2649 3689 δικαίου
2703 3632 3034 3702 πλησθέντες
3082 3633 3134 3686 οἱ
3178 3633 3442 3704 Ῥωμαῖοι
3497 3627 3714 3705 εἴχοντο
3761 3635 3868 3697 τῆς

2209 3722 2557 3799 πολιορκίας,
2578 3724 2762 3793 τόξοις
2791 3743 2849 3777 τε
2877 3721 3007 3783 τοὺς
3041 3722 3235 3776 ἄνωθεν
3288 3718 3557 3795 εἴργοντες
3600 3719 3688 3773 καὶ
3738 3716 3867 3772 κλί-

2214 3834 2387 3887 μακας
2414 3814 2530 3875 τοῖς
2564 3813 2770 3887 τείχεσι
2811 3807 3273 3887 προσερείδοντες.
3306 3807 3413 3865 Καί
3459 3830 3543 3872 τις
3592 3806 3867 3880 στρατιώ-

2210 3923 2311 3971 της
2354 3899 2633 3976 γεννάδας,
2668 3902 2817 3979 ξῖφος
2862 3904 2931 3973 τῇ
2975 3897 3119 3971 δεξιᾷ
3166 3898 3409 3975 κατέχων
3465 3898 3555 3952 καὶ
3610 3900 3678 3970 τῇ
3732 3893 3870 3966 λαιᾷ

2214 3990 2411 4045 ἄνωθεν
2465 3996 2563 4059 τῆς
2621 3987 2865 4065 κεφαλῆς
2930 3989 3029 4057 τήν
3109 3984 3307 4042 ἀσπίδα
3381 3980 3870 4061 προϐεϐλημενος,

2214 4087 2430 4154 πρῶτος
2484 4076 2573 4132 διὰ
2629 4084 2754 4151 μιᾶς
2812 4082 2919 4133 τῶν
2950 4075 3239 4149 κλιμάκων
3272 4074 3742 4152 ἀναῤῥιχώμενος,
3773 4072 3869 4127 καὶ

2212 4172 2282 4242 τῇ
2326 4169 2418 4241 μὲν
2455 4164 2640 4222 ἀσπίδι
2670 4167 2766 4229 τὰς
2801 4163 2969 4242 βολὰς
3000 4164 3465 4241 ἀποκρουόμενος,
3496 4168 3576 4235 τῷ
3615 4159 3674 4216 δὶ
3725 4162 3873 4237 ξίφει

2213 4257 2343 4319 τοὺς
2400 4256 2654 4318 ἐπιόντας
2710 4254 2799 4311 καὶ
2876 4253 3190 4317 κωλύοντας
3264 4253 3633 4326 ἀμυνόμενος,
3694 4249 3870 4305 ἄνεισι

2218 4343 2308 4401 διὰ
2362 4349 2470 4400 τῶν
2539 4342 2837 4416 ἐπάλξεων,
2895 4342 2989 4399 καῖ
3052 4342 3183 4405 τοὺς
3249 4340 3419 4397 ἐκεῖσε
3495 4342 3609 4414 (26)
3667 4338 3874 4401 πάντας

2217 4432 2571 4496 διασκεδάσας
2619 4430 2798 4489 ἄδειαν
2854 4430 3050 4488 ἀνόδου
3103 4436 3222 4494 τοῖς
3271 4431 3498 4486 κατόπιν
3534 4427 3868 4504 παρέσχετο·

2216 4522 2274 4577 ’ὸν
2330 4521 2709 4596 μιμησάμενος
2768 4519 2941 4585 ἄλλος
2988 4520 3077 4576 καὶ
3137 4518 3203 4575 αὗ
3277 4516 3449 4582 ἄλλος
3499 4518 3587 4573 καὶ
3658 4513 3875 4571 πολλοὶ

452 4603 624 4659 citur.
659 4605 761 4660 Cui
788 4620 851 4661 se
877 4606 1198 4679 imperator
1229 4608 1547 4664 admodum
1599 4609 1866 4665 exhibuit
1895 4610 2101 4666 huma-

2215 4609 2389 4687 *ἑτεροι
2421 4610 2683 4682 ἀνῆλθον.
2717 4611 2821 4667 Καὶ
2862 4611 3237 4681 συνασπισμοῦ
3282 4605 3578 4684 γενομὲνου
3623 4606 3677 4660 οἱ
3726 4604 3874 4660 Σκύ-

451 4709 618 4761 num,
675 4710 871 4767 regem
950 4696 1337 4769 Bulgarorum
1399 4697 1721 4770 appellans,
1790 4716 2112 4773 omnesque

2222 4703 2308 4755 θαι
2347 4699 2771 4776 κατισχυόμενοι
2815 4697 3037 4762 ἑαυτοὺς
3063 4696 3170 4753 ἀπὸ
3201 4700 3310 4753 τῶν
3340 4700 3544 4772 τειχῶν
3599 4695 3875 4769 κατεκρή-

450 4782 709 4855 captivos
740 4782 1029 4857 Bulgaros
1059 4786 1237 4842 libere
1269 4803 1383 4857 quo
1415 4788 1665 4859 quisque
1714 4787 1876 4845 abire
1935 4789 2101 4846 vellet

2225 4795 2434 4862 μνιζον.
2467 4787 2682 4846 Πολλοὶ
2724 4785 2781 4845 δὶ
2808 4788 2899 4843 καὶ
2929 4789 3193 4861 Ῥωμαῖοι
3225 4786 3361 4851 κατὰ
3393 4783 3563 4855 ζῆλον
3595 4788 3703 4838 τῶν
3730 4802 3875 4858 προ-

1642 4904 2011 4963 XYLANDRI
2050 4907 2139 4963 ET
2174 4908 2388 4965 GOARI
2426 4908 2658 4965 NOTAE.

528 4998 642 5071 (26)
665 4999 980 5074 Librarius
1019 5001 1104 5074 in,
1136 5001 1399 5073 margine
1447 5002 1567 5074 haec
1624 5004 1897 5074 ascripsit
1930 5021 1943 5060 :
1977 5010 2111 5074 Θαυ-

460 5068 799 5148 μάζωέεξπεε
819 5070 919 5148 οὐκ
946 5072 1013 5141 ἦν
1044 5073 1170 5148 τότε
1210 5068 1338 5148 ’τοῖς¹
1379 5068 1678 5148 βαρϐάροις
1729 5068 1860 5147 δόρυ
1918 5072 2109 5148 cnﬁd-

458 5138 574 5214 ρὸν,
609 5138 679 5196 δι’
737 5138 800 5196 οὗ
852 5138 1251 5199 τὸντοιοῦτον
1309 5138 1387 5198 ἄν’
1430 5138 1707 5200 ἐκώλυσαν
1761 5138 1861 5215 τῆς
1912 5143 2108 5203 ἀναϐά-

456 5215 804 5288 σεωςηουοά
839 5217 1065 5288 videtur
1092 5234 1159 5272 eo
1193 5216 1501 5288 pertinere,
1552 5218 1691 5288 quia
1739 5236 1878 5275 sane
1909 5221 2108 5278 diluta

456 5291 597 5340 sunt
625 5285 715 5363 has
748 5287 1150 5363 narrationes;
1186 5285 1242 5343 et
1270 5292 1436 5363 tanta
1459 5285 1717 5345 facinora
1762 5290 2106 5363 diligentius

456 5356 1062 5435 per_circut_nstantias
1093 5360 1480 5435 describenda
1511 5364 1668 5435 sunt,
1724 5378 1795 5417 ne
1826 5356 2109 5435 ﬁgmenta

458 5428 996 5505 potiusvideantur
1025 5435 1081 5484 et
1109 5430 1361 5505 ineptias.
1397 5436 1535 5505 Nam
1571 5433 1713 5501 quin
1748 5428 1899 5505 saepe
1930 5438 2107 5493 unius

458 5498 715 5554 hominis
747 5501 932 5555 virtus
972 5504 1172 5556 contra
1207 5498 1438 5557 multos
1480 5498 1679 5560 hostes
1718 5498 2005 5563 subsistat
2041 5525 2107 5565 ac

455 5570 761 5635 vindicat,
792 5588 909 5627 non
940 5576 1031 5627 est
1061 5572 1309 5629 dubium
1342 5572 1619 5631 historica
1648 5575 1903 5635 ﬁde.Sed
1921 5596 2107 5637 unum

458 5641 716 5715 aliquem
748 5658 816 5715 eo
846 5643 1020 5715 modo
1050 5660 1164 5715 quo
1194 5643 1290 5701 hic
1320 5645 1597 5703 scribitur
1625 5647 1683 5703 in
1717 5666 1953 5707 murum
1977 5668 2106 5707 eva-

458 5712 617 5780 dere,
649 5712 853 5772 multis
884 5712 1137 5788 desuper
1168 5716 1415 5777 armatis
1444 5718 1717 5779 hostibus
1743 5722 2103 5795 videntibus,

2218 5008 2446 5064 videtur
2474 5010 2579 5060 τῶν
2613 5002 2911 5060 ἀδυνάτων.
2955 5001 3323 5060 Nerissimile
3362 5006 3451 5059 est
3496 5002 3651 5074 quod
3683 5005 3873 5074 zona-

2218 5096 2344 5134 ram
2377 5080 2622 5135 innuere
2652 5082 3057 5161 apparet,eum
3082 5075 3209 5161 loco
3241 5075 3437 5161 aliquo
3450 5072 3874 5161 defensoribus

2216 5167 2399 5207 vacuo
2448 5145 3338 5225 murum—A‘tenu‘isse,‘itemque
3358 5146 3572 5225 _alios_;
3623 5145 3758 5225 inde
3808 5145 3877 5225 in

2218 5235 2686 5299 propugnatores
2714 5221 2864 5299 facto
2886 5218 3212 5291 impetu,iis
3244 5215 3599 5299 proﬂigatis,
3624 5215 3877 5299 reliquis

2219 5287 2573 5349 ascendendi
2606 5292 2939 5348 facultatem
2973 5287 3262 5349 harassef
3283 5287 3645 5344 Non—multo
3693 5287 3880 5343 artifi-

2218 5366 2410 5421 ciosor
2438 5370 2527 5420 est
2556 5365 2707 5419 infra
2737 5364 2797 5419 in
2829 5361 3044 5419 Basilio
3075 5364 3146 5417 de
3176 5361 3371 5416 lbatza
3417 5363 3700 5416 excecato
3730 5375 3877 5414 nar-

2217 5436 2389 5499 ratio,
2424 5436 2523 5491 ubi
2553 5435 2703 5492 tanti
2733 5436 3005 5491 facinoris
3035 5437 3238 5489 auctor
3267 5432 3456 5489 hostis
3494 5432 3686 5503 potuit
3716 5429 3875 5485 mul-

2214 5509 2529 5564 titudinem
2562 5506 2834 5563 hostilem
2867 5510 3155 5561 armatam
3178 5509 3236 5560 et
3283 5504 3626 5561 frementem
3654 5519 3875 5559 manus

2217 5586 2382 5658 motu
2414 5580 2703 5658 sedareet
2734 5577 2999 5658 oratione
3020 5574 3389 5658 demitigare,
3422 5589 3654 5658 quaene
3685 5572 3875 5658 magi-

2216 5654 2472 5725 stratum
2529 5650 2770 5725 quidem
2823 5648 3004 5708 semel
3079 5644 3381 5705 concitata
3436 5644 3640 5705 audire
3694 5644 3872 5704 solet.

2214 5724 2361 5789 Χγι..
2548 5724 2563 5725 ί
2868 5756 2875 5761 -
