4036 6330
175 392 290 452 199
1311 387 1838 452 HISTORIARUN

1953 387 2456 453 OMPENDIUM.
3480 396 3601 457 130

173 521 344 599 τέρων
374 521 468 577 καὶ
521 520 573 577 έν
626 519 909 600 διαφόροις
952 521 1144 584 τόποις
1175 518 1264 576 διὰ
1286 517 1577 593 κλιμάκων
1612 513 1831 574 ἀνέϐαι-

1950 522 2314 596 permittens,
2342 540 2459 581 non
2503 525 2575 581 ad
2609 524 2972 598 subigendos
3021 526 3123 584 sed
3154 526 3228 584 ad
3259 525 3600 587 liberandos

176 633 268 667 νον
315 611 393 674 είς
452 611 513 666 τὸ
565 615 774 686 τεῖχος.
825 610 927 667 Καὶ
978 615 1084 665 τῶν
1138 615 1360 675 Σκυθῶν
1416 603 1834 685 θορυϐουμένων

1950 611 2227 685 Bulgaros
2259 612 2478 670 bellum
2511 631 2573 670 se
2605 616 2857 672 movisse
2891 616 3116 683 dicens,
3147 617 3423 692 solosque
3454 619 3599 676 Ros-

174 700 373 765 ἰλαθόν
430 721 571 764 τινες
613 699 856 776 ἀμογητὶ
903 699 1041 775 πρὸς
1086 699 1184 761 τὰς
1233 698 1413 761 πύλας
1483 697 1680 772 ἐλθεῖν,
1740 699 1828 754 καὶ

1950 718 2042 758 sos
2067 719 2130 759 se
2159 701 2420 759 hostium
2452 703 2667 760 habere
2698 721 2965 762 numero.

172 790 372 851 ταύτας
428 790 853 853 ἀναπετάσαντες
901 787 1120 864 εἰσῆγον
1149 789 1211 844 τὸ
1238 790 1562 865 στράτευμα.
1598 787 1696 842 Καὶ
1750 789 1950 844 τοῦτον
1996 791 2089 845 τὸν
2138 789 2340 865 τρόπον
2397 797 2497 860 τῆς
2554 789 2772 853 πόλεως
2832 791 3075 863 ἁλούσης
3134 794 3186 848 οἱ
3249 796 3343 867 μὲν
3399 797 3598 852 Σκύθαι

177 881 275 934 ἀνά
303 879 435 942 τοὺς
484 878 791 942 στενωποὺς
837 877 1127 956 φεύγοντες
1181 879 1272 933 καὶ
1328 872 1884 952 καταλάμϐανόμενοι
1945 877 2265 954 ἀνῃροῦντο,
2325 885 2576 956 γυναῖκες
2632 878 2690 936 δὲ
2737 881 2828 936 καὶ
2877 879 3065 938 παιδία
3112 882 3596 960 ᾑχμαλωτίζοντο.

175 967 363 1024 Ἑάλω
412 965 471 1024 δὲ
514 969 605 1023 καὶ
657 968 889 1042 Βορίσης
919 968 948 1023 ὁ
983 967 1237 1044 βασιλεὺς
1266 971 1374 1022 τῶν
1424 965 1756 1043 Βουλγάρων
1815 967 1930 1042 ἅμα
1983 968 2198 1045 γυναικὶ
2254 969 2345 1024 καὶ
2402 969 2635 1039 τέκνοις,
2681 967 2760 1026 ἔτι
2811 971 2878 1025 τὰ
2925 972 3225 1047 παράσημα
3275 975 3454 1050 φέρων
3500 977 3599 1044 τῆς

180 1058 483 1134 βασιλείας,
541 1059 629 1113 καὶ
691 1057 766 1120 εἰς
824 1056 1050 1133 βασιλέα
1107 1059 1358 1133 ἀπήχθη.
1419 1056 1612 1129 Τούτῳ
1672 1053 1728 1112 δὶ
1779 1057 1809 1112 ὁ
1872 1056 2125 1132 βασιλεὺς
2183 1057 2588 1137 φιλανθρώπως
2663 1061 2959 1135 ἰχρήσατο,
3021 1061 3180 1116 αὐτόν
3255 1083 3314 1118 τε
3372 1063 3601 1138 βασιλέα

179 1144 513 1222 Βουλγάρων
567 1144 882 1218 ἀποκαλῶν,
939 1145 1028 1200 καὶ
1089 1145 1292 1207 πάντας
1347 1143 1474 1207 τοὺς
1535 1143 1932 1218 ἁλισκομένους
2007 1143 2357 1224 Βουλγάρους
2427 1147 2651 1210 ἀνέτους
2723 1148 2902 1226 ἀφιεὶς
2957 1149 3049 1203 καὶ
3117 1148 3432 1224 ἐλευθέρους
3489 1149 3598 1222 ὅπη

176 1235 270 1290 καὶ
336 1234 628 1310 βούλοιντο
683 1236 919 1304 ἀπιέναι,
979 1233 1079 1289 οὐκ
1134 1233 1222 1288 ἰπὶ
1273 1231 1498 1306 δουλείᾳ
1550 1233 1768 1312 φάσκων
1826 1233 2170 1312 Βουλγάρων,
2231 1234 2358 1292 ἀλλ’
2408 1235 2495 1292 ἔπ’
2540 1235 2819 1314 ἐλευθερίᾳ
2870 1235 3083 1311 μᾶλλον
3143 1239 3598 1314 ἁφίξεσθαι,⁶Ρὼς

178 1322 238 1379 δὲ
270 1325 476 1397 μόνους
505 1324 783 1400 γινώσκειν
817 1322 1047 1399 ἐχθροὺς
1073 1322 1162 1378 καὶ
1193 1321 1410 1386 τούτοις
1441 1330 1682 1398 χρῆσθαι
1710 1323 1785 1386 ὡς
1815 1327 2136 1398 πολεμίοις.

249 1415 326 1472 Οἱ
355 1410 414 1468 δὶ
444 1417 550 1468 τῶν
584 1413 803 1468 Σκυθῶν
856 1412 1214 1488 γενναιότεροι
1263 1410 1536 1488 ὀχύρωμά
1574 1433 1624 1466 τι
1657 1432 1838 1467 κατει-

180 1502 426 1582 ληφότες
457 1501 604 1564 ἰντὸς
652 1506 763 1557 τῶν
809 1505 910 1566 τῆς
956 1501 1173 1564 πόλεως
1222 1499 1539 1577 βασιλείων,
1585 1499 1838 1556 ὀκτακισ-

180 1589 369 1668 χίλιοι
398 1591 492 1647 τὸν
541 1589 792 1668 ἀριθμὸν,
832 1588 921 1645 ἐπί
966 1611 1089 1646 τινα
1134 1590 1336 1666 χρόνον
1389 1587 1700 1659 ἐλάνθανον,
1747 1590 1836 1645 καὶ

180 1678 438 1743 πολλοὺς
463 1685 571 1736 τῶν
613 1679 734 1744 καθ’
785 1678 1025 1753 ἱστορίαν
1079 1679 1250 1734 ἐκεῖσε
1299 1679 1608 1755 γενομένων
1648 1680 1685 1749 ἢ
1717 1678 1840 1734 σκύο

184 1769 304 1826 λων
376 1770 628 1846 ἁρπαγὴν
705 1769 1031 1847 ἀσυμφανῶς
1106 1771 1429 1844 κρατοῦντες
1504 1766 1836 1825 ἀπέκτεινον.

183 1863 263 1920 05
295 1860 637 1937 γνωσθέντος
664 1863 746 1933 τῷ
780 1857 998 1934 βασιλεῖ
1044 1859 1268 1935 στρατὸς
1313 1858 1400 1914 ἔπ’
1429 1858 1625 1924 αὐτοὺς
1656 1858 1840 1914 έστέλ·

186 1951 316 2007 λετο
363 1949 690 2024 ἀξιόμαχος.
737 1949 1018 2025 Ὀκνηρῶς
1071 1946 1129 2003 δὶ
1177 1949 1326 2023 εἶχον
1373 1948 1426 2002 οἱ
1469 1947 1838 2022 πεμπόμενοι,

179 2041 272 2096 καὶ
349 2046 456 2110 τῆς
526 2037 852 2127 πολιορκίας
915 2034 1175 2127 ⁸έδειλίων
1219 2037 1664 2127 ,ἀποπειρᾷσθαῃ
1723 2035 1918 2127 -ούκΒ

182 2127 376 2198 ιπειδὴ
431 2128 560 2191 τοὺς
615 2128 750 2190 Ῥὼς
805 2122 1122 2205 ἐφοϐοῦντο,
1181 2123 1310 2182 ἀλλ’
1365 2123 1553 2196 ἐπειδὴ
1606 2127 1633 2180 ὁ
1671 2125 1839 2188 τόπος

181 2219 389 2295 ὀχυρὸς
438 2219 508 2287 ἦν
560 2217 650 2272 καὶ
698 2215 1003 2279 ἀνάλωτος.
1054 2219 1136 2290 [Ρ.
1185 2217 1312 2288 674]
1358 2215 1454 2270 Καὶ
1506 2219 1666 2270 τοῦτο
1713 2213 1770 2270 δὲ
1809 2215 1838 2270 ὁ

183 2308 443 2384 βασιλεὺς
496 2305 738 2382 εὐχερῶς
814 2303 1124 2376 διελύσατο,
1183 2304 1250 2359 τὰ
1307 2303 1456 2360 ὅπλα
1513 2303 1694 2359 λαϐὼν
1748 2304 1838 2359 καὶ

177 2397 343 2466 πεζὸς
374 2395 682 2472 ἔμπροσθεν
732 2399 841 2450 τῶν
892 2393 1078 2449 ἄλλων
1127 2394 1628 2468 προπορευόμενοςο
1675 2397 1837 2448 τοῦτο

176 2490 278 2566 γὰρ
310 2486 523 2548 ἰδόντες
556 2489 610 2540 οἱ
660 2489 983 2560 στρατιῶται
1036 2484 1225 2558 ἀθρόοι
1275 2483 1341 2538 τὰ
1389 2483 1536 2539 ὅπλα
1577 2478 1838 2546 λαϐόντες

180 2576 352 2649 ἔθεον,
407 2573 632 2637 ἕκαστος
678 2575 771 2630 τὸν
829 2571 1055 2650 βασιλέα
1109 2568 1408 2647 προλαϐεῖν
1468 2571 1837 2646 ἐπειγόμενοι,

179 2668 270 2722 καὶ
305 2666 445 2740 μετὰ
479 2667 615 2740 βοῆς
642 2665 733 2720 καὶ
765 2661 1095 2738 ἀλαλαγμοῦ
1137 2667 1216 2734 τῷ
1264 2662 1510 2738 φρουρίῳ
1552 2657 1840 2739 προσϐάλ-

182 2756 397 2812 λουσιν·
429 2753 716 2826 Ἐκθύμως
748 2751 806 2808 δὲ
833 2757 940 2808 τῶν
985 2753 1124 2814 Ῥὼς
1175 2750 1556 2824 ὑπομενόντων
1605 2751 1705 2820 τὴν
1736 2772 1840 2806 πο-

182 2845 457 2921 λιορκίαν,
488 2848 598 2919 πῦρ
630 2843 709 2907 εἷς
738 2840 926 2898 πολλά
972 2843 1111 2917 μέρη
1167 2841 1487 2919 ὑφάψαντες,
1522 2839 1666 2896 οὕτω
1711 2838 1841 2904 τοὺς

181 2934 608 3007 ἀνθισταμένους
683 2929 1152 3007 κατηγωνίσαντο⁶
1239 2930 1315 3004 μὴ
1391 2930 1670 3004 στέγοντες
1737 2929 1836 3004 γὰρ

177 3025 275 3093 τήν
324 3027 428 3079 τοῦ
479 3021 653 3097 πυρὸς
704 3017 934 3093 δύναμιν
981 3019 1072 3075 καὶ
1130 3019 1230 3088 τὴν
1281 3019 1594 3092 Ῥωμαϊκὴν
1654 3023 1836 3095 χεῖρα,

179 3109 411 3175 ἕκαστος
497 3111 688 3165 ὶαυτὸν
768 3108 1165 3183 κρημνίζοντες
1241 3104 1662 3182 ἀπεδίδρασκον
1747 3105 1838 3162 καὶ

2019 1415 2262 1472 Interim
2291 1415 2646 1489 Scytharum
2695 1415 3082 1475 animosiores
3130 1418 3204 1474 ad
3253 1422 3382 1475 octo
3415 1418 3603 1477 millia

1947 1503 2144 1560 locum
2177 1505 2235 1559 in
2268 1505 2430 1577 regia
2458 1507 2754 1563 munitum
2782 1512 3092 1578 occupant,
3116 1507 3317 1580 ibique
3335 1507 3602 1580 aliquan-

1949 1592 2048 1648 diu
2081 1593 2287 1660 latent,
2319 1610 2385 1650 ac
2434 1595 2655 1652 multos
2703 1596 2807 1667 qui
2855 1595 2968 1651 loci
3017 1596 3454 1670 contemplandi
3501 1603 3604 1654 aut

1949 1682 2273 1754 spoliorum
2323 1700 2502 1740 causa
2547 1700 2615 1741 eo
2659 1685 3020 1754 accederent,
3071 1685 3297 1742 occulte
3336 1691 3604 1759 arreptos

1950 1769 2334 1828 interﬁciunt.
2370 1772 2697 1844 Imperator
2717 1788 2778 1829 re
2806 1773 3043 1846 cognita
3062 1773 3382 1830 exercitum
3405 1774 3606 1831 adver-

1949 1876 2052 1916 sus
2082 1876 2182 1917 eos
2222 1859 2428 1917 mittit.
2475 1861 2583 1926 Qui
2626 1877 2760 1917 cum
2791 1861 2991 1919 animo
3024 1861 3331 1934 langueret
3360 1863 3510 1918 891
3547 1865 3607 1920 et

1948 1948 2440 2020 oppugnationem
2475 1953 2701 2006 tentare
2749 1966 2866 2006 non
2897 1950 3160 2017 auderet,
3193 1967 3308 2007 non
3339 1951 3604 2009 hostium

1949 2037 2008 2093 id
2039 2042 2222 2109 metu,
2253 2039 2355 2095 sed
2387 2039 2542 2110 quod
2574 2037 2740 2096 locus
2769 2039 2821 2094 is
2851 2040 3117 2096 munitus
3147 2043 3325 2112 atque
3355 2040 3603 2114 inexpu-

1946 2126 2204 2200 gnabilis
2233 2127 2562 2195 videbatur,
2596 2127 2918 2201 imperator
2946 2128 3116 2184 facile
3146 2129 3472 2185 remedium
3496 2130 3603 2186 ad-

1948 2216 2163 2278 hibuit.
2194 2217 2321 2288 ipse
2351 2217 2606 2290 sumptis
2636 2219 2818 2273 armis
2867 2217 3095 2290 primus
3126 2218 3389 2274 omnium
3424 2219 3603 2290 pedes

1949 2307 2019 2361 ad
2052 2305 2220 2361 illum
2253 2307 2446 2362 locum
2476 2308 2859 2362 contendens.
2886 2307 2946 2362 Id
2979 2307 3137 2362 enim
3169 2324 3306 2363 cum
3338 2307 3605 2364 viderent

1949 2394 2186 2462 milites,
2219 2396 2528 2452 confertim
2559 2413 2724 2452 arma
2753 2396 3010 2467 rapiunt,
3039 2402 3095 2450 et
3124 2396 3318 2468 quivis
3351 2396 3602 2470 impera~

1945 2487 2134 2539 torem
2167 2489 2505 2556 praevertere
2528 2485 2830 2556 cupientes
2849 2485 3083 2541 sublato
3104 2485 3360 2540 clamore
3387 2485 3603 2542 Rossos

1947 2589 2282 2644 oppugnare
2295 2575 2740 2646 aggrediuntur.
2759 2574 3602 2646 FortiteriiSOppugnationem

1945 2661 2357 2730 tolerantibus,
2373 2663 2576 2720 multis
2596 2663 2741 2720 locis
2762 2665 2959 2735 ignem
2989 2663 3377 2732 succendunt,
3402 2663 3603 2736 itaque

1945 2765 2048 2807 eos
2075 2756 2431 2824 expugnant.
2461 2752 2607 2807 Nam
2639 2753 2753 2808 vim
2788 2752 2944 2824 ignis
2974 2769 3088 2808 non
3121 2752 3372 2808 ferentes
3403 2752 3599 2822 Rossi,

1947 2855 2136 2911 neque
2160 2841 2558 2897 Romanorum
2582 2841 2775 2898 robori
2793 2858 2984 2913 pares,
3005 2857 3109 2914 per
3132 2841 3453 2914 praecipitia
3473 2859 3604 2899 sese

1946 2929 2288 2999 dejicientes
2335 2929 2586 3002 quisque
2637 2931 2953 3002 aufugiunt
2988 2948 3002 2987 :
3035 2931 3207 2986 multi
3241 2946 3444 2988 eorum
3477 2930 3601 3004 igni

1947 3017 2266 3089 absumpti,
2317 3018 2487 3074 multi
2535 3019 2815 3091 praecipiti
2865 3036 3005 3076 casu
3058 3019 3353 3089 exstincti,
3384 3020 3600 3093 reliqui

1947 3106 2099 3162 ferro
2130 3107 2304 3164 occisi
2337 3111 2441 3164 aut
2470 3107 2644 3179 capti.
2668 3108 2788 3165 Hoc
2813 3109 2988 3165 modo
3019 3109 3176 3166 intra
3206 3109 3452 3165 biduum
3478 3113 3602 3166 tota

178 3199 388 3256 πολλοῖ
424 3200 521 3273 μὲν
553 3195 840 3270 ἀνήλωντο
887 3202 967 3270 τῷ
1013 3197 1169 3273 πυρὶ,
1199 3195 1406 3252 πολλοὶ
1446 3194 1503 3252 δὲ
1531 3195 1838 3272 κρημνιζό-

1950 3196 2091 3252 urbs
2119 3202 2308 3268 capta.
2338 3197 2564 3253 Reiecit
2581 3213 2712 3254 eam
2730 3197 3071 3270 imperator,
3088 3203 3146 3254 et
3175 3215 3209 3254 a
3237 3215 3344 3254 suo
3366 3198 3602 3254 nomine

183 3312 335 3362 μενοι
417 3287 730 3359 ἀπώλοντο,
800 3285 928 3350 τοὺς
1005 3284 1064 3342 δὲ
1132 3284 1362 3348 λοιποὺς
1432 3287 1679 3361 μάχαιρα
1747 3284 1837 3340 καὶ

1950 3285 2358 3356 Joannopolim
2373 3286 2778 3342 denominavit
2797 3305 2812 3356 ;
2833 3287 3226 3359 impositaque
3244 3287 3436 3343 valido
3454 3305 3608 3359 pra:-

177 3376 551 3456 αἲχμαλωσία
581 3374 904 3446 διεδέξαντο.
933 3377 1030 3431 Καὶ
1063 3378 1098 3446 ἠ
1133 3376 1228 3448 μὲν
1259 3374 1424 3436 πόλις
1452 3379 1643 3430 τοῦτον
1685 3373 1835 3428 ἑάλω

1950 3374 2117 3439 sidio,
2152 3375 2329 3431 rebus
2359 3375 2430 3431 ad
2463 3375 2640 3431 vitam
2665 3376 3016 3432 necessariis
3033 3375 3268 3433 abunde
3299 3375 3602 3433 instruxit.

175 3470 263 3523 τὸν
296 3468 532 3543 τρόπον,
563 3486 618 3528 ςν
667 3463 816 3520 δυσὶν
874 3463 1033 3528 ὅλαις
1077 3465 1312 3538 ἡμέραις
1370 3464 1444 3536 μὴ
1476 3463 1827 3539 ἀντισχοῦσαο

1950 3464 2089 3520 [nde
2133 3464 2282 3520 festo
2313 3463 2628 3520 Dominicis
2676 3465 3142 3521 Resurrectiouis
3193 3464 3287 3521 die
3317 3470 3467 3534 acto,
3501 3481 3605 3537 po-

178 3559 383 3628 ταύτην
452 3553 505 3610 δ’
549 3555 785 3610 ἀλοῦσαν
835 3553 1276 3626 ἀνακτησάμενος
1327 3553 1356 3607 ὁ
1407 3550 1703 3628 βασιλεὺς,
1747 3552 1838 3606 καὶ

1950 3551 2156 3608 stridie
2187 3552 2259 3607 ad
2303 3551 2703 3619 Dorostolum,
2737 3552 2831 3609 cui
2863 3558 2920 3609 et
2968 3552 3196 3610 Dristra
3225 3571 3463 3623 nomen,
3497 3554 3606 3611 iter

182 3647 423 3724 φρουρὰν
479 3643 764 3718 ἀξιόλογον
813 3642 1125 3713 ἐπιστήσας,
1184 3641 1273 3696 καὶ
1330 3642 1398 3697 τά
1453 3641 1592 3713 πρὸς
1639 3641 1702 3696 τὸ
1741 3644 1837 3714 ζῇν

1950 3641 2303 3713 ingreditur.

181 3732 472 3805 ἐπιτήδεια
523 3730 768 3806 δαψιλῶς
819 3729 1389 3806 παρασκευασάμενος,
1441 3730 1531 3785 καὶ
1576 3729 1675 3798 τήν
1723 3733 1823 3794 τῆς
1876 3727 2027 3804 ἁγίας
2075 3726 2431 3791 Ἀναστασίας
2479 3729 2592 3801 (27)
2640 3725 2862 3790 τελέσας
2911 3728 3126 3802 ἑορτὴν,
3171 3729 3258 3784 καὶ
3304 3728 3356 3800 te
3414 3729 3607 3784 ἑαυτοῦ

180 3820 609 3880 ἰωαννούπολιν
646 3821 1020 3895 μετονομάσας
1045 3820 1146 3889 τήν
1177 3818 1364 3891 πόλιν,
1412 3822 1482 3892 τῇ
1528 3815 1787 3895 ἐπαύριον
1834 3823 1938 3887 τῆς
1965 3815 2052 3870 ἐπὶ
2100 3815 2163 3870 τὸ
2213 3813 2570 3890 Δορόστολον,
2602 3815 2631 3870 ὃ
2661 3816 2750 3870 καὶ
2807 3815 3043 3892 Δρίστρα
3091 3816 3361 3875 καλεῖται.
3395 3816 3601 3892 εἴχετο,

181 3913 436 3987 πορείας.

247 4004 310 4060 Ὀ
361 3999 422 4056 at
472 3993 921 4078 Σφενδοσθλάϐος
965 3998 1066 4066 τήν
1105 4003 1206 4068 τῆς
1262 3990 1613 4074 Ηερσθλάϐας
1664 3993 1836 4050 πυθό-

2015 3998 2088 4051 At
2112 4010 2248 4051 vero
2279 3993 2858 4066 Sphendosthlahus,
2884 3994 3120 4051 tametsi
3143 3993 3347 4051 audita
3370 3995 3607 4052 Persth-

184 4113 343 4164 μενος
398 4089 609 4146 ἅλωσιν
663 4089 741 4150 εἱς
796 4087 1046 4164 ταραχὴν
1104 4086 1370 4154 ἐνέπεσεν,
1430 4086 1505 4148 ὡς
1557 4085 1723 4155 εἱκὸς,
1775 4082 1838 4138 ού

183 4184 288 4253 μήν
321 4201 390 4256 γε
417 4178 512 4234 καὶ
552 4182 650 4232 τοῦ
699 4178 1050 4254 φρονήματος
1095 4181 1428 4253 καθυφῆκεν,
1472 4172 1618 4229 ἀλλά
1663 4193 1837 4246 παρα-

183 4270 453 4345 οιῤῥύνας
499 4266 627 4328 τοὺς
673 4265 797 4341 περὶ
846 4265 1024 4336 αὐτὸν,
1071 4264 1164 4319 καὶ
1211 4268 1300 4319 νῦν
1347 4260 1558 4336 μᾶλλον
1604 4260 1840 4337 ἀγαθοὺς

183 4358 384 4434 ἄνδρας
427 4357 763 4434 ἀναφανῆναι
803 4351 1202 4422 παρακαλέσας,
1245 4350 1426 4407 τᾶλλά
1475 4372 1534 4406 τε
1589 4351 1663 4412 ὡς
1716 4350 1840 4419 ἐνῆν

182 4445 705 4517 καταστησάμενος,
755 4443 846 4498 καὶ
901 4442 1102 4504 πάντας
1163 4441 1261 4504 οὓς
1315 4441 1459 4516 εἶχεν
1519 4439 1571 4494 έν
1636 4438 1842 4513 ὑποψίᾳ

1944 4083 2090 4140 labes
2121 4083 2553 4156 expugnatione
2576 4085 2960 4154 perturbatus
2996 4083 3155 4139 haud
3187 4085 3405 4155 injuria
3433 4089 3610 4152 esset,

1948 4173 2198 4229 infracto
2220 4177 2418 4229 tamen
2452 4173 2652 4229 animo
2673 4189 2812 4228 suos
2845 4172 3182 4230 cohortatus
3209 4178 3275 4228 ut
3295 4189 3469 4245 porro
3482 4173 3609 4244 jam

1947 4265 2114 4317 tanto
2143 4277 2206 4317 se
2239 4261 2452 4317 fortius
2483 4266 2713 4333 gerant,
2743 4261 3086 4318 constitutis
3118 4262 3297 4318 etiam
3330 4267 3396 4318 ut
3416 4279 3510 4318 res
3533 4262 3610 4318 fe-

1949 4352 2156 4406 rebant
2177 4349 2444 4422 reliquis,
2463 4355 2521 4406 et
2550 4367 2700 4422 quos
2721 4355 3028 4422 suspectos
3049 4349 3304 4407 habebat
3323 4350 3608 4424 Bulgaros

1950 4439 2228 4494 omnibus
2274 4439 2466 4510 (erant
2513 4445 2708 4495 autem
2740 4440 2986 4495 trecenti
3029 4439 3184 4495 398
3232 4440 3482 4511 circiter)
3515 4440 3607 4496 in-

183 4542 286 4591 τῶν
351 4533 693 4607 Βουλγάρων
738 4531 880 4607 ἀμφὶ
934 4530 1062 4593 τοὺς
1132 4529 1478 4606 τριακοσίους
1535 4523 1692 4592 ὄντας
1745 4529 1838 4583 τὸν

1950 4528 2234 4594 terfectis,
2262 4529 2330 4583 ad
2342 4543 2569 4584 versum
2595 4527 2892 4583 Romanos
2912 4528 3322 4600 proﬁciscitur.
3349 4529 3608 4602 Impera-

185 4625 419 4699 ἀριθμὸν
465 4620 698 4690 ἀνελὼν,
748 4617 904 4708 ἔξεισι
948 4619 1087 4708 κατὰ
1129 4617 1450 4708 Ῥωμαίωνη
1479 4623 1538 4676 Ὀ
1589 4614 1646 4672 δὲ
1689 4618 1838 4708 βασι-

1950 4622 2043 4674 tor
2090 4617 2435 4673 institutum
2482 4616 2595 4672 iter
2646 4633 3004 4688 persequens
3055 4618 3232 4673 urbes
3261 4617 3320 4674 in
3364 4633 3432 4674 eo
3462 4619 3607 4674 sitas

187 4714 309 4775 λεὺς
339 4714 437 4773 τὰς
470 4710 524 4766 ἂν
549 4713 620 4784 τῇ
666 4706 892 4785 παρόδῳ
930 4707 1124 4770 πόλεις
1178 4706 1316 4763 ἑλὼν
1368 4706 1458 4762 καὶ
1504 4704 1838 4780 στρατηγοὺς

1950 4706 2157 4763 itinere
2187 4705 2366 4778 capit,
2397 4705 2588 4777 iisque
2620 4705 2922 4776 prefectos
2945 4706 3277 4776 constituit,
3310 4711 3369 4762 et
3399 4705 3606 4762 multis

186 4804 373 4863 αὐταῖς
403 4801 718 4871 έπιστήσας,
763 4796 948 4854 πολλά
996 4818 1055 4853 τε
1101 4797 1336 4876 φρούρια
1383 4795 1472 4851 καὶ
1522 4795 1838 4867 πολίσματα

1950 4794 2205 4852 castellis
2254 4798 2432 4865 atque
2480 4793 2716 4866 oppidis
2763 4793 3040 4849 evastatis
3087 4811 3154 4850 ac
3203 4794 3398 4865 praeda
3427 4793 3606 4849 militi

187 4892 534 4966 έκπορθήσας
563 4889 654 4944 καὶ
682 4893 802 4950 τοῖς
844 4889 1197 4962 στρατιώταις
1248 4884 1326 4948 είς
1356 4877 1614 4960 ’ἀρπαγὴν
1666 4879 1838 4938 δεδω-

1950 4899 2229 4940 concessa
2288 4881 2499 4954 pergit.
2554 4880 2664 4938 Ubi
2719 4881 3115 4953 exploratores
3180 4882 3604 4938 nuntiaverunt

185 4983 318 5052 κὼς,
353 4975 540 5054 εἴχετο
590 4983 691 5047 τῆς
735 4973 885 5031 ὀδοῦ.
916 4979 1034 5030 Τῶν
1067 4973 1126 5030 δὲ
1167 4978 1384 5030 σκοπῶν
1417 4973 1568 5043 ἥκειν
1601 4972 1838 5051 φρασάν-

1950 4971 2192 5046 Scythas
2223 4971 2556 5038 adventare,
2589 4968 2884 5026 delectum
2915 4971 3238 5027 exercitum
3272 4969 3604 5043 praamittit,

181 5090 288 5125 των
321 5068 534 5132 Σκύθας
562 5065 734 5138 τινὰς,
780 5062 914 5120 λαὸν
961 5062 1244 5121 έπίλεκτον
1296 5061 1582 5137 ἐκπέμπει.
1624 5058 1838 5118 Θεόδω-

1950 5061 2098 5117 duce
2126 5059 2430 5116 Theodoro
2456 5075 2491 5114 a
2511 5057 2788 5116 Mistheia
2809 5078 2824 5128 ;
2849 5059 3142 5132 jubetque
3161 5059 3422 5117 hostium
3445 5058 3606 5115 mul-

1389 5233 1767 5291 XYLANDRI
1809 5233 1898 5290 ET
1933 5230 2151 5288 GOARI
2187 5229 2422 5288 NOT/‘E.

259 5365 379 5438 (27)
408 5364 546 5429 Quas
575 5376 713 5438 vo_x__
733 5375 851 5416 non
902 5357 1132 5438 integra
1177 5361 1267 5438 est
1295 5357 1554 5438 scripta;
1589 5360 1732 5412 nota
1755 5360 1852 5438 _ta-
1960 5351 2243 5438 anastasi'
2263 5355 2321 5408 et
2347 5350 2661 5438 Anastasis
2688 5350 2898 5438 lfloste'r
2925 5369 3106 5425 supra
3135 5351 3371 5410 alicubi.
3390 5356 3608 5438 ζητ-

197 5422 334 5496 men
367 5422 450 5490 '8‘
469 5432 724 5490 ostendit
773 5446 888 5486 non
941 5422 1282 5495 dvis-tactae,
1344 5422 1460 5486 Ποῖ]
1513 5422 1828 5482 ἇναστασίαν

1964 5423 2312 5484 Ἀναστασίας
2356 5422 2640 5497 templum
2689 5422 3022 5497 ἀναστάσεως
3060 5441 3287 5497 quoque
3327 5424 3608 5482 miraculo

201 5493 302 5566 ξοδ
374 5505 716 5563 ἀναστάσεως
781 5501 895 5574 legi
955 5502 1184 5558 debere.
1254 5493 1457 5574 Itaque
1522 5501 1720 5574 accepi
1785 5493 1857 5574 de
1966 5493 3256 5574 famamp-acoepit’:hingpromiscua'voe'is
3302 5497 3609 5574 utriusque

203 5565 424 5638 Christi
456 5595 493 5634 ε
540 5575 786 5632 mortuis
833 5565 1277 5640 resurrectione,
1311 5565 1378 5629 e6
1426 5565 1681 5629 facilius'
1700 5571 1856 5643 quod
1967 5567 2323 5643 usurpatio:
2352 5565 2448 5622 hic
2493 5583 2597 5643 pro
2612 5565 2844 5643 _Qh_risti_
2873 5568 3298 5643 resurrectione
3327 5565 3606 5643 sumitur.

203 5637 384 5727 paulo
414 5653 550 5722 post
578 5644 862 5727 festus__D.
893 5644 1136 5727 Georgio
1183 5637 1309 5727 dies
1329 5637 1858 5727 gommemoratu‘r,
1966 5637 2137 5727 Yide‘
2163 5642 2459 5697 auctorem
2494 5637 2570 5696 'in
2612 5637 3028 5698 Valentiniano
3078 5642 3312 5714 juniore
3365 5658 3425 5717 p.
3480 5640 3607 5698 315.

205 5713 312 5800 qui
345 5713 467 5780 {eis
493 5735 610 5778 non
641 5719 897 5776 multum
925 5713 1132 5776 ahes'se
1160 5720 1296 5791 post
1325 5715 1553 5776 Pascha
1581 5715 1747 5774 solet.
1779 5715 1862 5773 De
1969 5713 2151 5772 Goaa.
