4050 6326
437 405 544 466 131

1785 400 2102 464 GEORGII
2144 400 2481 462 CEDRENI

3723 402 3840 461 132

434 534 748 591 titudinem
791 531 1093 605 exquirere
1141 535 1199 589 et
1246 531 1358 589 sibi
1388 532 1670 601 indicare,
1702 536 1761 589 et
1802 533 1851 589 si
1882 533 1964 589 ita
1991 533 2073 588 vi-

2197 532 2288 610 ρόν
2336 551 2395 585 τε
2442 531 2535 585 τὸν
2585 531 2644 586 ἐκ
2688 531 2951 595 Μισθείας
3000 532 3179 586 αὐτῶν
3219 535 3297 604 τῷ
3342 533 3541 602 πΑήθει
3586 530 3835 607 ἀρχηγὸν

433 626 640 680 deatur
660 625 1060 691 commodum,
1084 622 1193 678 levi
1218 622 1414 694 przelio
1430 640 1632 678 eorum
1657 623 1808 679 vires
1832 628 2077 679 tentare.

436 716 563 785 Ipse
586 729 715 768 cum
735 712 1022 767 instructo
1047 711 1319 767 universo
1340 712 1594 767 exercitu
1620 727 1767 783 pone
1789 711 2079 783 sequitur.

433 803 771 859 Theodorus
793 818 928 857 cum
962 801 1087 858 suis
1116 800 1217 857 ubi
1251 801 1321 857 ad
1353 801 1552 857 hostes
1575 800 1857 873 pervenit,
1888 801 1990 856 dat
2019 800 2079 854 in

430 908 527 948 eos
576 891 885 963 impetum.
938 890 1107 946 Rossi
1158 889 1407 945 insidias
1457 889 1701 945 subesse
1747 888 1911 944 veriti
1946 904 2080 959 pro-

426 998 631 1055 gressu
662 980 1000 1047 abstinent;
1036 979 1361 1051 multisque
1384 995 1621 1035 suorum
1656 978 1811 1043 ictis,
1840 978 2081 1049 quibus-

424 1071 560 1125 dam
591 1070 767 1126 etiam
793 1069 1057 1139 dejectis,
1080 1070 1217 1141 fuga
1248 1069 1307 1123 in
1334 1069 1558 1124 vicinos
1582 1073 1814 1124 montes
1836 1068 2078 1123 densos-

426 1176 537 1229 que
567 1163 623 1214 et
644 1158 871 1229 amplos
890 1158 1077 1213 saltus
1110 1174 1172 1213 se
1190 1158 1561 1229 dispergunt,
1586 1174 1652 1212 ac
1674 1174 1777 1229 per
1798 1160 2079 1211 montana

425 1248 495 1302 ad
530 1248 811 1303 Dristram
833 1246 1192 1318 perfugiunt.
1214 1247 1382 1303 Rossi
1403 1247 1559 1301 fuere
1584 1262 1828 1301 numero
1850 1250 2074 1317 septem

427 1336 636 1405 millia,
688 1336 934 1392 Romani
982 1352 1117 1391 vero
1176 1335 1274 1407 qui
1334 1352 1430 1391 eos
1477 1336 1755 1391 fuderunt
1811 1333 2074 1390 trecenti.

422 1425 646 1497 Scythas
669 1429 865 1480 autem
884 1423 1392 1497 Sphendosthlabo
1416 1423 1713 1495 conjuncti
1736 1428 2004 1479 auctores
2026 1421 2078 1478 ei

423 1516 662 1570 fuerunt
692 1518 757 1569 ut
782 1530 913 1569 cum
939 1514 1214 1569 omnibus
1246 1514 1430 1585 capiis
1461 1514 1950 1585 (numerabantur
1973 1530 2075 1567 auo

423 1607 541 1659 tem
592 1606 854 1659 trecenta
902 1604 1147 1676 triginta
1198 1603 1454 1659 virorum
1505 1601 1714 1673 millia)
1764 1602 2076 1657 duodecim

424 1696 560 1748 ante
590 1691 966 1748 Dorostolum
992 1691 1348 1747 milliaribus
1372 1696 1567 1747 castra
1592 1694 1850 1762 poneret,
1875 1690 2077 1762 ibique

422 1781 797 1853 imperatoris
839 1782 1156 1839 adventum
1208 1780 1494 1853 intrepide
1542 1784 1972 1852 exspectarunt.
2002 1781 2077 1834 At

422 1869 717 1926 Romanos
748 1870 1081 1927 recentibus
1110 1869 1371 1926 victoriis
1401 1869 1610 1941 elatos,
1643 1874 1701 1925 et
1721 1869 1970 1940 jamjam
2002 1868 2074 1923 de

420 1974 658 2015 summa
708 1974 906 2015 rerum
950 1958 1151 2030 praelio
1209 1960 1569 2015 decertatum
1622 1957 1693 2012 iri
1743 1961 2071 2028 sperantes,

421 2048 672 2104 scientes
719 2048 963 2120 insuper
991 2049 1171 2104 Deum
1219 2064 1281 2103 se
1327 2048 1541 2103 habere
1591 2047 1942 2118 adjutorem,
1974 2046 2073 2117 qui

421 2154 536 2192 non
569 2137 721 2193 899
754 2136 1141 2192 inferentibus
1187 2137 1288 2193 sed
1338 2135 1530 2207 passis
1560 2135 1840 2206 injuriam
1873 2136 2073 2207 opitu-

420 2225 528 2281 lari
586 2225 823 2294 soleret,
870 2242 986 2280 non
1030 2241 1129 2279 eos
1179 2225 1353 2279 modo
1403 2224 1502 2296 qui
1552 2225 1893 2280 fortitudine
1940 2224 2071 2279 aliis

421 2315 745 2383 anteibant,
779 2315 879 2369 sed
908 2314 1032 2383 jam
1065 2318 1123 2369 et
1145 2312 1475 2369 timidiores
1506 2312 1777 2369 alacritas
1799 2318 1857 2369 et
1886 2314 2071 2368 auda-

420 2403 509 2459 cia
537 2403 888 2469 incessebat,
924 2402 1269 2474 ardentique
1319 2419 1529 2475 pugna
1561 2402 1852 2459 desiderio
1886 2403 2071 2475 agita-

422 2494 657 2548 bantur.
682 2491 788 2547 Ubi
820 2492 878 2546 in
897 2496 1277 2564 conspectum
1304 2496 1509 2548 mutuo
1528 2507 1739 2547 venere
1760 2492 2071 2557 exercitus,

426 2587 675 2651 utroque
706 2581 1056 2652 imperatore
1087 2598 1226 2637 suos
1248 2581 1423 2636 dictis
1454 2581 1653 2652 qualia
1684 2580 1954 2652 praesenti
1988 2579 2069 2635 rei

427 2670 865 2727 accommodata
896 2675 1063 2726 erant
1091 2670 1389 2725 animante
1430 2676 1606 2741 atque
1637 2670 1974 2741 instigante,
2007 2671 2074 2723 ut

426 2758 739 2814 classicum
772 2757 1000 2825 cecinit,
1026 2774 1241 2830 magna
1270 2774 1403 2813 cum
1426 2759 1477 2813 vi
1510 2758 1751 2829 parique
1774 2758 2074 2812 alacritate

425 2864 777 2903 concursum
807 2851 918 2903 est.
938 2848 1131 2903 Primo
1151 2847 1422 2903 conﬂictu
1455 2846 1719 2917 Romani,
1741 2846 2071 2901 vehementi

425 2937 577 2993 facto
610 2937 854 3006 impetu,
882 2935 1086 2991 multis
1136 2936 1379 3007 dcjcctis
1428 2935 1687 2992 hostium
1718 2935 1953 2991 ordines
1984 2934 2073 2990 la-

424 3027 737 3082 befactant.
775 3026 974 3097 Neque
1003 3029 1198 3080 tamen
1232 3026 1449 3081 cedunt
1479 3024 1698 3103 hostes,
1743 3040 1927 3095 neque
1956 3024 2072 3079 Ro-

424 3116 617 3171 manis
647 3131 746 3171 eos
779 3114 1164 3188 persequendi
1185 3115 1359 3170 datur
1390 3113 1656 3183 facultas,
1689 3114 1921 3186 Scythis
1943 3130 2073 3169 sese

421 3204 909 3260 confirmantibus
940 3220 1289 3275 rursumque
1318 3203 1551 3259 sublato
1581 3203 1833 3259 clamore
1869 3203 1926 3257 in
1958 3206 2069 3258 Ro-

2193 621 2483 690 ἐπιστήσας
2531 626 2885 695 προηγεῖσθαι
2935 620 3207 694 ἐπέσκηψε
3254 626 3350 675 τοῦ
3394 626 3644 693 στρατοῦ,
3674 641 3839 674 κατα⁸

2193 712 2413 766 σκοπεῖν
2441 730 2499 764 τε
2549 710 2611 764 τὸ
2658 708 2871 775 πλῆθος
2915 714 3022 764 τῶν
3073 709 3323 764 ἐναντίων
3373 710 3463 764 καὶ
3512 711 3661 780 αύτῷ
3691 707 3843 764 διδό-

2190 819 2271 854 ναι
2300 803 2522 873 γνῶσιν,
2557 798 2601 854 εἰ
2646 799 2969 875 προχωροίη
3022 797 3098 870 δὲ,
3130 798 3218 854 καὶ
3270 797 3546 874 διάπειραν
3589 802 3687 863 τῆς
3734 798 3839 853 αὖ-

2188 892 2293 942 τῶν
2342 888 2536 963 ίσχύος
2594 883 3092 964 ἀκροϐολισάμενον
3166 888 3486 966 εἰληφέναι·
3546 887 3703 950 αὐτὸς
3784 885 3842 943 δὶ

2189 976 2416 1032 κατόπιν
2496 977 2676 1034 εἶπετο
2761 977 3179 1053 συντεταγμένος
3274 978 3407 1051 μετὰ
3478 978 3659 1047 πάσης
3743 980 3847 1045 τῆς

2190 1071 2458 1141 στρατιᾶς.
2521 1068 2588 1124 Οἱ
2646 1066 2737 1122 σὺν
2794 1068 2873 1140 τῷ
2945 1065 3213 1143 Θεοδώρῳ
3283 1071 3414 1141 γοῦν
3486 1065 3703 1141 ἐπείπερ
3766 1065 3844 1128 εἷς

2190 1161 2379 1231 χεῖρας
2438 1154 2613 1225 ἦλθον
2670 1162 2786 1217 τοῖς
2839 1153 3171 1228 πολεμίοις,
3226 1154 3558 1228 ἐμπίπτουσι
3621 1154 3844 1218 τούτοις

2189 1243 2457 1322 ῥαγδαῖοι.
2518 1247 2588 1302 Οἱ
2646 1243 2703 1300 δὶ
2757 1247 2889 1309 Ῥὼς
2949 1244 3163 1316 ἐνέδραν
3216 1240 3602 1315 εὐλαϐηθέντες
3644 1246 3842 1321 πρόσω

2192 1336 2284 1407 μὲν
2309 1334 2485 1389 οὐκέτι
2519 1334 2787 1410 ἐχώρουν,
2820 1335 3047 1390 πολλῶν
3079 1334 3136 1390 δὲ
3174 1333 3489 1411 πληγέντων
3535 1335 3625 1389 καί
3671 1354 3842 1388 τινων

2188 1422 2244 1478 δὲ
2273 1420 2545 1479 πεσόντων
2597 1422 2936 1487 ἐκκλίναντες
2988 1424 3037 1486 ἐς
3087 1424 3153 1479 τὰ
3181 1422 3420 1494 πλησίον
3461 1422 3840 1478 σκεδάννυνται

2188 1511 2287 1588 ὄρη
2356 1512 2445 1567 καὶ
2494 1513 2589 1574 τὰς
2646 1512 2817 1568 ἐκεῖσε
2869 1514 3041 1575 νάπας
3094 1513 3308 1589 βαθείας
3353 1512 3440 1567 καὶ
3498 1512 3841 1587 ἀμφιλαφεῖς

2184 1601 2577 1677 τυγχανούσας,
2628 1602 2717 1657 καὶ
2771 1600 2860 1658 διὰ
2907 1610 3007 1672 τῆς
3057 1602 3274 1676 ὀρεινῆς
3323 1602 3411 1657 ἐπὶ
3438 1604 3539 1673 τὴν
3574 1601 3837 1676 Δρίστραν

2184 1690 2641 1760 ἐπανασώζονται.
2674 1694 2842 1747 Ἦσαν
2899 1688 2957 1747 δὲ
2997 1692 3060 1747 τὸ
3113 1692 3329 1761 πλῆθος
3384 1689 3533 1747 οὗτοι
3587 1690 3845 1746 ἐτι-τάκισ-

2184 1780 2388 1855 χίλιοι,
2434 1781 2486 1834 οἱ
2541 1778 2600 1835 δὲ
2644 1780 2857 1843 τούτοις
2907 1779 3317 1854 συμπλακέντες
3372 1780 3463 1835 καὶ
3510 1782 3841 1856 τρεψάμενοι

2184 1872 2449 1943 Ῥωμαῖοι
2505 1870 2596 1924 τὸν
2655 1871 2887 1946 ἀριθμὸν
2944 1866 3270 1947 τριακόσιοι.
3328 1870 3643 1934 Ἑνωθέντες
3691 1868 3738 1926 δ’
3786 1870 3844 1925 οἱ

2185 1958 2388 2023 Σκύθαι
2438 1963 2517 2031 τῷ
2560 1953 3017 2035 Σφενδοσθλάϐῳ,
3067 1959 3159 2014 καὶ
3206 1964 3396 2014 τοῦτον
3460 1958 3659 2023 ἐκεῖθεν
3706 1960 3847 2013 ἀνα-

2182 2050 2475 2118 στήσαντες
2534 2048 2667 2120 μετά
2734 2048 2936 2110 παντὸς
2990 2052 3091 2103 τοῦ
3145 2053 3396 2123 στρατοῦ,
3457 2048 3565 2123 πρὸ
3623 2045 3842 2104 δώδεκα

2178 2142 2274 2192 τοῦ
2306 2136 2648 2210 Δοροστόλου
2681 2136 2879 2209 μιλίων
2927 2135 3260 2206 αὐλίζονται,
3292 2138 3345 2200 ἐς
3392 2137 3711 2214 τριακοσίας
3740 2138 3841 2193 καὶ

2179 2227 2469 2302 τριάκοντα
2526 2225 2787 2302 χιλιάδας
2848 2225 3242 2302 ἀριθμούμενοι
3298 2229 3381 2299 [Ρ.
3413 2229 3545 2299 675]
3602 2225 3691 2281 καὶ
3738 2228 3840 2281 τὸν

2184 2314 2413 2390 βασιλέα
2460 2314 2677 2370 ἐπιόντα
2725 2314 2973 2388 ἐκθύμως
3020 2317 3110 2369 καὶ
3162 2314 3466 2390 ῥωμαλέως
3524 2314 3840 2391 ἐκδεχόμε-

2179 2425 2283 2461 νοι.
2341 2406 2409 2461 Οἱ
2466 2402 2524 2459 δὲ
2579 2405 2840 2475 Ῥωμαῖοι
2896 2410 3017 2465 ταῖς
3070 2402 3121 2474 ἐξ
3183 2402 3425 2479 ὑπογύου
3468 2404 3644 2466 νίκαις
3696 2424 3836 2478 γαυο

2182 2493 2437 2568 ρούμενοι
2468 2492 2557 2547 καὶ
2600 2493 2699 2560 τὴν
2743 2492 2811 2547 τὰ
2859 2493 3029 2547 πάντα
3073 2497 3254 2565 κρῖναι
3291 2490 3596 2564 μέλλουσαν
3642 2491 3835 2567 μάχην

2179 2580 2633 2658 προσδεχόμενοι,
2681 2579 2884 2643 εἰδότες
2932 2578 2978 2635 δ’
3025 2579 3106 2636 ὅτι
3156 2581 3245 2636 καὶ
3295 2581 3425 2636 Θεὸν
3471 2580 3839 2657 συλλήπτορα

2180 2666 2410 2741 ἕξουσιν,
2462 2670 2523 2725 ού
2572 2674 2690 2731 τοῖς
2741 2667 2939 2724 ἀδίκων
2998 2674 3203 2745 χειρῶν
3256 2667 3485 2745 ἄρχουσι
3542 2668 3834 2746 φιλοῦντα,

2181 2758 2325 2814 ἀλλὰ
2379 2764 2495 2821 τοῖς
2549 2756 2929 2831 ἀδικουμένοις
2990 2756 3077 2813 διᾶ
3131 2759 3329 2819 παντὸς
3388 2756 3700 2833 ἐπαρήγειν,
3760 2758 3835 2812 οὗ

2184 2848 2348 2922 μόνον
2380 2849 2431 2903 οἱ
2464 2848 2845 2924 ιύψυχότεροι,
2876 2846 2985 2918 ἤδη
3021 2844 3078 2903 δὶ
3133 2846 3224 2902 καὶ
3274 2847 3327 2901 οἳ
3364 2846 3709 2922 καταπλῆγες
3738 2848 3836 2901 καὶ

2184 2936 2421 3010 μαλακοὶ
2450 2939 2545 2998 τὰς
2576 2937 2758 3012 ψυχάς
2789 2936 3066 3010 πρόθυμοι
3103 2935 3194 2991 καὶ
3246 2934 3535 3012 θαρραλέοι
3583 2935 3836 3010 ἐγίνοντο

2178 3027 2269 3080 καὶ
2299 3027 2437 3101 πρὸς
2483 3027 2585 3095 την
2635 3024 2963 3097 συμπλοκὴν
3017 3023 3138 3080 λίαν
3189 3022 3509 3103 ἐσφάδαζον.
3556 3023 3655 3088 Εἲς
3701 3021 3835 3097 ὄψιν

2181 3111 2238 3170 δέ
2265 3118 2373 3169 τῶν
2420 3114 2834 3189 στρατευμάτων
2889 3110 3164 3184 ἀλλήλοις
3214 3112 3540 3189 γενομένων,
3589 3111 3681 3168 καὶ
3729 3113 3833 3167 λό-

2177 3225 2297 3281 γοις
2344 3202 2777 3273 παρακλητικοῖς
2825 3208 2923 3257 τοῦ
2972 3224 3031 3257 τε
3086 3200 3352 3278 βασιλέως
3393 3201 3484 3257 καὶ
3515 3206 3610 3256 τοῦ
3656 3208 3835 3276 Σφεν-

420 3311 624 3351 manus
669 3294 1052 3351 irruentibus.
1101 3297 1404 3363 Pugnatur
1435 3292 1857 3364 aliquantisper
1899 3308 2067 3364 aequo

2184 3277 2485 3347 δοσθλάὸου
2544 3293 2673 3354 τοὺς
2723 3290 2957 3353 οἲκείους
3004 3277 3422 3367 ἐπιρρωσάντων
3478 3291 3570 3345 καὶ
3626 3290 3694 3345 τὰ
3747 3295 3837 3363 τῷ

425 3391 628 3438 marte.
660 3383 792 3439 Jam
825 3388 1021 3439 autem
1053 3382 1125 3438 ad
1156 3398 1458 3453 vesperam
1491 3380 1806 3437 inclinante
1836 3381 1930 3436 die
1962 3381 2071 3436 Ro-

426 3472 585 3528 mani
619 3488 748 3527 sese
796 3471 1168 3528 cohortantes
1217 3474 1274 3526 et
1318 3470 1497 3526 veluti
1544 3474 1822 3526 acuentes
1855 3469 2077 3525 mutuis

418 3560 925 3616 exhortationibus
974 3560 1281 3616 sinistrum
1334 3561 1680 3632 Scytharum
1735 3576 1913 3615 cornu
1945 3573 2076 3631 pre-

418 3654 608 3713 munt,
640 3654 697 3705 ct
726 3648 1075 3705 intolerabili
1106 3649 1162 3704 vi
1193 3650 1536 3723 ingruentes
1570 3649 1790 3704 multos
1826 3654 2077 3720 proster-

417 3742 586 3793 nunt.
620 3738 886 3809 Cumque
914 3738 984 3793 ad
1005 3737 1287 3793 afflictam
1319 3746 1541 3810 partem
1577 3737 1803 3811 Scythae
1828 3737 2076 3805 coirent,

419 3844 662 3883 suorum
695 3828 987 3900 quosdam
1022 3827 1322 3883 Romanus
1354 3827 1672 3899 imperator
1700 3828 1825 3882 suis
1861 3826 2074 3881 auxilio

418 3916 621 3987 mittit,
646 3917 889 3988 ipseque
920 3916 1305 3988 subsequitur
1335 3917 1554 3987 apertis
1585 3934 1717 3971 cum
1748 3916 1978 3988 imperii
2003 3915 2078 3972 si-

417 4004 573 4076 gnis,
604 4021 754 4076 equo
786 4005 1118 4061 calcaribus
1149 4006 1412 4072 incitato,
1435 4010 1491 4061 et
1519 4005 1749 4060 hastam
1783 4006 2074 4061 infensam

421 4094 639 4161 ferens,
672 4110 930 4166 suosque
957 4094 1150 4149 verbis
1199 4094 1557 4149 exstimulat.
1613 4097 1907 4150 Acerrime
1935 4100 2076 4151 tunc

417 4186 771 4254 pugnatum,
805 4186 863 4236 et
890 4182 1070 4237 variis
1091 4182 1320 4237 vicibus
1352 4183 1549 4253 praelio
1574 4187 1799 4239 mutato
1832 4185 2077 4254 (duode-

417 4273 536 4326 cies
558 4272 713 4325 400
732 4269 890 4326 enim
915 4272 1152 4326 fuerunt
1180 4270 1494 4327 inclinatas
1516 4271 1695 4343 acies)
1716 4272 1807 4327 vix
1832 4274 2074 4329 tandem

418 4359 610 4429 Rossi,
632 4359 940 4430 desperata
962 4358 1172 4429 salute,
1193 4360 1526 4416 inordinata
1558 4362 1695 4433 fuga
1715 4361 1773 4417 in
1798 4379 2075 4434 campum

418 4464 481 4502 se
508 4447 860 4514 effundunt;
892 4461 1111 4518 eosque
1142 4446 1400 4502 insecuti
1432 4449 1677 4503 Romani
1709 4449 1931 4503 multos
1954 4466 2079 4519 per-

416 4534 633 4589 imunt.
680 4539 758 4590 De
789 4534 989 4591 Rossis
1038 4536 1299 4591 cecidere
1330 4535 1520 4605 multi,
1553 4536 1707 4609 capti
1735 4539 1908 4593 etiam
1944 4538 2073 4609 plu-

416 4639 509 4678 res
545 4638 558 4678 :
595 4622 806 4695 reliqui
840 4623 1208 4679 Dorostolum
1244 4625 1381 4698 fuga
1411 4629 1743 4683 evaserunt.

2180 3382 2355 3457 καιρῷ
2401 3380 2687 3456 πρόσφορα
2734 3378 3315 3455 παρακελευσαμένων,
3365 3378 3439 3441 ὠς
3486 3380 3541 3433 αἱ
3600 3377 3839 3454 σάλπιγο

2181 3491 2269 3545 γες
2316 3470 2378 3525 τὸ
2426 3468 2675 3524 ἐνυάλιον
2720 3468 2963 3546 ἤχησαν,
3010 3469 3372 3545 συρρήγνυται
3445 3465 3720 3538 ἀλλήλοις
3765 3468 3843 3522 τὰ

2183 3562 2372 3631 πλήθη
2421 3560 2523 3628 τήν
2569 3558 2736 3629 αὐτὴν
2785 3554 2983 3635 ἔχοντα
3029 3560 3359 3633 προθυμίαν.
3412 3557 3507 3612 Καὶ
3559 3558 3695 3613 κατὰ
3736 3556 3839 3630 μὶν

2182 3649 2279 3717 τὴν
2339 3647 2561 3724 πρώτην
2634 3643 2955 3725 προσϐολὴν
3034 3648 3085 3702 οἱ
3138 3649 3400 3719 Ῥωμαῖοι
3463 3648 3596 3718 μετὰ
3654 3645 3841 3721 ῥύμης

2186 3737 2561 3813 ἐπενεχθέντις
2607 3735 2842 3815 σφοδρᾶς
2892 3736 2982 3790 καὶ
3023 3735 3268 3798 πολλοὺς
3299 3729 3694 3797 καταλαϐόντες
3734 3735 3840 3797 τὰς

2189 3824 2519 3903 βαρϐαρικὰς
2588 3826 2762 3896 τάξεις
2838 3827 3188 3880 κατέσεισαν·
3262 3824 3323 3879 ού
3407 3826 3515 3897 μήν
3591 3845 3653 3897 γε
3735 3824 3835 3877 καὶ

2189 3916 2454 3991 ὑπαγωγὴ
2498 3919 2606 3969 τῶν
2658 3914 2909 3969 ἐναντίων
2961 3912 3171 3988 ἐγένετο
3218 3910 3341 3967 οὕτε
3388 3917 3495 3967 τῶν
3538 3911 3833 3985 Ῥωμαίων

2185 4003 2437 4077 λαμπρὸς
2468 4001 2737 4077 διωγμὸς,
2788 4002 2913 4058 ἀλλ’
2958 4002 3353 4078 ἐπιρρώσαντες
3400 3999 3566 4055 πάλιν
3607 4001 3835 4063 ἑαυτοὺς

2186 4094 2237 4146 οἱ
2272 4092 2468 4146 Σκύθαι
2509 4090 2659 4154 αὖθις
2718 4091 2956 4161 ἐπῆλθον
3016 4092 3131 4163 μετ’
3174 4088 3500 4166 ἀλαλαγμοῦ
3546 4096 3664 4152 τοῖς
3694 4092 3837 4145 Ῥω-

2188 4180 2392 4253 μαίοις.
2443 4180 2539 4237 Καὶ
2594 4180 2757 4257 μέχρι
2821 4182 2915 4253 μὶν
2968 4202 3115 4242 τινος
3164 4178 3434 4248 ΐσοπαλῆς
3482 4182 3547 4249 ἧν
3594 4181 3622 4233 ὁ
3666 4178 3839 4253 ἀγὼν,

2183 4266 2291 4339 ἤδη
2326 4267 2383 4324 δὲ
2412 4270 2535 4342 περὶ
2582 4266 2767 4340 δείλην
2816 4269 2975 4343 ἀψίαν
3022 4271 3120 4338 τῆς
3170 4267 3380 4343 ἡμέρας
3427 4266 3586 4334 οὔσης
3618 4269 3836 4323 οἱῬωο

2186 4363 2342 4432 μαῖοι
2399 4357 2865 4434 παρακαλέσαντες
2940 4357 3225 4429 ἀλλήλους
3293 4358 3382 4412 καὶ
3455 4358 3657 4430 τρόπον
3710 4358 3840 4413 τινὰ

2184 4448 2561 4519 στομώσαντες
2616 4451 2733 4510 ταῖς
2782 4447 3155 4521 παραινέσεσιν
3216 4440 3501 4517 ἐπέϐρισαν
3558 4450 3640 4517 τῷ
3692 4446 3839 4500 εὐω-

2182 4535 2337 4609 νύμῳ
2372 4534 2556 4609 κέρατι
2599 4539 2707 4590 τῶν
2760 4540 3005 4607 Σκυθῶν,
3053 4535 3144 4590 καὶ
3192 4533 3438 4597 πολλοὺς
3489 4538 3571 4606 τῷ
3625 4534 3835 4589 ἀνυποσ-

2184 4625 2361 4697 στάτῳ
2407 4619 2706 4680 κατέϐαλον
2754 4631 2855 4694 τῆς
2901 4626 3101 4699 ὁρμῆς.
3152 4623 3563 4697 Συνισταμένων
3615 4620 3674 4678 δὲ
3712 4628 3831 4678 τῶν

415 4711 551 4773 Ῥὼς
603 4708 691 4764 ἐπὶ
748 4711 811 4765 τὸ
842 4712 1166 4779 πεπονηκὸς,
1223 4716 1331 4766 τῶν
1389 4712 1510 4786 περὶ
1571 4713 1735 4766 αὐτὸν
1805 4713 1834 4766 ὁ
1896 4711 2147 4787 βασιλεὺς
2204 4714 2280 4777 εἷς
2338 4712 2646 4789 ἐπικουρίαν
2681 4712 2945 4786 ἐκπέμπει
2995 4713 3163 4785 τινὰς,
3193 4711 3420 4768 κατόπιν
3462 4708 3520 4767 δὲ
3547 4710 3638 4766 καὶ
3673 4711 3839 4774 αὐτὸς

418 4796 598 4854 ε’ίπετο
651 4798 1186 4873 ἀνακεκαλυμμένοις
1249 4806 1365 4862 τοῖς
1424 4804 1778 4876 παρασήμοις
1831 4808 1931 4871 τῆς
1994 4803 2294 4876 βασιλείας,
2351 4802 2414 4857 τὸ
2471 4799 2604 4878 δόρυ
2665 4799 3157 4877 διηγκωνισμένος,
3212 4802 3302 4857 τόν
3361 4821 3419 4856 τι
3470 4799 3640 4855 ’ίππον
3706 4820 3835 4855 κεν-

417 4888 617 4962 τρίζων
650 4889 797 4962 θαμὰ
825 4890 911 4943 καὶ
946 4893 1014 4963 τῇ
1072 4890 1174 4964 βοῇ
1222 4886 1496 4965 διεγείρων
1550 4889 1678 4952 τοὺς
1736 4891 2087 4963 στρατιώτας,
2123 4894 2359 4967 Ἀγῶνος
2406 4888 2463 4946 δὶ
2517 4895 2778 4967 καρτεροῦ
2822 4891 3111 4955 συστάντος
3150 4889 3238 4945 καί
3289 4888 3507 4952 πολλὰς
3570 4887 3831 4963 μετακλίο

416 4998 526 5041 σεις
583 4975 880 5050 δεξαμένης
935 4985 1034 5048 τῆς
1094 4978 1280 5053 μάχης
1333 4977 1675 5051 (δυοκαίδεκα
1732 4983 1835 5053 γάρ
1897 5002 2025 5058 φησι
2081 4980 2285 5056 τροπὰς
2338 4977 2582 5051 δέξασθαι
2629 4980 2720 5035 τὸν
2771 4982 2995 5056 ἀγῶνα),
3054 4978 3215 5053 μόλις
3263 4980 3314 5034 οἱ
3362 4979 3496 5039 Ῥὼς
3524 4978 3829 5052 ἀπειρηκό-

409 5086 497 5120 τες
552 5066 686 5140 πρὸς
714 5067 842 5129 τοὺς
871 5063 1149 5128 κινδύνους
1184 5066 1409 5140 ἀκόσμῳ
1440 5072 1580 5143 φυγῇ
1612 5068 1749 5140 πρὸς
1786 5069 1847 5122 τὸ
1891 5066 2075 5123 πεδίον
2126 5066 2454 5123 ἐσκίδναντο·
2489 5068 2568 5129 οἷς
2624 5067 2677 5122 οῗ
2736 5069 3000 5140 Ῥωμαῖοι
3054 5068 3309 5140 ἐπόμενοι
3356 5068 3484 5131 τοὺς
3536 5067 3830 5140 καταλαμ-

414 5151 751 5227 ϐανομένους
802 5152 1121 5225 ἀνήλισκον.
1183 5158 1413 5211 ’Έπεσον
1443 5154 1532 5210 οῦν
1572 5154 1802 5229 πολλοὶ,
1833 5157 1921 5211 καὶ
1954 5156 2179 5219 πλείους
2210 5155 2476 5215 ἒάλωςαν.
2504 5159 2661 5215 ’Ὀσοι
2694 5154 2751 5212 δὲ
2799 5154 3081 5233 διαδρᾶναι
3128 5158 3218 5211 τὸν
3269 5153 3517 5211 κίνδυνον
3574 5154 3830 5233 ἴσχυσαν,

425 5241 500 5305 εἷς
528 5243 590 5299 τὸ
622 5244 959 5320 ΔορόστοΛον
992 5241 1372 5312 διασώζονται.

2246 5371 2309 5427 Ὁ
2359 5368 2416 5425 δὲ
2468 5369 2721 5445 βασιλεὺς
2771 5368 2839 5425 τὰ
2886 5368 3124 5425 ἐπινικία
3170 5371 3331 5432 θύσας
3390 5390 3472 5441 τῳ
3518 5367 3832 5443 καλλινίκῳ

2179 5460 2408 5535 μάρτυρι
2470 5459 2725 5535 Γεωργίῳ
2799 5460 2888 5531 (ἦν
2942 5460 3047 5534 γὰρ
3116 5460 3252 5513 κατὰ
3305 5459 3402 5526 τήν
3465 5456 3672 5532 ἡμέραν
3731 5464 3837 5528 τῆς

481 5375 804 5442 Imperator
834 5372 906 5427 ob
930 5371 1293 5443 impetratam
1328 5370 1631 5427 victoriam
1665 5374 1952 5429 sacrificio
1979 5390 2066 5430 ve-

410 5464 649 5515 neratus
698 5460 1021 5533 gloriosum
1075 5464 1387 5531 martyrem
1436 5461 1745 5532 Georgium
1780 5462 1938 5536 (nam
1970 5463 2065 5520 die

410 5548 590 5619 hujus
622 5549 915 5605 memoriae
966 5554 1308 5605 consecrato
1339 5565 1473 5604 cum
1523 5549 1691 5607 hoste
1721 5554 2063 5609 conﬂictum

408 5638 831 5710 fuit)postridie
863 5640 936 5695 ad
977 5638 1343 5695 Dorostolum
1389 5638 1574 5711 ducit,
1609 5641 1809 5714 ibique
1852 5642 2062 5699 castris

415 5727 795 5787 communitis
825 5727 1071 5788 classem
1094 5728 1414 5786 Romanam
1446 5729 1742 5803 operitur:
1766 5747 1903 5789 nam
1927 5735 2063 5790 ante

2171 5547 2333 5603 αὐτοῦ
2372 5549 2596 5622 μνήμης
2647 5547 2907 5625 συρράξας
2953 5552 3069 5610 τοῖς
3121 5545 3435 5620 πολεμίοις)
3479 5550 3547 5621 τῇ
3591 5546 3822 5623 ἐπιούσῃ

2171 5637 2261 5693 καὶ
2300 5636 2462 5699 αὐτὸς
2488 5641 2590 5703 τῆς
2621 5638 2756 5711 πρὸς
2806 5636 2869 5692 τὸ
2919 5634 3257 5709 Δορόστολον
3308 5634 3508 5710 ⁴ἥψατο,
3561 5634 3733 5692 ἐκιῖσέ
3771 5656 3835 5692 τι

2170 5726 2467 5805 γενόμενος
2514 5723 2935 5804 στρατοπεδείαν
2965 5724 3224 5798 ἐπιήξατο
3273 5724 3503 5803 ὀχυράν.
3536 5725 3614 5785 Οὐ
3667 5724 3837 5801 μέντο
