4036 6330
178 379 301 440 133

1329 379 1877 444 HISTORIARUM
1923 382 2468 453 COMPENDIUM.

3486 414 3602 474 £34

172 531 238 585 τε
265 509 361 565 καὶ
389 508 722 588 πολιορκίας
753 511 951 587 ἥψατο,
983 509 1177 618 δεδιιές
1223 514 1298 586 μή
1351 533 1468 618 πως
1517 511 1830 618 ἆιρυλάκτρυ

1947 514 2129 589 hujus
2160 521 2479 580 adventum
2523 531 3023 602 oppugnationem
3071 539 3309 611 aggredi
3340 541 3599 617 nolebat,

173 604 276 654 τοῦ
303 605 566 673 ποταμοῦ
590 602 958 676 τυγχάνοντος
988 598 1289 677 ἀποδρᾶσαι
1341 603 1476 675 μετὰ
1520 605 1628 658 τῶν
1684 607 1828 674 νηῶν

172 687 459 759 δυνηθεῖεν
515 691 566 744 οἱ
615 692 784 752 Ῥώς·
844 690 1206 764 αὐλισάμενος
1268 690 1325 748 δὲ
1380 695 1682 768 προσέμενε
1736 693 1829 748 τὸν

167 779 490 851 Ῥωμαϊκὸν
521 777 742 836 στόλον.
777 781 862 835 Ἐν
907 785 986 853 τῷ
1018 780 1214 854 μεταξὺ
1263 778 1320 836 δὲ
1367 783 1396 836 ὁ
1449 779 1830 860 Σφενδοσθλά-

170 863 270 930 6ος
301 866 397 929 οὓς
428 875 652 943 κατεῖχε
685 869 914 944 ζωγρίας
944 869 1312 946 Βουλγάρους,
1347 871 1485 948 ἀμφὶ
1536 872 1632 933 τὰς
1665 872 1710 926 κ’
1741 891 1833 946 χι-

169 955 370 1019 λιάδας
460 958 944 1033 ἀριθμουμένους,
1006 957 1392 1036 σιδηροπέδαις
1465 961 1556 1014 καὶ
1639 957 1834 1022 ἄλλοις

168 1045 401 1120 δεσμοῖς
432 1047 797 1126 ἠσφαλίσατο,
827 1049 1180 1104 έπανάστασιν
1233 1045 1518 1126 φοϐηθεὶς,
1549 1050 1636 1104 καὶ
1691 1049 1830 1125 πρὸς

171 1134 471 1212 ὑποδοχήν
519 1138 875 1213 ηὐτρεπίζετο
921 1146 1020 1209 τῆς
1068 1138 1410 1216 πολιορκίας.
1445 1137 1587 1210 Ἤδη
1643 1136 1700 1194 δὲ
1742 1139 1833 1194 καὶ

167 1240 268 1289 τοῦ
333 1233 537 1290 στόλου
595 1231 997 1300 καταλαϐόντος
1049 1237 1320 1313 ἐπεχείρει
1379 1241 1448 1311 τῇ
1492 1236 1836 1312 τειχομαχίᾳ

171 1325 198 1378 ὁ
263 1323 552 1398 βασιλεὺς,
607 1327 691 1398 [Ρ.
740 1328 868 1400 676]
922 1326 1012 1381 καὶ
1068 1325 1342 1391 πολλάκις
1398 1322 1833 1401 έπεκδραμόντας

169 1414 309 1474 τοὺς
353 1413 566 1476 Σκύθας
619 1413 901 1489 ἐτρέψατο.
935 1420 1047 1487 Μιᾷ
1107 1414 1165 1471 δὲ
1219 1421 1326 1470 τῶν
1367 1419 1590 1492 ἡμερῶν
1641 1414 1836 1470 σκεδα-

171 1508 352 1566 σθεῖσι
399 1508 517 1565 τοῖς
556 1504 854 1577 Ῥωμαίοις
903 1503 982 1568 εἲς
1020 1503 1237 1581 ἄριστον
1286 1507 1408 1582 περὶ
1451 1503 1640 1576 δείλην
1672 1504 1832 1579 ὀψίαν

170 1594 223 1646 οἱ
285 1587 580 1668 βάρϐαροι,
621 1592 702 1656 εἴς
749 1592 844 1648 δύο
895 1591 1251 1671 διαιρεθέντες
1309 1593 1470 1670 μέρη,
1518 1595 1702 1656 ἱππεῖς
1744 1592 1834 1649 καὶ

166 1682 332 1752 πεζοὶ
364 1681 426 1736 ἐκ
456 1679 706 1737 πυλίδων
743 1680 842 1738 δύο
872 1691 972 1754 τῆς
1005 1682 1244 1753 πόλεως,
1275 1691 1377 1755 τῆς
1423 1705 1481 1739 τε
1524 1685 1660 1740 κατᾶ
1708 1684 1834 1738 ἀνα-

164 1770 362 1841 τολὰς,
397 1771 462 1839 ἣν
493 1776 747 1849 φρουρεῖν
780 1770 1029 1828 έτέτακτο
1061 1773 1262 1849 Πέτρος
1291 1773 1320 1827 ὁ
1351 1770 1836 1849 στρατοπεδάρχης

170 1858 313 1932 μετᾶ
358 1865 582 1934 Θρᾳκῶν
629 1861 721 1916 καὶ
765 1860 1120 1931 Μακεδόνων,
1171 1863 1266 1918 καῖ
1312 1870 1413 1932 τῆς
1460 1864 1598 1935 πρὸς
1657 1859 1831 1933 δύσιν,

169 1950 314 2004 ὅπου
363 1946 576 2023 Βάρδας
623 1951 652 2004 ὁ
703 1949 958 2028 Σκληρὸς
1007 1953 1139 2025 μετᾶ
1167 1957 1274 2007 τῶν
1308 1953 1494 2025 Έῲων
1549 1950 1830 2024 δυνάμεων

171 2040 274 2108 τήν
347 2037 597 2114 φυλακὴν
655 2037 1041 2116 ἐπετέτραπτο,
1095 2040 1322 2112 έξῆλθον
1381 2042 1841 2118 παραταξάμενοι,

179 2138 301 2190 δότε
360 2139 581 2211 πρῶτον
636 2138 882 2214 φανέντες
937 2135 1185 2216 ἔφιπποι·
1218 2139 1318 2201 τὰς
1366 2140 1468 2214 γὰρ
1516 2158 1841 2214 προηγησα-

178 2225 345 2294 μένας
388 2224 574 2299 μάχας
619 2227 772 2294 πεζοὶ
823 2223 1240 2301 διηγωνίσαντο.
1274 2227 1377 2290 Οὓς
1439 2229 1732 2303 εὐρώστως
1787 2229 1841 2282 οἱ

173 2315 448 2386 Ῥωμαῖοι
499 2312 781 2386 δεξάμενοι
849 2314 1096 2388 έκθύμως
1147 2315 1459 2392 έμάχοντο·
1520 2317 1611 2371 καὶ
1669 2316 1839 2392 μέχρι

174 2400 396 2458 πολλοῦ
431 2401 786 2466 ίσοτάλαντος
816 2405 878 2472 ἦν
915 2406 942 2458 ὁ
973 2405 1144 2480 ἀγών.
1179 2406 1356 2471 Τέλος
1397 2403 1454 2461 δὶ
1499 2410 1568 2480 τῇ
1613 2408 1838 2484 σφετέρᾳ

175 2491 341 2566 ἀρετῇ
391 2493 658 2564 Ῥωμαῖοι
701 2493 957 2568 τρέπουσι
1001 2493 1131 2558 τοὺς
1191 2490 1496 2570 βαρϐάρους
1555 2496 1644 2549 καὶ
1697 2495 1834 2568 πρὸς

173 2584 363 2652 τεῖχος
395 2576 772 2654 συγκλείουσι,
804 2577 1036 2635 πολλῶν
1075 2582 1170 2636 κάν
1201 2587 1280 2654 τῷ
1329 2582 1500 2658 ἀγῶνι
1539 2581 1683 2655 τῷδε
1737 2604 1832 2637 πε-

174 2668 403 2739 σόντων,
435 2669 529 2722 καὶ
590 2667 802 2741 μᾶλλον
856 2670 1092 2741 ἱππέων,
1128 2669 1361 2744 μηδενὸς
1424 2670 1481 2726 δὲ
1536 2677 1646 2727 τῶν
1700 2674 1834 2727 Ῥω-

176 2755 352 2827 μαίων
384 2760 898 2832 τραυματισθέντος,
931 2758 1058 2816 ἀλλ’
1093 2762 1128 2832 ἢ
1173 2763 1351 2834 μόνων
1397 2760 1586 2817 ’ίππων
1635 2762 1829 2816 πεσόν-

172 2866 282 2899 των
337 2850 535 2921 τριῶν.
575 2848 732 2902 Οὕτω
790 2845 846 2903 δὲ
905 2851 1250 2922 θραυσθέντες
1311 2853 1364 2906 οἱ
1427 2845 1691 2928 βάρϐαροι
1738 2851 1830 2906 καὶ

175 2934 301 2989 εἴσω
359 2937 586 3011 τείχους
639 2936 1014 3003 συνελαθέντες
1067 2940 1258 3002 νυκτὸς
1302 2940 1694 3015 έπιγενομένης
1744 2937 1829 2995 δι-

175 3026 523 3100 ενυκτέρευον
552 3023 837 3103 ἄγρυπνοι,
868 3029 957 3084 καὶ
987 3028 1114 3092 τοὺς
1147 3029 1197 3085 έν
1225 3034 1294 3105 τῇ
1353 3031 1508 3107 μάχῃ
1568 3029 1831 3094 πεσόντας

176 3115 610 3192 ἀπωλοφύροντο
682 3117 894 3193 ἀγρίοις
969 3120 1058 3174 καὶ
1145 3117 1465 3197 φρικώδεσιν
1527 3119 1824 3196 ὀδυρμοῖς,

176 3203 249 3267 ὡς
287 3201 472 3259 δοκεῖν
503 3204 633 3267 τοὺς
665 3205 962 3271 ἀκούοντας
1018 3208 1224 3285 θηρίων
1277 3209 1406 3264 εἶναι
1460 3210 1824 3287 βρυχηθμοὺς

1943 622 2016 661 ne
2044 623 2216 665 amne
2268 614 2546 670 custodia
2591 633 2774 674 vacuo
2805 623 3052 680 navibus
3101 628 3356 700 effugere
3395 632 3615 692 Rossisv

1943 693 2165 754 liceret.
2217 701 2452 758 Interim
2504 704 3056 776 Sphendosthlabus
3104 693 3389 789 Bulgaros
3445 739 3597 794 quos

1942 786 2202 858 captivos
2233 788 2508 861 habebat,
2557 796 2630 850 ad
2658 796 2730 850 20
2769 798 2956 856 millia
2997 786 3336 864 numeratos
3364 786 3598 884 compe-

1943 874 2116 931 dibus
2147 894 2213 932 ac
2241 879 2494 938 vinculis
2542 887 2916 960 constringit,
2951 897 3220 950 metuens
3267 914 3337 953 ne
3365 899 3405 954 ii
3437 903 3599 958 sedi-

1942 963 2163 1021 tionem
2195 969 2650 1040 concitarent,et
2675 991 2736 1030 se
2754 977 2824 1032 ad
2845 977 3206 1040 tolerandam
3229 986 3598 1050 obsidionem

1942 1058 2129 1123 parat.
2157 1057 2482 1127 Imperator
2501 1062 2599 1116 ubi
2635 1062 2843 1122 classis
2874 1071 3123 1139 appulit,
3143 1090 3483 1148 oppugnare
3505 1097 3601 1138 ur-

1941 1140 2075 1196 bem
2125 1143 2356 1218 incipit,
2391 1152 2449 1204 et
2497 1167 2652 1224 saepe
2702 1162 3080 1228 erumpentes
3129 1140 3272 1220 urbe
3303 1140 3600 1228 "barbaros

1943 1231 2237 1303 proﬂigat.
2269 1235 2533 1299 Quadam
2584 1241 2680 1298 die
2725 1243 2838 1298 sub
2866 1261 3168 1318 vesperam
3215 1252 3496 1314 Romanis
3526 1262 3600 1317 ad

1943 1334 2170 1376 coenam
2199 1324 2529 1398 dissipatis,
2563 1330 2798 1387 barbari
2819 1333 3100 1406 bipartito
3122 1341 3355 1412 agmine
3375 1347 3604 1418 equites

1942 1420 2000 1471 et
2030 1419 2258 1489 pedites
2289 1426 2440 1491 (tum
2465 1427 2724 1498 primum
2758 1430 2798 1486 ii
2825 1433 3056 1505 equites
3085 1437 3192 1494 visi
3221 1446 3382 1511 sunt,
3405 1443 3606 1503 hacte-

1944 1521 2057 1562 nus
2089 1510 2316 1580 pedites
2363 1517 2596 1572 tautum
2629 1525 3058 1597 pugnaverant)
3089 1528 3318 1586 duabus
3348 1510 3411 1588 se
3443 1535 3606 1594 urbis

1944 1596 2131 1667 portis
2179 1601 2516 1675 effundunt,
2570 1623 2822 1679 quarum
2871 1628 2992 1669 una
3039 1596 3246 1675 versus
3295 1620 3602 1699 orientem,

1945 1701 2124 1756 quam
2155 1692 2456 1750 custodire
2480 1695 2690 1766 jussus
2715 1703 2842 1755 erat
2864 1701 3072 1761 Petrus
3100 1713 3426 1767 castrorum
3459 1731 3606 1784 prae-

1944 1773 2137 1832 fectus
2163 1793 2297 1836 cum
2317 1781 2642 1842 Thracibus
2672 1791 2730 1843 et
2755 1791 3170 1852 Macedonibus
3196 1813 3209 1864 ;
3242 1800 3391 1856 ωε
3419 1773 3605 1862 altera

1951 1865 2357 1937 occidentalis,
2379 1873 2451 1928 ad
2475 1890 2649 1944 quam
2672 1876 2731 1933 in
2747 1880 3007 1938 excubiis
3029 1882 3255 1942 locatus
3277 1895 3403 1945 erat
3421 1892 3608 1952 Barda

1939 1953 2175 2012 Sclerus
2198 1973 2332 2014 cum
2360 1961 2768 2023 Orientalibus
2787 1970 2993 2042 copiis.
3017 1973 3243 2031 Acriter
3258 1978 3604 2041 dimicatum

1955 2046 2063 2110 est,
2099 2045 2382 2105 Romanis
2401 2050 2626 2109 fortiter
2645 2071 2745 2112 eos
2776 2059 3260 2121 subsistentibus.
3285 2068 3354 2122 Et
3375 2072 3606 2130 tametsi

1952 2131 2298 2203 aliquandiu
2344 2139 2524 2196 dubia
2571 2146 2734 2200 stetit
2761 2147 3026 2217 victoria,
3060 2156 3256 2210 tamen
3307 2158 3378 2212 ad
3411 2165 3605 2218 extre-

1952 2236 2116 2277 mum
2149 2224 2399 2283 Romani
2432 2247 2542 2287 sua
2569 2232 2784 2291 virtute
2813 2235 3094 2296 barbaros
3138 2243 3410 2318 fundunt,
3444 2249 3598 2306 mul-

1945 2310 2145 2382 tisque
2175 2316 2382 2373 occisis
2432 2322 2686 2378 maxime
2727 2326 2799 2381 de
2846 2330 3131 2399 equitatu,
3163 2331 3223 2388 in
3264 2337 3469 2394 urbem
3503 2355 3596 2396 re-

1945 2395 2140 2470 liquos
2153 2405 2535 2478 compellunt.
2563 2411 2958 2472 Romanorum
2975 2420 3273 2478 sauciatus
3288 2429 3378 2480 est
3398 2443 3597 2497 nemo,

1947 2503 2134 2560 neque
2165 2492 2279 2548 nisi
2326 2500 2446 2552 tres
2476 2500 2610 2570 equi
2662 2503 2988 2575 quidquam
3021 2509 3212 2578 periit.
3265 2512 3383 2570 Hoc
3409 2492 3597 2588 'pacto

1944 2577 2113 2633 fracti
2144 2580 2376 2639 barbari
2419 2591 2475 2641 et
2504 2587 2658 2644 intra
2692 2608 2893 2649 muros
2937 2577 3122 2652 coacti
3155 2605 3384 2659 noctem
3417 2603 3591 2662 istam

1943 2665 2274 2727 insomnem
2287 2682 2690 2748 exegerunt,et
2705 2696 2804 2737 eos
2826 2683 2923 2754 qui
2948 2683 3007 2739 in
3033 2703 3229 2759 pugna
3242 2693 3596 2767 ceciderant,

1941 2755 2081 2812 feris
2130 2763 2301 2831 atque
2344 2765 2706 2824 terribilibus
2757 2755 3077 2841 ejulatibus
3116 2755 3592 2856 deploraverunt,

1941 2847 2006 2899 ut
2057 2847 2396 2923 quicunque
2444 2856 2736 2925 audirent,
2784 2877 2902 2916 non
2951 2847 3258 2923 hominum
3309 2868 3591 2943 lamenta,

1939 2935 2040 2989 sed
2067 2936 2318 2995 ferarum
2343 2944 2573 3015 rugitus
2597 2949 2653 3000 et
2673 2949 2939 3020 mugitus
2953 2957 3257 3023 putaretse
3269 2935 3588 3033 percipere;

1938 3032 2060 3088 Sub
2087 3052 2356 3095 auroram
2377 3057 2579 3099 omnes
2597 3045 2697 3116 qui
2726 3046 2862 3104 hinc
2890 3048 3028 3106 inde
3057 3069 3156 3124 per
3184 3057 3592 3131 castellapras-

1937 3122 2071 3179 sidii
2112 3142 2287 3183 causa
2317 3136 2502 3200 erant,
2537 3134 2607 3188 ad
2640 3151 2702 3191 se
2732 3122 3104 3197 Dorostolum
3136 3151 3398 3215 evocant,
3432 3148 3591 3221 iique

1941 3217 2150 3282 praesto
2173 3215 2428 3274 fuerunt.
2450 3220 2772 3294 Imperator
2794 3241 3025 3300 quoque
3054 3233 3246 3288 totum
3269 3215 3587 3296 exercitum

173 3293 261 3347 καὶ
294 3295 542 3371 ὠρυγὰς,
575 3293 701 3352 ἀλλ’
734 3295 794 3351 οὗ
827 3300 1062 3374 θρήνους
1093 3282 1398 3373 ’ἀνθρώπων
1432 3282 1520 3355 καὶ
1553 3282 1824 3375 οίμωγάς.

1941 3299 1999 3356 in
2033 3317 2304 3376 campum
2331 3309 2428 3379 qui
2451 3282 2703 3369 astante
2725 3282 3184 3390 urbemad—urit;
3217 3326 3274 3377 et
3305 3323 3588 3385 barbaros

172 3391 409 3469 Ἡμέρας
471 3389 532 3448 δὲ
584 3391 704 3470 άρτι
764 3391 1109 3471 διαγελώσης
1184 3397 1380 3460 πάντας
1432 3396 1560 3460 τοὺς
1611 3395 1662 3452 ἔν
1717 3418 1829 3452 τισι

178 3481 465 3558 ορουρίοις
495 3481 572 3544 εἷς
605 3482 854 3561 φυλακὴν
881 3483 1310 3561 ἐσκεδασμένους
1369 3487 1731 3543 ἀνεκαλοῦντο
1780 3487 1834 3553 ές

175 3571 238 3624 τὸ
267 3569 644 3648 Δορόστολον,
666 3575 753 3628 καὶ
785 3573 999 3649 ταχέως
1053 3577 1186 3644 ἧκον
1242 3574 1690 3648 μετακληθέντες.
1724 3577 1830 3634 Καὶ

180 3661 208 3714 δ
235 3659 502 3734 βασιλεὺς
533 3659 590 3716 δὶ
620 3661 932 3737 ἀνειληφὼς
962 3661 1099 3736 ὅλην
1122 3666 1222 3735 τὴν
1255 3662 1480 3739 δύναμιν
1531 3665 1697 3736 ἦλθεν
1752 3666 1828 3729 είς

175 3748 238 3802 τὸ
269 3750 379 3825 πρό
408 3757 512 3818 τῆς
541 3750 760 3814 πόλεως
787 3749 995 3825 πεδίον,
1027 3755 1118 3808 καὶ
1149 3756 1285 3831 πρὸς
1317 3753 1560 3828 πόλεμον
1611 3755 1830 3830 ἠρέθιζε

176 3837 298 3898 τους
335 3834 670 3914 βαρϐάρους.
702 3841 856 3897 Ἐπεὶ
898 3839 954 3897 δὶ
987 3845 1062 3916 μὴ
1113 3841 1353 3917 ἐξῄεσαν,
1386 3843 1460 3905 εἷς
1506 3845 1568 3898 τὸ
1603 3843 1827 3916 στρατό-

179 3924 338 3980 πεδον
377 3929 721 4004 ὑποστρέψας
747 3930 980 4006 ἡσυχίαν
1007 3932 1134 4006 ἦγε.
1166 3934 1262 3987 Καὶ
1313 3932 1629 4009 προσῆλθον
1675 3934 1828 4005 αύτῷ

177 4011 430 4090 πρέσϐεις
462 4015 524 4070 έκ
553 4020 950 4082 Κωνσταντείας
998 4021 1088 4076 καὶ
1138 4025 1242 4076 τῶν
1303 4019 1488 4077 ἄλλων
1552 4021 1822 4100 φρουρίων

175 4108 279 4158 τῶν
313 4103 485 4179 πέραν
533 4103 837 4181 ἱδρυμένων
892 4113 990 4164 τοῦ
1020 4110 1254 4182 Ἴστρου,
1285 4109 1584 4184 ἀμνηστίαν
1642 4115 1823 4166 κακῶν

179 4193 496 4267 αἶτούμενοι
525 4196 616 4250 καὶ
665 4197 888 4260 ἑαυτοὺς
932 4196 1324 4275 ἐγχειρίζοντες
1374 4199 1466 4255 σὺν
1507 4206 1627 4264 τοῖς
1689 4201 1824 4276 ὀχυ-

177 4285 459 4357 ρώμασιν*
523 4284 616 4347 οὓς
672 4292 964 4362 προσηνῶς
1014 4286 1302 4362 δεξάμενος
1363 4289 1644 4346 ἀπέστειλε
1698 4290 1825 4354 τοὺς

176 4372 680 4448 παραληψομένους
704 4376 770 4430 τά
801 4376 1034 4454 φρούρια
1061 4378 1151 4432 καὶ
1178 4380 1428 4454 στρατιὰν
1489 4379 1820 4456 ἀποχρῶσαν

178 4461 252 4524 εἷς
306 4463 411 4530 τὴν
475 4461 649 4518 αὐτῶν
709 4463 984 4542 φυλακήν.
1015 4465 1154 4538 ’Πδη
1189 4465 1246 4522 δὲ
1298 4467 1524 4545 ἑσπέρας
1583 4470 1822 4525 καταλα-

1941 3403 2078 3446 cum
2107 3392 2327 3451 frustra
2356 3397 2424 3452 ad
2457 3414 2716 3472 pugnam
2762 3412 3153 3475 provocasset,
3185 3409 3244 3465 in
3276 3416 3467 3470 castra
3498 3431 3588 3473 re-

1942 3479 2127 3548 duxit,
2162 3498 2228 3538 ac
2255 3484 2496 3555 quievit.
2529 3488 2608 3544 Ea
2637 3490 2730 3546 die
2759 3493 2831 3548 ad
2854 3493 3051 3566 ipsum
3082 3499 3327 3557 veniunt
3355 3501 3531 3576 legati
3554 3523 3589 3563 α

1941 3566 2298 3641 Constantia,
2330 3578 2389 3630 et
2419 3575 2550 3631 aliis
2578 3581 2742 3635 trans
2773 3582 2985 3640 Istrum
3018 3585 3145 3643 sitis
3177 3566 3457 3664 castellis,
3486 3611 3586 3651 ve-

1939 3656 2098 3712 niam
2129 3665 2395 3730 petentes
2424 3671 2477 3719 et
2507 3682 2569 3721 se
2600 3683 2666 3722 ac
2719 3671 3080 3730 munitiones
3111 3676 3410 3736 dedentes.
3441 3656 3586 3746 Qui-

1936 3744 2050 3801 bus
2089 3747 2339 3820 benigne
2369 3755 2624 3826 acceptis
2657 3756 2839 3813 mittit
2879 3761 2979 3833 qui
3011 3765 3250 3822 castella
3279 3744 3584 3842 recipiant,

1937 3836 2232 3909 simulque
2284 3843 2580 3912 praesidia,
2612 3847 2828 3918 quibus
2879 3867 2947 3907 ea
2994 3857 3279 3912 asservari
3324 3859 3580 3930 quirent.

1936 3925 2185 3999 Vespere
2207 3930 2329 4000 jam
2362 3932 2512 3988 facto
2556 3935 2719 3991 Rossi
2751 3939 2905 3996 402
2949 3943 3225 4001 omnibus
3254 3925 3418 4005 urbis
3446 3965 3579 4022 por-

1933 4015 2011 4071 tis
2042 4019 2278 4088 apertis,
2324 4038 2568 4078 numero
2617 4025 2938 4086 admodum
2971 4033 3149 4099 aucti,
3181 4033 3241 4090 in
3284 4039 3579 4098 Romanos

1934 4106 2007 4161 ob
2037 4111 2267 4163 noctem
2287 4110 2430 4166 nihil
2451 4112 2562 4169 tale
2579 4116 2948 4188 suspicantes
2972 4120 3228 4179 irruunt.
3254 4129 3318 4182 Et
3339 4128 3575 4200 quidem

1934 4196 2124 4268 primo
2157 4199 2429 4258 conﬂictu
2477 4203 2726 4263 victores
2771 4209 3141 4283 videbantur,
3172 4196 3458 4286 paulatim
3490 4223 3578 4276 ta-

1935 4301 2069 4341 men
2101 4287 2349 4345 Romani
2379 4294 2712 4365 superiores
2739 4303 2879 4354 sunt
2909 4301 3069 4357 facti.
3102 4302 3249 4360 Nam
3273 4307 3374 4363 ubi
3404 4308 3591 4381 Spha-

1933 4375 2121 4448 gellus
2148 4377 2466 4437 fortissime
2496 4400 2769 4458 pugnans
2793 4389 3025 4458 cecidit,
3051 4408 3117 4448 eo
3149 4395 3370 4452 amisso
3404 4398 3590 4455 animi

1933 4465 2309 4524 barbarorum
2336 4469 2613 4543 languere
2644 4483 2947 4549 cmperunt
2967 4485 3025 4536 et
3053 4482 3284 4541 remisit
3309 4485 3594 4560 impetus.

177 4547 382 4623 Βούτης
411 4554 510 4616 τάς
535 4556 706 4618 πάσας
737 4555 914 4621 πύλας
969 4565 1070 4628 τῆς
1126 4558 1342 4622 πόλεως
1399 4561 1821 4624 ἀναπετάσαντες

1941 4554 2037 4610 Per
2069 4560 2251 4614 totam
2307 4563 2507 4617 tamen
2562 4547 2792 4623 noctem
2841 4570 3202 4641 subsistunt,
3233 4547 3418 4646 atque
3451 4579 3596 4636 adeo

177 4644 231 4694 οἱ
288 4642 452 4715 Ῥὼς,
485 4643 682 4717 πολλῷ
727 4650 834 4700 τῶν
887 4649 1164 4724 προτέρων
1209 4648 1459 4712 πλείονες
1509 4648 1676 4720 ὄντες,
1722 4650 1830 4706 ἐπι-

1953 4648 2023 4704 ad
2051 4649 2355 4705 meridiem
2379 4669 2568 4724 usque
2592 4671 2605 4710 :
2641 4659 2765 4712 tum
2793 4659 3029 4717 demum
3062 4663 3596 4725 animadvertentes

178 4731 439 4786 πίπτουσι
467 4738 585 4796 τοῖς
612 4735 909 4808 Ῥωμαίοις
958 4735 1295 4802 ἀνελπίστως
1355 4737 1444 4794 διὰ
1499 4741 1598 4808 τὴν
1659 4740 1827 4796 νύκτα

179 4817 446 4897 διάγουσιο
479 4823 568 4876 καὶ
594 4823 728 4878 κατά
759 4825 854 4897 μὶν
882 4827 980 4895 τὴν
1021 4829 1245 4899 πρώτην
1299 4825 1585 4902 συμϐολὴν
1643 4824 1826 4902 ἔδοξαν

177 4917 538 4984 προτερῆσαι,
603 4915 735 4986 μετά
810 4917 1000 4988 μικρὸν
1063 4913 1120 4971 δὲ
1178 4917 1478 4994 ὑπερέσχον
1536 4921 1825 4993 Ῥωμαῖοι.

175 5011 261 5075 Ὠς
292 5013 399 5086 γάρ
432 5007 627 5083 συνέϐη
659 5019 840 5068 πεσεῖν
871 5015 961 5069 τὸν
1021 5015 1339 5092 Σφάγελλον
1386 5021 1642 5092 ἡρωϊκῶς
1676 5019 1827 5094 ἀγω-

175 5101 491 5173 νιζόμενον,
551 5099 924 5178 συνεχύθησαν
978 5107 1047 5178 τῇ
1103 5109 1200 5159 τοῦ
1252 5108 1510 5169 πεσόντος
1580 5109 1829 5182 στερήσει

175 5189 390 5250 καὶτὰς
448 5191 622 5266 ὁρμὰς
670 5190 1082 5268 έχαυνώθησαν.
1114 5196 1311 5268 ’Ὀμώς
1366 5194 1644 5252 ἆνένδοτοι
1701 5198 1830 5272 παρ’

177 5278 314 5349 ὅλην
350 5281 449 5347 τὴν
483 5279 646 5335 νύκτα
691 5279 962 5354 διέμειναν
1007 5283 1098 5338 καὶ
1152 5285 1250 5354 τὴν
1305 5284 1557 5341 ἐπιοῦσαν
1617 5287 1828 5362 ἡμέραν

180 5368 350 5442 μέχρι
386 5373 654 5444 σταθηρᾶς
692 5366 1056 5446 μεσημϐρίας.
1089 5373 1218 5429 Τότε
1275 5371 1340 5443 δὴ
1401 5379 1498 5430 τοῦ
1560 5374 1832 5452 βασιλέως

180 5452 410 5528 δύναμιν
441 5459 795 5536 πεπομφότος
829 5459 909 5538 ἐφ’
942 5462 988 5533 ᾧ
1034 5467 1152 5525 τοῖς
1215 5459 1510 5539 βαρϐάροις
1570 5463 1831 5521 ἀποκλεῖ-

179 5564 264 5599 σαι
295 5546 397 5614 τήν
425 5545 504 5609 εἰς
533 5548 633 5616 τὴν
678 5547 842 5604 πόλιν
883 5547 1116 5620 εἴσοδον,
1148 5552 1362 5628 γνόντες
1409 5555 1460 5610 ot
1492 5556 1626 5618 Ῥὼς
1680 5552 1831 5611 ἔκλι-

179 5655 268 5688 ναν
303 5634 381 5696 εἰς
401 5637 600 5713 φυγὴν,
628 5638 842 5701 καὶτὰς
869 5639 1008 5716 πρὸς
1053 5642 1155 5711 τήν
1201 5640 1363 5697 πόλιν
1417 5641 1661 5707 εἰσόδους
1709 5643 1831 5700 ἐπι-

177 5725 590 5801 τετειχισμένας
623 5725 866 5802 εὑρόντες
911 5723 1136 5808 ἔφευγον
1199 5727 1290 5787 διὰ
1337 5735 1436 5788 τοῦ
1490 5730 1684 5789 πεδίου
1737 5733 1828 5791 καὶ

1936 4739 2008 4794 ab
2040 4737 2391 4810 imperatore
2436 4743 2681 4800 missam
2715 4763 2844 4803 esse
2893 4751 3178 4807 exercitus
3207 4759 3432 4825 partem
3466 4773 3596 4828 qua

1940 4828 2156 4883 Rossos
2204 4829 2365 4884 aditu
2409 4830 2467 4885 in
2521 4834 2724 4890 urbem
2756 4835 3116 4910 excluderet,
3152 4841 3300 4913 fugae
3334 4858 3397 4899 se
3429 4845 3592 4919 dant,

1939 4940 2190 4995 cumque
2219 4927 2344 4983 vias
2388 4928 2447 4984 in
2479 4931 2685 4988 urbem
2719 4936 3000 4992 ducentes
3033 4937 3364 4996 invenirent
3395 4942 3596 5002 obses-

1940 5033 2059 5081 sas,
2095 5032 2197 5088 per
2227 5032 2506 5089 campum
2558 5021 2692 5092 fuga
2725 5023 2998 5096 dispersi,
3034 5027 3106 5082 ab
3141 5028 3596 5102 insequentibus

1940 5105 2112 5161 multi
2144 5107 2510 5164 occiduntur.
2561 5109 2637 5166 Ea
2686 5129 2811 5183 quae
2856 5115 3178 5173 subsecuta
3207 5119 3473 5190 proxime
3502 5124 3595 5178 est

1940 5211 2072 5260 nox,
2103 5194 2652 5266 Sphendosthlabus
2685 5200 2848 5257 urbis
2881 5219 3083 5261 muros
3119 5206 3272 5262 fossa
3302 5209 3596 5281 profunda

1941 5284 2450 5351 circumdabat,ne
2480 5287 2647 5344 facile
2665 5289 2913 5346 Romani
2939 5309 3073 5349 cum
3106 5294 3330 5368 impetu
3354 5303 3598 5370 possent

1940 5389 2040 5428 eos
2070 5378 2475 5446 oppugnatum
2526 5377 2843 5449 accedere;
2887 5385 3063 5454 atque
3093 5383 3201 5439 hoc
3246 5387 3419 5442 modo
3451 5387 3596 5444 urbe

1941 5463 2307 5518 communita
2337 5463 2544 5520 statuit
2567 5465 2932 5525 obsidionem
2963 5471 3283 5531 fortissime
3312 5477 3592 5549 perferre.

1941 5559 2090 5622 Quia
2119 5564 2316 5616 autem
2347 5562 2612 5635 plerique
2634 5565 2888 5624 militum
2915 5569 3042 5640 ejus
3074 5571 3148 5628 ob
3177 5573 3426 5632 vulnera
3442 5575 3593 5633 male

1942 5648 2256 5718 habebant,
2277 5655 2335 5706 et
2345 5652 2473 5723 jam
2503 5657 2871 5729 consumptis
2899 5657 3200 5718 alimentis
3219 5667 3467 5737 penuria
3487 5665 3595 5720 im-

1943 5737 2224 5811 minebat,
2245 5755 2379 5797 cum
2397 5741 2704 5816 importari
2733 5744 2972 5806 aliunde
2992 5749 3316 5824 quidquam
3341 5753 3592 5813 Romani
