4050 6326
470 410 585 473 135

466 558 581 600 non
608 538 888 604 sinerent,
921 532 1228 591 observata
1276 529 1444 584 nocte
1474 525 1785 582 tenebrosa
1818 539 1884 579 ac
1912 521 2110 588 illuni,

463 634 523 689 in
543 646 719 704 quam
738 626 957 683 imbres
974 620 1194 693 magni,
1218 617 1439 691 grando
1460 613 1741 704 terribilis
1764 613 2119 704 fulguraque

463 726 521 779 et
548 700 809 777 tonitrua
835 711 1127 769 horrenda
1155 707 1506 773 inciderant,
1537 719 1671 759 cum
1703 702 1935 757 duobus
1964 700 2116 755 viro-

466 827 598 869 rum
630 806 894 863 millibus
941 801 1149 858 lintres
1197 793 1537 853 conscendit
1583 800 1640 847 et
1691 792 1761 847 ad
1805 789 2117 862 querenda

464 898 642 957 victui
672 892 1008 953 necessaria
1052 886 1310 959 navigat.
1361 883 1505 939 Cum
1537 880 1913 953 collegissent
1945 884 2117 949 prout

466 990 718 1064 quisque
732 985 887 1042 408
918 977 1177 1037 nancisci
1212 977 1457 1050 poterat,
1478 973 1858 1038 frumentum,
1884 967 2114 1023 milium

463 1061 521 1137 et
540 1078 687 1136 alias
702 1077 770 1131 ad
786 1074 967 1129 vitam
982 1087 1049 1125 su
1061 1064 1428 1124 stentandam
1454 1061 1732 1117 facientes
1755 1071 2112 1124 res,rursum

463 1170 704 1225 adverso
734 1162 979 1218 ﬂumine
1000 1153 1373 1214 Dorostolum
1404 1150 1720 1206 vehuntur.
1745 1150 1933 1219 Atque
1961 1147 2115 1200 inter

464 1255 1028 1319 revehendum,cum
1055 1247 1117 1301 in
1150 1245 1277 1316 ripa
1300 1238 1563 1297 ﬂuminis
1584 1238 1847 1292 viderent
1879 1236 2111 1290 calones

463 1347 616 1403 haud
674 1358 910 1417 paucos,
965 1351 1217 1410 quorum
1274 1331 1372 1387 alii
1422 1345 1604 1401 equos
1656 1325 1957 1417 potabant,
2008 1322 2111 1378 alii

459 1414 704 1491 herbam
736 1435 836 1487 aut
864 1429 1022 1502 ligna
1042 1422 1412 1495 colligebant,
1433 1416 1677 1473 navibus
1698 1414 1917 1487 egressi
1935 1417 1992 1468 et
2010 1428 2112 1502 per

464 1523 674 1582 silvam
723 1501 946 1591 absque
993 1513 1241 1586 strepitu
1292 1509 1650 1573 incedentes,
1684 1520 1784 1559 eos
1817 1502 1962 1558 nihil
1994 1501 2110 1558 tale

462 1612 784 1685 cogitantes
814 1607 1007 1664 subito
1029 1601 1394 1663 adoriuntur,
1416 1595 1737 1666 multisque
1768 1591 2105 1657 interfectis,

462 1680 721 1773 reliquos
770 1695 1014 1770 palatim
1064 1692 1123 1747 in
1173 1688 1437 1762 proxima
1486 1699 1727 1739 nemora
1774 1698 1836 1737 se
1893 1680 2107 1735 abdere

460 1770 699 1863 cogunt.
733 1786 873 1859 Ipsi,
907 1783 1032 1841 suis
1064 1778 1342 1836 lintribus
1371 1790 1610 1831 rursum
1632 1770 1989 1840 conscensis,
2014 1785 2105 1825 se-

459 1857 650 1936 cundo
673 1857 844 1934 vento
866 1869 1234 1931 Dorostolum
1258 1866 1525 1922 redeunt.
1548 1863 1894 1932 Imperator,
1914 1864 1977 1913 ut
1992 1857 2101 1913 hoc

456 1968 734 2043 percepit,
780 1960 1198 2022 molestissime
1244 1955 1402 2018 tulit,
1444 1956 1502 2008 et
1549 1949 1849 2023 praefectos
1898 1946 2106 2002 classis

459 2036 809 2133 gravissime
839 2051 1115 2125 culpavit,
1138 2046 1292 2120 quod
1313 2037 1920 2111 barbaros‘jDorostolo
1941 2036 2106 2091 avehi

459 2127 574 2205 non
607 2146 951 2209 sensissent,
968 2140 1224 2196 minatus
1245 2134 1419 2190 etiam
1444 2135 1711 2195 mortem,
1736 2127 1781 2183 si
1809 2127 1945 2198 quid
1972 2142 2109 2197 pras-

456 2243 616 2294 tcrea
644 2235 762 2291 tale
806 2232 954 2304 ipsis
1004 2245 1122 2284 non
1156 2220 1603 2281 observantibus
1650 2219 1831 2273 ﬁeret.
1866 2218 1987 2281 Quo
2022 2215 2105 2270 fa-

458 2332 619 2383 ctum
653 2329 716 2379 ut
746 2323 785 2377 ii
816 2327 1128 2389 utramque
1154 2312 1415 2370 ﬂuminis
1438 2311 1623 2381 ripam
1657 2304 2107 2378 diligentissime

459 2415 705 2488 posthac
736 2408 1115 2468 custodirent.
1167 2403 1478 2459 Enimvero
1526 2397 1845 2468 imperator
1872 2410 2003 2448 cum
2036 2393 2107 2447 65

459 2484 769 2561 continuos
810 2499 934 2555 dies
985 2495 1188 2552 urbem
1234 2490 1654 2563 oppugnasset,
1704 2501 1830 2539 eam
1866 2484 2106 2556 posthac

459 2592 767 2650 obsidione
798 2594 855 2645 et
885 2589 1038 2643 fame
1069 2581 1274 2640 statuit
1306 2583 1548 2635 tentare.
1586 2576 1717 2631 Ideo
1747 2574 1870 2628 vias
1902 2587 2107 2628 omnes

460 2680 637 2738 fossis
669 2680 813 2735 actis
842 2681 899 2733 et
930 2672 1220 2749 praesidiis
1251 2667 1468 2725 additis
1499 2663 1712 2730 munit,
1737 2679 1808 2718 ne
1840 2662 1973 2733 quis
2006 2660 2108 2716 ali-

460 2774 794 2827 mentorum
844 2764 1229 2839 petendorum
1278 2774 1454 2814 causa
1496 2754 1649 2810 exire
1696 2752 1837 2807 urbe
1871 2754 2103 2823 posset;

457 2858 696 2931 ipseque
726 2856 787 2910 in
818 2853 1123 2910 obsidione
1153 2847 1389 2904 interim
1422 2844 1539 2900 otio
1571 2841 1803 2897 fruitur.

1811 389 2128 451 GEORGII
2174 386 2515 452 GEDRENI

3754 387 3883 451 136

2227 516 2785 594 καταλαμϐανόμενοι
2840 520 3163 599 ἀνῃροῦντο.
3211 522 3273 580 Ὁ
3328 517 3386 577 δὲ
3440 514 3889 600 Σφενδοσθλάϐος

2225 611 2416 671 νυκτὸς
2446 608 2832 685 ἐπιγενομένης
2863 608 3092 688 διώρυγι
3149 611 3340 687 βαθείᾳ
3395 610 3457 665 τὸ
3514 616 3613 679 τῆς
3664 607 3886 669 πόλεως

2225 698 2561 773 ἐστεφάνωσε
2590 705 2799 775 τεῖχος,
2834 702 2914 774 [Ρ.
2946 703 3077 773 677]
3112 698 3204 755 ἵνα
3274 700 3349 773 μή
3401 699 3641 775 εὐχερῶς
3701 693 3881 773 ἔχοιεν

2226 788 2277 842 οἱ
2309 789 2573 861 Ῥωμαῖοι
2608 791 2726 862 μεθ’
2756 790 2938 865 ὁρμῆς
2967 793 3046 861 τῷ
3073 792 3175 858 τῆς
3224 788 3440 852 πόλεως
3487 787 3657 864 τείχει
3706 806 3881 861 προσ-

2223 874 2499 946 πελάζειν.
2533 878 2636 934 Καὶ
2695 876 2838 932 οὕτω
2895 879 2994 947 τὴν
3052 876 3218 933 πόλιν
3268 874 3707 955 ἀσφαλισάμενος
3738 874 3881 952 ἔγνω

2225 962 2332 1020 δεῖν
2369 966 2713 1043 εὐψυχότατοι
2739 966 2837 1036 τὴν
2889 965 3219 1040 πολιορκίαν
3272 963 3690 1043 προσδὲχεσθαι.
3727 965 3879 1020 Ἐπεὶ

2224 1052 2281 1109 δὶ
2310 1055 2371 1110 τὸ
2401 1053 2567 1110 πλέον
2591 1062 2693 1125 τῆς
2724 1061 2977 1132 στρατιᾶς
3034 1052 3299 1131 διίκειγτο
3359 1059 3540 1117 κακῶς
3600 1054 3706 1110 ἀπὸ
3763 1058 3877 1108 τῶν

2219 1146 2568 1219 τραυμάτων,
2631 1140 3073 1218 συνεπελάμϐανε
3130 1142 3188 1199 δὶ
3242 1144 3331 1200 καὶ
3383 1143 3545 1218 λιμὸς
3597 1141 3705 1213 ἤδη
3763 1146 3876 1197 τῶν

2220 1232 2521 1307 ἀναγκαίων
2573 1233 2984 1305 δαπανηθέντων
3068 1234 3271 1301 αὐτοῖς,
3333 1255 3421 1289 και
3500 1230 3630 1305 μηδ’
3685 1228 3881 1302 ἔξωθεν

2218 1324 2284 1377 τὰ
2314 1323 2448 1398 πρὸς
2505 1323 2691 1399 χρείαν
2750 1327 3170 1399 συνεχωροῦντο
3229 1322 3414 1385 αὐτοῖς
3473 1321 3877 1395 εἰσκομίζεσθαι

2217 1413 2363 1487 παρὰ
2416 1416 2524 1467 τῶν
2582 1412 2890 1487 Ῥωμαίων,
2939 1412 3105 1467 νύκτα
3185 1413 3401 1488 βαθεῖαν
3451 1410 3541 1466 καὶ
3606 1408 3876 1481 ἀσέληνον

2218 1501 2550 1575 ἐπιτηρήσας
2626 1502 2654 1556 6
2740 1496 3209 1579 Σφενδοσθλάϐος,
3261 1502 3384 1564 καθ’
3437 1502 3501 1569 ἦν
3591 1498 3739 1560 ὑετός
3815 1519 3880 1553 τε

2218 1588 2473 1667 ῥαγδαῖος
2514 1589 2565 1660 ἐξ
2616 1588 2846 1662 οὐρανοῦ
2891 1592 3200 1665 κατηνέχθη
3251 1590 3341 1645 καὶ
3392 1586 3609 1664 χάλαζα
3666 1583 3879 1667 φοϐερᾶ

2214 1679 2481 1755 ἐπεῤῥάγη
2514 1679 2602 1733 καὶ
2666 1678 2885 1753 βρονταὶ
2945 1680 3031 1734 καὶ
3094 1679 3357 1755 ἀστραπαὶ
3419 1675 3875 1757 φρικωδέσταται.
3946 1750 3951 1752 _

2218 1767 2544 1842 μονοξύλοις
2717 1762 2889 1841 ἐμϐὰς
2923 1767 3055 1840 μετά
3087 1764 3378 1844 δισχιλίων
3419 1763 3629 1842 ἀνδρῶν
3678 1762 3874 1837 ἔξεισιν

2216 1858 2291 1920 είς
2369 1856 2731 1930 ἐπισιτισμόν.
2796 1854 3201 1929 Συλλεξάμενοι
3261 1853 3318 1912 δέ
3377 1855 3496 1920 ὅθεν
3569 1854 3873 1932 εὐπόρηκεν

2213 1943 2438 2008 ἕκαστος
2495 1951 2642 2001 σῖτον
2700 1944 2789 2001 καὶ
2847 1946 3080 2021 κέγχρον
3129 1944 3217 2001 καὶ
3267 1943 3384 2016 ε’ίδη
3417 1942 3561 1999 ἄλλα
3591 1944 3878 1999 συνεκτικὰ

2213 2042 2315 2105 τῆς
2366 2039 2532 2105 ζωῆς,
2565 2036 2825 2109 ἀνήγοντο
2886 2031 2977 2089 διὰ
3033 2038 3130 2089 τοῦ
3179 2038 3431 2106 ποταμοῦ
3486 2038 3607 2098 τοῖς
3638 2032 3877 2107 μονοξῦ-

2219 2124 2337 2186 λοις
2389 2123 2465 2188 είς
2516 2124 2581 2178 τὸ
2637 2122 2998 2199 Δορόστολον.
3035 2125 3122 2180 Ἐν
3187 2121 3245 2178 δὲ
3272 2128 3351 2196 τῷ
3381 2120 3641 2177 ἀναπλεῖν
3678 2124 3875 2186 θεασά-

2220 2235 2372 2286 μενοι
2403 2212 2539 2267 κατᾶ
2583 2213 2645 2267 τὸ
2703 2210 2895 2287 χεῖλος
2950 2215 3047 2266 τοῦ
3093 2216 3347 2285 ποταμοῦ
3397 2209 3723 2288 θεράποντας
3770 2211 3881 2266 οὐκ

2216 2303 2439 2378 ὁλῖγους
2469 2307 2573 2356 τῶν
2608 2306 2977 2378 στρατιωτῶν,
3002 2300 3128 2363 τοὺς
3157 2302 3249 2375 μὶν
3273 2299 3477 2363 ’ίππους
3527 2301 3876 2370 ποτίζοντας,

2215 2391 2340 2455 τοὺς
2366 2388 2423 2446 δὲ
2479 2389 2977 2466 γορτολογοῦντας,
3011 2387 3216 2453 ἄλλους
3271 2387 3328 2445 δὲ
3382 2389 3474 2445 καὶ
3532 2388 3877 2460 ξυλεύοντας,

2216 2476 2515 2542 ἀποϐάντες
2544 2484 2653 2535 τῶν
2684 2479 2891 2536 πλοίων
2942 2476 3031 2534 διὰ
3083 2486 3182 2549 τῆς
3234 2477 3371 2549 ὕλης
3424 2478 3663 2557 ἀψοφητὶ
3718 2475 3877 2553 βαδί-

2218 2576 2395 2640 ζοντες
2448 2567 2733 2639 ἀδοκήτως
2794 2569 2853 2623 ἐκ
2906 2572 3005 2624 τοῦ
3061 2568 3292 2645 ἀφανοῦς
3352 2566 3712 2640 ἐμπίπτουσιν
3772 2567 3876 2622 αὐ-

2213 2666 2351 2728 τοῖς,
2384 2660 2474 2714 καὶ
2523 2656 2769 2720 πολλοὺς
2833 2660 2928 2731 μὶν
2980 2656 3186 2712 τούτων
3242 2656 3572 2726 ἀπέκτειναν,
3627 2656 3754 2718 τοὺς
3813 2653 3875 2711 δὲ

2215 2747 2446 2810 λοιποὺς
2479 2746 2566 2803 ἐπὶ
2612 2748 2708 2809 τὰς
2764 2744 3002 2817 πλησίον
3042 2745 3261 2822 λόχμας
3321 2743 3675 2815 σκεδασθῆναι
3732 2745 3874 2814 ἠνάο

2213 2858 2436 2912 γκασαν.
2472 2835 2633 2900 Αὖθις
2665 2833 2711 2890 δ’
2742 2834 2818 2900 εἷς
2844 2836 2940 2898 τάς
2988 2834 3194 2911 σκάφας
3244 2829 3507 2908 ἐμϐάντες
3551 2834 3643 2889 καὶ
3694 2832 3875 2908 οὐρίῳ

462 2918 751 3025 φερόμενοι
784 2940 1048 3014 πνεύματι
1080 2938 1216 3013 πρὸς
1246 2934 1306 2989 τὸ
1339 2928 1981 3025 Δορόστολονᾳφέρονταιί
2024 2928 2197 3025 Τοῦτο
2231 2924 2541 3025 δεγνωσθεν
2571 2924 2647 3025 εἷς
2682 2922 2928 3000 μεγάλην
2960 2923 3119 3025 ’ἀνίαν
3158 2918 3428 2998 ἐμϐάλλει
3466 2922 3557 2979 τὸν
3616 2919 3877 3025 βασιλέα,

460 3007 550 3091 καί
601 3007 733 3097 τοὺς
785 3007 1068 3109 ἀρχηγοὺς
1123 3007 1220 3083 τοῦ
1279 3023 1477 3079 στόλου
1536 3019 1587 3074 ἐν
1646 3017 1791 3109 αἰτίᾳ
1825 3016 2032 3109 μεγάλῃ
2066 3010 2240 3109 ἔσχεν,
2274 3015 2356 3071 ὅτι
2393 3016 2468 3089 μή
2502 3014 2802 3109 ἐπῄσθοντο
2827 3018 2926 3069 τοῦ
2955 3012 3015 3069 ἐκ
3045 3011 3388 3091 Δοροστόλου
3435 3017 3543 3068 τῶν
3582 3007 3877 3087 βαρϐάρων

448 3116 742 3180 ’ἀπόπλουο
776 3099 1117 3192 ἐπηπείλησε
1148 3114 1205 3172 δὲ
1228 3114 1317 3169 καὶ
1347 3114 1571 3167 θάνατον
1604 3106 1882 3192 αὐτοῖςγεί
1914 3102 1992 3159 ἔτι
2024 3105 2159 3175 ἅπαξ
2192 3103 2329 3179 λάθῃ
2357 3100 2600 3160 τοιοῦτόν
2632 3125 2683 3159 τι
2714 3104 2979 3181 γενέσθαι.
3012 3102 3112 3158 Καὶ
3144 3103 3195 3158 οἱ
3229 3104 3325 3177 μὲν
3360 3101 3454 3165 τὰς
3482 3101 3611 3177 παρ’
3642 3099 3881 3175 ἑκάτερα

461 3208 635 3288 ὄχθας
685 3215 782 3266 τοῦ
839 3187 1090 3281 ποταμοῦ
1136 3206 1359 3278 ἐτήρουν
1424 3196 1721 3272 ἐπιμελῶς,
1754 3196 1782 3250 6
1815 3191 1871 3248 δὲ
1932 3192 2186 3288 βασιλεῦς
2246 3193 2326 3271 ἐφ’
2359 3193 2491 3255 ὅλας
2545 3193 2704 3248 πέντε
2760 3192 2849 3247 καὶ
2907 3192 3167 3263 ἑξήκοντα
3213 3191 3425 3267 ἡμέρας
3470 3192 3539 3265 τῇ
3570 3187 3881 3266 πολιορκίᾳ

461 3279 833 3378 χρησάμενος,
865 3298 953 3353 καὶ
985 3279 1106 3360 καθ’
1136 3292 1362 3363 εκάστην
1386 3288 1647 3362 πολεμῶν
1664 3285 1752 3340 καὶ
1789 3286 1864 3357 μὴ
1899 3283 2090 3378 ἀνιεὶς..
2117 3281 2237 3339 δέον
2270 3282 2487 3355 ἐνόμισε
2514 3281 2602 3337 διὰ
2630 3279 2980 3356 προσεδρείας
3009 3280 3097 3336 καὶ
3126 3279 3297 3355 λιμοῦ
3337 3280 3727 3354 ἀποπειρᾶσθαι
3766 3284 3881 3349 τῆς

456 3366 693 3454 ἇέἑςλέωξ.
728 3366 829 3444 Διὸν
868 3386 957 3442 καὶ
997 3384 1255 3441 πάντοθεν
1304 3381 1529 3457 τάρφοις
1572 3377 1665 3438 τὰς
1712 3372 1871 3437 ὁδοὺς
1919 3370 2250 3435 ἀποκλείσας
2298 3371 2387 3428 καὶ
2437 3370 2680 3450 φύλακας
2727 3370 3021 3443 ἐπιστήσας
3068 3369 3275 3438 αὐταῖς,
3309 3370 3383 3433 ὡς
3419 3370 3604 3443 μήτις
3638 3366 3767 3437 ἐξίοι
3801 3367 3877 3422 τὰ

458 3477 737 3551 ἐπιτήδεια
764 3478 1033 3551 κομίσων,
1066 3472 1301 3544 ἐκάθητο
1332 3472 1577 3546 ἠρεμῶν.
1613 3468 1708 3521 Καὶ
1742 3466 1808 3520 τὰ
1834 3464 1929 3538 μὶν
1957 3462 2007 3518 ἐν
2042 3461 2363 3537 Δοροστόλω
2396 3458 2611 3551 ἐφέρετο
2643 3459 2793 3535 τῇδε.

701 3534 922 3627 haecad
953 3534 1324 3623 Dorostol'um
1356 3534 1668 3634 geruntur,
1705 3560 1814 3615 Leo
1836 3534 2091 3629 icuropo-

2276 3534 2514 3606 Aéwvv'o‘t
2568 3553 2595 3605 6
2646 3534 3064 3626 κουροπαλάτῆς
3110 3550 3201 3605 καὶ
3256 3548 3567 3626 Νικηφόρος
3607 3547 3634 3601 6
3663 3546 3873 3603 τούτου

446 3661 595 3717 lates
623 3664 680 3717 et
703 3658 1068 3730 Nicephorus
1089 3655 1218 3725 ejus
1243 3651 1418 3721 filius,
1439 3666 1585 3722 quos
1619 3652 1752 3703 ante
1784 3647 2095 3702 docuimus

448 3749 846 3806 incolumibus
896 3745 1082 3803 oculis
1133 3741 1429 3810 dimissos,
1461 3736 1693 3793 tametsi
1727 3737 1881 3791 404
1924 3733 2095 3789 effodi

446 3856 544 3896 eos
562 3836 1162 3908 sententiajussisset,
1179 3848 1386 3887 rursus
1404 3827 1767 3901 tyrannidem
1787 3825 2093 3880 invadunt.

447 3930 708 4001 Cumque
740 3925 959 3982 multos
999 3924 1162 3980 urbis
1206 3925 1263 3977 et
1292 3919 1461 3991 regis:
1494 3916 1765 3971 custodes
1797 3912 2087 3984 corrupis-

444 4021 594 4086 sent,
629 4021 807 4088 atque
839 4030 906 4070 ex
938 4012 1121 4069 animi
1146 4007 1438 4066 sententia
1462 4006 1801 4062 viderentur
1826 4002 1935 4057 sibi
1972 4017 2094 4057 rem

441 4105 785 4172 confecisse,
835 4103 1125 4159 conducta
1172 4098 1302 4154 navi
1357 4113 1425 4153 ex
1457 4093 1653 4150 insula
1700 4094 1758 4148 in
1792 4108 1969 4165 quam
2006 4106 2094 4145 re-

441 4193 620 4268 legati
652 4194 904 4262 fuerant,
931 4192 999 4245 ad
1034 4189 1427 4245 continentem
1460 4183 1590 4239 urbi
1620 4200 1651 4239 e
1680 4181 1909 4251 regione
1940 4179 2094 4235 loca-

444 4289 566 4342 tam
600 4281 1170 4351 devehuntur,juxta
1197 4274 1545 4333 suburbium
1573 4272 1666 4328 cui
1689 4268 2094 4342 Pelamydium

449 4388 680 4442 nomen,
714 4374 889 4442 atque
917 4368 1053 4424 inde
1086 4367 1196 4422 sub
1228 4365 1482 4438 primum
1517 4360 1655 4435 galli
1687 4364 1923 4416 cantum
1956 4357 2096 4426 Cpo-

450 4460 554 4516 lim
603 4459 910 4517 accedunt.
958 4457 1066 4513 Sed
1118 4460 1247 4523 Leo,
1306 4453 1388 4508 rei
1439 4450 1663 4507 navalis
1716 4445 2095 4518 drungarius,

449 4550 542 4605 cui
577 4566 694 4605 una
722 4565 854 4605 cum
907 4544 1119 4602 Basilio
1154 4549 1376 4599 rectore
1407 4539 1606 4613 palatii
1639 4536 1907 4593 custodia
1936 4550 2095 4589 com-

449 4638 724 4694 mendata
772 4639 980 4703 fuerat,
1012 4651 1080 4691 ea
1127 4634 1198 4689 de
1247 4648 1306 4687 re
1356 4647 1389 4686 a
1436 4627 1669 4685 conscio
1717 4623 2093 4680 consiliorum

448 4728 696 4784 istorum
730 4726 983 4798 quodam
1019 4725 1206 4780 factus
1257 4718 1488 4789 certior,
1521 4730 1762 4772 manum
1810 4711 1993 4767 mittit
2023 4710 2093 4766 ad

447 4816 847 4889 curopalatam
887 4818 943 4870 et
975 4812 1160 4868 ﬁlium
1194 4811 1321 4881 ejus
1354 4803 1938 4879 comprehendendos
1969 4799 2094 4855 suf-

450 4904 803 4973 ficientem;
864 4901 985 4976 qui,
1047 4901 1155 4956 hoc
1211 4897 1639 4966 animadverso,
1699 4893 1758 4948 in
1816 4890 2092 4962 Magnum

450 4992 761 5066 Templum
822 4989 1167 5064 confugiunt
1228 5006 1241 5044 :
1300 4987 1435 5042 inde
1492 4982 1675 5039 avulsi
1738 4981 1794 5035 in
1868 4980 2097 5034 Protam

449 5082 706 5139 insulam
736 5081 1093 5155 relegantur,
1142 5083 1317 5149 atque
1364 5074 1441 5129 ibi
1490 5071 1642 5129 oculi
1691 5069 1774 5126 eis
1806 5068 2097 5124 effodiun-

452 5176 567 5227 tur.

2204 3646 2353 3708 παῖς,
2388 3638 2606 3711 δοκήσει
2651 3641 2768 3713 μὲν,
2803 3641 2877 3704 ὡς
2933 3638 3154 3713 ε’ίπομεν
3213 3635 3537 3714 ἔμπροσθεν,
3571 3636 3874 3712 πηρωθέν-

2202 3751 2312 3798 τες,
2345 3725 2422 3784 ἔτι
2456 3727 2502 3784 δ’
2532 3730 2735 3791 ἀσινεῖς
2765 3730 2861 3791 τὰς
2890 3727 3100 3805 ὁράσεις
3153 3724 3396 3803 ἔχοντες,
3432 3725 3509 3788 εἲς
3566 3721 3867 3800 τυραννίδα

2203 3819 2292 3874 καὶ
2323 3818 2473 3881 αὖθις
2503 3818 2985 3893 παρεσκευάζοντο,
3017 3814 3266 3878 πολλοὺς
3291 3821 3397 3871 τῶν
3456 3813 3510 3870 ἐν
3566 3818 3634 3888 τῇ
3691 3811 3862 3869 πόλει

2202 3908 2293 3963 καὶ
2346 3912 2454 3963 τῶν
2506 3907 2557 3963 ἐν
2610 3912 2728 3972 τοῖς
2789 3904 3088 3982 βασιλείοις
3129 3908 3379 3984 φρουρῶν
3414 3901 3864 3980 ὐποφθείραντες.

2206 3998 2309 4053 Καὶ
2337 3997 2449 4052 ἐπεὶ
2481 3997 2546 4052 τὰ
2573 3997 2708 4052 κατά
2750 3996 2978 4073 γνώμην
3041 3995 3228 4057 αὐτοῖς
3298 3992 3627 4069 ἀπηρτίσθη,
3658 3990 3865 4047 πλοῖον

2207 4088 2612 4160 μισθωσάμενοι
2650 4086 2737 4140 καὶ
2799 4083 2850 4139 ἐν
2907 4084 3053 4156 αὐτῷ
3111 4078 3369 4157 ἐμϐάντες
3422 4080 3708 4158 ἀπαίρουσι
3757 4086 3866 4151 τῆς

2204 4178 2374 4246 νήσου
2429 4176 2490 4244 ἣν
2553 4176 2719 4230 οἰκεῖν
2773 4184 3190 4249 κατεκρῃθησαν,
3233 4172 3323 4227 καὶ
3375 4172 3513 4248 πρὸς
3562 4171 3662 4239 τήν
3720 4168 3871 4224 ἀντί-

2203 4267 2448 4339 πορθμον
2480 4270 2580 4333 τῆς
2607 4261 2826 4325 πόλεως
2858 4260 3086 4339 ἤπειρον
3146 4258 3384 4338 γίνονται
3441 4260 3576 4315 κατὰ
3618 4260 3683 4314 τὸ
3731 4278 3869 4329 προσ

2204 4353 2414 4408 άστειον
2443 4352 2472 4408 ’ὸ
2501 4353 2935 4425 κατονομάζουσι
2971 4347 3354 4424 Πηλαμύδιον,
3386 4348 3585 4413 ἐκεῖθεν
3630 4344 3687 4403 δὶ
3734 4347 3868 4421 περὶ

2204 4443 2424 4518 πρώτας
2482 4440 2858 4518 ἀλεκτρυόνων
2890 4438 3035 4513 ᾠδὰς
3082 4438 3171 4495 ἐπὶ
3210 4437 3272 4494 τὸ
3321 4437 3612 4509 Βυζάντιον
3664 4432 3868 4512 ἔρχον-

2201 4552 2313 4589 ται.
2345 4531 2499 4595 Ἑνὸς
2530 4528 2585 4585 δὲ
2613 4535 2721 4586 τῶν
2755 4530 3084 4604 συνιστόρων
3120 4525 3294 4599 δῆλον
3328 4527 3557 4602 θεμένου
3603 4526 3665 4581 τὸ
3704 4522 3871 4600 ἔργον

2203 4623 2400 4678 Λέοντι
2430 4624 2510 4692 τῷ
2542 4618 2884 4696 δρουγγαρίῳ
2913 4618 3008 4673 τοῦ
3041 4615 3263 4687 στόλου,
3294 4617 3393 4686 τὴν
3441 4614 3687 4694 φυλακὴν
3750 4613 3873 4669 ἐπι-

2203 4708 2560 4783 τετραμμένῳ
2617 4714 2723 4763 τῶν
2789 4706 3077 4782 βασιλείων
3138 4706 3231 4761 σὺν
3284 4702 3555 4778 Βασιλείῳ
3616 4702 3695 4777 τῷ
3751 4702 3871 4777 ῥαί-

2203 4819 2398 4875 κτωρι,
2458 4800 2539 4871 [Ρ.
2571 4799 2697 4871 678]
2730 4798 2757 4852 6
2801 4793 2858 4851 δὲ
2916 4794 3142 4869 δύναμιν
3200 4794 3497 4871 ἀξιόχρεων
3550 4792 3637 4849 ἐπὶ
3693 4812 3871 4847 κατα-

2207 4888 2389 4963 σχέσει
2418 4891 2519 4942 τοῦ
2548 4884 2967 4964 κουροπαλάτου
3009 4886 3096 4940 καὶ
3156 4890 3253 4940 τοῦ
3301 4880 3495 4945 παιδὸς
3555 4881 3719 4937 αὐτοῦ
3775 4879 3871 4935 ἐκ-

2206 4977 2430 5050 πέμπει.
2491 4978 2665 5050 ’Όπερ
2726 4976 2875 5030 οὗτοι
2928 4974 3186 5047 μαθόντες
3267 4973 3342 5036 εἷς
3425 4972 3523 5041 τὴν
3604 4968 3866 5045 Μεγάλην

2204 5064 2626 5144 καταφεύγουσιν
2690 5063 3018 5135 Ἐκκλησίαν
3055 5082 3067 5095 ·
3113 5061 3309 5119 ἐκεῖθεν
3358 5059 3416 5116 δὲ
3487 5057 3870 5122 ἀποσπασθὲν-

2202 5177 2289 5217 τες
2342 5155 2417 5217 εἷς
2472 5156 2570 5224 τήν
2632 5155 2863 5230 ΙΙρώτην
2921 5160 3085 5223 νῆσον
3146 5148 3602 5223 ἐξαπεστάλησαν,
3646 5146 3871 5202 κάκεῖσε

2200 5242 2329 5307 τοὺς
2364 5241 2683 5322 ὀφθαλμοὺς
2706 5241 3116 5318 ἐξωρύχθησαν.

1640 5427 2013 5485 XYLANDRI
2052 5426 2141 5483 ET
2178 5426 2392 5483 GOARI
2430 5424 2666 5481 NOTAE.

523 5585 632 5657 (28)
662 5574 948 5652 Μονόξυλα
978 5577 1203 5657 lintres
1232 5578 1393 5657 sunt,
1426 5590 1556 5657 uno
1574 5572 1897 5657 pinguioris
1928 5569 2100 5651 arbo-

449 5642 538 5715 ris
577 5642 783 5712 trunco
822 5642 1117 5721 'excavati,
1165 5649 1250 5705 ita
1296 5642 1452 5721 leves
1502 5642 1789 5721 utieti’am
1836 5642 2102 5721 humeris

448 5709 899 5789 transferantur.
954 5709 1237 5800 Περὶ’τῶν
1289 5717 1397 5775 ἀπὸ
1444 5722 1546 5788 τῆς
1588 5715 1814 5775 Ῥωσίας
1861 5709 2103 5789 ἐρχομέ-

2210 5587 2313 5621 νων
2340 5566 2476 5629 Ῥῶς
2527 5565 2661 5637 μετά
2688 5568 2795 5619 τῶν
2832 5562 3146 5637 μονοξύΛων
3178 5560 3231 5618 ἐν
3275 5563 3391 5620 ΚΙΙ.
3439 5558 3871 5619 Constantinus

2211 5640 2284 5697 de
2314 5641 2475 5697 Adm.
2509 5639 2655 5712 imp.
2688 5654 2738 5694 ο.
2768 5639 2804 5693 9
2834 5637 3065 5694 diffuse.
3097 5639 3277 5693 Goaa.
