4050 6326
172 364 263 425 137

1280 361 1824 426 HISTORIARUM
1869 361 2414 426 GOMPENDIUM.

3444 384 3561 471 ωε

231 496 422 573 Ἐιράνη
456 492 514 551 δὶ
569 497 662 552 καὶ
713 498 829 553 κατ’
887 496 1056 554 ἰκεῖνο
1104 498 1300 571 καιροῦ
1345 491 1611 584 καὶλᾶλλο
1639 514 1690 548 τι
1723 493 1793 548 ὡς

1989 495 2202 551 Eodem
2250 500 2515 571 tempore
2561 501 2737 559 etiam
2785 504 2943 563 aliud
2994 508 3301 584 quidpiam
3356 474 3573 577 accidit

172 582 279 640 ολον
306 582 453 658 ἄξιον
485 586 619 641 εἶναι
673 582 1002 663 διηγήσεως.
1055 586 1310 643 Ηινάκιον
1360 582 1420 640 ἐκ
1449 581 1607 638 λίθου
1629 589 1801 659 Προι-

167 672 433 746 κοννησίας
485 673 574 731 ἐπὶ
642 673 972 751 παραδείσου
1050 676 1196 738 τινὸς
1252 680 1358 730 τῶν
1418 671 1800 749 συγκλητικῶν

167 763 329 840 eripior,
386 764 613 838 ἀμελῶς
663 763 1018 843 ἐρριμμένον,
1078 764 1448 837 εἷ’κονισμὲνας
1507 758 1637 838 ἔχον
1699 757 1797 815 δύο

165 852 440 926 ἀνθρώπων
476 853 691 932 μορφὰς
738 853 827 910 ἐπὶ
882 862 983 925 τῆς
1033 852 1364 929 ἒπιφανείας,
1415 851 1539 926 μίαν
1577 850 1670 924 μὶν
1705 850 1795 904 ἀν-

166 938 289 1017 δρὸς,
318 942 501 1016 ἒτέραν
528 940 588 999 δὲ
646 943 902 1018 γυναικός
931 963 944 977 ο
995 943 1047 999 ἐν
1100 941 1158 998 δὲ
1186 948 1265 1015 τῷ
1308 939 1544 1015 μετώπῳ
1571 942 1671 1004 τῆς
1703 959 1795 992 πι-

164 1028 351 1092 νακὲδος
385 1030 453 1101 ἧν
499 1032 878 1108 γεγραμμένον
934 1032 1255 1109 ἐπίγραμμα
1303 1027 1409 1085 ὦδὲ
1438 1050 1515 1100 πη
1550 1024 1743 1098 διεξιόν
1779 1044 1792 1059 ⁸

169 1118 390 1175 Ἰωάννου
442 1120 539 1175 καῖ
588 1118 872 1196 Θεοδώρας
916 1126 1025 1176 τῶν
1073 1119 1448 1199 φιλοχρίστων
1507 1115 1695 1172 πολλὰ
1731 1114 1797 1170 τὰ

169 1203 265 1280 ἔτη.
296 1214 462 1286 Ὅπερ
513 1211 667 1274 τινὰς
729 1209 824 1283 μὲν
883 1209 965 1273 εἰς
1023 1206 1284 1280 ἔκπληξιν
1342 1207 1500 1282 ἦγεν,
1542 1203 1690 1261 ὅπως
1728 1203 1795 1258 τὰ

169 1295 409 1353 ἐνεστῶτα
472 1296 623 1371 μάλα
672 1295 1058 1375 προεδηλοῦτο
1113 1302 1294 1376 σαφῶς
1328 1316 1342 1329 ⁹
1401 1296 1543 1359 τινὶς
1597 1292 1655 1350 δῖ
1713 1295 1790 1367 μὴ

171 1383 511 1462 ἀπηλλάχθαι
563 1386 628 1444 τὸ
682 1394 912 1465 πρᾶγμα
967 1388 1266 1461 σκευωρίας
1319 1385 1409 1441 καὶ
1470 1383 1791 1461 μαγγανείας

169 1473 420 1548 ἐνόμιζον,
449 1474 544 1532 τὸν
574 1477 672 1533 τοῦ
704 1474 1033 1552 παραδείσου
1084 1474 1351 1546 δεσπότην
1391 1472 1481 1529 διὰ
1505 1470 1670 1544 τῆσδε
1692 1478 1791 1543 τῆς

165 1572 397 1641 μηχανῆς
450 1574 552 1635 τήν
633 1566 927 1640 βασιλικὴν
1002 1566 1143 1641 πρὸς
1199 1564 1387 1619 ἑαυτὸν
1448 1560 1789 1625 ἐκκαλεῖτθαι

161 1652 409 1724 οἰηθὶντες
441 1642 830 1730 προσπάθειαν.
861 1650 985 1712 Elite
1032 1651 1091 1709 ὃὶ
1139 1652 1312 1716 οὕτως
1351 1646 1491 1728 ἔχει,
1524 1648 1630 1705 εἷ’τε
1660 1648 1791 1705 ἐκεί-

161 1762 249 1804 νως
271 1749 302 1813 ἧ
334 1741 587 1815 ἀλήθεια,
614 1748 837 1823 ιρραζειν
871 1742 971 1799 οὐκ
997 1737 1138 1819 ἔχω.

215 1832 275 1890 Οἱ
300 1829 356 1888 ὃὶ
405 1830 607 1888 Σκύθαι
668 1829 898 1937 ἔνδοθεν,
936 1837 1018 1937 τῳ
1072 1831 1228 1905 λιμῷ
1249 1829 1585 1937 πιεζόμενοι,
1623 1828 1788 1937 γέκτὸς
1817 1870 1866 1937 Β

165 1921 249 1976 ὑπὸ
275 1924 374 1976 νῶν
404 1925 827 1999 τειχομαχικῶν
874 1920 1123 1997 ἀργά-ρων
1174 1917 1525 1993 κακούμενοι,
1550 1916 1641 1973 καὶ
1671 1917 1788 1972 κατ’

162 2009 398 2087 ἐξαίρετον
433 2011 486 2066 ἐν
518 2010 708 2085 ἐκείνῳ
733 2010 815 2085 τῷ
841 2011 1000 2085 τόπῳ
1041 2011 1101 2065 ὃν
1137 2011 1166 2065 ὁ
1199 2012 1501 2085 μάγιστρος
1532 2007 1789 2076 Ἰωὰννης

163 2100 492 2173 ὁῬωμανοῦ
547 2103 644 2156 τοῖ’)
693 2099 975 2173 Κουρκοῦα
1021 2099 1139 2162 υίὸς
1188 2097 1477 2178 φυλάττειν
1536 2094 1788 2151 ἐτέτακτο

161 2189 229 2260 (τὸ
252 2189 347 2266 γὰρ
393 2187 571 2245 ἐκεῖσε
618 2184 957 2267 πετροϐόλον
1009 2187 1239 2266 ὄργανον
1292 2186 1355 2242 οὐ
1412 2190 1620 2262 μικρῶς
1661 2183 1790 2246 τοὺς

160 2274 285 2340 ἐντὸς
329 2277 714 2352 ἰπηίμαίνετο),
765 2276 1153 2354 ἀποκρίναντες
1200 2296 1352 2338 τινας
1380 2279 1488 2330 τῶν
1532 2272 1785 2347 ἀλκιμω-

156 2367 299 2439 τέρων
348 2366 579 2432 ὁπλίτας
631 2366 820 2441 ψιλοῖς
848 2366 1311 2442 ἰπιμεμιγμένους
1334 2363 1422 2421 ἐπὶ
1475 2385 1540 2420 το
1600 2366 1786 2418 τοιοῦ-

156 2475 233 2509 τον
279 2454 674 2529 ἱκπὲμπουσιν,
733 2452 981 2534 ὄργανον,
1040 2454 1093 2511 εἴ
1141 2475 1259 2517 πως
1316 2451 1588 2524 δυνηθεῖεν
1654 2451 1785 2506 αὐτὸ

157 2546 575 2621 κατεργάσασθαι.
620 2548 800 2604 Τοῦτο
848 2546 1009 2622 γνοὺς
1056 2545 1086 2602 ὁ
1130 2543 1464 2620 Κουρκοῦας,
1512 2537 1595 2598 ὅτι
1651 2541 1783 2616 κρά-

156 2654 309 2689 τιστον
337 2635 402 2705 ἦν
431 2634 557 2712 περὶ
615 2634 777 2691 αὐτὸν
829 2628 1262 2708 ἆναλαὸόμενος,
1313 2628 1529 2703 ἐϐοήθει
1571 2628 1661 2686 διὰ
1686 2651 1781 2685 τα·

158 2743 300 2799 χεων.
326 2726 409 2787 Ἑς
442 2724 643 2798 μίσους
675 2721 734 2779 δὲ
762 2722 911 2803 ’τοὺς
953 2724 1163 2786 Σκύθας
1211 2721 1502 2800 γενόμενος
1545 2720 1781 2792 ἀκοντίῳ

160 2812 430 2886 βληθξντος
484 2811 657 2870 αἱ)τοῦ
732 2812 907 2869 ἲππου
987 2813 1079 2868 καὶ
1143 2811 1238 2867 σὺν
1293 2812 1442 2883 αὐτῷ
1497 2807 1782 2865 πεπτωκό-

157 2922 232 2964 τος
258 2902 558 2977 ἀναιρεῖται
609 2901 1019 2980 κρεουργηθείς.
1068 2902 1138 2960 Οἳ
1169 2903 1437 2975 Ῥωμαῖοι
1478 2896 1536 2955 δὶ
1560 2896 1780 2974 ἐπιδρα-

161 2990 324 3061 μόντες
367 2992 461 3047 καὶ
498 2996 621 3055 τοῖς
668 2992 807 3056 Ῥὼς
862 2989 1270 3064 συμπλακίντες
1315 2988 1377 3045 τό
1437 3009 1496 3044 τε
1544 2984 1775 3063 ὄργανον

159 3072 366 3143 ἆϐλαόὲς
396 3078 728 3154 διετήρησαν
775 3080 869 3136 καί
918 3078 1052 3135 τοὺσ
1100 3078 1310 3143 Σκύθας
1342 3078 1616 3151 ὠσάμενοι
1650 3097 1775 3131 συν-

1911 598 2025 638 non
2061 584 2371 659 indignum
2414 588 2622 647 relatu.
2656 594 2718 647 In
2761 595 3025 664 pomario
3055 602 3332 658 senatorii
3365 607 3563 678 cujus-

1911 672 2047 728 dam
2089 676 2198 731 viri
2242 675 2480 733 inventa
2524 684 2613 736 est
2663 682 2875 741 tabella
2922 702 2990 741 ex
3036 672 3564 753 Proconnesio'la-

1909 761 2063 832 pide,
2099 763 2244 820 forte
2285 766 2532 837 abjecta,
2561 768 2619 823 in
2653 773 2963 843 superﬁcie
3001 793 3309 849 expressas
3339 782 3566 843 habens

1907 849 2056 907 duas
2104 851 2399 910 humanas
2450 855 2692 929 figuras,
2727 876 2904 917 unam
2955 866 3157 938 maris,
3191 867 3436 929 alteram
3477 875 3561 931 fe-

1908 937 2079 995 minae
2135 958 2147 997 :
2199 941 2255 996 in
2306 942 2490 999 altera
2535 947 2848 1017 superﬁcie
2896 937 3183 1025 scriptum
3233 964 3358 1015 erat
3398 979 3411 1018 :
3454 961 3563 1020 Diu

1904 1028 2102 1084 vivant
2139 1030 2397 1087 Joannes
2441 1037 2498 1088 et
2542 1035 2849 1095 Theodora
2895 1040 3111 1099 Christi
3163 1046 3363 1105 dediti.
3411 1052 3562 1109 Fue-

1904 1123 2043 1173 runt
2070 1119 2173 1190 qui
2203 1135 2334 1175 eam
2383 1121 2659 1179 tabellam
2703 1143 3059 1201 magnopere
3106 1136 3561 1211 admirarentur,

1904 1222 2017 1279 qua
2062 1224 2318 1280 praesens
2366 1226 2561 1267 rerum
2613 1216 2873 1273 conditio
2923 1221 3004 1275 ita
3057 1229 3255 1295 aperte
3302 1230 3562 1302 explica-

1902 1300 2064 1352 retur
2107 1315 2121 1355 :
2169 1296 2267 1354 alii
2320 1316 2436 1355 non
2485 1318 2683 1359 carere
2729 1306 2861 1363 fuco
2913 1316 2971 1365 et
3019 1310 3347 1384 impostura
3376 1296 3560 1391 puta-

1902 1391 2061 1450 runt,
2089 1393 2263 1458 atque
2310 1390 2459 1447 405
2516 1391 2626 1447 hoc
2679 1405 3012 1453 commento
3058 1403 3318 1461 voluisse
3366 1390 3558 1464 domi-

1902 1490 2042 1529 num
2093 1476 2342 1548 pomarii
2377 1495 2439 1534 se
2471 1479 2527 1535 in
2562 1482 2817 1553 gratiam
2867 1487 3242 1561 imperatoris
3293 1494 3558 1555 insinua-

1901 1579 1982 1618 re.
2045 1563 2252 1621 Utrum
2317 1584 2449 1624 vero
2515 1576 2619 1627 aut
2683 1572 2829 1629 falso
2893 1576 2972 1632 sit
3036 1580 3349 1654 creditum,
3408 1585 3559 1644 nihil

1898 1652 2150 1710 affirmo.

1968 1832 2205 1888 Interim
2236 1833 2462 1906 Scythis
2492 1835 2655 1893 intus
2679 1838 2831 1897 fame
2857 1845 3043 1914 pressi
3068 1847 3304 1906 simula
3327 1852 3552 1909 machi-

1900 1919 1995 1976 nis
2015 1923 2459 2012 oppugnatoriis
2491 1924 2751 1984 hostium
2785 1946 2901 1987 non
2933 1931 3135 1991 leviter
3167 1936 3551 2012 laedebantur,

1899 2010 2191 2080 praecipue
2211 2027 2278 2066 eo
2305 2010 2430 2068 loco
2451 2014 2547 2084 qui
2572 2014 2781 2073 Joanni
2807 2022 3113 2093 magistro,
3138 2024 3384 2083 Romani
3409 2010 3555 2087 Cur-

1898 2113 2017 2154 cute
2048 2098 2192 2171 filio,
2216 2100 2610 2191 demandatus
2651 2106 2870 2176 fuerat;
2902 2122 3038 2167 nam
3080 2127 3223 2170 saxa
3269 2119 3554 2191 torquens

1898 2186 2358 2246 instrumentum
2381 2190 2462 2246 ibi
2486 2191 2835 2252 collocatum
2856 2199 3118 2257 obsessis
3136 2203 3321 2261 multa
3337 2186 3556 2264 damna

1896 2276 2094 2332 dabat.
2122 2281 2325 2350 Itaque
2355 2280 2548 2352 gravis
2579 2289 2891 2341 armatum
2917 2287 3176 2348 delectos
3208 2293 3428 2352 milites
3457 2313 3553 2354 ve-

1896 2365 2099 2424 litibus
2132 2368 2446 2439 permistos
2493 2372 2791 2441 emittunt,
2824 2377 2875 2432 si
2906 2394 3025 2449 qua
3074 2380 3114 2435 ii
3164 2383 3390 2440 ratione
3419 2401 3549 2443 eam

1895 2456 2231 2512 machinam
2274 2462 2659 2530 pessumdare
2709 2472 2968 2535 possent.
3003 2468 3065 2524 Id
3114 2471 3217 2526 ubi
3265 2472 3554 2532 intellexit

1893 2543 2172 2617 Curcuas,
2193 2547 2622 2606 robustissimis
2649 2567 2893 2610 suorum
2926 2558 3251 2631 assumptis
3282 2562 3551 2620 celeriter

1892 2635 1962 2688 ad
2011 2652 2138 2690 eam
2191 2636 2616 2694 defendendam
2651 2657 2714 2697 se
2744 2644 3000 2713 confert;
3051 2647 3439 2722 invectusque
3482 2653 3549 2709 in

1890 2722 2109 2780 medios
2127 2723 2373 2798 Scythas
2403 2727 2474 2782 ab
2505 2744 2655 2801 equo
2688 2730 2901 2787 missili
2930 2733 3045 2791 icto
3075 2736 3330 2809 eiicitur,
3352 2744 3534 2814 atque

1889 2829 1922 2868 a
1951 2812 2179 2885 Scythis
2210 2814 2534 2873 dilaniatus
2572 2819 2722 2875 ferro
2772 2821 2988 2878 interit.
3022 2824 3253 2898 Reliqui
3286 2812 3534 2887 Romani

1888 2917 2178 2958 concursu
2211 2903 2361 2959 facto
2391 2908 2449 2960 et
2483 2907 2816 2965 machinam
2860 2911 3149 2986 integram
3184 2922 3538 2975 conservant

1887 2994 1944 3047 et
1973 2991 2191 3048 Rossos
2230 2991 2290 3048 in
2324 2993 2529 3052 urbem
2579 2997 2960 3069 compellunt.
2994 3002 3096 3059 Die
3141 3003 3285 3060 Julii
3318 3005 3539 3062 mensis

1884 3081 2165 3136 vicesima
2191 3083 2356 3137 Rossi
2382 3084 2637 3141 universi
2660 3087 2729 3142 ad
2755 3104 3013 3161 pugnam
3036 3093 3317 3149 adversus
3339 3095 3542 3151 Roma.

157 3165 369 3224 ἔκλεισαν
425 3169 507 3232 είς
564 3169 664 3240 τὴν
712 3166 897 3227 πόλιν.
946 3167 1181 3224 Ἰουλίου
1252 3164 1311 3223 δὲ
1367 3160 1775 3228 καταλαϐόντος

1903 3185 1997 3226 nos
2016 3169 2337 3228 exiverunt.
2363 3171 2789 3231 Exhortabatur
2815 3194 2915 3235 eos
2941 3182 2999 3236 et
3028 3181 3101 3236 ad
3135 3181 3540 3240 fortitudinem

159 3257 326 3330 μηνός,
379 3259 472 3315 καὶ
535 3242 785 3330 εἶκοστήν
855 3259 1068 3335 ἡμέραν
1133 3254 1380 3332 ἄγοντος,
1438 3255 1666 3347 ἐξῆλθον
1725 3256 1778 3309 οἱ

1903 3259 2180 3314 axcitahat
2211 3260 2420 3329 Icmor,
2444 3262 2533 3317 vir
2554 3270 2686 3335 post
2703 3266 3084 3339 Sphagellum
3106 3273 3261 3343 apud
3294 3271 3543 3347 Scythas

155 3347 263 3410 Ῥὼς
301 3347 665 3423 παμπληθεῖς
709 3348 800 3404 καὶ
846 3352 965 3412 τοῖς
1019 3347 1318 3420 Ῥωμαίοις
1373 3343 1779 3419 συμπλακέντες

155 3434 426 3514 ἐμάχοντο,
485 3436 968 3515 παραθαρρύνοντα
1032 3431 1254 3514 ἔχοντες
1304 3435 1396 3491 καὶ
1451 3434 1589 3509 πρὸς
1655 3432 1784 3495 τοὺς

153 3523 338 3599 ἀγῶνας
367 3525 668 3605 ἇλείφοντα
695 3523 861 3603 ἄνδρα
904 3526 1030 3581 τινὰ
1074 3526 1221 3601 παρά
1253 3524 1485 3587 Σκύθαις
1515 3521 1785 3596 ἐπισημό-

158 3632 308 3686 τατον,
333 3616 593 3692 Ἰκμορα.
648 3616 782 3688 μετὰ
824 3615 1071 3689 τοῦνομα
1129 3612 1481 3694 Σφάγγελλον
1513 3613 1605 3667 τὸν
1638 3611 1784 3666 ἀναι-

162 3701 350 3774 ρέθὲντα
400 3705 751 3779 τιμώμενον,
819 3701 943 3760 οὔτε
1013 3705 1151 3759 κατὰ
1221 3703 1525 3779 συγγένειαν
1572 3702 1672 3771 τὴν
1733 3700 1786 3771 ἐξ

162 3788 362 3865 αἵματος
393 3793 448 3848 ἐν
505 3799 628 3857 τοῖς
677 3790 914 3867 μάλιστα
961 3793 1227 3869 ἀγόμενον
1281 3792 1408 3867 παρ’
1452 3790 1637 3853 αὐτοῖς
1667 3787 1789 3844 οὕτε

163 3883 274 3936 κατὰ
325 3882 693 3955 συμπάθειαν,
750 3880 877 3937 ἀλλ’
928 3880 989 3937 ἐκ
1050 3881 1224 3955 μόνης
1270 3884 1369 3945 τῆς
1419 3880 1613 3952 ἀρετῆς
1644 3878 1790 3954 παρὰ

165 3976 272 4024 πᾶσι
299 3967 622 4046 σεϐόμενον.
670 3976 875 4027 Τοῦτον
918 3968 1048 4026 ἷδὼν
1098 3971 1326 4044 Ἀνεμᾶς
1362 3970 1391 4024 ὁ
1420 3973 1528 4024 τῶν
1565 3972 1789 4044 Κρητῶν

164 4065 241 4113 τοῦ
271 4060 538 4135 βασιλέως
568 4063 683 4135 (‘29)
735 4061 854 4124 υἱὸς
900 4062 1213 4137 Κουρουπᾶ,
1274 4079 1349 4121 εις
1398 4057 1471 4113 ὣν
1501 4062 1609 4114 τῶν
1647 4058 1796 4133 βασι-

167 4144 311 4203 λικῶν
358 4147 880 4228 σωματοφυλάκων,
925 4148 1085 4204 αὐτὸν
1127 4167 1183 4204 τε
1232 4147 1488 4223 εὗψυχως
1521 4145 1796 4222 ἀγωνιζό-

170 4258 303 4308 μενον
352 4240 444 4295 καὶ
501 4238 637 4302 τοὺς
679 4237 910 4302 λοιποὺς
972 4237 1052 4303 εἷς
1096 4242 1259 4293 τοῦτο
1308 4240 1677 4314 παρορμῶντα
1704 4234 1795 4291 καὶ

168 4320 479 4403 ὂιεγείραντα
528 4328 628 4383 καὶ
675 4329 773 4391 τὰς
817 4332 925 4384 τῶν
966 4327 1259 4401 Ῥωμαίων
1290 4326 1465 4398 τάξεις
1504 4322 1800 4400 διαταράσ-

161 4434 315 4487 mna,
350 4420 495 4492 μήτε
523 4417 670 4495 πρὸς
699 4418 764 4474 τὸ
818 4418 1046 4493 μέγεθος
1080 4415 1454 4492 καταπλαγεὶς
1475 4418 1571 4470 τοῦ
1601 4412 1798 4487 ἀνδρὸς

172 4505 286 4577 μήτε
310 4509 409 4578 τήν
441 4506 632 4577 ἀλκὴν
677 4505 977 4576 δειλιάσας,
1027 4510 1108 4581 [Ρ.
1157 4507 1286 4580 679]
1337 4503 1484 4560 ἀλλὰ
1537 4522 1802 4577 περικαρ⁴

1890 3348 2080 3420 primo
2110 3347 2259 3417 loco,
2284 3366 2398 3407 non
2427 3353 2582 3424 quod
2607 3352 2695 3409 vel
2728 3354 2949 3412 familia
2977 3360 3107 3431 ejus
3136 3360 3431 3434 praecipua
3449 3378 3543 3419 es-

1892 3442 2001 3508 set,
2023 3438 2111 3493 vel
2143 3438 2396 3495 favorem
2430 3439 2678 3498 aliorum
2720 3444 2834 3500 sibi
2878 3446 3119 3504 aliunde
3148 3451 3542 3519 conciliasset,

1893 3527 1993 3582 sed
2026 3526 2213 3582 solius
2239 3528 2474 3584 virtutis
2508 3544 2643 3603 ergo
2674 3532 2745 3588 ab
2778 3535 3070 3593 universis
3099 3537 3159 3593 in
3190 3538 3410 3596 honore
3439 3540 3544 3596 ha-

1895 3616 2075 3672 bitus.
2108 3616 2275 3672 Hunc
2305 3619 2624 3674 commissa
2653 3636 2854 3694 pugna
2882 3626 3154 3695 Anemas,
3176 3629 3545 3686 Cretensium

1898 3720 2105 3760 ameris
2139 3705 2333 3760 Basilii
2365 3710 2607 3778 Curupae
2639 3708 2815 3774 ﬁlius,
2852 3728 3004 3768 unus
3036 3714 3407 3785 imperatoris
3438 3720 3547 3774 sti-

1899 3797 2193 3866 patorum,
2225 3795 2381 3849 406
2412 3810 2660 3853 cernens
2708 3798 2936 3855 fortiter
2983 3818 3244 3875 pugnam
3293 3804 3453 3860 obire
3482 3822 3550 3861 ac

1903 3882 2159 3953 reliquos
2191 3882 2442 3938 excitare
2470 3888 2528 3939 et
2556 3888 2952 3943 Romanorum
2984 3890 3216 3947 ordines
3245 3893 3552 3950 conturba-

1903 3986 1984 4037 re,
2010 3969 2156 4026 nihil
2176 3971 2267 4027 vel
2289 3972 2557 4031 vastitate
2578 3976 2838 4048 corporis
2865 3979 2992 4050 ejus
3012 3980 3101 4035 vel
3132 3981 3338 4037 robore
3359 3982 3552 4040 deter-

1903 4062 2073 4127 ritus,
2107 4062 2393 4133 sanguine
2435 4063 2592 4119 circa
2621 4082 2721 4121 cor
2747 4067 3154 4126 effervescente
3192 4086 3409 4142 equum
3445 4071 3555 4128 hac

1903 4149 2037 4204 illac
2059 4153 2358 4219 torquens,
2383 4152 2589 4207 stricto
2610 4153 2709 4225 qui
2731 4155 2802 4209 ad
2834 4155 3026 4212 femur
3056 4160 3343 4230 pendebat
3361 4159 3556 4233 gladio

1904 4238 2190 4317 impetum
2212 4238 2271 4294 in
2295 4255 2429 4295 eum
2451 4240 2554 4297 dat
2571 4241 3179 4319 vehementissimum,
3200 4252 3558 4323 tantumque

1905 4327 1964 4382 in
1998 4326 2308 4383 sinistrum
2362 4329 2672 4385 humerum
2696 4331 2867 4402 juxta
2911 4334 3255 4392 claviculam
3304 4338 3559 4410 imponit

1905 4415 2147 4486 vulnus,
2180 4421 2248 4473 ut
2284 4421 2343 4473 et
2371 4416 2588 4474 collum
2645 4419 3014 4479 abscinderet
3060 4428 3118 4480 et
3166 4440 3300 4481 cum
3354 4428 3559 4485 dextra

1909 4523 2090 4561 manu
2133 4511 2504 4577 amputatum
2548 4512 2724 4579 caput
2752 4508 2810 4564 in
2845 4510 3033 4568 solum
3081 4513 3395 4570 decideret.
3429 4519 3561 4589 Ipse

168 4589 250 4668 δίῳ
287 4596 459 4674 θέρμῃ
513 4597 754 4675 ληφθεὶς
795 4597 886 4652 καί
934 4596 1027 4651 τὸν
1071 4592 1237 4651 ἵππον
1283 4590 1419 4669 τῇδε
1454 4593 1670 4648 κάκεῖσε
1696 4612 1793 4647 πα-

1910 4593 2129 4650 illaesus
2159 4594 2228 4649 ad
2264 4610 2405 4650 suos
2436 4594 2628 4651 rediit.
2652 4596 3056 4655 Exclamatum
3088 4601 3157 4656 ad
3195 4601 3305 4659 hoc
3334 4603 3563 4660 facinus

170 4688 459 4757 ρακινήσας,
512 4685 642 4760 μεθ’
690 4686 869 4762 ὁρμῆς
923 4684 1299 4760 ἅκατασχὲτου
1330 4682 1395 4737 τὸ
1436 4680 1804 4757 παρῃωρημι-

168 4793 239 4829 νον
287 4779 365 4850 τῷ
415 4779 597 4852 μηρῷ
651 4774 819 4851 αὑτοῦ
873 4774 1025 4853 ξίφος
1091 4773 1434 4847 σπασάμενος
1475 4768 1615 4826 ’ίεται
1665 4771 1802 4826 κατὰ

168 4866 244 4917 τοῦ
273 4865 503 4935 Σκύθουέ
555 4862 655 4920 καὶ
698 4861 845 4918 παίει
888 4866 1083 4919 τοῦτον
1127 4866 1209 4936 τῷ
1263 4859 1520 4938 φασγάνῳ
1549 4860 1685 4915 κατὰ
1706 4863 1805 4915 τοῦ

169 4950 424 5029 ἀριστεροῦ
455 4949 627 5027 ὤμου
682 4952 823 5027 περὶ’
853 4952 954 5021 τὴν
1005 4947 1217 5023 κλεῖδα,
1248 4949 1342 5004 καὶ
1390 4948 1683 5021 ἀποτέμνει
1712 4948 1803 5003 τὸν

171 5039 362 5116 ιῦχξνα,
395 5042 475 5105 ὡς
510 5034 795 5114 συμϐῆναι
841 5041 943 5110 τήν
995 5038 1239 5117 κεφαλὴν
1271 5037 1364 5093 σὺν
1394 5040 1465 5111 τῇ
1488 5033 1633 5110 δεξιᾷ
1656 5036 1808 5112 χειρὶ

1914 4682 2265 4755 promiscue,
2296 4684 2578 4741 Romanis
2626 4686 2699 4742 ob
2741 4685 3045 4745 victoriam
3093 4689 3297 4747 laztum
3343 4691 3562 4749 clamo-

1913 4788 2035 4829 rem
2069 4771 2496 4844 attollentibus,
2520 4775 2753 4847 Scythis
2783 4780 2981 4833 autem
3004 4795 3107 4834 con
3120 4780 3313 4835 fusum
3337 4781 3564 4853 ejulan-

1915 4862 2072 4918 tibus
2102 4865 2160 4919 et
2186 4863 2442 4933 vigorem
2475 4877 2647 4917 suum
2681 4863 3135 4923 dimittentibus.
3158 4869 3417 4925 Tandem
3451 4870 3564 4928 Ro-

1915 4950 2108 5007 manis
2164 4948 2567 5021 prementibus
2622 4953 2793 5008 Rossi
2853 4955 3050 5025 fugam
3111 4957 3349 5027 faciunt,
3381 4974 3568 5030 eaque

1915 5056 2050 5097 cum
2084 5039 2364 5096 dedecore
2393 5038 2451 5094 in
2481 5039 2685 5095 urbem
2720 5042 2992 5099 evadunt.
3022 5043 3191 5101 Multi
3218 5061 3284 5103 eo
3316 5046 3408 5104 die
3437 5064 3566 5121 per-

174 5125 463 5189 ἒκκοπεῖσαν
519 5134 709 5187 πεσεῖν
770 5128 846 5192 είς
899 5130 961 5186 τὸ
999 5126 1323 5199 ἔδαφος.Καὶ
1368 5127 1398 5183 ὁ
1445 5126 1541 5201 μὲν
1593 5125 1793 5199 Σκύθηι

1918 5131 2132 5199 ierunt,
2157 5127 2369 5200 partim
2399 5128 2473 5185 ob
2500 5127 2763 5186 locorum
2796 5134 3135 5205 angustiam
3167 5153 3201 5192 a
3228 5151 3291 5192 se
3318 5136 3566 5194 invicem

1341 5288 1713 5348 XYLANDRI
1748 5288 1844 5347 ΕΤ
1882 5286 2101 5345 GOARI
2139 5285 2376 5342 NOTAE.

229 5415 326 5488 (29)
351 5419 468 5477 Aut
513 5415 729 5477 Basilii
777 5430 1097 5489 cognomen
1146 5417 1236 5472 est
1281 5416 1583 5489 Curupas,_
1608 5417 1667 5470 et
1708 5427 1816 5469 vox
1923 5412 2162 5489 preter:
2211 5411 2380 5489 Hune
2410 5426 2536 5466 cum
2581 5411 2804 5489 vidisset
2852 5413 3095 5472 Anemas
3142 5418 3302 5487 regia
3354 5417 3573 5477 Cretum

175 5482 335 5563 iriiri
395 5491 652 5548 omissa-
714 5482 1160 5563 alit'ﬂaathwe

1225 5484 1488 5543 amaram
1552 5484 1812 5542 denotat.

176 5556 319 5643 tritis
342 5579 552 5643 rem!!!
596 5558 763 5634 puto?
790 5556 1115 5643 Eteonon
1141 5556 1666 5643 ἀμηρᾶςιοβοσὲρφ
1712 5556 1815 5643 ad:

1920 5482 2572 5577 stirpensa‘ljtsncaruaw
2601 5482 2780 5556 ﬁlius,
2810 5502 2953 5577 unus
2980 5482 3333 5577 imperatoris
3361 5492 3574 5577 καιρίμ-

1924 5553 2061 5632 tum.
2088 5553 2237 5632 Quid
2268 5553 2534 5612 clarius?
2584 5553 2721 5614 nam
2764 5553 2938 5632 paulo
2989 5553 3124 5632 po'st
3170 5564 3426 5619 Anemas
3456 5564 3575 5631 hic,

176 5630 327 5705 ditur,
385 5625 643 5695 nomine
694 5625 938 5711 omisso.
970 5636 1115 5711 §YL.
1238 5625 1490 5711 Omissis
1536 5626 1817 5711 Xylandri
1922 5625 2289 5711 gratensium
2322 5643 2554 5697 emeras,
2580 5645 2697 5686 non
2729 5625 2929 5688 Basilii
2959 5625 3116 5691 filius
3147 5625 3574 5693 enuntiahitur;

177 5698 515 5787 coniecturis
542 5708 609 5766 et
637 5703 1118 5795 corruptionihus
1159 5702 1285 5787 haec
1320 5701 1497 5760 verba
1526 5698 1608 5758 sic
1637 5698 1817 5756 inter-

470 5804 752 5899 I’A'raon.
799 5834 913 5897 Gn.
956 5802 1188 5897 CXXII.

1923 5700 2104 5759 Goaa.

3218 5834 3255 5893 5
