4050 6326
476 345 592 430 lae

1832 361 2145 422 GEORGII
2190 360 2529 423 CEDRENI

3766 368 3885 427 MO

477 498 824 567 conculcati,
883 497 1097 570 partim
1144 514 1178 553 a
1228 496 1505 553 Romanis
1560 495 1849 552 assecutis
1906 510 2004 551 eos
2064 495 2111 551 in

2237 490 2409 549 ἔκειτο
2439 495 2641 567 πεσὼν,
2699 497 2727 550 6
2776 494 2823 551 δ’
2882 498 3114 572 Ἀνεμᾶς
3159 499 3351 569 ἀσινής
3404 496 3665 565 ἐπανῆκεν
3708 500 3785 557 εἰς
3818 501 3881 555 τὸ

476 590 611 661 fuga
644 589 796 644 caesi.
827 588 990 653 Quod
1040 587 1153 643 nisi
1185 604 1297 642 nox
1335 587 1618 658 ingruens
1662 585 2123 657 Sphendosthla-

474 678 617 733 bum
649 678 983 749 eripuisset,
1016 678 1218 747 utique
1248 680 1305 730 et
1335 676 1461 747 ipse
1513 674 1675 730 vivus
1724 676 1782 730 in
1834 676 2123 730 Romano-

475 784 607 822 rum
638 767 896 822 venisset
939 770 1309 838 potestatem.
1343 765 1700 836 Superstites
1733 782 1765 819 a
1796 764 1958 819 clade
1989 780 2121 818 eum

475 857 630 911 intra
695 857 909 912 moenia
973 856 1292 922 venissent,
1350 872 1561 924 magno
1628 870 1761 909 cum
1832 854 1992 909 luctu
2059 869 2125 908 ac

475 946 716 1017 planctu
774 950 1023 1001 mortem
1074 945 1318 1000 Icmoris
1368 944 1835 1015 deploraverunt.
1894 943 1958 996 Et
2010 947 2124 997 Ro-

476 1035 637 1091 mani
694 1052 826 1090 cum
883 1035 1148 1090 barbaris
1220 1034 1427 1089 occisis
1485 1032 1670 1105 spolia
1730 1032 2123 1101 detraherent,

472 1127 627 1180 inter
668 1126 951 1180 cadavera
1011 1125 1188 1179 etiam
1242 1123 1518 1178 mulieres
1576 1123 1927 1177 invenerunt
1976 1121 2124 1175 virili

474 1214 679 1269 habitu
711 1218 915 1281 tectas,
952 1230 1077 1285 quae
1109 1213 1260 1268 inter
1294 1211 1537 1267 maritos
1582 1212 1640 1265 in
1693 1211 1986 1267 Romanos
2019 1227 2125 1282 pu-

472 1308 813 1372 gnaverant.

2235 583 2815 661 στρατοπεδον.Ἠρθη
2870 587 2955 641 ἐπὶ
3007 587 3087 661 τῷ
3139 587 3285 665 ἔργῳ
3344 590 3495 666 φωνή
3555 592 3877 666 παμμιγὴς,

2231 678 2338 728 τῶν
2391 675 2483 747 μὲν
2544 677 2828 749 Ῥωμαίων
2882 676 3266 748 ἀλαλαξάντων
3318 677 3406 733 ἐπὶ
3459 682 3527 752 τῇ
3587 678 3733 754 νίκῃ,
3767 684 3879 734 τῶν

2235 759 2292 816 δὲ
2351 764 2571 827 Σκυθὼν
2632 765 2862 838 ἀσήμως
2940 765 3314 837 ὀλολυξάντων
3387 768 3473 822 καὶ
3529 775 3629 837 τῆς
3671 770 3875 823 ἑαυτῶν

2238 850 2571 907 ὑπενδόντων
2617 853 2932 917 ἐνστάσεως.
2985 853 3413 930 Ἐπιϐρισάντων
3470 854 3527 912 δὲ
3582 862 3691 912 τῶν
3736 860 3877 912 Ῥω-

2240 941 2413 1014 μαίων
2463 942 2537 1003 εἷς
2598 945 2777 1017 φυγήν
2837 943 3201 1019 ἔγκεκλίκασι,
3261 945 3350 1001 καὶ
3407 946 3615 1007 ἀκλεῶς
3664 946 3737 1008 εἷς
3771 949 3875 1015 τὴν

2234 1029 2396 1083 πόλιν
2430 1029 2718 1099 ἐσωζοντο.
2772 1034 2996 1089 Ἔπεσον
3048 1032 3105 1088 δὲ
3156 1034 3363 1090 πολλοὶ
3410 1037 3543 1090 κατά
3580 1033 3742 1106 τήνδε
3772 1037 3874 1106 τὴν

2235 1121 2469 1194 ἡμέραν,
2497 1120 2586 1174 ὐπ’
2620 1121 2884 1192 ἀλλήλων
2932 1145 2988 1178 τε
3036 1126 3478 1199 συμπατούμενοι
3508 1124 3594 1180 διὰ
3624 1128 3720 1195 τήν
3757 1148 3874 1181 στε-

2235 1210 2508 1282 νοχωρίαν
2558 1210 2646 1263 καὶ
2710 1211 2811 1265 ὑπὸ
2854 1213 3139 1285 Ῥωμαίων
3192 1214 3549 1291 σφαττόμενοι
3589 1219 3669 1286 τῷ
3709 1236 3878 1270 κατα-

2240 1293 2627 1369 λαμϐάνεσθαι.
2656 1306 2865 1377 Μικροῦ
2913 1299 2963 1356 δ’
3009 1301 3067 1357 ἄν
3120 1303 3265 1358 ὶάλω
3317 1304 3408 1358 καὶ
3439 1306 3466 1359 6
3500 1302 3878 1380 Σφενδοσθλά-

472 1386 567 1452 ϐος
600 1391 787 1460 αὐτὸς,
822 1392 865 1444 εἰ
924 1392 999 1462 μή
1050 1392 1137 1463 νὺξ
1192 1390 1545 1465 ἐπιγενομένη
1605 1393 1794 1442 τοῦτον
1852 1387 2133 1464 ὲρῥύσατο.
2191 1388 2257 1443 Οἱ
2317 1386 2373 1440 δὶ
2428 1389 2519 1443 τὸν
2580 1388 2826 1445 κίνδυνον
2881 1389 3212 1469 διαδράντες,
3246 1392 3394 1455 ἐντὸς
3435 1399 3531 1449 τοῦ
3574 1390 3877 1471 περιϐόλου

472 1481 784 1554 γενόμενοι,
843 1482 1083 1536 κωκυτὸν
1153 1480 1238 1535 ἐπὶ
1298 1485 1377 1551 τῷ
1432 1485 1527 1535 τοῦ
1581 1482 1835 1553 Ἱκμορος
1902 1478 2114 1550 Θανάτῳ
2196 1476 2359 1553 μέγαν
2418 1476 2702 1552 ἐκόψαντο.
2764 1481 2907 1543 Τοὺς
2969 1480 3025 1537 δὲ
3080 1483 3341 1546 πεσόντας
3390 1488 3497 1539 τῶν
3561 1480 3877 1560 βαρϐάρων,

472 1569 821 1631 σκυλεύοντες
878 1571 929 1625 οἱ
988 1570 1247 1643 Ῥωμαῖοι
1307 1569 1458 1644 εὗρον
1536 1570 1625 1623 καὶ
1704 1574 1959 1644 γυναῖκας
2043 1568 2097 1623 ἐν
2174 1572 2291 1630 τοῖς
2366 1568 2733 1642 ἀνῃρημένοις
2782 1571 3035 1646 κειμένας
3088 1570 3352 1648 ἀνδρικῶς
3402 1572 3732 1649 ἐσταλμένας
3782 1574 3877 1629 καὶ

476 1660 608 1731 μετὰ
636 1664 743 1714 τῶν
776 1657 981 1736 ἀνδρῶν
1014 1661 1149 1733 πρὸς
1181 1660 1491 1733 Ῥωμαίους
1519 1659 1949 1735 ἀγωνισαμὲνας.

541 1790 689 1844 407
724 1787 857 1844 Jam
896 1788 1162 1843 barbaris
1213 1786 1364 1843 bello
1396 1786 1587 1843 omnia
1635 1789 1803 1842 erant
1854 1784 2117 1840 adversa.

468 1878 612 1933 Nam
646 1894 833 1950 neque
855 1877 1262 1949 suppetiarum
1286 1893 1421 1948 spes
1442 1880 1735 1945 erat,cum
1768 1880 1824 1930 et
1854 1874 2118 1944 ipsorum

467 1967 714 2038 gentiles
745 1966 945 2039 procul
968 1969 1241 2023 abessent
1262 1971 1320 2022 et
1341 1965 1605 2021 ﬁnitimae
1640 1965 1899 2021 barbarae
1919 1969 2119 2035 gentes

466 2074 499 2112 a
528 2056 804 2113 Romanis
846 2058 958 2112 sibi
1014 2060 1347 2112 metuentes
1396 2054 1612 2111 auxilia
1642 2054 2028 2124 denegarent;
2061 2054 2118 2107 et

2306 1783 2453 1839 Ἐπεὶ
2505 1780 2570 1838 ’δὲ
2624 1790 2741 1850 τοῖς
2801 1781 3098 1863 βαρϐάροις
3157 1794 3337 1851 κακῶς
3395 1786 3609 1866 ἐφέρετο
3668 1790 3734 1843 τὰ
3773 1793 3877 1844 τοῦ

2230 1869 2476 1944 πολέμου
2506 1873 2594 1927 καὶ
2628 1873 2940 1950 ξυμμαχίας
2990 1878 3054 1944 iv
3104 1876 3261 1941 ἐλπὶς
3290 1875 3539 1951 οὐδαμοῦ
3569 1876 3658 1951 (οἷ’
3680 1898 3739 1932 τε
3767 1878 3876 1953 γάρ

2229 1961 2503 2035 ὁμόφυλοι
2536 1962 2673 2031 ἦσαν
2726 1964 2957 2040 μακρὰν,
3006 1966 3095 2020 καὶ
3130 1968 3195 2021 τά
3241 1967 3418 2042 ὅμορα
3465 1962 3719 2043 Βάρϐαρα
3759 1972 3874 2021 τῶν

2227 2048 2393 2113 ἐθνῶν
2428 2049 2669 2106 δείσαντα
2722 2053 2847 2115 τοὺς
2896 2056 3200 2127 Ῥωμαίους
3252 2056 3542 2111 ἀπείπαντο
3594 2057 3693 2124 τὴν
3739 2056 3879 2133 βοή-

464 2152 831 2203 commeatus
876 2147 1038 2217 ipsos
1086 2146 1376 2208 deﬁceret,
1411 2145 1564 2216 quod
1625 2144 1883 2199 Romana
1931 2142 2111 2197 classe

2227 2150 2411 2204 eeiuv°
2445 2140 2787 2197 ἐπελελοίπει
2835 2140 2881 2197 δ’
2930 2143 3125 2207 αὐτοὺς
3172 2146 3260 2199 καὶ
3307 2146 3374 2200 τὰ
3419 2144 3731 2216 ἐπιπήδεια,
3778 2146 3876 2200 καὶ

463 2237 623 2307 ripas
673 2235 1117 2291 accuratissime
1148 2234 1511 2290 custodiente
1560 2232 1708 2288 nihil
1754 2232 1838 2288 eis
1888 2236 2116 2303 poterat

464 2325 810 2396 importari;
878 2325 1199 2395 eademque
1278 2340 1370 2379 res
1440 2323 1696 2379 obstaret
1743 2338 1858 2393 quo
1917 2320 2115 2375 minus

465 2413 678 2469 lembis
710 2413 835 2469 suis
868 2414 1145 2485 aufugere
1177 2420 1437 2485 possent,
1471 2430 1604 2468 cum
1641 2412 1876 2467 interim
1907 2414 2113 2465 Roma-

464 2503 557 2558 nis
587 2504 844 2572 quotidie
875 2502 1051 2558 veluti
1083 2520 1147 2557 ex
1181 2504 1419 2574 perenni
1470 2504 1627 2557 fonte
1660 2500 1859 2557 omnia
1908 2500 2110 2555 afflue-

461 2599 589 2649 rent
616 2594 788 2665 bona,
808 2597 863 2648 et
885 2593 1133 2649 subinde
1158 2597 1459 2664 equestres
1488 2596 1913 2662 terrestresque
1936 2589 2109 2659 copiae

459 2683 817 2738 accederent.
845 2683 1051 2754 Itaque
1080 2682 1393 2738 concilium
1425 2686 1663 2753 cogunt.
1690 2680 1772 2734 lbi
1805 2679 1904 2734 alii
1935 2683 2109 2733 noctu

459 2770 662 2827 furtim
714 2771 1135 2843 aufugiendum
1177 2771 1515 2836 censebant,
1566 2769 1661 2824 alii
1710 2772 2108 2823 Romanorum

457 2861 633 2916 fidem
692 2876 1008 2931 pacemque
1065 2858 1520 2931 implorandam,
1555 2863 1732 2929 atque
1790 2856 1873 2911 ita
1920 2855 2110 2925 (aliter

456 2951 616 3005 enim
648 2967 764 3006 non
806 2950 996 3022 licere)
1030 2951 1271 3005 domum
1320 2950 1685 3005 redeundum
1721 2966 1733 3003 :
1769 2948 1900 3003 aliis
1948 2946 2105 3002 aliud

456 3057 561 3111 pro
588 3057 649 3097 re
670 3044 808 3095 nata
826 3040 1150 3096 videbatur.
1180 3040 1457 3096 Omnium
1480 3046 1674 3095 tamen
1698 3056 1765 3094 eo
1788 3037 2109 3094 tondebant

456 3130 783 3197 sententiae,
806 3128 945 3185 belli
972 3130 1151 3185 finem
1181 3146 1309 3186 esse
1339 3128 1690 3185 faciendum.
1714 3126 2104 3199 AtSphendo-

458 3219 728 3276 sthlabus
780 3219 999 3274 hortari
1060 3222 1124 3274 ut
1168 3219 1360 3274 adhuc
1408 3217 1589 3275 semel
1638 3234 1773 3273 cum
1829 3214 2106 3273 Romanis

460 3309 735 3379 congredi
764 3307 1000 3379 vellent,
1030 3313 1088 3363 et
1114 3307 1203 3363 vel
1252 3307 1477 3363 fortiter
1524 3307 1839 3379 pugnando
1870 3322 1969 3361 eos
1999 3306 2103 3360 de-

460 3397 716 3468 vincere,
734 3397 821 3452 vel
842 3398 892 3453 si
913 3398 1152 3453 victoria
1173 3396 1349 3469 potiri
1376 3414 1489 3452 non
1512 3398 1769 3464 daretur,
1789 3395 2102 3467 gloriosam

460 3489 635 3557 atque
677 3486 904 3542 felicem
963 3490 1209 3542 mortem
1266 3486 1622 3557 turpissima:
1672 3490 1847 3556 atque
1895 3485 2097 3540 infami

456 3575 588 3630 vita;
636 3577 926 3647 praeferre.
970 3577 1075 3642 Qui
1121 3576 1276 3631 enim
1326 3577 1505 3631 vitam
1553 3574 1856 3631 toleraturi
1904 3579 2103 3630 essent

457 3666 599 3737 fuga
629 3665 1471 3733 servatam,contemnentibus
1500 3664 1659 3735 ipsos
1693 3681 1863 3736 porro
1897 3665 2104 3719 VlClnlS

457 3753 711 3826 populis,
736 3754 955 3826 quibus
985 3761 1157 3810 antea
1199 3756 1407 3811 terrori
1440 3754 1729 3811 fuissent?
1759 3755 1837 3809 Ea
1868 3760 2103 3809 senten-

454 3844 539 3898 tia
567 3844 810 3915 placuit,
833 3844 1177 3915 assensique
1217 3850 1355 3900 sunt
1386 3860 1612 3911 omnes,
1636 3848 1694 3899 et
1734 3842 1977 3915 polliciti
2009 3860 2104 3898 ex-

456 3935 713 3987 tremum
752 3933 904 3986 408
938 3950 1000 3987 se
1032 3950 1134 4003 pro
1165 3933 1284 3987 vita
1315 3950 1422 3987 sua
1453 3938 1745 3989 certamen
1789 3949 2024 3987 summa
2053 3931 2104 3985 vi

458 4021 744 4077 obituros.
769 4021 1051 4076 Postridie
1081 4036 1216 4092 ergo
1251 4021 1503 4076 universi
1533 4023 1675 4076 urbe
1706 4024 1937 4089 exeunt,
1972 4038 2106 4092 por-

461 4114 672 4179 tasque
697 4108 997 4176 claudunt,
1026 4126 1095 4165 ne
1118 4110 1251 4181 quis
1282 4112 1339 4165 in
1365 4110 1565 4165 urbem
1590 4127 1620 4165 e
1645 4110 1781 4181 fuga
1813 4112 2110 4181 pervenire

464 4198 670 4271 possit.
700 4198 1021 4253 Commisso
1079 4198 1277 4270 praelio
1334 4200 1544 4254 acriter
1604 4205 1917 4271 pugnatur.
1975 4199 2107 4254 Jam

464 4286 733 4343 barbaris
764 4286 1027 4342 animose
1068 4288 1492 4358 pugnantibus,
1525 4289 1771 4343 Romani
1816 4295 1875 4344 et
1916 4288 2111 4360 gravis

467 4392 586 4432 sua:
617 4379 929 4430 armaturae
968 4376 1224 4446 pondere
1254 4381 1310 4431 et
1339 4376 1479 4432 solis
1511 4393 1713 4432 sereno
1748 4378 1989 4432 meridie
2019 4394 2110 4431 ar-

468 4466 607 4520 dore
636 4480 702 4519 ac
732 4464 829 4519 siti
875 4463 1154 4537 languere
1199 4464 1577 4536 incipiebant,
1612 4483 1745 4522 cum
1796 4466 2114 4538 imperator

468 4570 529 4610 re
562 4554 967 4609 animadversa
993 4556 1284 4610 succurrit
1308 4572 1439 4610 cum
1472 4558 1619 4621 suis,
1645 4561 1699 4611 et
1730 4556 1988 4611 hostium
2018 4572 2113 4610 ve-

466 4642 777 4698 hementia:
798 4659 859 4697 se
890 4642 1110 4713 objicit,
1140 4648 1413 4716 utresque
1446 4644 1679 4700 interim
1713 4663 1865 4717 aqua
1887 4650 1940 4699 et
1979 4646 2112 4700 vino

466 4732 668 4801 plenos
690 4730 881 4787 afferri
914 4732 1095 4802 jubet.
1121 4732 1259 4788 Inde
1281 4750 1429 4805 quos
1452 4741 1632 4789 aestus
1654 4750 1717 4788 ac
1744 4734 1872 4790 silis
1893 4733 2111 4789 afﬂixe-

465 4826 554 4876 rat
603 4820 843 4877 recreati
874 4820 1125 4877 violento
1173 4821 1395 4894 impetu
1446 4823 1505 4877 in
1552 4823 1795 4895 Scythas
1846 4824 2108 4891 irruunt;

2227 2226 2531 2302 οὐδαμὸθεν
2585 2230 2991 2305 εἷσκομίσασθαι
3044 2231 3266 2290 δυνατὸν
3307 2235 3398 2306 ἦν,
3426 2239 3522 2290 τοῦ
3553 2237 3875 2308 Ῥωμαϊκοῦ

2226 2316 2424 2372 στόλου
2454 2320 2550 2382 τάς
2601 2317 2771 2395 ὄχθας
2814 2318 3054 2397 ἀκριϐῶς
3105 2328 3405 2399 τηροῦντος
3450 2328 3545 2379 τοῦ
3583 2329 3874 2396 ποταμοῦ-

2225 2404 2439 2482 ἆπέῥρει
2491 2406 2547 2463 δὲ
2601 2409 2689 2464 καὶ
2739 2416 2853 2472 τοῖς
2895 2412 3189 2485 Ῥωμαίοις
3248 2414 3475 2484 ἑκάστης
3532 2413 3739 2490 ἡμέρας
3795 2415 3875 2476 ὡς

2222 2494 2281 2553 ἔκ
2310 2519 2459 2560 τινος
2514 2498 2749 2576 ἀφθόνου
2798 2507 2983 2575 πηγῆς
3032 2504 3204 2557 πάντα
3249 2504 3315 2556 τὰ
3363 2503 3550 2578 ἀγαθὰ,
3583 2503 3671 2557 καὶ
3702 2504 3873 2558 ἱππι-

2219 2587 2310 2641 καὶ
2342 2588 2431 2641 καὶ
2464 2589 2675 2656 πεζικαὶ
2736 2586 2989 2662 δυνάμεις
3040 2588 3129 2645 διὰ
3184 2593 3380 2653 παντὸς
3427 2592 3811 2668 προσετίθεντο
3854 2614 3867 2627 ·

2219 2676 2306 2731 καὶ
2340 2673 2464 2731 οὐδὲ
2502 2682 2617 2740 τοῖς
2664 2677 2943 2749 κελητίοις
2993 2680 3194 2735 ἑαυτῶν
3245 2676 3517 2753 ἐμϐάντας
3560 2678 3874 2755 ἀποδρᾶναι

2217 2765 2283 2833 iv
2322 2762 2566 2832 δυνατὸν,
2599 2770 2704 2819 τῶν
2757 2764 3033 2841 διεξόδων,
3085 2769 3158 2830 ὡς
3210 2766 3455 2843 εἷ’πομεν,
3490 2764 3726 2844 ἀκριϐῶς
3761 2792 3870 2845 φυ-

2220 2853 2613 2928 λαττομένων),
2646 2851 2963 2927 συμϐουλὴν
3016 2857 3410 2931 συστησάμενοι
3461 2858 3517 2914 οῗ
3547 2859 3642 2931 μὶν
3671 2861 3871 2923 νυκτὸς

2219 2939 2605 2999 συνεϐούλευον
2655 2944 2851 3019 κλέψαι
2904 2948 3001 3016 τὴν
3053 2947 3426 3023 ἀναχώρησιν,
3480 2947 3643 3003 ἄλλοι
3687 2947 3743 3003 δὲ
3777 2946 3871 3004 δε-

2219 3032 2331 3102 ξιάς
2375 3032 2464 3087 καὶ
2512 3033 2715 3096 πίστεις
2763 3036 2907 3110 παρά
2959 3036 3242 3109 Ῥωμαίων
3289 3037 3607 3108 αἰτήσασθαι
3661 3039 3745 3092 οἶα
3784 3040 3868 3112 μὴ

2219 3118 2405 3184 ἄλλως
2462 3119 2691 3191 δυνατῆς
2741 3122 2907 3195 οὔσης
2960 3127 3060 3194 τής
3109 3126 3542 3201 ὑποχωρήσεως,
3574 3126 3663 3180 καὶ
3714 3125 3870 3182 οὕτω

2216 3212 2351 3286 πρὸς
2380 3211 2446 3266 τά
2491 3210 2665 3266 οῗκεῖα
2704 3210 2923 3289 ἀπᾶραι.
2974 3215 3071 3268 Καὶ
3121 3212 3306 3270 ἄλλων
3359 3214 3432 3276 ὣς
3475 3236 3550 3286 πη
3583 3216 3801 3288 ἑκάστῳ
3836 3218 3868 3270 6

2215 3301 2402 3373 καιρὸς
2454 3298 2636 3356 ἐδίδου
2687 3297 3234 3375 συμϐουλευσάντων.
3283 3305 3497 3359 πάντων
3532 3301 3588 3359 δὲ
3616 3304 3869 3376 καθάπαξ

2215 3391 2530 3444 καταθέσθαι
2587 3392 2678 3445 τὸν
2733 3389 2976 3465 πόλεμον
3051 3392 3483 3465 ἐπιθυμούντων,
3543 3395 3570 3448 ὁ
3623 3391 3866 3471 Σφενδο-

2217 3474 2451 3543 σθλάϐος
2498 3479 2730 3555 παφῄνει
2784 3478 2997 3552 μᾶλλον
3049 3476 3125 3535 ἔτι
3177 3480 3311 3552 ἅπαξ
3360 3482 3671 3556 πολεμῆσαι
3720 3484 3867 3537 Ῥω-

2220 3568 2421 3641 μαίοις,
2455 3570 2608 3637 καὶ
2668 3568 2853 3631 καλῶς
2904 3568 3342 3645 ἀγωνισαμένους
3393 3570 3698 3645 ἐπικρατεῖς
3741 3578 3862 3628 τῶν

2213 3655 2459 3712 ἐναντίων
2493 3660 2756 3734 γενέσθαι,
2790 3657 2825 3728 ἤ
2874 3660 3204 3729 ἡττηοὲννας
3256 3658 3545 3735 αἰσχίστης
3591 3666 3733 3732 ζωῆς
3762 3665 3867 3718 καὶ

2214 3745 2584 3802 ἐπονειδίστου
2644 3747 2841 3807 εὐκλεᾷ
2906 3748 2995 3802 καὶ
3075 3750 3338 3823 μακάριον
3416 3752 3876 3823 προτιμήσασθαι

2217 3838 2438 3899 θάνατον
2476 3854 2490 3869 °
2524 3832 2757 3892 ἀϐίωτον
2789 3838 2889 3913 γὰρ
2944 3834 3089 3892 ἔσται
3138 3837 3325 3901 αὐτοῖς
3370 3835 3597 3914 δρασμῷ
3622 3840 3719 3908 τήν
3751 3862 3876 3895 σωο

2213 3926 2403 4000 τηρίαν
2449 3928 2856 3999 πορισαμὲἑοις,
2908 3926 3056 4000 εἶ’περ
3110 3926 3365 3999 μέλλοιεν
3419 3927 3869 4004 εὐκαταρφρόνηο

2215 4035 2300 4069 τοι
2332 4009 2538 4079 ἔσεσθαι
2607 4021 2723 4078 τοῖς
2774 4021 3105 4092 γειτονοῦσιν
3156 4012 3380 4086 ἔθνεσιν,
3427 4016 3459 4070 ἃ
3506 4019 3568 4072 τὸ
3623 4021 3873 4091 προσθεν

2218 4102 2415 4165 αὐτοὺς
2469 4101 2735 4158 ἐδεδίεσαν
2790 4102 3055 4180 σφοδρῶς.
3118 4106 3201 4178 [Ρ.
3227 4107 3353 4177 680]
3399 4112 3620 4181 ’Ἡρεσεν
3680 4109 3716 4177 ἡ
3766 4114 3882 4164 τοῦ

2222 4188 2677 4269 Σφενδοσθλάϐου
2739 4193 2941 4268 βουλή,
3011 4194 3101 4248 καὶ
3172 4197 3451 4249 κατέθεντο
3518 4195 3711 4258 πάντες
3770 4199 3878 4253 τὸν

2223 4282 2353 4357 ὑπὶρ
2385 4285 2568 4357 ψυχῆς
2601 4278 2829 4358 ἔσχατον
2881 4280 3234 4358 ἀναδέχεσθαι
3282 4281 3528 4340 κίνδυνον
3559 4291 3675 4347 ταῖς
3709 4284 3886 4354 ὅλαις

2222 4369 2501 4443 δυνάμεσι.
2561 4375 2635 4444 Τῇ
2690 4377 2821 4447 γοῦν
2880 4372 3105 4446 ἐπιούσῃ
3163 4371 3468 4444 ἐξελθόντες
3519 4379 3615 4429 τοῦ
3672 4374 3883 4441 ἄστεος

2221 4458 2517 4534 πανδημεὶ,
2564 4461 2653 4516 καὶ
2700 4463 2794 4523 τὰς
2839 4460 3016 4525 πύλας
3066 4461 3506 4536 ἀποκλείσαντες,
3541 4464 3615 4525 ὡς
3647 4468 3723 4538 μή
3757 4488 3883 4522 τινι

2224 4548 2445 4605 δυνατὸν
2479 4548 2561 4620 εἴη
2611 4550 2863 4625 τραπέντι
2910 4548 3265 4621 διασώζεσθαι
3324 4553 3461 4626 πρὸς
3515 4555 3614 4622 τὴν
3673 4553 3882 4630 πόλιν⁹

2222 4635 2598 4713 συμϐάλλουσι
2658 4645 2776 4703 τοῖς
2832 4638 3145 4713 Ῥωμαίοις.
3208 4642 3441 4717 Ἀγῶνος
3501 4640 3558 4697 δὶ
3598 4652 3885 4721 καρτεροῦ

2224 4731 2513 4791 συστάντος
2564 4729 2653 4784 καὶ
2700 4734 2808 4783 τῶν
2861 4724 3145 4804 βαρϐάρων
3220 4730 3474 4806 εὐψύχως
3534 4732 3889 4807 ἀγωνιζομὲ-

2222 4840 2352 4887 νων,
2383 4823 2461 4891 τῷ
2490 4817 2635 4891 ἡλίῳ
2665 4818 3028 4892 καυσούμενοι
3079 4819 3129 4873 οἱ
3170 4820 3432 4892 Ῥωμαῖοι
3464 4821 3554 4875 καὶ
3585 4820 3728 4896 δίψει
3760 4845 3888 4880 πο-

464 4910 655 4982 iisque
702 4910 978 4965 audacter
1027 4910 1512 4979 subsistentibus,
1554 4912 1900 4983 aliquandiu
1948 4930 2111 4984 mque

2224 4908 2477 4981 νούμενοι
2510 4909 2583 4971 ὡς
2604 4907 2937 4964 πανοπλῖται
2988 4908 3073 4982 (iv
3119 4907 3222 4983 γάρ
3252 4907 3341 4963 καὶ
3373 4911 3614 4986 σπαθηρά
3646 4933 3887 4986 μεσημ-

468 5000 651 5054 Marte
685 5005 1007 5070 pugnatum
1058 5008 1161 5054 esl.
1195 5001 1451 5055 Tandem
1497 5002 1814 5072 imperator
1854 5002 2112 5057 sentiens

466 5087 577 5143 loci
610 5089 944 5159 angustiam
992 5088 1190 5143 virtuti
1237 5107 1478 5145 suorum
1529 5092 1759 5145 obstare
1789 5108 1855 5145 ac
1886 5090 2113 5162 Scythis

470 5193 536 5233 eo
567 5177 794 5231 animos
826 5176 1045 5247 augeri,
1071 5178 1313 5232 mandat
1342 5179 1589 5233 ducibus
1621 5183 1683 5232 ut
1713 5184 1864 5233 retro
1897 5181 1953 5234 in
1992 5179 2112 5251 pla-

471 5265 675 5319 nitiem
734 5266 933 5337 procul
984 5266 1055 5319 ab
1105 5268 1248 5321 urbe
1300 5267 1612 5336 abducant,
1647 5268 2114 5340 fugientiumque

472 5354 725 5424 speciem
758 5372 873 5410 non
905 5355 1087 5409 ell'use
1116 5356 1214 5409 sed
1256 5356 1475 5410 sensim
1509 5358 1764 5412 cedendo
1796 5358 2112 5428 praebeant,

470 5449 645 5512 atque
676 5442 776 5496 ubi
810 5443 1035 5498 hostem
1085 5442 1251 5511 longe
1281 5443 1352 5497 ab
1385 5446 1529 5499 urbe
1575 5446 1893 5515 avocarint,
1917 5447 2111 5501 subito

467 5531 635 5601 equis
683 5531 977 5587 conversis
1027 5531 1461 5602 aggrediantur.
1493 5534 1665 5589 Jussa
1711 5540 2113 5607 exsequuntur

466 5621 665 5675 duces.
702 5619 766 5673 Et
813 5620 981 5675 Rossi
1013 5621 1283 5676 cedentes
1316 5626 1606 5678 Romanos
1637 5625 1837 5696 fugere
1866 5626 2108 5697 opinati,

464 5712 671 5768 mutuo
692 5724 819 5768 sese
840 5707 1147 5780 exhortati,
1165 5726 1377 5785 magno
1402 5726 1533 5769 cum
1561 5711 1800 5770 fremitu
1830 5730 1927 5772 eos
1956 5715 2104 5773 409

2223 4993 2350 5069 ϐρία
2382 4994 2634 5073 (ἤρξαντο
2686 4996 2972 5052 ἐνδιδόναι.
3026 4999 3195 5071 ’Ὀπερ
3252 4996 3571 5070 αἰσθόμενος
3621 5001 3648 5054 ὁ
3705 5002 3887 5075 βασι..

2222 5084 2349 5148 λεὺς
2391 5084 2479 5141 διὰ
2519 5088 2731 5163 ταχέων
2786 5086 2919 5159 μετά
2966 5086 3073 5140 τῶν
3111 5086 3234 5161 περὶ
3293 5086 3449 5141 αὐτὸν
3500 5083 3740 5161 ἐϐοήθει,
3772 5095 3889 5149 καὶ

2223 5174 2382 5237 αὐτὸς
2417 5177 2511 5247 μὲν
2542 5178 2638 5244 τὴν
2690 5176 2870 5249 ἀκμὴν
2926 5172 3211 5244 ὑπεδέξατο
3258 5178 3357 5229 τοῦ
3394 5174 3665 5250 πολέμου,
3696 5183 3776 5250 τῷ
3810 5179 3891 5239 δὲ

2220 5265 2553 5335 πεπονηκότι
2591 5263 2946 5341 στρατεύματι
3001 5264 3100 5319 ὑπὸ
3149 5262 3315 5333 ἡλίου
3348 5265 3435 5319 καὶ
3463 5262 3625 5339 δίψης
3662 5266 3892 5336 ἀσκοὺς

2223 5352 2375 5409 οἶίιου
2423 5354 2512 5408 καὶ
2572 5351 2770 5409 ὕδατοσ
2825 5352 3056 5428 πλήρεις
3110 5352 3397 5427 προσέταξε
3446 5354 3713 5427 κομίζειν.
3765 5360 3891 5425 Οἷς

2220 5445 2557 5518 χρησάμενοι
2588 5443 2677 5498 καὶ
2706 5444 2805 5511 τὴν
2840 5440 2994 5516 δίψαν
3044 5440 3133 5496 καὶ
3180 5440 3271 5495 τὸν
3302 5445 3396 5496 τοῦ
3422 5441 3587 5511 ἡλίου
3612 5445 3893 5508 καύσωνα

2218 5532 2684 5608 ἀποκρουσάμενοι
2731 5531 2819 5587 καὶ
2864 5529 3085 5593 ἑαυτοὺς
3134 5525 3494 5594 ἀναλαϐόντες
3556 5535 3691 5605 μετά
3729 5557 3891 5613 σφο-

2218 5618 2481 5695 δρότητος
2529 5622 2618 5677 καὶ
2673 5621 2853 5698 ῥύμης
2890 5624 3007 5681 τοῖς
3053 5617 3285 5683 Σκύθαις
3331 5618 3641 5697 ὶπέρῥαξαν.
3685 5624 3891 5684 Ἐκει-

2215 5734 2321 5774 νων
2356 5709 2413 5769 δὲ
2440 5711 2696 5792 γενναίως
2742 5707 3156 5785 ὑποδεξαμένων
3197 5708 3264 5782 iv
3296 5710 3333 5784 ἡ
3368 5710 3523 5789 μάχη
3558 5709 3890 5799 ίσοπαλὴς,
