4050 6326
519 397 638 457 143

1883 397 2201 459 GEORGII
2248 396 2589 461 CEDRENI

3814 402 3929 465 144

518 528 602 583 sis
637 526 794 583 ﬁlius
834 528 1084 585 Anemas
1130 544 1278 600 equo
1324 528 1433 584 hac
1465 527 1596 584 illac
1627 529 1867 586 obverso
1898 534 1955 584 et
1999 529 2144 585 vehe

2288 528 2379 584 τὸν
2435 529 2550 584 υἱὸν
2601 528 3002 586 Κωνσταντίνου
3056 532 3153 585 τοῦ
3205 529 3494 608 βασιλέως,
3523 534 3619 586 τοῦ
3676 532 3797 587 υἱοῦ
3838 536 3929 588 τοῦ

518 623 744 672 menter
773 616 1101 672 calcaribus
1131 618 1394 687 incitato,
1422 619 1697 673 audacter
1728 620 1784 673 in
1820 619 2013 690 ipsum
2052 621 2167 673 fer-

516 712 614 761 tur
643 706 1247 778 Sphendosthlabum,
1273 707 1587 778 hostilique
1620 707 1910 780 phalange
1941 708 2172 763 divulsa

519 795 781 867 gladium
813 796 862 850 ei
918 796 976 849 in
1027 798 1286 851 medium
1343 804 1519 869 caput
1565 798 1799 868 inﬂigit,
1833 815 2016 868 eoque
2048 797 2167 852 ictu

522 901 671 955 equo
704 885 902 955 dejicit
935 902 947 938 :
983 902 1054 940 ne
1084 890 1280 941 tamen
1330 886 1703 954 interﬁceret,
1739 903 1899 941 arma
1951 888 2169 959 quibus

520 978 709 1029 tectus
740 978 864 1030 erat
902 974 1189 1031 barbarus
1234 974 1609 1031 obstiterunt.
1641 982 1771 1048 Ipse
1803 976 2168 1031 circumven-

522 1070 632 1130 tus,
669 1068 726 1117 et
756 1064 1077 1119 multorum
1110 1066 1242 1119 telis
1274 1066 1492 1136 petitus
1524 1066 1841 1120 fortissime
1874 1082 2166 1136 pugnans,

516 1150 780 1224 ipsorum
814 1153 989 1208 etiam
1023 1170 1154 1209 cum
1208 1154 1469 1209 hostium
1519 1154 1909 1211 admiratione
1941 1154 2171 1211 interﬁ-

519 1241 688 1295 citur.

2288 614 2652 695 πρεσϐυτέρου
2712 621 3013 691 ⁸Ρωμανοῦ,
3068 620 3159 674 καὶ
3216 622 3415 697 Πέτρον
3472 623 3563 676 τὸν
3639 642 3928 697 στρατοπε-

2282 705 2515 783 δάρχην,
2549 710 2663 781 μεθ’
2714 710 2786 763 ὧν
2841 708 3073 785 ἐξῆρχον
3120 706 3428 783 δυνάμεων,
3459 711 3755 787 προσράξαι
3815 716 3928 774 τοῖς

2280 796 2572 869 πολεμίοις
2631 796 2938 871 ἐπέτρεψεν.
2974 798 3040 854 Οἳ
3074 794 3141 866 δὴ
3174 792 3576 873 προσϐαλόντες
3620 805 3740 861 τοῖς
3786 801 3929 855 Σκύ-

2282 899 2399 950 θαις
2430 886 2705 961 ἐμάχοντο
2736 891 3029 963 καρτερῶς.
3065 887 3348 960 Ἐκθόμως
3381 885 3438 942 δὲ
3482 888 3742 943 κάκείνων
3798 890 3927 943 ὑπο-

2282 975 2581 1048 δεξαμένων
2643 974 2856 1037 πολλὰς
2914 975 3117 1051 τροπὰς
3175 978 3265 1031 καὶ
3322 977 3663 1050 μετακλίσεις
3728 973 3924 1048 συνέϐη

2278 1066 2370 1120 τὸν
2424 1064 2665 1137 πόλεμον
2725 1062 2992 1137 δέξασθαι,
3025 1066 3114 1120 καὶ
3174 1066 3256 1140 ἐφ’
3286 1067 3466 1122 ἱκανὸν
3499 1069 3699 1142 χρόνον
3748 1068 3930 1122 ἳσοτά-

2280 1154 2473 1216 λαντος
2507 1156 2571 1223 ἦν
2613 1157 2639 1224 ἦ
2678 1155 2852 1230 μάχη.
2889 1157 3149 1219 Ἐνταῦοα
3188 1154 3354 1209 πάλιν
3406 1158 3433 1210 ὁ
3480 1156 3575 1210 τοῦ
3617 1164 3718 1227 τῆς
3772 1160 3930 1232 Κρή-

2277 1258 2376 1307 της
2438 1236 2627 1308 ἀμηρᾶ
2685 1236 2800 1297 υἱὸς
2858 1236 3112 1308 Ἀνεμᾶς,
3143 1234 3273 1309 τῇδε
3329 1238 3541 1291 κάκεῖσε
3598 1238 3689 1292 τὸν
3744 1235 3927 1292 ἵππον

525 1329 886 1399 μετακινήσας
944 1327 1031 1381 καὶ
1094 1324 1453 1404 σφοδρότερον
1489 1328 1790 1402 μυωπίσας,
1823 1331 1938 1383 κατ’
1998 1328 2160 1383 αὐτοῦ
2217 1330 2312 1380 τοῦ
2365 1320 2819 1397 Σφενδοσθλάϐου
2880 1324 3096 1397 φέρεται
3154 1324 3288 1396 μοτὰ
3346 1321 3595 1396 λήματος
3654 1330 3925 1398 νεανικοῦ,

523 1417 616 1469 καὶ
673 1418 772 1485 τὴν
834 1416 1087 1493 φάλαγγα
1146 1416 1429 1492 διασχίσας
1487 1423 1594 1473 τῶν
1656 1416 1931 1492 δυσμενῶν
1986 1419 2131 1473 παίει
2189 1419 2379 1471 τοῦτον
2414 1417 2488 1485 τῷ
2520 1413 2657 1490 ξίφει
2687 1414 2822 1467 κατά
2851 1414 3021 1485 μέσην
3054 1414 3152 1482 τήν
3180 1412 3445 1492 κεφαλὴν,
3475 1414 3563 1468 καὶ
3593 1409 3931 1469 καταϐάλλει

521 1506 623 1575 μὲν
683 1510 779 1560 τοῦ
814 1506 1011 1574 ἵππου,
1068 1507 1131 1561 οὐ
1186 1510 1290 1579 μήν
1351 1529 1409 1583 γε
1465 1508 1552 1561 καὶ
1612 1508 1821 1582 ἀναιρεῖ
1873 1508 2276 1581 ἐπαρκεσάντων
2335 1507 2442 1556 τῶν
2504 1500 2689 1556 ὅπλων
2747 1502 2779 1555 ἃ
2818 1499 3112 1558 ἐνεδέδυτο.
3154 1504 3331 1565 Αὐτὸς
3390 1502 3571 1575 μέντοι
3628 1502 3931 1567 κυκλωθεὶς

514 1592 602 1648 καὶ
668 1595 770 1649 ὑπὸ
827 1593 1055 1651 πολλῶν
1116 1594 1459 1672 βαλλόμενος
1522 1597 1840 1673 ἀναιρεῖται,
1869 1601 2125 1673 ἡρωικῶς
2177 1594 2547 1668 καταστρέψας
2597 1593 2690 1647 τὸν
2754 1591 2893 1665 βίον,
2926 1596 3104 1667 θαῦμα
3165 1595 3304 1669 μέγα
3341 1594 3429 1648 καὶ
3461 1597 3576 1656 τοῖς
3606 1592 3929 1657 ἀντιπάλοις

514 1685 823 1763 γενόμενος.

586 1774 801 1831 Ferunt
829 1790 897 1832 ea
927 1792 1124 1849 pugna
1153 1777 1438 1834 divinitus
1489 1793 1721 1850 quoque
1772 1779 2047 1835 Romanis
2078 1778 2162 1833 la-

514 1868 639 1919 tum
673 1866 977 1921 auxilium.
1009 1867 1153 1922 Nam
1189 1867 1260 1923 ab
1290 1870 1501 1922 Austro
1546 1868 1813 1922 obortam
1846 1866 2160 1939 procellam

510 1954 571 2008 in
604 1955 781 2011 facies
810 1956 1158 2027 Scytharum
1191 1956 1508 2027 ingruisse,
1535 1971 1751 2028 eosque
1783 1955 2159 2028 impedivisse

511 2062 582 2099 ne
612 2061 720 2100 suo
761 2046 1046 2101 arbitratu
1095 2061 1217 2100 rem
1249 2048 1533 2116 gererent.
1568 2045 1634 2100 Et
1662 2044 1732 2100 ab
1761 2044 1919 2100 omni
1951 2045 2160 2099 Roma-

508 2150 717 2188 norum
751 2134 1004 2190 exercitu
1038 2140 1414 2204 conspectum
1435 2134 1616 2190 fuisse
1636 2134 1824 2189 virum
1856 2134 1987 2188 albo
2008 2149 2157 2204 equo

505 2223 830 2293 vehentem,
871 2222 973 2291 qui
1019 2222 1296 2295 princeps
1346 2240 1604 2296 pugnam
1635 2226 1783 2279 411
1822 2222 2029 2278 obierit
2060 2222 2157 2278 ho-

507 2311 804 2379 stiumque
864 2312 1100 2366 ordines
1175 2313 1626 2378 conturbaverit,
1686 2312 1905 2367 nemini
1968 2328 2157 2383 neque

504 2404 637 2455 ante
656 2416 845 2471 neque
868 2401 1176 2471 postmodo
1196 2400 1494 2473 cognitum
1524 2420 1536 2458 :
1564 2416 1695 2457 eum
1719 2401 1953 2457 aiebant
1974 2401 2155 2455 fuisse

504 2490 897 2557 Theodorum,
934 2506 1118 2544 unum
1151 2491 1222 2545 de
1254 2490 1675 2560 pulcherrimas
1706 2490 2035 2545 consecutis
2066 2489 2151 2543 vi-

504 2579 717 2633 ctorias
768 2579 1146 2651 martyribus.
1198 2581 1350 2634 Sane
1400 2579 1492 2635 his
1539 2596 1768 2652 semper
1812 2578 2152 2651 auspicibus

504 2672 681 2739 atque
734 2667 1138 2737 antesignanis
1188 2668 1499 2723 adversum
1550 2668 1748 2724 hostes
1801 2668 1884 2723 uti
1931 2667 2151 2723 solebat

502 2757 822 2828 imperator
853 2756 982 2823 hic;
1017 2760 1071 2812 et
1103 2772 1216 2827 quo
1249 2757 1341 2811 die
1374 2756 1491 2810 haec
1523 2773 1717 2827 pugna
1747 2762 1837 2811 est
1870 2762 2150 2827 pugnata,

501 2845 553 2900 is
585 2846 773 2901 festus
806 2844 915 2899 fuit
945 2845 1241 2901 memorias
1289 2844 1447 2899 illius
1476 2845 1758 2899 Theodori
1789 2845 2147 2901 exercituum

500 2934 781 2989 ductoris.
813 2934 921 2989 Sed
954 2939 1009 2988 et
1054 2934 1384 2988 veneranda
1432 2934 1701 3003 quaedam
1736 2932 1945 2987 mulier
1988 2932 2149 3003 Cpoli

497 3021 675 3077 ﬁdem
709 3021 841 3077 fecit
871 3022 927 3077 id
961 3022 1150 3078 visum
1184 3022 1368 3077 fuisse
1400 3020 1689 3076 divinum.
1724 3021 1803 3076 Ea
1846 3021 2001 3076 enim
2036 3021 2151 3093 pri-

497 3113 589 3168 die
620 3113 792 3169 istius
840 3112 956 3168 diei
988 3113 1045 3166 in
1093 3113 1317 3167 somnis
1366 3112 1493 3166 visa
1539 3111 1649 3166 sibi
1700 3111 1889 3166 fuerat
1917 3112 2149 3167 adstare

495 3202 777 3274 Deiparas,
811 3208 868 3257 et
902 3201 1106 3256 audire
1153 3217 1283 3255 eam
1329 3199 1617 3255 dicentem
1650 3199 1883 3254 cuidam
1918 3199 2095 3255 militi
2130 3217 2142 3256 :

498 3314 525 3341 ‹‹
555 3291 795 3346 Domine
836 3290 1163 3360 Theodore,
1210 3306 1377 3344 meus
1408 3287 1504 3344 ille
1534 3294 1590 3344 et
1619 3293 1756 3344 tuus
1798 3288 2055 3344 Joannes
2087 3290 2144 3345 in

2345 1773 2566 1847 Λέγεται
2626 1768 2683 1825 δὲ
2734 1771 2825 1826 καὶ
2880 1771 3152 1846 θειοτέρας
3208 1771 3331 1827 τότε
3387 1777 3575 1847 τυχεῖν
3619 1771 3744 1835 τοὺς
3791 1773 3927 1828 Ῥω-

2276 1862 2471 1934 μαίους
2520 1860 2850 1935 ἐπικουρίας.
2903 1859 3118 1916 Θόελλα
3175 1862 3276 1937 γάρ
3324 1881 3406 1923 τις
3456 1858 3515 1915 ἐκ
3560 1860 3733 1917 Νότου
3790 1864 3928 1918 κατὰ

2270 1952 2562 2026 πρόσωπον
2617 1951 2834 2023 ἀρθεῖσα
2882 1948 3071 2004 ἵστατο
3126 1952 3234 2004 τῶν
3291 1954 3536 2022 Σκυθῶν,
3574 1951 3649 2023 μὴ
3703 1971 3929 2028 συγχω-

2270 2045 2438 2116 ροῦσα
2480 2046 2720 2114 χρῆσθαι
2778 2041 2914 2094 κατὰ
2974 2039 3073 2107 τὴν
3138 2038 3323 2115 μάχην
3381 2044 3499 2102 ταῖς
3554 2039 3927 2116 προαιρέσεσι.

2267 2128 2373 2185 Καί
2421 2150 2503 2190 τις
2551 2128 2683 2200 ἀνὴρ
2730 2127 2884 2182 ὦπτυ
2938 2128 3098 2182 παντὶ
3155 2127 3608 2204 τῷστρατοπέδῳ
3637 2131 3930 2203 Ῥωμαίων

2268 2217 2350 2296 ἐφ’
2376 2216 2550 2273 ἵππου
2583 2216 2779 2272 λευκοό
2810 2217 3327 2293 προαγωνιζόμενος
3377 2217 3467 2272 καὶ
3514 2218 3610 2283 τὰς
3653 2223 3758 2273 τῶν
3816 2239 3929 2274 πο-

2268 2306 2478 2379 λεμίων
2526 2306 2740 2362 κλονῶν
2800 2308 2886 2361 καὶ
2941 2304 3312 2381 διαταράσσων
3374 2305 3679 2385 φάλαγγας,
3723 2306 3923 2380 μηδενὶ

2264 2397 2591 2473 πρότερονῆ
2630 2395 2762 2467 μετά
2800 2400 2965 2451 ταῦτα
3011 2395 3301 2472 γενόμενος
3343 2395 3730 2473 γνώριμος,,ὃν
3781 2394 3922 2475 ἔφα-

2264 2507 2391 2539 σκον
2449 2482 2542 2539 ἕνα
2599 2486 2727 2539 εἶναι
2786 2488 2892 2539 τῶν
2950 2482 3280 2539 καλλινίκων
3312 2486 3426 2558 (31)
3464 2485 3751 2560 μαρτύρων
3780 2488 3915 2541 Θεό-

2264 2571 2458 2649 δωρον.
2491 2574 2716 2636 Τούτοις
2748 2571 2804 2628 δὲ
2835 2573 3151 2649 προμάχοις
3182 2573 3262 2629 ἀεὶ
3295 2574 3384 2628 καὶ
3430 2571 3731 2649 προϐόλοις
3773 2577 3919 2631 κατὰ

2260 2668 2366 2717 τῶν
2410 2664 2695 2736 πολεμίων
2758 2663 2962 2738 ἐχρῆτο
3012 2664 3041 2717 ὁ
3093 2661 3365 2739 βασιλεύς·
3397 2663 3485 2718 καὶ
3535 2665 3639 2740 γὰρ
3698 2661 3761 2733 δὴ
3821 2667 3915 2719 καὶ

2261 2754 2519 2827 συνέτυχε
2546 2750 2702 2807 τόνδε
2756 2753 2846 2806 τὸν
2898 2754 3083 2827 ἀγῶνα
3126 2754 3248 2806 κατ’
3300 2752 3466 2822 αὐτὴν
3520 2760 3909 2828 συνενεχθῆναι

2258 2843 2356 2909 τήν
2382 2843 2590 2917 ἡμέραν
2623 2843 2741 2905 καθ’
2770 2842 2831 2910 ἣν
2881 2840 3145 2914 εἶώθαμεν
3195 2841 3466 2917 ἑορτάζειν
3518 2847 3616 2911 τήν
3679 2844 3915 2915 μνήμην

2258 2936 2354 2985 τοῦ
2404 2928 2800 3006 στρατηλάτου.
2830 2932 2933 2986 Καὶ
2992 2932 3128 3005 γυνή
3189 2928 3244 2985 δέ
3294 2952 3377 2993 τις
3417 2928 3470 2985 ἐν
3498 2930 3766 3003 Βυζαντίῳ
3821 2952 3914 2987 σε·

2263 3022 2370 3093 μνῆ
2408 3021 2708 3096 ὑπερτάτης
2740 3017 3020 3093 δυνάμεως
3075 3021 3203 3074 εἶναι
3254 3022 3316 3074 τὸ
3367 3020 3552 3096 φάσμα
3598 3019 3914 3089 ἐπιστοῦτο,

2263 3115 2359 3183 μ.ιᾷ
2416 3110 2677 3186 πρότερον
2731 3116 2831 3179 τῆς
2898 3108 3227 3182 συμπλοκῆς
3285 3110 3467 3183 ἡμέρᾳ
3526 3106 3654 3186 ὄναρ
3713 3121 3919 3174 θεασαο

2263 3199 2419 3273 μένη,
2452 3203 2541 3252 καί
2595 3197 2789 3268 δόξασα
2842 3201 2910 3273 τῇ
2970 3199 3220 3271 Θεοτόκῳ
3274 3198 3531 3273 παρίσθαι
3578 3199 3666 3253 καὶ
3717 3199 3919 3272 A5706-

2259 3309 2359 3357 σης
2419 3286 2643 3342 ἀκοῦσαι
2701 3287 2838 3359 πρός
2893 3308 3014 3342 τινα
3073 3288 3445 3363 στρατιώτην·
3487 3308 3511 3339 α
3563 3286 3723 3361 Κύριε
3780 3288 3919 3343 Θεό-

499 3380 756 3451 periculo
788 3385 1053 3435 versatur
1086 3396 1099 3434 :
1134 3379 1346 3433 festina
1378 3380 1448 3432 ad
1478 3393 1647 3450 opem
1678 3378 1728 3433 ei
1762 3378 2084 3443 ferendam,
2119 3399 2145 3427 ››

2263 3375 2426 3451 δωρε,
2459 3378 2486 3431 ὁ
2527 3378 2658 3449 ἐμὸς
2716 3376 2805 3431 καὶ
2864 3378 2955 3438 σὸς
3016 3376 3268 3446 Ἰωάννης
3329 3378 3635 3451 περιστάσει
3689 3375 3921 3453 συνέχε-

499 3469 678 3541 idque
710 3468 1071 3524 insomnium
1120 3467 1314 3539 prima
1357 3467 1487 3523 luce
1532 3466 1740 3522 vicinis
1788 3470 2145 3523 narraverat.

502 3557 810 3611 Enimvero
841 3555 1064 3628 Scythis
1096 3571 1162 3609 eo
1190 3554 1388 3625 praelio
1422 3556 1769 3619 funduntur,
1802 3571 2053 3625 cumque
2087 3572 2149 3611 se

502 3645 687 3718 portis
718 3643 1067 3699 interclusos
1111 3661 1143 3699 a
1192 3644 1380 3698 Barda
1428 3643 1730 3711 sentirent,
1762 3642 1820 3696 in
1872 3659 2147 3715 campum

502 3735 643 3806 fuga
672 3734 1109 3805 disperguntur,
1143 3731 1989 3805 pereuntqueinnumerabiles
2023 3750 2149 3804 par-

494 3826 600 3878 tim
634 3841 667 3879 a
713 3840 773 3878 se
822 3824 1067 3879 invicem
1116 3821 1464 3891 conculcati,
1518 3822 1729 3893 partim
1782 3839 1815 3876 a
1865 3821 2145 3877 Romanis

495 3914 870 3983 obtruncati,}
897 3911 1177 3968 vulnerati
1228 3928 1372 3983 pene
1416 3927 1641 3966 omnes.
1676 3910 1919 3981 Martyri
1953 3910 2143 3966 Theo-

491 4005 631 4057 doro
664 4002 915 4073 gratiam
950 4018 1052 4072 pro
1085 4018 1190 4071 ope
1234 4000 1352 4055 lata
1385 4002 1640 4054 referens
1688 4000 2024 4068 imperator,
2057 4001 2139 4056 fa-

489 4107 634 4146 num
664 4092 723 4145 in
759 4107 874 4161 quo
904 4091 956 4156 is
982 4090 1265 4145 humatus
1289 4093 1414 4144 erat
1446 4089 1513 4143 ad
1550 4088 1932 4143 fundamenta
1955 4105 2141 4160 usque

490 4178 830 4247 demolitus,
864 4179 1021 4234 aliud
1058 4177 1705 4247 magniﬁcentissimum
1738 4177 2043 4247 exstruxit,
2075 4195 2140 4233 ac

486 4268 723 4340 praediis
748 4267 974 4339 amplos
1001 4266 1357 4322 habentibus
1382 4266 1603 4320 reditus
1627 4264 1864 4321 donavit
1894 4280 1907 4322 ε
1934 4266 2135 4321 urbem

484 4356 545 4411 in
578 4373 696 4426 qua
724 4355 782 4411 id
823 4360 968 4427 erat,
1002 4372 1105 4426 pro
1157 4354 1487 4411 Euchaneia
1532 4354 1997 4426 Theodoropolin
2031 4372 2138 4411 no-

486 4445 752 4501 minavit.

2259 3488 2368 3539 ται,
2428 3467 2515 3520 καὶ
2574 3469 2799 3521 σπεῦσον
2868 3465 2942 3528 εἲς
2990 3467 3089 3534 τὴν
3163 3465 3326 3521 αὐτοῦ
3406 3467 3679 3541 βοήθειαν,
3728 3488 3757 3518 ››
3818 3467 3917 3521 καὶ

2257 3555 2422 3625 ἡλίου
2455 3556 2777 3630 ἀνίσχοντος
2809 3559 2924 3617 τοῖς
2963 3555 3198 3629 γείτοσιν
3249 3554 3650 3629 ἐξηγησαμένη.
3682 3555 3788 3609 Καὶ
3842 3556 3918 3611 τὰ

2261 3646 2355 3718 μὲν
2416 3644 2669 3718 ὁραθέντα
2724 3648 2909 3715 ταῦτα,
2940 3644 3227 3718 τρέπονται
3286 3641 3343 3697 δὲ
3389 3640 3555 3697 πάλιν
3588 3644 3639 3696 οἱ
3673 3642 3913 3713 Σκύθαι,

2255 3735 2343 3789 καὶ
2404 3731 2832 3805 ἀποκλεισμένας
2882 3733 2975 3795 τὰς
3028 3740 3130 3802 τῆς
3175 3731 3390 3795 πόλεως
3421 3731 3666 3807 εὑρόντες
3720 3730 3915 3797 πύλας

2259 3824 2361 3877 ὑπὸ
2392 3828 2486 3877 τοῦ
2512 3821 2766 3897 Σκληροῦ
2789 3822 2888 3876 ἀνὰ
2914 3824 2976 3877 τὸ
3006 3819 3191 3876 πεδίον
3215 3825 3296 3894 [Ρ.
3328 3824 3454 3894 682]
3495 3818 3909 3891 ἐσκεδάννυντο,

2253 3912 2341 3965 καὶ
2388 3912 2711 3986 ἀνῃρέθησαν
2748 3912 2834 3966 ὑπ’
2865 3908 3132 3980 ἀλλήλων
3188 3931 3245 3965 τε
3302 3908 3746 3982 συμπατούμενοι
3808 3910 3912 3964 καὶ

2254 4000 2356 4054 ὑπὸ
2414 4000 2695 4072 Ῥωμαίων
2784 4002 3217 4075 συγκοπτόμενοι
3296 3998 3530 4073 ἀριθμοῦ
3599 3997 3912 4074 κρείττους,

2250 4088 2578 4164 τραυματίαι
2613 4086 2669 4143 δὲ
2713 4087 2954 4165 ἐγένοντο
3008 4086 3203 4164 σχεδόν
3252 4109 3303 4141 τι
3350 4088 3567 4149 πάντες.
3600 4087 3708 4144 Τὸν
3757 4087 3911 4164 μάρ-

2247 4199 2381 4252 τυρα
2410 4176 2459 4232 δ’
2494 4179 2521 4231 ὁ
2570 4175 2825 4253 βασιλεὺς
2875 4182 3073 4251 τιμῶν,
3105 4178 3195 4232 καὶ
3250 4183 3351 4247 τῆς
3402 4175 3713 4251 ἐπικουρίας
3760 4176 3914 4232 ἀπο-

2246 4266 2424 4330 τιννὺς
2474 4267 2621 4339 αὐτῷ
2668 4267 2762 4329 τὰς
2822 4262 3081 4341 ἀμοιϐὰς,
3128 4268 3220 4321 τὸν
3273 4266 3399 4321 ναὸν
3451 4265 3501 4320 ἐν
3560 4266 3607 4336 ᾦ
3652 4265 3713 4319 τὸ
3754 4269 3917 4327 θεῖον

2246 4355 2412 4410 αὐτοῦ
2452 4355 2730 4411 ἀπόκειται
2786 4361 2945 4429 σῶμα
3004 4355 3063 4410 ἐκ
3115 4356 3329 4432 βάθρων
3358 4349 3681 4410 καταϐαλὼν
3732 4353 3914 4430 μέγαν

2242 4464 2300 4498 τε
2351 4446 2437 4499 καὶ
2497 4444 2791 4500 κάλλιστον
2850 4440 3196 4518 ᾠκοδόμησε,
3254 4442 3693 4519 μεγαλοπρεπεῖς
3742 4442 3913 4516 αὐτῷ

2240 4532 2440 4596 κτίσεις
2484 4533 2910 4613 προσαφορίσας·
2960 4535 3019 4590 ’ὸν
3079 4534 3169 4588 καὶ
3234 4533 3351 4589 ἀντὶ
3409 4530 3708 4608 Εὐχανείας
3761 4537 3908 4588 Θεο-

2242 4620 2552 4697 δωρόπολιν
2584 4625 2991 4697 κατωνόμασεν.

550 4714 1098 4789 Spbendostblabus
1156 4729 1291 4768 cum
1350 4711 1624 4769 omnibus
1695 4713 1926 4769 tentalis
1984 4712 2129 4769 nihil

2309 4713 2370 4769 Ὁ
2427 4710 2483 4766 δὲ
2542 4708 2992 4790 Σφενδοσθλάϐος
3049 4718 3219 4768 πᾶσαν
3291 4711 3566 4786 μετελθὼν
3629 4714 3909 4786 μηχανὴν

476 4806 885 4874 successisset,
917 4803 1141 4859 nullam
1164 4818 1327 4873 spem
1351 4802 1636 4872 reliquam
1663 4801 1774 4855 sibi
1806 4802 2028 4868 videns,
2055 4803 2127 4858 ad

474 4894 940 4967 paciﬁcationem
973 4893 1238 4947 animum
1267 4891 1491 4962 adjicit,
1519 4890 1838 4962 missisque
1862 4893 2013 4947 412
2047 4890 2125 4945 le-

472 4986 624 5055 gatis
675 4983 935 5056 postulat
982 4983 1054 5037 ab
1104 4981 1454 5052 imperatore
1503 4996 1564 5035 se
1613 4980 1726 5034 ﬁde
1778 4980 2013 5051 publica
2066 4980 2125 5036 in

470 5090 785 5129 numerum
812 5074 1137 5127 amicorum
1189 5075 1246 5125 et
1292 5070 1581 5125 sociorum
1618 5070 1863 5124 Romani
1893 5069 2125 5141 imperii

470 5162 671 5235 recipi,
706 5161 933 5232 sibique
963 5177 1096 5215 cum
1132 5160 1257 5214 suis
1280 5158 1534 5213 reditum
1567 5162 1759 5211 tutum
1793 5158 2032 5213 concedi
2065 5160 2122 5215 in

466 5252 744 5319 patriam,
804 5256 859 5305 et
912 5248 1141 5319 Scythis
1201 5246 1382 5302 libere
1432 5246 1769 5318 negotiandi
1828 5263 2005 5302 causa
2062 5246 2121 5301 in

470 5337 868 5396 Romanorum
920 5337 1201 5393 ditionem
1242 5335 1437 5392 venire
1487 5333 1769 5408 permitti.
1820 5334 2122 5392 Postulata

2239 4801 2327 4856 καὶ
2360 4799 2450 4856 διὰ
2478 4806 2659 4856 πασῶν
2693 4799 3109 4875 ἐλαττούμενος,
3133 4803 3206 4863 ὡς
3236 4796 3372 4877 ἔγνω
3415 4799 3688 4875 μηδεμίαν
3738 4801 3905 4875 αὐτῷ

2240 4888 2630 4967 ὑπολελεῖφθαι
2664 4890 2881 4963 ἐλπίδα,
2913 4892 3052 4967 πρὸς
3099 4894 3367 4962 συνθήκας
3410 4885 3701 4962 ἀπέϐλεψε.
3739 4890 3906 4964 Πέμ-

2236 5000 2324 5033 πει
2356 4977 2445 5033 οὗν
2488 4981 2624 5053 πρὸς
2677 4978 2899 5053 βασιλέα
2944 4975 3275 5056 πρεσϐευτὰς
3322 4978 3531 5042 πίστεις
3581 4976 3910 5054 ἐξαιτούμε-

2233 5089 2346 5136 νος,
2379 5069 2460 5143 ἰφ’
2492 5068 2537 5142 ᾧ
2586 5068 2904 5145 συμμάχοις
2954 5070 3043 5124 καὶ
3097 5069 3280 5148 φίλοις
3312 5068 3596 5141 Ῥωμαίων
3655 5067 3907 5125 καταλε-

2232 5157 2347 5233 γεὶς
2395 5158 2584 5228 ἀσινὴς
2635 5159 2969 5234 συγχωρηθῇ
3019 5157 3102 5212 ἐπ’
3145 5155 3297 5213 οἷ’κου
3340 5158 3699 5233 ἀναχωρῆσαι
3754 5160 3911 5230 μετᾶ

2232 5252 2337 5301 τῶν
2388 5247 2523 5324 ἀμφ’
2562 5246 2744 5317 αὐτὸν,
2778 5244 2949 5311 ἀδεῶς
3002 5268 3060 5303 τε
3119 5248 3210 5302 τὸν
3270 5246 3606 5323 βουλόμενον
3670 5248 3906 5320 Σκύθην

2232 5332 2526 5409 ἐμπορείας
2561 5335 2720 5411 χάριν
2764 5340 2975 5413 φοιτᾷν.
3010 5335 3309 5411 Δεξάμενος
3364 5334 3421 5391 δὲ
3467 5338 3566 5407 τὴν
3597 5330 3913 5412 πρεσϐείαν

1661 5468 2028 5527 XYLANDRI
2068 5469 2158 5528 ET
2195 5469 2414 5528 GOARI
2452 5470 2681 5527 NOT/E.

534 5585 647 5659 (31)
676 5585 986 5659 Geminum
1019 5584 1392 5659 Theodorum
1425 5583 2113 5659 praecipuocultuvene-

461 5652 670 5715 rantur
714 5656 943 5730 Graaci:
978 5652 1353 5730 στρατηλάτην
1406 5652 1621 5722 unum;
1664 5656 1845 5712 alium
1877 5654 2111 5730 τύρωνα,

460 5747 527 5789 ac
560 5735 879 5803 utrumque
907 5728 969 5786 in
999 5727 1171 5787 bellis
1201 5728 1568 5785 defensorem
1596 5727 2113 5803 propugnatdrem-

2225 5600 2337 5711 qua
2366 5599 2470 5667 ceu
2500 5580 2818 5639 καλλίνικον
2850 5584 3225 5670 invocabant,
3267 5602 3334 5642 ac
3366 5586 3650 5659 imagines
3700 5586 3763 5645 in
3795 5605 3909 5648 ve-

2225 5672 2243 5711 1
2271 5655 2343 5711 lis
2377 5660 2560 5711 pictas
2590 5658 2873 5711 ferebant.
2906 5659 3108 5711 Codm.
3139 5674 3189 5711 ο.
3220 5658 3275 5711 6-
3308 5675 3368 5711 n.
3398 5659 3490 5711 22.
3522 5659 3699 5711 Gom.

2224 5655 2343 5713 illis
2375 5656 2560 5730 pictas
2590 5658 2873 5716 ferebant.
2906 5657 3108 5721 Codin.
3139 5674 3189 5716 ο.
3208 5655 3277 5732 ⁷6,
3308 5675 3368 5717 n.
3398 5655 3699 5717 22.'G0Aa.
