4050 6326
175 389 289 450 N5

1350 388 1896 453 HISTORIARUM
1942 390 2488 456 COMPENDIUM.

3474 394 3594 459 “6

173 523 200 576 6
257 519 544 596 βασιλεὺς,
602 518 694 576 καὶ
749 521 812 576 τὸ
869 516 1134 592 ᾀδόμενον
1194 519 1380 594 λόγιον
1439 520 1700 590 ἰπειπὼν,
1751 521 1826 584 ὡς

1942 524 2062 581 haec
2128 526 2330 582 omnia
2393 527 2714 600 imperator
2779 527 3177 594 confirmavit,
3232 529 3385 583 fatus
3443 527 3591 584 illud

172 608 292 675 ἔθος
319 609 625 684 Ῥωμαίοις
670 608 799 672 τοὺς
846 608 1145 683 πολεμίους
1190 607 1357 665 πλέον
1407 610 1740 687 εὐεργεσίαις
1790 611 1824 681 ἥ

176 699 371 763 ὅπλοις
399 705 578 770 νικᾷν,
630 701 805 754 πάντα
851 699 917 752 τὰ
964 697 1262 772 αἶ’τούμενα
1307 694 1619 756 ἐϐεϐαίωσε.
1672 706 1826 756 Γενο-

177 790 347 862 μένων
383 787 445 845 δὶ
474 794 581 844 τῶν
629 787 873 850 ςπονδῶν
921 790 948 842 6
995 784 1444 866 Σφενδοσθλάϐος
1476 790 1565 843 καὶ
1598 789 1673 852 εἷς
1707 786 1830 865 ὄψιν

174 879 348 943 ἐλθεῖν
384 879 477 934 καὶ
510 876 733 951 ὁμιλίαν
778 883 857 952 τῷ
905 877 1120 952 βασιλεῖ
1171 876 1385 950 ἐδεήθη.
1416 879 1829 941 Ἐπινεύσαντος

176 966 229 1023 δὲ
259 971 345 1023 καὶ
404 969 544 1044 πρὸς
591 973 759 1023 τοῦτο
807 968 1049 1046 ἀφίκετο.
1101 968 1207 1023 Καὶ
1258 968 1617 1042 συμμίξαντες
1650 967 1829 1039 ἀλλή-

174 1057 290 1113 λρ
428 1055 753 1112 ιθληθι
1037 1053 1454 1111 "an
1652 1057 1793 1114 ’λ

210 1081 315 1130 οις,
347 1080 444 1113 κα.
495 1077 583 1113 οια
628 1079 696 1134 ει
735 1079 876 1121 οντες
929 1079 1052 1134 περι
1086 1079 1158 1112 ων
1196 1079 1255 1111 αι
1288 1080 1416 1112 εοοδ
1463 1079 1608 1128 οντο,
1643 1080 1752 1128 απτ,
1805 1093 1828 1103 ο

176 1144 448 1219 imm.
483 1146 544 1202 Ὁ
597 1143 653 1200 δὲ
704 1144 960 1220 βασιλεὺς
1010 1145 1332 1216 αἰτήσαντος
1384 1144 1473 1200 καὶ
1522 1151 1684 1201 τοῦτο
1731 1150 1827 1200 τοῦ

174 1229 660 1308 Σφενδοσθλάὸου,
711 1235 802 1288 καὶ
871 1235 1008 1311 πρὸς
1064 1236 1397 1304 Πατζινάκας
1445 1230 1826 1310 διαπρεσϐεύε-

171 1345 278 1390 ται,
313 1323 360 1378 εί
398 1322 718 1398 βούλονται,
742 1322 938 1402 φίλους
966 1323 1160 1386 αὐτοὺς
1198 1325 1288 1379 καὶ
1313 1324 1644 1400 συμμάχους
1664 1325 1825 1394 ἀξιῶν

174 1410 344 1488 ἔχειν,
378 1413 471 1468 καὶ
507 1414 582 1486 μὴ
642 1411 923 1489 διαπερᾳν.
965 1414 1055 1467 τὸν
1104 1416 1314 1490 Ἴστρον
1364 1415 1454 1468 καὶ
1485 1415 1550 1467 τὰ
1582 1412 1829 1488 Βουλγά-

173 1523 278 1575 ρων
309 1501 622 1572 ληίζεσθαι,
672 1506 1074 1579 παραχωρῆσαι
1127 1500 1184 1558 δὲ
1231 1505 1320 1558 καὶ
1370 1508 1485 1565 τοῖς
1517 1504 1646 1565 Ῥὼς
1683 1503 1827 1557 ἀκω-

174 1591 355 1654 λύτως
385 1590 622 1657 διελθεῖν
673 1594 776 1661 τήν
825 1593 1000 1647 αὐτῶν
1031 1599 1134 1667 γῆν
1185 1592 1274 1646 καὶ
1321 1589 1506 1647 οἷ’καδε
1548 1591 1825 1646 ἀπελθεῖν.

170 1681 533 1757 Ἀπεπλήρου
583 1679 642 1736 δὲ
698 1684 798 1753 τὴν
844 1675 1136 1758 πρεσϐείαν
1187 1680 1456 1756 Θεόφιλος
1509 1683 1536 1736 6
1578 1687 1687 1736 τῶν
1729 1682 1830 1736 Εὐ-

168 1770 379 1846 χαΐτων
442 1770 759 1846 ἀρχιερεύς.
815 1773 882 1828 Οἱ
930 1768 986 1825 δὲ
1032 1773 1130 1839 τὴν
1186 1765 1471 1842 πρεσϐείαν
1526 1768 1826 1843 δεξάμενοι,

170 1861 271 1929 τήν
307 1854 564 1914 διάϐασιν
619 1860 792 1934 μόνην
841 1859 1298 1936 ἀπαγορεύσαντες
1341 1864 1450 1915 τῶν
1498 1859 1649 1930 Ῥὼς,
1693 1861 1830 1936 πρὸς
1860 1892 1908 1958 Β

174 1947 357 2004 τᾶλλα
387 1947 626 2011 σπονδὰς
656 1945 857 2014 ἔθεντοι
908 1954 1026 2006 Τῶν
1076 1947 1132 2005 δὲ
1180 1950 1317 2012 Ῥὼς
1349 1949 1830 2021 ἀποπλευσάντων,

172 2042 277 2093 τῶν
343 2039 495 2113 παρὰ
541 2040 660 2100 ταὶς
718 2034 908 2114 ὄχθαις
965 2043 1062 2094 τοῦ
1112 2043 1364 2112 ποταμοῦ
1414 2038 1687 2118 φρουρίων
1740 2032 1831 2093 παὶ

175 2128 398 2184 πόλεων
450 2127 720 2202 πρόνοιαν
771 2130 994 2202 θέμενος
1054 2129 1082 2183 6
1136 2126 1391 2204 βασιλεὺς
1447 2129 1538 2184 καὶ
1592 2130 1829 2206 φρουράν

173 2216 501 2272 καταλιπὼν
563 2219 664 2288 τήν
739 2218 1008 2294 ἀρκοῦσαν
1086 2217 1138 2280 ἐς
1216 2219 1324 2290 ἥϐη
1405 2218 1472 2273 τὰ
1544 2219 1830 2292 Ῥωμαίων

174 2305 474 2378 ἀνέζευξεν.
534 2307 631 2364 Ὃν
692 2307 720 2362 6
776 2313 875 2377 τῆς
928 2306 1144 2370 πόλεως
1203 2306 1492 2383 ἀρχιερεὺς
1552 2308 1685 2380 μετὰ
1733 2310 1832 2377 τῆς

172 2393 404 2450 συνόδου
457 2395 548 2450 καὶ
597 2396 791 2460 πάντες
851 2398 904 2451 ol.
958 2396 1010 2452 ἐν
1067 2395 1212 2452 τέλει
1272 2397 1406 2470 μετὰ
1458 2397 1698 2452 παιάνων
1740 2397 1829 2452 καὶ

173 2483 451 2540 ἐπινικίων
539 2484 828 2564 εὐφημιῶν
936 2483 1258 2556 ὑπεδέξαντο
1349 2490 1828 2562 στεφανηροῦντες,

173 2574 473 2649 τέθριππον
525 2569 723 2648 ὄχημα
785 2572 1156 2629 λευκοπώλων
1223 2571 1438 2650 ἔχοντες
1490 2576 1829 2648 ἡτοιμασμέ-

172 2685 262 2718 νον
321 2665 464 2718 πάνυ
529 2661 865 2739 διαπρεπῶς,
916 2663 1006 2718 καὶ
1055 2664 1256 2718 τούτου
1306 2659 1566 2719 ἐπιϐάντα
1623 2665 1831 2736 ἀξιοῦν-

172 2773 258 2814 τες
317 2747 683 2826 θριαμϐεῦσαι
739 2753 834 2808 τὸν
895 2751 1139 2828 βασιλέα.
1198 2754 1258 2812 Ὁ
1315 2751 1371 2808 δὲ
1436 2751 1605 2826 μηδὲν
1665 2749 1828 2810 σοϐα-

176 2843 268 2916 ρὸν
354 2840 583 2913 ἰθέλων,
672 2840 837 2898 ἀλλὰ·
901 2841 1120 2918 μέτριον
1192 2843 1379 2897 ἑαυτὸν
1458 2841 1831 2917 ἐπιδεικνύμε-

176 2952 286 3002 νος,
319 2931 453 2992 τοὺς
516 2932 612 3004 μὲν
674 2932 1138 3008 προσενεχθὲντας
1199 2930 1480 3008 ἀνειλήφει
1539 2934 1832 3011 στεφάνους

179 3021 263 3074 καὶ
294 3018 461 3092 ἵππῳ
493 3017 674 3092 λευκῷ
714 3020 804 3074 τὸν
857 3015 1122 3093 Θρίαμϐον
1160 3018 1554 3096 ἐξεπλήρωσεν,
1582 3020 1633 3075 ἐν
1668 3019 1724 3076 δὲ
1752 3027 1832 3094 τῷ

178 3110 388 3182 ἅρματι
427 3108 522 3170 τᾶς
571 3108 945 3184 Βουλγαθικὰς
1009 3108 1118 3171 θεὶς
1174 3113 1280 3163 τῶν
1336 3109 1604 3185 βασιλέων
1637 3109 1834 3176 στολὰς

175 3197 264 3253 καὶ
296 3201 506 3263 ἄνωθεν
536 3197 750 3253 τούτων
794 3198 971 3254 είκόνο
1001 3206 1100 3268 τῆς
1129 3201 1474 3275 Θεομήστορος
1505 3201 1578 3262 ὡς
1607 3199 1832 3256 πολιού-

181 3307 311 3364 χου,
371 3288 804 3364 προπορεύεσθαι
869 3290 1061 3344 ἑαυτοῦ
1135 3286 1432 3360 διετάξατο.
1494 3291 1579 3345 Ἐν
1640 3289 1696 3346 δὲ
1751 3295 1832 3364 τῷ

182 3375 473 3452 λεγομένῳ
503 3376 659 3452 φόρῳ
707 3376 994 3452 γενόμενος
1041 3377 1130 3433 καὶ
1177 3378 1548 3454 ἀποχρώντως
1579 3378 1829 3459 εύφημη-

176 3467 307 3536 θεὶς,
339 3487 433 3520 και
465 3470 535 3540 τῇ
568 3469 878 3542 Θεομήτορι
909 3468 999 3522 καὶ
1048 3472 1129 3539 τῷ
1159 3466 1360 3538 ταύτης
1394 3469 1504 3540 Υἱῷ
1531 3471 1627 3532 τὰς
1659 3469 1831 3524 ἐπινι-

1942 617 2341 687 dccantatum,
2376 617 2622 672 Romani
2655 617 2834 674 moris
2883 635 3012 674 esse
3052 618 3278 675 hostem
3311 617 3589 673 beneﬁcio

1940 706 2130 777 magis
2178 723 2355 777 quam
2404 707 2586 762 armis
2632 707 2881 762 vincere.
2930 708 3112 763 Paetis
3153 708 3317 762 initis
3363 707 3590 778 Sphen-

1939 794 2286 850 dosthlabus
2341 796 2516 850 etiam
2575 797 2932 868 colloquium
2981 797 3352 869 imperatoris
3402 797 3587 868 petiit.

1938 887 2153 955 Estque
2186 885 2505 950 admissus,
2541 891 2597 941 et
2639 887 2967 942 collocutus
2997 889 3065 942 de
3096 887 3312 958 quibus
3357 887 3591 942 volebat

1940 976 2198 1027 recessit.
2226 975 2364 1044 Ejus
2397 981 2598 1045 rogatu
2645 976 2814 1029 etiam
2851 977 3171 1046 imperator
3218 992 3320 1048 per
3367 979 3592 1047 legatos

1939 1079 1970 1118 a
2003 1063 2323 1118 Patziuacis
2359 1064 2503 1135 petit
2555 1068 2618 1119 ut
2665 1064 2806 1119 socii
2857 1065 3145 1137 amicique
3191 1070 3587 1121 Romanorum

1938 1152 2102 1216 ﬁant,
2158 1169 2350 1224 neque
2399 1153 2614 1208 Istrum
2678 1154 3022 1225 populandis
3082 1155 3365 1226 Bulgaria
3415 1171 3591 1210 causa

1938 1244 2261 1311 transeant,
2295 1245 2476 1313 utque
2509 1243 2707 1298 Rossis
2740 1258 2844 1315 per
2878 1260 3045 1299 suam
3079 1244 3450 1300 ditionem-in
3483 1260 3580 1315 pa-

1937 1330 2112 1385 triam
2158 1331 2442 1386 redeundi
2491 1331 2827 1388 facultatem
2882 1335 3222 1388 concedant.
3256 1332 3411 1387 Obiit
3456 1351 3584 1388 eam

1939 1417 2289 1490 legationem
2322 1419 2740 1474 Euchaitorum
2791 1437 3062 1476 summus
3111 1422 3370 1494 pontifex
3399 1422 3587 1477 Theo-

1939 1507 2156 1578 philus.
2204 1508 2525 1564 Patzinacae
2585 1509 2812 1580 reliqua
2867 1511 3019 1582 pacti
3067 1510 3286 1577 omnia,
3353 1516 3579 1566 tantum

1943 1597 2144 1652 Rossis
2178 1614 2277 1668 per
2309 1615 2417 1653 sua
2459 1599 2775 1655 transitum
2809 1601 3193 1673 denegarunt.
3223 1602 3366 1656 Cum
3415 1601 3586 1656 Bessi

1939 1686 2186 1742 navibus
2217 1686 2341 1742 suis
2373 1688 2558 1742 avecti
2589 1689 2828 1744 domum
2861 1707 3061 1746 versus
3092 1694 3311 1755 essent,
3335 1690 3592 1762 impera-

1938 1780 2029 1830 tor
2085 1776 2342 1832 castellis
2395 1782 2452 1832 et
2501 1777 2746 1834 urbibus
2795 1795 2919 1849 qua;
2978 1781 3048 1833 ad
3108 1779 3265 1850 ripas
3326 1779 3591 1836 ﬂuminis

1939 1869 2080 1921 sunt
2109 1867 2488 1922 communitis
2519 1867 2721 1938 Cpolin
2764 1867 2954 1923 rediit.
2991 1868 3226 1941 Excepit
3262 1885 3396 1924 eum
3427 1869 3593 1924 urbis

1943 1954 2274 2026 patriarcha
2304 1960 2361 2011 et
2391 1956 2736 2026 pontiﬁcum
2768 1957 2908 2012 ordo
2931 1975 2997 2012 ac
3018 1962 3259 2013 senatus
3281 1974 3416 2013 cum
3448 1975 3594 2028 paea-

1943 2044 2119 2099 nibus
2150 2050 2206 2099 et
2235 2044 2384 2100 laetis
2415 2045 2664 2101 victoriae
2697 2046 3191 2119 gratulationibus
3214 2051 3588 2115 coronatum;

1942 2138 1998 2190 et
2061 2135 2425 2190 adduxerant
2489 2136 2808 2207 quadrigas
2870 2136 3177 2208 magnifice
3252 2137 3588 2197 adornatas,

1944 2239 2090 2296 quas
2124 2228 2377 2295 quatuor
2415 2224 2532 2279 albi
2563 2226 2697 2295 equi
2747 2225 3067 2293 traherent,
3101 2227 3254 2281 418
3286 2239 3469 2297 eoque
3499 2225 3587 2279 in-

1939 2313 2070 2369 vehi
2113 2329 2247 2369 eum
2280 2330 2346 2368 ac
2379 2313 2746 2386 triumphare
2792 2313 3084 2370 volebant.
3116 2315 3226 2370 Sed
3274 2314 3592 2387 imperator

1941 2402 2088 2459 nihil
2123 2401 2382 2458 insolens
2415 2406 2514 2457 aut
2557 2404 2880 2474 superbum
2931 2403 3269 2473 admittens,
3298 2404 3594 2458 moderate

1941 2508 2002 2547 se
2031 2492 2243 2564 gessit;
2276 2491 2568 2563 sertisque
2600 2509 2725 2563 qua:
2757 2493 3147 2549 offerebantur
3177 2492 3429 2564 acceptis
3462 2491 3594 2547 albo

1939 2599 2090 2652 equo
2113 2581 2478 2652 triumphum
2496 2581 2681 2650 duxit,
2701 2581 3004 2652 quadrigis
3030 2581 3368 2653 Bulgaricas
3386 2598 3590 2652 regum

1939 2675 2128 2726 vestes
2161 2669 2463 2741 imposuit,
2497 2686 2795 2743 supraque
2827 2670 2933 2725 has
2964 2670 3282 2743 imaginem
3318 2670 3591 2742 Deiparae,

1939 2765 2005 2816 ut
2035 2777 2162 2831 quae
2189 2759 2431 2815 tutelam
2455 2759 2619 2815 urbis
2640 2763 2888 2831 gereret,
2909 2776 3156 2831 eamque
3182 2775 3243 2816 se
3265 2760 3592 2832 pracedere

1931 2849 2135 2920 jussit.
2168 2848 2242 2904 Ut
2271 2849 2326 2902 in
2362 2850 2550 2902 forum
2583 2848 2764 2912 venit,
2798 2847 3312 2921 gratulatoriarum
3339 2850 3461 2917 jam
3494 2866 3593 2904 sa-

1939 2945 2038 2995 tur
2057 2937 2571 3004 acclamationum,
2596 2937 2740 2994 actis
2762 2955 2866 3010 pro
2887 2941 3053 3009 parta
3070 2937 3312 2994 victoria
3331 2937 3588 3004 Deiparai

1941 3033 1999 3082 et
2029 3027 2157 3096 ejus
2187 3027 2328 3082 Filio
2377 3026 2602 3099 gratiis,
2638 3029 2693 3082 in
2726 3032 3040 3099 conspectu
3092 3027 3287 3098 pepuli
3336 3027 3587 3100 insigni-

1941 3117 2051 3173 bus
2074 3116 2365 3188 Bulgarici
2399 3116 2561 3190 regni
2585 3115 2844 3172 Borisem
2877 3116 3038 3171 exuit
3070 3116 3157 3186 (ea
3186 3120 3353 3172 erant
3377 3132 3591 3172 corona

1942 3223 2140 3274 aurea,
2171 3205 2344 3260 taenia
2382 3205 2623 3277 byssina
2668 3209 2726 3260 et
2772 3204 2949 3260 calcei
2997 3205 3202 3275 rubei),
3236 3205 3488 3276 indeque
3517 3205 3588 3260 ad

1943 3299 2215 3367 Magnum
2269 3310 2611 3366 progressus
2641 3295 2948 3366 Templum
2999 3310 3277 3350 coronam
3326 3294 3592 3367 Bulgari-

1941 3401 2068 3440 cam
2096 3386 2206 3440 Dco
2225 3383 2450 3439 denarii
2471 3383 2594 3439 loco
2614 3384 2945 3454 suspendit.
2967 3383 3202 3440 Borisen
3226 3383 3298 3439 ad
3325 3383 3595 3454 magistri

1941 3473 2338 3544 dignationem
2372 3472 2582 3540 evehit,
2615 3477 2792 3544 atque
2821 3473 2903 3528 ita
2934 3473 2992 3527 in
3025 3472 3307 3544 palatium
3349 3473 3593 3528 reverti-

175 3556 327 3619 κίους
385 3555 736 3631 εὐχαριστίας
803 3556 1195 3632 παρεσχηκὼς,
1252 3558 1319 3611 τὰ
1390 3557 1688 3634 παράσημα
1733 3566 1831 3628 τῆς

1942 3566 2054 3618 tur.
2081 3563 2360 3618 Caeterum
2408 3561 2957 3633 Sphendosthlabus
3003 3561 3252 3632 patriam
3297 3565 3592 3633 repetens,

177 3642 564 3719 Βουλγαρικῆς
619 3641 920 3719 βασιλείας,
978 3643 1061 3699 ἐπ’
1119 3644 1239 3718 ὄψει
1287 3650 1394 3700 τῶν
1441 3643 1685 3700 πολιτῶν
1740 3647 1829 3700 τὸν

1942 3653 2081 3706 dum
2103 3668 2206 3722 per
2222 3651 2559 3705 Patzinacas
2575 3650 2812 3718 transit,
2831 3651 3202 3721 insidiisjam
3221 3655 3354 3706 ante
3374 3652 3598 3720 paratis

180 3732 418 3808 Βορὶσην
454 3729 804 3788 ἀποδιδύσκει
840 3755 853 3767 ·
889 3734 976 3806 [Ρ.
1026 3736 1155 3806 683]
1205 3732 1270 3787 τὰ
1303 3731 1359 3788 δὲ
1387 3735 1453 3803 ἦν
1489 3735 1742 3809 στέφανος
1775 3733 1831 3789 ἐκ

1942 3745 1996 3796 et
2030 3741 2223 3812 ipsum
2266 3739 2740 3810 exspectantibus
2783 3738 3033 3811 illapsus
3063 3755 3197 3794 cum
3248 3739 3373 3794 suis
3405 3741 3475 3794 ad
3507 3740 3597 3794 in-

181 3828 389 3897 χρυσοῦ
446 3822 538 3878 καί
589 3824 748 3898 τιάρα
803 3823 1099 3896 νενησμένη
1160 3823 1218 3879 ἐκ
1269 3825 1468 3899 βύσσου
1515 3824 1603 3879 καὶ
1635 3823 1831 3881 πέδιλα

1942 3829 2330 3884 ternecionem
2367 3829 2611 3884 caeditur
2643 3845 2656 3882 :
2691 3829 3118 3884 succensebant
3147 3828 3305 3882 enim
3338 3828 3390 3884 ei
3420 3829 3604 3884 Patzi-

182 3914 398 3989 ἐρυθρά.
438 3915 674 3970 Ἐκεῖθεν
722 3914 798 3977 εἰς
843 3915 943 3983 τὴν
995 3912 1248 3990 Μεγάλην
1292 3917 1554 3992 φοιτήσας
1595 3914 1830 3986 Ἐκκλη-

1943 3935 2100 3974 uaces
2133 3919 2205 3972 ob
2231 3917 2412 3972 ictum
2445 3934 2575 3972 cum
2604 3917 2884 3972 Romanis
2915 3917 3124 3972 fcedus.

186 4004 294 4059 σίαν
329 4003 424 4059 καὶ
456 4002 512 4058 ἐν
534 4004 674 4076 αὐτῇ
732 4003 824 4058 τὸν
883 4000 1253 4079 Βουλγαρικὸν
1308 4002 1564 4081 στέφανον
1621 4001 1875 4078 ἀνάθημα
1928 4009 2008 4076 τῷ
2064 4009 2178 4076 Θεῷ
2234 4001 2509 4068 δεδωκὼς,
2569 4005 2846 4080 ἀναγαγὼν
2910 4000 2967 4058 δὲ
3013 4002 3223 4058 καὶτὸν
3256 4001 3487 4074 Βορίσην
3516 4001 3591 4065 εἷς

181 4093 241 4149 τὸ
268 4099 379 4149 τῶν
409 4093 726 4167 μαγίστρων
760 4092 998 4165 ἀξίωμα,
1039 4092 1304 4169 ἐπορεύθη
1339 4092 1414 4156 είς
1461 4093 1528 4148 τὰ
1579 4092 1846 4168 βασίλεια,
1897 4095 1953 4148 Ὀ
2002 4091 2059 4148 δὲ
2119 4090 2572 4171 Σφενδοσολάϐος
2619 4093 2694 4155 εἷς
2752 4093 2817 4147 τὰ
2870 4093 3044 4148 οἰκεῖα
3094 4090 3202 4162 ἤθη
3241 4091 3591 4168 ὑποστρέφων

183 4181 232 4238 ἂν
284 4188 370 4254 τῷ
425 4179 620 4237 διιέναι
677 4182 776 4250 τὴν
829 4185 938 4236 τῶν
997 4182 1343 4251 Ηατζινάκῶν
1400 4189 1504 4258 γῆν
1563 4183 1876 4262 περιπίπτει
1938 4182 2175 4258 ἐνέδραις
2230 4182 2338 4254 ἤδη
2398 4181 2959 4260 προευτρεπισοείσαις
3015 4181 3103 4236 καὶ
3165 4179 3598 4257 ὑποδεχομὲναις

186 4273 372 4338 αὐτὸν,
405 4270 499 4325 καὶ
532 4269 700 4346 ἄρδην
733 4269 898 4332 αὐτός
928 4291 986 4325 τε
1037 4271 1126 4326 καὶ
1181 4272 1244 4326 τὸ
1303 4272 1459 4326 συνὸν
1514 4271 1660 4343 αύτῷ
1708 4269 2016 4328 ἀπόλλυται
2068 4270 2306 4346 πλῆθος,
2369 4274 2692 4345 μηνιώντων
2753 4274 2902 4344 αὐτῷ
2955 4276 3065 4335 τῶς
3116 4271 3460 4340 Πατζινάκων
3504 4269 3597 4326 διὰ

187 4360 276 4423 τὰς
307 4359 389 4421 εἷς
421 4358 551 4422 τοὺς
581 4360 885 4432 Ῥωμαίους
917 4357 1174 4422 σπονδάς.

249 4451 311 4508 Ὁ
356 4445 417 4502 δὲ
466 4445 720 4522 βασιλεὺς
775 4450 1110 4524 χαριστήρια
1164 4451 1269 4503 τῶν
1319 4447 1596 4523 τροπαίων
1642 4446 1831 4504 ἀποδι-

2016 4452 2193 4509 Porro
2225 4452 2544 4523 imperator
2573 4455 2637 4508 ut
2665 4452 2887 4525 gratias
2919 4452 3148 4508 Christo
3184 4449 3476 4507 Servatori
3508 4465 3601 4505 re-

186 4535 304 4602 δοὺς
332 4541 419 4610 τῷ
450 4542 673 4612 Σωτηρι
725 4539 944 4613 Χριστῷ
991 4537 1116 4592 ναὸν
1159 4539 1357 4601 ἄνωθεν
1383 4543 1484 4606 τῆς
1508 4535 1706 4612 ἁψῖδος
1733 4545 1831 4608 τῆς

1947 4541 2142 4610 ferret,
2166 4542 2456 4614 templum
2490 4543 2641 4613 quod
2689 4558 2866 4613 supra
2905 4542 3184 4596 fornicem
3222 4538 3462 4596 Chalces
3494 4543 3603 4602 est,

184 4626 402 4701 χαλκῆς
452 4623 881 4699 ἀνῳκοδόμησεν
931 4626 989 4682 ἰκ
1025 4629 1237 4695 καινῆς,
1281 4623 1517 4701 μηδενὸς
1577 4628 1831 4705 φεισάμε-

1946 4632 2017 4685 de
2048 4648 2194 4687 novo
2226 4631 2551 4700 zedificavit,
2575 4630 2722 4686 nulli
2775 4630 3039 4702 sumptui
3091 4646 3336 4701 parcens
3367 4629 3508 4683 dum
3541 4629 3599 4682 id

185 4737 264 4776 νος
294 4720 410 4770 τῶν
472 4713 551 4779 εἰς
603 4713 964 4771 πολυτέλειαν
1025 4717 1405 4771 συντεινόντων
1458 4715 1547 4770 καί
1605 4716 1834 4788 κόσμον.

187 4803 396 4878 ’Δφῆκε
425 4798 486 4854 δὲ
534 4800 624 4856 καὶ
671 4806 792 4864 τοῖς
832 4802 1126 4879 ὑποφόροις
1174 4808 1303 4856 πᾶσι
1348 4807 1454 4857 τῶν
1497 4801 1643 4858 ὅλῶν
1671 4804 1834 4876 θεμά-

187 4909 284 4945 των
313 4891 384 4946 τὸ
434 4889 732 4966 λεγόμενον
782 4893 1067 4950 καπνικόν.
1119 4892 1414 4966 Προσέταξε
1464 4889 1521 4947 δὲ
1552 4891 1643 4947 καὶ
1677 4891 1726 4947 ἐν
1759 4896 1839 4964 τῷ

187 4979 480 5054 νομίσματι
531 4979 622 5034 καὶ
667 4979 719 5034 ἐν
769 4985 849 5054 τῷ
898 4976 1085 5054 ὀϐολῷ
1136 4981 1315 5037 εΐκόνα
1362 4980 1710 5060 ἐγγράφεσθαι
1741 4985 1839 5036 τοῦ

189 5074 476 5143 Σωτῆρος,
541 5070 618 5142 μὴ
697 5072 960 5144 πρότερον
1029 5069 1220 5126 τούτον
1278 5070 1589 5144 γινομένου.
1651 5069 1841 5147 Ἐγρά-

196 5178 357 5212 θοντο
391 5155 452 5212 δὲ
505 5160 594 5213 καὶ
650 5160 950 5234 γράμματα
1004 5159 1302 5232 Ῥωμαϊστὶ
1352 5161 1463 5233 (32)
1521 5159 1572 5213 ἰν
1633 5160 1841 5236 θατέρῳ

190 5247 335 5322 μέρει
371 5243 483 5303 ὧδὲ
513 5268 590 5319 πη
636 5244 900 5319 διεξιόντα
931 5266 944 5281 ο
993 5271 1021 5300 ι(
1053 5249 1262 5320 Ἰησοῦς
1309 5248 1540 5324 Χριστὸς
1572 5248 1837 5312 Βασιλεὺς

1947 4736 2122 4790 quam
2156 4719 2601 4775 ornatissimum
2645 4721 2879 4775 faceret.
2905 4718 3173 4774 Absolvit
3196 4719 3370 4773 etiam
3396 4717 3607 4771 subdi-

1947 4813 2038 4863 tos
2088 4807 2392 4864 universos
2441 4808 2688 4863 fumario
2739 4808 2981 4863 tributo.
3017 4809 3083 4862 Et
3125 4805 3305 4862 edixit
3351 4810 3418 4860 ut
3467 4821 3602 4859 cum

1950 4897 2008 4950 in
2061 4913 2238 4952 aureo
2296 4912 2542 4950 nummo
2590 4901 2713 4950 tum
2746 4897 2804 4950 in
2836 4900 2993 4952 414
3050 4894 3221 4951 obolo
3281 4895 3604 4948 Servatoris

1950 4985 2384 5056 insculperetur
2419 4985 2636 5055 imago,
2671 4986 2822 5056 quod
2867 4984 3116 5040 antehac
3148 4999 3261 5038 non
3296 4983 3481 5038 fuerat
3513 4997 3604 5036 re-

1950 5079 2212 5145 ceptum;
2256 5079 2314 5129 et
2375 5073 2542 5129 alteri
2609 5073 2758 5145 parti
2816 5073 3060 5128 inscribi
3109 5070 3604 5142 jussitzrrJesus

1950 5164 2217 5220 Christus
2277 5181 2374 5218 rex
2429 5178 2656 5232 regum.
2693 5185 2720 5213 »
2773 5163 2937 5227 Quod
2996 5176 3366 5217 successores
3423 5159 3601 5215 etiam

1951 5254 2350 5310 observarunt.
2386 5251 2600 5308 Basilio
2647 5250 2990 5323 patriarchae
3036 5247 3286 5306 crimina
3331 5249 3603 5322 quaedam

1385 5437 1758 5496 XYLANDRI
1797 5441 1890 5498 ET
1931 5439 2145 5498 GOARI
2185 5437 2412 5494 NOTAE.

261 5591 369 5658 (3'2)
402 5591 547 5647 Mihi
573 5607 766 5664 nuper
795 5591 854 5646 in
886 5590 1120 5648 Oriente
1150 5593 1376 5663 degenti
1411 5594 1703 5651 numisma
1733 5595 1845 5650 hu-

195 5661 448 5734 jusmodi
469 5661 725 5734 (ensum,
748 5664 812 5718 in
836 5679 1109 5720 muscum
1129 5661 1436 5720 Thuanum
1460 5667 1670 5722 deinde
1691 5673 1849 5720 tran-

203 5731 432 5804 slatum,
496 5731 721 5793 incidit
762 5736 824 5791 in
879 5750 1111 5809 manus,
1153 5737 1326 5808 cujus
1381 5737 1558 5795 dictio
1610 5738 1848 5810 quidem

1953 5597 2148 5649 erea
2178 5592 2478 5648 character
2515 5596 2709 5647 autem
2750 5591 3010 5655 Latinus,
3038 5589 3107 5643 τὰ
3135 5591 3434 5663 γράμματα
3463 5591 3604 5644 Ῥω-

1960 5664 2164 5738 μαῖστί,
2199 5666 2306 5719 hac
2339 5665 2526 5738 figura
2549 5669 2871 5720 cernuntur
2899 5679 2912 5718 :
2945 5664 3119 5720 Jesus
3147 5664 3420 5721 Christus
3453 5663 3610 5718 Basi-

1959 5739 2086 5793 leus
2115 5738 2400 5795 basileon.
2428 5737 2605 5794 Goaa.
