4050 6326
517 415 637 474 H7

1865 411 2184 475 GEORGII
2228 410 2568 473 CEDHENI

3814 412 3924 472 148

513 545 766 616 objecta,
820 544 989 616 isque
1054 543 1114 599 in
1175 543 1423 601 concilio
1490 547 1797 618 propterea
1862 544 2167 618 depositus

2290 541 2580 618 βασιλέων.
2618 566 2645 593 ››
2673 544 2849 599 Τοῦτο
2881 538 2938 597 δὲ
2983 543 3073 597 καὶ
3120 542 3172 596 ol
3220 540 3447 613 καθεξῆς
3471 541 3737 618 έτήρησαν
3774 541 3921 617 βασι-

514 651 650 691 cum
681 639 857 700 esset,
888 634 1138 691 Antonio
1169 635 1410 689 Studitae
1454 635 1887 706 patriarchatus
1924 635 2169 691 manda-

516 728 615 781 tus
649 729 756 782 est.

590 907 853 976 Augusto
885 919 1103 971 mense,
1137 902 1459 959 indictione
1500 904 1693 971 tertia,
1726 908 1952 959 cometa
1992 905 2172 960 exsti-

519 993 610 1060 tit,
637 1010 809 1065 quem
835 1011 867 1048 a
889 994 1083 1048 barbae
1112 992 1298 1047 forma
1327 994 1638 1065 pogoniam
1671 998 1909 1063 vocant;
1932 1000 1990 1049 et
2009 993 2171 1049 visus

520 1093 605 1138 est
638 1098 824 1152 usque
856 1081 926 1136 ad
960 1086 1227 1136 octavum
1263 1098 1523 1136 mensem
1557 1081 1896 1137 indictionis
1926 1088 2167 1153 quartae.

516 1175 573 1227 Is
608 1171 1095 1243 praemonstrabat
1128 1170 1498 1241 imperatoris
1524 1170 1749 1226 obitum
1783 1174 1840 1226 et
1872 1169 2170 1226 calamita-

515 1264 604 1317 tes
634 1260 1121 1327 immedicabiles,
1148 1277 1274 1332 quae
1308 1264 1544 1333 propter
1564 1260 1755 1316 civilia
1786 1260 1941 1317 bella
1962 1261 2172 1318 Roma-

517 1367 727 1406 norum
760 1350 967 1405 ditioni
1000 1354 1165 1405 erant
1195 1353 1493 1406 eventura.

588 1438 925 1493 Secundum
984 1439 1105 1494 haec
1166 1439 1483 1509 imperator
1542 1439 1966 1511 expeditionem
2037 1439 2171 1495 facit

520 1533 722 1583 contra
751 1544 851 1583 eas
883 1528 1055 1583 urbes
1082 1545 1229 1598 qum,
1255 1528 1339 1581 uti
1370 1528 1700 1596 docuimus,
1727 1528 1797 1583 ab
1821 1528 2171 1599 imperatore

521 1617 843 1689 Nicephoro
893 1618 1146 1672 subactas
1185 1617 1335 1672 bello
1367 1622 1423 1671 et
1457 1616 1729 1673 Romanis
1775 1617 2169 1689 stipendiariae

524 1707 685 1760 facta:
718 1707 1074 1772 defecerant;
1114 1712 1171 1761 et
1222 1712 1571 1762 Damascum
1634 1723 1820 1778 usque
1879 1708 2169 1778 profectus

524 1794 839 1851 nonnullas
868 1796 1382 1867 verbis,quasdam
1415 1794 1565 1850 bello
1596 1799 1652 1850 et
1682 1796 1735 1850 vi
1767 1800 2090 1869 recuperat,
2115 1800 2172 1851 et

523 1883 795 1939 omnibus
828 1883 935 1938 rite
965 1884 1324 1953 constitutis,
1357 1884 1465 1939 iter
1495 1885 1734 1939 domum
1768 1901 1970 1941 versus
1996 1885 2169 1941 insti-

518 1972 652 2028 tuit.
685 1972 763 2028 Eo
796 1973 853 2027 in
897 1973 1106 2029 itinere
1155 1989 1286 2028 cum
1323 1974 1700 2041 Anazarbam,
1736 1975 2078 2029 Podandum
2110 1978 2167 2029 et

517 2061 743 2133 reliqua
772 2061 900 2117 loca
936 2062 1234 2130 transiret,
1256 2063 1594 2134 videretque
1635 2062 1825 2118 obiter
1853 2063 2167 2136 magniﬁca

516 2156 573 2206 et
602 2150 970 2206 fertilissima
1018 2151 1254 2223 praedia.
1280 2150 1548 2222 quaesivit
1576 2167 1645 2206 ex
1674 2151 1747 2208 iis
1776 2152 1877 2224 qui
1922 2153 2167 2209 aderant

517 2238 761 2312 quinam
788 2239 999 2295 horum
1023 2245 1220 2295 essent
1242 2239 1484 2295 domini.
1510 2244 1765 2313 Cumque
1787 2242 2165 2314 respondere-

518 2332 617 2383 tur
648 2328 849 2383 omnia
875 2344 942 2383 ea
961 2345 1090 2383 esse
1112 2328 1310 2385 Basilii
1341 2329 1683 2386 cubicularii
1716 2331 1928 2398 intimi,
1954 2330 2165 2402 partim

520 2433 707 2488 nuper
738 2418 885 2474 4l5
924 2417 1183 2473 Romano
1230 2418 1475 2489 imperio
1523 2420 1751 2489 adjecta
1782 2437 1815 2476 a
1845 2421 2166 2492 Nicephoro

521 2506 892 2576 imperatore,
928 2506 1137 2577 partim
1171 2508 1243 2562 ab
1285 2508 1412 2577 hoc,
1447 2509 1655 2579 partim
1688 2511 1760 2564 ab
1792 2510 1902 2565 alio
1934 2509 2167 2565 schola-

523 2610 656 2649 rum
705 2596 1047 2663 domestico,
1081 2598 1348 2668 quaedam
1401 2598 1473 2652 ab
1502 2597 1630 2669 ipso
1662 2598 1967 2669 Tzimisca,
1991 2604 2168 2670 atque

523 2700 591 2739 ea
621 2684 822 2740 omnia
869 2685 1081 2741 Basilio
1113 2686 1348 2751 donata,
1382 2686 1526 2742 nihil
1562 2693 1882 2742 memoratu
1928 2689 2169 2760 dignum

522 2773 729 2829 videns
763 2772 1030 2829 relictum
1065 2775 1144 2829 rei
1177 2774 1425 2845 publica:
1472 2777 1543 2831 de
1591 2782 1712 2831 tam
1754 2776 1955 2833 multis
1987 2778 2037 2832 ei
2071 2794 2167 2833 ac-

521 2862 758 2934 quisitis
814 2863 1004 2929 bonis,
1042 2863 1203 2936 gravi
1248 2868 1547 2935 correptus
1597 2864 1794 2921 dolore
1841 2870 1898 2921 et
1944 2866 2166 2937 gemitu

518 2967 589 3007 ex
617 2952 732 3007 imo
765 2957 994 3023 pectore
1033 2953 1209 3008 ducto
1243 2968 1255 3007 :
1283 2976 1309 3003 «
1342 2953 1488 3009 Proh
1539 2954 1867 3026 indignam,
1890 2957 1991 3026 ait,
2023 2972 2167 3027 rem,

520 3040 783 3108 comites,
821 3040 1088 3112 publicas
1118 3041 1338 3097 insumi
1370 3043 1670 3113 pecunias,
1694 3048 1985 3101 Romanos
2015 3062 2169 3101 exer-
2220 3116 2225 3119 1

519 3131 672 3187 citus
729 3146 1024 3186 aerumnas
1072 3131 1389 3197 exantlare,
1434 3132 1817 3202 imperatores
1867 3138 2027 3190 extra
2075 3135 2165 3190 sui

522 3218 754 3291 imperii
786 3220 934 3275 ﬁnes
982 3219 1211 3275 labores
1259 3220 1529 3292 tolerare,
1561 3227 1619 3276 et
1648 3228 1842 3278 tamen
1880 3225 2164 3296 quidquid

521 3273 936 3364 etiam;
964 3273 1464 3380 amasene;
1485 3273 2166 3378 egis.{g;.';,};gg.;;.‘i;
2198 3273 2241 3341 C

524 3397 704 3453 unius
732 3397 927 3452 venire
957 3398 1237 3468 spadonis
1276 3399 1764 3469 possessionem.»
1791 3401 1954 3456 Hunc
1986 3402 2171 3475 impe-

525 3485 737 3541 ratoris
769 3502 1098 3541 sermonem
1127 3488 1365 3558 quidam
1391 3489 1459 3543 ad
1484 3488 1767 3545 Basilium
1802 3490 2028 3547 detulit.
2050 3492 2171 3555 Quo

526 3574 626 3630 ille
656 3575 918 3630 irritatus
963 3594 1030 3630 ex
1077 3593 1143 3632 eo
1197 3582 1457 3650 tempore
1507 3580 1871 3636 occasionem
1906 3582 2174 3652 quaesivit

527 3662 898 3737 imperatoris
948 3664 1208 3721 tollendi.
1256 3670 1456 3739 Itaque
1494 3685 1625 3723 eum
1676 3668 1772 3741 qui
1823 3669 2094 3725 minister
2139 3687 2173 3726 a

525 3754 753 3827 poculis
774 3755 1113 3826 imperatori
1139 3760 1281 3822 erat,
1300 3756 1615 3829 aliquando
1644 3758 1944 3815 blanditiis
1968 3766 2025 3815 et
2049 3777 2172 3816 mu-

524 3844 761 3900 neribus
794 3846 1137 3916 corrumpit,
1160 3848 1406 3917 ejusque
1427 3864 1602 3917 opera
1623 3864 1910 3904 venenum
1945 3867 2059 3903 non
2080 3866 2170 3903 ve-

520 3932 952 3988 hementissimi
1001 3934 1232 4004 generis
1263 3939 1321 3988 et
1349 3936 1503 4005 quod
1539 3936 1736 3990 statim
1786 3945 2036 4005 necaret,
2066 3940 2163 3994 sed

518 4022 673 4091 quod
699 4022 919 4075 sensim
947 4020 1096 4076 vires
1131 4022 1453 4077 baurientis
1478 4025 1890 4096 exstingueret,
1916 4026 2167 4098 impera-

514 4108 626 4164 tori
659 4110 953 4180 propinat.
978 4110 1099 4172 Quo
1146 4110 1194 4164 is
1227 4115 1395 4180 epoto
1437 4110 1718 4181 paulatim
1746 4114 2165 4172 contabescens

516 4202 575 4251 et
599 4195 823 4252 viribus
856 4198 1154 4264 deﬁciens,
1188 4199 1423 4253 tandem
1451 4199 1624 4255 etiam
1658 4202 2033 4259 carbunculis
2068 4223 2168 4276 per

515 4285 790 4341 humeros
804 4284 1036 4353 exortis,
1053 4284 1237 4340 multo
1260 4288 2165 4365 peroculoseffluentesanguine

514 4373 719 4443 Cpolin
754 4390 1021 4429 reversus
1052 4374 1279 4430 vivendi
1326 4376 1496 4432 ﬁnem
1533 4378 1687 4441 fecit,
1721 4379 1966 4452 imperio
1997 4383 2164 4438 Basi-

513 4460 590 4516 lio
621 4466 678 4516 et
707 4463 1091 4519 Constantino
1122 4465 1371 4520 Romani
1415 4466 1548 4521 ﬁliis
1592 4468 1810 4525 relicto.
1852 4471 2166 4543 Imperavit

512 4566 699 4605 annos
728 4552 762 4605 6
791 4550 1152 4623 totidemque
1184 4570 1417 4610 menses
1449 4560 1503 4610 et
1542 4556 1712 4627 paulo
1744 4558 2016 4629 amplius.

2281 631 2418 694 λεῖς.
2466 632 2751 687 Βασιλείου
2802 632 2858 687 δέ
2900 636 2995 687 τοῦ
3043 651 3388 706 πατριαρχου
3434 629 3517 686 ἐπ’
3564 629 3762 692 αἰτίαις
3811 628 3922 684 δια-

2282 716 2579 790 ϐληθέντπ
2627 723 2717 776 καὶ
2787 720 3083 783 συνοδικῶς
3149 722 3552 795 καθαιρεθέντος
3606 715 3920 795 προεϐλήθη

2282 813 2633 887 πατριάρχης
2656 812 2945 873 Ἀντώνιος
2976 812 3003 865 6
3034 808 3355 880 Στουδίτης.

2355 900 2656 976 Αὐγούστῳ
2688 899 2744 955 δὲ
2797 899 2951 974 μηνέ,
3004 897 3339 962 ίνδικτιῶνος
3391 900 3459 974 γ’,
3520 896 3685 975 ἐφάνη
3716 897 3809 952 καὶ
3834 917 3927 952 κο-

2287 992 2465 1063 μήτης
2518 991 2545 1043 6
2604 988 2893 1065 λεγόμενος
2972 988 3290 1064 πωγωνίας,
3362 987 3453 1041 καὶ
3530 986 3772 1064 ἐφαίνετο
3832 985 3930 1049 ἕως

2282 1073 2614 1153 Ὀκτωϐρίού
2676 1079 2844 1150 μηνὸς
2891 1085 2990 1148 τῆς
3045 1076 3307 1153 τετάρτης
3367 1073 3727 1137 ἷνδικτιῶνος.
3790 1081 3927 1149 Προ-

2282 1170 2485 1241 εμήνυε
2536 1165 2579 1221 δ’
2610 1165 2768 1229 οὗτος
2817 1168 2908 1222 τὸν
2966 1164 3061 1222 τού
3115 1164 3382 1243 βασιλέως
3427 1164 3648 1220 θάνατον
3695 1165 3788 1218 καὶ
3834 1166 3926 1227 τὰς

2285 1255 2591 1330 μελλούσας
2623 1261 2914 1331 κατασχεῖν
2972 1257 3073 1326 τὴν
3122 1255 3410 1329 Ῥωμαίων
3453 1261 3557 1331 γῆν
3598 1253 3657 1309 ἐκ
3683 1258 3793 1309 τῶν
3828 1253 3925 1328 ἐμ-

2281 1344 2486 1424 φυλίων
2520 1343 2783 1417 πολέμων
2817 1346 3273 1422 ἀπαραμυθήτως
3302 1344 3495 1420 τύχας.

2351 1438 2473 1492 Τῶν
2507 1432 2551 1489 δ’
2588 1435 2691 1490 ὑπὸ
2742 1439 2839 1490 τοῦ
2902 1433 3170 1509 βασιλέως
3220 1435 3542 1512 Νικηφόρου
3576 1434 3928 1508 προσκτηθει-

2281 1530 2386 1579 σῶν
2445 1524 2660 1579 πόλεων
2721 1523 2810 1578 καί
2880 1530 2989 1578 τῶν
3068 1523 3359 1600 ὑπόφόρων
3431 1523 3739 1597 γενομένων
3793 1523 3924 1575 Ῥω-

2284 1616 2490 1686 μαίοις,
2543 1614 2617 1678 ὡς
2673 1610 2976 1690 ἔμπροσθεν
3056 1613 3288 1689 εἷ’ρηται,
3363 1614 3645 1686 ἀραμένων
3695 1612 3922 1686 πτέρναν

2281 1705 2495 1771 καὶτὴν
2556 1704 2873 1777 Ῥωμαϊκὴν
2928 1703 3370 1777 ἀποσεισαμένων
3440 1701 3704 1775 ἐξουσίαν,
3758 1696 3925 1770 ἔξεισι

2278 1795 2394 1848 κατ’
2423 1792 2597 1848 αὐτῶν
2646 1795 2673 1847 6
2729 1792 2983 1869 βασιλεὺς
3036 1792 3127 1848 καὶ
3186 1793 3397 1847 ἄπεισιν
3448 1790 3579 1866 ἄχρι
3614 1793 3922 1864 Δαμασκοῦ.

2199 1920 2247 1986 Β
2282 1879 2377 1936 Καὶ
2406 1881 2501 1942 τὰς
2539 1881 2634 1953 μὲν
2666 1882 2847 1935 πειθοῖ
2899 1880 2989 1935 καὶ
3040 1879 3213 1955 λόγῳ,
3245 1880 3340 1943 τὰς
3361 1876 3418 1934 δὲ
3446 1878 3679 1952 πολέμῳ
3705 1877 3797 1932 καὶ
3834 1877 3926 1954 βίᾳ

2279 1968 2734 2043 ἀνακτησάμενος,
2765 1968 2856 2023 καὶ
2905 1971 3076 2024 πάντα
3123 1970 3261 2024 κατὰ
3303 1968 3366 2023 τὸ
3410 1969 3619 2045 πρέπον
3649 1988 3923 2035 καταστη-

2278 2060 2530 2132 σάμενος,
2589 2057 2829 2129 ἀνέζευξε
2889 2058 3024 2135 πρὸς
3069 2058 3166 2127 τήν
3222 2054 3498 2132 βασιλίδα.
3528 2062 3825 2128 Γενομενος
3867 2052 3924 2109 δὲ

2275 2151 2409 2203 κατά
2436 2143 2907 2224 τὴνἌνάζαρϐον,
2951 2147 3040 2202 καὶ
3098 2147 3188 2201 τὸν
3243 2143 3515 2201 Ποδανδὸν
3567 2144 3773 2206 καὶτὰς
3809 2144 3925 2199 λοι-

2275 2240 2378 2299 πὰς
2433 2235 2747 2314 παροδεύων
2828 2237 3039 2313 χώρας,
3099 2234 3191 2289 καὶ
3267 2234 3483 2310 βλέπων
3538 2232 3604 2288 τὸ.
3656 2232 3709 2289 ἐν
3767 2234 3922 2303 ποσὶ,

2275 2329 2494 2398 κτήσεις
2523 2348 2581 2381 τε
2632 2328 2772 2401 ὁρῶν
2818 2323 3145 2387 πολυτελεῖς
3193 2324 3284 2379 καὶ
3338 2324 3520 2400 χωρία
3550 2322 3716 2400 εὐφυῆ
3746 2342 3809 2377 τε
3836 2320 3927 2376 καὶ

2275 2418 2562 2492 πάμφορα,
2623 2413 3002 2481 διεπυνθάνετο
3074 2413 3199 2478 τοὺς
3272 2413 3716 2489 παρευρημένους
3772 2410 3927 2472 τίνος

2278 2507 2336 2561 ἂν
2382 2508 2470 2561 καὶ
2507 2508 2605 2561 εἶεν
2665 2505 2841 2562 αὗται.
2876 2512 2946 2567 Ως
3007 2501 3052 2559 δ’
3112 2502 3372 2577 ἐμάνθανε
3420 2503 3567 2576 παρᾶ
3623 2506 3727 2556 τῶν
3786 2498 3929 2576 ἱρω-

2275 2596 2533 2669 τωμένων
2582 2597 2767 2670 ὅτιπερ
2815 2598 2912 2649 τοῦ
2957 2591 3458 2669 παρακοιμωμένου
3499 2590 3602 2646 εἶσὶ
3635 2588 3923 2645 Βασιλείου

2276 2692 2462 2742 πᾶσαι.
2520 2683 2653 2754 αὕτη
2716 2686 2809 2757 μὲν
2880 2683 2969 2738 καὶ
3019 2681 3152 2752 αὕτη
3208 2679 3505 2754 Ῥωμαίοις
3559 2681 3931 2755 προσκτηθεῖ-

2278 2797 2363 2831 σαι
2395 2772 2624 2851 ἔναγχος
2674 2775 2819 2847 παρά
2870 2771 3184 2850 Νικηφόρου
3222 2775 3319 2826 τοῦ
3373 2768 3663 2846 βασιλέως,
3696 2766 3835 2837 αὕτη
3868 2764 3931 2823 δὶ

2278 2864 2421 2939 παρὰ
2461 2862 2620 2919 τοῦδε
2674 2867 2770 2918 τοῦ
2821 2860 3145 2935 δομεστίκου
3198 2865 3307 2915 τῶν
3363 2857 3607 2934 σχολῶν,
3655 2858 3742 2911 καὶ
3782 2856 3924 2926 αὕτη

2277 2956 2424 3030 παρὰ
2452 2958 2547 3008 τοῦ
2603 2951 2794 3023 δεῖνος,
2843 2952 2932 3007 καὶ
2984 2950 3117 3022 αὕτη
3170 2949 3260 3005 καὶ
3308 2946 3443 3019 αὕτη
3492 2947 3638 3021 παρὰ
3668 2950 3785 3012 coli,
3832 2945 3927 3000 καὶ

2276 3050 2357 3117 τῷ
2410 3042 2680 3115 Βασιλείῳ
2731 3039 3088 3114 δεδώρηνται,
3148 3037 3301 3094 οὐδέν
3358 3036 3415 3093 δὲ
3462 3036 3493 3092 6'
3538 3058 3590 3092 τι
3622 3035 3710 3090 καὶ
3750 3032 3927 3110 λόγου

2280 3134 2423 3204 ἄξιον
2477 3130 2610 3187 εἶδεν
2674 3128 3143 3203 ὑπολελειμμένον
3191 3134 3300 3184 τῶν
3347 3126 3796 3203 προσκτηθέντων
3846 3128 3929 3195 τῷ

2282 3224 2557 3298 δημοσίῳ,
2606 3222 2890 3298 γενόμενος
2942 3219 3249 3295 περιαλγὴς
3297 3217 3388 3273 καὶ
3435 3217 3618 3290 βύθιον
3652 3212 3931 3283 στενάξας,

2284 3338 2308 3369 ι
2344 3314 2544 3382 Δεινὸν,
2577 3314 2621 3366 ὧ
2674 3310 2953 3385 παρόντες,
3013 3308 3136 3387 ἔφη,
3199 3308 3244 3361 εἰ
3300 3306 3367 3361 τα
3416 3303 3654 3378 δημόσια
3691 3322 3931 3357 κατανα-

2283 3404 2561 3459 λίσκονται
2612 3401 2875 3476 χρήματα
2928 3398 3017 3454 καὶ
3072 3399 3141 3452 τὰ
3181 3395 3464 3469 Ῥωμαϊκὰ
3509 3391 3934 3463 ταλαιπωροῦν-

2278 3515 2367 3548 ται
2401 3494 2479 3561 [Ρ.
2511 3492 2637 3563 684]
2686 3489 3059 3565 στρατεύματα
3105 3485 3196 3541 καὶ
3230 3486 3281 3539 οἱ
3327 3482 3571 3560 βασιλεῖς
3599 3481 3935 3556 ὑπερορίους

2280 3580 2635 3656 ἀναδέχονται
2666 3574 2889 3650 κόπους,
2939 3576 3006 3631 τὰ
3049 3573 3105 3630 δὲ
3134 3573 3192 3630 ἐκ
3218 3572 3497 3630 τοσούτων
3526 3570 3935 3647 προσκτώμενα

2284 3670 2509 3745 μόχθων
2556 3667 2644 3721 καὶ
2696 3666 2864 3721 κὸπαν
2914 3663 3028 3727 ἐνὸς
3069 3662 3341 3738 εὐνούχου
3386 3662 3499 3735 (33)
3517 3658 3752 3745 γίνονται
3785 3660 3933 3745 κτῆ-

2283 3742 2436 3832 μαί»
2477 3757 2570 3811 Καὶ
2605 3758 2631 3810 ὁ
2688 3756 2782 3828 μὶν
2832 3752 3085 3830 βασιλεὺς
3134 3756 3319 3820 ταῦτα,
3349 3754 3455 3805 τῶν
3505 3768 3586 3808 τις
3634 3744 3690 3801 δὲ
3719 3742 3933 3822 παρόν-

2276 3868 2383 3901 των
2433 3850 2510 3917 τῷ
2562 3842 2830 3915 Βασιλείῳ
2875 3844 2965 3896 τὸν
3014 3845 3111 3896 τοῦ
3163 3837 3429 3915 βασιλέως
3472 3836 3638 3912 λόγον
3692 3833 3933 3911 διαπορ-

2280 3935 2512 4008 θμεύσας
2553 3933 2832 4006 ἀνηρέθισε
2881 3931 3016 4006 πρὸς
3057 3930 3242 4005 ὀργήν.
3282 3927 3387 3983 Καὶ
3432 3924 3615 3981 ἔκτοτε
3646 3924 3930 4001 εὐκαιρίαν

2277 4027 2453 4094 ἐζήτει
2507 4023 2598 4077 τὸν
2664 4020 2889 4096 βασιλέα
2956 4019 3438 4073 ἀποσκευάσασθαι.
3500 4014 3769 4076 Θωπείαις
3829 4012 3930 4067 οὖν

2279 4113 2525 4177 ὑπελθὼν
2557 4131 2688 4165 ποτε
2733 4109 2822 4164 καὶ
2870 4106 3067 4184 δώροις
3106 4107 3442 4179 ἐξαπατήσας
3472 4105 3563 4159 τὸν
3584 4103 3766 4177 ἐγχεῖν
3802 4101 3937 4156 εἰω-

2275 4203 2402 4257 θότα
2431 4203 2519 4257 τὸν
2554 4200 2697 4255 οἶνον
2754 4202 2833 4269 τῷ
2888 4196 3121 4273 βασιλεῖ,
3171 4196 3260 4250 καὶ
3311 4192 3651 4268 δηλητήριον
3696 4193 3937 4266 κερασά-

2279 4312 2437 4365 μενος
2469 4291 2529 4345 οὐ
2558 4294 2664 4343 τῶν
2718 4284 3163 4365 δραστικωτάτων
3213 4284 3301 4338 καὶ
3348 4281 3518 4357 ταχὺν
3553 4279 3936 4357 ἐπιφερόντων

2272 4382 2362 4436 τὸν
2421 4376 2689 4446 κίνδυνον,
2740 4375 2887 4430 ἀλλὰ
2927 4379 3037 4429 τῶν
3086 4372 3367 4448 σχολαίως
3412 4371 3501 4425 καὶ
3548 4369 3683 4423 κατὰ
3724 4368 3934 4443 μικρόν

2273 4469 2670 4525 ἀναλισκόντων
2716 4467 2814 4533 τὴν
2884 4468 2981 4518 τοῦ
3045 4460 3366 4524 πεπωκότος
3422 4456 3674 4530 δύναμιν,
3732 4457 3939 4533 κεράν-

2272 4581 2389 4614 νυσι
2422 4562 2501 4629 τῷ
2540 4553 2774 4632 βασιλεῖ.
2809 4554 2905 4607 Καὶ
2939 4551 3079 4607 πιὼν
3128 4552 3215 4605 καὶ
3248 4551 3364 4605 κατ’
3397 4548 3583 4624 ὀλίγον
3614 4544 3935 4616 νοσηλευό-

512 4657 674 4709 μενος
729 4638 961 4708 καὶτῆς
1012 4639 1211 4701 οἰκείας
1269 4639 1549 4711 δυνάμεως
1605 4644 1965 4717 ἀποπίππιυν,
2019 4647 2333 4705 τελευταῖον
2396 4645 2453 4701 δὲ
2510 4646 2593 4700 οιαὶ
2643 4644 2771 4707 τοὺς
2827 4638 3012 4715 ὤμους
3061 4638 3440 4713 ἀνθρακιάσας,
3501 4635 3730 4709 αῗματος
3776 4633 3935 4690 πολ-

508 4721 609 4779 λοῧ
642 4724 857 4802 ῥυέντος
889 4727 1034 4801 αὖτῷ
1066 4726 1154 4783 διὰ
1194 4733 1301 4785 τῶν
1363 4730 1683 4808 ὀφθαλμῶν,
1740 4733 1992 4789 εἰσελθὼν
2044 4735 2094 4792 ἐν
2148 4742 2215 4812 τῇ
2278 4733 2516 4815 βασιλίδι
2574 4731 2837 4789 κατέλυσε
2891 4732 2989 4800 τὴν
3053 4732 3220 4799 ζωὴν,
3257 4726 3575 4803 βασιλεύσας
3596 4722 3685 4815 ἔτη
3724 4729 3767 4786 ς¹
3798 4744 3936 4815 τοσ-

509 4813 700 4879 ούτους
730 4836 785 4871 τε
829 4823 1002 4889 μῆνας
1059 4818 1149 4872 καὶ
1198 4819 1356 4893 πρὸς,
1417 4817 1709 4895 διαδόχους
1759 4820 2071 4879 καταλιπὼν
2129 4829 2228 4895 τῆς
2277 4808 2551 4901 βασιλείας
2610 4819 2887 4876 Βασίλειον
2929 4818 3019 4874 καὶ
3074 4820 3473 4873 Κωνσταντῖνον
3530 4811 3660 4876 τοὺς
3719 4808 3938 4877 παῖδας

505 4908 606 4959 τοῦ
636 4906 943 4979 (Ρωμανοῦ.

581 4996 735 5050 416
761 4999 921 5052 Anno
948 4997 1153 5052 mundi
1173 4998 1333 5066 5484,
1359 4998 1680 5056 indictione
1706 5005 1934 5072 quarta,
1963 5021 2162 5062 mense

2342 5003 2420 5060 Τὸ
2455 5002 2547 5074 μὶν
2583 4997 2673 5054 οὖν
2725 4998 2981 5053 Ἰωάννου
3026 4992 3187 5058 τέλος
3234 4996 3325 5049 τὸν
3381 4989 3670 5069 εἰρημένον
3697 4990 3937 5060 συνηνέ-

509 5080 837 5155 Decembri,
870 5085 1125 5141 Basilius
1178 5092 1234 5142 et
1276 5087 1699 5143 Constantinus
1756 5092 2001 5147 Romani
2058 5094 2163 5149 ﬁlii

508 5170 822 5243 imperium
890 5174 1202 5231 iniverunt.
1268 5178 1500 5232 Annum
1570 5178 1757 5235 aetatis
1815 5179 2159 5238 vicesimum

510 5259 763 5319 Basilius
790 5268 914 5318 tum
949 5264 1192 5335 agebat:
1226 5265 1479 5321 triennio
1500 5267 1706 5336 junior
1733 5272 1858 5323 erat
1883 5270 2161 5327 Constan-

505 5346 689 5403 tinus.
721 5353 911 5423 Atque
943 5351 1001 5405 hi
1035 5351 1269 5422 quidem
1302 5369 1513 5409 nomen
1548 5362 1601 5409 et
1630 5354 1881 5426 figuram
1916 5357 2158 5430 impera-

504 5436 698 5491 torum
748 5440 1074 5509 gerebant:
1108 5440 1368 5496 omnium
1418 5458 1612 5497 rerum
1663 5460 1840 5515 penes
1872 5445 2155 5504 Basilium

2272 5094 2380 5167 χθη
2408 5092 2632 5165 τρόπον,
2664 5088 2726 5142 τὸ
2758 5084 2818 5141 δὲ
2844 5093 2945 5155 τῆς
2983 5082 3256 5162 βασιλείας
3292 5084 3488 5158 κράτος
3518 5080 3596 5141 εἷς
3627 5076 3935 5135 Βασίλειον

2275 5182 2527 5257 μετήχθη
2587 5177 2676 5233 καὶ
2755 5178 3155 5233 Κωνσταντῖνον
3232 5171 3359 5235 τοὺς
3410 5171 3559 5232 υἱοὺς
3613 5170 3939 5241 ⁸Ρωμανοῦ,

2268 5273 2403 5325 κατά
2448 5271 2510 5324 τὸ
2558 5264 2725 5342 ,ςυπδ¹
2773 5263 2915 5334 ἔτος,
3004 5262 3343 5324 ΐνδικτιῶνος
3413 5258 3476 5334 δ’,
3534 5258 3662 5339 μηνὶ
3721 5263 3943 5331 Δεκεμ-

2272 5358 2411 5435 βρίῳ
2444 5377 2457 5391 ’
2492 5360 2568 5413 ὧν
2621 5358 2647 5410 6
2707 5356 2802 5429 μὶν
2844 5352 3126 5414 Βασίλειος
3181 5353 3273 5407 τὸν
3330 5352 3377 5405 κ’
3406 5352 3536 5419 ἠνυε
3565 5350 3663 5416 τῆς
3694 5344 3939 5415 ἡλικίας

2267 5450 2489 5523 χρόνον,
2546 5443 2684 5501 ἔτεσι
2736 5443 2793 5499 δὶ
2837 5444 2980 5518 τρισὶ
3027 5440 3225 5497 τούτου
3281 5440 3542 5513 νεώτερος
3592 5436 3657 5505 ἦν
3702 5436 3732 5490 6
3760 5441 3933 5490 Κων-

1687 5603 2066 5663 XYLANDRI
2105 5609 2197 5665 ET
2235 5608 2454 5666 GOARI
2493 5607 2722 5666 ΝΟΤίΕ.

575 5740 681 5812 (33)
714 5738 1239 5815 Παρακοιμωμένου,
1273 5743 1345 5800 de
1374 5759 1535 5803 more
1567 5745 1841 5802 eunuchi.
1874 5749 2053 5803 GOAR.
