4050 6326
181 387 298 446 149

1327 381 1877 446 HISTORIARUM
1920 383 2469 446 COMPENDIUM.

3492 385 3608 446 150

183 521 491 580 σταντῖνος.
553 519 764 593 Σχῆμα
817 516 913 590 μὶν
968 513 1066 570 οὗκ
1119 513 1207 570 καὶ
1266 509 1441 588 ὄνομα
1512 513 1676 588 μόνον
1715 518 1818 569 ,τοῖ

1957 514 2264 588 praesidem
2296 516 2532 572 interim
2576 517 3011 573 administratio
3051 520 3196 584 erat,
3227 517 3302 573 iis
3330 517 3522 574 adhuc
3551 524 3606 574 et

186 605 483 679 βασιλεῦσι
558 605 952 681 περιετὲθειτο,
1029 607 1063 674 ἡ
1140 601 1198 660 δὶ
1275 603 1660 678 μεταχείρησις
1737 608 1844 658 τῶν

180 698 530 770 πραγμάτων
585 695 732 769 παρά
778 699 874 748 τοῦ
906 691 1174 769 προέδρου
1221 693 1500 770 ἐνηργεῖτο
1555 692 1845 750 Βασιλείου

181 781 270 838 διά
300 784 366 838 τὸ
409 783 600 853 νεάζον
647 791 746 852 τῆς
788 783 1006 852 ἡλικίας
1047 787 1154 838 τῶν
1211 781 1475 855 βασιλέων
1516 783 1604 837 καὶ
1638 782 1845 836 ἁπαλὸν

178 873 268 927 καὶ
330 875 508 945 μήπω
573 868 806 948 βεϐηκὸς
859 877 954 926 τοῦ
1015 875 1402 950 φρονήματος.
1461 874 1556 934 ⁸·ος
1616 873 1730 944 ἅμα
1785 893 1843 927 τε

178 961 485 1036 περιῆλθεν
515 961 591 1023 εἷς
639 961 764 1023 τοὺς
810 959 1006 1024 παῖδας
1055 965 1152 1016 τοῦ
1199 965 1479 1033 Ῥωμαιιοῦ
1524 962 1586 1015 τὸ
1621 963 1838 1037 κράτος,

176 1052 263 1104 καὶ
311 1053 432 1123 ἅμα
497 1048 884 1126 ταχυδρὸμους
963 1049 1243 1123 ἐκπέμψας
1318 1047 1434 1124 ἄγει
1505 1051 1602 1118 τὴν
1663 1049 1836 1104 αὐτῶν

178 1139 396 1214 μητερα
453 1140 558 1194 ἀπὸ
602 1147 702 1209 τῆς
756 1139 1042 1214 ὑπερορίας
1092 1139 1167 1202 εἷς
1221 1139 1287 1193 τά
1337 1137 1605 1214 βασίλεια.
1638 1137 1836 1201 Δεδιὼς

175 1227 231 1284 δὲ
290 1229 387 1284 καὶ
449 1229 546 1291 τὰς
597 1228 732 1282 κατά
785 1235 887 1298 τῆς
949 1227 1225 1302 βασιλείας
1284 1225 1688 1294 ἐπαναστάσεις,
1745 1227 1835 1281 καὶ

176 1317 394 1389 μᾶλλον
427 1323 537 1372 τῶν
590 1314 775 1372 ἄλλων
828 1314 1039 1392 Βάρδαν
1097 1317 1393 1392 μάγιστρον
1425 1317 1516 1370 τὸν
1557 1313 1834 1390 Σκληρὸν,

174 1405 253 1459 ἀεὶ
459 1404 708 1481 βασιλείᾳ
765 1402 1116 1482 ἐφεδρεύοντα
1172 1405 1261 1459 καὶ
1341 1401 1428 1458 διὰ
1482 1403 1678 1466 παντὸς
1733 1406 1831 1473 τὴν

175 1495 516 1550 ἀποστασίαν
568 1494 830 1549 ὠδίνοντα
876 1494 1050 1564 (ἑάλω
1098 1495 1200 1570 γὰρ
1252 1493 1340 1548 καὶ
1391 1493 1476 1548 ἐπὶ
1532 1498 1628 1548 τοῦ
1680 1495 1832 1568 βασι-

175 1583 318 1646 λέως
400 1585 650 1640 Ἰωάννου
742 1578 1132 1656 ἐπιϐουλεύων,
1232 1582 1322 1638 καὶ
1423 1580 1831 1647 καταδικασθεὶς

172 1671 542 1748 ξορυχθῆναι
592 1672 720 1734 τοὺς
770 1668 1087 1749 ὀφθαλμοὺς
1143 1671 1426 1748 ἐξερῥύσθη
1482 1673 1608 1748 παρ’
1669 1670 1832 1728 αὐτοῦ

171 1769 272 1831 τῆς
330 1764 579 1835 ποινῆς),
622 1765 812 1816 τοῦτον
858 1758 1095 1834 μάλιστα
1144 1759 1404 1824 δεδοικὼς
1450 1767 1619 1816 πᾶσαν
1676 1783 1829 1832 τηνι-

1956 610 2122 661 (etate
2140 610 2194 660 et
2213 605 2524 678 prudentia
2542 607 2892 663 minoribus.
2909 611 2963 663 Is
2981 623 3218 678 praeses,
3232 607 3410 662 simul
3429 612 3605 678 atque

1955 695 2026 750 ad
2061 695 2166 751 hos
2209 695 2610 751 adolescentes
2656 713 2892 751 summa
2942 712 3134 750 rerum
3172 695 3444 752 devoluta
3492 702 3605 763 est,

1954 788 2202 840 matrem
2236 783 2461 839 elorum
2486 783 2676 840 celoce
2707 786 2776 840 ab
2801 784 3004 841 exsilio
3036 788 3283 840 revocat.
3305 783 3604 841 Sollicitus

1954 889 2123 945 porro
2155 889 2226 928 ne
2251 874 2386 944 quis
2409 873 2560 927 alius
2583 873 2892 944 imperium
2921 874 3237 942 invaderet,
3261 890 3326 928 ac
3350 873 3602 930 maxime

1951 963 2214 1018 omnium
2249 963 2498 1018 Bardam
2529 961 2792 1017 Sclerum
2830 964 2978 1016 417
3023 966 3292 1018 metuens
3324 962 3603 1033 (namque

1948 1051 2000 1107 is
2053 1053 2103 1106 ei
2162 1069 2392 1124 semper
2448 1051 2797 1120 inbiaverat,
2838 1056 2896 1107 et
2936 1051 3219 1106 Tzimisca
3273 1049 3602 1123 imperante

1948 1141 2278 1212 tyrannidis
2345 1146 2639 1196 attentata?
2706 1141 3003 1196 convictus
3062 1141 3246 1196 oculis
3315 1140 3598 1197 multatus

1946 1229 2176 1296 fuisset,
2202 1229 2315 1285 nisi
2343 1247 2478 1285 eum
2510 1230 2637 1302 ipse
2671 1247 2848 1301 pamaa
2879 1229 3242 1301 eripuisset);
3275 1229 3433 1286 hunc
3457 1247 3594 1302 ergo

1948 1318 2201 1373 maxime
2232 1324 2570 1390 suspectum
2618 1317 2865 1386 habens,
2897 1322 2960 1373 ut
2991 1318 3084 1374 cui
3124 1323 3264 1374 tunc
3307 1319 3593 1376 universa)

1945 1406 2120 1478 copiae
2143 1407 2469 1464 commissas
2491 1412 2707 1475 essent,
2729 1407 3011 1479 facileque
3033 1424 3132 1463 eas
3153 1423 3271 1478 qua
3286 1408 3459 1464 vellet
3479 1409 3589 1463 im-

1944 1496 2157 1568 pellere
2189 1502 2402 1567 posset,
2438 1502 2638 1568 utpote
2676 1499 2858 1552 totius
2891 1497 3141 1552 Orientis
3172 1497 3288 1551 dux
3319 1498 3589 1569 designa-

1943 1591 2062 1654 tus,
2093 1601 2163 1642 ex
2193 1603 2304 1641 usu
2340 1585 2416 1641 rei
2449 1586 2695 1657 publica;
2726 1586 2847 1641 fore
2884 1589 2941 1641 et
2979 1586 3052 1641 ad
3091 1584 3400 1656 imperium
3433 1603 3586 1642 com-

1944 1676 2332 1731 muniendum
2366 1677 2656 1730 facturum
2689 1675 2998 1745 judicavit,
3029 1674 3079 1729 si
3109 1675 3250 1745 ejus,
3270 1675 3588 1746 potentiam

1941 1765 2230 1821 accideret
2281 1766 2591 1836 ipsumque
2621 1780 2686 1819 eo
2718 1763 3101 1819 infirmiorem
3151 1763 3222 1818 ad
3273 1780 3365 1818 res
3413 1781 3591 1820 novas

170 1856 345 1906 καῦτα
401 1852 503 1919 τὴν
552 1851 867 1923 Ῥωμαϊκὴν
929 1847 1156 1923 δύναμιν
1215 1848 1678 1926 ἐγκεχειρισμένον
1736 1853 1820 1906 καὶ

175 1940 198 1957 ﬂ
407 1939 422 1956 \
463 1940 490 1957 Λ
545 1938 587 1957 I‘
782 1940 796 1957 1
848 1936 894 1957 δ’
1037 1939 1062 1957 υ
1343 1939 1358 1957 \
1601 1934 1631 1957 ρ
1676 1939 1688 1957 Ι

1943 1855 2254 1910 tentandae
2283 1853 2590 1925 redigeret.
2612 1853 2813 1924 Itaque
2834 1853 2885 1907 ei
2907 1852 3162 1908 Orientis
3185 1852 3590 1923 praefecturam

169 1940 277 2010 ὅπη
331 1939 425 1994 καὶ
462 1938 721 2015 βούλοιτο
774 1936 975 2016 ῥᾳδίως
1029 1939 1223 2014 ἄγοντα
1269 1939 1360 1992 καὶ
1395 1934 1825 2011 μετακυῦεύοντα

169 2029 255 2098 (ἦν
285 2028 392 2103 γάρ
443 2027 826 2103 στρατηλάτης
874 2021 1327 2104 προϐεϐλημένος
1369 2029 1548 2098 πάσης
1599 2029 1824 2086 Ἀνατο-

168 2115 297 2190 λῆς)
328 2119 608 2194 συμφέρον
642 2119 773 2172 εἶναι
803 2121 872 2190 τῇ
927 2114 1178 2192 βασιλείᾳ
1219 2115 1308 2170 καὶ
1339 2116 1573 2191 ἀσφαλὲς
1606 2117 1824 2191 ἐνόμισε

166 2207 227 2261 τὸ
257 2205 409 2262 πολὺ
440 2212 544 2276 τῆς
589 2202 872 2278 δυνάμεως
922 2206 1328 2282 ἆκρωτηριάσαι
1375 2205 1464 2260 κιοὶ
1514 2205 1820 2270 ἁσθενέστε-

166 2316 257 2369 ρον
318 2295 484 2350 αὐτὸν
565 2296 943 2372 ἀποφήνασθαι
1019 2295 1157 2369 πρὸς
1208 2295 1307 2364 τὴν
1370 2296 1816 2368 ὑποπτευομένην

165 2384 517 2440 ἀποστασίαν.
579 2383 677 2438 Καὶ
725 2387 856 2460 γοῦν
907 2385 996 2438 καὶ
1044 2382 1312 2460 παραλύει
1359 2388 1550 2439 τοῦτον
1591 2388 1688 2454 τῆς
1719 2390 1818 2441 τοῦ

165 2473 546 2547 στρατηλάτου
607 2474 807 2550 ἀρχῆς,
853 2470 1018 2529 δοῦκα
1077 2471 1133 2528 δὶ
1197 2472 1540 2528 ἀποδείκνυσι
1596 2479 1702 2529 τῶν
1762 2475 1812 2530 ἐν

162 2565 231 2634 τῇ
285 2562 689 2636 Μεσοποταμίᾳ
749 2563 1065 2638 ταγμάτων,
1130 2561 1484 2639 ἐπαγρυπνεῖν
1557 2563 1816 2629 κελεύσας

163 2651 254 2713 τάς
315 2649 594 2726 ἐκδρομὰς
652 2655 762 2706 τῶν
830 2655 1160 2727 Σαρακηνῶν
1219 2650 1576 2727 φυλάττοντα.
1637 2655 1707 2708 Τὸ
1769 2651 1814 2708 δ’

163 2742 291 2797 αύτὸ
329 2747 499 2797 τοῦτο
547 2739 637 2796 καὶ
691 2741 766 2804 εἰς
815 2739 1048 2816 Μιχαὴλ
1100 2743 1190 2795 τὸν
1241 2740 1518 2811 Βούρτζην
1567 2741 1812 2798 ὕποπτον

164 2827 286 2886 ὄντα
318 2831 742 2907 ἐμηχανήσατο,
777 2827 1060 2901 διαστῆσαι
1106 2834 1295 2885 τοῦτον
1335 2836 1436 2900 τῆς
1483 2835 1580 2886 τοῦ
1626 2831 1812 2904 Σκλη-

162 2925 256 2996 ροῦ
284 2921 562 2996 ἑταιρείας
613 2917 917 2982 σπουδάσας
969 2922 1152 2992 (συνῆν
1199 2920 1303 2995 γάρ
1352 2919 1440 2974 καὶ
1473 2919 1627 2983 οὗτος
1667 2921 1814 2994 αύτῷ

159 3011 444 3085 τάγματός
485 3029 635 3073 τινος
682 3007 970 3085 κατάρχων
1027 3011 1468 3083 στρατιωτικοῦ).
1520 3007 1680 3084 ὅνπερ
1731 3014 1811 3082 τῷ

158 3103 260 3154 τῶν
342 3097 654 3176 μαγίστρων
721 3099 957 3171 τιμήσας
1013 3097 1278 3171 ἀξιώματι
1335 3101 1422 3172 [Ρ.
1456 3100 1582 3170 685]
1639 3096 1811 3154 δοῦκα

159 3196 256 3256 τῆς
322 3190 478 3262 παρὰ
544 3192 622 3243 τῶ
691 3188 917 3262 Ὀρόντῃ
994 3187 1332 3262 Ἀντιοχείας
1411 3183 1862 3262 προϐάλλεταιη

1937 1944 2147 1999 adimit
2176 1943 2501 2013 ducemque
2523 1941 2829 1996 constituit
2859 1941 3310 2011 Mesopotamia,
3335 1957 3400 1996 ac
3422 1958 3588 1997 man-

1937 2034 2038 2089 dat
2062 2037 2124 2088 ut
2144 2032 2454 2102 diligenter
2474 2030 2756 2086 adversus
2776 2031 3193 2086 Saracenorum
3214 2030 3590 2086 excursiones

1935 2123 2200 2179 excubet.
2235 2122 2446 2176 Eodem
2482 2121 2653 2175 modo
2685 2118 3027 2175 Michaelem
3060 2133 3294 2189 quoque
3315 2117 3584 2174 Burtzam

1934 2211 2046 2268 sibi
2096 2214 2437 2282 suspectum
2490 2212 2732 2276 tractat;
2783 2224 2958 2279 quem
3009 2210 3074 2262 ut
3103 2223 3137 2262 a
3166 2207 3307 2263 Duri
3339 2209 3498 2279 (nam
3530 2207 3581 2263 ei

1933 2301 2136 2356 aderat
2164 2299 2474 2370 cujusdam
2512 2298 2769 2354 cohortis
2808 2297 3037 2368 ductor)
3067 2295 3340 2352 societate
3371 2296 3580 2353 avelle-

1931 2395 2038 2456 ret,
2071 2390 2141 2445 ad
2176 2387 2440 2458 magistri
2472 2392 2731 2443 evectum
2758 2385 3105 2458 dignitatem
3137 2386 3344 2440 ducem
3374 2386 3578 2442 Antio-

1931 2479 2074 2534 chiaa
2125 2478 2198 2534 ad
2256 2477 2532 2532 Orontem
2581 2476 2704 2530 sitae
2762 2474 3087 2530 constituit.
3148 2475 3574 2546 Inspectionem

1930 2574 2106 2640 atque
2153 2567 2464 2638 imperium
2500 2565 2556 2619 in
2587 2581 2791 2620 omnes
2823 2565 3137 2619 orientales
3186 2564 3383 2636 copias
3417 2565 3578 2620 Petro

1927 2658 2114 2713 del’ert
2145 2654 2409 2728 patricio,
2443 2652 2640 2709 Phoce
2679 2652 2818 2708 olim
2869 2653 3112 2718 famulo,
3137 2668 3390 2725 eumque
3415 2670 3577 2708 exer-
3605 2650 3619 2663 “

1925 2750 2147 2802 cituum
2203 2745 2540 2817 praelectum
2590 2742 2890 2809 nominat;
2941 2746 3262 2797 castratum
3315 2742 3577 2812 quidem:

1924 2836 2022 2892 sed
2050 2840 2354 2891 strenuum
2379 2832 2686 2903 casteroqui
2706 2835 2762 2886 et
2779 2831 2860 2886 rei
2883 2829 3101 2886 bellicae
3125 2831 3574 2902 peritissimum.

1925 2925 2168 2995 Indigne
2198 2928 2394 2978 autem
2447 2921 2502 2976 id
2554 2921 2690 2976 tulit
2720 2925 2934 2989 Durus,
2959 2920 3104 2975 adeo
3137 2925 3199 2974 ut
3229 2937 3302 2976 ne
3331 2923 3483 2992 apud
3516 2938 3580 2977 se

1926 3013 2166 3085 quidem
2199 3027 2412 3084 magno
2457 3010 2652 3066 animo
2702 3008 2985 3065 occultam
3035 3009 3282 3064 retinere
3311 3025 3438 3065 eam
3473 3027 3578 3083 po-

1922 3101 2100 3159 tuerit
2144 3099 2703 3174 mgritudinem,sed
2755 3099 3018 3155 invectus
3064 3098 3218 3154 418
3266 3099 3458 3155 verbis
3514 3099 3574 3155 in

1926 3196 2226 3247 auctorem
2257 3187 2699 3245 contumeliosis
2739 3188 2836 3254 sit,
2868 3187 2968 3258 qui
3017 3187 3210 3257 ipsum
3245 3203 3346 3258 pro
3379 3204 3574 3243 rerum

159 3259 414 3356 Ἔφορον.
441 3274 500 3332 δὲ
530 3275 619 3331 καὶ
651 3259 940 3346 ἐπιστάτην
967 3280 1072 3331 τῶν
1107 3259 1252 3349 ὶῴων
1298 3278 1413 3350 (34)
1456 3259 1810 3332 -ἆποδιίκνυσι

1935 3280 2196 3353 praeclare
2226 3283 2528 3351 gestarum
2559 3275 3050 3346 victoriarumque
3087 3279 3390 3347 partarum
3423 3294 3576 3333 mer-

162 3369 379 3423 πάντων
435 3364 726 3439 ταγμάτων
805 3365 897 3419 τὸν
972 3366 1254 3440 πατρίκιον
1317 3364 1514 3439 Πέτρον
1571 3365 1662 3420 τὸν
1719 3371 1816 3421 τοῦ

167 3460 332 3509 Φωκᾶ
389 3452 610 3521 δοῦλον,
661 3451 1141 3530 στρατοπεδάρχην
1189 3452 1346 3508 αὐτὸν
1397 3451 1684 3526 ὀνομάσας,
1727 3476 1816 3510 το-

167 3545 289 3615 μίαν
355 3546 457 3616 μὲν
516 3542 821 3618 ἄνθρωπον,
881 3541 1203 3617 δραστήριον
1256 3539 1302 3596 δ’
1361 3540 1547 3606 ἄλλως
1604 3544 1692 3598 καὶ
1748 3546 1816 3600 τά

162 3633 443 3706 πολεμικά
483 3630 896 3707 ἐμπειρότατον.
952 3635 1128 3688 Τοῦτο
1179 3629 1236 3686 δὲ
1267 3633 1355 3686 τὸν
1390 3631 1643 3708 Σκληρὸν
1677 3635 1812 3708 σφό-

162 3720 255 3797 δρα
286 3722 586 3791 ἐλύπησεν,
637 3721 713 3785 ὡς
768 3718 909 3794 μηδὲ
956 3722 1082 3796 παρ’
1131 3722 1306 3794 ἑαυτῷ
1355 3718 1647 3792 δυνηθῆναι
1685 3744 1809 3796 συγ-

1924 3370 2062 3426 cede
2102 3369 2175 3424 ab
2224 3368 2392 3439 equis
2425 3367 2603 3438 (quod
2635 3365 2820 3428 aiunt)
2851 3365 2922 3420 ad
2969 3365 3168 3419 asinos
3217 3365 3572 3422 detruderet.

1923 3460 2034 3515 Sed
2070 3473 2284 3530 praeses
2331 3455 2444 3511 ista
2472 3455 2559 3510 vel
2592 3470 2799 3527 parum
2848 3453 2935 3510 vel
2988 3453 3135 3509 nihil
3168 3454 3412 3524 curavit,
3435 3471 3572 3510 con-

1922 3552 2153 3603 tentum
2186 3563 2319 3602 eum
2351 3561 2483 3600 esse
2523 3544 2744 3614 jubens
2774 3543 2844 3598 iis
2875 3559 3000 3614 quae
3040 3543 3337 3599 dabantur
3383 3561 3574 3616 neque

1924 3636 2171 3692 ulterius
2202 3635 2522 3706 quidquam
2571 3637 2817 3699 tentare,
2851 3631 2964 3687 nisi
3000 3631 3172 3688 vellet
3200 3633 3415 3688 amisso
3447 3650 3574 3689 ma-

1921 3725 2174 3797 gistratu
2209 3723 2471 3794 privatus
2502 3721 2561 3776 in
2595 3721 2835 3775 domum
2867 3737 3037 3776 suam
3069 3720 3357 3775 concludi.

158 3812 399 3886 καλύψαι
459 3813 558 3880 τήν
613 3811 763 3865 ἀνίαν
819 3809 1244 3886 μεγαλοψύχως,
1302 3810 1425 3866 ἀλλ’
1465 3810 1816 3888 ἐπεγκαλέσαι
1874 3813 1963 3868 καὶ
2012 3809 2430 3888 προσονειδίσαι,
2489 3809 2537 3864 εἴ
2593 3808 2709 3863 ἀντὶ
2760 3813 2866 3863 τῶν
2920 3808 3006 3862 ὑπ’
3053 3809 3218 3862 αὐτοῦ
3269 3809 3574 3882 γενομένων

163 3899 672 3977 ἀνδραγαθημάτων
730 3921 790 3955 τε
845 3900 935 3955 καὶ
989 3901 1268 3976 τροπαίων
1323 3901 1574 3964 τοιαύτας
1633 3897 2021 3975 ἀντιλαμϐάνει
2075 3903 2168 3964 τὰς
2225 3895 2482 3974 ἀμοιϐάς,
2540 3897 2629 3953 ἐπὶ
2682 3898 2744 3952 τὸ
2803 3903 2988 3973 χεῖρον
3047 3895 3371 3972 προκόπτων
3406 3943 3422 3970 ,
3480 3896 3575 3952 κᾶν

165 3989 359 4064 ὀλίγον
392 3991 427 4059 ἢ
465 3986 620 4044 οὐδὲν
651 3989 732 4060 τῷ
761 3991 1241 4063 παρακοιμωμίνῳ
1271 3988 1558 4063 ἐμέλησεν,
1593 3991 1800 4066 ἆγαπᾷτ
1831 3991 2036 4046 εἰπόντι
2067 3995 2183 4052 τοῖς
2218 3981 2529 4062 δεδομένοις
2561 3986 2650 4042 καὶ
2686 3987 2760 4060 μή
2793 3985 3038 4041 ἐπέκεινα
3074 3984 3574 4061 πολυπραγμονεῖν,

185 4077 199 4102 9,
262 4081 313 4102 ,r
360 4099 458 4102 -μμ
504 4076 688 4102 _.n\_.
733 4077 840 4102 1,._‘_
881 4075 1138 4102 !{_-_-,.___
1178 4078 1422 4102 _7__-,,-1-
1456 4075 1639 4102 2'“,A,_
1733 4087 1758 4098 -ν
1824 4077 1900 4102 )0!
2036 4080 2048 4099 θ
2098 4079 2108 4100 r

185 4077 313 4132 ’ί
543 4076 934 4134 uiam
1207 4076 1481 4132 ι-’ν
1733 4079 1838 4116 τ’
2036 4079 2108 4100 ’ν

160 4099 202 4133 ει
237 4101 277 4152 μ
301 4125 313 4149 ι
351 4099 464 4132 που
499 4099 566 4148 μ-
649 4099 694 4132 ει
763 4099 843 4132 ντ.
876 4097 1139 4153 αρχὶοντος
1173 4100 1199 4133 ο
1228 4099 1424 4154 κοδρος
1455 4091 1662 4144 εσεσθαι
1692 4102 1792 4150 της
1827 4077 1963 4143 ιδίας
2001 4101 2196 4142 οικιας.

222 4163 538 4222 Τούτωνδέ
586 4165 758 4227 οὕτως
808 4165 1278 4238 οἰκονομηοέντων
1331 4173 1412 4240 τῷ
1457 4188 1812 4242 παρακοιμω-

162 4254 304 4329 μένῳ
363 4254 576 4329 ἀπάρας
632 4255 660 4308 ὁ
703 4252 906 4328 Βάρδας
970 4261 1070 4325 τῆς
1154 4253 1438 4330 βασιλίδος
1499 4256 1589 4310 σὺν
1651 4259 1808 4332 τάχει

159 4343 356 4416 πολλῷ
406 4346 510 4413 τὴν
568 4343 996 4419 ἐγχειρισθεῖσαν
1054 4344 1202 4418 αύτῷ
1257 4341 1664 4419 καταλαμϐάνει
1720 4347 1810 4422 ἀρα

158 4437 282 4507 χήν.
347 4435 439 4490 Ἐν
496 4430 554 4488 δὶ
597 4439 716 4495 ταῖς
760 4435 1242 4508 προηγησαμέναις
1301 4435 1650 4510 στρατηγίαις
1711 4436 1808 4509 ἐμ-

159 4516 348 4595 εριθής
410 4519 690 4584 πολλάκις
750 4521 929 4600 φανεὶς
984 4522 1071 4577 καὶ
1151 4520 1496 4600 δραστήριος,
1554 4525 1644 4580 καὶ
1707 4525 1810 4580 ὑπὸ

1991 4171 2089 4226 His
2122 4171 2202 4224 ita
2229 4187 2261 4225 a
2293 4168 2538 4241 praeside
2561 4165 2900 4224 constitutis
2933 4166 3147 4220 Bardas
3173 4169 3361 4221 Durus
3393 4165 3574 4220 celer'

1920 4260 2066 4314 rime
2100 4259 2155 4314 in
2181 4275 2348 4313 suam
2383 4256 2741 4330 provinciam
2775 4253 3185 4326 proficiscitur.
3222 4255 3288 4308 Et
3317 4270 3449 4308 cum
3475 4270 3573 4309 su-

1921 4347 2249 4420 perioribus
2282 4345 2643 4418 temporibus
2687 4344 2870 4417 gestis
2904 4343 3350 4416 magistratibus
3380 4343 3573 4415 gravi-

1918 4443 2098 4493 tatem
2130 4442 2306 4508 atque
2337 4436 2738 4491 el'ﬁcacitatem
2763 4449 2932 4488 suam
2959 4449 3356 4504 smpenumero
3388 4432 3572 4488 decla-

1919 4532 2128 4594 rasset,
2163 4541 2352 4597 neque
2385 4525 2499 4580 fere
2529 4523 2844 4594 quisquam
2892 4523 2953 4576 in
3003 4521 3256 4576 exercitu
3288 4537 3421 4578 eum
3455 4538 3568 4577 non

158 4612 379 4680 παντὸς,
433 4611 512 4671 ὡς
556 4608 685 4674 ἔπος
733 4609 923 4679 εἰπεῖν,
979 4615 1078 4666 τοῦ
1131 4617 1360 4687 στρατοῦ
1405 4612 1678 4688 φιληθεὶς,
1723 4614 1813 4670 καὶ

1935 4615 2251 4681 ιωειτοῐ,οά
2278 4615 2536 4683 haacjam
2560 4621 2696 4668 ante
2718 4612 2870 4666 haud
2898 4612 3102 4682 paucis
3121 4611 3332 4681 quibus
3358 4610 3571 4666 fidebat

160 4701 284 4772 πρὸς
340 4696 598 4760 πολλοὺς
658 4697 750 4761 οὓς
812 4698 1020 4776 ἰθάρῤει
1072 4702 1133 4755 τὸ
1197 4707 1297 4770 τῆς
1360 4701 1592 4775 μελέτης
1646 4724 1814 4780 παρα-

162 4789 453 4860 γυμνώσας
519 4791 841 4863 μυστήριον,
890 4791 978 4844 καὶ
1041 4789 1252 4864 μᾶλλον
1311 4796 1391 4864 τῷ
1431 4792 1666 4866 τάγματι
1705 4795 1813 4846 τῶν

164 4873 551 4950 στρατηλατῶν
615 4880 747 4950 (35),
809 4876 926 4952 ἄρτι
983 4899 1043 4934 τε
1100 4881 1286 4954 καιρὸν
1345 4879 1552 4950 οἰηθεὶς
1612 4880 1815 4950 ἐπιτή-

167 4960 300 5020 δειον
360 4964 439 5027 εἷς
497 4965 562 5020 τὸ
618 4965 957 5041 ἀνακαλύψαι
1017 4969 1080 5023 τὸ
1137 4965 1619 5043 σπουδαζόμενον,
1681 4969 1817 5042 μετά

165 5058 263 5108 τῶν
324 5052 652 5124 ἐπιτηδείων
734 5055 1088 5130 σκεψάμενος,
1147 5059 1208 5127 ἣν
1280 5057 1338 5113 ἐκ
1399 5063 1618 5133 μακρῶν
1682 5056 1812 5114 ὤδι-

168 5163 246 5198 νεν
323 5142 607 5199 ἀποτίκτει
682 5145 1028 5218 ἀποστασίαν,
1100 5146 1190 5202 καὶ
1260 5147 1395 5202 κατᾶ
1462 5151 1570 5202 τῶν
1654 5148 1811 5220 βασι-

172 5230 305 5287 λέων
354 5231 445 5289 καὶ
497 5237 608 5289 τῶν
655 5233 957 5311 ὁμοφύλων
1003 5233 1144 5312 αἴρει
1189 5235 1257 5290 τὰ
1309 5234 1472 5294 ὅπλα.
1515 5235 1689 5300 Εὐθὺς
1720 5235 1810 5291 οὖν

1924 4722 2201 4762 arcanum
2218 4720 2389 4760 suum
2408 4719 2509 4774 per
2521 4718 2612 4756 am
2624 4702 2799 4773 bages
2813 4700 3168 4756 ostendisset
3183 4699 3569 4771 propositum,

1925 4795 2212 4866 praecipue
2243 4793 2492 4849 ducibus
2542 4789 2821 4858 militum,
2856 4796 2995 4844 tunc
3030 4805 3091 4845 se
3133 4794 3365 4860 tempus
3409 4792 3570 4842 ratus

1924 4889 2320 4955 opportunum
2364 4881 2578 4936 habere
2609 4879 2738 4950 ejus
2771 4877 3068 4949 vulgandi,
3101 4894 3163 4932 re
3195 4893 3328 4932 cum
3372 4891 3570 4931 neces-

1924 4971 2098 5028 sariis
2119 4967 2642 5032 communicata,id
2671 4967 2825 5038 quod
2845 4965 2946 5021 diu
2969 4965 3324 5038 parturierat
3343 4964 3572 5036 imperii

1925 5058 2225 5115 obtinendi
2257 5057 2518 5113 studium
2553 5057 2789 5111 tandem
2822 5054 2878 5110 in
2913 5055 3100 5110 lucem
3130 5054 3270 5122 edit,
3293 5069 3574 5124 armaque

1925 5153 2126 5206 contra
2156 5147 2538 5218 imperatores
2584 5149 2642 5200 et
2671 5144 2982 5216 populares
3013 5160 3154 5200 suos
3207 5142 3382 5214 capit.
3414 5141 3574 5198 Illico

1923 5238 2196 5308 Anthem,
2217 5233 2566 5308 cognomine
2585 5233 2880 5306 Alyatam,
2899 5232 3306 5287 ministrorum
3330 5247 3572 5286 suorum

1355 5416 1726 5476 XYLANDRI
1763 5417 1850 5472 ET
1887 5417 2106 5473 GOARI
2144 5413 2375 5470 NOT/E.

241 5565 360 5650 (illi
381 5565 633 5631 Qualem
679 5567 1036 5650 magistrum
1081 5569 1408 5650 officiorum
1438 5570 1690 5650 orientis
1721 5571 1819 5627 de-

174 5638 839 5727 scribit’commentator
865 5639 1088 5726 Notitiae
1109 5641 1360 5727 ‘im‘perii
1397 5659 1446 5698 ο.
1465 5644 1570 5727 _62_.
1601 5649 1780 5727 60M}.

238 5709 344 5783 (35)
377 5711 646 5776 Quorum
687 5729 898 5785 agmen
928 5715 1069 5771 viris
1109 5709 1316 5772 bellica
1346 5713 1518 5773 laude
1547 5721 1666 5773 tam
1701 5715 1820 5772 cla-

1931 5570 2033 5644 ris,
2067 5569 2365 5644 generosis
2388 5585 2455 5644 ac
2485 5568 2733 5644 fortibus
2763 5568 2887 5620 erat
2914 5563 3246 5644 collectum,
3271 5568 3335 5621 ut
3365 5564 3582 5638 singuli

1975 5639 2148 5713 uique
2181 5639 2568 5714 στρατηλάται,
2595 5641 2838 5697 militum
2877 5639 3140 5708 magistri
3179 5645 3578 5696 censerentur.

1980 5731 2109 5771 OAR.
