4036 6330
454 401 566 461 151

1812 388 2133 453 GEORGII
2179 389 2523 452 CEDRENI

3755 394 3880 455 Ιδῖ

452 531 708 589 maxime
739 527 1122 599 industrium,
1147 524 1349 599 Cpolin
1384 524 1584 592 mittit,
1613 525 1713 597 qui
1746 524 1932 580 filium
1965 528 2104 579 Bar-
2135 588 2143 600 4

2254 526 2425 593 Ανοην
2482 524 2604 578 τινὰ
2658 520 2923 597 τοῦνομα,
2980 522 3253 597 Ἀλυάτην
3312 525 3409 595 τήν
3467 523 3878 603 προσηγορίαν,

454 624 589 678 dam
614 622 942 677 Romanum
972 622 1112 674 tunc
1142 617 1201 672 in
1226 617 1369 672 urbe
1396 617 1703 688 degentem
1726 616 1796 670 ad
1830 632 1913 677 se,
1936 614 2106 669 modo

2254 613 2282 665 ὰ
2338 610 2575 684 μάλιστα
2628 610 2757 668 ὄντα
2812 614 2959 687 αὐτῷ
3008 620 3114 670 τῶν
3166 612 3610 690 δραστικωτάτων
3665 617 3878 690 ὑπηρε-

456 713 517 767 id
548 710 671 766 ﬁeri
715 712 929 781 posset,
956 708 1288 763 adduceret.
1314 706 1531 760 Anthes
1572 721 1706 761 cum
1739 721 1805 760 eo
1834 704 2109 773 venisset,

2254 706 2351 771 ὧν,
2409 701 2463 765 ἐς
2519 703 2619 771 τὴν
2681 701 2937 779 βασιλίδα
2992 705 3231 778 πέμπει,
3292 704 3458 774 ὅπως,
3521 704 3570 760 ei
3625 703 3876 774 δύναιτο,

461 802 663 858 omnia
718 815 789 853 ne
837 796 1371 868 deprehenderetur
1419 800 1806 863 commentus,
1839 793 2110 849 sinistros

467 895 532 947 de
561 891 717 946 Duro
762 903 1026 943 rumores
1083 885 1410 956 spargendo
1460 885 1615 939 omni
1669 900 1730 938 se
1779 883 2113 954 suspicione

467 984 590 1054 ejus
622 980 775 1051 quod
810 976 1161 1031 moliebatur
1188 974 1454 1029 liberavit
1483 989 1493 1028 :
1521 974 1715 1044 itaque
1751 973 1982 1028 nemine
2011 972 2112 1027 ob-

464 1072 732 1126 servante
768 1067 1096 1120 Romanum
1130 1063 1451 1117 sulfuratus
1500 1079 1568 1116 ex
1615 1062 1756 1116 urbe
1787 1062 1855 1115 ad
1891 1067 2115 1133 patrem

462 1157 756 1233 perduxit.
785 1156 949 1210 Tunc
1012 1154 1245 1207 demum
1294 1158 1481 1207 Durus
1529 1151 1585 1205 in
1637 1156 1903 1223 apertum
1965 1150 2115 1205 419

465 1247 711 1322 protulit
736 1262 842 1300 sua
873 1241 1143 1307 consilia,
1177 1249 1229 1296 et
1259 1241 1590 1297 diademate
1621 1240 1983 1311 reliquisque
2014 1239 2121 1294 im-

470 1338 615 1411 perii
648 1334 836 1406 signis
866 1331 1116 1401 sumptis
1152 1331 1222 1385 ab
1255 1330 1413 1385 omni
1438 1347 1543 1385 suo
1575 1330 1825 1385 exercitu
1850 1335 1939 1385 est
1968 1329 2121 1384 salu-

471 1434 626 1483 tatus
659 1424 993 1493 imperator,
1030 1420 1336 1491 primoque
1368 1420 1629 1474 omnium
1685 1420 1757 1474 ab
1806 1418 2119 1474 Armeniis.

473 1515 693 1571 Exinde
724 1512 794 1567 ad
828 1511 1146 1580 cogendam
1191 1507 1496 1578 pecuniam
1530 1508 1739 1579 (neque
1789 1508 1945 1562 enim
1978 1507 2121 1561 illud

478 1600 894 1659 Demosthenis
944 1598 1265 1671 ignorabat,
1301 1597 1427 1652 sine
1467 1596 1575 1651 hac
1608 1596 1752 1651 nihil
1803 1602 1954 1652 recte
2002 1597 2121 1668 geri

482 1708 674 1765 posse,
707 1688 1027 1761 pressertim
1066 1702 1192 1741 vero
1239 1686 1331 1739 cui
1365 1686 1437 1740 de
1469 1690 1632 1739 tanta
1678 1702 1740 1740 re
1780 1686 1939 1754 jacta
1971 1690 2128 1741 esset

482 1780 629 1850 alca)
652 1778 807 1833 illico
834 1791 1171 1843 conversus,
1197 1773 1542 1845 publicanos
1572 1774 2034 1845 comprehendit,
2057 1774 2127 1828 ab

480 1870 674 1941 iisque
711 1866 1016 1939 pecuniam
1063 1863 1361 1936 publicam
1413 1863 1682 1933 extorsit;
1714 1861 1884 1928 alios,
1905 1863 2005 1935 qui
2037 1863 2130 1919 di-

477 1961 624 2016 vites
654 1957 1034 2031 putabantur,
1060 1959 1261 2024 captos
1294 1953 1542 2022 pecunia
1564 1953 1826 2008 emunxit
1852 1968 1864 2007 :
1891 1953 2128 2024 quidam

480 2050 658 2116 ultro,
718 2064 821 2119 spe
879 2044 1101 2114 majora
1148 2042 1493 2113 recipiendi,
1539 2058 1677 2099 suas
1727 2041 2031 2098 facultates
2083 2042 2136 2098 ei

483 2138 843 2197 obtulerunt.
882 2136 967 2189 Ita
1014 2133 1220 2203 exiguo
1268 2129 1551 2201 temporis
1602 2130 1791 2202 spatio
1839 2131 2136 2203 ingentem

486 2228 604 2284 vim
639 2223 897 2296 pecuniae
940 2220 1147 2293 coegit.
1183 2218 1431 2275 Proinde
1480 2218 1540 2274 in
1590 2218 2013 2291 Mesopotamia
2038 2236 2137 2275 ca-

490 2314 729 2374 stellum
779 2310 1039 2368 validum
1098 2313 1366 2380 occupat,
1412 2308 1505 2363 cui
1560 2325 1772 2364 nomen
1819 2308 2135 2381 Charpote;

495 2404 650 2478 quod
674 2418 807 2458 cum
830 2399 1091 2472 undique
1113 2397 1597 2454 communivisset
1616 2403 1675 2454 et
1691 2398 1962 2470 praesidio
1985 2398 2135 2453 sufﬁ-

497 2492 672 2550 cienti
722 2493 1026 2557 armasset,
1060 2503 1124 2544 eo
1170 2487 1475 2559 pecuniam
1506 2494 1837 2557 congestam
1870 2487 2140 2560 deponit;

442 2642 451 2651 ο
499 2583 657 2655 quod
688 2580 881 2653 ipsum
925 2577 1099 2633 etiam
1144 2577 1319 2631 rebus
1351 2577 1611 2631 adversis
1661 2576 1773 2646 ipsi
1820 2593 1922 2646 pro
1973 2579 2142 2647 portu

500 2672 681 2744 (quod
730 2669 917 2736 aiunt)
947 2667 1007 2721 in
1040 2681 1213 2737 quem
1247 2683 1308 2721 se
1339 2668 1463 2721 tuto
1509 2664 1812 2737 reciperet,
1846 2665 1963 2719 fore
2012 2681 2142 2737 spe-

501 2763 681 2818 rabat.
703 2758 853 2823 Quin
887 2761 939 2811 et
972 2771 1103 2810 cum
1137 2754 1341 2809 vicinis
1386 2753 1687 2809 Saracenis
1718 2754 1852 2809 data
1883 2756 2146 2825 accepta-

500 2867 611 2923 que
642 2849 755 2904 ﬁde
785 2848 954 2918 pacta
974 2844 1123 2909 iniit,
1152 2857 1332 2914 eaque
1360 2843 1584 2914 nuptiis
1610 2842 1923 2898 contractis
1956 2843 2148 2897 firma-

495 2941 599 3008 vit,
632 2952 843 3008 nempe
882 2950 1016 2989 cum
1062 2948 1259 2986 amera
1302 2932 1521 2986 Amidae
1553 2930 1687 3003 (ipsi
1725 2931 1890 2987 Emet
1919 2933 2149 3003 vocant)

496 3026 828 3101 Apolulpho
850 3028 907 3078 et
927 3038 1124 3078 amera
1146 3020 1554 3093 Martyropolis
1580 3022 1667 3089 (ea
1695 3020 1843 3091 ipsis
1863 3020 2150 3092 Miepher-

496 3118 598 3175 kin
631 3114 869 3185 dicitur)
895 3112 1201 3184 Apotagle;
1225 3110 1299 3166 ab
1330 3110 1519 3179 iisque
1549 3126 1682 3164 cum
1716 3111 1975 3182 pecuniae
1998 3110 2151 3165 mul-

500 3214 625 3264 tum
657 3210 784 3261 tum
816 3203 1030 3258 Arabes
1061 3199 1287 3271 equites
1329 3202 1617 3254 trecentos
1648 3198 1961 3254 auxiliares
1988 3214 2149 3255 acce-
2200 3240 2203 3243 ς

2216 792 2493 863 Ῥωμανὸν
2542 792 2632 847 τὸν
2685 794 2878 848 ἑαυτοῦ
2924 794 3128 867 κλέψας
3171 795 3283 849 υἱὸν
3338 789 3519 868 (ἔτυχε
3559 794 3661 870 γὰρ
3711 792 3879 864 ἐνδη-

2226 885 2341 953 μῶν
2393 885 2462 955 τῇ
2526 881 2903 956 βασιλευούσῃ)
2962 884 3098 958 πρὸς
3154 884 3312 938 αὑτὸν
3370 883 3646 961 ἀφίκηται.
3700 885 3762 940 Ὀ
3821 881 3883 937 δὲ

2220 970 2510 1046 γενόμενος
2568 971 2617 1025 ἐν
2676 975 2745 1045 τῇ
2806 970 2991 1040 πόλει,
3053 972 3140 1027 καὶ
3198 974 3371 1028 πάντα
3426 972 3625 1047 τρόπον
3688 970 3879 1027 λαθεῖν

2226 1059 2592 1132 ἐπειγόμενος,
2668 1063 2856 1137 φήμας
2916 1062 2978 1116 ού
3040 1062 3210 1124 καλὰς
3269 1063 3405 1116 κατά
3458 1065 3552 1116 τοῦ
3612 1060 3885 1137 Σκληροῦ

2226 1147 2517 1224 ἐνέσπειρε,
2568 1146 2639 1203 δι’
2688 1151 2732 1203 ὦ
2783 1147 2963 1204 λαθεῖν
3010 1171 3067 1205 τι
3110 1148 3357 1222 ἠδυνήθη
3408 1150 3717 1212 ἀνύποπτος
3777 1172 3884 1229 φα-

2226 1237 2333 1299 νεὶς
2362 1237 2451 1291 καὶ
2496 1238 2586 1291 τὸν
2616 1239 2895 1311 Ῥωμανὸν
2942 1238 3257 1313 ἀποκλέψας
3298 1242 3435 1315 πρὸς
3480 1240 3569 1294 τὸν
3621 1239 3884 1315 Σκληρὸν

2229 1326 2468 1401 ἀγαγεῖν.
2502 1328 2562 1383 Ὀ
2615 1324 2825 1402 Βάρδας
2876 1325 2933 1382 δὲ
2978 1328 3040 1383 τὸ
3097 1328 3382 1404 βουλευθέν
3445 1328 3519 1391 εἷς
3575 1328 3888 1406 τούμφανὲς

2230 1412 2337 1484 ἤδη
2384 1414 2609 1489 ἐκρήξας
2660 1413 2903 1489 διάδημά
2950 1438 3007 1472 τε
3054 1413 3444 1493 περιϐάλλεται
3490 1416 3578 1472 καὶ
3615 1418 3685 1472 τὰ
3714 1415 3891 1472 λοιπά

2230 1511 2329 1572 τῆς
2417 1503 2691 1577 βασιλείας
2781 1501 3149 1578 ἀναλαμϐάνει
3221 1508 3566 1583 παράσημα,
3622 1508 3711 1562 xui
3779 1507 3890 1561 ὑπὸ

2232 1594 2431 1654 παντὸς
2470 1597 2567 1647 τοῦ
2618 1593 2868 1657 συνόντος
2922 1599 3152 1669 στρατοῦ
3207 1595 3490 1669 Ῥωμαίων
3561 1595 3889 1672 ἀναγορεύε-

2231 1704 2318 1737 ται
2403 1681 2678 1755 βασιλεὺς,
2757 1688 2865 1738 τῶν
2947 1684 3244 1759 Ἀρμενίων
3325 1685 3699 1760 καταρξάντων
3783 1687 3891 1753 τῆς

2235 1771 2527 1849 εὐφημίας.
2588 1773 2735 1827 Ἐπεὶ
2798 1769 2854 1826 δὲ
2909 1777 2988 1845 τῷ
3017 1778 3261 1829 τοιοῦτον
3310 1773 3663 1851 ἀναῤῥίῲαντι
3713 1768 3888 1829 κύϐον

2235 1859 2539 1935 χρημάτων
2600 1858 2707 1915 δεῖν
2765 1860 2993 1918 πολλῶν
3051 1863 3341 1937 ¹ἠπίστατο,
3400 1865 3474 1918 ὧν
3538 1865 3662 1918 ἄνευ
3732 1861 3891 1919 οὐδὲν

2245 1945 2353 2002 ἔστι
2386 1949 2628 2023 γενέσθαι
2680 1950 2787 2004 τῶν
2840 1946 3093 2022 δεόντων,
3127 1952 3260 2006 καθά
3289 1950 3394 2006 πού
3425 1973 3583 2031 φησιν
3619 1953 3647 2007 ὁ
3678 1952 3895 2029 ῥήτωρ,

2243 2039 2378 2112 πρὸς
2431 2036 2710 2113 συλλογὴν
2769 2038 2975 2095 τούτων
3031 2047 3378 2117 παραχρῆμα
3439 2040 3713 2115 ἐτρέπετο,
3761 2041 3898 2104 τούς

2243 2148 2302 2182 τε
2332 2132 2437 2182 τῶν
2491 2125 2770 2201 δημοσίων
2803 2130 3112 2206 πράκτορας
3154 2131 3335 2207 φόρων
3382 2131 3629 2205 κατέχων
3680 2132 3772 2186 καὶ
3832 2132 3903 2186 τὰ

2246 2218 2404 2272 κοινὰ
2479 2216 2936 2293 εἴσπραττόμενος
3003 2221 3289 2295 χρήματα,
3362 2219 3451 2275 xui
3504 2219 3634 2284 τοὺς
3708 2218 3905 2282 ἄλλως

2250 2306 2504 2362 ὑπόνοιαν
2555 2305 2898 2382 παρέχοντας
2953 2306 3197 2364 πλούτου
3246 2303 3649 2383 συλλαμϐάνων
3699 2330 3760 2364 τε
3809 2310 3901 2364 xui

2248 2398 2528 2469 τιμωρῶν,
2561 2394 2714 2450 ἐνίων
2762 2394 2817 2451 δὲ
2863 2397 2954 2451 xui
3005 2397 3335 2473 αὗθαιρέτως
3386 2399 3767 2475 προσαγόντων
3804 2400 3903 2453 τὸν

2250 2486 2452 2539 ἑαυτῶν
2504 2485 2618 2560 βίον
2667 2482 2849 2541 ἐλπίδι
2902 2490 2998 2541 τοῦ
3046 2485 3429 2563 ἀπολήψεσθαι
3482 2487 3703 2561 μείζονα
3735 2506 3749 2520 ’
3806 2489 3900 2543 xui

2254 2573 2424 2636 οὕτως
2476 2573 2528 2629 ἐν
2575 2574 2635 2629 οὐ
2686 2579 2877 2651 μακρῷ
2926 2580 3006 2647 τῷ
3062 2576 3251 2651 χρόνῳ
3312 2577 3527 2647 πλῆθος
3585 2578 3899 2651 χρημάτων

2255 2663 2461 2739 συνάγει
2533 2661 2693 2719 πολύ.
2772 2665 2861 2735 [Ρ.
2893 2667 3020 2737 686]
3097 2666 3367 2741 Φρούριόν
3450 2687 3508 2721 τε
3604 2666 3901 2740 κατασχὼν

2256 2752 2483 2827 ἐρυμνὸν
2515 2753 2578 2807 τὸ
2632 2752 2929 2827 λεγόμενον
2976 2756 3246 2828 Χάρποτε,
3277 2754 3327 2809 ἐν
3362 2754 3757 2827 Μεσοποταμίᾳ
3784 2755 3907 2809 κεί-

2261 2862 2441 2915 μενον,
2502 2840 2590 2895 καὶ
2648 2841 2917 2904 παντοίως
2993 2841 3431 2920 ἀσφαλισάμενος
3485 2844 3576 2898 καὶ
3646 2842 3902 2917 φυλακὴν

2257 2929 2549 3000 ἐπιστήσας
2598 2932 2696 3001 τήν
2756 2930 3100 3007 ὲξαρκοῦσαν,
3151 2930 3202 2986 ἐν
3249 2931 3424 3005 τούτῳ
3469 2932 3535 2987 τὰ
3568 2927 3912 3009 συναγόμενα

2259 3020 2499 3074 ἆπετίθει
2562 3020 2846 3095 χρήματα,
2904 3020 2995 3075 καὶ
3074 3020 3414 3095 ὁρμητήριον
3489 3020 3540 3091 ἐξ
3600 3021 3909 3096 ἀποτυχίας

2256 3108 2347 3162 καὶ
2406 3105 2605 3180 λιμένα
2662 3108 2935 3183 σωτηρίας
2988 3108 3135 3185 ἔχειν
3196 3108 3525 3182 ἐταμιεύετο.
3594 3108 3699 3167 Καὶ
3768 3110 3911 3185 πρὸς

2258 3196 2384 3259 τοὺς
2433 3202 2809 3272 γειτονοῦντας
2869 3197 3238 3273 Σαρακηνοὺς,
3286 3200 3377 3254 τόν
3434 3220 3491 3254 τε
3530 3205 3631 3269 τῆς
3672 3194 3915 3271 Ἀμίδης

498 3297 605 3368 pit.
640 3296 818 3352 Fama
859 3291 1039 3361 hujus
1072 3270 1153 3344 rei
1182 3287 1297 3343 late
1328 3286 1614 3358 dissipata
1644 3286 2049 3343 conﬂuxerunt
2078 3288 2143 3343 ad

2262 3286 2479 3362 ἀμηρᾶν
2541 3286 2874 3365 Ἀποτοὺλφ,
2936 3287 3057 3357 ἥτις
3116 3290 3283 3360 Ἐμετ
3342 3288 3607 3358 καλεῖται,
3664 3288 3757 3342 καὶ
3812 3289 3906 3342 τὸν

501 3401 634 3441 eum
668 3381 838 3438 multi
886 3379 1008 3444 alii,
1045 3379 1145 3449 qui
1194 3376 1368 3431 rebus
1421 3379 1584 3432 novis
1632 3377 1984 3447 gaudebant.
2015 3376 2145 3433 Jam

504 3477 675 3531 aestas
720 3469 1062 3543 appetierat,
1087 3482 1221 3521 cum
1256 3465 1474 3520 Bardas
1523 3482 1655 3520 cum
1690 3467 1843 3522 420
1874 3467 2150 3522 omnibus

503 3563 628 3620 suis
658 3559 842 3632 cepiis
874 3573 1073 3612 versus
1102 3554 1307 3627 Cpolin
1340 3554 1450 3610 iter
1477 3554 1756 3625 instituit,
1786 3554 1995 3626 plenus
2027 3557 2149 3627 spei

502 3657 561 3711 et
589 3654 817 3707 tantum
851 3663 967 3703 non
998 3646 1055 3700 in
1083 3643 1226 3701 solio
1252 3644 1623 3716 imperatoris
1646 3645 1845 3700 sedere
1868 3662 1928 3700 se
1949 3645 2150 3701 existi-

502 3756 695 3796 mans.
718 3733 947 3793 Etenim
980 3732 1243 3789 animum
1288 3731 1372 3787 illi
1420 3732 1673 3787 addebat
1704 3733 1894 3803 adque
1926 3737 2147 3788 tantam

501 3846 621 3886 rem
655 3825 1007 3883 moliendam
1040 3822 1417 3878 audaciorem
1449 3822 1728 3877 reddebat
1753 3822 2022 3878 monachi
2053 3839 2151 3877 cu-

496 3920 735 3991 jusdam
786 3915 913 3970 vita:
976 3912 1167 3985 probae
1217 3911 1601 3965 insomnium.
1649 3913 1700 3966 Is
1749 3928 1850 3981 per
1896 3912 2154 3981 quietem

502 4008 664 4062 visus
695 4004 806 4060 sibi
855 4004 1046 4056 fuerat
1074 4000 1268 4054 videre
1301 4002 1453 4053 viros
1502 4000 1725 4069 igneos,
1757 4000 1855 4068 qui
1904 4000 2153 4054 Bardam

507 4098 804 4165 arreptum
836 4091 895 4145 in
929 4088 1245 4144 sublimem
1277 4088 1595 4159 quamdam
1638 4087 1991 4143 adducerent
2020 4103 2155 4159 spe-

510 4183 702 4241 culam
739 4199 752 4236 :
794 4179 877 4233 ibi
929 4194 1063 4233 eum
1123 4176 1429 4231 convenire
1486 4176 1793 4231 mulierem
1844 4178 2155 4245 quamdam

510 4274 773 4330 humana
805 4267 997 4341 specie
1029 4266 1424 4338 grandiorem,
1458 4280 1588 4335 quae
1627 4266 1677 4319 ei
1718 4266 2157 4336 imperatorium

511 4361 797 4434 praeberet
837 4354 1159 4427 ﬂagellum.
1188 4353 1249 4409 Id
1295 4352 1591 4425 ﬂagellum
1643 4353 1872 4425 imperii
1922 4355 2157 4427 signum

509 4451 731 4507 Bardas
781 4444 1322 4517 interpretabatur:
1356 4444 1455 4498 sed
1500 4443 1776 4498 nimirum
1830 4461 1895 4499 eo
1945 4445 2032 4500 ira
2062 4445 2159 4501 Dei

509 4541 571 4596 in
603 4540 898 4595 Romanos
929 4532 1262 4589 notabatur.

2255 3380 2354 3441 τῆς
2408 3374 2880 3450 Μαρτυροπόλεως
2953 3376 3278 3453 Ἀποτάγλε,
3345 3376 3537 3447 ἥντινα
3606 3376 3905 3455 Μιεφερκὶν

2261 3465 2608 3538 ὀνομάζουσι,
2642 3465 2854 3528 πίστεες
2908 3463 3032 3528 δοὺς
3076 3466 3165 3521 καὶ
3198 3461 3405 3541 λαϐὼν,
3436 3465 3526 3521 καὶ
3582 3467 3694 3540 μετ’
3730 3465 3909 3521 αὐτῶν

2258 3552 2524 3623 κηδεύσας
2548 3555 2637 3609 xui
2689 3552 2779 3609 διὰ
2819 3560 2917 3610 τοῦ
2965 3554 3165 3626 κήδους
3203 3558 3269 3611 τά
3296 3562 3397 3626 τῆς
3447 3554 3633 3631 φιλίας
3676 3555 3910 3633 ἀσφαλι-

2261 3647 2512 3717 σάμενος,
2563 3646 2827 3720 χρήματά
2871 3666 2931 3699 τε
2972 3641 3239 3718 λαμϐάνει
3296 3643 3484 3701 πολλὰ
3540 3646 3628 3700 xui
3686 3666 3907 3718 συμμα-

2262 3734 2422 3807 χικὸν
2452 3728 2689 3807 ’Ἄραϐας
2739 3732 2972 3795 ἱππότας
3020 3741 3082 3791 τ’.
3130 3741 3238 3803 Τῆς
3288 3737 3482 3809 φήμης
3525 3732 3582 3788 δὶ
3626 3738 3909 3808 πανταχοῦ

2265 3819 2674 3895 διαδραμούσης
2722 3822 3002 3899 συνέρρεον
3058 3824 3191 3898 πρὸς
3248 3823 3406 3878 αὐτὸν
3468 3822 3659 3878 ὁπόσοι
3711 3824 3907 3877 νεωτέ-

2266 3931 2381 3986 ροις
2430 3911 2681 3986 χαίρουσι
2733 3912 3069 3988 πράγμασιν.
3121 3909 3264 3983 ’Ήδη
3316 3910 3373 3967 δὲ
3418 3916 3514 3967 τοῦ
3563 3912 3749 3987 θέρους
3789 3909 3911 3965 ἐπι-

2266 4001 2559 4076 γενομένου
2631 3998 2759 4076 ὂίρας
2830 4002 2989 4057 παντὶ
3045 4006 3125 4074 τῷ
3184 4001 3397 4075 στρατῷ
3463 3999 3713 4075 ἠπείγετο
3772 4000 3911 4073 πρὸς

2267 4091 2364 4158 τὴν
2415 4087 2824 4165 βασιλεύουσαν,
2882 4090 3075 4164 μεστὸς
3122 4087 3365 4146 ἐλπίδων
3397 4089 3487 4145 xui
3541 4088 3765 4163 μονονοὺ
3797 4094 3915 4150 τοῖς

2272 4177 2569 4253 βασιλείοις
2608 4180 2872 4247 καθῆσθαι
2926 4176 3124 4235 δοκῶν.
3176 4180 3272 4233 Καὶ
3322 4178 3422 4253 γὰρ
3455 4176 3522 4247 δὴ
3568 4178 3656 4232 xui
3686 4176 3914 4251 ἐθράσυ-

2265 4288 2350 4321 νεν
2385 4268 2548 4322 αὐτὸν
2580 4268 2668 4321 καὶ
2710 4267 3122 4343 τολμηρότερον
3153 4266 3313 4331 ἐτίθει
3345 4268 3482 4343 πρὸς
3515 4267 3577 4321 τὸ
3610 4264 3915 4342 ἐγχείρημα

2272 4360 2518 4431 μοναχοῦ
2566 4377 2711 4418 τινος
2766 4356 2960 4431 ἀρετῆς
3023 4353 3480 4429 ἀντιποιουμένου
3545 4352 3669 4429 ὄψις
3734 4375 3917 4409 νυκτε-

2271 4448 2419 4522 ρινή.
2480 4442 2687 4501 Ἐδόκει
2761 4447 2863 4520 γὰρ
2943 4446 3099 4508 οὗτος
3152 4442 3284 4499 ἰδεῖν
3353 4442 3549 4521 ἄνδρας
3602 4444 3864 4519 πυρίνους
3900 4487 3913 4512 ,

2271 4533 2462 4598 οἵτινες
2513 4535 2602 4589 τὸν
2687 4532 2896 4609 Βάρδαν
2972 4529 3231 4597 λαϐόντες
3301 4532 3587 4608 ἀνάγουσιν
3664 4530 3741 4594 εἴς
3795 4553 3919 4586 τινα

516 4625 865 4699 ὑψηλοτάτην
927 4623 1233 4697 περιωπήν·
1298 4620 1535 4696 ἐντυχεῖν
1594 4618 1640 4674 δ’
1700 4621 1750 4676 ἐν
1780 4622 1914 4696 αὐτῇ
1946 4624 2160 4697 γυναικὶ
2204 4626 2549 4701 ἀνθρωπίνης
2602 4621 2776 4699 ὅψεως
2826 4625 3165 4701 στεῤῥοτέρᾳ,
3216 4624 3304 4679 καὶ
3346 4627 3444 4693 τήν
3491 4627 3724 4699 μάστιγα
3781 4626 3920 4697 (36),

513 4719 662 4791 αὖτῷ
689 4712 961 4772 ἐπιδοῦναι
1000 4710 1311 4788 βασιλικήν.
1344 4711 1551 4782 Ταύτην
1582 4712 1684 4781 τὴν
1720 4713 1956 4788 μάστιγα
1986 4713 2012 4767 ὁ
2048 4714 2141 4787 μὲν
2175 4712 2381 4791 Βάρδας
2414 4710 2692 4789 σύμϐολον
2726 4714 3007 4791 ἐλογίζετο
3044 4712 3344 4791 βασιλείας,
3384 4716 3449 4785 ἦν
3487 4712 3544 4769 δὲ
3574 4712 3675 4790 ἄρα
3703 4715 3738 4783 ἡ
3779 4713 3919 4789 πρὸς

511 4806 815 4883 Ῥωμαίους
848 4802 987 4878 ὀργὴ
1019 4804 1115 4855 τοῦ
1147 4804 1299 4857 Θεοῦ.

592 4898 812 4954 Allatus
843 4897 1037 4950 autem
1070 4891 1249 4961 hujus
1278 4889 1360 4946 rei
1390 4890 1590 4962 Cpolin
1624 4892 1869 4946 nuntius
1901 4908 2029 4946 cum
2062 4892 2171 4947 im-
2203 4897 2248 4960 D

518 4993 815 5063 peratores
844 4984 902 5037 in
939 4997 1214 5053 magnam
1250 4979 1499 5052 conjecit
1537 4979 2016 5049 sollicitudinem,
2043 4984 2168 5036 tum

516 5077 807 5152 optimum
851 5078 1028 5144 atque
1078 5070 1555 5126 cordatissimum
1608 5087 1902 5141 quemque
1951 5071 2165 5126 civium

2350 4894 2504 4965 Ἀρτι
2539 4890 2595 4947 δὶ
2624 4896 2721 4961 τῆς
2764 4895 2956 4970 φήμης
3001 4892 3091 4947 καὶ
3140 4894 3239 4961 τήν
3292 4889 3548 4969 βασιλίδα
3576 4886 3919 4948 καταλαϐού-

2280 5002 2381 5045 σης
2414 5023 2427 5049 ,
2488 4983 2541 5036 oi
2601 4981 2843 5056 βασιλεῖς
2915 5002 2974 5037 τε
3030 4980 3082 5036 ὲν
3150 4980 3352 5057 ἀγωνίᾳ
3407 4980 3722 5043 καθίσταντο
3755 5026 3770 5052 ,
3828 4982 3917 5036 καὶ

2280 5070 2482 5141 ἀθυμία
2538 5070 2767 5146 κατέσχε
2820 5071 2882 5125 τὸ
2937 5072 3195 5147 νουνεχὶς
3246 5075 3345 5127 τοῦ
3391 5069 3790 5145 πολιτεύματος
3830 5070 3920 5125 xui

1715 5196 2085 5252 XYLANDRI
2127 5198 2216 5253 ET
2259 5197 2476 5255 GOARI
2517 5198 2751 5254 NOTzE.

589 5311 697 5381 (36)
728 5308 844 5364 Ceu
876 5303 1189 5381 equisones
1233 5301 1481 5381 ﬂagellis
1513 5302 1897 5373 imperatores
1927 5303 2139 5381 instrui

2282 5305 2433 5381 ferare
2490 5303 2565 5381 εἰς
2622 5300 2817 5381 δεῖγμα
2883 5298 3338 5381 τῆ-ςῌεύσε-ϐείας.
3404 5305 3641 5381 asserit,
3699 5302 3787 5357 xui
3844 5299 3919 5381 ἔτι

519 5370 830 5455 Χγιοόόθιο,
864 5370 1123 5455 Cedimus
1155 5370 1656 5455 duplicisceptro,
1684 5391 1861 5455 cruce
1892 5376 2143 5455 nimirum

2285 5370 2487 5455 ῥαϐδον
2536 5370 2825 5455 λαμϐάνει,
2877 5378 3079 5455 subdit
3125 5377 3244 5455 ille,
3284 5374 3345 5455 ού
3400 5370 3636 5455 βαρεῖάνς
3666 5395 3787 5455 τινα
3832 5376 3921 5429 καὶ

522 5443 592 5509 εἰ.
613 5443 825 5519 ferula,
871 5466 919 5503 c.
958 5450 1132 5521 17,7n.
1160 5443 1397 5521 βὸτι-Τῇ
1435 5443 1526 5515 μὲν
1570 5443 1727 5521 δεξιᾷΔ
1770 5446 1916 5520 χειρὶ
1954 5448 2172 5521 κατέχει

534 5529 619 5579 τὸν
687 5529 935 5595 σταυρὸν,
1010 5529 1078 5591 τῇ
1158 5529 1214 5570 δὲ
1286 5529 1535 5591 ἀριστερα
1610 5529 1827 5592 κατέχει
1911 5529 2172 5593 νάρθηκα.

534 5598 792 5666 Utraque
826 5609 919 5649 sce
967 5595 1130 5645 trum
1162 5592 1269 5651 est,
1304 5593 1361 5642 et
1391 5594 1456 5642 ut
1480 5589 1738 5660 loquitur
1761 5591 2003 5645 Lexicon
2034 5608 2174 5646 ano-

534 5682 778 5717 nvmum
829 5609 969 5717 bibi).
1008 5663 1148 5717 Reg.
1181 5660 1309 5717 930:
1342 5662 1615 5717 σκῆπτρον
1654 5659 1908 5717 βασιλικὴ
1952 5657 2170 5717 ὁάϐδος³

534 5660 778 5740 nymum
829 5660 969 5719 bibl.
1008 5663 1148 5729 Reg.
1181 5660 1309 5727 930;
1342 5662 1615 5735 σκῆπτρον
1654 5660 1908 5735 βασιλικὴ
1950 5660 2170 5737 passo;-

529 5744 777 5815 Symeon
810 5736 1048 5809 quidem
1077 5731 1521 5789 Thessalonicae
1547 5734 1917 5807 metropolita
1944 5751 2175 5791 erucem

1158 5514 1214 5570 δὲ
1286 5514 1535 5592 ἀριστερᾷ
1610 5514 1827 5592 κατέχει

526 5525 619 5579 τὸν
687 5520 935 5595 σταυρὸν,
1010 5520 1078 5591 τῇ

534 5665 778 5740 nymum
829 5665 927 5740 bib

2285 5446 2729 5524 σκληράνηάλλ⁹
2783 5447 3020 5524 ἐλαφρὰν
3052 5447 3167 5524 _xui_
3216 5446 3489 5524 μαλακήν.
3546 5447 3748 5524 aia-ce
3796 5466 3923 5524 παι-

2287 5510 2610 5595 δευτ-ἶκὸνὲν
2657 5510 2951 5595 πραότητί-
2978 5519 3179 5595 καὶ.μή
3216 5510 3443 5595 ¹όργίλον
3476 5520 3591 5595 καὶ-
3613 5519 3921 5595 φθαρτικὸν,

2289 5541 2527 5572 οευτικον
2562 5541 2610 5574 εν
2665 5541 2931 5595 πραοτητι
2978 5541 3067 5572 και
3145 5541 3179 5587 η
3226 5541 3443 5593 οργιΛον
3476 5541 3564 5577 και
3613 5541 3919 5593 φυαρτικον,

2289 5588 2429 5668 μηδὶ
2458 5587 2744 5668 συχτρῖϐον
2790 5594 2879 5647 xui
2929 5541 3209 5668 ἀφανίέον.
3262 5594 3508 5668 Estque_
3530 5591 3635 5648 illa
3668 5588 3919 5666 βασιλική

2290 5662 2477 5735 μάστιξ
2512 5662 2707 5723 Bardaa
2742 5683 2845 5740 per
2877 5662 3152 5723 somnum
3174 5662 3435 5722 ostensa.
3469 5664 3649 5721 Goaa.
