4036 6330
157 296 285 360 153

1316 299 1864 367 HISTORIARUM
1907 300 2450 365 COMPENDIUM.

3473 301 3590 363 154

156 428 434 505 ἀκέραιον,
489 426 693 503 μόνους
746 425 802 486 δὶ
847 426 1089 510 ηὔφρανε
1131 427 1261 495 τοὺς
1292 430 1409 486 ὅσοι
1439 434 1559 493 ταῖς
1589 427 1822 487 ἐναλλα-

1944 433 2099 506 gravi
2129 433 2321 490 aﬂ'ecit
2369 412 2612 491 mmrore
2645 451 2658 490 ε
2691 433 2765 490 iis
2811 432 2953 490 solis
2999 431 3284 504 voluptati
3333 431 3444 488 fuit
3491 432 3594 506 qui

157 524 284 592 γαῖς
312 515 542 588 ἥδονται
574 523 685 573 τῶν
727 519 1054 595 πραγμάτων
1088 519 1177 574 καὶ
1210 520 1464 596 χαίρουσι
1522 525 1640 582 ταῖς
1691 519 1825 590 λεη-

157 606 392 670 λασίαις.
455 606 608 683 Ταχό
658 629 719 664 τε
775 609 865 662 οὗν
927 609 1227 684 γράμματα
1276 610 1413 686 πρὸς
1443 609 1538 664 τὸν
1599 630 1823 686 στρατο-

158 695 448 772 πεδάρχην
507 697 754 772 ἐγένοντο
810 699 1054 774 Πέτρον,
1118 698 1208 753 καὶ
1256 697 1397 774 ταχὺ
1453 701 1516 753 τὸ
1578 699 1823 772 ὑγιαῖνον

158 790 253 840 τοῦ
316 791 553 859 στρατοῦ
611 788 772 859 μέρος
829 787 1114 861 ἠθροίζετο
1174 787 1250 851 είς
1305 789 1623 859 Καισάρειαν
1659 833 1672 846 .
1734 789 1822 845 Ἑν

158 875 271 947 ὅσῳ
303 873 362 930 δὲ
391 880 562 929 ταῦτα
591 872 903 951 ἐπράττετο,
955 876 982 930 ὁ
1031 875 1332 950 σῦγκελλος
1383 879 1496 949 (37)
1555 874 1823 955 Στέφανος

157 965 247 1018 καὶ
298 971 403 1032 τῆς
455 963 826 1037 Νικομηδείας
876 963 1163 1040 πρόεδρος,
1215 966 1352 1040 ἀνὴρ
1384 964 1686 1041 ἐλλόγιμος
1733 967 1826 1020 καὶ

162 1053 248 1108 ἐπὶ
284 1054 455 1130 σοφία
502 1053 592 1107 καὶ
639 1053 804 1128 ἀρετῇ
849 1049 1144 1124 διαϐόητος
1202 1053 1292 1108 καὶ
1351 1056 1536 1109 πειθοῖ
1589 1053 1823 1128 μαλάξαι

158 1144 349 1205 ’ἱκανὸς
408 1144 641 1217 γνώμην
697 1140 938 1217 σκληρὰν
998 1143 1087 1197 καὶ
1119 1142 1424 1211 ἆτίθασσον,
1456 1139 1692 1219 πρέσϐυς
1751 1143 1826 1205 εἷς

157 1232 246 1286 τὸν
303 1229 565 1305 Σκληρὸν
619 1230 1034 1304 ἀποστέλλεται,
1097 1229 1152 1285 εἶ’
1202 1235 1320 1295 πῶς
1379 1227 1586 1306 δυνηθῇ
1643 1238 1823 1287 πεῖσαι

157 1322 353 1374 τοῦτον
385 1319 677 1384 ἀποθέσθαι
709 1320 778 1375 τὰ
808 1318 972 1377 ὅπλα.
1015 1318 1176 1376 Ἀλλ’
1205 1319 1361 1382 οὗτος
1391 1321 1526 1396 πρὸς
1576 1318 1630 1376 ’ἑν
1684 1320 1828 1398 ἔχων

160 1412 256 1479 τὴν
313 1407 558 1464 διάνοιαν
605 1411 932 1483 τεταμένην,
988 1411 1087 1477 τὴν
1136 1416 1236 1480 τῆς
1292 1409 1570 1486 βασιλείας
1624 1406 1823 1486 ὄρεξιν,

160 1498 396 1562 ἐλθόντα
453 1499 586 1574 πρὸς
632 1499 794 1553 αὐτὸν
841 1496 1151 1554 καὶπολλὰ
1183 1498 1402 1554 εἰπόντα
1433 1498 1690 1575 ἐπαγωγὰ
1737 1499 1826 1555 καὶ

161 1587 488 1663 θελκτήρια,
523 1587 700 1663 λόγων
738 1589 837 1659 μὶν
869 1587 1094 1643 πολλῶν
1129 1590 1228 1644 οὐκ
1259 1589 1509 1658 ἠξίωσεν,
1555 1588 1828 1651 ἀνατείνας

163 1674 218 1733 δὶ
248 1678 342 1732 τὸν
395 1674 566 1748 δεξιὸν
615 1673 758 1731 πόδα
806 1678 893 1732 καὶ
948 1677 1008 1732 τὸ
1059 1673 1398 1756 κοκκοϐαφὲς
1451 1675 1624 1749 δείξας
1676 1676 1827 1734 πέδι-

162 1765 286 1838 λον,
352 1791 382 1817 ι(

165 1851 605 1932 περιϐαλόμενον
657 1851 892 1928 ἐπ’ὄψει
952 1853 1184 1911 πολλῶν
1246 1853 1450 1932 ῥαδίως
1507 1853 1829 1916 ἀποϐαλεῖν.

166 1949 246 2019 [Ρ.
307 1946 442 2015 687]
509 1944 722 2018 Φράσον
772 1944 951 2000 τοίνυν
1023 1950 1139 2007 τοῖς
1214 1944 1599 2000 ἀποστείλασιν
1675 1947 1750 2008 ὡς
1795 1946 1829 2015 ἢ

167 2034 343 2090 ἑκοντί
407 2055 474 2108 με
519 2031 904 2109 παραδέξωνται
957 2031 1207 2110 βασιλέα,
1255 2034 1290 2104 ἢ
1323 2035 1411 2089 καὶ
1448 2036 1521 2108 μὴ
1557 2033 1829 2110 βουλομέ-

168 2147 269 2180 νων
304 2125 644 2196 πειράσομαι
689 2117 876 2178 λαϐεῖν
937 2125 1036 2192 τήν
1096 2123 1298 2199 ἀρχήν.
1354 2147 1382 2175 ››
1433 2128 1609 2180 Ταῦτα
1663 2123 1829 2180 εῗπὼν

167 2217 249 2269 καὶ
348 2212 695 2288 προθεσμίαν
790 2213 1005 2288 ἡμέρας
1097 2213 1496 2287 τεσσαράκοντα
1581 2210 1832 2275 δεδωκὼς

165 2301 611 2365 ἀπαλλάττεσθαι
678 2299 927 2356 κελεύει.
1007 2299 1518 2376 Ἐπαναδραμόντος
1597 2300 1654 2357 δὲ
1734 2306 1832 2358 τοῦ

165 2389 483 2467 συγκέλλου
563 2392 649 2444 καὶ
729 2411 828 2458 την
901 2390 1187 2464 ἀπόκρισιν
1246 2391 1679 2464 ἆποκομίσαντος
1734 2396 1832 2446 τοῦ

170 2479 436 2556 Σκληροῦ
463 2483 584 2543 τοῖς
619 2477 895 2553 βασιλεῦσι
944 2479 1032 2533 καὶ
1087 2484 1168 2552 τῷ
1222 2481 1320 2548 τήν
1384 2479 1666 2556 βασιλείαν
1725 2479 1834 2544 i023-

169 2591 314 2624 νοντι
375 2567 672 2641 Βασιλείῳ,
733 2569 1032 2643 γράμματα
1072 2567 1302 2644 ἐφοίτων
1333 2569 1471 2644 πρὸς
1528 2570 1619 2624 τὸν
1677 2590 1833 2646 στρα-

173 2655 532 2734 τοπεδάρχην
592 2657 862 2735 ἐμφυλίου
919 2659 1012 2730 μὲν
1067 2659 1143 2730 μὴ
1196 2659 1484 2734 κατάρχειν
1544 2657 1830 2732 πολέμου,

168 2747 258 2809 τας
312 2744 374 2801 δὲ
434 2743 712 2820 παρόδους
757 2750 943 2820 τηρεῖν
1002 2745 1280 2822 ἀσφαλῶς,
1341 2746 1522 2815 καὶῆν
1576 2767 1659 2808 τις
1713 2746 1836 2821 ἐπίῃ

171 2835 536 2906 πολεμήσων,
591 2833 908 2906 ἀμύνεσθαι.
961 2834 1023 2891 Ὀ
1082 2831 1138 2888 δὶ
1193 2833 1446 2911 Σκληρὸς
1477 2837 1652 2889 ἀπιὼν
1698 2836 1835 2912 πρὸς

173 2924 501 3000 Καισάρειαν
587 2920 939 2998 προδρόμους
1027 2923 1312 2980 ἀπέστειλε
1369 2924 1458 2979 καὶ
1538 2923 1832 2995 κατόπτας,

174 3012 248 3086 ἐφ’
311 3014 362 3084 ᾧ
419 3017 784 3066 κατασκοπεῖν
816 3055 832 3081 ,
883 3010 973 3065 καὶ
1032 3009 1246 3086 ὅπηπέρ
1305 3011 1437 3066 εἰσιν
1499 3013 1551 3068 oi.
1603 3012 1836 3068 ἐναντίοι

175 3101 433 3174 μηνύειν,
488 3101 580 3154 καὶ
611 3097 1014 3174 προομαλίζειν
1049 3099 1197 3173 αὐτῷ
1226 3102 1323 3170 τὴν
1371 3098 1522 3158 ὁδόν.
1568 3100 1837 3177 Ἔξαρχος

444 1763 763 1834 Ἀδύνατον,
809 1764 854 1820 ὦ
905 1763 1174 1842 ἄνθρωπε,
1207 1762 1332 1845 ἔφη,
1376 1767 1468 1822 τὸν
1498 1772 1659 1823 τοῦτο
1693 1769 1828 1839 ἅπαξ
1860 1809 1908 1875 Β

660 1853 674 1875 Ἰ
725 1857 741 1875 Ι
775 1851 827 1875 ν.
995 1868 1002 1875 .
1034 1853 1092 1875 ΊΧ
1116 1860 1143 1870 η’
1255 1855 1268 1875 9
1319 1853 1368 1875 ﬁ!
1518 1858 1532 1875 9
1620 1853 1650 1875 ρ
1704 1869 1711 1875 .
1755 1863 1778 1873 υ

1936 523 2366 579 mutationibus
2390 540 2586 580 rerum
2615 524 2874 596 gaudent
2893 526 2951 579 et
2971 526 3137 594 rapto
3157 521 3347 578 vivere
3369 527 3591 578 amant.

1937 611 2098 668 Illico
2152 613 2222 667 ad
2277 613 2506 668 Petrum
2566 613 2926 669 exercituum
2985 612 3322 683 praefectum
3381 610 3593 668 littera

1937 701 2284 769 mittuntur;
2329 707 2387 756 et
2435 703 2745 768 exercitus,
2787 701 3075 774 quidquid
3127 701 3319 756 adhuc
3367 701 3427 755 in
3479 701 3592 756 fide

1935 791 2699 861 permanseratﬁassaream
2722 791 2968 864 cogitur.
2999 789 3232 846 Interim
3257 788 3593 862 Stephanus

1936 876 2253 948 syncellus,
2287 878 2638 934 Nicomedia:
2687 878 2921 950 praesul,
2955 879 3043 933 vir
3080 877 3367 950 sapientia
3414 881 3593 949 atque

1934 966 2148 1021 virtute
2181 973 2488 1038 praestans,
2507 974 2560 1022 el
2581 968 2775 1024 verbis
2798 967 3060 1024 emollire
3083 968 3345 1022 animum
3375 967 3590 1022 durum

1935 1059 2112 1127 atque
2143 1056 2498 1112 indomitum
2551 1074 2791 1128 gnarus,
2827 1057 2898 1112 ad
2931 1057 3178 1112 Bardam
3215 1056 3465 1128 legatur,
3498 1073 3592 1111 co-

1935 1151 2186 1200 naturus
2210 1146 2258 1200 ei
2291 1146 2642 1217 persuadere
2665 1151 2729 1201 ut
2750 1147 2820 1199 ab
2841 1147 3020 1201 armis
3041 1146 3324 1201 discedat.
3344 1148 3416 1200 At
3435 1145 3592 1201 enim

1935 1234 2129 1289 Durus
2157 1235 2341 1290 unica:
2378 1235 2605 1306 imperii
2631 1235 2941 1306 cupiditati
2967 1235 3234 1290 animum
3258 1234 3593 1300 intendens,

1935 1341 2070 1378 eum
2105 1325 2174 1378 ad
2210 1342 2272 1380 se
2305 1327 2628 1396 profectum
2662 1331 2719 1381 et
2761 1323 2948 1379 multa
2995 1324 3065 1378 ad
3116 1324 3592 1394 persuadendum

1936 1414 2081 1468 421
2123 1413 2334 1468 idonea
2366 1414 2622 1468 locutum
2651 1413 2823 1486 longo
2847 1429 3131 1484 responso
3154 1428 3267 1466 non
3293 1411 3594 1483 dignatus,

1937 1502 2203 1558 dextrum
2238 1503 2443 1575 pedem
2480 1503 2780 1576 proferens
2832 1507 2890 1558 et
2941 1502 3244 1558 coccinum
3279 1501 3594 1557 ostendens

1938 1591 2194 1646 calceum
2233 1611 2296 1648 :«
2332 1592 2479 1648 Fieri
2530 1610 2644 1647 non
2698 1597 2908 1665 potest,
2941 1591 3151 1662 inquit,
3185 1589 3499 1662 Stephane,
3533 1593 3598 1644 ut

1938 1681 2095 1737 hunc
2118 1680 2298 1736 semel
2324 1683 2381 1736 in
2401 1686 2714 1754 conspectu
2743 1681 3138 1738 multitudinis
3162 1679 3404 1736 indutus
3429 1678 3597 1735 facile

1938 1775 2130 1826 exuat.
2157 1769 2435 1842 Significa
2456 1787 2592 1841 ergo
2619 1771 2711 1826 his
2743 1771 2841 1842 qui
2865 1775 2920 1826 te
2952 1771 3264 1834 miserunt,
3279 1768 3365 1824 vel
3389 1773 3601 1840 sponte

1942 1876 2036 1916 me
2067 1861 2480 1932 imperatorem
2515 1864 2854 1932 agnoscant,
2879 1858 2964 1915 vel
2996 1858 3198 1915 invitis
3237 1859 3382 1930 ipsis
3412 1859 3599 1929 impe-

1941 1949 2095 2005 rium
2131 1966 2222 2006 me
2258 1949 2404 2005 mihi
2429 1949 2720 2004 vindicare
2745 1954 3120 2004 conaturum.
3146 1971 3174 1997 ›ι
3199 1952 3316 2004 Hoc
3341 1947 3517 2014 fatus,
3541 1950 3600 2001 et

1943 2039 2338 2112 quadraginta
2382 2039 2610 2094 dierum
2657 2037 2976 2094 terminum
3028 2036 3431 2109 praescriheus,
3464 2049 3599 2090 eum

1942 2127 2102 2184 abire
2133 2128 2324 2199 jubet.
2360 2127 2609 2183 Reverso
2643 2126 2920 2200 syncello,
2943 2130 3001 2182 et
3048 2124 3504 2198 imperatoribus
3532 2141 3599 2180 ac

1943 2215 2043 2288 qui
2069 2217 2381 2288 imperium
2415 2215 2868 2272 administrabat
2894 2215 3127 2288 prasidi
3154 2213 3365 2268 Basilio
3397 2213 3597 2267 Bardie

1944 2322 2290 2377 responsum
2339 2305 2531 2372 ellato,
2569 2303 2780 2360 litteris
2831 2303 3031 2358 missis
3064 2306 3232 2358 Petro
3283 2302 3602 2357 mandatur

1943 2411 2014 2450 ne
2044 2393 2178 2450 belli
2203 2393 2389 2450 civilis
2411 2393 2646 2449 initium
2677 2394 2801 2464 ipse
2831 2393 3105 2464 praebeat,
3134 2391 3236 2446 sed
3271 2391 3481 2446 itinera
3510 2390 3600 2445 di-

1942 2482 2192 2554 ligenter
2233 2483 2529 2538 custodiat
2559 2486 2616 2537 et
2643 2482 2758 2536 vim
2804 2480 3079 2536 inferenti
3109 2481 3158 2534 vi
3196 2479 3454 2535 resistat.
3484 2479 3603 2534 Du-

1944 2572 2374 2626 rusCzesaream
2395 2571 2641 2626 tendens
2659 2568 3028 2642 speculatum
3047 2569 3333 2641 quosdam
3356 2567 3604 2640 prazmit-

1943 2659 2034 2723 tit,
2054 2660 2152 2730 qui
2178 2659 2286 2714 sibi
2313 2675 2426 2730 quo
2450 2658 2574 2714 loco
2593 2664 2832 2730 agerent
2854 2661 3054 2714 hostes
3076 2658 3405 2713 iudicarent
3425 2657 3606 2712 viam-

1944 2765 2057 2820 que
2081 2750 2394 2819 aperirent.
2425 2749 2545 2802 Dux
2569 2763 2768 2802 eorum
2795 2746 3015 2802 Anthes
3041 2746 3262 2819 Alyata.
3288 2745 3357 2800 Hi
3389 2745 3444 2799 in
3479 2745 3606 2816 qui-

1943 2837 2195 2893 busdam
2218 2837 2511 2908 angustiis
2538 2835 2933 2908 (Buculithus,
2958 2836 3016 2890 id
3049 2843 3139 2891 est
3166 2835 3339 2890 Bucci
3371 2850 3604 2899 saxum,

1943 2927 1993 2981 ei
2018 2925 2144 2981 loco
2168 2928 2403 2997 nomen)
2424 2925 2694 2980 incidunt
2719 2925 2775 2979 in
2803 2929 3027 2997 partem
3051 2923 3414 2997 imperatorii
3439 2937 3604 2977 exer-

1944 3015 2117 3083 citus,
2133 3031 2309 3086 quam
2333 3015 2583 3070 ducebat
2602 3014 2948 3070 Eustathius
2976 3013 3260 3084 magister
3281 3011 3604 3080 Maleinus;

1943 3101 2172 3175 levique
2191 3103 2387 3175 praelio
2405 3104 2885 3171 commisso,cum
2909 3101 3253 3174 aliquandiu
3274 3105 3603 3173 pugnatum

172 3188 224 3244 εὶ
252 3195 368 3244 τῶν
421 3188 778 3264 πεμφθέντων
828 3189 1155 3266 προκέκριτο
1201 3190 1405 3260 Ἅνθης
1453 3191 1482 3244 ὁ
1540 3175 1834 3261 Ἀλωρίτης.

1949 3198 2104 3248 esset
2135 3209 2201 3248 ac
2233 3192 2421 3248 neutri
2467 3199 2632 3264 terga
2672 3193 2897 3258 darent,
2923 3191 3132 3266 Alyata
3181 3191 3389 3246 ardore
3421 3187 3605 3244 animi

174 3278 396 3339 Οῖτινες
449 3280 880 3346 καταντήσαντες
935 3273 988 3332 ἔν
1044 3299 1151 3332 τινι
1211 3278 1546 3355 στενοχωρίᾳ
1601 3278 1837 3351 (Βοόκου

173 3369 331 3424 λίθον
418 3368 514 3422 τὸν
590 3366 759 3422 τόπον
843 3365 1298 3442 κατονομάζουσι)
1375 3367 1465 3423 καὶ
1533 3369 1683 3443 μέρει
1738 3375 1838 3438 τῆς

185 3455 492 3532 βασιλικῆς
567 3461 818 3529 στρατιᾶς
892 3455 1206 3531 ἐντυχόντες
1278 3453 1524 3532 ἄρχοντα
1603 3455 1838 3532 ἐχούσης

183 3545 484 3610 Eos—riotus
571 3546 864 3620 μάγιστρον
925 3545 1018 3599 τὸν
1089 3544 1387 3614 Μαλεῖνον,
1465 3545 1836 3618 ἀπεπειρῶντο

175 3639 270 3687 τοῦ
352 3634 767 3706 συναντήματος
835 3633 924 3687 καὶ
1010 3627 1453 3706 ἀκροϐολισμοὺς
1531 3633 1834 3692 ἐποιοῦντο.

169 3724 292 3780 Ἐπί
327 3744 454 3776 τινα
501 3719 558 3776 δὲ
601 3721 787 3795 καιρὸν
834 3716 1346 3796 ἀκροϐολιζομένων
1406 3719 1680 3792 ἀλλήλοις
1726 3727 1835 3776 τῶν

176 3816 623 3889 στρατευμάτων,
673 3812 760 3866 καὶ
817 3808 1046 3884 μηδενὸς
1075 3815 1218 3866 νῶτα
1249 3807 1514 3877 διδόντος,
1547 3812 1576 3866 ὁ
1634 3809 1838 3868 Ἀλυά-

1945 3281 2135 3336 victus
2167 3298 2232 3336 ac
2254 3297 2315 3337 se
2348 3282 2543 3352 ipsum
2573 3299 2686 3337 non
2710 3280 3040 3346 continens,
3065 3295 3216 3350 equo
3248 3278 3488 3333 incitato
3515 3276 3605 3330 in-

1947 3372 2313 3428 considerate
2347 3373 2403 3426 in
2439 3373 2713 3426 adversos
2747 3370 2938 3437 irruit,
2974 3367 3254 3440 nullaque
3286 3383 3345 3424 re
3381 3382 3608 3423 memo-

1948 3460 2115 3516 rabili
2175 3464 2339 3532 gesta
2394 3459 2692 3528 dejicitur.
2726 3460 2880 3516 422
2930 3461 3087 3525 Quos
3146 3459 3409 3522 duxerat,
3443 3455 3484 3510 ii
3544 3455 3602 3510 in

1945 3550 2169 3605 vicinos
2199 3550 2390 3605 saltus
2416 3549 2858 3620 disperguntur.
2885 3549 3049 3603 Tunc
3072 3548 3244 3602 etiam
3279 3545 3603 3601 indicatum

1947 3638 2059 3693 fuit
2080 3638 2234 3693 Duro
2256 3637 2582 3692 sodalitatis
2607 3637 2938 3707 praefectum
2963 3635 3242 3691 statuisse
3261 3635 3332 3690 ad
3360 3633 3606 3704 impera-

1947 3727 2130 3783 torios
2151 3727 2517 3797 transfugere
2539 3725 2848 3779 exercitus.
2873 3727 3051 3790 Quem
3083 3724 3130 3777 is
3154 3723 3223 3777 ad
3248 3738 3309 3776 se
3331 3726 3603 3776 vocatum

1947 3824 2001 3871 et
2033 3815 2438 3885 obiurgatum,
2471 3812 2732 3884 nihilque
2760 3817 3036 3884 praeterea
3074 3811 3133 3867 iu
3167 3827 3299 3866 eum
3335 3813 3605 3866 statuens

1379 3919 1744 3975 XYLANDRI
1785 3921 1878 3978 ET
1917 3921 2135 3978 GOARI
2178 3919 2410 3978 NOTAE.

245 4010 363 4079 (37)
393 4008 751 4082 Syncellum,
774 4008 1158 4082 sacerdotem,
1183 4007 1427 4082 spiritus
1446 4013 1708 4082 patrem,
1742 4026 1840 4080 pa-

178 4079 452 4137 triarchae
493 4082 716 4136 socium
750 4097 816 4136 ac
847 4079 1324 4136 contubernalem
1370 4079 1579 4151 primis
1610 4079 1836 4152 tempo-

181 4154 345 4208 ribus
379 4154 564 4208 iuisse
585 4157 721 4207 nota
743 4168 800 4224 p.
827 4154 852 4206 1
880 4152 1296 4224 manifestavit.
1318 4152 1604 4224 Eumdem
1628 4153 1840 4208 deinde

180 4241 476 4281 annorum
511 4222 788 4296 processu
820 4239 934 4277 non
967 4223 1122 4296 cellis
1163 4224 1338 4278 modo
1371 4227 1427 4276 et
1458 4222 1840 4296 habitationis

179 4295 542 4367 consortem,
594 4296 695 4352 sed
736 4300 794 4350 et
841 4295 1182 4367 patriarchae
1233 4295 1839 4367 successoremtdesi-

178 4375 428 4441 gnatum
463 4365 1070 4441 praedicantemmpla
1117 4365 1377 4441 plurium
1410 4383 1443 4420 a
1472 4365 1840 4441 syncellidi-

177 4438 403 4512 gnitate
435 4438 508 4494 ad
542 4438 1011 4512 patriarcharum
1062 4439 1264 4494 sedem
1307 4441 1664 4512 evectorum;
1715 4439 1841 4512 ipse

180 4509 388 4593 auctor
419 4509 748 4593 perspicuis
790 4509 985 4593 verbis
1031 4513 1284 4593 testatur
1331 4509 1574 4592 inferius
1622 4527 1680 4582 p.
1709 4511 1838 4593 Z75.

175 4584 306 4639 Jam
342 4599 482 4638 cum
526 4582 618 4638 hic
655 4582 984 4650 Stephanus
1015 4597 1119 4635 nec
1149 4582 1347 4636 throni
1383 4597 1692 4636 successor
1721 4582 1844 4637 fue-

183 4654 277 4724 rit,
310 4670 421 4708 nec
461 4661 619 4709 esset
666 4653 1010 4722 patriarchae
1053 4651 1484 4724 concellaneus,
1520 4657 1585 4706 ut
1608 4653 1708 4722 qui
1741 4654 1841 4708 Ni-

184 4723 468 4782 comediae
499 4741 600 4780 ceu
633 4724 843 4797 praesul
886 4740 987 4795 pro
1027 4723 1206 4797 solito
1231 4723 1538 4797 resideret,
1564 4724 1664 4794 qui
1696 4741 1837 4797 syn-

185 4797 319 4853 celli
349 4812 559 4870 nomen
585 4794 1004 4870 et'diguitatem
1030 4795 1496 4870 geritiAchores
1526 4794 1840 4870 immodice

181 4883 419 4937 semper
441 4865 778 4949 ambierant
797 4867 998 4949 (graeci,
1023 4865 1127 4949 nec
1149 4865 1326 4922 ofﬁcii
1356 4866 1691 4949 cuj‘uSPiam
1715 4868 1842 4922 fun-

182 4947 394 5024 gentes
428 4940 778 5007 ministerio,
800 4937 1105 5009 dignitatis
1128 4937 1547 5020 nomentribui
1581 4937 1693 4994 sibi
1726 4955 1840 4993 non

181 5013 588 5082 infrequenter
615 5010 1153 5083 cupiebantruude
1199 5015 1624 5083 magistrorum
1685 5011 1840 5083 apud

186 5100 310 5149 eos,
359 5080 732 5154 decrescente
792 5081 1059 5154 imperio,
1118 5081 1358 5154 integras
1409 5080 1700 5148 cohortes,
1725 5080 1842 5153 qui

183 5155 416 5226 vigente
447 5153 506 5208 in
537 5158 622 5209 tot
647 5152 1017 5234 negotiorum
1038 5153 1230 5207 turbis
1255 5168 1406 5207 unus
1432 5157 1578 5217 erat,
1602 5157 1659 5206 et
1687 5152 1841 5224 apud

185 5225 475 5281 Codiuum
528 5224 744 5282 oluries
790 5227 1035 5282 repetita
1061 5239 1168 5277 vox
1196 5221 1261 5276 τὸ
1291 5219 1348 5276 δέ
1375 5242 1438 5282 γε
1467 5220 1717 5282 όφφίκιον
1747 5221 1846 5277 οὐκ

187 5241 475 5281 uociuum
528 5241 744 5296 pluries
790 5241 1035 5295 repetita
1061 5241 1168 5277 vox
1196 5241 1261 5276 το
1291 5241 1348 5276 οε
1375 5242 1438 5295 γε
1467 5241 1717 5299 οφφικιον
1747 5243 1843 5277 ουκ

187 5295 506 5370 ἐνεργεῖται.
534 5299 675 5352 Cum
716 5297 911 5370 itaque
938 5294 1059 5350 vita
1089 5294 1290 5350 functo
1322 5294 1655 5370 patriarcha
1685 5295 1843 5352 sedis

189 5365 625 5440 successionem
683 5365 880 5440 plures
935 5369 1294 5440 expeterent,
1326 5365 1550 5437 ’plures
1610 5382 1844 5440 quoque

189 5438 435 5512 syncel‘li
487 5439 654 5496 titulo
685 5437 851 5511 spem
891 5437 1052 5512 alere
1098 5438 1586 5512 nitebantur‘aut
1633 5437 1841 5494 saltem

188 5508 436 5568 honoris
465 5527 673 5567 vanam
705 5508 1064 5582 cupidinem.
1098 5509 1246 5582 Hinc
1266 5508 1842 5582 syncellorumexa-

191 5585 372 5648 mina,
408 5597 477 5636 ac
516 5583 755 5637 remotis
785 5579 819 5637 ξι
851 5580 1194 5654 patriarchas
1217 5579 1419 5654 Ado’mo
1469 5579 1841 5654 praesulibus,

193 5656 292 5725 qui
353 5668 648 5724 nusquam
697 5651 860 5709 sedis
885 5653 1159 5725 thieredes
1177 5722 1189 5725 Α
1210 5651 1483 5725 fuerunt,‘
1500 5668 1843 5725 concessum

195 5722 443 5798 syncelli
491 5722 755 5782 nomen:
797 5724 897 5798 qui
947 5739 1082 5779 cum
1141 5722 1213 5779 ab
1269 5723 1528 5796 impositi
1587 5723 1844 5781 nominis

1874 4545 1921 4610 D

1948 4011 2204 4071 exordio,
2238 4007 2296 4063 in
2349 4007 2596 4078 publicis
2647 4006 2912 4062 Ecclesia
2943 4007 3355 4078 conventibus,
3382 4004 3603 4061 multos

1950 4098 2137 4136 annos
2169 4077 2512 4151 patriarchae
2561 4078 2785 4150 precari
2833 4077 3064 4147 soleret,
3097 4096 3162 4134 ac
3194 4078 3252 4132 in
3283 4077 3602 4133 missarum

1949 4151 2420 4208 solemnitatibus
2459 4168 2526 4205 ea
2554 4151 2731 4206 verba
2780 4151 2964 4206 sacris
2993 4166 3063 4205 ex
3093 4151 3284 4221 adytis
3337 4166 3598 4221 pronun-

1949 4225 2116 4292 tiare,
2151 4224 2368 4294 quibus
2399 4223 2790 4294 adorandum
2839 4239 2941 4293 pro
2983 4220 3316 4294 patriarcha
3346 4220 3600 4294 populus

1950 4292 2376 4361 commouetur,
2402 4295 2448 4350 is
2481 4293 2610 4350 ideo
2641 4298 2697 4350 et
2719 4292 2998 4350 sacerdos
3013 4311 3142 4351 esse
3172 4299 3228 4348 et
3260 4292 3603 4364 patriarcha

1950 4367 2353 4438 concelebrare
2413 4367 2740 4432 tenebatur,
2793 4383 2857 4421 ac
2906 4365 3031 4438 ipse
3081 4361 3603 4438 ἱάοωαρωτοσύγ-

1948 4437 2148 4499 κελλος
2178 4439 2325 4519 erait
2355 4437 2414 4492 in
2446 4437 2656 4519 Magna
2686 4437 3091 4519 Ecclesia,_qui.
3111 4437 3460 4519 hujusmodi
3480 4452 3607 4490 mu-

1954 4529 2088 4575 nus,
2110 4509 2270 4564 velut
2298 4508 2712 4582 tsyncellorum
2763 4508 3234 4582 spectatissimus
3262 4508 3488 4582 _obiret,
3539 4523 3605 4563 ao

1951 4579 2370 4655 πατριαρχικὸςί
2405 4579 2705 4654 σύγκεΛλος
2751 4579 3045 4650 audiebat,
3087 4579 3309 4655 relictis
3358 4579 3416 4634 in
3466 4594 3601 4650 syn-

1950 4651 2230 4711 celloruui
2259 4653 2454 4721 turba,
2484 4651 2618 4708 cum
2654 4668 2866 4707 nomen
2898 4667 3213 4707 commune
3243 4651 3460 4706 factum
3493 4655 3602 4717 est,

1949 4725 2195 4788 caeteris,
2218 4726 2319 4796 qui
2369 4725 2612 4796 privatis
2642 4723 2701 4796 in
2732 4723 2992 4796 ecclesiis
3042 4723 3607 4796 idtexsequerentur

1951 4793 2421 4852 muneriszddo
2466 4800 2523 4850 et
2562 4793 2901 4868 spirituales
2933 4813 2966 4868 a
2995 4793 3477 4868 confessionibus
3499 4809 3605 4868 pa-

1948 4872 2068 4924 tres
2101 4869 2514 4938 imperatorem
2547 4862 2766 4937 uhique
2795 4866 3166 4938 comitantes,
3199 4881 3264 4919 ac
3295 4866 3355 4918 in
3389 4862 3603 4938 palatio

1951 4941 2149 5010 (cujus
2181 4935 2458 4994 intimum
2489 4944 2546 4994 et
2576 4935 2859 4994 secretius
2897 4937 3233 5010 cubiculum
3271 4935 3607 5010 vocabatur

1951 5006 2170 5066 κελλίον
2204 5027 2270 5065 ex
2301 5011 2542 5080 Codiuo)
2574 5014 3031 5077 commorantes,
3065 5013 3130 5062 ut
3174 5007 3284 5078 ipsi
3318 5006 3600 5080 concaua.

1951 5100 2100 5146 neos,
2134 5078 2531 5154 syncellorum
2577 5080 2968 5154 appellatione
3006 5083 3263 5154 ornatos.
3296 5078 3489 5133 Testis
3516 5081 3606 5154 est

1956 5147 2242 5209 Phranz'es
2267 5153 2509 5208 Joannis
2548 5147 2625 5207 ad'
2653 5147 2967 5208 concilium
3000 5150 3395 5206 Florentinum
3425 5147 3600 5219 proii-

1953 5225 2229 5282 ciscentis
2258 5224 2595 5280 describens
2628 5223 2992 5280 comitatum.
3017 5223 3263 5278 Aderant
3291 5222 3364 5289 ei,
3386 5219 3602 5291 inquit,

1952 5298 2256 5353 sacerdotes
2292 5297 2382 5351 sui
2410 5301 2465 5364 (a
2504 5295 2912 5368 patriarchicis
2943 5293 3177 5368 diversi)
3209 5296 3260 5368 et
3288 5291 3607 5368 spiritualis

1951 5377 2108 5440 pater
2136 5363 2451 5440 Gregorius,
2478 5363 2712 5436 magnus
2738 5367 3190 5440 ιιι-οιιιςῃησᾳιιιιεςΓ
3213 5367 3460 5440 Magnus
3486 5363 3605 5440 hic,

1955 5435 2018 5495 ut
2047 5457 2081 5495 a
2113 5438 2458 5510 patriarchae
2506 5435 2942 5510 protosytncello’
2975 5437 3090 5510 alio
3129 5436 3467 5510 distinctus.
3500 5435 3604 5510 H_i_s_

1955 5505 2380 5566 adde-inferius
2410 5505 2658 5581 legenda
2688 5505 2745 5580 p.
2776 5511 2903 5573 723,
2936 5526 3007 5564 ne
3039 5509 3333 5580 plerisque
3362 5505 3606 5581 syucelli

1953 5600 2058 5711 ἕως
2092 5583 2290 5652 ignota
2320 5582 2566 5638 dubium
2597 5583 2827 5655 ingerat
2849 5598 2916 5637 ex
2935 5581 3106 5636 dictis
3139 5597 3253 5636 non
3284 5581 3603 5637 evolutum.

2004 5671 2134 5710 om.

2004 5671 2134 5710 CAR.
