4036 6330
491 259 607 321 155

1831 257 2150 323 GEORGII
2195 257 2538 321 CEDRENI

3772 261 3894 323 156

490 390 736 448 dimisit.
760 391 995 448 Occulta
1033 395 1230 448 tamen
1257 393 1561 450 Saracenis
1598 392 1888 449 militibus
1919 407 2131 448 merce-

2249 410 2349 459 της
2428 389 2503 463 μὴ
2579 388 2856 464 περισχὼν
2941 387 3152 457 ἑαυτὸν,
3224 385 3559 462 περικαρδίῳ
3635 386 3695 444 δὶ
3750 391 3890 460 (tu:

488 480 675 535 nariis
698 496 757 535 re
774 481 1002 537 detecta
1033 498 1167 536 eum
1193 481 1510 538 interfecit:
1529 500 1663 537 nam
1683 481 1851 537 illum
1873 481 1933 536 hi
1952 487 2137 537 trans-

489 572 725 623 euntem
760 569 950 625 medio
982 570 1072 624 die
1100 570 1436 626 circumfusi
1462 570 1672 643 gladiis
1703 571 2101 626 conciderunt.

2250 477 2502 556 ληφθεὶς,
2565 478 2845 551 μυωπίσας
2896 476 3201 532 16v'i1r1tov
3261 476 3353 531 σὺν
3415 476 3691 554 ἀλογίστῳ
3750 479 3897 555 ῥύμῃ

2249 572 2365 628 τοῖς
2421 565 2685 628 ἐναντίοις
2740 567 3137 642 προσρήγνυται
3178 610 3190 622 .
3257 563 3437 637 Μηδὲν
3497 562 3553 620 δὲ
3612 567 3641 620 δ
3696 589 3745 622 τι
3807 568 3897 621 καὶ

494 654 666 729 λόγου
700 654 1131 731 διαπραξάμενος
1169 656 1340 729 ἄξιον,
1374 660 1561 713 πίπτει
1590 658 1806 734 καιρίαν
1835 658 2040 725 τυπεὶς,
2073 657 2163 711 καὶ
2191 656 2253 711 τὸ
2284 656 2417 734 ἀμφ’
2448 655 2604 710 αὐτὸν
2639 657 2774 710 ἅπαν
2810 655 2884 717 είς
2913 657 3005 717 τὰς
3035 654 3256 730 ἔγγιστα
3302 655 3471 717 νάπας
3528 656 3616 710 καὶ
3676 655 3902 732 λόχμας

493 742 861 816 διεσκεδάσθη,
899 746 1199 819 Διεμηνύθη
1234 745 1291 801 δὲ
1319 748 1441 802 τότε
1472 750 1555 802 καὶ
1594 750 1621 803 6
1652 754 1746 802 τοῦ
1780 745 1961 821 Βάρδα
1991 749 2373 821 ἑταιρειάρχης
2402 747 2475 807 ὡς
2509 745 2601 818 μὲ)
2617 744 2728 800 λων
2754 744 3080 819 αὐτομολεῖν
3111 750 3191 817 τῷ
3220 749 3315 799 τοῦ
3360 744 3624 821 βασιλέως
3655 751 3897 821 στρατῷ·

490 835 547 889 δν
576 833 1056 908 παραστησάμενος
1089 838 1115 890 6
1150 836 1399 912 Σκληρὸς
1430 837 1517 891 καὶ
1550 835 1980 911 προσονειδίσας,
2012 836 2102 889 καὶ
2138 831 2305 908 μηδὲν
2331 834 2496 889 πλέον
2532 838 2771 911 φανερῶς
2806 834 2883 895 είς
2926 833 3082 889 αὐτὸν
3117 831 3413 908 δεδρακὼς,
3438 834 3690 905 ἀπέλυσε,
3723 831 3903 908 λάθρα

492 921 547 979 δὲ
575 930 692 985 τοῖς
727 925 1081 1002 μισθοφόροις
1112 932 1452 1000 Σαρακηνοῖς
1488 930 1597 999 (38)
1635 926 1874 1000 μηνύσας
1910 923 2139 980 ἀνεῖλεν·
2176 924 2322 979 οὗτοι
2354 924 2457 1000 γάρ
2491 921 2693 978 διιόντα
2721 924 2813 978 τὸν
2841 923 3008 999 ἄνδρα
3039 922 3309 996 μεσούσης
3336 924 3542 998 ἡμέρας
3570 924 3900 998 περιχυθέν-

487 1033 572 1075 τες
598 1018 719 1075 ταῖς
756 1013 1053 1088 μαχαίραις
1084 1015 1407 1088 κατέκοψαν.

554 1108 835 1160 Caeterum
895 1108 1167 1162 ductores
1235 1108 1593 1179 imperatorii
1653 1108 1941 1164 exercitus
1999 1122 2133 1161 cum

471 1195 723 1266 jamjam
757 1197 1143 1250 adventurum
1180 1196 1426 1251 Bardam
1478 1201 1771 1269 putarent,
1804 1201 2137 1268 opportuna

478 1282 759 1338 itinerum
803 1289 1113 1355 occupant,
1148 1286 1607 1357 universumque
1637 1284 1956 1341 exercitum
2007 1302 2133 1339 mo-

477 1377 678 1428 ventes
710 1376 902 1426 castra
933 1374 981 1427 ei
1028 1380 1351 1445 opponunt,
1386 1376 1805 1447 praeoccupatis
1838 1374 2053 1447 quibus
2084 1373 2135 1428 ei

481 1462 833 1515 veniendum
864 1467 989 1517 erat
1009 1463 1341 1518 itineribus.
1368 1467 1489 1531 Quo
1514 1465 1765 1536 cognito,
1792 1464 1985 1519 Durus
2010 1478 2136 1533 pro-

480 1550 647 1621 gredi
680 1566 791 1603 non
827 1566 1028 1617 ausus,
1055 1553 1381 1607 cunctando
1425 1557 1661 1623 tempus
1692 1562 1882 1607 terens
1912 1552 2135 1605 exitum

479 1637 559 1693 rei
592 1637 1063 1710 praestolabatur.
1094 1641 1179 1695 Ad
1224 1656 1354 1696 eum
1400 1642 1713 1713 transfugit
1743 1643 1859 1696 dux
1890 1641 2133 1711 quidam

478 1727 791 1782 Sachacius
824 1729 1080 1799 nomine,
1113 1730 1495 1786 Brachamius
1529 1736 1893 1803 cogomento.
1920 1733 1975 1785 Is
1997 1746 2131 1785 eum
2162 1750 2210 1816 Β

479 1816 691 1872 excitat
728 1822 785 1871 et
834 1817 1176 1874 alacriorem
1210 1820 1423 1884 reddit,
1458 1820 1725 1875 hortatus
1775 1836 1848 1875 ne
1895 1824 2130 1890 tempus

479 1905 639 1961 nullo
683 1906 870 1961 fructu
920 1908 1196 1978 traheret,
1231 1909 1384 1978 quod
1417 1926 1485 1965 ea
1516 1926 1680 1964 mora
1728 1908 1819 1963 sui
1869 1912 2129 1964 contem-

479 1999 646 2066 ptum
697 1996 981 2067 gigneret.
1026 1998 1166 2067 Ejus
1214 1997 1526 2053 consilium
1584 1998 1776 2053 visum
1828 1998 2130 2068 tempesti-

478 2100 637 2151 vum,
674 2084 841 2156 isque
873 2086 990 2140 dux
1031 2085 1259 2142 itineris
1307 2087 1651 2158 designatus
1700 2091 1807 2142 est.
1840 2090 1910 2142 Et
1940 2091 2131 2142 Durus

482 2190 616 2229 cum
650 2176 906 2229 exercitu
951 2175 1130 2229 tridui
1179 2176 1369 2247 spatio
1422 2176 1700 2247 Laparam
1755 2176 2031 2247 pervenit.
2067 2176 2131 2233 Ei

480 2261 609 2317 loco
640 2264 711 2317 ob
744 2262 1161 2335 pinguedinem
1196 2269 1251 2319 et
1293 2265 1648 2320 fertilitatem
1690 2265 1796 2320 soli
1828 2265 1884 2319 id
1920 2281 2129 2320 nomen

482 2351 621 2417 fuit;
657 2368 811 2405 nunc
836 2352 1171 2424 Lycandum
1197 2359 1440 2409 vocant:
1468 2372 1603 2425 pars
1624 2359 1712 2410 est
1731 2354 2130 2426 Cappadociae.

479 2439 687 2494 Petrus
742 2457 809 2496 ea
857 2458 917 2497 re
967 2442 1218 2513 cognita,
1254 2459 1325 2498 ne
1368 2448 1809 2514 praeverteretur
1865 2460 1897 2499 a
1958 2448 2128 2509 Duro,

479 2534 766 2585 nocturno
819 2529 1021 2586 itinere
1069 2532 1271 2587 eodem
1322 2534 1497 2587 venit.
1539 2534 1679 2589 Cum
1729 2536 1927 2588 essent
1976 2534 2130 2589 423

480 2622 672 2673 castra
694 2619 903 2675 castris
929 2620 1574 2691 opposita,aliquandiu
1599 2626 1842 2691 uterque
1870 2627 2129 2692 apertam

483 2723 741 2780 pugnam
775 2709 1105 2764 detrectans
1134 2710 1435 2765 victoriam
1481 2714 1602 2765 arte
1634 2710 1908 2765 sutl'urari
1942 2711 2132 2766 inten-

485 2798 716 2851 derunt.
740 2796 957 2851 Callide
989 2803 1182 2853 tamen
1209 2799 1438 2853 Petrum
1463 2799 1681 2853 Bardas
1703 2799 2132 2855 elusit.Multas

483 2884 767 2941 instruxit
797 2902 1012 2958 ccenas,
1042 2886 1223 2942 veluti
1261 2888 1537 2943 exercitui
1579 2887 1818 2959 epulum
1851 2888 2127 2957 daturus;

482 2990 598 3047 quo
632 2975 781 3030 facto
831 2976 1187 3046 imperatorii
1220 2977 1463 3047 decepti,
1492 2993 1558 3032 eo
1589 2978 1681 3031 die
1728 2993 1984 3050 pugnam
2018 2977 2129 3032 ini-

477 3069 679 3119 turum
741 3064 983 3120 minime
1039 3065 1368 3137 opinantes,
1413 3067 1525 3136 ipsi
1579 3083 1811 3138 quoque
1868 3065 2130 3121 convivia

476 3154 798 3226 agitarunt.
822 3156 893 3208 At
915 3118 1124 3220 Durus,
1150 3154 1247 3226 qui
1274 3118 1413 3211 suos
1434 3118 1504 3211 ad
1534 3118 1788 3227 pdgnam
1811 3154 2124 3211 instruxis-

2243 3118 2335 3220 την
2380 3151 2534 3223 νίκην
2585 3118 2976 3227 δίηγωνίζοντδ
3010 3196 3023 3209 .

478 3246 587 3311 set,
611 3242 974 3313 deprehenso
998 3243 1137 3314 quid
1163 3244 1315 3315 apud
1342 3244 1540 3299 hostes
1562 3245 1743 3311 fieret,
1770 3245 1964 3300 subito
1986 3246 2127 3302 tuba

482 3331 651 3403 signo
678 3332 814 3387 dato
846 3332 1196 3402 prandentes
1228 3333 1492 3388 adoritur
1521 3333 1741 3389 hostes.
1770 3334 1874 3398 Qui
1907 3339 1962 3390 et
1992 3335 2125 3407 ipsi,

480 3420 784 3491 inopinata
813 3438 874 3475 re
906 3438 1018 3476 non
1052 3422 1364 3491 perterriti,
1392 3422 1693 3492 correptis,
1728 3428 1787 3477 ut
1821 3424 2031 3494 cuique
2062 3441 2129 3478 ea

483 3510 602 3565 fors
624 3508 919 3581 offerebat,
940 3510 1140 3576 armis,
1165 3510 1386 3565 fortiter
1406 3510 1832 3583 aliquantisper
1847 3528 2128 3584 repugna-

481 3603 620 3653 runt
648 3614 660 3653 :
686 3598 787 3653 sed
818 3598 917 3653 ubi
948 3599 1175 3655 Phocus
1196 3602 1443 3655 extentis
1464 3601 1741 3657 cornibus
1765 3618 1863 3657 eos
1885 3602 2129 3658 circum-

478 3688 677 3743 venire
708 3689 901 3759 caepit,
924 3688 1007 3743 ita
1029 3693 1094 3744 ut
1126 3690 1182 3744 in
1216 3689 1475 3761 periculo
1507 3695 1705 3746 essent
1734 3708 1806 3746 ne
1838 3692 1908 3747 ab
1942 3692 2128 3747 hosti-

475 3776 589 3831 bus
613 3776 1062 3834 concluderentu
1074 3797 1119 3847 r,
1144 3795 1276 3834 cum
1298 3780 1474 3835 etiam
1500 3796 1532 3835 a
1554 3784 1716 3853 tergo
1739 3782 2129 3838 mercenarios

482 3865 857 3932 immitteret,
910 3883 1123 3935 magna
1172 3884 1412 3921 suorum
1464 3868 1617 3922 caede
1667 3870 1817 3925 facta
1866 3870 2018 3941 fuga:
2068 3886 2130 3925 se

482 3954 643 4008 dant.
687 3954 921 4009 Primus
970 3954 1233 4011 omnium
1295 3956 1500 4027 pedem
1560 3956 1761 4012 retulit
1813 3958 2130 4013 Antiochia:

485 4043 605 4097 dux
638 4047 868 4108 Burtza,
900 4044 1020 4098 sive
1054 4060 1171 4115 prae
1202 4048 1361 4099 metu
1395 4045 1515 4099 sive
1547 4045 1785 4102 fraude:
1814 4052 2132 4118 utrumque

486 4131 642 4187 enim
668 4133 870 4187 fertur.
900 4133 1118 4187 Castris
1140 4134 1313 4188 etiam
1339 4132 1893 4206 impedimentisque
1914 4137 2133 4206 potitus

486 4219 677 4274 Barda
708 4219 1031 4275 immensas
1058 4225 1148 4275 est
1186 4220 1266 4274 ibi
1300 4229 1648 4278 consecutus
1700 4240 1858 4294 opes.
1892 4225 2029 4280 Inde
2061 4226 2132 4280 ad

484 4308 883 4363 Tzamandum
907 4310 1073 4379 (urbs
1099 4314 1186 4365 est
1207 4310 1575 4365 Tzamandus
1607 4312 1722 4367 sita
1751 4313 1808 4367 in
1842 4320 2135 4386 prwrupto

483 4412 644 4461 saxo,
698 4396 1005 4451 hominum
1059 4397 1511 4469 divitiarumque
1562 4400 1894 4471 abundans)
1928 4404 2133 4475 pergit,

2316 1104 2382 1160 Οἱ
2428 1100 2485 1157 δὲ
2530 1107 2637 1157 τῶν
2702 1101 2999 1178 βασιλικῶν
3058 1104 3423 1178 κατάρχοντες
3480 1103 3898 1178 στρατευμάτων

2242 1194 2340 1261 τὴν
2398 1197 2494 1247 τοῦ
2528 1191 2784 1264 Σκληροῦ
2816 1192 2943 1246 ὅσον
2976 1188 3191 1247 οὐδὲπω
3224 1189 3499 1246 ἐπέλευσιν
3542 1188 3896 1265 προσδοκῶν-

2242 1302 2349 1349 τες,
2396 1281 2463 1336 τᾶ
2517 1281 2699 1356 καίρια
2750 1288 2850 1350 τῆς
2906 1278 3035 1335 ὁδοῦ
3090 1280 3332 1356 κρίνουσι
3400 1275 3837 1353 προκαταλαϐεῖν
3876 1327 3892 1350 ,

2241 1370 2331 1425 καὶ
2382 1369 2603 1446 ἄραντες
2659 1372 2811 1424 παντὶ
2868 1375 2947 1442 τῷ
3008 1369 3367 1445 στρατεύματι
3425 1365 3893 1443 στρατοπεδεύουο

2244 1482 2324 1514 σιν
2368 1460 2682 1521 ἀπεναντίας
2742 1458 2949 1531 ἐκείνῳ,
3007 1453 3513 1535 προκαταλαϐόντες
3569 1456 3630 1519 ἃς
3687 1455 3894 1528 ἔμελλε

2244 1547 2505 1603 διοδεύειν
2539 1546 2719 1609 ὁδούς,
2753 1550 2925 1623 ’Ὸπερ
2969 1549 3152 1620 μαθὼν
3190 1549 3217 1602 6
3270 1548 3522 1622 Σκληρὸς
3566 1547 3773 1621 νωθρὸς
3830 1550 3898 1614 ἦν

2242 1637 2332 1692 καὶ
2365 1634 2524 1692 ὤκνει
2555 1639 2653 1707 τὴν
2715 1637 2789 1699 εἷς
2844 1638 2904 1691 τὸ
2953 1638 3142 1710 πρόσω
3200 1637 3445 1711 πορείαν,
3504 1633 3773 1708 μελλήσει
3833 1633 3893 1689 δὲ

2242 1722 2444 1803 τρίϐων
2494 1728 2583 1781 τὸν
2648 1728 2846 1802 χρόνον
2880 1724 3194 1801 ἐκαραδόκει
3233 1727 3295 1781 τὸ
3353 1724 3581 1798 μέλλον.
3614 1725 3893 1799 Ἀνερεθί-

2244 1822 2317 1886 ζει
2353 1814 2409 1870 δε
2438 1820 2628 1871 τοῦτον
2687 1816 2774 1870 καὶ
2832 1815 3240 1891 προθυμότερον
3298 1812 3674 1869 ἀποδείκνυσιν
3736 1814 3897 1868 αὐτό-

2245 1904 2419 1979 μολός
2474 1928 2557 1970 τις
2613 1904 2787 1970 ἐλθὼν
2850 1907 3149 1981 στρατηγὸς
3186 1952 3201 1974 ,
3270 1907 3546 1980 Σαχάκιος
3619 1902 3890 1975 τοῦνομα,

2241 1997 2559 2070 Βραχάμιος
2644 1996 2743 2063 τήν
2828 1994 3237 2071 προσηγορίαν’
3342 1996 3696 2069 παρηγγύησε
3780 1996 3889 2069 γὰρ

2241 2083 2411 2149 ἐλθὼν
2475 2086 2551 2157 μὴ
2610 2082 2899 2154 τηναλλως
2956 2079 3157 2159 τρίϐειν
3216 2085 3308 2139 τὸν
3352 2083 3576 2158 χρόνονο
3609 2083 3890 2161 καταφρό-

2241 2195 2393 2243 νησιν
2446 2174 2549 2248 γὰρ
2626 2170 2806 2248 ἔλεγεν
2880 2174 3128 2245 ἐμποιεῖν
3182 2173 3281 2241 τήν
3334 2167 3554 2248 τρίϐην.
3605 2172 3770 2242 Δόξας
3833 2170 3894 2226 δὲ

2242 2259 2415 2337 λέγειν
2480 2259 2701 2337 εὔκαιρα
2731 2262 2957 2336 ἡγεμὼν
2986 2260 3076 2316 καὶ
3127 2258 3324 2336 ὁδηγὸς
3355 2257 3733 2315 ἀποδείκνυται
3796 2268 3896 2329 τῆς

2242 2348 2392 2407 ὁδοῦ.
2464 2351 2565 2407 Καὶ
2625 2352 2653 2405 6
2714 2350 2808 2423 μὲν
2866 2353 3073 2425 ἡγεῖτο,
3134 2350 3289 2411 οὗτος
3347 2348 3403 2405 δὲ
3434 2348 3634 2406 εἵπετο.
3669 2349 3768 2404 Καὶ
3803 2347 3895 2404 διὰ

2238 2445 2404 2515 τριῶν
2462 2443 2686 2513 ἡμερῶν
2757 2435 3162 2513 καταλαμϐάνει
3236 2440 3336 2507 τὴν
3408 2438 3662 2513 Λάπαραν
3746 2441 3888 2512 (39)°

2238 2530 2407 2593 τόπος
2464 2528 2520 2585 δὲ
2580 2531 2735 2592 οὗτος
2794 2532 2956 2603 μέρος
3006 2536 3105 2599 τῆς
3155 2526 3545 2591 Καππαδοκίας
3581 2572 3594 2597 ,
3668 2530 3733 2583 τὸ
3799 2534 3895 2582 νῦν

2241 2617 2534 2694 λεγόμενον
2594 2618 2890 2689 Λυκανδὸν,
2954 2617 3039 2674 διὰ
3092 2619 3155 2673 τὸ
3214 2617 3443 2692 λιπαρὸν
3476 2618 3563 2673 καὶ
3596 2616 3891 2695 πάμφορον

2241 2707 2383 2763 οὕτω
2441 2708 2882 2782 κατονομασθείς.
2936 2711 3112 2764 Τοῦτο
3167 2708 3353 2780 μαθὼν
3386 2710 3414 2762 6
3475 2705 3887 2783 στρατοπεδάρ-

2240 2816 2374 2871 χης,
2432 2797 2763 2872 νυκτοπορίᾳ
2788 2796 3133 2871 χρησάμενος
3186 2794 3290 2851 δέει
3346 2796 3443 2851 τοῦ
3495 2797 3570 2869 μὴ
3619 2796 3889 2870 ἀντιπαρ-

2240 2884 2415 2950 ελθεῖν
2474 2886 2566 2941 τὸν
2630 2883 2903 2961 Σκληρὸν,
2963 2882 3526 2959 ἀναστρατοπεδεύειν
3582 2889 3699 2947 τοῖς
3731 2884 3892 2940 ἐναν-

2235 2974 2393 3036 τίοις.
2424 2975 2521 3029 Καὶ
2556 2973 2721 3050 μέχρι
2758 2976 2851 3047 μέν
2882 2994 3030 3036 τινος
3083 2971 3387 3041 ἀνεδύοντο,
3445 2972 3533 3028 καὶ
3582 2973 3885 3048 παρεῖλκον

2236 3064 2334 3132 τήν
2394 3063 2468 3125 εἰς
2517 3063 2824 3140 τούμφανὶς
2876 3061 3224 3136 συμπλοκὴν,
3259 3064 3489 3136 [Ρ.688]
3539 3061 3629 3117 καὶ
3682 3060 3890 3136 κλέψαι

3096 3153 3519 3227 Κατεστρατήγη
3529 3171 3583 3205 σε
3640 3148 3697 3205 δὲ
3750 3150 3889 3214 τοὺς

2236 3240 2508 3305 ἐναντίους
2563 3242 2590 3295 6
2639 3238 2872 3315 Βάρδας,
2921 3238 3112 3295 δεῖπνα
3167 3238 3353 3295 πολλᾶ
3407 3238 3887 3314 παρασκευασάμε-

2234 3352 2325 3393 νος
2358 3331 2431 3392 ὡς
2459 3332 2602 3406 τάχα
2630 3330 2720 3385 τὸν
2755 3331 2951 3385 οἰκεῖον
3010 3328 3265 3385 ἐστιάσων
3318 3330 3564 3403 στρατὸν,
3614 3328 3703 3384 καὶ
3735 3327 3886 3384 οὕτω

2234 3420 2361 3483 τοὺς
2407 3418 2709 3492 πολεμίους
2758 3417 3111 3490 ἐξαπατήσας,
3168 3413 3561 3479 Ὑπολαϐόντες
3612 3420 3715 3493 γὰρ
3765 3420 3889 3473 κατ’

2238 3507 2444 3580 ἐκείνην
2483 3510 2581 3577 τήν
2632 3506 2839 3583 ἡμέραν
2892 3510 2966 3581 μὴ
3014 3508 3372 3583 κατάρξασθαι
3436 3506 3643 3583 μάχης,
3696 3507 3885 3576 αὐτὸν,

2238 3602 2326 3653 καὶ
2387 3598 2541 3653 αὐτοὶ
2601 3597 2737 3671 πρὸς
2797 3596 3029 3672 εὐωχίαν
3082 3595 3394 3671 ἐτράποντο’
3452 3597 3479 3650 6
3538 3594 3593 3650 δὲ
3626 3595 3887 3671 Σκληρὸς

2240 3689 2313 3748 ὡς
2372 3683 2509 3763 ἔγνω
2562 3691 2722 3741 τοῦτο
2762 3686 2904 3761 (εἶχε
2943 3687 3046 3762 γὰρ
3106 3690 3193 3739 καί
3250 3686 3385 3760 πρὸς
3436 3684 3679 3757 πόλεμον
3740 3705 3891 3760 παρ-

2240 3777 2601 3847 εσκευασμένα
2659 3774 2724 3829 τά
2799 3774 3234 3850 στρατεύματα),
3302 3770 3567 3851 αἰφνίδιον
3620 3778 3689 3837 τῆ
3747 3774 3892 3829 σάλ-

2240 3886 2392 3941 πιγγι
2426 3866 2675 3937 σημήνας
2702 3865 2764 3919 τὸ
2795 3863 3041 3919 ἐνυάλιον
3102 3862 3357 3936 ἐμπίπτει
3415 3868 3531 3924 τοῖς
3588 3862 3892 3936 πολεμίοις

2242 3954 2805 4029 ἀριστοποιουμένοις.
2863 3954 2929 4011 Οἱ
2991 3950 3068 4022 δὲ,
3129 3954 3205 4016 ὡς
3268 3949 3455 4028 ἔτυχεν
3504 3949 3746 4022 ἕκαστος,
3825 3953 3893 4007 16

2240 4044 2554 4119 παρατυχὸν
2626 4038 3100 4115 ἀναλαμϐάνοντες
3159 4040 3329 4096 ὅπλον
3383 4041 3510 4103 τοὺς
3570 4041 3900 4113 προσιόντας

2244 4132 2519 4209 ἐδέχοντο,
2574 4134 2649 4205 μὴ
2703 4136 2781 4204 τῷ
2832 4129 3081 4210 αἰφνιδίῳ
3132 4129 3585 4205 καταπλαγέντες.
3637 4129 3743 4186 Καὶ
3803 4129 3897 4184 ἐπὶ

2244 4222 2443 4297 χρόνον
2491 4220 2585 4293 μὲν
2635 4242 2756 4275 τινα
2802 4221 3089 4295 εὐρώστως
3130 4218 3444 4291 ἠμύνοντο⁶
3496 4220 3607 4274 εἶτα
3658 4220 3894 4292 ὑπερκε-

2247 4310 2437 4389 ρώσεις
2470 4310 2837 4382 ποιησάμενος
2868 4310 2895 4363 6
2930 4305 3133 4383 Βάρδας
3163 4308 3251 4362 καὶ
3298 4306 3447 4363 ἔνδον
3507 4305 3616 4378 ἤδη
3664 4328 3900 4363 συναπο-

2246 4395 2546 4473 λαμϐάνειν
2601 4398 2728 4461 τοὺς
2788 4396 3094 4469 πολεμίους
3150 4391 3360 4474 φοϐῶν,
3410 4395 3630 4475 ἐπαφεὶς
3687 4394 3745 4451 δὶ
3802 4397 3901 4451 καὶ

486 4501 737 4557 eamque
782 4487 1078 4542 deditione
1126 4487 1301 4558 capit,
1334 4494 1391 4543 et
1438 4488 1594 4544 haud
1643 4507 1851 4561 parvas
1900 4492 2131 4548 divitias

2243 4490 2379 4544 κατὰ
2431 4494 2573 4543 νῶτα
2623 4486 2752 4549 τοὺς
2814 4485 3198 4563 μισθοφόρους,
3256 4486 3441 4561 τρὲπει
3499 4506 3559 4541 τε
3607 4484 3682 4546 εἰς
3715 4486 3899 4562 φυγὴν

483 4573 729 4646 colligit.
755 4575 883 4631 Haec
915 4576 1044 4646 ejus
1064 4576 1309 4632 victoria
1341 4577 1557 4633 multos
1588 4577 1925 4649 imperatori
1961 4581 2135 4636 fidem

485 4669 787 4721 servantes
806 4664 1122 4733 concussit,
1136 4672 1320 4736 utque
1337 4667 1406 4721 ad
1424 4666 1645 4722 Durum
1670 4669 1994 4725 transirent
2009 4671 2140 4725 etl‘e-

484 4754 585 4821 cit,
610 4770 858 4826 quorum
896 4754 1165 4826 princeps
1201 4755 1310 4810 fuit
1342 4760 1570 4823 Burtza,
1604 4761 1729 4812 tum
1762 4759 2137 4815 Andronicus

484 4842 770 4915 patricius
794 4843 950 4899 424
973 4860 1038 4899 ac
1062 4845 1201 4907 dux,
1220 4845 1563 4916 cognomine
1586 4846 1954 4918 Lydus,cum
1977 4848 2137 4905 filiis.

485 4931 851 4987 Attaleenses
867 4948 1101 5003 quoque
1120 4932 1470 4988 Michaelum
1492 4934 1571 4989 Cu
1582 4935 1785 4990 rticam
1804 4935 2013 4991 classis
2034 4937 2139 4992 im-

484 5022 785 5093 peratoriae
808 5022 1142 5093 prafectum
1169 5022 1225 5077 in
1244 5022 1479 5078 vincula
1500 5025 1966 5095 conjecerunt,et
1982 5025 2139 5081 Duro

484 5124 617 5164 cum
641 5109 911 5165 universa
934 5110 1121 5165 classe
1144 5116 1539 5177 accesserunt,
1557 5112 1832 5183 jussique
1864 5117 2004 5169 sunt
2037 5113 2139 5170 illo

484 5196 611 5269 ipso
644 5198 790 5255 duce
822 5203 1026 5254 contra
1055 5198 1439 5272 Cibyrraeotas
1471 5200 1688 5256 bellum
1720 5216 1935 5273 gerere.

2244 4576 2333 4633 καί
2388 4576 2563 4633 πολὺν
2618 4575 2892 4652 ἐργάζεται
2924 4574 3136 4651 φόνον,
3174 4578 3272 4629 τοῦ
3324 4572 3518 4638 δουκὸς
3546 4574 3903 4649 Ἀντιοχείας

2243 4671 2341 4722 τοῦ
2399 4666 2643 4740 Βούρτζη
2676 4669 2891 4737 πρῶτον
2950 4662 3318 4733 ἐκκλίναντος,
3380 4661 3487 4718 εἷ’τε
3546 4660 3635 4718 διὰ
3683 4660 3899 4717 δειλίαν

2247 4753 2353 4811 εἶ’τε
2411 4754 2499 4809 διὰ
2556 4752 2898 4827 κακουργίανο
2954 4750 3169 4826 ἐλέγετο
3223 4751 3326 4827 γὰρ
3390 4751 3688 4831 ἂμφὸτερα.
3748 4757 3905 4807 Κατ-

2248 4846 2377 4920 ἑσχε
2435 4842 2492 4899 δὲ
2549 4843 2636 4898 καὶ
2668 4843 2730 4897 τὸ
2787 4838 3146 4917 στρατόπεδον
3177 4842 3312 4896 ἅπαν
3346 4840 3437 4896 σὺν
3492 4845 3562 4915 τῇ
3593 4840 3903 4915 ἀποσκευῇ,

2248 4933 2337 4990 καὶ
2384 4932 2626 4989 πλοῦτον
2672 4930 2911 4994 ἐντεῦθεν
2964 4924 3322 5001 περιεϐάλετο
3350 4927 3592 5006 ἄπειρον.
3658 4931 3906 4994 Ἐκεῖθεν

2248 5024 2395 5085 αὖθις
2436 5022 2522 5077 ἐπὶ
2579 5021 2640 5075 τὸ
2697 5016 2991 5096 λεγόμενον
3052 5014 3273 5094 ἔρχεται
3323 5015 3661 5092 Τζαμανδόν.
3724 5016 3910 5079 Πόλις

2250 5110 2307 5167 δὲ
2350 5114 2385 5181 ἡ
2432 5108 2746 5183 Τζαμανδὸς
2784 5107 2835 5163 ἐν
2892 5108 3233 5182 ἀποκρήμνῳ
3280 5106 3450 5182 πὲτρᾳ
3496 5104 3745 5179 κειμένη,
3794 5126 3904 5160 πο-

2249 5198 2607 5275 λυάνθρωπος
2655 5198 2744 5253 καὶ
2790 5193 3017 5269 πλούτῳ
3066 5191 3429 5271 περιϐριθής.
3487 5198 3717 5254 ’Ήντινα
3768 5197 3912 5271 παρ’

1676 5299 2049 5357 XYLANDRI
2088 5302 2180 5358 ET
2219 5300 2436 5359 GOARI
2474 5300 2709 5356 NOTAE.

557 5386 672 5464 {38)
706 5387 847 5442 Pace
877 5404 1010 5464 cum
1042 5386 1158 5464 illis
1190 5389 1511 5460 composita
1555 5389 1709 5464 inter
1753 5388 2036 5464 ἑταιρείας,
2070 5392 2139 5448 de

487 5458 939 5532 quibusauctor
968 5459 1229 5532 loquitur
1258 5458 1671 5532 ain—numeratis.
1704 5458 1883 5518 Gom.

560 5529 671 5595 (39)
702 5530 795 5607 Sic
828 5536 1025 5607 noster
1047 5529 1233 5607 codex
1276 5531 1453 5588 habet
1482 5534 1807 5607 perspicue.
1834 5533 1995 5607 Apud
2026 5538 2131 5607 Zo~

486 5616 689 5657 narum
730 5602 929 5673 Lipara
971 5603 1207 5675 legitur,
1237 5620 1361 5674 quae
1392 5602 1499 5660 voi
1532 5602 1713 5662 multo
1760 5611 1849 5663 est
1878 5602 2131 5663 'concin-

2251 5392 2400 5457 nior,
2434 5396 2494 5445 et
2531 5406 2665 5471 cum
2693 5391 2908 5471 ,οβ’ωο
2928 5389 2996 5471 et
3027 5400 3160 5471 cum
3210 5384 3417 5471 lingua
3458 5385 3662 5471 ‘Grieca
3711 5385 3917 5471 magis

2245 5454 2546 5519 consonat.
2584 5460 2705 5515 Nisi
2748 5454 2894 5529 forte
2924 5454 3603 5529 Cappadoces'dicebant
3635 5454 3916 5529 λαπαρόν,

2244 5535 2398 5604 quod
2432 5533 2528 5589 alii
2551 5527 3022 5604 Οιιεεοῖλιπαρρνζ
3048 5527 3161 5604 Sed
3193 5529 3600 5604 etiLicandum
3633 5544 3735 5601 per
3765 5527 3917 5583 ὶῶτα

2243 5598 2523 5663 scribitur
2553 5604 2655 5674 ibi,
2690 5603 2783 5659 hic
2814 5598 2916 5676 per
2941 5598 2972 5654 ὖ
3002 5598 3188 5675 ψιλόν.
3223 5603 3369 5656 Χγι.
