4036 6330
1352 375 1898 441 HISTORIARUM
1943 377 2490 448 COMPENDIUM.

201 383 321 445 157
1352 383 1845 441 ΗΙΒΤΟΗΙΑΒΠ]

1959 383 2490 448 ΞΟΜΡΕΝΒΙΗΜ.
3507 391 3624 454 158

200 513 435 570 ἐχόντων
469 507 655 569 λαϐὼν
688 515 796 566 τῶν
821 509 1083 598 ἐντοπίων
1116 507 1356 566 πλοῦτον
1388 506 1664 598 συνέλεξεν
1699 508 1800 563 ούκ
1829 507 2037 586 ὀλίγον.
2065 510 2216 584 Αὕτη
2249 515 2283 583 ἡ
2314 516 2440 585 νίκη
2474 515 2722 582 πολλοὺς
2752 525 2860 576 τῶν
2890 525 2970 595 τῷ
3018 521 3234 598 βασιλεῖ
3279 522 3620 598 προπειμὲ-

199 627 309 659 νων
341 605 618 658 κατέσεισε
649 599 740 656 καὶ
768 597 1146 688 αύτομολῆσαι
1186 599 1324 688 πρὸς
1342 597 1434 652 τὸν
1465 595 1718 688 Σκληρρν
1750 599 2065 674 ἠνάγκασενο
2101 601 2131 655 6'
2159 623 2218 656 τε
2247 604 2350 679 γὰρ
2383 606 2662 682 Βούρτζης
2694 614 2911 686 πρῶτος
2943 595 3246 684 αὐξομολεῖ
3271 595 3351 684 τῷ
3380 595 3621 688 Σκλῇρῷ

199 695 290 749 καὶ
323 695 353 748 6
383 691 668 767 πατρίκιος
694 687 1044 762 Ἀνδρόνικος
1075 689 1167 744 καὶ
1201 685 1325 758 δοὺξ
1357 688 1384 742 ὁ
1417 684 1589 749 Λυδὸς
1621 686 1713 741 σὺν
1749 693 1865 751 τοῖς
1901 689 2057 744 υἱέσι·
2094 693 2190 746 Καὶ
2225 693 2501 758 Ἀτταλεῖς
2538 699 2649 771 (40)
2682 684 2852 772 δεσμά
2896 700 3193 776 περιθέντες
3234 705 3312 772 τῷ
3361 684 3623 776 ναυάρχῳ

200 789 301 839 τοῦ
339 781 608 860 βασιλέως
637 785 717 852 τῷ
749 778 1018 853 Κουρτίκῃ
1052 776 1289 854 Μιχαὴλ
1314 781 1704 852 προσχωροῦσι
1740 779 1874 850 μετὰ
1901 781 2103 842 παντὸς
2133 779 2230 836 τοῦ
2264 785 2484 854 στόλου,
2518 795 2836 863 στρατηγεῖν
2868 792 3014 867 παρὰ
3040 795 3136 845 τοῦ
3169 787 3426 866 Σκληροῦ
3443 811 3650 867 πεμφσ.

197 873 345 928 Θέντι
383 877 491 926 τῶν
524 865 946 946 Κιϐυρῤαιωτῶν
982 871 1117 942 (41).

274 963 372 1015 Ὧν
429 957 796 1035 ἀγγελθέντων
827 961 906 1029 τῷ
952 955 1170 1032 βασιλεῖ
1215 956 1301 1010 καὶ
1360 958 1440 1026 τῷ
1496 974 1845 1029 παρακοιμω·

2041 959 2144 1016 His
2187 962 2524 1032 imperatori
2572 970 2629 1020 et
2674 967 3032 1024 cubiculario
3084 968 3391 1039 nuntiatis,
3422 968 3622 1024 habito

204 1048 373 1122 μένῳ,
439 1047 648 1123 βουλῆς
723 1045 1077 1119 προτεθείσης
1139 1039 1286 1117 ἔδοξε
1341 1049 1448 1098 τῶν
1503 1049 1582 1116 τῷ
1645 1044 1860 1120 βασιλεῖ

197 1136 565 1210 ᾠκειωμένων
634 1137 756 1191 τινὰ
822 1133 1165 1208 ἰσοτύραννον
1217 1132 1488 1210 εἴληφότα
1536 1133 1712 1208 ἀρχὴν
1769 1133 1858 1188 καὶ

200 1227 508 1296 ἀνεύθυνον,
568 1225 655 1280 καὶ
705 1224 947 1297 ἐξουσίαν
999 1217 1196 1298 ἔχοντα
1239 1228 1428 1295 τιμαῖς
1475 1243 1535 1276 τε
1583 1217 1858 1297 προϐιϐά-

195 1321 304 1386 ζειν
372 1315 466 1370 καὶ
528 1312 726 1388 δώροις
772 1309 1222 1381 καταπλουτίζειν
1278 1311 1407 1372 τοὺς
1461 1315 1856 1386 προσχωροῦν-

185 1427 314 1473 τας,
345 1407 599 1480 χωρῆσαι
645 1402 782 1456 κατᾶ
827 1405 924 1456 τοῦ
970 1402 1253 1476 τυράννου.
1304 1401 1526 1475 Ἢρεσεν
1567 1401 1602 1468 ἡ
1635 1401 1854 1473 γνώμη,

184 1495 282 1550 καὶ
349 1495 624 1566 πέμπεται
675 1492 825 1546 Λέων
876 1491 904 1544 6
959 1494 1057 1544 τοῦ
1122 1489 1394 1564 βασιλέως
1451 1484 1856 1564 πρωτοϐεστιά-

189 1604 334 1658 ριος,
399 1577 718 1655 σύμϐουλον
773 1580 1018 1657 εἷ’Ληφὼς
1064 1579 1155 1634 καὶ
1207 1578 1462 1648 Ἰωάννην
1496 1578 1616 1632 τινὰ
1663 1579 1855 1652 πατρί-

187 1693 337 1745 κιον,
385 1668 558 1744 ἄνδρα
608 1669 878 1743 ἐπίσημον
927 1669 1017 1723 καὶ
1067 1668 1155 1723 ἐπὶ
1200 1666 1380 1742 λόγων
1426 1661 1527 1737 ἔξει
1582 1662 1853 1742 βεϐοημέ-

189 1783 306 1831 νον,
391 1759 631 1832 ἐξουσίαν
713 1759 773 1814 ἐκ
848 1757 1115 1834 βασιλέως
1181 1754 1465 1829 δεξάμενος
1518 1758 1628 1829 (42)
1681 1755 1855 1811 πάντα

189 1848 535 1911 ἀδιστάκτως
577 1853 753 1903 ποιεῖν
813 1845 912 1902 ὅσα
965 1844 1132 1917 ἔξεστι
1194 1844 1428 1921 βασιλεῖ.
1463 1841 1726 1914 Ἐξελοὼν
1760 1844 1851 1898 οὖν

189 1940 453 1994 animi
493 1938 557 1993 τὸ
614 1945 714 2007 τῆς
769 1935 1008 2012 Φρυγίας
1065 1934 1354 2011 γενόμενος
1411 1934 1702 1989 Κοτυάειον
1763 1934 1851 1988 καὶ

187 2033 266 2099 τῷ
321 2024 782 2103 στρατοπεδάρχῃ
849 2025 1068 2088 ἐνωοεὶς
1137 2026 1320 2100 Πέτρῳ
1371 2023 1543 2078 ἐκεῖσε
1595 2023 1694 2091 τὴν
1749 2043 1852 2077 πα-

188 2113 478 2191 ρεμϐολὴν
559 2115 828 2187 ἐπήξατο,
915 2112 1401 2186 κατεαηνωμένου
1483 2117 1581 2167 τοῦ
1669 2108 1852 2186 Βάρδα

184 2205 558 2281 τυγχάνοντος
621 2204 672 2259 ἐν
729 2208 810 2276 τῷ
839 2204 1138 2275 Διποτάμῳ
1167 2204 1302 2274 (43)⁶
1334 2200 1542 2278 χωρίον
1592 2197 1650 2255 δὲ
1703 2201 1850 2274 βασι-

185 2293 339 2349 λικὸν
375 2296 441 2349 τὸ
491 2293 828 2367 Διπόταμον,
881 2295 909 2348 δ
955 2293 1273 2348 Μεσάνακτα
1301 2289 1764 2363 κατονομάζουσιν
1797 2290 1848 2343 οἱ
1879 2335 1926 2402 Β

187 2383 201 2402 l
311 2385 322 2400 Ι
529 2386 590 2402 rh
690 2383 817 2402 nM1
879 2389 891 2402 ι
926 2381 973 2402 ΙΛ
1125 2379 1153 2398 Ὗ
1252 2380 1266 2402 ε
1332 2401 1339 2402 ,
1390 2380 1449 2402 --Ι
1472 2400 1511 2402 ,4
1532 2401 1565 2402 κν
1630 2376 1673 2402 ΩΑ
1718 2381 1845 2402 --f'._.

184 2383 480 2459 ἐγχώριοι.
529 2386 625 2457 [Ρ.
688 2383 817 2454 689]
863 2381 1045 2458 Λάθρα
1095 2379 1190 2436 οὖν
1247 2380 1571 2456 ὑποσχέσεσι
1628 2376 1846 2454 δωρεῶν

185 2473 272 2529 καὶ
347 2477 535 2545 τιμῶν
605 2467 1011 2548 προϐιϐασμοῖς
1071 2469 1320 2546 ἐπειρᾶτο
1393 2467 1661 2542 διασύρειν
1718 2466 1846 2529 τοὺς

191 2563 502 2624 ἀποστάτας
566 2561 657 2616 καὶ
712 2561 846 2636 πρὸς
910 2561 1092 2616 ἑαυτὸν
1152 2558 1474 2614 ἐπισπᾶσθαι
1526 2558 1614 2612 καὶ
1666 2554 1849 2618 εὔνους

189 2654 395 2716 τιθέναι
455 2656 540 2724 τῷ
569 2649 805 2727 βασιλεῖ,
839 2647 1093 2713 ἰλάνθανε
1141 2646 1198 2704 δὲ
1244 2646 1456 2720 μᾶλλον
1513 2646 1847 2724 ἐπιρῥωννὺς

188 2741 246 2795 τὸ
291 2739 644 2813 ἀντίπαλον,
724 2739 994 2803 ἀσθενείας
1050 2744 1278 2811 σημεῖον
1339 2736 1693 2812 λογιζόμενον
1749 2739 1848 2806 τὴν

189 2829 587 2904 παράκλησιν.
661 2831 820 2892 Ὅθεν
895 2828 984 2883 καὶ
1039 2825 1308 2902 ἀπογνοὺς
1341 2871 1356 2896 ,
1433 2824 1564 2901 ἄρας
1623 2825 1684 2882 ἐκ
1739 2829 1846 2884 Κο-

188 2919 404 2974 τυαείου
453 2920 546 2974 καὶ
576 2920 671 2974 τὸν
723 2917 974 2994 Σκληρὸν
1031 2917 1222 2978 νυκτὸς
1277 2914 1586 2990 παρελάσας
1643 2915 1843 2991 ἐχώρει

188 3010 321 3083 πρὸς
353 3009 457 3076 τὴν
491 3005 784 3078 ἀνατολήν.
817 3011 985 3062 Τοῦτο
1033 3007 1096 3062 τὸ
1145 3001 1297 3081 ἔργον
1358 3003 1478 3060 λίαν
1536 3004 1662 3068 τοὺς
1721 3003 1845 3080 περὶ

196 3099 285 3152 τὸν
342 3097 605 3172 Σκληρὸν
631 3094 982 3170 ἐδειμάτωσε,
1015 3093 1258 3159 δεδιότας
1286 3096 1352 3149 ού
1392 3095 1515 3169 περὶ
1543 3093 1847 3170 χρημάτων

187 3188 272 3242 καὶ
321 3187 628 3259 κτημάτων
683 3185 871 3259 μόνον,
917 3184 1062 3241 ἀλλὰ
1118 3184 1205 3240 καὶ
1262 3183 1386 3259 περὶ
1443 3188 1548 3238 τῶν
1579 3181 1845 3258 τιμιωτά-

188 3297 294 3332 των
331 3276 536 3331 αὐτῶν.
571 3275 781 3331 Πολλοὶ
829 3275 924 3348 μὲν
983 3275 1076 3329 οὗν
1145 3273 1497 3346 έξομνύμενοι
1552 3273 1650 3341 τήν
1709 3272 1844 3327 ἀπο-

185 3366 408 3420 στασίαν
465 3369 545 3436 τῷ
592 3359 1074 3440 πρωτοϐεστιαρίῳ
1127 3361 1452 3437 προσέρρεον
1480 3407 1494 3433 ,
1544 3363 1618 3426 ὡς
1663 3359 1844 3416 κινδυ-

183 3456 358 3510 νεύειν
421 3458 715 3530 κονιορτοῖὶ
769 3451 921 3522 δίκην
985 3449 1308 3522 διαλυθῆναι
1346 3451 1408 3506 τὸ
1463 3450 1841 3507 ἆποστατικόν.

183 3546 361 3620 Ὅπερ
418 3545 511 3597 ἳνα
557 3544 633 3615 μὴ
683 3542 902 3618 γένηται
946 3536 1208 3620 φοϐηθεὶς
1255 3541 1283 3595 6
1334 3538 1585 3614 Σκληρὸς
1613 3539 1702 3593 τὸν
1739 3540 1842 3612 μά-

184 3655 412 3709 γιστρον
460 3630 699 3708 Μιχαὴλ
742 3632 834 3686 τὸν
891 3631 1195 3706 Βούρτζην,
1258 3625 1398 3705 ἄρτι,
1471 3629 1547 3693 ὡς
1593 3628 1839 3702 εἴπομεν,

1970 1049 2216 1105 consilio
2247 1051 2544 1108 decretum
2572 1059 2661 1110 est
2683 1059 2748 1111 ut
2779 1056 3018 1128 quidam
3054 1057 3426 1129 imperatoris
3452 1058 3622 1112 fami-

1967 1135 2206 1209 liarum,
2255 1147 2483 1210 azquata
2541 1143 2671 1212 ejus
2721 1161 2854 1200 cum
2907 1146 3261 1216 imperatore
3314 1150 3622 1219 potestate,

1967 1243 2100 1282 cum
2135 1227 2304 1299 pleno
2335 1230 2602 1302 imperio,
2627 1237 2684 1287 et
2711 1233 2804 1288 cui
2829 1235 3177 1306 permissum
3203 1239 3360 1291 esset
3387 1233 3622 1291 honori-

1967 1314 2079 1370 bus
2109 1332 2174 1370 ae
2210 1317 2556 1374 muneribus
2601 1321 2672 1374 ad
2723 1338 2786 1376 se
2837 1338 2984 1390 quos
3032 1326 3232 1393 posset
3280 1321 3532 1388 allicere,
3561 1319 3621 1375 in

1966 1408 2284 1475 tyrannum
2338 1407 2689 1464 mitteretur.
2734 1411 2988 1465 Mittitur
3029 1426 3164 1482 ergo
3211 1411 3458 1465 dictator
3509 1409 3622 1465 Leo

1967 1495 2468 1566 protovestiarius,
2482 1497 2680 1554 addito
2697 1498 2747 1554 ei
2771 1499 3104 1556 consiliario
3119 1503 3343 1555 Joanne
3361 1499 3618 1571 quodam

1966 1582 2233 1653 patricio,
2257 1583 2380 1639 viro
2414 1585 2628 1658 insigni
2662 1593 2719 1642 et
2747 1587 3092 1660 eloquentiae
3121 1587 3358 1652 nobilis,
3378 1588 3512 1642 data
3543 1586 3614 1642 ab

1965 1669 2316 1741 imperatore
2349 1680 2634 1744 potestate
2674 1675 2872 1730 omnia
2917 1675 3098 1731 libere
3144 1675 3355 1748 agendi
3385 1691 3514 1746 quae
3546 1690 3615 1730 ex

1964 1776 2074 1814 usu
2094 1759 2468 1832 imperatoris
2485 1768 2701 1820 essent.
2718 1765 2830 1820 Leo
2855 1765 3008 1837 apud
3023 1765 3335 1838 Cotyaeium
3353 1763 3616 1836 Phrygias

1963 1865 2094 1904 cum
2125 1854 2292 1905 Petro
2317 1869 2378 1907 se
2408 1855 2730 1923 conjunxit,
2751 1854 2950 1926 ibique
2979 1859 3170 1910 castra
3200 1854 3372 1910 locat.
3395 1854 3616 1908 Bardas

1962 1954 2028 1993 eo
2049 1942 2312 2012 tempore
2339 1941 2395 1996 Di
2404 1943 2624 2014 potami
2647 1944 3142 2000 commorabatur.
3158 1943 3219 1999 Id
3244 1948 3333 2000 est
3353 1947 3615 1999 castrum

1961 2026 2430 2099 imperatorium,
2462 2031 2794 2087 Mesenacta
2837 2033 2910 2088 ab
2974 2031 3182 2088 incolis
3231 2031 3611 2103 appellatum.

1961 2117 2197 2172 Occulta
2227 2124 2420 2174 autem
2457 2120 2567 2176 Leo
2608 2126 2853 2177 conatus
2894 2137 3204 2176 munerum
3233 2125 3290 2176 et
3319 2121 3610 2177 honorum

1961 2205 2485 2277 pollicitationibus
2509 2210 2835 2282 perduelles
2865 2228 2898 2266 a
2926 2211 3116 2266 Barda
3145 2209 3390 2266 avellere
3419 2214 3477 2266 et
3497 2209 3611 2265 sibi

1960 2293 2416 2369 imperatorique
2445 2315 2544 2354 eos
2584 2300 2916 2366 conciliare,
2940 2299 3123 2356 falsus
3154 2305 3245 2355 est
3273 2298 3452 2354 animi
3485 2315 3611 2355 ma-

1956 2384 2166 2457 gisque
2198 2386 2396 2443 hostes
2422 2389 2807 2460 conﬁrmavit,
2827 2389 2927 2461 qui
2960 2389 3066 2446 bas
3092 2389 3218 2461 ejus
3247 2387 3610 2445 sollicitatio-

1958 2489 2060 2529 nes
2088 2482 2503 2546 argumentum
2538 2478 2897 2534 inﬁrmitatis
2930 2495 3059 2534 esse
3094 2478 3463 2550 judicabant.
3499 2480 3610 2532 Ita-

1958 2579 2071 2632 que
2103 2568 2208 2619 Leo
2258 2565 2372 2620 ista
2419 2567 2644 2621 ratione
2684 2583 2747 2622 se
2787 2567 3101 2639 quicquam
3151 2571 3607 2622 consecuturum

1957 2652 2299 2724 desperans,
2318 2655 2526 2710 castris
2547 2656 2725 2711 motis
2749 2662 2922 2712 noctu
2941 2657 3163 2712 Durum
3181 2655 3395 2711 transit
3413 2661 3469 2710 et
3488 2671 3609 2710 ver-

1957 2757 2060 2795 sus
2095 2742 2379 2798 orientem
2411 2745 2732 2799 contendit.
2758 2747 2815 2800 Id
2858 2748 3070 2800 factum
3104 2745 3162 2800 in
3197 2749 3417 2800 metum
3452 2743 3600 2800 425

1957 2830 2252 2901 ingentem
2293 2833 2541 2903 conjecit
2587 2849 2687 2889 eos
2727 2834 2827 2906 qui
2868 2851 3002 2889 cum
3040 2835 3190 2890 Duro
3229 2836 3414 2899 erant,
3447 2832 3604 2903 quod

1919 2918 2073 2990 .jam
2120 2936 2236 2975 non
2292 2921 2363 2976 de
2421 2922 2668 2993 pecunia
2707 2927 2765 2977 et
2811 2923 2978 2978 bonis
3035 2923 3160 2977 suis
3214 2927 3468 2988 tantum,
3503 2921 3605 2976 sed

1955 3006 2132 3064 etiam
2164 3009 2236 3064 de
2266 3009 2634 3066 cbarissimis
2651 3011 2916 3067 venirent
2942 3010 3002 3066 in
3034 3010 3370 3066 discrimen.
3405 3010 3606 3081 Itaque

1957 3097 2129 3153 multi
2162 3099 2388 3170 ejurata
2435 3099 2831 3172 perduellione
2877 3101 2948 3156 ad
2999 3099 3509 3172 protovestiarium
3542 3117 3605 3156 se

1955 3187 2360 3256 contulerunt;
2394 3189 2638 3260 jamque
2685 3190 2742 3245 in
2790 3205 2856 3245 eo
2907 3189 3164 3260 periculo
3212 3188 3433 3244 Bardas
3478 3192 3604 3245 erat

1954 3291 2026 3331 ne
2057 3276 2245 3348 ipsius
2294 3278 2471 3350 copiae
2521 3277 2773 3350 pulveris
2817 3279 3006 3334 instar
3050 3278 3500 3349 dissiparentur.
3537 3279 3599 3333 ld

1953 3380 2090 3435 ergo
2142 3382 2213 3420 ne
2272 3366 2451 3431 ﬁeret,
2486 3367 2834 3423 Michaelum
2893 3368 3160 3422 Burtzam
3220 3366 3595 3438 magistrum,

1953 3468 2125 3523 quem
2159 3469 2346 3524 nuper
2375 3454 2425 3508 ei
2458 3455 2774 3510 accessisse
2816 3455 3146 3522 docuimus,
3179 3458 3235 3510 et
3266 3454 3595 3509 Romanum

1952 3541 2262 3614 patricium
2303 3543 2631 3598 Taronitain
2681 3560 2816 3598 cum
2862 3545 3129 3616 expedito
3175 3543 3428 3598 exercitu
3464 3544 3599 3596 mit-

1952 3631 2042 3696 tit,
2085 3631 2183 3702 qui
2245 3632 2449 3686 Leonis
2507 3633 2915 3703 progressibus
2972 3633 3297 3701 obstarent,
3349 3645 3604 3703 eumque

183 3722 700 3798 προσκεχωρηκότα
736 3716 904 3791 αὐτῷ,
957 3721 1046 3774 καὶ
1095 3719 1375 3792 Ῥωμανὸν
1417 3716 1698 3794 πατρίκιον
1753 3719 1844 3772 τὸν

1960 3719 2168 3774 subitis
2217 3719 2656 3776 incursionibus
2700 3725 2974 3776 vexarent
3021 3727 3079 3775 et
3125 3719 3606 3792 pabulationibus

181 3811 509 3887 Ταρωνίτην
563 3812 678 3883 μετ’
733 3809 970 3879 εύζώνου
1029 3808 1295 3882 ἐκπέμπει
1344 3813 1592 3884 στρατιᾶς
1621 3850 1634 3876 ,
1683 3806 1847 3880 ἐμπο-

183 3900 292 3956 δὼν
336 3902 577 3955 ιστασθαι
621 3904 700 3970 τῷ
769 3893 1253 3974 πρωτοϐεστιαρίῳ
1322 3895 1606 3962 κελεύσας,
1666 3895 1848 3951 ἐπιτι-

182 3991 450 4062 θεμένους
510 3987 562 4058 ἐξ
620 3986 839 4065 ἐσόδου,
871 3987 958 4040 καὶ
1007 3987 1102 4048 τὰς
1153 3984 1420 4060 ἐκδρομὰς
1475 3983 1708 4039 κωλύειν
1768 3986 1842 4047 ὡς

181 4077 441 4151 δύναμις,
477 4076 803 4149 συμπλοκῆς
839 4073 896 4130 δὲ
926 4073 1229 4144 καθολικῆς
1274 4074 1409 4129 κατᾶ
1454 4075 1516 4128 τὸ
1561 4073 1841 4149 ἐγχωροῦν

181 4165 486 4245 φείδεσθαι.
557 4163 958 4235 Πλησιάσαντες
1014 4161 1070 4218 δέ
1121 4168 1202 4235 τῷ
1264 4161 1533 4238 βασιλικῷ
1590 4164 1842 4238 στρατεύ-

189 4277 324 4331 ματι
361 4254 567 4331 οἱπερὶ
604 4257 695 4309 τὸν
746 4251 1029 4327 Βούρτζην
1082 4253 1496 4327 ἡναγκάσθησαν
1543 4251 1632 4306 καὶ
1682 4248 1841 4306 ἄκον-

181 4368 267 4409 τες
327 4343 648 4417 πολεμῆσαι
680 4343 826 4417 παρά
855 4343 953 4411 τὴν
991 4342 1088 4396 τοῦ
1150 4339 1407 4415 Σκληροῦ
1451 4340 1839 4416 παραγγελίαν,

180 4438 290 4490 ἀπὸ
336 4431 598 4503 τοιαύτης
647 4431 842 4493 αἰτίας.
897 4431 1204 4505 Σαρακηνοῖ
1256 4429 1314 4484 ἐκ
1353 4435 1454 4499 τῆς
1497 4430 1631 4505 πρὸς
1669 4430 1841 4502 Ἑῲαν

179 4522 451 4600 Βερῥοίας
527 4523 594 4575 τὰ
664 4521 852 4591 ἐτήσια
923 4518 1058 4590 τέλη
1147 4518 1440 4592 Ῥωμαίοις
1523 4519 1842 4590 κομίζοντες

178 4610 541 4687 ἠγγέλλοντο
573 4610 707 4683 πρὸς
765 4609 865 4676 τὴν
904 4604 1161 4683 βασιλίδα
1213 4606 1446 4672 ἀπιέναι,
1479 4607 1568 4660 καὶ
1600 4606 1673 4666 ὡς
1709 4604 1841 4678 μέλ·

179 4701 341 4755 λουσι
385 4699 526 4753 κατά
572 4717 690 4752 τινα
739 4695 910 4771 ῥητήν
942 4697 1152 4769 ἡμέραν
1187 4693 1277 4750 διὰ
1328 4693 1503 4768 μέσων
1555 4694 1688 4748 ἰέναι
1735 4698 1842 4748 τῶν

180 4787 625 4865 στρατευμάτων.
685 4785 782 4839 Καὶ
841 4782 1027 4853 ἐπειδή
1060 4792 1237 4858 παρῆν
1275 4786 1310 4853 ἠ
1341 4783 1498 4859 κυρία
1537 4782 1626 4836 καὶ
1677 4779 1841 4855 ἔμελ-

178 4878 274 4934 λον
309 4877 450 4932 κατὰ
477 4877 542 4932 τὸ
573 4874 873 4951 λεγόμενον
907 4873 1184 4945 Ὀξύλιϐον
1235 4872 1490 4949 φρούριον
1552 4872 1602 4926 οἳ
1663 4877 1842 4948 Σαρα-

1963 3825 2065 3878 pro
2109 3807 2258 3862 virili
2307 3814 2591 3875 arcerent,
2623 3810 2861 3864 omnino
2910 3815 3104 3864 autem
3138 3814 3426 3880 quantum
3477 3810 3607 3879 ejus

1956 3897 2079 3951 ﬁeri
2104 3901 2320 3968 posset,
2337 3898 2559 3966 justam
2587 3913 2846 3970 pugnam
2871 3898 3142 3953 vitarent.
3170 3901 3410 3952 Burtzas
3429 3899 3486 3951 et
3506 3896 3607 3968 qui

1955 4001 2088 4040 cum
2111 4001 2177 4040 eo
2196 3991 2382 4051 erant,
2399 4002 2530 4040 cum
2547 3987 2672 4057 jam
2693 3987 3274 4058 appropinquassent
3297 3986 3609 4056 imperato-

1954 4075 2038 4130 rio
2060 4075 2555 4142 exercitui,coacti
2581 4081 2719 4130 sunt
2741 4076 2826 4130 vel
2855 4075 3015 4129 inviti
3041 4079 3245 4131 contra
3269 4075 3404 4128 Duri
3438 4091 3608 4129 man-

1953 4165 2157 4218 datum
2194 4164 2456 4235 praelium
2491 4165 2660 4219 inire.
2686 4165 3082 4220 Nuntiabatur
3101 4165 3258 4220 enim
3288 4167 3610 4219 Saracenos

1953 4269 2217 4309 annuum
2271 4253 2342 4308 ab
2393 4252 2660 4309 orientali
2710 4255 2938 4310 Berroea
2985 4255 3273 4308 tributum
3328 4253 3607 4307 Romanis

1953 4341 2259 4396 afferentes
2288 4341 2488 4411 Cpolin
2519 4342 2621 4408 ire,
2657 4359 2722 4397 ac
2752 4347 2909 4396 certo
2937 4343 3029 4397 die
3059 4358 3162 4414 per
3193 4342 3416 4398 medios
3445 4357 3606 4396 exer-

1953 4430 2106 4485 citus
2137 4429 2209 4483 iis
2243 4431 2663 4485 transeundum
2698 4431 2836 4486 fore.
2861 4430 2934 4486 Ut
2963 4447 3026 4486 ea
3058 4431 3182 4486 dies
3213 4430 3481 4503 appetiit,
3503 4434 3603 4486 Sa-

1951 4517 2179 4573 racenis
2211 4535 2312 4589 per
2341 4518 2648 4574 castellum
2673 4519 3051 4592 cuiOxylitho
3079 4537 3291 4576 nomen
3316 4521 3602 4576 transitu-

1952 4608 2032 4663 ris
2057 4608 2330 4678 utrinque
2357 4607 2653 4663 instructae
2678 4613 2818 4664 sunt
2849 4609 3102 4675 acies,et
3132 4625 3346 4680 magno
3378 4609 3600 4680 impetu

1952 4696 2287 4751 animorum
2319 4697 2390 4751 ad
2423 4713 2680 4768 pugnam
2713 4700 2954 4766 eductas,
2991 4697 3214 4768 praemii
3249 4697 3370 4752 loco
3401 4696 3603 4752 victori

1952 4784 2273 4856 proposito,
2327 4785 2481 4856 quod
2531 4785 2800 4840 Saraceni
2855 4785 3137 4854 ferebant,
3186 4801 3348 4841 auro.
3389 4783 3601 4840 Conﬂi-

1952 4877 2256 4944 ctumque,
2289 4877 2347 4927 ot
2379 4872 2582 4944 pulsus
2631 4873 2893 4940 Burtzas,
2928 4872 3132 4929 multis
3177 4875 3247 4928 ab
3279 4874 3408 4945 ejus
3438 4877 3602 4945 parte

1379 5062 1749 5119 XYLANDRI
1789 5063 1879 5119 ET
1919 5062 2138 5119 GOARI
2177 5061 2405 5119 ΝΟΤιΕ.

251 5220 366 5288 (40)
398 5217 490 5274 Ab
519 5215 739 5273 Attalis
776 5213 1130 5288 Pamphyliae
1173 5213 1337 5288 urbe,
1368 5213 1519 5271 sicut
1549 5220 1606 5270 et
1634 5215 1840 5287 Cibyra

186 5285 441 5346 minoris
473 5289 643 5355 Asia,
671 5288 861 5343 navali
893 5285 1188 5359 p’reelara.
1221 5285 1400 5342 Goaa.

251 5364 368 5436 (41)
403 5361 508 5416 Hic
528 5360 693 5416 locus
720 5363 809 5416 est
832 5355 1114 5436 confusus
1135 5362 1483 5436 etmancus,
1507 5360 1572 5411 ut
1601 5355 1835 5436 quidem

175 5427 403 5503 judico.
442 5437 558 5488 Hoc
615 5449 684 5487 ex
737 5430 1124 5503 sequentibus
1181 5429 1379 5503 didici,
1426 5428 1584 5484 hunc
1622 5427 1836 5503 ipsum

180 5500 478 5560 Cur-ticam
512 5504 648 5558 Duri
681 5500 929 5559 classem
961 5501 1217 5568 duxisse,
1251 5502 1589 5568 victumque
1619 5501 1692 5554 ab
1724 5500 1834 5554 im-

181 5576 487 5647 peratoria
518 5577 666 5630 duce
695 5575 997 5647 Theodoro
1028 5573 1220 5647 navali
1253 5572 1455 5645 prcelio
1487 5571 1690 5647 fuisse.
1723 5571 1837 5626 Sed

182 5643 468 5730 Cibyratae
496 5663 572 5703 an
603 5663 706 5718 pro
735 5646 891 5729 Dure
930 5645 1221 5714 steterint,
1243 5643 1318 5700 an
1345 5661 1480 5701 vero
1510 5643 1691 5772 (guod
1725 5659 1837 5714 pu-

182 5723 320 5772 tant
371 5721 448 5772 ab
503 5719 881 5772 imperatoris
927 5716 1136 5772 classe.
1187 5733 1322 5772 cum
1375 5732 1444 5772 ea
1491 5733 1524 5772 a
1613 5719 1836 5770 Durum

181 5716 320 5783 lavi)
371 5721 448 5776 ab
503 5716 881 5790 imperatoris
927 5716 1136 5786 classe,
1187 5733 1322 5773 cum
1375 5732 1444 5773 ea
1491 5716 1564 5773 ad
1613 5719 1836 5770 Durum

1948 5215 2338 5282 transiVisset,
2390 5213 2642 5284 jusserit
2689 5230 2788 5270 eos
2837 5213 3031 5269 Durus
3078 5211 3428 5286 oppugnari,
3478 5227 3595 5267 non

1947 5303 2081 5342 sum
2114 5291 2328 5341 certus.
2361 5288 2503 5340 XYL.

2020 5358 2129 5427 (42)
2161 5357 2375 5412 Scribit
2421 5357 2710 5428 interpres
2757 5351 3064 5427 δεξάμενος·
3099 5356 3320 5412 retineo
3371 5350 3595 5428 δεξάμε-

1946 5423 2057 5482 νον.
2093 5423 2170 5483 Ad
2199 5428 2484 5499 Joannem
2517 5423 2674 5499 enim
2705 5423 2908 5484 auctor
2953 5428 3078 5499 ipse
3119 5427 3320 5485 retulit
3345 5425 3410 5480 τό
3445 5423 3595 5496 δεξά-

1949 5518 2132 5572 μενον,
2161 5500 2315 5572 sicut
2346 5504 2403 5554 et
2432 5498 2494 5553 τὸ
2529 5493 2693 5572 βεϐοη
2707 5500 2888 5572 μένον.
2915 5493 3095 5555 Goan.

2017 5571 2124 5642 (43)
2159 5569 2537 5641 Πὶροῐαωυηὶ
2562 5569 2795 5628 videtur
2829 5573 3075 5638 dictum,
3105 5571 3260 5644 quod
3293 5572 3448 5627 inter
3478 5569 3594 5625 duo

1948 5641 2213 5707 ﬂumina,
2246 5648 2348 5698 aut
2391 5644 2586 5714 potius
2635 5645 2709 5700 ad
2759 5641 3138 5700 conﬂuentes
3166 5645 3418 5700 duorum
3463 5657 3593 5698 am-

1947 5715 2135 5786 nium,
2167 5714 2346 5771 situm
2376 5721 2550 5772 esset.
2582 5715 2717 5772 XYL.
