4038 6334
457 369 574 431 159
1817 368 2132 433 GEORGII

2247 368 2520 431 BDRENI
3752 366 3880 431 160

452 503 683 571 occisis,
717 506 967 563 maxime
994 503 1260 561 Armenis
1286 522 1298 559 :
1332 520 1469 561 nam
1500 505 1571 561 de
1597 504 1691 561 his
1721 520 2104 577 quoscunque

2249 502 2373 572 ηνοὶ
2433 497 2751 572 διαϐαινειν,
2802 500 3228 564 καθοπλίσαντες
3286 502 3339 557 οὶ
3394 500 3516 576 περῖ
3547 500 3640 556 τὸν
3694 499 3882 575 Βούρ-

454 594 944 663 comprehendere
967 599 1281 666 potuerunt
1305 594 1572 662 Romani,
1593 596 1746 651 426
1770 595 2110 651 interfecere

2254 597 2349 662 ζην
2377 590 2502 652 τοὺς
2550 591 2682 669 ἀμφ’
2731 590 2946 660 αὐτοὺς,
2996 591 3060 646 τὸ
3121 588 3167 645 δ’
3224 589 3353 646 αὐτὸ
3382 594 3541 646 τοῦτο
3571 588 3664 644 καὶ
3698 591 3753 644 οἳ
3781 593 3882 644 τοῦ

454 682 681 753 absque
710 683 825 739 ulla
859 684 1261 751 miseratione,
1288 685 1441 754 quod
1474 683 1513 737 ii
1546 684 1719 755 primi
1751 684 2013 740 omnium
2049 701 2110 740 se

2247 675 2718 754 ερωτοὸεστιαρίου
2804 680 3167 751 πεποιηκότες
3202 724 3215 750 ,
3320 678 3468 753 μάλα
3551 681 3884 754 ὁρμητικῶς

454 774 705 842 tyranno
735 773 1161 843 adjunxissent.

2247 771 2356 845 πρὸς
2387 771 2485 839 τήν
2543 772 2727 844 μάχην
2778 769 3046 846 ἐχώρουν·
3104 767 3397 845 προῦκειτο
3442 770 3542 845 γὰρ
3598 768 3883 842 ἰκατέροις

459 859 640 935 ὥσπερ
667 881 748 922 τις
804 862 969 924 ἆθλος
1001 862 1028 915 6
1078 860 1223 935 παρᾶ
1249 864 1352 914 τῶν
1389 864 1712 933 Σαρακηνῶν
1763 860 2128 934 κομιζόμενος
2183 860 2407 935 χρυσός.
2462 860 2563 914 Καὶ
2610 859 2824 934 ἐπείπερ
2874 858 3126 935 ἤγγισαν,
3179 858 3543 933 συμπεσόντες
3579 857 3883 935 ἐμάχοντο.

461 953 722 1025 Τρίπεται
755 955 888 1025 γοῦν
923 952 950 1005 6
985 951 1280 1023 Βούρτζης,
1325 950 1413 1004 καὶ
1442 947 1645 1004 πολλοὶ
1676 954 1782 1004 τῶν
1815 950 1907 1005 σὺν
1940 950 2086 1022 αὐτῷ
2118 948 2435 1017 ἀπώλοντο,
2465 948 2556 1004 καὶ
2593 947 2806 1022 μᾶλλον
2830 954 2938 1004 τῶν
2976 949 3305 1026 Ἀρμενίων·
3353 948 3550 1010 πάντας
3608 950 3714 1023 γὰρ
3753 948 3886 1009 τοὺς

463 1036 697 1102 ἁλόντας
730 1045 834 1094 τῶν
871 1039 1167 1115 Ἀρμενίων
1201 1038 1537 1117 ἀπέσφαττον
1569 1041 1620 1093 οἱ
1655 1041 1946 1114 Ῥωμαῖοι,
2001 1041 2075 1113 μή
2122 1034 2494 1112 λαμϐάνοντες
2551 1038 2728 1093 οἶκτον
2793 1035 2881 1093 διὰ
2935 1040 2996 1094 τὸ
3046 1040 3298 1114 πρώτους
3348 1040 3748 1114 προσχωρῆσαι
3805 1043 3889 1109 τῷ

465 1127 758 1202 ἀποστάτῃ.

534 1237 751 1295 Nuntio
774 1239 902 1308 ejus
937 1237 1120 1293 eladis
1152 1236 1642 1308 accepto,l3ardas
1675 1236 1838 1294 nulla
1866 1236 2119 1307 interpo-

464 1326 577 1383 sita
611 1344 774 1383 mora
804 1328 1002 1383 statim
1036 1342 1169 1382 cum
1202 1343 1307 1381 suo
1339 1326 1591 1381 exercitu
1635 1325 2033 1396 subsequitur,
2065 1330 2123 1380 et

464 1431 601 1470 cum
632 1416 702 1469 ad
733 1415 929 1470 locum
974 1416 1066 1470 cui
1106 1415 1331 1486 Rageos
1364 1430 1577 1470 nomen
1629 1416 2005 1486 pervenisset,
2042 1413 2117 1467 ibi

466 1508 658 1559 castra
674 1503 809 1558 facit
822 1509 1173 1575 tempusque
1188 1520 1396 1575 pugnae
1410 1503 1784 1558 commodum
1800 1508 2116 1575 exspectat.

467 1592 895 1649 Cunctantibus
918 1597 1113 1648 autem
1147 1592 1561 1663 imperatoriis,
1583 1596 1637 1647 et
1670 1608 1877 1664 pugnae
1910 1608 2117 1663 Oppor-

465 1682 719 1738 tunitate
750 1686 1023 1752 extracta,
1051 1680 1221 1737 multi
1248 1699 1280 1737 a
1302 1682 1491 1737 Barda
1516 1681 1587 1736 ad
1619 1682 1870 1737 Leonem
1895 1681 2117 1737 defece-

468 1772 759 1842 runt,jam
783 1771 946 1827 clade
972 1771 1258 1843 superiori
1285 1770 1500 1825 animis
1525 1786 1726 1825 eorum
1747 1769 2115 1825 nutantibus.

465 1862 575 1917 Sed
608 1862 708 1932 qui
737 1861 796 1916 in
830 1861 1083 1916 exercitu
1123 1860 1328 1916 Leonis
1351 1863 1520 1915 erant
1546 1875 1742 1915 rerum
1775 1858 2119 1914 bellicarum

465 1951 878 2023 imperitiores,
909 1949 946 2004 ii
980 1950 1197 2005 animis
1228 1965 1431 2005 recens
1462 1953 1632 2020 parta
1658 1948 1903 2004 victoria
1930 1949 2119 2004 exsul-

440 2039 727 2097 ‘tantibus
776 2054 1034 2111 pugnam
1085 2038 1459 2109 expetebant;
1495 2041 1636 2092 natu
1680 2035 2116 2109 grandioribus,

465 2132 523 2187 et
548 2128 649 2201 qui
696 2127 902 2182 multis
954 2126 1381 2183 certaminibus
1430 2126 1726 2181 exercitati
1774 2130 1992 2193 essent,
2026 2127 2126 2181 de-

467 2216 856 2273 trectantibus
896 2218 1071 2287 atque
1118 2214 1524 2270 differentibus
1551 2231 1563 2271 :
1590 2231 1721 2270 cum
1756 2216 1869 2271 Leo
1900 2218 2125 2285 (verum

470 2305 630 2363 enim
664 2303 810 2359 illud
841 2303 1045 2359 tritum
1082 2309 1172 2359 est
1202 2319 1215 2357 :
1242 2326 1269 2353 ‹‹
1299 2304 1574 2359 Homines
1598 2304 1770 2360 malis
1791 2305 1906 2360 cito
1933 2304 2126 2359 consi-

470 2393 571 2449 liis
600 2392 933 2448 assentiunt
958 2392 1012 2463 η)
1035 2392 1373 2463 junioribus
1423 2393 1837 2465 obtemperans
1883 2410 2022 2449 suos
2054 2394 2122 2447 ad

473 2498 732 2555 pugnam
777 2481 1101 2537 instructos
1133 2482 1268 2537 dato
1300 2482 1437 2537 tuba
1475 2482 1640 2554 signo
1682 2482 1899 2538 educit.
1933 2487 2125 2538 Durus

472 2571 655 2643 copiis
686 2571 808 2625 suis
850 2571 906 2624 in
956 2576 1076 2626 tres
1128 2575 1324 2642 partes
1354 2570 1558 2626 divisis
1608 2571 1868 2627 medium
1920 2588 2126 2642 agmen

469 2660 597 2733 ipse
628 2660 808 2725 ducit,
836 2660 1108 2715 dextrum
1153 2676 1332 2717 cornu
1384 2661 1549 2715 fratri
1590 2678 1696 2715 suo
1721 2662 2125 2729 Constantino,

474 2750 783 2807 sinistrum
809 2750 1192 2805 Constantino
1215 2750 1417 2805 Gabrae
1440 2750 1775 2804 committit.
1798 2750 1869 2805 Ut
1889 2767 2130 2805 concur-

480 2855 612 2895 sum
637 2844 728 2894 est
760 2843 819 2894 et
859 2838 1057 2893 Bardas
1086 2838 1361 2893 cornibus
1385 2838 1635 2909 praefecti
1676 2838 1931 2909 equitem
1973 2838 2126 2893 hosti

481 2928 879 2996 immiserunt,
905 2927 1113 2983 Leonis
1145 2925 1363 2983 milites
1383 2926 1671 2999 impetum
1693 2944 1808 2983 non
1834 2928 2129 2983 sustinen-

482 3022 572 3074 tes
605 3018 798 3086 fugam
834 3016 1075 3087 faciunt,
1104 3032 1425 3088 eorumque
1458 3032 1671 3088 magna
1701 3016 1896 3071 editur
1924 3016 2129 3072 caedes.

484 3106 841 3163 Interficitur
872 3109 1129 3162 Joannes
1160 3106 1441 3179 patricius
1472 3108 1528 3161 et
1556 3105 1764 3161 Petrus
1802 3112 2130 3162 castrorum

479 3196 788 3270 prefectus
811 3195 959 3251 427
991 3194 1280 3265 multique
1305 3193 1403 3249 alii
1438 3194 1699 3249 illustres
1719 3193 1846 3249 viri.
1875 3195 1978 3249 Leo
2003 3210 2134 3266 pro-

480 3285 856 3341 tovestiarius
878 3285 1041 3340 vivus
1058 3300 1177 3339 una
1195 3299 1328 3339 cum
1352 3283 1482 3339 aliis
1505 3283 1913 3356 magistratum
1936 3299 2136 3356 geren-

479 3374 641 3429 tibus
670 3373 813 3429 viris
852 3373 912 3427 in
962 3373 1097 3428 Duri
1144 3375 1491 3443 potestatem
1524 3373 1700 3427 venit.
1739 3375 1930 3444 Atque
1978 3373 2135 3428 hunc

2302 1232 2683 1309 Ἀγγελθείσης
2724 1231 2780 1288 δὲ
2817 1240 2916 1303 τῆς
2963 1232 3135 1304 ἥττης
3185 1234 3212 1287 6
3261 1230 3474 1307 Βάρδας
3515 1234 3704 1309 καιρὸν
3755 1232 3889 1287 ἆναο

2230 1317 2406 1392 ϐολῆς
2461 1325 2535 1395 μὴ
2590 1320 2860 1389 δεδωκὼς,
2890 1323 3115 1399 ἀγείρας
3161 1322 3288 1384 τοὺς
3321 1323 3455 1397 ἀμφ’
3486 1322 3647 1376 αὐτὸν
3673 1322 3890 1391 ὑπήντα

2231 1409 2319 1466 διὰ
2348 1412 2585 1487 ταχέων,
2637 1412 2727 1466 καὶ
2774 1411 2908 1467 κατά
2956 1432 3074 1466 τινα
3130 1411 3297 1466 τόπον
3354 1412 3574 1486 Ῥαγέας
3605 1410 3888 1485 ὀνομαζό-

2234 1522 2391 1574 μενον
2454 1502 2740 1576 γενόμενος
2788 1498 3287 1575 στρατοπεδεύεται,
3340 1498 3645 1570 ὶπιτήδειον
3694 1500 3885 1575 μάχης

2227 1590 2412 1663 καιρὸν
2460 1588 2722 1659 ἐκζητῶν.
2773 1584 3280 1665 Χρονοτριϐούντων
3324 1585 3381 1642 δὲ
3421 1593 3530 1643 τῶν
3583 1587 3891 1664 βασιλικῶν

2226 1676 2513 1753 ταγμάτων
2550 1679 2576 1732 6
2606 1685 2706 1747 τῆς
2757 1677 2942 1754 μάχης
2986 1679 3173 1751 καιρὸς
3205 1676 3565 1750 παρετείνετο,
3599 1678 3689 1731 καὶ
3740 1674 3891 1731 πολ-

2230 1765 2321 1821 λοὶ
2368 1770 2475 1820 τῶν
2538 1767 2853 1820 ἀποστατῶν
2911 1770 2978 1840 τῇ
3044 1767 3471 1842 προηγησαμένῃ
3525 1764 3666 1841 ἥττῃ
3727 1786 3892 1821 σεσα-

2229 1854 2484 1928 λευμένοι
2564 1859 2646 1927 τῷ
2722 1850 3206 1931 πρωτοϐεστιαρίῳ
3263 1856 3654 1931 προσέτρεχον.
3712 1855 3889 1912 Ὅσον

2233 1947 2327 2017 μὶν
2351 1942 2447 1998 οὖν
2479 1949 2721 2021 σφριγῶν
2753 1944 2817 2011 ἦν
2850 1944 2901 1999 ἐν
2931 1949 2997 2018 τῇ
3041 1949 3265 2020 στρατιᾷ
3309 1948 3406 1999 τοῦ
3460 1943 3731 2019 βασιλέως
3790 1946 3891 1998 καὶ

2234 2032 2678 2109 ἀπειροπόλεμον
2715 2076 2728 2101 ,
2803 2037 2872 2107 τῇ
2930 2032 2979 2104 ἐξ
3041 2033 3283 2109 ὑπογύου
3335 2032 3706 2108 γαυρούμενον
3764 2033 3892 2106 νίκῃ

2235 2117 2386 2198 ὤργα
2415 2124 2551 2198 πρὸς
2610 2124 2959 2195 συμπλοκήν,
3003 2123 3054 2176 οἱ
3111 2122 3463 2197 γηραιότεροι
3515 2119 3575 2176 δὲ
3617 2121 3709 2177 καὶ
3759 2142 3896 2176 κατ-

2234 2210 2540 2284 ηθλημένοι
2591 2217 2707 2273 τοῖς
2738 2211 2939 2287 ἀγῶσιν
2975 2206 3182 2266 ὤκνουν
3207 2211 3297 2266 καὶ
3328 2208 3614 2265 ἀνεδύοντο
3642 2232 3742 2281 τηρ
3784 2212 3896 2283 μά-

2235 2321 2341 2376 χην
2406 2305 2483 2374 [Ρ.
2517 2304 2644 2374 690]
2702 2300 2861 2357 Ἀλλ’
2920 2301 3035 2357 ἐπεὶ
3090 2303 3227 2356 κατὰ
3277 2303 3369 2356 τὸν
3417 2301 3657 2369 εἰπόντα,
3718 2324 3749 2351 ι(
3782 2306 3897 2354 Ta-

2234 2396 2362 2465 χεῖα
2418 2390 2589 2454 πειθὼ
2620 2394 2726 2445 τῶν
2774 2395 2954 2445 κακῶν
3014 2390 3327 2463 ἀκολουθεῖ,
3389 2414 3416 2442 ››
3475 2390 3714 2444 πείθεται
3775 2394 3905 2449 τοῖς

2235 2478 2517 2555 νεωτέροις
2565 2480 2655 2534 καὶ
2706 2481 2733 2535 6
2783 2474 3321 2555 πρωτοϐεστιάριος,
3380 2479 3470 2533 καὶ
3520 2478 3590 2533 τὸ
3634 2476 3895 2533 ἐνυάλιον

2234 2571 2488 2641 σημήνας
2531 2567 2706 2644 ἐξάγει
2754 2570 2827 2623 τὰ
2883 2570 3260 2643 στρατεύματα
3329 2568 3464 2644 πρὸς
3510 2568 3609 2637 τήν
3674 2566 3894 2644 μάχην.

2236 2659 2331 2712 Καὶ
2384 2659 2411 2712 6
2463 2656 2672 2731 Βάρδας
2720 2656 2777 2713 δὲ
2823 2665 2991 2733 τριχῆ
3035 2655 3230 2714 διελὼν
3282 2658 3374 2712 τὸν
3405 2656 3604 2712 οῖ’κεῖον
3661 2657 3901 2731 πρατὸν

2233 2747 2295 2802 τὸ
2332 2747 2425 2818 μὶν
2482 2747 2641 2817 μέσον
2688 2748 2829 2821 εἶχεν
2883 2747 3063 2815 αὐτός,
3095 2751 3192 2801 τοῦ
3225 2744 3401 2816 δεξιοῦ
3432 2743 3490 2800 δὶ
3518 2746 3692 2819 κέρως
3736 2747 3901 2801 Κων-

2237 2839 2515 2890 σταντῖνον
2557 2835 2649 2889 τὸν
2705 2833 2962 2914 ἀδελφὸν,
3005 2838 3104 2889 τοῦ
3154 2831 3200 2889 δ’
3232 2834 3516 2908 εὐωνύμου
3557 2836 3906 2891 Κωνσταντῖ-

2236 2945 2326 2980 νον
2356 2925 2446 2979 τὸν
2482 2921 2691 2996 Γαϐρᾶν
2719 2921 2907 3000 ἄρχειν
2960 2923 3241 2993 ἐπέστησε.
3293 2919 3594 2997 Συμϐολῆς
3644 2920 3703 2978 δὲ
3736 2944 3904 2998 γενο-

2243 3014 2407 3087 μένης
2434 3014 2521 3068 καὶ
2553 3018 2663 3068 τῶν
2691 3014 2815 3086 περῖ
2857 3013 2923 3068 τὰ
2970 3014 3167 3088 κέρατα
3215 3018 3534 3089 στρατηγῶν
3579 3014 3679 3081 τὴν
3716 3009 3900 3067 ἵππον

2238 3101 2621 3158 ἐπισεισάντων
2698 3108 2813 3165 τοῖς
2882 3102 3165 3171 ἂναντίοις,
3250 3104 3326 3175 μὴ
3417 3103 3725 3178 ἐνεγκόντες
3792 3102 3901 3170 τὴν

2243 3192 2421 3268 ῥύμην
2471 3193 2523 3246 οἱ
2575 3192 2699 3267 περὶ
2754 3193 2848 3247 τὸν
2895 3186 3391 3268 πρωτοϐεστιάριον
3432 3193 3741 3267 τρέπονται,
3803 3191 3904 3245 καὶ

2241 3281 2441 3356 γίνεται
2501 3282 2666 3360 φόνος
2722 3279 2919 3344 πολύς.
2984 3282 3243 3338 Ἐνταῦθα
3292 3282 3383 3337 καὶ
3415 3279 3669 3351 Ἰωάννης
3702 3275 3900 3335 ἔπεσεν

2246 3372 2274 3426 6
2305 3369 2590 3445 πατρίκιος
2621 3372 2709 3426 καὶ
2746 3372 2773 3426 ὁ
2825 3368 3309 3446 στρατοπεδάρχης
3342 3369 3545 3443 Πέτρος
3583 3370 3673 3425 καὶ
3728 3368 3907 3424 ἄλλοι

483 3464 718 3536 quidem
756 3466 947 3518 Durus
967 3462 1026 3516 in
1050 3462 1377 3518 custodiam
1400 3462 1579 3517 dedit.
1604 3462 1906 3518 Theodoro
1939 3467 2132 3518 autem

2247 3458 2449 3515 πολλοὶ
2500 3465 2608 3514 τῶν
2659 3458 2954 3535 διαφανῶν.
2987 3459 3168 3516 Ἑάλω
3201 3457 3259 3514 δὲ
3306 3460 3394 3515 καὶ
3427 3460 3454 3514 6
3484 3453 3905 3533 npm‘coEmui-

483 3558 541 3609 et
586 3552 799 3608 Nicetes
848 3550 1346 3623 Hagiozacharitis
1399 3551 1698 3623 germanis
1745 3551 2024 3607 fratribus
2073 3551 2134 3606 in

482 3646 797 3712 conspectu
827 3640 1010 3696 totius
1042 3641 1331 3696 exercitus
1360 3642 1533 3696 effodi
1557 3639 2133 3712 oculosjubet,quod

480 3731 521 3786 ii
564 3729 841 3785 nimirum
892 3728 1105 3784 violato
1146 3730 1556 3800 jurejurando,
1594 3747 1709 3801 quo
1759 3746 1822 3785 se
1869 3730 1983 3802 ipsi
2033 3730 2134 3786 ob-

483 3820 862 3885 strinxerant,
896 3818 967 3873 ad
1001 3818 1251 3873 Leonem
1285 3819 1717 3874 transivissent.

2246 3570 2360 3625 ριος
2414 3551 2528 3623 μεθ’
2597 3550 2790 3625 ἑτέρων
2871 3546 3081 3625 ἀνδρῶν
3145 3550 3419 3625 ἀρχικῶν.
3475 3549 3584 3606 Τὸν
3643 3548 3738 3620 μὶν
3803 3549 3905 3602 οὗν

2242 3635 2738 3715 πρωτοϐεστιάριον
2799 3640 3146 3715 φρουρεῖσθαι
3205 3639 3542 3714 προσέταξε,
3603 3634 3903 3712 Θεοδώρου

2245 3726 2302 3783 δὲ
2344 3728 2432 3783 καὶ
2464 3730 2678 3798 Νικήτα
2704 3731 2812 3783 τῶν
2844 3725 3207 3806 ἀὐταδέλφων
3248 3732 3357 3782 τῶν
3418 3728 3905 3803 Ἀγιοζαχαριτῶν

2167 3883 2171 3887 ἢ
2246 3817 2328 3872 ἐπ’
2384 3813 2504 3891 ὄψει
2558 3818 2760 3881 παντὸς
2814 3821 2910 3872 τοῦ
2982 3816 3383 3892 στρατεύματος
3442 3815 3708 3890 ὲξορύττει
3769 3814 3910 3875 τοὺς

489 3906 811 3985 ὀφθαλμοὺς
866 3908 938 3968 ὡς
992 3900 1345 3981 παραϐάντων
1402 3907 1546 3984 τάχα
1591 3906 1720 3971 τοὺς
1775 3903 1971 3984 ὅρκους
2018 3905 2110 3970 οὕς
2167 3908 2303 3981 πρὸς
2360 3906 2517 3962 αὐτὸν
2573 3904 2752 3971 ἔθεντο
2810 3907 2900 3961 καὶ
2962 3911 3042 3979 τῷ
3092 3900 3575 3983 πρωτοϐεστιαρίῳ
3631 3923 3910 3979 προσχω-

489 4016 555 4073 ρη
565 3996 790 4052 σάντων.

561 4104 693 4159 Haec
721 4103 964 4159 victoria
1002 4104 1199 4158 Bardez
1248 4103 1424 4159 rebus
1472 4103 1794 4176 plurimum
1829 4104 2025 4160 attulit
2054 4105 2141 4160 in-

490 4192 792 4257 crementi,
817 4207 1141 4263 omnesque
1181 4195 1250 4245 ad
1295 4209 1427 4246 eum
1461 4194 1661 4263 magni
1694 4194 1969 4264 parvique
1999 4194 2141 4248 deﬁ-

493 4281 752 4349 ciebant;
785 4280 1157 4351 imperatoris
1190 4296 1283 4336 res
1316 4298 1451 4351 una,
1479 4297 1662 4353 eaque
1693 4298 1860 4337 sacra
1887 4282 2144 4338 anchora

496 4370 966 4438 sustinebantur,
995 4369 1191 4424 divino
1223 4369 1504 4424 nimirum
1537 4369 1772 4425 auxilio.
1804 4372 1875 4425 At
1904 4370 2143 4426 cubicu-

494 4459 681 4516 larius
712 4475 950 4531 prazses,
982 4474 1321 4530 quaanum
1370 4465 1426 4514 et
1470 4460 1846 4515 terrestribus
1895 4460 2145 4531 negotiis

499 4564 701 4605 curam
736 4547 1117 4620 impenderet,
1152 4547 1340 4604 multo
1380 4547 1568 4620 magis
1608 4552 1803 4604 tamen
1837 4548 2144 4604 maritima:

498 4637 582 4694 rei
631 4643 757 4693 erat
797 4637 1075 4691 intentus.
1106 4637 1250 4692 Nam
1302 4637 1536 4693 hostilis
1585 4637 1791 4693 classis
1838 4639 2147 4711 praefectus

498 4725 821 4782 Michaelus
870 4724 1163 4795 Curtices,
1212 4742 1416 4781 omnes
1466 4725 1687 4782 insulas
1733 4726 2145 4799 depopulatus,

492 4816 620 4888 jam
666 4816 855 4887 ipsam
888 4831 1123 4887 quoque
1166 4815 1225 4869 in
1256 4814 1632 4887 Hellesponto
1682 4817 1857 4872 sitam
1890 4817 2147 4888 Abydum

495 4905 808 4962 videbatur
835 4909 1302 4977 oppugnaturus.
1340 4905 1543 4977 Itaque
1566 4906 1813 4962 classem
1849 4908 2027 4979 probe
2058 4908 2147 4962 in-

497 4996 690 5061 struit,
742 5011 991 5066 eamque
1040 5000 1241 5049 contra
1270 4993 1565 5050 Citrucam
1615 4995 1851 5063 emittit,
1884 4996 2151 5066 praefecto

495 5083 801 5141 Theodoro
851 5088 1175 5138 Carauteno
1223 5083 1489 5155 patricio.
1538 5087 1595 5138 Is
1643 5083 1991 5140 Theodurus
2050 5100 2154 5156 per

498 5175 697 5229 fauces
730 5172 1090 5244 Hellesponti
1112 5178 1311 5229 vectus
1337 5173 1487 5243 apud
1522 5173 1824 5229 Pbocmam
1856 5189 1989 5229 cum
2021 5176 2154 5229 Cur-

500 5264 615 5320 tica
665 5264 928 5320 navalem
980 5264 1237 5319 conserit
1287 5280 1542 5334 pugnam
1591 5265 2041 5320 vehementem:
2085 5281 2153 5321 ea

497 5353 690 5408 victus
725 5353 987 5409 Curtices
1028 5351 1324 5424 classique
1372 5354 1501 5425 ejus
1550 5354 1815 5426 disjecta,
1848 5358 1905 5410 et
1932 5353 2151 5411 Caran-

500 5446 634 5495 teno
664 5443 871 5496 exinde
924 5457 1083 5496 mare
1132 5442 1431 5497 obtinente
1463 5459 1555 5497 res
1589 5443 1891 5497 maritima:
1944 5444 2152 5514 quietas

502 5529 760 5584 fuerunt.
822 5529 1069 5585 Proinde
1128 5531 1509 5586 terrestribus
1574 5532 1822 5604 negotiis
1890 5533 2153 5589 intentus

501 5633 714 5691 praascs
766 5618 1103 5676 Manuelum
1158 5619 1311 5676 428
1359 5619 1673 5690 Eroticum,
1715 5621 1895 5676 nobili
1943 5637 2155 5694 genere

501 5711 696 5764 ortum
729 5711 786 5763 et
815 5706 1028 5765 virtute
1058 5724 1124 5766 ac
1167 5708 1511 5765 fortitudine
1554 5707 1800 5781 clarum,
1833 5709 2049 5766 emittit
2077 5713 2149 5768 ad

2180 4947 2227 5011 D

2325 4106 2413 4157 Ἐκ
2458 4102 2659 4174 ταύτης
2704 4110 2804 4173 τῆς
2849 4100 3006 4173 νίκης
3050 4100 3116 4158 τὰ
3169 4103 3262 4175 μὲν
3309 4105 3407 4157 τοῦ
3459 4098 3639 4175 Βάρδα
3696 4099 3910 4173 ὑψοῦτο

2250 4191 2339 4246 καὶ
2372 4191 2459 4247 ἐπὶ
2494 4194 2631 4268 μέγα
2685 4189 2870 4269 ᾔρετο,
2924 4193 3162 4259 πάντων,
3219 4191 3292 4253 ὡς
3327 4189 3521 4257 εἷπεῖν,
3552 4193 3761 4263 μικρῶν
3811 4192 3915 4242 καὶ

2257 4278 2507 4357 μεγάλων
2543 4280 3056 4357 προσρυϊσκομένων
3091 4281 3261 4352 αὐτῷ,
3292 4279 3359 4334 τὰ
3391 4277 3449 4334 δὶ
3494 4281 3589 4333 τοῦ
3634 4276 3917 4353 βασιλέως

2254 4370 2342 4425 ἐπὶ
2397 4374 2521 4443 μιᾶς
2576 4370 2866 4438 ἐσάλευεν,
2909 4371 3055 4446 ἱερᾶς
3110 4370 3291 4443 μέντοι
3342 4368 3613 4443 ἀγκύρας,
3660 4373 3762 4435 τῆς
3809 4372 3916 4421 τοῦ

2254 4463 2386 4515 Θεοῦ
2421 4458 2693 4535 βοηθείας.
2748 4460 2808 4516 Ὀ
2840 4456 2898 4514 δὶ
2936 4459 3435 4533 παρακοιμώμενος
3482 4455 3758 4532 ἐφρόντιζε
3811 4456 3916 4529 μὶν

2253 4549 2342 4603 καὶ
2371 4553 2478 4603 τῶν
2528 4550 2662 4603 κατά
2714 4547 2935 4623 χέρσον,
2987 4547 3156 4604 πλέον
3209 4544 3255 4601 δ’
3305 4544 3569 4621 ἐμερίμνα
3612 4548 3721 4599 τῶν
3770 4545 3921 4599 κατᾶ

2257 4636 2563 4702 θάλατταν·
2621 4637 2809 4692 ἐλύπει
2868 4637 2971 4713 γὰρ
3032 4636 3189 4691 αὐτὸν
3246 4637 3274 4690 6
3329 4639 3424 4690 τοῦ
3475 4634 3718 4689 ἐναντίου
3777 4655 3917 4689 κατ-

2258 4729 2445 4802 άρχων
2504 4724 2701 4782 στόλου
2736 4773 2750 4799 ,
2808 4725 3040 4802 Μιχαὴλ
3100 4727 3127 4781 6
3188 4725 3530 4799 Κουρτίκιος,
3579 4729 3752 4778 πᾶσαν
3815 4723 3921 4795 μὲν

2257 4823 2419 4886 νῆσον
2478 4816 2864 4891 πεπορθηκὼς,
2918 4813 3027 4886 ἤδη
3082 4813 3128 4869 δ’
3169 4811 3416 4887 ἐπίδοξος
3470 4810 3542 4867 ὢν
3601 4813 3689 4867 καὶ
3723 4812 3827 4879 τήν
3858 4812 3919 4866 ἐν

2258 4904 2650 4978 Ἑλλησπόντῳ
2681 4902 2997 4979 πολιορκεῖν
3047 4900 3309 4961 νΑὸυδον.
3344 4901 3551 4960 Ούκοῦν
3585 4902 3671 4955 καὶ
3708 4900 3919 4956 στόλον

2262 4992 2681 5071 ἑξαρτυσάμενος
2768 4992 2919 5065 μάλα
3010 4990 3194 5055 καλῶς
3278 4991 3543 5065 ἐκπέμπει
3622 4989 3760 5043 κατᾶ
3816 4996 3925 5045 τοῦ

2259 5083 2608 5158 Κουρτικίου,
2685 5082 2958 5159 ναύαρχον
3033 5078 3231 5157 ἔχοντα
3287 5077 3565 5156 Θεόδωρον
3622 5079 3927 5152 πατρίκιον

2258 5172 2350 5229 τόν
2406 5172 2779 5250 Καραντηνόν.
2841 5170 3014 5235 Οὗτος
3076 5169 3122 5225 δ’
3182 5170 3480 5232 ἐκπλεύσας
3524 5172 3614 5224 καὶ
3664 5168 3733 5222 τὰ
3764 5171 3932 5223 στενᾶ

2262 5257 2449 5324 διαϐὰς
2478 5266 2573 5316 τοῦ
2605 5259 3015 5332 Ἑλλησπόντου
3044 5262 3183 5316 κατὰ
3213 5260 3471 5316 Φώκαιαν
3495 5262 3574 5331 τῷ
3608 5259 3933 5332 Κουρτικῖῳ

2259 5353 2691 5428 προσρηγνυται,
2758 5351 2847 5407 καὶ
2921 5351 3218 5426 γενομένης
3278 5354 3539 5424 καρτερᾶς
3606 5347 3932 5422 ναυμαχίας

2262 5443 2313 5496 οἳ
2361 5442 2485 5517 περὶ
2531 5441 2622 5495 τὸν
2671 5442 2993 5516 Κουρτίκιον
3043 5438 3330 5513 τρέπονται
3374 5438 3463 5491 καὶ
3514 5432 3928 5503 σκεδάννυνται,

2260 5530 2348 5586 καὶ
2382 5529 2575 5585 λοιπὸν
2618 5530 3227 5605 θαλασσοκρατήσαντος
3284 5530 3380 5581 τοῦ
3437 5527 3790 5600 Καραντηνοῦ
3820 5529 3933 5596 τὴν

2264 5618 2569 5695 ἐπεχειρίαν
2600 5618 2729 5695 ἔσχε
2756 5620 2822 5674 τὰ
2848 5626 2947 5689 τῆς
2982 5615 3282 5688 θαλάσσης.
3329 5612 3469 5684 Ἤδη
3526 5611 3583 5669 δὲ
3624 5619 3731 5669 τῶν
3781 5618 3928 5670 κατὰ

2265 5709 2527 5774 θάλατταν
2560 5708 2802 5786 ἐχόντων
2827 5707 3012 5773 καλῶς
3043 5709 3072 5763 6
3102 5704 3601 5784 παρακοιμώμενος
3635 5707 3741 5761 τῶν
3777 5707 3926 5760 κατά
