4050 6326
161 409 266 469 161

1301 404 1850 470 HISTORIARUM
1893 402 2443 468 COMPENDIUM.

3460 410 3580 473 162

158 539 252 607 τήν
298 536 533 614 ἤπειρον
582 536 786 602 ἐτίθετο
840 535 1196 612 ἐπιμέλειαν.
1259 537 1361 596 Καὶ
1419 536 1486 608 δὴ
1543 534 1808 606 Μανουὴλ

1939 537 2373 594 :ustodiendam
2417 536 2691 594 Nicaeam.
2725 536 2901 594 Paulo
2932 542 3064 610 post
3094 540 3166 596 ad
3198 555 3328 597 eam
3367 541 3576 600 urbem

159 628 444 702 πατρίκιον
501 628 593 682 τὸν
631 629 932 704 Ἐρωτικὸν
968 670 982 696 ,
1040 627 1099 683 ἐκ
1147 630 1339 704 γένους
1389 649 1448 683 τε
1499 625 1666 701 ἄνδρα
1722 627 1814 680 καὶ

159 717 237 771 ἐπ’
290 716 460 792 ἀρετῇ
520 711 812 788 διαϐόητον
845 715 933 771 καὶ
975 715 1187 792 ἀνδρίᾳ,
1247 721 1499 796 φρουρεῖν
1548 717 1814 788 ἐκπέμπει

157 809 254 874 τήν
311 805 564 863 Νίκαιαν.
625 807 774 863 Μετά
833 807 1026 882 μικρὸν
1089 804 1146 860 δὲ
1209 800 1617 878 καταλαμϐάνει
1665 805 1815 859 καὶὸ

163 895 437 968 Σκληρὸς,
469 896 557 949 καὶ
587 894 657 950 τὰ
686 896 837 968 πὲριξ
857 902 958 964 τῆς
994 894 1217 957 Νικαίας
1245 893 1606 969 πυρπολήσας
1635 893 1818 969 χωρία

158 983 473 1040 τελευταῖον
531 983 620 1038 καὶ
679 983 762 1039 ἐπ’
818 983 984 1052 αὐτὴν
1037 986 1135 1053 τὴν
1192 983 1422 1041 Νίκαιαν
1453 983 1694 1060 ἔρχεται,
1727 981 1816 1036 καὶ

162 1071 451 1128 ἑλεπόλεσι
507 1074 598 1127 καὶ
661 1079 936 1148 μηχαναῖς
991 1073 1323 1150 ἐκπορθῆσαι
1367 1073 1643 1149 ἠπείγετο.
1697 1078 1816 1126 Γεν-

159 1165 323 1226 ναίως
387 1161 445 1218 δὶ
496 1167 593 1217 τοῦ
620 1162 882 1233 Μανουὴλ
919 1161 1322 1237 ὑποδεξαμένου
1351 1165 1449 1233 τὴν
1491 1161 1815 1235 πολιορκίαν

160 1255 243 1308 καὶ
301 1254 401 1316 τάς
458 1251 868 1328 προσαγομένας
898 1257 980 1326 τῷ
1036 1254 1208 1329 τείχει
1261 1253 1537 1326 κλίμακας
1575 1251 1664 1306 καὶ
1717 1272 1821 1323 μη-

160 1342 326 1418 χανάς
359 1343 640 1415 σκευαστῷ
694 1341 823 1417 πυρὶ
857 1341 1337 1417 πυρπολήσαντος,
1366 1344 1466 1412 τὴν
1497 1339 1556 1395 ἐκ
1585 1338 1818 1413 πολιορ-

158 1431 274 1494 κίας
357 1429 568 1486 ἅλωσιν
662 1431 933 1506 ἀπογνοὺς
1015 1433 1044 1486 6
1127 1430 1378 1506 Σκληρὸς
1462 1428 1632 1502 ἐνδείᾳ
1711 1433 1817 1484 τῶν

161 1520 471 1595 ἀναγκαίων
532 1519 763 1591 ἤλπιζεν
800 1523 1023 1597 αἱρῆσαι
1053 1523 1154 1590 τὴν
1207 1519 1395 1593 πόλιν,
1425 1519 1634 1594 Χρόνου
1669 1515 1727 1572 δὲ
1754 1517 1822 1592 τῇ

160 1606 462 1684 πολιορκίᾳ
508 1605 788 1685 τριϐέντος
846 1607 1064 1665 πολλοῦ
1092 1611 1182 1665 καὶ
1210 1613 1319 1664 τῶν
1377 1605 1527 1663 ἔνδον
1559 1605 1821 1680 πιεζομέ-

162 1721 266 1754 νων
324 1702 398 1772 τῇ
461 1697 719 1771 σιτοδείᾳ,
781 1701 864 1773 [Ρ.
895 1702 1022 1770 6911
1085 1700 1162 1772 μὴ
1217 1695 1362 1774 ἔχων
1425 1698 1454 1752 δ
1493 1719 1543 1752 τι
1575 1696 1665 1751 καὶ
1698 1693 1825 1771 δρά-

162 1807 296 1842 σειεν
335 1787 366 1841 6
418 1785 682 1857 Μανουὴλ
732 1783 862 1860 μηδ’
912 1785 1032 1842 ὅθεν
1081 1786 1446 1860 είσκομίσεται
1485 1785 1551 1840 τὰ
1592 1785 1730 1860 πρὸς
1759 1783 1823 1837 τὸ

165 1880 257 1949 ζῇν
291 1877 585 1950 ἀναγκαῖα,
640 1875 916 1948 ἐπιμελῶς
968 1880 1066 1932 τοῦ
1119 1874 1378 1949 Σκληροῦ
1425 1876 1522 1937 τάς
1581 1870 1824 1934 εἰσόδους
1857 1911 1904 1976 Β

162 1969 486 2040 τηροῦντος,
554 1964 735 2040 ἀπάτῃ
795 1965 888 2020 τὸν
968 1964 1220 2039 Σκληρὸν
1293 1960 1434 2041 ἔγνω
1497 1962 1819 2039 περιελθεῖν.

163 2053 385 2126 Ἀμέλει
422 2053 513 2108 καὶ
568 2055 698 2118 τοὺς
732 2061 831 2124 τῆς
880 2054 1106 2117 Νικαίας
1154 2048 1534 2116 σιτοϐολῶνας
1592 2051 1824 2126 ψάμμου

163 2141 488 2214 λεληθότως
547 2142 953 2218 πεπληρωκὼς,
1001 2145 1091 2198 καὶ
1134 2143 1266 2216 σίτῳ
1323 2141 1524 2198 ἄνωθεν
1564 2145 1665 2210 τήν
1713 2141 1827 2195 ἐπι-

165 2231 385 2308 ᾳάνειαν
456 2230 794 2309 ἐπιχρώσας,
846 2233 919 2295 ὡς
981 2231 1307 2297 κλέπτεσθαι
1359 2231 1457 2294 τὰς
1511 2227 1664 2305 ὄψεις
1715 2233 1826 2284 τῶν

169 2321 487 2394 Θεωμένων,
536 2321 686 2384 τινὰς
735 2326 843 2376 τῶν
890 2321 1193 2391 ἡλωκότων
1236 2321 1341 2376 ἀπὸ
1384 2327 1485 2390 τῆς
1524 2323 1632 2374 τῶν
1684 2317 1827 2373 ἐναν-

169 2408 301 2464 τίων
363 2409 567 2484 μοίρας
622 2407 1134 2484 προσκαλεσάμενος
1190 2407 1398 2464 ἐδείκνυ
1441 2409 1508 2463 τά
1565 2412 1825 2480 ταμιεῖα,

173 2499 260 2553 καὶ
320 2501 464 2573 πρὸς
488 2500 580 2552 τὸν
612 2497 867 2574 Σκληρὸν
925 2498 1240 2575 ἐπαφίησιν,
1301 2497 1468 2552 εἰπεῖν
1502 2495 1828 2568 ἐπισκήψας,

179 2589 390 2660 ὅτιπερ,
422 2589 532 2656 Τὴν
561 2587 619 2642 ἐκ
645 2591 743 2642 τοῦ
775 2585 945 2661 λιμοῦ
975 2585 1301 2664 πολιορκίαν
1336 2587 1397 2640 οὐ
1430 2583 1648 2640 δέδοικα
1671 2584 1830 2656 (ἀπο-

178 2678 401 2753 χρώσας
445 2680 550 2753 γάρ
598 2675 712 2753 ἔχω
754 2677 958 2754 τροφὰς
1010 2677 1098 2732 καὶ
1150 2676 1237 2731 ἐπὶ
1278 2674 1428 2732 δυσὶν
1459 2674 1614 2737 ὅλοις
1647 2672 1830 2746 ἔτεσι),

179 2766 478 2839 πολιορκίᾳ
509 2763 566 2820 δὲ
595 2766 783 2828 ἄλλως
815 2767 850 2836 ἡ
881 2765 1045 2830 πόλις
1074 2765 1375 2827 ἀνάλωτος’
1406 2767 1474 2819 τὰ
1505 2764 1571 2818 σὰ
1621 2760 1664 2817 δ’
1723 2762 1831 2838 ἐγὼ

179 2861 392 2932 φρονῶν
440 2852 664 2927 ἕτοιμός
711 2853 827 2928 εἷ’μι
877 2854 1198 2924 ὑπεκστῆναί
1256 2841 1340 2908 σοι
1383 2860 1484 2922 τῆς
1510 2849 1752 2923 πόλεως,
1785 2849 1836 2905 εῒ

177 2945 301 3015 ἐμοί
330 2966 391 3000 τε
430 2944 523 2999 καὶ
578 2951 694 3006 τοῖς
742 2950 854 3017 μετ’
908 2943 1044 3017 ἐμοῦ
1095 2942 1164 2998 δι’
1223 2944 1399 3019 ὅρκων
1433 2941 1586 3012 δοίης
1619 2941 1832 2995 ἀπιέναι

1926 626 2150 683 accedit
2179 627 2392 695 Durus,
2417 631 2474 681 et
2504 627 2772 682 incendio
2803 633 3065 684 evastata
3091 629 3308 686 vicinia
3337 631 3576 688 tandem

1927 716 2116 787 ipsam
2139 732 2372 787 quoque
2396 716 2686 771 machinis
2709 716 2991 773 adhibitis
3012 724 3332 790 oppugnat.
3349 721 3417 776 Et
3441 737 3576 777 cum

1927 805 2152 860 fortiter
2181 805 2518 860 defenderet
2546 804 2867 875 Manuelus,
2897 806 3207 880 scalasque
3253 814 3311 864 et
3354 810 3579 866 machi-

1927 911 2035 948 nas
2065 894 2332 948 admotas
2361 893 2484 965 igni
2517 893 2836 948 artiﬁcioso
2868 901 3168 965 cremaret,
3194 897 3244 951 vi
3279 914 3341 953 se
3373 900 3578 955 urbem

1927 999 2260 1055 expugnare
2301 998 2471 1053 posse
2515 983 2834 1054 desperans
2881 985 3120 1055 Bardas,
3153 988 3225 1042 ob
3274 989 3580 1058 penuriam

1928 1078 2123 1127 autem
2142 1072 2406 1126 deditum
2426 1071 2492 1125 iri
2518 1072 2756 1127 tandem
2776 1073 3058 1144 cogitans,
3091 1073 3190 1129 diu
3209 1074 3577 1134 obsidionem

1928 1161 2123 1216 traxit.
2147 1159 2469 1232 Oppidanis
2496 1159 2909 1216 alimentorum
2933 1161 3163 1218 defectu
3193 1167 3434 1235 pressis,
3456 1169 3582 1222 Ma-

1929 1249 2140 1305 nuelus
2173 1266 2288 1320 quo
2335 1265 2397 1305 se
2441 1253 2690 1304 verteret
2728 1251 2985 1318 nescius,
3020 1267 3155 1307 cum
3201 1257 3354 1310 Duro
3385 1257 3581 1312 aditus

1934 1338 2095 1394 urbis
2125 1343 2392 1392 accurate
2414 1337 2780 1393 custodiente
2809 1338 3004 1394 invehi
3032 1340 3178 1396 nihil
3209 1348 3426 1414 posset,
3448 1343 3582 1401 dolo

1933 1427 2354 1483 circumvenire
2405 1443 2540 1483 cum
2589 1427 2811 1482 statuit.
2856 1429 3136 1485 Grenaria
3182 1431 3382 1488 Nicaea
3432 1434 3582 1490 clam

1932 1534 2108 1572 arena
2137 1521 2415 1586 congesta
2444 1515 2672 1587 implet,
2703 1517 2760 1571 in
2792 1518 3102 1588 superﬁcie
3131 1522 3420 1578 frumento
3451 1539 3586 1580 con-

1933 1610 2142 1674 strata,
2175 1609 2238 1660 ut
2269 1621 2444 1660 arena
2474 1605 2664 1660 visum
2704 1605 2949 1662 falleret.
2984 1607 3134 1662 Tum
3166 1611 3480 1680 quemdam
3513 1613 3586 1669 de

1933 1692 2204 1750 hostibus
2235 1697 2474 1765 captum
2507 1709 2572 1749 eo
2603 1693 2864 1763 adducit,
2897 1700 2956 1751 et
2984 1695 3087 1752 illa
3115 1697 3499 1774 demonstrat,
3530 1705 3591 1758 et

1933 1783 2004 1837 ad
2040 1788 2262 1837 Durum
2294 1783 2532 1850 emittit,
2557 1798 2691 1838 cum
2730 1782 2825 1838 his
2870 1785 3186 1854 mandatis,
3219 1804 3282 1844 se
3310 1787 3484 1861 plane
3513 1790 3588 1848 ab

1934 1871 2238 1928 obsidione
2267 1871 2526 1942 penuriae
2547 1887 2726 1927 causa
2757 1871 2905 1927 nihil
2925 1873 3038 1928 sibi
3061 1883 3339 1946 metuere,
3363 1877 3588 1935 instru-

1934 1966 2093 2016 ctum
2126 1961 2302 2016 etiam
2337 1959 2555 2016 biennii
2599 1960 2808 2032 integri
2841 1961 3136 2020 alimentis
3169 1982 3182 2020 :
3216 1970 3342 2021 tum
3375 1969 3586 2026 urbem

1933 2049 2124 2122 ipsam
2182 2049 2236 2104 vi
2303 2065 2680 2121 nequaquam
2743 2053 3066 2122 expugnari
3122 2070 3311 2125 posse.
3361 2057 3586 2114 Tamen

1937 2140 2090 2211 quod
2123 2138 2236 2210 ipsi
2266 2137 2412 2193 bene
2438 2137 2630 2210 vellet,
2655 2139 2799 2194 urbe
2828 2141 3103 2198 excedere
3133 2148 3402 2214 paratum
3433 2161 3584 2220 esse,

1937 2229 1987 2284 si
2019 2228 2127 2283 hoc
2180 2227 2438 2283 obtineat
2467 2232 2533 2282 ut
2565 2227 2904 2298 juramento
2953 2231 3258 2288 conﬁrmet
3298 2233 3494 2292 Durus
3524 2252 3589 2293 se

1937 2317 2053 2388 ipsi
2083 2321 2139 2372 et
2166 2316 2294 2372 suis
2325 2317 2566 2372 liberam
2600 2332 2716 2388 quo
2739 2316 2955 2373 vellent
2983 2320 3236 2376 abeundi
3268 2323 3405 2379 dare
3434 2329 3590 2395 pote-

1940 2410 2174 2460 statem.
2201 2403 2472 2460 Libenter
2507 2421 2635 2460 eam
2667 2406 3062 2462 conditionem
3108 2410 3377 2482 amplexo
3409 2412 3589 2486 ραι-ο,

1941 2499 1997 2549 et
2015 2494 2187 2548 ﬁdem
2209 2495 2499 2563 firmante,
2519 2494 2644 2550 Man
2657 2494 2824 2550 uelus
2842 2511 2974 2550 cum
2994 2497 3391 2557 Nicaeensibus
3409 2508 3468 2557 et
3483 2520 3589 2559 suo

1939 2583 2194 2638 exercitu
2207 2583 2600 2654 omnibusque
2612 2584 2763 2639 429
2777 2583 3216 2656 impedimentis
3228 2589 3431 2662 Cpolin
3445 2593 3588 2650 abit.

1942 2672 2058 2727 Hoc
2071 2677 2236 2743 pacto
2251 2672 2438 2726 Nicaea
2452 2673 2669 2743 potitus
2683 2673 2898 2740 Durus,
2913 2678 3146 2732 tametsi
3160 2681 3521 2736 vaframentu
3532 2699 3588 2738 m

1942 2762 2084 2816 illud
2115 2763 2184 2817 de
2215 2763 2506 2816 frumento
2528 2762 2972 2832 deprehendens
2999 2766 3244 2822 moleste
3275 2768 3468 2838 ferret,
3499 2787 3592 2826 va-

1941 2849 2128 2905 lidum
2164 2849 2549 2906 nihilominus
2575 2850 2701 2906 urbi
2725 2850 2775 2906 ei
2809 2851 3145 2923 praesidium
3169 2855 3593 2928 imponit,duce

1943 2939 2198 3011 quodam
2218 2938 2479 3010 Pegasio,
2494 2945 2551 2994 et
2567 2939 2690 3010 ipse
2708 2940 2933 3012 reliqua
2951 2945 3319 3014 persequitur
3335 2949 3570 3020 negotia

173 3035 276 3104 δπη
313 3031 384 3102 δὴ
435 3033 525 3088 καὶ
561 3034 879 3109 αἱρούμεθα.
912 3032 1190 3108 Ἀσμένως
1224 3030 1282 3088 δὲ
1308 3036 1404 3088 τοῦ
1436 3028 1616 3106 Βάρδα
1642 3027 1934 3103 δεξαμένου
1958 3028 2049 3082 τὸν
2074 3025 2242 3101 λόγον
2288 3026 2377 3080 καὶ
2425 3026 2632 3089 πίστεις
2668 3029 3107 3102 πααεσχηκότας,
3137 3030 3264 3095 τοὺς
3310 3035 3530 3103 Νικαεῖς
3560 3039 3588 3094 ὁ

173 3120 438 3192 Μανουὴλ
472 3120 716 3201 εἰληφὼς
738 3122 828 3177 καὶ
858 3123 949 3178 τὸν
982 3124 1118 3198 ἀμφ’
1151 3123 1311 3179 αὐτὸν
1345 3117 1570 3198 στρατόν
1606 3119 1739 3194 μετὰ
1768 3119 1983 3174 πάντων
2016 3119 2090 3171 ὧν
2123 3115 2297 3191 εἶχον,
2330 3113 2545 3170 εἷ’σεισιν
2581 3116 2657 3179 είς
2705 3119 2806 3186 τὴν
2861 3117 3278 3193 βασιλεύουσαν.
3337 3128 3444 3195 Τὴν
3494 3127 3592 3185 Νι.

169 3232 319 3266 καιαν
378 3209 438 3266 δὲ
495 3211 853 3291 παρειληφὼς
911 3213 938 3266 6
968 3211 1244 3287 Σκληρὸς,
1273 3211 1454 3267 καὶτὸ
1486 3211 1609 3284 περὶ
1639 3210 1730 3263 τὸν
1787 3212 1934 3264 σῖτον
1988 3206 2156 3282 εὑρὼν
2219 3203 2605 3282 ῥᾳδιούργημα
2635 3205 2828 3278 ἠνιάθη
2869 3208 2962 3280 μὲν
2991 3208 3072 3286 ἐφ’
3123 3213 3206 3273 οἷς
3261 3212 3588 3291 ἐξηπάτητο,

168 3302 408 3376 ορουράν
443 3297 491 3355 δ’
518 3300 672 3373 ὅμως
703 3300 858 3380 ἀφεὶς
889 3301 1192 3378 ἀξιόμαχον
1224 3301 1277 3358 ἐν
1313 3299 1473 3374 αὐτῇ,
1505 3300 1595 3354 καὶ
1624 3299 1925 3376 στρατηγὸν
1960 3294 2232 3373 Πηγασιόν
2264 3316 2384 3352 τινα
2413 3295 2467 3351 ἐν
2495 3295 2678 3359 αὐτοῖς
2708 3295 3023 3370 ἐπιστήσας,
3054 3301 3215 3365 αὐτὸς
3242 3309 3350 3360 τῶν
3400 3306 3592 3384 ἐφεξῆς

171 3388 351 3464 εἴχετο
383 3388 561 3466 ἔργων
573 3434 585 3446 .

240 3516 295 3569 '0
327 3513 386 3570 δὲ
435 3516 932 3589 παρακοιμώμενος
982 3520 1098 3578 τοῖς
1147 3513 1301 3580 ὅλοις
1343 3515 1639 3592 ἀπορηθεὶς
1695 3511 1824 3588 (ἤδη

2013 3514 2319 3570 Enimvero
2353 3530 2564 3586 praeses
2597 3514 2848 3572 Basilius
2880 3517 3053 3574 rebus
3084 3523 3311 3578 tantum
3345 3541 3457 3582 non
3492 3527 3594 3584 de-

177 3603 276 3679 γάρ
304 3606 333 3659 ὁ
368 3603 632 3680 Σκληρὸς
689 3602 984 3676 ἐπλησιάζε
1039 3609 1108 3679 τῇ
1135 3602 1398 3681 βασιλίδι)
1453 3603 1580 3678 μίαν
1611 3603 1836 3678 ἐγνώκει

181 3694 436 3766 βοήθειαν
479 3693 832 3770 ἀποχρῶσαν,
887 3693 1095 3771 Βάρὸαν
1152 3696 1245 3750 τὸν
1304 3700 1499 3750 Φωκᾶν
1555 3694 1836 3767 μεταπέμ-

180 3786 376 3856 ψασθαι
445 3789 546 3852 τῆς
624 3782 933 3858 ὑπερορίας,
1005 3783 1166 3857 μόνον
1251 3783 1551 3858 ἀξιόμαχον
1630 3779 1833 3852 οἰηθείς

178 3877 366 3927 τοῦτον
402 3871 700 3926 ἄντίπαλον
732 3870 937 3926 ἔσεσθαι
967 3877 1048 3944 τῷ
1083 3871 1341 3948 Σκληρῷ.
1374 3871 1556 3946 Λόγου
1605 3867 1662 3925 δὲ
1710 3875 1834 3934 θᾶτ-

177 3982 263 4015 τον
314 3960 814 4034 μεταπεμψάμενος
863 3962 952 4015 καὶ
1011 3959 1195 4037 ὅρκοις
1228 3960 1686 4039 ἀσφαλισάμενος,
1742 3959 1830 4012 καὶ

179 4050 416 4105 πλοῦτον
446 4048 814 4125 παρεσχηκὼς
862 4047 1067 4123 δαψιλῆ
1099 4050 1188 4105 καὶ
1229 4055 1310 4123 τῷ
1357 4053 1464 4104 τῶν
1514 4048 1832 4126 μαγίστφων

178 4141 448 4212 ἀξιώματι
523 4141 781 4210 τιμήσας,
851 4135 1171 4213 δομέστικον
1245 4138 1652 4215 προχειρίζεται
1725 4141 1832 4190 τῶν

180 4227 400 4304 σχολῶν
446 4228 537 4283 καὶ
596 4228 729 4283 κατά
783 4231 881 4283 τοῦ
935 4227 1191 4304 Σκληροῦ
1249 4227 1493 4306 ἀφίησιν.
1525 4227 1588 4284 Ὀ
1629 4223 1686 4281 δὲ
1740 4225 1833 4280 τὸν

180 4320 305 4394 ὑπὲρ
365 4323 478 4374 τῶν
554 4316 699 4372 ὅλων
757 4315 1148 4391 ἀναδεξάμενος
1213 4316 1398 4392 ἀγῶνα
1457 4320 1674 4391 πρῶτον
1738 4315 1832 4387 μὲν

177 4407 536 4484 ἐπεχείρησεν
608 4406 712 4460 ἀπὸ
764 4405 978 4483 Θρᾷκης
1031 4408 1400 4481 περαιωθῆναι
1449 4406 1526 4470 είς
1571 4399 1832 4462 εἌϐυδον·

177 4496 552 4574 ουλάττοντος
586 4492 644 4550 δέ
688 4497 755 4551 τὰ
783 4495 834 4551 ἐν
872 4495 1266 4568 Ἑλλησπόντῳ
1319 4495 1502 4572 χωρία
1549 4495 1836 4567 Ῥωμανοῦ

177 4591 266 4641 τοῦ
314 4587 449 4640 υἱοῦ
498 4588 596 4640 τοῦ
673 4585 929 4659 Σκληροῦ
962 4629 977 4658 ,
1036 4585 1430 4660 ἀποκρουσθεὶς
1481 4583 1678 4638 ἐκεῖθεν
1735 4580 1835 4636 ἐπ-

179 4675 376 4731 άνεισιν
424 4671 504 4734 εἶς
558 4674 655 4742 τὴν
693 4672 967 4751 βασιλίδα,
1025 4671 1223 4729 ἐκεῖθέν
1277 4693 1335 4728 τε
1387 4671 1585 4728 πλοίου
1645 4667 1837 4734 ἐπιϐάς

178 4767 259 4818 καὶ
312 4763 449 4824 τοὺς
513 4761 784 4824 ἐναντίους
853 4761 1032 4816 λαθὼν
1108 4764 1245 4839 πρὸς
1303 4764 1404 4832 τὴν
1465 4761 1834 4838 ἀντίπορθμον

178 4853 380 4928 γίνεται
435 4857 568 4927 γῆν,
632 4851 716 4906 καὶ
777 4851 1157 4927 νυκτοπορίαις
1212 4853 1565 4928 χρησάμενος
1623 4846 1832 4904 ἄπεισιν

178 4943 245 5005 εἷς
305 4941 672 5015 Καισάρειαν,
732 4939 902 4995 ἐκεῖσὲ
947 4960 1005 4994 τε
1057 4940 1341 5014 Εὐσταϐίῳ
1414 4940 1699 5016 μαγίστρῳ
1753 4939 1833 5008 τῷ

177 5031 433 5103 Μαλιῖνῳ
462 5028 554 5082 καὶ
587 5026 821 5104 Μιχαὴλ
857 5028 1134 5105 μαγίστρῳ
1163 5033 1241 5101 τῷ
1281 5028 1523 5103 Βοόρτζῃ
1559 5025 1832 5101 συμμίξας

174 5117 392 5196 (ἔφθασε
421 5118 533 5193 γὰρ
579 5119 668 5172 καὶ
720 5116 880 5179 αὐτὸς
907 5116 966 5172 ἐκ
997 5117 1278 5190 μετανοίας
1309 5117 1375 5172 τὰ
1401 5122 1499 5172 τοῦ
1563 5115 1832 5193 βασιλέως

173 5210 332 5266 πάλιν
384 5207 628 5280 ἐλὲσθαι)
692 5208 806 5280 μετ’
865 5207 1039 5261 αὐτῶν
1071 5207 1208 5283 πρὸς
1239 5205 1485 5279 πόλεμον
1520 5205 1831 5280 ἐξηρτύετο.

173 5299 260 5353 Καὶ
294 5295 366 5367 δή
403 5295 539 5351 λαὸν
592 5294 666 5357 ὡς
713 5294 740 5348 6
790 5295 976 5372 καιρὸς
1026 5292 1208 5350 ἐδίδου
1239 5294 1516 5370 ἀθροίσας,
1563 5293 1653 5350 καὶ
1705 5293 1835 5356 τοὺς

175 5386 223 5441 ὲκ
248 5391 355 5453 τῆς
409 5391 590 5464 φυγῆς
631 5380 1051 5457 ἐσκεδασμὺιους
1104 5382 1315 5454 ἀλίσας,
1355 5385 1491 5461 πρὸς
1532 5384 1594 5439 τὸ
1643 5384 1835 5458 Ἀμώ-

178 5495 280 5546 ριον
310 5474 548 5552 γίνεται.
583 5474 680 5529 Καὶ
743 5473 771 5528 6
818 5472 1072 5550 Σκληρός
1135 5471 1190 5530 δέ
1246 5475 1346 5545 τὴν
1401 5473 1598 5530 τούτου
1652 5469 1832 5547 ἔξοδον

178 5566 450 5637 ἀκηκοὼς,
484 5562 576 5618 καὶ
607 5565 699 5617 νῦν
730 5562 954 5641 πφῶτον
1003 5562 1208 5635 οἰηθεὶς
1255 5564 1346 5618 τὸν
1391 5562 1578 5640 ἀγῶνα
1625 5558 1836 5626 ἔσεσθαι

183 5655 318 5730 αὐτῷ
387 5652 531 5734 πρὸς
601 5649 773 5730 ἄνδρα
838 5651 1180 5728 πολεμιστὴν
1269 5652 1362 5718 καὶ
1417 5652 1600 5732 φερειν
1657 5648 1840 5708 εἰδότα

186 5746 439 5822 γενναίως
490 5744 581 5800 καὶ
624 5745 900 5809 τακτικῶς
934 5741 1030 5808 τὰς
1073 5741 1378 5819 πολεμίους
1429 5741 1688 5822 στροφὰς,
1745 5739 1839 5800 καὶ

1945 3605 2194 3676 speratis
2228 3606 2382 3675 (cum
2406 3604 2532 3675 jam
2565 3605 2635 3658 ad
2677 3604 2865 3675 ipsam
2912 3607 3116 3663 urbem
3148 3613 3446 3670 accederet
3475 3617 3595 3671 Du-

1945 3696 2068 3765 rus)
2105 3711 2287 3749 unum
2319 3693 2428 3748 hoc
2472 3693 2745 3764 cogitavit
2793 3696 3132 3766 praesidium
3184 3716 3510 3772 superesse,
3543 3705 3592 3759 si

1943 3783 2134 3838 Barda
2163 3783 2384 3839 Phocas
2416 3783 2486 3838 ab
2518 3782 2720 3838 exsilio
2771 3791 3350 3859 revocaretur,quem
3401 3791 3591 3849 solum

1945 3873 2218 3928 censebat
2253 3874 2401 3927 Duro
2447 3876 2599 3928 recte
2629 3873 2843 3943 opponi
2875 3890 3065 3946 posse.
3091 3876 3236 3932 Eum
3269 3895 3404 3952 ergo
3436 3881 3594 3937 dicto

1945 3962 2119 4017 citius
2152 3966 2370 4032 evocat,
2395 3962 2784 4032 jurejurando
2811 3963 2863 4018 ei
2896 3980 3106 4021 cavens
3146 3970 3321 4038 atque
3351 3970 3594 4042 amplis-

1943 4051 2126 4107 simas
2157 4054 2462 4107 conferens
2491 4068 2662 4124 opes;
2696 4057 3090 4126 ornatumque
3114 4057 3378 4128 magistri
3400 4060 3598 4132 digni-

1943 4145 2064 4196 tate
2097 4140 2486 4196 domesticum
2518 4140 2854 4196 scholarum
2890 4143 3026 4197 facit
3056 4149 3111 4199 et
3141 4152 3344 4203 contra
3375 4149 3593 4205 Durum

1945 4230 2180 4286 emittit.
2208 4229 2428 4286 Phocas
2459 4246 2694 4285 summa
2724 4229 2835 4286 sibi
2869 4247 3063 4288 rerum
3096 4235 3316 4292 credita
3345 4236 3533 4307 primo
3561 4253 3593 4293 e

1945 4320 2193 4374 Thracia
2222 4319 2293 4374 ad
2325 4319 2592 4390 Abydum
2641 4321 2912 4390 trajicere
2959 4329 3202 4378 conatus
3244 4329 3352 4380 est.
3386 4327 3498 4382 Sed
3529 4343 3598 4382 ea

1946 4425 2049 4480 spe
2079 4409 2361 4479 dejectus,
2385 4409 2540 4479 quod
2574 4411 2872 4465 Romanus
2903 4410 3043 4466 Duri
3073 4411 3231 4468 ﬁlius
3264 4413 3598 4488 Hellespon-

1946 4503 2073 4554 tum
2122 4501 2366 4564 teneret,
2388 4497 2589 4569 Cpolin
2620 4498 2813 4553 rediit.
2839 4499 2978 4554 Inde
3018 4502 3248 4574 navigio
3279 4521 3599 4561 conscenso

1947 4587 2216 4644 hostibus
2236 4603 2348 4642 non
2374 4586 2974 4644 animadvertentibus
2995 4591 3065 4645 ad
3100 4593 3429 4665 oppositam
3461 4611 3599 4650 con-

1947 4679 2230 4734 tinentem
2289 4677 2538 4748 trajecit,
2588 4679 3013 4752 nocturnisque
3061 4681 3370 4741 itineribus
3419 4685 3602 4742 Caesa-

1948 4784 2104 4823 ream
2136 4767 2416 4840 pervenit.
2455 4767 2534 4822 lbi
2568 4783 2629 4823 se
2661 4784 2795 4822 cum
2828 4771 3110 4842 magistro
3143 4773 3446 4830 Eustathio
3476 4779 3598 4831 Ma-

1947 4857 2100 4913 leino
2131 4863 2189 4913 et
2217 4855 2500 4913 Michaelo
2536 4857 2748 4912 Burtza
2776 4861 2936 4926 (nam
2967 4865 3023 4914 et
3052 4860 3102 4915 is
3135 4868 3364 4918 mutata
3390 4863 3598 4920 volun-

1945 4951 2065 5001 tate
2095 4947 2166 5001 ad
2215 4946 2586 5017 imperatoris
2635 4951 2830 5016 partes
2879 4946 3148 5021 redierat)
3192 4951 3495 5021 conjunxit
3542 4957 3600 5008 et

1945 5032 2094 5091 bello
2127 5035 2379 5106 gerendo
2421 5033 2664 5105 paravit.
2698 5038 2844 5105 Ergo
2886 5037 3103 5093 coactis
3138 5043 3201 5094 ut
3233 5044 3460 5111 poterat
3489 5041 3598 5097 mi-

1944 5122 2170 5193 litibus,
2204 5122 2580 5192 collectisque
2624 5121 2695 5176 iis
2746 5139 2893 5193 quos
2948 5125 3086 5197 fuga
3115 5127 3494 5200 disperserat,
3525 5130 3596 5185 ad

1944 5212 2250 5268 Amorium
2281 5211 2522 5267 accedit.
2549 5214 2742 5267 Durus
2773 5211 2871 5266 ubi
2906 5213 3153 5272 Pliocam
3186 5219 3257 5273 ad
3289 5219 3442 5277 430
3471 5218 3598 5275 bel-

1946 5302 2070 5357 lum
2101 5301 2312 5358 exiisse
2341 5301 2632 5374 cognovit,
2664 5319 2820 5357 nunc
2865 5303 3105 5361 demum
3139 5311 3301 5364 ratus
3333 5308 3445 5364 sibi
3475 5325 3597 5365 rem

1947 5392 2068 5446 fore
2097 5405 2232 5445 cum
2263 5390 2384 5446 viro
2417 5389 2691 5446 bellicoso
2722 5395 2778 5446 et
2815 5389 3045 5448 fortiter
3074 5400 3248 5467 atque
3278 5397 3602 5470 composite

1949 5480 2096 5535 ferre
2127 5479 2279 5534 vices
2327 5478 2464 5534 belli
2508 5495 2712 5549 gnaro,
2744 5496 2877 5537 cum
2927 5481 3211 5539 hactenus
3243 5485 3356 5542 sibi
3388 5486 3602 5558 objecti

1948 5572 2147 5625 essent
2179 5567 2601 5624 homunciones
2633 5571 2893 5639 castrati,
2918 5569 2977 5625 in
3003 5570 3282 5632 thalamis
3310 5576 3526 5632 versati
3549 5580 3606 5632 et

1947 5658 2008 5714 in
2067 5657 2278 5713 umbra
2336 5656 2543 5727 degere
2599 5656 2781 5725 soliti,
2831 5673 2865 5715 a
2911 5658 3104 5717 Nicias
3159 5663 3482 5720 exercitum
3530 5663 3603 5720 ad

1949 5746 2248 5807 Amorium
2287 5745 2467 5804 ducit.
2501 5745 2588 5804 Ibi
2636 5745 2863 5806 collatis
2911 5747 3100 5824 signis
3148 5756 3514 5828 pugnatum;
3546 5756 3605 5811 et
