4050 6326
484 331 601 391 163

1839 319 2159 386 GEORGII
2204 321 2547 383 CEDltENl

3774 337 3886 398 164

479 462 677 518 Phocm
723 460 1036 527 exercitus,
1068 459 1169 531 qui
1216 458 1621 532 superioribus
1669 457 1883 530 praaliis
1932 458 2080 512 victu

2195 451 2343 543 ⁵οὐχ
2407 454 2481 515 ὡς
2560 454 2621 509 τὸ
2678 455 2939 531 πρότερον
2999 460 3133 534 πρὸς
3194 459 3455 540 ἀνδράρια
3512 464 3885 543 ἐκτετμημένα

476 550 781 607 audaciam
827 549 1128 621 animique
1156 549 1412 619 vigorem
1447 548 1771 614 dimiserat,
1799 548 2000 618 pedem
2035 564 2122 600 re-

473 639 629 709 tulit,
664 656 729 694 ac
759 637 1004 693 victoria
1052 654 1227 708 penes
1258 638 1481 693 Durum
1532 637 1658 691 fuit.
1700 637 1895 707 Neque
1924 640 2119 689 tamen

472 727 720 801 turpiter
776 732 877 782 aut
932 726 1239 782 dissolutis
1298 726 1606 781 ordinibus
1654 725 1855 780 Phocas
1906 722 2121 779 milites

471 822 796 882 cesserunt,
830 817 929 871 sed
984 815 1135 870 lente
1168 822 1224 871 et
1254 816 1594 886 composite,
1630 815 1709 869 ita
1739 818 1804 868 ut
1838 830 1950 867 non
2002 828 2120 883 prae

472 911 628 963 metu
661 908 760 962 sed
795 906 970 976 jussu
1017 905 1185 960 ducis
1235 905 1438 959 cedere
1483 904 1835 959 viderentur.
1888 901 2115 956 Etenim

470 997 693 1051 Phocas
728 994 1017 1049 militibus
1070 999 1231 1064 terga
1283 994 1434 1048 hosti
1486 992 1765 1047 dantibus
1811 997 1867 1046 et
1916 992 2113 1062 fugam

468 1084 835 1156 parantibus,
867 1087 1193 1138 extremum
1246 1081 1526 1137 claudens
1568 1098 1776 1153 agmen
1824 1079 2115 1134 irruentes

466 1172 867 1246 propulsabat,
892 1188 1080 1242 neque
1106 1188 1204 1226 eos
1237 1188 1370 1226 cum
1403 1170 1623 1242 impetu
1659 1170 1878 1224 irruere
1900 1168 2113 1223 ceden-

464 1265 623 1319 tibus
671 1263 793 1318 suis
842 1261 1091 1316 sinebat.
1126 1261 1204 1314 [bi
1236 1261 1617 1315 Constantino
1673 1261 1863 1313 ferunt
1908 1257 2109 1312 Gabrm

462 1370 595 1407 cum
641 1352 764 1406 suis
822 1350 1049 1406 hostem
1101 1349 1431 1419 insequenti
1483 1352 1757 1403 conatum
1808 1346 2108 1417 egregium

462 1441 659 1497 animo
712 1440 1009 1503 incidisse,
1042 1437 1241 1492 Phorm
1290 1438 1773 1507 capiendi,quam
1824 1451 1945 1490 rem
1996 1433 2108 1488 sibi

461 1546 709 1587 summae
742 1527 897 1583 laudi
931 1528 1052 1583 fore
1080 1530 1363 1598 speraret.
1390 1529 1590 1597 Itaque
1612 1542 1761 1597 equo
1784 1523 2108 1579 calcaribus

461 1620 703 1674 incitato
732 1616 1012 1672 acerrimo
1046 1616 1101 1670 in
1136 1616 1293 1670 hunc
1336 1614 1559 1686 impetu
1606 1614 1917 1668 invectum.
1951 1611 2105 1666 Pho-

459 1725 584 1765 cam
613 1725 679 1764 eo
710 1710 1021 1777 conspecto
1050 1709 1107 1760 et
1136 1705 1331 1775 agnito
1377 1704 1579 1759 leviter
1608 1718 1821 1774 equum
1875 1700 2105 1755 ﬂexisse

458 1804 514 1855 et
557 1816 618 1856 se
661 1798 895 1855 obvium
940 1795 1182 1865 tulisse;
1239 1795 1437 1867 itaque
1492 1794 1717 1849 clavam
1766 1794 1825 1848 in
1874 1792 2099 1863 galeam

454 1886 816 1945 Constantini
848 1886 1184 1957 impegisse,
1206 1889 1271 1939 ut
1301 1884 1351 1938 is
1384 1885 1456 1938 ob
1491 1884 1645 1938 ictus
1674 1880 2098 1937 intolerabilem

447 1979 565 2033 vim
617 1977 818 2033 statim
880 1976 1078 2031 animo
1122 1973 1499 2044 delinquente
1549 1972 1619 2027 ab
1668 1987 1734 2027 eo
1783 1970 2096 2025 decideret.

448 2070 629 2131 Quem
663 2068 803 2122 dum
836 2066 927 2120 sui
959 2064 1180 2120 omissa
1210 2064 1469 2117 hostium
1504 2060 1905 2132 persecutione
1935 2058 2101 2114 attol-

444 2156 577 2211 lunt
633 2159 808 2225 atque
864 2157 1093 2217 curant,
1145 2151 1377 2207 interim
1429 2150 1681 2205 Phocam
1740 2148 2094 2204 securiorem

444 2246 590 2300 431
623 2246 749 2314 jam
795 2243 1038 2307 factum,
1070 2241 1170 2295 sed
1226 2256 1341 2295 non
1391 2239 1600 2294 laxatis
1645 2254 1794 2310 equo
1847 2237 2094 2293 habenis

443 2332 597 2388 lente
646 2346 1045 2404 progressum,
1077 2329 1353 2386 evasisse.
1387 2328 1479 2384 Sic
1511 2328 1732 2384 Phocas
1780 2342 1913 2382 cum
1966 2327 2092 2381 suis

444 2422 702 2495 elapsus,
736 2424 1015 2491 occupato
1048 2418 1369 2475 Charsiano
1410 2422 1466 2473 et
1518 2416 1726 2473 castris
1758 2415 1983 2487 positis,
2020 2416 2089 2469 de

440 2512 637 2566 futuro
669 2509 967 2581 cogitavit,
1002 2507 1237 2563 interim
1275 2506 1490 2562 multos
1522 2508 1591 2562 ad
1636 2522 1698 2562 se
1744 2506 2086 2560 accedentes

436 2598 808 2671 imperatoris
840 2598 1076 2652 nomine
1127 2597 1451 2652 honoribus
1497 2595 1782 2659 afﬁciens,
1815 2609 2086 2649 suorum-

432 2706 544 2759 que
568 2688 925 2744 alacritatem
952 2686 1251 2741 benefieiis
1269 2685 1550 2740 excitans.
1571 2688 1712 2738 Eum
1732 2683 2086 2737 subsecutus

431 2778 647 2847 Durus,
670 2776 881 2832 castris
924 2776 994 2831 ad
1045 2775 1326 2830 Thermas
1374 2772 1783 2846 imperatorias
1809 2771 1941 2842 (loci
1975 2770 2084 2825 hoc

430 2882 641 2921 nomen
701 2870 811 2928 est)
860 2863 1089 2934 locatis,
1136 2864 1541 2935 cognominem
1596 2878 1768 2916 suum
1820 2860 2083 2930 (utrique

432 2954 584 3010 enim
610 2954 811 3009 Bardae
841 2958 965 3009 erat
993 2951 1226 3023 nomen)
1248 2952 1319 3005 ad
1354 2966 1611 3023 pugnam
1646 2954 1937 3021 provocat.
1959 2951 2079 3014 Quo

431 3043 701 3100 alacriter
726 3042 1083 3098 assentiente
1106 3057 1336 3095 rursum
1374 3055 1569 3112 pugna
1592 3038 2082 3094 committitur.Ac

426 3132 659 3189 tametsi
691 3129 1035 3203 aliquandiu
1064 3129 1421 3185 restitissent
1452 3128 1670 3182 milites
1703 3127 1922 3195 Phocas,
1947 3127 2075 3198 ipso

2234 540 2650 615 θαλαμευόμενα
2703 544 2792 599 καί
2851 554 3196 627 σκιατραφῆ,
3263 547 3395 625 ἄρας
3466 553 3573 609 ἀπὸ
3648 540 3879 621 Μικαίας

2230 632 2367 707 πρὸς
2422 631 2485 685 τὸ
2544 632 2817 706 Ἀμώριον
2878 634 3053 690 ἄπεισι
3116 641 3355 713 [Ρ.692]
3412 645 3499 697 καὶ
3549 648 3879 716 συναντήσας

2231 719 2597 792 συμπλέκεται
2651 726 2728 793 τῷ
2785 728 2993 795 Φωκᾷ.
3071 727 3183 783 Οὐκ
3250 730 3595 787 ὑποστάντων
3654 731 3713 789 δὲ
3769 741 3874 791 τῶν

2228 809 2350 884 περὶ
2380 810 2472 863 τὸν
2503 816 2697 865 Φωκᾶν
2728 808 2815 865 διὰ
2863 813 2925 867 τὸ
2978 821 3097 877 ταῖς
3146 821 3626 894 προηγησαμέναις
3682 831 3872 893 ἥτταις

2228 900 2577 973 χαυνωθῆναι
2650 901 2742 954 τὸν
2813 908 2913 970 τῆς
2980 901 3198 978 ἀνδρίας
3273 908 3456 972 αὐτοῖς
3513 911 3600 965 καὶ
3656 914 3875 986 τόλμης

2223 987 2401 1055 τόνον,
2456 988 2896 1065 ἐπικρατέστερος
2927 989 3124 1067 γίνεται
3182 995 3209 1049 6
3269 997 3542 1070 Σκληρός.
3576 1001 3655 1057 Οὐ
3690 1004 3874 1074 μέντοι

2224 1075 2312 1130 καὶ
2373 1078 2706 1132 παντάπασιν
2769 1078 2821 1143 ἐς
2872 1081 3169 1157 ὑπαγωγὴν
3221 1082 3459 1160 ἄκοσμον
3519 1088 3804 1147 ἐσκέδαστο
3836 1095 3869 1162 ἡ

2221 1166 2443 1254 στρατιᾷ
2496 1170 2576 1254 τῷ
2638 1172 2824 1239 Φωκᾷ,
2885 1168 3012 1225 ἀλλ’
3069 1172 3407 1230 ὁποκλίνασα
3469 1179 3562 1249 μὲν
3618 1177 3868 1254 ἐνέδωκε,

2222 1251 2486 1328 σχολαίαν
2545 1251 2603 1308 δὲ
2655 1254 2893 1311 ἐποιεῖτο
2946 1261 3046 1328 τὴν
3108 1262 3481 1339 ὑποχώρησιν,
3545 1268 3617 1328 ὡς
3651 1270 3726 1339 μὴ
3764 1251 3867 1325 ὑπδ

2221 1338 2425 1403 δειλίας
2504 1340 2681 1398 δοκεῖν
2757 1343 3104 1418 ἐλαύνεσθαι,
3186 1350 3311 1407 ἀλλ“
3373 1353 3424 1424 ἐξ
3498 1338 3869 1431 ἐπιτάγματος

2224 1432 2457 1486 ὑπείκειν
2544 1440 2903 1509 στρατηγικοῦ
2960 1439 3075 1508 μετ’
3128 1439 3423 1514 εὐκοσμίας
3482 1445 3571 1500 καὶ
3636 1446 3860 1516 τάξεως.

2218 1521 2317 1576 Καὶ
2382 1522 2481 1596 γὰρ
2555 1519 2621 1590 δὴ
2697 1525 2787 1577 καὶ
2864 1530 3007 1580 νῶτα
3076 1524 3266 1591 δόντας
3332 1531 3459 1595 τοὺς
3528 1537 3863 1609 στρατιώτας

2215 1609 2306 1663 καὶ
2364 1610 2502 1684 πρὸς
2555 1614 2727 1688 φυγήν
2778 1613 3145 1688 ὡρμημένους
3179 1660 3194 1686 ,
3247 1614 3463 1676 ὄπισθεν
3526 1621 3774 1700 οὐραγῶν
3834 1628 3862 1682 6

2214 1700 2409 1791 4391i:
2451 1700 2590 1791 uol):
2624 1700 2871 1764 ἐπιόντας
2909 1704 3148 1776 ἠμύνετο
3195 1709 3286 1761 καὶ
3335 1709 3395 1764 οὐ
3457 1711 3590 1784 μετά
3630 1710 3864 1791 σφοδρο-

2209 1786 2376 1858 τάτης
2404 1786 2486 1842 εἴα
2522 1788 2641 1863 βίας
2685 1792 2774 1845 καὶ
2826 1791 3006 1867 ῥύμης
3063 1798 3480 1875 προσφέρεσθαι.
3552 1786 3717 1858 Ἔνθα
3765 1803 3860 1859 καὶ

2211 1875 2425 1950 λέγεται
2486 1885 2877 1935 Κωνσταντῖνον
2934 1884 3026 1937 τὸν
3091 1880 3299 1959 Γαὸρᾶν
3357 1888 3491 1961 μετά
3545 1895 3651 1946 τῶν
3718 1892 3865 1971 ἀμφ⁸

2208 1964 2367 2020 αὐτὸν
2426 1968 2487 2022 τὸ
2544 1972 2737 2044 φεῦγον
2815 1967 3082 2027 διώκοντα
3150 1972 3443 2049 φιλοτιμίᾳ
3500 1964 3852 2054 χρησάμενον

2207 2054 2433 2129 ἀκαίρῳ,
2518 2055 2607 2110 καί
2677 2056 2918 2134 μεγάλην
2990 2059 3232 2118 εὔκλειαν
3309 2062 3439 2138 ἕξειν
3500 2067 3747 2138 οίηθέντα
3808 2070 3855 2125 εἰ

2206 2143 2568 2218 αἰχμάλωτος
2601 2147 2687 2200 ὑπ’
2735 2148 2902 2203 αὐτοῦ
2925 2152 3135 2223 γένοιτο
3169 2154 3196 2208 6
3228 2160 3443 2224 Φωκᾶς,
3498 2158 3857 2229 μυωπίσαντα

2202 2233 2293 2287 τὸν
2326 2234 2371 2305 ᾦ
2404 2234 2674 2310 ἐπωχεῖτο
2702 2235 2897 2307 είππον,
2962 2240 3093 2311 μετᾶ
3155 2242 3414 2319 μεγίστης
3456 2246 3634 2320 ὁρμῆς
3683 2270 3859 2325 προσ-

2203 2329 2486 2396 ενεχθῆναι
2530 2328 2609 2395 τῷ
2669 2329 2862 2398 Φωκῇ.
2916 2328 3013 2384 "Ov
3074 2328 3232 2393 οὗτος
3268 2331 3395 2387 ἰδὼν
3443 2335 3533 2389 καί
3584 2335 3731 2400 ὅστις
3767 2337 3856 2409 ε’ίη

2200 2414 2560 2481 κατανοήσας,
2646 2415 2828 2489 ἠρέμα
2912 2416 3003 2471 τὸν
3084 2416 3257 2475 ’ίππον
3336 2426 3676 2500 παρενεγκὼν
3759 2428 3855 2483 καὶ

2202 2498 2526 2563 ὑπαντιάσας
2577 2502 2724 2557 παίει
2789 2504 2992 2580 κορύνῃ
3046 2510 3181 2563 κατὰ
3236 2516 3335 2580 τῆς
3390 2498 3637 2588 κόρυθος.
3683 2518 3787 2571 Καὶ
3824 2518 3854 2572 6

2202 2589 2297 2682 μεν
2342 2589 2749 2682 λειποθυμήσας
2780 2597 2846 2667 τῇ
2880 2595 3227 2671 ἀνυποστάτῳ
3280 2606 3419 2676 φορᾷ
3463 2610 3562 2672 τῆς
3618 2604 3849 2682 πληγῆς

2195 2678 2378 2733 πίπτει
2432 2681 2734 2755 παραυτίκα
2786 2687 2884 2737 τοῦ
2937 2682 3148 2757 ῑίτιτπου,
3203 2688 3230 2742 ὁ
3290 2686 3346 2744 δὲ
3404 2696 3600 2754 Φωκᾶς
3659 2678 3851 2759 ἀδείας

2198 2768 2446 2859 μείζονος
2504 2771 2687 2844 τυχὼν
2720 2778 2819 2840 τῆς
2869 2770 2956 2827 ἐπὶ
3006 2775 3074 2829 τὰ
3128 2777 3316 2851 πρόσω
3374 2781 3593 2855 πορείας
3626 2780 3840 2859 εἴχετο,

2193 2855 2376 2931 σχολῇ
2434 2857 2523 2911 καὶ
2598 2856 2769 2934 βάδην
2849 2860 2967 2930 ίὼν,
3040 2863 3166 2920 ἀλλ’
3219 2866 3321 2921 οὐκ
3375 2855 3840 2942 ἀνειμένοςντοῖς

2190 2942 2467 3019 χαλινοῖςσ
2528 2948 2581 3001 οἱ
2634 2948 2735 3025 γὰρ
2789 2948 2879 3003 σὺν
2910 2956 2990 3023 τῷ
3020 2948 3202 3027 Γαϐρᾷ
3228 2956 3319 3010 τὸν
3382 2957 3578 3013 οἰκεῖον
3612 2981 3840 3017 πεπτω-

2186 3033 2318 3087 κότα
2366 3034 2684 3107 θεασάμενοι
2740 3042 3061 3115 στρατηγὸν,
3120 3042 3209 3097 καὶ
3267 3043 3581 3117 ἐπιμέλειαν
3633 3050 3839 3106 τούτου

2183 3124 2481 3194 τιθέμενοι,
2529 3124 2727 3193 ἀνῆκαν
2776 3127 2867 3182 τὸν
2920 3125 3190 3204 διωγμόν.
3249 3133 3309 3190 Ὀ
3360 3132 3416 3189 δὲ
3464 3142 3657 3200 Φωκᾶς
3714 3138 3843 3213 ἅμα

423 3222 802 3292 undiquaque
853 3218 1375 3289 circumequitante
1406 3226 1460 3273 et
1490 3219 1675 3273 ferrea
1723 3215 1883 3271 clava
1936 3214 2073 3270 hos-

2195 3218 2306 3307 τοῖς
2360 3212 2451 3267 σὺν
2484 3213 2630 3307 utin]:
2656 3215 2751 3269 τὸν
2784 3215 3107 3291 λεγνόμενον
3158 3222 3458 3296 Χαρσιανὸν
3485 3212 3843 3307 κατειληφὼς

425 3309 572 3364 tium
616 3309 939 3379 dissipante
987 3307 1222 3361 ordines
1254 3312 1430 3377 atque
1477 3306 1820 3360 innumeras
1872 3304 2076 3359 edente

428 3398 635 3463 cmdes,
667 3402 863 3452 tamen
899 3396 1009 3452 fusi
1044 3397 1113 3451 ad
1145 3401 1471 3451 extremum
1508 3395 1706 3465 fugam
1741 3393 1982 3448 faciunt.

2184 3302 2396 3363 κάκεῖςε
2447 3300 2808 3376 αὐλισάμενος
2853 3305 3065 3361 ἐσκόπει
3131 3309 3193 3363 τὸ
3245 3310 3473 3383 μέλλον,
3529 3300 3739 3387 τιμαῖς,
3777 3340 3843 3375 τε

2183 3395 2325 3482 ταῖς.
2355 3389 2415 3443 ἐκ
2464 3390 2730 3482 βασιλέως
2762 3392 3106 3482 δεξιούμενος
3148 3381 3396 3462 πολλοὺς
3445 3381 3841 3482 πρόσίροιτῶν-

427 3503 543 3549 τας,
575 3481 663 3535 καὶ
692 3486 800 3535 τῶν
827 3482 1092 3535 συνόντων
1123 3479 1441 3555 εὐεργεσίαις
1470 3478 1923 3554 παραθερμαίνων
1955 3475 2049 3537 τὰς
2082 3474 2411 3550 προθυμίας.
2464 3476 2763 3549 Ἑπόμενος
2795 3476 2852 3532 δὲ
2880 3480 3057 3554 τούτῳ
3086 3484 3173 3536 καὶ
3207 3485 3234 3537 6
3268 3474 3544 3562 lenpoc,
3584 3474 3671 3543 καὶ
3702 3493 3841 3567 περί

425 3590 546 3625 τινα
574 3571 741 3624 τόπον
776 3568 1043 3625 Βασιλικᾶ
1075 3570 1248 3643 θέρμα
1277 3566 1613 3641 καλούμενον
1641 3566 2082 3635 κατασκηνώσας,
2117 3563 2193 3625 εἷς
2230 3566 2414 3638 μάχην
2446 3566 2545 3634 τὴν
2587 3567 2880 3641 ὁμώνυμον
2933 3568 3258 3642 ἐξεκαλεῖτο.
3311 3576 3617 3640 Ἀσπασίως
3656 3577 3712 3634 δὲ
3738 3563 3839 3636 καὶ

413 3660 609 3714 τούτου
641 3658 928 3733 δεξαμένου
958 3662 1056 3728 τήν
1091 3658 1396 3725 πρόκλησιν
1431 3657 1581 3715 αὖθις
1616 3656 1768 3731 ἑτέρα
1798 3654 2104 3709 συνίσταται
2137 3655 2316 3727 μάχη.
2348 3655 2443 3707 Καὶ
2476 3656 2674 3728 χρόνον
2708 3659 2801 3728 μέν
2829 3679 2948 3713 τινα
2970 3660 3227 3736 ἀντὲσγον
3261 3665 3453 3739 οἱπερὶ
3486 3668 3576 3721 τὸν
3602 3676 3805 3724 Φωκᾶν

414 3748 582 3803 αὐτοῦ
607 3748 802 3803 τούτου
832 3747 1267 3823 παριππεύοντος
1298 3748 1611 3820 ἁπανταχοῦ
1641 3744 1728 3799 καὶ
1759 3748 1827 3817 τῇ
1862 3742 2083 3816 σιδηρὲᾳ
2111 3740 2314 3814 κορύνῃ
2337 3742 2430 3803 τὰς
2461 3747 2567 3796 τῶν
2597 3742 2845 3800 ἐναντίων
2872 3746 3167 3824 ῥηγνύντος
3197 3720 3481 3829 φάλαγγας
3512 3756 3597 3809 καὶ
3625 3720 3831 3833 μύριοᾷ

415 3836 777 3915 ἐργαζομένου
809 3838 991 3917 φόνονο
1027 3839 1179 3911 ὸμως
1213 3835 1268 3891 δὲ
1298 3836 1386 3891 καὶ
1410 3835 1573 3890 πάλιν
1607 3838 1752 3888 νῶτα
1784 3830 2076 3893 δεδωκότες
2110 3831 2160 3884 οἱ
2191 3831 2313 3903 περὶ
2345 3836 2536 3885 τοῦτον
2569 3833 2891 3908 ἐτράπησαν.

479 3965 559 4019 Ab
591 3965 697 4020 hoc
728 3963 928 4035 prmlio
976 3963 1200 4019 Phocas
1232 3966 1447 4033 quanta
1488 3959 1613 4015 fieri
1660 3961 1884 4029 poterat
1914 3957 2061 4013 cele-

407 4052 579 4107 ritate
608 4052 666 4105 in
704 4052 948 4107 lberiam
994 4052 1134 4117 abit,
1166 4055 1224 4104 et
1275 4068 1307 4105 a
1356 4048 1570 4105 Davido
1621 4050 1750 4117 ejus
1805 4046 2060 4118 regionis

408 4139 671 4210 principe
728 4139 1031 4211 suppetias
1082 4138 1246 4209 petit,
1278 4142 1336 4193 et
1379 4137 1657 4209 impetrat
1713 4153 1853 4191 sane
1903 4135 2057 4189 haud

407 4228 820 4299 exiguas.Eral
848 4228 1004 4283 enim
1037 4227 1257 4282 Phocas
1288 4226 1809 4295 amicitiajunctus
1842 4224 2057 4278 Davido

405 4332 473 4372 ex
506 4333 572 4372 eo
602 4320 862 4387 tempore
895 4332 1009 4387 quo
1040 4314 1291 4371 Chaldiaa
1323 4315 1440 4369 dux
1466 4314 1673 4369 fuerat.
1706 4319 1843 4367 Cum
1881 4313 1970 4366 his
2001 4316 2059 4367 et

406 4405 530 4462 suis
556 4421 704 4476 quos
724 4422 792 4460 ex
815 4405 950 4477 fuga
972 4403 1303 4476 collegerat,
1322 4404 1392 4458 ad
1418 4402 1766 4458 Pancaleam
1788 4405 2056 4474 (campus

403 4498 493 4549 est
520 4493 675 4549 latus
706 4510 773 4548 ac
803 4494 884 4548 rei
927 4491 1185 4564 equestri
1236 4496 1427 4562 aptus,
1460 4491 1723 4563 proxime
1768 4491 1912 4562 Alyn
1944 4490 2053 4544 ilu-

404 4596 537 4637 men
572 4582 745 4653 situs)
778 4582 960 4651 ducit,
993 4581 1091 4636 ubi
1141 4581 1284 4636 Duri
1333 4586 1527 4637 castra
1573 4583 1758 4635 erant.
1794 4579 2051 4634 Rursum

402 4671 562 4727 omni
591 4670 643 4726 vi
676 4676 1025 4742 pugnatum.
1050 4671 1201 4726 432
1225 4673 1405 4741 Atque
1437 4669 1531 4724 hic
1553 4668 1774 4725 Phocas
1806 4684 2052 4724 cernens

400 4776 539 4815 suos
561 4759 842 4831 paulatim
866 4759 1251 4815 succumbere
1266 4762 1440 4830 atque
1458 4759 1529 4812 ad
1552 4757 1745 4828 fugam
1766 4760 2047 4828 spectare,

398 4847 701 4904 honestam
733 4853 980 4904 mortem
1015 4846 1172 4920 turpi
1195 4852 1370 4918 atque
1401 4846 1607 4902 infami
1630 4848 1755 4901 vitae
1779 4850 2051 4917 praestare

397 4941 581 5004 ratus,
617 4937 883 5008 disjectis
923 4936 1184 4992 hostium
1221 4936 1527 4991 ordinibus
1558 4935 1616 4989 in
1655 4935 1849 5006 ipsum
1882 4934 2050 4990 vehe-

398 5027 579 5081 menti
612 5026 835 5097 impetu
866 5026 1050 5080 fertur
1094 5027 1316 5080 Durum
1350 5024 1577 5080 fortiter
1606 5024 2045 5091 subsistentem,

396 5115 631 5172 nemine
662 5115 912 5169 militum
939 5113 1282 5185 opitulante,
1309 5114 1460 5184 quod
1492 5129 1697 5169 omnes
1728 5113 2047 5168 certamine

398 5202 613 5259 ducum
660 5203 893 5260 decerni
943 5202 1163 5259 bellum
1214 5206 1516 5274 cuperent.
1547 5201 1618 5257 Et
1646 5202 1885 5273 quidem
1915 5200 2044 5273 pul-

395 5288 750 5348 cherrimum
808 5292 1117 5347 videbatur
1172 5289 1596 5362 spectaculum,
1650 5306 2045 5363 magnamque

2244 3955 2477 4011 Ἐκεῖθεν
2504 3955 2604 4041 ,οὖν
2632 3958 2658 4012 ὁ
2720 3960 2937 4028 Φωκὰς,
2974 3961 3050 4023 ὡς
3082 3962 3217 4037 εἶχε,
3255 3962 3343 4019 διὰ
3372 3968 3584 4041 ταχέων
3617 3970 3829 4026 ἄνεισιν

2172 4040 2246 4103 εἷς
2291 4045 2389 4112 τὴν
2443 4040 2708 4120 Ἰϐηρίαν,
2755 4048 2843 4101 καὶ
2877 4044 3044 4104 Δαϐὶδ
3074 4056 3152 4122 τῷ
3180 4057 3288 4107 τῶν
3320 4040 3550 4129 Ἰϐήρων
3584 4059 3833 4133 ἄρχοντι

2168 4130 2485 4205 προσελθὼν
2520 4134 2596 4196 εἷς
2627 4133 2937 4212 ἐπικουρίαν
2981 4134 3099 4213 ᾔτει
3145 4143 3387 4218 στρατόν⁹
3432 4150 3528 4199 τοῦ
3577 4130 3837 4221 δέήμετᾶ

2166 4221 2471 4311 προβυμὲγας
2514 4223 2909 4299 ὑπηρετοῦντος
2958 4226 3307 4305 (ἐπεφιλίωτο
3353 4234 3452 4309 γὰρ
3501 4240 3579 4307 τῷ
3647 4243 3835 4311 Φωκᾷ

2167 4308 2217 4402 ἐξ
2244 4309 2305 4402 οὗ
2338 4308 2461 4402 δοὺξ
2492 4312 2558 4381 ἦν
2598 4313 2648 4367 ἐν
2690 4313 2942 4402 Χαλδία),
2994 4318 3121 4373 λαὸν
3172 4318 3369 4385 ἐκεῖθεν
3421 4321 3665 4402 εἰληφὼς
3714 4308 3835 4385 οὐκ

2166 4395 2374 4489 ὀλίγον,
2434 4400 2687 4473 ἀθροίσας
2729 4400 2905 4459 δὲκαὶ
2948 4406 3073 4469 τοὺς
3128 4410 3243 4473 μετ’
3287 4410 3451 4466 αὐτοῦ
3498 4395 3834 4489 ἐσκεδασμέ-

2162 4508 2292 4580 νους
2340 4484 2492 4552 ὄντας
2543 4490 2602 4545 ἐκ
2642 4498 2743 4561 τῆς
2782 4501 3009 4570 τροηῆς,
3043 4497 3276 4552 κάτεισιν
3310 4498 3387 4562 εἷς
3443 4500 3831 4580 Παγκάλειαν⁹

2162 4572 2287 4640 ἔνθα
2318 4577 2910 4667 στρατοπεδευσάμενος
2955 4584 3019 4652 ἦν
3066 4585 3093 4639 6
3145 4585 3422 4662 Σκληρός.
3455 4572 3637 4653 Τόπος
3687 4590 3747 4647 δὲ

2162 4664 2491 4740 Παγκάλεια,
2545 4666 2731 4724 πεδίον
2795 4670 3237 4747 ἀναπεπταμένον
3289 4697 3348 4732 τε
3404 4680 3493 4733 καὶ
3569 4664 3834 4752 ἱππήλαζ

2164 4775 2277 4827 τον,
2331 4750 2546 4830 ἔγγιστά
2610 4780 2716 4815 που
2774 4764 2870 4815 τοῦ
2900 4768 3151 4836 ποταμοῦ
3178 4762 3378 4829 Ἀλυος
3404 4766 3671 4841 κείμενον.
3698 4750 3828 4829 Καὶ

2162 4844 2362 4919 γίνεται
2411 4846 2575 4902 πάλιν
2636 4850 2892 4925 καρτερὸς
2939 4852 3109 4927 ἀγών.
3170 4855 3427 4920 Ἐνταῦθα
3476 4858 3568 4913 τὸν
3617 4858 3832 4919 ἑαυτοῦ

2162 4931 2293 4988 λαὸν
2327 4936 2650 5009 θεασάμενος
2709 4940 2737 4993 6
2795 4945 2989 5003 Φωκᾶς
3029 4944 3166 4997 κατὰ
3198 4945 3390 5018 μικρὸν
3423 4944 3694 5004 ἐνδιδόντα
3718 4954 3834 5009 καὶ

2158 5022 2294 5115 πρὸς
2330 5025 2521 5115 ’φυγὴν
2584 5025 2876 5115 βλέποντα,
2910 5033 2989 5103 [Ρ.
3021 5033 3148 5105 693]
3193 5031 3407 5108 βέλτιον
3458 5036 3591 5092 εἶναι
3623 5039 3833 5115 κρίνας

2154 5112 2247 5166 τὸν
2295 5110 2489 5184 εὐκλεῆ
2543 5114 2764 5178 θάνατον
2830 5125 2931 5188 τῆς
2992 5119 3245 5195 ἀγεννοῦς
3293 5124 3383 5177 καὶ
3441 5110 3836 5188 ἐπονειδίστου

2158 5204 2325 5293 ζωῆς,
2383 5203 2482 5293 τὰς
2537 5208 2667 5293 τῶν,
2701 5205 2949 5263 ἐναντίων
3001 5208 3272 5283 συγκόψας
3339 5209 3620 5290 φάλαγγας
3667 5220 3833 5293 πρὸς

2154 5288 2311 5344 αὐτὸν
2353 5291 2918 5380 Δμετὰᾷσιίροδρότητος
2948 5299 3089 5353 ἳεται
3154 5300 3246 5354 τὸν
3307 5288 3580 5377 Σκληρόν.
3615 5288 3830 5380 Εὐρώ-

2151 5398 2290 5441 στως
2348 5375 2406 5433 δὲ
2461 5378 2707 5437 κάκείνου
2762 5385 2862 5454 τήν
2922 5385 3087 5441 αὐτοῦ
3137 5375 3538 5463 ὑποδεξαμινηου
3597 5375 3828 5471 ὁρμὴν,

391 5471 686 5524 certamen
739 5467 953 5525 intueri
984 5469 1233 5524 duorum
1264 5468 1522 5523 virorum
1573 5468 1816 5525 audacia
1863 5473 2040 5539 atque

2195 5467 2235 5522 ιιῖ
2283 5467 2517 5541 μηδενὸς
2573 5476 2681 5527 τῶν
2749 5480 3092 5550 στρατιωτῶν
3151 5472 3591 5553 ἐπιϐοηθοῦντος,
3631 5467 3827 5547 Ἵάλλᾶ

389 5555 572 5612 animi
596 5556 803 5615 robore
823 5556 1471 5631 praestantissimorum.
1487 5557 1589 5613 His
1610 5572 1746 5629 ergo
1768 5556 2036 5613 cominus

2195 5560 2268 5650 ᾖ-
2297 5562 2404 5613 τῶν
2443 5559 2737 5650 ,ἀρχηγῶν
2783 5562 2981 5650 ,ἀγῶνι
3057 5566 3307 5640 κριθῆναι
3381 5569 3449 5623 τὰ
3504 5569 3825 5650 πράγγατα

388 5644 653 5708 duellum
707 5646 1074 5721 ineuntibus,
1131 5645 1325 5713 Durus
1382 5645 1584 5707 Phocas
1640 5645 1774 5721 equi
1832 5662 2033 5705 aurem

2195 5644 2559 5735 ουλευομένων
2594 5650 2706 5727 (καὶ
2736 5649 2836 5730 γὰρ
2866 5648 2933 5723 δὴ
2965 5653 3054 5710 καὶ
3115 5650 3357 5736 ἐφαίνετο
3414 5644 3697 5738 πάγκαλόν
3742 5687 3819 5727 τι

392 5378 840 5436 admirationem
862 5380 1291 5452 spectatoribus
1315 5380 1727 5447 excitaturum,
1746 5379 2042 5452 singulare
