4050 6326
113 522 214 584 165

1229 500 1774 569 HISTORIARUM
1818 501 2364 563 COMPENDIUM.

3387 504 3502 564 166

115 651 273 724 θεαμα
309 646 398 703 καὶ
448 643 785 716 καταπληξιν
852 647 969 703 τοῖς
1021 642 1216 716 ὁρῶσιν
1276 639 1472 712 ἐπάγον
1526 631 1783 711 ἀνδρῶν]

1895 637 2112 689 extram
2146 651 2262 689 una
2287 650 2420 688 cum
2468 633 2629 688 freno
2661 648 2799 688 ense
2844 637 3129 704 amputat,
3163 634 3282 691 Pho
3308 652 3372 690 as
3403 653 3499 691 ca-

117 740 201 795 δύο
229 734 543 813 μονομαχία
585 734 666 789 ἐπ’
722 730 990 804 εὐτολμίᾳ
1029 729 1119 784 καὶ
1173 729 1333 806 ῥώμῃ
1377 731 1562 802 ψυχῆς
1611 726 1744 801 μέγα

117 831 486 907 φρονοῦντων),
552 821 876 882 ὑποστάντες
933 819 1222 889 ἀλλήλους
1281 813 1564 891 συστάδην
1609 814 1745 888 ἐμά-

118 905 296 994 χοντο.
328 916 428 970 Καὶ
470 915 498 969 6
534 913 630 986 μὶν
675 910 921 988 Σκλροὸς
972 913 1068 964 τοῦ
1112 905 1290 962 Ἵππου
1345 910 1440 962 τοῦ
1488 912 1656 960 Φωκᾶ
1683 905 1746 960 τὸ

120 1007 276 1080 δεξιὸν
336 1005 428 1067 οῦς
490 1003 583 1058 σὺν
643 1000 722 1074 τῷ
795 997 1011 1076 χαλινῷ
1061 997 1254 1060 παίσας
1315 995 1614 1052 ἀποκόπτει
1669 998 1750 1065 τῷ

121 1098 244 1174 ξίφει
277 1137 291 1150 .
334 1097 364 1149 6
394 1091 450 1149 δὲ
500 1095 696 1153 Φωκᾶς
755 1093 822 1163 τῇ
871 1089 1072 1164 κορύνῃ
1124 1088 1362 1157 πατάξας
1412 1085 1568 1140 αὐτὸν
1615 1083 1751 1137 γατά

119 1171 205 1255 τῆς
236 1182 478 1262 κεφαλῆς
507 1185 700 1236 τοῦτον
737 1179 828 1252 μὲν
877 1176 966 1233 ἐπὶ
1010 1181 1108 1232 τοῦ
1131 1173 1424 1252 τραχήλου
1452 1178 1548 1229 τοῦ
1574 1171 1750 1227 ’ίππου

125 1278 285 1351 ῥίπτει
317 1278 396 1346 τῷ
430 1273 582 1348 βάρει
634 1277 734 1339 τῆς
783 1267 1006 1342 πληγῆς
1056 1266 1465 1342 κατενεχθέντα,
1497 1263 1655 1325 αὐτὸς
1696 1261 1752 1317 δὲ

126 1367 208 1420 τὸν
233 1363 403 1419 ’ἱππον
436 1359 710 1434 κεντρίσας
760 1358 848 1413 καὶ
898 1357 992 1418 τὰς
1035 1360 1145 1411 τῶν
1196 1353 1447 1409 ἐναντίων
1482 1351 1750 1426 διατεμὼν

127 1454 394 1532 φάλαγγας
427 1449 608 1523 ἔξεισι,
657 1447 745 1503 καὶ
797 1446 934 1522 πρός
979 1466 1100 1500 τινα
1150 1443 1312 1523 λόιρεν
1365 1443 1600 1499 ἀνελθὼν
1629 1443 1755 1503 τοὺς

129 1545 180 1599 ἐκ
201 1550 296 1613 τῆς
345 1547 555 1616 τροπῆς
603 1535 939 1593 ἀνεκαλεῖτο.
981 1535 1050 1592 Οἱ
1095 1532 1154 1590 δὶ
1205 1535 1326 1610 περὶ
1375 1534 1464 1588 τὸν
1501 1531 1754 1607 Σκληρὸν

128 1637 291 1692 κακῶς
347 1629 547 1706 ἔχοντα
609 1631 800 1683 τοῦτον
870 1617 932 1680 ἐκ
983 1627 1082 1694 τῆς
1161 1622 1382 1700 πληγῆς
1440 1621 1757 1696 θεασάμενοι

131 1723 207 1776 καὶ
237 1721 344 1792 ἤδη
385 1719 829 1794 λειποψυχοῦντα
858 1716 937 1788 τῷ
967 1713 1236 1790 τραύματι
1281 1712 1368 1768 ἑπί
1409 1733 1530 1768 τινα
1571 1713 1758 1787 πηγὴν

135 1810 307 1886 ἄγουσι
367 1810 460 1864 τὸν
517 1807 717 1883 λύθρον
777 1804 1218 1878 ἀπονιψόμενον’
1282 1801 1596 1856 ὑπώπτευον
1655 1801 1759 1876 γὰρ

131 1903 206 1956 καὶ
247 1899 340 1955 τὰν
395 1901 588 1953 Φωκᾶν
635 1892 832 1967 τελείῳ
873 1890 982 1964 ἤδη
1027 1890 1399 1968 παραδοθῆναι
1448 1892 1759 1966 ἀφανισμῷ.

131 1993 229 2047 Τοῦ
270 1987 448 2044 ἵππου
505 1983 562 2041 δὲ
619 1985 1120 2060 ἀποσκιρτήσαντος
1175 1980 1264 2036 καὶ
1311 1981 1402 2035 τὸν
1461 1978 1764 2055 κατέχοντα

136 2077 457 2155 ἀποδράντος
515 2075 604 2130 καὶ
683 2071 772 2129 διά
844 2077 951 2128 τῶν
1030 2071 1442 2146 στρατευμάτων
1505 2064 1764 2124 ἑπιϐάτου

136 2168 294 2245 χωρὶς
327 2169 546 2233 θέοντος
606 2165 820 2236 ἀτάκτῳ
877 2161 1045 2238 ῥύμῃ,
1076 2161 1164 2216 καὶ
1213 2165 1294 2233 τῷ
1332 2159 1521 2233 αἵματι
1554 2178 1760 2237 πεφυρ-

141 2259 287 2329 μὲνου
334 2254 656 2333 (Λῖγύπτιον
703 2253 795 2307 τὸν
849 2249 1020 2306 ἵππον
1075 2247 1350 2321 ἐκάλουν),
1400 2247 1490 2304 καὶ
1521 2269 1764 2319 καταμα-

137 2347 298 2410 θόντες
327 2345 542 2406 οὗτινος
592 2345 622 2398 6
673 2341 868 2412 ἵππος,
909 2340 998 2396 καὶ
1050 2339 1370 2412 νομίσαννες
1419 2339 1510 2393 τὸν
1560 2338 1762 2392 ἑαυτῶν

142 2435 362 2511 ἄρχοντα
463 2431 824 2511 πεπτωκέναι,
909 2429 1166 2511 ἀκόσμως
1263 2427 1548 2511 τρέπονται
1627 2426 1763 2501 πρὸς

139 2500 317 2584 φυγήν,
363 2510 639 2580 κρημνοῖς
698 2503 787 2558 καὶ
840 2500 1004 2559 ’Ἃλυϊ
1045 2500 1123 2573 τῷ
1166 2500 1402 2574 ποταιμῷ
1456 2500 1767 2577 ῥιπτοῦντες

142 2598 341 2657 ἑαυτοὺς
414 2596 503 2649 καὶ
569 2591 782 2654 ἀκλεῶς
859 2588 1262 2663 ἀπολλύμενοι,
1325 2587 1560 2663 μηδενὸς
1613 2587 1766 2650 ὄντος

143 2687 224 2740 τοῦ
268 2683 586 2746 διώκοντος.
647 2684 822 2740 Τοῦτο
878 2677 1111 2735 κατιδὼν
1173 2680 1202 2733 6
1262 2684 1457 2740 Φωκᾶς
1515 2678 1618 2732 ἀπὸ
1672 2681 1769 2732 τοῦ

149 2774 324 2848 λόεου,
355 2773 446 2828 καὶ
479 2774 624 2827 θεῖον
685 2768 840 2845 ἔργον
892 2769 1024 2824 εἶναι
1081 2769 1145 2824 τὸ
1201 2789 1446 2844 πραγμα,
1491 2767 1672 2842 ὥσπερ
1701 2769 1767 2836 ἦν

150 2863 292 2935 εἰκὸς,
325 2859 694 2931 ὑποτοπάσας,
742 2860 949 2914 κάτεισι
997 2856 1132 2931 μετά
1185 2861 1292 2912 τῶν
1340 2856 1604 2912 συνόντων
1651 2855 1770 2912 ἐπι-

1855 727 1958 794 put
1981 723 2117 776 Duri
2143 722 2302 778 clava
2325 723 2408 777 ita
2441 721 2590 793 ferit,
2609 726 2670 778 ut
2691 721 2741 777 is
2762 722 2815 775 vi
2850 722 2964 777 ictu
3002 728 3330 794 prostratus
3351 725 3499 780 collo

1854 812 1989 883 equi
2020 811 2422 867 incumberet:
2449 811 2573 882 ipse
2600 811 2902 866 ordinibus
2925 811 3183 867 hostium
3207 815 3502 886 perruptis

1857 901 2036 956 citato
2067 917 2216 972 equo
2247 900 2458 969 evadit,
2483 906 2539 956 et
2582 901 2642 955 in
2692 900 2988 955 tumulum
3021 903 3334 972 quemdam
3369 920 3502 959 eve-

1859 995 1988 1045 ctus
2020 1007 2157 1045 suos
2179 1006 2209 1044 e
2238 990 2372 1061 fuga
2394 988 2634 1061 colligit.
2660 988 2883 1043 Durum
2907 990 2996 1044 sui
3023 990 3276 1062 graviter
3294 1009 3363 1047 ex
3384 991 3504 1048 ictu

1859 1077 2122 1134 laborare
2173 1079 2413 1149 jamque
2469 1079 2665 1134 animo
2723 1077 3062 1150 delinquere
3110 1081 3391 1150 videntes,
3433 1082 3505 1136 ad

1860 1167 2077 1221 fontem
2111 1171 2416 1238 quemdam
2441 1168 2740 1222 adducunt
2771 1167 2997 1223 cruoris
3027 1167 3258 1223 eluendi
3291 1186 3508 1226 causa:

1863 1272 1999 1310 nam
2031 1261 2226 1311 actum
2264 1257 2390 1327 jam
2433 1273 2673 1327 prorsus
2719 1272 2848 1312 esse
2879 1257 2950 1312 de
2981 1257 3170 1313 Phoca
3201 1259 3509 1329 putabant.

1864 1345 1950 1400 Ibi
1983 1362 2116 1400 cum
2150 1362 2336 1416 equus
2377 1344 2539 1413 Duri,
2571 1345 2868 1416 Egyptius
2919 1344 3174 1413 nomine,
3207 1347 3281 1402 ab
3313 1363 3378 1404 eo
3411 1348 3513 1419 qui

1863 1436 2055 1506 ipsum
2088 1436 2344 1504 tenebat,
2369 1451 2429 1490 se
2456 1433 2770 1499 evellisset,
2792 1452 2856 1490 ac
2888 1435 3012 1491 sine
3035 1452 3262 1492 sessore
3291 1454 3393 1509 per
3422 1453 3514 1492 or-

1866 1526 2035 1580 dines
2081 1525 2298 1580 incerto
2349 1525 2566 1596 impetu
2599 1541 2803 1580 cruore
2836 1525 3105 1596 oppletus
3137 1526 3514 1597 discurreret,

1868 1614 2064 1685 agnito
2094 1631 2160 1670 eo
2201 1613 2418 1669 milites
2467 1613 2622 1684 Duri,
2658 1630 2834 1670 suum
2882 1614 3295 1685 imperatorem
3346 1632 3517 1672 occu-

1870 1703 2067 1760 buisse
2099 1703 2229 1770 rati,
2259 1704 2457 1774 fugam
2488 1703 2884 1759 inordinatam
2916 1703 3160 1768 faciunt,
3193 1721 3296 1776 per
3327 1705 3522 1776 praeci-

1872 1793 2016 1866 pitia
2049 1809 2175 1848 sese
2222 1796 2277 1848 et
2327 1793 2383 1847 in
2432 1791 2578 1865 Alyn
2629 1809 2860 1848 amnem
2893 1792 3236 1864 dejicientes
3267 1795 3420 1850 488
3453 1811 3520 1851 ac

1872 1881 2126 1954 turpiter
2183 1885 2517 1954 pereuntes,
2567 1881 2798 1937 nemine
2843 1880 3209 1952 insequente.
3241 1882 3404 1946 Quod
3435 1884 3520 1952 ,de

1874 1970 2020 2028 colle
2049 1971 2252 2026 videns
2293 1970 2537 2040 Phocus,
2572 1971 2786 2040 Deique
2829 1969 2939 2025 hoc
2973 1971 3117 2036 fieri,
3151 1976 3216 2026 ut
3245 1988 3387 2027 sane
3420 1973 3520 2028 fie-

1873 2063 1994 2128 bat,
2018 2065 2162 2117 nutu
2198 2060 2478 2129 sentiens,
2504 2077 2635 2116 cum
2669 2060 2794 2116 suis
2824 2060 3128 2116 descendit
3157 2065 3214 2116 et
3243 2061 3522 2134 fugienti-

1874 2153 1986 2208 bus
2029 2151 2228 2220 tnstat,
2263 2167 2391 2206 sese
2443 2149 2686 2206 invicem
2737 2149 3218 2206 conculcantibus
3249 2155 3306 2206 et
3334 2150 3526 2208 omnis

1875 2240 2234 2296 defensionis
2274 2238 2494 2303 oblitis,
2518 2254 2838 2309 eorumque
2870 2237 3016 2293 alios
3046 2237 3342 2310 interficit,
3378 2240 3524 2296 alios

1875 2329 2050 2401 capit.
2079 2333 2269 2384 Durus
2291 2345 2423 2383 cum
2449 2327 2652 2400 paucis
2675 2327 2910 2399 elapsus
2933 2327 3368 2400 Martyropolim
3393 2345 3526 2385 con-

1876 2419 2043 2488 fugit.
2067 2417 2205 2473 lnde
2223 2419 2456 2473 fratrem
2478 2434 2652 2473 suum
2667 2417 3120 2472 Constantinum
3143 2419 3212 2473 ad
3232 2417 3525 2474 Chosroen

1877 2505 2186 2578 Babylonis
2233 2505 2558 2578 principem
2608 2504 2788 2561 mittit
2834 2511 3174 2562 societatem
3213 2511 3272 2563 et
3310 2506 3529 2563 auxilia

1876 2596 2150 2668 petitum.
2173 2595 2438 2666 Cumque
2460 2595 2509 2651 is
2543 2612 2733 2651 moras
2765 2600 3002 2650 nectens
3035 2612 3224 2668 neque
3247 2600 3532 2652 annueret

1878 2701 2070 2757 neque
2101 2685 2414 2756 denegaret
2443 2684 2594 2755 quod
2629 2686 2957 2756 petebatur,
2982 2684 3228 2756 ideoque
3249 2686 3532 2742 Constan-

1879 2773 2040 2829 tinus
2081 2773 2307 2829 diutius
2364 2774 2615 2839 abesset,
2648 2779 2886 2830 coactus
2933 2773 3059 2846 ipse
3107 2791 3345 2847 quoque
3399 2791 3534 2830 cum

1883 2863 2162 2918 omnibus
2193 2862 2318 2917 suis
2349 2863 2552 2918 eodem
2587 2861 2727 2916 abit.

149 2951 336 3008 διώκων
368 2951 501 3013 τοὺς
535 2950 832 3028 φεύγοντας
885 2948 973 3002 ὑπ’
1021 2944 1288 3017 ἀλλήλων
1343 2945 1835 3021 συμπαλουμὲνους
1879 2951 1968 3005 καὶ
2028 2949 2201 3020 ἀλκῆς
2249 2949 2396 3012 ὅλως
2430 2949 2506 3022 μή
2543 2951 2945 3023 μεμνημὲνους,
2984 2949 3230 3014 καὶτοὺς
3264 2951 3357 3024 μὶν
3392 2951 3540 3006 ἀναι-

152 3048 263 3115 ρῶν,
288 3041 419 3105 τοὺς
453 3039 512 3095 δὶ
538 3037 921 3115 χειρούμενος.
953 3039 1015 3095 Ὀ
1038 3035 1096 3092 δί
1127 3035 1379 3110 Σκληρὸς
1413 3038 1529 3109 μετ’
1576 3034 1764 3115 ἀλίγνν
1800 3037 2083 3100 διασωθεὶς
2115 3060 2294 3119 φεύγει
2327 3038 2461 3114 πρὸς
2492 3038 2939 3113 Μαρτυρόπολινο
2969 3039 3168 3094 ἐκεῖθεν
3204 3037 3261 3096 δὲ
3288 3035 3550 3116 πρεσϐευ-

148 3133 229 3200 τὴν
259 3130 526 3202 ἑκπὶμπει
556 3129 647 3184 τὸν
675 3127 865 3182 ἑαυτοῦ
896 3123 1130 3204 ἀδελφὸν
1161 3131 1560 3181 Κωνσταντῖνον
1612 3129 1748 3202 πρὸς
1778 3129 2026 3203 Χοσρόην
2055 3132 2146 3183 τὸν
2194 3134 2294 3198 τῆς
2324 3122 2654 3190 Βαϐυλῶνος
2686 3125 3260 3205 ἅρχοντα,ἐπικουρίαν
3291 3129 3380 3184 καὶ
3413 3151 3546 3203 συμ-

156 3220 335 3295 μαχίαν
368 3219 562 3276 αἰτῶν.
596 3215 965 3293 Παρέλκοντος
1000 3212 1046 3269 δ’
1077 3213 1279 3270 ἐκείνου
1327 3215 1415 3269 καὶ
1467 3217 1608 3288 μήτε
1661 3220 1728 3290 τῇ
1781 3214 1926 3273 δόσει
1960 3217 2338 3290 συντιθεμένου
2376 3217 2500 3290 μήτ’
2538 3217 2989 3289 ἀπαναινομὲνου,
3021 3217 3110 3272 καὶ
3141 3221 3237 3271 τοῦ
3271 3221 3547 3274 Κωνσταν-

151 3310 282 3364 τίνου
303 3301 828 3384 χρονοτριόοῦντος,
866 3305 1184 3380 ἠναγκάσθη
1217 3304 1306 3360 καὶ
1338 3304 1500 3368 αὐτὸς
1533 3307 1561 3360 6
1613 3303 1866 3382 Σκληρὸς
1919 3307 2053 3380 μετά
2099 3311 2204 3360 τῶν
2247 3307 2515 3360 συνόντων
2546 3305 2794 3361 ἀπάντων
2823 3307 2957 3382 πρὸς
2986 3305 3233 3381 Χοσρόην
3267 3314 3550 3386 φοιτῆσαι⁸

209 3403 312 3462 Τῆς
342 3395 401 3452 δὲ
449 3401 551 3451 τοῦ
595 3394 851 3469 Σκληροῦ
896 3398 1106 3470 τροπῆς
1156 3392 1511 3470 ἀγγελθείσης
1565 3397 1644 3467 τῷ
1680 3397 1778 3470 βα·
1811 3400 1853 3466 ρ,

156 3486 276 3541 σιλεῖ
306 3486 397 3542 διὰ
448 3483 790 3561 γραμμάτων
841 3487 937 3538 τοῦ
991 3488 1181 3552 Φωκᾶ,
1211 3484 1301 3538 καὶ
1348 3490 1447 3554 τῆς
1505 3485 1579 3547 εἷς
1615 3479 1780 3559 βαὸυ-

159 3575 284 3630 λῶνα
311 3576 751 3650 ἀναχωρήσεως,
801 3577 993 3628 τοῦτον
1059 3574 1152 3646 μὲν
1214 3573 1242 3627 6
1304 3572 1558 3647 βασιλεὺς
1585 3571 1783 3628 ἀποδε-

160 3665 360 3737 ξάμενος
424 3663 592 3734 ἀξίως
651 3661 895 3736 ἐτίμησε,
953 3662 1089 3738 πρὸς
1149 3659 1207 3716 δὲ
1256 3662 1502 3736 Χοσρόην
1547 3664 1638 3717 τὸν
1683 3669 1783 3731 τῆς

164 3749 462 3827 βαὸυλῶνος
528 3752 929 3826 ἀμερμουμνῆν
996 3745 1329 3823 πρεσϐευτὴν
1373 3749 1635 3824 ἐκπέμπει
1695 3751 1788 3806 τὸν

166 3843 346 3912 Βέστην
405 3841 731 3920 Νικηφόρον
783 3839 874 3895 τὸν
925 3840 1190 3914 Οὐρανὸν,
1226 3839 1479 3895 ἱκετεύων
1515 3838 1788 3914 μηδεμιᾶς

168 3928 480 4008 ἐπιστροφῆς
533 3931 756 4002 ἀξιῶσαι
824 3929 917 3984 τὸν
977 3929 1313 4000 ἀποστάτην,
1369 3926 1508 4002 μηδὲ
1564 3928 1788 3998 θελῆσαι

166 4017 489 4094 παράδειγμα
546 4020 791 4094 γενέσθαι
865 4022 982 4080 τοῖς
1043 4017 1324 4093 ὀψιγόνοις
1378 4017 1606 4093 φαῦλον,
1657 4017 1790 4089 ἀμε-

168 4106 313 4177 λήσας
350 4109 444 4181 μὲν
487 4104 760 4182 βασιλέως
805 4103 1170 4179 ἀδικουμένου
1224 4104 1483 4181 βασιλεὺς
1511 4107 1597 4159 καὶ
1631 4104 1791 4168 αὐτὸς

169 4195 247 4265 ὧν,
276 4201 355 4268 [Ρ.
385 4198 523 4269 694]
555 4194 926 4269 προσθέμενος
970 4193 1027 4250 δὲ
1061 4193 1307 4268 τυράννῳ
1339 4191 1511 4266 ἀδίκῳ
1541 4193 1628 4248 καὶ
1660 4194 1796 4248 ἀπο-

171 4287 329 4360 στάτῃ.
409 4284 748 4361 Ἐνεχείρισε
841 4282 898 4340 δὲ
977 4284 1065 4339 καὶ
1163 4283 1461 4359 γράμματα
1543 4281 1799 4356 βασιλικά

178 4373 628 4448 ἐνσεσημασμένα,
685 4371 754 4429 δι’
805 4375 879 4428 ὧν
945 4373 1278 4446 συμπαθείας
1353 4373 1562 4443 ἀπάσης
1617 4377 1797 4428 κακῶν

174 4464 306 4533 ἠξίου
338 4465 432 4520 τὸν
489 4462 750 4538 Σκληρὸν
809 4464 898 4518 καὶ
949 4462 1076 4524 τοὺς
1127 4461 1383 4524 συνόντας
1433 4461 1599 4534 αύτῷ,
1633 4462 1678 4517 εἱ
1714 4482 1803 4536 με·

177 4554 490 4624 ταμαθόντες
542 4554 609 4608 τὸ
660 4549 778 4608 δέον
813 4553 905 4607 τόν
943 4573 1002 4608 τε
1051 4553 1254 4608 ὶαυτῶν
1304 4550 1561 4625 ἐπιγνωσι
1613 4548 1805 4606 δεσπο-

180 4661 260 4710 την
287 4643 375 4697 καὶ
406 4643 554 4716 πρὸς
605 4643 674 4696 τὰ
725 4641 901 4696 οἶκεῖα
941 4641 1390 4711 ὑπονοστήσουσι.
1442 4639 1808 4704 Διασωθὲντος

1963 3401 2286 3470 Imperator
2316 3397 2516 3453 Phocse
2561 3396 2776 3452 litteris
2808 3397 2878 3451 de
2908 3395 3048 3451 Duri
3082 3396 3246 3452 clade
3277 3401 3333 3453 et
3362 3397 3552 3470 Baby-

1891 3486 2084 3543 lonica
2127 3486 2482 3559 proiectione
2512 3486 2722 3540 certior
2767 3486 2979 3553 factus,
2999 3485 3196 3557 dignis
3226 3486 3550 3542 honoribus

1894 3577 2145 3632 Phocam
2179 3579 2585 3630 remuneratus
2606 3575 2673 3629 ad
2698 3575 2990 3630 Chosroen
3018 3574 3326 3647 Babylonis
3357 3591 3550 3630 amer-

1895 3681 2199 3721 mumnam
2234 3664 2460 3719 litteras
2507 3663 2699 3727 mittit,
2725 3663 2913 3735 legato
2959 3664 3029 3717 ad
3062 3679 3190 3717 eam
3223 3679 3343 3718 rem
3379 3664 3550 3719 Besta

1893 3753 2239 3826 Nicephoro,
2263 3753 2354 3807 cui
2413 3751 2638 3807 Uranus
2667 3751 2745 3823 (id
2797 3756 2887 3807 est
2933 3750 3148 3822 Caelus)
3189 3768 3548 3823 cognomen;

1899 3843 1971 3896 ab
2002 3859 2183 3914 eoque
2215 3841 2515 3896 contendit
2555 3858 2625 3896 ne
2672 3857 2846 3912 quam
2897 3839 3215 3912 perduellis
3267 3841 3554 3895 rationem

1899 3931 2132 3998 habeat,
2165 3947 2352 4000 neque
2405 3930 2652 4002 posteris
2703 3929 2838 3984 mali
2881 3928 3133 4002 exempli
3179 3934 3382 3984 auctor
3430 3943 3560 3984 esse

1901 4019 2057 4090 velit,
2092 4037 2190 4076 rex
2227 4020 2354 4091 ipse
2404 4019 2520 4090 regi
2571 4019 2818 4088 injurias
2869 4017 3052 4074 factas
3103 4018 3428 4090 negligens,
3464 4022 3564 4091 ty-

1903 4125 2088 4165 ranno
2121 4113 2314 4164 autem
2349 4108 2568 4177 injuste
2595 4113 2653 4163 et
2684 4107 2970 4179 perduelli
2999 4107 3317 4179 opitulans.
3344 4111 3450 4162 Dat
3480 4107 3561 4163 le-

1905 4202 2037 4270 gato
2069 4199 2247 4253 etiam
2281 4197 2508 4252 litteras
2533 4197 2606 4252 ab
2627 4197 2980 4270 imperatore
3013 4196 3412 4270 consignatas,
3438 4196 3565 4268 qui-

1905 4288 2019 4342 bus
2066 4287 2290 4342 Durum
2325 4290 2380 4340 et
2423 4303 2571 4357 quos
2621 4303 2820 4342 secum
2881 4285 2933 4343 is
2992 4285 3246 4342 habebat
3300 4285 3565 4340 omnium

1909 4380 2281 4449 peccatorum
2315 4374 2483 4430 venia
2521 4376 2898 4448 dignabatur,
2935 4375 3230 4448 siquidem
3263 4373 3567 4447 resipisce-

1910 4468 2040 4521 rent
2077 4480 2143 4518 ac
2191 4479 2366 4518 suum
2425 4463 2728 4520 dominum
2782 4468 3169 4538 agnoscerent
3215 4468 3272 4520 et
3320 4464 3564 4520 domum

1911 4554 2068 4610 43.!
2098 4551 2350 4624 quisque
2395 4569 2561 4608 suam
2609 4571 2668 4609 se
2719 4556 3070 4610 conferrent.
3104 4556 3248 4609 Cum
3281 4554 3351 4608 ad
3385 4553 3568 4608 Chos-

1915 4659 2052 4699 roen
2085 4643 2446 4714 pervenisset
2470 4642 2693 4698 Uranus
2723 4643 3049 4716 litteraque
3080 4641 3452 4715 imperatoris
3483 4641 3569 4695 in-
3630 4687 3639 4696 .

182 4727 226 4782 δὲ
266 4733 394 4807 πρὸς
437 4731 698 4804 Χοσρόην
751 4735 848 4786 τοῦ
905 4730 1148 4805 Οὐρανοῦ
1200 4729 1286 4784 καὶ
1338 4732 1446 4784 τῶν
1506 4727 1783 4804 βασιλικῶε

1916 4733 2269 4801 notuissent,
2292 4731 2574 4787 Chosroes
2605 4732 2844 4787 sinistra
2883 4733 3194 4804 suspicans
3225 4736 3282 4786 et
3307 4730 3570 4802 legatum

185 4821 524 4892 εωραθὲντων
579 4821 946 4893 γραμμάτων,
1006 4819 1034 4873 6
1093 4819 1343 4892 Χοσρόης
1397 4817 1486 4872 καὶ
1543 4817 1635 4872 τὸν
1679 4837 1809 4893 πρε·

187 4905 390 4979 εῧευτῆν
419 4911 515 4966 καὶ
575 4909 672 4964 τὸν
724 4906 975 4981 Σκληρὸν
1024 4907 1113 4962 καὶ
1154 4909 1350 4968 πάντας
1379 4907 1507 4970 τοὺς
1539 4906 1630 4961 σὺν
1665 4906 1812 4980 αὕτῷ

186 4998 461 5071 Ῥωμαίους
504 5000 822 5069 ὑπονοήσας
873 5001 1082 5076 φρουρᾷ
1127 4993 1487 5070 παραδίδωσι.
1547 4995 1648 5050 Καὶ
1681 4996 1810 5051 τού-

189 5107 291 5149 τους
319 5091 411 5158 μὲν
447 5091 602 5164 εἶχεν
625 5090 659 5158 ἡ
722 5088 953 5162 φρουρὰ,
994 5090 1103 5141 τῶν
1163 5083 1219 5139 δε
1266 5086 1342 5158 μὴ
1376 5083 1808 5140 συνανελθόντων

194 5175 482 5233 ἀποστατῶν
525 5181 614 5248 τῷ
660 5175 899 5250 Σκληρῷ
945 5174 1095 5233 Αὲων
1153 5173 1244 5247 μὲν
1279 5174 1307 5228 6
1342 5170 1704 5248 αἰχμάλωτος
1723 5174 1813 5228 καὶ

196 5265 234 5316 οἱ
256 5272 342 5320 τοῦ
363 5265 533 5322 δοῦκα
598 5262 948 5339 ’Δνδρονίκου
994 5267 1090 5318 105
1135 5260 1314 5318 Λυδοῦ
1345 5259 1531 5324 παῖδες
1582 5263 1816 5336 Χριστο-

200 5355 338 5428 eripe;
368 5357 397 5410 6
427 5353 730 5424 Ἐπείκτης
777 5353 865 5409 καὶ
916 5350 1123 5429 Βάρδας
1166 5353 1194 5406 6
1246 5351 1469 5427 Μογγὸς
1516 5345 1672 5428 (ἔφθη
1716 5351 1819 5427 γὰρ

201 5439 372 5506 ἱκιῖνος
425 5446 745 5517 ἀποθανεῖν)
798 5443 860 5498 τὸ
933 5441 1332 5518 Ἀρμακούριον
1379 5441 1469 5496 καὶ
1521 5442 1623 5510 τήν
1674 5440 1822 5497 Πλα-

201 5538 318 5587 τεῖαν
346 5535 548 5611 πέτραν
611 5533 702 5588 καὶ
760 5531 906 5588 ἄλλα
963 5532 1084 5586 τινὰ
1130 5529 1368 5607 φρούρια
1423 5528 1636 5609 ἐφυμνά
1666 5529 1718 5585 ἐν
1745 5534 1827 5603 τῷ

206 5620 366 5691 Θέματι
393 5623 631 5696 κείμενα
669 5625 778 5676 τῶν
827 5618 1146 5697 Θρᾳκησίων
1203 5618 1601 5694 κατεσχητότες
1649 5618 1829 5676 ἀντεῖ-

205 5727 286 5782 χον
331 5711 428 5775 ἶως
489 5709 708 5788 ὀγδόης
791 5706 1152 5779 ῗνδικτιῶνος,
1207 5708 1299 5765 καὶ
1379 5705 1720 5784 ἑπεκδρομάς
1773 5707 1835 5764 ἐκ

208 5799 382 5860 τούτων
438 5801 780 5877 ποιούμενοι
829 5800 896 5856 τὰ
947 5797 1216 5879 βασιλέως
1275 5796 1509 5857 ἐλύπουν
1544 5815 1558 5834 ·
1618 5798 1710 5857 καὶ
1770 5796 1834 5858 ού

1916 4825 1973 4878 et
2005 4825 2224 4876 Durum
2257 4835 2578 4890 omnesque
2609 4819 2710 4890 qui
2752 4836 2886 4874 cum
2929 4821 3055 4892 ipso
3084 4824 3252 4874 erant
3281 4821 3573 4875 Romanos

1921 4910 1981 4965 in
2012 4909 2341 4965 custodiam
2399 4906 2659 4962 tradidit.
2695 4907 2774 4963 De
2831 4907 3232 4979 perduellibus
3284 4907 3385 4978 qui
3439 4922 3573 4962 cum

1922 5004 2076 5054 Duro
2107 5014 2174 5053 eo
2206 5013 2322 5052 non
2370 5001 2668 5066 venerant,
2692 4995 2801 5051 Leo
2833 4994 3102 5067 captivus
3149 4999 3207 5050 et
3254 4993 3580 5051 Andronici

1923 5089 2066 5161 Lydi
2098 5087 2282 5152 ducae,
2309 5085 2407 5158 qui
2431 5085 2555 5156 jam
2583 5101 2612 5140 e
2634 5084 2777 5141 vivis
2807 5088 3157 5150 excesserat,
3182 5082 3309 5151 ﬁlii,
3332 5082 3580 5139 Christi-

1924 5176 2011 5233 fer
2040 5175 2274 5248 Epeicta
2301 5179 2360 5230 el.
2381 5175 2600 5230 Bardas
2623 5174 2886 5243 Moncus,
2911 5172 3348 5241 Armacurium,
3376 5172 3579 5226 Latum

1929 5281 2132 5322 saxum
2159 5268 2216 5319 et
2246 5263 2360 5319 alia
2393 5263 2618 5318 munita
2639 5261 2881 5318 castella
2912 5263 2972 5316 in
3005 5259 3323 5316 Thracensi
3355 5259 3586 5332 provin-

1931 5355 2020 5412 cia
2063 5357 2458 5425 occuparunt;
2508 5352 2760 5423 indeque
2809 5350 2978 5406 factis
3028 5348 3459 5421 eruptionibus,
3494 5349 3584 5404 di-

1933 5445 2153 5500 tionem
2200 5440 2571 5514 imperatoris
2611 5440 2942 5496 infestando
2990 5455 3180 5510 usque
3210 5439 3282 5494 ad
3316 5438 3586 5495 indictio-

1936 5548 2072 5589 nem
2101 5532 2136 5586 8
2167 5534 2631 5602 perseverarunt,
2679 5545 2869 5602 neque
2917 5528 3097 5584 ﬁnem
3148 5532 3284 5584 ante
3330 5529 3594 5585 iecerunt

1936 5619 2375 5679 latrociniorum
2409 5635 2588 5690 quam
2629 5617 2922 5691 promissa
2968 5616 3113 5691 ipsis
3167 5633 3273 5690 per
3300 5616 3594 5690 Nicepho-

1941 5725 2074 5769 rum
2106 5706 2416 5782 patricium
2445 5707 2894 5766 Parsacutinum
2923 5705 3280 5782 impunitate
3307 5706 3382 5764 ad
3411 5704 3593 5780 impeo

1946 5803 2205 5860 ratorsm
2233 5795 2654 5857 transiverunt.
3529 5805 3532 5807 λ
3582 5807 3585 5810 ·
