4050 6326
478 469 588 529 167

1820 454 2138 520 GEORGII
2183 456 2521 517 CEDRENI

3769 457 3891 518 168

473 597 599 672 πρὶν
651 592 948 651 ἐπαύσαντο
1004 592 1098 655 τάς
1167 590 1353 666 χώρας
1413 588 1827 658 λεηλατοῦντες,
1891 588 2017 664 πρὶν
2078 586 2137 642 ἃν
2226 586 2524 660 ἀμνηστίαν
2616 586 2903 666 εἰληφότες
2935 591 3111 643 κακῶν
3170 585 3259 643 διὰ
3318 590 3637 666 Νικηφόρου
3691 609 3891 663 πατρι-

473 686 593 740 κίου
617 690 715 739 τοῦ
748 686 1202 758 Παρσακουτῆνοῦ
1233 686 1310 753 τῷ
1348 679 1561 755 βασιλεῖ
1592 679 2049 754 προσεχώρησαν.

546 793 827 849 Caeterum
852 791 1138 846 Antonius
1162 790 1493 861 patriarcha
1519 804 1651 843 cum
1686 787 2015 843 sacerdotio
2047 802 2132 841 re-

2317 782 2454 839 Τότε
2505 782 2571 853 δὴ
2626 786 2712 840 κᾶὶ
2776 786 3067 847 Ἀντώνιος
3124 786 3151 839 ὁ
3199 786 3545 860 πατριάρχης
3600 785 3739 839 κατὰ
3796 786 3897 853 τὴν

476 884 832 950 nuntiasset,
861 884 1009 936 Duro
1034 880 1407 936 rebellionem
1436 883 1722 944 movente,
1749 882 1874 932 tum
1907 882 2132 947 tempo-

478 976 559 1029 ris
602 977 869 1027 mortuus
904 976 1027 1034 est;
1076 976 1429 1039 creatusque
1477 968 1812 1039 patriarcha
1862 965 2136 1020 Nicolaus

478 1060 959 1132 Cbrysobergius,
995 1075 1128 1113 cum
1174 1075 1275 1130 per
1308 1059 1337 1111 4
1369 1074 1553 1112 annos
1605 1055 1859 1112 Ecclesia
1904 1059 2133 1126 pastore

480 1154 788 1207 caruisset.
824 1148 920 1204 Sol
955 1149 1133 1203 etiam
1178 1146 1421 1203 meridie
1451 1145 1661 1201 defecit
1692 1149 1749 1200 et
1780 1143 1961 1200 stellas
1992 1161 2135 1198 con-

480 1245 691 1311 specta:
724 1245 883 1294 sunt.
918 1237 1105 1291 Simul
1139 1241 1313 1305 atque
1362 1236 1514 1290 diem
1569 1240 1892 1289 extremum
1926 1233 2138 1288 clausit

479 1329 803 1384 'l‘zimiscas
837 1328 1178 1398 imperator,
1201 1326 1439 1397 Bulgari
1472 1324 1809 1379 defecerunt
1847 1328 1901 1377 et
1944 1321 2134 1392 impe-

480 1418 631 1473 rium
659 1418 717 1471 in
741 1433 803 1472 se
828 1421 1083 1487 quatuor
1114 1416 1398 1469 fratribus
1426 1413 1873 1481 commiserunt,
1901 1411 2136 1481 Davido,

481 1505 874 1576 Mosi,Aaroni
899 1510 954 1559 et
977 1503 1267 1572 Samuelo,
1288 1504 1442 1558 ﬁlius
1466 1502 1642 1557 unius
1661 1501 1755 1558 cui
1778 1505 1901 1557 erat
1924 1516 2138 1572 magna

480 1596 631 1649 inter
696 1592 980 1667 Bulgaros
1052 1593 1314 1664 potentia
1373 1591 1641 1657 comitis,
1702 1607 1736 1645 a
1793 1607 1911 1661 qua
1966 1607 2026 1645 re
2082 1592 2139 1645 et

479 1685 628 1742 435
664 1682 1015 1754 Comitopuli
1068 1682 1539 1754 appellabantur.
1581 1679 1812 1735 Etenim
1862 1680 1933 1734 de
1983 1678 2138 1734 Petri

479 1778 650 1848 gente
682 1772 939 1844 reliquos
981 1788 1140 1828 mors
1181 1770 1510 1826 abstulerat
1540 1788 1553 1827 :
1590 1769 1822 1825 Borises
1853 1772 2048 1824 autem
2082 1773 2139 1823 et

481 1864 779 1919 Romanus
814 1861 988 1930 hujus
1019 1858 1122 1914 ﬁlii
1158 1860 1420 1928 abducti,
1446 1863 1509 1913 ut
1542 1862 1676 1913 ante
1708 1857 2039 1924 retulimus,
2075 1857 2135 1912 in

478 1954 684 2008 urbem
718 1951 796 2005 ibi
845 1950 1156 2021 degebant,
1189 1948 1422 2003 Borises
1474 1946 1739 2017 magistri
1789 1946 2073 2016 dignitate
2103 1962 2137 2001 a

475 2041 765 2097 Tzimisca
804 2044 1070 2108 ornatus,
1103 2042 1401 2093 Romanus
1433 2054 1467 2091 a
1493 2036 1748 2107 Josepho
1781 2036 2135 2091 cubiculario

2242 880 2337 930 106
2366 876 2624 952 Σκληροῦ
2672 876 3081 951 ἀποταξάμενος
3139 876 3462 933 ἀποστασίαν
3516 880 3584 950 τῇ
3633 877 3899 947 ἱερατείᾳ,

2244 962 2450 1019 ἀπεὸίω
2481 986 2493 999 °
2555 968 2641 1021 καὶ
2695 972 3088 1042 χειροτονεῖται
3138 987 3484 1042 πατριαργης
3538 965 3821 1027 Νικόλαος
3866 967 3895 1019 ὁ

2242 1055 2339 1122 τήν
2376 1057 2689 1127 ἐπωνυμίαν
2740 1052 3159 1133 Χρυσοϐέργιος,
3209 1064 3307 1125 τῆς
3367 1055 3693 1126 Ἐκκλησίας
3734 1055 3903 1109 ἀποι-

2248 1144 2451 1216 μάντου
2480 1142 2864 1216 διατελεσάσης
2916 1145 3003 1201 ἐπὶ
3065 1144 3156 1217 ἔτη
3214 1146 3445 1221 τέσσαρα
3474 1145 3610 1219 πρὸς
3643 1149 3721 1216 τῷ
3758 1144 3899 1216 ἡμί-

2246 1254 2344 1289 σει.
2375 1234 2627 1307 Ἐγένετο
2660 1232 2716 1289 δὲ
2745 1234 2833 1289 καὶ
2884 1230 3131 1309 ἔκλειψις
3178 1234 3341 1305 ἡλίου
3380 1235 3504 1310 περὶ
3546 1235 3713 1307 μέσην
3746 1234 3901 1305 ἠμέ-

2250 1342 2367 1397 ραν,
2400 1322 2477 1386 ὡς
2525 1323 2613 1377 καὶ
2674 1322 2897 1398 ἀστέρας
2949 1330 3201 1401 φανῆναι.
3262 1326 3383 1381 Τῶν
3443 1320 3500 1377 δὲ
3558 1322 3897 1397 Βουλγάρων

2250 1409 2363 1484 ἅμα
2391 1416 2459 1486 τῇ
2507 1411 2736 1487 τελευτῇ
2792 1418 2890 1468 τοῦ
2952 1412 3223 1487 βασιλέως
3283 1414 3537 1469 Ἰωάννου
3585 1412 3902 1480 άποστατη-

2248 1503 2476 1571 σάντων,
2561 1500 2749 1577 ἄρχειν
2830 1501 3005 1556 αὐτῶν
3112 1504 3560 1578 προχειρίζονται
3645 1499 3907 1575 τέσσαρες

2246 1588 2493 1667 ἀδελφοὶ,
2540 1586 2730 1661 Δαϐὶδ,
2782 1597 3045 1661 Μωϋτῆς,
3078 1592 3290 1667 Ἀαρὼν
3342 1591 3433 1646 καὶ
3467 1587 3759 1664 Σαμουὴλ,
3786 1588 3910 1651 ἑνὸς

2244 1684 2350 1733 τῶν
2409 1680 2555 1756 παρὰ
2634 1679 2978 1756 Βουλγάροις
3053 1680 3187 1755 μέγα
3260 1678 3599 1751 δυνηθέντων
3653 1698 3909 1752 κομητος

2248 1764 2399 1831 ὄντες
2426 1766 2616 1831 παῖδες
2645 1768 2732 1823 καὶ
2787 1767 2876 1824 διά
2924 1774 3085 1825 τοῦτο
3134 1769 3557 1843 κομητόπουλοι
3589 1788 3906 1842 κατονομα-

2250 1858 2450 1931 ζόμειυ
2485 1908 2491 1912 .
2530 1862 2653 1916 Τῶν
2692 1860 2794 1935 γάρ
2853 1860 2987 1914 κατὰ
3032 1861 3186 1935 γένος
3237 1859 3627 1935 προσηκόντων
3672 1862 3751 1929 τῷ
3802 1857 3911 1913 Πέ-

2250 1968 2359 2021 ιρῳ
2408 1949 2460 2001 οἱ
2518 1961 2612 2020 μέν
2672 1946 2837 2003 ἄλλοι
2894 1948 3104 2021 Θανάτῳ
3161 1946 3509 2020 διεκόπησαν,
3571 1946 3813 2023 Βορίσης
3847 1944 3911 2002 δὲ

2249 2037 2339 2091 καὶ
2370 2038 2657 2109 Ῥωμαιὲος
2684 2038 2735 2092 οἱ
2757 2042 2955 2093 τοῦτου
3012 2039 3121 2094 υἱοὶ
3170 2038 3247 2101 εἷς
3302 2039 3401 2107 τὴν
3432 2036 3595 2093 πόλιν
3619 2035 3909 2112 εἰσαχθέν-

480 2133 689 2187 intimo
721 2133 1033 2186 castratus.
1069 2128 1296 2183 Μοτίυο
1336 2124 1622 2181 Tzimisca
1651 2142 1718 2181 ex
1756 2126 1899 2181 urbe
1930 2124 2132 2196 profu-

2245 2147 2349 2193 τες,
2384 2125 2458 2188 ὡς
2490 2125 2543 2179 έν
2599 2132 2717 2187 τοῖς
2767 2124 3072 2201 ἔμπροσθεν
3134 2126 3367 2202 εἷ’ρηται,
3420 2121 3609 2199 ἔμενον
3644 2123 3695 2180 ἐν
3727 2126 3899 2199 αὐτῇ,

479 2224 691 2293 gerunt
720 2224 776 2274 et
818 2219 878 2273 in
917 2217 1249 2289 Bulgariam
1303 2216 1749 2284 contenderunt.
1781 2217 1859 2270 Ae
1892 2214 2132 2269 Bnrisen

479 2310 717 2382 quidem
754 2308 1010 2361 Romano
1052 2306 1253 2360 habitu
1297 2305 1595 2373 indutum,
1622 2306 1761 2359 dum
1797 2320 1898 2375 per
1928 2303 2136 2359 silvam

480 2398 791 2469 quamdam
817 2395 1052 2461 transit,
1074 2392 1365 2465 Bulgarus
1389 2393 1631 2464 quidam
1654 2394 1985 2448 Romanum
2009 2407 2138 2447 esse

482 2493 645 2543 ratus
673 2486 986 2540 interfecit.
1015 2489 1314 2539 Romanus
1345 2482 1660 2538 incolumis
1685 2484 1924 2549 mansit,
1949 2486 2005 2536 et
2038 2480 2139 2536 ali-

481 2580 699 2647 quanto
734 2577 864 2645 post
910 2573 966 2627 in
1002 2572 1204 2628 urbem
1240 2572 1432 2639 rediit,
1466 2576 1531 2627 ut
1580 2589 1686 2627 suo
1733 2571 1858 2626 loco
1889 2571 2135 2626 dicetur.

479 2663 559 2719 De
594 2668 847 2734 quatuor
878 2667 1073 2716 autem
1121 2661 1250 2715 istis
1296 2660 1577 2714 fratribus
1614 2660 1867 2713 [)avidus
1898 2658 2135 2729 quidem

478 2753 679 2808 statim
714 2751 879 2820 obiit,
906 2751 1097 2805 Moses
1144 2754 1338 2803 autem
1373 2750 1576 2803 Serras
1618 2764 1967 2819 oppugnans
1999 2762 2137 2802 saxo

479 2860 513 2898 a
545 2858 711 2897 muro
760 2841 913 2895 ictus
959 2839 1151 2911 periit.
1181 2844 1472 2892 Aaronem
1524 2837 1805 2891 Romanis
1849 2838 2043 2905 rebus,
2077 2841 2141 2891 ut

479 2932 794 2994 ferebatur,
816 2930 1103 2983 faventem
1139 2928 1315 2981 frater
1337 2925 1644 2981 Samuelus
1665 2942 1797 2980 cum
1828 2924 2026 2981 sobole
2050 2924 2139 2979 in-

481 3018 742 3085 terfecit,
793 3017 916 3073 solo
975 3015 1424 3081 Bladostblabo,
1485 3015 1587 3086 qui
1647 3016 1824 3071 etiam
1880 3014 2139 3070 Joannes

479 3113 822 3180 usurpatur,
874 3106 993 3160 filio
1043 3106 1170 3175 ejus
1220 3108 1413 3175 erepto
1446 3121 1479 3159 a
1509 3104 1834 3159 Radomero
1883 3102 2140 3159 Samueli

478 3197 621 3263 filio,
649 3212 823 3269 quem
858 3200 914 3251 et
944 3194 1275 3250 Romanum
1299 3197 1525 3249 vocant.
1553 3194 1605 3248 Is
1626 3192 1938 3247 Samuelus
1961 3192 2137 3248 homo

478 3286 798 3343 bellicosus
832 3301 897 3340 ae
941 3283 1156 3354 quietis
1206 3282 1546 3353 impatiens,
1579 3286 1788 3337 nactus
1840 3282 2139 3336 licentiam

480 3376 760 3431 Romanis
799 3372 1149 3429 exercitibus
1202 3370 1353 3426 bello
1405 3372 1683 3426 adversus
1716 3370 1935 3425 Durum
1969 3387 2139 3425 occu-

480 3464 655 3535 patis,
691 3463 844 3518 436
876 3466 1061 3517 totum
1089 3460 1462 3516 Occidentem
1497 3459 1935 3514 incursionibus
1967 3477 2135 3514 vexa-

2247 2216 2274 2269 ὁ
2310 2213 2487 2287 μὲνμά
2532 2235 2749 2289 γιστρος
2797 2215 2942 2289 παρά
3000 2220 3097 2270 τοῦ
3141 2214 3406 2292 βασιλέως
3429 2214 3681 2288 τιμηθεὶς
3710 2212 3908 2269 Ἰωάν-

2245 2307 2397 2359 νουὸ
2431 2302 2488 2359 δὲ
2542 2306 2823 2378 Ῥωμανὸς
2884 2306 3173 2379 ἐκτμηθεὶς
3232 2306 3299 2360 τὰ
3361 2302 3669 2380 παιδουργά
3719 2300 3895 2377 μόρια

2246 2396 2390 2470 παρά
2439 2399 2535 2450 τοῦ
2606 2397 3107 2469 παρακοιμωμένου
3178 2396 3441 2471 πρότερον
3490 2395 3712 2470 Ἰωσήφ.
3770 2394 3881 2448 Καὶ

2248 2483 2359 2537 ἐπεὶ
2410 2478 2606 2553 συνέϐη
2653 2484 2747 2538 τὸν
2809 2482 3034 2559 βασιλέα
3083 2485 3337 2553 Ἰωάννην
3394 2482 3708 2550 ἀποθανεῖν,
3745 2480 3901 2536 ἐκεῖ-

2248 2574 2333 2626 θεν
2393 2569 2874 2647 ἀποδιδράσκουσι,
2952 2572 3042 2627 καὶ
3118 2575 3220 2642 τήν
3295 2569 3633 2647 Βουλγαρίαν
3708 2570 3913 2645 φθάσαι

2248 2662 2565 2736 ἠπείγοντο·
2618 2661 2716 2715 Καὶ
2775 2662 2802 2716 ὁ
2856 2663 2951 2734 μὶν
3014 2660 3251 2737 Βορίσης
3295 2661 3437 2733 τόξῳ
3471 2659 3697 2737 βληθεὶς
3735 2658 3787 2712 ἰν
3830 2657 3917 2731 τῷ

2250 2747 2441 2805 διιέναι
2473 2750 2607 2804 κατά
2635 2771 2755 2805 τινα
2806 2750 3027 2826 λόχμην
3082 2751 3226 2825 παρά
3283 2770 3428 2811 τινος
3471 2745 3782 2821 Βουλγάρου
3816 2768 3913 2802 vo-

2252 2839 2511 2912 μίσαντος
2560 2840 2721 2894 αὐτὸν
2770 2844 3042 2911 Ῥωμαῖον
3099 2841 3231 2895 εἶναι
3283 2835 3579 2912 (ἐνεδέδυτο
3626 2836 3727 2911 γάρ
3781 2857 3914 2891 στο-

2251 2928 2354 2997 λὴν
2386 2931 2726 3001 Ῥωμαϊκὴν)
2773 2926 3103 2997 ἀπόλλυται,
3154 2929 3437 3001 Ῥωμανὸς
3469 2923 3527 2981 δὶ
3559 2924 3908 2998 διασώζεται,

2249 3020 2336 3073 καὶ
2370 3018 2558 3093 χρόνῳ
2589 3016 2806 3091 ὕστερον
2868 3015 3106 3071 ἔπάνεισι
3138 3017 3304 3071 πάλιν
3350 3016 3427 3078 εἷς
3470 3016 3571 3084 τὴν
3629 3011 3917 3090 βασιλίδα,

2251 3108 2326 3168 ὡς
2360 3106 2411 3162 ἐν
2442 3112 2521 3177 τῷ
2579 3104 2704 3179 ἰδίῳ
2750 3107 2906 3179 τόπῳ
2947 3104 3240 3176 λελέξεται.
3297 3104 3512 3160 Τούτων
3568 3102 3625 3159 δὲ
3652 3107 3759 3158 τῶν
3792 3123 3915 3158 τεσο

2252 3195 2428 3270 σάρων
2465 3193 2715 3269 ἀδελφῶν
2777 3192 2943 3250 Δαϐὶδ
3006 3196 3099 3268 μὲν
3147 3194 3303 3255 εὐθὺς
3353 3188 3561 3248 ἀπεϐίω
3604 3192 3910 3263 ἀναιρεθεὶς

2254 3284 2415 3356 μέσον
2479 3284 2781 3359 Καστορίας
2838 3285 2927 3340 καὶ
3005 3285 3253 3360 Πρέσπας
3307 3283 3397 3337 καὶ
3452 3282 3547 3343 τὰς
3596 3279 3909 3355 λεγομένας

2250 3372 2428 3436 Καλάς
2484 3371 2613 3446 δρῦς
2669 3375 2815 3449 παρά
2860 3392 3021 3427 τινων
3094 3372 3330 3447 Βλαχῶν
3378 3368 3599 3437 ὁδιτῶν,
3655 3375 3911 3439 Μωυσῆς

2250 3460 2307 3516 δὲ
2358 3462 2451 3523 τάς
2502 3461 2707 3537 Σέρῥας
2786 3460 3103 3536 πολιορκῶν
3182 3461 3321 3533 λίθῳ
3381 3460 3486 3514 ἀπὸ
3527 3463 3625 3513 τοῦ
3676 3457 3912 3533 τείχους

480 3553 582 3619 vit,
617 3570 731 3607 non
763 3550 1064 3606 Thraciam
1100 3552 1271 3604 modo
1316 3553 1373 3603 et
1422 3549 1817 3603 Macedoniam
1853 3565 1918 3602 ac
1950 3550 2132 3603 Thes-

2253 3550 2475 3626 βληθεῖς
2531 3550 2847 3620 ἐτελεύτησε
2881 3570 2893 3583 ·
2932 3550 3044 3605 καὶ
3102 3551 3192 3604 τὸν
3250 3550 3461 3624 Ἀαρὼν
3532 3546 3589 3603 δὲ
3639 3548 3705 3601 τὰ
3770 3549 3909 3604 Ῥω-

480 3641 750 3698 εειιοηὶοω
785 3640 1135 3712 propinqua,
1171 3640 1271 3694 sed
1302 3638 1665 3693 Thessaliam
1700 3654 1953 3708 quoque,
1986 3637 2135 3693 Graa-

468 3732 621 3786 ciam
671 3736 729 3785 et
779 3729 1266 3799 Peloponnesum.
1300 3731 1377 3781 Ae
1430 3727 1617 3780 multa
1668 3727 1821 3796 cepit
1869 3726 2132 3796 castella,

474 3836 723 3892 quorum
774 3820 1129 3890 praecipuum
1184 3816 1436 3871 Larissa.
1490 3816 1675 3885 Hujus
1724 3816 1945 3870 incolas
1994 3832 2129 3869 cum

471 3910 608 3965 totis
639 3907 881 3963 familiis
924 3908 983 3961 in
1036 3906 1306 3961 intimam
1358 3904 1659 3960 transtulit
1704 3904 2041 3975 Bulgariam
2074 3908 2131 3959 et

470 4014 711 4055 suorum
748 3997 1001 4052 militum
1028 3994 1244 4051 tabulis
1268 3993 1588 4065 inscripsit,
1613 4009 1932 4063 eorumque
1955 4010 2130 4065 opera

472 4094 678 4143 contra
708 4087 998 4141 Romanos
1050 4101 1192 4138 usus
1243 4086 1349 4137 est.
1377 4083 1573 4137 Avexit
1623 4081 1800 4136 etiam
1850 4082 2129 4151 reliquias

473 4176 660 4232 sancti
697 4174 961 4237 Achillei,
995 4173 1095 4243 qui
1126 4172 1323 4227 sedem
1363 4171 1604 4224 Larissae
1644 4175 1911 4225 tenuerat
1943 4170 2128 4241 impe-

471 4269 635 4320 rante
664 4261 1043 4318 Constantino
1069 4261 1300 4332 Magno,
1319 4263 1375 4315 et
1398 4258 1605 4328 majori
1627 4258 1804 4314 simul
1836 4263 1893 4315 et
1924 4260 2125 4330 primas

470 4351 691 4423 synodo
723 4350 988 4403 adfuerat
1018 4364 1149 4402 cum
1184 4348 1403 4417 Regino
1430 4346 1762 4417 Scopelcnsi
1790 4353 1847 4402 et
1882 4349 2125 4403 Diodoro

469 4438 787 4504 Triccensi,
848 4452 1065 4508 easque
1123 4435 1372 4507 Prespm,
1434 4434 1533 4489 ubi
1591 4434 1808 4507 regiam
1868 4435 2126 4505 habebat

472 4545 666 4594 suam,
694 4527 985 4599 deposuit.
1352 4536 1359 4543 '

2249 3640 2448 3711 μαίων,
2508 3639 2581 3701 ὡς
2634 3636 2871 3713 λέγεται,
2949 3642 3248 3713 φρονοῦντα
3322 3636 3356 3707 ἤ
3423 3637 3524 3705 τήν
3582 3636 3759 3711 ἀρχὴν
3824 3636 3910 3698 εἷς

2243 3729 2427 3783 ἑαυτὸν
2480 3730 2926 3805 σςρετεριζὸμενον
2980 3726 3188 3782 ἀνεῖλεν
3251 3729 3278 3781 ὁ
3339 3724 3574 3803 ἀδελφὸς
3632 3725 3905 3797 Σαμουὴλ

2240 3819 2514 3893 παγγενεὶ,
2547 3818 2681 3872 κατά
2735 3820 2834 3885 τὴν
2896 3815 2964 3871 ιδ’
3020 3822 3117 3871 τοῦ
3175 3814 3416 3872 Ἰουλίου
3476 3816 3669 3887 μηνὸς,
3726 3814 3779 3868 ἐν
3826 3819 3904 3889 τῇ

2238 3906 2532 3979 τοποθεσίᾳ
2577 3914 2674 3977 τῆς
2728 3908 3171 3980 Ῥαμετανίτζας,
3232 3911 3313 3977 [Ρ.
3364 3907 3491 3977 695]
3545 3905 3713 3977 μόνου
3745 3903 3900 3959 Βλα-

2239 3991 2552 4051 δοσθλάϐου
2579 4000 2673 4051 τοῦ
2730 3997 2819 4051 καὶ
2872 3998 3123 4052 Ἰωάννου
3183 3993 3563 4061 διασωθέντος,
3620 3997 3718 4048 τοῦ
3770 3993 3901 4047 υἱοῦ

2237 4084 2426 4155 αὐτοῦ,
2481 4086 2629 4159 παρά
2702 4082 3044 4158 Ῥαδομηροῦ
3128 4088 3223 4138 τοῦ
3296 4087 3388 4138 καί
3443 4085 3746 4155 Ῥωμανοῦ,
3798 4086 3905 4135 τοῦ

2238 4175 2357 4228 υἱοῦ
2388 4178 2485 4228 τοῦ
2546 4172 2834 4247 Σαμουηλ.
2883 4174 2982 4228 Καὶ
3035 4173 3348 4237 καθίσταται
3410 4171 3687 4247 μόναρχος
3717 4168 3903 4227 Βουλ-

2235 4262 2434 4336 γαρίας
2465 4263 2678 4331 ἀπάσης
2731 4264 2759 4317 ὁ
2808 4260 3095 4335 Σαμουήλ.
3130 4263 3296 4322 Οὗτος
3354 4260 3656 4332 πολεμικὸς
3689 4257 3907 4333 ἄνθρω-

2236 4371 2337 4412 πος
2391 4350 2461 4405 ὢν
2496 4353 2583 4407 καὶ
2622 4348 2896 4423 μηδέποτε
2934 4348 3092 4413 εἰδὼς
3150 4352 3401 4426 ἠρεμεῖν,
3433 4354 3540 4403 τῶν
3569 4350 3909 4419 Ῥωμαϊκῶν

2234 4439 2647 4516 στρατευμάτων
2679 4445 2799 4504 ταῖς
2855 4440 2995 4515 πρὸς
3049 4442 3139 4495 τὸν
3204 4438 3459 4515 Σκληρὸν
3494 4436 3699 4512 μάχαις
3726 4436 3909 4512 ἀσχο-

2234 4526 2515 4602 λουμένων
2548 4527 2727 4591 ἀδείας
2780 4530 2966 4604 τυχὼν
3024 4526 3329 4602 κατέδραμε
3374 4532 3543 4582 πᾶσαν
3571 4528 3671 4595 τὴν
3705 4527 3904 4582 Ἑσπέ-

470 4635 588 4690 ραν,
648 4614 709 4670 οὐ
781 4615 944 4687 μόνον
1005 4613 1218 4686 Θρᾴκην
1278 4614 1367 4668 καὶ
1445 4611 1781 4669 Μακεδονίαν
1840 4615 1928 4669 καὶ
2016 4615 2084 4669 τά
2160 4620 2229 4691 τῇ
2282 4617 2648 4693 Θεσσαλονίκῃ
2723 4618 3049 4692 πρόσχωρα,
3110 4615 3257 4673 ἀλλά
3300 4618 3387 4672 καὶ
3450 4614 3741 4671 Θετταλίαν
3806 4616 3907 4670 καὶ

470 4702 713 4762 Ἐλλάδα
766 4704 856 4759 καὶ
918 4701 1333 4769 Πελοπόννησον
1366 4722 1379 4734 ’
1439 4703 1529 4757 καὶ
1593 4701 1779 4758 πολλὰ
1836 4703 2068 4781 φρούρια
2111 4710 2511 4782 παρεστήσατο,
2546 4709 2619 4761 ὢν
2678 4708 2745 4776 ἦν
2789 4708 2852 4762 τὸ
2896 4712 3191 4784 κορυφαῖον
3238 4710 3273 4776 ἠ
3329 4708 3594 4781 Λάρισσα,
3645 4707 3712 4773 ἧς
3757 4704 3902 4769 τοὺς

470 4794 723 4856 ἐποίκους
777 4794 1070 4866 μετῴκισεν
1127 4791 1203 4853 εἰς
1262 4793 1328 4846 τά
1382 4798 1481 4860 τῆς
1527 4793 1871 4867 Βουλγαρίας
1932 4791 2185 4871 ἐνδότερα
2239 4798 2582 4865 πανεστίους,
2640 4796 2730 4851 καὶ
2779 4802 2897 4859 τοῖς
2955 4794 3289 4872 καταλόγοις
3348 4800 3460 4851 τῶν
3515 4795 3712 4849 ἑαυτοῦ
3738 4808 3911 4849 κατα“

465 4886 626 4957 τάξας
684 4886 1027 4955 στρατιωτῶν
1085 4901 1404 4956 συμμάχοις
1460 4880 1665 4957 ἐχρῆτο
1719 4883 1855 4937 κατά
1910 4884 2218 4957 Ῥωμαίων.
2296 4888 2580 4961 Μετήγαγε
2637 4883 2693 4941 δὲ
2748 4884 2839 4940 καί
2895 4887 2957 4941 τὸ
3004 4884 3257 4959 λείψανον
3318 4890 3415 4940 τοῦ
3475 4883 3632 4960 ἁγίου
3691 4883 3915 4958 Ἀχιλ-

469 4972 639 5040 λείου,
698 4970 995 5027 ἐπισκόπου
1054 4971 1331 5044 Λαρίσσης
1389 4972 1832 5047 χρηματίσαντος
1906 4972 1993 5026 ἐπὶ
2071 4974 2478 5031 Κιυνσταντίνου
2522 4979 2618 5031 τοῦ
2679 4972 2941 5050 Μεγάλου
3002 4974 3099 5029 κάν
3158 4978 3227 5039 τῆ
3292 4971 3505 5049 μεγάλῃ
3565 4972 3655 5027 καὶ
3700 4972 3910 5047 πρώτῃ

468 5059 676 5133 συνόδῳ
722 5062 990 5136 παρόντος
1043 5058 1134 5113 σὺν
1183 5060 1414 5135 Ῥηγίνῳ
1490 5059 1783 5115 Σκοπέλων
1858 5061 1946 5115 καὶ
2007 5059 2268 5137 Διοδώρῳ
2340 5064 2596 5139 Τρίκκης,
2660 5064 2748 5118 καὶ
2810 5063 2888 5127 είς
2947 5062 3194 5138 Πρέσπαν
3251 5062 3501 5131 ἀπέθετο,
3560 5060 3687 5125 ἔνθα
3744 5060 3905 5128 ἦσαν

468 5151 616 5225 αότῷ
644 5152 710 5207 τά
744 5152 1015 5227 βασίλεια.

539 5260 788 5317 Proinde
822 5259 1069 5315 Basilius
1100 5259 1437 5331 imperator,
1470 5262 1535 5314 ut
1564 5259 1822 5330 primum
1855 5260 1993 5316 Duri
2026 5278 2124 5317 ne-

2308 5263 2641 5335 Ἀμύνασθαι
2674 5260 2734 5317 δὶ
2762 5266 2955 5317 τοῦτον
3008 5263 3035 5316 ὁ
3094 5257 3351 5335 βασιλεὺς
3398 5263 3504 5313 τῶν
3540 5254 3914 5334 εἰργασμένων

469 5349 623 5420 gotio
648 5366 708 5406 se
732 5349 1007 5420 expediit,
1030 5347 1233 5403 ulcisci
1261 5348 1518 5404 Samueli
1544 5348 1829 5405 maleficia
1867 5350 2132 5423 cupiens,

469 5438 728 5494 collectis
779 5437 1058 5493 Romanis
1106 5436 1482 5502 exercitibus,
1517 5437 1577 5492 in
1630 5436 1965 5511 Bulgariam
1999 5439 2127 5511 ipse

470 5528 682 5583 ducere
735 5528 963 5593 statuit,
999 5542 1070 5582 ne
1119 5525 1551 5582 communicata
1595 5528 1835 5598 quidem
1885 5546 1945 5584 re
1992 5544 2127 5583 cum

468 5617 659 5675 Barda
708 5615 920 5682 Phoca,
953 5613 1291 5671 scholarum
1341 5615 1664 5670 etiamnum
1698 5618 2043 5690 domestico,
2071 5622 2131 5674 st

469 5704 717 5777 reliquis
746 5702 1132 5765 orientalibus
1175 5703 1452 5761 ducibus.
1483 5703 1631 5777 Ergo
1684 5722 1788 5777 per
1835 5707 2127 5779 Rhodopa

470 5812 537 5857 ac
578 5795 728 5855 Euro
774 5792 1004 5852 ﬂumini
1062 5792 1329 5867 regiones
1378 5793 1741 5868 propinquas
1789 5795 2129 5869 Bulgariam

2243 5348 2602 5427 γλιχόμενος,
2638 5350 2859 5427 ἐπείπερ
2904 5351 3253 5420 ἀπετινάξατο
3296 5348 3391 5412 τὰς
3434 5346 3557 5423 περὶ
3589 5351 3684 5402 τοῦ
3719 5345 3916 5417 Σκλη-

2247 5445 2342 5516 ροῦ
2393 5439 2706 5518 φροντίδας,
2756 5440 2856 5503 τάς
2923 5439 3237 5513 Ῥωμαϊκὰς
3318 5437 3568 5513 όθροίσας
3645 5433 3911 5507 δυνάμεις

2244 5529 2405 5594 αὐτὸς
2436 5528 2507 5584 δι’
2541 5529 2733 5585 ἑαυτοῦ
2785 5524 3044 5597 είσϐολὴν
3095 5528 3148 5583 ἐν
3190 5524 3506 5602 Βουλγαρίᾳ
3537 5522 3712 5579 ἐδόκει
3738 5525 3921 5594 ποιή-

2240 5620 2449 5691 σασθαι,
2500 5616 2710 5693 Βάρδαν
2762 5619 2853 5673 τὸν
2913 5622 3112 5673 Φωκᾶν
3173 5614 3250 5674 ἔτι
3299 5618 3406 5670 τῶν
3465 5611 3688 5691 σχολῶν
3741 5608 3920 5685 δομὲ-

2235 5725 2421 5760 στικον
2452 5704 2579 5761 ὅντα
2626 5706 2717 5761 καὶ
2767 5705 2893 5768 τοὺς
2945 5703 3179 5769 λοιποὺς
3238 5706 3410 5778 ἕῴους
3464 5700 3730 5766 δυνάστας
3783 5697 3931 5776 μηδ.

2235 5794 2471 5868 ἀξιώσας
2532 5794 2722 5875 λόγου.
2778 5794 3186 5873 Εἰσερχόμενος
3232 5792 3289 5851 δὲ
3351 5794 3407 5851 ἓν
3463 5789 3779 5870 Βουλγαρίᾳ
3822 5789 3873 5848 δι
