4070 6334
488 378 602 441 171

1832 376 2157 438 GEORGII
2203 377 2541 439 CEDRENI

3780 387 3897 450 172

489 509 821 565 adventare.
847 507 903 564 Is
931 508 1088 563 enim
1121 523 1154 562 a
1182 506 1457 577 Chosroe,
1504 508 1591 563 uti
1641 509 2041 579 exposuimus,
2084 509 2126 564 ir

2258 529 2359 564 πον
2410 509 2669 585 βασιλέα,
2738 508 2983 587 διάδημά
3027 534 3086 569 τε
3131 515 3433 590 περιθέντες
3478 516 3628 588 αύτῷ
3684 518 3775 572 καὶ
3832 518 3899 573 τὰ

483 612 777 654 carcerem
809 604 1149 668 compactus
1182 595 1477 668 Babylone
1506 596 1565 653 in
1599 597 1868 653 custodia
1893 598 2135 663 vixerat,

483 687 642 744 omni
674 702 813 743 cura
842 685 1103 758 corporis
1134 687 1473 755 destitutus,
1506 686 1876 759 carcerisque
1908 688 2134 743 incom-

485 776 678 833 modis
707 782 766 832 et
812 777 1124 832 custodum
1158 775 1534 832 contumeliis
1577 776 1896 833 divexatus.
1932 777 2134 833 Subito

485 865 539 921 ei
589 864 812 921 affulsit
860 865 1093 920 fortuna
1142 866 1418 937 propitia,
1468 865 1783 938 ipsumque
1831 882 1961 921 cum
2010 866 2134 922 suis

487 972 718 1012 carcere
768 956 989 1013 eduxit.
1041 957 1165 1023 Quo
1214 961 1412 1013 autem
1466 957 1639 1012 modo
1687 956 1934 1012 vinculis
1980 959 2133 1013 439

485 1045 773 1102 liberatus
799 1044 861 1099 in
892 1045 1189 1102 Romanas
1220 1045 1553 1118 provincias
1586 1045 1900 1101 incolumis
1931 1064 2133 1119 perve-

486 1135 660 1205 uerit,
685 1136 812 1205 jam
844 1151 1003 1190 nunc
1032 1136 1430 1191 narrabimus.

2246 599 2416 654 Λοιπὰ
2444 606 2545 669 τῆς
2598 598 2876 676 βασιλείας
2926 602 3293 679 γνωρίσματα.
3343 610 3546 662 Τούτου
3596 603 3654 661 δὲ
3694 606 3892 684 ἀναγο·

2244 689 2527 762 ρευθὲντος
2574 689 2888 766 ἠγγέλλετο
2934 692 3025 748 καὶ
3070 694 3098 749 ὁ
3144 692 3397 770 Σκληρὸς
3441 692 3590 765 ἥκων
3639 696 3746 752 ἀπὸ
3798 703 3899 752 Συο

2245 778 2387 850 ρίας.
2435 781 2789 855 Καθειρχθεὶς
2838 782 2963 858 γὰρ,
3015 782 3089 845 ὡς
3143 783 3389 858 εἷ’πομεν,
3446 785 3590 860 παρὰ
3633 790 3731 840 τοῦ
3779 788 3898 843 Χο-

2244 866 2410 942 σρὸου
2490 870 2623 941 μετὰ
2694 875 2799 924 τῶν
2859 872 2983 947 περὶ
3059 871 3218 927 αὐτὸν
3292 871 3344 928 ἰν
3398 868 3684 929 Βαϐυλῶνι
3742 872 3898 948 ἔμενε

2242 957 2581 1031 τηρούμενος
2640 957 2692 1012 ἐν
2740 963 2809 1025 τῆ
2864 966 3093 1037 φρουρᾷ,
3149 963 3329 1033 πάσης
3384 961 3698 1036 ἰπιμελείας
3744 962 3898 1020 ἕστε-

2246 1046 2487 1121 ρημένος
2541 1047 2631 1102 καὶ
2697 1051 2766 1123 τῇ
2829 1047 2890 1103 ἐκ
2938 1057 3039 1120 τῆς
3098 1050 3421 1125 καθείρξεως
3476 1052 3749 1129 κακουχίᾳ
3806 1055 3899 1109 καὶ

2241 1141 2361 1197 ταῖς
2436 1140 2545 1191 τῶν
2610 1135 2993 1211 φυλαττόντων
3070 1141 3380 1215 παροινίαις
3453 1145 3895 1218 τετρυχωμένος

484 1220 734 1300 ἐξαίφνης
796 1220 843 1277 δ’
893 1219 1202 1297 ἐπέλαμψεν
1261 1220 1410 1296 αὓτῷ
1450 1222 1594 1299 τύχη
1649 1225 1897 1300 Λαμπρὰ,
1955 1224 2045 1279 καὶ
2098 1231 2199 1294 τῆς
2254 1223 2504 1303 φυλακῆς
2549 1221 2874 1282 ἐκϐάλλεται
2904 1228 2995 1283 σὺν
3023 1234 3140 1292 τοῖς
3173 1231 3307 1308 ἀμφ’
3337 1230 3495 1286 αὐτὸν
3552 1228 3896 1305 παραδόξως.

484 1309 603 1385 Οἶῳ
632 1308 690 1367 δὲ
717 1312 908 1388 τρόπῳ
937 1315 1044 1368 τῶν
1082 1309 1293 1387 δεσμῶν
1326 1311 1698 1389 ἠλευθερώθη,
1731 1314 1821 1369 καὶ
1851 1313 2000 1377 ὅπως
2027 1314 2102 1377 εἰς
2133 1315 2199 1369 τὰ
2226 1315 2517 1387 Ῥωμαίων
2546 1312 2654 1386 ἤθη
2690 1312 2923 1386 διεσώθη
2971 1317 3061 1373 καὶ
3092 1317 3416 1390 ἐπανῆλθεν,
3451 1317 3628 1377 ἄπεισι
3660 1321 3834 1395 Λέξων
3866 1323 3894 1378 ὃ

484 1399 677 1477 λόγος.

555 1492 788 1549 Persica
816 1508 960 1564 gens
991 1509 1166 1564 regno
1197 1510 1230 1549 a
1258 1494 1563 1552 Saracenis
1614 1499 1787 1550 exuta
1824 1511 2128 1567 nunquam

481 1596 597 1637 non
627 1581 703 1637 iis
732 1581 1118 1651 irascebatur,
1149 1583 1443 1655 taciteque
1473 1584 1765 1656 cogitabat
1793 1589 1849 1641 et
1878 1584 2131 1641 occasio-

481 1685 615 1726 nem
644 1669 993 1743 dispiciebat
1013 1686 1110 1726 eos
1126 1671 1435 1741 dejiciendi
1456 1672 1784 1743 avitamque
1806 1673 2131 1746 potentiam

485 1758 891 1830 recuperandi.
921 1760 1055 1815 Erat
1079 1759 1232 1816 inter
1260 1777 1359 1817 eos
1390 1760 1633 1832 quidam
1666 1761 1850 1834 stirpe
1882 1761 2131 1818 nobilis-

485 1848 637 1904 sima
662 1852 828 1905 ortus
854 1849 1122 1921 Inargus,
1156 1853 1215 1905 et
1236 1849 1571 1921 eloquentia
1599 1863 1658 1907 et
1686 1850 1895 1907 bellica
1925 1867 1987 1906 re
2016 1850 2130 1906 cla-

2308 1494 2380 1547 Τὸ
2428 1497 2538 1547 τῶν
2589 1499 2806 1570 Περσῶν
2860 1495 3015 1571 γένος
3066 1498 3165 1567 τήν
3214 1497 3394 1574 ἀρχὴν
3456 1504 3557 1569 τῆς
3611 1497 3893 1574 βασιλείας

2240 1580 2524 1656 άφαιρεθὶν
2607 1583 2710 1639 ὑπὸ
2774 1590 2882 1640 τῶν
2966 1592 3291 1661 Σαρακηνῶν
3371 1587 3453 1642 ἀεὶ
3515 1588 3609 1661 μὲν
3664 1586 3893 1645 ἐνεκότει

2237 1670 2453 1733 τούτοις
2500 1672 2593 1726 καὶ
2635 1670 2980 1749 ἐνεδομύχει,
3023 1674 3115 1730 καί
3171 1676 3358 1750 καιρὸν
3409 1675 3587 1749 ιζήτει
3640 1675 3731 1731 καὶ
3785 1698 3891 1749 μη-

2239 1762 2415 1835 χανὴν
2472 1762 2623 1824 ὅπως
2676 1762 2803 1826 τοὺς
2858 1764 2922 1820 τὸ
2963 1764 3161 1841 κράτος
3191 1762 3422 1841 ἔχοντας
3450 1766 3769 1841 κατασπάσῃ
3800 1766 3892 1823 καὶ

2236 1851 2337 1917 τήν
2389 1851 2618 1923 πάτριον
2674 1849 2839 1906 πάλιν
2908 1848 3154 1928 ἀναλαϐῃ
3213 1854 3417 1929 ἀρχήνο
3466 1856 3533 1924 ἦν
3593 1853 3650 1911 δέ
3698 1878 3786 1921 τις
3837 1855 3889 1912 ἓν

485 1952 588 1993 rus
620 1943 796 2009 atque
845 1942 1144 1994 strenuus.
1197 1939 1250 1994 Is
1292 1940 1586 1995 Chosroen
1638 1940 1897 1996 sentiens
1941 1941 2126 1997 disso-

2240 1937 2423 2001 αὐτοὶς
2483 1940 2621 2016 ἀνὴρ
2668 1938 2719 2010 ἐξ
2765 1940 3011 2017 εὐγενοῦς
3055 1927 3234 2017 σειρᾶς
3252 1927 3650 2018 καταγόμενος.
3711 1952 3890 2022 ’Ἰναρ-

483 2023 603 2081 lute
631 2030 806 2097 atque
828 2026 1023 2098 inepte
1054 2027 1366 2097 imperium
1387 2043 1607 2099 gerere,
1634 2029 1757 2100 jam
1792 2046 1948 2085 nunc
1979 2046 2133 2101 quaa-

484 2113 662 2170 sitam
718 2115 817 2171 diu
876 2115 1379 2187 opportunitatem
1434 2118 1632 2174 Persis
1683 2118 1889 2174 adesse
1946 2122 2128 2188 ratus,

482 2203 818 2260 universam
842 2204 1386 2262 Achaemenidarum
1406 2210 1635 2278 gentem
1655 2208 1723 2263 ad
1749 2207 2128 2263 defectionem

482 2308 519 2347 a
545 2292 853 2348 Saracenis
884 2294 1160 2361 concitat,
1190 2298 1629 2366 Turcarumque
1659 2296 2030 2351 orientalium
2058 2296 2130 2350 ad

480 2380 689 2453 viginti
720 2380 907 2437 millia
937 2384 1203 2438 mercede
1220 2385 1575 2455 conducens,
1592 2401 1684 2441 res
1706 2386 2129 2441 Saracenorum

482 2471 604 2547 agit
633 2474 808 2543 atque
834 2472 963 2539 fert,
984 2472 1031 2527 si
1051 2490 1197 2544 quos
1214 2474 1485 2545 cepisset,
1510 2491 1610 2530 eos
1644 2480 1827 2530 morte
1850 2475 2128 2547 multane,

483 2577 550 2617 ac
582 2577 653 2616 ne
685 2562 881 2632 pueris
930 2562 1170 2633 quidem
1220 2580 1481 2635 parcens.
1529 2564 1674 2619 Cum
1706 2565 1813 2620 hoc
1844 2564 2129 2621 Cbosroes

479 2666 633 2721 saepe
662 2650 809 2722 ipse,
842 2668 981 2722 sape
1032 2668 1133 2722 per
1164 2654 1341 2708 duces
1386 2670 1526 2708 suos
1561 2653 1857 2724 praeliatus
1898 2670 2131 2726 semper

479 2740 816 2795 succubuit.
852 2739 1169 2813 Desperata
1193 2743 1318 2812 jam
1353 2758 1434 2807 re,
1474 2758 1541 2796 ac
1573 2759 1742 2813 porro
1776 2744 2036 2797 sentiens
2069 2759 2130 2799 se

477 2843 646 2883 arma
668 2832 870 2884 contra
885 2829 1094 2884 Persas
1128 2830 1274 2885 ferre
1294 2847 1408 2885 non
1443 2847 1632 2902 posse,
1652 2848 1782 2886 cum
1812 2849 1963 2904 saepe
1985 2848 2125 2888 con-

475 2914 584 2973 cisi
616 2917 809 2989 ipsius
841 2917 1131 2975 exercitus
1156 2918 1280 2990 jam
1312 2936 1385 2975 ne
1416 2936 1628 2976 nomen
1661 2920 1897 2991 quidem
1926 2922 2127 2977 Persa-

474 3022 607 3063 rum
624 3006 836 3062 audire
852 3007 1235 3071 sustinerent,
1256 3008 1677 3078 Romanorum,
1700 3027 1848 3081 quos
1870 3010 2129 3081 captivos

472 3095 1173 3168 detinebat,frecordatur.
1193 3097 1483 3168 Subitque
1510 3099 1559 3152 ei
1586 3100 1902 3170 prudenter
1933 3100 2132 3155 admo-

479 3186 621 3242 dum
653 3186 1011 3255 ratiocinari,
1048 3187 1162 3243 nisi
1192 3188 1423 3245 Sclerus
1447 3187 1766 3245 illustrium
1797 3206 1951 3246 unus
1973 3194 2129 3246 esset

2237 2048 2330 2101 γος
2360 2024 2622 2101 τοῦνομα,
2675 2028 2851 2105 λέγειν
2890 2052 2947 2086 τε
2990 2028 3157 2095 δεινὸς
3200 2032 3291 2087 καὶ
3348 2030 3537 2098 ἄλλως
3580 2032 3891 2108 πολεμικὸς

2239 2116 2329 2170 καὶ
2375 2113 2701 2192 δραστήριος
2749 2118 3055 2190 ἄνθρωπος.
3106 2121 3278 2185 Οὗτος
3332 2122 3423 2177 τὸν
3489 2121 3714 2196 βασιλέα
3776 2126 3889 2182 Χο-

2240 2205 2407 2278 σρόην
2463 2209 2797 2277 κατανοήσας
2857 2209 3151 2282 ἀνειμένως
3205 2212 3291 2265 καὶ
3344 2209 3569 2288 φαύλως
3621 2212 3889 2288 ἄρχοντα,

2239 2294 2327 2348 καὶ
2381 2292 2471 2348 νῦν
2525 2302 2774 2371 παρεῖναι
2822 2295 2882 2351 δν
2936 2297 3159 2368 ἐζήτουν
3192 2300 3245 2353 οἱ
3290 2299 3489 2376 Πέρσαι
3544 2302 3730 2376 καιρὸν
3767 2303 3893 2372 οίη-

2241 2382 2370 2451 θεὶς,
2413 2383 2642 2439 ἀνασείει
2687 2406 2747 2440 τε
2799 2386 2861 2441 τὸ
2918 2386 3073 2461 γένος
3122 2392 3229 2443 τῶν
3291 2387 3689 2464 ’Λχαιμενιδῶν
3750 2392 3893 2446 ἁπαν

2238 2472 2326 2525 καὶ
2359 2472 2650 2529 ἀπόστασιν
2708 2480 2846 2530 κινεῖ
2889 2477 3027 2532 κατὰ
3074 2481 3180 2532 τῶν
3231 2482 3585 2552 Σαρακηνῶν.
3639 2478 3896 2555 Προσλαο

2239 2557 2474 2634 ὅόμενος
2506 2560 2561 2616 δὲ
2608 2564 2698 2617 καὶ
2750 2567 3138 2642 μισθοφορικὸν
3197 2566 3304 2621 ἀπὸ
3353 2572 3460 2622 τῶν
3521 2567 3672 2640 ἑῴων
3723 2570 3895 2644 Ἱόύρο

2239 2670 2347 2704 κων
2380 2653 2493 2721 (47)
2547 2652 2684 2729 ἀμφὶ
2731 2653 2826 2714 τὰς
2886 2652 3057 2708 εἶ’κοσι
3109 2652 3370 2729 χιλιάδας
3413 2653 3579 2727 ἐδῄου
3623 2656 3709 2711 καὶ
3758 2677 3893 2713 κατ-

2240 2736 2428 2813 έτρεχε
2484 2741 2551 2793 τὰ
2596 2730 2969 2813 Σαρακηνῶνς
2999 2744 3078 2816 [Ρ.
3114 2745 3240 2817 697]
3273 2740 3442 2818 ἄρδην
3489 2743 3721 2817 ἀναιρῶν
3764 2744 3897 2808 τοὺς

2239 2826 2633 2900 ἄλισκομένους
2705 2830 2793 2885 καὶ
2870 2828 3011 2903 μηδὲ
3080 2828 3289 2887 παίδων
3354 2830 3693 2910 φειδόμενος.
3745 2835 3897 2908 Πρὸς

2236 2914 2427 2971 τοῦτον
2481 2918 2508 2971 ὁ
2569 2918 2821 2992 Χοσρόης
2874 2916 3143 2982 πολλάκις
3197 2919 3287 2975 καὶ
3363 2917 3456 2976 διὰ
3514 2926 3620 2976 τῶν
3670 2920 3895 2978 οἰκείων

2239 3010 2554 3081 στρατηγῶν
2624 3008 2712 3061 καὶ
2792 3006 2953 3069 αὐτὸς
3015 3005 3085 3062 δι’
3138 3009 3329 3063 ἑαυτοῦ
3381 3008 3887 3085 ἀντιπαραταξάμε-

2237 3115 2329 3155 νος
2376 3094 2427 3149 tv
2473 3094 2668 3157 πάσαις
2710 3100 2826 3158 ταῖς
2889 3095 3094 3172 μάχαις
3144 3098 3379 3169 ἡττήθη.
3438 3097 3735 3175 Ἀπογνοὺς
3796 3098 3893 3155 οὖν

2239 3182 2432 3239 λοιπὸν
2487 3185 2574 3239 καὶ
2611 3181 2767 3246 εἰδὼς
2807 3186 2883 3258 μὴ
2916 3181 2989 3239 ὥν
3022 3185 3199 3249 ἱκανὸς
3233 3186 3377 3243 ὅπλα
3404 3185 3512 3244 ἀπὸ
3539 3185 3699 3245 τοῦδε
3726 3191 3890 3254 κινῆ-

474 3291 546 3332 ac
577 3292 948 3333 summorum
990 3278 1247 3333 virorum
1298 3282 1355 3333 et
1387 3278 1569 3334 animi
1600 3279 1977 3351 corporisque
2008 3280 2126 3335 for-

2240 3294 2326 3327 σαι
2374 3273 2509 3327 κατὰ
2553 3275 2797 3349 Περσῶν,
2847 3278 2953 3329 τῶν
2989 3275 3153 3330 αὐτοῦ
3203 3277 3618 3351 στρατευμάτων
3669 3275 3892 3333 πολλά-

474 3365 733 3421 titudine
767 3371 1073 3437 praestans,
1123 3384 1427 3437 nunquam
1475 3385 1609 3423 eum
1646 3369 1898 3438 profecto
1929 3375 2131 3423 contra

478 3453 791 3509 dominum
841 3470 1017 3510 suum
1061 3455 1554 3521 insurrecturum,
1589 3457 1743 3510 440
1774 3472 2040 3527 eumque
2068 3456 2129 3511 in

480 3545 677 3598 tantas
708 3543 1015 3616 angustias
1062 3542 1532 3616 compulsurum,
1566 3560 1754 3617 neque
1781 3544 2002 3613 deinde
2033 3561 2128 3600 ex-

477 3631 592 3689 suli
625 3638 684 3689 et
704 3632 999 3690 infelicem
1025 3633 1298 3690 toleranti
1324 3638 1503 3690 vitam
1532 3640 1615 3691 tot
1633 3639 1945 3706 tantosque
1976 3636 2129 3691 viros

477 3722 925 3794 imperatorium
957 3724 1238 3779 honorem
1294 3724 1599 3779 habituros
1646 3724 1851 3780 fuisse.
1883 3725 2032 3795 Ergo
2070 3741 2130 3779 re

480 3827 617 3867 cum
650 3829 757 3869 suo
788 3817 997 3868 senatu
1051 3812 1484 3869 communicata
1534 3813 1751 3868 Durum
1787 3818 1845 3868 et
1886 3813 2130 3869 comites

477 3902 605 3973 ejus
637 3919 667 3959 e
696 3918 925 3959 carcere
946 3902 1141 3957 educit
1162 3901 1440 3973 omnique
1472 3918 1612 3958 cura
1644 3901 2129 3971 reﬁcit,tandem-

478 4007 592 4063 que
622 3992 695 4048 ab
725 4008 790 4048 eo
810 3992 955 4063 petit
969 3995 1032 4046 ut
1060 3991 1173 4046 sibi
1203 3991 1264 4046 in
1283 3990 1472 4047 Persis
1504 3990 1870 4046 debellandis
1892 4008 2129 4062 operam

479 4086 673 4138 navet.
706 4080 1068 4137 Simulanter
1097 4080 1264 4135 initio
1295 4080 1489 4135 Durus
1538 4080 1595 4134 id
1641 4081 1953 4146 recusavit,
1986 4097 2129 4136 cau-

484 4176 649 4226 satus
705 4171 861 4226 viros
920 4173 1082 4225 tanto
1126 4173 1390 4240 tempore
1438 4169 1495 4223 in
1547 4169 1813 4224 custodia
1861 4170 2127 4225 detentos

482 4258 852 4331 carcerisque
873 4258 1153 4314 aerumnis
1176 4259 1406 4314 attritos
1431 4275 1544 4314 non
1569 4274 1740 4330 posse
1772 4275 1935 4314 arma
1960 4259 2124 4315 ferre.

482 4348 767 4405 Cbosroes
798 4354 995 4405 autem
1038 4349 1228 4419 magis
1260 4348 1567 4420 magisque
1596 4348 1872 4417 instabat,
1905 4348 2128 4420 ﬂagita-

478 4438 700 4510 batque
731 4443 797 4493 ut
820 4437 1125 4509 pecuniam
1142 4437 1511 4492 innumeram
1528 4444 1587 4492 et
1611 4439 1896 4492 exercitus
1922 4454 2126 4493 nume-

479 4528 821 4584 rosissimos
873 4526 1299 4598 splendideque
1340 4525 1659 4581 instructos
1714 4527 2001 4598 acciperet
2069 4530 2127 4581 et

472 4614 695 4673 bellum
731 4616 785 4671 in
819 4616 1024 4671 Persas
1045 4620 1288 4688 gereret,
1316 4632 1503 4687 neque
1535 4613 1887 4686 injuriarum
1916 4615 2121 4670 memi-

471 4705 657 4762 nisset
688 4710 747 4761 et
775 4721 1027 4762 carceris
1059 4704 1479 4770 molestiarum,
1514 4721 1662 4775 quas
1694 4706 1818 4776 ipse
1852 4704 1909 4758 in
1936 4709 2121 4775 poste-

470 4810 603 4850 rum
633 4793 1018 4866 amplissimis
1052 4794 1274 4849 meritis
1305 4800 1459 4849 esset
1482 4794 1830 4849 aboliturus.
1858 4794 2117 4848 Tandem

467 4899 607 4957 ergo
642 4884 831 4939 Durus
863 4884 1071 4938 annuit
1098 4887 1156 4936 et
1189 4882 1325 4938 belli
1356 4882 1931 4937 administrationem
1967 4882 2023 4935 in
2055 4899 2117 4937 se

466 4972 694 5046 recipit.
722 4972 921 5043 Neque
953 4987 1083 5027 vero
1114 4973 1332 5027 Arabes
1365 4976 1467 5027 aut
1496 4972 1812 5026 Saracenos
1839 4974 1941 5024 aut
1970 4969 2116 5026 alios

465 5060 708 5118 Ghosroi
739 5061 1011 5117 subditos
1042 5060 1290 5132 populos
1322 5061 1533 5116 ducere
1564 5060 1838 5123 sustinet,
1870 5059 1969 5114 sed
2004 5060 2113 5131 Sy-

463 5151 756 5208 riacarum
787 5150 1022 5205 urbium
1058 5149 1403 5221 perlustrari
1424 5150 1597 5216 jubet
1625 5163 1909 5213 carceres,
1932 5152 1991 5202 et
2009 5148 2114 5217 qui

463 5240 524 5297 in
575 5241 648 5296 iis
697 5239 1113 5296 detinebantur
1163 5238 1377 5310 captivi
1428 5237 1673 5291 Romani
1722 5237 1889 5292 educi
1936 5240 2112 5307 atque

465 5329 703 5401 armari,
735 5328 847 5386 hoc
893 5332 950 5385 et
979 5328 1140 5385 nullo
1189 5326 1303 5383 alio
1345 5326 1598 5382 exercitu
1648 5342 1711 5382 se
1741 5341 1861 5383 rem
1910 5329 2112 5381 contra

465 5417 672 5476 Persas
726 5422 1035 5492 gesturum
1106 5416 1432 5474 afﬁrmans.
1511 5414 1739 5472 Placuit
1795 5414 2110 5473 consilium

2237 3382 2323 3423 κις
2352 3364 2762 3417 κατακοπέντων
2794 3362 2883 3418 καὶ
2918 3361 3047 3435 μηδ’
3079 3360 3253 3437 ὄνομα
3304 3365 3603 3440 στεγόντων
3659 3366 3889 3422 ἀκοῦσιι

2238 3455 2480 3527 Περσῶν,
2526 3449 2601 3512 εἷς
2644 3450 2847 3506 ἔννοιαν
2895 3451 3115 3527 ἔρχεται
3166 3456 3275 3508 τῶν
3305 3453 3358 3509 ιν
3388 3458 3456 3527 τῇ
3499 3459 3708 3532 φρουρᾷ
3750 3457 3894 3511 Ῥω-

2243 3538 2442 3613 μαίων,
2495 3538 2948 3617 ἐπιλογισάμενος
2984 3539 3128 3615 λίαν,
3185 3541 3471 3619 ἐμφρόνως
3504 3543 3577 3606 ὡς
3609 3542 3658 3598 εἴ
3690 3545 3767 3617 μή
3801 3564 3893 3610 τις

2236 3633 2343 3683 τῶν
2378 3629 2663 3701 ἐπισήμων
2722 3630 2789 3698 ἦν
2844 3629 2933 3685 καὶ
2968 3629 3221 3708 ἐμφανῶν
3277 3633 3305 3687 ὁ
3362 3631 3745 3706 καθειργμένος
3794 3632 3890 3687 καὶ

2238 3719 2373 3772 κατᾶ
2426 3720 2611 3793 ψυχὴν
2668 3719 2759 3773 καὶ
2807 3724 2967 3791 σῶμα
3022 3718 3284 3794 γενναίως
3343 3717 3512 3795 ἔχων,
3568 3720 3667 3775 οὐκ
3698 3719 3757 3775 ἂν
3789 3725 3894 3776 τοῦ

2240 3806 2443 3862 οἰκείου
2500 3805 2764 3863 δεσπότου
2810 3808 3159 3879 κατεξανὲστη
3220 3808 3310 3863 καὶ
3369 3806 3422 3870 ἐς
3467 3805 3593 3864 τόδε
3645 3808 3891 3885 ἀνάγκη(

2238 3894 2505 3965 σονήλασε
2560 3900 2777 3966 τοῦτον,
2842 3894 2933 3951 καῖ
2988 3897 3123 3970 μετὰ
3167 3901 3336 3953 ταῦτα
3391 3897 3560 3972 φυγὰς
3613 3897 3703 3952 καὶ
3765 3898 3890 3969 βίον

2240 3981 2505 4040 διαντλῶν
2540 3986 2717 4060 ἀτυχῆ
2780 3985 2883 4042 ὑπὸ
2928 3985 3201 4041 τοσούτων
3260 3986 3348 4041 καὶ
3406 3986 3750 4057 τηλικούτων
3809 3990 3892 4052 ὡς

2243 4074 2496 4149 βασιλεὺς
2570 4074 2901 4147 ἀνυμνεῖται.
2977 4072 3521 4151 Κοινολογησάμενος
3589 4076 3725 4149 μετὰ
3779 4084 3889 4147 τῆς

2238 4164 2428 4219 ἑαυτοῦ
2478 4164 2763 4239 γερουσίας
2818 4159 3075 4219 ἐκϐάλλει
3129 4185 3187 4219 τε
3229 4165 3322 4219 τὸν
3380 4162 3544 4241 ἄνδρα
3569 4169 3760 4220 τοῦτον
3792 4166 3892 4223 καὶ

2234 4252 2363 4315 τοὺς
2423 4251 2517 4308 σὺν
2566 4252 2713 4325 αὐτῷ
2761 4260 2863 4324 τῆς
2908 4252 3157 4331 φυλακῆς
3204 4253 3295 4309 καὶ
3344 4256 3523 4325 πάσης
3568 4253 3895 4327 ἐπιμελείας

2236 4342 2498 4412 καταξιοῖ,
2527 4342 2619 4397 καὶ
2647 4340 2958 4398 τελευταῖον
2984 4344 3084 4414 τὴν
3112 4341 3237 4421 περὶ
3274 4347 3369 4398 τοῦ
3416 4341 3668 4416 πολέμου
3717 4365 3894 4419 προσ-

2237 4430 2384 4507 φέρει
2451 4431 2689 4504 ἀξίωσιν.
2757 4431 3140 4508 Θρυπτομένου
3221 4430 3279 4488 δὶ
3336 4434 3455 4488 κατ’
3533 4432 3709 4508 ἀρχὰς
3784 4439 3894 4491 τοῦ

2239 4518 2517 4596 Σκληροῦ,
2570 4520 2660 4576 καὶ
2722 4528 2835 4595 μετ’
2892 4520 3167 4596 εἷρωνείας
3198 4525 3315 4584 πῶς
3372 4522 3433 4576 ἂν
3477 4518 3752 4593 δυνηθεῖεν
3787 4521 3893 4578 λι-

2233 4630 2425 4684 γοντος
2480 4608 2625 4665 ὅπλα
2683 4617 2901 4679 κινῆσαι
2949 4607 3133 4686 ἄνδρες
3193 4608 3245 4664 ἐν
3272 4609 3517 4683 τοσούτῳ
3542 4616 3718 4688 καιρῷ
3746 4623 3889 4678 καθ-

2228 4698 2507 4775 ειργμένοι
2559 4700 2646 4754 καὶ
2706 4698 3020 4774 κατακόρως
3077 4699 3441 4775 μετασχόντες
3500 4704 3606 4756 τῶν
3665 4699 3723 4755 ἐκ
3779 4704 3889 4771 τῆς

2229 4794 2465 4867 φρρυρᾶς
2494 4790 2889 4857 κακοπαθειῶν,
2917 4790 2945 4843 ὁ
2977 4788 3224 4864 Χοσρόης
3268 4789 3358 4844 καὶ
3407 4789 3572 4844 πάλιν
3617 4788 3882 4861 ὶνὲκειτο,

2225 4878 2314 4931 καὶ
2346 4879 2610 4952 χρήματα
2654 4872 2842 4931 λαϐεῖν
2904 4876 3062 4931 αὐτὸν
3118 4876 3345 4932 ἱκέτευεν
3378 4876 3614 4951 ἀριθμοῦ
3661 4874 3883 4933 διεκπί-

2224 4985 2428 5020 πτοντα
2472 4967 2562 5020 καὶ
2593 4964 2963 5039 στρατεύματα
2992 4963 3193 5037 πλῆθει
3235 4987 3295 5021 τε
3342 4964 3538 5042 ἄπειρα
3582 4967 3671 5022 καὶ
3727 4965 3882 5041 λαμ-

2223 5054 2332 5131 πρᾶ
2370 5058 2489 5115 ταῖς
2546 5058 2927 5129 παρασκευαῖς,
2985 5054 3073 5108 καὶ
3129 5061 3498 5130 στρατηγῆσαι
3551 5056 3641 5109 τὸν
3700 5055 3884 5113 πόλε-

2226 5165 2345 5216 μον,
2379 5142 2468 5197 καὶ
2514 5144 2589 5215 μὴ
2641 5149 3041 5215 μνησικακῆσαι
3090 5149 3190 5212 τῆς
3237 5144 3584 5216 καθείρξεως,
3643 5144 3719 5207 ὡς
3780 5142 3884 5200 δυ-

2221 5233 2452 5305 ναμένου
2510 5232 2602 5286 καὶ
2658 5230 2825 5286 αὐτοῦ
2876 5236 2992 5294 τοῖς
3044 5230 3178 5304 μετὰ
3213 5235 3381 5286 ταῦτα
3410 5230 3604 5295 καλοῖς
3632 5232 3722 5287 καὶ
3753 5239 3883 5298 ταῖς

2221 5320 2647 5398 φιλοφροσύναις
2735 5318 3078 5396 ἐπηλυγάσαι
3160 5319 3228 5375 τὰ
3299 5318 3679 5398 προφθάσαντα
3732 5323 3883 5381 κακὰ

2217 5410 2431 5472 καὶτὰς
2463 5408 2521 5465 ἐκ
2548 5415 2647 5480 τῆς
2706 5407 2955 5488 φυλακῆς
3015 5406 3230 5482 ἀηδίας.
3261 5408 3507 5476 Πείθεται
3566 5410 3629 5467 τὸ
3678 5408 3876 5468 τελευ-

1653 5586 2013 5643 XYLANDRI
2052 5586 2142 5642 ET
2181 5584 2395 5642 GOARI
2432 5583 2660 5641 NOTAE.

526 5734 641 5812 (47)
669 5733 834 5794 Unde
862 5730 1035 5791 Turci
1062 5729 1274 5789 redditi
1305 5729 1628 5789 Orientales
1656 5730 1894 5804 exponit
1924 5732 2128 5787 auctor
2155 5744 2214 5805 p.
2244 5727 2370 5785 768.
2403 5725 2585 5786 Gesn.
