4070 6334
501 415 615 473 175

1841 402 2159 467 GEORGII
2204 400 2545 466 CEDRENI

3795 403 3913 467 176

494 543 813 615 imperator
858 540 1013 597 Duro
1056 539 1116 594 in
1161 537 1389 611 Syriam
1440 538 1698 610 profecto
1747 537 2142 593 sollicitudine

2264 536 2618 613 ὑποχώρησιν
2652 541 2749 592 τοῦ
2798 536 3054 613 Σκληροῦ
3101 542 3209 593 τῶν
3259 535 3559 616 φροντίδων
3593 540 3620 595 6
3656 540 3913 615 βασιλεὺς

494 633 800 701 liberatus,
840 646 973 686 cum
1025 646 1221 721 rer‘um
1269 627 1765 683 administrationi
1817 628 2145 699 impensius

496 739 626 779 sese
665 722 853 787 daret,
886 716 1168 774 Basiliuin
1216 716 1670 785 cubicularium,
1704 716 1961 771 sentiens
2009 733 2142 771 eum

497 828 606 869 sua
634 815 764 865 acta
793 808 1124 879 improbare
1155 812 1212 862 et
1256 822 1524 862 mussare
1572 811 1749 878 atque
1780 806 1935 861 haud
1969 806 2146 861 dubie

498 899 863 957 occasionem
888 896 1204 969 aliquando
1228 900 1466 951 nactum
1502 896 1729 951 facinus
1753 900 1918 951 atrox
1947 900 2149 951 contra

498 1006 559 1047 se
590 1004 898 1056 ausurum,
933 985 1068 1043 aula
1096 984 1420 1040 dimoverat
1448 986 1602 1039 443
1634 984 1909 1055 domique
1935 1001 2054 1039 sua:
2086 1000 2148 1038 se

498 1078 795 1136 continere
837 1078 1119 1147 jusserat.
1154 1075 1410 1130 Rursum
1442 1075 1644 1129 videns
1695 1074 1989 1128 hominem
2032 1090 2147 1128 non

499 1169 817 1240 quiescere,
844 1167 945 1221 sed
977 1180 1209 1236 semper
1241 1162 1396 1219 mala
1426 1162 1668 1218 consilia
1690 1162 1957 1218 meditari
1991 1178 2056 1217 ac
2079 1162 2149 1217 de

500 1255 749 1328 pristina
781 1254 1044 1327 potentia
1075 1254 1475 1323 recuperanda
1506 1251 1778 1323 cogitare,
1810 1252 1868 1306 in
1901 1252 2148 1307 Stenum

498 1344 805 1416 relegarat,
837 1342 1129 1413 ademptis
1178 1342 1355 1396 etiam
1398 1341 1690 1411 plerisque
1720 1341 2099 1396 facultatibus
2134 1355 2147 1394 :

500 1450 638 1490 nam
672 1431 1012 1504 sumptibus
1029 1430 1549 1501 suppeditantibus
1564 1446 1734 1499 grave
1761 1430 1995 1500 aliquod
2022 1446 2151 1483 mo-

506 1522 595 1577 liri
628 1528 827 1593 posset
857 1516 1169 1592 ﬂagitium.
1204 1518 1451 1574 Proinde
1479 1520 1653 1589 hujus
1684 1520 1947 1573 consiliis
1980 1518 2154 1573 desti-

504 1614 691 1677 tutus,
724 1609 1040 1679 amicisque
1070 1624 1217 1680 opus
1234 1608 1459 1663 habens
1479 1625 1728 1680 quorum
1762 1608 1893 1663 ﬁdei
1923 1612 2152 1679 tempo-

505 1700 669 1755 ribus
726 1700 924 1754 dubiis
980 1715 1044 1753 se
1100 1699 1380 1767 crederet,
1437 1714 1568 1753 vere
1628 1703 1767 1752 tunc
1824 1697 2154 1752 Romanum

508 1788 811 1860 amplexus
841 1793 949 1854 est,
982 1787 1168 1842 virum
1201 1789 1394 1843 sciens
1423 1803 1552 1841 esse
1582 1792 1880 1842 versutum
1906 1804 1971 1841 ac
2002 1792 2152 1841 stre-

510 1894 694 1933 nuum
728 1880 784 1931 et
813 1876 1024 1931 bellica
1055 1893 1115 1930 re
1146 1876 1724 1947 praestantissimum.

577 1966 795 2023 Bardas
825 1981 961 2021 vero
991 1966 1214 2021 Phocas
1238 1965 1337 2020 ubi
1370 1966 1439 2019 de
1470 1965 1659 2020 reditu
1694 1964 1832 2020 Duri
1857 1964 2148 2037 cognovit,

502 2056 733 2113 litteras
763 2055 835 2111 ad
888 2070 1023 2111 eum
1069 2054 1270 2121 mittit,
1321 2054 1429 2110 hoc
1476 2053 1670 2125 ipsum
1718 2056 1873 2126 quod
1925 2053 2153 2111 volebat

502 2146 698 2202 Durus
754 2143 1102 2215 interposito
1165 2144 1342 2198 etiam
1388 2143 1772 2214 jurejurando
1821 2144 2151 2199 offerentes.

500 2232 888 2290 Promittebat
907 2239 1195 2301 autem,re
1215 2249 1285 2287 ex
1301 2232 1481 2287 animi
1496 2232 1788 2287 sententia
1804 2234 2153 2299 confecta,se

503 2325 657 2379 Duro
704 2322 1046 2391 Antiochiae,
1079 2321 1408 2392 Phoenicim,
1440 2321 1782 2394 Ccslesyriae,
1828 2322 2151 2378 Palaestina

502 2417 561 2468 et
590 2410 1023 2483 Mesopotamia
1052 2410 1367 2483 imperium
1400 2426 1728 2478 cessurum,
1763 2411 1872 2467 sibi
1906 2411 2065 2483 Cpoli
2096 2416 2154 2467 et

503 2500 746 2572 reliquis
792 2500 1068 2572 gentibus
1111 2500 1379 2555 servatis.
1434 2501 1626 2556 Laetus
1675 2501 1993 2555 admodum
2046 2499 2153 2553 has

503 2590 872 2646 conditiones
920 2588 1142 2661 accepit
1171 2588 1399 2657 Durus;
1428 2590 1931 2660 jurejurandoque
1978 2589 2150 2643 tidem

508 2679 817 2746 adhibens,
866 2677 925 2732 in
974 2677 1402 2750 Cappadociam
1454 2678 1524 2733 ad
1576 2678 1828 2733 Phocam
1880 2678 2041 2747 abiit,
2088 2679 2154 2731 ut

509 2768 666 2841 quod
697 2768 769 2824 de
798 2769 1075 2824 societate
1096 2768 1499 2837 componenda
1528 2767 1819 2838 reliquum
1852 2770 1978 2822 erat
2019 2782 2152 2837 pcr-

508 2858 724 2914 ﬁceret.
745 2858 801 2912 ls
831 2874 966 2912 cum
985 2873 1119 2912 eum
1150 2857 1207 2910 in
1242 2874 1474 2912 nassam
1495 2855 1793 2922 illextsset,
1820 2856 2152 2927 insignibus

505 2947 739 3018 imperii
797 2952 1036 3001 exutum
1086 2948 1145 2999 in
1195 2944 1502 3000 castellum
1556 2946 1896 3016 Tyropeeum
1950 2946 2150 3010 mittit,

500 3036 695 3091 valida
752 3040 983 3106 septum
1042 3035 1330 3089 custodia.
1391 3035 1530 3089 Inde
1579 3040 1804 3104 partem
1864 3034 2150 3087 exercitus

499 3126 774 3199 Calocyro
806 3122 1108 3196 Delphinze
1149 3123 1395 3195 patricio
1431 3123 1607 3178 tradit
1636 3128 1692 3179 et
1721 3122 1791 3177 ad
1824 3122 2146 3193 Chrysopo-

494 3217 600 3283 lin,
633 3233 763 3286 quae
790 3217 861 3269 ab
894 3215 1076 3269 altera
1100 3213 1226 3267 freti
1256 3219 1415 3283 parte
1440 3217 1645 3268 contra
1674 3211 1877 3282 Cpolin
1900 3212 2012 3267 sita
2031 3217 2139 3281 est,

495 3282 677 3360 mittit
708 3321 721 3359 :
757 3304 881 3374 ipse
912 3306 1067 3357 444
1097 3318 1230 3356 cum
1260 3282 1490 3371 reliquo
1522 3300 1789 3371 Abydum
1823 3302 1984 3370 petit,
2008 3317 2137 3371 spe-
2170 3282 2214 3346 C

494 3410 633 3449 rans
665 3393 775 3448 hoc
814 3392 983 3447 modo
1032 3390 1322 3462 angustiis
1370 3390 1668 3461 occupatis
1717 3406 1778 3445 se
1807 3389 2141 3461 Cpolitanos

498 3499 691 3539 rerum
716 3480 1173 3537 necessariarum
1191 3479 1389 3550 inopia
1402 3480 1809 3534 subacturum.
1828 3480 2146 3549 Imperator

498 3571 701 3628 multis
734 3572 955 3626 frustra
984 3569 1253 3625 hortatus
1281 3568 1629 3638 Delphinum
1664 3574 1781 3624 uta
1800 3566 2143 3639 Cbrysopoli

496 3661 804 3717 decederet
843 3675 1029 3731 neque
1075 3664 1263 3713 castra
1309 3675 1340 3712 e
1385 3658 1619 3729 regione
1667 3658 1831 3712 urbis
1879 3656 2139 3721 haberet,

496 3755 672 3806 noctu
707 3748 954 3804 navibus
998 3746 1298 3802 adornatis
1352 3747 1567 3802 Rossos
1600 3745 1850 3817 imponit
1879 3746 2035 3817 (nam
2070 3746 2140 3801 ab

492 3839 566 3896 iis
623 3837 925 3911 suppetias
974 3836 1408 3908 impetraverat,
1458 3835 1610 3906 quod
1663 3850 1917 3890 sororem
1971 3852 2139 3891 suam

491 3929 714 3984 Annam
738 3926 1066 3982 Bladimero
1098 3942 1300 3981 eorum
1334 3924 1583 3995 principi
1607 3923 1980 3980 matrimonio
2003 3941 2137 3980 con-

479 4016 819 4087 junxisset),
854 4030 1108 4085 cumque
1155 4015 1247 4068 bis
1294 4030 1409 4067 non
1460 4013 1747 4067 sentiente
1796 4013 1962 4067 hoste
1995 4014 2139 4069 freto

486 4106 752 4177 trajecto,
785 4120 884 4159 eos
917 4104 1158 4158 adortus
1206 4101 1368 4156 nullo
1410 4101 1643 4172 negotio
1674 4102 1971 4172 opprimit.
2008 4102 2139 4157 Del-

487 4192 729 4265 pbinam
759 4191 818 4246 in
852 4190 983 4263 palo
1024 4190 1251 4261 sufﬁgit
1282 4206 1348 4245 eo
1398 4189 1524 4261 ipso
1555 4188 1699 4260 loco,
1733 4190 1831 4245 ubi
1862 4191 2136 4246 taberna-

488 4281 688 4338 culum
740 4281 790 4336 is
839 4280 1121 4336 deﬁxerat
1154 4295 1167 4333 ι
1200 4278 1439 4333 fratrem
1490 4278 1694 4334 Phoce:
1744 4279 2136 4350 Nicephorum

488 4387 705 4425 caecum
738 4370 797 4423 in
848 4368 1176 4423 custodiam
1210 4369 1329 4433 dat,
1364 4373 1421 4421 et
1467 4367 1707 4437 reliquis
1750 4369 1995 4439 captivis
2028 4386 2136 4424 suo

486 4458 771 4515 arbitratu
802 4456 1024 4529 punitis
1055 4454 1253 4526 Cpolin
1284 4456 1453 4510 redit.

2255 624 2591 701 ἀπαλλαγεὶς
2624 627 2713 680 καὶ
2752 632 2860 681 τῶν
2914 624 3243 698 δίουκήσεων
3302 629 3609 701 ἁπτόμενος
3640 627 3914 702 ἀνδρικώ-

2253 736 2428 791 τερον,
2462 715 2577 770 ἐπεὶ
2638 715 2773 791 ἔγνω
2828 718 2919 771 τὸν
2981 718 3478 793 παρακοιμώμενον
3543 721 3910 796 μὴἰξάρεσκό-

2261 825 2419 877 μενον
2469 811 2587 869 τοῖς
2658 803 2986 882 δρωμένοις,
3056 804 3185 862 ἀλλ’
3243 807 3744 885 ὐποτονθορόζοντα
3817 812 3906 867 καὶ

2258 890 2408 948 δεινὰ
2456 891 2692 970 δράσειν,
2740 895 2784 949 εί
2830 899 3021 968 καιροῦ
3071 891 3320 965 λάϐοιτο,
3367 895 3749 973 ἐλπιζόμενον,
3780 907 3909 958 τοῦ-

2254 1003 2346 1035 τον
2382 986 2474 1055 μὶν
2503 985 2721 1057 κατάγει
2770 992 2872 1054 τῆς
2933 985 3173 1057 ἐξουσίας
3217 986 3306 1041 καὶ
3351 986 3492 1043 οἶκοι
3528 992 3703 1061 μένειν
3736 1013 3909 1067 προσ-

2254 1072 2454 1139 τάττει,
2516 1075 2598 1147 [Ρ.
2684 1076 2812 1147 699]
2891 1073 3043 1138 αὖθις
3123 1073 3179 1129 δὲ
3254 1078 3329 1149 μὴ
3396 1079 3704 1153 ἠρεμοῦντα
3762 1084 3905 1156 ὁρῶν

2259 1160 2395 1249 ἀλλ’,
2438 1162 2515 1216 ἀεὶ
2585 1160 2897 1234 μελετῶντα
2965 1161 3243 1219 ἀλλόκοτα
3314 1165 3404 1220 καὶ
3469 1170 3568 1238 τὴν
3635 1172 3906 1249 προτέραν

2259 1248 2617 1328 ἀπειληφέναι
2678 1249 2977 1307 σπεύδοντα
3044 1250 3284 1325 ἐξουσίαν
3349 1255 3634 1331 ὑπερόριον
3692 1248 3909 1317 άνὰντὸ

2262 1340 2455 1394 Στενὸν
2503 1340 2736 1410 τίθησιν,
2787 1340 3126 1415 ἀφελόμενος
3172 1343 3261 1397 καὶ
3316 1346 3383 1399 τὰ
3437 1346 3614 1402 πλείω
3663 1356 3761 1420 τῆς
3812 1352 3910 1407 οὐ-

2261 1429 2377 1518 σίας
2410 1427 2593 1495 αὐτοῦ,
2626 1430 2701 1493 ὡς
2752 1432 2826 1502 μή
2876 1433 3337 1506 κεχορηγημένην
3373 1431 3517 1509 έχων
3548 1436 3685 1508 ὕλην
3712 1452 3910 1518 φθασαι

2259 1538 2311 1571 τι
2344 1516 2532 1594 δρᾶσαι
2582 1523 2688 1572 τῶν
2749 1519 3096 1589 ἀνηκέστων·
3151 1520 3313 1584 αὐτὸς
3372 1521 3429 1578 δε
3486 1528 3583 1591 τῆς
3642 1527 3693 1597 ἐξ
3725 1516 3911 1586 αὐτοῦ

2266 1609 2527 1681 μονωθεὶς
2557 1602 2899 1680 τυμϐοῦλῆς,
2949 1608 3036 1662 καὶ
3087 1606 3262 1686 φίλων
3313 1608 3569 1685 δεόμενος
3600 1619 3690 1670 καὶ
3723 1639 3912 1693 συνερ-

2261 1698 2374 1772 γῶν
2408 1696 2457 1751 έν
2512 1702 2630 1758 ταῖς
2689 1698 3050 1770 περιστάσεσι,
3108 1699 3230 1754 τότε
3280 1701 3517 1774 γνησίως
3571 1704 3662 1759 τὸν
3693 1707 3912 1781 Ῥωμα-

2262 1786 2352 1840 νὸν
2404 1783 2782 1858 προσεδέξατο,
2833 1784 2999 1862 ἄνδρα
3042 1784 3199 1850 εἰδὼς
3241 1788 3467 1867 ἐντρεχῆ
3526 1795 3616 1847 καὶ
3672 1792 3912 1871 δραστή-

2185 1913 2231 1978 Β
2265 1896 2377 1949 ριον
2414 1874 2501 1929 καὶ
2533 1876 2599 1929 τά
2625 1874 2900 1948 πολεμικὰ
2931 1877 3283 1935 ἱκανώτατον.

2338 1963 2404 1978 η,
2454 1961 2477 1978 ρ.
2577 1962 2619 1978 μ.
2669 1965 2681 1978 .
2736 1971 2755 1978 -
2862 1969 2884 1978 -
2981 1966 2995 1978 .
3127 1968 3138 1978 .

2333 1961 2542 2040 Βάρδας
2574 1962 2629 2018 δὲ
2661 1965 2689 2018 6
2721 1969 2916 2027 Φωκᾶς
2966 1966 3041 2029 ὡς
3082 1968 3180 2036 τὴν
3228 1972 3324 2022 τοῦ
3356 1969 3612 2048 Σκληροῦ
3643 1974 3910 2034 ἐπάνοδον

2259 2051 2756 2128 προσαγγελθεῖσαν
2842 2054 3087 2124 έπυοετο,
3146 2055 3441 2131 γράμματά
3516 2082 3574 2115 τε
3642 2063 3914 2139 έκπέμπει

2261 2143 2399 2197 αὐτὰ
2441 2141 2617 2196 ἐκεῖνα
2671 2140 2947 2212 δηλοῦντα
3001 2144 3068 2197 τά
3122 2143 3312 2219 ἐκείνῳ
3362 2148 3499 2221 πρὸς
3541 2151 3773 2227 τρόπου,
3823 2157 3919 2211 καὶ

2262 2233 2445 2305 ὅρκοις
2496 2231 2779 2285 έπιστοῦτο
2827 2232 2921 2292 τὰς
2980 2232 3303 2307 ὑποσχέσεις
3336 2278 3351 2307 ,
3407 2260 3433 2290 ι
3476 2236 3539 2292 Ei
3580 2244 3687 2294 τῶν
3733 2240 3921 2312 ήλπι-

2262 2322 2473 2393 σμένων
2517 2319 2795 2409 τῦχωμεν,
2840 2320 3035 2395 λέγων,
3097 2320 3159 2376 σὺ
3209 2324 3302 2396 μὶν
3345 2321 3519 2399 ἄρξεις
3576 2330 3920 2409 Ἀντιοχείας

2259 2409 2348 2464 καὶ
2408 2408 2670 2478 Φοινίκης
2712 2409 2799 2463 καὶ
2861 2409 3066 2480 Κοίλης
3140 2416 3335 2485 Συρίας
3392 2414 3480 2468 καὶ
3538 2408 3920 2494 Παλαιστίνης

2260 2500 2349 2552 καὶ
2382 2498 2829 2570 Μεσοποταμίας,
2892 2498 2996 2571 ἐγὼ
3046 2496 3103 2553 δὶ
3141 2497 3327 2576 ἅρχων
3384 2500 3575 2577 ἔσομαι
3606 2514 3708 2578 τῆς
3758 2512 3920 2585 βασι-

2264 2585 2417 2648 λίδος
2449 2586 2615 2656 αὐτῆς
2661 2587 2748 2640 καὶ
2801 2591 2909 2641 τῶν
2960 2587 3275 2644 ὑπολοίπων
3326 2590 3513 2656 ἐθνῶν.
3546 2598 3917 2673 »Δεξάμενος

2264 2673 2319 2730 δὲ
2349 2680 2665 2750 περιχαρῶς
2696 2677 2723 2730 6
2757 2677 3008 2751 Σκληρὸς
3036 2677 3164 2740 τοὺς
3208 2677 3424 2756 λόγους,
3457 2684 3546 2738 καὶ
3575 2691 3691 2749 τοῖς
3724 2690 3915 2762 ὅρκοις

2263 2764 2558 2840 θαρρήσας,
2610 2763 2818 2818 ἄπεισιν
2864 2763 2916 2819 έν
2988 2764 3340 2840 Καππαδοκίᾳ
3385 2772 3523 2843 πρὸς
3568 2774 3657 2829 τὸν
3714 2783 3917 2835 Φωχᾶν

2262 2854 2337 2915 ὡς
2384 2874 2529 2927 ταχα
2584 2855 2898 2927 πληρώσων
2940 2855 3039 2923 τὴν
3091 2858 3502 2934 κοινοπραγίαν.
3565 2864 3805 2932 Ἐκεῖνος
3853 2866 3918 2925 δὶ

2258 2946 2448 2997 τοῦτον
2491 2937 2639 2996 ἔνδον
2684 2950 2785 3011 τῆς
2840 2946 3083 3017 σαγήνης
3132 2941 3314 3001 λαϐὼν
3343 2948 3735 3028 ἀπαμφιέννυσί
3759 2978 3817 3012 τε
3844 2960 3917 3014 τά

2258 3038 2357 3100 τῆς
2386 3029 2665 3105 βασιλείας
2705 3032 3002 3106 παράσημα
3050 3034 3138 3087 καὶ
3189 3034 3267 3097 εἷς
3317 3037 3380 3091 τὸ
3436 3040 3693 3115 φρούριον
3720 3046 3781 3099 τὸ
3806 3052 3916 3102 Τυ-

2261 3120 2481 3195 ροποιὸν
2534 3118 2819 3192 ἐκπέμπει,
2874 3122 3109 3195 φρουράν
3172 3123 3270 3178 οὐκ
3327 3126 3513 3200 ἀγεννῆ
3583 3138 3918 3206 περιστήσας

2258 3210 2430 3280 αὐτῷ,
2477 3208 2652 3269 Αὐτὸς
2713 3206 2769 3262 δὲ
2820 3211 2983 3284 μέρος
3028 3216 3124 3265 τοῦ
3169 3219 3396 3285 στρατοῦ
3446 3225 3740 3297 παρασχὼν
3798 3232 3917 3282 Κα-

2256 3298 2474 3373 λθκυρῷ
2529 3298 2800 3373 “armis
2854 3303 2934 3370 τῷ
3009 3299 3243 3377 Δελφινᾷ
3300 3303 3560 3378 ἐδιπέμττει
3613 3312 3747 3366 κατὰ
3805 3315 3913 3383 τὴν

2252 3386 2621 3460 ἀντίπορομον
2672 3391 2739 3459 τῇ
2804 3385 3045 3462 βασῖλίδι
3094 3390 3461 3463 Χρυσόπολιν.
3495 3397 3568 3451 Τὸ
3601 3395 3655 3453 δὲ
3708 3397 3911 3458 λοιπὸν

2253 3477 2388 3530 ἅπαν
2436 3482 2533 3544 τῆς
2596 3482 2845 3549 στρατιᾶς
2887 3474 3031 3551 ἄγων
3120 3482 3234 3551 μεθ’
3290 3482 3481 3537 ἑαυτοῦ
3538 3496 3772 3542 κάτεισιν
3828 3491 3913 3555 εἲς

2251 3559 2505 3635 ἸΔὸυδον,
2562 3563 2786 3626 ἐλπίσας
2856 3566 2999 3620 οὕτω
3075 3570 3462 3645 κατεχομένων
3537 3580 3645 3630 τῶν
3702 3585 3908 3635 στενῶν

2249 3654 2646 3726 πεπιεσμένους
2701 3651 2876 3725 ἐνδείᾳ
2950 3658 3381 3729 παραστήσεσθαι
3447 3662 3575 3726 τοὺς
3643 3665 3905 3732 πολίτας.

2249 3742 2311 3833 ’,Ο
2370 3739 2427 3797 δὲ
2488 3741 2742 3817 βασιλεὺς
2790 3742 2979 3798 πολλὰ
3048 3748 3425 3821 παρακαλέσας
3486 3752 3578 3807 τὸν
3638 3754 3909 3833 Δελφινᾶν

2249 3832 2617 3901 ἀπαναστῆναι
2674 3838 2775 3900 τῆς
2845 3833 3246 3907 Χρυσοπόλεως
3319 3839 3409 3893 καί
3461 3842 3537 3911 μὴ
3595 3832 3904 3918 ἀντιμέτω-

2248 3943 2349 3976 πον
2397 3925 2466 3995 τῇ
2521 3918 2761 3997 βασιλίδι
2835 3926 3107 3978 ποιεῖσθαι
3170 3927 3606 4001 στρατοπεδείαν,
3667 3935 3741 3997 ὡς
3797 3937 3904 3993 οὐκ

2248 4007 2443 4079 ἔπειθε,
2485 4009 2655 4064 πλοῖα
2705 4013 3111 4084 παρασκευάσας
3161 4016 3348 4077 νυκτὸς
3403 4019 3493 4072 καὶ
3540 4020 3753 4084 τούτοις
3794 4024 3902 4098 έμ-

2249 4095 2477 4161 ϐιϐάσας
2522 4098 2656 4161 Ῥὼς
2699 4098 2887 4175 (ἔτυχε
2954 4102 3055 4175 γάρ
3133 4104 3450 4180 συμμαχίαν
3527 4095 3905 4184 προπαλαᾷά-

2251 4209 2407 4261 μενος
2439 4187 2490 4258 ἐξ
2522 4188 2719 4259 αὐτῶν,
2780 4190 2869 4243 καὶ
2919 4187 3186 4261 κηδεστὴν
3238 4195 3605 4269 ποιησάμενος
3648 4201 3739 4255 τὸν
3798 4200 3905 4276 ἄρ-

2246 4297 2417 4352 χοντα
2472 4276 2678 4331 τούτων
2746 4275 3103 4354 Βλαδιμηρὸν
3162 4280 3249 4334 ἐπὶ
3307 4286 3375 4356 τῇ
3438 4284 3629 4341 ἑαυτοῦ
3683 4286 3899 4367 ἀδελφῇ

2246 4369 2459 4439 ”Λννῃ),
2520 4367 2842 4438 περαιωθεὶς
2904 4368 3019 4439 μετ’
3058 4368 3234 4423 αὐτῶν
3296 4371 3543 4443 ἀνοήτως
3602 4375 3898 4441 ἐπιτίθεται

2242 4461 2360 4545 τοῖς
2403 4452 2623 4545 ἐχθροῖς
2646 4453 2735 4545 καί
2789 4454 2915 4530 ῥᾷον
2961 4462 3265 4545 χειροῦται.
3296 4461 3402 4517 Τὸν
3440 4462 3534 4533 μὶν
3570 4464 3662 4519 οῦν
3696 4468 3899 4545 Δελφι-

481 4550 577 4599 νίν
610 4543 697 4598 hri
729 4542 893 4614 ξύλου
943 4547 1117 4618 κρεμᾷ
1172 4542 1288 4596 κατ’
1345 4540 1544 4597 ἐκεῖνον
1600 4544 1691 4598 τὸν
1738 4542 1904 4597 τόπον
1956 4537 2180 4620 ἔνθαπερ
2239 4544 2357 4617 εἶχε
2410 4543 2511 4609 τήν
2570 4543 2774 4612 σκηνὴν
2825 4544 3210 4618 πεπηγμένην,
3270 4548 3362 4602 τὸν
3420 4546 3477 4604 δὶ
3533 4548 3767 4629 ἀδελφὸν
3798 4537 3900 4611 τοῦ

483 4640 652 4692 Φωκᾶ
704 4632 1017 4711 Νικηφόρον
1064 4634 1156 4689 τὸν
1209 4631 1411 4711 τυφλὸν
1466 4639 1674 4711 φρουρᾷ
1730 4632 2092 4710 παραδίδωσι,
2144 4637 2234 4689 καὶ
2284 4640 2399 4695 τοῖς
2455 4631 2675 4695 λοιποῖς
2731 4638 2848 4695 τοῖς
2907 4634 3099 4690 ἁλοῦσι
3151 4638 3340 4701 ποινάς
3400 4638 3606 4705 έπιθεὶς
3660 4644 3756 4707 τὰς
3808 4643 3903 4702 δο-

476 4724 675 4787 κούσας
710 4724 1032 4797 ὑπέστρεψεν
1072 4723 1146 4786 εἷς
1174 4724 1271 4791 τὴν
1309 4720 1583 4798 βασιλίδα.

552 4851 790 4907 Interim
815 4850 1037 4905 Phocas
1060 4850 1328 4921 Abydum
1354 4866 1587 4904 summa
1619 4866 1793 4920 opera
1818 4864 2124 4921 oppugna-

2304 4849 2365 4905 ,Ο
2425 4845 2481 4902 δὲ
2536 4853 2732 4911 (pka
2779 4849 2876 4917 τὴν
2939 4843 3172 4903 Ἀϐυδον
3227 4848 3551 4908 καταλαϐὼν
3608 4855 3897 4931 ὶπιμελῶς

480 4941 601 5009 bat,
631 4939 941 5011 oppidanis
963 4939 1184 4993 fortiter
1201 4954 1261 4992 se
1281 4938 1730 4992 defendentibus
1757 4955 1768 4992 :
1797 4956 1930 4993 nam
1954 4940 2131 4993 drun-

483 5030 682 5101 garius
714 5028 795 5082 rei
828 5028 1049 5081 navalis
1072 5027 1343 5096 (lyriacus
1369 5027 1709 5097 prmmissus
1739 5031 1880 5091 erat,
1909 5027 2006 5098 qui
2032 5044 2127 5099 op-

482 5117 828 5188 pidanorum
864 5116 1093 5171 animos
1125 5115 1519 5171 confirmaret.
1549 5114 1722 5169 Paulo
1748 5121 1879 5186 post
1905 5117 2130 5187 trajecit

481 5206 1247 5275 adAbydumConstantinus
1262 5205 1655 5273 imperator,el
1670 5205 2023 5261 subsecutus
2042 5213 2129 5262 est

479 5295 679 5349 statim
700 5294 1017 5361 fraterejus
1033 5292 1507 5349 Basilius.Hisita
1519 5292 1947 5364 gestis,Phocas
1967 5300 2126 5364 parte

475 5385 765 5438 exercitus
798 5383 867 5437 ad
888 5382 1251 5436 obsidionem
1276 5381 1461 5452 Abydi
1495 5381 1715 5450 relicta,
1741 5399 1874 5437 cum
1901 5383 2127 5453 reliqua

476 5476 641 5543 parte
670 5470 1125 5541 imperatoribus
1155 5468 1429 5523 occurrit.
1448 5469 1577 5523 Jam
1605 5471 1674 5525 ad
1707 5486 1963 5541 pugnam
1988 5488 2125 5529 con-

476 5559 785 5615 serendam
846 5557 991 5614 nihil
1050 5563 1258 5629 praeter
1317 5555 1631 5613 classicum
1696 5560 2122 5630 requirebatur,

479 5664 614 5704 cum
645 5647 871 5703 Phocas
921 5648 1165 5702 honeste
1214 5646 1407 5717 potius
1455 5648 1840 5718 oppetendam
1874 5653 2123 5705 mortem

479 5752 660 5815 quam
691 5736 943 5812 turpiter
970 5735 1277 5793 vivendum
1306 5739 1494 5807 ratus,
1526 5750 1658 5795 cum
1692 5737 1913 5795 videret
1943 5737 2128 5812 impe-

2239 4935 2570 5012 έπολιόρκει,
2634 4934 2937 5012 ῥωμαλέως
3006 4938 3380 5015 ὑφίσταμένων
3436 4941 3524 4997 καί
3572 4949 3682 4999 τῶν
3739 4943 3895 5005 ἔνδον

2236 5028 2335 5094 τὴν
2392 5024 2738 5100 πολιορκίαν,
2788 5030 2883 5079 τοῦ
2937 5023 3293 5103 δρουγγαρίου
3333 5032 3439 5085 τῶν
3479 5030 3751 5108 πλωΐμων
3787 5043 3895 5092 Κυ-

2240 5119 2428 5189 ριακοῦ
2495 5113 3005 5191 προεκπεμιρθὲντος
3084 5119 3230 5192 παρὰ
3311 5125 3407 5174 τοῦ
3479 5121 3747 5197 βασιλέως
3801 5126 3898 5181 καὶ

2234 5202 2361 5267 τοὺς
2428 5201 2579 5259 ἔνδον
2636 5203 3163 5279 παραθαρρύνοντος.
3224 5208 3375 5264 Μετὰ
3435 5212 3627 5285 μικρὸν
3683 5210 3739 5267 δὲ
3796 5212 3896 5270 ἐπε

2238 5294 2446 5368 ραιώοη
2506 5293 2593 5380 καὶ
2653 5294 3057 5358 Κωνσταντῖνος
3106 5295 3133 5349 6
3167 5300 3263 5350 τοῦ
3312 5296 3583 5372 βασιλέως
3630 5298 3894 5380 ἀδελφὸς,

2235 5382 2461 5435 κατόπιν
2524 5379 2570 5435 δ’
2625 5380 2842 5458 ἀφίκετο
2896 5382 2984 5436 καὶ
3042 5382 3203 5448 αὐτὸς
3255 5386 3283 5439 6
3334 5385 3589 5461 βασιλεύς
3620 5407 3633 5422 ⁸
3680 5379 3893 5448 ὧνπε-

2236 5471 2576 5543 ραιωθέντων
2610 5471 2637 5524 6
2688 5475 2885 5533 Φωκᾶς
2938 5473 3100 5547 μέρος
3148 5474 3241 5545 μὶν
3290 5482 3389 5545 τῆς
3430 5484 3685 5553 στρατιᾶς
3717 5500 3892 5553 προσ-

2235 5555 2466 5630 εδρεόειν
2521 5557 2738 5628 ἐπέταξε
2785 5562 2851 5632 τῇ
2910 5567 3010 5629 τῆς
3068 5559 3302 5619 ’Δὸύδου
3359 5564 3674 5642 πολιορκίᾳ,
3727 5568 3894 5634 αὐτὸς

2235 5644 2292 5702 δὲ
2340 5652 2457 5709 τοῖς
2507 5645 2725 5711 λοιποῖς
2783 5651 2878 5702 τοῦ
2927 5655 3157 5727 στρατοῦ
3212 5653 3725 5730 ἀννιπαρατάττεται
3770 5665 3895 5726 τοῖς

2237 5734 2517 5820 βασιλεῦσι
2548 5739 2631 5815 [Ρ.
2661 5738 2789 5817 700]
2840 5737 2936 5795 Καὶ
2990 5737 3306 5818 μελλούσης
3363 5739 3472 5819 ἤδη
3533 5743 3715 5827 ἀρχήν
3748 5744 3896 5829 λαμ-
