4038 6334
126 413 234 476 1⁸77

1266 415 1816 482 HISTORIABUM
1859 415 2400 484 GOMPENDIUM.

3432 415 3551 482 178

127 539 303 601 ϐἆνειν
359 550 463 616 τῆς
521 545 712 624 μάχης
772 546 800 603 ὁ
861 550 1058 614 Φωκᾶς
1109 551 1207 606 τοῦ
1265 553 1360 625 ζῇν
1420 549 1659 626 ἀγεννῶς
1715 550 1778 604 τὸ

1906 555 2152 609 ratorem
2183 553 2417 610 eminus
2449 550 2745 610 hincinde
2795 551 3235 626 obequitantem
3283 551 3548 610 ordines-

124 635 381 711 γενναίως
429 635 724 701 ἀποθανεῖν
773 637 1002 715 εὐγενῶς
1057 639 1376 716 προκρίνας,
1407 641 1500 695 τὸ)
1561 638 1787 715 βασιλέα

131 726 459 796 θεασάμενος
516 726 797 804 πόρρωθεν
855 727 990 802 τῇδε
1040 730 1257 785 κάκεῖσε
1308 727 1783 802 καθιππαζόμενον

128 814 212 868 καὶ
261 816 363 876 τὰς
421 819 529 870 τῶν
581 815 800 872 οἷ’κείων
857 815 1262 892 διακοσμοῦντα
1305 818 1480 889 τάξεις
1534 818 1624 872 καὶ
1681 838 1785 871 πα-

131 903 556 979 ραθαρρύνοντα,
614 906 704 960 καὶ
762 907 898 982 πρὸς
959 909 1146 963 ἑαυτὸν
1199 907 1554 984 λογισάμενος
1612 907 1686 968 ὡς
1740 905 1785 960 εί

128 990 327 1046 τούτου
359 991 634 1070 ὶπιτυχὴς
665 995 910 1068 γένηται,
945 995 1072 1072 ῥᾷον
1121 996 1181 1051 ἂν
1228 996 1320 1052 καὶ
1370 995 1497 1059 τοὺς
1555 994 1785 1058 λοιποὺς

130 1086 578 1156 καταγωνιεῖται,
611 1084 702 1136 τὸν
756 1081 928 1138 ’ίππον
983 1085 1265 1157 μυωπίσας
1327 1083 1600 1161 ῥαγδαίως
1634 1082 1786 1139 ’ίκετο

132 1171 250 1224 κατ’
310 1168 502 1238 αὐτοῦ,
554 1171 650 1232 τὰς
707 1169 942 1234 ἐναντίας
1001 1172 1288 1250 φάλαγγας
1338 1171 1646 1228 διακόπτων
1695 1171 1786 1226 καὶ

127 1256 505 1320 ἀνυπόστατος
532 1264 654 1322 τοῖς
682 1266 813 1314 πᾶσι
873 1261 1218 1336 φαινόμενος.
1250 1259 1393 1334 ’Ἡδη
1454 1260 1510 1317 δὲ
1562 1266 1643 1334 τῷ
1689 1261 1784 1336 βα-

128 1346 274 1403 σιλεῖ
316 1347 696 1425 προσεγγίζων
756 1349 918 1412 εὐθὺς
991 1350 1310 1429 ὑποστρέφει
1386 1352 1474 1406 καὶ
1533 1350 1608 1413 ε’ίς
1666 1371 1788 1404 τινα

126 1435 296 1514 λόφον
359 1434 556 1505 ἄνεισι,
589 1438 681 1494 καὶ
732 1443 830 1494 τοῦ
881 1438 1058 1494 ἵππου
1116 1435 1328 1503 ἀποϐὰς
1376 1439 1632 1513 καὶπρὸς
1681 1443 1784 1514 γῆν

129 1525 366 1588 ίκτείνας
429 1526 616 1582 ἑαυτὸν
677 1526 913 1583 ἀπέλιπε
965 1531 1063 1599 τὴν
1123 1531 1292 1602 ζωὴν,
1333 1527 1439 1584 ε’ίτε
1489 1530 1634 1604 παρά
1687 1549 1787 1584 του

126 1619 230 1670 τῶν
317 1621 674 1692 στρατιωτῶν
741 1616 794 1672 ἐν
835 1622 944 1690 ’τῷ
1011 1616 1255 1681 ἀτάκτως
1337 1620 1586 1697 φέρεσθαι
1663 1638 1789 1673 και-

128 1703 242 1776 ρίαν
298 1705 518 1774 τυπεὶς,
571 1701 677 1760 ε’ίτε
726 1706 814 1762 καὶ
875 1704 1062 1769 ἄλλως
1121 1706 1228 1763 ἀπὸ
1287 1714 1605 1780 σωματικῆς
1661 1705 1788 1761 ἀτα-

131 1793 240 1863 ξίας
281 1795 700 1868 κατεργασθείς’
739 1793 962 1870 πληγήν
1017 1797 1202 1870 μιντοι
1251 1796 1363 1852 οὐδ’
1395 1797 1542 1859 ὅλως
1596 1795 1785 1872 εὐρέθη

1896 658 2011 714 que
2056 659 2298 699 suorum
2349 643 2736 700 instruentem
2783 643 2936 700 445
2985 648 3042 698 et
3092 643 3322 700 animos
3372 642 3546 700 dictis

1894 733 2292 794 roborantem.
2324 749 2522 788 secum
2555 734 2841 805 cogitans,
2876 732 3164 804 siquidem
3194 732 3352 788 hunc
3382 732 3545 803 deje-

1896 820 2093 884 cisset,
2125 837 2189 876 se
2228 820 2471 892 reliquis
2503 821 2671 875 facile
2698 821 2998 877 victoriam
3029 826 3392 893 erepturum,
3425 820 3542 876 eal-

1895 909 2132 965 caribus
2180 911 2388 964 adacto
2438 925 2588 981 equo
2637 925 2740 982 per
2787 911 3059 966 adversos
3108 909 3342 966 ordines
3380 912 3544 964 tanto

1895 999 2118 1070 impetu
2177 998 2237 1053 in
2295 999 2708 1071 imperatorem
2762 1000 2948 1055 fertur
2995 1004 3060 1054 ut
3107 1015 3242 1055 eum
3296 997 3546 1055 subsisti

1896 1105 2067 1160 posse
2098 1105 2268 1143 nemo
2301 1089 2700 1160 putaret.Cum
2724 1094 2917 1143 autem
2942 1106 3057 1144 non
3092 1087 3293 1159 procul
3317 1089 3442 1159 jam
3471 1087 3546 1143 ab

1896 1171 2248 1248 imperatore
2274 1180 2528 1242 abesset,
2563 1177 2758 1232 subito
2789 1193 3106 1232 conversus
3138 1177 3195 1231 in
3229 1177 3547 1248 quemdam

1894 1265 2191 1321 tumulum
2225 1265 2651 1337 evadit,ibique
2683 1266 2756 1320 ab
2787 1281 2938 1336 equo
2969 1265 3352 1330 descendit,et
3380 1263 3546 1320 humi

1894 1358 2268 1426 exporrectus
2302 1355 2664 1426 exspirat.De
2696 1357 2881 1409 morte
2910 1354 3040 1426 ejus
3071 1353 3228 1410 varia
3258 1353 3545 1410 feruntur.

1895 1444 2166 1510 Quidam,
2198 1445 2338 1499 dum
2374 1459 2477 1515 per
2504 1443 2702 1500 hostes
2733 1443 3121 1515 incomposito
3150 1443 3370 1514 impetu
3404 1441 3543 1514 ruit,

1895 1533 2068 1590 letale
2095 1532 2310 1588 vulnus
2342 1533 2639 1605 accepisse
2667 1537 2901 1604 putant,
2933 1532 3030 1587 alii
3064 1532 3284 1602 absque
3313 1530 3423 1586 hoc
3471 1531 3544 1586 ob

1896 1637 2112 1695 corpus
2132 1621 2523 1694 negligentius
2549 1627 2820 1678 curatum
2855 1622 3291 1694 periisse.Certe
3312 1618 3544 1675 nullum

1898 1712 2085 1785 plagae
2116 1712 2354 1784 signum
2385 1712 2446 1767 in
2477 1713 2756 1768 cadavere
2781 1712 2911 1782 ejus
2941 1710 3187 1778 exstitit;
3219 1725 3338 1782 quo
3369 1710 3435 1764 iit
3466 1709 3542 1764 ub

1896 1817 2118 1858 veneno
2148 1801 2502 1857 exstinctum
2533 1802 2719 1856 fuisse
2766 1801 2923 1856 fama
2973 1799 3315 1856 obtinuerit.
3365 1798 3546 1854 Aiunt

128 1883 176 1937 ἂν
207 1887 290 1954 τῷ
320 1883 546 1956 σώματι
577 1883 745 1958 ἔχων,
776 1885 867 1940 καὶ
898 1882 987 1940 διὰ
1014 1889 1176 1941 τοῦτο
1204 1887 1232 1941 ὁ
1253 1885 1425 1960 λέγων
1459 1886 1628 1960 λόγος
1687 1883 1788 1954 δη-

1906 1891 2055 1945 enim
2087 1890 2442 1956 Simeonem,
2476 1890 2567 1944 cui
2601 1889 2868 1944 omnium
2902 1887 3257 1944 famulorum
3292 1887 3547 1942 maxime

124 1971 386 2047 λητηρίῳ
417 1973 582 2027 αὐτὸν
625 1972 974 2047 ἀναιρεθῆναι
1022 1981 1230 2050 κρατεῖ.
1265 1976 1494 2050 Φέρεται
1547 1976 1651 2050 γὰρ
1703 1972 1786 2028 ὅτι

127 2062 362 2134 Συμεὼν
402 2062 432 2116 ὁ
461 2063 862 2127 πιστικώτατος
916 2068 1022 2119 τῶν
1079 2063 1421 2140 Θεραπόντων
1451 2063 1637 2136 αὐτοῦ,
1680 2060 1786 2118 δώ-

133 2171 246 2224 ροις
315 2151 431 2206 ὑπὸ
496 2148 765 2226 βασιλέως
840 2153 1203 2222 ἀναπεισθεὶς,
1264 2157 1536 2232 φαρμάκῳ
1597 2157 1789 2208 τοῦτον

127 2238 471 2296 ἀπέκτεινεν.
531 2239 730 2296 Εῒώθει
789 2241 889 2318 γὰρ
939 2242 968 2296 ὁ
1027 2249 1225 2305 Φωκᾶς
1283 2243 1335 2298 ἐν
1402 2248 1483 2315 τῷ
1552 2241 1787 2314 πολέμῳ

127 2326 319 2391 ὕδατος
383 2331 606 2404 ψυχροῦ
673 2330 782 2404 πρὸ
850 2338 951 2400 τῆς
1003 2331 1333 2406 συμπλοκῆς
1390 2331 1742 2408 ἀπογεύεσθαι
1769 2339 1784 2354 ⁸

128 2418 156 2471 ’ὀ
205 2417 304 2472 κάν
361 2417 534 2493 ταύτῃ
584 2422 654 2494 τῇ
715 2413 973 2495 συμϐολῇ
1048 2423 1286 2492 ποιήσας
1352 2416 1511 2476 ἔλαθε
1590 2440 1786 2496 συγκα-

127 2508 336 2562 ταπιὼν
371 2512 456 2579 τῷ
489 2504 642 2563 ὕδατι
674 2507 764 2563 καὶ
812 2509 876 2564 τὸ
927 2507 1290 2586 δηλητήριον.
1325 2510 1447 2564 Ἐπὶ
1494 2508 1667 2564 πολὺν
1729 2506 1786 2564 δὶ

130 2597 326 2670 χρόνον
363 2595 416 2650 ἐν
447 2601 531 2668 τῷ
561 2596 718 2675 λόφῳ
748 2599 1000 2670 κειμένου
1027 2603 1124 2654 τοῦ
1156 2604 1326 2654 Φωκᾶ
1372 2597 1546 2671 ᾤοντο
1591 2604 1786 2659 παντες

134 2682 217 2739 διά
241 2706 374 2739 τινα
402 2689 724 2758 σωματικὴν
769 2685 1037 2759 μαλακίαν
1089 2688 1380 2743 ἀναπαύσει
1442 2692 1608 2761 μικρᾷ
1663 2688 1782 2742 ἑαυ-

134 2774 218 2827 τὸν
249 2771 634 2828 ἰκδεδωκὲναι·
667 2775 742 2838 ὡς
778 2772 834 2830 δὶ
884 2774 1133 2851 ἐχρόνιζε
1181 2777 1432 2850 κείμενος
1477 2774 1568 2831 καί
1622 2795 1788 2850 προσ-

135 2864 300 2918 ελθών
365 2884 450 2924 τις
511 2863 698 2939 νεκρὸν
752 2862 912 2920 αὐτὸν
960 2866 1081 2940 εὗρε
1135 2866 1226 2920 καὶ
1277 2861 1527 2935 ἄναυδον,
1559 2866 1648 2920 καὶ
1711 2861 1788 2919 διο

135 2952 379 3026 ιγνώσθη
410 2956 529 3013 τοῖς
560 2958 720 3006 πᾶσιν
755 2952 784 3007 ὁ
803 2953 1002 3008 τούτου
1029 2955 1346 3020 Θάνατος,οἱ
1371 2955 1467 3026 μὲν
1492 2954 1787 3008 ἀποστάται

133 3040 284 3103 εὐθὺς
320 3039 406 3101 εἷς
439 3041 616 3115 φυγήν
651 3039 940 3115 ὥρμησαν,
970 3042 1038 3097 τὰ
1069 3040 1126 3097 δὲ
1153 3047 1251 3098 τοῦ
1307 3041 1576 3118 βασιλέως
1623 3040 1785 3119 ἐπερ-

136 3127 319 3202 Ιὖώσθη
386 3129 785 3202 στρατεύματα,
816 3129 904 3184 καὶ
963 3129 1188 3186 ἐδίωκον
1245 3131 1664 3206 ἀμεταστρεπτὶ,
1697 3130 1786 3184 καὶ

139 3222 479 3293 ζωγροῦνται
504 3217 599 3290 μὲν
625 3220 778 3275 Λέων
808 3219 896 3274 καὶ
927 3221 1266 3296 Θεόγνωστος
1325 3222 1376 3276 0i
1431 3219 1786 3288 Μελισσηνοὶ,

1899 1979 2215 2045 ﬁdebat,ab
2234 1979 2580 2050 imperatore
2602 1977 2947 2033 muneribus
2963 1981 3305 2048 corruptum
3328 1991 3544 2046 aquam

1895 2071 2104 2142 poturo
2134 2084 2266 2123 cum
2299 2066 2563 2139 prelium
2597 2067 2771 2122 iniret
2800 2065 3098 2138 (omnibus
3128 2065 3284 2121 enim
3329 2062 3545 2136 praaliis

1896 2158 2272 2213 consuevisse
2301 2156 2555 2212 Phocam
2587 2161 2724 2211 ante
2755 2155 3091 2211 conflictum
3137 2153 3407 2225 frigidam
3457 2151 3546 2207 bi-

1895 2248 2052 2312 bere)
2082 2261 2369 2301 venenum
2406 2244 2576 2300 letale
2600 2245 2897 2315 injecisse,
2930 2243 3106 2312 idque
3136 2243 3208 2297 ab
3253 2257 3319 2296 eo
3363 2239 3543 2296 simul

1895 2353 2028 2394 cum
2075 2352 2232 2407 aqua
2277 2335 2578 2390 haustum.
2635 2336 2794 2400 Cum.
2831 2333 3176 2405 aliquandiu
3218 2333 3278 2386 in
3309 2329 3540 2386 tumulo

1893 2425 2005 2481 isto
2031 2423 2312 2493 jacuisset
2350 2421 2595 2489 Phocas,
2644 2422 2900 2478 universi
2950 2421 3237 2492 putabant
3282 2435 3418 2474 eum
3467 2417 3541 2473 ob

1893 2511 2151 2584 corporis
2181 2511 2435 2582 aliquem
2467 2510 2808 2581 languorem
2859 2509 3042 2581 quieti
3091 2525 3155 2564 se
3200 2507 3539 2580 aliquantu-

1893 2602 2016 2656 lum
2050 2600 2301 2656 dedisse.
2337 2599 2447 2654 Sed
2481 2615 2617 2654 cum
2651 2600 2877 2654 diutius
2895 2599 3116 2670 jaceret
3137 2601 3194 2652 et
3223 2611 3541 2669 aggressus

1896 2691 2135 2763 quidam
2170 2693 2467 2744 mortuum
2500 2704 2633 2743 eum
2662 2687 3142 2758 deprehendisset
3158 2702 3224 2740 ac
3255 2686 3327 2740 de
3357 2687 3542 2740 morte

1895 2781 2024 2850 ejus
2056 2794 2258 2834 rumor
2287 2776 2694 2842 increbuisset,
2724 2776 2923 2832 statim
2957 2777 3085 2848 ejus
3125 2773 3344 2830 milites
3390 2775 3541 2846 fugin

1897 2885 1959 2924 se
1989 2868 2311 2936 dederunt;
2341 2872 2400 2922 et
2443 2867 2817 2938 imperatoris
2864 2865 3041 2936 copia)
3093 2863 3311 2920 animis
3359 2867 3546 2918 aucta

1898 2961 2058 3012 sunt.
2110 2959 2268 3011 Inter
2315 2956 2575 3026 captivos
2626 2955 2785 3010 fuere
2849 2956 2960 3009 Leo
3025 2953 3546 3024 Theognostusque

1897 3044 2215 3114 Melisseni,
2249 3045 2614 3100 Theodosius
2664 3044 3049 3116 Mesanyctes,
3100 3047 3159 3097 et
3205 3041 3302 3096 alii
3354 3040 3546 3109 mulli,

1897 3151 2046 3207 quos
2076 3133 2326 3190 Basilius
2358 3134 2671 3206 imperator
2701 3149 2899 3188 secum
2929 3132 2990 3187 in
3023 3133 3174 3188 449
3207 3131 3409 3187 urbem
3444 3129 3546 3185 ad-

1896 3229 2088 3281 vectos
2117 3241 2219 3296 per
2249 3225 2506 3279 medium
2534 3224 2722 3278 forum
2747 3222 2805 3278 in
2835 3222 3136 3294 triumpho
3167 3218 3548 3287 duxit,asinis

142 3305 434 3368 Θεοδόσιος
468 3308 496 3361 ὁ
522 3307 868 3378 Μεσανύκτης
897 3307 986 3363 καί
1039 3309 1203 3364 ἄλλοι
1262 3308 1488 3366 πολλοί.
1522 3307 1628 3370 Οὓς
1679 3309 1795 3382 μεθ’

1907 3313 2441 3387 impositos.Solum
2466 3313 2526 3367 in
2550 3312 2656 3368 hac
2680 3329 2739 3367 re
2760 3311 3038 3367 eximium
3061 3309 3268 3366 habuit
3297 3310 3548 3365 Leonem

145 3397 340 3450 ἑαυτοῦ
364 3396 394 3450 ὁ
429 3396 687 3469 βασιλεὺς
719 3396 796 3458 είς
824 3398 922 3465 τὴν
949 3393 1113 3452 πόλιν
1147 3397 1442 3474 εἰσαγαγὼν
1492 3395 1580 3452 διὰ
1631 3399 1798 3471 μέσης

149 3479 518 3560 ἐθριάμϐευσε
570 3491 669 3555 τῆς
730 3486 926 3562 ἀγορᾶς
980 3482 1126 3550 ὄνοις
1192 3486 1570 3565 ἐφεζομὲνους,
1629 3486 1799 3559 μόνου

154 3575 491 3649 φεισάμενος
539 3572 770 3638 Αέοντος
823 3579 918 3630 τοῦ
994 3575 1359 3647 Μελισσηνοῦ.
1420 3575 1638 3652 Λέγεται
1698 3575 1802 3650 γὰρ

154 3663 312 3724 οὗτος
377 3660 467 3715 ἐπὶ
516 3665 616 3730 τῆς
653 3663 996 3738 παρατάξεως
1043 3669 1124 3737 τῷ
1171 3663 1356 3737 οἰκείῳ
1405 3663 1626 3743 ἀδελφῷ
1681 3670 1808 3719 Θεο-

153 3754 407 3826 γνώσ-τῳ,
433 3750 851 3826 ὖπιχλευάζοντι
881 3752 1008 3814 τοὺς
1041 3752 1284 3830 βασιλεῖς
1313 3753 1404 3809 καὶ
1436 3749 1618 3829 ὕϐρεις
1648 3753 1807 3828 ἀπρε-

153 3846 273 3904 πεῖς
327 3838 386 3902 ἐς
432 3837 627 3902 αὐτοὺς
694 3840 1142 3918 ἀποῤῥιπτοῦντι,
1184 3843 1505 3917 ἐπιτιμῆσαί
1559 3863 1619 3897 τε
1674 3841 1806 3916 μετά

155 3926 411 4006 δακρύων
478 3927 685 3999 πολλὰ,
742 3931 830 3986 καὶ
894 3929 1265 4006 παρακαλέσαι
1341 3931 1641 3987 παύσασθαι
1707 3936 1805 4000 τῆς

153 4018 567 4092 ἀθυροστομίας
593 4021 681 4074 καὶ
721 4021 795 4092 μή
829 4019 1064 4083 ἀναιδῶς
1116 4017 1413 4097 ἐνυϐρίζειν
1444 4020 1522 4083 εἷς
1569 4020 1697 4082 τοὺς
1723 4019 1804 4074 ol-

151 4106 336 4169 κείους
378 4104 662 4170 δεσπότας·
699 4108 813 4164 ἐπεὶ
845 4106 904 4164 δὶ
963 4111 1038 4180 μὴ
1098 4107 1297 4180 ἔπειθε,
1336 4111 1424 4164 καὶ
1483 4111 1575 4164 τὸν
1634 4129 1806 4185 σειρο-

156 4199 374 4268 μία-την
405 4199 520 4270 (48)
552 4197 787 4260 ἐκτείνας
821 4195 1004 4254 δοῦναι
1046 4201 1226 4273 τούτῳ
1264 4197 1500 4272 πολλὰς,
1535 4199 1671 4254 ὥστε
1713 4198 1804 4252 καὶ

151 4287 243 4340 τὸν
308 4285 544 4362 ﬂantum
597 4287 797 4362 θεωρὸν
857 4283 986 4344 ὄντα
1039 4293 1148 4344 τῶν
1204 4288 1505 4365 γινομένων
1566 4289 1801 4344 ἀνειπεῖν

153 4378 290 4448 πρὸς
334 4374 465 4436 τοὺς
511 4377 810 4451 παρόντας’
853 4401 881 4429 ι(
913 4376 1101 4448 Ἴδετε,
1132 4380 1178 4433 ὧ
1225 4379 1398 4450 οὗτοι,
1430 4379 1518 4457 ἀφ’
1549 4379 1667 4441 ἑνὸς
1716 4378 1803 4449 ξύ-

156 4462 256 4520 λου
285 4467 382 4520 καὶ
415 4465 642 4540 σταυρὸν
671 4468 761 4520 καὶ
790 4465 958 4521 πτύον
987 4470 1121 4541 (49)’
1151 4492 1180 4520 ››
1207 4469 1305 4522 Διὰ
1348 4467 1548 4537 ταύτην
1581 4465 1670 4522 οὖν
1702 4468 1802 4537 τὴν

156 4556 332 4611 αἰτίαν
357 4552 573 4632 λέγεται
602 4559 684 4628 τῷ
713 4556 901 4612 Λέοντι
933 4560 1359 4635 συγχωρηθῆναι
1389 4557 1481 4612 τὸν
1511 4552 1802 4633 θρίαμϐον.

1908 3402 2309 3459 Melissenum.
2343 3405 2396 3458 Is
2424 3403 2638 3458 etenim
2673 3402 2873 3470 fertur,
2905 3417 3040 3456 cum
3065 3401 3190 3472 jam
3224 3399 3379 3455 acies
3425 3398 3550 3453 ins-

1913 3495 2264 3556 truerentur,
2296 3491 2729 3562 Theognostum
2783 3491 3017 3546 fratrem
3071 3505 3245 3544 suum
3299 3488 3552 3544 subsan-

1915 3585 2150 3636 nantem
2183 3586 2242 3636 et
2269 3580 2544 3652 turpibus
2576 3578 2902 3635 maledictis
2935 3578 3320 3633 insectantem
3368 3576 3556 3646 impe-

1915 3674 2137 3724 ratores
2184 3669 2514 3740 lacrymans
2561 3669 2814 3739 graviter
2860 3668 3224 3738 objurgasse,
3258 3669 3316 3720 et
3343 3664 3553 3733 lingula

1913 3757 2027 3812 ista
2059 3756 2380 3828 petulantia
2407 3757 2703 3811 abstinere
2730 3756 3002 3826 jussisse,
3031 3768 3221 3824 neque
3250 3752 3331 3807 ita
3359 3751 3558 3822 impu-

1914 3847 2120 3901 denter
2167 3845 2424 3900 dominis
2473 3844 2598 3899 suis
2644 3842 2992 3911 conviciari;
3039 3857 3294 3912 cumque
3340 3840 3392 3894 is
3439 3854 3557 3894 non

1915 3935 2362 4005 obtemperaret,
2408 3933 2758 3989 seiromasta
2784 3932 3066 3987 intentato
3095 3929 3320 4000 aliquot
3347 3928 3398 3985 ei
3431 3927 3559 3999 pla-

1915 4041 2017 4094 gas
2075 4023 2462 4094 imposuisse;
2513 4027 2690 4092 atque
2730 4021 2924 4092 ipsum
2977 4022 3386 4091 imperatorem
3435 4016 3560 4073 hmo

1917 4117 2281 4184 spectantem
2317 4111 2704 4183 praesentibus
2744 4111 2961 4165 dixisse
3001 4127 3014 4166 :
3068 4131 3095 4158 ‹‹
3149 4107 3444 4163 Videtisne
3489 4122 3561 4162 ex

1916 4202 2119 4256 eodem
2171 4200 2330 4273 ligno
2379 4215 2609 4255 crucem
2668 4203 2725 4254 et
2769 4196 3206 4254 ventilabrum?
3245 4215 3272 4248 ο
3309 4197 3380 4252 Et
3408 4195 3562 4251 hanc

1917 4289 2099 4346 fuisse
2128 4305 2368 4346 causam
2401 4305 2506 4344 cur
2538 4288 2785 4344 Leonem
2815 4286 2876 4342 in
2905 4285 3204 4358 triumpho
3235 4302 3351 4342 non
3387 4285 3563 4340 duce-

1915 4382 2024 4436 ret.

1299 4685 1698 4747 XYLANDRI
1745 4688 1843 4749 ET
1887 4684 2122 4747 GOARI
2167 4684 2422 4743 NOTJE.

224 4801 342 4883 (ἑᾷ)
375 4797 547 4883 Σξιρά
576 4802 665 4855 est
711 4799 910 4883 restis.
957 4799 1063 4855 Sed
1109 4800 1274 4883 quid,
1324 4800 1411 4883 sit,
1448 4802 1816 4883 σειρομάστης
1844 4807 1894 4870 1)
1926 4800 2062 4883 quia
2090 4803 2146 4883 et
2176 4797 2294 4881 haec
2315 4814 2383 4883 ex
2404 4799 2608 4883 eodem
2629 4795 3040 4883 quoqueligno
3067 4794 3386 4883 tieripos‘s'e
3404 4791 3571 4883 nulla

158 4873 380 4930 nescio.
417 4871 574 4927 Pene
599 4871 883 4927 scuticam
918 4880 1334 4928 converteram.
1368 4871 1503 4942 XY_L.
1533 4871 1625 4942 ’τέ
1675 4874 1816 4942 Quid

157 4949 250 5027 εει.
276 4942 676 5027 σειρομεὶξτης,
725 4943 1304 5027 dopent_He_sychiu_s
1340 4961 1355 5027 ξ
1388 4939 1528 5003 εἶδος
1576 4939 1815 5027 imm,

160 5018 368 5072 Suidas
403 5032 420 5069 :
459 5018 600 5075 εἶδος
630 5018 903 5085 ἀκοντίου,
950 5019 1182 5072 Tzetzes
1214 5033 1227 5071 :
1260 5018 1530 5070 ἀκόντιον.
1583 5018 1820 5084 Legitur

160 5105 325 5143 nam.
374 5087 455 5140 25
502 5085 749 5159 Phineas
797 5086 1120 5142 Israelitam
1160 5095 1539 5158 seortumque
1568 5089 1820 5159 turpiter

1332 5176 1392 5213 ro
1442 5175 1558 5230 quo
1607 5160 1818 5231 Aquila

156 5010 376 5072 ﬂuidas
403 5032 420 5069 :
446 5010 903 5085 νεῖδοςάκοντίου,
950 5010 1182 5072 Tzeties
1214 5033 1227 5071 :
1260 5013 1530 5070 ἀκόντιον.

160 5160 472 5232 copulatas
501 5155 838 5232 σειρομάστῃ
882 5159 1239 5232 confecisse;

199 5225 322 5286 obit
348 5225 990 5304 xowévfsymmachus
1021 5225 1172 5303 δόρυ,
1206 5225 1815 5304 Vulgata—pugionem.

199 5248 322 5286 cuit
348 5248 573 5284 xovrov.
604 5248 990 5302 symmacnus
1021 5248 1172 5303 οορυ,
1214 5248 1450 5300 vulgata
1493 5248 1815 5304 pugionem.

161 5248 409 5360 {alcon
447 5319 806 5373 anonymum
840 5301 978 5356 alibi
1003 5304 1126 5373 jam
1177 5303 1420 5359 citatum
1467 5299 1607 5364 εἶδος
1656 5302 1818 5356 ἀκον-

160 5375 299 5439 τίου,
332 5373 603 5448 λόγχηςε
618 5373 799 5429 GOAR.

231 5448 343 5518 (49)
373 5443 545 5513 Quod
573 5446 644 5501 de
691 5459 862 5518 cruce
907 5447 967 5518 et
1001 5443 1336 5518 ventilabro
1387 5444 1619 5518 dicitur
1649 5444 1819 5516 quasi

165 5520 238 5574 ad
311 5516 393 5585 io,
431 5518 594 5574 hunc
623 5517 888 5588 suspicor
922 5516 1131 5572 habere
1161 5532 1422 5583 sensum,
1475 5517 1627 5588 quod
1680 5533 1821 5571 crux

165 5536 313 5646 angi
337 5591 494 5646 istos
511 5605 704 5644 rerum
727 5587 1149 5646 pretiosissima
1169 5589 1426 5646 adeoque
1444 5589 1820 5644 sanctissima

162 5587 313 5662 apud
337 5591 494 5646 istos
511 5605 704 5644 rerum
727 5587 1149 5662 pretiosissima
1164 5589 1426 5662 adeoque
1444 5587 1820 5662 sanctissima

165 5659 254 5717 res
287 5664 630 5726 haberetur,
662 5659 1049 5733 ventilabrum
1080 5659 1348 5733 vulgaris
1372 5664 1428 5715 et
1474 5661 1626 5717 vilis.
1677 5659 1821 5715 Huic

164 5751 298 5808 ergo
328 5731 807 5801 maledicum,illi
832 5732 1166 5790 modestum
1190 5731 1567 5804 comparabat
1587 5733 1818 5797 fratres,

1925 4867 2014 4927 est
2045 4870 2270 4941 religio,
2302 4875 2359 4941 et
2389 4875 2523 4924 nota
2556 4867 2702 4924 vatis
2728 4867 2924 4924 divina
2954 4867 3448 4941 sententiatixrn.
3486 4894 3570 4941 _—

1926 4936 2185 4998 Sensum'
2223 4940 2483 5011 quidem,
2537 4958 2650 4994 non
2701 4944 2875 4994 verba
2924 4938 3215 5011 parmmize
3272 4936 3571 5011 Xylander

1927 5008 2362 5069 assecutus—est.
2389 5011 2532 5077 Quid
2559 5013 2715 5066 enim
2740 5013 2794 5065 in
2822 5011 3123 5065 ventilabro
3145 5010 3275 5066 vile.
3299 5013 3400 5063 aut
3430 5008 3569 5076 quid

1927 5103 1961 5142 a
1990 5100 2159 5139 cruce
2190 5084 2275 5137 sic
2301 5083 2580 5148 alienum,
2611 5089 2674 5136 ut
2704 5097 2838 5136 cum
2885 5081 2957 5135 de
3006 5081 3190 5151 pretio
3239 5081 3307 5133 fit
3354 5094 3570 5151 sermo,

1927 5162 2252 5212 extremum
2303 5155 2637 5224 oppositum
2689 5152 2928 5208 teneat?
2973 5150 3044 5224 at
3063 5151 3284 5224 tenebit
3312 5155 3486 5215 certe,
3521 5150 3570 5205 si

1927 5243 2206 5299 germano
2238 5226 2294 5279 in
2330 5223 2673 5299 significatu
2696 5242 2798 5299 pro
2821 5223 3374 5299 lignco‘batilloguo
3395 5227 3575 5299 terra,

1929 5293 2369 5362 rudera,sordes
2388 5293 2677 5367 exportari
2701 5293 2785 5351 vel
2809 5293 3020 5367 moveri
3049 5295 3261 5367 solent,
3281 5298 3576 5349 sumatur.

1927 5372 2172 5426 Sensum
2211 5369 2367 5423 hunc
2409 5364 2535 5437 jam
2584 5369 2657 5423 ab
2711 5364 3277 5437 antiquoﬁhabuisse
3329 5367 3582 5420 testatur

1927 5439 2348 5510 Euchologium
2383 5436 2438 5493 in
2474 5440 2879 5495 defunctorum
2900 5436 3127 5510 efficio,
3160 5451 3276 5507 quo
3307 5437 3580 5510 sacerdos

1928 5519 2144 5568 terram
2168 5505 2490 5582 injecturus
2515 5511 2777 5566 cadaveri
2810 5505 2976 5582 πτύον
3011 5505 3312 5564 assumere
3343 5511 3399 5563 et
3426 5506 3580 5582 πτύῳ

1929 5600 2054 5640 eam
2122 5577 2431 5653 aspergere
2499 5585 2731 5655 legitur.
2761 5654 2770 5655 ί
2803 5577 3102 5655 Πτυάριον-
3125 5583 3212 5655 (εἰΔ
3243 5577 3578 5652 corruptius

1928 5655 2124 5727 πτυάρι
2177 5651 2440 5708 moderni
2498 5651 2896 5727 pronuntiant.
2953 5653 3055 5727 Ita.
3080 5651 3324 5708 Lexicon
3359 5669 3578 5724 anony-

1931 5722 2094 5784 mum
2129 5727 2270 5783 bibl.
2303 5730 2441 5799 Reg.
2469 5722 2662 5798 πτύον,
2693 5725 2975 5800 πτυάριον.
3016 5722 3198 5780 GOAB.
