  <div class='ocr_page' id='page_1' title='image "/cluster/home/n/w/nwhite01/storage/ocr_20150623/122/hvd.32044073502452/097.png"; bbox 0 0 4070 6334; ppageno 0'>
   <div class='ocr_carea' id='block_1_1' title="bbox 477 402 593 466">
    <p class='ocr_par' dir='ltr' id='par_1_1' title="bbox 477 402 593 466">
     <span class='ocr_line' id='line_1_1' title="bbox 477 402 593 466; baseline 0 0"><span class='ocrx_word' id='word_1_1' title='bbox 477 402 593 466; x_wconf 64' lang='lat'>{79</span> 
     </span>
    </p>
   </div>
   <div class='ocr_carea' id='block_1_2' title="bbox 547 520 2216 604">
    <p class='ocr_par' dir='ltr' id='par_1_2' title="bbox 547 520 2216 604">
     <span class='ocr_line' id='line_1_2' title="bbox 547 520 2216 604; baseline -0.01 -12"><span class='ocrx_word' id='word_1_2' title='bbox 547 533 853 592; x_wconf 82' lang='lat' dir='ltr'>Enimvero</span> <span class='ocrx_word' id='word_1_3' title='bbox 886 532 1074 590; x_wconf 82' lang='lat' dir='ltr'>Phoce</span> <span class='ocrx_word' id='word_1_4' title='bbox 1102 528 1286 604; x_wconf 81' lang='lat' dir='ltr'>Aprili</span> <span class='ocrx_word' id='word_1_5' title='bbox 1319 542 1521 587; x_wconf 86' lang='lat' dir='ltr'>mense</span> <span class='ocrx_word' id='word_1_6' title='bbox 1550 522 2131 592; x_wconf 89' lang='lat' dir='ltr'>mortuo,indictione</span> <span class='ocrx_word' id='word_1_7' title='bbox 2160 520 2216 587; x_wconf 77' lang='grc' dir='ltr'><strong>Α</strong></span> 
     </span>
    </p>
   </div>
   <div class='ocr_carea' id='block_1_3' title="bbox 478 616 2136 692">
    <p class='ocr_par' dir='ltr' id='par_1_3' title="bbox 478 616 2136 692">
     <span class='ocr_line' id='line_1_3' title="bbox 478 616 2136 692; baseline -0.009 -11"><span class='ocrx_word' id='word_1_8' title='bbox 478 624 771 692; x_wconf 86' lang='lat' dir='ltr'>secunda;</span> <span class='ocrx_word' id='word_1_9' title='bbox 808 639 960 679; x_wconf 89' lang='lat' dir='ltr'>anno</span> <span class='ocrx_word' id='word_1_10' title='bbox 993 623 1064 678; x_wconf 87' lang='lat' dir='ltr'>ab</span> <span class='ocrx_word' id='word_1_11' title='bbox 1097 622 1321 691; x_wconf 79' lang='lat' dir='ltr'>origine</span> <span class='ocrx_word' id='word_1_12' title='bbox 1351 635 1546 674; x_wconf 88' lang='lat' dir='ltr'>rerum</span> <span class='ocrx_word' id='word_1_13' title='bbox 1578 618 1741 683; x_wconf 82' lang='grc'>6497,</span> <span class='ocrx_word' id='word_1_14' title='bbox 1772 616 2019 685; x_wconf 81' lang='lat' dir='ltr'>ejusque</span> <span class='ocrx_word' id='word_1_15' title='bbox 2051 627 2136 666; x_wconf 88' lang='lat' dir='ltr'>re-</span> 
     </span>
    </p>
   </div>
   <div class='ocr_carea' id='block_1_4' title="bbox 480 707 2137 783">
    <p class='ocr_par' dir='ltr' id='par_1_4' title="bbox 480 707 2137 783">
     <span class='ocr_line' id='line_1_4' title="bbox 480 707 2137 783; baseline -0.008 -12"><span class='ocrx_word' id='word_1_16' title='bbox 480 714 736 771; x_wconf 90' lang='lat' dir='ltr'>bellione</span> <span class='ocrx_word' id='word_1_17' title='bbox 767 729 1126 783; x_wconf 87' lang='lat' dir='ltr'>compressa,</span> <span class='ocrx_word' id='word_1_18' title='bbox 1173 711 1362 765; x_wconf 89' lang='lat' dir='ltr'>Durus</span> <span class='ocrx_word' id='word_1_19' title='bbox 1406 708 1735 763; x_wconf 83' lang='lat' dir='ltr'>libertatem</span> <span class='ocrx_word' id='word_1_20' title='bbox 1785 707 2137 759; x_wconf 78' lang='lat' dir='ltr'>consecutus</span> 
     </span>
    </p>
   </div>
   <div class='ocr_carea' id='block_1_5' title="bbox 482 797 2135 875">
    <p class='ocr_par' dir='ltr' id='par_1_5' title="bbox 482 797 2135 875">
     <span class='ocr_line' id='line_1_5' title="bbox 482 797 2135 875; baseline -0.01 -13"><span class='ocrx_word' id='word_1_21' title='bbox 482 820 545 861; x_wconf 89' lang='lat' dir='ltr'>se</span> <span class='ocrx_word' id='word_1_22' title='bbox 574 803 773 875; x_wconf 88' lang='lat' dir='ltr'>ipsum</span> <span class='ocrx_word' id='word_1_23' title='bbox 806 799 1124 872; x_wconf 77' lang='lat' dir='ltr'>recollegit,</span> <span class='ocrx_word' id='word_1_24' title='bbox 1159 803 1218 854; x_wconf 90' lang='lat' dir='ltr'>et</span> <span class='ocrx_word' id='word_1_25' title='bbox 1248 797 1564 870; x_wconf 88' lang='lat' dir='ltr'>pristinum</span> <span class='ocrx_word' id='word_1_26' title='bbox 1614 798 1889 851; x_wconf 86' lang='lat' dir='ltr'>conatum</span> <span class='ocrx_word' id='word_1_27' title='bbox 1940 805 2135 862; x_wconf 89' lang='lat' dir='ltr'>perse-</span> 
     </span>
    </p>
   </div>
   <div class='ocr_carea' id='block_1_6' title="bbox 484 880 2136 966">
    <p class='ocr_par' dir='ltr' id='par_1_6' title="bbox 484 880 2136 966">
     <span class='ocr_line' id='line_1_6' title="bbox 484 880 2136 966; baseline -0.009 -18"><span class='ocrx_word' id='word_1_28' title='bbox 484 894 584 966; x_wconf 88' lang='lat' dir='ltr'>qui</span> <span class='ocrx_word' id='word_1_29' title='bbox 618 891 811 963; x_wconf 77' lang='lat' dir='ltr'>cmpit.</span> <span class='ocrx_word' id='word_1_30' title='bbox 834 889 997 956; x_wconf 88' lang='lat' dir='ltr'>Quod</span> <span class='ocrx_word' id='word_1_31' title='bbox 1026 888 1124 942; x_wconf 91' lang='lat' dir='ltr'>ubi</span> <span class='ocrx_word' id='word_1_32' title='bbox 1158 887 1393 942; x_wconf 79' lang='lat' dir='ltr'>rescivit</span> <span class='ocrx_word' id='word_1_33' title='bbox 1421 885 1759 957; x_wconf 78' lang='lat' dir='ltr'>imperator.</span> <span class='ocrx_word' id='word_1_34' title='bbox 1780 898 1881 952; x_wconf 89' lang='lat' dir='ltr'>per</span> <span class='ocrx_word' id='word_1_35' title='bbox 1912 880 2136 935; x_wconf 89' lang='lat' dir='ltr'>litteras</span> 
     </span>
    </p>
   </div>
   <div class='ocr_carea' id='block_1_7' title="bbox 485 968 2135 1042">
    <p class='ocr_par' dir='ltr' id='par_1_7' title="bbox 485 968 2135 1042">
     <span class='ocr_line' id='line_1_7' title="bbox 485 968 2135 1042; baseline -0.011 -3"><span class='ocrx_word' id='word_1_36' title='bbox 485 998 619 1039; x_wconf 80' lang='lat' dir='ltr'>eum</span> <span class='ocrx_word' id='word_1_37' title='bbox 652 982 920 1035; x_wconf 80' lang='lat' dir='ltr'>hortatur</span> <span class='ocrx_word' id='word_1_38' title='bbox 951 982 1012 1033; x_wconf 91' lang='lat' dir='ltr'>ut</span> <span class='ocrx_word' id='word_1_39' title='bbox 1045 978 1279 1031; x_wconf 81' lang='lat' dir='ltr'>tandem</span> <span class='ocrx_word' id='word_1_40' title='bbox 1311 973 1627 1031; x_wconf 78' lang='lat' dir='ltr'>Christiani</span> <span class='ocrx_word' id='word_1_41' title='bbox 1662 970 1969 1042; x_wconf 83' lang='lat' dir='ltr'>sanguinis</span> <span class='ocrx_word' id='word_1_42' title='bbox 2002 968 2135 1022; x_wconf 83' lang='lat' dir='ltr'>fun-</span> 
     </span>
    </p>
   </div>
   <div class='ocr_carea' id='block_1_8' title="bbox 488 1059 2136 1132">
    <p class='ocr_par' dir='ltr' id='par_1_8' title="bbox 488 1059 2136 1132">
     <span class='ocr_line' id='line_1_8' title="bbox 488 1059 2136 1132; baseline -0.011 -5"><span class='ocrx_word' id='word_1_43' title='bbox 488 1070 662 1127; x_wconf 89' lang='lat' dir='ltr'>dendi</span> <span class='ocrx_word' id='word_1_44' title='bbox 690 1070 865 1125; x_wconf 82' lang='lat' dir='ltr'>finem</span> <span class='ocrx_word' id='word_1_45' title='bbox 897 1066 1073 1123; x_wconf 80' lang='lat' dir='ltr'>faciat</span> <span class='ocrx_word' id='word_1_46' title='bbox 1104 1065 1278 1120; x_wconf 91' lang='lat' dir='ltr'>homo</span> <span class='ocrx_word' id='word_1_47' title='bbox 1305 1070 1362 1119; x_wconf 89' lang='lat' dir='ltr'>et</span> <span class='ocrx_word' id='word_1_48' title='bbox 1409 1063 1467 1117; x_wconf 90' lang='lat' dir='ltr'>in</span> <span class='ocrx_word' id='word_1_49' title='bbox 1512 1062 1735 1132; x_wconf 89' lang='lat' dir='ltr'>judicio</span> <span class='ocrx_word' id='word_1_50' title='bbox 1782 1059 1908 1113; x_wconf 71' lang='lat' dir='ltr'>vitae</span> <span class='ocrx_word' id='word_1_51' title='bbox 1959 1062 2136 1128; x_wconf 66' lang='lat' dir='ltr'>gestae</span> 
     </span>
    </p>
   </div>
   <div class='ocr_carea' id='block_1_9' title="bbox 486 1148 2135 1222">
    <p class='ocr_par' dir='ltr' id='par_1_9' title="bbox 486 1148 2135 1222">
     <span class='ocr_line' id='line_1_9' title="bbox 486 1148 2135 1222; baseline -0.01 -6"><span class='ocrx_word' id='word_1_52' title='bbox 486 1161 775 1217; x_wconf 87' lang='lat' dir='ltr'>rationem</span> <span class='ocrx_word' id='word_1_53' title='bbox 808 1152 1263 1213; x_wconf 77' lang='lat' dir='ltr'>reddituruszvcl</span> <span class='ocrx_word' id='word_1_54' title='bbox 1294 1169 1423 1208; x_wconf 88' lang='lat' dir='ltr'>sero</span> <span class='ocrx_word' id='word_1_55' title='bbox 1457 1150 1745 1222; x_wconf 86' lang='lat' dir='ltr'>intelligat</span> <span class='ocrx_word' id='word_1_56' title='bbox 1775 1148 1915 1219; x_wconf 90' lang='lat' dir='ltr'>quid</span> <span class='ocrx_word' id='word_1_57' title='bbox 1961 1161 2135 1217; x_wconf 82' lang='lat' dir='ltr'>expe-</span> 
     </span>
    </p>
   </div>
   <div class='ocr_carea' id='block_1_10' title="bbox 487 1238 2141 1316">
    <p class='ocr_par' dir='ltr' id='par_1_10' title="bbox 487 1238 2141 1316">
     <span class='ocr_line' id='line_1_10' title="bbox 487 1238 2141 1316; baseline -0.011 -10"><span class='ocrx_word' id='word_1_58' title='bbox 487 1250 699 1315; x_wconf 87' lang='lat' dir='ltr'>dlat,et</span> <span class='ocrx_word' id='word_1_59' title='bbox 728 1247 1142 1316; x_wconf 79' lang='lat' dir='ltr'>magistratum</span> <span class='ocrx_word' id='word_1_60' title='bbox 1178 1243 1291 1297; x_wconf 86' lang='lat' dir='ltr'>sibi</span> <span class='ocrx_word' id='word_1_61' title='bbox 1321 1240 1600 1296; x_wconf 86' lang='lat' dir='ltr'>divinitus</span> <span class='ocrx_word' id='word_1_62' title='bbox 1630 1238 1934 1311; x_wconf 71' lang='lat' dir='ltr'>praelatum</span> <span class='ocrx_word' id='word_1_63' title='bbox 1965 1250 2141 1306; x_wconf 80' lang='lat' dir='ltr'>agno-</span> 
     </span>
    </p>
   </div>
   <div class='ocr_carea' id='block_1_11' title="bbox 489 1326 2140 1396">
    <p class='ocr_par' dir='ltr' id='par_1_11' title="bbox 489 1326 2140 1396">
     <span class='ocr_line' id='line_1_11' title="bbox 489 1326 2140 1396; baseline -0.012 0"><span class='ocrx_word' id='word_1_64' title='bbox 489 1342 632 1396; x_wconf 86' lang='lat' dir='ltr'>scat.</span> <span class='ocrx_word' id='word_1_65' title='bbox 666 1336 769 1392; x_wconf 88' lang='lat' dir='ltr'>His</span> <span class='ocrx_word' id='word_1_66' title='bbox 803 1333 1012 1390; x_wconf 88' lang='lat' dir='ltr'>litteris</span> <span class='ocrx_word' id='word_1_67' title='bbox 1042 1333 1238 1389; x_wconf 88' lang='lat' dir='ltr'>Durus</span> <span class='ocrx_word' id='word_1_68' title='bbox 1268 1329 1585 1395; x_wconf 87' lang='lat' dir='ltr'>emollitus,</span> <span class='ocrx_word' id='word_1_69' title='bbox 1617 1344 1751 1383; x_wconf 89' lang='lat' dir='ltr'>cum</span> <span class='ocrx_word' id='word_1_70' title='bbox 1782 1326 1833 1382; x_wconf 91' lang='lat' dir='ltr'>ei</span> <span class='ocrx_word' id='word_1_71' title='bbox 1865 1326 1978 1381; x_wconf 79' lang='lat' dir='ltr'>fide</span> <span class='ocrx_word' id='word_1_72' title='bbox 2028 1341 2140 1395; x_wconf 90' lang='lat' dir='ltr'>pu-</span> 
     </span>
    </p>
   </div>
   <div class='ocr_carea' id='block_1_12' title="bbox 488 1415 2141 1496">
    <p class='ocr_par' dir='ltr' id='par_1_12' title="bbox 488 1415 2141 1496">
     <span class='ocr_line' id='line_1_12' title="bbox 488 1415 2141 1496; baseline -0.01 -12"><span class='ocrx_word' id='word_1_73' title='bbox 488 1427 644 1486; x_wconf 90' lang='lat' dir='ltr'>blica</span> <span class='ocrx_word' id='word_1_74' title='bbox 667 1426 738 1481; x_wconf 88' lang='lat' dir='ltr'>de</span> <span class='ocrx_word' id='word_1_75' title='bbox 768 1422 1122 1496; x_wconf 83' lang='lat' dir='ltr'>impunitate</span> <span class='ocrx_word' id='word_1_76' title='bbox 1152 1425 1388 1477; x_wconf 90' lang='lat' dir='ltr'>cautum</span> <span class='ocrx_word' id='word_1_77' title='bbox 1421 1423 1575 1474; x_wconf 87' lang='lat' dir='ltr'>esset</span> <span class='ocrx_word' id='word_1_78' title='bbox 1604 1435 1671 1473; x_wconf 90' lang='lat' dir='ltr'>ac</span> <span class='ocrx_word' id='word_1_79' title='bbox 1700 1418 2036 1479; x_wconf 69' lang='lat' dir='ltr'>securitate,</span> <span class='ocrx_word' id='word_1_80' title='bbox 2084 1415 2141 1467; x_wconf 83' lang='lat' dir='ltr'>et</span> 
     </span>
    </p>
   </div>
   <div class='ocr_carea' id='block_1_13' title="bbox 491 1502 2142 1585">
    <p class='ocr_par' dir='ltr' id='par_1_13' title="bbox 491 1502 2142 1585">
     <span class='ocr_line' id='line_1_13' title="bbox 491 1502 2142 1585; baseline -0.01 -14"><span class='ocrx_word' id='word_1_81' title='bbox 491 1512 843 1585; x_wconf 72' lang='lat' dir='ltr'>curopalatm</span> <span class='ocrx_word' id='word_1_82' title='bbox 874 1510 1130 1583; x_wconf 79' lang='lat' dir='ltr'>dignitas</span> <span class='ocrx_word' id='word_1_83' title='bbox 1158 1509 1217 1564; x_wconf 92' lang='lat' dir='ltr'>in</span> <span class='ocrx_word' id='word_1_84' title='bbox 1250 1509 1443 1580; x_wconf 90' lang='lat' dir='ltr'>ipsum</span> <span class='ocrx_word' id='word_1_85' title='bbox 1475 1506 1863 1576; x_wconf 89' lang='lat' dir='ltr'>collata,cum</span> <span class='ocrx_word' id='word_1_86' title='bbox 1893 1502 2142 1573; x_wconf 85' lang='lat' dir='ltr'>impera-</span> 
     </span>
    </p>
   </div>
   <div class='ocr_carea' id='block_1_14' title="bbox 492 1595 2141 1672">
    <p class='ocr_par' dir='ltr' id='par_1_14' title="bbox 492 1595 2141 1672">
     <span class='ocr_line' id='line_1_14' title="bbox 492 1595 2141 1672; baseline -0.008 -13"><span class='ocrx_word' id='word_1_87' title='bbox 492 1609 617 1659; x_wconf 84' lang='lat' dir='ltr'>tore</span> <span class='ocrx_word' id='word_1_88' title='bbox 645 1602 705 1657; x_wconf 89' lang='lat' dir='ltr'>in</span> <span class='ocrx_word' id='word_1_89' title='bbox 731 1600 976 1672; x_wconf 80' lang='lat' dir='ltr'>gratiam</span> <span class='ocrx_word' id='word_1_90' title='bbox 1021 1597 1212 1654; x_wconf 84' lang='lat' dir='ltr'>rediit.</span> <span class='ocrx_word' id='word_1_91' title='bbox 1262 1602 1389 1653; x_wconf 87' lang='lat' dir='ltr'>Non</span> <span class='ocrx_word' id='word_1_92' title='bbox 1440 1601 1635 1651; x_wconf 89' lang='lat' dir='ltr'>tamen</span> <span class='ocrx_word' id='word_1_93' title='bbox 1680 1595 1959 1665; x_wconf 85' lang='lat' dir='ltr'>dignatus</span> <span class='ocrx_word' id='word_1_94' title='bbox 2006 1604 2141 1645; x_wconf 89' lang='lat' dir='ltr'>eum</span> 
     </span>
    </p>
   </div>
   <div class='ocr_carea' id='block_1_15' title="bbox 494 1684 2140 1756">
    <p class='ocr_par' dir='ltr' id='par_1_15' title="bbox 494 1684 2140 1756">
     <span class='ocr_line' id='line_1_15' title="bbox 494 1684 2140 1756; baseline -0.01 -7"><span class='ocrx_word' id='word_1_95' title='bbox 494 1693 651 1749; x_wconf 90' lang='lat' dir='ltr'>Deus</span> <span class='ocrx_word' id='word_1_96' title='bbox 701 1695 790 1745; x_wconf 90' lang='lat' dir='ltr'>est</span> <span class='ocrx_word' id='word_1_97' title='bbox 838 1694 902 1745; x_wconf 91' lang='lat' dir='ltr'>ut</span> <span class='ocrx_word' id='word_1_98' title='bbox 951 1688 1138 1743; x_wconf 90' lang='lat' dir='ltr'>oculis</span> <span class='ocrx_word' id='word_1_99' title='bbox 1167 1687 1291 1741; x_wconf 91' lang='lat' dir='ltr'>suis</span> <span class='ocrx_word' id='word_1_100' title='bbox 1321 1686 1733 1756; x_wconf 88' lang='lat' dir='ltr'>imperatorem</span> <span class='ocrx_word' id='word_1_101' title='bbox 1765 1684 2093 1737; x_wconf 87' lang='lat' dir='ltr'>intueretur</span> <span class='ocrx_word' id='word_1_102' title='bbox 2123 1692 2140 1733; x_wconf 76' lang='grc' dir='ltr'>ι</span> 
     </span>
    </p>
   </div>
   <div class='ocr_carea' id='block_1_16' title="bbox 496 1772 2142 1840">
    <p class='ocr_par' dir='ltr' id='par_1_16' title="bbox 496 1772 2142 1840">
     <span class='ocr_line' id='line_1_16' title="bbox 496 1772 2142 1840; baseline -0.007 -4"><span class='ocrx_word' id='word_1_103' title='bbox 496 1797 630 1836; x_wconf 88' lang='lat' dir='ltr'>nam</span> <span class='ocrx_word' id='word_1_104' title='bbox 662 1778 720 1834; x_wconf 91' lang='lat' dir='ltr'>in</span> <span class='ocrx_word' id='word_1_105' title='bbox 756 1780 905 1833; x_wconf 79' lang='grc'>447</span> <span class='ocrx_word' id='word_1_106' title='bbox 943 1777 1152 1832; x_wconf 86' lang='lat' dir='ltr'>itinere</span> <span class='ocrx_word' id='word_1_107' title='bbox 1182 1776 1343 1831; x_wconf 90' lang='lat' dir='ltr'>visus</span> <span class='ocrx_word' id='word_1_108' title='bbox 1374 1790 1615 1830; x_wconf 89' lang='lat' dir='ltr'>sensum</span> <span class='ocrx_word' id='word_1_109' title='bbox 1657 1772 1875 1840; x_wconf 87' lang='lat' dir='ltr'>amisit,</span> <span class='ocrx_word' id='word_1_110' title='bbox 1925 1785 2142 1825; x_wconf 79' lang='lat' dir='ltr'>caecus-</span> 
     </span>
    </p>
   </div>
   <div class='ocr_carea' id='block_1_17' title="bbox 1824 384 2531 454">
    <p class='ocr_par' dir='ltr' id='par_1_17' title="bbox 1824 384 2531 454">
     <span class='ocr_line' id='line_1_17' title="bbox 1824 384 2531 454; baseline -0.008 0"><span class='ocrx_word' id='word_1_111' title='bbox 1824 384 2146 454; x_wconf 80' lang='lat' dir='ltr'>GEORGII</span> <span class='ocrx_word' id='word_1_112' title='bbox 2189 384 2531 449; x_wconf 77' lang='lat' dir='ltr'>GEDRENI</span> 
     </span>
    </p>
   </div>
   <div class='ocr_carea' id='block_1_18' title="bbox 3773 390 3894 455">
    <p class='ocr_par' dir='ltr' id='par_1_18' title="bbox 3773 390 3894 455">
     <span class='ocr_line' id='line_1_18' title="bbox 3773 390 3894 455; baseline 0.017 -2"><span class='ocrx_word' id='word_1_113' title='bbox 3773 390 3894 455; x_wconf 68' lang='grc'>180</span> 
     </span>
    </p>
   </div>
   <div class='ocr_carea' id='block_1_19' title="bbox 2317 516 3890 593">
    <p class='ocr_par' dir='ltr' id='par_1_19' title="bbox 2317 516 3890 593">
     <span class='ocr_line' id='line_1_19' title="bbox 2317 516 3890 593; baseline 0.003 -19"><span class='ocrx_word' id='word_1_114' title='bbox 2317 518 2407 592; x_wconf 87' lang='grc' dir='ltr'>[Ρ.</span> <span class='ocrx_word' id='word_1_115' title='bbox 2445 519 2575 593; x_wconf 79' lang='grc'>701]</span> <span class='ocrx_word' id='word_1_116' title='bbox 2625 519 2785 593; x_wconf 79' lang='grc' dir='ltr'>Ἀρτι</span> <span class='ocrx_word' id='word_1_117' title='bbox 2845 516 2905 574; x_wconf 71' lang='grc' dir='ltr'>δὲ</span> <span class='ocrx_word' id='word_1_118' title='bbox 2957 522 3054 575; x_wconf 76' lang='grc' dir='ltr'>τοῦ</span> <span class='ocrx_word' id='word_1_119' title='bbox 3110 524 3281 576; x_wconf 76' lang='grc' dir='ltr'>Φωκῖιὶ</span> <span class='ocrx_word' id='word_1_120' title='bbox 3334 519 3696 587; x_wconf 75' lang='grc' dir='ltr'>άποθανόντος</span> <span class='ocrx_word' id='word_1_121' title='bbox 3752 525 3890 579; x_wconf 77' lang='grc' dir='ltr'>κατὰ</span> 
     </span>
    </p>
   </div>
   <div class='ocr_carea' id='block_1_20' title="bbox 2240 606 3891 685">
    <p class='ocr_par' dir='ltr' id='par_1_20' title="bbox 2240 606 3891 685">
     <span class='ocr_line' id='line_1_20' title="bbox 2240 606 3891 685; baseline 0.003 -23"><span class='ocrx_word' id='word_1_122' title='bbox 2240 608 2332 663; x_wconf 89' lang='grc' dir='ltr'>τὸν</span> <span class='ocrx_word' id='word_1_123' title='bbox 2367 606 2689 681; x_wconf 83' lang='grc' dir='ltr'>Ἀπρίλλιον</span> <span class='ocrx_word' id='word_1_124' title='bbox 2744 614 2889 680; x_wconf 84' lang='grc' dir='ltr'>μῆνα</span> <span class='ocrx_word' id='word_1_125' title='bbox 2942 616 3044 678; x_wconf 85' lang='grc' dir='ltr'>τῆς</span> <span class='ocrx_word' id='word_1_126' title='bbox 3094 608 3343 685; x_wconf 72' lang='grc' dir='ltr'>δευτέρας</span> <span class='ocrx_word' id='word_1_127' title='bbox 3402 609 3741 676; x_wconf 81' lang='grc' dir='ltr'>ίνδικτιῶνος</span> <span class='ocrx_word' id='word_1_128' title='bbox 3793 618 3891 669; x_wconf 75' lang='grc' dir='ltr'>τοῦ</span> 
     </span>
    </p>
   </div>
   <div class='ocr_carea' id='block_1_21' title="bbox 2243 691 3893 773">
    <p class='ocr_par' dir='ltr' id='par_1_21' title="bbox 2243 691 3893 773">
     <span class='ocr_line' id='line_1_21' title="bbox 2243 691 3893 773; baseline 0.004 -23"><span class='ocrx_word' id='word_1_129' title='bbox 2243 697 2404 773; x_wconf 35' lang='lat' dir='ltr'>Solit:</span> <span class='ocrx_word' id='word_1_130' title='bbox 2436 691 2607 763; x_wconf 78' lang='grc' dir='ltr'>ἔτους,</span> <span class='ocrx_word' id='word_1_131' title='bbox 2656 697 2745 751; x_wconf 80' lang='grc' dir='ltr'>καὶ</span> <span class='ocrx_word' id='word_1_132' title='bbox 2792 703 2895 767; x_wconf 84' lang='grc' dir='ltr'>τῆς</span> <span class='ocrx_word' id='word_1_133' title='bbox 2940 699 3057 752; x_wconf 85' lang='grc' dir='ltr'>κατ’</span> <span class='ocrx_word' id='word_1_134' title='bbox 3086 698 3247 754; x_wconf 75' lang='grc' dir='ltr'>αὐτὸν</span> <span class='ocrx_word' id='word_1_135' title='bbox 3307 699 3641 763; x_wconf 79' lang='grc' dir='ltr'>ἀποστασίας</span> <span class='ocrx_word' id='word_1_136' title='bbox 3698 701 3893 758; x_wconf 71' lang='grc' dir='ltr'>διαλυα</span> 
     </span>
    </p>
   </div>
   <div class='ocr_carea' id='block_1_22' title="bbox 2244 780 3893 865">
    <p class='ocr_par' dir='ltr' id='par_1_22' title="bbox 2244 780 3893 865">
     <span class='ocr_line' id='line_1_22' title="bbox 2244 780 3893 865; baseline 0.004 -24"><span class='ocrx_word' id='word_1_137' title='bbox 2244 786 2444 856; x_wconf 80' lang='grc' dir='ltr'>θείσης,</span> <span class='ocrx_word' id='word_1_138' title='bbox 2477 782 2660 850; x_wconf 79' lang='grc' dir='ltr'>ἀδείας</span> <span class='ocrx_word' id='word_1_139' title='bbox 2712 780 3011 859; x_wconf 86' lang='grc' dir='ltr'>λαϐόμενος</span> <span class='ocrx_word' id='word_1_140' title='bbox 3059 789 3086 842; x_wconf 88' lang='lat'>6</span> <span class='ocrx_word' id='word_1_141' title='bbox 3133 786 3386 863; x_wconf 82' lang='grc' dir='ltr'>Σκληρὸς</span> <span class='ocrx_word' id='word_1_142' title='bbox 3433 789 3597 845; x_wconf 86' lang='grc' dir='ltr'>πάλιν</span> <span class='ocrx_word' id='word_1_143' title='bbox 3654 790 3893 865; x_wconf 85' lang='grc' dir='ltr'>ἀνελάμ-</span> 
     </span>
    </p>
   </div>
   <div class='ocr_carea' id='block_1_23' title="bbox 2246 864 3893 953">
    <p class='ocr_par' dir='ltr' id='par_1_23' title="bbox 2246 864 3893 953">
     <span class='ocr_line' id='line_1_23' title="bbox 2246 864 3893 953; baseline 0.003 -23"><span class='ocrx_word' id='word_1_144' title='bbox 2246 870 2401 931; x_wconf 86' lang='grc' dir='ltr'>ϐανεν</span> <span class='ocrx_word' id='word_1_145' title='bbox 2463 864 2649 930; x_wconf 61' lang='grc' dir='ltr'>ἑαυτὸν</span> <span class='ocrx_word' id='word_1_146' title='bbox 2704 874 2794 930; x_wconf 88' lang='grc' dir='ltr'>καὶ</span> <span class='ocrx_word' id='word_1_147' title='bbox 2848 876 2947 945; x_wconf 82' lang='grc' dir='ltr'>τὴν</span> <span class='ocrx_word' id='word_1_148' title='bbox 3003 876 3266 953; x_wconf 75' lang='grc' dir='ltr'>προτέραν</span> <span class='ocrx_word' id='word_1_149' title='bbox 3308 876 3611 951; x_wconf 86' lang='grc' dir='ltr'>ἐσωμάσκει</span> <span class='ocrx_word' id='word_1_150' title='bbox 3654 864 3893 937; x_wconf 81' lang='grc' dir='ltr'>ἀποστα-</span> 
     </span>
    </p>
   </div>
   <div class='ocr_carea' id='block_1_24' title="bbox 2245 964 3897 1043">
    <p class='ocr_par' dir='ltr' id='par_1_24' title="bbox 2245 964 3897 1043">
     <span class='ocr_line' id='line_1_24' title="bbox 2245 964 3897 1043; baseline 0.001 -22"><span class='ocrx_word' id='word_1_151' title='bbox 2245 965 2384 1021; x_wconf 89' lang='grc' dir='ltr'>σίαν.</span> <span class='ocrx_word' id='word_1_152' title='bbox 2416 966 2589 1038; x_wconf 79' lang='grc' dir='ltr'>’Όπερ</span> <span class='ocrx_word' id='word_1_153' title='bbox 2620 964 2920 1037; x_wconf 81' lang='grc' dir='ltr'>πυθόμενος</span> <span class='ocrx_word' id='word_1_154' title='bbox 2948 967 2975 1020; x_wconf 98' lang='lat'>6</span> <span class='ocrx_word' id='word_1_155' title='bbox 3023 964 3273 1041; x_wconf 77' lang='grc' dir='ltr'>βασιλεὺς</span> <span class='ocrx_word' id='word_1_156' title='bbox 3324 970 3610 1041; x_wconf 82' lang='grc' dir='ltr'>γράμμασι</span> <span class='ocrx_word' id='word_1_157' title='bbox 3657 970 3897 1043; x_wconf 75' lang='grc' dir='ltr'>παρῄνει</span> 
     </span>
    </p>
   </div>
   <div class='ocr_carea' id='block_1_25' title="bbox 2244 1049 3893 1132">
    <p class='ocr_par' dir='ltr' id='par_1_25' title="bbox 2244 1049 3893 1132">
     <span class='ocr_line' id='line_1_25' title="bbox 2244 1049 3893 1132; baseline 0.001 -22"><span class='ocrx_word' id='word_1_158' title='bbox 2244 1055 2407 1129; x_wconf 86' lang='grc' dir='ltr'>κόρον</span> <span class='ocrx_word' id='word_1_159' title='bbox 2442 1049 2627 1110; x_wconf 86' lang='grc' dir='ltr'>λαϐεῖν</span> <span class='ocrx_word' id='word_1_160' title='bbox 2672 1055 2771 1123; x_wconf 83' lang='grc' dir='ltr'>τῆς</span> <span class='ocrx_word' id='word_1_161' title='bbox 2815 1058 2924 1108; x_wconf 82' lang='grc' dir='ltr'>τῶν</span> <span class='ocrx_word' id='word_1_162' title='bbox 2974 1061 3315 1129; x_wconf 72' lang='grc' dir='ltr'>Χριστιανῶν</span> <span class='ocrx_word' id='word_1_163' title='bbox 3366 1057 3577 1132; x_wconf 80' lang='grc' dir='ltr'>χύσεως</span> <span class='ocrx_word' id='word_1_164' title='bbox 3623 1059 3893 1131; x_wconf 77' lang='grc' dir='ltr'>αἱμάτων,</span> 
     </span>
    </p>
   </div>
   <div class='ocr_carea' id='block_1_26' title="bbox 2248 1140 3896 1223">
    <p class='ocr_par' dir='ltr' id='par_1_26' title="bbox 2248 1140 3896 1223">
     <span class='ocr_line' id='line_1_26' title="bbox 2248 1140 3896 1223; baseline 0.002 -24"><span class='ocrx_word' id='word_1_165' title='bbox 2248 1142 2529 1220; x_wconf 69' lang='grc' dir='ltr'>ἄνθρωπον</span> <span class='ocrx_word' id='word_1_166' title='bbox 2561 1144 2652 1197; x_wconf 84' lang='grc' dir='ltr'>καὶ</span> <span class='ocrx_word' id='word_1_167' title='bbox 2684 1143 2844 1199; x_wconf 82' lang='grc' dir='ltr'>αὐτὸν</span> <span class='ocrx_word' id='word_1_168' title='bbox 2878 1140 3007 1200; x_wconf 73' lang='grc' dir='ltr'>ὄντα</span> <span class='ocrx_word' id='word_1_169' title='bbox 3034 1145 3125 1200; x_wconf 83' lang='grc' dir='ltr'>καί</span> <span class='ocrx_word' id='word_1_170' title='bbox 3165 1146 3389 1211; x_wconf 89' lang='grc' dir='ltr'>θάνατον</span> <span class='ocrx_word' id='word_1_171' title='bbox 3447 1144 3896 1223; x_wconf 82' lang='grc' dir='ltr'>προσδεχόμενον</span> 
     </span>
    </p>
   </div>
   <div class='ocr_carea' id='block_1_27' title="bbox 2246 1232 3893 1315">
    <p class='ocr_par' dir='ltr' id='par_1_27' title="bbox 2246 1232 3893 1315">
     <span class='ocr_line' id='line_1_27' title="bbox 2246 1232 3893 1315; baseline 0.003 -27"><span class='ocrx_word' id='word_1_172' title='bbox 2246 1233 2337 1288; x_wconf 88' lang='grc' dir='ltr'>καὶ</span> <span class='ocrx_word' id='word_1_173' title='bbox 2392 1234 2592 1308; x_wconf 78' lang='grc' dir='ltr'>κρίσιν,</span> <span class='ocrx_word' id='word_1_174' title='bbox 2625 1232 2713 1288; x_wconf 86' lang='grc' dir='ltr'>καὶ</span> <span class='ocrx_word' id='word_1_175' title='bbox 2774 1232 2872 1307; x_wconf 66' lang='grc' dir='ltr'>ὀψὲ</span> <span class='ocrx_word' id='word_1_176' title='bbox 2918 1255 3053 1290; x_wconf 85' lang='grc' dir='ltr'>ποτε</span> <span class='ocrx_word' id='word_1_177' title='bbox 3101 1241 3428 1308; x_wconf 82' lang='grc' dir='ltr'>μεταμαθεῖν</span> <span class='ocrx_word' id='word_1_178' title='bbox 3480 1238 3545 1291; x_wconf 88' lang='grc' dir='ltr'>τὸ</span> <span class='ocrx_word' id='word_1_179' title='bbox 3594 1239 3893 1315; x_wconf 70' lang='grc' dir='ltr'>συμφέρον,</span> 
     </span>
    </p>
   </div>
   <div class='ocr_carea' id='block_1_28' title="bbox 2245 1320 3900 1401">
    <p class='ocr_par' dir='ltr' id='par_1_28' title="bbox 2245 1320 3900 1401">
     <span class='ocr_line' id='line_1_28' title="bbox 2245 1320 3900 1401; baseline 0.002 -23"><span class='ocrx_word' id='word_1_180' title='bbox 2245 1323 2333 1378; x_wconf 84' lang='grc' dir='ltr'>καὶ</span> <span class='ocrx_word' id='word_1_181' title='bbox 2360 1323 2453 1377; x_wconf 89' lang='grc' dir='ltr'>τὸν</span> <span class='ocrx_word' id='word_1_182' title='bbox 2487 1322 2547 1378; x_wconf 78' lang='grc' dir='ltr'>ἐκ</span> <span class='ocrx_word' id='word_1_183' title='bbox 2574 1327 2710 1379; x_wconf 81' lang='grc' dir='ltr'>Θεοῦ</span> <span class='ocrx_word' id='word_1_184' title='bbox 2763 1320 3053 1397; x_wconf 62' lang='grc' dir='ltr'>δεδομένον</span> <span class='ocrx_word' id='word_1_185' title='bbox 3112 1326 3355 1401; x_wconf 80' lang='grc' dir='ltr'>ἄρχοντα</span> <span class='ocrx_word' id='word_1_186' title='bbox 3405 1325 3721 1401; x_wconf 79' lang='grc' dir='ltr'>ἐπιγνῶναι.</span> <span class='ocrx_word' id='word_1_187' title='bbox 3759 1327 3900 1385; x_wconf 71' lang='grc' dir='ltr'>Τούο</span> 
     </span>
    </p>
   </div>
   <div class='ocr_carea' id='block_1_29' title="bbox 2246 1408 3901 1488">
    <p class='ocr_par' dir='ltr' id='par_1_29' title="bbox 2246 1408 3901 1488">
     <span class='ocr_line' id='line_1_29' title="bbox 2246 1408 3901 1488; baseline 0.002 -21"><span class='ocrx_word' id='word_1_188' title='bbox 2246 1431 2362 1473; x_wconf 86' lang='grc' dir='ltr'>τοις</span> <span class='ocrx_word' id='word_1_189' title='bbox 2422 1408 2481 1465; x_wconf 61' lang='grc' dir='ltr'>δι</span> <span class='ocrx_word' id='word_1_190' title='bbox 2530 1416 2651 1473; x_wconf 89' lang='grc' dir='ltr'>τοῖς</span> <span class='ocrx_word' id='word_1_191' title='bbox 2706 1412 2993 1487; x_wconf 83' lang='grc' dir='ltr'>γράμμασι</span> <span class='ocrx_word' id='word_1_192' title='bbox 3055 1411 3367 1488; x_wconf 82' lang='grc' dir='ltr'>μαλαχθεὶς</span> <span class='ocrx_word' id='word_1_193' title='bbox 3394 1411 3621 1482; x_wconf 77' lang='grc' dir='ltr'>ἐκεῖνος,</span> <span class='ocrx_word' id='word_1_194' title='bbox 3654 1414 3744 1470; x_wconf 74' lang='grc' dir='ltr'>καὶ</span> <span class='ocrx_word' id='word_1_195' title='bbox 3807 1414 3901 1470; x_wconf 86' lang='grc' dir='ltr'>πί-</span> 
     </span>
    </p>
   </div>
   <div class='ocr_carea' id='block_1_30' title="bbox 2250 1494 3901 1581">
    <p class='ocr_par' dir='ltr' id='par_1_30' title="bbox 2250 1494 3901 1581">
     <span class='ocr_line' id='line_1_30' title="bbox 2250 1494 3901 1581; baseline 0.003 -26"><span class='ocrx_word' id='word_1_196' title='bbox 2250 1519 2392 1562; x_wconf 82' lang='grc' dir='ltr'>στεις</span> <span class='ocrx_word' id='word_1_197' title='bbox 2425 1494 2610 1554; x_wconf 84' lang='grc' dir='ltr'>λαϐὼν</span> <span class='ocrx_word' id='word_1_198' title='bbox 2638 1499 2712 1563; x_wconf 85' lang='grc' dir='ltr'>ὡς</span> <span class='ocrx_word' id='word_1_199' title='bbox 2771 1497 2925 1555; x_wconf 68' lang='grc' dir='ltr'>οὐδὲν</span> <span class='ocrx_word' id='word_1_200' title='bbox 2982 1500 3342 1572; x_wconf 75' lang='grc' dir='ltr'>ὁποστήσεται</span> <span class='ocrx_word' id='word_1_201' title='bbox 3393 1501 3655 1581; x_wconf 77' lang='grc' dir='ltr'>φλαῦρον,</span> <span class='ocrx_word' id='word_1_202' title='bbox 3686 1503 3901 1560; x_wconf 72' lang='grc' dir='ltr'>κατασιτί⁶</span> 
     </span>
    </p>
   </div>
   <div class='ocr_carea' id='block_1_31' title="bbox 2250 1587 3899 1667">
    <p class='ocr_par' dir='ltr' id='par_1_31' title="bbox 2250 1587 3899 1667">
     <span class='ocr_line' id='line_1_31' title="bbox 2250 1587 3899 1667; baseline 0.001 -20"><span class='ocrx_word' id='word_1_203' title='bbox 2250 1589 2489 1647; x_wconf 81' lang='grc' dir='ltr'>θεταιτὰ</span> <span class='ocrx_word' id='word_1_204' title='bbox 2518 1588 2665 1645; x_wconf 79' lang='grc' dir='ltr'>ὅπλα</span> <span class='ocrx_word' id='word_1_205' title='bbox 2713 1590 2801 1645; x_wconf 85' lang='grc' dir='ltr'>καὶ</span> <span class='ocrx_word' id='word_1_206' title='bbox 2853 1594 2936 1662; x_wconf 82' lang='grc' dir='ltr'>τῷ</span> <span class='ocrx_word' id='word_1_207' title='bbox 2991 1587 3205 1664; x_wconf 83' lang='grc' dir='ltr'>βασιλεῖ</span> <span class='ocrx_word' id='word_1_208' title='bbox 3260 1587 3563 1660; x_wconf 69' lang='grc' dir='ltr'>σπένδεται,</span> <span class='ocrx_word' id='word_1_209' title='bbox 3620 1612 3899 1667; x_wconf 85' lang='grc' dir='ltr'>κουροπα-</span> 
     </span>
    </p>
   </div>
   <div class='ocr_carea' id='block_1_32' title="bbox 2250 1677 3903 1759">
    <p class='ocr_par' dir='ltr' id='par_1_32' title="bbox 2250 1677 3903 1759">
     <span class='ocr_line' id='line_1_32' title="bbox 2250 1677 3903 1759; baseline 0.001 -22"><span class='ocrx_word' id='word_1_210' title='bbox 2250 1680 2424 1749; x_wconf 86' lang='grc' dir='ltr'>λάτης</span> <span class='ocrx_word' id='word_1_211' title='bbox 2454 1678 2725 1751; x_wconf 87' lang='grc' dir='ltr'>τιμηθείς.</span> <span class='ocrx_word' id='word_1_212' title='bbox 2754 1678 2833 1736; x_wconf 84' lang='grc' dir='ltr'>Ού</span> <span class='ocrx_word' id='word_1_213' title='bbox 2867 1680 3053 1752; x_wconf 68' lang='grc' dir='ltr'>μέντοι</span> <span class='ocrx_word' id='word_1_214' title='bbox 3080 1698 3142 1755; x_wconf 86' lang='grc' dir='ltr'>γε</span> <span class='ocrx_word' id='word_1_215' title='bbox 3168 1679 3258 1734; x_wconf 73' lang='grc' dir='ltr'>καὶ</span> <span class='ocrx_word' id='word_1_216' title='bbox 3292 1677 3600 1754; x_wconf 76' lang='grc' dir='ltr'>ὀφθαλμοῖς</span> <span class='ocrx_word' id='word_1_217' title='bbox 3644 1680 3739 1737; x_wconf 72' lang='grc' dir='ltr'>τᾶν</span> <span class='ocrx_word' id='word_1_218' title='bbox 3801 1682 3903 1759; x_wconf 86' lang='grc' dir='ltr'>βα-</span> 
     </span>
    </p>
   </div>
   <div class='ocr_carea' id='block_1_33' title="bbox 2251 1767 3904 1847">
    <p class='ocr_par' dir='ltr' id='par_1_33' title="bbox 2251 1767 3904 1847">
     <span class='ocr_line' id='line_1_33' title="bbox 2251 1767 3904 1847; baseline 0.002 -24"><span class='ocrx_word' id='word_1_219' title='bbox 2251 1767 2407 1824; x_wconf 72' lang='grc' dir='ltr'>σιλέα</span> <span class='ocrx_word' id='word_1_220' title='bbox 2464 1770 2749 1832; x_wconf 85' lang='grc' dir='ltr'>θεάσασθαι</span> <span class='ocrx_word' id='word_1_221' title='bbox 2800 1768 3032 1839; x_wconf 79' lang='grc' dir='ltr'>ἠξιώθη·</span> <span class='ocrx_word' id='word_1_222' title='bbox 3064 1768 3201 1824; x_wconf 80' lang='grc' dir='ltr'>κατὰ</span> <span class='ocrx_word' id='word_1_223' title='bbox 3250 1771 3353 1845; x_wconf 80' lang='grc' dir='ltr'>γὰρ</span> <span class='ocrx_word' id='word_1_224' title='bbox 3405 1771 3505 1839; x_wconf 81' lang='grc' dir='ltr'>τὴν</span> <span class='ocrx_word' id='word_1_225' title='bbox 3562 1769 3686 1826; x_wconf 82' lang='grc' dir='ltr'>ὁδὸν</span> <span class='ocrx_word' id='word_1_226' title='bbox 3735 1771 3904 1847; x_wconf 79' lang='grc' dir='ltr'>ἄορα-</span> 
     </span>
    </p>
   </div>
   <div class='ocr_carea' id='block_1_34' title="bbox 497 1853 2147 1955">
    <p class='ocr_par' dir='ltr' id='par_1_34' title="bbox 497 1861 2141 1940">
     <span class='ocr_line' id='line_1_34' title="bbox 497 1861 2141 1940; baseline -0.006 -15"><span class='ocrx_word' id='word_1_227' title='bbox 497 1885 611 1940; x_wconf 89' lang='lat' dir='ltr'>que</span> <span class='ocrx_word' id='word_1_228' title='bbox 634 1868 707 1924; x_wconf 90' lang='lat' dir='ltr'>ad</span> <span class='ocrx_word' id='word_1_229' title='bbox 740 1867 1019 1923; x_wconf 86' lang='lat' dir='ltr'>Basilium</span> <span class='ocrx_word' id='word_1_230' title='bbox 1050 1871 1141 1921; x_wconf 87' lang='lat' dir='ltr'>est</span> <span class='ocrx_word' id='word_1_231' title='bbox 1170 1864 1564 1920; x_wconf 88' lang='lat' dir='ltr'>introductus.</span> <span class='ocrx_word' id='word_1_232' title='bbox 1613 1863 1684 1917; x_wconf 89' lang='lat' dir='ltr'>Et</span> <span class='ocrx_word' id='word_1_233' title='bbox 1732 1861 1781 1917; x_wconf 91' lang='lat' dir='ltr'>is</span> <span class='ocrx_word' id='word_1_234' title='bbox 1830 1863 2141 1932; x_wconf 85' lang='lat' dir='ltr'>conspecto</span> 
     </span>
    </p>
   </div>
   <div class='ocr_carea' id='block_1_35' title="bbox 2257 1853 3901 1955">
    <p class='ocr_par' dir='ltr' id='par_1_35' title="bbox 2257 1853 3901 1933">
     <span class='ocr_line' id='line_1_35' title="bbox 2257 1853 3901 1933; baseline 0.002 -21"><span class='ocrx_word' id='word_1_235' title='bbox 2257 1858 2343 1929; x_wconf 83' lang='grc' dir='ltr'>σίᾳ</span> <span class='ocrx_word' id='word_1_236' title='bbox 2396 1857 2634 1933; x_wconf 83' lang='grc' dir='ltr'>πληγεὶς</span> <span class='ocrx_word' id='word_1_237' title='bbox 2677 1858 2776 1926; x_wconf 82' lang='grc' dir='ltr'>τήν</span> <span class='ocrx_word' id='word_1_238' title='bbox 2835 1859 3094 1933; x_wconf 76' lang='grc' dir='ltr'>ὁρατικὴν</span> <span class='ocrx_word' id='word_1_239' title='bbox 3158 1853 3425 1914; x_wconf 72' lang='grc' dir='ltr'>ἀπέϐαλεν</span> <span class='ocrx_word' id='word_1_240' title='bbox 3500 1857 3745 1931; x_wconf 75' lang='grc' dir='ltr'>α’ίσθησιν</span> <span class='ocrx_word' id='word_1_241' title='bbox 3804 1861 3901 1915; x_wconf 75' lang='grc' dir='ltr'>καὶ</span> 
     </span>
    </p>
   </div>
   <div class='ocr_carea' id='block_1_36' title="bbox 496 1950 2144 2017">
    <p class='ocr_par' dir='ltr' id='par_1_36' title="bbox 496 1950 2144 2017">
     <span class='ocr_line' id='line_1_36' title="bbox 496 1950 2144 2017; baseline -0.007 -2"><span class='ocrx_word' id='word_1_242' title='bbox 496 1958 652 2015; x_wconf 89' lang='lat' dir='ltr'>Duro</span> <span class='ocrx_word' id='word_1_243' title='bbox 682 1956 899 2011; x_wconf 86' lang='lat' dir='ltr'>dixisse</span> <span class='ocrx_word' id='word_1_244' title='bbox 928 1955 1113 2010; x_wconf 83' lang='lat' dir='ltr'>fertur</span> <span class='ocrx_word' id='word_1_245' title='bbox 1141 1953 1509 2009; x_wconf 84' lang='lat' dir='ltr'>astantibus:</span> <span class='ocrx_word' id='word_1_246' title='bbox 1541 1974 1567 2002; x_wconf 78' lang='grc' dir='ltr'>ι(</span> <span class='ocrx_word' id='word_1_247' title='bbox 1598 1954 1779 2017; x_wconf 87' lang='lat' dir='ltr'>Quem</span> <span class='ocrx_word' id='word_1_248' title='bbox 1812 1950 1894 2005; x_wconf 90' lang='lat' dir='ltr'>ita</span> <span class='ocrx_word' id='word_1_249' title='bbox 1922 1955 2144 2005; x_wconf 91' lang='lat' dir='ltr'>metue-</span> 
     </span>
    </p>
   </div>
   <div class='ocr_carea' id='block_1_37' title="bbox 495 2031 2143 2108">
    <p class='ocr_par' dir='ltr' id='par_1_37' title="bbox 495 2031 2143 2108">
     <span class='ocr_line' id='line_1_37' title="bbox 495 2031 2143 2108; baseline -0.005 -9"><span class='ocrx_word' id='word_1_250' title='bbox 495 2031 632 2100; x_wconf 86' lang='lat' dir='ltr'>bam</span> <span class='ocrx_word' id='word_1_251' title='bbox 664 2048 729 2097; x_wconf 89' lang='lat' dir='ltr'>ut</span> <span class='ocrx_word' id='word_1_252' title='bbox 758 2041 1292 2108; x_wconf 87' lang='lat' dir='ltr'>contremiscerem,</span> <span class='ocrx_word' id='word_1_253' title='bbox 1326 2040 1375 2094; x_wconf 89' lang='lat' dir='ltr'>is</span> <span class='ocrx_word' id='word_1_254' title='bbox 1419 2040 1669 2095; x_wconf 87' lang='lat' dir='ltr'>aliorum</span> <span class='ocrx_word' id='word_1_255' title='bbox 1720 2038 1994 2094; x_wconf 89' lang='lat' dir='ltr'>manibus</span> <span class='ocrx_word' id='word_1_256' title='bbox 2040 2038 2143 2092; x_wconf 90' lang='lat' dir='ltr'>de-</span> 
     </span>
    </p>
   </div>
   <div class='ocr_carea' id='block_1_38' title="bbox 498 2131 981 2188">
    <p class='ocr_par' dir='ltr' id='par_1_38' title="bbox 498 2131 981 2188">
     <span class='ocr_line' id='line_1_38' title="bbox 498 2131 981 2188; baseline -0.019 0"><span class='ocrx_word' id='word_1_257' title='bbox 498 2133 715 2188; x_wconf 91' lang='lat' dir='ltr'>ductus</span> <span class='ocrx_word' id='word_1_258' title='bbox 746 2131 922 2187; x_wconf 86' lang='lat' dir='ltr'>venit.</span> <span class='ocrx_word' id='word_1_259' title='bbox 953 2150 981 2178; x_wconf 83' lang='lat'><strong>»</strong></span> 
     </span>
    </p>
   </div>
   <div class='ocr_carea' id='block_1_39' title="bbox 449 2304 2146 2378">
    <p class='ocr_par' dir='ltr' id='par_1_39' title="bbox 449 2304 2146 2378">
     <span class='ocr_line' id='line_1_39' title="bbox 449 2304 2146 2378; baseline -0.001 -15"><span class='ocrx_word' id='word_1_260' title='bbox 449 2330 457 2338; x_wconf 62' lang='grc' dir='ltr'><em>η</em></span> <span class='ocrx_word' id='word_1_261' title='bbox 568 2307 836 2363; x_wconf 87' lang='lat' dir='ltr'>Civilium</span> <span class='ocrx_word' id='word_1_262' title='bbox 868 2304 1154 2362; x_wconf 87' lang='lat' dir='ltr'>bellorum</span> <span class='ocrx_word' id='word_1_263' title='bbox 1183 2306 1336 2362; x_wconf 91' lang='lat' dir='ltr'>mole</span> <span class='ocrx_word' id='word_1_264' title='bbox 1366 2323 1431 2362; x_wconf 91' lang='lat' dir='ltr'>ac</span> <span class='ocrx_word' id='word_1_265' title='bbox 1461 2306 1621 2363; x_wconf 88' lang='lat' dir='ltr'>curis</span> <span class='ocrx_word' id='word_1_266' title='bbox 1650 2306 1932 2363; x_wconf 88' lang='lat' dir='ltr'>liberatus</span> <span class='ocrx_word' id='word_1_267' title='bbox 1960 2305 2146 2378; x_wconf 89' lang='lat' dir='ltr'>impe-</span> 
     </span>
    </p>
   </div>
   <div class='ocr_carea' id='block_1_40' title="bbox 503 2394 2148 2467">
    <p class='ocr_par' dir='ltr' id='par_1_40' title="bbox 503 2394 2148 2467">
     <span class='ocr_line' id='line_1_40' title="bbox 503 2394 2148 2467; baseline -0.001 -16"><span class='ocrx_word' id='word_1_268' title='bbox 503 2404 665 2452; x_wconf 87' lang='lat' dir='ltr'>rator</span> <span class='ocrx_word' id='word_1_269' title='bbox 692 2396 762 2451; x_wconf 88' lang='lat' dir='ltr'>de</span> <span class='ocrx_word' id='word_1_270' title='bbox 794 2394 1129 2450; x_wconf 61' lang='lat' dir='ltr'>ulciscendo</span> <span class='ocrx_word' id='word_1_271' title='bbox 1161 2395 1431 2450; x_wconf 86' lang='lat' dir='ltr'>Samuelo</span> <span class='ocrx_word' id='word_1_272' title='bbox 1462 2395 1710 2466; x_wconf 89' lang='lat' dir='ltr'>aliisque</span> <span class='ocrx_word' id='word_1_273' title='bbox 1742 2395 1959 2467; x_wconf 84' lang='lat' dir='ltr'>regulis</span> <span class='ocrx_word' id='word_1_274' title='bbox 2006 2412 2148 2451; x_wconf 86' lang='lat' dir='ltr'>con-</span> 
     </span>
    </p>
   </div>
   <div class='ocr_carea' id='block_1_41' title="bbox 505 2483 2149 2555">
    <p class='ocr_par' dir='ltr' id='par_1_41' title="bbox 505 2483 2149 2555">
     <span class='ocr_line' id='line_1_41' title="bbox 505 2483 2149 2555; baseline -0.001 -15"><span class='ocrx_word' id='word_1_275' title='bbox 505 2485 639 2541; x_wconf 91' lang='lat' dir='ltr'>silia</span> <span class='ocrx_word' id='word_1_276' title='bbox 660 2484 812 2550; x_wconf 90' lang='lat' dir='ltr'>iniit;</span> <span class='ocrx_word' id='word_1_277' title='bbox 830 2484 928 2555; x_wconf 91' lang='lat' dir='ltr'>qui</span> <span class='ocrx_word' id='word_1_278' title='bbox 950 2484 1076 2555; x_wconf 89' lang='lat' dir='ltr'>ipso</span> <span class='ocrx_word' id='word_1_279' title='bbox 1102 2483 1525 2540; x_wconf 88' lang='lat' dir='ltr'>rebellionibus</span> <span class='ocrx_word' id='word_1_280' title='bbox 1549 2491 1829 2554; x_wconf 89' lang='lat' dir='ltr'>occupato</span> <span class='ocrx_word' id='word_1_281' title='bbox 1852 2486 2149 2539; x_wconf 86' lang='lat' dir='ltr'>licentiam</span> 
     </span>
    </p>
   </div>
   <div class='ocr_carea' id='block_1_42' title="bbox 500 2572 2151 2645">
    <p class='ocr_par' dir='ltr' id='par_1_42' title="bbox 500 2572 2151 2645">
     <span class='ocr_line' id='line_1_42' title="bbox 500 2572 2151 2645; baseline -0.002 -14"><span class='ocrx_word' id='word_1_282' title='bbox 500 2574 659 2631; x_wconf 89' lang='lat' dir='ltr'>nacti</span> <span class='ocrx_word' id='word_1_283' title='bbox 691 2573 846 2629; x_wconf 92' lang='lat' dir='ltr'>haud</span> <span class='ocrx_word' id='word_1_284' title='bbox 882 2574 1090 2644; x_wconf 84' lang='lat' dir='ltr'>exigua</span> <span class='ocrx_word' id='word_1_285' title='bbox 1120 2573 1337 2629; x_wconf 88' lang='lat' dir='ltr'>damna</span> <span class='ocrx_word' id='word_1_286' title='bbox 1370 2574 1630 2630; x_wconf 84' lang='lat' dir='ltr'>Romano</span> <span class='ocrx_word' id='word_1_287' title='bbox 1661 2575 1905 2645; x_wconf 87' lang='lat' dir='ltr'>imperio</span> <span class='ocrx_word' id='word_1_288' title='bbox 1936 2572 2151 2629; x_wconf 88' lang='lat' dir='ltr'>intule-</span> 
     </span>
    </p>
   </div>
   <div class='ocr_carea' id='block_1_43' title="bbox 502 2662 2152 2733">
    <p class='ocr_par' dir='ltr' id='par_1_43' title="bbox 502 2662 2152 2733">
     <span class='ocr_line' id='line_1_43' title="bbox 502 2662 2152 2733; baseline -0.001 -15"><span class='ocrx_word' id='word_1_289' title='bbox 502 2668 654 2719; x_wconf 86' lang='lat' dir='ltr'>rant.</span> <span class='ocrx_word' id='word_1_290' title='bbox 692 2662 817 2716; x_wconf 82' lang='lat' dir='ltr'>Exit</span> <span class='ocrx_word' id='word_1_291' title='bbox 864 2677 1003 2733; x_wconf 85' lang='lat' dir='ltr'>ergo</span> <span class='ocrx_word' id='word_1_292' title='bbox 1053 2662 1111 2716; x_wconf 91' lang='lat' dir='ltr'>in</span> <span class='ocrx_word' id='word_1_293' title='bbox 1166 2662 1471 2717; x_wconf 89' lang='lat' dir='ltr'>Thraciam</span> <span class='ocrx_word' id='word_1_294' title='bbox 1520 2668 1577 2717; x_wconf 89' lang='lat' dir='ltr'>et</span> <span class='ocrx_word' id='word_1_295' title='bbox 1626 2663 2047 2728; x_wconf 85' lang='lat' dir='ltr'>Macedoniam,</span> <span class='ocrx_word' id='word_1_296' title='bbox 2095 2666 2152 2717; x_wconf 85' lang='lat' dir='ltr'>et</span> 
     </span>
    </p>
   </div>
   <div class='ocr_carea' id='block_1_44' title="bbox 502 2752 2150 2825">
    <p class='ocr_par' dir='ltr' id='par_1_44' title="bbox 502 2752 2150 2825">
     <span class='ocr_line' id='line_1_44' title="bbox 502 2752 2150 2825; baseline 0 -16"><span class='ocrx_word' id='word_1_297' title='bbox 502 2752 981 2810; x_wconf 88' lang='lat' dir='ltr'>Thessalonicam</span> <span class='ocrx_word' id='word_1_298' title='bbox 1041 2754 1370 2821; x_wconf 81' lang='lat' dir='ltr'>descendit,</span> <span class='ocrx_word' id='word_1_299' title='bbox 1425 2753 1644 2823; x_wconf 79' lang='lat' dir='ltr'>gratias</span> <span class='ocrx_word' id='word_1_300' title='bbox 1691 2757 1885 2809; x_wconf 84' lang='lat' dir='ltr'>actum</span> <span class='ocrx_word' id='word_1_301' title='bbox 1938 2770 2150 2825; x_wconf 87' lang='lat' dir='ltr'>magno</span> 
     </span>
    </p>
   </div>
   <div class='ocr_carea' id='block_1_45' title="bbox 501 2841 2154 2915">
    <p class='ocr_par' dir='ltr' id='par_1_45' title="bbox 501 2841 2154 2915">
     <span class='ocr_line' id='line_1_45' title="bbox 501 2841 2154 2915; baseline -0.001 -16"><span class='ocrx_word' id='word_1_302' title='bbox 501 2841 747 2914; x_wconf 81' lang='lat' dir='ltr'>martyri</span> <span class='ocrx_word' id='word_1_303' title='bbox 778 2842 1089 2897; x_wconf 90' lang='lat' dir='ltr'>Demetrio.</span> <span class='ocrx_word' id='word_1_304' title='bbox 1122 2843 1269 2896; x_wconf 86' lang='lat' dir='ltr'>Tum</span> <span class='ocrx_word' id='word_1_305' title='bbox 1303 2842 1649 2913; x_wconf 86' lang='lat' dir='ltr'>magistrum</span> <span class='ocrx_word' id='word_1_306' title='bbox 1672 2842 2017 2915; x_wconf 83' lang='lat' dir='ltr'>Gregorium</span> <span class='ocrx_word' id='word_1_307' title='bbox 2048 2843 2154 2898; x_wconf 87' lang='lat' dir='ltr'>Ta-</span> 
     </span>
    </p>
   </div>
   <div class='ocr_carea' id='block_1_46' title="bbox 504 2931 2151 3002">
    <p class='ocr_par' dir='ltr' id='par_1_46' title="bbox 504 2931 2151 3002">
     <span class='ocr_line' id='line_1_46' title="bbox 504 2931 2151 3002; baseline -0.001 -14"><span class='ocrx_word' id='word_1_308' title='bbox 504 2931 754 2988; x_wconf 85' lang='lat' dir='ltr'>ronitam</span> <span class='ocrx_word' id='word_1_309' title='bbox 791 2931 867 2984; x_wconf 83' lang='lat' dir='ltr'>ibi</span> <span class='ocrx_word' id='word_1_310' title='bbox 899 2947 1030 2984; x_wconf 89' lang='lat' dir='ltr'>cum</span> <span class='ocrx_word' id='word_1_311' title='bbox 1066 2931 1256 2985; x_wconf 86' lang='lat' dir='ltr'>valido</span> <span class='ocrx_word' id='word_1_312' title='bbox 1290 2932 1557 2999; x_wconf 77' lang='lat' dir='ltr'>praesidio</span> <span class='ocrx_word' id='word_1_313' title='bbox 1579 2931 1856 3000; x_wconf 84' lang='lat' dir='ltr'>relinquit</span> <span class='ocrx_word' id='word_1_314' title='bbox 1878 2933 1945 2986; x_wconf 91' lang='lat' dir='ltr'>ad</span> <span class='ocrx_word' id='word_1_315' title='bbox 1974 2931 2151 3002; x_wconf 84' lang='lat' dir='ltr'>repri-</span> 
     </span>
    </p>
   </div>
   <div class='ocr_carea' id='block_1_47' title="bbox 502 3019 2151 3090">
    <p class='ocr_par' dir='ltr' id='par_1_47' title="bbox 502 3019 2151 3090">
     <span class='ocr_line' id='line_1_47' title="bbox 502 3019 2151 3090; baseline -0.001 -13"><span class='ocrx_word' id='word_1_316' title='bbox 502 3020 750 3077; x_wconf 90' lang='lat' dir='ltr'>mendas</span> <span class='ocrx_word' id='word_1_317' title='bbox 771 3019 1026 3075; x_wconf 88' lang='lat' dir='ltr'>Samueli</span> <span class='ocrx_word' id='word_1_318' title='bbox 1050 3020 1444 3087; x_wconf 70' lang='lat' dir='ltr'>grassationes</span> <span class='ocrx_word' id='word_1_319' title='bbox 1474 3020 1623 3090; x_wconf 90' lang='lat' dir='ltr'>.Ipse</span> <span class='ocrx_word' id='word_1_320' title='bbox 1657 3020 1860 3090; x_wconf 88' lang='lat' dir='ltr'>Cpolin</span> <span class='ocrx_word' id='word_1_321' title='bbox 1883 3036 2151 3076; x_wconf 83' lang='lat' dir='ltr'>reversus</span> 
     </span>
    </p>
   </div>
   <div class='ocr_carea' id='block_1_48' title="bbox 502 3107 2153 3180">
    <p class='ocr_par' dir='ltr' id='par_1_48' title="bbox 502 3107 2153 3180">
     <span class='ocr_line' id='line_1_48' title="bbox 502 3107 2153 3180; baseline -0.001 -16"><span class='ocrx_word' id='word_1_322' title='bbox 502 3108 640 3164; x_wconf 91' lang='lat' dir='ltr'>inde</span> <span class='ocrx_word' id='word_1_323' title='bbox 669 3109 728 3163; x_wconf 90' lang='lat' dir='ltr'>in</span> <span class='ocrx_word' id='word_1_324' title='bbox 762 3107 1009 3163; x_wconf 89' lang='lat' dir='ltr'>Iberiam</span> <span class='ocrx_word' id='word_1_325' title='bbox 1043 3108 1465 3179; x_wconf 85' lang='lat' dir='ltr'>prolisciscitur</span> <span class='ocrx_word' id='word_1_326' title='bbox 1496 3126 1509 3163; x_wconf 89' lang='lat'><strong>:</strong></span> <span class='ocrx_word' id='word_1_327' title='bbox 1545 3126 1678 3163; x_wconf 86' lang='lat' dir='ltr'>nam</span> <span class='ocrx_word' id='word_1_328' title='bbox 1721 3111 1849 3178; x_wconf 74' lang='lat' dir='ltr'>ejus</span> <span class='ocrx_word' id='word_1_329' title='bbox 1898 3110 2153 3180; x_wconf 80' lang='lat' dir='ltr'>regionis</span> 
     </span>
    </p>
   </div>
   <div class='ocr_carea' id='block_1_49' title="bbox 2248 1946 3901 2025">
    <p class='ocr_par' dir='ltr' id='par_1_49' title="bbox 2248 1946 3901 2025">
     <span class='ocr_line' id='line_1_49' title="bbox 2248 1946 3901 2025; baseline 0.001 -23"><span class='ocrx_word' id='word_1_330' title='bbox 2248 1946 2454 2025; x_wconf 78' lang='grc' dir='ltr'>τυφλὸς</span> <span class='ocrx_word' id='word_1_331' title='bbox 2485 1946 2718 2022; x_wconf 78' lang='grc' dir='ltr'>εἰσήχθη</span> <span class='ocrx_word' id='word_1_332' title='bbox 2758 1948 2895 2020; x_wconf 86' lang='grc' dir='ltr'>πρὸς</span> <span class='ocrx_word' id='word_1_333' title='bbox 2953 1946 3198 2021; x_wconf 78' lang='grc' dir='ltr'>βασιλέα.</span> <span class='ocrx_word' id='word_1_334' title='bbox 3230 1949 3325 2005; x_wconf 89' lang='grc' dir='ltr'>Ὃν</span> <span class='ocrx_word' id='word_1_335' title='bbox 3384 1949 3901 2024; x_wconf 83' lang='grc' dir='ltr'>χειραγωγούμενον</span> 
     </span>
    </p>
   </div>
   <div class='ocr_carea' id='block_1_50' title="bbox 2253 2036 3901 2114">
    <p class='ocr_par' dir='ltr' id='par_1_50' title="bbox 2253 2036 3901 2114">
     <span class='ocr_line' id='line_1_50' title="bbox 2253 2036 3901 2114; baseline 0.001 -22"><span class='ocrx_word' id='word_1_336' title='bbox 2253 2037 2457 2100; x_wconf 84' lang='grc' dir='ltr'>ἐκεῖνος</span> <span class='ocrx_word' id='word_1_337' title='bbox 2537 2036 2859 2109; x_wconf 77' lang='grc' dir='ltr'>Θεασάμενός</span> <span class='ocrx_word' id='word_1_338' title='bbox 2934 2057 3065 2112; x_wconf 79' lang='grc' dir='ltr'>φησι</span> <span class='ocrx_word' id='word_1_339' title='bbox 3150 2038 3287 2113; x_wconf 87' lang='grc' dir='ltr'>πρὸς</span> <span class='ocrx_word' id='word_1_340' title='bbox 3367 2037 3496 2100; x_wconf 75' lang='grc' dir='ltr'>τοὺς</span> <span class='ocrx_word' id='word_1_341' title='bbox 3578 2038 3901 2114; x_wconf 78' lang='grc' dir='ltr'>παρόντας·</span> 
     </span>
    </p>
   </div>
   <div class='ocr_carea' id='block_1_51' title="bbox 2254 2120 3907 2205">
    <p class='ocr_par' dir='ltr' id='par_1_51' title="bbox 2254 2120 3907 2205">
     <span class='ocr_line' id='line_1_51' title="bbox 2254 2120 3907 2205; baseline 0.002 -26"><span class='ocrx_word' id='word_1_342' title='bbox 2254 2151 2284 2179; x_wconf 79' lang='grc' dir='ltr'>ι(</span> <span class='ocrx_word' id='word_1_343' title='bbox 2313 2127 2409 2183; x_wconf 83' lang='lat' dir='ltr'>‘Ov</span> <span class='ocrx_word' id='word_1_344' title='bbox 2446 2120 2761 2203; x_wconf 77' lang='grc' dir='ltr'>ἐφοϐούμην</span> <span class='ocrx_word' id='word_1_345' title='bbox 2819 2126 2909 2180; x_wconf 87' lang='grc' dir='ltr'>καὶ</span> <span class='ocrx_word' id='word_1_346' title='bbox 2959 2123 3207 2199; x_wconf 72' lang='grc' dir='ltr'>ἔτρεμον,</span> <span class='ocrx_word' id='word_1_347' title='bbox 3238 2126 3758 2203; x_wconf 84' lang='grc' dir='ltr'>χειραγωγούμενος</span> <span class='ocrx_word' id='word_1_348' title='bbox 3817 2127 3907 2205; x_wconf 61' lang='grc' dir='ltr'>ἔρ.</span> 
     </span>
    </p>
   </div>
   <div class='ocr_carea' id='block_1_52' title="bbox 2253 2235 2493 2291">
    <p class='ocr_par' dir='ltr' id='par_1_52' title="bbox 2253 2235 2493 2291">
     <span class='ocr_line' id='line_1_52' title="bbox 2253 2235 2493 2291; baseline -0.025 -21"><span class='ocrx_word' id='word_1_349' title='bbox 2253 2235 2430 2291; x_wconf 86' lang='grc' dir='ltr'>χεται.</span> <span class='ocrx_word' id='word_1_350' title='bbox 2465 2238 2493 2265; x_wconf 73' lang='grc' dir='ltr'><strong>υ</strong></span> 
     </span>
    </p>
   </div>
   <div class='ocr_carea' id='block_1_53' title="bbox 2324 2299 3910 2384">
    <p class='ocr_par' dir='ltr' id='par_1_53' title="bbox 2324 2299 3910 2384">
     <span class='ocr_line' id='line_1_53' title="bbox 2324 2299 3910 2384; baseline 0.001 -23"><span class='ocrx_word' id='word_1_351' title='bbox 2324 2301 2647 2367; x_wconf 79' lang='grc' dir='ltr'>Ἀπολυθεὶς</span> <span class='ocrx_word' id='word_1_352' title='bbox 2678 2299 2735 2358; x_wconf 80' lang='grc' dir='ltr'>δὶ</span> <span class='ocrx_word' id='word_1_353' title='bbox 2769 2307 2877 2358; x_wconf 84' lang='grc' dir='ltr'>τῶν</span> <span class='ocrx_word' id='word_1_354' title='bbox 2938 2302 3221 2382; x_wconf 75' lang='grc' dir='ltr'>ἐμφυλίων</span> <span class='ocrx_word' id='word_1_355' title='bbox 3280 2304 3540 2378; x_wconf 70' lang='grc' dir='ltr'>πολέμων</span> <span class='ocrx_word' id='word_1_356' title='bbox 3586 2305 3676 2362; x_wconf 78' lang='grc' dir='ltr'>καὶ</span> <span class='ocrx_word' id='word_1_357' title='bbox 3730 2326 3910 2384; x_wconf 80' lang='grc' dir='ltr'>φρον-</span> 
     </span>
    </p>
   </div>
   <div class='ocr_carea' id='block_1_54' title="bbox 2252 2391 3910 2469">
    <p class='ocr_par' dir='ltr' id='par_1_54' title="bbox 2252 2391 3910 2469">
     <span class='ocr_line' id='line_1_54' title="bbox 2252 2391 3910 2469; baseline 0.001 -20"><span class='ocrx_word' id='word_1_358' title='bbox 2252 2392 2415 2449; x_wconf 86' lang='grc' dir='ltr'>τίδων</span> <span class='ocrx_word' id='word_1_359' title='bbox 2476 2394 2503 2448; x_wconf 89' lang='lat'>6</span> <span class='ocrx_word' id='word_1_360' title='bbox 2561 2392 2837 2469; x_wconf 78' lang='grc' dir='ltr'>βασιλεὺς,</span> <span class='ocrx_word' id='word_1_361' title='bbox 2895 2398 3013 2455; x_wconf 82' lang='grc' dir='ltr'>πῶς</span> <span class='ocrx_word' id='word_1_362' title='bbox 3067 2391 3125 2449; x_wconf 78' lang='grc' dir='ltr'>ἃν</span> <span class='ocrx_word' id='word_1_363' title='bbox 3188 2391 3441 2464; x_wconf 82' lang='grc' dir='ltr'>διάθηται</span> <span class='ocrx_word' id='word_1_364' title='bbox 3496 2396 3563 2450; x_wconf 79' lang='grc' dir='ltr'>τὰ</span> <span class='ocrx_word' id='word_1_365' title='bbox 3618 2395 3755 2450; x_wconf 83' lang='grc' dir='ltr'>κατᾶ</span> <span class='ocrx_word' id='word_1_366' title='bbox 3808 2396 3910 2450; x_wconf 81' lang='grc' dir='ltr'>τὸν</span> 
     </span>
    </p>
   </div>
   <div class='ocr_carea' id='block_1_55' title="bbox 2258 2480 3911 2559">
    <p class='ocr_par' dir='ltr' id='par_1_55' title="bbox 2258 2480 3911 2559">
     <span class='ocr_line' id='line_1_55' title="bbox 2258 2480 3911 2559; baseline 0.001 -22"><span class='ocrx_word' id='word_1_367' title='bbox 2258 2482 2528 2555; x_wconf 81' lang='grc' dir='ltr'>Σαμουὴλ</span> <span class='ocrx_word' id='word_1_368' title='bbox 2560 2480 2774 2537; x_wconf 80' lang='grc' dir='ltr'>ἐσκόπει</span> <span class='ocrx_word' id='word_1_369' title='bbox 2806 2480 2897 2536; x_wconf 84' lang='grc' dir='ltr'>καὶ</span> <span class='ocrx_word' id='word_1_370' title='bbox 2924 2481 3051 2545; x_wconf 78' lang='grc' dir='ltr'>τοὺς</span> <span class='ocrx_word' id='word_1_371' title='bbox 3092 2480 3325 2545; x_wconf 89' lang='grc' dir='ltr'>λοιποὺς</span> <span class='ocrx_word' id='word_1_372' title='bbox 3370 2485 3675 2559; x_wconf 79' lang='grc' dir='ltr'>τοπάρχας,</span> <span class='ocrx_word' id='word_1_373' title='bbox 3708 2482 3911 2546; x_wconf 73' lang='grc' dir='ltr'>οἵτινες</span> 
     </span>
    </p>
   </div>
   <div class='ocr_carea' id='block_1_56' title="bbox 2254 2569 3911 2647">
    <p class='ocr_par' dir='ltr' id='par_1_56' title="bbox 2254 2569 3911 2647">
     <span class='ocr_line' id='line_1_56' title="bbox 2254 2569 3911 2647; baseline 0 -20"><span class='ocrx_word' id='word_1_374' title='bbox 2254 2578 2372 2634; x_wconf 89' lang='grc' dir='ltr'>ταῖς</span> <span class='ocrx_word' id='word_1_375' title='bbox 2428 2570 2779 2634; x_wconf 82' lang='grc' dir='ltr'>ἀποστασίαις</span> <span class='ocrx_word' id='word_1_376' title='bbox 2825 2569 3307 2647; x_wconf 65' lang='grc' dir='ltr'>ἐνασχολουμένου</span> <span class='ocrx_word' id='word_1_377' title='bbox 3514 2570 3694 2628; x_wconf 76' lang='grc' dir='ltr'>ἄδειαν</span> <span class='ocrx_word' id='word_1_378' title='bbox 3753 2572 3911 2643; x_wconf 71' lang='grc' dir='ltr'>εἴληο</span> 
     </span>
    </p>
   </div>
   <div class='ocr_carea' id='block_1_57' title="bbox 2257 2660 3910 2739">
    <p class='ocr_par' dir='ltr' id='par_1_57' title="bbox 2257 2660 3910 2739">
     <span class='ocr_line' id='line_1_57' title="bbox 2257 2660 3910 2739; baseline -0.001 -23"><span class='ocrx_word' id='word_1_379' title='bbox 2257 2662 2415 2739; x_wconf 82' lang='grc' dir='ltr'>φότες</span> <span class='ocrx_word' id='word_1_380' title='bbox 2489 2660 2551 2715; x_wconf 82' lang='grc' dir='ltr'>οὐ</span> <span class='ocrx_word' id='word_1_381' title='bbox 2628 2661 2794 2734; x_wconf 82' lang='grc' dir='ltr'>μικρά</span> <span class='ocrx_word' id='word_1_382' title='bbox 2864 2662 2960 2723; x_wconf 79' lang='grc' dir='ltr'>τὰς</span> <span class='ocrx_word' id='word_1_383' title='bbox 3030 2664 3138 2715; x_wconf 84' lang='grc' dir='ltr'>τῶν</span> <span class='ocrx_word' id='word_1_384' title='bbox 3195 2661 3483 2734; x_wconf 86' lang='grc' dir='ltr'>Ῥωμαίων</span> <span class='ocrx_word' id='word_1_385' title='bbox 3560 2661 3910 2737; x_wconf 76' lang='grc' dir='ltr'>ἐπικρατείας</span> 
     </span>
    </p>
   </div>
   <div class='ocr_carea' id='block_1_58' title="bbox 2257 2748 3914 2824">
    <p class='ocr_par' dir='ltr' id='par_1_58' title="bbox 2257 2748 3914 2824">
     <span class='ocr_line' id='line_1_58' title="bbox 2257 2748 3914 2824; baseline -0.001 -18"><span class='ocrx_word' id='word_1_386' title='bbox 2257 2749 2814 2820; x_wconf 70' lang='grc' dir='ltr'>ἐλύπησαν.”Εξεισιν</span> <span class='ocrx_word' id='word_1_387' title='bbox 2866 2748 2955 2803; x_wconf 75' lang='grc' dir='ltr'>οὖν</span> <span class='ocrx_word' id='word_1_388' title='bbox 3012 2748 3091 2813; x_wconf 78' lang='grc' dir='ltr'>εἷς</span> <span class='ocrx_word' id='word_1_389' title='bbox 3129 2749 3259 2805; x_wconf 82' lang='grc' dir='ltr'>τάπὶ</span> <span class='ocrx_word' id='word_1_390' title='bbox 3316 2751 3530 2824; x_wconf 81' lang='grc' dir='ltr'>Θρᾴκης</span> <span class='ocrx_word' id='word_1_391' title='bbox 3585 2751 3672 2805; x_wconf 82' lang='grc' dir='ltr'>καὶ</span> <span class='ocrx_word' id='word_1_392' title='bbox 3732 2757 3914 2806; x_wconf 74' lang='grc' dir='ltr'>Μακε-</span> 
     </span>
    </p>
   </div>
   <div class='ocr_carea' id='block_1_59' title="bbox 2259 2838 3912 2914">
    <p class='ocr_par' dir='ltr' id='par_1_59' title="bbox 2259 2838 3912 2914">
     <span class='ocr_line' id='line_1_59' title="bbox 2259 2838 3912 2914; baseline -0.001 -19"><span class='ocrx_word' id='word_1_393' title='bbox 2259 2839 2441 2901; x_wconf 86' lang='grc' dir='ltr'>δονίας</span> <span class='ocrx_word' id='word_1_394' title='bbox 2490 2839 2693 2914; x_wconf 88' lang='grc' dir='ltr'>χωρία,</span> <span class='ocrx_word' id='word_1_395' title='bbox 2734 2840 2825 2893; x_wconf 78' lang='grc' dir='ltr'>καὶ</span> <span class='ocrx_word' id='word_1_396' title='bbox 2884 2838 3118 2893; x_wconf 77' lang='grc' dir='ltr'>κάτεισιν</span> <span class='ocrx_word' id='word_1_397' title='bbox 3174 2839 3251 2901; x_wconf 80' lang='grc' dir='ltr'>είς</span> <span class='ocrx_word' id='word_1_398' title='bbox 3297 2839 3721 2909; x_wconf 80' lang='grc' dir='ltr'>Θεσσαλονίκην,</span> <span class='ocrx_word' id='word_1_399' title='bbox 3773 2841 3912 2894; x_wconf 84' lang='grc' dir='ltr'>ἀπο-</span> 
     </span>
    </p>
   </div>
   <div class='ocr_carea' id='block_1_60' title="bbox 2260 2926 3910 3004">
    <p class='ocr_par' dir='ltr' id='par_1_60' title="bbox 2260 2926 3910 3004">
     <span class='ocr_line' id='line_1_60' title="bbox 2260 2926 3910 3004; baseline -0.001 -20"><span class='ocrx_word' id='word_1_400' title='bbox 2260 2927 2448 2985; x_wconf 84' lang='grc' dir='ltr'>δώσων</span> <span class='ocrx_word' id='word_1_401' title='bbox 2506 2930 2573 2983; x_wconf 82' lang='grc' dir='ltr'>τὰ</span> <span class='ocrx_word' id='word_1_402' title='bbox 2623 2926 3014 3004; x_wconf 81' lang='grc' dir='ltr'>εύχαριστήρια</span> <span class='ocrx_word' id='word_1_403' title='bbox 3067 2932 3149 3001; x_wconf 77' lang='grc' dir='ltr'>τῷ</span> <span class='ocrx_word' id='word_1_404' title='bbox 3209 2927 3651 3004; x_wconf 81' lang='grc' dir='ltr'>μεγαλομάρτυρι</span> <span class='ocrx_word' id='word_1_405' title='bbox 3708 2934 3910 3001; x_wconf 79' lang='grc' dir='ltr'>Δημη-</span> 
     </span>
    </p>
   </div>
   <div class='ocr_carea' id='block_1_61' title="bbox 2255 3016 3911 3095">
    <p class='ocr_par' dir='ltr' id='par_1_61' title="bbox 2255 3016 3911 3095">
     <span class='ocr_line' id='line_1_61' title="bbox 2255 3016 3911 3095; baseline -0.002 -21"><span class='ocrx_word' id='word_1_406' title='bbox 2255 3018 2413 3095; x_wconf 86' lang='grc' dir='ltr'>τρίῳ·</span> <span class='ocrx_word' id='word_1_407' title='bbox 2466 3016 2636 3072; x_wconf 81' lang='grc' dir='ltr'>ἐκεῖσὲ</span> <span class='ocrx_word' id='word_1_408' title='bbox 2690 3038 2747 3072; x_wconf 90' lang='grc' dir='ltr'>τε</span> <span class='ocrx_word' id='word_1_409' title='bbox 2797 3016 3100 3092; x_wconf 85' lang='grc' dir='ltr'>Γρηγόριον</span> <span class='ocrx_word' id='word_1_410' title='bbox 3164 3020 3457 3094; x_wconf 84' lang='grc' dir='ltr'>μάγιστρον</span> <span class='ocrx_word' id='word_1_411' title='bbox 3514 3018 3606 3073; x_wconf 88' lang='grc' dir='ltr'>τὸν</span> <span class='ocrx_word' id='word_1_412' title='bbox 3665 3016 3911 3092; x_wconf 85' lang='grc' dir='ltr'>Ταρωνί-</span> 
     </span>
    </p>
   </div>
   <div class='ocr_carea' id='block_1_62' title="bbox 2255 3103 3911 3182">
    <p class='ocr_par' dir='ltr' id='par_1_62' title="bbox 2255 3103 3911 3182">
     <span class='ocr_line' id='line_1_62' title="bbox 2255 3103 3911 3182; baseline -0.001 -19"><span class='ocrx_word' id='word_1_413' title='bbox 2255 3129 2354 3177; x_wconf 89' lang='grc' dir='ltr'>την</span> <span class='ocrx_word' id='word_1_414' title='bbox 2414 3105 2602 3181; x_wconf 81' lang='grc' dir='ltr'>ἄρχειν</span> <span class='ocrx_word' id='word_1_415' title='bbox 2659 3107 2859 3177; x_wconf 84' lang='grc' dir='ltr'>λιπὼν,</span> <span class='ocrx_word' id='word_1_416' title='bbox 2893 3104 3020 3168; x_wconf 82' lang='grc' dir='ltr'>δοὺς</span> <span class='ocrx_word' id='word_1_417' title='bbox 3068 3104 3218 3177; x_wconf 84' lang='grc' dir='ltr'>αύτῷ</span> <span class='ocrx_word' id='word_1_418' title='bbox 3262 3106 3354 3161; x_wconf 83' lang='grc' dir='ltr'>καὶ</span> <span class='ocrx_word' id='word_1_419' title='bbox 3401 3108 3625 3182; x_wconf 81' lang='grc' dir='ltr'>στρατὸν</span> <span class='ocrx_word' id='word_1_420' title='bbox 3682 3103 3911 3178; x_wconf 77' lang='grc' dir='ltr'>ἀξιόμαο</span> 
     </span>
    </p>
   </div>
   <div class='ocr_carea' id='block_1_63' title="bbox 498 3193 2147 3272">
    <p class='ocr_par' dir='ltr' id='par_1_63' title="bbox 498 3196 2147 3270">
     <span class='ocr_line' id='line_1_63' title="bbox 498 3196 2147 3270; baseline -0.001 -16"><span class='ocrx_word' id='word_1_421' title='bbox 498 3196 861 3270; x_wconf 87' lang='lat' dir='ltr'>curopalates</span> <span class='ocrx_word' id='word_1_422' title='bbox 894 3197 1147 3251; x_wconf 85' lang='lat' dir='ltr'>Davidus</span> <span class='ocrx_word' id='word_1_423' title='bbox 1181 3198 1435 3251; x_wconf 89' lang='lat' dir='ltr'>moriens</span> <span class='ocrx_word' id='word_1_424' title='bbox 1465 3197 1875 3269; x_wconf 84' lang='lat' dir='ltr'>imperatorem</span> <span class='ocrx_word' id='word_1_425' title='bbox 1908 3215 2147 3253; x_wconf 88' lang='lat' dir='ltr'>suarum</span> 
     </span>
    </p>
   </div>
   <div class='ocr_carea' id='block_1_64' title="bbox 2257 3193 3912 3272">
    <p class='ocr_par' dir='ltr' id='par_1_64' title="bbox 2261 3193 3912 3272">
     <span class='ocr_line' id='line_1_64' title="bbox 2261 3193 3912 3272; baseline 0 -21"><span class='ocrx_word' id='word_1_426' title='bbox 2261 3217 2365 3272; x_wconf 87' lang='grc' dir='ltr'>χον</span> <span class='ocrx_word' id='word_1_427' title='bbox 2388 3197 2471 3271; x_wconf 72' lang='grc' dir='ltr'>ἐφ’</span> <span class='ocrx_word' id='word_1_428' title='bbox 2500 3196 2546 3268; x_wconf 81' lang='grc' dir='ltr'>ᾧ</span> <span class='ocrx_word' id='word_1_429' title='bbox 2577 3194 2773 3270; x_wconf 72' lang='grc' dir='ltr'>ε’ίργειν</span> <span class='ocrx_word' id='word_1_430' title='bbox 2802 3196 2892 3250; x_wconf 86' lang='grc' dir='ltr'>καὶ</span> <span class='ocrx_word' id='word_1_431' title='bbox 2935 3194 3253 3250; x_wconf 84' lang='grc' dir='ltr'>ἀνακόπτειν</span> <span class='ocrx_word' id='word_1_432' title='bbox 3311 3195 3407 3259; x_wconf 77' lang='grc' dir='ltr'>τὰς</span> <span class='ocrx_word' id='word_1_433' title='bbox 3460 3193 3761 3269; x_wconf 70' lang='grc' dir='ltr'>ἐπιδρομὰς</span> <span class='ocrx_word' id='word_1_434' title='bbox 3807 3201 3912 3251; x_wconf 77' lang='grc' dir='ltr'>τοῦ</span> 
     </span>
    </p>
   </div>
   <div class='ocr_carea' id='block_1_65' title="bbox 496 3258 2147 3360">
    <p class='ocr_par' dir='ltr' id='par_1_65' title="bbox 496 3258 2147 3359">
     <span class='ocr_line' id='line_1_65' title="bbox 496 3258 2147 3359; baseline 0 -17"><span class='ocrx_word' id='word_1_435' title='bbox 496 3258 940 3359; x_wconf 72' lang='lat' dir='ltr'>possessionum</span> <span class='ocrx_word' id='word_1_436' title='bbox 972 3285 1245 3341; x_wconf 89' lang='lat' dir='ltr'>heredem</span> <span class='ocrx_word' id='word_1_437' title='bbox 1276 3258 1608 3358; x_wconf 72' lang='lat' dir='ltr'>scripserat.</span> <span class='ocrx_word' id='word_1_438' title='bbox 1661 3291 1736 3342; x_wconf 85' lang='lat' dir='ltr'>Eo</span> <span class='ocrx_word' id='word_1_439' title='bbox 1784 3286 1966 3359; x_wconf 84' lang='lat' dir='ltr'>igitur</span> <span class='ocrx_word' id='word_1_440' title='bbox 2013 3304 2147 3359; x_wconf 82' lang='lat' dir='ltr'>pro-</span> 
     </span>
    </p>
   </div>
   <div class='ocr_carea' id='block_1_66' title="bbox 2257 3258 3910 3360">
    <p class='ocr_par' dir='ltr' id='par_1_66' title="bbox 2265 3258 3910 3360">
     <span class='ocr_line' id='line_1_66' title="bbox 2265 3258 3910 3360; baseline -0.001 -21"><span class='ocrx_word' id='word_1_441' title='bbox 2265 3258 2552 3357; x_wconf 66' lang='grc' dir='ltr'>ἒαμουήλ,</span> <span class='ocrx_word' id='word_1_442' title='bbox 2586 3258 2746 3346; x_wconf 73' lang='grc' dir='ltr'>αύτὸς</span> <span class='ocrx_word' id='word_1_443' title='bbox 2799 3282 3137 3357; x_wconf 67' lang='grc' dir='ltr'>ὑποστρέψας</span> <span class='ocrx_word' id='word_1_444' title='bbox 3189 3283 3285 3337; x_wconf 82' lang='grc' dir='ltr'>κᾶν</span> <span class='ocrx_word' id='word_1_445' title='bbox 3332 3286 3401 3357; x_wconf 81' lang='grc' dir='ltr'>τῇ</span> <span class='ocrx_word' id='word_1_446' title='bbox 3454 3258 3696 3359; x_wconf 81' lang='grc' dir='ltr'>βασιλίδι</span> <span class='ocrx_word' id='word_1_447' title='bbox 3748 3283 3910 3360; x_wconf 85' lang='grc' dir='ltr'>γενό-</span> 
     </span>
    </p>
   </div>
   <div class='ocr_carea' id='block_1_67' title="bbox 495 3374 2147 3447">
    <p class='ocr_par' dir='ltr' id='par_1_67' title="bbox 495 3374 2147 3447">
     <span class='ocr_line' id='line_1_67' title="bbox 495 3374 2147 3447; baseline 0.001 -16"><span class='ocrx_word' id='word_1_448' title='bbox 495 3377 705 3440; x_wconf 49' lang='lat' dir='ltr'>tectus,</span> <span class='ocrx_word' id='word_1_449' title='bbox 738 3374 1061 3431; x_wconf 89' lang='lat' dir='ltr'>constituta</span> <span class='ocrx_word' id='word_1_450' title='bbox 1090 3374 1492 3444; x_wconf 80' lang='lat' dir='ltr'>hereditate,et</span> <span class='ocrx_word' id='word_1_451' title='bbox 1519 3375 1763 3447; x_wconf 84' lang='lat' dir='ltr'>Georgio</span> <span class='ocrx_word' id='word_1_452' title='bbox 1795 3377 1989 3431; x_wconf 79' lang='lat' dir='ltr'>Davidi</span> <span class='ocrx_word' id='word_1_453' title='bbox 2036 3378 2147 3433; x_wconf 86' lang='lat' dir='ltr'>fra-</span> 
     </span>
    </p>
   </div>
   <div class='ocr_carea' id='block_1_68' title="bbox 501 3463 2147 3520">
    <p class='ocr_par' dir='ltr' id='par_1_68' title="bbox 501 3463 2147 3520">
     <span class='ocr_line' id='line_1_68' title="bbox 501 3463 2147 3520; baseline 0 -1"><span class='ocrx_word' id='word_1_454' title='bbox 501 3468 590 3519; x_wconf 81' lang='lat' dir='ltr'>tre</span> <span class='ocrx_word' id='word_1_455' title='bbox 618 3479 684 3519; x_wconf 92' lang='lat' dir='ltr'>eo</span> <span class='ocrx_word' id='word_1_456' title='bbox 715 3463 967 3517; x_wconf 84' lang='lat' dir='ltr'>adducto</span> <span class='ocrx_word' id='word_1_457' title='bbox 998 3468 1063 3515; x_wconf 89' lang='lat' dir='ltr'>ut</span> <span class='ocrx_word' id='word_1_458' title='bbox 1093 3463 1142 3516; x_wconf 90' lang='lat' dir='ltr'>is</span> <span class='ocrx_word' id='word_1_459' title='bbox 1174 3480 1238 3517; x_wconf 85' lang='lat' dir='ltr'>se</span> <span class='ocrx_word' id='word_1_460' title='bbox 1268 3463 1545 3518; x_wconf 90' lang='lat' dir='ltr'>interiore</span> <span class='ocrx_word' id='word_1_461' title='bbox 1576 3464 1765 3519; x_wconf 85' lang='lat' dir='ltr'>lberia</span> <span class='ocrx_word' id='word_1_462' title='bbox 1806 3470 2147 3520; x_wconf 90' lang='lat' dir='ltr'>contentum</span> 
     </span>
    </p>
   </div>
   <div class='ocr_carea' id='block_1_69' title="bbox 499 3550 2148 3623">
    <p class='ocr_par' dir='ltr' id='par_1_69' title="bbox 499 3550 2148 3623">
     <span class='ocr_line' id='line_1_69' title="bbox 499 3550 2148 3623; baseline 0.001 -18"><span class='ocrx_word' id='word_1_463' title='bbox 499 3552 622 3607; x_wconf 71' lang='lat' dir='ltr'>fore</span> <span class='ocrx_word' id='word_1_464' title='bbox 654 3567 843 3623; x_wconf 85' lang='lat' dir='ltr'>neque</span> <span class='ocrx_word' id='word_1_465' title='bbox 873 3550 1065 3606; x_wconf 85' lang='lat' dir='ltr'>aliena</span> <span class='ocrx_word' id='word_1_466' title='bbox 1095 3553 1436 3606; x_wconf 87' lang='lat' dir='ltr'>invasurum</span> <span class='ocrx_word' id='word_1_467' title='bbox 1474 3555 1857 3622; x_wconf 85' lang='lat' dir='ltr'>promitteret,</span> <span class='ocrx_word' id='word_1_468' title='bbox 1894 3554 2004 3608; x_wconf 89' lang='lat' dir='ltr'>icto</span> <span class='ocrx_word' id='word_1_469' title='bbox 2049 3555 2148 3607; x_wconf 75' lang='lat' dir='ltr'>fm-</span> 
     </span>
    </p>
   </div>
   <div class='ocr_carea' id='block_1_70' title="bbox 498 3641 2148 3712">
    <p class='ocr_par' dir='ltr' id='par_1_70' title="bbox 498 3641 2148 3712">
     <span class='ocr_line' id='line_1_70' title="bbox 498 3641 2148 3712; baseline 0.001 -17"><span class='ocrx_word' id='word_1_470' title='bbox 498 3641 637 3696; x_wconf 88' lang='lat' dir='ltr'>dere</span> <span class='ocrx_word' id='word_1_471' title='bbox 686 3656 819 3696; x_wconf 89' lang='lat' dir='ltr'>cum</span> <span class='ocrx_word' id='word_1_472' title='bbox 870 3656 937 3696; x_wconf 87' lang='lat' dir='ltr'>eo</span> <span class='ocrx_word' id='word_1_473' title='bbox 968 3645 1026 3695; x_wconf 90' lang='lat' dir='ltr'>et</span> <span class='ocrx_word' id='word_1_474' title='bbox 1056 3648 1291 3712; x_wconf 89' lang='lat' dir='ltr'>accepto</span> <span class='ocrx_word' id='word_1_475' title='bbox 1323 3642 1452 3711; x_wconf 84' lang='lat' dir='ltr'>ejus</span> <span class='ocrx_word' id='word_1_476' title='bbox 1484 3641 1602 3697; x_wconf 83' lang='lat' dir='ltr'>filio</span> <span class='ocrx_word' id='word_1_477' title='bbox 1636 3643 1861 3708; x_wconf 86' lang='lat' dir='ltr'>obside,</span> <span class='ocrx_word' id='word_1_478' title='bbox 1894 3643 1951 3697; x_wconf 90' lang='lat' dir='ltr'>in</span> <span class='ocrx_word' id='word_1_479' title='bbox 1986 3642 2148 3697; x_wconf 59' lang='lat' dir='ltr'>Phis-</span> 
     </span>
    </p>
   </div>
   <div class='ocr_carea' id='block_1_71' title="bbox 496 3728 2149 3803">
    <p class='ocr_par' dir='ltr' id='par_1_71' title="bbox 496 3728 2149 3803">
     <span class='ocr_line' id='line_1_71' title="bbox 496 3728 2149 3803; baseline 0.001 -19"><span class='ocrx_word' id='word_1_480' title='bbox 496 3728 711 3788; x_wconf 88' lang='lat' dir='ltr'>niciam</span> <span class='ocrx_word' id='word_1_481' title='bbox 746 3729 958 3801; x_wconf 82' lang='lat' dir='ltr'>pergit,</span> <span class='ocrx_word' id='word_1_482' title='bbox 992 3744 1188 3786; x_wconf 82' lang='lat' dir='ltr'>secum</span> <span class='ocrx_word' id='word_1_483' title='bbox 1226 3730 1445 3786; x_wconf 76' lang='lat' dir='ltr'>ducens</span> <span class='ocrx_word' id='word_1_484' title='bbox 1476 3731 1653 3786; x_wconf 87' lang='lat' dir='ltr'>etiam</span> <span class='ocrx_word' id='word_1_485' title='bbox 1686 3748 1805 3786; x_wconf 78' lang='lat' dir='ltr'>suae</span> <span class='ocrx_word' id='word_1_486' title='bbox 1828 3732 2023 3786; x_wconf 68' lang='lat' dir='ltr'>Iberiaa</span> <span class='ocrx_word' id='word_1_487' title='bbox 2051 3748 2149 3803; x_wconf 83' lang='lat' dir='ltr'>ge-</span> 
     </span>
    </p>
   </div>
   <div class='ocr_carea' id='block_1_72' title="bbox 498 3817 2149 3889">
    <p class='ocr_par' dir='ltr' id='par_1_72' title="bbox 498 3817 2149 3889">
     <span class='ocr_line' id='line_1_72' title="bbox 498 3817 2149 3889; baseline 0.002 -16"><span class='ocrx_word' id='word_1_488' title='bbox 498 3832 636 3874; x_wconf 86' lang='lat' dir='ltr'>nere</span> <span class='ocrx_word' id='word_1_489' title='bbox 670 3817 1104 3885; x_wconf 80' lang='lat' dir='ltr'>nobilissiuios;</span> <span class='ocrx_word' id='word_1_490' title='bbox 1158 3835 1407 3887; x_wconf 91' lang='lat' dir='ltr'>quorum</span> <span class='ocrx_word' id='word_1_491' title='bbox 1458 3820 1701 3889; x_wconf 87' lang='lat' dir='ltr'>primari</span> <span class='ocrx_word' id='word_1_492' title='bbox 1750 3826 1917 3876; x_wconf 90' lang='lat' dir='ltr'>erant</span> <span class='ocrx_word' id='word_1_493' title='bbox 1963 3826 2149 3876; x_wconf 88' lang='lat' dir='ltr'>Pacu-</span> 
     </span>
    </p>
   </div>
   <div class='ocr_carea' id='block_1_73' title="bbox 495 3908 2148 3983">
    <p class='ocr_par' dir='ltr' id='par_1_73' title="bbox 495 3908 2148 3983">
     <span class='ocr_line' id='line_1_73' title="bbox 495 3908 2148 3983; baseline 0.002 -20"><span class='ocrx_word' id='word_1_494' title='bbox 495 3908 1066 3975; x_wconf 84' lang='lat' dir='ltr'>rianua,Phebdatus</span> <span class='ocrx_word' id='word_1_495' title='bbox 1097 3915 1155 3964; x_wconf 87' lang='lat' dir='ltr'>et</span> <span class='ocrx_word' id='word_1_496' title='bbox 1186 3911 1430 3964; x_wconf 87' lang='lat' dir='ltr'>Pberses</span> <span class='ocrx_word' id='word_1_497' title='bbox 1464 3913 1670 3965; x_wconf 83' lang='lat' dir='ltr'>fratres</span> <span class='ocrx_word' id='word_1_498' title='bbox 1702 3912 2148 3983; x_wconf 81' lang='lat' dir='ltr'>germani,quos</span> 
     </span>
    </p>
   </div>
   <div class='ocr_carea' id='block_1_74' title="bbox 496 3996 2146 4069">
    <p class='ocr_par' dir='ltr' id='par_1_74' title="bbox 496 3996 2146 4069">
     <span class='ocr_line' id='line_1_74' title="bbox 496 3996 2146 4069; baseline 0.002 -17"><span class='ocrx_word' id='word_1_499' title='bbox 496 3996 674 4052; x_wconf 87' lang='lat' dir='ltr'>etiam</span> <span class='ocrx_word' id='word_1_500' title='bbox 706 3996 949 4066; x_wconf 85' lang='lat' dir='ltr'>patricio</span> <span class='ocrx_word' id='word_1_501' title='bbox 995 3997 1215 4052; x_wconf 92' lang='lat' dir='ltr'>honore</span> <span class='ocrx_word' id='word_1_502' title='bbox 1261 3998 1571 4053; x_wconf 86' lang='lat' dir='ltr'>decoravit.</span> <span class='ocrx_word' id='word_1_503' title='bbox 1624 4003 1941 4069; x_wconf 84' lang='lat' dir='ltr'>Postquam</span> <span class='ocrx_word' id='word_1_504' title='bbox 1993 4001 2146 4056; x_wconf 81' lang='grc'>448</span> 
     </span>
    </p>
   </div>
   <div class='ocr_carea' id='block_1_75' title="bbox 495 4083 2147 4160">
    <p class='ocr_par' dir='ltr' id='par_1_75' title="bbox 495 4083 2147 4160">
     <span class='ocr_line' id='line_1_75' title="bbox 495 4083 2147 4160; baseline 0.003 -21"><span class='ocrx_word' id='word_1_505' title='bbox 495 4083 556 4139; x_wconf 86' lang='lat' dir='ltr'>in</span> <span class='ocrx_word' id='word_1_506' title='bbox 592 4084 946 4139; x_wconf 68' lang='lat' dir='ltr'>Phteniciam</span> <span class='ocrx_word' id='word_1_507' title='bbox 980 4091 1219 4139; x_wconf 89' lang='lat' dir='ltr'>ventum</span> <span class='ocrx_word' id='word_1_508' title='bbox 1252 4092 1362 4149; x_wconf 89' lang='lat' dir='ltr'>est,</span> <span class='ocrx_word' id='word_1_509' title='bbox 1396 4088 1671 4157; x_wconf 86' lang='lat' dir='ltr'>Tripolis,</span> <span class='ocrx_word' id='word_1_510' title='bbox 1707 4089 2147 4160; x_wconf 82' lang='lat' dir='ltr'>Damasci,Tyri</span> 
     </span>
    </p>
   </div>
   <div class='ocr_carea' id='block_1_76' title="bbox 495 4171 2147 4245">
    <p class='ocr_par' dir='ltr' id='par_1_76' title="bbox 495 4171 2147 4245">
     <span class='ocr_line' id='line_1_76' title="bbox 495 4171 2147 4245; baseline 0.003 -20"><span class='ocrx_word' id='word_1_511' title='bbox 495 4171 807 4242; x_wconf 80' lang='lat' dir='ltr'>Berytique</span> <span class='ocrx_word' id='word_1_512' title='bbox 839 4187 1069 4226; x_wconf 89' lang='lat' dir='ltr'>ameras</span> <span class='ocrx_word' id='word_1_513' title='bbox 1098 4172 1258 4242; x_wconf 90' lang='lat' dir='ltr'>(nam</span> <span class='ocrx_word' id='word_1_514' title='bbox 1294 4172 1352 4226; x_wconf 93' lang='lat' dir='ltr'>hi</span> <span class='ocrx_word' id='word_1_515' title='bbox 1408 4173 1583 4244; x_wconf 90' lang='lat' dir='ltr'>paulo</span> <span class='ocrx_word' id='word_1_516' title='bbox 1634 4180 1770 4229; x_wconf 90' lang='lat' dir='ltr'>ante</span> <span class='ocrx_word' id='word_1_517' title='bbox 1816 4174 1943 4245; x_wconf 90' lang='lat' dir='ltr'>ipso</span> <span class='ocrx_word' id='word_1_518' title='bbox 1992 4176 2147 4231; x_wconf 91' lang='lat' dir='ltr'>civili</span> 
     </span>
    </p>
   </div>
   <div class='ocr_carea' id='block_1_77' title="bbox 494 4258 2150 4328">
    <p class='ocr_par' dir='ltr' id='par_1_77' title="bbox 494 4258 2150 4328">
     <span class='ocr_line' id='line_1_77' title="bbox 494 4258 2150 4328; baseline 0.005 -14"><span class='ocrx_word' id='word_1_519' title='bbox 494 4266 697 4315; x_wconf 85' lang='lat' dir='ltr'>contra</span> <span class='ocrx_word' id='word_1_520' title='bbox 746 4258 998 4315; x_wconf 85' lang='lat' dir='ltr'>Phocam</span> <span class='ocrx_word' id='word_1_521' title='bbox 1048 4259 1197 4315; x_wconf 87' lang='lat' dir='ltr'>bello</span> <span class='ocrx_word' id='word_1_522' title='bbox 1244 4260 1501 4328; x_wconf 91' lang='lat' dir='ltr'>detento,</span> <span class='ocrx_word' id='word_1_523' title='bbox 1535 4262 1677 4319; x_wconf 91' lang='lat' dir='ltr'>inito</span> <span class='ocrx_word' id='word_1_524' title='bbox 1706 4264 1919 4320; x_wconf 76' lang='lat' dir='ltr'>{cedere</span> <span class='ocrx_word' id='word_1_525' title='bbox 1946 4270 2150 4322; x_wconf 84' lang='lat' dir='ltr'>contra</span> 
     </span>
    </p>
   </div>
   <div class='ocr_carea' id='block_1_78' title="bbox 490 4346 2146 4424">
    <p class='ocr_par' dir='ltr' id='par_1_78' title="bbox 490 4346 2146 4424">
     <span class='ocr_line' id='line_1_78' title="bbox 490 4346 2146 4424; baseline 0.004 -21"><span class='ocrx_word' id='word_1_526' title='bbox 490 4346 871 4403; x_wconf 82' lang='lat' dir='ltr'>Antiocheam</span> <span class='ocrx_word' id='word_1_527' title='bbox 904 4364 1069 4403; x_wconf 89' lang='lat' dir='ltr'>arma</span> <span class='ocrx_word' id='word_1_528' title='bbox 1097 4347 1434 4413; x_wconf 89' lang='lat' dir='ltr'>tulerant,et</span> <span class='ocrx_word' id='word_1_529' title='bbox 1462 4350 1808 4407; x_wconf 87' lang='lat' dir='ltr'>Damianum</span> <span class='ocrx_word' id='word_1_530' title='bbox 1834 4354 2146 4424; x_wconf 84' lang='lat' dir='ltr'>patricium</span> 
     </span>
    </p>
   </div>
   <div class='ocr_carea' id='block_1_79' title="bbox 491 4436 2149 4510">
    <p class='ocr_par' dir='ltr' id='par_1_79' title="bbox 491 4436 2149 4510">
     <span class='ocr_line' id='line_1_79' title="bbox 491 4436 2149 4510; baseline 0.006 -21"><span class='ocrx_word' id='word_1_531' title='bbox 491 4436 621 4505; x_wconf 88' lang='lat' dir='ltr'>ejus</span> <span class='ocrx_word' id='word_1_532' title='bbox 654 4436 818 4490; x_wconf 86' lang='lat' dir='ltr'>urbis</span> <span class='ocrx_word' id='word_1_533' title='bbox 853 4438 1192 4507; x_wconf 66' lang='lat' dir='ltr'>praefectum</span> <span class='ocrx_word' id='word_1_534' title='bbox 1221 4455 1415 4509; x_wconf 84' lang='lat' dir='ltr'>pugna</span> <span class='ocrx_word' id='word_1_535' title='bbox 1440 4457 1816 4510; x_wconf 76' lang='lat' dir='ltr'>congressum</span> <span class='ocrx_word' id='word_1_536' title='bbox 1852 4442 2149 4500; x_wconf 84' lang='lat' dir='ltr'>interfece-</span> 
     </span>
    </p>
   </div>
   <div class='ocr_carea' id='block_1_80' title="bbox 492 4524 2147 4603">
    <p class='ocr_par' dir='ltr' id='par_1_80' title="bbox 492 4524 2147 4603">
     <span class='ocr_line' id='line_1_80' title="bbox 492 4524 2147 4603; baseline 0.005 -25"><span class='ocrx_word' id='word_1_537' title='bbox 492 4529 645 4589; x_wconf 87' lang='lat' dir='ltr'>rant,</span> <span class='ocrx_word' id='word_1_538' title='bbox 680 4524 932 4594; x_wconf 90' lang='lat' dir='ltr'>urbique</span> <span class='ocrx_word' id='word_1_539' title='bbox 956 4525 1108 4578; x_wconf 87' lang='lat' dir='ltr'>haurl</span> <span class='ocrx_word' id='word_1_540' title='bbox 1134 4529 1405 4597; x_wconf 82' lang='lat' dir='ltr'>exiguum</span> <span class='ocrx_word' id='word_1_541' title='bbox 1438 4529 1759 4595; x_wconf 88' lang='lat' dir='ltr'>periculum</span> <span class='ocrx_word' id='word_1_542' title='bbox 1803 4532 2147 4603; x_wconf 86' lang='lat' dir='ltr'>objicerant)</span> 
     </span>
    </p>
   </div>
   <div class='ocr_carea' id='block_1_81' title="bbox 2262 3367 3911 3448">
    <p class='ocr_par' dir='ltr' id='par_1_81' title="bbox 2262 3367 3911 3448">
     <span class='ocr_line' id='line_1_81' title="bbox 2262 3367 3911 3448; baseline -0.006 -20"><span class='ocrx_word' id='word_1_543' title='bbox 2262 3394 2421 3448; x_wconf 87' lang='grc' dir='ltr'>μενος</span> <span class='ocrx_word' id='word_1_544' title='bbox 2473 3374 2667 3427; x_wconf 71' lang='grc' dir='ltr'>ἄνεισιν</span> <span class='ocrx_word' id='word_1_545' title='bbox 2727 3371 2803 3436; x_wconf 67' lang='grc' dir='ltr'>εἷς</span> <span class='ocrx_word' id='word_1_546' title='bbox 2854 3367 3119 3445; x_wconf 79' lang='grc' dir='ltr'>Ἰϐηρίαν⁸</span> <span class='ocrx_word' id='word_1_547' title='bbox 3151 3369 3259 3441; x_wconf 69' lang='grc' dir='ltr'>ἤδη</span> <span class='ocrx_word' id='word_1_548' title='bbox 3316 3372 3418 3447; x_wconf 74' lang='grc' dir='ltr'>γὰρ</span> <span class='ocrx_word' id='word_1_549' title='bbox 3456 3374 3546 3427; x_wconf 76' lang='grc' dir='ltr'>καὶ</span> <span class='ocrx_word' id='word_1_550' title='bbox 3572 3374 3601 3427; x_wconf 89' lang='lat'>6</span> <span class='ocrx_word' id='word_1_551' title='bbox 3631 3391 3911 3448; x_wconf 80' lang='grc' dir='ltr'>κουροπα-</span> 
     </span>
    </p>
   </div>
   <div class='ocr_carea' id='block_1_82' title="bbox 2258 3456 3914 3536">
    <p class='ocr_par' dir='ltr' id='par_1_82' title="bbox 2258 3456 3914 3536">
     <span class='ocr_line' id='line_1_82' title="bbox 2258 3456 3914 3536; baseline -0.001 -18"><span class='ocrx_word' id='word_1_552' title='bbox 2258 3463 2431 3532; x_wconf 88' lang='grc' dir='ltr'>λάτης</span> <span class='ocrx_word' id='word_1_553' title='bbox 2461 3461 2732 3532; x_wconf 80' lang='grc' dir='ltr'>ἐτεθνήκει</span> <span class='ocrx_word' id='word_1_554' title='bbox 2765 3456 2953 3531; x_wconf 84' lang='grc' dir='ltr'>Δαϐὶδ,</span> <span class='ocrx_word' id='word_1_555' title='bbox 2980 3459 3334 3536; x_wconf 85' lang='grc' dir='ltr'>κληρονόμον</span> <span class='ocrx_word' id='word_1_556' title='bbox 3381 3465 3488 3516; x_wconf 81' lang='grc' dir='ltr'>τῶν</span> <span class='ocrx_word' id='word_1_557' title='bbox 3537 3462 3691 3532; x_wconf 72' lang='grc' dir='ltr'>αὐτῷ</span> <span class='ocrx_word' id='word_1_558' title='bbox 3736 3481 3914 3535; x_wconf 84' lang='grc' dir='ltr'>προσ-</span> 
     </span>
    </p>
   </div>
   <div class='ocr_carea' id='block_1_83' title="bbox 2257 3547 3911 3624">
    <p class='ocr_par' dir='ltr' id='par_1_83' title="bbox 2257 3547 3911 3624">
     <span class='ocr_line' id='line_1_83' title="bbox 2257 3547 3911 3624; baseline -0.001 -19"><span class='ocrx_word' id='word_1_559' title='bbox 2257 3552 2502 3619; x_wconf 87' lang='grc' dir='ltr'>ηκόντων</span> <span class='ocrx_word' id='word_1_560' title='bbox 2533 3549 2744 3624; x_wconf 82' lang='grc' dir='ltr'>γράψας</span> <span class='ocrx_word' id='word_1_561' title='bbox 2793 3550 2885 3604; x_wconf 85' lang='grc' dir='ltr'>τὸν</span> <span class='ocrx_word' id='word_1_562' title='bbox 2946 3547 3189 3622; x_wconf 77' lang='grc' dir='ltr'>βασιλέα.</span> <span class='ocrx_word' id='word_1_563' title='bbox 3222 3550 3427 3604; x_wconf 81' lang='grc' dir='ltr'>Ἐκεῖσε</span> <span class='ocrx_word' id='word_1_564' title='bbox 3488 3547 3546 3604; x_wconf 66' lang='grc' dir='ltr'>δὲ</span> <span class='ocrx_word' id='word_1_565' title='bbox 3591 3549 3911 3624; x_wconf 80' lang='grc' dir='ltr'>γενόμενος,</span> 
     </span>
    </p>
   </div>
   <div class='ocr_carea' id='block_1_84' title="bbox 2255 3636 3907 3714">
    <p class='ocr_par' dir='ltr' id='par_1_84' title="bbox 2255 3636 3907 3714">
     <span class='ocr_line' id='line_1_84' title="bbox 2255 3636 3907 3714; baseline -0.001 -20"><span class='ocrx_word' id='word_1_566' title='bbox 2255 3641 2341 3694; x_wconf 80' lang='grc' dir='ltr'>καὶ</span> <span class='ocrx_word' id='word_1_567' title='bbox 2374 3640 2474 3707; x_wconf 78' lang='grc' dir='ltr'>τήν</span> <span class='ocrx_word' id='word_1_568' title='bbox 2508 3637 2751 3693; x_wconf 79' lang='grc' dir='ltr'>δοθεῖσαν</span> <span class='ocrx_word' id='word_1_569' title='bbox 2790 3638 2936 3710; x_wconf 83' lang='grc' dir='ltr'>αύτῷ</span> <span class='ocrx_word' id='word_1_570' title='bbox 2981 3636 3358 3714; x_wconf 86' lang='grc' dir='ltr'>κληρονομίαν</span> <span class='ocrx_word' id='word_1_571' title='bbox 3406 3638 3907 3711; x_wconf 83' lang='grc' dir='ltr'>καταστησάμενος,</span> 
     </span>
    </p>
   </div>
   <div class='ocr_carea' id='block_1_85' title="bbox 2254 3721 3907 3801">
    <p class='ocr_par' dir='ltr' id='par_1_85' title="bbox 2254 3721 3907 3801">
     <span class='ocr_line' id='line_1_85' title="bbox 2254 3721 3907 3801; baseline -0.001 -18"><span class='ocrx_word' id='word_1_572' title='bbox 2254 3729 2463 3783; x_wconf 83' lang='grc' dir='ltr'>καὶτὸν</span> <span class='ocrx_word' id='word_1_573' title='bbox 2508 3732 2605 3782; x_wconf 73' lang='grc' dir='ltr'>τοῦ</span> <span class='ocrx_word' id='word_1_574' title='bbox 2652 3725 3067 3801; x_wconf 88' lang='grc' dir='ltr'>κουροπαλάτου</span> <span class='ocrx_word' id='word_1_575' title='bbox 3114 3721 3281 3782; x_wconf 84' lang='grc' dir='ltr'>Δαϐὶδ</span> <span class='ocrx_word' id='word_1_576' title='bbox 3324 3728 3433 3801; x_wconf 87' lang='grc'>(51)</span> <span class='ocrx_word' id='word_1_577' title='bbox 3486 3726 3752 3801; x_wconf 86' lang='grc' dir='ltr'>Γεώργιον</span> <span class='ocrx_word' id='word_1_578' title='bbox 3809 3726 3907 3781; x_wconf 83' lang='grc' dir='ltr'>τὸν</span> 
     </span>
    </p>
   </div>
   <div class='ocr_carea' id='block_1_86' title="bbox 2254 3810 3909 3890">
    <p class='ocr_par' dir='ltr' id='par_1_86' title="bbox 2254 3810 3909 3890">
     <span class='ocr_line' id='line_1_86' title="bbox 2254 3810 3909 3890; baseline -0.002 -18"><span class='ocrx_word' id='word_1_579' title='bbox 2254 3825 2354 3886; x_wconf 75' lang='grc' dir='ltr'>τῆς</span> <span class='ocrx_word' id='word_1_580' title='bbox 2397 3813 2660 3890; x_wconf 73' lang='grc' dir='ltr'>ἐνδοτέρω</span> <span class='ocrx_word' id='word_1_581' title='bbox 2690 3810 2931 3889; x_wconf 86' lang='grc' dir='ltr'>Ἰϐηρίας</span> <span class='ocrx_word' id='word_1_582' title='bbox 2981 3817 3220 3890; x_wconf 80' lang='grc' dir='ltr'>ἄρχοντα</span> <span class='ocrx_word' id='word_1_583' title='bbox 3267 3820 3383 3877; x_wconf 89' lang='grc' dir='ltr'>τοῖς</span> <span class='ocrx_word' id='word_1_584' title='bbox 3436 3813 3658 3878; x_wconf 88' lang='grc' dir='ltr'>οίκείοις</span> <span class='ocrx_word' id='word_1_585' title='bbox 3714 3816 3909 3888; x_wconf 82' lang='grc' dir='ltr'>άκρεῖ-</span> 
     </span>
    </p>
   </div>
   <div class='ocr_carea' id='block_1_87' title="bbox 2257 3899 3912 3979">
    <p class='ocr_par' dir='ltr' id='par_1_87' title="bbox 2257 3899 3912 3979">
     <span class='ocr_line' id='line_1_87' title="bbox 2257 3899 3912 3979; baseline -0.001 -19"><span class='ocrx_word' id='word_1_586' title='bbox 2257 3918 2377 3969; x_wconf 88' lang='grc' dir='ltr'>σθαι</span> <span class='ocrx_word' id='word_1_587' title='bbox 2408 3906 2594 3967; x_wconf 79' lang='grc' dir='ltr'>πείσας</span> <span class='ocrx_word' id='word_1_588' title='bbox 2626 3906 2713 3960; x_wconf 87' lang='grc' dir='ltr'>καὶ</span> <span class='ocrx_word' id='word_1_589' title='bbox 2751 3907 2826 3977; x_wconf 83' lang='grc' dir='ltr'>μὴ</span> <span class='ocrx_word' id='word_1_590' title='bbox 2859 3899 3152 3959; x_wconf 79' lang='grc' dir='ltr'>ἐπιϐαίνειν</span> <span class='ocrx_word' id='word_1_591' title='bbox 3209 3910 3328 3966; x_wconf 89' lang='grc' dir='ltr'>τοῖς</span> <span class='ocrx_word' id='word_1_592' title='bbox 3377 3900 3718 3979; x_wconf 76' lang='grc' dir='ltr'>ἀλλοτρίοις,</span> <span class='ocrx_word' id='word_1_593' title='bbox 3750 3924 3912 3959; x_wconf 81' lang='grc' dir='ltr'>σπει-</span> 
     </span>
    </p>
   </div>
   <div class='ocr_carea' id='block_1_88' title="bbox 2257 3990 3911 4069">
    <p class='ocr_par' dir='ltr' id='par_1_88' title="bbox 2257 3990 3911 4069">
     <span class='ocr_line' id='line_1_88' title="bbox 2257 3990 3911 4069; baseline -0.001 -21"><span class='ocrx_word' id='word_1_594' title='bbox 2257 3993 2485 4067; x_wconf 84' lang='grc' dir='ltr'>σάμενός</span> <span class='ocrx_word' id='word_1_595' title='bbox 2545 4014 2605 4049; x_wconf 83' lang='grc' dir='ltr'>τε</span> <span class='ocrx_word' id='word_1_596' title='bbox 2659 3993 2806 4065; x_wconf 83' lang='grc' dir='ltr'>αύτῷ</span> <span class='ocrx_word' id='word_1_597' title='bbox 2863 3994 2952 4048; x_wconf 85' lang='grc' dir='ltr'>καὶ</span> <span class='ocrx_word' id='word_1_598' title='bbox 3004 3992 3217 4068; x_wconf 74' lang='grc' dir='ltr'>ὅμηρον</span> <span class='ocrx_word' id='word_1_599' title='bbox 3276 3990 3523 4069; x_wconf 70' lang='grc' dir='ltr'>εἷληφὼς</span> <span class='ocrx_word' id='word_1_600' title='bbox 3577 3992 3668 4046; x_wconf 81' lang='grc' dir='ltr'>τὸν</span> <span class='ocrx_word' id='word_1_601' title='bbox 3708 3991 3911 4047; x_wconf 81' lang='grc' dir='ltr'>τούτου</span> 
     </span>
    </p>
   </div>
   <div class='ocr_carea' id='block_1_89' title="bbox 2257 4078 3912 4157">
    <p class='ocr_par' dir='ltr' id='par_1_89' title="bbox 2257 4078 3912 4157">
     <span class='ocr_line' id='line_1_89' title="bbox 2257 4078 3912 4157; baseline -0.001 -20"><span class='ocrx_word' id='word_1_602' title='bbox 2257 4084 2396 4152; x_wconf 74' lang='grc' dir='ltr'>υἱὸν,</span> <span class='ocrx_word' id='word_1_603' title='bbox 2443 4080 2651 4137; x_wconf 79' lang='grc' dir='ltr'>ἄπεισιν</span> <span class='ocrx_word' id='word_1_604' title='bbox 2712 4081 2787 4144; x_wconf 75' lang='grc' dir='ltr'>εἲς</span> <span class='ocrx_word' id='word_1_605' title='bbox 2846 4081 3132 4151; x_wconf 82' lang='grc' dir='ltr'>Φοινίκην,</span> <span class='ocrx_word' id='word_1_606' title='bbox 3193 4078 3341 4157; x_wconf 75' lang='grc' dir='ltr'>ἔχων</span> <span class='ocrx_word' id='word_1_607' title='bbox 3402 4081 3523 4154; x_wconf 87' lang='grc' dir='ltr'>μεθ’</span> <span class='ocrx_word' id='word_1_608' title='bbox 3575 4081 3763 4135; x_wconf 63' lang='grc' dir='ltr'>ἑαυτοῦ</span> <span class='ocrx_word' id='word_1_609' title='bbox 3816 4081 3912 4136; x_wconf 79' lang='grc' dir='ltr'>καὶ</span> 
     </span>
    </p>
   </div>
   <div class='ocr_carea' id='block_1_90' title="bbox 2255 4165 3918 4245">
    <p class='ocr_par' dir='ltr' id='par_1_90' title="bbox 2255 4165 3918 4245">
     <span class='ocr_line' id='line_1_90' title="bbox 2255 4165 3918 4245; baseline -0.001 -19"><span class='ocrx_word' id='word_1_610' title='bbox 2255 4171 2381 4233; x_wconf 77' lang='grc' dir='ltr'>τοὺς</span> <span class='ocrx_word' id='word_1_611' title='bbox 2429 4171 2482 4227; x_wconf 75' lang='grc' dir='ltr'>ἐν</span> <span class='ocrx_word' id='word_1_612' title='bbox 2538 4175 2607 4245; x_wconf 76' lang='grc' dir='ltr'>τῇ</span> <span class='ocrx_word' id='word_1_613' title='bbox 2655 4172 2772 4226; x_wconf 88' lang='grc' dir='ltr'>κατ’</span> <span class='ocrx_word' id='word_1_614' title='bbox 2802 4169 2960 4225; x_wconf 78' lang='grc' dir='ltr'>αὐτὸν</span> <span class='ocrx_word' id='word_1_615' title='bbox 2994 4165 3207 4245; x_wconf 81' lang='grc' dir='ltr'>Ἰϐηρίᾳ</span> <span class='ocrx_word' id='word_1_616' title='bbox 3234 4168 3370 4225; x_wconf 86' lang='grc' dir='ltr'>κατᾶ</span> <span class='ocrx_word' id='word_1_617' title='bbox 3394 4170 3546 4243; x_wconf 65' lang='grc' dir='ltr'>γένος</span> <span class='ocrx_word' id='word_1_618' title='bbox 3601 4168 3918 4243; x_wconf 82' lang='grc' dir='ltr'>πρωτεύον-</span> 
     </span>
    </p>
   </div>
   <div class='ocr_carea' id='block_1_91' title="bbox 2254 4253 3915 4337">
    <p class='ocr_par' dir='ltr' id='par_1_91' title="bbox 2254 4253 3915 4337">
     <span class='ocr_line' id='line_1_91' title="bbox 2254 4253 3915 4337; baseline -0.004 -20"><span class='ocrx_word' id='word_1_619' title='bbox 2254 4283 2372 4329; x_wconf 89' lang='grc' dir='ltr'>τας,</span> <span class='ocrx_word' id='word_1_620' title='bbox 2406 4262 2479 4315; x_wconf 84' lang='grc' dir='ltr'>ὧν</span> <span class='ocrx_word' id='word_1_621' title='bbox 2537 4262 2672 4329; x_wconf 77' lang='grc' dir='ltr'>ἦσαν</span> <span class='ocrx_word' id='word_1_622' title='bbox 2730 4264 3019 4337; x_wconf 78' lang='grc' dir='ltr'>κορυφαῖοι</span> <span class='ocrx_word' id='word_1_623' title='bbox 3079 4260 3109 4314; x_wconf 88' lang='lat'>6</span> <span class='ocrx_word' id='word_1_624' title='bbox 3168 4258 3539 4331; x_wconf 81' lang='grc' dir='ltr'>Πακουριάνος</span> <span class='ocrx_word' id='word_1_625' title='bbox 3568 4258 3657 4312; x_wconf 70' lang='grc' dir='ltr'>καὶ</span> <span class='ocrx_word' id='word_1_626' title='bbox 3690 4253 3915 4312; x_wconf 76' lang='grc' dir='ltr'>Φεϐδάο</span> 
     </span>
    </p>
   </div>
   <div class='ocr_carea' id='block_1_92' title="bbox 2254 4346 3920 4426">
    <p class='ocr_par' dir='ltr' id='par_1_92' title="bbox 2254 4346 3920 4426">
     <span class='ocr_line' id='line_1_92' title="bbox 2254 4346 3920 4426; baseline -0.001 -21"><span class='ocrx_word' id='word_1_627' title='bbox 2254 4372 2346 4413; x_wconf 89' lang='grc' dir='ltr'>τος</span> <span class='ocrx_word' id='word_1_628' title='bbox 2377 4352 2466 4405; x_wconf 76' lang='grc' dir='ltr'>καὶ</span> <span class='ocrx_word' id='word_1_629' title='bbox 2500 4352 2716 4425; x_wconf 78' lang='grc' dir='ltr'>Φέρσης</span> <span class='ocrx_word' id='word_1_630' title='bbox 2748 4349 2800 4403; x_wconf 72' lang='grc' dir='ltr'>οἱ</span> <span class='ocrx_word' id='word_1_631' title='bbox 2849 4346 3199 4426; x_wconf 74' lang='grc' dir='ltr'>αὐτάδελφοι,</span> <span class='ocrx_word' id='word_1_632' title='bbox 3232 4346 3327 4409; x_wconf 70' lang='grc' dir='ltr'>οὓς</span> <span class='ocrx_word' id='word_1_633' title='bbox 3374 4347 3462 4401; x_wconf 81' lang='grc' dir='ltr'>καὶ</span> <span class='ocrx_word' id='word_1_634' title='bbox 3522 4347 3599 4410; x_wconf 79' lang='grc' dir='ltr'>εἰς</span> <span class='ocrx_word' id='word_1_635' title='bbox 3653 4347 3743 4401; x_wconf 84' lang='grc' dir='ltr'>τὸν</span> <span class='ocrx_word' id='word_1_636' title='bbox 3803 4351 3920 4403; x_wconf 81' lang='grc' dir='ltr'>τῶν</span> 
     </span>
    </p>
   </div>
   <div class='ocr_carea' id='block_1_93' title="bbox 2255 4432 3915 4513">
    <p class='ocr_par' dir='ltr' id='par_1_93' title="bbox 2255 4432 3915 4513">
     <span class='ocr_line' id='line_1_93' title="bbox 2255 4432 3915 4513; baseline -0.002 -18"><span class='ocrx_word' id='word_1_637' title='bbox 2255 4439 2553 4513; x_wconf 81' lang='grc' dir='ltr'>πατρικίων</span> <span class='ocrx_word' id='word_1_638' title='bbox 2602 4432 2884 4493; x_wconf 77' lang='grc' dir='ltr'>ἀνεϐίϐασε</span> <span class='ocrx_word' id='word_1_639' title='bbox 2941 4442 3136 4502; x_wconf 81' lang='grc' dir='ltr'>θῶκον.</span> <span class='ocrx_word' id='word_1_640' title='bbox 3176 4479 3188 4493; x_wconf 95' lang='grc'><strong>.</strong></span> <span class='ocrx_word' id='word_1_641' title='bbox 3225 4438 3312 4493; x_wconf 85' lang='grc' dir='ltr'>Ἐν</span> <span class='ocrx_word' id='word_1_642' title='bbox 3363 4434 3590 4510; x_wconf 77' lang='grc' dir='ltr'>Φοινίκῃ</span> <span class='ocrx_word' id='word_1_643' title='bbox 3639 4433 3698 4490; x_wconf 73' lang='grc' dir='ltr'>δέ</span> <span class='ocrx_word' id='word_1_644' title='bbox 3751 4437 3915 4510; x_wconf 80' lang='grc' dir='ltr'>γενό-</span> 
     </span>
    </p>
   </div>
   <div class='ocr_carea' id='block_1_94' title="bbox 2260 4525 3918 4601">
    <p class='ocr_par' dir='ltr' id='par_1_94' title="bbox 2260 4525 3918 4601">
     <span class='ocr_line' id='line_1_94' title="bbox 2260 4525 3918 4601; baseline -0.003 -17"><span class='ocrx_word' id='word_1_645' title='bbox 2260 4550 2438 4601; x_wconf 84' lang='grc' dir='ltr'>μενος,</span> <span class='ocrx_word' id='word_1_646' title='bbox 2468 4532 2559 4583; x_wconf 85' lang='grc' dir='ltr'><strong>καί</strong></span> <span class='ocrx_word' id='word_1_647' title='bbox 2588 4528 2679 4582; x_wconf 86' lang='grc' dir='ltr'>τὸν</span> <span class='ocrx_word' id='word_1_648' title='bbox 2713 4525 3034 4599; x_wconf 69' lang='grc' dir='ltr'>Τριπόλεως</span> <span class='ocrx_word' id='word_1_649' title='bbox 3062 4526 3280 4599; x_wconf 81' lang='grc' dir='ltr'>άμηρᾶν</span> <span class='ocrx_word' id='word_1_650' title='bbox 3329 4526 3415 4580; x_wconf 84' lang='grc' dir='ltr'>καὶ</span> <span class='ocrx_word' id='word_1_651' title='bbox 3469 4526 3562 4580; x_wconf 86' lang='grc' dir='ltr'>τὸν</span> <span class='ocrx_word' id='word_1_652' title='bbox 3619 4529 3918 4598; x_wconf 78' lang='grc' dir='ltr'>Δαμασκοῦ</span> 
     </span>
    </p>
   </div>
   <div class='ocr_carea' id='block_1_95' title="bbox 491 4612 2147 4693">
    <p class='ocr_par' dir='ltr' id='par_1_95' title="bbox 491 4612 2144 4692">
     <span class='ocr_line' id='line_1_95' title="bbox 491 4612 2144 4692; baseline 0.006 -27"><span class='ocrx_word' id='word_1_653' title='bbox 491 4612 679 4683; x_wconf 79' lang='lat' dir='ltr'>coegit</span> <span class='ocrx_word' id='word_1_654' title='bbox 706 4612 986 4667; x_wconf 85' lang='lat' dir='ltr'>Romanis</span> <span class='ocrx_word' id='word_1_655' title='bbox 1019 4617 1315 4685; x_wconf 88' lang='lat' dir='ltr'>parere.Et</span> <span class='ocrx_word' id='word_1_656' title='bbox 1346 4624 1633 4688; x_wconf 91' lang='lat' dir='ltr'>quantum</span> <span class='ocrx_word' id='word_1_657' title='bbox 1666 4621 1794 4689; x_wconf 83' lang='lat' dir='ltr'>ejus</span> <span class='ocrx_word' id='word_1_658' title='bbox 1827 4620 1951 4675; x_wconf 82' lang='lat' dir='ltr'>fieri</span> <span class='ocrx_word' id='word_1_659' title='bbox 1982 4627 2144 4692; x_wconf 88' lang='lat' dir='ltr'>pote-</span> 
     </span>
    </p>
   </div>
   <div class='ocr_carea' id='block_1_96' title="bbox 2257 4612 3919 4693">
    <p class='ocr_par' dir='ltr' id='par_1_96' title="bbox 2258 4613 3919 4690">
     <span class='ocr_line' id='line_1_96' title="bbox 2258 4613 3919 4690; baseline -0.003 -17"><span class='ocrx_word' id='word_1_660' title='bbox 2258 4619 2347 4673; x_wconf 87' lang='grc' dir='ltr'>καὶ</span> <span class='ocrx_word' id='word_1_661' title='bbox 2394 4618 2572 4690; x_wconf 78' lang='grc' dir='ltr'>Τύρου</span> <span class='ocrx_word' id='word_1_662' title='bbox 2623 4616 2711 4671; x_wconf 88' lang='grc' dir='ltr'>καὶ</span> <span class='ocrx_word' id='word_1_663' title='bbox 2771 4615 3020 4689; x_wconf 86' lang='grc' dir='ltr'>Βηρύτου</span> <span class='ocrx_word' id='word_1_664' title='bbox 3073 4614 3246 4687; x_wconf 82' lang='grc' dir='ltr'>(οὗτοι</span> <span class='ocrx_word' id='word_1_665' title='bbox 3274 4614 3376 4687; x_wconf 81' lang='grc' dir='ltr'>γὰρ</span> <span class='ocrx_word' id='word_1_666' title='bbox 3406 4614 3513 4688; x_wconf 87' lang='grc' dir='ltr'>πρὸ</span> <span class='ocrx_word' id='word_1_667' title='bbox 3545 4613 3737 4690; x_wconf 83' lang='grc' dir='ltr'>ὀλίγου</span> <span class='ocrx_word' id='word_1_668' title='bbox 3768 4615 3919 4686; x_wconf 77' lang='grc' dir='ltr'>ὁμο-</span> 
     </span>
    </p>
   </div>
   <div class='ocr_carea' id='block_1_97' title="bbox 493 4701 2148 4781">
    <p class='ocr_par' dir='ltr' id='par_1_97' title="bbox 493 4701 2148 4781">
     <span class='ocr_line' id='line_1_97' title="bbox 493 4701 2148 4781; baseline 0.007 -24"><span class='ocrx_word' id='word_1_669' title='bbox 493 4706 584 4757; x_wconf 88' lang='lat' dir='ltr'>rat</span> <span class='ocrx_word' id='word_1_670' title='bbox 614 4701 789 4757; x_wconf 88' lang='lat' dir='ltr'>rebus</span> <span class='ocrx_word' id='word_1_671' title='bbox 817 4702 945 4757; x_wconf 81' lang='lat' dir='ltr'>istis</span> <span class='ocrx_word' id='word_1_672' title='bbox 978 4702 1034 4757; x_wconf 90' lang='lat' dir='ltr'>in</span> <span class='ocrx_word' id='word_1_673' title='bbox 1088 4709 1280 4760; x_wconf 90' lang='lat' dir='ltr'>tutum</span> <span class='ocrx_word' id='word_1_674' title='bbox 1333 4706 1607 4775; x_wconf 85' lang='lat' dir='ltr'>redactis,</span> <span class='ocrx_word' id='word_1_675' title='bbox 1663 4710 1919 4781; x_wconf 89' lang='lat' dir='ltr'>acceptis</span> <span class='ocrx_word' id='word_1_676' title='bbox 1973 4711 2148 4768; x_wconf 87' lang='lat' dir='ltr'>etiam</span> 
     </span>
    </p>
   </div>
   <div class='ocr_carea' id='block_1_98' title="bbox 492 4790 1399 4864">
    <p class='ocr_par' dir='ltr' id='par_1_98' title="bbox 492 4790 1399 4864">
     <span class='ocr_line' id='line_1_98' title="bbox 492 4790 1399 4864; baseline 0.003 -17"><span class='ocrx_word' id='word_1_677' title='bbox 492 4790 821 4861; x_wconf 78' lang='lat' dir='ltr'>obsidibus,</span> <span class='ocrx_word' id='word_1_678' title='bbox 857 4792 1005 4846; x_wconf 90' lang='lat' dir='ltr'>redit</span> <span class='ocrx_word' id='word_1_679' title='bbox 1035 4792 1399 4864; x_wconf 80' lang='lat' dir='ltr'>Byzantium.</span> 
     </span>
    </p>
   </div>
   <div class='ocr_carea' id='block_1_99' title="bbox 2262 4702 3919 4779">
    <p class='ocr_par' dir='ltr' id='par_1_99' title="bbox 2262 4702 3919 4779">
     <span class='ocr_line' id='line_1_99' title="bbox 2262 4702 3919 4779; baseline -0.004 -16"><span class='ocrx_word' id='word_1_680' title='bbox 2262 4710 2555 4779; x_wconf 79' lang='grc' dir='ltr'>νοήσαντες</span> <span class='ocrx_word' id='word_1_681' title='bbox 2616 4705 2703 4760; x_wconf 78' lang='grc' dir='ltr'>καὶ</span> <span class='ocrx_word' id='word_1_682' title='bbox 2766 4703 2912 4759; x_wconf 81' lang='grc' dir='ltr'>δπλα</span> <span class='ocrx_word' id='word_1_683' title='bbox 2963 4704 3098 4757; x_wconf 82' lang='grc' dir='ltr'>κατὰ</span> <span class='ocrx_word' id='word_1_684' title='bbox 3136 4702 3600 4777; x_wconf 73' lang='grc' dir='ltr'>τῆςἋντιοχείας</span> <span class='ocrx_word' id='word_1_685' title='bbox 3652 4704 3919 4773; x_wconf 78' lang='grc' dir='ltr'>κινήσαν-</span> 
     </span>
    </p>
   </div>
   <div class='ocr_carea' id='block_1_100' title="bbox 2256 4788 3926 4869">
    <p class='ocr_par' dir='ltr' id='par_1_100' title="bbox 2256 4788 3926 4869">
     <span class='ocr_line' id='line_1_100' title="bbox 2256 4788 3926 4869; baseline -0.007 -16"><span class='ocrx_word' id='word_1_686' title='bbox 2256 4819 2365 4867; x_wconf 88' lang='grc' dir='ltr'>τες,</span> <span class='ocrx_word' id='word_1_687' title='bbox 2396 4800 2492 4851; x_wconf 64' lang='lat' dir='ltr'>toti</span> <span class='ocrx_word' id='word_1_688' title='bbox 2526 4794 2793 4869; x_wconf 72' lang='grc' dir='ltr'>βασιλέως</span> <span class='ocrx_word' id='word_1_689' title='bbox 2821 4798 2900 4865; x_wconf 76' lang='grc' dir='ltr'>τῷ</span> <span class='ocrx_word' id='word_1_690' title='bbox 2945 4794 3082 4867; x_wconf 85' lang='grc' dir='ltr'>πρὸς</span> <span class='ocrx_word' id='word_1_691' title='bbox 3119 4792 3211 4846; x_wconf 85' lang='grc' dir='ltr'>τὸν</span> <span class='ocrx_word' id='word_1_692' title='bbox 3264 4796 3458 4846; x_wconf 78' lang='grc' dir='ltr'>Φωκᾶν</span> <span class='ocrx_word' id='word_1_693' title='bbox 3506 4788 3739 4864; x_wconf 64' lang='grc' dir='ltr'>πολέμῳ</span> <span class='ocrx_word' id='word_1_694' title='bbox 3780 4810 3926 4867; x_wconf 88' lang='grc' dir='ltr'>σχο-</span> 
     </span>
    </p>
   </div>
   <div class='ocr_carea' id='block_1_101' title="bbox 496 4875 3919 4965">
    <p class='ocr_par' dir='ltr' id='par_1_101' title="bbox 496 4875 3919 4965">
     <span class='ocr_line' id='line_1_101' title="bbox 496 4875 3919 4965; baseline 0.002 -35"><span class='ocrx_word' id='word_1_695' title='bbox 496 4875 784 4965; x_wconf 81' lang='grc' dir='ltr'>λάζοντος,</span> <span class='ocrx_word' id='word_1_696' title='bbox 818 4878 1084 4949; x_wconf 86' lang='grc' dir='ltr'>Δαμιανόν</span> <span class='ocrx_word' id='word_1_697' title='bbox 1144 4901 1201 4934; x_wconf 86' lang='grc' dir='ltr'>τε</span> <span class='ocrx_word' id='word_1_698' title='bbox 1254 4883 1345 4936; x_wconf 86' lang='grc' dir='ltr'>τὸν</span> <span class='ocrx_word' id='word_1_699' title='bbox 1407 4885 1691 4958; x_wconf 79' lang='grc' dir='ltr'>πατρίκιον</span> <span class='ocrx_word' id='word_1_700' title='bbox 1724 4886 1782 4946; x_wconf 81' lang='grc' dir='ltr'>’ὀς</span> <span class='ocrx_word' id='word_1_701' title='bbox 1811 4887 1983 4961; x_wconf 73' lang='grc' dir='ltr'>ἦρχεν</span> <span class='ocrx_word' id='word_1_702' title='bbox 2014 4889 2351 4965; x_wconf 86' lang='grc' dir='ltr'>Ἀντιοχείας</span> <span class='ocrx_word' id='word_1_703' title='bbox 2382 4884 2613 4959; x_wconf 73' lang='grc' dir='ltr'>πολέμῳ</span> <span class='ocrx_word' id='word_1_704' title='bbox 2644 4878 2996 4957; x_wconf 85' lang='grc' dir='ltr'>συμϐαλόντα</span> <span class='ocrx_word' id='word_1_705' title='bbox 3032 4880 3247 4943; x_wconf 78' lang='grc' dir='ltr'>τούτοις</span> <span class='ocrx_word' id='word_1_706' title='bbox 3297 4879 3511 4937; x_wconf 74' lang='grc' dir='ltr'>ἀνεῖλον</span> <span class='ocrx_word' id='word_1_707' title='bbox 3545 4879 3633 4937; x_wconf 80' lang='grc' dir='ltr'>καὶ</span> <span class='ocrx_word' id='word_1_708' title='bbox 3664 4877 3919 4937; x_wconf 86' lang='grc' dir='ltr'>κίνδυνον</span> 
     </span>
    </p>
   </div>
   <div class='ocr_carea' id='block_1_102' title="bbox 497 4964 3921 5054">
    <p class='ocr_par' dir='ltr' id='par_1_102' title="bbox 497 4964 3921 5054">
     <span class='ocr_line' id='line_1_102' title="bbox 497 4964 3921 5054; baseline 0.001 -31"><span class='ocrx_word' id='word_1_709' title='bbox 497 4964 560 5054; x_wconf 70' lang='grc' dir='ltr'>οὗ</span> <span class='ocrx_word' id='word_1_710' title='bbox 595 4966 787 5040; x_wconf 83' lang='grc' dir='ltr'>μικρὸν</span> <span class='ocrx_word' id='word_1_711' title='bbox 819 4970 887 5039; x_wconf 77' lang='grc' dir='ltr'>τῇ</span> <span class='ocrx_word' id='word_1_712' title='bbox 919 4964 1079 5021; x_wconf 85' lang='grc' dir='ltr'>πόλει</span> <span class='ocrx_word' id='word_1_713' title='bbox 1112 4967 1376 5043; x_wconf 80' lang='grc' dir='ltr'>ἐπέσειον)</span> <span class='ocrx_word' id='word_1_714' title='bbox 1400 4974 1482 5044; x_wconf 75' lang='grc' dir='ltr'>[Ρ.</span> <span class='ocrx_word' id='word_1_715' title='bbox 1514 4975 1644 5043; x_wconf 87' lang='lat'>70-[</span> <span class='ocrx_word' id='word_1_716' title='bbox 1672 4973 1745 5035; x_wconf 85' lang='grc' dir='ltr'>ὡς</span> <span class='ocrx_word' id='word_1_717' title='bbox 1785 4973 1908 5043; x_wconf 75' lang='grc' dir='ltr'>ἐνῆν</span> <span class='ocrx_word' id='word_1_718' title='bbox 1941 4964 2383 5054; x_wconf 64' lang='grc' dir='ltr'>ἀσφαλισάμενος</span> <span class='ocrx_word' id='word_1_719' title='bbox 2417 4974 2592 5049; x_wconf 81' lang='grc' dir='ltr'>μένειν</span> <span class='ocrx_word' id='word_1_720' title='bbox 2619 4977 2688 5046; x_wconf 83' lang='grc' dir='ltr'>τῇ</span> <span class='ocrx_word' id='word_1_721' title='bbox 2731 4969 2995 5028; x_wconf 84' lang='grc' dir='ltr'>δουλώσει</span> <span class='ocrx_word' id='word_1_722' title='bbox 3027 4970 3339 5044; x_wconf 82' lang='grc' dir='ltr'>Ῥωμαίων,</span> <span class='ocrx_word' id='word_1_723' title='bbox 3368 4968 3457 5026; x_wconf 88' lang='grc' dir='ltr'>καὶ</span> <span class='ocrx_word' id='word_1_724' title='bbox 3502 4969 3689 5045; x_wconf 72' lang='grc' dir='ltr'>ὅμηρα</span> <span class='ocrx_word' id='word_1_725' title='bbox 3726 4965 3921 5026; x_wconf 86' lang='grc' dir='ltr'>λαϐὼν</span> 
     </span>
    </p>
   </div>
   <div class='ocr_carea' id='block_1_103' title="bbox 499 5051 1513 5131">
    <p class='ocr_par' dir='ltr' id='par_1_103' title="bbox 499 5051 1513 5131">
     <span class='ocr_line' id='line_1_103' title="bbox 499 5051 1513 5131; baseline 0.007 -24"><span class='ocrx_word' id='word_1_726' title='bbox 499 5051 910 5129; x_wconf 75' lang='grc' dir='ltr'>ἐπαναζευγνύει</span> <span class='ocrx_word' id='word_1_727' title='bbox 941 5056 1077 5131; x_wconf 87' lang='grc' dir='ltr'>πρὸς</span> <span class='ocrx_word' id='word_1_728' title='bbox 1106 5056 1169 5111; x_wconf 87' lang='grc' dir='ltr'>τὸ</span> <span class='ocrx_word' id='word_1_729' title='bbox 1204 5060 1513 5127; x_wconf 78' lang='grc' dir='ltr'>Βυζάντιον,</span> 
     </span>
    </p>
   </div>
   <div class='ocr_carea' id='block_1_104' title="bbox 575 5143 2150 5222">
    <p class='ocr_par' dir='ltr' id='par_1_104' title="bbox 575 5143 2150 5222">
     <span class='ocr_line' id='line_1_104' title="bbox 575 5143 2150 5222; baseline 0.008 -23"><span class='ocrx_word' id='word_1_730' title='bbox 575 5144 641 5199; x_wconf 92' lang='lat' dir='ltr'>In</span> <span class='ocrx_word' id='word_1_731' title='bbox 672 5143 863 5201; x_wconf 89' lang='lat' dir='ltr'>reditu</span> <span class='ocrx_word' id='word_1_732' title='bbox 896 5162 1030 5202; x_wconf 91' lang='lat' dir='ltr'>eum</span> <span class='ocrx_word' id='word_1_733' title='bbox 1058 5164 1161 5219; x_wconf 89' lang='lat' dir='ltr'>per</span> <span class='ocrx_word' id='word_1_734' title='bbox 1203 5148 1632 5222; x_wconf 88' lang='lat' dir='ltr'>Cappadociam</span> <span class='ocrx_word' id='word_1_735' title='bbox 1682 5152 1793 5208; x_wconf 90' lang='lat' dir='ltr'>iter</span> <span class='ocrx_word' id='word_1_736' title='bbox 1842 5153 2150 5211; x_wconf 82' lang='lat' dir='ltr'>facientem</span> 
     </span>
    </p>
   </div>
   <div class='ocr_carea' id='block_1_105' title="bbox 2334 5143 3925 5221">
    <p class='ocr_par' dir='ltr' id='par_1_105' title="bbox 2334 5143 3925 5221">
     <span class='ocr_line' id='line_1_105' title="bbox 2334 5143 3925 5221; baseline -0.006 -12"><span class='ocrx_word' id='word_1_737' title='bbox 2334 5154 2549 5209; x_wconf 87' lang='grc' dir='ltr'>Διιόντα</span> <span class='ocrx_word' id='word_1_738' title='bbox 2582 5149 2640 5207; x_wconf 62' lang='grc' dir='ltr'>δὲ</span> <span class='ocrx_word' id='word_1_739' title='bbox 2677 5153 2867 5206; x_wconf 72' lang='grc' dir='ltr'>τοῦτον</span> <span class='ocrx_word' id='word_1_740' title='bbox 2911 5147 2971 5204; x_wconf 83' lang='grc' dir='ltr'>ἐκ</span> <span class='ocrx_word' id='word_1_741' title='bbox 3019 5143 3410 5211; x_wconf 84' lang='grc' dir='ltr'>Καππαδοκίας</span> <span class='ocrx_word' id='word_1_742' title='bbox 3464 5143 3759 5211; x_wconf 55' lang='lat' dir='ltr'>sandes;</span> <span class='ocrx_word' id='word_1_743' title='bbox 3810 5144 3925 5221; x_wconf 83' lang='grc' dir='ltr'>μά-</span> 
     </span>
    </p>
   </div>
   <div class='ocr_carea' id='block_1_106' title="bbox 1635 5299 2777 5363">
    <p class='ocr_par' dir='ltr' id='par_1_106' title="bbox 1635 5299 2777 5363">
     <span class='ocr_line' id='line_1_106' title="bbox 1635 5299 2777 5363; baseline 0 -5"><span class='ocrx_word' id='word_1_744' title='bbox 1635 5300 2041 5360; x_wconf 65' lang='grc' dir='ltr'>ΧΥΙιΑΝῡΗΙ</span> <span class='ocrx_word' id='word_1_745' title='bbox 2088 5301 2188 5363; x_wconf 87' lang='lat' dir='ltr'><strong>ET</strong></span> <span class='ocrx_word' id='word_1_746' title='bbox 2233 5301 2472 5363; x_wconf 76' lang='lat' dir='ltr'>GOARI</span> <span class='ocrx_word' id='word_1_747' title='bbox 2518 5299 2777 5361; x_wconf 70' lang='lat' dir='ltr'>NOTAE.</span> 
     </span>
    </p>
   </div>
   <div class='ocr_carea' id='block_1_107' title="bbox 573 5410 2151 5496">
    <p class='ocr_par' dir='ltr' id='par_1_107' title="bbox 573 5410 2151 5496">
     <span class='ocr_line' id='line_1_107' title="bbox 573 5410 2151 5496; baseline 0.009 -30"><span class='ocrx_word' id='word_1_748' title='bbox 573 5410 681 5496; x_wconf 65' lang='grc' dir='ltr'>ςβο)</span> <span class='ocrx_word' id='word_1_749' title='bbox 714 5412 845 5496; x_wconf 62' lang='lat' dir='ltr'>Haec</span> <span class='ocrx_word' id='word_1_750' title='bbox 874 5430 982 5496; x_wconf 78' lang='lat' dir='ltr'>vox</span> <span class='ocrx_word' id='word_1_751' title='bbox 1011 5418 1438 5496; x_wconf 76' lang='lat' dir='ltr'>quantumlibet</span> <span class='ocrx_word' id='word_1_752' title='bbox 1471 5423 1824 5496; x_wconf 87' lang='lat' dir='ltr'>reclamante</span> <span class='ocrx_word' id='word_1_753' title='bbox 1856 5424 2151 5496; x_wconf 84' lang='lat' dir='ltr'>Xylandro</span> 
     </span>
    </p>
   </div>
   <div class='ocr_carea' id='block_1_108' title="bbox 500 5484 2150 5568">
    <p class='ocr_par' dir='ltr' id='par_1_108' title="bbox 500 5484 2150 5568">
     <span class='ocr_line' id='line_1_108' title="bbox 500 5484 2150 5568; baseline 0.009 -34"><span class='ocrx_word' id='word_1_754' title='bbox 500 5484 831 5568; x_wconf 65' lang='lat' dir='ltr'>retinenda,</span> <span class='ocrx_word' id='word_1_755' title='bbox 863 5491 920 5541; x_wconf 86' lang='lat' dir='ltr'>et</span> <span class='ocrx_word' id='word_1_756' title='bbox 945 5484 1268 5568; x_wconf 74' lang='lat' dir='ltr'>versiohoc</span> <span class='ocrx_word' id='word_1_757' title='bbox 1304 5494 1843 5568; x_wconf 6' lang='lat' dir='ltr'>pactogco‘rrigenda</span> <span class='ocrx_word' id='word_1_758' title='bbox 1879 5484 2025 5567; x_wconf 45' lang='lat' dir='ltr'>:&quot;quz&#39;</span> <span class='ocrx_word' id='word_1_759' title='bbox 2065 5511 2150 5549; x_wconf 80' lang='lat' dir='ltr'>re-</span> 
     </span>
    </p>
   </div>
   <div class='ocr_carea' id='block_1_109' title="bbox 502 5552 2147 5679">
    <p class='ocr_par' dir='ltr' id='par_1_109' title="bbox 502 5552 2147 5679">
     <span class='ocr_line' id='line_1_109' title="bbox 502 5552 2147 5679; baseline 0.01 -74"><span class='ocrx_word' id='word_1_760' title='bbox 502 5552 841 5679; x_wconf 46' lang='grc' dir='ltr'>ἓεὲίτξηὲὑω</span> <span class='ocrx_word' id='word_1_761' title='bbox 870 5563 1083 5615; x_wconf 73' lang='lat' dir='ltr'>assueti</span> <span class='ocrx_word' id='word_1_762' title='bbox 1111 5566 1163 5615; x_wconf 77' lang='lat' dir='ltr'>et</span> <span class='ocrx_word' id='word_1_763' title='bbox 1191 5552 1499 5633; x_wconf 61' lang='lat' dir='ltr'>exercitati,</span> <span class='ocrx_word' id='word_1_764' title='bbox 1532 5552 1988 5633; x_wconf 54' lang='lat' dir='ltr'>datauoccasion&#39;e,</span> <span class='ocrx_word' id='word_1_765' title='bbox 2036 5573 2147 5623; x_wconf 90' lang='lat' dir='ltr'>etc.</span> 
     </span>
    </p>
   </div>
   <div class='ocr_carea' id='block_1_110' title="bbox 575 5691 2150 5782">
    <p class='ocr_par' dir='ltr' id='par_1_110' title="bbox 575 5691 2150 5782">
     <span class='ocr_line' id='line_1_110' title="bbox 575 5691 2150 5782; baseline 0.011 -33"><span class='ocrx_word' id='word_1_766' title='bbox 575 5693 688 5767; x_wconf 87' lang='grc'>(51)</span> <span class='ocrx_word' id='word_1_767' title='bbox 720 5691 986 5775; x_wconf 76' lang='grc' dir='ltr'>’Λδελφόν</span> <span class='ocrx_word' id='word_1_768' title='bbox 1029 5702 1238 5759; x_wconf 89' lang='lat' dir='ltr'>deest:</span> <span class='ocrx_word' id='word_1_769' title='bbox 1270 5704 1371 5758; x_wconf 85' lang='lat' dir='ltr'>sed</span> <span class='ocrx_word' id='word_1_770' title='bbox 1419 5707 1477 5761; x_wconf 90' lang='lat' dir='ltr'>et</span> <span class='ocrx_word' id='word_1_771' title='bbox 1516 5721 1728 5764; x_wconf 90' lang='lat' dir='ltr'>sensus</span> <span class='ocrx_word' id='word_1_772' title='bbox 1777 5708 1886 5766; x_wconf 90' lang='lat' dir='ltr'>hoc</span> <span class='ocrx_word' id='word_1_773' title='bbox 1935 5724 2150 5782; x_wconf 79' lang='lat' dir='ltr'>sugge-</span> 
     </span>
    </p>
   </div>
   <div class='ocr_carea' id='block_1_111' title="bbox 2265 5417 3921 5492">
    <p class='ocr_par' dir='ltr' id='par_1_111' title="bbox 2265 5417 3921 5492">
     <span class='ocr_line' id='line_1_111' title="bbox 2265 5417 3921 5492; baseline -0.004 -13"><span class='ocrx_word' id='word_1_774' title='bbox 2265 5425 2429 5479; x_wconf 89' lang='lat' dir='ltr'>rebat</span> <span class='ocrx_word' id='word_1_775' title='bbox 2454 5428 2509 5478; x_wconf 91' lang='lat' dir='ltr'>et</span> <span class='ocrx_word' id='word_1_776' title='bbox 2540 5422 2715 5478; x_wconf 89' lang='lat' dir='ltr'>habet</span> <span class='ocrx_word' id='word_1_777' title='bbox 2743 5422 3017 5477; x_wconf 89' lang='lat' dir='ltr'>Zonaras.</span> <span class='ocrx_word' id='word_1_778' title='bbox 3051 5419 3169 5475; x_wconf 89' lang='lat' dir='ltr'>Hoc</span> <span class='ocrx_word' id='word_1_779' title='bbox 3198 5417 3422 5492; x_wconf 85' lang='lat' dir='ltr'>exloco</span> <span class='ocrx_word' id='word_1_780' title='bbox 3453 5421 3695 5492; x_wconf 87' lang='lat' dir='ltr'>apparet</span> <span class='ocrx_word' id='word_1_781' title='bbox 3739 5432 3921 5492; x_wconf 77' lang='lat' dir='ltr'>regu-</span> 
     </span>
    </p>
   </div>
   <div class='ocr_carea' id='block_1_112' title="bbox 2263 5489 3919 5565">
    <p class='ocr_par' dir='ltr' id='par_1_112' title="bbox 2263 5489 3919 5565">
     <span class='ocr_line' id='line_1_112' title="bbox 2263 5489 3919 5565; baseline -0.002 -17"><span class='ocrx_word' id='word_1_782' title='bbox 2263 5496 2349 5549; x_wconf 91' lang='lat' dir='ltr'>los</span> <span class='ocrx_word' id='word_1_783' title='bbox 2381 5496 2547 5559; x_wconf 90' lang='lat' dir='ltr'>istos,</span> <span class='ocrx_word' id='word_1_784' title='bbox 2578 5511 2681 5548; x_wconf 89' lang='lat' dir='ltr'>seu</span> <span class='ocrx_word' id='word_1_785' title='bbox 2708 5494 3014 5565; x_wconf 84' lang='lat' dir='ltr'>regionum</span> <span class='ocrx_word' id='word_1_786' title='bbox 3046 5491 3325 5546; x_wconf 85' lang='lat' dir='ltr'>Romanis</span> <span class='ocrx_word' id='word_1_787' title='bbox 3356 5489 3676 5565; x_wconf 77' lang='lat' dir='ltr'>vicinarum</span> <span class='ocrx_word' id='word_1_788' title='bbox 3723 5489 3919 5545; x_wconf 82' lang='lat' dir='ltr'>domi-</span> 
     </span>
    </p>
   </div>
   <div class='ocr_carea' id='block_1_113' title="bbox 2260 5564 3990 5635">
    <p class='ocr_par' dir='ltr' id='par_1_113' title="bbox 2260 5564 3990 5635">
     <span class='ocr_line' id='line_1_113' title="bbox 2260 5564 3990 5635; baseline -0.001 -14"><span class='ocrx_word' id='word_1_789' title='bbox 2260 5582 2389 5633; x_wconf 90' lang='lat' dir='ltr'>nos,</span> <span class='ocrx_word' id='word_1_790' title='bbox 2423 5567 2613 5621; x_wconf 88' lang='lat' dir='ltr'>vocari</span> <span class='ocrx_word' id='word_1_791' title='bbox 2646 5564 3038 5635; x_wconf 39' lang='lat' dir='ltr'>curo’palatas,</span> <span class='ocrx_word' id='word_1_792' title='bbox 3062 5567 3119 5617; x_wconf 91' lang='lat' dir='ltr'>et</span> <span class='ocrx_word' id='word_1_793' title='bbox 3148 5579 3327 5634; x_wconf 90' lang='lat' dir='ltr'>supra</span> <span class='ocrx_word' id='word_1_794' title='bbox 3358 5578 3591 5635; x_wconf 87' lang='lat' dir='ltr'>quoque</span> <span class='ocrx_word' id='word_1_795' title='bbox 3623 5564 3774 5617; x_wconf 82' lang='lat' dir='ltr'>facta</span> <span class='ocrx_word' id='word_1_796' title='bbox 3822 5566 3918 5619; x_wconf 80' lang='lat' dir='ltr'>est</span> <span class='ocrx_word' id='word_1_797' title='bbox 3982 5567 3990 5574; x_wconf 85' lang='lat'><strong>&#39;</strong></span> 
     </span>
    </p>
   </div>
   <div class='ocr_carea' id='block_1_114' title="bbox 2262 5634 3536 5709">
    <p class='ocr_par' dir='ltr' id='par_1_114' title="bbox 2262 5634 3536 5709">
     <span class='ocr_line' id='line_1_114' title="bbox 2262 5634 3536 5709; baseline -0.003 -15"><span class='ocrx_word' id='word_1_798' title='bbox 2262 5637 2477 5694; x_wconf 88' lang='lat' dir='ltr'>alicubi</span> <span class='ocrx_word' id='word_1_799' title='bbox 2512 5638 2709 5693; x_wconf 71' lang='lat' dir='ltr'>Iberia</span> <span class='ocrx_word' id='word_1_800' title='bbox 2750 5634 3098 5709; x_wconf 73' lang='lat' dir='ltr'>europalatts</span> <span class='ocrx_word' id='word_1_801' title='bbox 3130 5635 3370 5692; x_wconf 88' lang='lat' dir='ltr'>mentio.</span> <span class='ocrx_word' id='word_1_802' title='bbox 3405 5634 3536 5691; x_wconf 68' lang='grc' dir='ltr'>χη.</span> 
     </span>
    </p>
   </div>
  </div>
