4070 6334
165 385 292 451 181

1317 381 1867 450 HISTORIARUM
1911 383 2458 452 COMPENDIUM.

3481 385 3600 450 189

165 539 400 596 γιστρος
427 519 458 575 6
487 515 765 582 Μαλεῖνος
794 514 845 574 έν
900 521 1019 582 τοϊς
1073 515 1297 582 οἰκείοις
1354 515 1644 592 ὑπεδέξατο
1690 538 1827 573 παν-

1944 521 2227 593 magister
2245 519 2587 580 Eustathius
2611 521 2898 580 Maleinus
2928 521 3185 595 hospitio
3213 520 3439 592 excepit
3457 535 3592 578 cum

167 609 390 683 στρατὶ,
422 614 592 664 «iam
645 608 794 681 αὐτῷ
833 629 891 664 τε
935 607 1024 664 καὶ
1067 613 1150 681 τῷ
1194 607 1554 684 στρατεύματι
1586 609 1838 686 ἀφθόνως

164 699 548 775 παρεσχηκὼς
611 697 883 774 χορηγίαν
915 715 930 730 ο
980 697 1039 753 6'v
1099 697 1175 762 ὡς
1228 698 1374 772 τάχα
1436 695 1837 770 ἀποδεξάμενος

161 789 260 843 καὶ
294 787 578 850 ἐπαινέσας
624 787 715 842 καὶ
751 788 865 861 μετ’
908 785 1074 842 αὐτοῦ
1116 781 1570 862 προσλαϐόμενος
1621 785 1698 848 εἷς
1735 787 1836 855 τήν

165 876 438 940 Βασιλίδα
494 874 681 933 ἔκτοτε
741 875 1072 950 ὑποστρέψαι
1132 875 1192 931 ού
1249 876 1657 951 συνεχώρησεν,
1690 874 1836 931 ἀλλὰ

162 970 436 1040 χορηγῶν
486 963 635 1037 αύτῷ
686 961 931 1038 δαψιλῶς
956 963 1027 1018 τὰ
1052 964 1191 1036 πρὸς
1218 964 1317 1031 τὴν
1351 963 1540 1038 χρείαν
1587 961 1676 1017 καὶ
1725 958 1835 1016 ὤσ-

159 1074 272 1129 περ
314 1075 370 1108 τι
401 1053 593 1130 θηρίον
622 1053 833 1130 τρέφων
865 1050 917 1107 ἒν
943 1073 1050 1106 τινι
1089 1056 1243 1123 σηκῷ
1269 1058 1542 1128 κατεῖχεν,
1582 1050 1688 1114 ἓως
1737 1051 1832 1106 αύ-

159 1143 260 1198 τὸν
284 1142 380 1198 καὶ
427 1143 490 1198 τὸ
520 1141 686 1218 πέρας
712 1142 810 1198 τοῦ
843 1141 966 1218 βίου
993 1136 1281 1197 κατέλαϐε.
1333 1140 1546 1198 Τούτου
1598 1138 1656 1195 δὶ
1703 1139 1834 1194 ἀπο-

161 1232 428 1294 θανόντος
455 1233 491 1301 ἡ
535 1238 728 1301 κτῆσις
757 1231 923 1287 αὐτοῦ
951 1235 1096 1286 πᾶσα
1125 1227 1542 1304 δεδημοσίευτο.
1590 1231 1831 1306 Ἔγραψε

160 1318 228 1377 δὶ
255 1321 352 1376 καί
410 1322 578 1394 νόμον
635 1321 664 1376 6
725 1319 980 1397 βασιλεὺς
1013 1317 1267 1395 εἶ’ργοντα
1316 1318 1444 1382 τοὺς
1475 1317 1734 1381 δυνατοὺς
1776 1318 1830 1375 ἐν

159 1407 338 1482 ὁμάδι
395 1409 618 1485 χωρίων
677 1409 997 1481 αὐξάνεσθαί
1258 1410 1437 1465 Τοῦτο
1495 1405 1553 1462 δὶ
1609 1407 1698 1462 καὶ
1723 1407 1831 1482 πρὸ

1947 609 2216 665 universo
2247 611 2523 677 exercitu,
2555 613 2873 685 omniaque
2904 612 3138 668 abunde
3176 609 3590 683 suppeditavit.

1943 699 2104 764 Quod
2124 700 2378 754 ofﬁcirm
2401 716 2463 755 se
2483 701 2727 772 probare
2745 702 3035 758 simulans
3051 701 3375 774 imperator
3391 715 3592 757 secum

1943 803 2076 842 sum
2108 789 2308 862 Cpolin
2337 790 2601 857 abduxit,
2635 807 2824 862 neque
2850 791 2984 847 inde
3033 791 3272 846 domum
3324 805 3591 862 unquam

1941 879 2163 946 reverti,
2205 895 2416 950 passus
2463 883 2572 948 est,
2606 879 2664 934 in
2727 880 2869 935 urbe
2927 879 3126 936 omnia
3182 877 3593 952 copiosissime

1942 967 2352 1037 suppeditans,
2385 967 2561 1022 veluti
2596 969 2775 1023 feram
2813 970 2868 1023 in
2901 986 3074 1024 cavea
3104 971 3289 1035 alens,
3321 968 3394 1022 ad
3427 983 3594 1023 mor-

1941 1061 2058 1110 tem
2091 1056 2220 1126 eius
2243 1073 2432 1128 usque
2464 1057 2957 1114 detinuit.Mortui
2988 1058 3187 1113 omnia
3216 1057 3370 1113 bona
3402 1055 3596 1128 publi-

1941 1149 2068 1198 cata
2098 1149 2258 1200 sunt.
2296 1147 2443 1218 Lege
2474 1146 2648 1201 etiam
2683 1147 2880 1202 sanxit
2910 1163 2980 1203 ne
3012 1146 3367 1219 potentiores
3395 1144 3596 1201 multi-

1941 1232 2231 1306 plicandis
2274 1235 2510 1307 praediis
2551 1239 2953 1307 augescerent,
3003 1251 3344 1307 quanquam
3392 1235 3596 1290 eadem

1940 1323 2116 1379 etiam
2167 1325 2238 1380 ab
2293 1341 2396 1380 avo
2455 1325 2582 1396 ejus
2627 1325 3010 1382 Constantino
3059 1324 3352 1396 hujusqus
3399 1338 3598 1380 socero

1943 1410 2206 1467 Romano
2239 1412 2356 1470 lata
2386 1413 2516 1470 fuit.

165 1500 346 1555 αὑτοῦ
403 1504 804 1561 Κωνσταντῖνος
861 1500 890 1556 6
947 1498 1484 1578 πορφυρογέννητος,
1541 1498 1570 1552 6
1625 1499 1993 1576 πατροπάτωρ
2047 1503 2143 1555 τοῦ
2178 1500 2468 1579 βασιλέως,
2525 1504 2615 1560 καὶ
2666 1501 2946 1576 Ῥωμανὸς
2998 1501 3026 1556 6
3075 1499 3284 1557 έκείνου
3339 1501 3596 1576 πενθερὸς

164 1585 531 1660 ἐποιήσαντο.

236 1677 520 1734 Νικολάου
550 1675 610 1734 6‘s
663 1681 761 1734 τοῦ
819 1671 1169 1754 Χρυσοϐέργη
1227 1676 1314 1733 ἐπὶ
1336 1675 1573 1753 χρόνους
1615 1676 1688 1751 ιβ’
1733 1675 1824 1731 καὶ

2008 1679 2241 1738 Nicolao
2297 1684 2721 1757 Chrysobergio
2784 1687 2916 1756 post
2962 1680 3442 1738 administratum
3491 1695 3597 1752 per

165 1775 357 1841 μῆνας
385 1769 438 1838 η’
464 1770 562 1838 τήν
595 1766 923 1838 Ἐκκλησίαν
969 1767 1250 1828 ίθύναντος
1294 1767 1385 1821 καί
1434 1763 1837 1827 καταλύσαντος

159 1858 268 1927 τὴν
330 1858 514 1926 ζωὴν,
573 1861 976 1933 χειροτονεῖται
1037 1855 1272 1916 Σισίνιος
1333 1853 1649 1930 μάγιστρος,
1697 1855 1834 1930 ἀνὴρ

161 1943 480 2020 ἰλλόγιμος
527 1967 618 2001 και
678 1945 930 2021 ἰατρικῆς
981 1946 1188 2020 τέχνης
1231 1941 1382 2014 ἥκων
1437 1943 1515 2007 εἷς
1564 1943 1628 1998 τὸ
1672 1942 1835 2020 ἀκρό-

161 2056 363 2104 τατον,
393 2034 447 2090 έν
491 2029 598 2090 ἔτει
629 2037 786 2111 ’ςφγ’,
840 2031 1178 2096 ἶνδικτιῶνος
1229 2035 1300 2102 η“’
1361 2031 1507 2095 ὅστις
1565 2032 1654 2087 καὶ
1709 2033 1838 2096 τοὺς

161 2121 628 2198 διακρινομένους
686 2124 867 2194 ἥνωσε
953 2121 1042 2179 διὰ
1096 2124 1197 2192 τήν
1253 2123 1616 2198 τετραγαμίαν
1653 2163 1666 2176 .
1730 2121 1834 2178 Καὶ

159 2213 338 2277 οὗτος
392 2213 482 2268 ἰπὶ
544 2218 694 2289 τρεῖς
759 2213 957 2286 μόνους
1010 2211 1288 2271 ἐνιαυτοὺς
1344 2212 1446 2279 τὴν
1510 2210 1836 2280 Ἐκκλησίαν

161 2300 452 2374 ποιμάνας
482 2301 665 2373 ἐξέστη
723 2308 824 2371 τῆς
879 2305 1048 2371 ζωῆς,
1103 2299 1196 2356 καῖ
1250 2295 1573 2375 προεϐλήθη
1611 2300 1834 2376 Σέργιος

161 2391 484 2466 ἡγούμενος
533 2390 607 2446 ὢν
660 2398 761 2462 τῆς
807 2397 980 2464 μονῆς
1005 2394 1104 2446 τοῦ
1135 2388 1395 2459 Μανουήλ
1419 2388 1509 2444 καί
1565 2390 1628 2444 τὸ
1679 2390 1836 2464 γένος

161 2480 457 2558 ἀναφέρων
487 2482 624 2555 πρὸς
663 2480 878 2536 Φώτιον
907 2481 998 2535 τὸν
1029 2481 1404 2555 πατριάρχην.

236 2575 356 2626 Τοῦ
384 2569 442 2626 δὶ
473 2569 740 2645 Σαμουὴλ
799 2570 1281 2646 ἐκστρατεύσαντος
1331 2571 1468 2624 κατὰ
1515 2567 1836 2624 Θεσσαλονί-

161 2681 301 2731 κης,
353 2660 442 2714 καὶ
495 2659 560 2715 τὸ
595 2659 690 2732 μὶν
720 2655 863 2714 ἄλλο
895 2657 1112 2729 πλῆθος
1145 2657 1222 2721 εἰς
1255 2656 1464 2734 λόχους
1494 2659 1583 2713 καὶ
1619 2657 1833 2732 ἒνέδρας

164 2745 611 2822 διαμερίσαντος,
643 2747 866 2823 ἁλίγους
924 2745 980 2802 δέ
1029 2768 1178 2810 τινας
1233 2747 1310 2809 είς
1366 2744 1640 2822 έκδρομήν
1700 2745 1831 2824 ἄχρι

163 2835 578 2906 Θεσσαλονίκης
639 2837 807 2907 αὐτῆς
859 2834 1242 2913 πεπομφότος,
1293 2834 1547 2910 ἐπιγνοὺς
1575 2838 1675 2904 τὴν
1737 2834 1831 2910 ἔφ-

164 2924 302 2982 οδον
349 2927 378 2980 6
431 2923 554 2999 δοὺξ
613 2922 920 3002 Γρηγόριος
947 2927 1042 2980 τὸν
1079 2926 1174 2993 μὶν
1205 2924 1409 2980 οἶκεῖον
1437 2924 1550 2980 υἰὸν
1586 2925 1828 2994 Ἀσώτην

1945 1785 2133 1826 annos
2191 1771 2498 1828 duodecim
2549 1790 2679 1828 cum
2739 1773 2910 1828 besse
2976 1769 3432 1843 patriarchatum
3478 1770 3598 1825 vita

1948 1857 2146 1914 functo
2179 1861 2566 1916 substituitur
2593 1860 2892 1917 Sisinnius
2924 1858 3316 1931 magister,vir
3345 1857 3598 1930 insignis

1944 1949 2098 2004 449
2129 1958 2187 2005 et
2239 1951 2473 2007 medicae
2525 1951 2665 2007 artis
2720 1949 3139 2022 peritissimus,
3188 1964 3342 2003 anno
3389 1946 3596 2003 mundi

1943 2052 2124 2108 supra
2149 2040 2336 2095 sexies
2367 2039 2747 2095 millesimum
2777 2039 2902 2104 503,
2938 2036 3258 2092 indictione
3286 2041 3508 2092 octava.
3542 2036 3597 2092 Is

1943 2125 2257 2182 discidium
2293 2133 2529 2198 propter
2558 2132 2796 2200 quartas
2845 2127 3083 2199 nuptias
3129 2125 3352 2180 dudum
3399 2129 3595 2180 ortum

1943 2214 2524 2286 sustulit,concordia
2551 2217 2990 2289 facta.Cumque
3014 2219 3130 2270 tres
3151 2217 3383 2270 tantum
3407 2229 3597 2270 annos

1943 2303 2207 2361 Ecclesiae
2238 2307 2776 2376 przefuisset,vitam
2804 2322 2938 2361 cum
2973 2309 3158 2362 morte
3189 2303 3590 2361 commutavit.

1940 2392 2011 2448 Et
2037 2393 2318 2448 suffectus
2349 2399 2440 2450 est
2468 2393 2707 2466 Sergius
2736 2393 3045 2450 Manuelici
3077 2389 3414 2448 monasterii
3445 2407 3594 2464 prat-

1942 2481 2056 2547 sul,
2089 2497 2274 2553 genus
2305 2499 2338 2537 a
2372 2482 2572 2538 Photio
2605 2483 2937 2555 patriarcha
2965 2485 3207 2537 ducens.

2012 2571 2129 2625 Hoc
2160 2571 2407 2627 maxime
2435 2576 2697 2644 tempore
2727 2569 3039 2626 Samuelus
3071 2573 3226 2624 moto
3258 2569 3315 2624 in
3339 2568 3589 2625 Thessa-

1944 2659 2195 2716 lonicam
2245 2659 2415 2732 bello,
2467 2661 2657 2733 cupiis
2710 2661 2834 2716 suis
2862 2660 2919 2715 in
2953 2659 3201 2714 insidias
3231 2657 3588 2729 distributis,

1941 2765 2161 2820 paucos
2183 2750 2469 2820 quosdam
2493 2749 2898 2806 excursionem
2927 2762 3114 2818 usque
3135 2747 3207 2802 ad
3231 2761 3360 2802 eam
3383 2747 3589 2803 urbem

1941 2839 2131 2894 facere
2152 2839 2342 2909 jubet.
2376 2839 2536 2905 Quod
2573 2843 2637 2893 ut
2667 2838 2852 2892 sensit
2901 2839 3209 2908 praefectus
3254 2836 3590 2908 Gregorius,

1940 2933 2160 2983 Asoten
2195 2927 2381 2982 ﬁlium
2415 2944 2588 2984 suum
2624 2929 2827 2995 mittit,
2853 2927 2950 2997 qui
2985 2925 3313 2996 exploraret
3337 2925 3594 2981 hostium

163 3014 418 3089 1επεμψεν
471 3011 603 3070 ἰδεῖν
645 3015 736 3070 καὶ
774 3020 1183 3085 κατασκοπῆσαι
1214 3015 1278 3068 τὸ
1302 3012 1517 3083 πλῆθος
1542 3012 1632 3068 καὶ
1687 3012 1827 3086 αύτῷ

1943 3017 2385 3074 multitudinem
2415 3021 2468 3073 et
2502 3017 2614 3074 sibi
2649 3015 3014 3072 indicaret.ls
3049 3015 3106 3070 in
3131 3013 3475 3070 emissarios
3496 3029 3595 3071 eos

161 3105 384 3180 γνῶσιν
416 3101 619 3172 δοῦναι,
651 3102 813 3167 αὐτὸς
845 3100 902 3158 δὶ
932 3098 1151 3168 ὄπισθεν
1183 3101 1385 3159 εἷ’πετο.
1416 3103 1477 3160 Ὁ
1509 3100 1567 3157 δὲ
1598 3101 1828 3173 ἐξελθὼν

161 3196 253 3249 καὶ
320 3199 442 3256 τοῖς
473 3191 808 3267 προδρόμοις
836 3191 1175 3265 συμπλακεὶς
1214 3191 1304 3248 καὶ
1332 3192 1670 3267 τρεψάμενος
1702 3189 1830 3248 ἐλα-

163 3295 256 3348 θεν
289 3281 380 3344 εἷς
408 3283 599 3355 μέσους
638 3281 768 3344 τοὺς
826 3280 1032 3358 λόχους
1085 3279 1466 3359 περιληφθείς.
1524 3285 1695 3335 Τοῦτο
1751 3281 1828 3344 ὡς

163 3371 536 3449 ὁΓρηγόριος
593 3365 814 3444 ἔμαθεν,
872 3366 1091 3442 ἐϐοήθει
1134 3369 1222 3426 διὰ
1275 3369 1489 3446 ταχέων
1518 3371 1610 3424 τὸν
1661 3369 1830 3426 παῖδα

163 3465 270 3527 τῆς
350 3459 736 3536 αἰχμαλωσίας
775 3457 1114 3537 γλιχόμενος
1159 3456 1632 3536 έκλυτρώσασθαι·
1683 3457 1829 3514 ἀλλὰ

161 3551 255 3605 καὶ
313 3548 479 3610 αὐτὸς
515 3547 817 3612 κυκλωθεὶς
869 3549 974 3604 ὑπό
1029 3553 1138 3604 τῶν
1187 3547 1523 3623 Βουλγάρων
1572 3550 1661 3603 καὶ
1707 3569 1827 3622 γεν-

163 3637 344 3699 nios:
403 3637 492 3692 καὶ
546 3640 809 3712 ἡρωϊκῶς
866 3636 1266 3713 ἀγωνισάμενος
1329 3632 1535 3692 ἔπεσεν.
1595 3637 1826 3712 Ἀγγελ-

162 3725 366 3796 ῧείσης
422 3722 480 3780 δὲ
527 3730 608 3799 τῷ
670 3725 888 3801 βασιλεῖ
944 3732 1046 3795 τῆς
1097 3729 1195 3780 τοῦ
1253 3721 1447 3786 δουκὸς
1504 3726 1826 3800 ἀναιρέσεως

161 3819 453 3890 πέμπεται
509 3814 684 3886 πάσης
738 3813 952 3877 Δύσεως
1004 3811 1192 3889 ἄρχων
1225 3814 1254 3869 6
1306 3813 1599 3890 μάγιστρος
1648 3820 1826 3884 Νικη-

162 3905 347 3982 ιρόρος
405 3904 433 3958 6
487 3902 730 3979 Οὐρανός
763 3923 778 3938 ⁸
856 3900 1053 3980 ἔφθασε
1098 3902 1198 3977 γάρ
1251 3901 1340 3956 καὶ
1399 3903 1555 3964 οὗτος
1611 3903 1709 3971 τὴν
1767 3902 1826 3958 έκ

161 3989 507 4054 Βαϐυλῶνος
563 3993 736 4070 φυγὴν
776 3992 1127 4065 ὠνησάμενος
1153 3991 1241 4046 καὶ
1283 3992 1382 4060 τὴν
1434 3989 1687 4066 βασιλίδα
1728 4013 1824 4048 κα-

160 4076 457 4138 ταλαϐών.
526 4085 710 4143 Ὀστις
782 4079 836 4135 έν
904 4079 1269 4154 Θεσσαλονίκῃ
1335 4081 1645 4155 γενόμενος,
1707 4081 1822 4136 imi

163 4169 309 4246 ἔγνω
373 4170 460 4225 τὸν
491 4168 758 4243 Σαμουὴλ
782 4170 854 4242 τῇ
887 4173 985 4224 τοῦ
1016 4167 1212 4231 δουκὸς
1263 4169 1568 4245 Γρηγορίου
1596 4174 1692 4224 τοῦ
1723 4173 1824 4228 Τα-

163 4260 407 4335 ρωνίτου
435 4263 610 4337 σφαγῇ
655 4259 744 4315 καὶ
798 4261 866 4333 τῇ
910 4257 1115 4314 ἁλώσει
1143 4263 1240 4314 τοῦ
1270 4259 1390 4313 υἱοῦ
1416 4257 1579 4313 αὐτοῦ
1603 4257 1824 4334 έποιρό-

167 4371 364 4422 μενον,
413 4349 502 4403 καὶ
569 4346 657 4403 διὰ
723 4351 888 4403 τοῦτο
959 4346 1026 4402 τά
1097 4367 1158 4402 τε
1213 4345 1513 4403 Θετταλικά
1565 4343 1822 4403 διαϐάντα

163 4440 374 4511 Τέμπη
429 4437 521 4492 καὶ
572 4439 663 4493 τὸν
722 4437 954 4508 Πηνειὸν
1021 4435 1466 4512 περαιωσάμενον
1555 4438 1825 4510 ποταμὸν,

165 4525 468 4583 Θετταλίαν
523 4547 583 4583 τε
627 4525 719 4581 καὶ
757 4525 1018 4583 Βοιωτίαν
1062 4526 1154 4581 καὶ
1203 4527 1457 4596 Ἀττικήν
1504 4522 1827 4582 εἰσϐαλόντα

161 4637 222 4672 τε
272 4616 374 4671 καὶ
426 4613 480 4670 έν
513 4613 912 4688 Πελοποννήσῳ
959 4613 1049 4670 διὰ
1097 4618 1195 4670 τοῦ
1226 4614 1277 4670 ἂν
1333 4615 1580 4690 Κορίνθῳ
1607 4615 1824 4689 ΐσθμοῦ,

163 4706 256 4761 καὶ
313 4706 496 4760 πάντα
545 4703 714 4759 ταῦτα
771 4701 1008 4778 δῃοῦντα
1069 4703 1160 4760 καὶ
1220 4702 1550 4778 ληῒζόμενον
1585 4708 1665 4778 [Ρ.
1697 4707 1828 4779 703]

1940 3106 2228 3172 incidens,
2282 3107 2446 3162 fusos
2498 3107 2823 3174 insecutus,
2872 3103 3216 3176 imprudens
3266 3103 3326 3157 in
3375 3103 3596 3159 medias

1939 3196 2149 3251 incidit
2197 3195 2465 3250 insidias.
2514 3195 2828 3265 Gregorius
2877 3211 2938 3248 re
2965 3192 3200 3263 cognita
3231 3190 3385 3246 illico
3415 3192 3485 3246 ad
3516 3191 3593 3248 fe-

1939 3285 2185 3340 rendum
2219 3284 2500 3340 auxilium
2536 3285 2866 3350 festinat,ut
2897 3281 3078 3336 ﬁlium
3110 3279 3370 3336 hostium
3400 3281 3591 3337 mani-

1941 3375 2051 3429 bus
2080 3374 2346 3445 eriperet.
2373 3374 2482 3428 Sed
2517 3379 2571 3428 et
2601 3372 2725 3445 ipse
2757 3389 2788 3428 a
2833 3370 3101 3443 Bulgaria
3148 3369 3587 3426 circumventus

1939 3463 2165 3518 fortiter
2195 3479 2460 3535 pugnans
2491 3461 2992 3517 interﬁcitur.Hac
3022 3460 3188 3515 ducis
3219 3459 3383 3516 clade
3413 3459 3585 3517 intel-

1937 3551 2086 3608 lecta
2117 3552 2371 3607 mittitur
2398 3551 2578 3606 totius
2603 3550 2934 3606 Occidentis
2965 3549 3272 3622 praefectus
3304 3549 3585 3622 magister

1937 3641 2300 3712 Nicephorus
2332 3645 2562 3696 Uranus
2589 3658 2602 3695 :
2631 3657 2766 3694 nam
2801 3645 2857 3694 et
2886 3639 2982 3694 hic
3013 3637 3201 3710 pretio
3231 3638 3369 3694 dato
3401 3639 3588 3709 Baby-

1938 3729 2070 3785 lone
2101 3727 2300 3800 Cpolin
2335 3728 2755 3800 profugerat.ls
2786 3732 2852 3782 ut
2881 3725 3362 3783 Thessalonicam
3395 3743 3593 3798 perve-

1937 3817 2262 3883 nit,certior
2284 3817 2348 3873 ﬁt
2368 3815 2705 3873 Samuelum
2726 3816 2924 3872 animo
2946 3814 3356 3885 elatum,quod
3378 3815 3587 3872 ducem

1935 3906 2276 3978 Gregorium
2307 3906 2642 3962 Taronitam
2679 3903 3068 3960 interfecisset
3105 3901 3413 3973 ﬁliumque
3458 3903 3588 3974 ejus

1933 3997 2205 4068 cepisset,
2254 3994 2591 4050 Thessalica
2632 3995 2756 4063 jam
2803 3993 3020 4064 Tempe
3060 3995 3500 4063 transgressum
3533 3996 3592 4048 et

1934 4086 2186 4140 Peneum
2222 4100 2458 4139 amnem
2507 4081 2930 4148 transmisisse,
2981 4085 3038 4137 et
3088 4081 3146 4134 in
3193 4079 3586 4152 Thessaliam,

1934 4174 2209 4230 Bmotiam
2244 4179 2420 4244 atque
2451 4171 2724 4240 Atticam,
2757 4171 2911 4229 450
2944 4174 2999 4227 et
3031 4185 3134 4242 per
3165 4167 3455 4224 Isthmum
3487 4169 3591 4226 Co-

1933 4263 2290 4320 rintbiacum
2315 4263 2492 4316 etiam
2515 4261 2574 4316 in
2599 4261 3061 4332 Peloponnesum
3085 4258 3366 4332 grassari.
3384 4261 3588 4330 Itaque

1933 4357 1990 4408 et
2020 4351 2132 4423 ipsi
2165 4351 2288 4406 suis
2338 4367 2470 4406 cum
2523 4349 2707 4422 copiis
2755 4350 2826 4404 ad
2875 4350 3104 4404 radices
3152 4347 3385 4420 Olympi
3435 4347 3585 4403 facto

1935 4441 2144 4496 itinere
2175 4440 2469 4494 Larissam
2501 4439 2690 4506 venit;
2723 4437 2922 4509 itaque
2970 4435 3412 4508 impedimentis
3451 4435 3586 4492 reli-

1937 4529 2046 4586 ctis
2076 4527 2437 4584 Thessaliam
2471 4527 2700 4601 magnis
2731 4525 3040 4583 itineribus
3088 4533 3376 4599 peragrat,
3428 4541 3587 4581 cam-

1938 4617 2148 4689 pisque
2177 4617 2488 4672 Pharsalize
2514 4621 2572 4672 et
2599 4615 2864 4687 Apidano
2895 4631 3068 4670 amne
3107 4613 3475 4670 transmissis
3523 4614 3584 4671 in

1937 4707 2068 4778 ripa
2095 4706 2394 4778 Spercheii
2424 4705 2618 4760 amnis
2647 4709 2840 4760 castra
2871 4705 3117 4776 ponit,in
3152 4703 3423 4775 opposita
3454 4703 3583 4775 ripa

1307 4819 1711 4882 XYLANDRI
1757 4821 1856 4882 ET
1901 4821 2136 4882 GOARI
2183 4821 2438 4881 NOTAE.

230 4919 353 4990 (52)
386 4920 554 4972 Hunc
587 4920 726 4990 puto
759 4916 954 4988 potius
988 4932 1182 4990 quam
1233 4918 1352 4972 scio
1396 4933 1635 4973 sensum
1691 4933 1822 4974 esse

163 4987 462 5062 legis,qua
495 4987 916 5062 reprimeretur
943 4987 1127 5044 nimia
1156 4990 1521 5062 privatorum
1542 4990 1819 5060 potentia,

163 5059 402 5132 publica
436 5059 676 5133 quoque
704 5062 870 5133 bona
903 5060 988 5133 in‘
1013 5076 1193 5133 suam
1230 5059 1819 5133 rem_redigentium.

164 5126 328 5196 Quod
366 5126 733 5204 putoht'uisse
762 5129 814 5185 ιν
849 5126 1016 5204 ὁμάδι
1046 5128 1272 5204 χωρίων
1296 5203 1299 5204 ν
1325 5126 1667 5204 αὐξάνεσθαι,
1705 5131 1821 5187 alia

164 5202 420 5260 subinde
447 5202 583 5259 aliis
616 5205 832 5274 prandia
863 5202 1308 5272 adjicere.0uod
1338 5209 1398 5258 et
1427 5204 1585 5258 hunc
1620 5203 1816 5258 Malei-

167 5292 301 5331 num
337 5275 551 5330 fecisse
582 5273 870 5340 videmus,
898 5280 956 5328 et
986 5274 1043 5328 in
1076 5273 1289 5329 Basilio
1328 5275 1576 5345 preside
1605 5275 1819 5329 Tzimi-

167 5363 293 5402 scas
315 5345 476 5402 malo
495 5363 605 5402 suo
624 5351 944 5409 notaverat,
975 5345 1032 5400 Si
1050 5346 1186 5416 quis
1201 5347 1337 5414 quid
1360 5348 1579 5402 rectius
1595 5347 1818 5413 aﬂ‘eret,

168 5435 276 5474 non
309 5419 558 5474 herbam
591 5417 642 5472 ei
681 5416 784 5473 sed
816 5432 1101 5488 coronam,
1124 5417 1538 5488 praebebimus,
1589 5435 1705 5473 non
1757 5422 1822 5473 ut

168 5489 362 5546 viatori
390 5490 498 5547 sed
530 5494 597 5547 ut
626 5490 774 5546 bene
805 5487 1034 5544 merito.
1060 5487 1194 5544 Χνι..
1221 5519 1286 5530 -—
1317 5493 1468 5546 Bene
1499 5489 1818 5545 meriturus

169 5562 232 5618 de
259 5561 854 5634 Xylandro,gratiam_
887 5558 1180 5634 siquidem
1210 5560 1518 5634 pollicetur
1547 5563 1606 5617 in
1637 5563 1816 5617 adno-

167 5631 627 5701 tatiohibughaé
649 5633 779 5706 lege
802 5631 928 5688 dico
950 5631 1817 5705 sanxisseimperatorem,non,

172 5710 230 5762 at
251 5706 461 5766 scribit
489 5706 648 5780 ipse,
673 5705 1026 5778 privatorum
1048 5705 1302 5777 potentia
1335 5706 1564 5778 publica
1589 5720 1820 5779 quaeque

1934 4919 2072 4973 bona
2101 4920 2159 4971 in
2189 4933 2348 4971 suam
2376 4931 2490 4970 rem
2521 4913 2810 4982 redigeret,
2841 4913 2971 4968 dum
2999 4915 3117 4968 alia
3161 4913 3398 4969 subinde
3440 4915 3578 4970 aliis

1928 4990 2137 5061 praedia
2167 4990 2486 5061 adyicz'ceret
2516 5003 2534 5061 ς
2570 5003 2764 5061 verum
2799 5003 2871 5040 ne
2903 4985 3119 5061 publici
3165 4986 3573 5061 magistratus,

1931 5056 2070 5115 dum
2095 5064 2358 5130 gererent
2388 5057 3028 5128 ol'tieium,privatorum
3064 5057 3406 5130 bonaetiam
3439 5056 3574 5130 dato

1932 5125 2124 5203 pretio
2182 5131 2302 5203 sibi
2361 5125 2764 5201 compararent
2826 5135 3001 5198 atque
3055 5128 3263 5203 exinde
3292 5125 3574 5203 aliisalia

1932 5196 2147 5274 praedia
2179 5202 2346 5257 facile
2393 5196 2798 5274 coacervarent
2843 5196 2920 5253 et_
2945 5201 3390 5274 conjungersnt.
3424 5196 3574 5274 _Bla-

1930 5266 2119 5330 stares
2149 5275 2376 5345 (3.4,τοῦ
2408 5281 2452 5326 Α
2484 5271 2760 5345 στοιχείου
2783 5287 2850 5345 ex
2884 5266 3136 5345 politicis
3168 5266 3398 5345 legibus
3417 5266 3576 5345 _han_c

1929 5351 2107 5418 refert
2162 5337 2284 5418 περὶ
2336 5337 2687 5418 ᾀγορᾷςᾲκαὶ
2744 5337 3011 5418 πράσεως·
3046 5343 3106 5418 '9
3143 5337 3354 5418 κρᾷτῶν
3409 5337 3572 5418 69¢!-

1927 5438 2044 5498 κίον
2078 5414 2129 5470 έν
2163 5411 2400 5506 ἐπαρχίᾲ
2445 5411 2505 5471 οὐ
2557 5411 2795 5506 δύνοιτοιί⁷
2818 5413 3037 5506 Ἦνηστὸν
3069 5413 3103 5480 ἢ
3137 5411 3390 5506 ἀξίνηῖοέδ
3424 5411 3574 5506 [dyo-

1929 5488 2106 5562 ραζειν
2168 5487 2243 5562 ἐν,
2269 5482 2440 5562 ﬁtﬁt
2475 5493 2700 5562 πρᾶγμα
2746 5487 2780 5556 ἢ
2830 5482 2902 5562 δι’
2936 5486 3131 5562 εαυτοῦ.
3171 5486 3206 5555 ἢ
3238 5483 3334 5562 δι’
3360 5482 3571 5562 ἑτέρου,

1929 5553 1973 5615 εἰ
2009 5553 2084 5633 μῄ
2115 5560 2259 5633 παρὰ
2285 5553 2714 5633 τοῖδημοσίου,
2743 5553 2869 5633 Καὶ⁸
2893 5557 2998 5632 γὰρ
3046 5557 3143 5633 καὶΔ
3169 5553 3268 5633 rei):
3311 5553 3570 5633 πράγμα-

1925 5625 2019 5694 τος
2055 5625 2301 5687 ἐκπίπτει
2348 5633 2437 5686 καὶ
2478 5625 2556 5688 ’τὸ
2610 5630 2761 5688 δοθὲν
2818 5625 3038 5704 τίμημα
3090 5628 3190 5686 οὐκ
3245 5625 3567 5702 ἀναλαμϐά-

1924 5725 2024 5762 νει.
2054 5710 2234 5762 ῧοΑει.
