4070 6334
3764 371 3884 435 184

3857 478 3885 512 ν

458 382 575 448 183
1805 374 2123 439 GEORGII
2168 373 2509 437 GEDRENI

450 512 722 574 Samaelo
751 529 861 570 sua
889 515 1081 569 castra
1110 510 1383 569 habente.
1420 510 1696 584 Ingentes
1727 510 1949 567 imbres
1974 514 2102 566 tum
2135 554 2147 582 λ

2264 527 2350 571 »ας
2398 507 2485 563 καὶ
2529 507 2688 573 αὐτὸς
2720 510 2855 582 μετὰ
2880 513 2985 565 τῶν
3045 506 3169 585 περὶ
3230 505 3392 565 αὑτὸν
3453 507 3849 583 στρατευμάτοιν

456 605 817 671 deciderant,
851 606 909 658 et
940 602 1153 658 fluvius
1198 602 1357 657 alveo
1407 606 1678 673 turgente
1730 601 2044 672 stagnabat
2096 617 2109 655 :

2264 598 2307 651 αὶ
2365 598 2458 659 τὰς
2512 598 2783 674 ὑπωρείας
2814 597 3043 663 διελθὼν
3075 604 3175 653 τοῦ
3233 597 3527 671 Ὀλύμπου
3558 598 3651 652 καὶ
3682 596 3735 652 ἐν
3772 604 3881 652 Λα-

459 698 660 768 itaque
689 710 754 748 eo
788 692 1024 764 quidem
1060 697 1318 763 tempore
1352 691 1616 763 praelium
1653 690 1882 747 nullum
1916 706 2112 760 spera-

2264 688 2381 762 ίσσῃ
2436 687 2752 761 γενόμενος,
2798 689 3013 743 κάκεῖσε
3072 686 3249 743 λιπὼν
3292 688 3396 757 τὴν
3428 688 3735 755 ἀποσκευὴν
3786 686 3881 740 καὶ

464 788 659 843 batur.
714 783 822 837 Sed
876 781 1106 836 Uranus
1157 798 1395 836 sursum
1447 783 1845 852 deorsumque
1893 785 2114 834 tentato

2264 774 2449 845 Ξζωνον
2484 772 2667 831 λαϐὼν
2712 778 2805 832 τὸν
2858 778 3101 853 στρατὸν,
3158 778 3259 847 τὴν
3313 775 3602 832 Θετταλίαν
3655 772 3885 830 ὁδοιπο-

463 874 706 932 ﬂumine
728 873 942 926 vadum
968 870 1223 937 invenit;
1257 886 1442 941 eaque
1463 870 1788 941 intelligere
1810 885 1871 923 se
1894 867 2117 925 exerci-

2264 865 2314 936 ίᾳ
2369 865 2605 939 συντόνῳ
2663 863 2890 922 διελθὼν
2944 868 3125 922 καὶτὸ
3189 873 3289 936 τῆς
3323 864 3638 942 Φαρσαλίας
3691 862 3885 919 πεδίον

469 962 678 1020 tumin
702 960 1028 1032 Oppositam
1056 960 1239 1030 ripam
1264 961 1567 1014 traducere
1591 963 1959 1031 posse,noctu
1984 973 2117 1012 cum

2264 954 2314 1009 αἱ
2370 956 2461 1009 τὸν
2524 952 2813 1010 Ἀπιδανὸν
2862 951 3051 1019 διαϐὰς
3103 956 3374 1028 ποταμὸν,
3406 954 3539 1009 κατὰ
3588 955 3651 1008 τὸ
3682 953 3885 1029 χεῖλος

468 1052 598 1110 suis
631 1065 865 1106 amnem
897 1049 1129 1115 transit,
1166 1048 1557 1120 Bulgarosque
1588 1063 1789 1102 secure
1821 1047 2119 1100 dormien-

2264 1048 2322 1098 οὑ
2382 1049 2689 1119 Σπερχειοῦ
2744 1050 2994 1117 ποταμοῦ
3019 1047 3258 1120 πήγνυσι
3288 1047 3389 1112 τήν
3440 1040 3885 1115 στρατοπεδείαν,

468 1149 559 1198 tes
592 1138 878 1205 adoritur,
923 1138 1382 1207 innumerosque
1433 1137 1725 1204 interficit,
1778 1136 2010 1191 nemine
2059 1151 2122 1190 se

2264 1130 2308 1193 ἶς
2358 1133 2457 1201 τὴν
2512 1132 2732 1207 περαίαν
2790 1134 2880 1189 καὶ
2938 1133 3102 1189 αύτοῦ
3155 1138 3253 1188 τοῦ
3286 1131 3553 1206 Σαμουὴλ
3582 1130 3891 1205 αὐλιζομε-

471 1230 787 1288 defendere
817 1227 1119 1298 auso.lpse
1143 1242 1375 1297 quoque
1394 1226 1696 1281 Samuelus
1718 1230 1776 1281 et
1806 1224 1963 1280 ﬁlius
1994 1225 2123 1296 ejus

2264 1231 2346 1276 ου·
2409 1216 2635 1298 ὄμϐρων
2665 1222 2764 1298 γὰρ
2798 1221 3048 1279 ἀπλᾶτων
3081 1221 3344 1288 ὑσθεντων
3379 1221 3431 1293 εξ
3480 1220 3732 1297 ούρανοῦ,
3796 1220 3892 1276 καὶ

475 1321 779 1376 Romanus
811 1316 1100 1387 profunda
1131 1320 1482 1386 acceperunt
1521 1315 1793 1381 vulnera;
1847 1315 2123 1370 fuissent-

2265 1314 2327 1366 οὖ
2406 1316 2658 1383 ποταμοῦ
2742 1310 3214 1388 πλημμυροῦντος
3285 1311 3375 1367 καὶ
3450 1309 3894 1385 πελαγίζοντος,

479 1424 592 1481 que
625 1407 803 1477 capti,
836 1404 951 1459 nisi
982 1405 1133 1458 inter
1164 1405 1441 1459 cadavera
1471 1404 1843 1458 delituissent
1872 1409 1929 1458 et
1960 1409 2127 1458 nocte

2264 1400 2551 1475 ,πέγνωστο
2606 1401 2669 1456 τὸ
2714 1406 2806 1456 νῦν
2842 1401 2969 1478 ἔχον
3029 1404 3064 1471 ἡ
3114 1400 3433 1475 συμπλοκή.
3476 1398 3633 1455 Ἀλλ’
3660 1400 3688 1453 6
3725 1398 3894 1475 μαγι-

476 1492 812 1567 insequenti
843 1492 1063 1549 occulte
1089 1493 1145 1547 in
1180 1499 1408 1548 montes
1430 1493 1704 1548 Etolicos
1736 1492 2124 1564 aufugissent,

2264 1509 2396 1565 τρος
2444 1490 2555 1544 ἄνω
2602 1490 2693 1544 καὶ
2742 1490 2889 1545 κάτω
2918 1492 3011 1545 τὸν
3041 1490 3287 1564 ποταμὸν
3314 1490 3744 1565 περισκοπήσας,
3793 1488 3888 1542 καί

485 1601 588 1658 per
616 1600 863 1655 quorum
898 1583 1107 1638 deinde
1140 1581 1445 1637 cacumina
1476 1582 1546 1637 ad
1579 1582 1830 1637 Pindum
1864 1586 2126 1637 montem

2273 1600 2358 1633 ινα
2402 1579 2569 1633 τόπον
2604 1578 2773 1656 εὑρὼν
2807 1577 2876 1635 δι’
2908 1581 2969 1635 οὗ
3000 1580 3156 1653 ᾠήθη
3191 1576 3411 1634 δυνατὸν
3449 1576 3655 1641 ἔσεσθαι
3701 1575 3896 1633 τούτου

476 1680 654 1745 atque
683 1672 820 1727 hinc
850 1671 907 1725 in
944 1671 1274 1743 Bulgariam
1302 1676 1872 1727 evaserunt.Uranus
1899 1671 2130 1726 interim

478 1768 773 1821 Romanos
802 1760 1061 1831 captivos
1096 1760 1552 1823 liberat,occisos
1584 1760 1866 1832 Bulgaros
1896 1760 2128 1832 spoliat,

2238 1673 2631 1746 περαιωθῆναι,
2697 1671 2917 1747 ἀγείρας
2957 1673 3149 1735 νυκτὸς
3198 1672 3291 1726 τὸν
3347 1672 3572 1745 στρατὸν
3630 1673 3897 1743 περαιοῦ-

2237 1782 2325 1815 ται
2356 1762 2447 1815 τὸν
2476 1762 2721 1834 ποταμὸν
2766 1762 2855 1816 καὶ
2903 1768 3020 1823 τοῖς
3067 1763 3190 1837 περὶ
3238 1761 3328 1816 τὸν
3374 1759 3641 1833 Σαμουὴλ
3698 1758 3900 1833 ἀμερί-

485 1856 676 1909 castra
704 1866 904 1906 eorum
940 1849 1163 1922 diripit,
1198 1849 1538 1922 ingentique
1570 1854 1735 1922 parta
1766 1852 1961 1923 praeda
1992 1866 2129 1905 suos

2264 1872 2393 1914 ινως
2472 1848 2821 1906 καθεύδουσιν
2896 1850 3231 1906 ἐπιτίθεταιο
3290 1850 3381 1904 καὶ
3438 1849 3730 1923 σφάζονται
3796 1848 3897 1919 μὶν

2340 1951 2350 1953 _
2443 1943 2469 1953 qn
2650 1939 2661 1953 1
3013 1937 3037 1953 λ
3106 1940 3119 1953 \
3319 1940 3332 1953 ι
3456 1936 3502 1953 ος
3566 1938 3578 1953 \
3692 1938 3706 1953 ν
3786 1933 3812 1953 Ἀ
3844 1941 3869 1952 ο

483 1939 959 1997 Thessalonicam
994 1939 1239 1995 reducit.

2264 1943 2473 2013 ιριθμοῦ
2546 1939 2840 2015 κρείττους,
2926 1937 3158 2013 μηδενὸς
3236 1940 3371 2014 πρὸς
3446 1936 3619 2006 ἀλκὴν
3681 1933 3898 1991 ἀπιδεῖν

487 2026 895 2100 τολμήσαντος,
928 2024 1147 2101 ἐπλήγη
1184 2025 1240 2080 δὲ
1270 2026 1359 2081 καὶ
1393 2026 1552 2087 αὐτὸς
1581 2026 1607 2080 6
1641 2023 1907 2097 Σαμουὴλ
1940 2027 2028 2081 καὶ
2061 2028 2089 2081 ὁ
2114 2026 2309 2082 τούτου
2341 2029 2458 2091 υἱὸς
2488 2031 2515 2083 6
2547 2029 2829 2102 Ῥωμανὸς
2858 2030 3098 2105 βαθείαις
3127 2025 3393 2103 πληγαῖς.
3418 2027 3515 2081 Καὶ
3538 2024 3779 2081 ἑάλωσαν
3814 2024 3904 2097 ἂν,

485 2117 536 2173 εἲ
571 2120 647 2190 μὴ
678 2122 797 2177 τοῖς
827 2122 1038 2189 νεκροῖς
1070 2116 1429 2187 συμμίξαντες
1460 2115 1680 2177 ἑαυτοὺς
1715 2114 1918 2170 ἔκειντο
1950 2116 2024 2177 ὡς
2054 2118 2363 2180 τεθνεῶτες,
2395 2119 2483 2172 καὶ
2514 2120 2701 2180 νυκτὸς
2734 2115 3119 2193 ἐπιγενομένης
3144 2115 3337 2180 ἔλαθον
3384 2114 3695 2191 διαδράντες
3726 2115 3805 2176 εἲς
3834 2115 3909 2169 τὰ

483 2202 587 2281 ὅρη
615 2209 720 2259 τῶν
757 2203 1047 2276 Αἰτωλῶν,
1080 2206 1322 2267 κάκεῖθεν
1356 2202 1442 2258 διὰ
1471 2209 1576 2258 τῶν
1618 2210 1869 2282 κορυφῶν
1895 2209 2003 2259 τῶν
2038 2206 2301 2261 τοιούτων
2336 2208 2504 2283 ὁρέων
2534 2206 2839 2272 διελθόντες
2865 2210 2958 2263 τὸν
3008 2205 3202 2263 Πίνδον
3256 2205 3591 2277 διεσώθησαν
3632 2205 3683 2260 ἰν
3734 2201 3910 2259 Βουλο

481 2293 664 2370 γαρίᾳ.
691 2294 748 2350 Ὀ
782 2291 837 2347 δὲ
873 2294 1167 2368 μάγιστρος
1197 2292 1323 2354 τοὺς
1356 2292 1749 2368 αἶ’χμαλώτους
1781 2294 2089 2367 Ῥωμαίους
2122 2292 2507 2372 ἐλευθερώσας,
2538 2297 2833 2361 σκυλεύσας
2859 2294 2917 2352 δὲ
2943 2297 3031 2352 καὶ
3064 2295 3193 2360 τοὺς
3222 2290 3482 2357 πεσόντας
3533 2292 3908 2369 Βουλγάρους,

487 2379 785 2457 διαρπάσας
820 2378 877 2435 δὲ
914 2379 1005 2435 καί
1032 2382 1095 2435 τὸ
1124 2386 1231 2435 τῶν
1260 2379 1547 2455 πολεμίων
1579 2380 1936 2455 στρατόπεδον
1968 2384 2059 2439 καὶ
2091 2382 2328 2441 πλοῦτον
2358 2385 2439 2441 ὅτι
2470 2386 2729 2442 πλεῖστον
2757 2381 3211 2461 περιϐαλόμενος,
3240 2385 3331 2439 σὺν
3361 2388 3431 2459 τῇ
3464 2389 3685 2459 στρατιᾷ
3707 2382 3911 2438 ἐπανε-

489 2472 661 2541 ζευξεν
698 2469 773 2532 είς
806 2469 1226 2541 Θεσσαλονίκην.

562 2562 709 2619 451
773 2561 1079 2617 Samuelus
1130 2563 1368 2617 domum
1423 2579 1693 2619 reversus
1744 2564 1922 2618 filiam
1975 2581 2143 2619 suam

489 2654 680 2709 Asotzs
706 2650 998 2706 Taronita:
1032 2651 1148 2707 tilio
1182 2652 1450 2707 libertate
1483 2653 1709 2708 reddita
1740 2654 1796 2707 in
1844 2653 2139 2709 matrimo-

494 2742 663 2798 nium
711 2739 1001 2797 collocat:
1036 2757 1170 2795 nam
1221 2742 1349 2812 ejus
1392 2758 1590 2797 amore
1642 2741 1835 2813 puella
1882 2745 2149 2813 correpta

496 2834 749 2887 mortem
780 2846 842 2885 se
872 2830 983 2885 sibi
1015 2830 1400 2885 conscituram
1437 2831 1913 2899 minabatur,nisi
1935 2848 2001 2887 eo
2026 2849 2148 2887 ma-

498 2920 609 2975 rito
642 2918 945 2991 potiretur.
976 2918 1202 2988 Nuptiis
1235 2920 1512 2975 confectis
1543 2936 1818 2985 generum
1863 2936 1995 2975 cum
2030 2920 2150 2975 ﬁlia

508 3006 892 3081 Dyrrachium
919 3006 1101 3061 mittit
1131 3013 1187 3063 et
1221 3009 1476 3079 regionis
1507 3010 1634 3080 ejus
1666 3011 1943 3065 custodiae
1971 3011 2151 3082 praeli-

505 3097 605 3153 cit.
637 3096 851 3152 Verum
884 3102 1093 3152 Asotes
1120 3115 1185 3151 eo
1234 3099 1541 3168 profectus,
1585 3116 1761 3153 uxore
1807 3117 2041 3170 quoque
2092 3101 2148 3153 in

510 3202 677 3241 suam
708 3186 1058 3240 sententiam
1114 3188 1403 3255 traducta,
1456 3203 1588 3241 cum
1639 3204 1703 3241 ea
1754 3188 1809 3240 in
1857 3189 2148 3242 Romanas
2180 3208 2221 3274 ρ

502 3275 796 3344 triremes,
821 3291 947 3345 qua:
978 3275 1182 3329 finium
1216 3276 1563 3329 tuendorum
1599 3293 1775 3331 causa
1808 3278 1972 3332 littus
2003 3276 2146 3331 illud

506 3362 799 3435 legebant,
834 3363 1129 3434 confugit;
1167 3364 1353 3436 iisque
1384 3365 1456 3419 ad
1488 3367 1898 3435 imperatorem
1935 3368 2152 3438 perfer-

505 3453 703 3517 tur,ah
735 3470 919 3524 eoque
953 3454 1217 3524 magistri
1249 3454 1391 3523 ipse,
1427 3472 1572 3509 uxor
1599 3462 1769 3511 zostaa
1795 3456 2009 3512 honore
2029 3458 2151 3510 afﬁ-

507 3542 850 3598 eitur.Idem
884 3541 1113 3597 litteras
1146 3544 1477 3615 imperatori
1507 3546 1703 3601 attulit
1749 3563 1782 3601 a
1829 3546 2149 3618 Chrysalio,

503 3647 621 3687 uno
651 3647 852 3686 eorum
876 3648 1125 3703 quorum
1147 3649 1379 3687 summa
1401 3640 1523 3689 erat
1551 3635 1845 3706 Dyrrachii
1870 3635 2148 3705 potentia:

499 3718 553 3776 is
583 3737 687 3792 pro
719 3722 984 3776 mercede
1017 3721 1335 3792 stipulatus
1368 3722 1476 3776 sibi
1510 3726 1568 3776 et
1599 3724 1827 3779 duobus
1859 3724 1983 3778 suis
2016 3723 2150 3779 filiis

502 3808 777 3879 patricios
805 3809 1456 3881 honores,promittebat
1480 3812 1817 3883 imperatori
1853 3828 1913 3867 se
1946 3813 2149 3868 urbem

500 3913 631 3954 eam
678 3898 1054 3953 traditurum.
1102 3905 1363 3970 Cumque
1416 3919 1517 3970 per
1567 3903 1785 3956 litteras
1834 3902 2153 3973 imperator

504 3987 913 4042 confirmasset
970 4004 1031 4043 se
1088 3994 1380 4059 promissa
1435 3990 1675 4043 omnino
1726 3991 2147 4061 pra‘stiturum.

504 4077 883 4147 Dyrrachium
919 4077 1224 4131 Eustathio
1258 4078 1500 4147 patricio
1534 4078 1942 4147 Daphnomelie
1976 4080 2153 4133 trarii-

502 4168 627 4219 tum
654 4168 761 4232 est,
793 4170 850 4218 et
879 4164 1159 4237 Chryselii
1191 4165 1289 4219 ﬁlii
1326 4166 1665 4237 patriciatus
1717 4168 1934 4223 honore
1982 4170 2150 4225 deco-

504 4254 614 4308 rati
647 4258 807 4325 sunt,
841 4252 939 4310 illo
974 4259 1159 4310 morte
1189 4260 1498 4326 praevento.

575 4428 697 4484 Sub
721 4429 874 4485 idem
926 4433 1159 4502 tempus
1208 4432 1425 4488 Paulus
1475 4434 1755 4506 magister
1804 4436 2014 4504 Bobus,
2066 4436 2152 4491 vir

501 4516 932 4573 Thessalonica}
966 4520 1305 4589 primarius,
1338 4526 1394 4576 et
1426 4522 1783 4578 Malaceinus
1843 4530 2148 4596 protospa-

2326 2566 2388 2619 Ὅ
2445 2563 2709 2639 Σαμουὴλ
2770 2563 2826 2620 δὲ
2883 2564 3020 2641 πρὸς
3065 2565 3134 2619 τὰ
3186 2562 3359 2619 οἷ’κεῖα
3406 2562 3697 2624 ἀνασωθεὶς
3756 2582 3906 2637 γαμ-

2256 2649 2386 2729 ϐρὸν
2436 2654 2617 2729 ἄγεται
2662 2653 2749 2709 ἐπὶ
2804 2659 2873 2728 τῇ
2904 2651 3067 2709 αὖτοῦ
3126 2653 3349 2728 θυγατρὶ
3396 2652 3643 2722 Ἀσώτην
3668 2651 3760 2705 τὸν
3805 2653 3908 2705 τοῦ

2254 2744 2565 2815 Ταρωνίτου
2621 2745 2773 2811 υἱὸν,
2829 2748 2938 2799 τῶν
3022 2740 3233 2815 δεσμῶν
3292 2741 3686 2817 ἐλευθερώσαςο
3763 2739 3909 2815 πρὸς

2256 2838 2446 2887 τοῦτον
2519 2834 2623 2908 γὰρ
2702 2836 2736 2902 ἠ
2812 2839 2941 2895 παῖς
3018 2832 3294 2907 ἐρωτικῶς
3360 2828 3660 2892 διατεθεῖσα
3706 2827 3909 2901 ἐξάξειν

2259 2922 2452 2990 ἑαυτὴν
2529 2921 2769 2991 ἠπείλει,
2848 2921 2894 2976 εἷ
2962 2921 3037 2993 μὴ
3085 2920 3339 2993 νομίμως
3385 2918 3534 2991 αὑτῷ
3588 2917 3910 2995 συναφθείη.

2258 3008 2573 3073 Ἐκτελὲσας
2652 3007 2709 3065 δὲ
2788 3010 2912 3072 τοὺς
2978 3008 3187 3085 γάμους
3241 3006 3505 3080 ἐκπέμπει
3566 3007 3680 3079 μετ’
3736 3004 3914 3075 αὐτῆς

2258 3102 2448 3152 τοῦτον
2505 3097 2580 3161 εἷς
2636 3097 2698 3152 τὸ
2771 3095 3117 3173 Δυρράχιον,
3181 3094 3267 3149 ἐπὶ
3327 3094 3543 3171 φυλακῇ
3600 3094 3745 3168 τάχα
3801 3100 3911 3163 τῆς

2261 3188 2467 3262 χώρας·
2529 3187 2556 3241 ὁ
2584 3184 2641 3240 δὲ
2675 3185 2846 3240 ἐκεῖσε
2875 3186 3167 3258 γενόμενος
3195 3183 3285 3238 καὶ
3313 3187 3381 3256 τῇ
3413 3182 3626 3259 συζύγῳ
3649 3180 3915 3237 κοινολο-

2259 3277 2566 3351 γησάμενος
2610 3276 2697 3328 καὶ
2747 3274 2933 3335 πείσας
2984 3273 3169 3348 φεύγει
3205 3274 3319 3345 μετ’
3367 3270 3534 3341 αὑτῆς
3585 3270 3662 3333 εἰς
3710 3272 3806 3333 τὰς
3854 3271 3913 3326 ἰν

2257 3371 2335 3439 τῷ
2406 3368 2561 3439 τόπῳ
2616 3364 2862 3444 φυλακῆς
2911 3367 3071 3440 χάριν
3120 3362 3536 3435 παραπλεούσας
3593 3363 3917 3435 Ῥωμαϊκὰς

2257 3458 2524 3528 τριήρεις,
2573 3457 2662 3509 καὶ
2714 3452 2780 3508 δι’
2832 3454 3003 3508 αὐτῶν
3037 3453 3113 3515 εἰς
3137 3454 3229 3507 τὸν
3272 3452 3498 3527 βασιλέα
3550 3452 3914 3520 ἀνασώζεται,

2256 3546 2511 3616 τιμηθεὶς
2572 3546 2870 3619 μάγιστρος
2926 3543 3015 3597 καὶ
3080 3546 3114 3612 ἡ
3173 3542 3367 3597 τούτου
3426 3542 3653 3617 σύζυγος
3701 3544 3913 3610 ζωστή.

2261 3634 2546 3707 Διεκόμισε
2598 3631 2655 3687 δὲ
2714 3632 2869 3694 οὗτος
2922 3632 3011 3687 καὶ
3064 3631 3361 3709 γράμματα
3413 3628 3674 3685 δυνάστου
3732 3630 3911 3698 τινὸς,

2260 3723 2376 3785 ἑνὸς
2452 3727 2559 3777 τῶν
2632 3721 2683 3777 ἐν
2750 3725 2817 3796 τῇ
2882 3719 3196 3796 Δυρραχίῳ,
3270 3716 3583 3794 Χρυσηλίου
3638 3715 3917 3791 τοῦνομα,

2263 3807 2702 3887 ὑπισχνουμένου
2759 3807 3089 3884 παραδοῦναι
3118 3810 3217 3877 τήν
3258 3808 3352 3863 τοῦ
3402 3806 3711 3883 Δυρραχίου
3742 3806 3915 3861 πόλιν

2256 3906 2337 3972 τῷ
2372 3900 2603 3976 βασιλεῖ,
2655 3900 2700 3954 εἰ
2750 3903 3009 3972 τιμηθείη
3070 3898 3229 3960 αὑτός
3284 3918 3343 3951 τε
3399 3898 3488 3951 καὶ
3540 3896 3591 3950 οἱ
3650 3895 3744 3951 δύο
3797 3897 3915 3949 υἱοὶ

2258 3990 2421 4044 αὑτοῦ
2477 3988 2773 4063 πατρίκιοι.
2837 3992 3124 4060 Γράμμασι
3186 3984 3243 4040 δὶ
3292 3989 3387 4040 τοῦ
3423 3981 3695 4058 βασιλέως
3724 3983 3915 4038 ἐπιτε-

2261 4078 2374 4140 λεῖς
2400 4078 2494 4139 τὰς
2528 4076 2850 4152 ὑποσχέσεις
2888 4082 3114 4146 ποιῆσαι
3167 4069 3586 4150 βεϐαιώσαντος,
3632 4070 3914 4147 προεδόθη

2257 4170 2319 4223 τὸ
2368 4166 2674 4243 Δυρράχιον
2735 4166 3020 4237 Εὑσταθίῳ
3085 4163 3358 4239 πατρικίῳ
3407 4165 3488 4233 τῶ
3546 4159 3916 4239 Δαφνομήλῃ,

2259 4258 2346 4313 καὶ
2379 4259 2431 4311 oi
2458 4260 2555 4311 τοῦ
2579 4253 2897 4329 Χρυσηλίου
2920 4253 3029 4307 υἱοὶ
3051 4252 3344 4327 τετίμηντο
3367 4250 3671 4325 πατρίκιοι,
3700 4248 3917 4305 ἐκείνου

2260 4344 2557 4423 αθασαντος
2587 4340 2946 4417 καταστρέψαι
2976 4342 3076 4409 τὴν
3113 4341 3256 4409 ζωήν
3290 4342 3424 4411 (53).

2330 4434 2520 4505 Τούτῳ
2549 4436 2628 4504 τῷ
2682 4430 2866 4506 χρόνῳ
2908 4428 3124 4492 Παῦλος
3160 4428 3452 4505 μάγιστρος
3484 4428 3511 4482 6
3553 4420 3740 4485 Βωόὸς
3771 4427 3918 4497 (5i),

2263 4525 2398 4596 ἀνὴρ
2447 4527 2554 4577 τῶν
2617 4520 2667 4577 ἓν
2714 4517 3079 4592 Θεσσαλονίκῃ
3133 4517 3201 4574 τὰ
3258 4522 3467 4593 πρῶτα,
3526 4520 3612 4590 [Ρ.
3659 4514 3789 4587 704]
3819 4514 3918 4569 καὶ

503 4575 1087 4678 tharius,prudentim
1119 4626 1183 4663 ac
1215 4575 1499 4666 facundiae
1531 4575 1979 4680 celebris,drelati
2004 4575 2147 4683 quod

2266 4575 2592 4680 θάαλακηνὸς
2625 4575 3131 4682 *πρωτοσπαθάρίος
3184 4575 3541 4661 ἐπὶισυνὲσεί
3595 4601 3683 4658 καὶ

505 4693 719 4750 animis
744 4697 813 4752 ad
846 4696 1116 4769 Bulgaros
1150 4698 1520 4766 inclinarent,
1541 4701 1634 4756 hic
1666 4703 2027 4772 Byzantium,
2053 4702 2149 4759 ille

2258 4699 2573 4775 ἆμπρέπων,
2632 4694 3019 4767 διαϐληθέντες
3079 4696 3153 4757 ὡς
3183 4696 3248 4749 τὰ
3280 4692 3611 4768 Βουλγάρων
3643 4694 3920 4769 φρονοῦν-

495 4782 556 4839 in
608 4783 999 4841 Thracensem
1054 4788 1361 4843 Pediadem
1395 4790 1661 4845 translati
1691 4796 1849 4847 sunt.
1885 4792 2042 4848 Idem
2080 4809 2147 4848 ne

2264 4810 2342 4850 τες
2380 4787 2809 4862 μετῳκίσθησαν,
2844 4786 2871 4839 6
2906 4793 2999 4857 μὲν
3034 4781 3250 4847 Παῦλος
3288 4782 3362 4845 εἰς
3390 4783 3489 4851 τὴν
3532 4780 3586 4836 εν
3618 4778 3916 4856 Θρᾳκησίῳ

495 4872 609 4928 sibi
636 4875 893 4931 eveniret
922 4877 1087 4932 veriti
1140 4878 1381 4949 quidam
1436 4880 1699 4935 illustres
1750 4882 2148 4953 Adrianopoli,

2258 4876 2485 4933 πεδιάδα
2516 4879 2652 4951 (5').
2709 4877 2735 4930 6
2767 4872 2824 4929 δε
2872 4872 3204 4943 Μαλακηνὸς
3242 4871 3317 4934 εἷς
3362 4871 3676 4941 Βυζάντιον.
3728 4870 3916 4926 Τοῦτο

1633 5021 2036 5081 XYLANDRI
2082 5022 2181 5082 ΕΤ
2226 5020 2462 5082 GOABI
2509 5018 2767 5080 NOT/E.

566 5140 680 5212 (53)
710 5140 836 5196 Non
870 5140 1075 5212 dubito
1105 5139 1244 5212 quin
1281 5140 1372 5197 hic
1404 5140 1567 5197 locus
1593 5143 1669 5199 sit
1692 5160 1957 5198 mancus.
2008 5143 2145 5197 Sen-

496 5213 862 5296 tentiamque
893 5211 1077 5296 fuisse
1107 5211 1373 5296 conjicio,
1411 5231 1525 5269 non
1568 5216 1925 5296 successisse
1973 5215 2146 5296 istam

495 5283 799 5357 Dyrrachii
845 5283 1234 5353 proditionem
1267 5286 1338 5339 ob
1387 5303 1815 5357 praeproperam
1867 5286 2146 5341 Chr'selii

503 5359 774 5411 mortem.
827 5355 937 5411 Sed
991 5355 1173 5410 fuisse
1220 5372 1286 5412 eo
1339 5358 1589 5413 potitum
1640 5358 1946 5413 Basiliam.
1983 5304 2146 5413 iacile

503 5355 774 5427 mortem.
827 5355 937 5411 Sed
991 5355 1173 5410 fuisse
1220 5372 1286 5412 eo
1339 5355 1589 5427 potitum
1621 5355 1946 5425 Basiliam,
1984 5355 2151 5414 facile

488 5425 846 5497 judicaveris
878 5444 945 5483 ex
978 5425 1458 5497 sequentibus,ut
1488 5446 1620 5484 cum
1655 5430 1903 5486 Basilius
1935 5430 2152 5485 dicitur

500 5496 849 5570 defendendi
900 5516 933 5554 a
978 5496 1199 5553 Joanne
1254 5499 1547 5570 Dyrrachii
1598 5519 1773 5556 causa
1822 5502 2153 5557 instituisse

500 5568 946 5643 proiectionem,
967 5576 1020 5623 et
1052 5571 1121 5623 de
1151 5568 1359 5624 Joanni
1394 5571 1469 5643 ibi
1496 5573 1623 5626 caesi
1651 5577 1837 5627 morte
1856 5592 1887 5627 a
1912 5574 2153 5643 patricio

502 5640 783 5709 Pegonita
816 5642 1002 5695 factus
1032 5643 1385 5707 certior,etc.
1414 5642 1547 5698 Χγι.
1569 5675 1636 5683 -
1668 5645 1823 5700 Nihil
1856 5640 1951 5700 hic
1983 5663 2151 5701 man-

501 5726 643 5767 cam
676 5716 778 5769 aut
809 5712 1087 5768 mutilum
1141 5712 1432 5784 Xylandro
1480 5731 1721 5773 sensum
1771 5717 2153 5789 percipienti;

2258 5144 2319 5199 Si
2347 5142 2511 5198 modo
2540 5142 2795 5210 patriciis
2826 5138 3128 5195 honoribus
3148 5144 3638 5210 augeretur,quam
3660 5132 3918 5210 eamdem

2258 5230 2472 5287 quoque
2525 5205 2869 5288 dignitatern,
2921 5226 2981 5266 eo
3024 5213 3162 5267 vivi:
3192 5205 3582 5288 __E:Arjepto,__duo
3629 5206 3746 5288 {ius
3794 5205 3921 5288 ﬁlii

2258 5276 2740 5357 conécquerfntur.
2766 5276 3029 5357 _Hacque
3060 5276 3396 5357 conditione
3425 5276 3762 5352 Cbryselius
3790 5276 3917 5332 im-

2260 5352 2949 5432 peratoriDyrrachium
2967 5355 3265 5428 prodebat.
3300 5352 3480 5432 Gelu}.
3581 5419 3592 5432 .

2334 5430 2443 5499 (54)
2475 5428 2570 5484 Sic
2597 5419 2822 5499 'balbum
2850 5432 2907 5483 ct
2933 5419 3149 5482 niuium
3178 5428 3389 5499 vocant
3416 5419 3616 5499 G‘raa‘ci.
3651 5419 3837 5499 Goan.

2334 5431 2420 5499 (54
2475 5430 2570 5484 Sic
2602 5430 2822 5482 balbum
2850 5432 2907 5483 ct
2933 5432 3149 5482 mulum
3178 5430 3389 5480 vocant
3416 5430 3616 5477 Greci.
3651 5430 3837 5475 ann.

2332 5430 2445 5575 (55;
2480 5500 2683 5555 Pedias
2716 5498 3018 5575 planitiem
3074 5497 3387 5575 significat.
3444 5494 3569 5575 sed.
3603 5490 3911 5575 propri-um

2263 5562 2595 5640 suspicatus
2626 5562 3190 5642 sum.’l).).ou<npio§c
3222 5568 3379 5642 dicit
3398 5566 3496 5636 qui
3522 5562 3621 5618 viri
3646 5562 3917 5642 illustres

2264 5631 2539 5718 inclinato
2563 5643 2810 5718 imperio
2842 5631 3118 5718 solebant,
3150 5641 3284 5718 dici,
3334 5631 3913 5718 sicutdspectabileg,

2264 5714 2598 5784 clarissimi,
2630 5712 2739 5770 etc.
2774 5717 2883 5770 Res
2909 5718 2999 5770 est
3028 5717 3185 5779 nota,
3234 5716 3293 5769 et
3341 5712 3703 5769 notationem
3751 5712 3916 5762 vocis
