4070 6334
184 371 315 435 185

1336 377 1892 443 HISTORIARUM
1933 379 2485 443 COMPENDIUM.

3503 372 3623 437 186

185 505 387 559 παθεῖν
408 498 737 582 φοϐηθέντες
762 504 855 561 καί
880 474 1022 569 τινες
1064 510 1170 563 τῶν
1228 505 1289 563 ix
1332 514 1433 578 τῆς
1461 506 1851 584 Ἀδριανουπό-

1982 516 2024 568 at
2045 512 2143 584 qui
2171 513 2354 584 gestis
2375 516 2542 569 erant
2562 512 2701 569 clari
2725 507 3349 584 magistratibus,quod
3381 506 3442 563 in
3468 508 3623 566 452

188 591 345 655 λεως
378 591 722 669 ίλλούστριοι
755 595 845 649 καὶ
874 602 1259 670 στρατηγικαῖς
1299 597 1499 673 ἀρχαῖς
1531 595 1859 672 διαπρέψαν-

189 703 283 743 τες
325 680 416 737 διὰ
439 683 501 737 τὸ
534 683 928 748 ὑποπτεύεσθαι
954 689 1032 757 τῷ
1066 686 1335 757 Σαμουὴλ
1365 686 1798 763 προσερρύησαν,
1833 687 1861 741 6

197 772 302 842 μὶν
338 771 613 841 Βατάτζης
646 774 887 839 πανοικὶ,
923 775 1088 846 μόνος
1122 772 1181 829 δὲ
1226 774 1509 837 Βασίλειος
1551 777 1578 830 6
1623 771 1859 838 Γλαϐἆςο

195 861 263 914 οὗ
292 861 390 915 τὸν
418 862 533 915 υἱὸν
563 863 590 915 6
625 860 882 935 βασιλεὺς
907 864 1154 938 καθεῖρξε
1208 864 1298 919 καὶ
1351 864 1438 919 ἰπὶ
1497 870 1643 940 τρεῖς
1700 864 1863 928 ὅλους

195 948 489 1013 ὶνιαυτοὺς
547 957 824 1027 κατεῖχεν,
853 952 966 1007 εἶτα
1023 952 1279 1009 ἀπέλυσε.
1333 954 1465 1009 Τότε
1521 954 1729 1027 καὶτῷ
1766 954 1863 1029 ἅρ-

196 1057 369 1112 χοντι
425 1039 675 1102 Βενετίας
730 1047 958 1116 γυναῖκα
1014 1041 1254 1116 νόμιμον
1307 1040 1505 1099 ἔδωκεν
1540 1045 1567 1099 6
1605 1043 1863 1119 βασιλεὺς

191 1130 305 1196 τήν
364 1130 629 1203 θυγατέρα
683 1134 783 1185 τοῦ
836 1133 1119 1205 Ἀργυροῠ,
1161 1129 1403 1210 ἀδελφὴν
1462 1131 1519 1188 δὲ
1573 1135 1864 1205 Ῥωμανσῦ

193 1221 301 1273 τοῦ
344 1218 480 1290 μετὰ
504 1222 673 1273 ταῦτα
706 1218 1151 1294 βασιλεύσαντος,
1179 1222 1242 1276 τὸ
1282 1220 1439 1285 ἔθνος
1490 1221 1667 1284 οὕτως
1731 1224 1863 1277 ὑπο-

199 1304 566 1380 ποιούμενος.
614 1308 949 1380 Ἐποιήσατο
1007 1306 1065 1364 δὶ
1115 1309 1204 1365 καὶ
1265 1305 1527 1380 εῗσϐολήν
1575 1310 1628 1366 ἐν
1684 1311 1864 1369 Βουλ·

198 1393 379 1469 γαρίᾳ
410 1390 500 1448 διὰ
528 1393 1041 1458 Φιλιππουπόλεως
1078 1398 1106 1452 6
1141 1394 1417 1472 βασιλεὺς,
1448 1398 1647 1470 ταύτην
1706 1420 1869 1475 φρου-

199 1488 336 1557 ρεῖν
369 1483 529 1555 τάξας
556 1484 646 1538 τὸν
708 1484 992 1558 πατρίκιον
1037 1483 1473 1561 Θεοδωροκάνον.
1524 1490 1624 1545 Καὶ
1683 1486 1870 1544 πολλὰ

196 1576 318 1626 τῶν
375 1570 427 1626 ὲν
480 1570 776 1648 Τριαδίτζῃ
852 1573 1125 1652 φρουρίων
1196 1575 1701 1651 καταστρεψάμενος
1769 1576 1870 1632 ἀπ-

205 1658 456 1730 ανῆλθεν
489 1660 565 1724 εἰς
597 1661 1007 1720 Μοσυνόπολιν.

278 1752 383 1820 Τῷ
409 1747 467 1804 δὶ
512 1752 648 1828 ,ςφη’
696 1746 826 1819 ἔτει,
872 1750 1213 1817 ῗνδικτιῶνος
1244 1776 1332 1829 ιγ,
1376 1753 1603 1828 δύναμιν
1652 1757 1868 1831 βαρεῖαν

204 1837 500 1912 ὶκπέμψας
554 1841 582 1893 6
645 1839 899 1915 βασιλεὺς
956 1843 1091 1896 κατά
1144 1848 1254 1897 τῶν
1310 1844 1474 1917 πέραν
1535 1848 1632 1899 τοῦ
1688 1843 1868 1917 Α’ίμου

205 1923 610 2002 Βουλγαρικῶν
644 1928 913 2004 κάστρων,
945 1929 1229 2006 ἀρχηγοὺς
1283 1927 1515 2006 ἔχουσαν
1545 1933 1636 1987 τὸν
1676 1934 1871 2006 πατρί-

202 2038 338 2071 κιον
393 2015 809 2093 Θεοδωροκάνον
866 2019 956 2074 καὶ
1005 2020 1321 2097 Νικηφόρον
1386 2025 1871 2098 πρωτοσπαθάριον

204 2106 309 2161 τὸν
340 2108 565 2183 Ξιφίαν,
595 2109 695 2179 τήν
725 2128 785 2163 τε
818 2108 1064 2184 μεγάλην
1093 2110 1206 2165 εἷλε
1250 2106 1598 2185 Περσθλάϐαν
1643 2112 1732 2167 καὶ
1774 2115 1874 2183 τήν

206 2196 418 2269 μικρὰν
450 2196 538 2250 καὶ
568 2197 667 2264 τήν
691 2192 1127 2268 Πλίσκοϐαν,καὶ
1158 2199 1347 2269 ἀσινὴς
1380 2201 1469 2255 καὶ
1498 2206 1875 2277 τροπαιοῦχος

207 2289 245 2353 ἡ
276 2286 569 2356 Ῥωμαϊκὴ
605 2285 936 2358 ὑπενόστησε
965 2284 1214 2361 δύναμις.

284 2373 390 2443 Τῷ
422 2370 469 2427 δ’
498 2373 706 2430 ἐπιόντι
751 2375 919 2431 πάλιν
976 2371 1080 2433 ἔτει
1122 2378 1302 2433 ἄπεισι
1355 2381 1492 2435 κατὰ
1543 2378 1873 2454 Βουλγάρων

207 2463 240 2517 ὃ
294 2462 554 2535 βασιλεὺς
613 2461 703 2519 διὰ
751 2464 1176 2537 Θεσσαλονίκης,
1216 2467 1305 2522 καὶ
1363 2468 1674 2545 προσερῥύη
1724 2470 1872 2541 αὐτῷ

212 2547 593 2626 Δοϐρομηρὸς
654 2554 681 2607 ὁ
737 2556 835 2623 τῆς
892 2554 1144 2631 Βερῥοίας
1228 2559 1540 2633 κατάρχων,
1597 2555 1872 2631 παραδοὺς

207 2639 312 2695 καὶ
339 2641 443 2708 τήν
474 2639 634 2695 πόλιν
689 2646 768 2713 τῷ
829 2642 1045 2717 βασιλεῖ
1094 2643 1184 2699 καὶ
1240 2645 1543 2710 ἀνθύπατος
1596 2647 1872 2718 τιμηθείς.

210 2731 274 2783 Ὀ
313 2727 378 2783 δὲ
408 2729 473 2784 τὰ
529 2726 725 2805 Σέρϐία
775 2730 1061 2808 φυλάττων
1110 2732 1407 2803 Νικόλαος,
1440 2736 1500 2790 ’ὃν
1549 2734 1871 2805 Νικολιτζᾶν

210 2817 684 2894 ὅποκοριζόμενοι
744 2817 833 2875 διὰ
882 2822 946 2875 τὸ
1006 2822 1184 2898 βραχὺ
1212 2830 1312 2893 τῆς
1343 2823 1565 2894 ἡλικίας
1620 2822 1869 2894 ἐκάλουν,

211 2905 482 2979 ὶκθύμως
507 2906 724 2984 ἀντεῖχε
751 2907 841 2963 καὶ
874 2911 973 2979 τήν
1020 2911 1448 2987 ἐπενηνεγμένην
1500 2915 1648 2986 αὐτῷ
1703 2935 1873 2990 γεγη-

205 2991 404 3060 θὸτως
492 2996 720 3074 ὑπὲφερε
800 2997 1170 3075 πολιορκίαν.
1234 3002 1553 3076 Φιλοτίμως
1636 3000 1694 3058 δὲ
1775 3008 1872 3058 τοῦ

206 3084 497 3161 βασιλέως
554 3089 910 3162 χρησαμένου
966 3089 1103 3163 αὐτῇ
1162 3090 1307 3146 ὲάλω
1352 3094 1415 3146 τὸ
1464 3092 1726 3170 φρούριον
1781 3094 1872 3148 καὶ

201 3176 387 3238 αὐτὸς
446 3176 475 3229 6
533 3175 858 3246 Νικολιτζᾶς
894 3195 905 3207 ·
951 3179 1039 3233 καὶ
1122 3181 1431 3252 μετοικίσας
1497 3180 1697 3246 ἐκεῖθεν
1746 3180 1873 3244 τοὺς

206 3260 574 3337 Βουλγάρους
633 3266 662 3318 6
726 3264 983 3339 βασιλεὺς
1042 3268 1346 3341 Ῥωμαίους
1405 3269 1693 3341 φυλάττειν
1778 3271 1873 3326 ἒπ-

204 3352 437 3421 ἑστησε.
475 3353 569 3406 Καὶ
600 3356 766 3407 ταῦτα
800 3351 1000 3429 δράσας
1033 3354 1269 3412 ἐπάνεισι
1300 3358 1437 3432 πρὸς
1464 3360 1562 3427 τὴν
1597 3357 1873 3434 βασιλίδα,

205 3440 556 3516 ἑπαγόμενος
616 3444 734 3513 μεθ’
768 3443 959 3498 ἑαυτοῦ
1015 3445 1104 3498 καὶ
1151 3447 1242 3500 τὸν
1298 3446 1644 3519 Νικολιτζᾷν,
1675 3450 1734 3503 ’ὸν
1784 3449 1874 3503 καὶ

205 3528 607 3607 πατρικιότητι
690 3529 967 3606 ἐτίμησεν.
1054 3531 1215 3589 Ἀλλ’
1297 3530 1554 3591 ἀϐεϐαίου
1652 3538 1877 3613 γνώμης

211 3622 393 3682 οὗτος
469 3618 678 3694 τυχὼν,
739 3620 935 3676 ἐκεῖθεν
1023 3618 1283 3695 ἀποδρὰς,
1338 3619 1527 3689 ἔλαθεν
1584 3624 1877 3690 ἀνασωθεὶς

202 3710 359 3784 πρὸς
392 3710 483 3762 τὸν
511 3708 800 3781 Σαμουὴλ,
832 3709 922 3764 καὶ
984 3711 1101 3782 μετ’
1130 3710 1295 3766 αὐτοῦ
1351 3711 1524 3768 ἐλθὼν
1563 3712 1873 3788 ἐπολιόρκει

199 3800 272 3855 τὰ
329 3792 554 3870 Σὲρϐια.
606 3796 781 3853 Ἀλλᾶ
820 3796 984 3852 πάλιν
1046 3800 1075 3854 6
1119 3800 1372 3874 βασιλεὺς
1422 3800 1545 3872 ὀξὺς
1601 3800 1877 3880 ἐπιφανεὶς

204 3890 316 3958 τὴν
356 3893 460 3956 τῆς
508 3884 723 3949 πόλεως
780 3881 938 3942 ἔλυσε
994 3887 1339 3964 πολιορκίαν,
1377 3887 1603 3966 δρασμῷ
1662 3911 1875 3967 χρησασ-

206 3979 394 4050 μὶνου
420 3978 515 4030 τοῦ
544 3975 843 4044 Νικολιτζᾶ
874 3976 967 4031 σὺν
994 3981 1073 4049 τῷ
1128 3978 1421 4053 Σαμουῄλ.
1454 3977 1615 4036 Ἀλλ’
1647 3980 1745 4035 οὐκ
1798 3980 1875 4044 εἷς

202 4066 384 4127 τέλος
438 4061 620 4137 διέδρα
678 4065 706 4118 6
760 4064 1007 4127 ἄπιστοςε
1044 4064 1204 4142 )όχῳ
1258 4070 1361 4143 γάρ
1417 4090 1524 4123 τινι
1583 4071 1874 4143 Ῥωμαϊκῷ

203 4154 527 4229 περιπεσὼν
561 4153 887 4230 συνελήφθη,
919 4154 1008 4209 καὶ
1040 4156 1178 4229 πρὸς
1215 4157 1307 4211 τὸν
1368 4156 1594 4232 βασιλέα
1650 4157 1870 4232 δὲσμιος

204 4242 416 4319 ἀχθεὶς
446 4240 520 4303 εἷς
551 4242 796 4319 φυλακὴν
851 4237 1121 4314 ἐνεϐλήθη
1184 4243 1239 4299 ἰν
1296 4246 1872 4304 Κωνσταντινουπόλει

202 4329 507 4407 πεμφθείς.
540 4330 602 4388 Ὀ
635 4327 692 4385 δὲ
726 4330 982 4406 βασιλεὺς
1012 4330 1183 4388 ελθὼν
1235 4332 1310 4397 εἰς
1364 4333 1656 4391 Θετταλίαν
1711 4338 1779 4391 τὰ
1816 4336 1870 4393 ἄν

200 4420 357 4491 αὐτῇ
393 4416 625 4495 φρούρια
652 4415 762 4488 ἤδη
794 4418 943 4495 παρὰ
994 4424 1093 4474 τοῦ
1144 4421 1413 4493 Σαμουὴλ
1469 4424 1871 4501 κατασκαφέντα

201 4508 603 4581 ἆνωρθώσατο,
636 4507 724 4561 καὶ
776 4506 844 4561 τὰ
882 4507 1029 4582 παρὰ
1078 4513 1186 4563 τῶν
1248 4509 1579 4586 Βουλγάρων
1631 4513 1869 4588 κατεχό-

1970 602 2369 675 suspicionem
2402 608 2459 659 et
2488 602 2599 674 ipsi
2631 602 2949 669 venissent,
2978 601 3049 655 ad
3100 600 3445 655 Samuelum
3496 613 3628 654 sese

1969 691 2365 757 contulerunt,
2420 693 2678 748 Batatzes
2730 708 2865 747 cum
2914 694 3038 746 tota
3083 688 3330 757 familia,
3373 689 3627 746 Basilius

1969 780 2181 837 Glabas
2212 781 2592 853 solus.C.ujus
2623 782 2811 835 lilium
2844 780 3165 850 imperator
3193 794 3296 849 per
3325 777 3622 849 integrum

1970 871 2289 925 triennium
2330 870 2390 925 in
2438 871 2704 926 custodia
2750 870 3049 924 detentum
3101 868 3339 923 tandem
3372 866 3625 923 dimisit.

1971 961 2137 1016 Tunc
2181 960 2357 1015 etiam
2410 959 2655 1031 principi
2701 958 2952 1014 Venetia
3002 958 3322 1029 imperator
3368 960 3622 1027 nuptum

1970 1049 2217 1104 tradidit
2256 1048 2436 1105 filiam
2479 1048 2709 1121 Argyri,
2754 1064 3013 1105 sororem
3062 1048 3191 1119 ejus
3242 1045 3490 1102 Romani
3521 1044 3625 1118 qui

1972 1146 2106 1210 post
2136 1138 2383 1208 imperio
2416 1140 2638 1209 potitus
2684 1142 2792 1204 est,
2844 1137 2953 1193 hoc
3000 1138 3173 1192 modo
3220 1134 3333 1192 sibi
3386 1140 3623 1206 gentem

1973 1229 2307 1283 devinciens
2341 1230 2635 1284 Venetam.
2664 1227 2769 1281 Per
2801 1225 3224 1297 PhilippOpolin
3257 1241 3491 1295 quoque
3512 1224 3623 1278 im-

1975 1317 2339 1390 pressionem
2370 1317 2428 1372 in
2447 1316 2776 1387 Bulgariam
2794 1313 3231 1380 fecit,custodia
3260 1312 3439 1385 hujus
3457 1311 3623 1368 urbis

1975 1407 2295 1464 commissa
2320 1406 2563 1478 patricio
2593 1405 3043 1462 Theodorocano
3068 1421 3082 1471 ;
3116 1402 3439 1474 multisque
3466 1400 3626 1457 Tria-

1976 1497 2140 1553 ditza:
2162 1497 2380 1552 eversis
2410 1493 2667 1552 castellis
2696 1491 3101 1566 Mosynopolin
3132 1490 3303 1548 redit.

2049 1771 2217 1825 Anno
2249 1764 2454 1822 mundi
2481 1764 2646 1829 5508,
2680 1762 2999 1819 indictione
3022 1761 3107 1828 13,
3142 1774 3377 1833 gravem
3406 1757 3628 1815 exerci-

1900 1873 1948 1939 B
1979 1863 2106 1915 tum
2121 1856 2371 1914 Basilius
2383 1856 2564 1910 mittit
2584 1855 2864 1909 adversus
2880 1851 3189 1922 Bulgarica
3210 1855 3375 1906 trans
3394 1850 3628 1904 .IEmum

1983 1946 2452 2015 castra,ducibus
2474 1942 2717 2014 patricio
2747 1940 3199 1996 Theodorocano
3216 1944 3274 1994 et
3298 1937 3627 2008 Nicephoro

1983 2033 2455 2109 protospathario
2487 2031 2714 2103 Xiphia.
2745 2030 2927 2101 Capta
2956 2029 3027 2084 ab
3054 2027 3146 2083 bis
3182 2027 3371 2097 major
3411 2026 3629 2082 minor-

1982 2141 2093 2196 que
2124 2123 2440 2181 Pershlaba
2487 2126 2660 2193 atque
2706 2118 2990 2187 Pliscoba,
3040 2116 3339 2188 victorque
3385 2115 3629 2171 domum

1983 2214 2157 2269 rediit
2185 2213 2486 2268 Romanus
2516 2209 2823 2265 exercitus.

2056 2373 2396 2447 Insequenti
2428 2388 2583 2427 anno
2610 2386 2845 2427 rursum
2876 2365 3269 2440 imperatoria
3294 2363 3630 2437 Bulgariam

1984 2465 2103 2521 abit
2137 2480 2238 2536 per
2265 2460 2761 2518 Thessalonicam.
2794 2457 2877 2513 Ibi
2908 2474 2972 2512 se
3000 2456 3323 2526 urbemque
3344 2455 3629 2509 Berrmam

1984 2555 2111 2626 ejus
2161 2551 2434 2625 princeps
2480 2549 2869 2605 Dobromerus
2915 2543 3095 2612 dedit,
3154 2547 3209 2599 et
3260 2539 3629 2615 proconsulis

1983 2642 2238 2699 aflicitur
2278 2642 2510 2696 honore.
2562 2640 2636 2692 Αι
2676 2636 2777 2709 qui
2822 2633 3019 2691 Servis
3073 2631 3342 2705 praesidio
3396 2630 3632 2688 tenebat

1982 2731 2277 2794 Nicotaus,
2310 2745 2482 2800 quem
2514 2724 2863 2781 diminutiva
2896 2725 3083 2779 forma
3112 2723 3184 2778 ob
3233 2724 3471 2776 statura)
3503 2718 3632 2775 bre-

1980 2820 2219 2877 vitatem
2246 2816 2586 2874 Nicolitzam
2620 2814 2926 2876 vocabant,
2966 2815 3305 2883 oppugnato
3334 2808 3407 2864 ab
3439 2808 3627 2880 impe-

1982 2914 2171 2967 ratore
2185 2906 2425 2965 castello
2448 2904 2673 2961 fortiter
2693 2919 2759 2957 ac
2778 2900 3049 2958 alacriter
3066 2896 3631 2967 resistebant,donec

1982 3001 2136 3058 453
2167 2999 2241 3054 ab
2273 2997 2621 3068 imperatore
2651 2992 2705 3047 vi
2733 2989 2972 3047 castello
3002 2989 3332 3060 expugnato
3360 2983 3541 3042 simul
3572 2988 3630 3041 et

1980 3090 2107 3163 ipse
2138 3090 2197 3143 in
2220 3088 2348 3156 ejus
2382 3087 2727 3157 potestatem
2749 3080 2928 3135 venit.
2961 3078 3024 3133 Id
3072 3075 3401 3143 castellum,
3434 3079 3628 3129 trans-

1983 3180 2117 3235 latis
2146 3177 2260 3233 alio
2292 3172 2577 3245 Bulgaria,
2610 3170 2929 3242 imperator
2960 3170 3222 3221 Romano
3255 3164 3448 3218 munit
3478 3178 3627 3234 pra:-

1906 3244 1950 3312 C
1984 3267 2170 3333 sidio;
2203 3283 2267 3322 ac
2298 3244 2436 3320 inde
2458 3260 2657 3335 Cpolin
2683 3258 2927 3327 redit,eo
2951 3254 3125 3312 etiam
3143 3251 3423 3309 Nicolitza
3443 3250 3627 3306 abdu-

1984 3364 2076 3413 cto
2125 3372 2190 3412 ac
2232 3352 2460 3427 patricii
2509 3351 2728 3407 honore
2774 3352 3001 3403 ornato.
3054 3347 3272 3399 Verum
3318 3338 3633 3397 Nicolitzas

1983 3447 2159 3503 homo
2189 3444 2529 3498 inconstans
2560 3440 2704 3494 urbe
2744 3436 3024 3509 profugit,
3070 3433 3391 3503 furtimque
3422 3429 3494 3486 ad
3525 3429 3631 3485 Sa-

1983 3533 2245 3591 muelum
2275 3530 2515 3602 elapsus
2544 3544 2679 3582 cum
2713 3540 2780 3581 eo
2823 3525 3023 3579 Servia
3070 3524 3392 3593 oppugnat.
3441 3520 3629 3583 Quam

1980 3621 2349 3679 obsidionem
2381 3616 2644 3674 celeriter
2674 3612 3093 3685 superveniens
3114 3610 3432 3680 imperator
3463 3604 3632 3660 facile

1983 3710 2288 3778 discussit,
2320 3706 2556 3763 Nicolao
2589 3711 2646 3759 et
2675 3701 2948 3759 Samuelo
2970 3695 3518 3769 diﬂ‘ugientihus.Et
3536 3694 3631 3749 Ni-

1981 3802 2187 3859 colitza
2215 3818 2249 3856 a
2272 3797 2526 3869 quodam
2559 3795 2956 3851 Romanorum
3005 3787 3329 3857 manipulo,
3360 3784 3420 3839 in
3450 3799 3629 3855 quem

1981 3890 2287 3956 inciderat,
2319 3890 2528 3958 captus
2578 3887 2633 3938 et
2664 3881 2723 3937 in
2766 3878 3019 3934 vinculis
3062 3876 3378 3936 adductus,
3426 3871 3628 3942 Cpolin

1983 3982 2202 4037 missus
2233 3978 2291 4033 in
2325 3989 2617 4033 carcerem
2640 3968 2971 4041 conjicitur.
2994 3965 3138 4021 inde
3169 3964 3227 4018 in
3258 3960 3625 4017 Thessaliam

1981 4070 2281 4142 profectus
2314 4065 2630 4135 imperator
2659 4057 2894 4116 castella
2915 4074 2948 4111 a
2968 4051 3240 4111 Samuelo
3264 4051 3459 4142 diruta
3494 4049 3624 4142 refi-
3702 4073 3707 4077 -

1981 4139 2079 4228 cit,
2113 4175 2241 4228 quae
2272 4172 2305 4209 a
2334 4153 2600 4222 Bulgaria
2638 4148 2985 4204 tenebantur
3036 4146 3355 4215 expugnat,
3411 4139 3628 4211 Bulga-

1979 4244 2465 4319 rosqueBolerum
2484 4239 2615 4308 (loci
2641 4238 2750 4293 hoc
2768 4235 3002 4305 nomen)
3020 4230 3632 4319 transfert,omnibusc

1981 4317 2378 4410 que‘castellis
2410 4328 2677 4403 praesidio
2709 4324 2953 4382 munitis
2984 4324 3056 4378 ad
3081 4322 3316 4377 Bodena
3346 4317 3628 4410 pervenit.

1977 4407 2212 4482 Bodena
2242 4420 2551 4479 castellum
2596 4423 2684 4474 est
2732 4432 2871 4472 saxo
2918 4416 3211 4486 praerupto
3262 4407 3629 4481 impositum,

1977 4531 2081 4585 per
2109 4512 2264 4585 quod
2298 4525 2503 4566 saxum
2523 4525 2676 4579 aqua
2703 4504 2938 4578 paludis
2968 4500 3201 4558 Ustrobi
3234 4497 3458 4555 occulte
3480 4498 3633 4554 infra

208 4617 356 4670 μενα
414 4593 855 4670 ἐκπολιορκήσας
909 4596 1038 4659 τοὺς
1098 4599 1192 4671 μὶν
1222 4601 1303 4672 [Ρ.
1352 4601 1478 4674 705]
1527 4599 1870 4678 Βουλγάρους

1982 4608 2192 4659 terram
2226 4600 2451 4665 deﬂuit,
2482 4598 2735 4669 indeque
2762 4609 2998 4649 rursum
3049 4590 3316 4679 emergit.
3362 4588 3628 4679 Cumque

203 4685 259 4749 ξς
293 4686 391 4740 τὸν
441 4683 736 4759 λεγόμενον
787 4686 1054 4759 μετῴκισε
1110 4684 1367 4763 Βολερὸν,
1401 4688 1638 4767 φρουρὰν
1687 4674 1759 4746 ⁷δέ
1814 4690 1865 4746 ἐν

1982 4690 2194 4749 deditio
2228 4707 2341 4746 non
2375 4688 2556 4754 ﬂeret,
2589 4686 2639 4740 vi
2670 4685 2984 4755 expugnat,
3027 4678 3398 4767 Bulgaricum
3431 4674 3627 4767 praesi-

204 4779 342 4829 πᾶσι
374 4771 693 4829 καταλιπὼν
743 4775 1047 4851 ἀξιόμαχον
1110 4763 1551 4842 ἑπανῆλθενγνεῖς
1601 4778 1668 4834 τὰ
1712 4778 1869 4854 λεγό-

1982 4781 2144 4837 dium
2178 4780 2446 4834 Bolerum
2480 4777 2764 4847 deportat,
2787 4776 2844 4827 et
2869 4769 3111 4827 castello
3132 4765 3406 4841 praesidio
3439 4763 3629 4820 valido

207 4884 352 4935 μενα
410 4858 661 4934 Βοδηνά“
697 4861 959 4937 φρούριον
1016 4860 1073 4917 δὲ
1129 4865 1197 4919 τὰ
1256 4863 1470 4934 Βοδηνα
1526 4865 1615 4921 ἐπὶ
1673 4869 1870 4942 πέτρας

1982 4870 2257 4939 imposito
2287 4863 2766 4922 Thessalonicam
2802 4861 2944 4916 abit.

203 4950 502 5024 ἀποτόμου
554 4952 828 5024 κείμενον,
862 4949 931 5006 δι’
982 4954 1049 5024 ἥς
1106 4954 1364 5031 καταρρεῖ
1409 4956 1471 5009 τὸ
1532 4962 1633 5025 τῆς
1693 4940 1894 5029 λίμνης
1948 4960 2046 5011 τοῦ
2078 4949 2376 5027 Ὀστροόοὖ
2433 4948 2600 5024 ὕδωρ,
2637 4948 2739 5002 ὑπὸ
2795 4954 2903 5023 γῆς
2958 4946 3197 5000 κάτωθεν
3252 4940 3371 5018 ῥέον
3411 4940 3627 5031 ἀφανῶς

207 5042 431 5096 κάκεῖσε
462 5038 629 5095 πάλιν
667 5037 1064 5113 ὑποδυόμενον.
1099 5042 1198 5097 Καὶ
1240 5029 1350 5098 επεὶ
1388 5044 1465 5116 μή
1517 5043 1774 5107 ἑκουσίως
1802 5042 2157 5119 παρεδίδοσαν
2218 5039 2436 5103 ἑαυτοὺς
2493 5039 2544 5094 οἱ
2601 5033 2779 5103 ἔνδον,
2811 5032 3107 5108 πολιορκίᾳ
3152 5035 3315 5086 τοῦτο
3373 5029 3626 5103 κατέσχε.

205 5128 310 5184 Καὶ
349 5128 583 5271 τρύτρυς
643 5128 853 5201 ὁμοίως
913 5127 989 5191 εἷς
1046 5130 1139 5185 τὸν
1198 5115 1441 5201 Βυλερὸν
1499 5131 1805 5204 ἀποικίσας,
1838 5115 2048 5209 φρουρᾷ
2106 5130 2164 5189 δὲ
2218 5136 2380 5188 τοῦτο
2439 5125 2863 5205 ὀχυρωσάμενος
2894 5121 3195 5199 ἀξιολόγῳ,
3223 5118 3490 5176 ἐπάνεισιν
3550 5115 3626 5179 εἰς

205 5224 376 5271 Θεσσα
417 5237 480 5271 ον
506 5237 631 5271 κην.

204 5216 607 5288 Θεσσαλονίκην
618 5257 631 5271 .

1417 5355 1781 5413 XYLANDRI
1822 5358 1903 5414 ET
1943 5358 2159 5415 GOARI
2197 5358 2425 5415 NOTIE.

200 5484 342 5573 ipse.
362 5488 578 5573 licet”
599 5483 938 5573 subiunxit:
971 5488 1114 5573 Xrn.
1146 5517 1218 5530 —
1248 5484 1614 5573 ἰλλρύστριοι
1657 5490 1870 5548 nobile:

1982 5490 2167 5573 εὖγενῆ
2214 5494 2530 5573 eaponunt.
2580 5487 2903 5573 Conﬁrmat
2950 5485 3266 5573 Bla‘stares,
3298 5498 3360 5573 Ic.
3532 5482 3630 5573 τοῦ

201 5551 300 5612 hic
327 5551 953 5644 interpretor.;l~‘avet.
976 5564 1182 5614 auctor
1227 5551 1514 5644 subdens,
1561 5578 1868 5644 ac__o1pa1-

1982 5571 2024 5644 _A
2053 5551 2337 5644 στοὶχξίιξυ
2382 5562 2685 5644 mulierem
2729 5559 2973 5644 nobilem
3022 5551 3628 5644 i§lounPtavﬂappelt

204 5633 421 5702 ηγωωιῖς
474 5621 679 5703 ἀρχαῖς
732 5621 1130 5758 δειαπρὲραντας
1182 5647 1394 5688 vocans
1446 5621 1553 5689 bos
1602 5621 1865 5691 illustres.

200 5701 611 5774 Sum-agantur
640 5697 879 5756 Basilio.
962 5700 1153 5771 lassae,
1199 5718 1326 5774 qua
1378 5699 1728 5781 ἴλλούστριον
1760 5722 1866 5762 σου

1982 5633 2108 5690 lans
2145 5650 2158 5689 :
2185 5621 2249 5688 Ἦ
2281 5629 2338 5687 δὲ
2384 5629 2705 5707 ἲλλουστρία
2734 5630 3037 5705 νομίμουςκ
3058 5621 3265 5705 ἔχουσα
3291 5621 3628 5690 παῖδαῖκαὶ

1982 5710 2346 5781 πορνογενεῖς.
2379 5703 2554 5761 GOAR.
