4070 6334
440 342 556 406 18³1

1765 343 2084 409 GEORGII
2129 343 2471 408 CEDRENI

3731 345 3850 410 188

511 472 620 539 Qui
649 473 962 546 praefuerat
972 471 1022 528 ei
1037 471 1277 528 castello
1289 472 1730 538 Draxamus,vir
1749 473 2085 539 bellicosus,

2267 474 2327 529 Ὀ
2387 469 2444 527 δὶ
2523 469 2622 527 τοῦ
2691 471 2953 550 φρουρίου
3009 492 3303 549 κατάρχων
3365 472 3653 549 Δραξάνος,
3709 475 3846 549 ἀνὴρ

441 563 514 619 ab
545 563 898 635 imperatore
930 563 1085 619 454
1115 561 1393 633 impetrat
1418 568 1482 618 ut
1510 563 1938 619 Thessalonica:
1975 563 2088 620 sibi

441 652 641 709 liceret
671 653 914 724 degere;
949 652 1149 723 ibique
1173 669 1409 707 uxorem
1469 653 1632 708 ducit
1682 653 1862 708 ﬁliam
1916 653 2088 725 primi

443 742 1110 814 peribatariorumgsedis
1161 743 1434 813 martyris
1482 743 1780 798 Demetrii.
1829 747 2092 814 Cumque

437 833 532 887 bis
562 848 629 887 ea
660 832 935 886 maritum
971 836 1194 902 patrem
1233 831 1485 896 fecisset,
1517 832 1642 901 ipse
1673 832 1945 903 profugit.
1980 832 2089 887 De-

437 922 763 994 prehensus
795 937 994 976 socero
1023 920 1418 975 intercedente
1454 921 1681 975 veniam
1733 922 2086 993 impetravit.

439 1011 506 1066 Et
535 1027 668 1065 cum
691 1011 884 1065 denuo
912 1008 1530 1082 profugisset,rursum
1562 1019 1649 1066 est
1679 1011 1882 1066 eodem
1916 1011 2089 1066 modo

437 1099 741 1155 dimissus.
773 1099 920 1154 Aliis
971 1105 1168 1154 autem
1219 1100 1451 1155 duobus
1497 1099 1699 1154 liberis
1751 1101 2086 1170 procreatis,

436 1190 679 1245 tertium
713 1194 776 1242 ut
793 1188 1481 1260 profugit,captusinque
1497 1189 1691 1260 palum
1715 1190 2085 1244 suffixusest.

507 1368 743 1425 Interim
780 1368 1096 1424 Numerius
1126 1372 1183 1424 et
1217 1368 1498 1441 Ataphitee
1527 1369 1747 1426 Arabes
1796 1386 1932 1426 cum
1966 1373 2088 1426 Cm-

436 1459 715 1531 lesyriam
736 1458 1042 1528 ipsamque
1061 1457 1238 1513 etiam
1264 1457 1523 1512 Africam
1546 1459 1800 1528 graviter
1814 1465 2089 1516 vexarent

437 1545 1249 1616 ineursionihus,magistrum
1271 1547 1655 1616 Nicephorum
1692 1547 1950 1602 Uranum
1976 1549 2085 1603 im-

437 1641 678 1711 perator
707 1639 1008 1708 praetorem
1045 1634 1366 1690 Antiochia:
1398 1635 1925 1706 mittit,suceedere
1954 1637 2003 1692 ei
2024 1636 2083 1691 in

435 1731 746 1798 praeturam
772 1722 1389 1795 Thessalonicesjusso
1414 1724 1656 1797 patricio
1679 1725 1898 1781 Davido
1921 1727 2084 1782 Aria-

2199 559 2567 636 πολεμιστὴς,
2607 562 2849 637 ᾐτήσατο
2901 563 3036 617 κατὰ
3089 564 3188 632 τὴν
3249 561 3639 634 Θεσσαλονίκην
3689 563 3848 634 οἰκῆ-

2201 673 2309 708 σαι.
2344 651 2752 714 Ἐπινεῦσαντος
2811 649 2869 706 δὶ
2925 649 3022 707 τοῦ
3083 649 3351 727 βασιλέως
3407 652 3690 726 ἡρμόσατο
3750 675 3848 728 γυ-

2198 747 2359 796 ναῖκα
2424 743 2525 810 τὴν
2589 741 2852 816 θυγατέρα
2919 746 3016 796 τοῦ
3097 742 3318 815 πρώτου
3386 747 3491 796 τῶν
3551 737 3847 818 περιϐατα-

2199 832 2331 905 ρίων
2521 835 2618 884 τοῦ
2671 835 2802 885 ναοῦ
2856 835 2953 885 τοῦ
3005 830 3323 908 ἀθλοφόρου
3382 833 3724 906 Δημητρίου,
3757 830 3848 885 καὶ

2198 917 2395 982 παῖδας
2427 919 2478 974 ἐν
2512 920 2678 989 αὐτῆς
2711 916 2838 995 ἔσχε
2896 918 3012 977 δύο.
3065 921 3192 975 Εἶτα
3249 918 3492 996 ἀποδρὰς
3553 917 3723 992 ἑάλω,
3757 921 3847 975 καὶ

2199 1008 2422 1082 ἐντεύξει
2491 1007 2586 1063 τοῦ
2655 1007 2922 1080 κηδεστοῦ
2994 1011 3378 1085 συνεχωρήθη.
3439 1011 3534 1064 Καὶ
3597 1007 3848 1084 δεύτερον

2199 1097 2439 1174 ἀποδράς
2499 1099 2705 1170 ὁμοίως
2761 1099 2985 1176 ἀφείθη.
3027 1099 3125 1153 Καὶ
3181 1097 3338 1172 ’ἕτερα
3397 1096 3455 1153 δὲ
3509 1099 3668 1154 τέκνα
3749 1097 3848 1155 δύο

2196 1190 2431 1258 ποιήσας
2484 1189 2546 1243 τὸ
2600 1188 2780 1263 τρίτον
2813 1186 3039 1262 ἀπέδρα,
3072 1187 3162 1242 καὶ
3221 1187 3563 1266 συλληφθεὶς
3617 1191 3848 1244 ἀνεσκο-

2198 1275 2459 1349 λοπίσθη.

2265 1372 2379 1421 Τῶν
2437 1364 2494 1422 δὲ
2548 1368 2905 1441 Νουμεριτῶν
2960 1387 3048 1422 και
3102 1367 3403 1444 Ἀταφιτῶν
3434 1361 3683 1442 Ἀράϐων
3737 1364 3850 1422 δει-

2194 1461 2299 1518 νῶς
2353 1461 2456 1526 τήν
2511 1477 2571 1512 τε
2629 1455 2839 1527 Κοίλην
2901 1456 3099 1530 Συρίαν
3146 1454 3235 1511 καί
3266 1457 3437 1526 αὐτὴν
3469 1459 3849 1532 κατατρεχόν-

2194 1566 2301 1600 των
2349 1547 2447 1614 τήν
2483 1544 2842 1621 Ἀντιόχειαν,
2874 1545 2964 1600 τὸν
3029 1543 3323 1620 μάγιστρον
3379 1546 3692 1626 Νικηφόρον
3752 1547 3847 1600 τὸν

2195 1635 2430 1711 Οὐρανὸν
2482 1636 2510 1689 6
2573 1633 2827 1711 βασιλεὺς
2890 1632 3128 1710 ἄρχοντα
3187 1634 3529 1710 Ἀντιοχείας
3591 1637 3700 1709 (75)
3763 1633 3852 1692 έκ-

2194 1726 2421 1797 πέμπει,
2455 1721 2715 1799 διάδοχον
2749 1724 2914 1780 αὐτοῦ
2942 1725 3042 1794 τῆς
3076 1721 3477 1794 Θεσσαλονίκης
3527 1725 3854 1795 πεποιηκὼς

435 1815 652 1870 nita.Et
683 1813 1112 1885 Philippopolis
1146 1821 1454 1884 praaturam
1487 1815 1560 1869 ob
1591 1831 1824 1885 gravem
1851 1821 2081 1870 aetatem

2205 1816 2281 1868 εον
2323 1812 2608 1886 πατρίκιον
2663 1810 2828 1868 Δαϐὶδ
2885 1815 2977 1868 τὸν
3008 1814 3341 1887 Ἀριανίτην.
3375 1815 3463 1871 Ἐν
3525 1812 3584 1868 δὶ
3635 1812 3854 1870 Φιλιπ-

433 1904 766 1972 resignante
799 1903 1103 1958 Theodoro
1135 1919 1304 1964 cano,
1354 1919 1481 1955 eam
1533 1903 1857 1973 Nicephoro
1889 1911 2085 1973 proto-

2205 1902 2462 1957 πουπόλει
2490 1904 2590 1970 τὴν
2622 1902 3111 1978 πρωτοσπαθάριον
3142 1902 3459 1979 Νικηφόρον
3490 1903 3581 1958 τὸν
3641 1902 3849 1978 Ξιφίαν

435 1992 780 2065 spbathario
811 1992 1042 2064 Xiphiae
1076 1993 1336 2047 mandat.
1365 1996 1595 2047 Uranus
1623 1997 1687 2046 ut
1716 1994 2086 2050 Antiochiam

2205 1991 2518 2068 στρατηγεὶν
2602 1988 2773 2063 ἔταξε,
2837 1995 2935 2045 τοῦ
3011 1987 3426 2067 Θεοδωροκάνου
3505 1989 3593 2046 διὰ
3671 1999 3850 2068 γῆρας

437 2082 596 2139 venit
626 2083 856 2138 duobus
879 2086 980 2137 aut
1001 2081 1190 2137 tribus
1214 2079 1428 2152 praeliis
1451 2081 1810 2138 Cistrinitam
1828 2083 2084 2140 Arabum

2205 2081 2696 2155 παραιτησαμένου.
2730 2082 2794 2139 Ὀ
2850 2078 2908 2136 δὲ
2965 2082 3260 2157 μάγιστρος
3317 2080 3631 2157 Νικηφόρος
3681 2082 3708 2136 6
3743 2079 3848 2136 Οὖ-

439 2173 648 2228 ducem
697 2170 984 2239 contudit,
1033 2169 1318 2240 facileque
1370 2171 1662 2241 persuasit
1708 2177 1771 2227 ut
1816 2171 1866 2227 is
1914 2189 2086 2243 porro

2205 2169 2357 2244 ρανὸς
2417 2169 2469 2225 ἐν
2525 2170 2834 2245 Ἀντιοχείᾳ
2889 2170 3181 2244 γενόμενος
3234 2169 3323 2225 καὶ
3384 2168 3504 2225 δυσῖ
3559 2171 3649 2225 καὶ
3699 2169 3853 2240 τρισὶ

436 2262 786 2333 quiesceret,
819 2259 1135 2329 omniaque
1165 2257 1421 2313 reddidit
1451 2260 1850 2330 pacatissima.

2203 2260 2407 2334 μάχαις
2465 2258 2803 2331 συμπλακεὶς
2888 2261 3213 2334 Κιστρινήτη
3275 2263 3355 2332 τῷ
3432 2264 3540 2315 τῶν
3593 2253 3851 2335 Ἀράϐων

437 2351 728 2422 στρατηγῷ
783 2346 871 2401 καὶ
929 2347 1260 2423 τρεψάμενος
1319 2344 1522 2401 ἔπεισεν
1573 2347 1807 2423 ἡσυχίαν
1864 2347 2148 2425 ἅγειν,καὶ
2202 2348 2272 2404 τὰ
2321 2349 2616 2424 πράγματα
2668 2347 2744 2410 εἷς
2809 2349 3025 2424 βαθεῖαν
3085 2346 3303 2423 εἷ’ρήνην
3366 2350 3452 2404 καὶ
3497 2350 3856 2426 γαληνιῶσαν

439 2439 761 2512 μετήγαγεν.

503 2530 670 2583 Anno
703 2526 1382 2598 insequenti,indictione
1415 2528 1642 2584 decima
1673 2528 2087 2599 quinta,Bidy-

435 2634 569 2673 nam
603 2618 805 2672 urbem
837 2617 1087 2684 obsidet,
1120 2621 1177 2669 et
1206 2622 1332 2672 octo
1365 2633 1601 2672 menses
1649 2619 2086 2690 oppugnatione

435 2710 640 2772 tracta,
677 2722 803 2760 eam
835 2705 888 2758 vi
920 2705 1090 2776 capit.
1126 2705 1274 2759 Dum
1304 2705 1422 2760 htBO
1464 2707 1582 2776 agit
1613 2706 1946 2778 imperator,
1982 2709 2085 2762 Sa-

443 2794 672 2852 muelus
703 2795 1002 2866 expeditos
1034 2794 1256 2849 ducens
1295 2794 1847 2866 Adrianopolitanos
1899 2797 2088 2852 obiter

440 2885 725 2952 adoritur,
759 2883 908 2940 455
945 2882 1038 2938 die
1068 2883 1460 2953 assumptioni
1493 2883 1752 2954 Deipara:
1784 2885 1948 2954 festo,
1971 2901 2086 2954 quo

438 2973 672 3046 publica
685 2978 811 3027 tum
830 2973 899 3027 de
914 2988 1073 3027 more
1093 2973 1483 3042 peragebatur
1496 2972 1859 3027 solemnitas.
1882 2975 2086 3030 Subito

441 3063 622 3134 igitur
652 3062 885 3116 irruens
913 3076 1128 3131 magna
1151 3066 1315 3131 parta
1338 3062 1532 3132 praeda
1552 3061 2085 3134 discedit.lmpera-

431 3156 523 3209 tor
555 3151 780 3223 Bidyna
813 3148 1264 3223 diligentissime
1295 3149 1655 3205 communita
1683 3151 1740 3205 in
1775 3152 2087 3208 urbemin-

432 3240 685 3297 columis
729 3239 986 3295 reditum
1021 3238 1298 3305 instituit,
1335 3239 1524 3295 obiter
1555 3241 1754 3296 omnia
1788 3241 2091 3313 Bulgarica

437 3328 677 3384 castella
706 3333 941 3382 vastans
970 3332 1144 3398 atque
1174 3329 1583 3397 subigens.Sed
1617 3345 1749 3383 cum
1783 3331 1852 3384 ad
1887 3331 2090 3386 urbem

439 3417 683 3488 Seopias
715 3416 1428 3487 accederet,deprehendit
1448 3421 1610 3470 trans
1640 3418 1850 3472 Axium
1875 3420 2092 3474 ﬂumen

439 3507 619 3579 (nunc
637 3505 954 3561 Bardarius
984 3504 1410 3577 appellabatur)
1430 3507 1767 3563 Samuelum
1795 3508 2092 3581 negligen-

440 3600 526 3652 ter
556 3597 751 3650 castra
780 3593 1016 3650 habere.
1037 3594 1135 3648 llic
1165 3594 1318 3650 enim
1355 3596 1537 3651 fretus
1569 3601 1762 3654 amnis
1792 3599 2094 3654 abundan-

432 3684 536 3748 tia,
572 3689 630 3738 et
660 3699 793 3737 eum
828 3683 901 3738 ob
935 3700 1219 3752 aquarum
1255 3683 1604 3739 insolentem
1637 3687 1917 3741 at'ﬂuxum
1940 3694 2094 3740 tran-

438 3773 539 3829 siri
565 3789 679 3828 non
703 3788 875 3844 posse
906 3778 1344 3841 ratus,securus
1375 3779 1521 3828 erat.
1545 3777 1614 3827 At
1646 3774 1968 3846 imperator
1988 3791 2091 3846 per

439 3863 652 3918 vadum
671 3862 970 3934 aquodam
992 3863 1550 3918 suoruminventum
1579 3865 1778 3935 copias
1814 3867 2088 3922 traducit.

443 3952 646 4022 Itaque
700 3968 762 4007 re
811 3951 1114 4022 insperata
1177 3957 1587 4009 consternatus
1644 3953 1952 4010 Samuelus
2015 3957 2093 4012 ita

442 4042 626 4096 eti'use
656 4040 807 4111 fugit
836 4055 970 4095 cum
1002 4040 1150 4104 suis,
1181 4046 1246 4094 ut
1277 4057 1448 4097 nemo
1478 4057 1676 4096 eorum
1711 4042 1864 4096 hosti
1889 4060 2092 4114 peetus

447 4145 707 4200 unquam
742 4129 1095 4183 ostenderet.
1133 4129 1322 4199 Ipsius
1365 4129 1806 4184 tabernaculum
1854 4136 2092 4203 totaque

442 4223 634 4275 castra
665 4220 854 4289 capta.
887 4218 997 4271 Sed
1030 4222 1086 4272 et
1116 4218 1319 4273 urbem
1352 4219 1585 4290 Scopias
1617 4221 1955 4290 imperatori
1980 4227 2092 4278 tra-

439 4307 591 4363 didit
622 4306 674 4362 ei
705 4325 737 4361 a
765 4305 1035 4361 Samuelo
1069 4306 1375 4378 praefectus
1407 4307 1728 4378 Romanus,
1771 4310 1924 4365 Petri
1954 4310 2090 4365 Bul-

441 4413 712 4469 garorum
747 4395 894 4462 regis
927 4394 1101 4462 ﬁlius,
1146 4396 1361 4451 Borisae
1407 4399 1603 4466 frater,
1645 4399 1878 4454 Simeon
1910 4401 2090 4455 etiam

441 4486 534 4540 nvi
565 4484 803 4540 nomine
835 4483 1373 4555 appellatus.0uem
1407 4487 1536 4557 ejus
1567 4487 1741 4541 ofﬁcii
1772 4504 1952 4542 causa
1975 4489 2090 4543 im-

447 4577 680 4646 perator
708 4573 1018 4644 patricium
1052 4575 1550 4648 praepositumque
1589 4576 1881 4650 designat,
1932 4578 2089 4651 Aby—

448 4665 640 4736 doque
671 4662 930 4734 praeficit.

2267 2528 2327 2584 Ὀ
2357 2524 2416 2581 δὶ
2454 2524 2707 2601 βασιλεὺς
2737 2527 2873 2581 κατὰ
2913 2528 2976 2582 τὸ
3025 2527 3174 2582 ἐπιὸν
3216 2524 3338 2589 ἔτος
3380 2525 3720 2588 ίνδικτιῶνος
3787 2531 3854 2582 ιε’

2197 2615 2531 2688 έκστρατεύει
2561 2617 2698 2670 κατὰ
2729 2613 2978 2684 Βιδύνης,
3011 2617 3100 2669 καὶ
3143 2616 3224 2693 ἐφ’
3249 2615 3413 2677 ὅλους
3466 2616 3608 2669 ὀκτὼ
3672 2621 3851 2688 μῆνας

2197 2703 2671 2781 έμφιλοχωρήσας
2722 2708 2791 2777 τῇ
2850 2703 3176 2779 προσεδρείᾳ
3259 2706 3402 2779 αἱρεῖ
3457 2703 3591 2760 κατᾶ
3645 2703 3850 2780 κράτος

2193 2796 2296 2864 τήν
2326 2791 2514 2850 πόλιν.
2543 2794 2631 2850 Ἐν
2667 2793 2712 2865 ᾦ
2745 2791 2801 2849 δὲ
2834 2797 2897 2868 τῇ
2930 2791 3231 2868 πολιορκίᾳ
3261 2795 3418 2856 οὗτος
3451 2791 3844 2870 προσήδρευεν,

2197 2885 2224 2938 6
2259 2879 2525 2954 Σαμουὴλ
2579 2880 2797 2953 εὐζώνῳ
2830 2880 3179 2955 χρησάμενος
3209 2879 3497 2956 ὁδοιπορίᾳ
3552 2881 3850 2936 ἐπιτίθεται

2197 2971 2247 3041 ἐξ
2275 2969 2470 3048 ἐφόδου
2498 2975 2568 3044 τῇ
2621 2968 3075 3046 Ἀδριανουπόλει
3127 2972 3244 3025 κατ’
3272 2971 3437 3039 αὐτὴν
3480 2972 3579 3038 τήν
3633 2971 3848 3045 ἡμέραν

2195 3068 2296 3129 τῆς
2319 3061 2634 3132 κοιμήσεως
2663 3066 2767 3128 τῆς
2803 3060 3100 3135 ὑπεράγνου
3133 3059 3399 3115 Θεοτόκου
3430 3061 3563 3133 (58),
3597 3059 3688 3114 καὶ
3744 3063 3851 3130 τήν

2196 3171 2255 3205 τε
2284 3151 2612 3224 πανήγυριν,
2646 3147 2769 3218 ἥτις
2800 3147 2978 3213 εἷ’ώθει
3013 3147 3246 3220 ἒτησίως
3288 3147 3557 3212 τελεῖσθαι
3611 3145 3850 3221 δημοτε-

2202 3238 2327 3309 λὴς,
2362 3239 2504 3314 αἱρεῖ
2535 3236 2786 3315 ἐξαίφνης
2813 3236 3102 3306 ἐπιπεσὼν,
3136 3239 3225 3293 καὶ
3257 3235 3404 3292 λείαν
3436 3236 3652 3306 πολλὴν
3684 3237 3852 3311 ὑπερ-

2203 3329 2571 3400 ποιησάμενος
2609 3329 2932 3402 ὑπέστρεψεν
2966 3326 3045 3388 είς
3080 3326 3147 3381 τὰ
3194 3324 3327 3382 ἴδια.
3359 3327 3420 3382 Ὀ
3479 3323 3536 3380 δὲ
3596 3325 3856 3399 βασιλεὺς

2200 3420 2300 3488 τήν
2330 3415 2554 3486 Βιδύνην
2619 3415 2766 3488 μάλα
2823 3413 3010 3477 καλῶς
3071 3414 3492 3491 ὀχυρωσάμενος
3549 3411 3856 3484 ὶπανῆλθεν

2203 3507 2393 3575 ἀσινὴς
2425 3505 2500 3568 εἷς
2530 3505 2629 3574 τὴν
2668 3501 2946 3580 βασιλίδα,
2981 3503 3031 3557 έν
3065 3509 3142 3576 τῷ
3202 3500 3392 3558 διιέναι
3449 3505 3623 3559 πάντα
3675 3503 3742 3558 τὰ
3797 3503 3851 3558 έν

2201 3599 2330 3653 ποσὶ
2389 3594 2734 3671 Βουλγαρικὰ
2791 3594 3024 3672 φρούρια
3081 3592 3222 3667 δῃῶν
3273 3596 3362 3649 καὶ
3413 3593 3851 3672 καταστρεφόμε-

2200 3689 2417 3759 νος.Τῇ
2475 3684 2635 3739 πόλει
2696 3681 2752 3738 δὲ
2803 3688 2912 3738 τῶν
2948 3684 3199 3737 Σκοπίων
3244 3683 3454 3759 έγγίσας
3510 3685 3629 3758 εὗρε
3677 3684 3851 3758 πέραν

2201 3777 2382 3848 Ἀξιοῦ
2439 3778 2536 3829 τοῦ
2592 3777 2864 3846 ποταμοῦ,
2898 3773 2955 3826 ὃν
3014 3776 3104 3825 νῦν
3147 3770 3446 3849 Βαρδάριον
3495 3771 3851 3845 ὀνομάζουσι,

2199 3861 2680 3936 κατεσκηνωμένον
2740 3860 3055 3936 ἀμερίμνως
3101 3862 3194 3917 τὸν
3261 3860 3566 3934 Σαμουήλ·
3631 3859 3852 3936 θαρῤὦν

2199 3955 2300 4030 γὰρ
2331 3957 2399 4026 τῇ
2431 3949 2747 4025 πλημμύρᾳ
2774 3954 2870 4005 τοῦ
2899 3955 3172 4022 ποταμοῦ,
3203 3950 3294 4005 καὶ
3339 3952 3411 4012 ὡς
3473 3949 3533 4004 οὐ
3593 3945 3854 4012 διαϐατὸς

2197 4043 2262 4100 τὸ
2318 4047 2408 4096 νῦν
2471 4038 2600 4116 ἕχον
2660 4039 2858 4109 ἔσεται,
2889 4038 3149 4111 ηὐλίζετο
3210 4038 3453 4111 ἀμελῶς.
3485 4042 3566 4112 [Ρ.
3597 4040 3727 4114 706]
3757 4046 3854 4093 Τιο

2198 4131 2291 4193 νδς
2323 4130 2380 4186 δὲ
2426 4136 2536 4185 τῶν
2586 4134 2932 4204 στρατιωτῶν
2987 4128 3157 4206 πόρον
3213 4127 3464 4204 εὗρόντος
3517 4129 3608 4182 καὶ
3661 4126 3730 4182 δι’
3760 4127 3858 4182 αὖ·

2199 4225 2294 4276 τοῦ
2323 4221 2415 4276 τὸν
2453 4220 2679 4295 βασιλέα
2738 4213 3175 4286 διαϐιϐάσαντος,
3209 4219 3237 4274 6
3289 4218 3382 4291 μὲν
3455 4214 3721 4291 Σαμουὴλ
3771 4223 3856 4289 τῷ

2200 4307 2456 4385 αἰφνιδίῳ
2504 4307 2869 4382 καταπλαγεὶς
2923 4306 3110 4385 ἔφυγεν
3171 4306 3588 4381 ἀμεταστρεπτὶ,
3631 4304 3850 4383 ἐλήφθη

2201 4397 2269 4454 δι’
2301 4402 2334 4467 ἠ
2366 4399 2562 4453 τούτου
2617 4399 2788 4467 σκηνή
2847 4397 2938 4451 καὶ
2992 4397 3055 4451 τὸ
3114 4395 3244 4451 ὅλον
3304 4392 3682 4470 στρατόπεδον.
3727 4396 3853 4451 Ἐν-

2201 4487 2436 4564 εχείρισε
2467 4485 2523 4542 δὲ
2552 4487 2638 4541 καὶ
2670 4487 2770 4555 τὴν
2801 4485 2963 4541 πόλιν
2991 4491 3098 4540 τῶν
3138 4485 3392 4540 Σκοπίων
3439 4489 3521 4557 τῷ
3571 4485 3793 4558 βασιΑεῖ
3824 4487 3854 4540 6

2199 4577 2400 4649 ταύτης
2430 4578 2619 4653 ἄρχειν
2653 4574 2798 4649 παρὰ
2846 4579 2946 4630 τοῦ
3006 4573 3274 4648 Σαμουῆλ
3331 4572 3656 4649 τεταγμένος
3710 4572 3853 4629 Ῥω-

2122 4649 2168 4714 D
2204 4668 2388 4741 μανὸς,
2423 4649 2683 4741 ὁνῐίέτρου
2728 4665 2820 4738 μὶν
2867 4669 2963 4720 τοῖ’)
3016 4663 3284 4740 βασιλέως
3342 4666 3449 4718 τῶν
3508 4659 3853 4736 Βουλγάρων

450 4751 590 4824 υἱος,
619 4754 718 4806 τοῦ
763 4748 820 4805 δὲ
858 4750 1085 4824 Βορίσου
1114 4748 1366 4828 ἀδελφὸς,
1401 4755 1624 4825 Συμεὼν
1656 4758 1734 4826 τῷ
1765 4759 1861 4809 τοῦ
1890 4756 2115 4810 πάππου
2149 4756 2374 4828 ὀνόματι
2408 4753 2850 4827 μετονομασθείς
2885 4755 2942 4808 ’ὸν
2971 4756 2998 4809 6
3035 4752 3287 4829 βασιλεὺς
3317 4749 3708 4826 ἀποδεξάμενος
3749 4757 3856 4820 τῆς

448 4841 821 4917 προαιρέσεως
852 4839 1136 4915 πατρίκιόν
1163 4861 1220 4895 τε
1247 4847 1383 4914 τιμᾷ
1411 4842 1499 4896 καὶ
1531 4845 1911 4917 πραιπόσιτον,
1942 4847 2030 4899 καὶ
2063 4851 2377 4922 στρατηγεῖν
2407 4843 2670 4918 ἐκπέμπει
2702 4839 2952 4901 Ἀϐύδου.

517 4932 658 4989 Inde
676 4931 993 5004 imperator
1014 4931 1084 4986 ad
1111 4932 1417 4987 Pernicum
1443 4933 1784 5005 ducit,quod
1819 4935 2094 4991 tuebatur

2275 4935 2505 4991 Ἐκεῖθεν
2541 4935 2568 4988 6
2603 4931 2858 5009 βασιλεὺς
2889 4925 3080 4994 διαϐὰς
3127 4929 3344 5008 ἔρχεται
3390 4930 3524 5007 πρὸς
3573 4930 3662 4985 τὸν
3709 4927 3850 5004 Πέρ-

1627 5056 1994 5112 XYLANDRI
2035 5059 2126 5114 ET
2165 5059 2385 5115 GOARI
2424 5058 2653 5114 NOTE.

515 5161 626 5244 (5_6)
651 5166 764 5244 Hoc
792 5159 932 5244 quid
967 5159 1064 5229 sit,
1099 5160 1375 5244 nondum.
1395 5161 1593 5218 didici.
1615 5164 1763 5244 Quid
1787 5164 2090 5244 si_ali_quid

486 5232 1031 5300 rsbcndiariorum,
1063 5249 1208 5304 quos
1241 5232 1414 5288 hodie
1439 5241 1664 5291 vocant.
1709 5236 1901 5292 simile
1932 5232 2089 5293 fuit?

486 5251 1031 5300 rencnoiarlorum,
1063 5251 1208 5304 quos
1242 5251 1414 5288 noole
1439 5251 1664 5291 vocant.
1709 5251 1901 5292 sumite
1932 5251 2043 5293 tun.
2067 5251 2089 5293 ι’

443 5251 870 5379 Requenescio
903 5305 937 5360 b
967 5320 1071 5379 pro
1122 5321 1150 5358 υ
1183 5305 1318 5379 poni
1368 5304 1586 5379 solere,
1621 5311 1686 5362 ut
1731 5309 2091 5379 privatarum

445 5376 635 5447 possis
665 5376 1035 5447 legere,quod
1064 5377 1404 5431 tantundem
1448 5378 1589 5432 mihi
1613 5383 1701 5434 est
1724 5376 2087 5436 notum.XYL.

443 5476 514 5522 τ-
544 5451 618 5502 Ut
645 5447 919 5522 comitem
943 5448 1300 5522 privatarum
1326 5465 1514 5522 rerum
1547 5454 1603 5504 et
1633 5452 1944 5522 peculiaris
1967 5453 2091 5508 ﬁsci

443 5476 514 5488 ο-
549 5466 618 5502 ur.
645 5466 919 5503 comitem
943 5466 1300 5574 privatarum
1326 5466 1514 5503 rerum
1547 5466 1603 5504 et
1633 5466 1944 5522 peculiaris
1967 5466 2087 5508 tiae]

441 5517 760 5591 imperator
788 5518 937 5574 habe
983 5523 1061 5587 at,
1095 5520 1303 5591 privati
1331 5521 1520 5575 aerarii
1554 5523 1890 5591 prmfectum
1925 5526 2087 5580 dein-

444 5589 580 5662 ceps
611 5589 855 5661 dictum,
889 5591 970 5647 ita
999 5596 1057 5648 et
1085 5589 1340 5648 ecclesia
1371 5608 1517 5667 suos
1537 5589 1858 5667 curatores,
1891 5596 2090 5667 defen-

446 5678 630 5732 sores,
663 5678 1016 5732 meonomos,
1048 5668 1123 5733 et,
1158 5668 1224 5720 ut
1255 5667 1456 5721 auctor
1503 5664 1787 5736 loquitur,
1830 5664 2091 5743 πριϐατα-

2201 5164 2372 5240 ρίους,
2409 5161 2805 5240 gazophylacii
2837 5162 3133 5240 praesides.
3170 5160 3350 5240 (joaa.

2291 5233 2380 5308 57')
2412 5233 2582 5308 Prius
2615 5233 2781 5290 δοῦκα
2810 5233 3132 5308 vocaverat.
3168 5233 3345 5308 Gem.

2291 5240 2380 5308 57)
2412 5239 2582 5293 Prius
2615 5239 2781 5290 δοῦκα
2810 5239 3132 5290 vocaverat.
3168 5239 3345 5288 Gem.

2270 5239 2382 5379 $58)
2412 5307 2679 5380 Κοίμησις
2709 5305 3105 5380 τῆςῌΘεοτόκου
3151 5305 3386 5380 videtur
3430 5318 3567 5380 esse
3600 5303 3854 5380 Assum:

2201 5374 2342 5452 ptio,
2371 5374 2490 5437 nisi
2516 5374 2738 5452 'si'quid
2769 5374 2930 5452 aliud
2963 5382 3054 5452 est
3082 5394 3094 5431 :
3131 5393 3245 5431 non
3270 5375 3442 5452 enim
3464 5374 3658 5452 habeo
3690 5376 3852 5452 quod

2199 5446 2510 5508 affirmem.
2547 5446 2683 5508 Vide
2713 5451 2866 5506 infra
2907 5451 2967 5504 in
3016 5450 3226 5504 Ibatzaa
3270 5446 3536 5516 historia,
3587 5447 3738 5516 quod
3771 5448 3848 5502 ad

2199 5525 2356 5579 hunc
2405 5523 2597 5580 locum
2645 5519 3459 5595 intelligendum_taeiat.__Es
3511 5536 3626 5574 war
3669 5522 3853 5575 etwa:

2197 5612 2407 5653 amem
2437 5590 2868 5668 kirchveyhineri
2891 5595 2976 5651 nit
3004 5591 3323 5649 unehnlich.
3353 5590 3497 5648 XYL.
