4070 6334
207 353 337 418 189

1354 350 1910 418 HISTORIARUM
1950 349 2499 416 COMPENDIUM.

3514 352 3633 420 190

204 507 394 555 νικον,
428 485 495 541 οὗ
527 481 702 563 φύλαξ
732 484 801 555 ἧν
842 485 870 541 6
900 489 1166 561 Κρακρᾶς,
1193 485 1332 562 ἀνὴρ
1381 486 1600 563 ἄριστος
1640 483 1709 540 τὰ
1763 503 1862 538 πο-

1985 481 2244 553 Cracras,
2272 484 2362 540 vir
2383 482 2537 542 bello
2579 481 2852 557 sptimus.
2903 480 2988 540 Ibi
3033 498 3166 541 cum
3205 479 3365 540 haud
3415 447 3626 556 parum

209 574 445 648 λεμικά.
478 575 566 632 Ἐν
599 575 646 647 ᾧ
673 574 878 650 χρόνον
906 573 1004 629 οὐκ
1030 573 1222 650 ὀλίγον
1265 571 1549 648 διατρίψας
1593 574 1684 628 καὶ
1734 571 1868 628 λαὸν

207 664 268 720 ἐν
324 669 396 738 τῇ
449 662 750 740 πολιορκίᾳ
808 663 906 719 οόκ
963 663 1158 738 ὀλίγον
1217 659 1534 732 ἀποϐαλὼν,
1595 663 1671 724 ὡς
1727 661 1870 738 ἔγνω

207 759 463 830 κρεῖττον
527 755 778 830 ὑπάρχον
823 752 1148 827 πολιορκίας
1201 752 1265 808 τὸ
1323 750 1516 826 ἔρυμα,
1547 751 1638 807 καὶ
1695 749 1808 807 οὐδ’
1839 753 1868 808 6

209 846 476 919 Κρακρᾶς
534 843 794 907 θωπείαις
849 841 884 911 ἢ
937 840 1137 905 ἄλλαις
1200 842 1554 917 ὑποσχέσεσιν
1627 839 1870 915 ἰμαλάσ-

205 951 339 986 σετο
396 931 489 986 καὶ
537 929 910 1006 ιπαγγελίαις,
940 925 1138 1003 μετέϐη
1198 930 1335 1006 πρὸς
1393 927 1866 987 Φιλιππούπολιν.

205 1019 457 1076 Ἔκεῖθὲν
489 1040 549 1076 τε
576 1019 787 1091 ἀπάρας
816 1017 1025 1075 ἄπεισιν
1058 1019 1134 1081 είς
1162 1016 1759 1075 Κωνσταντινούπολιν.

284 1109 388 1164 Καὶ
445 1108 514 1184 τῇ
571 1110 713 1184 αὐτῇ
772 1107 1089 1182 ἐπινεμήσει
1148 1105 1330 1184 δόγμα
1358 1107 1585 1179 ἐξέθετο,
1615 1107 1710 1171 τὰς
1757 1113 1866 1164 τῶν

1981 577 2261 647 temporis
2291 576 2550 631 trivisset
2577 579 2634 631 et
2663 576 2721 631 in
2750 575 3183 648 oppugnatione
3229 572 3449 630 multos
3480 573 3628 630 ami-

1981 663 2176 730 sisset,
2208 679 2342 718 cum
2375 667 2432 718 et
2457 663 2763 719 castellum
2794 661 3244 734 inexpugnabile
3273 660 3542 728 sentiret,
3576 665 3634 717 et

1979 751 2248 808 Cracram
2281 753 2433 810 456
2464 767 2655 821 neque
2677 751 3031 807 blandiendo
3051 765 3240 822 neque
3263 748 3630 822 pollicitatio-

1979 840 2153 898 nibus
2183 841 2454 913 subigere
2483 845 2702 914 posset,
2732 842 2803 896 ad
2835 838 3264 912 Philippopolin
3295 837 3628 906 transit,in-

1979 931 2169 1002 deque
2199 931 2259 985 in
2294 932 2496 986 urbem
2529 930 2856 985 revertitur.

2051 1112 2264 1168 Eadem
2286 1109 2603 1166 indictione
2630 1108 2818 1181 legem
2849 1107 3065 1163 tulitut
3087 1107 3424 1180 pensionem
3447 1123 3627 1180 quam

1977 1217 2264 1275 pauperes
2297 1199 2505 1272 perditi
2526 1198 2837 1268 debebant,
2869 1196 3078 1253 divites
3109 1195 3522 1270 persolverent.
3557 1197 3620 1254 Id

1975 1291 2293 1346 vocabatur
2320 1287 2742 1361 Allelengyum.
2774 1287 2844 1341 Et
2875 1285 3217 1358 patriarchae
3246 1285 3442 1358 Sergio
3473 1285 3626 1343 mul-

1976 1380 2174 1451 tisque
2203 1377 2334 1434 aliis
2364 1376 2740 1448 pontiﬁcibus
2762 1391 2830 1430 ac
2848 1374 3152 1430 monachis
3172 1374 3627 1446 deprecantibus

202 1197 596 1254 ἀπολωλότών
631 1203 900 1254 ταπεινῶν
933 1197 1242 1260 συντελείας
1270 1196 1544 1254 τελεῖσθαι
1571 1199 1718 1274 παρὰ
1758 1201 1867 1254 τῶν

198 1284 483 1342 δυνατῶν.
514 1285 925 1359 Κατωνομάσθη
977 1283 1036 1342 δὲ
1087 1288 1123 1356 ἡ
1181 1287 1406 1356 τοιαύτη
1467 1285 1710 1358 σύνταξις
1769 1287 1868 1344 ἂλ-

205 1373 525 1451 ληλὲγγυον
557 1378 688 1449 (59).
719 1379 826 1430 Τοῦ
854 1376 1199 1452 πατριάρχου
1230 1374 1287 1431 ὀὶ
1322 1374 1553 1452 Σεργίου
1589 1377 1679 1432 καὶ
1726 1374 1870 1432 πολ-

1977 1471 2043 1524 ut
2072 1467 2394 1523 absurdum
2427 1463 2536 1522 boc
2565 1480 2715 1521 onus
2746 1464 3002 1521 subditis
3044 1464 3324 1533 demeret,
3374 1477 3491 1519 non
3522 1462 3628 1520 ob-

1977 1555 2341 1630 temperavit.

204 1463 334 1521 λῶν
391 1465 693 1541 ἀρχιερέων
763 1464 857 1522 καὶ
933 1466 1183 1537 ἀσκητῶν
1239 1462 1448 1541 ἀνδρῶν
1505 1464 1605 1522 οὐκ
1659 1463 1865 1541 ὀλίγων

203 1551 519 1623 δεηθᾶντων
569 1553 869 1621 δκκοπῆναι
920 1555 985 1610 τὸ
1041 1553 1354 1631 παράλογον
1407 1551 1576 1630 ἄχθος
1630 1553 1806 1628 τουτὶ,
1837 1555 1867 1610 6

207 1641 481 1716 βασιλεὺς
513 1641 620 1718 οὐχ
646 1643 975 1715 ὑπήκουσεν.

281 1730 486 1810 Ὀγδόῃ
520 1730 576 1788 ὀὶ
610 1729 926 1803 ίνδικτιῶνι,
958 1731 1012 1788 ἐν
1043 1731 1149 1789 ἔτει
1187 1750 1370 1809 ,ςφιηκ
1403 1735 1432 1789 6
1458 1737 1559 1800 τῆς
1589 1735 1862 1812 Αἰγύπτου

2048 1741 2110 1795 In
2139 1736 2394 1794 dictione
2450 1739 2674 1805 octava,
2734 1749 2887 1790 anno
2937 1732 3143 1788 mundi
3190 1733 3354 1801 6518,
3405 1733 3616 1806 Egypt

197 1823 513 1916 sta-rcipme
566 1822 798 1892 Ἀζίζιος
855 1821 949 1916 διὰ.
1003 1822 1200 1899 μικρὰς
1253 1824 1428 1887 αἰτίας
1480 1823 1569 1880 καὶ
1631 1823 1862 1900 μηδενὸς

1985 1830 2252 1901 princeps
2275 1826 2502 1882 Azizius
2531 1826 2602 1882 ob
2645 1823 2828 1880 levem
2875 1839 3114 1879 causam
3164 1827 3224 1879 et
3272 1822 3527 1879 olIensas
3558 1837 3630 1879 ne

204 1909 390 1986 λόγου
445 1912 874 1987 προσκρούματα
920 1909 1040 1982 ἄξια
1093 1912 1190 1974 τὰς
1232 1913 1369 1987 πρὸς
1405 1913 1710 1987 Ῥωμαίους
1770 1914 1862 1972 λύ-

1985 1918 2148 1976 relati
2179 1917 2414 1989 quidem
2445 1915 2655 1987 dignas
2683 1913 2898 1970 findere
2929 1913 3085 1985 quod
3103 1912 3154 1968 ei
3185 1928 3319 1968 cum
3349 1911 3631 1970 Romanis

201 2021 311 2062 σας
376 1998 635 2068 σπονδὰς,
663 2001 758 2056 τόν
810 2021 870 2056 τε
923 1999 974 2055 ἐν
1015 2000 1425 2075 Ἱεροσολύμοις
1483 2001 1538 2057 ἐν
1594 2007 1675 2075 τῷ
1719 2005 1862 2082 τάφᾳ

1985 2014 2106 2066 erat
2134 2010 2392 2078 rupto,et
2417 2004 2704 2076 templum
2739 2001 3155 2074 Hierosolymis
3181 2002 3254 2056 ad
3289 1999 3627 2073 sepulcrum

201 2093 312 2145 τοῦ
348 2095 611 2166 Σωτῆρος
643 2091 881 2166 Χριστοῦ
909 2089 1346 2165 ἀνεγηγερμὲνον
1375 2089 1696 2155 πολυτελῶς
1727 2094 1862 2148 θεῖον

1985 2096 2194 2155 Christi
2226 2093 2742 2168 sumptuosissime
2762 2092 3066 2148 conditum
3089 2089 3379 2160 evertit,et
3404 2089 3634 2162 religio-

201 2177 347 2232 ναὸν
371 2176 790 2253 κατεστρέψατο,
819 2175 911 2231 καὶ
939 2175 1006 2231 τὰ
1031 2177 1198 2252 εὐαγῆ
1253 2176 1562 2252 ἐλυμήνατο
1599 2182 1872 2254 μυναστή-

207 2285 334 2342 ρια,
364 2263 460 2321 καὶ
486 2263 614 2328 τοὺς
643 2263 695 2321 ἐν
727 2265 944 2328 τούτοις
993 2265 1365 2342 ἀσκουμένους
1409 2267 1724 2344 ἁπανταχοῦ
1766 2276 1870 2347 γῆς

204 2352 566 2430 ἆφυγάδευσε.

282 2447 387 2517 Τῷ
441 2442 492 2500 δ’
529 2442 736 2499 ιπιόντι
792 2439 896 2500 ἔτει
954 2444 1142 2522 γέγονε
1197 2445 1412 2522 χειμὼν
1445 2446 1868 2523 ἐπαχθὲστατος,

1981 2202 2047 2242 sa
2077 2185 2334 2259 perdidit
2361 2182 2738 2252 monasteria,
2767 2185 2826 2237 et
2855 2179 2951 2252 qui
2982 2181 3041 2234 in
3070 2178 3145 2234 iis
3175 2177 3283 2252 pits
3306 2177 3440 2234 vitae
3470 2194 3632 2234 exer-

1981 2273 2359 2332 citationibus
2378 2277 2546 2328 erant
2576 2269 2777 2342 dediti,
2811 2284 2909 2326 eos
2940 2285 3044 2342 per
3073 2284 3277 2325 omnes
3322 2270 3511 2325 terras
3534 2283 3629 2325 ex-

1978 2367 2167 2420 torres
2198 2362 2337 2434 egit.
3307 2403 3317 2414 .

2049 2453 2213 2507 Anno
2242 2449 2574 2522 insequenti
2604 2448 2794 2504 hiems
2825 2447 2937 2503 fuit
2965 2446 3478 2519 gravissimeque
3503 2461 3630 2502 om-

207 2537 290 2598 ὡς
341 2533 939 2606 ἀποκρυσταλλωθῆναι
987 2534 1159 2591 πάντα
1215 2537 1460 2608 ποταμὸν
1519 2536 1609 2592 καὶ
1666 2535 1868 2612 λίμνην

204 2626 308 2680 καὶ
369 2623 534 2694 αὐτὴν
591 2625 692 2693 τὴν
745 2623 1038 2680 θάλασσαν.
1071 2624 1170 2680 Καὶ
1210 2623 1524 2700 Ἰανουαρίῳ
1583 2625 1712 2699 μηνὶ
1766 2632 1866 2696 τῆς

207 2714 390 2778 αὐτῆς
449 2712 823 2786 ἰπινεμήσεως
880 2711 1070 2789 γέγονε
1135 2714 1358 2786 σεισμὸς
1410 2711 1866 2792 φρικωδέστατος,

201 2804 304 2857 καὶ
369 2799 686 2878 διεκράτησε
727 2801 1073 2876 κλονουμὲνη
1123 2804 1159 2871 ἡ
1208 2805 1277 2877 γῆ
1337 2801 1500 2878 μᾶχρι
1547 2809 1651 2872 τῆς
1701 2805 1743 2867 θ’
1769 2807 1868 2859 τοῦ

203 2890 468 2966 Μαρτίου
501 2891 690 2963 μηνός·
737 2889 789 2946 ιν
821 2890 988 2964 ταύτῃ
1017 2888 1075 2945 δί
1119 2889 1245 2964 περῖ
1296 2891 1526 2962 δεκάτην
1586 2890 1729 2966 ὥραν
1767 2899 1862 2962 τῆς

1985 2895 2172 2968 fragor
2199 2895 2308 2950 fuit
2337 2898 2393 2950 et
2423 2892 2729 2950 concussio
2759 2890 3042 2947 terribilis
3089 2895 3146 2946 et
3177 2890 3237 2946 in
3285 2890 3431 2946 urbe
3475 2894 3531 2945 et
3560 2889 3620 2946 in

200 2980 429 3056 ἡμέρας
457 2979 639 3056 γέγονε
667 2978 911 3055 βρασμὸς
935 2979 1026 3034 καὶ
1082 2979 1281 3042 κλόνος
1342 2980 1562 3058 φρικτὸς
1616 2981 1753 3036 κατά
1807 3001 1862 3037 τε

1985 2983 2326 3058 provinciis;
2361 3000 2427 3040 ac
2457 2985 2802 3039 corruerunt
2847 2980 3086 3054 sphaera
3133 2978 3337 3053 templi
3383 2980 3621 3036 Sancto-

204 3071 320 3138 τὴν
358 3066 611 3143 βασιλίδα
641 3068 730 3122 ααὶ
764 3067 817 3122 ὲν
855 3074 975 3130 τοῖς
1024 3069 1240 3141 θέμασι,
1267 3069 1358 3123 καὶ
1406 3067 1751 3124 πεπτώκασιν
1809 3071 1862 3125 αἱ

1985 3091 2103 3131 rum
2128 3076 2198 3129 4O
2225 3079 2283 3130 et
2303 3072 2507 3144 templi
2530 3071 2802 3128 Omnium
2825 3071 3353 3136 Sanctorum.0uas
3374 3069 3623 3141 impera-

203 3163 442 3236 σφαῖραι
463 3161 557 3212 τοῦ
586 3161 717 3212 ναοῦ
765 3161 870 3212 τῶν
902 3155 1098 3231 Ἃγίων
1146 3159 1552 3232 Τεσσαράκσντα
1608 3158 1698 3213 καὶ
1752 3163 1860 3214 τῶν

1985 3171 2063 3221 tor
2094 3164 2289 3220 statim
2331 3161 2700 3218 inslauravit.
2738 3162 2865 3214 Haec
2910 3160 3149 3214 fuerunt
3181 3157 3363 3214 Italici
3423 3163 3620 3214 motus

201 3219 416 3322 ’Ᾰγίων
471 3245 716 3304 Πάντων·
775 3245 839 3308 ἃς
898 3246 928 3300 6
979 3219 1243 3320 ’βασιλεὺς
1301 3219 1458 3311 εὐθὺς
1507 3247 1858 3319 ἀνεκτήσατο.

1985 3249 2439 3323 praeviaindicia.
2467 3249 2714 3314 Quidam
2763 3246 2916 3304 enim
2968 3247 3049 3302 vir
3096 3250 3324 3318 potens,
3371 3260 3524 3300 unus
3550 3245 3622 3300 de

193 3341 388 3392 Ταῦτα
444 3332 500 3390 δὲ
551 3335 868 3409 προεμήνυε
913 3335 1014 3402 τὴν
1074 3335 1209 3408 μετᾶ
1252 3339 1420 3390 ταῦτα
1449 3335 1747 3410 γενομένην
1807 3335 1862 3392 ἐν

1985 3341 2122 3398 157
2159 3338 2232 3395 iis
2263 3339 2360 3410 qui
2392 3336 2558 3394 Barin
2590 3335 2945 3403 incolebant,
2981 3333 3214 3391 nomine
3245 3332 3446 3403 Meles,
3479 3349 3622 3390 con-

194 3424 423 3496 ²Ιταλίᾳ
477 3424 682 3481 στάσιν.
728 3423 999 3494 Δυνάστης
1053 3423 1159 3500 γάρ
1215 3444 1299 3486 τις
1352 3429 1460 3479 τῶν
1503 3423 1734 3480 ἰποίκων
1763 3433 1862 3496 τῆς

1985 3429 2168 3486 citatis
2199 3426 2582 3500 Longibardis
2620 3443 2784 3482 arma
2831 3429 3036 3481 contra
3092 3423 3388 3480 Romanos
3420 3421 3618 3480 movit.

195 3515 452 3588 Βάρεως,
501 3508 749 3586 τοῦνομα
797 3510 1007 3583 Μέλης,
1057 3513 1371 3587 παραθήξας
1418 3513 1511 3568 τὸν
1561 3513 1612 3568 ὲν
1663 3522 1862 3592 Λογγι-

1985 3517 2238 3588 Ciumque
2269 3516 2588 3586 imperator
2631 3515 2911 3569 adversus
2943 3513 3100 3568 hunc
3147 3513 3409 3568 misisset
3455 3511 3621 3568 Basi-

1972 3605 2117 3662 lium
2151 3611 2436 3676 Argyrum
2470 3602 2629 3658 Sami
2669 3607 2726 3656 et
2773 3602 3185 3658 Contoleonem
3237 3599 3621 3672 Cephallenia:

1974 3695 2299 3768 praefectos,
2340 3691 2519 3748 Meles
2552 3690 2767 3747 illustri
2821 3707 2918 3747 eos
2964 3689 3160 3762 praelia
3209 3689 3368 3756 vicit,
3421 3687 3623 3744 multis

1979 2557 2082 2597 nes
2112 2538 2320 2596 ﬂuvios
2352 2537 2597 2610 paludes
2628 2537 2943 2609 ipsumque
2965 2551 3125 2591 mare
3147 2535 3206 2590 in
3228 2535 3475 2608 glaciem
3499 2551 3628 2592 coe-

1977 2629 2082 2702 git.
2118 2629 2314 2685 Mense
2342 2625 2621 2683 Januario
2659 2625 2927 2698 ejusdem
2971 2623 3312 2681 indictionis
3359 2624 3629 2698 apprime

1976 2719 2306 2775 horrendus
2338 2715 2448 2772 fuit
2477 2721 2642 2771 terrm
2674 2723 2890 2783 motus,
2922 2713 3022 2785 qui
3058 2713 3289 2769 duravit
3319 2729 3507 2784 usque
3553 2713 3625 2769 ad

1976 2823 2198 2863 nonum
2233 2805 2422 2861 Martii
2453 2804 2632 2860 diem.
2666 2804 2804 2870 Ejus
2848 2801 3007 2857 enim
3051 2801 3164 2856 diei
3215 2801 3359 2857 hora
3396 2801 3626 2858 decima

197 3603 413 3680 ϐαρδία
456 3603 587 3660 λαὸν
635 3601 784 3659 ὅπλα
828 3604 965 3658 κατά
993 3602 1281 3677 Ῥωμαίων
1315 3601 1476 3678 α’ίρει.
1511 3604 1613 3662 Καὶ
1645 3606 1673 3660 6
1706 3606 1866 3682 βασι-

196 3695 342 3756 λεὺς
404 3692 686 3751 Βασίλειον
756 3691 1020 3766 ικπὲμπει
1091 3693 1186 3748 τὸν
1236 3693 1496 3770 Ἀργυρὸν
1563 3695 1864 3771 στρατηγὸν

194 3783 343 3840 ὄντα
373 3789 476 3852 τῆς
508 3782 716 3854 Σάμου,
749 3781 839 3837 καὶ
868 3783 961 3836 τὸν
1013 3779 1306 3858 λεγόμενον
1341 3781 1714 3838 Κοντολὲοντα
1766 3791 1862 3854 τῆς

1985 3784 2161 3852 caesis,
2194 3781 2349 3838 haud
2373 3781 2577 3854 paucis
2604 3777 3069 3852 captis,reliquis
3099 3778 3258 3849 turpi
3289 3778 3429 3849 fuga
3445 3776 3624 3832 vitam

197 3870 556 3950 Κεφαληνίας
608 3873 1032 3945 στρατηγοῦντα,
1083 3869 1168 3924 ἐπὶ
1226 3874 1306 3942 τῷ
1351 3877 1682 3942 καταστῆσαι
1739 3873 1868 3927 Ῥω-
1973 3874 2201 3930 tutetis.

200 3962 405 4035 μαίοις
461 3959 529 4015 τὰ
574 3959 886 4037 πράγματα’
923 3961 1002 4033 [Ρ.
1035 3961 1166 4032 707]
1216 3959 1296 4022 οῖς
1353 3959 1915 4036 ἀντιπαραταξάμενος
1945 3962 1973 4017 6
2002 3958 2192 4031 Μίλης
2245 3957 2431 4036 τρέπει
2489 3955 2784 4034 λαμπρῶς,
2813 3953 3041 4011 πολλῶν
3099 3953 3490 4027 πεπτωκότων,
3523 3951 3624 4009 οὐκ

197 4051 422 4124 ὀλίγων
455 4046 511 4103 δὶ
539 4047 628 4104 καὶ
653 4048 1071 4124 ζωγρηθέντων,
1099 4051 1208 4104 τῶν
1242 4045 1300 4103 δὲ
1329 4045 1540 4104 λοιπῶν
1565 4050 1666 4120 τήν
1701 4047 1790 4106 διὰ
1817 4057 1994 4129 φυγῆς
2025 4049 2323 4125 ἀσχήμονα
2350 4046 2753 4124 προκρινάντων
2789 4046 2954 4116 ζωήν.

265 4141 342 4197 '0
395 4135 452 4193 δὶ
501 4134 754 4213 βασιλεὺς
802 4135 866 4192 ού
915 4133 1129 4191 διέλιπε
1177 4137 1298 4191 καθ’
1344 4134 1566 4193 ἕκαστον
1623 4137 1861 4195 ἐνιαυτὸν

2044 4140 2222 4196 Porro
2253 4137 2845 4208 Basiliusimperator
2864 4133 3181 4208 quotannis
3203 4132 3264 4189 in
3288 4131 3622 4205 Bulgariam

194 4225 400 4281 εἲσιὼν
451 4223 501 4278 ἐν
551 4221 860 4298 Βουλγαρίᾳ
914 4223 1007 4277 καὶ
1061 4227 1129 4278 τὰ
1180 4221 1232 4279 ἰν
1260 4225 1388 4279 ποσὶ
1417 4224 1613 4300 κείρων
1659 4247 1718 4282 τε
1770 4227 1860 4282 καὶ

1985 4228 2396 4300 :Xpeditionem
2433 4225 2680 4282 faciebat
2698 4229 2755 4280 et
2775 4225 2944 4281 obvia
2963 4238 3208 4296 quisque
3231 4222 3626 4296 populabatur

190 4314 474 4389 δῃῶν.⁰0
530 4311 801 4385 Σαμουὴλ
860 4308 920 4366 δὶ
983 4313 1059 4385 μὴ
1119 4310 1419 4386 δυνάμενος
1443 4317 1552 4369 τῶν
1585 4315 1857 4391 ὑπαίθρων

1985 4333 2037 4373 ιο
2065 4317 2351 4373 vastabat.
2385 4316 2518 4372 Ideo
2550 4314 2864 4371 Samuelus
2903 4319 3096 4369 castra
3142 4312 3254 4368 sub
3304 4313 3400 4367 dio
3431 4311 3622 4368 locare

189 4405 606 4466 ἀντιποιεῖσθαι
667 4396 808 4472 μηδὲ
862 4400 1002 4474 πρὸς
1047 4398 1262 4479 ὶμιρανῆ
1325 4402 1509 4478 μάχην
1550 4402 1858 4474 ἀντιστῆναι

1985 4409 2070 4461 Illi
2098 4409 2298 4474 aperto
2327 4402 2527 4476 praelia
2555 4417 2902 4460 concurrere
2931 4418 3046 4457 non
3081 4400 3323 4471 audens,
3356 4399 3620 4472 undique

189 4493 276 4563 τῷ
320 4486 566 4566 βασιλεῖ,
599 4484 744 4542 ἀλλὰ
783 4487 1044 4552 πάντοθεν
1098 4489 1432 4562 θραυόμενος
1475 4489 1562 4545 καὶ
1617 4492 1717 4561 τὴν
1779 4493 1859 4547 οῖ-

1985 4493 2186 4550 ittritis
2215 4492 2440 4549 viribus
2471 4491 2808 4564 amissoque
2836 4490 3032 4564 vigore
3059 4506 3189 4558 suo,
3216 4489 3425 4546 statuit
3446 4488 3617 4547 fossis

190 4581 360 4636 κείαν
394 4579 576 4650 ἀκμήν
627 4572 988 4644 ἀποϐάλλων,
1021 4571 1158 4650 ἔγνω
1205 4577 1430 4655 τάφροις
1472 4579 1560 4633 καὶ
1619 4586 1860 4657 oppda-fc

1985 4601 2036 4638 ιο
2067 4583 2248 4654 septis
2280 4581 2450 4637 factis
2479 4597 2615 4636 eum
2672 4580 2940 4654 ingressu
2976 4579 3258 4650 Bulgaria
3285 4577 3613 4634 excludere.

190 4667 539 4742 ἐπιτειχίσαι
585 4665 766 4738 τούτῳ
806 4666 910 4735 τὴν
957 4665 1032 4728 εἰς
1077 4667 1181 4736 τήν
1229 4664 1568 4742 Βουλγαρίαν
1626 4667 1856 4728 εἴσοδον.

1985 4674 2037 4727 Et
2068 4673 2206 4744 quia
2234 4675 2404 4726 norat
2436 4671 2623 4726 solere
2654 4685 2785 4725 eum
2821 4686 2924 4742 per
2952 4669 3220 4725 Cimbam
3267 4668 3530 4740 Longum
3560 4671 3619 4722 et

190 4757 390 4819 Εῗδὼς
421 4753 512 4811 οὗν
545 4756 620 4818 ὡς
651 4752 772 4818 ἔθος
801 4751 884 4808 ἀεί
914 4758 995 4826 τῷ
1029 4753 1248 4830 βασιλεῖ
1289 4752 1378 4810 διὰ
1417 4761 1515 4811 τοῦ
1563 4753 1858 4832 λεγομένου

1985 4761 2245 4818 lleidium
2280 4759 2831 4831 intrare,angustias
2852 4758 2986 4814 illas
3005 4763 3171 4830 septo
3204 4757 3320 4814 late
3340 4757 3617 4829 producto

191 4841 394 4920 Κίμϐα
439 4845 650 4920 Λόγγου
693 4842 784 4897 καὶ
831 4846 928 4896 τοῦ
973 4841 1230 4898 Κλειδίου
1286 4846 1556 4900 ποιεῖσθαι
1614 4846 1712 4909 τὰς
1774 4844 1860 4902 δι-

1985 4851 2161 4907 nunit
2191 4853 2369 4922 atque
2400 4848 3008 4920 intercipit,justoque
3039 4847 3236 4902 firmat
3266 4845 3620 4919 praesidio,et

188 4934 474 5000 ελεύσεις,
502 4933 704 5001 ταύτην
734 4927 874 5005 ἔγνω
901 4931 1002 4999 τήν
1031 4928 1344 5008 δυσχωρίαν
1395 4931 1722 5010 ὖπιτειχίσαι
1767 4936 1859 4990 καὶ

1985 4940 2053 4994 sic
2085 4940 2495 5008 imperatorem
2519 4937 3122 5007 operitur.Postquam
3145 4953 3211 4992 eo
3242 4935 3400 4991 venit
3427 4934 3619 5007 impe-

183 5028 272 5097 τῷ
300 5020 527 5099 βασιλεῖ
580 5018 906 5074 ἀποκλεῖσα.
961 5019 1063 5086 τὴν
1130 5017 1363 5079 εἴσοδον.
1432 5024 1692 5098 Φραγμὸν
1765 5023 1858 5079 οὖν

1985 5031 2130 5082 rator
2157 5033 2214 5081 et
2243 5025 2461 5080 intrare
2491 5029 2579 5079 est
2610 5029 2878 5095 conatus,
2929 5024 3156 5079 fortiter
3198 5039 3335 5080 eum
3379 5040 3621 5080 arcuere

194 5109 598 5187 δομησάμενος
627 5108 705 5169 είς
761 5106 919 5185 εὖρος
970 5104 1137 5177 πολὺ,
1167 5109 1258 5163 καὶ
1315 5106 1558 5188 φύλακας
1607 5109 1658 5166 ὲν
1718 5111 1862 5186 αὐτῷ

1985 5116 2270 5180 :ustodes,
2286 5129 2384 5169 eos
2398 5113 2498 5186 qui
2513 5113 2564 5168 vi
2579 5117 2882 5186 penetrare
2895 5113 3225 5170 niterentur
3235 5113 3306 5169 de
3317 5113 3618 5186 superiore

1364 5238 1739 5297 XYLANDRI
1776 5242 1868 5298 ET
1904 5241 2127 5311 GOARI
2164 5241 2400 5299 NOTAE.

270 5339 392 5467 ξῖἴῗῖ
421 5337 1112 5467 ὃ⁰υὲἒῖ⁸ἰι¹ἐὲιέ¹ῗι⁹ιῗιξέ¹ἐιῗ
1149 5333 1342 5467 ἲυέἒς
1363 5335 1858 5467 ξὲυὲἔνῗίἲιξι-ξᾘῖ

1985 5356 2038 5396 ax
2065 5338 2389 5394 Justiniani
2421 5339 2663 5395 historia
2691 5338 2896 5410 liquet.
2930 5337 3013 5394 Ne
3059 5355 3127 5394 eo
3168 5336 3407 5410 quidem
3438 5336 3616 5395 lecto-

1985 5428 2092 5466 rem
2124 5410 2506 5467 defraudabo.
2537 5411 2690 5467 quod
2732 5409 3016 5467 adscribit
3065 5423 3218 5467 mox.
3262 5409 3362 5466 ubi
3409 5410 3613 5467 depre-

193 5408 388 5471 νοίαςί
421 5413 556 5477 Quae
589 5408 1112 5482 si'rectehabent
1159 5409 1311 5481 quod
1363 5411 1432 5482 ad
1479 5408 1857 5482 Scripturam,
1969 5427 2092 5466 rem
2124 5410 2506 5482 defraudabo,
2537 5411 2705 5482 quod,
2732 5408 3016 5467 adscribit
3065 5408 3218 5477 mox,
3262 5409 3362 5466 ubi
3409 5410 3613 5482 depre-

193 5485 418 5571 mirar-i.
437 5481 1019 5571 videturpxac‘tio’nis
1219 5479 1857 5571 subtilem-rationem.
1967 5487 2199 5571 patorens
2228 5481 2522 5571 pqutilici's
2551 5479 2842 5571 repulsam
2865 5482 3024 5571 passi
3047 5482 3370 5571 dicuntpr‘:
3399 5479 3554 5538 Ἀλλ’
3585 5481 3615 5537 6

197 5572 319 5627 qua
343 5555 520 5630 etiam
543 5571 649 5630 pro
668 5553 746 5630 iis
765 5553 1080 5630 satisﬁeret
1101 5551 1199 5623 qui
1231 5556 1570 5630 paupertate
1599 5557 1859 5630 extrema

1985 5551 2098 5630 ὶμρς
2152 5549 2728 5630 βασιλεὺςλξῐσαᾴκιος
2783 5553 2811 5607 6
2863 5549 3121 5630 ξὶγγελοςΔ
3159 5549 3394 5630 μηδενὸς
3445 5573 3616 5630 παρα-

197 5574 319 5627 qua
343 5574 520 5611 etiam
543 5574 648 5627 pro
672 5574 746 5609 us
765 5574 1080 5609 satiauerat
1101 5574 1198 5623 qui
1231 5574 1339 5623 pau
1351 5574 1570 5622 perlate
1599 5574 1859 5610 exmrema

196 5627 463 5703 et_rebus
483 5624 1197 5703 perditisimpedirentur
1216 5627 1318 5703 a_ut
1332 5623 1510 5681 etiam
1533 5624 1616 5703 ita
1639 5626 1856 5703 mortui

1985 5574 2098 5624 ιμος
2152 5574 2406 5626 pactam;
2486 5574 2728 5615 ισαακιος
2783 5574 2811 5607 o
2869 5575 2901 5608 α
2971 5574 3098 5615 εΛος
3159 5574 3394 5626 μηοενος
3445 5574 3614 5630 παρα-

1985 5618 2532 5703 ιαλὲσαντῌοςλτολλά
2559 5574 3041 5703 τῶν-παραλόγων
3095 5625 3276 5702 βαρῶν
3332 5631 3432 5696 τῆς
3481 5627 3614 5683 Ῥω-

194 5699 417 5758 solvere
446 5692 909 5773 n'equirent.8e'd
932 5694 1220 5754 Basilium
1251 5693 1361 5752 boc
1391 5711 1508 5753 non
1537 5695 1851 5768 invenisse,

1985 5693 2142 5751 ιαίων
2176 5699 2282 5770 γῆς
2307 5692 2619 5769 ίξετίναεεν.
2649 5698 2782 5756 Χη.

2887 5556 2896 5565 ι
