4070 6334
429 374 540 441 191

434 602 844 674 desperantem
865 607 992 676 jam
1020 607 1431 679 imperatorem
1458 610 1815 682 Nicephorus
1832 611 2083 683 Xipbias

432 690 856 764 PhilippOpolis
890 701 1011 750 tum
1048 699 1353 767 prafectus
1387 707 1585 755 monet
1613 706 1677 755 ut
1711 703 1833 756 loco
1866 718 1933 756 eo
1965 719 2086 756 ma-

435 786 591 845 neat,
623 789 977 856 septumque
1010 786 1152 840 illud
1186 804 1527 861 oppugnare
1565 790 1931 845 continenter
1956 806 2083 862 per-

437 874 535 941 gat
569 888 582 925 :
615 888 678 927 se
709 871 820 928 alio
852 874 1174 945 abiturum,
1208 893 1565 949 Operamque
1613 879 1766 937 458
1808 880 2081 934 daturum

438 959 769 1017 utsalutare
786 961 1007 1033 aliquid
1033 965 1447 1023 conﬁciatﬂoo
1471 968 1642 1023 modo
1666 986 1725 1023 re
1742 969 2087 1040 composita,

438 1063 571 1104 cum
601 1051 727 1105 suis
758 1059 1016 1108 montem
1049 1054 1121 1108 ad
1156 1056 1458 1110 meridiem
1502 1056 1779 1112 claustris
1830 1057 1900 1112 iis
1932 1058 2091 1127 obje-

439 1141 598 1192 ctum
630 1138 1044 1209 celsissimum,
1079 1142 1170 1197 cui
1216 1143 1549 1200 Balathistaa
1599 1162 1831 1216 nomen,
1860 1145 2093 1218 magnis

437 1224 751 1284 itineribus
783 1229 991 1286 circuit
1019 1257 1034 1301 ;
1065 1236 1122 1288 et
1148 1233 1218 1286 29
1250 1233 1342 1289 die
1370 1232 1534 1305 Julii,
1572 1234 1887 1290 indictione
1918 1237 2000 1303 12,
2024 1235 2095 1289 de

438 1316 739 1388 superiore
768 1318 893 1377 loco
923 1321 1120 1378 subito
1144 1321 1365 1392 ingenti
1386 1341 1521 1379 cum
1543 1324 1789 1396 strepitu
1814 1324 2096 1394 Bulgaros

439 1422 475 1461 a
504 1413 661 1479 tergo
692 1409 1096 1475 adorttur.0ui
1124 1428 1257 1467 cum
1284 1430 1343 1468 re
1368 1413 1663 1484 insperata
1694 1414 1983 1485 perterriti
2013 1416 2098 1468 fu-

440 1500 663 1565 gerent,
717 1495 1037 1565 imperator
1096 1500 1504 1557 defensoribus
1552 1518 1800 1557 vacuum
1863 1507 2099 1573 septum

443 1581 625 1637 diruit
653 1600 721 1639 ac
753 1584 1045 1657 fugientes
1074 1587 1427 1661 insequitur.
1477 1590 1642 1646 Multi
1694 1593 1825 1647 tum
1858 1589 2099 1663 Bulgari

446 1670 643 1741 occisi,
698 1674 883 1731 multo
931 1676 1131 1749 plures
1177 1679 1353 1751 capti.
1403 1681 1533 1752 Ipse
1584 1679 1901 1736 Samuelus
1950 1696 2102 1751 aegre

445 1761 632 1816 evasit
661 1762 761 1818 lilii
793 1780 992 1835 opera,
1036 1766 1328 1823 irruentes
1374 1768 1605 1825 fortiter
1655 1767 1972 1838 repellente
2005 1785 2103 1839 pa-

1778 387 2098 452 enoaeu
2143 386 2485 452 causam
2548 354 2551 359 λ

427 515 558 573 loco
590 511 865 572 ferientes
903 519 1076 589 atque
1124 515 1515 590 vqluerantes.
1568 520 1649 577 lbi
1704 520 1775 578 de
1828 521 2080 578 transitu

2221 520 2388 595 ιξιοπρ
2396 523 2543 583 επεῖς

3730 390 3849 452 192

2628 519 2922 592 ἄπιστήσας
2961 565 2975 591 ,
3030 520 3328 598 προσέμενε
3399 522 3490 578 τὸν
3575 518 3845 599 βασιλὲα.

2193 610 2555 687 ’Δφικομὲνου
2614 608 2671 664 δὲ
2727 611 2816 665 καὶ
2880 610 3082 666 τούτου
3158 612 3247 667 καὶ
3334 611 3847 687 ἆποπειρασαμένου

2190 704 2291 767 τῆς
2346 695 2582 766 εἲσόδου,
2634 698 2851 772 ἐπείπερ
2910 699 3163 775 ἀντεῖχον
3207 701 3468 775 γενναίως
3525 702 3577 755 οἳ
3635 699 3849 779 φυλάσ-

2197 807 2381 848 σοντες
2436 787 2523 842 καὶ
2580 786 2708 851 τοὺς
2772 786 3129 863 βιαζομένους
3158 789 3208 862 ἐξ
3243 787 3566 863 ὑπερδεξίων
3611 789 3845 866 ἀνῃρουν

2202 874 2496 952 βάλλοντες
2526 877 2615 931 καὶ
2644 877 3055 952 τιτρώσκοντες,
3089 881 3178 934 καὶ
3234 876 3343 949 ἤδη
3403 877 3715 955 ἀπέγνωστο
3771 884 3852 952 τῷ

2203 964 2419 1040 βασιλεῖ
2449 968 2484 1035 ἡ
2518 960 2785 1033 διάϐασις,
2820 967 3141 1043 Νικηφόρος
3170 969 3198 1022 ὁ
3227 967 3429 1045 Ξιφίας
3481 974 3585 1036 τῆς
3637 968 3853 1024 Φιλιπ-

2198 1054 2523 1116 πουπόλεως
2552 1054 2675 1109 τότε
2704 1061 3024 1131 στρατηγῶν
3056 1061 3134 1128 τῷ
3162 1055 3379 1130 βασιλεῖ
3434 1058 3857 1131 συνταξάμενος,

2200 1143 2290 1198 καὶ
2344 1142 2503 1198 αὑτὸν
2560 1144 2655 1216 μὲν
2711 1145 3034 1220 προσμένειν
3102 1146 3190 1200 καὶ
3252 1151 3499 1221 συνεχεῖς
3542 1141 3864 1221 προσϐολὰς

2201 1236 2281 1303 τῷ
2312 1228 2506 1306 δὲματι
2536 1235 2804 1288 ποιεῖσθαι
2864 1235 3265 1310 παρεγγυήσας,
3298 1233 3459 1298 αὐτὸς
3517 1232 3574 1290 δὲ
3637 1234 3862 1290 ἀπιέναι

2206 1324 2403 1395 φήσας,
2437 1318 2490 1376 εἷ’
2530 1340 2647 1383 πως
2705 1318 2961 1393 δυνηθείη
3023 1319 3306 1385 λυσιτελὲς
3352 1342 3405 1376 τι
3464 1320 3866 1394 διαπράξασθαι

2206 1411 2297 1464 καὶ
2327 1412 2623 1486 σωτήριον,
2652 1409 2743 1465 τὸν
2771 1411 2898 1486 ¹ιιερί
2928 1410 3087 1466 αὑτὸν
3122 1408 3368 1485 εἰληφὼς
3412 1410 3543 1467 λαὸν
3598 1413 3866 1488 ὑποστρί-

2209 1519 2318 1575 φει,
2349 1496 2441 1553 καὶ
2498 1496 2849 1575 περιοδεύσας
2898 1499 2961 1554 τὸ
3016 1500 3153 1574 πρὸς
3216 1495 3563 1576 μεσημϐρίαν
3613 1500 3870 1574 κείμενον

2206 1592 2305 1644 τοῦ
2361 1584 2615 1643 Κλειδίου
2679 1586 3022 1662 ὑψηλότατον
3090 1583 3303 1663 ὅρος,’ὀ
3354 1588 3685 1653 Βαλαθίσταν
3732 1609 3867 1645 κατ-

2212 1678 2563 1750 ονομάζουσι,
2594 1676 2683 1732 καὶ
2722 1676 3119 1753 τραχυπορίαις
3159 1676 3250 1733 καὶ
3292 1674 3537 1742 ἀνοδίαις
3581 1676 3870 1753 χρησάμε-

2211 1786 2323 1832 νος,
2354 1767 2433 1820 κΘ’
2463 1770 2560 1821 τοῦ
2617 1765 2852 1821 Ἰουλίου
2915 1767 3107 1840 μηνὸς,
3138 1766 3455 1839 ἰπινεμήσει
3518 1767 3607 1842 ιβ’.
3654 1764 3865 1829 ἄνωθεν

442 1852 712 1922 tremque
733 1868 882 1924 equo
902 1854 1249 1926 impositum
1270 1857 1327 1911 in
1356 1857 1660 1912 castellum
1690 1857 1983 1928 Prilapum
2010 1859 2105 1911 ah-

750 1943 783 1958 ,.
872 1942 964 1958 ...
1032 1948 1072 1958 κ
1123 1944 1137 1958 .
1256 1945 1268 1957 .
1446 1945 1571 1958 ....
1773 1946 1787 1958 .
1832 1947 1886 1958 .-

2221 1854 2468 1929 ίξαίφνης
2529 1855 2643 1927 μετ’
2701 1851 3035 1928 ἀλαλαγμοῦ
3091 1854 3182 1909 καὶ
3238 1852 3443 1910 δούπου
3505 1853 3640 1909 κατὰ
3684 1855 3871 1909 νώτου

441 1937 711 1995 ducente.
747 1942 1000 2015 Captivis
1032 1944 1325 2017 Bulgaria,
1360 1946 1458 2017 qui
1492 1945 1676 2001 fuisse
1719 1946 1789 2000 ad
1826 1947 1890 2000 15
1922 1945 2107 2001 millia

440 2026 946 2098 feruntur,oculos
976 2031 1296 2105 imperator
1326 2032 1880 2106 eruit,singulisque
1903 2038 2103 2089 centu-

440 2117 546 2173 riis
581 2121 902 2176 unoculum
934 2124 1382 2194 prasiicit,atque
1412 2123 1505 2179 his
1539 2124 1888 2179 ductoribus
1911 2141 2012 2178 eos
2033 2124 2107 2179 ad

447 2206 788 2263 Samuelum
812 2210 1179 2277 mittit.Quos
1201 2212 1514 2269 Samuelus
1536 2213 1648 2268 isto
1672 2229 1917 2269 numero
1935 2217 2109 2283 atque

453 2296 656 2350 ordine
689 2297 885 2353 venire
928 2299 1132 2355 videns
1181 2301 1363 2356 animi
1415 2302 1482 2356 ad
1534 2301 1921 2358 calamitatem
1977 2318 2107 2357 eam

452 2383 679 2440 fortiter
708 2385 1003 2443 ferendam
1037 2406 1151 2445 non
1182 2390 1389 2446 habuit
1416 2390 1584 2460 satis,
1616 2391 1717 2447 sed
1752 2391 1959 2447 oborta
1989 2408 2111 2447 ver-

452 2471 641 2543 tigine
670 2476 1037 2533 exanimatus
1071 2477 1128 2533 in
1163 2484 1379 2534 terram
1428 2479 1667 2534 corruit.
1711 2481 1879 2549 Aqua
1909 2483 2107 2534 autem

452 2566 509 2616 et
530 2564 847 2634 unguentis
864 2583 898 2618 a
918 2568 1302 2636 praesentibus
1323 2575 1621 2640 utcunque
1647 2574 2109 2633 recreatus,cum

455 2666 582 2707 sese
613 2652 1049 2723 aliquantulum
1085 2656 1435 2729 collegisset,
1465 2657 1686 2729 frigidas
1710 2656 1985 2712 haustum
2011 2672 2109 2727 pe-

456 2739 592 2810 tiit;
626 2758 880 2814 cumque
910 2744 1175 2816 bibisset,
1209 2746 1545 2818 cardiagmo
1588 2749 1889 2818 correptus
1932 2745 2110 2801 biduo

458 2834 593 2900 post
644 2831 808 2886 obiit.
861 2832 1160 2890 Successit
1207 2834 1259 2890 ei
1313 2835 1472 2890 ﬁlius
1525 2834 1856 2902 Gabrielus,
1908 2834 2009 2905 qui
2058 2839 2114 2890 et

458 2920 759 2975 Romanus
790 2921 1114 2991 dicebatur,
1146 2930 1310 2994 patre
1343 2924 1638 2979 robustior
1666 2922 1785 2987 ille,
1840 2923 1939 2978 sed
1974 2939 2111 2993 pru-

461 3006 661 3062 dentia
687 3007 855 3082 longe
884 3010 1145 3077 inferior,
1179 3017 1353 3067 natus
1383 3012 1609 3084 captiva
1652 3012 1804 3069 459
1855 3012 2111 3083 quadam

462 3094 759 3153 Larissam.
780 3096 915 3154 Iniit
931 3099 1158 3156 decima
1181 3101 1387 3173 quinta
1403 3100 2112 3173 Septembris,indictione

460 3185 688 3242 decima
717 3188 1173 3258 tertia.Cumque
1204 3192 1466 3246 nondum
1500 3192 1794 3262 integrum
1827 3190 2111 3261 imperas-

2212 1945 2413 2019 γίνεται
2488 1948 2594 1998 τῶν
2673 1939 3002 2019 Βουλγάρων
3039 1963 3051 1975 ·
3114 1944 3164 1998 οἱ
3223 1941 3279 1999 δὲ
3335 1948 3412 2016 τῷ
3466 1940 3873 2019 ἀπροσδοκήτῳ

2213 2030 2647 2106 καταπλαγέντες
2706 2034 2999 2108 τρέπονται
3056 2034 3194 2108 πρὸς
3242 2036 3440 2111 φυγήν.
3474 2034 3575 2090 Καὶ
3627 2034 3657 2089 ὁ
3710 2034 3871 2108 βασι-

2218 2120 2347 2184 λεὺς
2381 2122 2624 2194 μονωθὶν
2665 2119 2957 2197 διαρρήξας
3008 2124 3069 2177 τὸ
3117 2128 3304 2199 τεῖχος
3353 2120 3596 2178 ἐδίωκεν.
3637 2124 3878 2178 Ἔπεσον

2215 2210 2306 2266 οὖν
2338 2208 2682 2276 πολλοὶ,καὶ
2727 2208 2925 2283 πολλῷ
2971 2212 3197 2274 πλείους
3247 2213 3512 2280 ἑάλωσαν,
3558 2210 3725 2285 μόλις
3776 2216 3881 2267 τοῦ

2219 2298 2487 2373 Σαμουὴλ
2538 2297 2821 2375 διαφυγεῖν
2874 2297 3198 2371 δυνηθέντος
3252 2302 3343 2357 τὸν
3381 2299 3625 2356 κίνδυνον
3686 2322 3882 2377 συνερ-

2215 2388 2307 2466 γίᾳ
2333 2392 2428 2443 τοῦ
2462 2384 2602 2444 ἰδίου
2645 2388 2763 2443 υἱοῦ
2821 2387 3082 2463 γενναίως
3133 2388 3261 2452 τοὺς
3316 2389 3566 2453 ἐπιόντας
3617 2388 3880 2461 ὑποδεξαο

2221 2482 2407 2551 μάνου,
2456 2476 2547 2532 καί
2600 2475 2757 2550 ’ίππῳ
2805 2482 2997 2533 τοῦτον
3058 2474 3475 2543 ἐπιϐιϐάσαντος
3529 2479 3622 2534 καὶ
3671 2478 3750 2541 εἷς
3809 2481 3877 2535 τὸ

2219 2566 2513 2643 λεγόμενον
2570 2567 2849 2643 Πρίλαπον
2909 2567 2973 2622 τὸ
3040 2567 3303 2645 φρούριον
3365 2569 3761 2645 ἀπαγαγόντος.
3810 2571 3875 2627 ὐ

2221 2652 2279 2710 δὲ
2332 2654 2586 2731 βασιλεὺς
2631 2655 2760 2720 τοὺς
2809 2653 3120 2719 ἑαλωκότας
3169 2662 3277 2712 τῶν
3340 2655 3661 2734 Βουλγάρων
3728 2656 3876 2735 ἀμφὶ

2218 2744 2313 2807 τάς
2378 2747 2455 2817 ιε’,
2488 2742 2563 2806 ὥς
2620 2766 2799 2822 φασιν,
2833 2739 2991 2807 ὄντας
3041 2744 3300 2821 χιλιάδας
3365 2747 3741 2824 ἀπετύφλωσε,
3782 2746 3879 2801 καὶ

2220 2832 2447 2902 ἑκάστην
2523 2830 2848 2888 ἓκατοντάδα
2912 2835 3329 2909 πεπηρωμένων
3403 2834 3489 2911 ὑφ’
3556 2835 3672 2896 ἑνὸς
3739 2855 3879 2907 μον-

2222 2919 2512 3000 οφθάλμου
2544 2918 2853 2996 ὁδηγεῖσθαι
2880 2920 3139 2984 κελεύσας
3172 2923 3249 2984 εἰς
3278 2924 3370 2977 τὸν
3424 2918 3689 2995 Σαμουὴλ
3738 2923 3881 2976 ἀπο-

2219 3012 2446 3084 πέμπει.
2481 3008 2587 3072 Οὓς
2621 3008 2824 3072 ἐκεῖνος
2873 3010 3300 3089 ἀφικνουμένους
3348 3012 3465 3068 κατ’
3514 3011 3743 3087 ἀριθμὸν
3788 3012 3882 3066 καὶ

2221 3100 2367 3171 τάξιν
2403 3101 2693 3173 θεώμενος,
2723 3100 2815 3155 καὶ
2842 3100 2906 3155 τὸ
2946 3100 3119 3165 πάθος
3172 3100 3277 3156 οὑκ
3327 3098 3562 3175 ἐνεγλὼν
3622 3104 3887 3164 νεανικῶς

2221 3191 2308 3245 καὶ
2366 3187 2639 3262 εὐψύχως,
2692 3187 3025 3262 λειποθυμίᾳ
3079 3187 3170 3244 καί
3224 3189 3403 3262 σκότῳ
3473 3188 3731 3264 βάλλεται
3785 3189 3881 3243 καὶ

461 3280 551 3329 let
580 3292 825 3342 annum,
858 3284 1133 3333 venatum
1165 3278 1363 3333 exiens
1402 3278 1753 3333 interficitur
1782 3295 1816 3333 a
1859 3279 2109 3350 Joanne,

2224 3277 2301 3341 εἰς
2328 3256 2666 3353 γῆνυπίπτει·
2700 3274 2853 3331 ὕδατι
2886 3256 2943 3331 δέ
2973 3256 3062 3331 καὶ
3106 3277 3303 3353 μύροις
3354 3256 3406 3332 οἱ
3452 3256 3717 3351 παρόντες
3775 3277 3881 3346 τὴν

462 3362 560 3435 qui
593 3368 650 3418 et
684 3364 1142 3437 Bladistblabus,
1172 3366 1289 3422 filio
1323 3367 1584 3435 Aaronis,
1624 3383 1796 3439 quem
1827 3366 1951 3439 ipse
1985 3366 2113 3423 neci

462 3450 781 3523 aliquando
813 3454 1201 3512 subtraxerat.

2222 3368 2394 3437 πνοὴν
2481 3364 2645 3420 αὑτοῦ
2722 3362 3181 3439 ἀνακαλεσάμενοι
3272 3366 3568 3441 ἀνενεγκεῖν
3679 3366 3880 3440 μικρὸν

2223 3456 2610 3525 πεποιήκασιν.
2665 3455 2993 3530 Ἀνενεγκὼν
3053 3452 3109 3509 δὶ
3167 3451 3313 3529 ὕδωρ
3371 3460 3512 3510 πιεῖν
3574 3453 3884 3526 ἓπεζήτησε

462 3540 699 3614 ψυχρόν.
730 3535 924 3597 Λαϐὼν
961 3540 1019 3598 δὶ
1044 3544 1132 3598 καὶ
1171 3544 1313 3599 πιὼν
1344 3541 1557 3620 ἰλήφθη
1588 3540 2033 3620 καρδιαγμῷ,καὶ
2066 3543 2201 3618 μετᾶ
2225 3542 2322 3599 δύο
2350 3543 2560 3617 ἡμέρας
2592 3544 2831 3613 θνήσκει.
2866 3538 3291 3617 Παραλαμϐάνει
3323 3540 3380 3598 δὲ
3407 3545 3507 3613 τὴν
3541 3540 3879 3617 Βουλγάρων

459 3625 639 3711 ἀρχὴν
671 3629 699 3682 ὁ
732 3630 846 3691 υἱὸς
901 3632 1063 3687 αὑτοῦ
1103 3627 1348 3708 Γαϐριὴλ
1404 3633 1431 3686 ὁ
1484 3631 1573 3686 καὶ
1604 3633 1901 3703 Ῥωμανὸς,
1937 3632 2098 3708 ῥώμῃ
2157 3634 2251 3707 μὲν
2296 3632 2389 3688 καὶ
2432 3632 2587 3707 ίσχὺϊ
2642 3636 2737 3686 τοῦ
2792 3632 2997 3707 πατρὸς
3055 3631 3360 3708 ὑπερέχων,
3395 3634 3653 3711 φρονήσει
3686 3630 3744 3686 δὶ
3784 3633 3879 3687 καὶ

464 3709 675 3785 διανοίᾳ
704 3714 903 3788 πολλῷ
934 3716 1282 3790 λειπόμενος,
1315 3717 1526 3794 τεχθεὶς
1552 3721 1631 3789 τῷ
1666 3716 1931 3789 Σαμουὴλ
1959 3718 2064 3773 ἀπό
2096 3740 2236 3781 τινος
2266 3715 2687 3793 αἶ’χμαλώτιδος
2728 3718 3078 3794 Λαρισσαίας.
3113 3720 3197 3791 [Ρ’
3243 3720 3372 3792 708]
3409 3709 3575 3790 -Ἢρεε
3634 3714 3691 3772 δὲ
3738 3719 3886 3772 κατὰ

462 3800 561 3871 τὴν
624 3804 682 3858 ιε’
734 3808 830 3859 τοῦ
890 3801 1266 3884 Σεπτεμϐρίου
1326 3807 1515 3882 μηνὸς,
1575 3804 1893 3879 ἐπινεμήσει
1952 3814 2035 3882 ιγ.
2097 3808 2199 3865 Καὶ
2261 3805 2391 3882 μηδ’
2447 3805 2576 3863 ὅλον
2636 3805 3046 3883 ἀποπληρώσας
3118 3805 3360 3862 ὶνιαυτὸν
3435 3808 3740 3885 σφάττεται,
3800 3804 3885 3862 εἲ(

465 3892 783 3968 κυνηγέσιον
819 3892 1071 3967 ἰξελθὼν,
1098 3896 1244 3973 παρὰ
1265 3897 1517 3955 Ἰωάννου
1546 3899 1639 3950 τοῦ
1671 3895 1758 3951 καὶ
1784 3892 2204 3961 Βλαδισθλάϐου
2234 3900 2331 3953 τοῦ
2377 3897 2497 3951 υἱοῦ
2552 3897 2792 3970 Ἀαρὼν,
2840 3897 2897 3951 ὃν
2949 3894 3108 3958 αὐτὸς
3155 3897 3404 3967 Θνήσκειν
3462 3894 3736 3969 μέλλοντα
3784 3899 3889 3950 τοῦ

468 3980 695 4038 Θανάτου
724 3982 1170 4057 ἀπελυτρώσατο.

541 4074 865 4144 Antequam
914 4076 1017 4129 hoc
1079 4077 1260 4142 fleret,
1310 4074 1736 4146 Theophylscto
1787 4075 2127 4132 Botaneiata

469 4158 900 4218 Thessalonica:
924 4169 1056 4233 post
1078 4164 1357 4219 Davidum
1379 4165 1697 4219 Arianitam
1723 4164 1992 4236 prafecto
2020 4166 2123 4222 Sa-

474 4249 707 4307 muelus
737 4251 1339 4323 Nestoritzam,uuum
1370 4253 1439 4307 de
1462 4252 1889 4324 potentissimis
1919 4255 2126 4326 Bulga-

478 4339 582 4407 ris,
629 4356 842 4409 magno
888 4357 1023 4396 cum
1063 4342 1319 4396 exercitu
1386 4342 1457 4396 ad
1526 4356 1655 4397 eam
1713 4343 1916 4397 urbem
1944 4344 2125 4399 misit.

477 4429 658 4493 Quem
689 4429 1307 4501 Theophylaetusﬁlio
1339 4446 1446 4485 suo
1476 4430 1757 4485 Michaelo
1789 4431 2126 4502 comitatus,

2304 4074 2419 4150 Πρὸ
2482 4078 2578 4129 τοῦ
2654 4072 2711 4128 δὲ
2785 4078 2952 4129 ταῦτα
3020 4074 3281 4150 γενέσθαι,
3336 4071 3715 4152 Θεοφυλάκτου
3784 4078 3889 4128 τοῦ

2233 4165 2586 4219 Βοτανειάτου
2632 4164 2819 4240 ἄρχειν
2866 4160 3263 4233 Θεσσαλονίκης
3330 4162 3464 4237 μετά
3509 4163 3598 4218 τὸν
3642 4162 3889 4238 Ἀριανί-

2233 4275 2332 4323 την
2360 4254 2696 4328 πεμφθὲντος
2737 4248 2903 4308 Δαϐὶδ
2957 4253 2984 4307 ὁ
3032 4252 3415 4328 Νεστορίτζης,
3454 4254 3531 4315 εἷς
3578 4256 3686 4307 τῶν
3738 4251 3891 4329 παρὰ

2236 4341 2581 4417 Βουλγάροις
2638 4342 2773 4417 μέγα
2830 4338 3140 4413 δυναμένων
3204 4342 3485 4416 ὑπάρχων,
3534 4340 3667 4413 μετὰ
3723 4337 3891 4395 δυνά-

2241 4452 2388 4504 μεως
2456 4428 2619 4505 ἁδρᾶς
2689 4430 2825 4486 κατὰ
2900 4427 3300 4500 Θεσσαλονίκης
3363 4428 3694 4502 ἰκπιμπεται
3741 4429 3895 4503 παρᾶ

480 4532 679 4589 pugna
708 4533 1059 4591 congressus
1090 4516 1244 4574 fudit
1269 4534 1601 4591 magnaque
1650 4520 1846 4590 przeda
1876 4524 2043 4591 parta
2072 4537 2110 4577 e‘

2235 4524 2333 4575 τοῦ
2366 4518 2653 4591 Σαμουήλ·
2689 4522 2773 4582 οἷς
2805 4520 3142 4590 συναντήσας
3176 4520 3204 4574 ὁ
3236 4515 3616 4594 Θεοφύλακτος
3661 4516 3754 4573 σὺν
3808 4522 3894 4589 τῷ

484 4605 687 4664 multis
716 4608 1065 4679 captis,cum
1086 4607 1177 4665 his
1200 4610 1272 4664 ad
1294 4607 1707 4680 imperatorem
1739 4615 1879 4664 tunc
1896 4615 2129 4682 septum

477 4696 537 4753 in
571 4696 863 4769 angustiis
880 4700 1034 4768 apud
1057 4697 1348 4753 Cblidium
1369 4701 1807 4769 oppugnantem
1830 4697 2129 4754 venit.lm-

479 4791 714 4859 perator
742 4788 1032 4859 angustiis
1062 4803 1178 4858 quo
1210 4785 1468 4841 diximus
1501 4786 1673 4841 modo
1707 4786 2025 4857 superatis,
2057 4787 2128 4842 ad

480 4875 895 4949 Strumpitzam
947 4875 1217 4943 accedit;
1258 4878 1316 4930 et
1358 4873 1594 4930 castello
1642 4874 1735 4930 cui
1786 4875 2131 4931 Matzucium

482 4983 698 5023 nomen
766 4964 1011 5037 potitus,
1078 4963 1444 5037 Strumpitzae
1502 4964 1632 5034 jam
1708 4964 2133 5036 propinquans,

483 5054 982 5127 Theophylactum
1014 5053 1415 5110 Botoneiatam
1461 5052 1889 5108 Thessalonice
1921 5054 2130 5109 ducem

484 5143 661 5200 colles
690 5144 761 5198 ad
796 5143 1219 5215 Strumpitzam
1241 5142 1387 5197 sitos
1408 5156 1687 5212 superare
1702 5142 1873 5212 jubet
1893 5148 1949 5197 et
1968 5147 2135 5215 septa

482 5233 653 5289 obvia
682 5232 1011 5302 incendere,
1045 5230 1275 5303 sibique
1303 5230 1412 5285 hoc
1446 5230 1745 5285 modoiter
1762 5230 2133 5287 Thessaloni-

484 5338 612 5379 cam
650 5322 875 5378 dueens
925 5319 1216 5394 expedire.
1266 5318 1739 5376 Proﬁciscentem
1788 5319 2135 5393 praesidiarii

2239 4610 2341 4681 υἱῷ
2371 4608 2601 4684 Μιχαὴλ
2633 4608 2723 4664 καὶ
2754 4607 3093 4683 συμπλακεὶς
3133 4607 3316 4683 τρέπει
3362 4628 3421 4662 τε
3474 4606 3610 4662 κατὰ
3663 4608 3892 4682 κράτος,

2238 4699 2328 4753 καὶ
2360 4696 2507 4753 λείαν
2539 4695 2757 4766 πολλὴν
2785 4699 2873 4753 καὶ
2917 4695 3319 4771 αἰχμαλώτους
3364 4694 3599 4771 συχνοὺς
3639 4694 3893 4772 προσλα-

2241 4780 2473 4859 ὅόμενος
2526 4783 2829 4858 διακομίζει
2880 4790 2958 4857 τῷ
3006 4787 3223 4861 βασιλεῖ
3274 4782 3663 4857 πολιορκοῦντι
3720 4783 3784 4838 τὸ
3836 4783 3891 4839 ἐν

2239 4878 2307 4950 τῇ
2353 4873 2649 4950 κλεισοὺρᾳ
2692 4878 2789 4930 τοῦ
2831 4871 3093 4931 Κλειδίου
3145 4871 3283 4948 δὲμα
3331 4873 3465 4948 (60).
3494 4873 3564 4927 Τὸ
3618 4869 3754 4946 δέμα
3809 4869 3892 4945 δὶ,

2242 4965 2316 5026 ὡς
2363 4961 2598 5039 εἶ’ρηται,
2650 4958 2841 5026 διαϐὰς
2892 4962 2919 5018 ὁ
2976 4960 3231 5038 βασιλεὺς
3283 4962 3419 5017 κατὰ
3475 4959 3897 5037 Στροὺμπιτζαν

2241 5053 2466 5127 γίνεται.
2518 5052 2623 5108 Καὶ
2681 5053 3057 5127 παρεστήσατο
3108 5050 3202 5124 μὶν
3270 5050 3530 5128 φρούριον
3575 5050 3639 5104 τὸ
3680 5047 3894 5105 καλοὺ-

2246 5161 2403 5214 μενον
2454 5140 2915 5213 Ματζούκιον,τῇ
2965 5138 3351 5217 Στρουμπίτζῃ
3404 5136 3462 5193 δὲ
3509 5138 3898 5215 προσεγγίζον,

2247 5230 2381 5304 μετὰ
2429 5228 2709 5304 δυνάμεως
2756 5227 2802 5283 δ’
2851 5226 3113 5303 ἑκπὲμπει
3180 5227 3273 5282 τὸν
3338 5224 3701 5298 Βατανειάτην
3759 5233 3895 5282 Θεο-

2243 5316 2516 5397 φὺλακτον
2545 5318 2639 5373 τὸν
2672 5315 2838 5374 δοῦκα
2879 5316 3304 5389 Θεσσαλονίκης,
3347 5309 3645 5392 ὑπερϐῆναι
3702 5312 3899 5371 κελεύ-

1675 5479 2041 5538 XYLANDRI
2080 5481 2168 5537 ET
2206 5480 2428 5538 GOARI
2466 5479 2700 5537 NOTAE.

558 5624 671 5708 (6Q)
701 5622 1058 5708 atpqturrip
1082 5618 1475 5708 iz'xlag‘oupq,
1504 5621 1565 5680 in
1595 5622 1754 5682 clusa
1783 5624 1903 5683 sive
1932 5641 2087 5682 muro
2118 5622 2272 5681 inter
2300 5622 2449 5680 duos
2481 5626 2709 5681 montes
2739 5639 2981 5697 asperos
3010 5626 3223 5691 erecto,
3255 5622 3326 5679 ad
3360 5636 3538 5693 quam
3569 5617 3767 5678 aditus
3794 5617 3897 5678 hic

486 5690 707 5771 passim
738 5690 956 5754 dicitur
980 5690 1242 5749 κλειδίον.
1276 5690 1455 5751 ϐολὴ.
