4038 6334
151 374 265 437 193

1291 372 1836 436 HISTORIARUM
1883 371 2430 435 COMPENDIUM.

3444 380 3562 442 191

144 525 237 566 σας
292 502 424 566 τοὺς
468 502 521 559 έν
569 501 955 579 Στρουμπίτζῃ
1016 503 1265 579 βουνοὺς,
1321 504 1411 560 καὶ
1458 506 1523 559 τὰ
1576 503 1627 559 ἐν
1676 507 1795 565 ταῖς

1927 503 2056 561 nihil
2090 504 2391 561 obstantes
2423 504 2506 561 ire
2529 520 2642 577 quo
2663 504 2893 562 volebat
2916 506 3072 578 passi
3098 511 3261 564 sunt.
3292 508 3401 565 Sed
3424 525 3561 568 cum

144 594 260 647 κατ’
290 591 491 654 αὑτοὺς
524 590 676 655 ὁδοῖς
708 592 1054 663 πυρπολῆσαι
1114 590 1341 665 δέματα,
1398 592 1489 648 καὶ
1548 592 1805 667 εὑπόρευ-

140 703 232 737 τον
498 687 667 745 θεῖναι
743 684 843 751 τὴν
916 682 1051 758 πρὸς
1121 683 1523 752 Θεσσαλονίκην
1573 680 1805 757 ἄγουσαν

146 770 293 825 ὀδόν.
329 772 394 828 Ὀ
445 768 504 825 δὲ
546 769 796 825 ἀπελθὼν
850 774 1211 847 συνεχωρήθη
1267 774 1359 844 μὲν
1394 772 1446 827 έν
1477 776 1555 844 τῷ
1586 771 1805 826 εἲσιέναι

148 861 294 935 παρᾶ
350 864 463 913 τῶν
538 858 1073 936 τοποφυλακούντων
1159 859 1487 937 Βουλγάρων
1562 861 1806 933 ἀνεμπο-

149 947 347 1011 δίστως
383 945 643 1016 διελθεῖν,
705 946 925 1022 μέλλων
972 946 1031 1004 δὲ
1059 950 1196 1023 πρὸς
1226 951 1315 1004 τὸν
1380 946 1610 1025 βασιλέα
1638 948 1804 1004 πάλιν

153 1039 516 1113 ὑποστρέφειν
586 1039 719 1110 μετά
783 1039 846 1092 τὸ
896 1038 962 1092 τὰ
1012 1037 1458 1113 προστεταγμένα
1513 1037 1806 1112 πληρῶσαι

149 1126 471 1201 περιπίπτει
532 1127 731 1203 λόχοις
787 1127 871 1183 ἐπ’
929 1127 1079 1201 αὑτῷ
1126 1128 1304 1201 τούτῳ
1333 1128 1806 1204 προσκαθημένοις

145 1217 233 1270 καὶ
294 1212 670 1290 ένεδρεύουςιν
745 1215 796 1271 ἔν
848 1237 957 1270 τινι
1015 1215 1275 1290 έπιμήκει
1332 1220 1693 1293 πενοχωρίῳ
1754 1215 1806 1271 έν

144 1304 179 1378 ᾖ
235 1303 503 1369 εἰσελθὼν
535 1304 625 1359 καὶ
656 1304 919 1360 πάντοθεν
975 1306 1445 1381 περιστοιχισθεὶς
1476 1306 1567 1360 καὶ
1611 1302 1811 1361 ἄνωθεν

149 1394 249 1449 ὑπὸ
282 1393 460 1448 Λίθων
494 1393 584 1449 καὶ
615 1394 785 1464 τόξων
820 1392 1190 1468 βαλλόμενος,
1227 1392 1461 1465 μηδενὸς
1508 1393 1809 1468 ἀμύνασθαι

148 1481 462 1554 δυναμένου
493 1480 582 1537 διὰ
608 1484 708 1551 τήν
739 1483 1011 1537 πύκνωσιν
1058 1482 1148 1537 καί
1186 1486 1249 1538 τὸ
1294 1490 1394 1553 τῆς
1444 1484 1812 1559 στενοχωρίας

149 1570 548 1643 ἀδιεξὸδευτον,
607 1570 769 1633 αὑτός
813 1593 870 1626 τε
918 1572 1141 1643 πίπτει,
1216 1570 1356 1645 μηδὲ
1406 1577 1527 1633 ταῖς
1585 1572 1810 1636 οἰκείαις

148 1661 309 1735 χερσὶ
375 1658 628 1730 δυνηθεὶς
687 1662 1017 1735 χρήσασθαι,
1046 1662 1133 1715 καὶ
1167 1660 1311 1716 πολὺ
1346 1661 1511 1737 μέρος
1541 1660 1634 1715 σὺν
1666 1661 1812 1733 αὑτῷ

150 1748 411 1804 ἀπώλετο
442 1753 538 1803 τοῦ
571 1750 821 1823 στρατοῦ.
880 1752 1052 1825 "Amp
1115 1750 1417 1822 μηνυθέντα
1469 1754 1550 1822 τῷ
1598 1748 1813 1824 βασιλεῖ

150 1838 375 1907 πολλῆς
406 1837 568 1892 αὑτὸν
596 1835 888 1907 ἐνέπλησεν
948 1838 1198 1911 ἀθυμίας.
1255 1841 1411 1896 ’Όθεν
1454 1838 1543 1893 καὶ
1591 1860 1808 1913 προσω-
1842 1877 1888 1940 Β

149 1927 291 2003 τέρω
356 1932 565 2003 χωρεῖν
627 1926 727 1981 οὑκ
778 1925 1019 1996 ἔκρινεν,
1074 1927 1201 1983 ἀλλ’
1256 1928 1595 2005 ὑποστρέψας
1642 1927 1808 1997 ἦλθεν

150 2017 224 2081 εἷς
273 2018 348 2071 τὶ
406 2016 666 2091 Ζαγόρια,
734 2013 857 2071 ἔνθα
914 2017 977 2071 τὸ
1039 2013 1161 2072 λίαν
1216 2017 1566 2093 ὀχυρώτανον
1600 2014 1810 2092 ἵδρυται

152 2105 421 2184 φρούριον
477 2105 505 2159 6
561 2103 883 2174 Μελένικος,
940 2104 1027 2159 ἐπί
1077 2126 1223 2167 τινος
1274 2105 1474 2180 πέτρας
1526 2103 1812 2178 ἱδρυμένον

150 2200 432 2269 κρημνοῖς
486 2194 579 2249 καὶ
620 2194 851 2273 φάραγξι
904 2194 1229 2270 βαθυτάταις
1286 2194 1542 2249 πάντοθεν
1593 2194 1813 2271 ἀστεφα-

151 2284 432 2359 νωμὲνης’
493 2282 548 2339 έν
579 2286 625 2357 ᾧ
683 2284 735 2337 οἱ
765 2290 865 2353 τῆς
896 2283 1215 2360 περιχώρου
1276 2282 1532 2347 πάντοθεν
1572 2304 1815 2361 καταφυ-

150 2372 340 2448 γόντες
398 2371 710 2449 Βοὺλγαροι
762 2371 923 2449 ὀλιγὰ
967 2377 1077 2427 τῶν
1127 2372 1415 2446 Ῥωμαίων
1477 2371 1814 2450 έφρόντιζον.

160 2464 305 2537 Πρὸς
359 2462 454 2525 οὓς
513 2464 541 2517 6
574 2462 828 2537 βασιλεὺς
860 2462 1090 2539 Σέργιόν
1121 2482 1241 2517 τινα
1272 2459 1553 2533 έκτομίαν,
1585 2458 1680 2516 ἕνα
1708 2466 1813 2516 τῶν

157 2551 512 2605 οἰκειοτάτων
571 2550 721 2623 αὑτῷ
780 2549 1196 2623 θαλαμηπόλων
1223 2592 1238 2619 ,
1306 2548 1595 2623 ἐκπέμπει,
1653 2547 1818 2621 ἄνδρα

159 2640 405 2716 φρενήρη
466 2659 525 2693 τε
579 2640 671 2693 καὶ
730 2635 903 2692 δεινὸν
954 2637 1153 2706 εἰπεῖν,
1212 2638 1662 2713 ἀποπειρώμενος
1714 2645 1816 2707 τῆς

156 2730 393 2803 γνώμης
450 2727 645 2784 αὑτῶν.
704 2727 876 2789 Οὗτος
932 2724 980 2781 δ’
1036 2726 1205 2782 ἐκεῖσε
1233 2728 1528 2803 γενόμενος
1560 2729 1647 2782 καὶ
1677 2725 1817 2782 πολ-

160 2817 285 2878 λαίς
348 2818 700 2891 χρησάμενος
758 2814 1171 2892 πιθανολογίαις
1233 2813 1577 2889 μεταδιδάξαι
1630 2813 1821 2891 ἴσχυσε

157 2908 285 2969 τοὺς
340 2906 663 2980 ἀνθρώπους
716 2903 778 2959 τὰ
837 2902 977 2976 δέον,
1009 2906 1097 2959 καὶ
1127 2905 1195 2959 τὰ
1225 2905 1370 2959 ὅπλα
1420 2906 1821 2978 καταθεμένους

158 2992 500 3071 παραδοῦναι
529 2998 609 3065 τῷ
645 2991 861 3069 βασιλεῖ
892 2993 1111 3055 ἑαυτοὺς
1158 2993 1247 3047 καὶ
1297 2994 1360 3048 τὸ
1402 2993 1680 3072 φρούριον.
1715 2992 1821 3055 Οὕς

158 3081 568 3156 ἀποδεξάμενος
600 3082 627 3136 6
663 3080 917 3158 βασιλεὺς
947 3081 1038 3136 καὶ
1080 3080 1630 3159 φιλοφρονησάμενος
1681 3081 1823 3152 ἀξιο-

160 3176 409 3248 πρεπῶς,
487 3169 577 3225 καί
654 3171 892 3245 φρουρὰν
960 3174 1041 3242 τῷ
1093 3170 1339 3248 φρουρίῳ
1388 3172 1491 3240 τήν
1550 3172 1815 3246 ἀρκοῦσαν

1915 595 2209 650 mandatis
2240 594 2489 666 peractis
2519 595 2591 650 ad
2620 594 3029 666 imperatorem
3064 596 3252 653 redire
3281 598 3476 668 vellet,
3500 600 3561 657 in

1913 683 2160 739 insidias
2181 684 2250 738 ad
2278 684 2383 739 hoc
2404 684 2598 755 ipsum
2623 684 2933 739 collocatas
2956 686 3014 739 in
3043 687 3325 756 porrectis
3346 687 3404 743 in
3429 689 3561 744 Ion-

1914 789 2049 843 gum
2084 773 2355 844 angustis
2380 773 2611 841 incidit,
2644 774 3351 848 460circumventusque
3379 782 3437 832 et
3468 779 3564 834 de-

1916 878 2094 934 super
2123 862 2279 918 saxis
2317 861 2568 933 telisque
2617 862 2854 933 petitus,
2908 865 3069 919 omni
3118 881 3180 920 se
3211 865 3564 923 defendendi

1917 957 2201 1024 prierepta
2233 950 2509 1006 facultate
2530 950 2601 1006 ob
2624 967 2994 1022 compressos
3024 952 3082 1008 in
3105 959 3298 1010 artum
3324 956 3562 1013 ordines

1915 1045 1973 1095 et
2003 1039 2111 1095 loci
2146 1040 2481 1109 angustiam
2515 1039 2674 1094 omni
2697 1041 2850 1094 exitu
2875 1042 3149 1110 carentis,
3181 1058 3315 1097 cum
3347 1060 3562 1117 magna

1916 1129 2007 1185 sui
2037 1128 2325 1183 exercitus
2357 1134 2520 1200 parte
2551 1129 2721 1199 perit.
2760 1128 3080 1199 Imperator
3108 1146 3176 1185 ea
3213 1130 3377 1187 clade
3409 1150 3567 1188 nun-

1916 1218 2061 1273 tiata
2088 1218 2408 1273 maximum
2443 1216 2704 1289 percepit
2728 1216 3012 1288 dolorem,
3037 1222 3095 1273 et
3124 1220 3395 1291 progredi
3417 1222 3565 1279 ultec

1917 1305 2043 1361 rius
2073 1323 2188 1361 non
2207 1322 2387 1361 ausus
2407 1312 2560 1360 retro
2586 1304 2729 1360 abiit
2758 1306 2828 1360 ad
2850 1306 3110 1376 Zagoria,
3136 1307 3233 1362 ubi
3256 1310 3568 1367 castellum

1918 1399 2042 1450 erat
2055 1393 2552 1463 Melenicuslonge
2566 1394 3204 1465 munitissimum,saxo
3225 1396 3568 1468 impositum

1920 1491 1970 1537 et
2004 1484 2338 1555 praecipitiis
2364 1482 2730 1554 vallibusque
2771 1484 3251 1555 profundissimis
3281 1487 3569 1544 cinctum.

1919 1573 1994 1628 Eo
2026 1589 2093 1627 ex
2124 1571 2339 1627 vicinia
2357 1572 2577 1644 passim
2598 1572 2982 1644 confugerant
3001 1573 3258 1646 Bulgari,
3284 1575 3573 1634 Romano-

1918 1679 2049 1717 rum
2080 1662 2399 1717 admodum
2432 1660 2643 1716 securi.
2662 1662 2745 1716 Ad
2765 1678 2863 1717 eos
2897 1663 3214 1733 imperator
3243 1665 3426 1720 mittit
3446 1667 3572 1722 Ser-

1918 1752 2079 1823 gium
2113 1752 2658 1822 spadonem,unum
2679 1766 2747 1805 ex
2777 1751 3003 1806 intimis
3021 1752 3146 1806 suis
3175 1754 3430 1808 cubiculi
3456 1754 3569 1809 mi-

1919 1840 2141 1907 nistris,
2175 1840 2473 1894 hominem
2515 1839 2820 1893 cordatum
2871 1855 2935 1893 ac
2967 1840 3308 1906 facundum,
3342 1843 3442 1913 qui
3474 1844 3568 1914 ip-

1922 1945 2121 1984 sorum
2166 1929 2396 1984 animos
2444 1926 2892 2000 periclitaretur.
2943 1928 2997 1983 Is
3048 1927 3234 1984 multa
3265 1932 3568 1989 suadendo

1921 2023 2098 2089 atque
2120 2016 2507 2089 probabiliter
2526 2017 2866 2073 disserendo
2888 2034 2986 2073 eos
3010 2033 3076 2074 eo
3099 2019 3433 2091 adduxit,ut
3450 2037 3574 2081 rem

1923 2111 2078 2163 recta
2108 2108 2203 2163 via
2237 2111 2579 2178 reputantes
2611 2106 2815 2176 positis
2846 2107 3029 2162 armis
3077 2122 3138 2162 se
3168 2118 3223 2163 et
3260 2109 3573 2167 castellum

1922 2196 2265 2268 imperatori
2298 2197 2596 2251 dederent.
2621 2198 2776 2261 Quos
2797 2196 3116 2267 imperator
3145 2197 3576 2256 humanissime

1924 2285 2185 2357 excepit;
2228 2289 2285 2339 et
2332 2284 2572 2339 castello
2622 2284 2889 2356 praasidio
2937 2285 3249 2340 sufﬁcienti
3297 2286 3574 2359 imposito

1926 2373 2329 2446 Mosynopolin
2356 2373 2547 2429 rediit.
2575 2372 2661 2428 Ibi
2683 2374 2735 2429 ei
2759 2374 3010 2430 moranti
3030 2373 3276 2430 nuntius
3308 2375 3379 2431 de
3410 2375 3575 2433 obitu

1926 2463 2186 2517 Samueli
2235 2462 2495 2528 ati’ertur,
2545 2462 2833 2533 vigesima
2881 2468 3089 2533 quarta
3136 2462 3406 2520 Octobris
3459 2465 3573 2521 die.

1927 2552 2142 2607 Exinde
2208 2552 2407 2607 statim
2467 2552 2824 2622 Mosynopoli
2882 2552 3366 2608 Thessalonicam
3434 2553 3577 2624 abit,

1926 2648 2099 2712 atque
2128 2640 2266 2695 hinc
2288 2641 2358 2694 ad
2382 2638 2759 2713 Pelagoniam
2791 2655 2978 2713 usque
3002 2641 3395 2713 proficiscitur
3415 2642 3579 2700 nullo

1926 2747 2062 2785 cum
2097 2728 2402 2795 maleﬁcio,
2438 2728 2547 2785 nisi
2583 2730 2738 2799 quod
2772 2730 2993 2800 regiam
3026 2730 3280 2787 Gabrieli
3320 2731 3577 2788 Bulelia-

1928 2835 2061 2873 nam
2093 2819 2240 2873 461
2277 2818 2556 2873 incendit.
2587 2818 2784 2874 Missis
2808 2819 2982 2873 etiam
3017 2820 3303 2876 militibus
3335 2820 3580 2878 castella

1930 2905 2228 2976 Prilapum
2260 2910 2315 2959 et
2346 2906 2647 2977 Stypeium
2671 2905 2843 2977 capit.
2871 2906 3009 2961 Inde
3039 2908 3109 2961 ad
3144 2908 3383 2963 ﬂuvium
3406 2910 3580 2965 Tzer-

1928 3012 2062 3050 nam
2097 2995 2273 3063 venit,
2306 3010 2564 3065 eumque
2596 2994 2820 3049 ratibus
2851 2998 2909 3049 et
2938 2995 3172 3050 utribus
3204 2995 3426 3053 inﬂatis
3456 3004 3577 3053 tra-

1924 3083 2074 3153 jicit,
2109 3100 2173 3138 ac
2221 3083 2463 3138 Budena
2509 3083 2695 3151 redit;
2744 3088 2799 3139 et
2831 3082 2967 3138 inde
2995 3100 3148 3139 nona
3187 3084 3455 3141 Januarii
3486 3086 3581 3142 die

1927 3172 2407 3227 Thessalonicam
2439 3172 2620 3227 venit.

160 3259 548 3334 ἆγκατατάξας,
620 3254 815 3331 μιτέϐη
882 3261 1020 3335 πρὸς
1076 3259 1523 3315 Μοσυνούπολιν·
1579 3260 1631 3314 έν
1689 3258 1725 3333 ᾗ
1774 3257 2013 3336 διάγοντι
2065 3259 2242 3331 τούτῳ
2292 3259 2381 3313 καὶ
2434 3260 2462 3313 ὁ
2517 3263 2614 3314 τοὺ
2673 3258 2939 3331 Σαμουὴλ
2993 3258 3321 3335 ἀγγέλλεται
3353 3262 3579 3325 θάνατος

161 3351 298 3404 κατὰ
358 3351 460 3416 τήν
518 3346 597 3403 κδ’
653 3352 751 3403 τοῦ
812 3343 1146 3422 Ὀκτωϐρίου
1209 3349 1401 3421 μηνός.
1459 3352 1541 3422 [Ρ.
1574 3352 1700 3422 709]
1758 3349 1854 3403 Καὶ
1913 3348 2067 3412 εὐθὺς
2126 3350 2154 3403 6
2215 3347 2468 3424 βασιλεὺς
2524 3347 2734 3421 ἀπάρας
2792 3348 2851 3403 ἐκ
2880 3349 3352 3413 Μοσυνουπόλεως
3398 3350 3584 3405 κάτει-

162 3460 243 3492 σιν
309 3437 389 3499 εῗς
450 3435 871 3506 Θεσσαλονίκην,
931 3436 1173 3491 κάκεῖθεν
1235 3435 1443 3493 ἄπεισιν
1517 3437 1594 3502 εἷς
1666 3436 2027 3513 Πελαγονίαν,
2104 3435 2272 3511 μηδὲν
2346 3435 2747 3511 λυμαινόμενος
2822 3442 2929 3493 τῶν
3007 3439 3059 3493 έν
3119 3439 3298 3509 ποσὶν,
3360 3438 3487 3495 ἀλλ’
3545 3443 3582 3513 ἢ

168 3528 311 3599 μόνα
364 3526 726 3601 πυρπολήσας
784 3528 850 3580 τΞι
906 3525 960 3581 ἐν
1020 3525 1295 3599 Βουτελίῳ
1328 3525 1577 3603 βασίλεια
1625 3531 1724 3583 τοῦ
1781 3522 2051 3602 Υαϐριήλ,
2110 3528 2335 3600 Πέμψας
2394 3524 2451 3580 δὲ
2505 3526 2594 3581 καὶ
2653 3526 2901 3601 στρατιὰν
2954 3532 3233 3603 χειροῦται
3288 3530 3351 3584 τὸ
3408 3529 3581 3606 φρού-

165 3636 282 3691 ριον
348 3614 636 3693 Πριλάπου
689 3615 781 3670 καὶ
831 3619 930 3671 τοῦ
989 3615 1275 3674 Στυπείου.
1337 3617 1572 3680 Ἐκεῖθεν
1630 3611 2040 3690 καταλαμϐάνει
2090 3616 2180 3671 τὸν
2235 3620 2461 3690 Τζερνᾶν
2497 3614 2788 3689 λεγόμενον
2818 3617 3092 3687 ποταμὸν,
3124 3618 3180 3672 ὅν
3215 3616 3459 3693 σχεδίαις
3488 3619 3582 3674 καὶ

169 3706 439 3769 θυλάκοις
488 3706 894 3782 πεφυσημένοις
948 3702 1270 3780 διαπεράσας
1320 3704 1587 3761 ἐπάνεισιν
1636 3705 1711 3769 εἴς
1759 3705 1827 3761 τὸ.
1875 3704 2110 3776 Βοδηνᾶ,
2159 3705 2401 3769 κάκεῖθεν
2431 3708 2501 3779 τῇ
2532 3706 2575 3769 θ’
2600 3708 2696 3759 τοῦ
2727 3704 3054 3781 Ἰανουαρίου
3080 3706 3249 3780 μηνὸς
3279 3706 3447 3776 ἦλθεν
3505 3708 3583 3772 είς

166 3791 380 3850 Θεσσαλ
386 3815 447 3849 ον
459 3792 576 3866 ίκην
585 3838 598 3852 .

231 3921 441 3992 Ἐαρος
491 3915 535 3973 δ’
595 3918 914 3983 ἐπιστάντος
963 3920 1260 3997 ὑπέστρεψε
1317 3918 1483 3975 πάλιν
1518 3919 1593 3983 εἲς
1647 3919 1818 3977 Βουλ-

2009 3921 2181 3976 Initio
2209 3902 2361 3976 veris
2392 3936 2625 3976 rursum
2659 3921 2718 3975 in
2771 3919 3102 3992 Bulgariam
3135 3920 3203 3987 it,
3236 3938 3303 3978 ac
3334 3922 3585 3981 Budena

156 4006 376 4081 γαρίαν,
437 4006 529 4061 καὶ
580 4011 663 4079 τῷ
715 4005 963 4083 φρουρίῳ
1026 4012 1135 4062 τῶν
1192 4005 1452 4079 Βοδηνῶν
1509 4009 1819 4084 προσίσχει’

164 4090 398 4172 ἔφθασαν
451 4096 552 4172 γὰρ
606 4093 781 4164 οὗτοι,
837 4096 937 4165 τήν
990 4096 1128 4172 πρός
1192 4094 1419 4171 βασιλέα
1440 4096 1619 4153 πίστιν
1652 4098 1824 4174 ἀπαρ-

163 4188 512 4260 νησάμενοι,
572 4187 693 4261 ἆραι
770 4186 909 4241 κατὰ
980 4187 1268 4261 Ῥωμαίων
1324 4185 1490 4242 ὅπλα.
1551 4188 1826 4262 Καρτερὰν

164 4276 253 4332 οὖν
312 4275 719 4347 ἐνστησάμενος
777 4273 1104 4351 πολιορκίαν
1155 4276 1424 4349 ἠνάγκασε
1468 4281 1678 4338 πίστεις
1724 4275 1824 4331 λα-

165 4361 361 4427 ϐόντας
395 4364 621 4426 ἑαυτοὺς
681 4364 988 4440 ἐγχειρίσαι
1043 4364 1171 4426 τοὺς
1224 4360 1391 4419 ἔνδονο
1453 4363 1544 4427 οὕς
1575 4364 1738 4419 πάλιν
1770 4362 1823 4419 ἰν

162 4459 240 4526 τῷ
295 4452 533 4527 Βολερῷ
594 4454 929 4526 μετοικίσας,
987 4455 1075 4509 καὶ
1133 4451 1289 4529 ἕτερα
1344 4452 1575 4533 φρούρια
1622 4452 1826 4528 ἀνεγεί-

166 4564 258 4617 ρας
311 4540 411 4598 δύο
472 4541 523 4596 έν
582 4546 663 4614 τῷ
724 4541 875 4615 μέσῳ
929 4550 1029 4612 τῆς
1085 4540 1436 4618 δυσχωρίας,
1496 4544 1570 4598 ὧν
1617 4545 1680 4598 τὸ
1731 4544 1828 4617 μὶν

167 4630 397 4707 Καρδίαν
464 4632 718 4703 ὠνόμασε
761 4632 825 4686 τὸ
883 4628 931 4685 δ’
987 4618 1169 4706 ἔτερον
1228 4633 1379 4708 ἅγιον
1442 4631 1657 4701 Ἠλίαν,
1721 4632 1829 4688 ὑπ-

164 4721 416 4796 έστρεψεν
471 4719 553 4781 είς
607 4718 1025 4791 Θεσσαλονίκην.
1085 4722 1175 4778 Ἐν
1231 4721 1267 4795 ᾖ
1323 4722 1599 4795 Ῥωμανὸς
1656 4722 1685 4775 6
1735 4720 1826 4776 καὶ

172 4805 420 4884 Γαϐριὴλ
454 4804 547 4862 δια
594 4828 735 4869 τινος
781 4807 1058 4881 Ῥωμαίου
1113 4810 1503 4885 Χειροτμήτου
1553 4806 1824 4864 δούλωσιν

170 4899 254 4952 καὶ
311 4897 603 4973 ὑποταγὴν
651 4896 993 4972 ὑπισχνεῖται
1028 4940 1040 4953 .
1118 4899 1180 4956 Ὀ
1256 4897 1313 4954 δὶ
1369 4897 1709 4961 ὑποπτεύσας
1762 4898 1831 4953 τὰ

170 4988 494 5061 γράμματα,
524 4986 618 5040 τὸν
648 4986 935 5061 πατρίκιον
980 4986 1293 5065 Νικηφόρον
1344 4987 1439 5041 τὸν
1487 4985 1685 5064 Ξιφίαν
1738 4985 1829 5041 καὶ

170 5080 585 5131 Κωνσταντῖνον
623 5076 717 5130 τὸν
768 5074 1051 5150 Διογένην,
1118 5076 1252 5150 μετὰ
1311 5076 1402 5131 τὸν
1464 5075 1825 5146 Βοτανειάτην

170 5165 473 5241 στρατηγὸν
545 5162 805 5239 γεγονότα
857 5163 1299 5235 Θεσσαλονίκης,
1361 5164 1496 5238 μετὰ
1548 5161 1828 5237 δυνάμεως

171 5253 441 5330 έιπέμπει
501 5251 556 5308 έν
606 5256 676 5326 τῇ
735 5253 896 5330 χώρᾳ
943 5257 1051 5309 τῶν
1112 5251 1437 5328 Μογλένων.
1477 5258 1568 5307 Ὧν
1600 5254 1700 5321 τὴν
1732 5256 1831 5307 πᾶ-

174 5366 263 5399 σαν
291 5340 655 5416 ληισαμένων
708 5342 915 5414 ἐκείνην
960 5350 1064 5419 γῆν
1096 5342 1187 5398 καὶ
1216 5344 1316 5412 τὴν
1374 5340 1539 5398 πόλιν
1599 5340 1835 5418 πολιορ-

172 5433 422 5490 κούντων
465 5427 660 5509 ἔφθασε
685 5431 777 5486 καὶ
809 5432 837 5486 6
872 5430 1150 5507 βασιλεὺς,
1174 5432 1265 5486 καὶ
1321 5431 1411 5487 τὸν
1460 5429 1835 5508 παραρρέοντα

167 5526 237 5596 τῇ
268 5521 440 5577 πόλει
488 5518 881 5597 μετοχετεύσας
932 5520 1204 5595 ποταμὸν,
1233 5520 1323 5576 καὶ
1370 5522 1439 5576 τὰ
1469 5521 1697 5594 θεμέλια
1724 5523 1830 5575 τῶν

167 5618 368 5688 τειχῶν
408 5606 682 5685 ὑπορύξας
714 5608 805 5663 καὶ
836 5608 971 5679 ξύλα
1009 5610 1098 5665 καὶ
1130 5606 1434 5686 εὔπρηστον
1467 5607 1646 5680 ἅλΛην
1694 5606 1832 5680 ὕλην

176 5697 477 5758 ἇποὸαλὼν
506 5704 625 5764 τοῖς
675 5698 950 5776 ὀρύγμασι
988 5699 1079 5756 καὶ
1109 5702 1217 5777 πῦρ
1249 5693 1531 5774 ἐμϐαλὼν,
1561 5704 1662 5770 τῆς
1693 5697 1835 5773 ὕλης

1931 4009 2236 4067 castellum
2266 4008 2426 4074 (nam
2454 4008 2793 4082 praesidium
2819 4009 2932 4065 {ide
2962 4007 3173 4067 violata
3201 4028 3366 4068 arma
3387 4021 3588 4071 contra

1933 4099 2223 4156 Romanos
2253 4098 2508 4170 ceperat)
2541 4114 2758 4170 magna
2786 4099 2839 4153 vi
2872 4097 3169 4168 obsidens,
3202 4100 3318 4156 ﬁde
3349 4102 3591 4174 publica

1932 4195 2171 4260 accepta
2201 4204 2264 4243 se
2292 4188 2507 4242 dedere
2540 4186 2939 4259 praesidiarios
2960 4188 3136 4260 cogit,
3168 4204 3385 4261 eosque
3417 4190 3588 4248 Boleo

1934 4293 2065 4331 rum
2097 4279 2384 4349 deportat.
2417 4277 2565 4331 Tum
2600 4276 2657 4331 in
2693 4278 3102 4348 angustiarum
3138 4279 3328 4334 medio
3348 4282 3465 4336 duo
3488 4297 3588 4337 ca-

1935 4365 2104 4422 stella
2134 4366 2405 4435 aediﬁcat,
2440 4382 2624 4421 unum
2658 4366 2900 4434 Cardias,
2932 4365 3181 4423 alterum
3214 4368 3403 4426 sancti
3451 4369 3589 4427 Elite

1933 4455 2192 4521 nomine,
2223 4459 2281 4511 et
2322 4454 2802 4511 Thessalonicam
2834 4456 3004 4511 redit.
3055 4456 3159 4512 Hic
3208 4458 3443 4530 degenti
3472 4461 3589 4516 Ga-

1933 4543 2287 4614 brielus,qui
2311 4549 2368 4599 et
2390 4548 2691 4599 Romanus
2714 4544 3253 4617 appellabatur,per
3270 4548 3589 4618 quemdam

1937 4633 2267 4688 Romanum
2328 4632 2787 4688 Cbeirotmetum
2841 4633 2920 4703 (id
2974 4633 3231 4691 nominis
3281 4636 3354 4691 ab
3403 4636 3593 4694 incisa

1937 4739 2114 4778 manu
2134 4723 2243 4793 est)
2260 4721 2550 4793 promittit
2573 4737 2635 4777 se
2664 4721 2777 4793 ipsi
2802 4738 3035 4778 servum
3060 4726 3233 4796 atque
3253 4725 3589 4796 subjectum

1936 4811 2077 4867 fore.
2112 4811 2222 4867 Sed
2254 4814 2574 4882 imperator
2603 4809 2837 4867 fallaces
2857 4811 3083 4868 litteras
3104 4828 3231 4869 esse
3258 4811 3589 4884 suspicans,

1938 4900 2213 4971 Xiphiam
2232 4905 2289 4956 et
2304 4899 2756 4955 Constantinum
2776 4899 3220 4972 Diogenem,qui
3238 4901 3590 4957 Botaneiata

1937 4990 1996 5044 in
2020 4994 2273 5061 praetura
2294 4987 2804 5042 Thessalonicensi
2837 4988 3145 5058 successit,
3168 5004 3300 5045 cum
3333 4990 3590 5046 exercitu

1936 5077 1996 5133 in
2030 5076 2327 5149 regionem
2355 5073 2758 5147 Moglenorum
2781 5075 3000 5145 mittit;
3036 5077 3137 5148 qui
3168 5094 3304 5134 cum
3337 5093 3465 5135 eam
3491 5078 3592 5135 de-

1938 5165 2201 5239 populati
2216 5165 2419 5221 urbem
2434 5164 3357 5239 obsiderent,supervenitipse,et
3373 5167 3587 5238 amnis,

1940 5257 2040 5328 qui
2056 5257 2260 5311 urbem
2275 5253 2550 5319 alluebat,
2560 5252 2720 5309 alveo
2733 5254 3275 5323 adverso,suti'ossis
3290 5272 3595 5313 murorum

1942 5343 2363 5409 fundamentis,
2397 5347 2455 5397 et
2502 5343 2810 5414 interjecto
2858 5344 3119 5401 cavernis
3168 5343 3328 5417 ligno
3359 5344 3594 5418 aliaque

1943 5432 2095 5505 ignis
2127 5447 2337 5504 capace
2368 5430 2636 5502 materia,
2670 5431 2944 5489 incendio
2975 5449 3177 5490 muros
3206 5433 3437 5491 evertit.
3471 5434 3595 5500 Quo

1942 5523 2065 5577 viso
2092 5518 2367 5591 Oppidani
2392 5518 2810 5576 miserabiliter
2824 5520 3122 5593 supplices
3144 5520 3283 5578 facti
3304 5538 3367 5579 se
3388 5526 3445 5579 et
3465 5540 3596 5580 mu-

1944 5610 2227 5666 nitionem
2278 5608 2433 5665 462
2483 5608 2855 5666 dediderunt.
2902 5613 3125 5682 Captus
3173 5615 3265 5666 est
3290 5609 3373 5667 ibi
3406 5612 3598 5669 Domi-

1942 5699 2143 5758 tianus
2186 5697 2521 5769 Gaucanus,
2552 5697 2729 5757 homo
2758 5702 2967 5774 potens
3014 5703 3074 5756 et
3118 5699 3375 5760 Gabrieli
3405 5700 3599 5761 consi-
