4070 6334
485 422 599 482 195
1819 418 2092 479 ϐΕΟΡιϐ]

2284 417 2522 479 DREN]
3773 424 3890 484 196

476 551 702 621 liarius,
724 554 781 609 et
796 549 1194 624 Moglenorum
1228 550 1501 624 princeps
1516 549 1730 606 Elitzes
1761 549 1977 622 aliique
1999 566 2083 622 pri

2280 546 2731 622 αταπρησθείσης,
2785 547 3111 624 κατέστρεψε
3164 550 3229 604 τὸ
3275 554 3485 625 τεῖχοςι
3524 553 3692 627 Ὅπερ
3750 549 3887 608 ἴδόν⁹

478 658 677 698 cerum
710 640 877 698 multi
910 645 973 697 et
1001 657 1213 698 manus
1244 640 1401 697 haud
1424 657 1599 712 parva
1632 639 1908 696 militum.
1933 637 2085 695 Armi

2279 658 2320 701 ες
2379 638 2436 692 οἱ
2495 633 2649 692 ἔνδον
2704 639 2840 712 πρὸς
2899 638 3100 693 ἱκεσίαν
3185 640 3298 713 μετ’
3352 637 3685 718 ὀλοφυρμῶν
3736 641 3886 716 έτρά-

475 723 732 787 ferendis
764 732 1003 787 idoneos
1024 730 1445 801 Aspracaniam
1472 730 1741 801 deportat
1764 730 2082 800 imperator

2277 748 2423 796 οντο,
2479 726 2570 782 καὶ
2645 727 2865 790 ἑαυτοὺς
2937 725 3263 804 παρεδίδουν
3334 729 3429 785 σὺν
3481 734 3573 802 τῷι
3615 730 3883 809 φρουρίῳ.

475 820 783 877 colluviem
816 820 1102 891 reliquam
1134 819 1310 891 diripi
1352 820 1544 891 jubet,
1576 825 1634 874 et
1662 819 1996 885 castellum,
2030 834 2082 873 Ol

2275 815 2480 894 Βλήφθη
2565 816 2658 889 μὲν
2738 816 2828 872 οὖν
2906 820 3235 891 Δομετιανὸς
3305 819 3335 874 6
3394 818 3686 887 Καυκάνος,
3744 821 3882 898 ἀνὴρ

471 909 643 967 Notia
672 926 910 979 nomen,
946 908 1201 975 incendi,
1244 908 1525 981 Moglenis
1556 908 1834 964 vicinum.

2277 905 2497 975 Νάστης
2554 906 2643 960 καὶ
2699 910 2780 979 τῷ
2838 903 3081 982 Γαϐριὴλ
3142 906 3547 983 συμπάρεδρος,
3606 907 3884 964 καὶἸΙλί-

470 1003 601 1069 τζης
654 999 683 1053 6
740 996 925 1073 ἄρχων
983 995 1298 1073 Μογλένων,
1354 995 1445 1051 καὶ
1499 995 1674 1072 ’ὲτεροι
1732 992 1986 1051 δυνάσται
2016 991 2248 1063 πολλοὶ,
2278 994 2367 1049 καὶ
2401 992 2535 1059 λαὸς
2565 993 2906 1069 πολεμιστὴς
2935 996 3034 1051 οὐκ
3064 995 3274 1073 ὀλίγος.
3307 996 3441 1059 Τοὺς
3476 998 3572 1070 μὶν
3599 996 3689 1053 οὖν
3735 996 3887 1055 ὅπλα

472 1086 801 1161 δυναμένους
852 1091 1017 1141 κινεῖν
1078 1085 1154 1148 εἰς
1214 1085 1607 1161 Ἀσπρσκανίαν
1662 1084 1925 1158 ἐκπέμπει
1983 1085 2011 1139 6
2065 1081 2342 1158 βασιλεὺς,
2410 1083 2503 1139 τὸν
2580 1081 2637 1139 δὲ
2695 1083 2888 1141 λοιπὸν
2949 1084 3267 1165 συρφετωδη
3336 1086 3468 1143 λαὸν
3519 1083 3884 1163 διαρπαγῆναι

468 1177 815 1251 προσέταξεν,
862 1174 1244 1251 ἐμπρησθῆναι
1277 1171 1335 1229 δὲ
1378 1175 1557 1231 καὶτὸ
1589 1174 1875 1253 φρούριον.
1907 1171 2087 1229 Ἑάλω
2111 1172 2203 1229 καὶ
2235 1169 2415 1249 ἕτερον
2449 1172 2712 1252 φρούριον
2768 1176 2998 1232 Ἐνώτια
3042 1175 3381 1250 κεκλημένον
3430 1182 3707 1251 γειτονοῦν
3764 1183 3885 1242 τοῖς

470 1264 806 1342 Μογλένοις.

540 1391 755 1459 Quinta
775 1390 868 1446 die
889 1390 1318 1445 Cheirotmetus
1342 1390 1644 1445 Romanus
1662 1390 1837 1457 venit,
1864 1387 2116 1446 famulos

2296 1385 2506 1463 Ἡμέρᾳ
2556 1385 2612 1442 δὲ
2650 1387 2871 1463 πέμπτῃ
2917 1390 3045 1458 ἧκεν
3089 1390 3116 1445 6
3148 1388 3524 1465 Χειρότμητος
3578 1391 3879 1463 Ῥωμαῖος,

469 1495 667 1535 secum
688 1479 986 1535 adducens
1015 1477 1261 1533 Joannis
1286 1478 1692 1544 Bladisthlabi,
1722 1480 1964 1534 Aaronis
1988 1477 2076 1531 ﬁli"

2274 1495 2371 1551 (ων
2422 1477 2512 1531 καὶ
2571 1478 2897 1553 θεράποντος
2946 1478 3198 1533 Ἰωάννου
3245 1484 3343 1533 τοῦ
3397 1481 3484 1535 καὶ
3540 1476 3881 1537 Βλαδισθλάο

464 1572 524 1625 et
547 1568 790 1638 litteras,
815 1567 1031 1639 quibus
1053 1567 1146 1623 hic
1169 1567 1539 1640 signiﬁcabat
1559 1584 1620 1623 se
1637 1567 1909 1624 Gabrielo
1930 1567 2071 1623 vita!

2270 1586 2349 1637 ου,
2412 1563 2531 1621 υίοῦ
2590 1567 2826 1640 Ἀαρὼν,
2886 1566 3221 1643 ἐπαγόμενος
3276 1568 3366 1624 καὶ
3423 1567 3721 1643 γράμματα
3779 1566 3877 1639 δη-

464 1657 773 1729 eripuisse,
798 1674 1070 1728 nuncque
1088 1659 1157 1713 ad
1186 1674 1248 1714 se
1270 1658 1515 1713 rediisse
1532 1657 1900 1730 Bulgaricum
1925 1656 2071 1728 impe

2279 1658 2429 1709 n3th
2499 1659 2824 1735 φονευθῆναι
2881 1657 2969 1711 ὑπ’
3027 1656 3191 1712 αὐτοῦ
3247 1658 3337 1713 τὸν
3395 1652 3642 1734 Γαϐριὴλ
3701 1656 3755 1713 ἐν
3805 1662 3886 1731 τῷ

464 1749 653 1817 rium;
688 1748 1183 1821 promittebatque
1215 1764 1275 1803 se
1307 1763 1542 1803 servum
1575 1752 1631 1802 et
1661 1747 1964 1804 subditum
1995 1747 2071 1802 im

2278 1748 2509 1817 ετρισκῷ
2563 1744 2654 1801 καὶ
2708 1746 2807 1815 τὴν
2867 1750 3039 1801 πᾶσαν
3100 1745 3338 1820 ἐξουσίαν
3399 1746 3477 1811 εἲς
3502 1748 3687 1803 ἑαυτὸν
3750 1767 3882 1820 μετ-

462 1838 715 1909 peratori
749 1837 888 1894 fore.
922 1836 998 1893 lis
1029 1836 1300 1909 perlectis
1329 1836 1646 1910 imperator
1675 1853 1845 1893 suam
1877 1841 2069 1893 senten

2268 1835 2535 1908 δεχθῆναι,
2598 1833 3009 1911 ὑπισχνούμενά
3059 1855 3117 1890 τε
3169 1837 3269 1905 τὴν
3305 1835 3612 1913 πρέπουσαν
3666 1836 3875 1892 ύποτα-

461 1926 607 1983 tiam
639 1943 815 1983 aurea
844 1924 1006 1982 bulla
1035 1926 1442 1998 consignatam
1485 1925 1700 1981 Joanni
1732 1925 1931 1982 mittit.
1963 1925 2068 1980 Par

2267 1922 2319 1991 ἦν
2372 1920 2461 1976 καὶ
2521 1919 2790 1980 δούλωσιν
2849 1922 3174 1995 ένδείξασθαι
3248 1927 3386 2000 πρὸς
3452 1926 3545 1981 τὸν
3618 1924 3874 2003 βασιλέα.

462 2016 664 2088 eisque
696 2019 825 2088 post
855 2015 1064 2071 diebus
1089 2015 1389 2070 Romanus
1420 2015 1588 2080 redit,
1613 2014 1842 2069 litteras
1861 2013 2069 2070 Joanni

2274 2017 2386 2085 imp
2467 2011 2736 2086 ἀναγνοὺς
2822 2014 2851 2068 6
2936 2013 3212 2091 βασιλεὺς,
3279 2016 3370 2069 καὶ
3429 2009 3881 2090 χρυσοϐούλλοις

461 2104 517 2160 et
534 2105 862 2177 principum
878 2103 1164 2175 Bulgaria:
1182 2102 1676 2174 afl‘erens,quibus
1698 2103 1737 2157 ii
1760 2120 1821 2158 se
1843 2103 2068 2158 subdite

2267 2098 2529 2172 >άμμασιν
2593 2102 2661 2155 τά
2744 2098 3009 2157 δοκοῦντα
3079 2104 3515 2175 πιστωσάμενος,
3585 2102 3874 2159 ἀπέστειλε

458 2192 799 2265 imperatori
817 2191 1169 2247 fatebantur.
1184 2191 1466 2261 Adjungit
1483 2206 1545 2245 se
1567 2190 1743 2246 etiam
1769 2191 2065 2262 imperato:

2267 2188 2353 2261 ρὸς
2410 2190 2503 2244 τὸν
2559 2190 2835 2261 Ἰωάννην.
2882 2190 2986 2247 Καὶ
3043 2195 3159 2264 μετ’
3217 2191 3405 2267 ὀλίγας
3459 2192 3625 2248 πάλιν
3655 2192 3874 2269 ἡμέρας

460 2280 790 2349 Caucanus,
823 2278 1139 2336 Domitiani
1170 2280 1323 2352 apud
1374 2278 1673 2351 Moglenos
1720 2280 1876 2352 capti
1910 2280 2067 2336 fratei

2270 2283 2482 2346 ιανῆκεν
2541 2279 2569 2333 6
2627 2279 2969 2353 τετμημένος
3018 2283 3119 2351 τὴν
3148 2286 3309 2358 χεῖρα
3336 2285 3629 2354 Ῥωμαῖος,
3659 2283 3877 2361 γραφὶς

460 2377 665 2441 estque
683 2372 753 2426 ab
775 2386 841 2425 eo
864 2370 1180 2425 honorifice
1198 2368 1457 2425 habitus.
1481 2373 1765 2425 Caeterum
1790 2369 1867 2424 im
1877 2373 2067 2441 peratc

2265 2365 2460 2439 )μίζων
2522 2368 2775 2425 Ἰωάννου
2830 2390 2887 2423 τε
2934 2369 3157 2424 καὶτῶν
3215 2369 3493 2447 ἀρχόντων
3526 2369 3872 2447 Βουλγαρίας

458 2460 671 2514 certior
701 2459 891 2514 factus
920 2459 1205 2513 Joannem
1242 2458 1373 2513 dolo
1405 2475 1469 2513 ac
1500 2457 1783 2514 fallaciter
1812 2460 1926 2513 ista
1957 2460 2065 2513 scri

2268 2455 2494 2523 τηκόους
2565 2455 2987 2533 ὁμολογούντων
3040 2456 3130 2512 καὶ
3183 2456 3416 2522 δούλους
3470 2460 3711 2537 γενέσθαι
3772 2465 3875 2515 τοῦ

457 2549 650 2621 psisse
681 2564 746 2604 ac
781 2548 1073 2603 contraria
1115 2547 1239 2602 suis
1289 2547 1597 2619 promissis
1630 2546 1843 2615 moliri,
1878 2548 1935 2602 in
1971 2547 2064 2602 Bul

2264 2541 2489 2606 κσιλέως
2549 2547 2630 2619 [Ρ.
2689 2549 2816 2618 710]
2862 2546 3175 2624 Προσεῤῥύη
3247 2545 3305 2604 δὶ
3368 2553 3449 2621 τῷ
3512 2549 3729 2625 βασιλεῖ
3775 2551 3871 2604 καὶ

456 2635 681 2708 gariam
715 2635 1027 2692 revertitur
1055 2654 1068 2703 ;
1102 2639 1159 2690 et
1190 2635 1438 2691 Ostrobo
1469 2635 1767 2706 Soscoque
1799 2634 2063 2705 adjacent

2265 2633 2489 2695 αυκάνος
2547 2634 2574 2688 ὁ
2633 2631 2866 2712 ἀδελφὸς
2915 2640 3246 2709 Δομετιανοῦ
3301 2641 3398 2692 τοῦ
3451 2636 3502 2692 έν
3556 2637 3872 2713 Μογλένοις

454 2725 690 2797 regione
721 2741 788 2780 ac
814 2725 1128 2796 campestri
1161 2722 1475 2793 Pelagonia
1498 2722 1889 2793 depOpulatis,
1924 2728 2061 2793 quot

2265 2719 2459 2784 l6v'coc‘
2508 2722 2564 2777 ὅν
2600 2721 3110 2801 φιλοτιμησάμενος
3161 2723 3250 2780 διὰ
3289 2732 3459 2799 τιμῆς
3498 2727 3651 2801 ἦγεν.
3708 2727 3872 2784 Ἐπεὶ

454 2819 596 2884 quot
625 2812 908 2885 Bulgaros
934 2814 1206 2881 cepisset,
1229 2811 1314 2866 eis
1343 2811 1545 2867 oculos
1576 2811 1793 2867 effodit.
1819 2812 1889 2866 Et
1913 2828 2061 2883 usqu

2264 2809 2432 2885 ιέγνω
2481 2813 2572 2867 τὸν
2626 2814 2883 2884 Ἰωάννην
2942 2811 3090 2887 δόλῳ
3141 2815 3231 2870 καὶ
3285 2815 3533 2889 περινοίᾳ
3582 2814 3871 2892 γράψαντα

453 2901 519 2956 ad
554 2903 758 2957 urbem
783 2901 1113 2967 Achridem,
1138 2901 1357 2971 regiam
1385 2900 1688 2969 Bulgariae,
1713 2902 1953 2955 accedit.
1978 2906 2059 2966 Qu

2257 2898 2567 2978 ὶγραφέντα
2612 2903 2699 2956 καὶ
2758 2902 3014 2959 τάναντία
3062 2905 3135 2957 ὧν
3172 2905 3485 2980 ὑπισχνεῖτο
3528 2902 3864 2979 διανοούμε-

450 2990 606 3049 468
638 2990 880 3065 potitus,
907 2990 1079 3047 rebus
1105 2989 1377 3046 omnibus
1400 2993 1552 3045 recte
1584 2990 1941 3055 constitutis,
1965 3005 2057 3061 per

2262 3007 2319 3057 ιν,
2371 2987 2722 3067 ἐπανέστρεψε
2777 2990 2941 3047 πάλιν
3002 2993 3139 3067 πρὸς
3189 2992 3549 3070 Βουλγαρίαν,
3605 2994 3696 3049 καὶ
3730 2992 3869 3065 λεη-

451 3096 585 3152 gere
615 3085 674 3137 et
701 3081 772 3135 ad
803 3079 1189 3152 Dyrrachium
1222 3078 1513 3151 proﬁcisci
1546 3078 1820 3145 intendit,
1855 3079 2009 3151 quod
2044 3095 2058 3134 (

2253 3079 2447 3149 κτήσας
2477 3080 2575 3149 τήν
2608 3079 2944 3157 περίχωρον,
2997 3077 3292 3159 Ὀστροϐοὖ
3350 3082 3566 3139 καὶτοῦ
3625 3087 3860 3139 Σωσκοῦ

443 3172 573 3240 ejus
604 3168 714 3225 loci
735 3186 826 3224 res
843 3169 1033 3241 ipsius
1057 3170 1422 3239 praesentiam
1448 3168 1843 3238 requirebant.
1868 3168 2050 3223 Etenii

2255 3165 2292 3220 ιιὶ
2322 3169 2421 3236 τὴν
2453 3166 2683 3224 πεδιάδα
2711 3168 3041 3246 Πελαγονίας
3081 3170 3208 3233 τοὺς
3268 3168 3661 3245 ἁλισκομένους
3717 3172 3862 3228 πάν-

445 3259 704 3331 quandiu
753 3257 1051 3333 Trymalia
1099 3262 1157 3314 et
1183 3257 1499 3314 viciniores
1544 3257 1756 3313 Servim
1806 3255 2046 3329 partesi

2253 3277 2297 3319 ις
2324 3254 2636 3333 ἀπετύφλου
2662 3259 3031 3334 ΒουΛγάρους.
3057 3262 3305 3318 Ἃπεισιν
3340 3260 3431 3316 οὖν
3464 3259 3593 3338 ἄχρι
3623 3266 3724 3328 τῆς
3754 3264 3860 3317 πό-

440 3351 727 3420 potestate
755 3346 1069 3404 Bladimeri
1099 3347 1301 3419 (gener
1328 3346 1378 3402 is
1411 3346 1519 3401 fuit
1547 3345 1822 3417 Samueli)
1857 3362 2047 3401 manse

2248 3365 2346 3406 εως
2375 3343 2657 3421 Ἀχρίδος,
2688 3347 2739 3401 έν
2767 3346 2888 3421 ἦτα
2921 3347 3168 3425 βασίλεια
3187 3353 3295 3403 τῶν
3331 3347 3599 3425 βασιλέων
3631 3348 3855 3425 ἵδρυντο

438 3442 600 3504 runt,
630 3436 891 3493 hominis
923 3437 1075 3507 justi
1124 3453 1191 3492 ac
1241 3436 1401 3508 pacis
1432 3440 1489 3491 et
1534 3435 1767 3492 virtutis
1814 3436 2043 3517 studies

2247 3432 2571 3510 ουλγαρὲαςθ
2624 3435 2713 3490 καὶ
2760 3438 2860 3507 τήν
2910 3436 3071 3493 πόλιν
3133 3433 3466 3515 παραλαϐὼν
3524 3438 3613 3494 καὶ
3674 3440 3854 3496 πάντα

438 3532 712 3597 pacatum
745 3527 935 3581 fuerat
962 3526 1366 3598 Dyrrachium.
1391 3527 1463 3580 At
1486 3529 1802 3597 postquam
1832 3526 2045 3580 Joanne

2247 3521 2381 3585 ιλῶς
2440 3521 2641 3588 διαθεὶς
2688 3521 2890 3597 ἔμελλε
2930 3527 3021 3581 καὶ
3079 3529 3410 3602 προσωτέρω
3472 3526 3703 3603 βαδίζειν
3757 3529 3854 3585 καὶ

436 3614 773 3671 Samuelum
806 3614 1115 3685 interfecit,
1148 3614 1573 3685 deceptumque
1596 3614 1759 3669 falsis
1782 3615 2043 3683 juramen

2250 3617 2295 3679 ἧς
2358 3613 2491 3685 πρὸς
2546 3613 2608 3667 τὸ
2666 3612 2969 3690 Δυῤῥάχιον
3030 3618 3303 3689 ἅψασθαι·
3363 3612 3535 3671 ἔδεῖτο
3590 3619 3690 3694 γὰρ
3745 3622 3857 3684 τῆς

434 3701 511 3759 tis
543 3703 939 3760 Bladimerum
970 3707 1027 3759 et
1055 3720 1230 3775 opera
1265 3703 1462 3758 Davidi
1488 3702 1867 3774 Bulgarorum
1893 3703 2041 3758 arch‘

2245 3698 2492 3772 τιδημίας
2548 3702 2711 3755 αύτοῦ
2765 3703 2832 3756 τά
2889 3702 3078 3759 ἐκεῖσε.
3133 3707 3281 3766 "Eum
3342 3705 3437 3778 μὲν
3484 3706 3587 3783 γὰρ
3618 3708 3852 3783 Τρυμα-

435 3792 693 3864 episcopi
726 3809 789 3848 se
820 3792 1129 3848 dedentem
1183 3792 1355 3864 paulo
1405 3796 1538 3863 post
1587 3791 1806 3863 perfide
1840 3790 2035 3847 necavi

2239 3793 2318 3852 ιᾶς
2363 3789 2451 3843 καὶ
2482 3794 2587 3845 τῶν
2640 3790 2926 3867 ἀγχοτάτω
2987 3787 3217 3869 Σερϐίας
3253 3798 3430 3869 μερῶν
3462 3794 3605 3871 ἦρχε
3634 3792 3846 3851 Βλαδι-

432 3897 785 3954 magnopere
824 3880 1220 3954 Dyrrachiana
1272 3898 1365 3937 res
1414 3897 1704 3936 concussa
1751 3886 1924 3951 atque
1957 3896 2039 3951 pel

2241 3878 2424 3951 ηρὸςὸ
2484 3877 2571 3932 hri
2620 3880 2840 3955 θυγατρὶ
2896 3884 2992 3935 τοῦ
3051 3881 3319 3955 Σαμουὴλ
3361 3879 3651 3953 κηδεστὴς,
3701 3882 3848 3959 ἀνὴρ

430 3972 669 4026 turbata
697 3975 809 4037 est,
842 3971 1001 4042 quod
1043 3973 1301 4026 Joannes
1352 3969 1553 4025 urbem
1602 3985 1730 4025 eam
1761 3968 2037 4024 identidel

2241 3968 2434 4037 ειεικής
2504 3967 2595 4022 καὶ
2663 3968 2938 4042 εἰρηνικῑὸς
3001 3970 3091 4025 καὶ
3167 3972 3362 4047 ἀρετῆς
3434 3970 3801 4047 ἀντεχόμενος
3832 4016 3848 4043 ,

429 4074 533 4131 per
562 4059 835 4116 ductores
865 4074 1026 4129 suos,
1057 4057 1376 4130 aliquando
1407 4057 1582 4114 etiam
1608 4072 1866 4128 presens
1896 4073 2036 4129 oppr

2237 4054 2423 4130 ρεμίαν
2456 4057 2570 4132 εἶχε
2615 4056 2683 4113 τὰ
2731 4056 2782 4111 ἐν
2841 4057 3148 4135 Δυρῥαχίῳ·
3206 4057 3392 4128 ἐπειδὴ
3427 4057 3484 4115 δὲ
3514 4062 3542 4117 6
3595 4055 3844 4131 Γαϐριὴλ

426 4151 649 4216 gnaret.
680 4148 791 4203 Sed
824 4147 1195 4220 imperatoris
1226 4145 1565 4202 institutum
1599 4161 1691 4202 res
1716 4144 1874 4200 haud
1906 4162 2033 4217 parv

2247 4144 2336 4221 ιρὰ
2381 4149 2481 4199 τυῢ
2538 4146 2791 4203 Ἰωάννου
2840 4147 3114 4217 ἀπώλετο,
3172 4149 3261 4204 καὶ
3318 4147 3475 4211 οὗτος
3529 4168 3854 4225 παρασπον-

428 4233 719 4307 impediit.
752 4235 979 4291 Etenim
1010 4234 1083 4290 ad
1110 4233 1423 4289 Achridem
1448 4232 1826 4305 proﬁciscens
1857 4239 1990 4305 post
2017 4250 2035 4289 £

2299 4232 2374 4297 εἷς
2405 4233 2494 4289 καὶ
2522 4239 2639 4298 τοῖς
2679 4233 2866 4309 ὅρκοις
2915 4236 3203 4300 πιστεύσας
3244 4238 3391 4314 παρὰ
3444 4241 3541 4293 τοῦ
3588 4237 3849 4296 Ἰωάννου
3904 4282 3906 4285 -

429 4322 667 4395 reliquit
695 4340 831 4380 cum
864 4340 1041 4380 manu
1067 4322 1323 4379 militum
1347 4322 1663 4393 Georgium
1694 4322 2036 4378 Gonitziatei

2241 4323 2421 4377 ιθεῐσιν
2480 4323 2626 4394 αὑτῷ
2673 4320 2763 4379 διὰ
2819 4321 2984 4380 Δαϐὶδ
3030 4330 3132 4381 τοῦ
3174 4326 3610 4402 ἀρχιεπιωιόπου
3668 4327 3848 4384 Βουλο

430 4417 488 4469 et
516 4412 781 4469 Orestem
818 4411 1357 4485 protospatharium
1387 4411 1707 4483 captivum,
1731 4411 1950 4482 jubens
1980 4427 2037 4466 θαι

2272 4411 2376 4473 >ίας
2426 4411 2613 4467 έαυτὸν
2672 4411 2969 4488 ένεχείρισε
3008 4413 3100 4468 καὶ
3157 4415 3292 4488 μετὰ
3351 4416 3546 4490 μικρὸν
3597 4416 3879 4494 ἀπεσφάο.

429 4500 491 4561 in
520 4503 877 4574 campestria
925 4500 1252 4574 Pelagonia
1298 4499 1577 4571 grassari.
1626 4501 1739 4557 Eos
1770 4501 2036 4557 universc

2239 4522 2286 4571 η,
2348 4499 2522 4556 πολὺν
2570 4500 2688 4577 εἶχε
2713 4502 2957 4578 τάραχον
3000 4504 3089 4558 καὶ
3139 4502 3337 4559 κλόνον
3368 4504 3435 4559 τὰ
3464 4503 3637 4558 ἐκεῖσε
3664 4506 3846 4581 πράγ-

428 4589 661 4662 Bulgari
694 4592 842 4647 duce
880 4593 1093 4655 lbatza,
1141 4590 1263 4646 viro
1297 4588 1670 4645 nobilissimo
1717 4593 1775 4645 et
1803 4593 2035 4661 spectat

2237 4610 2352 4657 ατα,
2406 4587 2718 4666 ἐγκειμένου
2765 4592 2883 4655 καθ’
2936 4588 3163 4662 ἑκάστην
3219 4592 3309 4648 καὶ
3368 4589 3458 4647 διὰ
3513 4598 3844 4669 στρατηγῶν

425 4680 684 4751 virtutis,
715 4679 775 4736 in
804 4680 1053 4737 insidias
1084 4683 1363 4735 attractos
1384 4678 1773 4733 trucidarunt.
1793 4678 1934 4749 Ejus
1956 4678 2032 4734 cla

2241 4676 2461 4740 δλλάκις
2517 4683 2614 4733 τοῦ
2665 4678 2912 4737 Ἰωάννου
2966 4679 3056 4735 καὶ
3113 4678 3183 4736 δι’
3234 4681 3426 4737 ὶαυτοῦ
3482 4680 3644 4738 πάλιν
3694 4668 3848 4739 ἔλεῖν

426 4769 518 4836 dis
546 4769 746 4827 dolore
775 4770 1041 4826 concitus
1070 4767 1466 4841 imperatorin
1500 4766 1867 4840 Pelagoniam
1893 4784 2033 4825 revel

2239 4769 2284 4834 tv
2342 4765 2524 4822 πόλιν.
2584 4767 2687 4824 Καὶ
2736 4765 2826 4822 διὰ
2878 4772 3040 4824 τοῦτο
3088 4764 3347 4825 έϐούλετο
3380 4770 3474 4843 μὶν
3518 4771 3546 4826 6
3582 4769 3846 4847 βασιλεὺς

424 4860 592 4926 titur,
624 4860 1000 4931 Ibatzamque
1022 4861 1361 4930 persecutus
1376 4856 1859 4913 Thessalonicam
1894 4857 2022 4912 veni

2240 4853 2437 4910 τελθεῖν
2477 4856 2566 4911 καὶ
2603 4856 2895 4930 βοηθῆσαι,
2952 4855 3205 4927 ἐκωλύθη
3262 4855 3321 4913 δὶ
3377 4857 3446 4913 δι’
3502 4858 3679 4914 αἰτίαν
3736 4859 3847 4917 ούκ

425 4947 1305 5020 indeqneMosynopolin,misso
1328 4962 1459 5001 cum
1483 4945 1738 5001 exercitu
1761 4945 1834 5001 ad
1854 4950 2032 5001 Strun

2238 4947 2424 5019 λογον.
2482 4944 2890 5021 Ἀπερχόμενος
2944 4946 3043 5020 γὰρ
3093 4946 3227 5023 πρὸς
3287 4944 3519 5024 Ἀγρίδα
3574 4946 3845 5007 κατέλιπε

424 5037 589 5108 Ρίιεω
638 5038 1137 5109 oppugnationem
1190 5035 1403 5091 Davido
1443 5035 1726 5090 Arianita.
1779 5039 1835 5090 Is
1878 5035 2031 5089 subit

2235 5033 2411 5088 ιτόπιν
2465 5034 2599 5106 μετά
2650 5033 2899 5104 πλήθους
2939 5033 3285 5110 στρατιωτῶν
3341 5035 3610 5112 Γεώργιον
3639 5057 3842 5111 στρατ-

424 5125 656 5189 irruens
687 5126 997 5182 castellum
1030 5124 1369 5181 Thermitza
1400 5124 1571 5194 cepit.
1604 5122 1763 5179 Misit
1802 5128 1859 5178 et
1890 5123 2031 5179 aliut

2235 5122 2317 5195 τὸν
2374 5122 2466 5177 τὸν
2530 5126 2875 5193 Γονιτζιάτην
2950 5122 3040 5178 καὶ
3116 5124 3377 5199 Ὀρέστην
3435 5127 3842 5201 πρωτοσπαθά-

421 5216 740 5273 exercitum
770 5214 829 5271 in
861 5214 1165 5271 Triaditzze
1186 5214 1341 5269 464
1373 5212 1640 5281 castella,
1665 5212 1813 5268 duce
1836 5212 2028 5284 Xiphi:

2242 5230 2299 5266 ον
2350 5212 2442 5265 τὸν
2492 5210 2875 5287 αἰχμάλωτον,
2926 5213 3275 5288 κατατρέχειν
3331 5212 3589 5275 κελεύσας
3642 5214 3711 5269 τά
3739 5235 3843 5270 πε-

419 5304 525 5367 Qui
558 5304 836 5359 omnibus
866 5320 995 5375 qua
1041 5303 1157 5358 sita
1203 5307 1371 5358 erant
1400 5301 1459 5356 in
1512 5300 1755 5372 planitie
1784 5301 2026 5358 subacti:

2242 5321 2271 5355 α
2327 5298 2684 5375 ΙΙελαγονίας·
2719 5296 2813 5362 οὕς
2842 5298 3244 5377 έλλοχήσαντες
3276 5301 3584 5378 Βούλγαροι
3613 5297 3843 5378 ἔχοντες

421 5391 728 5448 castellum
755 5393 848 5448 cui
879 5392 1061 5448 Boion
1093 5407 1306 5447 nomen
1338 5390 1721 5463 expugnavit.
1902 5426 1905 5431 μ

2234 5389 2477 5463 ;ρατηγὸν
2553 5390 2645 5445 τὸν
2724 5384 2996 5459 Ἰϐάτζην,
3067 5391 3445 5467 φανερώτατοσι
3518 5388 3687 5467 ἄνδρα
3740 5394 3841 5449 καὶ

420 5475 907 5552 δεδοκιμασμένον,
981 5480 1259 5553 ἀναιροῦσι
1333 5476 1554 5540 πάντας.
1629 5479 1723 5532 Ὧν
1792 5480 1862 5551 τῇ
1938 5476 2085 5552 λύπῃ
2159 5478 2444 5554 συγχυθεὶς
2505 5478 2533 5532 6
2594 5477 2848 5553 βασιλεὺς
2897 5477 3285 5555 ἐπανέστρεψεν
3340 5478 3418 5541 είς
3472 5479 3842 5555 Ηελαγονίαν,

421 5567 512 5624 καὶ
560 5568 654 5623 τὸν
720 5562 965 5639 Ἰϐάτζην
1019 5563 1379 5643 καταδραμὼν
1437 5565 1526 5621 καὶ
1572 5563 1765 5639 διώξας
1824 5566 2064 5637 ἀπῆλθεν
2111 5565 2162 5623 ἐν
2237 5564 2631 5642 Θεσσαλονίκῃ.
2700 5567 2956 5624 Κάκεῖθεν
3036 5563 3190 5639 διέϐη
3248 5567 3325 5631 εἷς
3384 5566 3840 5643 Μοσυνούπολιν,

423 5655 561 5715 κατὰ
615 5656 1036 5733 Στρουμπίτζης
1088 5654 1222 5713 λαὸν
1273 5655 1584 5730 πεπομφὼς
1627 5655 1871 5731 ἡγεμόνα
1924 5652 2125 5731 ἔχοντα
2186 5655 2278 5712 τὸν
2336 5654 2619 5733 πατρίκιον
2679 5651 2847 5712 Δαϐὶδ
2900 5656 2993 5713 τὸν
3052 5655 3379 5733 ’Δριανίτην⁴
3431 5656 3493 5721 ὅς
3546 5654 3842 5736 αἰφνιδίως

417 5745 692 5829 ἐπιφανεὶς
739 5744 851 5805 εἷλε
904 5746 967 5804 τὸ
1027 5744 1287 5824 φρούριον
1345 5744 1375 5801 ὅ
1428 5743 1721 5820 Θερμίτζα-
1751 5744 2199 5821 κατονομάζεται.
2261 5743 2364 5802 Καὶ
2422 5742 2604 5824 ἕτερον
2662 5742 2827 5803 πάλιν
2884 5742 3017 5802 λαὸν
3072 5745 3209 5803 κατὰ
3263 5749 3370 5802 τῶν
3424 5744 3477 5804 έν
3530 5742 3834 5825 Τριαδίτζη
