  <div class='ocr_page' id='page_1' title='image "/cluster/home/n/w/nwhite01/storage/ocr_20150623/122/hvd.32044073502452/107.png"; bbox 0 0 4038 6334; ppageno 0'>
   <div class='ocr_carea' id='block_1_1' title="bbox 510 395 3925 470">
    <p class='ocr_par' dir='ltr' id='par_1_1' title="bbox 510 395 3925 470">
     <span class='ocr_line' id='line_1_1' title="bbox 510 395 3925 470; baseline 0.001 -6"><span class='ocrx_word' id='word_1_1' title='bbox 510 406 629 465; x_wconf 78' lang='grc'>199</span> <span class='ocrx_word' id='word_1_2' title='bbox 1858 395 2178 461; x_wconf 81' lang='lat' dir='ltr'><strong>GEORGII</strong></span> <span class='ocrx_word' id='word_1_3' title='bbox 2223 399 2565 462; x_wconf 81' lang='lat' dir='ltr'><strong>CEDRENI</strong></span> <span class='ocrx_word' id='word_1_4' title='bbox 3802 406 3925 470; x_wconf 77' lang='lat'><strong>200</strong></span> 
     </span>
    </p>
   </div>
   <div class='ocr_carea' id='block_1_2' title="bbox 502 530 2097 615">
    <p class='ocr_par' dir='ltr' id='par_1_2' title="bbox 502 531 2091 593">
     <span class='ocr_line' id='line_1_2' title="bbox 502 531 2091 593; baseline -0.003 0"><span class='ocrx_word' id='word_1_5' title='bbox 502 533 951 593; x_wconf 73' lang='lat' dir='ltr'><strong>occidentalium</strong></span> <span class='ocrx_word' id='word_1_6' title='bbox 978 538 1034 590; x_wconf 91' lang='lat' dir='ltr'><strong>et</strong></span> <span class='ocrx_word' id='word_1_7' title='bbox 1062 531 1673 589; x_wconf 84' lang='lat' dir='ltr'><strong>Thessalonicensium</strong></span> <span class='ocrx_word' id='word_1_8' title='bbox 1701 534 1848 589; x_wconf 91' lang='lat' dir='ltr'><strong>duce</strong></span> <span class='ocrx_word' id='word_1_9' title='bbox 1876 534 2091 589; x_wconf 90' lang='lat' dir='ltr'><strong>Consta</strong></span> 
     </span>
    </p>
   </div>
   <div class='ocr_carea' id='block_1_3' title="bbox 2327 530 3922 615">
    <p class='ocr_par' dir='ltr' id='par_1_3' title="bbox 2327 530 3922 615">
     <span class='ocr_line' id='line_1_3' title="bbox 2327 530 3922 615; baseline 0.007 -28"><span class='ocrx_word' id='word_1_10' title='bbox 2327 530 2468 597; x_wconf 82' lang='grc' dir='ltr'>›οδος</span> <span class='ocrx_word' id='word_1_11' title='bbox 2491 534 2835 607; x_wconf 75' lang='grc' dir='ltr'>ἑνεποδίσθη,</span> <span class='ocrx_word' id='word_1_12' title='bbox 2866 538 2976 592; x_wconf 87' lang='grc' dir='ltr'><strong>τῶν</strong></span> <span class='ocrx_word' id='word_1_13' title='bbox 3020 539 3368 607; x_wconf 83' lang='grc' dir='ltr'>Πατζινάκων</span> <span class='ocrx_word' id='word_1_14' title='bbox 3423 541 3500 613; x_wconf 83' lang='grc' dir='ltr'>μὴ</span> <span class='ocrx_word' id='word_1_15' title='bbox 3540 538 3740 597; x_wconf 83' lang='grc' dir='ltr'>δόντων</span> <span class='ocrx_word' id='word_1_16' title='bbox 3780 563 3922 615; x_wconf 86' lang='grc' dir='ltr'>συμ-</span> 
     </span>
    </p>
   </div>
   <div class='ocr_carea' id='block_1_4' title="bbox 500 622 2095 708">
    <p class='ocr_par' dir='ltr' id='par_1_4' title="bbox 500 622 2095 697">
     <span class='ocr_line' id='line_1_4' title="bbox 500 622 2095 697; baseline -0.004 -14"><span class='ocrx_word' id='word_1_17' title='bbox 500 627 624 683; x_wconf 90' lang='lat' dir='ltr'><strong>tino</strong></span> <span class='ocrx_word' id='word_1_18' title='bbox 673 625 948 697; x_wconf 84' lang='lat' dir='ltr'><strong>Diogene.</strong></span> <span class='ocrx_word' id='word_1_19' title='bbox 983 623 1058 679; x_wconf 89' lang='lat' dir='ltr'><strong>Iis</strong></span> <span class='ocrx_word' id='word_1_20' title='bbox 1087 623 1365 696; x_wconf 81' lang='lat' dir='ltr'><strong>profectis</strong></span> <span class='ocrx_word' id='word_1_21' title='bbox 1412 622 1662 678; x_wconf 80' lang='lat' dir='ltr'><strong>insidias</strong></span> <span class='ocrx_word' id='word_1_22' title='bbox 1712 639 1841 679; x_wconf 90' lang='lat' dir='ltr'><strong>cum</strong></span> <span class='ocrx_word' id='word_1_23' title='bbox 1894 624 2095 679; x_wconf 89' lang='lat' dir='ltr'><strong>tender</strong></span> 
     </span>
    </p>
   </div>
   <div class='ocr_carea' id='block_1_5' title="bbox 2328 622 3923 708">
    <p class='ocr_par' dir='ltr' id='par_1_5' title="bbox 2328 622 3923 708">
     <span class='ocr_line' id='line_1_5' title="bbox 2328 622 3923 708; baseline 0.006 -32"><span class='ocrx_word' id='word_1_24' title='bbox 2328 622 2473 699; x_wconf 87' lang='grc' dir='ltr'>ιχίαν</span> <span class='ocrx_word' id='word_1_25' title='bbox 2505 624 2707 690; x_wconf 82' lang='grc' dir='ltr'>αὐτοῖς.</span> <span class='ocrx_word' id='word_1_26' title='bbox 2758 626 2850 680; x_wconf 86' lang='grc' dir='ltr'><strong>Διὸ</strong></span> <span class='ocrx_word' id='word_1_27' title='bbox 2897 626 2989 681; x_wconf 79' lang='grc' dir='ltr'>καὶ</span> <span class='ocrx_word' id='word_1_28' title='bbox 3039 628 3379 701; x_wconf 66' lang='grc' dir='ltr'>ὑποστρέψας</span> <span class='ocrx_word' id='word_1_29' title='bbox 3433 630 3723 704; x_wconf 75' lang='grc' dir='ltr'>πολιορκεῖ</span> <span class='ocrx_word' id='word_1_30' title='bbox 3752 631 3923 708; x_wconf 70' lang='grc' dir='ltr'>φροῦ·</span> 
     </span>
    </p>
   </div>
   <div class='ocr_carea' id='block_1_6' title="bbox 497 709 2092 793">
    <p class='ocr_par' dir='ltr' id='par_1_6' title="bbox 497 711 2092 786">
     <span class='ocr_line' id='line_1_6' title="bbox 497 711 2092 786; baseline -0.003 -14"><span class='ocrx_word' id='word_1_31' title='bbox 497 714 1111 786; x_wconf 82' lang='lat' dir='ltr'><strong>Joannes,imperator</strong></span> <span class='ocrx_word' id='word_1_32' title='bbox 1124 712 1196 769; x_wconf 92' lang='lat' dir='ltr'><strong>de</strong></span> <span class='ocrx_word' id='word_1_33' title='bbox 1217 728 1460 767; x_wconf 89' lang='lat' dir='ltr'><strong>suorum</strong></span> <span class='ocrx_word' id='word_1_34' title='bbox 1480 711 1769 768; x_wconf 88' lang='lat' dir='ltr'><strong>sollicitus</strong></span> <span class='ocrx_word' id='word_1_35' title='bbox 1787 712 2092 784; x_wconf 85' lang='lat' dir='ltr'><strong>salute,eqi</strong></span> 
     </span>
    </p>
   </div>
   <div class='ocr_carea' id='block_1_7' title="bbox 2327 709 3922 793">
    <p class='ocr_par' dir='ltr' id='par_1_7' title="bbox 2327 709 3922 793">
     <span class='ocr_line' id='line_1_7' title="bbox 2327 709 3922 793; baseline 0.006 -28"><span class='ocrx_word' id='word_1_36' title='bbox 2327 732 2380 765; x_wconf 87' lang='grc' dir='ltr'><strong>ον</strong></span> <span class='ocrx_word' id='word_1_37' title='bbox 2414 709 2554 768; x_wconf 78' lang='grc' dir='ltr'>ἄλλο</span> <span class='ocrx_word' id='word_1_38' title='bbox 2592 715 2694 783; x_wconf 76' lang='grc' dir='ltr'><strong>τὴν</strong></span> <span class='ocrx_word' id='word_1_39' title='bbox 2744 714 3021 789; x_wconf 77' lang='grc' dir='ltr'>Σὲταιναν,</span> <span class='ocrx_word' id='word_1_40' title='bbox 3063 713 3124 771; x_wconf 64' lang='lat' dir='ltr'><strong>Ei</strong></span> <span class='ocrx_word' id='word_1_41' title='bbox 3164 714 3201 790; x_wconf 73' lang='grc' dir='ltr'>ᾖ</span> <span class='ocrx_word' id='word_1_42' title='bbox 3248 716 3494 793; x_wconf 84' lang='grc' dir='ltr'>βασίλεια</span> <span class='ocrx_word' id='word_1_43' title='bbox 3536 717 3669 792; x_wconf 67' lang='grc' dir='ltr'>ᾖσαν</span> <span class='ocrx_word' id='word_1_44' title='bbox 3688 724 3789 774; x_wconf 87' lang='grc' dir='ltr'><strong>τοῦ</strong></span> <span class='ocrx_word' id='word_1_45' title='bbox 3818 726 3922 774; x_wconf 81' lang='grc' dir='ltr'><strong>Σα-</strong></span> 
     </span>
    </p>
   </div>
   <div class='ocr_carea' id='block_1_8' title="bbox 497 800 2092 883">
    <p class='ocr_par' dir='ltr' id='par_1_8' title="bbox 497 801 2091 875">
     <span class='ocr_line' id='line_1_8' title="bbox 497 801 2091 875; baseline -0.004 -13"><span class='ocrx_word' id='word_1_46' title='bbox 497 812 636 861; x_wconf 90' lang='lat' dir='ltr'><strong>ante</strong></span> <span class='ocrx_word' id='word_1_47' title='bbox 665 821 804 860; x_wconf 90' lang='lat' dir='ltr'><strong>suos</strong></span> <span class='ocrx_word' id='word_1_48' title='bbox 841 804 1135 875; x_wconf 87' lang='lat' dir='ltr'><strong>profectus</strong></span> <span class='ocrx_word' id='word_1_49' title='bbox 1180 801 1362 871; x_wconf 84' lang='lat' dir='ltr'><strong>idque</strong></span> <span class='ocrx_word' id='word_1_50' title='bbox 1411 819 1595 856; x_wconf 90' lang='lat' dir='ltr'><strong>unum</strong></span> <span class='ocrx_word' id='word_1_51' title='bbox 1628 804 1784 857; x_wconf 83' lang='lat' dir='ltr'><strong>fatus</strong></span> <span class='ocrx_word' id='word_1_52' title='bbox 1817 818 1830 856; x_wconf 90' lang='lat'><strong>:</strong></span> <span class='ocrx_word' id='word_1_53' title='bbox 1873 823 1899 854; x_wconf 78' lang='grc' dir='ltr'><strong>α</strong></span> <span class='ocrx_word' id='word_1_54' title='bbox 1927 801 1986 857; x_wconf 81' lang='lat' dir='ltr'><strong>Si</strong></span> <span class='ocrx_word' id='word_1_55' title='bbox 2016 818 2091 872; x_wconf 90' lang='lat' dir='ltr'><strong>qu</strong></span> 
     </span>
    </p>
   </div>
   <div class='ocr_carea' id='block_1_9' title="bbox 2327 800 3922 883">
    <p class='ocr_par' dir='ltr' id='par_1_9' title="bbox 2327 800 3922 883">
     <span class='ocr_line' id='line_1_9' title="bbox 2327 800 3922 883; baseline 0.007 -31"><span class='ocrx_word' id='word_1_56' title='bbox 2327 800 2446 870; x_wconf 76' lang='grc' dir='ltr'><strong>ιυήλ</strong></span> <span class='ocrx_word' id='word_1_57' title='bbox 2470 802 2558 856; x_wconf 88' lang='grc' dir='ltr'><strong>καὶ</strong></span> <span class='ocrx_word' id='word_1_58' title='bbox 2606 810 2755 867; x_wconf 90' lang='grc' dir='ltr'>σῖτος</span> <span class='ocrx_word' id='word_1_59' title='bbox 2814 802 3063 860; x_wconf 78' lang='grc' dir='ltr'><strong>ἀπέκειτο</strong></span> <span class='ocrx_word' id='word_1_60' title='bbox 3111 802 3306 873; x_wconf 78' lang='grc' dir='ltr'>πολὺς,</span> <span class='ocrx_word' id='word_1_61' title='bbox 3367 804 3426 860; x_wconf 78' lang='grc' dir='ltr'>ὃν</span> <span class='ocrx_word' id='word_1_62' title='bbox 3465 811 3541 879; x_wconf 77' lang='grc' dir='ltr'><strong>τῷ</strong></span> <span class='ocrx_word' id='word_1_63' title='bbox 3602 806 3719 880; x_wconf 76' lang='grc' dir='ltr'><strong>λαῷ</strong></span> <span class='ocrx_word' id='word_1_64' title='bbox 3767 806 3922 883; x_wconf 80' lang='grc' dir='ltr'>διαρ-</span> 
     </span>
    </p>
   </div>
   <div class='ocr_carea' id='block_1_10' title="bbox 496 890 2091 973">
    <p class='ocr_par' dir='ltr' id='par_1_10' title="bbox 496 891 2091 962">
     <span class='ocr_line' id='line_1_10' title="bbox 496 891 2091 962; baseline -0.005 -11"><span class='ocrx_word' id='word_1_65' title='bbox 496 895 745 951; x_wconf 87' lang='lat' dir='ltr'><strong>bellator</strong></span> <span class='ocrx_word' id='word_1_66' title='bbox 773 898 884 956; x_wconf 88' lang='lat' dir='ltr'><strong>est,</strong></span> <span class='ocrx_word' id='word_1_67' title='bbox 918 908 1011 947; x_wconf 91' lang='lat' dir='ltr'><strong>me</strong></span> <span class='ocrx_word' id='word_1_68' title='bbox 1038 898 1340 962; x_wconf 81' lang='lat' dir='ltr'><strong>sequatur,</strong></span> <span class='ocrx_word' id='word_1_69' title='bbox 1367 911 1396 939; x_wconf 83' lang='lat'><strong>»</strong></span> <span class='ocrx_word' id='word_1_70' title='bbox 1428 907 1660 946; x_wconf 80' lang='lat' dir='ltr'><strong>cursum</strong></span> <span class='ocrx_word' id='word_1_71' title='bbox 1694 891 2011 945; x_wconf 78' lang='lat' dir='ltr'><strong>contendit.</strong></span> <span class='ocrx_word' id='word_1_72' title='bbox 2034 895 2091 944; x_wconf 77' lang='grc' dir='ltr'><strong>Η‹</strong></span> 
     </span>
    </p>
   </div>
   <div class='ocr_carea' id='block_1_11' title="bbox 2320 890 3915 973">
    <p class='ocr_par' dir='ltr' id='par_1_11' title="bbox 2320 890 3915 973">
     <span class='ocr_line' id='line_1_11' title="bbox 2320 890 3915 973; baseline 0.006 -30"><span class='ocrx_word' id='word_1_73' title='bbox 2320 891 2423 944; x_wconf 87' lang='grc' dir='ltr'>ἱσαι</span> <span class='ocrx_word' id='word_1_74' title='bbox 2478 890 2735 954; x_wconf 79' lang='grc' dir='ltr'>κελεύσας</span> <span class='ocrx_word' id='word_1_75' title='bbox 2785 892 2965 948; x_wconf 75' lang='grc' dir='ltr'>τᾶλλα</span> <span class='ocrx_word' id='word_1_76' title='bbox 3012 894 3186 949; x_wconf 89' lang='grc' dir='ltr'>πάντα</span> <span class='ocrx_word' id='word_1_77' title='bbox 3240 894 3581 973; x_wconf 76' lang='grc' dir='ltr'>κατέφλεξεν.</span> <span class='ocrx_word' id='word_1_78' title='bbox 3633 899 3712 970; x_wconf 88' lang='grc' dir='ltr'><strong>[Ρ.</strong></span> <span class='ocrx_word' id='word_1_79' title='bbox 3785 900 3915 970; x_wconf 78' lang='grc'><strong>⁸712]</strong></span> 
     </span>
    </p>
   </div>
   <div class='ocr_carea' id='block_1_12' title="bbox 502 978 2097 1062">
    <p class='ocr_par' dir='ltr' id='par_1_12' title="bbox 502 979 2097 1054">
     <span class='ocr_line' id='line_1_12' title="bbox 502 979 2097 1054; baseline -0.003 -14"><span class='ocrx_word' id='word_1_80' title='bbox 502 988 567 1040; x_wconf 93' lang='lat' dir='ltr'><strong>ut</strong></span> <span class='ocrx_word' id='word_1_81' title='bbox 580 997 917 1054; x_wconf 90' lang='lat' dir='ltr'><strong>comperere</strong></span> <span class='ocrx_word' id='word_1_82' title='bbox 932 980 1177 1037; x_wconf 88' lang='lat' dir='ltr'><strong>Joannis</strong></span> <span class='ocrx_word' id='word_1_83' title='bbox 1194 979 1608 1052; x_wconf 87' lang='lat' dir='ltr'><strong>exploratores,</strong></span> <span class='ocrx_word' id='word_1_84' title='bbox 1632 980 1816 1035; x_wconf 83' lang='lat' dir='ltr'><strong>territi</strong></span> <span class='ocrx_word' id='word_1_85' title='bbox 1841 980 1898 1034; x_wconf 90' lang='lat' dir='ltr'><strong>in</strong></span> <span class='ocrx_word' id='word_1_86' title='bbox 1925 996 2025 1035; x_wconf 88' lang='lat' dir='ltr'><strong>sua</strong></span> <span class='ocrx_word' id='word_1_87' title='bbox 2051 996 2097 1035; x_wconf 80' lang='lat' dir='ltr'><strong>Ct</strong></span> 
     </span>
    </p>
   </div>
   <div class='ocr_carea' id='block_1_13' title="bbox 2321 978 3916 1062">
    <p class='ocr_par' dir='ltr' id='par_1_13' title="bbox 2323 978 3916 1062">
     <span class='ocr_line' id='line_1_13' title="bbox 2323 978 3916 1062; baseline 0.004 -29"><span class='ocrx_word' id='word_1_88' title='bbox 2323 978 2561 1054; x_wconf 76' lang='grc' dir='ltr'>ξὲπεμψε</span> <span class='ocrx_word' id='word_1_89' title='bbox 2591 978 2649 1035; x_wconf 73' lang='grc' dir='ltr'>δὶ</span> <span class='ocrx_word' id='word_1_90' title='bbox 2677 981 2766 1036; x_wconf 75' lang='grc' dir='ltr'><strong>καὶ</strong></span> <span class='ocrx_word' id='word_1_91' title='bbox 2820 984 2957 1037; x_wconf 70' lang='grc' dir='ltr'>κατὰ</span> <span class='ocrx_word' id='word_1_92' title='bbox 3013 984 3265 1038; x_wconf 77' lang='grc' dir='ltr'><strong>Ἰωάννου</strong></span> <span class='ocrx_word' id='word_1_93' title='bbox 3315 983 3381 1039; x_wconf 80' lang='grc' dir='ltr'>οὐ</span> <span class='ocrx_word' id='word_1_94' title='bbox 3436 986 3641 1059; x_wconf 79' lang='grc' dir='ltr'>μακράν</span> <span class='ocrx_word' id='word_1_95' title='bbox 3670 986 3916 1062; x_wconf 69' lang='grc' dir='ltr'>ἀπέχον-</span> 
     </span>
    </p>
   </div>
   <div class='ocr_carea' id='block_1_14' title="bbox 498 1068 2093 1147">
    <p class='ocr_par' dir='ltr' id='par_1_14' title="bbox 498 1068 2093 1139">
     <span class='ocr_line' id='line_1_14' title="bbox 498 1068 2093 1139; baseline -0.007 -8"><span class='ocrx_word' id='word_1_96' title='bbox 498 1080 622 1131; x_wconf 91' lang='lat' dir='ltr'><strong>stra</strong></span> <span class='ocrx_word' id='word_1_97' title='bbox 651 1071 972 1138; x_wconf 88' lang='lat' dir='ltr'><strong>redierunt,</strong></span> <span class='ocrx_word' id='word_1_98' title='bbox 1007 1068 1155 1124; x_wconf 85' lang='lat' dir='ltr'><strong>nihil</strong></span> <span class='ocrx_word' id='word_1_99' title='bbox 1187 1068 1346 1123; x_wconf 86' lang='lat' dir='ltr'><strong>aliud</strong></span> <span class='ocrx_word' id='word_1_100' title='bbox 1377 1069 1760 1125; x_wconf 80' lang='lat' dir='ltr'><strong>vociferantes</strong></span> <span class='ocrx_word' id='word_1_101' title='bbox 1792 1085 1963 1139; x_wconf 86' lang='lat' dir='ltr'><strong>quam</strong></span> <span class='ocrx_word' id='word_1_102' title='bbox 1994 1092 2021 1119; x_wconf 89' lang='grc'><strong>‹‹</strong></span> <span class='ocrx_word' id='word_1_103' title='bbox 2044 1070 2093 1124; x_wconf 74' lang='grc' dir='ltr'><strong>Β‹</strong></span> 
     </span>
    </p>
   </div>
   <div class='ocr_carea' id='block_1_15' title="bbox 2319 1068 3914 1147">
    <p class='ocr_par' dir='ltr' id='par_1_15' title="bbox 2326 1069 3914 1147">
     <span class='ocr_line' id='line_1_15' title="bbox 2326 1069 3914 1147; baseline 0.005 -25"><span class='ocrx_word' id='word_1_104' title='bbox 2326 1069 2436 1130; x_wconf 80' lang='grc' dir='ltr'>ςτὸ</span> <span class='ocrx_word' id='word_1_105' title='bbox 2480 1070 2661 1144; x_wconf 89' lang='grc' dir='ltr'>τάγμα</span> <span class='ocrx_word' id='word_1_106' title='bbox 2705 1074 2812 1125; x_wconf 90' lang='grc' dir='ltr'><strong>τῶν</strong></span> <span class='ocrx_word' id='word_1_107' title='bbox 2875 1070 3097 1147; x_wconf 79' lang='grc' dir='ltr'>σχολῶν</span> <span class='ocrx_word' id='word_1_108' title='bbox 3153 1079 3254 1142; x_wconf 76' lang='grc' dir='ltr'><strong>τῆς</strong></span> <span class='ocrx_word' id='word_1_109' title='bbox 3298 1072 3509 1135; x_wconf 72' lang='grc' dir='ltr'>Δύσεως</span> <span class='ocrx_word' id='word_1_110' title='bbox 3564 1072 3655 1128; x_wconf 78' lang='grc' dir='ltr'><strong>καὶ</strong></span> <span class='ocrx_word' id='word_1_111' title='bbox 3706 1076 3772 1128; x_wconf 80' lang='grc' dir='ltr'><strong>τὸ</strong></span> <span class='ocrx_word' id='word_1_112' title='bbox 3812 1082 3914 1143; x_wconf 71' lang='grc' dir='ltr'><strong>τῆς</strong></span> 
     </span>
    </p>
   </div>
   <div class='ocr_carea' id='block_1_16' title="bbox 499 1155 2094 1236">
    <p class='ocr_par' dir='ltr' id='par_1_16' title="bbox 499 1159 2094 1234">
     <span class='ocr_line' id='line_1_16' title="bbox 499 1159 2094 1234; baseline -0.003 -14"><span class='ocrx_word' id='word_1_113' title='bbox 499 1166 664 1234; x_wconf 85' lang='lat' dir='ltr'><strong>zeile,</strong></span> <span class='ocrx_word' id='word_1_114' title='bbox 693 1164 940 1218; x_wconf 78' lang='lat' dir='ltr'><strong>Tsiesar.</strong></span> <span class='ocrx_word' id='word_1_115' title='bbox 972 1180 996 1211; x_wconf 68' lang='grc' dir='ltr'><strong>υ</strong></span> <span class='ocrx_word' id='word_1_116' title='bbox 1029 1159 1320 1215; x_wconf 91' lang='lat' dir='ltr'><strong>Omnibus</strong></span> <span class='ocrx_word' id='word_1_117' title='bbox 1342 1176 1478 1214; x_wconf 92' lang='lat' dir='ltr'><strong>cum</strong></span> <span class='ocrx_word' id='word_1_118' title='bbox 1514 1160 1641 1231; x_wconf 91' lang='lat' dir='ltr'><strong>ipso</strong></span> <span class='ocrx_word' id='word_1_119' title='bbox 1666 1161 1892 1215; x_wconf 90' lang='lat' dir='ltr'><strong>Joanne</strong></span> <span class='ocrx_word' id='word_1_120' title='bbox 1924 1160 2094 1215; x_wconf 85' lang='lat' dir='ltr'><strong>iticou</strong></span> 
     </span>
    </p>
   </div>
   <div class='ocr_carea' id='block_1_17' title="bbox 2323 1155 3918 1236">
    <p class='ocr_par' dir='ltr' id='par_1_17' title="bbox 2323 1155 3918 1236">
     <span class='ocr_line' id='line_1_17' title="bbox 2323 1155 3918 1236; baseline 0.005 -27"><span class='ocrx_word' id='word_1_121' title='bbox 2323 1155 2679 1231; x_wconf 74' lang='grc' dir='ltr'>σσαλονίκης,</span> <span class='ocrx_word' id='word_1_122' title='bbox 2770 1160 3011 1235; x_wconf 68' lang='grc' dir='ltr'>ἡγεμόνα</span> <span class='ocrx_word' id='word_1_123' title='bbox 3084 1158 3283 1236; x_wconf 72' lang='grc' dir='ltr'>ἔχοντα</span> <span class='ocrx_word' id='word_1_124' title='bbox 3359 1164 3763 1218; x_wconf 86' lang='grc' dir='ltr'>Κωνσταντῖνον</span> <span class='ocrx_word' id='word_1_125' title='bbox 3823 1164 3918 1219; x_wconf 82' lang='grc' dir='ltr'>τὸν</span> 
     </span>
    </p>
   </div>
   <div class='ocr_carea' id='block_1_18' title="bbox 501 1244 2096 1327">
    <p class='ocr_par' dir='ltr' id='par_1_18' title="bbox 501 1248 2096 1327">
     <span class='ocr_line' id='line_1_18' title="bbox 501 1248 2096 1327; baseline -0.004 -18"><span class='ocrx_word' id='word_1_126' title='bbox 501 1254 688 1327; x_wconf 89' lang='lat' dir='ltr'><strong>posite</strong></span> <span class='ocrx_word' id='word_1_127' title='bbox 722 1251 1103 1322; x_wconf 74' lang='lat' dir='ltr'><strong>fugientibus,</strong></span> <span class='ocrx_word' id='word_1_128' title='bbox 1149 1248 1434 1320; x_wconf 81' lang='lat' dir='ltr'><strong>Diogenes</strong></span> <span class='ocrx_word' id='word_1_129' title='bbox 1464 1264 1598 1303; x_wconf 90' lang='lat' dir='ltr'><strong>cum</strong></span> <span class='ocrx_word' id='word_1_130' title='bbox 1632 1248 1776 1313; x_wconf 86' lang='lat' dir='ltr'><strong>suis,</strong></span> <span class='ocrx_word' id='word_1_131' title='bbox 1812 1250 2029 1304; x_wconf 91' lang='lat' dir='ltr'><strong>animis</strong></span> <span class='ocrx_word' id='word_1_132' title='bbox 2059 1267 2096 1305; x_wconf 71' lang='lat' dir='ltr'><strong>Pl</strong></span> 
     </span>
    </p>
   </div>
   <div class='ocr_carea' id='block_1_19' title="bbox 2320 1244 3915 1327">
    <p class='ocr_par' dir='ltr' id='par_1_19' title="bbox 2324 1244 3915 1325">
     <span class='ocr_line' id='line_1_19' title="bbox 2324 1244 3915 1325; baseline 0.006 -25"><span class='ocrx_word' id='word_1_133' title='bbox 2324 1244 2536 1320; x_wconf 76' lang='grc' dir='ltr'>ογὲνην.</span> <span class='ocrx_word' id='word_1_134' title='bbox 2594 1246 2826 1312; x_wconf 81' lang='grc' dir='ltr'>Τούτοις</span> <span class='ocrx_word' id='word_1_135' title='bbox 2898 1249 3151 1304; x_wconf 80' lang='grc' dir='ltr'><strong>ἀπιοῦσιν</strong></span> <span class='ocrx_word' id='word_1_136' title='bbox 3218 1247 3497 1325; x_wconf 75' lang='grc' dir='ltr'>ἐνήδρευεν</span> <span class='ocrx_word' id='word_1_137' title='bbox 3559 1253 3586 1307; x_wconf 98' lang='lat'><strong>6</strong></span> <span class='ocrx_word' id='word_1_138' title='bbox 3634 1252 3915 1323; x_wconf 84' lang='grc' dir='ltr'>Ἰωάννης.</span> 
     </span>
    </p>
   </div>
   <div class='ocr_carea' id='block_1_20' title="bbox 500 1324 2095 1417">
    <p class='ocr_par' dir='ltr' id='par_1_20' title="bbox 500 1324 2095 1415">
     <span class='ocr_line' id='line_1_20' title="bbox 500 1324 2095 1415; baseline -0.005 -16"><span class='ocrx_word' id='word_1_139' title='bbox 500 1324 708 1415; x_wconf 73' lang='lat' dir='ltr'><strong>captis,</strong></span> <span class='ocrx_word' id='word_1_140' title='bbox 767 1355 864 1396; x_wconf 89' lang='lat' dir='ltr'><strong>eos</strong></span> <span class='ocrx_word' id='word_1_141' title='bbox 922 1338 1172 1394; x_wconf 82' lang='lat' dir='ltr'><strong>insecuti</strong></span> <span class='ocrx_word' id='word_1_142' title='bbox 1229 1352 1503 1408; x_wconf 87' lang='lat' dir='ltr'><strong>magnam</strong></span> <span class='ocrx_word' id='word_1_143' title='bbox 1563 1337 1777 1392; x_wconf 61' lang='lat' dir='ltr'><strong>caedem</strong></span> <span class='ocrx_word' id='word_1_144' title='bbox 1837 1353 2095 1409; x_wconf 87' lang='lat' dir='ltr'><strong>peragun</strong></span> 
     </span>
    </p>
   </div>
   <div class='ocr_carea' id='block_1_21' title="bbox 2321 1324 3916 1417">
    <p class='ocr_par' dir='ltr' id='par_1_21' title="bbox 2321 1324 3916 1417">
     <span class='ocr_line' id='line_1_21' title="bbox 2321 1324 3916 1417; baseline 0.004 -29"><span class='ocrx_word' id='word_1_145' title='bbox 2321 1335 2452 1399; x_wconf 79' lang='grc' dir='ltr'><strong>ιθὼν</strong></span> <span class='ocrx_word' id='word_1_146' title='bbox 2486 1331 2545 1389; x_wconf 76' lang='grc' dir='ltr'>δὲ</span> <span class='ocrx_word' id='word_1_147' title='bbox 2583 1339 2745 1391; x_wconf 86' lang='grc' dir='ltr'>τοῦτο</span> <span class='ocrx_word' id='word_1_148' title='bbox 2793 1338 2821 1391; x_wconf 88' lang='lat'><strong>6</strong></span> <span class='ocrx_word' id='word_1_149' title='bbox 2873 1336 3129 1412; x_wconf 79' lang='grc' dir='ltr'>βασιλεὺς</span> <span class='ocrx_word' id='word_1_150' title='bbox 3159 1339 3248 1393; x_wconf 81' lang='grc' dir='ltr'><strong>καὶ</strong></span> <span class='ocrx_word' id='word_1_151' title='bbox 3283 1324 3357 1412; x_wconf 64' lang='grc' dir='ltr'><strong>μή</strong></span> <span class='ocrx_word' id='word_1_152' title='bbox 3390 1362 3442 1395; x_wconf 87' lang='grc' dir='ltr'><strong>τι</strong></span> <span class='ocrx_word' id='word_1_153' title='bbox 3475 1340 3695 1395; x_wconf 81' lang='grc' dir='ltr'>πάθοιεν</span> <span class='ocrx_word' id='word_1_154' title='bbox 3729 1336 3916 1417; x_wconf 73' lang='grc' dir='ltr'>φοϐη-</span> 
     </span>
    </p>
   </div>
   <div class='ocr_carea' id='block_1_22' title="bbox 499 1423 2094 1503">
    <p class='ocr_par' dir='ltr' id='par_1_22' title="bbox 499 1426 2094 1503">
     <span class='ocr_line' id='line_1_22' title="bbox 499 1426 2094 1503; baseline -0.005 -14"><span class='ocrx_word' id='word_1_155' title='bbox 499 1432 743 1503; x_wconf 88' lang='lat' dir='ltr'><strong>capiunt</strong></span> <span class='ocrx_word' id='word_1_156' title='bbox 792 1430 1076 1484; x_wconf 83' lang='lat' dir='ltr'><strong>ducentos</strong></span> <span class='ocrx_word' id='word_1_157' title='bbox 1124 1426 1319 1498; x_wconf 85' lang='lat' dir='ltr'><strong>gravis</strong></span> <span class='ocrx_word' id='word_1_158' title='bbox 1367 1431 1698 1493; x_wconf 75' lang='lat' dir='ltr'><strong>armaturis,</strong></span> <span class='ocrx_word' id='word_1_159' title='bbox 1747 1431 1801 1482; x_wconf 89' lang='lat' dir='ltr'><strong>et</strong></span> <span class='ocrx_word' id='word_1_160' title='bbox 1848 1443 2031 1498; x_wconf 89' lang='lat' dir='ltr'><strong>equos</strong></span> <span class='ocrx_word' id='word_1_161' title='bbox 2081 1444 2094 1481; x_wconf 77' lang='grc' dir='ltr'><strong>ι</strong></span> 
     </span>
    </p>
   </div>
   <div class='ocr_carea' id='block_1_23' title="bbox 2321 1423 3916 1503">
    <p class='ocr_par' dir='ltr' id='par_1_23' title="bbox 2322 1423 3916 1502">
     <span class='ocr_line' id='line_1_23' title="bbox 2322 1423 3916 1502; baseline 0.005 -27"><span class='ocrx_word' id='word_1_162' title='bbox 2322 1423 2387 1491; x_wconf 74' lang='grc' dir='ltr'><strong>ἒς,</strong></span> <span class='ocrx_word' id='word_1_163' title='bbox 2420 1424 2565 1499; x_wconf 82' lang='grc' dir='ltr'><strong>παρά</strong></span> <span class='ocrx_word' id='word_1_164' title='bbox 2592 1429 2692 1479; x_wconf 84' lang='grc' dir='ltr'><strong>τοῦ</strong></span> <span class='ocrx_word' id='word_1_165' title='bbox 2725 1424 2860 1480; x_wconf 86' lang='grc' dir='ltr'>λαοῦ</span> <span class='ocrx_word' id='word_1_166' title='bbox 2910 1425 3363 1500; x_wconf 72' lang='grc' dir='ltr'><strong>ἐξιππασάμενος,</strong></span> <span class='ocrx_word' id='word_1_167' title='bbox 3413 1429 3502 1483; x_wconf 81' lang='grc' dir='ltr'><strong>καὶ</strong></span> <span class='ocrx_word' id='word_1_168' title='bbox 3559 1426 3727 1502; x_wconf 64' lang='grc' dir='ltr'>μηδὲν</span> <span class='ocrx_word' id='word_1_169' title='bbox 3770 1428 3916 1485; x_wconf 73' lang='grc' dir='ltr'>ἄλλο</span> 
     </span>
    </p>
   </div>
   <div class='ocr_carea' id='block_1_24' title="bbox 498 1510 2093 1591">
    <p class='ocr_par' dir='ltr' id='par_1_24' title="bbox 498 1514 2093 1591">
     <span class='ocr_line' id='line_1_24' title="bbox 498 1514 2093 1591; baseline -0.004 -14"><span class='ocrx_word' id='word_1_170' title='bbox 498 1519 921 1591; x_wconf 90' lang='lat' dir='ltr'><strong>supellectilem</strong></span> <span class='ocrx_word' id='word_1_171' title='bbox 952 1518 1195 1572; x_wconf 86' lang='lat' dir='ltr'><strong>Joannis</strong></span> <span class='ocrx_word' id='word_1_172' title='bbox 1218 1522 1276 1571; x_wconf 91' lang='lat' dir='ltr'><strong>et</strong></span> <span class='ocrx_word' id='word_1_173' title='bbox 1305 1517 1435 1586; x_wconf 88' lang='lat' dir='ltr'><strong>ejus</strong></span> <span class='ocrx_word' id='word_1_174' title='bbox 1456 1514 1802 1587; x_wconf 83' lang='lat' dir='ltr'><strong>patruelem.</strong></span> <span class='ocrx_word' id='word_1_175' title='bbox 1828 1517 2093 1586; x_wconf 66' lang='lat' dir='ltr'><strong>Imperat:</strong></span> 
     </span>
    </p>
   </div>
   <div class='ocr_carea' id='block_1_25' title="bbox 2319 1510 3914 1591">
    <p class='ocr_par' dir='ltr' id='par_1_25' title="bbox 2319 1510 3914 1590">
     <span class='ocr_line' id='line_1_25' title="bbox 2319 1510 3914 1590; baseline 0.006 -25"><span class='ocrx_word' id='word_1_176' title='bbox 2319 1512 2421 1566; x_wconf 69' lang='grc' dir='ltr'>[τὼν</span> <span class='ocrx_word' id='word_1_177' title='bbox 2456 1511 2584 1568; x_wconf 80' lang='grc' dir='ltr'>ἄλλ’</span> <span class='ocrx_word' id='word_1_178' title='bbox 2635 1513 2671 1583; x_wconf 77' lang='grc' dir='ltr'>ἤ</span> <span class='ocrx_word' id='word_1_179' title='bbox 2730 1510 2893 1587; x_wconf 82' lang='grc' dir='ltr'>μόνον</span> <span class='ocrx_word' id='word_1_180' title='bbox 2931 1536 2944 1549; x_wconf 91' lang='grc'><strong>·</strong></span> <span class='ocrx_word' id='word_1_181' title='bbox 2998 1517 3238 1578; x_wconf 82' lang='grc' dir='ltr'>«Ὅστις</span> <span class='ocrx_word' id='word_1_182' title='bbox 3285 1516 3630 1590; x_wconf 72' lang='grc' dir='ltr'>πολεμιστὴς</span> <span class='ocrx_word' id='word_1_183' title='bbox 3676 1518 3914 1573; x_wconf 81' lang='grc' dir='ltr'>ἀκολου-</span> 
     </span>
    </p>
   </div>
   <div class='ocr_carea' id='block_1_26' title="bbox 496 1602 2091 1683">
    <p class='ocr_par' dir='ltr' id='par_1_26' title="bbox 496 1604 2090 1679">
     <span class='ocr_line' id='line_1_26' title="bbox 496 1604 2090 1679; baseline -0.006 -14"><span class='ocrx_word' id='word_1_184' title='bbox 496 1611 592 1665; x_wconf 88' lang='lat' dir='ltr'><strong>bis</strong></span> <span class='ocrx_word' id='word_1_185' title='bbox 624 1610 800 1664; x_wconf 88' lang='lat' dir='ltr'><strong>rebus</strong></span> <span class='ocrx_word' id='word_1_186' title='bbox 830 1608 1013 1679; x_wconf 81' lang='lat' dir='ltr'><strong>gestis</strong></span> <span class='ocrx_word' id='word_1_187' title='bbox 1043 1606 1113 1660; x_wconf 90' lang='lat' dir='ltr'><strong>ad</strong></span> <span class='ocrx_word' id='word_1_188' title='bbox 1146 1605 1374 1659; x_wconf 84' lang='lat' dir='ltr'><strong>Bodena</strong></span> <span class='ocrx_word' id='word_1_189' title='bbox 1404 1604 1571 1669; x_wconf 88' lang='lat' dir='ltr'><strong>redit,</strong></span> <span class='ocrx_word' id='word_1_190' title='bbox 1596 1604 1849 1676; x_wconf 87' lang='lat' dir='ltr'><strong>indeque</strong></span> <span class='ocrx_word' id='word_1_191' title='bbox 1871 1605 2090 1659; x_wconf 85' lang='lat' dir='ltr'><strong>omnibi</strong></span> 
     </span>
    </p>
   </div>
   <div class='ocr_carea' id='block_1_27' title="bbox 2328 1602 3923 1683">
    <p class='ocr_par' dir='ltr' id='par_1_27' title="bbox 2328 1602 3923 1683">
     <span class='ocr_line' id='line_1_27' title="bbox 2328 1602 3923 1683; baseline 0.005 -28"><span class='ocrx_word' id='word_1_192' title='bbox 2328 1602 2416 1655; x_wconf 71' lang='grc' dir='ltr'>ἴτω</span> <span class='ocrx_word' id='word_1_193' title='bbox 2445 1623 2562 1673; x_wconf 84' lang='grc' dir='ltr'>μοι,</span> <span class='ocrx_word' id='word_1_194' title='bbox 2598 1626 2626 1654; x_wconf 73' lang='grc' dir='ltr'><strong>υ</strong></span> <span class='ocrx_word' id='word_1_195' title='bbox 2676 1603 2839 1675; x_wconf 74' lang='grc' dir='ltr'>ἀπῄει</span> <span class='ocrx_word' id='word_1_196' title='bbox 2892 1605 3029 1659; x_wconf 80' lang='grc' dir='ltr'>κατὰ</span> <span class='ocrx_word' id='word_1_197' title='bbox 3084 1604 3349 1678; x_wconf 76' lang='grc' dir='ltr'>σπουδήν.</span> <span class='ocrx_word' id='word_1_198' title='bbox 3381 1609 3553 1663; x_wconf 86' lang='grc' dir='ltr'>Τοῦτο</span> <span class='ocrx_word' id='word_1_199' title='bbox 3606 1608 3829 1683; x_wconf 81' lang='grc' dir='ltr'><strong>γνόντες</strong></span> <span class='ocrx_word' id='word_1_200' title='bbox 3860 1631 3923 1672; x_wconf 91' lang='grc' dir='ltr'><strong>ος</strong></span> 
     </span>
    </p>
   </div>
   <div class='ocr_carea' id='block_1_28' title="bbox 498 1690 2093 1772">
    <p class='ocr_par' dir='ltr' id='par_1_28' title="bbox 498 1692 2093 1767">
     <span class='ocr_line' id='line_1_28' title="bbox 498 1692 2093 1767; baseline -0.004 -14"><span class='ocrx_word' id='word_1_201' title='bbox 498 1696 831 1753; x_wconf 89' lang='lat' dir='ltr'><strong>constitutis</strong></span> <span class='ocrx_word' id='word_1_202' title='bbox 864 1694 1227 1767; x_wconf 85' lang='lat' dir='ltr'><strong>Byzantium,</strong></span> <span class='ocrx_word' id='word_1_203' title='bbox 1278 1694 1371 1748; x_wconf 92' lang='lat' dir='ltr'><strong>die</strong></span> <span class='ocrx_word' id='word_1_204' title='bbox 1403 1709 1558 1748; x_wconf 90' lang='lat' dir='ltr'><strong>nono</strong></span> <span class='ocrx_word' id='word_1_205' title='bbox 1608 1693 1830 1748; x_wconf 89' lang='lat' dir='ltr'><strong>mensis</strong></span> <span class='ocrx_word' id='word_1_206' title='bbox 1858 1692 2093 1748; x_wconf 89' lang='lat' dir='ltr'><strong>Januari</strong></span> 
     </span>
    </p>
   </div>
   <div class='ocr_carea' id='block_1_29' title="bbox 2316 1690 3911 1772">
    <p class='ocr_par' dir='ltr' id='par_1_29' title="bbox 2320 1690 3911 1772">
     <span class='ocr_line' id='line_1_29' title="bbox 2320 1690 3911 1772; baseline 0.004 -28"><span class='ocrx_word' id='word_1_207' title='bbox 2320 1695 2349 1744; x_wconf 93' lang='grc' dir='ltr'><strong>ῦ</strong></span> <span class='ocrx_word' id='word_1_208' title='bbox 2379 1691 2631 1746; x_wconf 80' lang='grc' dir='ltr'>Ἰωάννου</span> <span class='ocrx_word' id='word_1_209' title='bbox 2663 1692 2855 1747; x_wconf 91' lang='grc' dir='ltr'>σκόποι</span> <span class='ocrx_word' id='word_1_210' title='bbox 2918 1696 3053 1765; x_wconf 86' lang='grc' dir='ltr'>μετᾶ</span> <span class='ocrx_word' id='word_1_211' title='bbox 3102 1690 3276 1772; x_wconf 75' lang='grc' dir='ltr'>φόϐου</span> <span class='ocrx_word' id='word_1_212' title='bbox 3332 1696 3468 1770; x_wconf 86' lang='grc' dir='ltr'>πρὸς</span> <span class='ocrx_word' id='word_1_213' title='bbox 3511 1698 3572 1751; x_wconf 87' lang='grc' dir='ltr'><strong>τὸ</strong></span> <span class='ocrx_word' id='word_1_214' title='bbox 3601 1702 3698 1752; x_wconf 89' lang='grc' dir='ltr'><strong>τοῦ</strong></span> <span class='ocrx_word' id='word_1_215' title='bbox 3722 1698 3911 1755; x_wconf 77' lang='grc' dir='ltr'>Ἰωάν·</span> 
     </span>
    </p>
   </div>
   <div class='ocr_carea' id='block_1_30' title="bbox 433 1777 2028 1861">
    <p class='ocr_par' dir='ltr' id='par_1_30' title="bbox 433 1783 1950 1854">
     <span class='ocr_line' id='line_1_30' title="bbox 433 1783 1950 1854; baseline -0.005 -10"><span class='ocrx_word' id='word_1_216' title='bbox 433 1796 444 1809; x_wconf 86' lang='grc'><em>’</em></span> <span class='ocrx_word' id='word_1_217' title='bbox 494 1787 815 1844; x_wconf 87' lang='lat' dir='ltr'><strong>indictione</strong></span> <span class='ocrx_word' id='word_1_218' title='bbox 847 1784 1073 1840; x_wconf 82' lang='lat' dir='ltr'><strong>decima</strong></span> <span class='ocrx_word' id='word_1_219' title='bbox 1104 1783 1332 1854; x_wconf 89' lang='lat' dir='ltr'><strong>quinta,</strong></span> <span class='ocrx_word' id='word_1_220' title='bbox 1365 1799 1519 1838; x_wconf 90' lang='lat' dir='ltr'><strong>anno</strong></span> <span class='ocrx_word' id='word_1_221' title='bbox 1552 1783 1757 1838; x_wconf 88' lang='lat' dir='ltr'><strong>mundi</strong></span> <span class='ocrx_word' id='word_1_222' title='bbox 1787 1783 1950 1837; x_wconf 82' lang='lat'>6526.</span> 
     </span>
    </p>
   </div>
   <div class='ocr_carea' id='block_1_31' title="bbox 2317 1777 3912 1861">
    <p class='ocr_par' dir='ltr' id='par_1_31' title="bbox 2317 1777 3912 1861">
     <span class='ocr_line' id='line_1_31' title="bbox 2317 1777 3912 1861; baseline 0.005 -29"><span class='ocrx_word' id='word_1_223' title='bbox 2317 1801 2346 1832; x_wconf 92' lang='grc' dir='ltr'><strong>υ</strong></span> <span class='ocrx_word' id='word_1_224' title='bbox 2397 1777 2757 1855; x_wconf 86' lang='grc' dir='ltr'>στρατόπεδον</span> <span class='ocrx_word' id='word_1_225' title='bbox 2792 1779 3064 1857; x_wconf 80' lang='grc' dir='ltr'>ἔρχονται,</span> <span class='ocrx_word' id='word_1_226' title='bbox 3112 1784 3202 1837; x_wconf 84' lang='grc' dir='ltr'>καὶ</span> <span class='ocrx_word' id='word_1_227' title='bbox 3250 1781 3458 1846; x_wconf 84' lang='grc' dir='ltr'>δειλίας</span> <span class='ocrx_word' id='word_1_228' title='bbox 3503 1785 3593 1840; x_wconf 81' lang='grc' dir='ltr'>καὶ</span> <span class='ocrx_word' id='word_1_229' title='bbox 3649 1794 3912 1861; x_wconf 70' lang='grc' dir='ltr'>ταραχῆς</span> 
     </span>
    </p>
   </div>
   <div class='ocr_carea' id='block_1_32' title="bbox 491 1868 3911 1952">
    <p class='ocr_par' dir='ltr' id='par_1_32' title="bbox 491 1868 3911 1952">
     <span class='ocr_line' id='line_1_32' title="bbox 491 1868 3911 1952; baseline -0.001 -20"><span class='ocrx_word' id='word_1_230' title='bbox 491 1878 655 1932; x_wconf 87' lang='grc' dir='ltr'>τοῦτο</span> <span class='ocrx_word' id='word_1_231' title='bbox 712 1871 1035 1942; x_wconf 72' lang='grc' dir='ltr'>ὶνέπλησαν,</span> <span class='ocrx_word' id='word_1_232' title='bbox 1100 1868 1269 1942; x_wconf 76' lang='grc' dir='ltr'>μηδὲν</span> <span class='ocrx_word' id='word_1_233' title='bbox 1328 1868 1473 1925; x_wconf 76' lang='grc' dir='ltr'>ἄλλο</span> <span class='ocrx_word' id='word_1_234' title='bbox 1535 1872 1768 1945; x_wconf 88' lang='grc' dir='ltr'>βοῶντες</span> <span class='ocrx_word' id='word_1_235' title='bbox 1854 1868 1904 1924; x_wconf 74' lang='grc' dir='ltr'>εἴ</span> <span class='ocrx_word' id='word_1_236' title='bbox 1991 1870 2091 1943; x_wconf 82' lang='grc' dir='ltr'><strong>μή,</strong></span> <span class='ocrx_word' id='word_1_237' title='bbox 2147 1891 2172 1921; x_wconf 72' lang='grc' dir='ltr'><strong>α</strong></span> <span class='ocrx_word' id='word_1_238' title='bbox 2224 1870 2437 1937; x_wconf 85' lang='grc' dir='ltr'>Βεζεῖτε</span> <span class='ocrx_word' id='word_1_239' title='bbox 2484 1871 2617 1941; x_wconf 90' lang='lat'><strong>(63),</strong></span> <span class='ocrx_word' id='word_1_240' title='bbox 2670 1871 2698 1924; x_wconf 90' lang='lat'><strong>6</strong></span> <span class='ocrx_word' id='word_1_241' title='bbox 2753 1872 3015 1948; x_wconf 84' lang='grc' dir='ltr'>Τζαῖσαρ.</span> <span class='ocrx_word' id='word_1_242' title='bbox 3072 1896 3100 1924; x_wconf 82' lang='grc'><strong>››</strong></span> <span class='ocrx_word' id='word_1_243' title='bbox 3157 1874 3379 1929; x_wconf 85' lang='grc' dir='ltr'>Πάντων</span> <span class='ocrx_word' id='word_1_244' title='bbox 3441 1872 3533 1928; x_wconf 75' lang='grc' dir='ltr'><strong>οῦν</strong></span> <span class='ocrx_word' id='word_1_245' title='bbox 3592 1875 3911 1952; x_wconf 73' lang='grc' dir='ltr'>φευγόντων</span> 
     </span>
    </p>
   </div>
   <div class='ocr_carea' id='block_1_33' title="bbox 491 1956 3917 2038">
    <p class='ocr_par' dir='ltr' id='par_1_33' title="bbox 491 1956 3917 2038">
     <span class='ocr_line' id='line_1_33' title="bbox 491 1956 3917 2038; baseline 0.002 -27"><span class='ocrx_word' id='word_1_246' title='bbox 491 1965 752 2038; x_wconf 81' lang='grc' dir='ltr'>ἀκόσμως</span> <span class='ocrx_word' id='word_1_247' title='bbox 810 1961 903 2016; x_wconf 80' lang='grc' dir='ltr'>σὺν</span> <span class='ocrx_word' id='word_1_248' title='bbox 960 1965 1040 2032; x_wconf 78' lang='grc' dir='ltr'>τῷ</span> <span class='ocrx_word' id='word_1_249' title='bbox 1105 1960 1346 2032; x_wconf 80' lang='grc' dir='ltr'>Ἰωάννῃ,</span> <span class='ocrx_word' id='word_1_250' title='bbox 1405 1957 1457 2012; x_wconf 83' lang='grc' dir='ltr'>οἱ</span> <span class='ocrx_word' id='word_1_251' title='bbox 1514 1960 1638 2033; x_wconf 76' lang='grc' dir='ltr'>περὶ</span> <span class='ocrx_word' id='word_1_252' title='bbox 1694 1958 1787 2013; x_wconf 79' lang='grc' dir='ltr'><strong>τὸν</strong></span> <span class='ocrx_word' id='word_1_253' title='bbox 1850 1957 2109 2032; x_wconf 69' lang='grc' dir='ltr'>Διογένην</span> <span class='ocrx_word' id='word_1_254' title='bbox 2197 1956 2664 2032; x_wconf 75' lang='grc' dir='ltr'>ἂναθαῤῥήσαντες</span> <span class='ocrx_word' id='word_1_255' title='bbox 2734 1959 2958 2013; x_wconf 83' lang='grc' dir='ltr'>κατόπιν</span> <span class='ocrx_word' id='word_1_256' title='bbox 3016 1958 3265 2019; x_wconf 72' lang='grc' dir='ltr'>ἐδίωκον.</span> <span class='ocrx_word' id='word_1_257' title='bbox 3326 1962 3431 2017; x_wconf 79' lang='grc' dir='ltr'>Καὶ</span> <span class='ocrx_word' id='word_1_258' title='bbox 3480 1961 3749 2018; x_wconf 88' lang='grc' dir='ltr'>κτείνουσι</span> <span class='ocrx_word' id='word_1_259' title='bbox 3815 1965 3917 2036; x_wconf 81' lang='grc' dir='ltr'>μὶν</span> 
     </span>
    </p>
   </div>
   <div class='ocr_carea' id='block_1_34' title="bbox 487 2043 3917 2121">
    <p class='ocr_par' dir='ltr' id='par_1_34' title="bbox 487 2043 3917 2121">
     <span class='ocr_line' id='line_1_34' title="bbox 487 2043 3917 2121; baseline 0 -12"><span class='ocrx_word' id='word_1_260' title='bbox 487 2052 756 2121; x_wconf 79' lang='grc' dir='ltr'>πολλοὺς,</span> <span class='ocrx_word' id='word_1_261' title='bbox 815 2044 1259 2121; x_wconf 74' lang='grc' dir='ltr'>συλλαμϐάνουσι</span> <span class='ocrx_word' id='word_1_262' title='bbox 1328 2046 1385 2102; x_wconf 82' lang='grc' dir='ltr'>δὶ</span> <span class='ocrx_word' id='word_1_263' title='bbox 1440 2048 1529 2102; x_wconf 81' lang='grc' dir='ltr'><strong>καὶ</strong></span> <span class='ocrx_word' id='word_1_264' title='bbox 1586 2047 1888 2108; x_wconf 84' lang='grc' dir='ltr'>δισκοσίους</span> <span class='ocrx_word' id='word_1_265' title='bbox 1949 2043 2289 2107; x_wconf 84' lang='grc' dir='ltr'>πανοπλίτας</span> <span class='ocrx_word' id='word_1_266' title='bbox 2344 2044 2436 2100; x_wconf 83' lang='grc' dir='ltr'><strong>καὶ</strong></span> <span class='ocrx_word' id='word_1_267' title='bbox 2520 2046 2647 2109; x_wconf 82' lang='grc' dir='ltr'>τούς</span> <span class='ocrx_word' id='word_1_268' title='bbox 2693 2045 2900 2109; x_wconf 68' lang='grc' dir='ltr'>’ίππους</span> <span class='ocrx_word' id='word_1_269' title='bbox 2956 2048 3046 2104; x_wconf 75' lang='grc' dir='ltr'><strong>καὶ</strong></span> <span class='ocrx_word' id='word_1_270' title='bbox 3101 2051 3200 2118; x_wconf 82' lang='grc' dir='ltr'><strong>τήν</strong></span> <span class='ocrx_word' id='word_1_271' title='bbox 3288 2052 3594 2121; x_wconf 79' lang='grc' dir='ltr'>ἀποσκευὴν</span> <span class='ocrx_word' id='word_1_272' title='bbox 3651 2053 3917 2110; x_wconf 77' lang='grc' dir='ltr'>Ἰωάννου</span> 
     </span>
    </p>
   </div>
   <div class='ocr_carea' id='block_1_35' title="bbox 487 2132 3917 2217">
    <p class='ocr_par' dir='ltr' id='par_1_35' title="bbox 487 2132 3917 2217">
     <span class='ocr_line' id='line_1_35' title="bbox 487 2132 3917 2217; baseline 0 -19"><span class='ocrx_word' id='word_1_273' title='bbox 487 2144 580 2198; x_wconf 78' lang='grc' dir='ltr'><strong>καὶ</strong></span> <span class='ocrx_word' id='word_1_274' title='bbox 636 2143 698 2197; x_wconf 87' lang='grc' dir='ltr'>τὸ</span> <span class='ocrx_word' id='word_1_275' title='bbox 727 2139 923 2196; x_wconf 80' lang='grc' dir='ltr'>τούτου</span> <span class='ocrx_word' id='word_1_276' title='bbox 956 2137 1196 2211; x_wconf 83' lang='grc' dir='ltr'>ἀνεψιόν.</span> <span class='ocrx_word' id='word_1_277' title='bbox 1256 2140 1431 2190; x_wconf 89' lang='grc' dir='ltr'>Ταῦτα</span> <span class='ocrx_word' id='word_1_278' title='bbox 1486 2132 1685 2213; x_wconf 78' lang='grc' dir='ltr'>δράσας</span> <span class='ocrx_word' id='word_1_279' title='bbox 1756 2135 1995 2191; x_wconf 71' lang='grc' dir='ltr'>ἐπάνεισι</span> <span class='ocrx_word' id='word_1_280' title='bbox 2072 2134 2207 2211; x_wconf 86' lang='grc' dir='ltr'>πρὸς</span> <span class='ocrx_word' id='word_1_281' title='bbox 2279 2134 2345 2188; x_wconf 70' lang='grc' dir='ltr'><strong>τά</strong></span> <span class='ocrx_word' id='word_1_282' title='bbox 2426 2132 2664 2207; x_wconf 80' lang='grc' dir='ltr'>Βοδηνὰ,</span> <span class='ocrx_word' id='word_1_283' title='bbox 2719 2137 2810 2191; x_wconf 82' lang='grc' dir='ltr'><strong>καὶ</strong></span> <span class='ocrx_word' id='word_1_284' title='bbox 2865 2139 3038 2193; x_wconf 85' lang='grc' dir='ltr'>πάντα</span> <span class='ocrx_word' id='word_1_285' title='bbox 3091 2140 3158 2193; x_wconf 78' lang='grc' dir='ltr'><strong>τά</strong></span> <span class='ocrx_word' id='word_1_286' title='bbox 3205 2138 3377 2195; x_wconf 74' lang='grc' dir='ltr'>ἐκεῖσε</span> <span class='ocrx_word' id='word_1_287' title='bbox 3426 2144 3917 2217; x_wconf 80' lang='grc' dir='ltr'>καταστησάμενος</span> 
     </span>
    </p>
   </div>
   <div class='ocr_carea' id='block_1_36' title="bbox 488 2224 3615 2308">
    <p class='ocr_par' dir='ltr' id='par_1_36' title="bbox 488 2224 3615 2308">
     <span class='ocr_line' id='line_1_36' title="bbox 488 2224 3615 2308; baseline 0 -22"><span class='ocrx_word' id='word_1_288' title='bbox 488 2229 896 2305; x_wconf 75' lang='grc' dir='ltr'>ὶπαναζευγνύει</span> <span class='ocrx_word' id='word_1_289' title='bbox 926 2226 1063 2298; x_wconf 86' lang='grc' dir='ltr'>πρὸς</span> <span class='ocrx_word' id='word_1_290' title='bbox 1085 2226 1148 2281; x_wconf 87' lang='grc' dir='ltr'>τὸ</span> <span class='ocrx_word' id='word_1_291' title='bbox 1174 2226 1483 2295; x_wconf 86' lang='grc' dir='ltr'>Βυζάντιον,</span> <span class='ocrx_word' id='word_1_292' title='bbox 1514 2227 1652 2281; x_wconf 76' lang='grc' dir='ltr'>κατὰ</span> <span class='ocrx_word' id='word_1_293' title='bbox 1678 2227 1779 2295; x_wconf 82' lang='grc' dir='ltr'>τήν</span> <span class='ocrx_word' id='word_1_294' title='bbox 1810 2228 1853 2290; x_wconf 81' lang='grc' dir='ltr'><strong>θ’</strong></span> <span class='ocrx_word' id='word_1_295' title='bbox 1881 2230 1977 2280; x_wconf 87' lang='grc' dir='ltr'><strong>τοῦ</strong></span> <span class='ocrx_word' id='word_1_296' title='bbox 2011 2224 2339 2300; x_wconf 84' lang='grc' dir='ltr'>Ἰανουαρίου</span> <span class='ocrx_word' id='word_1_297' title='bbox 2375 2224 2567 2296; x_wconf 86' lang='grc' dir='ltr'>μηνὸς,</span> <span class='ocrx_word' id='word_1_298' title='bbox 2598 2232 2699 2296; x_wconf 81' lang='grc' dir='ltr'>τῆς</span> <span class='ocrx_word' id='word_1_299' title='bbox 2736 2228 2793 2281; x_wconf 87' lang='grc' dir='ltr'>ιε’</span> <span class='ocrx_word' id='word_1_300' title='bbox 2819 2225 3213 2301; x_wconf 76' lang='grc' dir='ltr'>ἒπινεμήσεως,</span> <span class='ocrx_word' id='word_1_301' title='bbox 3246 2224 3399 2292; x_wconf 75' lang='grc' dir='ltr'>ἔτους</span> <span class='ocrx_word' id='word_1_302' title='bbox 3430 2238 3615 2308; x_wconf 44' lang='grc' dir='ltr'>ιςφκςκ</span> 
     </span>
    </p>
   </div>
   <div class='ocr_carea' id='block_1_37' title="bbox 559 2310 2154 2397">
    <p class='ocr_par' dir='ltr' id='par_1_37' title="bbox 559 2318 2139 2389">
     <span class='ocr_line' id='line_1_37' title="bbox 559 2318 2139 2389; baseline -0.004 -12"><span class='ocrx_word' id='word_1_303' title='bbox 559 2322 818 2377; x_wconf 85' lang='lat' dir='ltr'><strong>Joannes</strong></span> <span class='ocrx_word' id='word_1_304' title='bbox 847 2319 1147 2373; x_wconf 88' lang='lat' dir='ltr'><strong>licentiam</strong></span> <span class='ocrx_word' id='word_1_305' title='bbox 1181 2324 1535 2373; x_wconf 87' lang='lat' dir='ltr'><strong>consecutus</strong></span> <span class='ocrx_word' id='word_1_306' title='bbox 1566 2319 1636 2373; x_wconf 90' lang='lat' dir='ltr'><strong>ad</strong></span> <span class='ocrx_word' id='word_1_307' title='bbox 1673 2318 2139 2389; x_wconf 86' lang='lat' dir='ltr'><strong>oppugnandum</strong></span> 
     </span>
    </p>
   </div>
   <div class='ocr_carea' id='block_1_38' title="bbox 2323 2310 3918 2397">
    <p class='ocr_par' dir='ltr' id='par_1_38' title="bbox 2323 2310 3918 2397">
     <span class='ocr_line' id='line_1_38' title="bbox 2323 2310 3918 2397; baseline 0.004 -26"><span class='ocrx_word' id='word_1_308' title='bbox 2323 2311 2533 2378; x_wconf 84' lang='grc' dir='ltr'>Ἀδείας</span> <span class='ocrx_word' id='word_1_309' title='bbox 2563 2312 2620 2369; x_wconf 77' lang='grc' dir='ltr'>δὶ</span> <span class='ocrx_word' id='word_1_310' title='bbox 2672 2310 2985 2388; x_wconf 80' lang='grc' dir='ltr'>λαϐόμενος</span> <span class='ocrx_word' id='word_1_311' title='bbox 3022 2318 3049 2372; x_wconf 84' lang='grc' dir='ltr'><strong><em>ὀ</em></strong></span> <span class='ocrx_word' id='word_1_312' title='bbox 3082 2319 3341 2389; x_wconf 80' lang='grc' dir='ltr'>Ἰωάννης</span> <span class='ocrx_word' id='word_1_313' title='bbox 3393 2317 3571 2374; x_wconf 79' lang='grc' dir='ltr'>ἄπεισι</span> <span class='ocrx_word' id='word_1_314' title='bbox 3603 2320 3918 2397; x_wconf 70' lang='grc' dir='ltr'>πολιορκής</span> 
     </span>
    </p>
   </div>
   <div class='ocr_carea' id='block_1_39' title="bbox 489 2403 2084 2487">
    <p class='ocr_par' dir='ltr' id='par_1_39' title="bbox 489 2405 2053 2482">
     <span class='ocr_line' id='line_1_39' title="bbox 489 2405 2053 2482; baseline -0.004 -16"><span class='ocrx_word' id='word_1_315' title='bbox 489 2409 870 2482; x_wconf 80' lang='lat' dir='ltr'><strong>Dyrrachium</strong></span> <span class='ocrx_word' id='word_1_316' title='bbox 903 2405 1207 2463; x_wconf 89' lang='lat' dir='ltr'><strong>barbarico</strong></span> <span class='ocrx_word' id='word_1_317' title='bbox 1251 2423 1385 2462; x_wconf 91' lang='lat' dir='ltr'><strong>cum</strong></span> <span class='ocrx_word' id='word_1_318' title='bbox 1436 2408 1589 2462; x_wconf 85' lang='lat' dir='ltr'><strong>fastu</strong></span> <span class='ocrx_word' id='word_1_319' title='bbox 1642 2407 2053 2478; x_wconf 86' lang='lat' dir='ltr'><strong>proficiscitur,</strong></span> 
     </span>
    </p>
   </div>
   <div class='ocr_carea' id='block_1_40' title="bbox 2323 2403 3918 2487">
    <p class='ocr_par' dir='ltr' id='par_1_40' title="bbox 2323 2403 3918 2487">
     <span class='ocr_line' id='line_1_40' title="bbox 2323 2403 3918 2487; baseline 0.006 -32"><span class='ocrx_word' id='word_1_320' title='bbox 2323 2426 2357 2457; x_wconf 74' lang='lat' dir='ltr'><strong>iV</strong></span> <span class='ocrx_word' id='word_1_321' title='bbox 2389 2404 2451 2457; x_wconf 83' lang='grc' dir='ltr'><strong>τὸ</strong></span> <span class='ocrx_word' id='word_1_322' title='bbox 2484 2403 2788 2480; x_wconf 77' lang='grc' dir='ltr'>Δυρῥάχιον</span> <span class='ocrx_word' id='word_1_323' title='bbox 2834 2406 2968 2477; x_wconf 83' lang='grc' dir='ltr'><strong>μετά</strong></span> <span class='ocrx_word' id='word_1_324' title='bbox 3011 2406 3367 2484; x_wconf 73' lang='grc' dir='ltr'>φρυάγματος</span> <span class='ocrx_word' id='word_1_325' title='bbox 3420 2409 3510 2463; x_wconf 79' lang='grc' dir='ltr'><strong>καὶ</strong></span> <span class='ocrx_word' id='word_1_326' title='bbox 3559 2405 3726 2484; x_wconf 72' lang='grc' dir='ltr'>ὄγκου</span> <span class='ocrx_word' id='word_1_327' title='bbox 3774 2411 3918 2487; x_wconf 79' lang='grc' dir='ltr'>βαρ-</span> 
     </span>
    </p>
   </div>
   <div class='ocr_carea' id='block_1_41' title="bbox 488 2492 2083 2570">
    <p class='ocr_par' dir='ltr' id='par_1_41' title="bbox 488 2495 2073 2569">
     <span class='ocr_line' id='line_1_41' title="bbox 488 2495 2073 2569; baseline -0.005 -14"><span class='ocrx_word' id='word_1_328' title='bbox 488 2499 633 2555; x_wconf 89' lang='lat' dir='ltr'><strong>inito</strong></span> <span class='ocrx_word' id='word_1_329' title='bbox 665 2496 861 2569; x_wconf 72' lang='lat' dir='ltr'><strong>praelio</strong></span> <span class='ocrx_word' id='word_1_330' title='bbox 892 2496 1195 2565; x_wconf 86' lang='lat' dir='ltr'><strong>sternitur,</strong></span> <span class='ocrx_word' id='word_1_331' title='bbox 1228 2495 1517 2551; x_wconf 84' lang='lat' dir='ltr'><strong>incertum</strong></span> <span class='ocrx_word' id='word_1_332' title='bbox 1570 2512 1603 2550; x_wconf 92' lang='lat' dir='ltr'><strong>a</strong></span> <span class='ocrx_word' id='word_1_333' title='bbox 1646 2512 1785 2567; x_wconf 90' lang='lat' dir='ltr'><strong>quo,</strong></span> <span class='ocrx_word' id='word_1_334' title='bbox 1818 2496 1966 2549; x_wconf 73' lang='lat'><strong>467</strong></span> <span class='ocrx_word' id='word_1_335' title='bbox 2005 2510 2073 2547; x_wconf 92' lang='lat' dir='ltr'><strong>cu</strong></span> 
     </span>
    </p>
   </div>
   <div class='ocr_carea' id='block_1_42' title="bbox 2323 2492 3918 2570">
    <p class='ocr_par' dir='ltr' id='par_1_42' title="bbox 2326 2493 3918 2570">
     <span class='ocr_line' id='line_1_42' title="bbox 2326 2493 3918 2570; baseline 0.006 -25"><span class='ocrx_word' id='word_1_336' title='bbox 2326 2497 2501 2566; x_wconf 75' lang='grc' dir='ltr'>ρικοῦ.</span> <span class='ocrx_word' id='word_1_337' title='bbox 2553 2495 2718 2557; x_wconf 77' lang='grc' dir='ltr'>Ἔνθα</span> <span class='ocrx_word' id='word_1_338' title='bbox 2769 2493 3092 2569; x_wconf 72' lang='grc' dir='ltr'>πολιορκίας</span> <span class='ocrx_word' id='word_1_339' title='bbox 3143 2499 3414 2567; x_wconf 84' lang='grc' dir='ltr'>συστάσης</span> <span class='ocrx_word' id='word_1_340' title='bbox 3451 2497 3539 2552; x_wconf 79' lang='grc' dir='ltr'><strong>καί</strong></span> <span class='ocrx_word' id='word_1_341' title='bbox 3573 2496 3918 2570; x_wconf 78' lang='grc' dir='ltr'>συμπλοκῆς</span> 
     </span>
    </p>
   </div>
   <div class='ocr_carea' id='block_1_43' title="bbox 485 2581 2080 2660">
    <p class='ocr_par' dir='ltr' id='par_1_43' title="bbox 485 2584 2080 2659">
     <span class='ocr_line' id='line_1_43' title="bbox 485 2584 2080 2659; baseline -0.006 -16"><span class='ocrx_word' id='word_1_342' title='bbox 485 2588 836 2659; x_wconf 87' lang='lat' dir='ltr'><strong>imperasset</strong></span> <span class='ocrx_word' id='word_1_343' title='bbox 867 2586 1131 2657; x_wconf 88' lang='lat' dir='ltr'><strong>Bulgaris</strong></span> <span class='ocrx_word' id='word_1_344' title='bbox 1161 2601 1346 2640; x_wconf 84' lang='lat' dir='ltr'><strong>annos</strong></span> <span class='ocrx_word' id='word_1_345' title='bbox 1376 2585 1434 2651; x_wconf 89' lang='lat'><strong>2,</strong></span> <span class='ocrx_word' id='word_1_346' title='bbox 1460 2601 1693 2639; x_wconf 88' lang='lat' dir='ltr'><strong>menses</strong></span> <span class='ocrx_word' id='word_1_347' title='bbox 1728 2584 1779 2639; x_wconf 86' lang='lat'><strong>5.</strong></span> <span class='ocrx_word' id='word_1_348' title='bbox 1815 2584 2080 2655; x_wconf 59' lang='lat' dir='ltr'><strong>Imperati</strong></span> 
     </span>
    </p>
   </div>
   <div class='ocr_carea' id='block_1_44' title="bbox 2323 2581 3918 2660">
    <p class='ocr_par' dir='ltr' id='par_1_44' title="bbox 2323 2581 3918 2660">
     <span class='ocr_line' id='line_1_44' title="bbox 2323 2581 3918 2660; baseline 0.006 -26"><span class='ocrx_word' id='word_1_349' title='bbox 2323 2582 2543 2653; x_wconf 69' lang='grc' dir='ltr'>ιομὲνης</span> <span class='ocrx_word' id='word_1_350' title='bbox 2574 2581 2779 2650; x_wconf 84' lang='grc' dir='ltr'>πίπτει,</span> <span class='ocrx_word' id='word_1_351' title='bbox 2832 2581 3064 2655; x_wconf 83' lang='grc' dir='ltr'>μηδενὸς</span> <span class='ocrx_word' id='word_1_352' title='bbox 3115 2582 3290 2655; x_wconf 78' lang='grc' dir='ltr'>δήλου</span> <span class='ocrx_word' id='word_1_353' title='bbox 3345 2587 3643 2660; x_wconf 74' lang='grc' dir='ltr'>γενομένου</span> <span class='ocrx_word' id='word_1_354' title='bbox 3680 2592 3783 2642; x_wconf 90' lang='grc' dir='ltr'><strong>τοῦ</strong></span> <span class='ocrx_word' id='word_1_355' title='bbox 3813 2610 3918 2643; x_wconf 81' lang='grc' dir='ltr'>κα-</span> 
     </span>
    </p>
   </div>
   <div class='ocr_carea' id='block_1_45' title="bbox 483 2665 2078 2749">
    <p class='ocr_par' dir='ltr' id='par_1_45' title="bbox 483 2671 2071 2749">
     <span class='ocr_line' id='line_1_45' title="bbox 483 2671 2071 2749; baseline -0.006 -16"><span class='ocrx_word' id='word_1_356' title='bbox 483 2694 516 2733; x_wconf 91' lang='lat' dir='ltr'><strong>a</strong></span> <span class='ocrx_word' id='word_1_357' title='bbox 549 2676 818 2749; x_wconf 67' lang='lat' dir='ltr'><strong>praefecto</strong></span> <span class='ocrx_word' id='word_1_358' title='bbox 864 2673 1158 2746; x_wconf 79' lang='lat' dir='ltr'><strong>Dyrrachii</strong></span> <span class='ocrx_word' id='word_1_359' title='bbox 1208 2673 1535 2744; x_wconf 86' lang='lat' dir='ltr'><strong>Nicephoro</strong></span> <span class='ocrx_word' id='word_1_360' title='bbox 1586 2672 1831 2743; x_wconf 90' lang='lat' dir='ltr'><strong>patricio</strong></span> <span class='ocrx_word' id='word_1_361' title='bbox 1862 2671 2071 2743; x_wconf 87' lang='lat' dir='ltr'><strong>Pegoni</strong></span> 
     </span>
    </p>
   </div>
   <div class='ocr_carea' id='block_1_46' title="bbox 2319 2665 3914 2749">
    <p class='ocr_par' dir='ltr' id='par_1_46' title="bbox 2319 2665 3914 2749">
     <span class='ocr_line' id='line_1_46' title="bbox 2319 2665 3914 2749; baseline 0.005 -25"><span class='ocrx_word' id='word_1_362' title='bbox 2319 2665 2653 2741; x_wconf 69' lang='grc' dir='ltr'>ϐεϐληκότος</span> <span class='ocrx_word' id='word_1_363' title='bbox 2686 2670 2868 2728; x_wconf 79' lang='grc' dir='ltr'>αὐτὸν.</span> <span class='ocrx_word' id='word_1_364' title='bbox 2926 2670 3087 2748; x_wconf 78' lang='grc' dir='ltr'>ἄρξας</span> <span class='ocrx_word' id='word_1_365' title='bbox 3126 2672 3464 2749; x_wconf 87' lang='grc' dir='ltr'>Βουλγάρων</span> <span class='ocrx_word' id='word_1_366' title='bbox 3515 2674 3599 2731; x_wconf 72' lang='grc' dir='ltr'><strong>ἐπ’</strong></span> <span class='ocrx_word' id='word_1_367' title='bbox 3626 2676 3914 2740; x_wconf 66' lang='grc' dir='ltr'>ἐνιαυτοὺς</span> 
     </span>
    </p>
   </div>
   <div class='ocr_carea' id='block_1_47' title="bbox 479 2760 2074 2839">
    <p class='ocr_par' dir='ltr' id='par_1_47' title="bbox 479 2761 2074 2830">
     <span class='ocr_line' id='line_1_47' title="bbox 479 2761 2074 2830; baseline -0.006 -9"><span class='ocrx_word' id='word_1_368' title='bbox 479 2765 694 2821; x_wconf 89' lang='lat' dir='ltr'><strong>certior</strong></span> <span class='ocrx_word' id='word_1_369' title='bbox 724 2765 794 2819; x_wconf 90' lang='lat' dir='ltr'><strong>de</strong></span> <span class='ocrx_word' id='word_1_370' title='bbox 826 2769 1010 2819; x_wconf 92' lang='lat' dir='ltr'><strong>morte</strong></span> <span class='ocrx_word' id='word_1_371' title='bbox 1040 2763 1287 2817; x_wconf 87' lang='lat' dir='ltr'><strong>Joannis</strong></span> <span class='ocrx_word' id='word_1_372' title='bbox 1342 2763 1532 2816; x_wconf 79' lang='lat' dir='ltr'><strong>factus</strong></span> <span class='ocrx_word' id='word_1_373' title='bbox 1582 2761 1780 2816; x_wconf 85' lang='lat' dir='ltr'><strong>statim</strong></span> <span class='ocrx_word' id='word_1_374' title='bbox 1812 2761 2074 2830; x_wconf 72' lang='grc' dir='ltr'>οχρεόὶιὶι</span> 
     </span>
    </p>
   </div>
   <div class='ocr_carea' id='block_1_48' title="bbox 2325 2760 3920 2839">
    <p class='ocr_par' dir='ltr' id='par_1_48' title="bbox 2325 2760 3920 2839">
     <span class='ocr_line' id='line_1_48' title="bbox 2325 2760 3920 2839; baseline 0.006 -27"><span class='ocrx_word' id='word_1_375' title='bbox 2325 2760 2406 2813; x_wconf 74' lang='grc' dir='ltr'>καὶ</span> <span class='ocrx_word' id='word_1_376' title='bbox 2441 2766 2612 2833; x_wconf 86' lang='grc' dir='ltr'>μῆνας</span> <span class='ocrx_word' id='word_1_377' title='bbox 2662 2762 2718 2816; x_wconf 86' lang='grc' dir='ltr'><strong>ε’.</strong></span> <span class='ocrx_word' id='word_1_378' title='bbox 2778 2764 3122 2832; x_wconf 78' lang='grc' dir='ltr'>Μηνυθὲντος</span> <span class='ocrx_word' id='word_1_379' title='bbox 3182 2760 3239 2817; x_wconf 78' lang='grc' dir='ltr'>δὲ</span> <span class='ocrx_word' id='word_1_380' title='bbox 3288 2768 3367 2836; x_wconf 84' lang='grc' dir='ltr'>τῷ</span> <span class='ocrx_word' id='word_1_381' title='bbox 3430 2762 3645 2839; x_wconf 84' lang='grc' dir='ltr'>βασιλεῖ</span> <span class='ocrx_word' id='word_1_382' title='bbox 3689 2770 3791 2820; x_wconf 88' lang='grc' dir='ltr'><strong>τοῦ</strong></span> <span class='ocrx_word' id='word_1_383' title='bbox 3823 2778 3920 2829; x_wconf 79' lang='grc' dir='ltr'><strong>θα-</strong></span> 
     </span>
    </p>
   </div>
   <div class='ocr_carea' id='block_1_49' title="bbox 479 2846 2074 2931">
    <p class='ocr_par' dir='ltr' id='par_1_49' title="bbox 479 2849 2074 2923">
     <span class='ocr_line' id='line_1_49' title="bbox 479 2849 2074 2923; baseline -0.005 -12"><span class='ocrx_word' id='word_1_384' title='bbox 479 2871 613 2911; x_wconf 91' lang='lat' dir='ltr'><strong>nem</strong></span> <span class='ocrx_word' id='word_1_385' title='bbox 648 2854 807 2910; x_wconf 77' lang='lat' dir='ltr'><strong>facit.</strong></span> <span class='ocrx_word' id='word_1_386' title='bbox 840 2854 1109 2923; x_wconf 81' lang='lat' dir='ltr'><strong>Cumque</strong></span> <span class='ocrx_word' id='word_1_387' title='bbox 1140 2852 1212 2907; x_wconf 87' lang='lat' dir='ltr'><strong>ad</strong></span> <span class='ocrx_word' id='word_1_388' title='bbox 1241 2849 1702 2921; x_wconf 89' lang='lat' dir='ltr'><strong>Andrianopolin</strong></span> <span class='ocrx_word' id='word_1_389' title='bbox 1733 2850 2008 2917; x_wconf 86' lang='lat' dir='ltr'><strong>venisset,</strong></span> <span class='ocrx_word' id='word_1_390' title='bbox 2035 2865 2074 2903; x_wconf 62' lang='grc' dir='ltr'>οι</span> 
     </span>
    </p>
   </div>
   <div class='ocr_carea' id='block_1_50' title="bbox 2317 2846 3912 2931">
    <p class='ocr_par' dir='ltr' id='par_1_50' title="bbox 2317 2848 3912 2931">
     <span class='ocr_line' id='line_1_50' title="bbox 2317 2848 3912 2931; baseline 0.004 -29"><span class='ocrx_word' id='word_1_391' title='bbox 2317 2869 2405 2903; x_wconf 86' lang='grc' dir='ltr'><strong>του</strong></span> <span class='ocrx_word' id='word_1_392' title='bbox 2452 2853 2548 2903; x_wconf 85' lang='grc' dir='ltr'><strong>τοῦ</strong></span> <span class='ocrx_word' id='word_1_393' title='bbox 2605 2849 2857 2904; x_wconf 90' lang='grc' dir='ltr'>Ἰωάννου</span> <span class='ocrx_word' id='word_1_394' title='bbox 2907 2848 2996 2905; x_wconf 77' lang='grc' dir='ltr'><strong>διὰ</strong></span> <span class='ocrx_word' id='word_1_395' title='bbox 3048 2856 3145 2906; x_wconf 89' lang='grc' dir='ltr'><strong>τοῦ</strong></span> <span class='ocrx_word' id='word_1_396' title='bbox 3202 2857 3637 2928; x_wconf 76' lang='grc' dir='ltr'>στρατηγοῦντος</span> <span class='ocrx_word' id='word_1_397' title='bbox 3690 2854 3912 2931; x_wconf 70' lang='grc' dir='ltr'><strong>Δυρῥα-</strong></span> 
     </span>
    </p>
   </div>
   <div class='ocr_carea' id='block_1_51' title="bbox 481 2937 2076 3020">
    <p class='ocr_par' dir='ltr' id='par_1_51' title="bbox 481 2937 2065 3005">
     <span class='ocr_line' id='line_1_51' title="bbox 481 2937 2065 3005; baseline -0.004 -5"><span class='ocrx_word' id='word_1_398' title='bbox 481 2950 726 3000; x_wconf 86' lang='lat' dir='ltr'><strong>currunt</strong></span> <span class='ocrx_word' id='word_1_399' title='bbox 754 2943 805 2999; x_wconf 90' lang='lat' dir='ltr'><strong>ei</strong></span> <span class='ocrx_word' id='word_1_400' title='bbox 825 2944 1003 2998; x_wconf 80' lang='lat' dir='ltr'><strong>frater</strong></span> <span class='ocrx_word' id='word_1_401' title='bbox 1019 2946 1075 2997; x_wconf 85' lang='lat' dir='ltr'><strong>et</strong></span> <span class='ocrx_word' id='word_1_402' title='bbox 1091 2941 1249 2996; x_wconf 82' lang='lat' dir='ltr'><strong>ﬁlius</strong></span> <span class='ocrx_word' id='word_1_403' title='bbox 1270 2938 1480 2995; x_wconf 81' lang='lat' dir='ltr'><strong>famosi</strong></span> <span class='ocrx_word' id='word_1_404' title='bbox 1506 2937 1665 2994; x_wconf 90' lang='lat' dir='ltr'><strong>illius</strong></span> <span class='ocrx_word' id='word_1_405' title='bbox 1687 2938 2065 3005; x_wconf 70' lang='lat' dir='ltr'><strong>Cracraz,lzetu</strong></span> 
     </span>
    </p>
   </div>
   <div class='ocr_carea' id='block_1_52' title="bbox 2319 2937 3914 3020">
    <p class='ocr_par' dir='ltr' id='par_1_52' title="bbox 2319 2939 3914 3020">
     <span class='ocr_line' id='line_1_52' title="bbox 2319 2939 3914 3020; baseline 0.004 -27"><span class='ocrx_word' id='word_1_406' title='bbox 2319 2959 2375 2993; x_wconf 74' lang='lat' dir='ltr'><strong>ou</strong></span> <span class='ocrx_word' id='word_1_407' title='bbox 2420 2939 2628 3009; x_wconf 74' lang='grc' dir='ltr'>Νικήτα</span> <span class='ocrx_word' id='word_1_408' title='bbox 2680 2939 2968 3016; x_wconf 83' lang='grc' dir='ltr'>πατρικίου</span> <span class='ocrx_word' id='word_1_409' title='bbox 3014 2944 3111 2995; x_wconf 90' lang='grc' dir='ltr'><strong>τοῦ</strong></span> <span class='ocrx_word' id='word_1_410' title='bbox 3160 2942 3509 3018; x_wconf 80' lang='grc' dir='ltr'>Ηηγωνίτου,</span> <span class='ocrx_word' id='word_1_411' title='bbox 3558 2942 3718 3015; x_wconf 73' lang='grc' dir='ltr'>ὶξεισι</span> <span class='ocrx_word' id='word_1_412' title='bbox 3766 2964 3914 3020; x_wconf 81' lang='grc' dir='ltr'>παρ-</span> 
     </span>
    </p>
   </div>
   <div class='ocr_carea' id='block_1_53' title="bbox 478 3027 2073 3104">
    <p class='ocr_par' dir='ltr' id='par_1_53' title="bbox 478 3027 2073 3099">
     <span class='ocr_line' id='line_1_53' title="bbox 478 3027 2073 3099; baseline -0.005 -9"><span class='ocrx_word' id='word_1_413' title='bbox 478 3036 734 3089; x_wconf 79' lang='lat' dir='ltr'><strong>fersntes</strong></span> <span class='ocrx_word' id='word_1_414' title='bbox 755 3031 1054 3099; x_wconf 89' lang='lat' dir='ltr'><strong>nuntium,</strong></span> <span class='ocrx_word' id='word_1_415' title='bbox 1074 3031 1282 3085; x_wconf 87' lang='lat' dir='ltr'><strong>dedere</strong></span> <span class='ocrx_word' id='word_1_416' title='bbox 1300 3046 1361 3084; x_wconf 89' lang='lat' dir='ltr'><strong>se</strong></span> <span class='ocrx_word' id='word_1_417' title='bbox 1382 3028 1719 3099; x_wconf 87' lang='lat' dir='ltr'><strong>imperatori</strong></span> <span class='ocrx_word' id='word_1_418' title='bbox 1742 3027 1965 3083; x_wconf 83' lang='lat' dir='ltr'><strong>celebre</strong></span> <span class='ocrx_word' id='word_1_419' title='bbox 1986 3027 2073 3082; x_wconf 88' lang='lat' dir='ltr'><strong>illi</strong></span> 
     </span>
    </p>
   </div>
   <div class='ocr_carea' id='block_1_54' title="bbox 2315 3027 3910 3104">
    <p class='ocr_par' dir='ltr' id='par_1_54' title="bbox 2315 3027 3910 3104">
     <span class='ocr_line' id='line_1_54' title="bbox 2315 3027 3910 3104; baseline 0.003 -22"><span class='ocrx_word' id='word_1_420' title='bbox 2315 3028 2435 3082; x_wconf 85' lang='grc' dir='ltr'>τίκα</span> <span class='ocrx_word' id='word_1_421' title='bbox 2493 3029 2521 3083; x_wconf 94' lang='lat'><strong>6</strong></span> <span class='ocrx_word' id='word_1_422' title='bbox 2583 3027 2857 3103; x_wconf 82' lang='grc' dir='ltr'>βασιλεύς.</span> <span class='ocrx_word' id='word_1_423' title='bbox 2921 3030 3202 3103; x_wconf 69' lang='grc' dir='ltr'>Γενομένῳ</span> <span class='ocrx_word' id='word_1_424' title='bbox 3272 3028 3320 3085; x_wconf 76' lang='grc' dir='ltr'>δ’</span> <span class='ocrx_word' id='word_1_425' title='bbox 3401 3031 3550 3104; x_wconf 84' lang='grc' dir='ltr'>αὐτῷ</span> <span class='ocrx_word' id='word_1_426' title='bbox 3604 3032 3744 3087; x_wconf 77' lang='grc' dir='ltr'>κατὰ</span> <span class='ocrx_word' id='word_1_427' title='bbox 3800 3034 3910 3103; x_wconf 71' lang='grc' dir='ltr'><strong>τὴν</strong></span> 
     </span>
    </p>
   </div>
   <div class='ocr_carea' id='block_1_55' title="bbox 480 3116 2075 3198">
    <p class='ocr_par' dir='ltr' id='par_1_55' title="bbox 480 3117 2075 3189">
     <span class='ocr_line' id='line_1_55' title="bbox 480 3117 2075 3189; baseline -0.006 -10"><span class='ocrx_word' id='word_1_428' title='bbox 480 3122 788 3179; x_wconf 87' lang='lat' dir='ltr'><strong>Pernicum</strong></span> <span class='ocrx_word' id='word_1_429' title='bbox 820 3126 877 3176; x_wconf 91' lang='lat' dir='ltr'><strong>et</strong></span> <span class='ocrx_word' id='word_1_430' title='bbox 907 3119 1026 3176; x_wconf 89' lang='lat' dir='ltr'><strong>alia</strong></span> <span class='ocrx_word' id='word_1_431' title='bbox 1062 3120 1133 3173; x_wconf 85' lang='lat'><strong>35</strong></span> <span class='ocrx_word' id='word_1_432' title='bbox 1163 3117 1441 3183; x_wconf 88' lang='lat' dir='ltr'><strong>castella;</strong></span> <span class='ocrx_word' id='word_1_433' title='bbox 1493 3117 1710 3189; x_wconf 90' lang='lat' dir='ltr'><strong>quibus</strong></span> <span class='ocrx_word' id='word_1_434' title='bbox 1754 3133 1886 3171; x_wconf 89' lang='lat' dir='ltr'><strong>cum</strong></span> <span class='ocrx_word' id='word_1_435' title='bbox 1919 3118 2075 3187; x_wconf 77' lang='lat' dir='ltr'><strong>digni</strong></span> 
     </span>
    </p>
   </div>
   <div class='ocr_carea' id='block_1_56' title="bbox 2316 3116 3911 3198">
    <p class='ocr_par' dir='ltr' id='par_1_56' title="bbox 2316 3116 3911 3198">
     <span class='ocr_line' id='line_1_56' title="bbox 2316 3116 3911 3198; baseline 0.004 -27"><span class='ocrx_word' id='word_1_436' title='bbox 2316 3116 2695 3192; x_wconf 80' lang='grc' dir='ltr'>δριανούπολιν</span> <span class='ocrx_word' id='word_1_437' title='bbox 2731 3118 3035 3173; x_wconf 81' lang='grc' dir='ltr'>ὑπαντῶσιν</span> <span class='ocrx_word' id='word_1_438' title='bbox 3096 3120 3123 3174; x_wconf 96' lang='lat'><strong>6</strong></span> <span class='ocrx_word' id='word_1_439' title='bbox 3176 3117 3410 3198; x_wconf 86' lang='grc' dir='ltr'>ἀδελφὸς</span> <span class='ocrx_word' id='word_1_440' title='bbox 3448 3125 3548 3175; x_wconf 87' lang='grc' dir='ltr'><strong>τοῦ</strong></span> <span class='ocrx_word' id='word_1_441' title='bbox 3576 3123 3911 3198; x_wconf 72' lang='grc' dir='ltr'>περιφήμου</span> 
     </span>
    </p>
   </div>
   <div class='ocr_carea' id='block_1_57' title="bbox 479 3205 2074 3285">
    <p class='ocr_par' dir='ltr' id='par_1_57' title="bbox 479 3205 2074 3277">
     <span class='ocr_line' id='line_1_57' title="bbox 479 3205 2074 3277; baseline -0.004 -11"><span class='ocrx_word' id='word_1_442' title='bbox 479 3210 786 3267; x_wconf 85' lang='lat' dir='ltr'><strong>habuisset</strong></span> <span class='ocrx_word' id='word_1_443' title='bbox 812 3209 1064 3266; x_wconf 88' lang='lat' dir='ltr'><strong>honores</strong></span> <span class='ocrx_word' id='word_1_444' title='bbox 1094 3212 1152 3262; x_wconf 92' lang='lat' dir='ltr'><strong>et</strong></span> <span class='ocrx_word' id='word_1_445' title='bbox 1181 3206 1449 3261; x_wconf 89' lang='lat' dir='ltr'><strong>Cracram</strong></span> <span class='ocrx_word' id='word_1_446' title='bbox 1500 3206 1572 3261; x_wconf 92' lang='lat' dir='ltr'><strong>ad</strong></span> <span class='ocrx_word' id='word_1_447' title='bbox 1618 3205 1928 3277; x_wconf 84' lang='lat' dir='ltr'><strong>patriciam</strong></span> <span class='ocrx_word' id='word_1_448' title='bbox 1958 3211 2074 3260; x_wconf 82' lang='lat' dir='ltr'><strong>exti</strong></span> 
     </span>
    </p>
   </div>
   <div class='ocr_carea' id='block_1_58' title="bbox 2311 3205 3906 3285">
    <p class='ocr_par' dir='ltr' id='par_1_58' title="bbox 2311 3206 3906 3285">
     <span class='ocr_line' id='line_1_58' title="bbox 2311 3206 3906 3285; baseline 0.004 -28"><span class='ocrx_word' id='word_1_449' title='bbox 2311 3206 2459 3280; x_wconf 69' lang='grc' dir='ltr'>μακρὰ</span> <span class='ocrx_word' id='word_1_450' title='bbox 2513 3207 2599 3260; x_wconf 76' lang='grc' dir='ltr'><strong>καὶ</strong></span> <span class='ocrx_word' id='word_1_451' title='bbox 2668 3207 2697 3260; x_wconf 89' lang='lat'><strong>6</strong></span> <span class='ocrx_word' id='word_1_452' title='bbox 2769 3208 2907 3279; x_wconf 70' lang='grc' dir='ltr'>υίὸς,</span> <span class='ocrx_word' id='word_1_453' title='bbox 2979 3214 3330 3283; x_wconf 77' lang='grc' dir='ltr'>προσχωρεῖν</span> <span class='ocrx_word' id='word_1_454' title='bbox 3414 3208 3906 3285; x_wconf 76' lang='grc' dir='ltr'>εὐαγγελιζόμενοι</span> 
     </span>
    </p>
   </div>
   <div class='ocr_carea' id='block_1_59' title="bbox 481 3294 2076 3374">
    <p class='ocr_par' dir='ltr' id='par_1_59' title="bbox 481 3294 2076 3370">
     <span class='ocr_line' id='line_1_59' title="bbox 481 3294 2076 3370; baseline -0.004 -16"><span class='ocrx_word' id='word_1_455' title='bbox 481 3298 649 3354; x_wconf 89' lang='lat' dir='ltr'><strong>lisset</strong></span> <span class='ocrx_word' id='word_1_456' title='bbox 677 3298 1047 3370; x_wconf 89' lang='lat' dir='ltr'><strong>dignitatem,</strong></span> <span class='ocrx_word' id='word_1_457' title='bbox 1079 3294 1485 3367; x_wconf 78' lang='lat' dir='ltr'><strong>Mosynopolin</strong></span> <span class='ocrx_word' id='word_1_458' title='bbox 1517 3296 1693 3350; x_wconf 87' lang='lat' dir='ltr'><strong>venit.</strong></span> <span class='ocrx_word' id='word_1_459' title='bbox 1719 3294 1934 3351; x_wconf 87' lang='lat' dir='ltr'><strong>Eodem</strong></span> <span class='ocrx_word' id='word_1_460' title='bbox 1959 3311 2076 3349; x_wconf 73' lang='grc' dir='ltr'><strong>νοω</strong></span> 
     </span>
    </p>
   </div>
   <div class='ocr_carea' id='block_1_60' title="bbox 2310 3294 3905 3374">
    <p class='ocr_par' dir='ltr' id='par_1_60' title="bbox 2344 3294 3905 3374">
     <span class='ocr_line' id='line_1_60' title="bbox 2344 3294 3905 3374; baseline 0.004 -26"><span class='ocrx_word' id='word_1_461' title='bbox 2344 3315 2403 3349; x_wconf 88' lang='grc' dir='ltr'><strong>τε</strong></span> <span class='ocrx_word' id='word_1_462' title='bbox 2447 3294 2769 3369; x_wconf 86' lang='grc' dir='ltr'>περίπυςτον</span> <span class='ocrx_word' id='word_1_463' title='bbox 2818 3295 3077 3373; x_wconf 72' lang='grc' dir='ltr'>φρούριον</span> <span class='ocrx_word' id='word_1_464' title='bbox 3127 3296 3219 3351; x_wconf 87' lang='grc' dir='ltr'><strong>τὸν</strong></span> <span class='ocrx_word' id='word_1_465' title='bbox 3271 3296 3527 3371; x_wconf 78' lang='grc' dir='ltr'>Πέρνικον</span> <span class='ocrx_word' id='word_1_466' title='bbox 3588 3297 3676 3352; x_wconf 77' lang='grc' dir='ltr'><strong>καὶ</strong></span> <span class='ocrx_word' id='word_1_467' title='bbox 3739 3295 3905 3374; x_wconf 81' lang='grc' dir='ltr'>ἔτερα</span> 
     </span>
    </p>
   </div>
   <div class='ocr_carea' id='block_1_61' title="bbox 480 3382 2075 3459">
    <p class='ocr_par' dir='ltr' id='par_1_61' title="bbox 480 3384 2075 3459">
     <span class='ocr_line' id='line_1_61' title="bbox 480 3384 2075 3459; baseline -0.005 -17"><span class='ocrx_word' id='word_1_468' title='bbox 480 3394 621 3442; x_wconf 87' lang='lat' dir='ltr'><strong>runt</strong></span> <span class='ocrx_word' id='word_1_469' title='bbox 648 3393 706 3443; x_wconf 90' lang='lat' dir='ltr'><strong>et</strong></span> <span class='ocrx_word' id='word_1_470' title='bbox 734 3387 911 3459; x_wconf 81' lang='lat' dir='ltr'><strong>legati</strong></span> <span class='ocrx_word' id='word_1_471' title='bbox 942 3403 973 3441; x_wconf 92' lang='lat' dir='ltr'><strong>e</strong></span> <span class='ocrx_word' id='word_1_472' title='bbox 1003 3385 1312 3454; x_wconf 76' lang='lat' dir='ltr'><strong>Pelagonia</strong></span> <span class='ocrx_word' id='word_1_473' title='bbox 1339 3390 1397 3438; x_wconf 88' lang='lat' dir='ltr'><strong>et</strong></span> <span class='ocrx_word' id='word_1_474' title='bbox 1423 3384 1752 3439; x_wconf 83' lang='lat' dir='ltr'><strong>Morobisdo</strong></span> <span class='ocrx_word' id='word_1_475' title='bbox 1782 3388 1839 3439; x_wconf 92' lang='lat' dir='ltr'><strong>et</strong></span> <span class='ocrx_word' id='word_1_476' title='bbox 1865 3384 2075 3455; x_wconf 54' lang='lat' dir='ltr'><strong>Lipenii</strong></span> 
     </span>
    </p>
   </div>
   <div class='ocr_carea' id='block_1_62' title="bbox 2307 3382 3902 3459">
    <p class='ocr_par' dir='ltr' id='par_1_62' title="bbox 2307 3382 3902 3459">
     <span class='ocr_line' id='line_1_62' title="bbox 2307 3382 3902 3459; baseline 0.002 -21"><span class='ocrx_word' id='word_1_477' title='bbox 2307 3404 2394 3438; x_wconf 88' lang='grc' dir='ltr'><strong>ντε</strong></span> <span class='ocrx_word' id='word_1_478' title='bbox 2442 3383 2528 3438; x_wconf 75' lang='grc' dir='ltr'><strong>ἰπὶ</strong></span> <span class='ocrx_word' id='word_1_479' title='bbox 2594 3382 2902 3455; x_wconf 85' lang='grc' dir='ltr'>τριάκοντα.</span> <span class='ocrx_word' id='word_1_480' title='bbox 2964 3384 3073 3447; x_wconf 74' lang='grc' dir='ltr'><strong>Οὕς</strong></span> <span class='ocrx_word' id='word_1_481' title='bbox 3120 3387 3356 3459; x_wconf 75' lang='grc' dir='ltr'>τιμήσας</span> <span class='ocrx_word' id='word_1_482' title='bbox 3430 3385 3593 3456; x_wconf 79' lang='grc' dir='ltr'>ἄείως</span> <span class='ocrx_word' id='word_1_483' title='bbox 3647 3386 3739 3441; x_wconf 80' lang='grc' dir='ltr'><strong>καὶ</strong></span> <span class='ocrx_word' id='word_1_484' title='bbox 3799 3390 3902 3443; x_wconf 80' lang='grc' dir='ltr'>τὸν</span> 
     </span>
    </p>
   </div>
   <div class='ocr_carea' id='block_1_63' title="bbox 481 3471 2076 3549">
    <p class='ocr_par' dir='ltr' id='par_1_63' title="bbox 481 3474 2073 3548">
     <span class='ocr_line' id='line_1_63' title="bbox 481 3474 2073 3548; baseline -0.002 -16"><span class='ocrx_word' id='word_1_485' title='bbox 481 3477 656 3532; x_wconf 90' lang='lat' dir='ltr'><strong>urbes</strong></span> <span class='ocrx_word' id='word_1_486' title='bbox 686 3475 1020 3548; x_wconf 84' lang='lat' dir='ltr'><strong>imperatori</strong></span> <span class='ocrx_word' id='word_1_487' title='bbox 1053 3474 1355 3529; x_wconf 84' lang='lat' dir='ltr'><strong>dedentes.</strong></span> <span class='ocrx_word' id='word_1_488' title='bbox 1406 3474 1544 3528; x_wconf 87' lang='lat' dir='ltr'><strong>Inde</strong></span> <span class='ocrx_word' id='word_1_489' title='bbox 1570 3479 1774 3529; x_wconf 86' lang='lat' dir='ltr'><strong>Serras</strong></span> <span class='ocrx_word' id='word_1_490' title='bbox 1804 3474 2073 3544; x_wconf 81' lang='lat' dir='ltr'><strong>prolicisc</strong></span> 
     </span>
    </p>
   </div>
   <div class='ocr_carea' id='block_1_64' title="bbox 2309 3471 3904 3549">
    <p class='ocr_par' dir='ltr' id='par_1_64' title="bbox 2309 3471 3904 3549">
     <span class='ocr_line' id='line_1_64' title="bbox 2309 3471 3904 3549; baseline 0.004 -23"><span class='ocrx_word' id='word_1_491' title='bbox 2309 3478 2481 3547; x_wconf 65' lang='lat' dir='ltr'><strong>expav</strong></span> <span class='ocrx_word' id='word_1_492' title='bbox 2535 3471 2588 3534; x_wconf 78' lang='grc' dir='ltr'>ἐς</span> <span class='ocrx_word' id='word_1_493' title='bbox 2645 3472 2739 3528; x_wconf 89' lang='grc' dir='ltr'>τὸν</span> <span class='ocrx_word' id='word_1_494' title='bbox 2786 3478 2894 3528; x_wconf 88' lang='grc' dir='ltr'><strong>τῶν</strong></span> <span class='ocrx_word' id='word_1_495' title='bbox 2948 3476 3251 3549; x_wconf 87' lang='grc' dir='ltr'>πατρικίων</span> <span class='ocrx_word' id='word_1_496' title='bbox 3306 3474 3495 3545; x_wconf 82' lang='grc' dir='ltr'>Θρόνον</span> <span class='ocrx_word' id='word_1_497' title='bbox 3553 3471 3904 3540; x_wconf 74' lang='grc' dir='ltr'>ἀναϐιϐάσας</span> 
     </span>
    </p>
   </div>
   <div class='ocr_carea' id='block_1_65' title="bbox 476 3559 2071 3639">
    <p class='ocr_par' dir='ltr' id='par_1_65' title="bbox 476 3561 2071 3635">
     <span class='ocr_line' id='line_1_65' title="bbox 476 3561 2071 3635; baseline -0.003 -13"><span class='ocrx_word' id='word_1_498' title='bbox 476 3571 596 3622; x_wconf 91' lang='lat' dir='ltr'><strong>tur.</strong></span> <span class='ocrx_word' id='word_1_499' title='bbox 630 3564 965 3635; x_wconf 86' lang='lat' dir='ltr'><strong>Eodemque</strong></span> <span class='ocrx_word' id='word_1_500' title='bbox 1004 3563 1163 3618; x_wconf 88' lang='lat' dir='ltr'><strong>venit</strong></span> <span class='ocrx_word' id='word_1_501' title='bbox 1207 3563 1447 3619; x_wconf 87' lang='lat' dir='ltr'><strong>Cracras</strong></span> <span class='ocrx_word' id='word_1_502' title='bbox 1495 3578 1628 3617; x_wconf 89' lang='lat' dir='ltr'><strong>cum</strong></span> <span class='ocrx_word' id='word_1_503' title='bbox 1679 3562 1752 3617; x_wconf 91' lang='lat' dir='ltr'><strong>iis</strong></span> <span class='ocrx_word' id='word_1_504' title='bbox 1785 3561 1883 3634; x_wconf 91' lang='lat' dir='ltr'><strong>qui</strong></span> <span class='ocrx_word' id='word_1_505' title='bbox 1914 3563 1985 3615; x_wconf 89' lang='grc'>35</span> <span class='ocrx_word' id='word_1_506' title='bbox 2013 3563 2071 3617; x_wconf 61' lang='lat' dir='ltr'><strong>is‘</strong></span> 
     </span>
    </p>
   </div>
   <div class='ocr_carea' id='block_1_66' title="bbox 2314 3559 3909 3639">
    <p class='ocr_par' dir='ltr' id='par_1_66' title="bbox 2317 3561 3909 3639">
     <span class='ocr_line' id='line_1_66' title="bbox 2317 3561 3909 3639; baseline 0.004 -24"><span class='ocrx_word' id='word_1_507' title='bbox 2317 3572 2401 3625; x_wconf 86' lang='grc' dir='ltr'>θεν</span> <span class='ocrx_word' id='word_1_508' title='bbox 2447 3562 2521 3623; x_wconf 52' lang='grc' dir='ltr'><strong>είς</strong></span> <span class='ocrx_word' id='word_1_509' title='bbox 2579 3561 3022 3620; x_wconf 75' lang='grc' dir='ltr'>Μοσυνούπολιν.</span> <span class='ocrx_word' id='word_1_510' title='bbox 3082 3566 3344 3627; x_wconf 77' lang='grc' dir='ltr'>Ἐνταῦθα</span> <span class='ocrx_word' id='word_1_511' title='bbox 3392 3561 3451 3618; x_wconf 77' lang='grc' dir='ltr'><strong>δὶ</strong></span> <span class='ocrx_word' id='word_1_512' title='bbox 3501 3566 3590 3619; x_wconf 82' lang='grc' dir='ltr'><strong>καὶ</strong></span> <span class='ocrx_word' id='word_1_513' title='bbox 3638 3562 3909 3639; x_wconf 70' lang='grc' dir='ltr'>πρέσϐεις</span> 
     </span>
    </p>
   </div>
   <div class='ocr_carea' id='block_1_67' title="bbox 475 3647 2070 3749">
    <p class='ocr_par' dir='ltr' id='par_1_67' title="bbox 475 3651 2070 3722">
     <span class='ocr_line' id='line_1_67' title="bbox 475 3651 2070 3722; baseline -0.003 -12"><span class='ocrx_word' id='word_1_514' title='bbox 475 3655 675 3710; x_wconf 88' lang='lat' dir='ltr'><strong>dedita</strong></span> <span class='ocrx_word' id='word_1_515' title='bbox 704 3653 945 3709; x_wconf 88' lang='lat' dir='ltr'><strong>castella</strong></span> <span class='ocrx_word' id='word_1_516' title='bbox 968 3652 1364 3719; x_wconf 87' lang='lat' dir='ltr'><strong>obtinuerant,</strong></span> <span class='ocrx_word' id='word_1_517' title='bbox 1389 3656 1645 3722; x_wconf 90' lang='lat' dir='ltr'><strong>suntque</strong></span> <span class='ocrx_word' id='word_1_518' title='bbox 1676 3651 1993 3708; x_wconf 82' lang='lat' dir='ltr'><strong>honoriﬁce</strong></span> <span class='ocrx_word' id='word_1_519' title='bbox 2021 3668 2070 3707; x_wconf 77' lang='lat' dir='ltr'><strong>ei</strong></span> 
     </span>
    </p>
   </div>
   <div class='ocr_carea' id='block_1_68' title="bbox 2315 3647 3910 3749">
    <p class='ocr_par' dir='ltr' id='par_1_68' title="bbox 2315 3647 3910 3727">
     <span class='ocr_line' id='line_1_68' title="bbox 2315 3647 3910 3727; baseline 0.005 -24"><span class='ocrx_word' id='word_1_520' title='bbox 2315 3670 2365 3703; x_wconf 82' lang='grc' dir='ltr'><strong>ον</strong></span> <span class='ocrx_word' id='word_1_521' title='bbox 2405 3648 2463 3703; x_wconf 75' lang='grc' dir='ltr'>ἐκ</span> <span class='ocrx_word' id='word_1_522' title='bbox 2517 3648 2856 3724; x_wconf 81' lang='grc' dir='ltr'>Ηελαγονίας</span> <span class='ocrx_word' id='word_1_523' title='bbox 2913 3650 3003 3706; x_wconf 85' lang='grc' dir='ltr'><strong>καὶ</strong></span> <span class='ocrx_word' id='word_1_524' title='bbox 3062 3647 3426 3727; x_wconf 79' lang='grc' dir='ltr'>Μωροϐίσδου</span> <span class='ocrx_word' id='word_1_525' title='bbox 3475 3654 3564 3707; x_wconf 77' lang='grc' dir='ltr'><strong>καὶ</strong></span> <span class='ocrx_word' id='word_1_526' title='bbox 3610 3654 3910 3725; x_wconf 68' lang='grc' dir='ltr'><strong>Λιειτενίου⁹</strong></span> 
     </span>
    </p>
   </div>
   <div class='ocr_carea' id='block_1_69' title="bbox 468 3735 2063 3818">
    <p class='ocr_par' dir='ltr' id='par_1_69' title="bbox 468 3741 2059 3815">
     <span class='ocr_line' id='line_1_69' title="bbox 468 3741 2059 3815; baseline -0.001 -17"><span class='ocrx_word' id='word_1_527' title='bbox 468 3744 641 3815; x_wconf 89' lang='lat' dir='ltr'><strong>cepti.</strong></span> <span class='ocrx_word' id='word_1_528' title='bbox 701 3743 967 3799; x_wconf 78' lang='lat' dir='ltr'><strong>Accessit</strong></span> <span class='ocrx_word' id='word_1_529' title='bbox 1019 3742 1192 3798; x_wconf 90' lang='lat' dir='ltr'><strong>etiam</strong></span> <span class='ocrx_word' id='word_1_530' title='bbox 1247 3741 1653 3811; x_wconf 89' lang='lat' dir='ltr'><strong>Dragomuzus</strong></span> <span class='ocrx_word' id='word_1_531' title='bbox 1701 3741 2059 3813; x_wconf 88' lang='lat' dir='ltr'><strong>Strumpitza</strong></span> 
     </span>
    </p>
   </div>
   <div class='ocr_carea' id='block_1_70' title="bbox 2312 3735 3907 3818">
    <p class='ocr_par' dir='ltr' id='par_1_70' title="bbox 2312 3735 3907 3818">
     <span class='ocr_line' id='line_1_70' title="bbox 2312 3735 3907 3818; baseline 0.004 -26"><span class='ocrx_word' id='word_1_532' title='bbox 2312 3735 2639 3811; x_wconf 80' lang='grc' dir='ltr'>ραδιδόντων</span> <span class='ocrx_word' id='word_1_533' title='bbox 2674 3740 2751 3812; x_wconf 80' lang='grc' dir='ltr'>τῷ</span> <span class='ocrx_word' id='word_1_534' title='bbox 2807 3738 3022 3815; x_wconf 88' lang='grc' dir='ltr'>βασιλεῖ</span> <span class='ocrx_word' id='word_1_535' title='bbox 3072 3740 3168 3803; x_wconf 84' lang='grc' dir='ltr'><strong>τὰς</strong></span> <span class='ocrx_word' id='word_1_536' title='bbox 3216 3738 3427 3804; x_wconf 88' lang='grc' dir='ltr'>πόλεις.</span> <span class='ocrx_word' id='word_1_537' title='bbox 3477 3743 3713 3806; x_wconf 81' lang='grc' dir='ltr'>Ἐκεῖθεν</span> <span class='ocrx_word' id='word_1_538' title='bbox 3761 3741 3907 3818; x_wconf 77' lang='grc' dir='ltr'>ἄρας</span> 
     </span>
    </p>
   </div>
   <div class='ocr_carea' id='block_1_71' title="bbox 468 3825 2063 3907">
    <p class='ocr_par' dir='ltr' id='par_1_71' title="bbox 468 3830 2054 3903">
     <span class='ocr_line' id='line_1_71' title="bbox 468 3830 2054 3903; baseline -0.001 -17"><span class='ocrx_word' id='word_1_539' title='bbox 468 3831 711 3902; x_wconf 86' lang='lat' dir='ltr'><strong>dedens,</strong></span> <span class='ocrx_word' id='word_1_540' title='bbox 770 3836 972 3903; x_wconf 86' lang='lat' dir='ltr'><strong>estque</strong></span> <span class='ocrx_word' id='word_1_541' title='bbox 1029 3830 1274 3902; x_wconf 90' lang='lat' dir='ltr'><strong>patricio</strong></span> <span class='ocrx_word' id='word_1_542' title='bbox 1335 3830 1553 3884; x_wconf 88' lang='lat' dir='ltr'><strong>honore</strong></span> <span class='ocrx_word' id='word_1_543' title='bbox 1606 3830 1871 3895; x_wconf 77' lang='lat' dir='ltr'><strong>affectus,</strong></span> <span class='ocrx_word' id='word_1_544' title='bbox 1922 3846 2054 3885; x_wconf 91' lang='lat' dir='ltr'><strong>secu</strong></span> 
     </span>
    </p>
   </div>
   <div class='ocr_carea' id='block_1_72' title="bbox 2301 3825 3896 3907">
    <p class='ocr_par' dir='ltr' id='par_1_72' title="bbox 2301 3826 3896 3907">
     <span class='ocr_line' id='line_1_72' title="bbox 2301 3826 3896 3907; baseline 0.004 -27"><span class='ocrx_word' id='word_1_545' title='bbox 2301 3828 2398 3881; x_wconf 85' lang='grc' dir='ltr'>,θεν</span> <span class='ocrx_word' id='word_1_546' title='bbox 2437 3826 2491 3882; x_wconf 72' lang='grc' dir='ltr'>ἐν</span> <span class='ocrx_word' id='word_1_547' title='bbox 2549 3826 2796 3903; x_wconf 76' lang='grc' dir='ltr'>Σὲῥραις,</span> <span class='ocrx_word' id='word_1_548' title='bbox 2853 3828 2904 3883; x_wconf 65' lang='grc' dir='ltr'>ἐν</span> <span class='ocrx_word' id='word_1_549' title='bbox 2964 3831 3045 3891; x_wconf 80' lang='grc' dir='ltr'><strong>αῖς</strong></span> <span class='ocrx_word' id='word_1_550' title='bbox 3101 3829 3321 3886; x_wconf 79' lang='grc' dir='ltr'>ἀφίκετο</span> <span class='ocrx_word' id='word_1_551' title='bbox 3375 3831 3404 3885; x_wconf 88' lang='lat'><strong>6</strong></span> <span class='ocrx_word' id='word_1_552' title='bbox 3458 3837 3702 3907; x_wconf 79' lang='grc' dir='ltr'>Κρακρᾰς</span> <span class='ocrx_word' id='word_1_553' title='bbox 3749 3834 3896 3905; x_wconf 69' lang='grc' dir='ltr'>μετὰ</span> 
     </span>
    </p>
   </div>
   <div class='ocr_carea' id='block_1_73' title="bbox 468 3915 2063 3993">
    <p class='ocr_par' dir='ltr' id='par_1_73' title="bbox 468 3918 2063 3992">
     <span class='ocr_line' id='line_1_73' title="bbox 468 3918 2063 3992; baseline -0.004 -15"><span class='ocrx_word' id='word_1_554' title='bbox 468 3921 772 3977; x_wconf 82' lang='lat' dir='ltr'><strong>adducens</strong></span> <span class='ocrx_word' id='word_1_555' title='bbox 802 3921 978 3976; x_wconf 89' lang='lat' dir='ltr'><strong>etiam</strong></span> <span class='ocrx_word' id='word_1_556' title='bbox 1008 3920 1297 3975; x_wconf 85' lang='lat' dir='ltr'><strong>Joannem</strong></span> <span class='ocrx_word' id='word_1_557' title='bbox 1344 3918 1601 3975; x_wconf 69' lang='lat' dir='ltr'><strong>Chaldiae</strong></span> <span class='ocrx_word' id='word_1_558' title='bbox 1648 3920 1983 3991; x_wconf 69' lang='lat' dir='ltr'><strong>praefectum</strong></span> <span class='ocrx_word' id='word_1_559' title='bbox 2017 3936 2063 3992; x_wconf 74' lang='lat' dir='ltr'><strong>pl</strong></span> 
     </span>
    </p>
   </div>
   <div class='ocr_carea' id='block_1_74' title="bbox 2309 3915 3904 3993">
    <p class='ocr_par' dir='ltr' id='par_1_74' title="bbox 2310 3915 3904 3993">
     <span class='ocr_line' id='line_1_74' title="bbox 2310 3915 3904 3993; baseline 0.006 -25"><span class='ocrx_word' id='word_1_560' title='bbox 2310 3938 2336 3967; x_wconf 90' lang='grc' dir='ltr'><strong>ν</strong></span> <span class='ocrx_word' id='word_1_561' title='bbox 2387 3915 2669 3991; x_wconf 83' lang='grc' dir='ltr'>ἀρχόντων</span> <span class='ocrx_word' id='word_1_562' title='bbox 2719 3922 2828 3971; x_wconf 87' lang='grc' dir='ltr'><strong>τῶν</strong></span> <span class='ocrx_word' id='word_1_563' title='bbox 2889 3918 3268 3993; x_wconf 66' lang='grc' dir='ltr'>προσρυέντων</span> <span class='ocrx_word' id='word_1_564' title='bbox 3330 3916 3407 3973; x_wconf 89' lang='grc' dir='ltr'>λε’</span> <span class='ocrx_word' id='word_1_565' title='bbox 3458 3920 3733 3993; x_wconf 85' lang='grc' dir='ltr'>κάστρων,</span> <span class='ocrx_word' id='word_1_566' title='bbox 3797 3923 3904 3977; x_wconf 80' lang='grc' dir='ltr'><strong>καί</strong></span> 
     </span>
    </p>
   </div>
   <div class='ocr_carea' id='block_1_75' title="bbox 468 4002 2063 4085">
    <p class='ocr_par' dir='ltr' id='par_1_75' title="bbox 468 4007 2063 4080">
     <span class='ocr_line' id='line_1_75' title="bbox 468 4007 2063 4080; baseline -0.001 -15"><span class='ocrx_word' id='word_1_567' title='bbox 468 4009 844 4080; x_wconf 89' lang='lat' dir='ltr'><strong>triciuin,qui</strong></span> <span class='ocrx_word' id='word_1_568' title='bbox 867 4026 901 4064; x_wconf 95' lang='lat' dir='ltr'><strong>a</strong></span> <span class='ocrx_word' id='word_1_569' title='bbox 920 4007 1194 4065; x_wconf 84' lang='lat' dir='ltr'><strong>Samuelo</strong></span> <span class='ocrx_word' id='word_1_570' title='bbox 1225 4013 1433 4078; x_wconf 87' lang='lat' dir='ltr'><strong>captus</strong></span> <span class='ocrx_word' id='word_1_571' title='bbox 1465 4008 1522 4063; x_wconf 90' lang='lat' dir='ltr'><strong>in</strong></span> <span class='ocrx_word' id='word_1_572' title='bbox 1558 4008 1823 4065; x_wconf 88' lang='lat' dir='ltr'><strong>custodia</strong></span> <span class='ocrx_word' id='word_1_573' title='bbox 1844 4009 1915 4062; x_wconf 84' lang='lat'><strong>22</strong></span> <span class='ocrx_word' id='word_1_574' title='bbox 1936 4025 2063 4063; x_wconf 72' lang='lat' dir='ltr'><strong>anni</strong></span> 
     </span>
    </p>
   </div>
   <div class='ocr_carea' id='block_1_76' title="bbox 2310 4002 3905 4085">
    <p class='ocr_par' dir='ltr' id='par_1_76' title="bbox 2310 4002 3905 4085">
     <span class='ocr_line' id='line_1_76' title="bbox 2310 4002 3905 4085; baseline 0.004 -27"><span class='ocrx_word' id='word_1_575' title='bbox 2310 4005 2413 4067; x_wconf 72' lang='grc' dir='ltr'><strong>λῶς</strong></span> <span class='ocrx_word' id='word_1_576' title='bbox 2463 4002 2761 4081; x_wconf 72' lang='grc' dir='ltr'>ὑπεδέχθη.</span> <span class='ocrx_word' id='word_1_577' title='bbox 2826 4006 3146 4084; x_wconf 76' lang='grc' dir='ltr'>Προσεῤῥύη</span> <span class='ocrx_word' id='word_1_578' title='bbox 3208 4005 3265 4063; x_wconf 76' lang='grc' dir='ltr'>δὶ</span> <span class='ocrx_word' id='word_1_579' title='bbox 3323 4007 3413 4061; x_wconf 78' lang='grc' dir='ltr'><strong>καὶ</strong></span> <span class='ocrx_word' id='word_1_580' title='bbox 3473 4013 3905 4085; x_wconf 76' lang='grc' dir='ltr'>Δραγομοῦζος,</span> 
     </span>
    </p>
   </div>
   <div class='ocr_carea' id='block_1_77' title="bbox 468 4094 2063 4173">
    <p class='ocr_par' dir='ltr' id='par_1_77' title="bbox 468 4096 2063 4169">
     <span class='ocr_line' id='line_1_77' title="bbox 468 4096 2063 4169; baseline -0.001 -16"><span class='ocrx_word' id='word_1_581' title='bbox 468 4099 742 4154; x_wconf 89' lang='lat' dir='ltr'><strong>detentus</strong></span> <span class='ocrx_word' id='word_1_582' title='bbox 775 4100 981 4153; x_wconf 80' lang='lat' dir='ltr'><strong>fuerat.</strong></span> <span class='ocrx_word' id='word_1_583' title='bbox 1016 4096 1384 4168; x_wconf 88' lang='lat' dir='ltr'><strong>Simulatque</strong></span> <span class='ocrx_word' id='word_1_584' title='bbox 1403 4097 1770 4169; x_wconf 77' lang='lat' dir='ltr'><strong>Strumpitzae</strong></span> <span class='ocrx_word' id='word_1_585' title='bbox 1801 4097 2063 4168; x_wconf 73' lang='lat' dir='ltr'><strong>imperati</strong></span> 
     </span>
    </p>
   </div>
   <div class='ocr_carea' id='block_1_78' title="bbox 2312 4094 3907 4173">
    <p class='ocr_par' dir='ltr' id='par_1_78' title="bbox 2346 4094 3907 4173">
     <span class='ocr_line' id='line_1_78' title="bbox 2346 4094 3907 4173; baseline 0.004 -24"><span class='ocrx_word' id='word_1_586' title='bbox 2346 4094 2397 4149; x_wconf 78' lang='grc' dir='ltr'>ἐν</span> <span class='ocrx_word' id='word_1_587' title='bbox 2460 4098 2528 4169; x_wconf 73' lang='grc' dir='ltr'>τῇ</span> <span class='ocrx_word' id='word_1_588' title='bbox 2583 4095 2968 4171; x_wconf 80' lang='grc' dir='ltr'>Στρουμπίτζῃ</span> <span class='ocrx_word' id='word_1_589' title='bbox 3036 4098 3407 4172; x_wconf 84' lang='grc' dir='ltr'>παρεσχηκὼς</span> <span class='ocrx_word' id='word_1_590' title='bbox 3454 4097 3544 4152; x_wconf 83' lang='grc' dir='ltr'><strong>καὶ</strong></span> <span class='ocrx_word' id='word_1_591' title='bbox 3594 4098 3907 4173; x_wconf 82' lang='grc' dir='ltr'>πατρίκιος</span> 
     </span>
    </p>
   </div>
   <div class='ocr_carea' id='block_1_79' title="bbox 469 4181 2064 4262">
    <p class='ocr_par' dir='ltr' id='par_1_79' title="bbox 469 4185 2064 4258">
     <span class='ocr_line' id='line_1_79' title="bbox 469 4185 2064 4258; baseline -0.001 -16"><span class='ocrx_word' id='word_1_592' title='bbox 469 4185 984 4258; x_wconf 87' lang='lat' dir='ltr'><strong>appropinquavit,</strong></span> <span class='ocrx_word' id='word_1_593' title='bbox 1018 4186 1085 4239; x_wconf 93' lang='lat' dir='ltr'><strong>ad</strong></span> <span class='ocrx_word' id='word_1_594' title='bbox 1139 4202 1271 4240; x_wconf 90' lang='lat' dir='ltr'><strong>eum</strong></span> <span class='ocrx_word' id='word_1_595' title='bbox 1324 4186 1482 4241; x_wconf 89' lang='lat' dir='ltr'><strong>venit</strong></span> <span class='ocrx_word' id='word_1_596' title='bbox 1533 4187 1787 4241; x_wconf 83' lang='lat' dir='ltr'><strong>Davidus</strong></span> <span class='ocrx_word' id='word_1_597' title='bbox 1834 4187 2064 4257; x_wconf 89' lang='lat' dir='ltr'><strong>Bulgari</strong></span> 
     </span>
    </p>
   </div>
   <div class='ocr_carea' id='block_1_80' title="bbox 2309 4181 3904 4262">
    <p class='ocr_par' dir='ltr' id='par_1_80' title="bbox 2309 4181 3904 4262">
     <span class='ocr_line' id='line_1_80' title="bbox 2309 4181 3904 4262; baseline 0.004 -26"><span class='ocrx_word' id='word_1_598' title='bbox 2309 4184 2502 4252; x_wconf 80' lang='grc' dir='ltr'>ιηθεὶς,</span> <span class='ocrx_word' id='word_1_599' title='bbox 2576 4181 2722 4258; x_wconf 77' lang='grc' dir='ltr'>ἄγων</span> <span class='ocrx_word' id='word_1_600' title='bbox 2807 4184 2924 4255; x_wconf 87' lang='grc' dir='ltr'>μεθ’</span> <span class='ocrx_word' id='word_1_601' title='bbox 3000 4186 3191 4239; x_wconf 67' lang='grc' dir='ltr'>ἑαυτοῦ</span> <span class='ocrx_word' id='word_1_602' title='bbox 3269 4185 3360 4240; x_wconf 83' lang='grc' dir='ltr'><strong>καὶ</strong></span> <span class='ocrx_word' id='word_1_603' title='bbox 3428 4186 3522 4241; x_wconf 85' lang='grc' dir='ltr'><strong>τὸν</strong></span> <span class='ocrx_word' id='word_1_604' title='bbox 3597 4187 3904 4262; x_wconf 82' lang='grc' dir='ltr'>πατρίκιον</span> 
     </span>
    </p>
   </div>
   <div class='ocr_carea' id='block_1_81' title="bbox 469 4269 2064 4350">
    <p class='ocr_par' dir='ltr' id='par_1_81' title="bbox 469 4272 2060 4347">
     <span class='ocr_line' id='line_1_81' title="bbox 469 4272 2060 4347; baseline -0.001 -17"><span class='ocrx_word' id='word_1_605' title='bbox 469 4274 949 4347; x_wconf 87' lang='lat' dir='ltr'><strong>archiepiscopus</strong></span> <span class='ocrx_word' id='word_1_606' title='bbox 981 4289 1115 4328; x_wconf 91' lang='lat' dir='ltr'><strong>cum</strong></span> <span class='ocrx_word' id='word_1_607' title='bbox 1164 4272 1376 4329; x_wconf 84' lang='lat' dir='ltr'><strong>litteris</strong></span> <span class='ocrx_word' id='word_1_608' title='bbox 1421 4273 1613 4329; x_wconf 76' lang='lat' dir='ltr'><strong>Mariis</strong></span> <span class='ocrx_word' id='word_1_609' title='bbox 1658 4279 1845 4329; x_wconf 90' lang='lat' dir='ltr'><strong>morte</strong></span> <span class='ocrx_word' id='word_1_610' title='bbox 1872 4275 2060 4330; x_wconf 85' lang='lat' dir='ltr'><strong>Joann</strong></span> 
     </span>
    </p>
   </div>
   <div class='ocr_carea' id='block_1_82' title="bbox 2309 4269 3904 4350">
    <p class='ocr_par' dir='ltr' id='par_1_82' title="bbox 2309 4269 3904 4350">
     <span class='ocr_line' id='line_1_82' title="bbox 2309 4269 3904 4350; baseline 0.005 -26"><span class='ocrx_word' id='word_1_611' title='bbox 2309 4272 2481 4341; x_wconf 69' lang='grc' dir='ltr'>ιάννην</span> <span class='ocrx_word' id='word_1_612' title='bbox 2511 4273 2605 4327; x_wconf 84' lang='grc' dir='ltr'>τὸν</span> <span class='ocrx_word' id='word_1_613' title='bbox 2659 4269 2915 4338; x_wconf 80' lang='grc' dir='ltr'>Χαλδίας,</span> <span class='ocrx_word' id='word_1_614' title='bbox 2971 4272 3096 4327; x_wconf 86' lang='grc' dir='ltr'>τότε</span> <span class='ocrx_word' id='word_1_615' title='bbox 3143 4279 3243 4343; x_wconf 84' lang='grc' dir='ltr'><strong>τῆς</strong></span> <span class='ocrx_word' id='word_1_616' title='bbox 3288 4274 3514 4350; x_wconf 85' lang='grc' dir='ltr'>χρονίας</span> <span class='ocrx_word' id='word_1_617' title='bbox 3546 4274 3904 4339; x_wconf 75' lang='grc' dir='ltr'>ἀπολυθὲντα</span> 
     </span>
    </p>
   </div>
   <div class='ocr_carea' id='block_1_83' title="bbox 464 4354 2059 4438">
    <p class='ocr_par' dir='ltr' id='par_1_83' title="bbox 464 4362 2052 4434">
     <span class='ocr_line' id='line_1_83' title="bbox 464 4362 2052 4434; baseline 0 -17"><span class='ocrx_word' id='word_1_618' title='bbox 464 4363 675 4433; x_wconf 72' lang='lat' dir='ltr'><strong>viduae,</strong></span> <span class='ocrx_word' id='word_1_619' title='bbox 704 4362 1101 4434; x_wconf 85' lang='lat' dir='ltr'><strong>promittentis</strong></span> <span class='ocrx_word' id='word_1_620' title='bbox 1125 4378 1208 4432; x_wconf 89' lang='lat' dir='ltr'><strong>se,</strong></span> <span class='ocrx_word' id='word_1_621' title='bbox 1244 4364 1417 4419; x_wconf 90' lang='lat' dir='ltr'><strong>modo</strong></span> <span class='ocrx_word' id='word_1_622' title='bbox 1448 4368 1605 4419; x_wconf 91' lang='lat' dir='ltr'><strong>certa</strong></span> <span class='ocrx_word' id='word_1_623' title='bbox 1632 4364 1899 4433; x_wconf 68' lang='lat' dir='ltr'><strong>quaedam</strong></span> <span class='ocrx_word' id='word_1_624' title='bbox 1921 4370 2052 4434; x_wconf 88' lang='lat' dir='ltr'><strong>post</strong></span> 
     </span>
    </p>
   </div>
   <div class='ocr_carea' id='block_1_84' title="bbox 2309 4354 3904 4438">
    <p class='ocr_par' dir='ltr' id='par_1_84' title="bbox 2309 4354 3904 4438">
     <span class='ocr_line' id='line_1_84' title="bbox 2309 4354 3904 4438; baseline 0.004 -25"><span class='ocrx_word' id='word_1_625' title='bbox 2309 4360 2546 4435; x_wconf 66' lang='lat' dir='ltr'><strong>islpEswc</strong></span> <span class='ocrx_word' id='word_1_626' title='bbox 2583 4379 2595 4392; x_wconf 91' lang='grc'><strong>·</strong></span> <span class='ocrx_word' id='word_1_627' title='bbox 2658 4354 2818 4435; x_wconf 80' lang='grc' dir='ltr'>ἔτυχε</span> <span class='ocrx_word' id='word_1_628' title='bbox 2874 4362 2975 4437; x_wconf 81' lang='grc' dir='ltr'><strong>γὰρ</strong></span> <span class='ocrx_word' id='word_1_629' title='bbox 3050 4359 3219 4424; x_wconf 79' lang='grc' dir='ltr'>ἀλοὺς</span> <span class='ocrx_word' id='word_1_630' title='bbox 3286 4363 3431 4438; x_wconf 82' lang='grc' dir='ltr'>παρᾶ</span> <span class='ocrx_word' id='word_1_631' title='bbox 3481 4367 3580 4418; x_wconf 89' lang='grc' dir='ltr'><strong>τοῦ</strong></span> <span class='ocrx_word' id='word_1_632' title='bbox 3616 4365 3904 4437; x_wconf 82' lang='grc' dir='ltr'>Σαμουὴλ</span> 
     </span>
    </p>
   </div>
   <div class='ocr_carea' id='block_1_85' title="bbox 461 4447 2056 4530">
    <p class='ocr_par' dir='ltr' id='par_1_85' title="bbox 461 4450 2055 4522">
     <span class='ocr_line' id='line_1_85' title="bbox 461 4450 2055 4522; baseline 0.001 -16"><span class='ocrx_word' id='word_1_633' title='bbox 461 4451 576 4507; x_wconf 88' lang='lat' dir='ltr'><strong>lata</strong></span> <span class='ocrx_word' id='word_1_634' title='bbox 606 4452 917 4517; x_wconf 85' lang='lat' dir='ltr'><strong>obtineret,</strong></span> <span class='ocrx_word' id='word_1_635' title='bbox 953 4450 1229 4522; x_wconf 87' lang='lat' dir='ltr'><strong>Bulgaria</strong></span> <span class='ocrx_word' id='word_1_636' title='bbox 1276 4468 1600 4507; x_wconf 88' lang='lat' dir='ltr'><strong>cessuram.</strong></span> <span class='ocrx_word' id='word_1_637' title='bbox 1645 4451 1911 4507; x_wconf 90' lang='lat' dir='ltr'><strong>Occurrit</strong></span> <span class='ocrx_word' id='word_1_638' title='bbox 1940 4454 2055 4508; x_wconf 90' lang='lat' dir='ltr'><strong>etia</strong></span> 
     </span>
    </p>
   </div>
   <div class='ocr_carea' id='block_1_86' title="bbox 2311 4447 3906 4530">
    <p class='ocr_par' dir='ltr' id='par_1_86' title="bbox 2311 4447 3906 4530">
     <span class='ocr_line' id='line_1_86' title="bbox 2311 4447 3906 4530; baseline 0.006 -28"><span class='ocrx_word' id='word_1_639' title='bbox 2311 4456 2316 4502; x_wconf 69' lang='grc' dir='ltr'><strong>ἱ</strong></span> <span class='ocrx_word' id='word_1_640' title='bbox 2370 4448 2458 4503; x_wconf 75' lang='grc' dir='ltr'>ἐπὶ</span> <span class='ocrx_word' id='word_1_641' title='bbox 2519 4448 2687 4504; x_wconf 75' lang='grc' dir='ltr'>εἶ’κοσι</span> <span class='ocrx_word' id='word_1_642' title='bbox 2739 4450 2829 4503; x_wconf 82' lang='grc' dir='ltr'><strong>καὶ</strong></span> <span class='ocrx_word' id='word_1_643' title='bbox 2888 4447 2983 4505; x_wconf 79' lang='grc' dir='ltr'><strong>δύο</strong></span> <span class='ocrx_word' id='word_1_644' title='bbox 3041 4450 3279 4527; x_wconf 83' lang='grc' dir='ltr'>χρόνους</span> <span class='ocrx_word' id='word_1_645' title='bbox 3325 4451 3398 4506; x_wconf 83' lang='grc' dir='ltr'><strong>ὥν</strong></span> <span class='ocrx_word' id='word_1_646' title='bbox 3447 4452 3499 4508; x_wconf 78' lang='grc' dir='ltr'>ὲν</span> <span class='ocrx_word' id='word_1_647' title='bbox 3542 4456 3610 4527; x_wconf 75' lang='grc' dir='ltr'><strong>τῇ</strong></span> <span class='ocrx_word' id='word_1_648' title='bbox 3642 4451 3906 4530; x_wconf 76' lang='grc' dir='ltr'>φυλακῇ.</span> 
     </span>
    </p>
   </div>
   <div class='ocr_carea' id='block_1_87' title="bbox 462 4536 2057 4617">
    <p class='ocr_par' dir='ltr' id='par_1_87' title="bbox 462 4539 2057 4612">
     <span class='ocr_line' id='line_1_87' title="bbox 462 4539 2057 4612; baseline -0.002 -15"><span class='ocrx_word' id='word_1_649' title='bbox 462 4541 775 4610; x_wconf 83' lang='lat' dir='ltr'><strong>Bogdanus</strong></span> <span class='ocrx_word' id='word_1_650' title='bbox 806 4540 1153 4595; x_wconf 89' lang='lat' dir='ltr'><strong>interiorum</strong></span> <span class='ocrx_word' id='word_1_651' title='bbox 1185 4539 1564 4595; x_wconf 88' lang='lat' dir='ltr'><strong>castellorum</strong></span> <span class='ocrx_word' id='word_1_652' title='bbox 1599 4540 1910 4608; x_wconf 88' lang='lat' dir='ltr'><strong>dominus;</strong></span> <span class='ocrx_word' id='word_1_653' title='bbox 1943 4546 2057 4612; x_wconf 86' lang='lat' dir='ltr'><strong>atqi</strong></span> 
     </span>
    </p>
   </div>
   <div class='ocr_carea' id='block_1_88' title="bbox 2314 4536 3909 4617">
    <p class='ocr_par' dir='ltr' id='par_1_88' title="bbox 2314 4536 3909 4617">
     <span class='ocr_line' id='line_1_88' title="bbox 2314 4536 3909 4617; baseline 0.004 -25"><span class='ocrx_word' id='word_1_654' title='bbox 2314 4557 2387 4592; x_wconf 67' lang='grc' dir='ltr'>οτι</span> <span class='ocrx_word' id='word_1_655' title='bbox 2438 4536 2495 4593; x_wconf 70' lang='grc' dir='ltr'>δὲ</span> <span class='ocrx_word' id='word_1_656' title='bbox 2546 4542 2615 4611; x_wconf 82' lang='grc' dir='ltr'><strong>τῇ</strong></span> <span class='ocrx_word' id='word_1_657' title='bbox 2675 4538 3061 4613; x_wconf 82' lang='grc' dir='ltr'>Στρουμπίτζῃ</span> <span class='ocrx_word' id='word_1_658' title='bbox 3113 4543 3480 4616; x_wconf 78' lang='grc' dir='ltr'>προσήγγισεν</span> <span class='ocrx_word' id='word_1_659' title='bbox 3532 4543 3560 4597; x_wconf 89' lang='lat'><strong>6</strong></span> <span class='ocrx_word' id='word_1_660' title='bbox 3633 4541 3909 4617; x_wconf 77' lang='grc' dir='ltr'>βασιλεὺς</span> 
     </span>
    </p>
   </div>
   <div class='ocr_carea' id='block_1_89' title="bbox 461 4625 2056 4705">
    <p class='ocr_par' dir='ltr' id='par_1_89' title="bbox 461 4628 2053 4702">
     <span class='ocr_line' id='line_1_89' title="bbox 461 4628 2053 4702; baseline -0.001 -16"><span class='ocrx_word' id='word_1_661' title='bbox 461 4631 588 4702; x_wconf 85' lang='lat' dir='ltr'><strong>ipse</strong></span> <span class='ocrx_word' id='word_1_662' title='bbox 613 4631 789 4685; x_wconf 87' lang='lat' dir='ltr'><strong>etiam</strong></span> <span class='ocrx_word' id='word_1_663' title='bbox 825 4628 1069 4701; x_wconf 87' lang='lat' dir='ltr'><strong>patricio</strong></span> <span class='ocrx_word' id='word_1_664' title='bbox 1085 4635 1329 4685; x_wconf 89' lang='lat' dir='ltr'><strong>ornatur</strong></span> <span class='ocrx_word' id='word_1_665' title='bbox 1348 4629 1559 4701; x_wconf 87' lang='lat' dir='ltr'><strong>gradu,</strong></span> <span class='ocrx_word' id='word_1_666' title='bbox 1581 4629 1738 4699; x_wconf 92' lang='lat' dir='ltr'><strong>quod</strong></span> <span class='ocrx_word' id='word_1_667' title='bbox 1756 4629 2053 4702; x_wconf 90' lang='lat' dir='ltr'><strong>jampride</strong></span> 
     </span>
    </p>
   </div>
   <div class='ocr_carea' id='block_1_90' title="bbox 2315 4625 3910 4705">
    <p class='ocr_par' dir='ltr' id='par_1_90' title="bbox 2366 4625 3910 4705">
     <span class='ocr_line' id='line_1_90' title="bbox 2366 4625 3910 4705; baseline 0.005 -24"><span class='ocrx_word' id='word_1_668' title='bbox 2366 4627 2495 4696; x_wconf 77' lang='grc' dir='ltr'>ἧκεν</span> <span class='ocrx_word' id='word_1_669' title='bbox 2554 4627 2583 4681; x_wconf 92' lang='lat'><strong>6</strong></span> <span class='ocrx_word' id='word_1_670' title='bbox 2630 4628 3061 4702; x_wconf 81' lang='grc' dir='ltr'>ἄρχιεπίσκοπος</span> <span class='ocrx_word' id='word_1_671' title='bbox 3120 4628 3462 4705; x_wconf 85' lang='grc' dir='ltr'>Βουλγαρίας</span> <span class='ocrx_word' id='word_1_672' title='bbox 3522 4625 3689 4685; x_wconf 75' lang='grc' dir='ltr'>Δαὸἰδ</span> <span class='ocrx_word' id='word_1_673' title='bbox 3756 4635 3910 4705; x_wconf 81' lang='grc' dir='ltr'>μετᾶ</span> 
     </span>
    </p>
   </div>
   <div class='ocr_carea' id='block_1_91' title="bbox 464 4715 2059 4793">
    <p class='ocr_par' dir='ltr' id='par_1_91' title="bbox 464 4717 2059 4789">
     <span class='ocr_line' id='line_1_91' title="bbox 464 4717 2059 4789; baseline 0.001 -14"><span class='ocrx_word' id='word_1_674' title='bbox 464 4720 642 4776; x_wconf 89' lang='lat' dir='ltr'><strong>rebus</strong></span> <span class='ocrx_word' id='word_1_675' title='bbox 672 4718 1046 4789; x_wconf 89' lang='lat' dir='ltr'><strong>imperatoris</strong></span> <span class='ocrx_word' id='word_1_676' title='bbox 1080 4717 1631 4789; x_wconf 80' lang='lat' dir='ltr'><strong>favissetsuumque</strong></span> <span class='ocrx_word' id='word_1_677' title='bbox 1654 4734 1923 4774; x_wconf 89' lang='lat' dir='ltr'><strong>socerum</strong></span> <span class='ocrx_word' id='word_1_678' title='bbox 1946 4718 2059 4776; x_wconf 84' lang='lat' dir='ltr'><strong>inte</strong></span> 
     </span>
    </p>
   </div>
   <div class='ocr_carea' id='block_1_92' title="bbox 2313 4715 3908 4793">
    <p class='ocr_par' dir='ltr' id='par_1_92' title="bbox 2313 4715 3908 4793">
     <span class='ocr_line' id='line_1_92' title="bbox 2313 4715 3908 4793; baseline 0.004 -24"><span class='ocrx_word' id='word_1_679' title='bbox 2313 4715 2563 4788; x_wconf 86' lang='grc' dir='ltr'>ιμμάτων</span> <span class='ocrx_word' id='word_1_680' title='bbox 2649 4715 2858 4789; x_wconf 83' lang='grc' dir='ltr'>Μαρίας</span> <span class='ocrx_word' id='word_1_681' title='bbox 2922 4720 3022 4781; x_wconf 78' lang='grc' dir='ltr'><strong>τῆς</strong></span> <span class='ocrx_word' id='word_1_682' title='bbox 3097 4716 3351 4773; x_wconf 84' lang='grc' dir='ltr'>Ἰωάννου</span> <span class='ocrx_word' id='word_1_683' title='bbox 3427 4719 3705 4793; x_wconf 84' lang='grc' dir='ltr'>γυναικὸς,</span> <span class='ocrx_word' id='word_1_684' title='bbox 3790 4721 3908 4776; x_wconf 77' lang='grc' dir='ltr'>ὑπ-</span> 
     </span>
    </p>
   </div>
   <div class='ocr_carea' id='block_1_93' title="bbox 462 4802 2057 4881">
    <p class='ocr_par' dir='ltr' id='par_1_93' title="bbox 462 4804 2057 4880">
     <span class='ocr_line' id='line_1_93' title="bbox 462 4804 2057 4880; baseline 0 -16"><span class='ocrx_word' id='word_1_685' title='bbox 462 4808 719 4865; x_wconf 81' lang='lat' dir='ltr'><strong>fecisset.</strong></span> <span class='ocrx_word' id='word_1_686' title='bbox 756 4804 907 4863; x_wconf 86' lang='lat' dir='ltr'><strong>Inde</strong></span> <span class='ocrx_word' id='word_1_687' title='bbox 927 4806 1137 4879; x_wconf 89' lang='lat' dir='ltr'><strong>Scopia</strong></span> <span class='ocrx_word' id='word_1_688' title='bbox 1158 4807 1303 4873; x_wconf 90' lang='lat' dir='ltr'><strong>abit,</strong></span> <span class='ocrx_word' id='word_1_689' title='bbox 1327 4807 1576 4878; x_wconf 92' lang='lat' dir='ltr'><strong>urbique</strong></span> <span class='ocrx_word' id='word_1_690' title='bbox 1606 4806 1950 4880; x_wconf 89' lang='lat' dir='ltr'><strong>relinquens</strong></span> <span class='ocrx_word' id='word_1_691' title='bbox 1974 4827 2057 4880; x_wconf 72' lang='lat' dir='ltr'><strong>pl‘t</strong></span> 
     </span>
    </p>
   </div>
   <div class='ocr_carea' id='block_1_94' title="bbox 2311 4802 3906 4881">
    <p class='ocr_par' dir='ltr' id='par_1_94' title="bbox 2311 4802 3906 4881">
     <span class='ocr_line' id='line_1_94' title="bbox 2311 4802 3906 4881; baseline 0.003 -23"><span class='ocrx_word' id='word_1_692' title='bbox 2311 4804 2597 4878; x_wconf 65' lang='grc' dir='ltr'>[νουμίνης</span> <span class='ocrx_word' id='word_1_693' title='bbox 2653 4802 2903 4874; x_wconf 78' lang='grc' dir='ltr'>ἐκστῆναι</span> <span class='ocrx_word' id='word_1_694' title='bbox 2962 4802 3330 4881; x_wconf 85' lang='grc' dir='ltr'>Βουλγαρίας,</span> <span class='ocrx_word' id='word_1_695' title='bbox 3389 4806 3434 4862; x_wconf 85' lang='grc' dir='ltr'><strong>εί</strong></span> <span class='ocrx_word' id='word_1_696' title='bbox 3485 4807 3727 4878; x_wconf 77' lang='grc' dir='ltr'>τεύξεται</span> <span class='ocrx_word' id='word_1_697' title='bbox 3777 4814 3906 4865; x_wconf 81' lang='grc' dir='ltr'><strong>τῶν</strong></span> 
     </span>
    </p>
   </div>
   <div class='ocr_carea' id='block_1_95' title="bbox 460 4891 2055 4970">
    <p class='ocr_par' dir='ltr' id='par_1_95' title="bbox 460 4896 2050 4970">
     <span class='ocr_line' id='line_1_95' title="bbox 460 4896 2050 4970; baseline -0.001 -17"><span class='ocrx_word' id='word_1_698' title='bbox 460 4899 675 4953; x_wconf 80' lang='lat' dir='ltr'><strong>fectum</strong></span> <span class='ocrx_word' id='word_1_699' title='bbox 729 4897 1016 4952; x_wconf 82' lang='lat' dir='ltr'><strong>Davidum</strong></span> <span class='ocrx_word' id='word_1_700' title='bbox 1067 4897 1381 4967; x_wconf 88' lang='lat' dir='ltr'><strong>patricium</strong></span> <span class='ocrx_word' id='word_1_701' title='bbox 1428 4897 1777 4966; x_wconf 86' lang='lat' dir='ltr'><strong>Arianitam,</strong></span> <span class='ocrx_word' id='word_1_702' title='bbox 1810 4896 1963 4952; x_wconf 74' lang='lat'><strong>468</strong></span> <span class='ocrx_word' id='word_1_703' title='bbox 2015 4916 2050 4970; x_wconf 94' lang='lat' dir='ltr'><strong>p</strong></span> 
     </span>
    </p>
   </div>
   <div class='ocr_carea' id='block_1_96' title="bbox 2311 4891 3906 4970">
    <p class='ocr_par' dir='ltr' id='par_1_96' title="bbox 2311 4891 3906 4970">
     <span class='ocr_line' id='line_1_96' title="bbox 2311 4891 3906 4970; baseline 0.004 -23"><span class='ocrx_word' id='word_1_704' title='bbox 2311 4894 2362 4947; x_wconf 75' lang='grc' dir='ltr'><strong>τὰ</strong></span> <span class='ocrx_word' id='word_1_705' title='bbox 2390 4892 2611 4949; x_wconf 89' lang='grc' dir='ltr'>σκοπόν.</span> <span class='ocrx_word' id='word_1_706' title='bbox 2644 4893 2946 4965; x_wconf 80' lang='grc' dir='ltr'>Ὑπήντησε</span> <span class='ocrx_word' id='word_1_707' title='bbox 2995 4891 3053 4950; x_wconf 78' lang='grc' dir='ltr'>δὶ</span> <span class='ocrx_word' id='word_1_708' title='bbox 3099 4896 3187 4950; x_wconf 87' lang='grc' dir='ltr'><strong>καὶ</strong></span> <span class='ocrx_word' id='word_1_709' title='bbox 3230 4892 3503 4970; x_wconf 88' lang='grc' dir='ltr'>Βογδάνος</span> <span class='ocrx_word' id='word_1_710' title='bbox 3530 4896 3558 4951; x_wconf 91' lang='lat'><strong>6</strong></span> <span class='ocrx_word' id='word_1_711' title='bbox 3589 4900 3696 4951; x_wconf 87' lang='grc' dir='ltr'><strong>τῶν</strong></span> <span class='ocrx_word' id='word_1_712' title='bbox 3734 4895 3906 4954; x_wconf 69' lang='grc' dir='ltr'>ἔνδο-</span> 
     </span>
    </p>
   </div>
   <div class='ocr_carea' id='block_1_97' title="bbox 459 4982 2054 5059">
    <p class='ocr_par' dir='ltr' id='par_1_97' title="bbox 459 4983 2054 5058">
     <span class='ocr_line' id='line_1_97' title="bbox 459 4983 2054 5058; baseline -0.001 -17"><span class='ocrx_word' id='word_1_713' title='bbox 459 4983 701 5041; x_wconf 88' lang='lat' dir='ltr'><strong>castella</strong></span> <span class='ocrx_word' id='word_1_714' title='bbox 728 4984 1028 5058; x_wconf 88' lang='lat' dir='ltr'><strong>Stypeium</strong></span> <span class='ocrx_word' id='word_1_715' title='bbox 1062 4988 1119 5038; x_wconf 90' lang='lat' dir='ltr'><strong>et</strong></span> <span class='ocrx_word' id='word_1_716' title='bbox 1148 4987 1461 5038; x_wconf 88' lang='lat' dir='ltr'><strong>Prosacum</strong></span> <span class='ocrx_word' id='word_1_717' title='bbox 1489 4984 1817 5051; x_wconf 89' lang='lat' dir='ltr'><strong>revertitur,</strong></span> <span class='ocrx_word' id='word_1_718' title='bbox 1843 5000 2054 5056; x_wconf 70' lang='lat' dir='ltr'><strong>compri</strong></span> 
     </span>
    </p>
   </div>
   <div class='ocr_carea' id='block_1_98' title="bbox 2306 4982 3901 5059">
    <p class='ocr_par' dir='ltr' id='par_1_98' title="bbox 2306 4982 3901 5059">
     <span class='ocr_line' id='line_1_98' title="bbox 2306 4982 3901 5059; baseline 0.004 -23"><span class='ocrx_word' id='word_1_719' title='bbox 2306 5003 2365 5036; x_wconf 72' lang='lat' dir='ltr'><strong>iw</strong></span> <span class='ocrx_word' id='word_1_720' title='bbox 2416 4982 2661 5057; x_wconf 74' lang='grc' dir='ltr'>κάπρων</span> <span class='ocrx_word' id='word_1_721' title='bbox 2724 4982 3060 5059; x_wconf 46' lang='grc' dir='ltr'>λπάρχης,</span> <span class='ocrx_word' id='word_1_722' title='bbox 3112 4984 3202 5038; x_wconf 82' lang='grc' dir='ltr'><strong>καὶ</strong></span> <span class='ocrx_word' id='word_1_723' title='bbox 3275 4989 3499 5057; x_wconf 78' lang='grc' dir='ltr'>τιμᾶται</span> <span class='ocrx_word' id='word_1_724' title='bbox 3575 4984 3667 5039; x_wconf 76' lang='grc' dir='ltr'><strong>καὶ</strong></span> <span class='ocrx_word' id='word_1_725' title='bbox 3720 4986 3901 5053; x_wconf 73' lang='grc' dir='ltr'>οὗτος</span> 
     </span>
    </p>
   </div>
   <div class='ocr_carea' id='block_1_99' title="bbox 457 5051 2052 5149">
    <p class='ocr_par' dir='ltr' id='par_1_99' title="bbox 457 5051 2047 5145">
     <span class='ocr_line' id='line_1_99' title="bbox 457 5051 2047 5145; baseline -0.001 -16"><span class='ocrx_word' id='word_1_726' title='bbox 457 5051 866 5130; x_wconf 38' lang='lat' dir='ltr'><strong>oationibusve-t</strong></span> <span class='ocrx_word' id='word_1_727' title='bbox 878 5072 1377 5145; x_wconf 88' lang='lat' dir='ltr'><strong>gratulationibus</strong></span> <span class='ocrx_word' id='word_1_728' title='bbox 1391 5088 1524 5126; x_wconf 91' lang='lat' dir='ltr'><strong>eum</strong></span> <span class='ocrx_word' id='word_1_729' title='bbox 1546 5072 1963 5127; x_wconf 88' lang='lat' dir='ltr'><strong>venerantibus</strong></span> <span class='ocrx_word' id='word_1_730' title='bbox 1978 5051 2047 5128; x_wconf 77' lang='lat' dir='ltr'><strong>su</strong></span> 
     </span>
    </p>
   </div>
   <div class='ocr_carea' id='block_1_100' title="bbox 2305 5051 3900 5149">
    <p class='ocr_par' dir='ltr' id='par_1_100' title="bbox 2305 5051 3900 5149">
     <span class='ocr_line' id='line_1_100' title="bbox 2305 5051 3900 5149; baseline 0.006 -25"><span class='ocrx_word' id='word_1_731' title='bbox 2305 5072 2509 5146; x_wconf 85' lang='grc' dir='ltr'>τρίκιος</span> <span class='ocrx_word' id='word_1_732' title='bbox 2538 5051 2611 5133; x_wconf 76' lang='grc' dir='ltr'>ὧς</span> <span class='ocrx_word' id='word_1_733' title='bbox 2656 5072 2745 5126; x_wconf 89' lang='grc' dir='ltr'><strong>καὶ</strong></span> <span class='ocrx_word' id='word_1_734' title='bbox 2777 5051 3054 5128; x_wconf 33' lang='grc' dir='ltr'><strong>πάλαί-’τὰ⁷</strong></span> <span class='ocrx_word' id='word_1_735' title='bbox 3101 5051 3369 5147; x_wconf 69' lang='grc' dir='ltr'>βασιλέως</span> <span class='ocrx_word' id='word_1_736' title='bbox 3396 5077 3607 5149; x_wconf 83' lang='grc' dir='ltr'>φρονῶν</span> <span class='ocrx_word' id='word_1_737' title='bbox 3661 5077 3757 5129; x_wconf 71' lang='grc' dir='ltr'><strong>καί</strong></span> <span class='ocrx_word' id='word_1_738' title='bbox 3787 5051 3900 5134; x_wconf 76' lang='grc' dir='ltr'>τὸν</span> 
     </span>
    </p>
   </div>
   <div class='ocr_carea' id='block_1_101' title="bbox 459 5158 2054 5237">
    <p class='ocr_par' dir='ltr' id='par_1_101' title="bbox 459 5160 2049 5233">
     <span class='ocr_line' id='line_1_101' title="bbox 459 5160 2049 5233; baseline -0.001 -15"><span class='ocrx_word' id='word_1_739' title='bbox 459 5164 618 5219; x_wconf 89' lang='lat' dir='ltr'><strong>ditis.</strong></span> <span class='ocrx_word' id='word_1_740' title='bbox 652 5164 791 5219; x_wconf 90' lang='lat' dir='ltr'><strong>lnde</strong></span> <span class='ocrx_word' id='word_1_741' title='bbox 820 5164 891 5217; x_wconf 90' lang='lat' dir='ltr'><strong>ad</strong></span> <span class='ocrx_word' id='word_1_742' title='bbox 924 5162 1187 5217; x_wconf 81' lang='lat' dir='ltr'><strong>dextram</strong></span> <span class='ocrx_word' id='word_1_743' title='bbox 1224 5166 1449 5233; x_wconf 88' lang='lat' dir='ltr'><strong>partem</strong></span> <span class='ocrx_word' id='word_1_744' title='bbox 1483 5160 1776 5217; x_wconf 87' lang='lat' dir='ltr'><strong>inclinans</strong></span> <span class='ocrx_word' id='word_1_745' title='bbox 1798 5161 2049 5218; x_wconf 82' lang='lat' dir='ltr'><strong>Achride</strong></span> 
     </span>
    </p>
   </div>
   <div class='ocr_carea' id='block_1_102' title="bbox 2314 5158 3909 5237">
    <p class='ocr_par' dir='ltr' id='par_1_102' title="bbox 2314 5158 3909 5237">
     <span class='ocr_line' id='line_1_102' title="bbox 2314 5158 3909 5237; baseline 0.004 -23"><span class='ocrx_word' id='word_1_746' title='bbox 2314 5164 2414 5215; x_wconf 83' lang='grc' dir='ltr'><strong>τοῦ</strong></span> <span class='ocrx_word' id='word_1_747' title='bbox 2444 5160 2698 5235; x_wconf 83' lang='grc' dir='ltr'>πενθερὸν</span> <span class='ocrx_word' id='word_1_748' title='bbox 2753 5158 2962 5217; x_wconf 82' lang='grc' dir='ltr'>ἀνελών</span> <span class='ocrx_word' id='word_1_749' title='bbox 3015 5163 3098 5235; x_wconf 84' lang='grc' dir='ltr'><strong>[Ρ.</strong></span> <span class='ocrx_word' id='word_1_750' title='bbox 3121 5164 3249 5237; x_wconf 88' lang='grc'><strong>713]</strong></span> <span class='ocrx_word' id='word_1_751' title='bbox 3294 5163 3528 5219; x_wconf 76' lang='grc' dir='ltr'>Ἐκεῖθεν</span> <span class='ocrx_word' id='word_1_752' title='bbox 3561 5164 3774 5219; x_wconf 80' lang='grc' dir='ltr'>ἄπεισιν</span> <span class='ocrx_word' id='word_1_753' title='bbox 3810 5166 3909 5233; x_wconf 74' lang='grc' dir='ltr'>εἷς</span> 
     </span>
    </p>
   </div>
   <div class='ocr_carea' id='block_1_103' title="bbox 457 5248 2052 5331">
    <p class='ocr_par' dir='ltr' id='par_1_103' title="bbox 457 5250 2047 5324">
     <span class='ocr_line' id='line_1_103' title="bbox 457 5250 2047 5324; baseline -0.002 -16"><span class='ocrx_word' id='word_1_754' title='bbox 457 5252 803 5324; x_wconf 85' lang='lat' dir='ltr'><strong>ingreditur,</strong></span> <span class='ocrx_word' id='word_1_755' title='bbox 835 5251 1033 5323; x_wconf 90' lang='lat' dir='ltr'><strong>ibique</strong></span> <span class='ocrx_word' id='word_1_756' title='bbox 1082 5256 1275 5306; x_wconf 88' lang='lat' dir='ltr'><strong>castra</strong></span> <span class='ocrx_word' id='word_1_757' title='bbox 1324 5250 1481 5315; x_wconf 83' lang='lat' dir='ltr'><strong>facit,</strong></span> <span class='ocrx_word' id='word_1_758' title='bbox 1511 5250 1671 5305; x_wconf 90' lang='lat' dir='ltr'><strong>omni</strong></span> <span class='ocrx_word' id='word_1_759' title='bbox 1718 5250 1935 5321; x_wconf 92' lang='lat' dir='ltr'><strong>populo</strong></span> <span class='ocrx_word' id='word_1_760' title='bbox 1976 5267 2047 5306; x_wconf 91' lang='lat' dir='ltr'><strong>cu</strong></span> 
     </span>
    </p>
   </div>
   <div class='ocr_carea' id='block_1_104' title="bbox 2301 5248 3896 5331">
    <p class='ocr_par' dir='ltr' id='par_1_104' title="bbox 2317 5248 3896 5331">
     <span class='ocr_line' id='line_1_104' title="bbox 2317 5248 3896 5331; baseline 0.004 -28"><span class='ocrx_word' id='word_1_761' title='bbox 2317 5248 2548 5317; x_wconf 87' lang='grc' dir='ltr'>Σκόπια,</span> <span class='ocrx_word' id='word_1_762' title='bbox 2581 5250 2668 5304; x_wconf 78' lang='grc' dir='ltr'><strong>καὶ</strong></span> <span class='ocrx_word' id='word_1_763' title='bbox 2729 5250 3029 5326; x_wconf 85' lang='grc' dir='ltr'>στρατηγὸν</span> <span class='ocrx_word' id='word_1_764' title='bbox 3086 5248 3460 5327; x_wconf 74' lang='grc' dir='ltr'>αὐτοκράτορα</span> <span class='ocrx_word' id='word_1_765' title='bbox 3514 5249 3693 5307; x_wconf 58' lang='grc' dir='ltr'>λιπὼν</span> <span class='ocrx_word' id='word_1_766' title='bbox 3731 5251 3896 5331; x_wconf 51' lang='lat' dir='ltr'><strong>{vc-ﬁ</strong></span> 
     </span>
    </p>
   </div>
   <div class='ocr_carea' id='block_1_105' title="bbox 458 5332 2053 5421">
    <p class='ocr_par' dir='ltr' id='par_1_105' title="bbox 458 5337 2049 5415">
     <span class='ocr_line' id='line_1_105' title="bbox 458 5337 2049 5415; baseline -0.001 -18"><span class='ocrx_word' id='word_1_767' title='bbox 458 5340 783 5415; x_wconf 81' lang='lat' dir='ltr'><strong>pisanibus,</strong></span> <span class='ocrx_word' id='word_1_768' title='bbox 801 5339 1013 5413; x_wconf 88' lang='lat' dir='ltr'><strong>plausu</strong></span> <span class='ocrx_word' id='word_1_769' title='bbox 1045 5344 1102 5395; x_wconf 91' lang='lat' dir='ltr'><strong>et</strong></span> <span class='ocrx_word' id='word_1_770' title='bbox 1124 5338 1332 5395; x_wconf 79' lang='lat' dir='ltr'><strong>faustis</strong></span> <span class='ocrx_word' id='word_1_771' title='bbox 1363 5337 1887 5395; x_wconf 88' lang='lat' dir='ltr'><strong>acclamationibus</strong></span> <span class='ocrx_word' id='word_1_772' title='bbox 1910 5356 2049 5395; x_wconf 91' lang='lat' dir='ltr'><strong>occu</strong></span> 
     </span>
    </p>
   </div>
   <div class='ocr_carea' id='block_1_106' title="bbox 2311 5332 3906 5421">
    <p class='ocr_par' dir='ltr' id='par_1_106' title="bbox 2311 5332 3906 5421">
     <span class='ocr_line' id='line_1_106' title="bbox 2311 5332 3906 5421; baseline 0.006 -28"><span class='ocrx_word' id='word_1_773' title='bbox 2311 5342 2380 5393; x_wconf 72' lang='lat' dir='ltr'><strong>lsi</strong></span> <span class='ocrx_word' id='word_1_774' title='bbox 2431 5332 2600 5392; x_wconf 73' lang='grc' dir='ltr'>Δαϐὶδ</span> <span class='ocrx_word' id='word_1_775' title='bbox 2659 5336 2949 5415; x_wconf 87' lang='grc' dir='ltr'>πατρίκιον</span> <span class='ocrx_word' id='word_1_776' title='bbox 3030 5339 3123 5395; x_wconf 89' lang='grc' dir='ltr'><strong>τὸν</strong></span> <span class='ocrx_word' id='word_1_777' title='bbox 3195 5340 3505 5417; x_wconf 84' lang='grc' dir='ltr'>Ἀριανίτην</span> <span class='ocrx_word' id='word_1_778' title='bbox 3581 5341 3906 5421; x_wconf 69' lang='grc' dir='ltr'>ὑπίστρεψε</span> 
     </span>
    </p>
   </div>
   <div class='ocr_carea' id='block_1_107' title="bbox 1651 5510 2680 5569">
    <p class='ocr_par' dir='ltr' id='par_1_107' title="bbox 1651 5510 2680 5569">
     <span class='ocr_line' id='line_1_107' title="bbox 1651 5510 2680 5569; baseline 0 -2"><span class='ocrx_word' id='word_1_779' title='bbox 1651 5510 2023 5568; x_wconf 82' lang='lat' dir='ltr'><strong>XYLANDRI</strong></span> <span class='ocrx_word' id='word_1_780' title='bbox 2062 5510 2154 5568; x_wconf 88' lang='lat' dir='ltr'><strong>ET</strong></span> <span class='ocrx_word' id='word_1_781' title='bbox 2194 5510 2412 5569; x_wconf 82' lang='lat' dir='ltr'><strong>GOARI</strong></span> <span class='ocrx_word' id='word_1_782' title='bbox 2450 5510 2680 5568; x_wconf 69' lang='lat' dir='ltr'><strong>NOTIE.</strong></span> 
     </span>
    </p>
   </div>
   <div class='ocr_carea' id='block_1_108' title="bbox 527 5652 3899 5736">
    <p class='ocr_par' dir='ltr' id='par_1_108' title="bbox 527 5652 3899 5736">
     <span class='ocr_line' id='line_1_108' title="bbox 527 5652 3899 5736; baseline 0.001 -24"><span class='ocrx_word' id='word_1_783' title='bbox 527 5656 642 5729; x_wconf 87' lang='lat'><strong>(63)</strong></span> <span class='ocrx_word' id='word_1_784' title='bbox 674 5655 738 5736; x_wconf 87' lang='lat' dir='ltr'><strong>ld</strong></span> <span class='ocrx_word' id='word_1_785' title='bbox 769 5652 1038 5736; x_wconf 82' lang='lat' dir='ltr'><strong>vocabuli</strong></span> <span class='ocrx_word' id='word_1_786' title='bbox 1085 5653 1660 5736; x_wconf 72' lang='lat' dir='ltr'><strong>credo_signiiicare,</strong></span> <span class='ocrx_word' id='word_1_787' title='bbox 1704 5654 1909 5736; x_wconf 55' lang='lat' dir='ltr'><strong>fugite:</strong></span> <span class='ocrx_word' id='word_1_788' title='bbox 1944 5655 2110 5721; x_wconf 88' lang='lat' dir='ltr'><strong>Quod</strong></span> <span class='ocrx_word' id='word_1_789' title='bbox 2218 5655 2427 5712; x_wconf 81' lang='lat' dir='ltr'><strong>Verbis</strong></span> <span class='ocrx_word' id='word_1_790' title='bbox 2457 5654 2704 5736; x_wconf 51' lang='lat' dir='ltr'><strong>hatjnis,</strong></span> <span class='ocrx_word' id='word_1_791' title='bbox 2725 5654 2850 5736; x_wconf 77' lang='lat' dir='ltr'><strong>_vel_</strong></span> <span class='ocrx_word' id='word_1_792' title='bbox 2880 5654 3077 5736; x_wconf 75' lang='lat' dir='ltr'><strong>potius</strong></span> <span class='ocrx_word' id='word_1_793' title='bbox 3119 5655 3302 5730; x_wconf 89' lang='lat' dir='ltr'><strong>Italis,</strong></span> <span class='ocrx_word' id='word_1_794' title='bbox 3350 5658 3559 5736; x_wconf 50' lang='lat' dir='ltr'><strong>Fugite,</strong></span> <span class='ocrx_word' id='word_1_795' title='bbox 3589 5672 3621 5713; x_wconf 87' lang='lat'><strong>0</strong></span> <span class='ocrx_word' id='word_1_796' title='bbox 3661 5660 3899 5736; x_wconf 64' lang='lat' dir='ltr'><strong>Caesar,</strong></span> 
     </span>
    </p>
   </div>
   <div class='ocr_carea' id='block_1_109' title="bbox 455 5725 3641 5804">
    <p class='ocr_par' dir='ltr' id='par_1_109' title="bbox 455 5725 3641 5804">
     <span class='ocr_line' id='line_1_109' title="bbox 455 5725 3641 5804; baseline -0.001 -14"><span class='ocrx_word' id='word_1_797' title='bbox 455 5725 917 5790; x_wconf 65' lang='lat' dir='ltr'><strong>circumstantia!</strong></span> <span class='ocrx_word' id='word_1_798' title='bbox 934 5732 1191 5803; x_wconf 84' lang='lat' dir='ltr'><strong>arguunt</strong></span> <span class='ocrx_word' id='word_1_799' title='bbox 1212 5725 1515 5802; x_wconf 60' lang='lat' dir='ltr'><strong>aliquanto</strong></span> <span class='ocrx_word' id='word_1_800' title='bbox 1537 5725 1832 5802; x_wconf 71' lang='lat' dir='ltr'><strong>superius.</strong></span> <span class='ocrx_word' id='word_1_801' title='bbox 1861 5729 2010 5786; x_wconf 76' lang='lat' dir='ltr'><strong>XYL.</strong></span> <span class='ocrx_word' id='word_1_802' title='bbox 2040 5756 2114 5773; x_wconf 89' lang='lat'><strong>-</strong></span> <span class='ocrx_word' id='word_1_803' title='bbox 2220 5727 2692 5803; x_wconf 87' lang='lat' dir='ltr'><strong>pronuntiatione</strong></span> <span class='ocrx_word' id='word_1_804' title='bbox 2725 5725 2899 5786; x_wconf 63' lang='lat' dir='ltr'><strong>Italis&#39;</strong></span> <span class='ocrx_word' id='word_1_805' title='bbox 2915 5728 3136 5787; x_wconf 81' lang='lat' dir='ltr'><strong>eisdem</strong></span> <span class='ocrx_word' id='word_1_806' title='bbox 3172 5725 3641 5804; x_wconf 56' lang='lat' dir='ltr'><strong>propriafGoaa.</strong></span> 
     </span>
    </p>
   </div>
  </div>
