4070 6334
160 397 270 456 201

1300 398 1669 460 HISTORIA
1683 397 1845 460 HUM
1893 397 2435 462 COMPENDIUM.

3454 408 3573 468 202

158 526 249 583 διὰ
303 534 414 584 τῶν
470 531 748 609 φρουρίων
799 530 1062 586 Στυπείου
1113 552 1171 586 τε
1217 532 1309 586 καὶ
1340 532 1641 606 Προσάκου,
1679 529 1811 603 μετὰ

1928 538 2109 588 rente.
2145 533 2292 590 Urbs
2323 537 2412 590 est
2441 533 2647 590 Achris
2679 535 2738 590 in
2769 534 3011 592 sublimi
3033 537 3224 610 posita
3251 537 3418 608 colle,
3493 557 3585 597 ro-

158 617 327 674 λιτῶν
361 619 453 674 καὶ
484 619 674 693 ὕμνων
707 617 1128 699 εὖφημούμενος
1189 622 1278 675 καὶ
1336 621 1671 693 τιμώμενος.
1723 619 1825 673 Δῦ-

155 720 238 771 et;
287 707 346 764 δὲ
403 709 566 765 πάλιν
627 711 764 786 πρὸς
820 713 888 766 τὰ
943 707 1089 780 δεξιὰ
1157 712 1424 772 νενευκὼς
1477 707 1688 764 ἄπεισιν
1751 708 1826 769 εἰς

153 796 451 872 Ἀχρίδας,
504 798 723 854 κάκεῖσε
783 798 1204 874 σνρατοπεδείαν
1259 799 1513 871 ἐπήξατο,
1544 803 1641 852 τοῦ
1692 796 1828 852 λαοῦ

150 888 358 949 παντὸς
439 889 572 961 μετὰ
647 888 894 944 παιάνων
959 889 1049 944 καὶ
1120 889 1330 966 κρότων
1399 889 1487 943 καὶ
1543 886 1825 965 εὐφημιῶν

151 983 656 1051 προσυπαντῶντος
719 979 888 1051 αὐτῷ’
953 979 1120 1041 πόλις
1175 977 1232 1034 δὲ
1288 981 1322 1048 ἡ
1380 977 1572 1054 Ἀχρῖς
1613 975 1824 1031 ἐπὶλὸ-

151 1089 258 1144 φου
319 1067 543 1140 κειμῶιη
610 1066 853 1142 ὑψηλοῦ,
915 1067 1138 1143 ἔγγιστα
1190 1067 1394 1141 λίμνης
1454 1069 1739 1142 μεγίστης,
1773 1067 1822 1137 ἐξ

148 1159 216 1225 ἧς
275 1163 518 1212 ποιεῖται
548 1157 643 1219 τὰς
672 1152 912 1220 ἐκϐολὰς
964 1160 991 1212 6
1044 1163 1236 1225 Δρῖνος
1266 1159 1514 1229 ποταμὸς
1549 1159 1684 1230 πρὸς
1725 1156 1825 1232 ἄρ-

150 1267 289 1300 κτον
353 1245 476 1315 ἰὼν,
533 1248 644 1301 εἶτα
671 1247 839 1302 νεύων
866 1248 1002 1322 πρὸς
1070 1245 1218 1302 δύσιν
1274 1246 1364 1301 καὶ
1406 1241 1711 1301 εἴσϐάλλων
1746 1247 1825 1309 εἷς

153 1336 215 1388 τὸ
271 1335 463 1391 Ἰόνιον
495 1335 619 1412 περὶ
649 1337 742 1390 τὸν
786 1335 1040 1392 Εἰλισσὸν
1067 1337 1129 1391 τὸ
1161 1335 1442 1414 φρούριον,
1478 1334 1824 1411 μητρόπολις

148 1424 291 1478 οὖσα
346 1427 464 1495 (64)
507 1431 605 1493 τῆς
654 1424 834 1496 πάσης
865 1424 1223 1501 Βουλγαρίας,
1257 1424 1307 1478 ἐν
1451 1424 1540 1478 καὶ
1592 1425 1660 1479 τὰ
1723 1426 1820 1500 βα-

149 1509 339 1567 σίλεια
366 1517 475 1567 τῶν
511 1513 781 1589 βασιλέων
812 1512 1029 1587 ἵδρυντο
1060 1512 1407 1589 Βουλγαρίας
1437 1513 1528 1568 κοκἶ
1559 1514 1624 1568 τά
1676 1515 1820 1589 χρή-

151 1623 304 1674 ματα
380 1602 903 1678 ἆποτεθησαύριστο·
974 1601 1105 1678 ἅπερ
1182 1604 1397 1674 ἀνοίξας
1470 1605 1498 1658 6
1561 1602 1817 1679 βασιλεὺς

148 1691 277 1768 εὗρε
311 1693 576 1768 χρήματα
604 1691 792 1748 πολλᾶ
820 1694 908 1748 καὶ
942 1694 1224 1766 στέμματα
1272 1692 1330 1748 ἐκ
1402 1695 1694 1768 μαργάρων
1725 1693 1814 1748 καὶ

146 1788 530 1859 χρουσοϋφεῖς
586 1781 814 1852 ἐσθῆνας
868 1783 958 1838 καὶ
1019 1788 1230 1858 χρυσοῦ
1289 1782 1564 1854 ἐπισήμου
1620 1804 1817 1851 κεντη-

1938 622 2090 676 xime
2121 622 2312 678 lacum
2347 625 2692 690 maximum,
2713 627 2867 680 unde
2889 627 3106 682 Drinus
3135 627 3348 684 ﬂuvius
3374 647 3441 686 ve
3501 648 3590 686 ius

1939 713 2365 784 septentriones
2395 714 2603 769 efﬂuit.
2627 713 2845 770 Deinde
2863 731 3069 771 versus
3091 718 3452 775 occidentem
3487 720 3586 776 de-

1938 800 2177 857 flectens
2207 802 2265 857 in
2297 803 2521 858 lenium
2541 803 2800 872 intravit,
2818 805 2972 876 apud
2991 805 3228 862 Hissum
3250 807 3583 873 castellum,

1937 907 2068 962 quas
2097 893 2239 947 urbs
2262 897 2439 964 caput
2456 897 2580 947 erat
2601 893 2782 948 totius
2798 893 3080 964 Bulgaria:
3112 900 3170 952 et
3199 897 3360 968 regia
3380 914 3583 968 regum

1939 979 2238 1050 Bulgaria,
2264 981 2462 1052 ibique
2485 997 2686 1037 eorum
2711 979 2948 1054 repositi
2979 984 3264 1043 thesauri.
3286 987 3441 1050 Quos
3463 989 3584 1043 im-

1935 1074 2168 1139 perator
2195 1071 2446 1140 aperuit,
2481 1087 2868 1143 magnamque
2899 1075 3156 1142 pecuniae
3187 1074 3306 1131 vim
3339 1076 3582 1144 invenit,

1934 1163 1988 1212 et
2020 1174 2263 1213 coronas
2292 1175 2362 1214 ex
2393 1160 2712 1216 unionibus
2752 1167 3073 1230 consertes,
3105 1180 3364 1235 auroque
3392 1165 3583 1223 intex-

1935 1252 2025 1302 tas
2057 1252 2268 1314 vestes,
2301 1255 2476 1320 atque
2520 1251 2645 1305 auri
2680 1251 3015 1306 centenaria
3047 1253 3166 1320 100,
3200 1270 3327 1324 quae
3359 1254 3410 1310 is
3441 1271 3585 1312 con-

1932 1336 2102 1408 giarii
2133 1335 2258 1392 loco
2299 1338 2358 1392 in
2405 1337 2624 1393 milites
2671 1355 2811 1394 suos
2842 1341 3119 1412 erogavit.
3173 1341 3281 1397 Ubi
3325 1343 3584 1414 praafecit

1932 1426 2306 1480 Eustathium
2334 1425 2645 1498 patricium
2675 1427 3162 1498 Daphnomelum,
3182 1430 3458 1501 adjuncto
3479 1449 3583 1489 va-

1930 1514 2071 1570 lidio
2103 1515 2374 1586 praesidio
2399 1534 2412 1582 ;
2447 1521 2624 1588 atque
2653 1517 2793 1572 exiit
2821 1518 2879 1572 in
2901 1522 3116 1589 castra,
3147 1520 3486 1593 excepitque
3508 1522 3581 1578 ad

1930 1621 1993 1659 se
2024 1606 2336 1660 adductam
2368 1604 2615 1660 Joannis
2661 1606 3044 1662 Bladisthlabi
3078 1609 3314 1665 viduam
3345 1626 3476 1666 cum
3508 1611 3584 1666 fi-

1927 1692 2022 1748 liis
2054 1694 2244 1750 tribus
2266 1700 2321 1749 et
2342 1711 2443 1749 sex
2462 1695 2724 1750 ﬁliabus:
2749 1697 3074 1752 adducebat
3092 1713 3159 1754 ea
3182 1714 3379 1754 secum
3407 1701 3584 1756 etiam

1926 1783 2192 1853 spurium
2227 1784 2485 1839 Samueli
2538 1784 2724 1839 filium
2758 1790 2816 1840 et
2863 1786 3012 1840 duas
3065 1786 3215 1842 ﬁlias
3243 1788 3581 1855 Radomeri,

143 1872 319 1945 νάρια
375 1872 588 1944 ἑκατὸν,
647 1874 801 1927 ἅτινα
854 1874 1028 1928 πάντα
1083 1872 1158 1934 εἰς
1217 1872 1378 1948 ῥόγας
1433 1871 1660 1927 ἐκένωσε
1712 1875 1811 1936 τῆς

1927 1872 2028 1926 filii
2077 1873 2356 1944 Samueli,
2390 1890 2454 1928 ac
2505 1872 2657 1929 ﬁlios
2706 1873 2986 1945 quinque,
3038 1877 3110 1930 de
3159 1877 3378 1947 quibus
3422 1879 3578 1940 460

145 1961 280 2034 περὶ
338 1961 500 2016 αὐτὸν
565 1967 833 2037 στρατιᾶς.
885 1963 1213 2033 Ἐπιστήσας
1273 1962 1364 2016 οὗν
1421 1959 1661 2037 ἄρχοντα
1715 1964 1814 2030 τῆς

144 2049 378 2112 πόλεως
430 2050 729 2107 Εὖστάθιον
787 2053 1072 2125 πατρίκιον
1129 2051 1221 2104 τὸν
1282 2047 1679 2127 Δαφνομήλην,
1722 2051 1812 2104 καὶ

145 2139 400 2214 φρουρὰν
461 2136 744 2214 ἀξιόλογον
797 2141 949 2212 αὖτῷ
989 2137 1135 2205 δοὺς,
1186 2138 1408 2210 ἐξῆλθεν
1440 2139 1515 2201 εἰς
1545 2140 1646 2207 τὴν
1674 2159 1813 2215 παρο

147 2223 409 2300 εμϐολὴν
464 2228 555 2283 καὶ
626 2228 884 2304 ἀχθεῖσαν
941 2230 1014 2291 ὡς
1073 2229 1236 2284 αὐτὸν
1290 2226 1506 2300 ἐδέξατο
1561 2228 1661 2297 τὴν
1721 2249 1814 2304 γυ-

209 2323 235 2332 ,-
371 2319 383 2339 ,
481 2318 492 2334 ι
749 2321 776 2332 ~
909 2317 924 2338 \
1283 2315 1294 2334 ι
1509 2314 1522 2333 \
1764 2317 1778 2337 κ

144 2338 314 2372 nam
387 2323 625 2372 Ιωαννου
681 2338 780 2372 του
835 2338 925 2372 και
983 2311 1426 2384 Βλαδισῦλαϐου,
1476 2337 1568 2370 συν
1635 2336 1809 2390 τρισιν

147 2408 300 2469 υἱοῖς
362 2405 454 2460 καὶ
508 2405 834 2482 θυγατράσιν
892 2403 944 2476 ἕξ
1006 2407 1348 2483 ἐπαγομένην
1403 2405 1491 2461 καὶ
1549 2413 1809 2482 νοθογενῆ

146 2496 272 2551 υἱὸν
337 2499 434 2550 τοῦ
490 2494 761 2568 Σαμουὴλ
817 2496 908 2550 καὶ
957 2493 1053 2550 δύο
1117 2496 1412 2570 θυγατέρας
1467 2491 1814 2570 Ῥαδομηροῦ

145 2589 247 2640 τοῦ
282 2585 410 2639 υἱοῦ
438 2589 535 2640 τοῦ
569 2582 840 2658 Σαμουὴλ
861 2584 950 2639 καὶ
982 2585 1140 2640 πέντε
1171 2583 1344 2654 υἱοὺς,
1403 2585 1478 2638 ὧν
1516 2585 1543 2638 6
1594 2586 1668 2646 εἷς
1716 2604 1811 2638 πε-

147 2676 391 2749 πήρωτο
444 2673 571 2737 τοὺς
628 2671 954 2752 ἀφθαλμοὺς
1007 2673 1280 2747 παρᾶτοῦ
1338 2673 1587 2730 Ἰωάννου
1619 2667 1810 2742 λωϐη-

148 2764 290 2830 θεὲς,
358 2761 448 2818 ὅτε
500 2765 592 2818 τὸν
645 2761 986 2838 Ῥαδομηρὸν
1034 2764 1128 2818 τὸν
1161 2763 1276 2817 υἱὸν
1325 2761 1593 2834 Σαμουὴλ
1625 2760 1716 2815 σὺν
1743 2764 1811 2835 τῇ

145 2853 325 2907 αὑτοῦ
357 2853 570 2928 γυναικὶ
622 2850 712 2907 καὶ
759 2849 1113 2925 Βλαδιμηρὸν
1171 2851 1261 2906 τὸν
1319 2850 1515 2906 τούτου
1565 2845 1810 2924 γαμϐρὸν

146 2941 392 2997 ἀνεῖλεν.
426 2943 593 2998 Ἠσαν
623 2938 682 2996 δὲ
719 2941 808 2995 καὶ
843 2937 1017 3014 ἕτεροι
1047 2945 1193 3016 τρεῖς
1226 2941 1335 2995 υἱοῖ
1364 2939 1430 3014 τῇ
1477 2939 1654 3015 Μαρίᾳ
1706 2939 1812 2994 ἀπὸ

141 3036 243 3086 τοῦ
324 3030 586 3088 Ἰωάννου
655 3036 962 3105 τεχθὲντες,
1031 3029 1158 3085 ἀλλ’
1216 3027 1446 3105 ἔφθασαν
1509 3026 1812 3104 ἀποδρᾶσαι

146 3122 228 3182 εἰς
289 3121 362 3175 τὸ
417 3116 544 3195 ὅρος
597 3120 688 3175 τὸν
741 3124 996 3195 Τμῶρον,
1024 3119 1268 3197 κορυφὴν
1328 3119 1649 3193 ὑπάρχοντα
1702 3123 1810 3172 τῶν

143 3209 466 3286 Κεραυνίων
525 3209 686 3284 ὀρῶν.
745 3212 844 3264 ’Ἢν
878 3209 1056 3278 ἠπίως
1087 3206 1377 3282 δεξάμενος
1413 3208 1501 3261 καὶ
1538 3205 1812 3282 φιλοφρό-

287 3276 658 3378 φυλάττεσθαι
716 3276 1009 3374 προσέταξε
1066 3276 1354 3371 μετὰτῶν
1401 3276 1606 3353 ἄλλων.
1642 3276 1811 3368 Προσ-
1845 3276 1888 3342 C

143 3391 332 3458 ἦλθον
392 3387 453 3444 δὶ
527 3393 607 3462 τῷ
688 3387 905 3464 βασιλεῖ
958 3388 1047 3442 καὶ
1103 3384 1279 3462 ἕτεροι
1344 3393 1654 3462 μεγιστᾶνες
1710 3392 1817 3442 τῶν

146 3479 515 3554 Βουλγάρων,
576 3479 604 3532 6
664 3477 1049 3553 Νεστορίτζης,
1082 3477 1109 3531 6
1167 3476 1432 3551 Ζαρίτζης
1469 3476 1558 3531 καὶ
1608 3477 1635 3530 6
1695 3478 1814 3539 νέος

148 3564 548 3642 Δοῧρομηρὸς,
606 3566 740 3639 μετᾶ
789 3571 896 3620 τῶν
958 3566 1170 3620 οἰκείων
1226 3562 1450 3627 ἕκαστος
1498 3564 1814 3640 ταγμάτων·

149 3657 241 3711 καί
305 3652 610 3732 ἐδέχθησαν
664 3655 902 3728 εὐμενῶς
951 3654 1040 3708 καὶ
1093 3652 1394 3730 βασιλικῶς
1453 3654 1813 3726 ἐτιμήθησαν.

146 3745 286 3799 Τότε
343 3743 435 3796 καὶ
486 3743 816 3814 Προυσιανὸς
852 3741 942 3796 καὶ
993 3743 1044 3796 οἳ
1099 3741 1296 3797 τούτου
1356 3740 1450 3796 δύο
1482 3739 1728 3816 ἀδελφοὶ,
1762 3732 1815 3798 οῖ

143 3839 246 3888 τοῦ
279 3827 711 3895 Βλαδισθλάϐου
762 3829 954 3893 παῖδες
1011 3832 1062 3886 οἱ
1095 3831 1172 3893 εἷς
1220 3832 1310 3886 τὸν
1346 3833 1584 3906 Τμῶρον
1613 3828 1811 3908 φυγόν-

139 3945 256 3993 τες,
317 3922 400 3983 ὡς
473 3917 772 3995 ἔμπροσθεν
834 3919 1078 3995 εἷ’ρηται,
1137 3921 1226 3976 καὶ
1283 3922 1485 3996 χρονίᾳ
1540 3920 1812 3976 κακωθέν-

137 4033 230 4073 τες
288 4007 599 4084 πολιορκίᾳ
645 4014 995 4081 (στρατιῶται
1047 4010 1148 4085 γὰρ
1205 4010 1546 4085 προσταχθὲν
1603 4009 1661 4064 ἐκ
1721 4012 1812 4085 βα-

139 4102 354 4161 σιλέως
432 4095 885 4173 προσεδρεύοντες
954 4096 1180 4168 ἐτήρουν
1253 4097 1350 4159 τὰς
1403 4094 1668 4162 καθόδους
1713 4103 1810 4153 τοῦ

139 4189 363 4265 ὄρους),
416 4185 900 4262 διακηρυκεύονται
961 4186 1098 4258 πρὸς
1165 4186 1255 4241 τὸν
1355 4185 1546 4241 ασιλέα
1602 4188 1810 4250 πίστεις

138 4280 435 4339 αἰτοῦντες
507 4276 598 4330 καὶ
672 4274 893 4337 ἑαυτοὺς
950 4273 1254 4350 ἐγχειρίσαι
1315 4272 1806 4350 ἐπαγγελλόμενοι.

1925 1979 2080 2018 unus
2111 1962 2296 2018 oculis
2328 1967 2452 2018 erat
2473 1963 2714 2018 orbatus
2742 1963 3278 2037 abJoanne,quois
3309 1970 3580 2039 tempore

1922 2052 2311 2107 Radomerum
2344 2051 2602 2107 Samueli
2627 2052 2810 2108 ﬁlium
2837 2053 3085 2125 ejusque
3115 2071 3356 2111 uxorem
3386 2060 3446 2111 et
3477 2071 3575 2128 ge-

1923 2157 2130 2197 nerum
2179 2141 2574 2197 Bladimerum
2621 2141 2931 2198 interfecit.
2973 2143 3236 2200 Habebat
3281 2144 3464 2200 Maria
3504 2161 3576 2200 ex

1919 2229 2147 2285 Joanne
2176 2229 2349 2285 etiam
2385 2230 2531 2286 alios
2581 2233 2702 2286 tres
2751 2230 2902 2286 ﬁlios
2936 2248 2948 2286 :
2983 2232 3085 2288 sed
3133 2231 3174 2286 ii
3221 2233 3280 2288 in
3312 2237 3574 2290 montem

1921 2323 2224 2387 Tmorum,
2247 2319 2344 2390 qui
2372 2336 2525 2374 unus
2557 2323 2648 2375 est
2669 2320 2740 2375 de
2763 2319 3085 2377 verticibus
3115 2321 3573 2378 Ceraunicorum

1925 2407 2237 2475 montium,
2268 2407 2672 2478 confugerant.
2722 2407 3046 2478 Imperator
3074 2423 3202 2464 eam
3236 2408 3490 2482 benigne
3521 2413 3581 2464 et

1922 2497 2166 2552 comiter
2185 2500 2481 2568 exceptam
2505 2512 2637 2551 cum
2659 2495 2900 2567 reliquis
2920 2497 3209 2553 asservari
3232 2497 3436 2569 jussit.
3461 2497 3578 2553 Ad-

1916 2587 2244 2657 junxerunt
2273 2602 2334 2641 se
2364 2585 2702 2656 imperatori
2735 2589 3016 2657 praeterea
3035 2585 3123 2640 illi
3152 2587 3332 2642 etiam
3363 2585 3580 2658 Bulga-

1923 2674 2025 2730 rici
2058 2691 2348 2746 proceres,
2380 2675 2752 2745 Nestoritzes,
2781 2673 3034 2731 Zaritzes
3055 2680 3112 2730 et
3135 2675 3341 2746 junior
3363 2675 3581 2731 Dobre-

1923 2781 2144 2834 merus,
2173 2764 2426 2836 quisque
2473 2779 2607 2818 cum
2659 2763 2786 2819 suis
2838 2764 3202 2833 cohortibus,
3235 2763 3581 2837 acceptique

1923 2858 2061 2908 sunt
2091 2853 2359 2922 comiter,
2390 2856 2448 2908 et
2478 2853 2550 2907 ab
2583 2851 2935 2924 imperatore
2967 2851 3041 2908 iis
3072 2858 3137 2908 ut
3166 2852 3294 2925 ipso
3327 2854 3575 2927 dignum

1921 2947 2045 2998 erat
2075 2943 2260 2998 honos
2304 2941 2561 2997 habitus.
2594 2941 2742 3005 Quin
2775 2945 2832 2996 et
2863 2941 3183 2998 Prusianus
3214 2941 3577 2999 Bladisthabi

1923 3031 2079 3086 ﬁlius
2110 3047 2244 3086 cum
2277 3030 2582 3100 fratribus,
2602 3045 2750 3100 quos
2771 3031 2831 3084 in
2858 3031 3140 3086 Tmorum
3173 3030 3448 3104 effugisse
3470 3032 3574 3088 do-

1922 3120 2176 3190 cuimus,
2209 3119 2490 3174 diuturna
2508 3119 2674 3173 fracti
2692 3119 2995 3175 obsidione
3011 3119 3254 3190 (milites
3269 3120 3425 3176 enim
3442 3121 3574 3191 jus-

1923 3225 1991 3264 su
2027 3207 2399 3280 imperatoris
2428 3206 2768 3262 insederant
2799 3210 3086 3262 montium
3121 3209 3466 3281 descensus)
3500 3209 3574 3264 ab

1925 3298 2276 3368 imperatore
2308 3296 2496 3352 caveri
2548 3296 2660 3350 sibi
2692 3300 2898 3366 petunt
2943 3302 3003 3352 et
3048 3297 3408 3353 deditionem
3440 3315 3574 3370 pro-

1927 3388 2207 3454 mittunt;
2241 3386 2457 3458 quibus
2506 3385 2558 3440 is
2603 3385 2944 3440 humaniter
2974 3387 3300 3457 respondit.
3331 3387 3578 3444 Achride

1926 3493 2098 3548 porro
2131 3475 2202 3530 ad
2233 3475 2427 3530 lacum
2461 3475 2707 3545 Pespam
2727 3475 2838 3529 iter
2870 3475 3090 3531 faciens
3111 3477 3228 3532 duo
3260 3477 3460 3532 condit
3483 3493 3578 3534 ca-

1926 3565 2116 3633 stella,
2149 3581 2332 3619 unum
2358 3564 2417 3618 in
2449 3569 2648 3619 monte
2672 3563 3074 3634 interjacente,
3093 3566 3248 3635 quod
3269 3565 3578 3621 Basilidem

1925 3659 2110 3721 vocat,
2135 3652 2382 3708 alterum
2414 3651 2471 3705 in
2501 3652 2658 3706 dicta
2688 3653 2920 3722 palude.
2942 3652 3160 3724 Prespa
3188 3653 3453 3710 Diabolin
3479 3670 3577 3725 pe-

1925 3743 2012 3810 tit,
2029 3742 2224 3812 ibique
2247 3749 2436 3794 erecto
2457 3741 2735 3795 tribunali
2757 3740 3108 3796 Prusianum
3134 3758 3270 3796 cum
3297 3742 3577 3798 fratribus

1923 3831 2156 3903 accipit,
2182 3830 2559 3900 orationeque
2590 3827 2760 3900 plena
2793 3828 3183 3885 humanitatis
3215 3830 3575 3900 consolatus,

1920 3936 2054 3975 eum
2088 3918 2379 3990 magistri,
2413 3918 2672 3990 reliquos
2703 3920 2858 3973 470
2887 3917 3135 3990 patricia
3165 3919 3444 3991 dignatur
3474 3938 3576 3976 ex-

1919 4009 2209 4065 cellentia.
2243 4008 2552 4063 Adductus
2579 4011 2671 4062 est
2697 4008 2872 4063 etiam
2902 4009 3124 4064 Ibatzes
3141 4008 3326 4064 oculis
3357 4009 3576 4081 spolia-

1918 4103 2034 4154 tus.
2068 4101 2223 4162 Quos
2254 4113 2369 4168 quo
2401 4101 2571 4168 pacto
2619 4097 2908 4165 amiserit,
2963 4098 3180 4154 referre
3225 4115 3416 4170 operas
3447 4116 3577 4171 pre-

1918 4189 2068 4243 tium
2101 4192 2210 4257 est,
2243 4202 2375 4242 cum
2400 4203 2469 4241 ea
2499 4186 2757 4242 narratio
2781 4187 3124 4257 jucundum
3155 4187 3376 4244 habeat
3405 4189 3579 4262 quip-

1917 4277 2076 4350 piam
2107 4280 2164 4332 et
2192 4275 2563 4331 admirabile.

137 4367 243 4423 Καὶ
307 4365 454 4442 πρὸς
511 4364 604 4437 μὲν
659 4364 886 4426 τούτους
940 4364 969 4418 6
1030 4361 1283 4438 βασιλεὺς
1336 4361 1758 4441 φιλανθρώπους
1812 4358 2008 4420 ἔδωκεν
2067 4362 2399 4437 ἀποκρίσεις,
2461 4363 2592 4438 ἄρας
2636 4359 2680 4417 δ’
2737 4359 2788 4434 ἐξ
2831 4360 3094 4439 ’Δχρίδος
3120 4358 3338 4440 ἔρχεται
3372 4362 3449 4429 εἴς
3476 4365 3577 4436 τὴν

141 4456 364 4529 λίμνην
395 4454 498 4522 τὴν
529 4450 831 4529 λεγομένην
863 4452 1135 4529 Πρέσπαν,
1159 4452 1210 4506 ἐν
1236 4457 1317 4524 τῷ
1348 4449 1539 4507 διιέναι
1569 4456 1631 4507 τὸ
1666 4453 1859 4526 μεταξὺ
1893 4452 2019 4528 ὅρος
2054 4451 2311 4530 φρούριον
2345 4448 2718 4524 οἷ’κοδομήσας
2746 4449 2946 4517 ἄνωθεν
2974 4454 3170 4508 τούτου
3201 4454 3290 4508 καὶ
3323 4452 3583 4510 Βασιλίδα

139 4539 526 4616 ἐπονομάσας,
556 4543 648 4596 καὶ
676 4538 857 4617 ἕτερον
892 4541 944 4596 ἐν
972 4545 1039 4616 τῇ
1063 4540 1321 4616 λεχθείσῃ
1355 4539 1549 4615 λίμνῃ.
1583 4543 1678 4598 ’Ex
1707 4539 1764 4596 δὲ
1794 4540 2046 4618 ΙΙρέσπης
2078 4543 2287 4596 ἄπεισιν
2318 4539 2392 4602 εἷς
2415 4542 2514 4610 τὴν
2543 4539 2849 4616 λεγομένην
2880 4537 3156 4614 Διάϐολιν,
3188 4541 3240 4597 ἐν
3415 4563 3584 4616 ματος

143 4634 423 4709 ἀρθέντος
482 4629 698 4703 ὑψηλοῦ
729 4631 993 4695 εἰσιόντας
1023 4627 1234 4703 ἐδέξατο
1262 4629 1390 4692 τοὺς
1422 4629 1545 4703 περὶ
1574 4630 1665 4684 τὸν
1700 4630 2030 4705 Προυσιανὸν
2065 4632 2146 4703 [Ρ.
2170 4632 2296 4702 714]
2327 4627 2618 4706 ἀδελφοὺς,
2650 4629 2739 4683 καὶ
2773 4628 2965 4704 λόγοις
3023 4629 3282 4686 ἐπιεικέσι
3337 4633 3429 4686 καὶ
3486 4653 3580 4708 φι-

145 4719 515 4798 λανθρώποις
569 4719 1104 4794 παραμυθησάμενος
1160 4723 1352 4773 τοῦτον
1414 4719 1508 4791 μὲν
1573 4719 1887 4796 μὰγιστρον,
1925 4720 2054 4781 τοὺς
2088 4716 2144 4773 δὲ
2175 4716 2409 4780 λοιποὺς
2438 4717 2759 4792 πατρικίους
2791 4716 3070 4790 ἐτίμησεν.
3099 4720 3278 4794 Ἤχθη
3316 4716 3374 4772 δὲ
3423 4719 3516 4773 καὶ
3547 4720 3577 4773 6

142 4808 408 4880 Ἰϐὰτζης
433 4809 842 4884 πεπηρωμένας
878 4803 1022 4883 ἔχων
1053 4809 1146 4872 τὰς
1177 4803 1352 4884 ὄψεις.
1385 4805 1540 4865 Ἀλλ’
1571 4809 1716 4880 ἄξιον
1752 4809 1918 4864 εἰπεῖν
1945 4808 2034 4863 καὶ
2061 4808 2152 4863 τὸν
2179 4807 2380 4883 τρόπον
2411 4813 2510 4877 τῆς
2537 4804 2948 4885 ἐκτυφλώσεωςο
2985 4805 3099 4882 ἔχει
3131 4809 3235 4884 γὰρ
3267 4805 3373 4878 ὴδύ
3401 4829 3453 4862 τι
3483 4808 3575 4863 καὶ

140 4899 466 4975 Θαυμαστὸν
500 4900 536 4969 ὴ
568 4895 828 4975 διήγησις

1349 5068 1709 5127 XYLANDRI
1747 5069 1839 5127 ET
1880 5068 2094 5127 GOARI
2132 5067 2363 5125 NOTXE.

1925 5219 2052 5295 περῖ
2081 5221 2142 5275 τὸ
2185 5219 2443 5278 Είλισσὸν
2483 5219 2544 5273 τὸ
2592 5217 3065 5296 φρούρλιονομηὶβίι
3115 5223 3256 5296 tunc
3299 5219 3577 5296 mutilum

1929 5288 2035 5350 aut
2077 5296 2397 5367 obscurum
2431 5288 2641 5367 exstat,
2678 5288 2939 5367 Πόλις-δὲ
2988 5292 3178 5366 Ἀχρῖς
3232 5289 3577 5367 μητρόπολίς

1930 5367 2044 5420 ἐστι
2084 5372 2184 5432 τῆς
2237 5361 2809 5437 πάσηςγΒουλγαρίας.
2863 5365 2993 5429 Ipsa
3041 5361 3130 5419 est
3177 5361 3580 5421 numihatissi-

207 5227 336 5300 (6-4)
368 5225 561 5300 Verba
591 5224 838 5300 minime
868 5223 1181 5300 cohaerent,
1216 5228 1275 5300 et
1303 5223 1407 5300 vix_
1431 5225 1636 5300 dubito
1672 5224 1815 5297 quin

131 5296 324 5356 locus
365 5299 446 5353 sit
493 5298 764 5352 mutilus.
819 5298 983 5364 Quod
1037 5298 1107 5352 de
1156 5298 1301 5352 urbe
1354 5296 1518 5360 dicit,
1549 5296 1816 5368 eam’ego

134 5370 575 5442 Strumpitzam
625 5369 809 5425 fuisse
857 5367 1409 5442 conjicio.VIoniu_m
1445 5374 1639 5424 autem
1679 5367 1818 5438 puto

131 5439 377 5499 voeare'
404 5457 530 5496 eam
584 5442 883 5512 regionem
943 5457 1071 5511 quas
1129 5439 1427 5512 Adriatico
1485 5442 1823 5512 immineret

133 5517 322 5580 mari,
357 5515 434 5568 ob
454 5511 843 5568 vicinitatem.
868 5512 1006 5567 XVL.
1028 5544 1097 5553 —
1120 5513 1316 5568 Verba
1347 5511 1594 5566 minime
1627 5511 1818 5565 cohae-

136 5594 300 5652 rent,
336 5586 536 5658 inquit
565 5584 883 5658 Xylauder.
925 5587 1050 5640 Imo
1082 5602 1196 5658 non
1249 5583 1502 5658 cohaeret
1525 5584 1822 5658 interpres

139 5651 593 5714 auctorifPost
622 5651 770 5728 'haao
830 5657 1032 5728 itaque
1069 5657 1259 5728 verba
1305 5652 1493 5728 πόλις
1522 5651 1586 5728 δε
1622 5651 1820 5728 ίἈχρίς

139 5729 512 5804 subjiciatur
539 5725 953 5801 parenthesis;
985 5726 1160 5798 cujus
1189 5730 1348 5783 meta
1377 5729 1452 5786 sit
1481 5727 1542 5784 in
1575 5726 1669 5785 his
1697 5725 1826 5786 aliis

483 5858 748 5922 PATROL.
797 5857 911 5920 Gn.
955 5855 1188 5922 CXXII.

1935 5457 2034 5493 ma
2081 5439 2182 5492 illa
2226 5436 2565 5492 Justiniana
2615 5435 2819 5507 prima,
2852 5437 3172 5490 Justiniani
3221 5437 3432 5507 patria,
3465 5454 3585 5508 qua

1938 5508 2352 5566 ecclesiasticis
2385 5524 2502 5578 qua
2548 5508 2805 5579 politicis
2832 5524 3034 5579 supra
3081 5510 3367 5579 plurimas
3409 5511 3584 5565 urbes

1931 5586 2147 5637 evecta.
2210 5577 2454 5651 Deiqua
2500 5577 2786 5651 Gregoras
2831 5577 2870 5635 l.
2922 5577 3162 5651 171,7ipse
3209 5581 3584 5637 Justinianus

1931 5652 2167 5785 goxella
2202 5653 2257 5721 2,
2291 5650 2566 5724 Cujacius
2613 5650 2684 5708 ad
2716 5667 2876 5722 eum,
2905 5656 2962 5708 et
2991 5650 3321 5728 Geographi
3351 5669 3580 5711 omnes.

1983 5744 2014 5782 ο
2058 5741 2115 5781 n.

1983 5738 2115 5782 OAR.

3218 5855 3258 5920 Ἰ
