4070 6334
538 400 658 461 203

1897 403 2217 464 GEORGII
2261 403 2603 465 CEDRENI

3823 403 3929 463 204

604 534 830 587 Mortuo
852 531 1274 598 Bladisthlabo,
1294 549 1424 589 cum
1458 550 1603 589 uxor
1633 535 1704 590 ab
1737 552 1803 591 ea
1834 535 2056 605 relicta,
2082 535 2162 591 ﬁli

2372 534 2517 591 Μετά
2574 534 2677 610 γὰρ
2733 534 2825 589 τὸν
2878 537 2976 588 τοῦ
3006 527 3422 591 Βλαδισθλάόου
3451 537 3548 588 τοῦ
3578 533 3665 588 καὶ
3698 533 3927 591 Ἰωάννου

534 635 857 692 omnesque
880 620 1163 693 Bulgariae
1185 639 1452 693 proceres
1468 622 1805 695 imperatori
1829 625 2186 681 deditionem

2299 624 2519 687 θάνατον
2550 623 2639 678 καὶ
2670 630 2770 693 τῆς
2801 623 3052 700 γυναικὸς
3104 622 3268 677 αὐτοῦ
3299 622 3509 697 Μαρίας
3545 624 3634 678 καὶ
3682 626 3784 678 τῶν
3812 623 3928 679 ταύ-

536 708 835 781 fecissent,
852 711 1013 767 solus
1045 711 1138 766 hic
1164 712 1385 767 Ibatzes
1418 714 1667 786 fugiens,
1691 721 1970 785 occupato
1993 721 2162 771 monti

2294 735 2396 784 της
2451 711 2659 769 παίδων
2691 714 3085 789 προσχωρησιν
3144 712 3233 767 καὶ
3272 713 3370 780 τὴν
3398 716 3505 767 τῶν
3567 710 3750 768 ἄλλων
3782 711 3927 769 δυνα-

544 815 817 855 accessus
845 801 1090 856 habente
1110 800 1713 868 difﬁcillimos,arcem
1740 810 1931 858 autem
1965 806 2185 875 regiam

548 888 981 961 perelegantem
1006 890 1328 961 hortosque
1356 896 1412 946 et
1442 892 1557 947 alia
1583 891 2010 949 oblectamenta
2043 911 2183 965 prae-

531 976 688 1034 clara
718 978 1090 1049 (Brochotum
1143 976 1403 1051 quidam,
1438 981 1536 1036 alii
1586 981 1897 1038 Pronistan
1931 984 2183 1054 vocant),

531 1076 695 1132 solus
726 1076 829 1133 Dei
857 1077 1142 1134 voluntati
1175 1096 1304 1135 sese
1327 1081 1679 1151 opponebat,
1705 1080 2015 1151 copiasque
2043 1098 2185 1149 pau-

530 1160 696 1217 latim
726 1164 1007 1235 colligens
1033 1165 1411 1221 rebellionem
1455 1166 1832 1232 moliebatur,
1867 1168 2181 1239 imperium

529 1251 907 1325 Bulgaricum
958 1255 1279 1310 somnians.
1334 1255 1495 1310 Haud
1550 1256 1926 1330 exiguamid
1963 1257 2180 1311 factum

530 1339 874 1414 imperatori
924 1343 1121 1399 attulit
1169 1343 1498 1400 molestiam
1536 1361 1547 1399 :
1584 1345 1833 1417 ideoque
1880 1350 2036 1401 recto
2086 1346 2180 1400 iti-

526 1446 666 1487 nere
696 1433 916 1489 omisso
946 1435 1018 1489 ad
1067 1434 1371 1489 meridiem
1420 1434 1754 1501 declinavit,
1796 1435 2183 1507 Diabolinque

525 1535 589 1575 se
618 1522 887 1589 contulit,
921 1528 987 1578 ut
1035 1527 1136 1578 aut
1167 1523 1450 1579 desistere
1501 1525 1573 1579 ab
1623 1524 1803 1579 armis
1835 1524 2179 1580 seditiosum

525 1607 713 1665 istum
742 1616 975 1682 cogeret
1004 1617 1105 1668 aut
1128 1611 1278 1668 bello
1302 1612 1672 1684 opprimeret.
1702 1613 1782 1667 lbi
1807 1628 1943 1685 ergo
1961 1614 2180 1685 degens

524 1698 871 1773 aliquandiu
921 1703 1154 1758 Ibatzen
1210 1718 1313 1775 per
1362 1701 1587 1758 litteras
1644 1702 1912 1758 hortatus
1960 1708 2050 1758 est
2106 1718 2179 1758 ne

521 1789 796 1860 Bulgaria
820 1792 1067 1847 subacta
1096 1791 1259 1848 solus
1281 1792 1406 1863 ipse
1424 1791 1705 1847 rebellare
1730 1792 1923 1859 vellet,
1948 1807 2089 1848 neve
2111 1808 2178 1848 ea

2297 808 2435 858 στῶν
2491 804 2706 873 ἀπάσης
2764 801 3105 877 Βουλγαρίας
3138 802 3380 870 ὑπακοὴν
3446 803 3473 857 6
3505 797 3750 872 Ἰϐάτζης
3781 803 3926 864 οὗτος

2297 894 2477 968 φυγὼν
2535 893 2624 946 καὶ
2678 887 2728 946 ἕν
2784 912 2890 945 τινι
2949 886 3198 962 δυσϐάτῳ
3259 891 3549 967 γενόμενος
3606 887 3720 966 ὄρει
3778 895 3927 965 (Bso-

2295 983 2478 1056 χωτὸς
2535 981 2734 1051 κλῆσις
2797 982 2969 1053 αὐτῷ)
3010 979 3255 1053 βασίλειά
3305 1001 3364 1035 τε
3419 976 3601 1055 ἔχοντι
3631 979 3922 1053 περικαλλῆ

2297 1070 2611 1144 ([Ιρονίσταν
2679 1074 2846 1125 ταῦτα
2916 1068 3169 1143 καλοῦσι)
3251 1069 3341 1123 καὶ
3416 1066 3769 1144 παραδείσους
3843 1072 3925 1125 καὶ

2294 1158 2623 1219 ἀπολαύσεις
2685 1158 2784 1213 οὐκ
2829 1158 3129 1233 ἀπρεπεῖς,
3198 1157 3407 1228 ὑπεῖξαι
3463 1164 3580 1219 τοῖς
3639 1157 3926 1232 θελήμασιν

2294 1247 2391 1303 οὐκ
2449 1243 2706 1303 ἐϐούλετο
2762 1246 2860 1302 τοῦ
2919 1252 3074 1315 Θεοῦ,
3136 1244 3281 1303 ἀλλά
3311 1244 3538 1320 δύναμιν
3591 1247 3650 1303 ἐκ
3684 1252 3776 1302 τοῦ
3802 1251 3930 1303 κατᾶ

2296 1347 2485 1420 μικρὸν
2583 1346 2896 1422 συνεγείρων
3004 1346 3297 1400 ἀνεστάτου
3404 1344 3471 1400 τὰ
3572 1346 3929 1421 παρακείμενα

2289 1434 2378 1490 καὶ
2437 1435 2762 1489 ἀποστασίαν
2825 1432 3055 1506 ἐμελέτα
3096 1434 3186 1488 καὶ
3227 1436 3326 1503 τὴν
3374 1431 3749 1509 Βουλγαρικὴν
3781 1435 3927 1490 ὠνει-

2291 1522 2521 1601 ροπόλει
2573 1524 2776 1599 ἀρχήν.
2830 1528 2999 1578 Τοῦτο
3060 1522 3121 1577 ού
3186 1528 3396 1596 μικρῶς
3451 1522 3639 1578 ἐλύπει
3700 1525 3789 1579 τὸν
3842 1525 3925 1600 βα·

2290 1611 2463 1683 σιλέα,
2513 1614 2603 1667 καὶ
2653 1610 2741 1667 διὰ
2787 1617 2948 1667 τοῦτο
2979 1615 3075 1668 τοῦ
3105 1613 3222 1667 κατ’
3253 1610 3459 1676 εὐθεῖαν
3515 1612 3775 1688 ἀφέμενος
3829 1635 3927 1668 πο-

2289 1702 2533 1776 ρεύεσθαι
2611 1700 2869 1757 ἀπέκλινε
2938 1702 3075 1777 πρὸς
3156 1696 3549 1777 μεσημϐρίαν,
3632 1702 3721 1756 καὶ
3802 1705 3929 1757 κατὰ

2284 1792 2383 1860 τὴν
2452 1791 2748 1868 εἰρημένην
2824 1790 3034 1866 ἐγένετο
3115 1785 3423 1861 Διάϐολιν,
3480 1789 3556 1851 ὡς
3619 1790 3656 1859 ἢ
3713 1811 3930 1847 κατανα-

521 1878 634 1933 sibi
665 1878 927 1950 polliceri
958 1898 1107 1936 vana
1128 1897 1230 1952 spe
1254 1898 1383 1953 quae
1413 1881 1659 1953 adipisci
1679 1881 1950 1952 nequiret
1973 1898 1986 1936 :
2012 1882 2162 1953 cogi-

2283 1880 2493 1954 γκάσων
2548 1882 2762 1942 πάντως
2821 1882 2911 1935 τὸν
2972 1880 3280 1950 ἀποστάτην
3337 1880 3644 1935 καταθεῖναι
3675 1880 3740 1935 τὰ
3788 1881 3928 1937 ὅπλα

519 1972 672 2024 taret
701 1968 857 2025 hunc
908 1970 1017 2025 sibi
1070 1976 1335 2026 conatum
1392 1970 1545 2025 male
1594 1986 1919 2026 cessurum.
1962 1972 2045 2026 Ad
2079 1988 2174 2029 eas

517 2056 743 2115 litteras
802 2059 1027 2115 Ibatzes
1085 2058 1168 2115 ita
1224 2058 1528 2131 rescripsit
1577 2063 1641 2114 ut
1691 2061 1887 2115 omnis
1944 2061 2173 2132 generis

516 2162 662 2203 usus
716 2148 1092 2217 prmtextibus
1152 2164 1273 2203 rem
1330 2148 1678 2216 extraheret,
1731 2147 2174 2221 imperatorque

516 2235 589 2290 ab
620 2251 687 2290 eo
720 2235 973 2291 Iactatus
1020 2236 1451 2308 quinquaginta
1499 2238 1763 2309 quinque
1813 2237 1938 2291 dies
1969 2244 2175 2295 contra

518 2325 666 2379 471
704 2325 887 2380 animi
920 2326 1273 2381 sententiam
1318 2326 1541 2381 Diaboli
1574 2326 1833 2382 haareret.
1866 2328 1937 2381 At
1967 2328 2169 2382 Achri-

526 2412 619 2468 dis
637 2414 947 2485 praefectus
972 2414 1404 2485 Daphnomelus
1425 2414 1635 2470 certior
1658 2417 1844 2471 factus
1862 2415 2172 2488 imperato-

526 2517 650 2557 rem
674 2502 745 2557 de
769 2503 1153 2575 opprimendo
1172 2504 1367 2559 Ibatza
1388 2520 1517 2561 esse
1534 2503 1875 2575 sollicitum,
1905 2505 2171 2561 instituto

524 2606 631 2647 suo
661 2608 793 2647 cum
839 2594 1069 2648 duobus
1118 2609 1372 2664 quorum
1419 2594 1471 2650 ei
1520 2600 1825 2665 perspecta
1871 2599 1997 2649 erat
2027 2595 2172 2650 fides

521 2680 758 2737 famulis
780 2683 1231 2752 communicato,
1256 2684 1753 2754 opportunitatem
1777 2690 2025 2740 venatus
2047 2701 2169 2739 rem

520 2770 603 2825 ita
620 2771 977 2843 aggreditur.
998 2771 1268 2827 Solemne
1285 2773 1501 2827 festum
1525 2773 1959 2844 Assumptionis
1980 2772 2173 2829 Maria)

520 2859 742 2916 Ibatzes
774 2860 1009 2931 publice
1039 2860 1395 2927 celebrabat,
1426 2862 1902 2933 vocabanturque
1934 2863 2004 2917 ad
2039 2879 2172 2918 con-

516 2947 738 3004 vivium
768 2949 840 3003 de
870 2966 1031 3005 more
1064 2965 1179 3004 non
1209 2949 1383 3004 vicini
1417 2951 1615 3015 modo,
1638 2952 1738 3004 sed
1770 2955 1825 3005 et
1857 2951 2167 3022 peregrini.

514 3038 601 3093 Ad
633 3054 762 3094 eam
794 3038 1169 3094 festivitatem
1205 3039 1543 3094 Eustathius
1576 3038 1725 3093 ultro
1758 3040 2167 3119 proficiscitur.

514 3136 780 3209 Cumque
821 3136 1126 3194 incidisset
1177 3138 1234 3191 in
1286 3138 1559 3193 custodes
1616 3136 1862 3207 viarum,
1899 3139 2169 3195 nuntiare

513 3226 722 3283 Ibatzes
745 3226 917 3297 jubet
956 3227 1305 3282 nominatim
1356 3243 1423 3282 se
1448 3227 1655 3282 adesse
1687 3233 1741 3281 et
1790 3243 2000 3298 cupere
2031 3245 2164 3283 cum

2284 1970 2319 2039 ἢ
2374 1968 2608 2042 πολέμῳ
2636 1974 2827 2025 τοῦτον
2856 1970 3344 2046 κατεργασάμενος.
3408 1968 3504 2025 Καὶ
3538 1970 3565 2024 6
3622 1971 3716 2042 μὲν
3777 1970 3928 2044 βασι-

2284 2057 2410 2121 λεὺς
2464 2056 2515 2113 ἄν
2566 2063 2645 2131 τῷ
2730 2058 2944 2134 ῥηθέντι
3012 2059 3167 2131 τόπῳ
3220 2057 3556 2136 φιλοχωρῶν
3614 2061 3926 2135 γράμμασιν

2281 2146 2542 2211 ἐνουθέτει
2577 2148 2668 2202 τὸν
2730 2143 2997 2218 Ἰϐάτζην,
3072 2149 3148 2220 μή
3208 2149 3305 2215 τῆς
3362 2146 3697 2224 Βουλγαρίας
3754 2150 3931 2221 πάσης

2286 2236 2643 2311 ὑποταγείσης
2676 2238 2836 2309 μόνον
2871 2235 3139 2312 ἀνταίρειν
3173 2242 3366 2312 χεῖρας
3399 2236 3559 2292 αὐτὸν
3612 2235 3751 2311 μηδὲ
3798 2260 3928 2316 φαν-

2279 2327 2529 2394 τάζεσθαι
2586 2327 2653 2380 τὰ
2705 2324 2986 2395 ἀτέλεστα,
3017 2325 3351 2400 γινώσκοντα
3390 2325 3462 2388 ὡς
3513 2325 3612 2380 οὐκ
3659 2325 3735 2388 εἷς
3795 2324 3929 2398 ὄνη-

2282 2435 2364 2469 σιν
2425 2414 2569 2486 αὐτῷ
2598 2415 2660 2469 τὸ
2692 2414 2996 2491 ἐγχείρημα
3048 2413 3381 2485 τελευτήσει.
3414 2416 3477 2471 Ὁ
3536 2413 3593 2470 δὲ
3637 2417 3704 2470 τὰ
3746 2417 3928 2491 γράμ-

2286 2525 2427 2577 ματα
2469 2502 2766 2579 δεχόμενος
2812 2505 2901 2559 καὶ
2957 2505 3160 2579 ἑτέροις
3210 2500 3592 2577 ἀμειϐόμενος,
3651 2504 3739 2559 καὶ
3800 2527 3931 2560 παν-

2278 2592 2431 2655 τοίας
2506 2593 2785 2667 προτιθεὶς
2854 2594 3127 2668 ἀφορμάς,
3195 2592 3458 2668 παρεῖλκε
3505 2593 3595 2647 καὶ
3651 2591 3935 2666 ἀνεδύετο,

2281 2682 2356 2743 ὡς
2405 2681 2805 2756 ἀναγκασθῆναι
2862 2684 2955 2737 τὸν
3024 2680 3248 2757 βασιλέα
3306 2680 3391 2737 ἐπὶ
3426 2681 3583 2737 πέντε
3612 2683 3703 2737 καὶ
3735 2686 3941 2756 πεντή-

2278 2790 2443 2824 κοντα
2499 2772 2709 2845 ἡμέρας
2770 2767 3106 2846 ἐνδιατρῖψαι
3166 2774 3246 2842 τῷ
3304 2769 3479 2842 τόπῳ,
3509 2777 3629 2834 ταῖς
3693 2771 3944 2849 ὑποσχέ-

2280 2880 2392 2913 σεσι
2446 2857 2856 2933 δελεαζόμενον.
2889 2860 3167 2934 Ἐγνώσθη
3224 2858 3291 2914 τά
3344 2864 3441 2914 τοῦ
3485 2859 3807 2936 πράγματος
3859 2867 3944 2935 τῷ

2277 2954 2377 3016 τῆς
2435 2946 2692 3025 ’Λχρίδος
2738 2947 2962 3025 ἄρχοντι
3012 2947 3289 3021 Εύσταθίῳ
3341 2953 3421 3020 τῷ
3452 2947 3810 3027 Δαφνομήλῃ,
3852 2951 3945 3007 ὃτι

2283 3045 2433 3119 μέλει
2464 3052 2543 3119 τῷ
2578 3047 2793 3113 βασιλεῖ
2820 3051 2854 3117 ἡ
2886 3051 2982 3102 τοῦ
3039 3042 3251 3117 Ἰϐάτζη
3284 3047 3612 3123 καθαίρεσις.
3646 3047 3747 3105 Καὶ
3795 3046 3946 3118 δῆτα

2276 3136 2462 3211 καιρὸν
2548 3134 2854 3207 ἐπιτήδειον
2932 3136 3212 3211 εὑρηκὼς,
3277 3137 3367 3191 καὶ
3441 3134 3559 3191 δυσὶ
3636 3136 3941 3212 θεράπουσι

2275 3229 2385 3279 τῶν
2448 3225 2859 3280 πιστικωτάτων
2923 3224 3457 3301 κοινολογησάμενος
3527 3225 3616 3280 καὶ
3674 3227 3735 3280 τὸ
3802 3228 3941 3301 βού-

513 3315 642 3389 ipso
665 3314 928 3371 animum
948 3315 1290 3371 exhilarare.
1314 3315 1558 3370 Miratus
1581 3320 1669 3370 est
1694 3316 1913 3370 Ibatzes
1937 3316 2162 3372 hostem

2277 3312 2454 3387 λευμα
2510 3315 2843 3391 φανερώσας,
2902 3292 3266 3390 ἐγχειρεῖπῇ
3299 3292 3523 3388 πράξει.
3603 3292 3941 3386 Δημοτέλὴς

515 3420 623 3460 sua
654 3408 861 3475 sponte
890 3404 1084 3460 venire
1117 3420 1183 3459 ac
1213 3421 1275 3460 se
1306 3403 1565 3460 hostium
1602 3404 1873 3459 manibus
1903 3406 2160 3475 credere,

510 3492 709 3549 venire
756 3496 951 3552 tamen
996 3494 1199 3564 jussit,
1232 3493 1677 3563 admissumque
1724 3492 1891 3549 laetus
1939 3494 2165 3566 excepit

512 3584 687 3655 atque
716 3582 1019 3654 amplexus
1037 3587 1145 3638 est.
1172 3582 1359 3638 Finito
1392 3581 1608 3654 hymno
1634 3582 1947 3649 matutino,
1971 3584 2161 3638 omni-

508 3671 735 3742 busque
767 3672 900 3728 aliis
930 3673 989 3727 in
1013 3689 1121 3727 sua
1144 3672 1390 3743 dilapsis
1418 3672 1760 3739 diversoria,
1794 3672 2024 3727 Ibatzen
2045 3672 2159 3728 Eu-

509 3760 768 3817 stathius
800 3761 1041 3832 accedit,
1074 3764 1130 3816 et
1162 3762 1316 3832 quod
1340 3760 1580 3816 haberet
1609 3777 1734 3831 qua
1757 3761 2003 3816 seorsim
2025 3778 2157 3816 cum

504 3851 633 3922 ipso
653 3851 1085 3922 colloqueretur
1103 3851 1365 3922 apprime
1387 3850 1718 3906 necessaria
1744 3867 1809 3905 ac
1832 3850 1945 3921 ipsi
1967 3849 2154 3919 utilia,

506 3940 651 4011 petit
681 3944 746 3995 ut
790 3939 1000 4011 reliqui
1052 3938 1289 3995 interim
1339 3940 1642 3995 secedant.
1704 3939 1926 3993 Ibatzes
1957 3937 2155 3994 dolum

505 4045 624 4084 non
675 4031 956 4096 sentiens,
1000 4028 1230 4098 sibique
1279 4028 1518 4082 omnino
1570 4030 1931 4098 persuadens
1979 4033 2156 4084 Eusta

506 4118 701 4173 thium
732 4134 865 4173 cum
896 4117 1025 4189 ipso
1055 4116 1200 4172 velle
1243 4116 1580 4171 societatem
1614 4115 1948 4171 rebellionis
1978 4117 2152 4188 coire,

507 4216 747 4272 dimotis
778 4214 1204 4287 aliquantisper
1219 4212 1454 4280 famulis
1472 4230 1647 4268 manu
1672 4229 1804 4268 eum
1828 4215 2152 4285 apprehen-

506 4321 640 4361 sum
670 4306 730 4359 in
760 4304 1087 4374 pomarium
1120 4304 1415 4374 quoddam
1446 4301 1682 4356 abducit
1711 4319 1957 4373 opacum
1982 4304 2151 4359 arbo-

448 4422 459 4433 ~
505 4393 788 4464 ribusque
808 4393 893 4447 ita
919 4394 1098 4447 dense
1131 4392 1417 4446 consitum
1440 4395 1501 4444 ut
1526 4407 1597 4445 ne
1618 4408 1724 4445 vox
1756 4391 1992 4462 quidem
2016 4394 2151 4448 inde

505 4484 659 4538 472
690 4481 950 4537 exaudiri
1002 4484 1217 4553 posset.
1272 4481 1355 4535 Ibi
1408 4479 1597 4534 solum
1651 4481 1907 4536 Ibatzarn
1942 4488 2149 4538 nactus

502 4572 866 4641 Eustathius,
898 4571 1073 4627 homo
1106 4587 1278 4626 manu
1312 4573 1640 4641 promptus,
1662 4570 1719 4624 in
1752 4574 1964 4625 terram
1988 4571 2143 4627 illico

2272 3400 2437 3477 ἤγετο
2494 3404 2656 3479 ἑορτή
2712 3409 2791 3475 τῷ
2849 3398 3081 3477 Ἰϐάτζῃ,
3140 3405 3174 3472 ἡ
3234 3402 3498 3476 κοίμησις
3527 3406 3627 3472 τῆς
3659 3404 3940 3477 παναγίου

2271 3494 2361 3547 καὶ
2418 3494 2808 3566 Θεομήτορος.
2866 3492 3011 3547 Κατά
3063 3491 3265 3562 ταύτην
3318 3492 3416 3561 τὴν
3477 3490 3684 3567 ἡμέραν
3743 3490 3937 3557 εἷ’ώθει

2272 3579 2558 3655 συγκαλεῖν
2615 3581 2690 3643 εἷς
2752 3582 2988 3657 εὐωχίαν
3030 3580 3097 3636 οὐ
3154 3580 3283 3642 τοὺς
3312 3579 3691 3656 ἀγρογείτονας
3751 3582 3936 3653 μόνον

2268 3672 2358 3726 καὶ
2417 3671 2845 3746 ἀγχιτέρμονας,
2922 3666 3069 3724 ἀλλὰ
3140 3670 3231 3724 καὶ
3285 3674 3393 3723 τῶν
3453 3669 3530 3731 ὡς
3583 3668 3938 3746 πορρωτάτω

2267 3759 2536 3822 πολλούς.
2567 3766 2779 3814 Ἀπεισι
2808 3763 2936 3836 γοῦν
2963 3760 2991 3814 6
3022 3759 3325 3822 Εὐστάθιος
3349 3756 3689 3829 αὐτόκλητος
3718 3757 3798 3819 εἷς
3827 3761 3942 3829 τήν

2268 3849 2484 3923 ἑορτὴν,
2538 3849 2627 3904 καὶ
2686 3855 2802 3911 τοῖς
2862 3846 3221 3927 φυλάττουσιν
3280 3847 3518 3923 ἐντυχὼν
3576 3847 3672 3909 τὰς
3700 3844 3939 3914 διόδους

2267 3936 2629 4014 ἀπαγγέλλειν
2662 3936 2902 3993 ἐκέλευεν
2950 3936 3094 3999 ὅστις
3145 3935 3253 4007 εἴη,
3300 3936 3391 3991 καὶ
3442 3936 3525 3991 ὅτι
3573 3937 3798 4010 πάρεστι
3846 3943 3936 4011 τῷ

2265 4028 2492 4102 ἄρχοντι
2576 4027 3205 4103 συνευφρανθησόμενος.
3297 4023 3778 4101 Ἀπαγγειλάντων
3872 4023 3939 4083 δὶ

2260 4117 2492 4187 τούτων,
2566 4115 2617 4171 ἐν
2696 4116 2929 4188 θαύματι
3001 4116 3029 4170 6
3089 4110 3336 4185 Ἰϐάτζης
3396 4114 3555 4179 ἐτίθει
3616 4113 3667 4169 εἴ
3713 4111 3938 4187 δυσμε-

2264 4205 2363 4273 νὴς
2412 4203 2695 4280 ἄνθρωπος
2752 4204 3073 4280 αὐθαίρετος
3112 4202 3233 4273 ἥκει
3292 4204 3379 4258 καὶ
3442 4204 3629 4279 χερσὶν
3687 4199 3936 4258 ἐκδίδω-

2265 4314 2344 4345 σιν
2406 4293 2590 4347 έαυτὸν
2641 4291 2961 4366 πολεμίαις.
3022 4294 3214 4364 Ὅμως
3246 4291 3529 4370 ἀφιλέσθαι
3558 4289 3794 4361 κελεύει,
3827 4294 3937 4348 καὶ

2261 4379 2484 4436 ἐλθόντα
2516 4379 2726 4452 έδέξατό
2779 4403 2836 4437 τε
2888 4385 3205 4457 περιχαρῶς
3252 4380 3342 4435 καὶ
3391 4381 3693 4451 ἠσπάσατο.
3753 4385 3935 4456 “Apri.

2262 4468 2320 4524 δὶ
2373 4470 2718 4535 τελεσθέντος
2782 4474 2880 4525 τοῦ
2910 4468 3138 4534 ἑωθινοῦ
3178 4469 3372 4543 ὕμνου,
3423 4470 3513 4524 καὶ
3566 4490 3774 4524 παντων
3807 4475 3935 4525 τῶν

2262 4567 2681 4645 συνειλεγμένων
2738 4568 2812 4630 εἰς
2870 4568 2962 4629 τάς
3021 4565 3161 4630 ἰδίας
3216 4565 3609 4623 σκεδασθέντων
3670 4586 3946 4642 καταγω-

500 4664 837 4737 prosternit,
870 4678 1145 4734 genuque
1166 4661 1384 4733 pectori
1416 4662 1543 4730 ejus
1577 4660 1812 4715 innixus
1845 4678 2043 4718 vocem
2067 4663 2143 4733 ja-

2275 4657 2371 4725 νὰς,
2431 4659 2457 4711 ὁ
2518 4657 2812 4721 Εὐστάθιος
2879 4656 3127 4731 πρόσεισι
3174 4660 3251 4728 τῷ
3323 4651 3567 4730 ’16άτζῃ,
3615 4654 3703 4711 καὶ
3767 4654 3943 4726 ἀξιοῖ

499 4754 684 4809 centis
716 4751 1074 4820 intercludit,
1108 4752 1374 4821 duosque
1396 4767 1536 4804 suos
1565 4749 1817 4804 lamulos
1844 4752 2144 4806 celerrime

498 4842 808 4899 subvenire
829 4842 1018 4912 jubet,
1052 4839 1173 4912 qui,
1208 4844 1271 4893 ut
1300 4843 1424 4893 erat
1470 4839 1887 4909 compositum,
1920 4844 2142 4896 stantes

498 4938 554 4989 et
583 4931 813 4988 eventui
847 4931 1077 4995 intenti,
1128 4928 1481 4999 simulatque
1512 4928 1735 4982 domini
1766 4945 1873 4983 vox
1900 4929 2143 4985 auribus

496 5025 759 5092 ipsorum
784 5020 960 5075 allata
991 5024 1100 5085 est,
1134 5024 1469 5087 accurrunt,
1496 5018 1699 5072 Ibatzw
1722 5035 1785 5073 os
1815 5024 1972 5073 veste
1996 5020 2141 5087 inje-

496 5116 588 5166 cta
619 5112 918 5178 obturant,
955 5125 1027 5164 ne
1057 5109 1126 5162 ad
1160 5108 1288 5178 ejus
1311 5106 1622 5160 clamorem
1642 5106 1973 5162 confluente
1996 5107 2142 5161 mul-

495 5200 751 5256 titudine
781 5203 1024 5253 conatus
1057 5196 1480 5262 ﬁeretirritus;
1512 5199 1568 5250 et
1599 5195 1798 5249 oculos
1831 5196 1881 5250 ei
1913 5196 2140 5251 exscul-

493 5293 641 5360 punt
674 5306 687 5345 :
721 5294 999 5344 caecatum
1034 5286 1093 5341 in
1125 5286 1319 5342 aulam
1372 5284 1687 5355 projiciunt
1716 5288 1877 5340 extra
1908 5285 2137 5357 paradi-

490 5394 646 5445 sum,
681 5376 795 5449 ipsi
826 5378 882 5431 in
916 5375 1170 5430 sublime
1202 5375 1412 5429 domus
1465 5373 1828 5429 cmnaculum
1859 5375 2134 5441 evadunt,

488 5464 824 5536 strictisque
864 5464 1078 5536 gladiis
1124 5466 1466 5533 exspectant
1517 5461 1777 5516 hostium
1824 5464 2131 5534 impetum.

484 5562 726 5634 Cognito
758 5562 1014 5620 facinore
1064 5563 1274 5634 ingens
1323 5559 1603 5615 conﬂuxit
1651 5558 1986 5616 multitudo.
2021 5560 2133 5616 Alii

483 5651 715 5709 strictos
746 5651 1020 5709 manibus
1040 5650 1266 5723 gladios
1284 5653 1568 5715 tenentes,
1593 5646 1690 5704 alii
1715 5648 1937 5720 hastas,
1962 5666 2132 5706 arcus

480 5741 602 5816 alii,
640 5740 909 5801 nonnulli
957 5741 1201 5814 lapides,
1234 5738 1476 5812 quidam
1526 5736 1706 5810 ligna,
1740 5737 1926 5811 aliqui
1974 5740 2130 5796 faces

2252 4745 2379 4809 τοὺς
2411 4745 2615 4810 ἄλλους
2642 4746 2779 4820 πρὸς
2837 4746 3029 4820 μικρὸν
3091 4744 3344 4815 ἐκστῆναι
3379 4746 3455 4807 ὡς
3501 4746 3648 4820 τάχα
3684 4742 3935 4818 μέλλων

2254 4834 2412 4896 αὐτὸς
2462 4832 2794 4905 διαλέξεσθαι
2846 4836 2959 4889 κατ’
3013 4832 3151 4889 ἰδίαν
3203 4834 3326 4910 περί
3356 4855 3505 4897 τινος
3548 4835 3938 4908 ἀναγκαιοτά-

2251 4945 2349 4977 του
2381 4924 2468 4979 καὶ
2501 4923 2915 4988 λυσιτελοῦντος
2956 4923 3123 4995 αὐτῷ.
3162 4930 3240 4992 [Ρ.
3288 4925 3415 4997 725]
3465 4925 3525 4981 Ὁ
3582 4920 3638 4978 δὶ
3668 4924 3761 4977 τὸν
3822 4921 3937 4980 δό-

2255 5012 2348 5068 λον
2400 5014 2489 5068 καὶ
2532 5016 2631 5083 τήν
2690 5013 2901 5082 ἀπάτην
2964 5012 3040 5085 μὴ
3090 5014 3446 5083 κατανοήσας,
3506 5009 3652 5065 ἀλλὰ
3679 5015 3760 5082 τῷ
3795 5012 3932 5068 ὄντι

2251 5098 2546 5157 ύπολαὸὼν
2605 5102 2679 5164 ὡς
2725 5100 2976 5177 βούλεται
3029 5101 3120 5155 καὶ
3174 5100 3333 5162 αὐτὸς
3382 5103 3459 5162 εἷς
3510 5100 3750 5174 γενέσθαι
3802 5106 3937 5157 τῶν

2251 5193 2618 5246 συνιστώντων
2670 5191 2815 5263 αὐτῷ
2861 5192 2958 5260 τὴν
3011 5190 3362 5262 ἀποστασίαν,
3402 5188 3531 5252 τοὺς
3572 5188 3934 5263 θεράποντας

2253 5290 2444 5363 μικρὸν
2471 5291 2771 5355 ἀποστῆναι
2822 5287 3100 5359 κελεύσας,
3157 5296 3257 5359 τῆς
3299 5288 3488 5364 χειρὸς
3544 5286 3758 5343 ἐκείνου
3808 5284 3935 5344 λα-

2247 5373 2480 5451 ϐόμενος
2547 5373 2598 5432 ἕν
2653 5399 2759 5432 τινι
2817 5375 3126 5453 παραδείσῳ
3194 5377 3396 5452 εῗσάγει
3456 5381 3737 5452 συνηρεφεῖ
3794 5372 3939 5433 δεν-

2247 5464 2395 5543 δροις
2426 5468 2513 5521 καὶ
2561 5466 2862 5538 κοιλότητα
2918 5464 3123 5543 ἔχοντι,
3155 5466 3231 5529 ὡς
3268 5464 3408 5540 μηδὶ
3462 5466 3649 5544 φωνὴν
3681 5464 3938 5541 ἰξῃχεῖ-

2244 5568 2367 5621 σθαι
2426 5552 2676 5611 δύνασθαι
2730 5553 2818 5611 διὰ
2846 5556 2944 5625 τὴν
3002 5552 3369 5630 συνδενδρίαν.
3429 5555 3506 5613 Οὗ
3566 5553 3717 5616 έντὸς
3749 5555 3935 5630 γενό-

2247 5665 2406 5719 μενος
2458 5645 2487 5699 6
2530 5645 2853 5718 Εὑστάθιος,
2903 5642 2993 5700 καὶ
3028 5642 3419 5719 μεμονωμένου
3469 5642 3780 5716 λαθόμενος
3812 5648 3937 5702 τοῦ

2243 5729 2508 5808 Ἰϐάτζου,
2568 5733 2644 5800 εἷς
2697 5740 2801 5811 γῆν
2854 5753 2913 5790 τε
2960 5732 3120 5790 αὐτὸν
3182 5732 3338 5801 εὐθὺς
3386 5727 3718 5791 καταϐάλλει
3746 5773 3764 5805 ,
3819 5734 3933 5792 καὶ
