4038 6334
95 416 200 476 205

1231 407 1776 472 HISTORIARUM
1819 407 2368 472 COMPENDIUM.

3389 412 3511 474 206

93 567 161 617 τῳ
189 545 383 615 στήθει
413 541 773 618 προσερείσας
811 540 874 596 τὸ
921 541 1050 617 γόνυ
1107 540 1196 613 (ἦν
1253 541 1355 616 γὰρ
1406 537 1544 596 κατὰ
1585 543 1748 615 χεῖρα

1862 541 2155 608 ardentes,
2174 542 2480 599 materiam
2498 542 2598 599 alii
2624 543 2779 616 ignis
2808 559 3102 616 capacem,
3126 543 3512 600 accurrebant

94 634 357 709 γενναῖος)
388 636 586 688 τοῦτον
638 637 902 706 κατῆγχε,
933 629 1022 686 καὶ
1081 635 1200 688 τοῖς
1259 627 1407 684 δυσὶν
1451 629 1747 705 ὑπηρέταις

95 722 473 778 ἑνεκελεύσατο
535 721 754 797 βοηθεῖν
811 721 912 790 τὴν
951 720 1237 796 ταχίστην.
1266 720 1332 777 Οἱ
1375 717 1452 789 δὲ,
1509 719 1746 794 καθάπερ

97 812 504 883 σαντεθειμένον
564 809 655 880 ἦν,
714 809 994 882 ἱστάμενοι
1058 809 1151 864 καὶ
1207 805 1636 885 καραδοκοῦντες
1685 807 1748 861 τὸ

101 900 328 974 μέλλον,
366 901 444 962 ὡς
485 898 721 969 ἤκουσαν
752 903 852 964 τῆς
881 905 1066 977 φωνῆς
1109 902 1204 952 τοῦ
1253 898 1466 972 κυρίου,
1511 894 1745 972 ἕδραμόν

95 1013 143 1046 τε
200 989 430 1057 εὐθέως,
488 988 578 1044 καὶ
661 988 755 1042 τὸν
814 983 1057 1058 ’Ῑϐάτζην
1121 987 1476 1063 περισχόντες
1530 987 1620 1040 καὶ
1671 989 1749 1057 τῷ

96 1085 285 1157 χιτῶνι
346 1077 748 1156 ἀποφράξαντες
782 1077 952 1132 αὐτοῦ
993 1076 1058 1132 τὸ
1097 1077 1292 1150 στόμα,
1335 1076 1409 1138 ὡς
1469 1077 1544 1149 μὴ
1609 1075 1745 1150 βοή-

97 1192 181 1231 σας
212 1170 528 1244 περιστήσῃ
571 1166 783 1236 πλῆθος
842 1166 1026 1228 αὐτοῖς
1074 1165 1162 1220 καὶ
1219 1167 1491 1236 ἄπρακτον
1554 1166 1746 1219 ἀποτε-

96 1259 220 1333 λέσῃ
257 1258 324 1313 τὸ
375 1255 557 1333 ἔργον,
589 1254 986 1333 ἆποτυφλοῦσι,
1037 1253 1390 1326 τυφλωθέντα
1438 1251 1495 1308 δὲ
1551 1248 1748 1308 ἐκϐάλ-

95 1349 244 1403 λουσι
273 1351 379 1402 τοῦ
407 1343 740 1420 παραδείσου
766 1345 843 1408 εἷς
870 1344 968 1413 τὴν
1003 1341 1200 1415 αὐλήν.
1235 1343 1402 1398 Αὐτοὶ
1448 1339 1506 1396 δὲ
1563 1339 1638 1403 εἷ¹ς
1695 1362 1746 1395 τι

97 1436 344 1511 ὅπερῷον
380 1435 593 1508 οἴκημα
624 1431 838 1508 ὑψηλὸν
889 1429 1291 1508 ἀναδραμόντες
1348 1431 1440 1487 καὶ
1494 1431 1562 1487 τά
1621 1430 1746 1506 ξίφη

93 1527 414 1588 ἑλκύσαντες
483 1522 792 1599 ἐξεδέχοντο
867 1523 995 1586 τοῦς
1070 1519 1376 1596 μέλλοντας
1445 1520 1747 1596 προσιέναι.

94 1615 432 1677 Γνωσθέντος
481 1611 538 1669 δὶ
582 1617 682 1668 τοῦ
731 1610 1004 1688 δράματος
1053 1611 1293 1688 συνέρῥει
1342 1611 1560 1680 πλῆθος
1615 1609 1749 1683 ἀμύ-

94 1717 281 1775 θητον’
316 1705 374 1759 οἱ
427 1705 522 1776 μὲν
568 1703 670 1780 γάρ
722 1701 848 1780 ξίφη
899 1701 1222 1776 κατέχοντες
1252 1700 1304 1756 ἐν
1337 1700 1547 1776 χερσὶν,
1582 1699 1632 1754 οἱ
1692 1695 1750 1752 δὲ

93 1792 312 1869 δόρατα,
351 1795 404 1848 οἱ
435 1790 494 1848 δὲ
521 1788 670 1864 τόξα,
713 1793 765 1846 οἱ
818 1789 876 1846 δέ
924 1790 1140 1859 λίθους,
1172 1791 1224 1845 οἱ
1284 1787 1340 1844 δὲ
1395 1789 1551 1862 ξύλα,
1582 1787 1633 1843 οἱ
1693 1785 1750 1842 δὲ

92 1883 292 1946 δαλοὺς
312 1879 845 1955 καιομένουςβίλλοι
869 1878 925 1936 δὶ
939 1878 1080 1951 ὕλην
1105 1877 1431 1954 εὔπρηστον,
1451 1875 1597 1942 ἔθεον
1621 1878 1750 1953 βοηο

92 1973 428 2049 δρομοῦντες
467 1972 558 2026 καὶ
591 1970 931 2048 κεκραγότες·
958 1995 985 2022 ‹‹
1013 1971 1460 2048 Σφαττέσθωσαν,
1486 1967 1747 2022 καιέσθω-

93 2085 204 2131 σαν,
260 2059 512 2136 μεληδὸν
577 2061 1114 2134 κατατεμνέσθωσαν,
1166 2057 1342 2124 λίθοις
1401 2055 1746 2134 καταχωννύ-

93 2155 303 2208 σθωσαν
340 2151 394 2206 οἱ
444 2148 782 2225 παλαμναῖοι
833 2149 924 2205 καὶ
968 2146 1268 2225 ἀλιτήριον
1305 2149 1380 2221 μή
1437 2169 1522 2210 τις
1579 2143 1748 2225 φειδὼ

90 2241 324 2317 γενέσθω
356 2244 471 2296 τῶν
502 2235 845 2315 ἀλαστόρων.
880 2263 908 2291 ››
941 2236 1268 2314 Συνδρομήν
1310 2235 1367 2292 δὲ
1418 2237 1747 2310 θεασάμενος

94 2330 472 2401 ὂεύσ-τάθιος,
521 2328 612 2383 καὶ
663 2335 763 2398 τῆς
823 2329 1014 2383 ἑαυτοῦ
1067 2327 1400 2402 ἀπεγνωκὼς
1453 2325 1748 2402 σωτηρίας,

91 2417 391 2496 παρεκάλει
448 2418 586 2480 τέως
633 2415 762 2480 τοὺς
817 2415 955 2490 ἀμφ’
1011 2415 1170 2471 αὐτὸν
1247 2412 1442 2490 ἄνδρας
1515 2413 1746 2490 ἀγαθοὺς

93 2509 346 2581 γενέσθαι
396 2506 491 2562 καὶ
545 2507 621 2580 μὴ
684 2504 1106 2580 μαλακισθῆναι,
1158 2500 1287 2578 μηδ’
1336 2503 1558 2568 ἑαυτοὺς
1612 2525 1748 2581 προ-

93 2595 272 2652 δοῦναι
334 2597 427 2651 καὶ
473 2596 548 2658 εἲς
597 2593 836 2666 ἰξουσίαν
885 2599 1065 2649 πεσεῖν
1119 2597 1226 2648 τῶν
1281 2593 1589 2664 ζητούντων
1647 2594 1746 2661 τὴν

93 2687 265 2742 αὐτῶν
317 2683 626 2753 ἀπώλειαν,
681 2684 772 2739 καὶ
831 2684 960 2758 παρ’
1006 2682 1221 2738 έκείνων
1297 2683 1396 2752 τήν
1475 2682 1749 2758 σωτηρίαν

92 2773 409 2851 διδέχεσθαι
467 2773 502 2843 ἢ
561 2771 786 2837 θάνατον
845 2771 1060 2848 οἲκτρὸν
1117 2771 1207 2827 καὶ
1258 2768 1549 2828 ἐπώδυνον.
1605 2772 1750 2848 Πρὸς

93 2863 232 2920 the
262 2862 493 2933 πλῆθος
549 2858 656 2920 ἀπό
710 2882 858 2924 τινος
916 2858 1139 2938 θυρίδος
1197 2860 1481 2936 προκύψας
1535 2861 1622 2916 καὶ
1677 2863 1748 2935 τῇ

92 2956 231 3030 χειρὶ
262 2949 630 3028 κατασιγάσας
661 2951 754 3007 τὸν
786 2946 962 3026 ὄχλον
989 2946 1220 3005 τοιῶνδε
1250 2947 1430 3026 λόγων
1450 2949 1746 3026 ἀπήρξατο·

97 3069 118 3094 ι
147 3045 276 3101 Ὀτι
339 3042 463 3114 μὶν,
496 3039 542 3095 ὦ
585 3037 771 3114 ἄνδρες
828 3041 880 3095 οἱ
931 3038 1356 3116 συνειλεγμένοι,
1392 3035 1624 3112 οὐδεμία
1669 3060 1752 3103 τις

95 3125 462 3209 προαπέκειτό
502 3150 595 3204 μοι
644 3129 911 3205 ἀπέχθεια
965 3128 1103 3203 πρὸς
1147 3128 1239 3183 τὸν
1285 3126 1540 3203 ὑμέτερον
1589 3125 1750 3182 δυνά-

101 3243 243 3293 πην,
274 3219 373 3276 καὶ
437 3220 596 3293 ὗμεῖς
636 3217 788 3273 αὐτοὶ
840 3217 1036 3280 πάντες
1085 3216 1276 3291 ἐρεῖτε,
1307 3211 1546 3292 ἀκριϐῶς
1605 3214 1746 3272 εἶδό-

1863 629 2237 702 opitulatum,
2271 632 2655 689 vociferantes
2678 651 2689 689 :
2709 657 2736 684 ‹‹
2767 633 3140 706 Jugulantor,
3158 637 3506 697 cremantor,

1856 721 2230 776 membratim
2261 722 2670 792 conciduntor,
2693 723 2990 794 lapidibus
3021 725 3347 780 obruuntor
3377 739 3506 779 sce-

1855 807 1986 864 lesti
2023 826 2037 866 :
2073 827 2244 866 nemo
2282 811 2588 884 ﬂagitiosis
2635 811 2792 868 hisce
2823 819 3043 884 parcat.
3076 832 3108 866 υ
3139 813 3504 870 Concursum

1858 914 2102 955 cernens
2133 901 2494 968 Eustathius,
2520 901 2752 957 tametsi
2786 902 2856 957 de
2885 902 3074 958 salute
3104 919 3214 958 sua
3242 903 3506 976 despera-

1857 993 1967 1056 rat,
2000 993 2191 1044 tamen
2227 1006 2364 1045 suos
2404 989 2750 1046 hortabatur
2794 997 2858 1046 ut
2891 992 3086 1047 animo
3117 997 3315 1048 essent
3346 992 3500 1062 forti,

1857 1093 2046 1149 neque
2066 1078 2471 1137 emollirentur
2491 1087 2592 1135 aut
2622 1097 2684 1136 se
2710 1080 2870 1152 ipsos
2891 1081 3162 1138 hostibus
3195 1083 3505 1153 proderent

1859 1165 2044 1237 iisque
2076 1168 2352 1223 dederent
2381 1167 2479 1239 qui
2503 1169 2764 1240 ipsorum
2801 1176 3044 1227 mortem
3077 1172 3501 1243 desiderarent,

1859 1273 2002 1311 neve
2033 1257 2103 1311 ab
2135 1257 2208 1311 iis
2239 1257 2488 1313 salutem
2524 1260 2719 1330 potius
2769 1276 2832 1315 se
2863 1266 3284 1317 consecuturos
3326 1278 3504 1334 quam

1859 1344 2071 1400 misere
2096 1345 2466 1402 interfectum
2492 1347 2562 1402 iri
2595 1353 2890 1419 putarent.
2918 1350 3044 1422 Ipse
3071 1366 3173 1422 per
3194 1350 3505 1407 fenestram

1859 1435 2176 1506 quamdam
2207 1436 2278 1490 ad
2307 1437 2540 1491 turbam
2569 1437 2952 1508 prospiciens,
2987 1455 3315 1510 manusque
3344 1445 3508 1496 motu

1858 1522 2157 1578 silentium
2210 1525 2364 1579 473
2413 1524 2752 1594 conficiens,
2801 1526 2884 1581 ita
2939 1544 3068 1582 eam
3119 1533 3210 1584 est
3247 1528 3504 1585 affatus:

1861 1631 1890 1661 «ι
1916 1610 2120 1666 Nullas
2151 1612 2365 1677 mihi,o
2386 1612 2721 1680 multitudo,
2742 1631 2874 1668 cum
2895 1621 3086 1670 vestro
3110 1617 3371 1689 principe
3399 1617 3510 1689 pri-

1857 1701 2036 1756 vatim
2098 1702 2500 1758 intercessisse
2559 1703 2898 1760 inimicitias
2945 1705 3032 1760 vel
3089 1706 3202 1779 ipsi
3239 1707 3509 1778 judicare

1857 1791 2125 1862 potestis.
2158 1791 2215 1846 Is
2248 1791 2404 1846 enim
2439 1791 2724 1863 Bulgarus
2747 1799 2855 1864 est,
2876 1810 2982 1866 ego
3013 1798 3506 1868 Romanus,quod

1857 1879 2022 1934 vobis
2051 1884 2141 1935 est
2171 1879 2566 1935 notissimum.
2604 1881 2802 1952 Neque
2845 1882 3142 1940 Romanus
3173 1901 3279 1956 ego
3311 1900 3442 1940 sum
3476 1901 3505 1942 e

1857 1967 2106 2023 Thracia
2134 1973 2237 2023 aut
2268 1968 2607 2025 Macedonia
2653 1971 2961 2038 oriundus,
2995 1973 3095 2026 sed
3131 1989 3199 2027 ex
3228 1973 3364 2028 Asia
3394 1974 3505 2028 mi-

1857 2073 2036 2124 nore;
2069 2073 2196 2129 quis
2227 2062 2448 2128 quanto
2481 2058 2557 2113 sit
2577 2059 2766 2130 spatio
2789 2077 2822 2115 a
2850 2064 3040 2116 vestra
3071 2062 3258 2133 patria
3274 2061 3504 2131 dissita,

1857 2146 2027 2218 periti
2059 2152 2298 2202 norunt.
2329 2147 2459 2202 Jam
2511 2148 2920 2220 prudentiores
2949 2149 3006 2205 id
3040 2167 3156 2206 non
3189 2150 3510 2208 difﬁculter

1850 2235 2227 2306 judicabunt,
2263 2252 2378 2292 non
2412 2244 2627 2293 temere
2654 2254 2745 2294 me
2775 2243 2876 2295 aut
2906 2240 3145 2307 frustra,
3179 2241 3280 2296 sed
3314 2255 3508 2298 neces-

1857 2326 2031 2381 sitate
2062 2323 2260 2396 aliqua
2291 2327 2664 2397 compulsum
2697 2327 2807 2383 hoc
2857 2328 3132 2384 facinoris
3163 2345 3505 2402 aggressum

1859 2413 2064 2470 fuisse.
2097 2413 2326 2485 Alioqui
2348 2431 2652 2486 nunquam
2676 2433 2767 2472 me
2786 2417 2841 2472 in
2863 2421 2981 2472 tam
3016 2418 3256 2474 evidens
3279 2420 3507 2491 pericu-

1857 2501 1981 2559 lum
2023 2507 2143 2558 tam
2193 2503 2494 2559 dementer
2542 2505 2917 2576 conjecturas
2966 2507 3213 2563 fueram.
3259 2509 3510 2566 Proinde

1858 2591 2058 2649 sciatis
2079 2593 2249 2663 jussu
2285 2593 2676 2665 imperatoris,
2712 2595 2997 2666 quidquid
3020 2598 3150 2667 ejus
3179 2602 3290 2665 est,
3325 2598 3510 2656 fuise

1858 2683 2102 2749 factum,
2128 2688 2184 2738 et
2232 2699 2365 2737 eum
2401 2698 2664 2738 mearum
2699 2700 2984 2740 manuum
3029 2702 3201 2742 usum
3235 2688 3508 2744 ministe-

1859 2770 1964 2825 rio.
2000 2771 2147 2843 Ergo
2179 2770 2228 2827 si
2261 2787 2354 2826 me
2382 2769 2562 2826 vultis
2611 2772 2895 2840 occidere,
2931 2791 3072 2830 sane
3102 2775 3508 2834 circumdatus

1857 2859 1920 2914 in
1951 2864 2142 2916 vestra
2171 2877 2304 2915 sum
2330 2865 2615 2932 potestate
2645 2880 2664 2916 :
2696 2878 2880 2933 neque
2909 2868 3106 2920 tamen
3141 2865 3304 2921 nullo
3332 2883 3510 2939 nego-

1857 2949 1939 3005 tio
1978 2966 2086 3005 nos
2117 2949 2454 3017 conﬁcietis,
2502 2967 2694 3022 neque
2741 2953 2924 3009 armis
2976 2955 3260 3027 depositis
3305 2962 3510 3012 vestrae

1860 3055 1968 3094 nos
1997 3039 2336 3095 tractandos
2383 3041 2826 3097 committemus
2858 3041 3111 3114 libidini,
3147 3046 3250 3100 sed
3299 3046 3371 3101 ad
3413 3063 3508 3102 ex-

1859 3133 2115 3183 tremum
2147 3143 2332 3198 usque
2362 3127 2635 3200 spiritum
2665 3146 2768 3201 pro
2800 3137 3002 3188 nostra
3030 3133 3149 3188 vita
3179 3148 3509 3206 propugna-

1861 3217 2080 3274 bimus.
2123 3217 2342 3283 Quodsi
2389 3217 2835 3289 interficiemur,
2889 3222 3045 3293 quod
3097 3222 3220 3277 fieri
3273 3239 3511 3279 necesse

97 3289 186 3373 Si;
233 3311 314 3371 ὡς
356 3289 682 3384 Βούλγαρος
731 3306 826 3380 μὶν
874 3305 1055 3376 αὐτὸς,
1098 3289 1387 3380 Ῥωμαῖος-
1416 3303 1457 3360 δ’
1500 3305 1627 3381 ἐγὼ,
1657 3305 1749 3360 καὶ

1860 3310 1967 3376 est,
2000 3323 2134 3360 cum
2165 3309 2284 3360 tam
2337 3307 2503 3377 pauci
2535 3324 2568 3363 a
2597 3311 2722 3364 tam
2772 3309 2978 3366 multis
3019 3310 3397 3369 circumclusi
3427 3313 3511 3370 si-

97 3402 377 3473 Ῥωμαῖος
411 3397 484 3452 ού
513 3401 621 3452 τῶν
655 3395 740 3451 ἐπὶ
772 3395 985 3466 Θρᾴκης
1015 3396 1105 3450 καὶ
1144 3391 1483 3458 Μακεδονίας
1535 3394 1749 3449 οἰκούν-

97 3486 381 3557 των,ἇλλ’
418 3486 482 3542 ἐκ
533 3489 635 3551 τῆς
693 3490 889 3561 μικρᾶς
949 3483 1154 3552 Ἀσίας,
1204 3484 1327 3553 ἥτις
1376 3483 1501 3539 ὅσον
1553 3483 1749 3558 ἀπέχει

102 3580 271 3652 ὑμῶν,
304 3575 484 3632 ἴσασιν
527 3575 580 3630 οἱ
626 3576 1006 3651 γινώσκοντες.
1038 3574 1163 3631 Ὅτι
1213 3571 1270 3628 δὲ
1315 3572 1405 3628 καὶ
1453 3572 1613 3636 αὐτὸς
1669 3577 1749 3646 τῷ

95 3669 327 3740 τοιούτῳ
359 3665 701 3741 ἐπεχείρησα
731 3658 875 3738 ἔργῳ
914 3663 1015 3718 οὐκ
1062 3661 1182 3732 εἰκῆ
1233 3664 1322 3718 καὶ
1375 3663 1574 3736 μάτην,
1608 3660 1752 3717 ἀλλά

96 3777 172 3822 τις
231 3758 304 3830 μὶ
360 3753 689 3825 κατήπειξεν
745 3753 973 3828 ἀνάγκη,
1033 3749 1304 3828 λογιεῖσθε
1359 3753 1411 3806 οἱ
1469 3753 1752 3830 φρονιμώ-

99 3867 262 3921 τεροι.
287 3845 366 3900 Ού
400 3845 507 3920 γάρ
539 3840 599 3897 ἂν
632 3841 775 3897 οὕτω
813 3838 1104 3915 μανιωδῶς
1140 3840 1218 3904 εἷς
1256 3838 1532 3914 προῦπτον
1585 3840 1750 3913 ἐμαυ-

100 3938 182 3989 τὸν
226 3933 497 4013 ινιρριψα
542 3929 789 3986 κίνδυνον
838 3930 928 3985 καὶ
973 3936 1075 4000 τῆς
1125 3929 1364 4003 ἐμαυτοῦ
1419 3933 1564 3999 ζωῆς
1626 3951 1752 3984 κατ-

103 4026 396 4100 ᾷρόνησεε,
431 4020 481 4077 εἲ
517 4022 594 4092 μή
625 4041 710 4082 τις
736 4019 804 4086 ἦν
857 4019 1003 4088 ἄλλη
1047 4017 1195 4074 αἶ’τία
1242 4021 1276 4089 ἡ
1328 4017 1629 4094 βιασαμένη
1690 4039 1756 4091 με

104 4114 229 4186 πρὸς
275 4113 380 4177 τήν
427 4109 620 4185 πρᾶξιν
675 4107 875 4165 ἐλθεῖν.
915 4109 1056 4163 Ἵστε
1093 4106 1185 4162 οὖν
1237 4108 1310 4169 ὡς
1355 4108 1418 4162 τὸ
1461 4107 1754 4182 γενόμενον

104 4200 252 4277 Ιργον
285 4199 624 4277 πρόσταγμα
683 4195 955 4272 βασιλέως
1000 4195 1162 4265 ἐστὶν,
1195 4197 1240 4269 ᾧ
1289 4199 1602 4271 πειθαρχῶν
1648 4195 1758 4271 ἐγὼ

105 4291 172 4353 ἐκ
215 4288 456 4366 ὄργανον
511 4284 834 4357 διηκόνησα.
865 4287 950 4359 [Ρ.
980 4288 1109 4360 716]
1163 4289 1261 4341 Καὶ
1308 4289 1399 4340 νῦν
1456 4285 1502 4340 εἰ
1564 4284 1759 4359 βούλε-

108 4379 188 4443 σθέ
243 4400 314 4454 με
354 4375 826 4452 διαχειρίσασθαι,
886 4371 1005 4429 ἰδοῦ
1047 4375 1134 4451 ὑφ’
1185 4376 1338 4448 ὑμῶν
1399 4373 1508 4448 ἐγὼ
1556 4395 1760 4450 περιει-

1859 3412 2014 3464 mus,
2046 3400 2292 3450 mortem
2327 3410 2456 3451 eam
2493 3395 2719 3452 felicem
2761 3399 3201 3471 deputabimus,
3233 3417 3368 3458 eum
3400 3402 3507 3458 ha-

1859 3483 2038 3539 bituri
2070 3483 2377 3556 sanguinis
2406 3486 2591 3540 nostri
2625 3486 2897 3554 ultorem,
2929 3489 3021 3544 cui
3070 3505 3208 3544 num
3242 3491 3340 3547 diu
3373 3508 3508 3563 pos-

1859 3573 1991 3629 sitis
2022 3573 2293 3629 reluctari
2339 3574 2642 3630 vobiscum
2693 3581 2977 3648 reputate.
3015 3600 3042 3627 »
3093 3579 3210 3635 Ηοο
3239 3597 3509 3639 sermone

1860 3662 2080 3727 audito,
2117 3662 2391 3718 colluvies
2431 3663 2543 3719 ista
2585 3664 2953 3736 imperatoris
2985 3672 3206 3724 terrore
3255 3670 3509 3740 perculsi

1861 3751 2141 3822 paulatim
2174 3751 2269 3805 alii
2289 3751 2568 3806 aliorsum
2589 3752 2857 3824 dissipati
2888 3755 3213 3812 difﬂuxere.
3238 3759 3508 3817 Seniores

1863 3857 1930 3896 ac
1961 3842 2115 3896 474
2140 3840 2446 3912 prudentia
2481 3842 2912 3913 antecedentes,
2949 3845 3094 3901 bene
3125 3847 3372 3903 ominati
3399 3847 3512 3904 im-

1863 3929 2138 4003 peratori,
2167 3928 2558 3985 obedientiam
2610 3931 3024 4001 promiserunt.
3058 3935 3142 3990 Ita
3173 3937 3516 3994 Eustathius

1864 4020 2096 4074 nemine
2130 4019 2485 4090 impediente
2519 4020 2751 4075 lbatzen
2785 4023 2856 4076 ad
2891 4022 3306 4093 imperatorem
3340 4027 3519 4082 addu-

1864 4110 1968 4165 xit.
2001 4111 2320 4180 Imperator
2370 4109 2747 4164 Eustathium
2780 4111 2852 4165 ob
2886 4117 3003 4166 tam
3057 4115 3400 4185 praeclarum
3435 4117 3523 4173 fa.

1867 4199 2038 4254 cinus
2069 4197 2466 4252 collaudatum
2499 4198 2795 4269 Dyrrachii
2822 4201 3160 4272 praefectum
3194 4207 3523 4279 constituit,

1870 4291 1927 4343 et
1957 4286 2153 4342 omnia
2186 4284 2426 4340 mobilia
2457 4285 2659 4341 lbatzaa
2691 4287 2846 4343 bona
2893 4289 2942 4344 ei
2976 4291 3128 4348 dono
3161 4293 3340 4365 dedit,
3375 4296 3527 4354 Ibat-

1874 4393 2002 4431 zam
2035 4377 2092 4429 in
2126 4374 2452 4430 custodiam
2484 4375 2746 4432 tradidit.

107 4467 414 4541 λημμένος.
450 4463 608 4534 Πλὴν
655 4464 757 4521 οὐκ
803 4463 1046 4527 εὐκόλως
1100 4461 1226 4520 ούδὶ
1286 4461 1484 4541 ῥᾳδίως
1517 4462 1622 4538 ἐγὼ
1655 4465 2054 4535 ἀποθανοῦμαι,
2087 4459 2212 4517 οὐδὲ
2241 4463 2488 4524 καταθεὶς
2516 4463 2583 4518 τὰ
2611 4462 2756 4518 ὅπλα
2799 4465 3028 4538 ἐμαυτὸν
3058 4468 3364 4545 παραδώσω
3396 4473 3526 4548 ύμῖν

109 4558 174 4618 ὡς
199 4556 477 4624 βούλεσθε
506 4556 773 4630 χρῆσθαι,
804 4553 934 4610 ἀλλ’
964 4555 1302 4630 ἀγωνιοῦμαι
1333 4553 1456 4629 περὶ
1485 4560 1585 4622 τῆς
1617 4552 1820 4616 οἰκείας
1854 4558 2021 4622 ζωῆς,
2049 4551 2138 4606 καὶ
2173 4552 2340 4638 μέχρι
2373 4553 2601 4615 θανάτου
2632 4554 2940 4628 ἀμυνοῦμαι
2966 4559 3093 4621 τοὺς
3145 4560 3388 4625 ἐπιόντας
3415 4565 3528 4638 ἅμα

105 4651 212 4708 mi;
240 4647 338 4700 σὺν
372 4644 528 4717 ἐμοί.
562 4643 622 4701 Et
648 4641 706 4698 δὶ
730 4645 822 4699 καὶ
854 4641 1182 4717 θανούμεθα,
1204 4641 1335 4715 ὅπερ
1369 4643 1572 4719 ἀνάγκη
1621 4647 1809 4706 παθεῖν
1856 4641 1984 4704 τοὺς
2024 4641 2127 4696 ὑπὸ
2175 4637 2440 4694 πλειόνων
2501 4647 3055 4720 περιστοιγισθέντας,
3088 4647 3381 4724 εὐδαίμονα
3436 4637 3526 4708 καὶ

115 4735 380 4810 μακάριον
440 4733 534 4789 τὸν
590 4733 814 4788 θάνατον
868 4731 1226 4808 λογιζόμεθα,
1267 4728 1485 4808 ἔχοντες
1543 4732 1634 4786 καὶ
1693 4732 1784 4787 τὸν
1844 4729 2121 4804 μέλλοντα
2170 4731 2256 4785 καὶ
2315 4730 2379 4785 τὸ
2427 4729 2692 4808 ἡμέτερον
2753 4732 3046 4806 ἐκζητῆσαι
3102 4739 3191 4793 καὶ
3250 4738 3525 4812 ἐκδικῆσαι

114 4825 261 4896 εἷμα,
293 4824 441 4897 πρὸς
497 4823 558 4877 ’ὸν
611 4821 976 4898 βουλεύσασθε
1024 4821 1070 4876 εἰ
1119 4818 1341 4877 δυνατὸν
1395 4822 1526 4896 ἁχρι
1575 4819 1795 4876 πολλοῦ
1825 4820 2188 4876 ἀνθίστασθαι.
2222 4845 2250 4872 ››
2276 4820 2488 4874 Τούτων
2516 4821 2839 4886 ἀκούσαντες
2866 4825 2916 4878 οἱ
2951 4830 3396 4902 συνηθροισμένοι
3422 4837 3530 4887 τῶν

117 4911 445 4986 λόγων,Μῖ
499 4915 582 4983 τῷ
645 4911 705 4966 ὲκ
764 4908 1034 4987 βασιλέως
1089 4907 1195 4966 δέει
1252 4909 1707 4986 καταπλαγέντες,
1731 4911 1869 4965 κατά
1929 4910 2120 4985 μικρὸν
2189 4908 2541 4984 ὑπορρέοντες
2600 4908 2763 4965 ἄλλοι
2808 4911 3034 4989 ἀλλαχῆ
3064 4913 3531 4994 διεσκεδάσθησαν,

117 5003 168 5055 οἱ
219 5000 584 5076 γηραιότεροι
643 4997 701 5055 δὶ
754 4997 844 5054 καὶ
903 4999 1304 5077 φρονιμώτεροι
1359 5000 1452 5054 τὸν
1507 4998 1732 5075 βασιλέα
1763 4999 2172 5077 εύφημήσαντες
2202 4997 2564 5072 ὑπετάγησαν.
2599 5000 2658 5056 Ὁ
2689 4997 2734 5054 δ’
2780 5000 3075 5067 Εὗστάθιος
3123 5007 3257 5062 κατὰ
3311 5008 3534 5080 πολλὴν

119 5089 296 5146 Batus
353 5090 454 5146 τὸν
509 5084 757 5173 Ἰβάτζην
812 5087 1060 5160 εἰληφὼς
1114 5093 1192 5161 τῷ
1249 5088 1466 5165 βασιλεῖ
1518 5086 1846 5162 διεκόμισεν.
1879 5090 1974 5146 Ὃν
2034 5088 2190 5149 οὗτος
2241 5083 2658 5173 ἀποδεξάμενος
2694 5095 2796 5158 τῆς
2844 5088 3205 5167 ἀνδραγαθίας
3237 5099 3535 5173 στρατηγόν

118 5198 172 5234 τε
199 5179 360 5241 εὐθὺς
390 5172 743 5252 προύϐάλετο
775 5175 1085 5254 Δυῤῥαχίου
1116 5176 1204 5232 καὶ
1232 5177 1334 5246 τὴν
1365 5177 1568 5232 ἅπασαν
1597 5177 1827 5248 κινητήν
1861 5174 2082 5250 ὕπαρξιν
2117 5172 2429 5252 ἐδωρήσατο
2458 5179 2556 5230 τοῦ
2587 5169 2850 5246 Ἰϐάτζου·
2891 5183 3082 5235 τοῦτον
3120 5179 3178 5237 δὲ
3224 5169 3536 5261 παρέδωκεν

118 5266 358 5345 pluit.

183 5392 325 5452 Τότε
352 5390 450 5447 καὶ
479 5388 811 5461 Νικολιτζᾶς
839 5390 869 5446 ὁ
895 5389 1171 5455 πολλάκις
1202 5389 1432 5470 ληφθείς
1461 5391 1553 5447 καὶ
1591 5412 1749 5448 τοσαυ

1954 5392 2171 5448 Eodem
2204 5394 2464 5463 tempore
2512 5392 2824 5451 Nicolitzas
2871 5398 3073 5471 etiam,
3104 5401 3278 5458 toties
3328 5407 3544 5476 captus

117 5482 269 5544 τὲκις
348 5480 594 5559 ἀφεθεὶς,
650 5478 706 5536 ιν
761 5501 901 5536 τισιν
990 5476 1166 5556 ὄρεσιν
1244 5477 1643 5555 κρυπτόμενος,
1697 5482 1749 5536 ὡκ

1882 5481 2170 5552 totiesque
2218 5481 2524 5550 dimissus,
2558 5481 2620 5538 in
2671 5485 2974 5542 montibus
3023 5490 3376 5562 occultatus,
3409 5508 3545 5550 cum

435 5567 662 5644 δύναμις
713 5571 832 5627 κατ’
872 5569 1039 5626 αὐτοῦ
1093 5571 1182 5626 καὶ
1239 5575 1351 5627 τῶν
1401 5571 1456 5627 οἱ
1505 5571 1749 5626 συνόντωε

1886 5571 2168 5628 adversus
2199 5585 2332 5625 eum
2374 5569 2711 5628 mitteretur
2739 5573 2970 5646 cohors,
3003 5581 3060 5632 et
3103 5577 3205 5650 qui
3239 5595 3370 5637 cum
3417 5581 3550 5654 ipso

121 5662 174 5718 cl.
204 5661 303 5734 μὶν
343 5660 786 5738 προσεχώρησαν
832 5657 1097 5733 ἐθελοντὶ,
1129 5660 1182 5717 οἱ
1230 5657 1289 5716 δὲ
1334 5659 1654 5732 ἡλίσκοντο,
1687 5658 1749 5715 αὖ

1885 5662 2054 5717 erant
2079 5657 2292 5731 partim
2325 5656 2481 5715 ultro
2513 5660 2586 5716 ad
2616 5665 2912 5720 Romanos
2951 5667 3293 5736 transirent,
3329 5670 3552 5741 partim

121 5748 369 5825 τόμολος
417 5749 624 5808 κάτεισι
670 5748 866 5815 νυκτὸς
915 5749 994 5815 είς
1029 5750 1093 5808 τὸ
1141 5747 1528 5827 στρατόπεδον,
1576 5748 1667 5807 καὶ
1707 5753 1749 5805 τὲ

1889 5749 2260 5823 caperentur,
2283 5751 2457 5805 noctu
2484 5753 2696 5823 sponte
2710 5767 2818 5808 sua
2840 5751 2898 5809 in
2930 5759 3126 5812 castra
3149 5756 3552 5818 Romanorum
