4070 6334
535 401 652 460 207

1887 403 2208 465 GEORGII
2253 401 2593 463 CEDltENI

3825 397 3941 457 208

529 532 711 600 venit,
746 547 1040 603 manuque
1070 530 1322 604 pulsatis
1345 533 1570 591 foribus
1601 553 1665 592 se
1697 537 2046 594 nominatim
2079 537 2178 592 ad-

2299 533 2442 609 χειρὶ
2473 531 2708 608 κρούσας
2757 534 2854 602 τὴν
2897 531 3059 606 θύραν
3110 528 3508 608 προσήγγειλεν
3553 529 3738 585 ἑαυτὸν
3795 528 3943 593 ὅστις

533 639 663 679 esse
693 620 990 691 indicavit,
1027 638 1092 676 ac
1124 639 1336 696 corpus
1388 641 1565 681 suum
1599 626 1657 682 in
1693 631 2038 699 potestatem
2073 626 2182 682 im-

535 712 820 786 peratoris
846 713 1076 769 dedere.
1104 715 1212 770 Sed
1237 731 1370 771 eum
1397 717 1716 789 imperator
1738 736 1845 775 suo
1868 720 2182 790 conspectu

536 819 653 858 non
685 803 961 876 dignatus
993 804 1474 862 Thessalonicam
1510 809 1965 864 custodiendum
2001 806 2180 862 misit.

534 890 665 964 Ipse
695 892 870 948 rebus
901 893 1224 965 Dyrrachii,
1267 895 1547 952 Coloneiee
1581 914 1646 953 ac
1679 896 2046 971 Dryinopolis
2078 911 2184 968 suo

535 980 823 1036 arbitratu
854 982 1179 1038 rectissime
1211 985 1567 1054 constitutis,
1601 993 1656 1042 et
1687 987 2008 1059 provinciis
2041 1001 2185 1057 prte-

535 1069 682 1125 sidio
712 1071 1080 1142 ducibusque
1129 1073 1393 1142 munitis,
1431 1076 1838 1147 permissoque
1877 1080 1942 1130 ut
1973 1072 2184 1146 captivi

534 1158 807 1229 Romani,
837 1161 939 1230 qui
969 1160 1204 1233 vellent,
1248 1162 1328 1217 ibi
1378 1170 1706 1234 manerent,
1743 1165 1955 1238 reliqui
1987 1165 2183 1236 ipsum

532 1253 940 1322 sequerentur,
971 1250 1294 1307 Castoriam
1329 1253 1507 1308 venit.
1542 1253 1643 1309 Hic
1675 1255 1746 1310 ad
1779 1254 1972 1326 ipsum
2007 1254 2187 1309 addu-

532 1343 638 1394 ctae
686 1344 827 1394 sunt
874 1340 1000 1394 duae
1049 1340 1306 1396 Samueli
1359 1342 1508 1397 ﬁlias.
1563 1347 1696 1410 Quae
1742 1361 1876 1400 cum
1922 1343 2187 1398 viderent

534 1427 778 1483 Mariam
811 1430 1053 1485 Joannis
1074 1432 1372 1501 quondam
1395 1449 1629 1488 uxorem
1663 1432 2002 1505 imperatori
2031 1438 2184 1488 asta-

534 1533 615 1585 re,
637 1517 923 1589 impetum
956 1518 1014 1572 in
1037 1535 1166 1574 eam
1186 1521 1449 1577 fecerunt
1467 1526 1748 1594 tanquam
1770 1522 2182 1578 interfecturis.

535 1605 646 1661 Sed
679 1606 997 1678 imperator
1023 1624 1226 1663 earum
1277 1609 1552 1666 ferociam
1605 1611 1849 1677 sedavit,
1885 1610 2184 1682 pollicitus

536 1695 938 1767 amplissimas
956 1713 1018 1753 se
1035 1697 1181 1769 ipsis
1201 1715 1340 1770 epes
1355 1699 1731 1772 largiturum.
1752 1701 1995 1756 Mariam
2018 1705 2186 1756 zosta:

539 1800 782 1840 munere
837 1791 1103 1842 ornatam
1163 1804 1296 1843 cum
1355 1789 1494 1845 ﬁliis
1552 1789 1676 1845 suis
1731 1789 1937 1862 Cpolin
2000 1789 2184 1844 misit.

538 1875 687 1931 475
722 1874 942 1946 Xiphize
974 1893 1144 1949 porro
1190 1894 1367 1949 opera
1407 1895 1534 1950 quae
1567 1883 1734 1935 erant
1775 1879 1834 1934 in
1885 1877 2097 1935 Serviis
2129 1882 2186 1933 et

532 1966 708 2020 Sosco
740 1964 980 2020 castella
1022 1966 1220 2021 omnia
1269 1965 1390 2022 solo
1439 1973 1654 2038 mquat,
1687 1972 1742 2022 et
1788 1968 1845 2022 in
1880 1967 2188 2022 castellum

533 2057 744 2126 Stagus
773 2054 954 2110 venit.
988 2055 1072 2110 lbi
1106 2072 1168 2110 se
1219 2055 1334 2127 ipsi
1365 2057 1532 2112 oli‘ert
1578 2056 1890 2130 Elemagus
1924 2059 2189 2129 Belegra-

532 2143 738 2199 dorum
773 2143 1064 2214 princeps,
1095 2145 1290 2200 servili
1345 2145 1572 2215 habitu,
1605 2163 1738 2201 cum
1771 2146 2009 2218 collegis
2041 2148 2185 2203 suis.

533 2236 859 2306 Imperator
903 2235 1040 2289 inde
1097 2235 1360 2292 Athenas
1411 2237 1809 2309 proﬁciscens,
1862 2238 1922 2294 in
1981 2239 2188 2294 itinere

530 2323 840 2378 Zetunium
861 2323 1178 2390 transiens,
1197 2341 1332 2381 ossa
1350 2327 1736 2399 Bulgarorum
1757 2327 2188 2400 contemplatus

531 2411 858 2466 occisorum
917 2427 1032 2482 quo
1090 2415 1356 2484 tempore
1432 2413 1776 2471 Samuelum
1825 2414 2188 2486 Nicephorus

531 2499 728 2574 praelio
749 2500 920 2569 fudit,
949 2501 1278 2558 admiratus
1296 2508 1406 2569 est,
1429 2520 1494 2558 ac
1517 2504 1702 2558 multo
1736 2503 1925 2576 magis
1949 2520 2186 2558 murum

533 2590 595 2644 in
625 2589 1032 2664 Thermopylis
1065 2596 1427 2648 exstructum
1481 2593 1604 2666 (qui
1635 2594 1960 2650 etiamnum
1992 2593 2188 2649 Scelos

530 2680 794 2752 vocatur)
827 2684 977 2750 apud
1033 2681 1333 2752 Rupenam
1369 2683 1439 2737 ad
1472 2683 1849 2738 deterrendos
1881 2682 2186 2754 Bulgaros.

532 2768 606 2824 Ut
635 2769 889 2824 Athenas
919 2769 1099 2838 venit,
1123 2769 1378 2842 Deiparae
1410 2788 1511 2843 pro
1537 2770 1776 2827 victoria
1802 2773 2024 2844 gratias
2046 2770 2186 2843 egit,

529 2856 936 2930 templumque
971 2858 1231 2914 donariis
1263 2859 1594 2932 splendidis
1639 2877 1702 2915 ac
1735 2859 2060 2932 magniﬁcis
2092 2877 2186 2915 ex-

529 2947 778 3002 ornavit.
819 2947 963 3003 Hinc
993 2947 1197 3020 Cpolin
1230 2949 1423 3018 rediit,
1457 2949 1846 3021 invectusque
1875 2955 1964 3005 est
1987 2950 2193 3005 trium-

529 3036 722 3109 phans
751 3053 852 3108 per
881 3053 1130 3110 magnas
1163 3038 1314 3094 fores
1347 3040 1552 3094 Aurea:
1583 3044 1785 3111 portae,
1817 3044 2060 3095 ornatus
2093 3055 2189 3095 co-

531 3143 676 3182 rona
713 3143 890 3182 aurea
937 3141 1191 3198 superne
1244 3126 1508 3198 cristata,
1544 3127 1944 3200 prmeuntibus
1985 3129 2187 3198 Maria,

529 3214 786 3271 Samueli
820 3215 1055 3271 ﬁliabus
1099 3218 1156 3270 et
1203 3214 1448 3288 reliquis
1495 3216 1785 3289 Bulgaris.
1833 3221 2045 3272 Actum
2079 3216 2188 3273 hoc

2294 620 2378 692 εἷή
2436 623 2526 677 καὶ
2583 621 2667 678 ὅτι
2699 619 3064 697 παραδίδωσιν
3105 621 3365 683 ἑκουσίως
3396 621 3458 676 τὸ
3491 625 3650 692 σῶμα
3679 624 3755 692 τῷ
3790 621 3942 696 βασις

2293 710 2400 768 λεῖ.
2436 709 2612 769 Ἀλλὰ
2640 716 2830 767 τοῦτον
2868 712 2962 786 μὲν
2993 713 3022 766 6
3059 710 3316 788 βασιλεὺς
3339 708 3464 766 οὐδὲ
3494 707 3625 764 ἰδεῖν
3657 710 3946 784 ἠνέσχετο,

2294 800 2419 858 ἀλλ’
2451 801 2526 865 εἷς
2559 800 3259 876 Θεσσαλονίκην,ἐξέπεμψε
3289 806 3637 879 φρουρεῖσθαι
3662 798 3942 862 κελεύσας.

2294 891 2464 953 Αὐτός
2491 891 2547 947 δὲ
2588 893 2654 947 τὰ
2680 897 2777 947 τοῦ
2827 891 3135 969 Δυρραχίου
3193 891 3284 946 καὶ
3334 898 3435 961 τῆς
3483 888 3797 950 Κολωνείας
3853 889 3942 943 καὶ

2295 981 2764 1054 Δρυϊνουπόλεως,
2798 980 2873 1046 ὥς
2922 1003 2998 1052 πη
3046 977 3220 1036 ἐδόκει
3270 981 3420 1052 αὐτῷ
3472 980 3744 1057 βέλτιστα,
3777 999 3942 1033 κατα-

2293 1072 2650 1144 στησάμενος,
2708 1071 2794 1125 καὶ
2853 1069 3094 1148 φύλακας
3148 1075 3264 1131 τοῖς
3323 1069 3513 1143 θέμασι
3587 1069 3676 1123 καὶ
3749 1087 3944 1141 στρατ-

2292 1159 2459 1233 ηγοὺς
2519 1159 2832 1232 ἐπιστήσας,
2892 1159 2980 1214 καὶ
3052 1163 3158 1214 τῶν
3220 1156 3598 1234 αἰχμαλώτων
3653 1156 3941 1229 Ῥωμαίων

2291 1248 2420 1312 τοὺς
2460 1248 2832 1324 βουλομένους
2875 1249 3012 1303 κατὰ
3050 1248 3236 1324 γώραν
3287 1249 3460 1321 μένειν
3508 1245 3681 1316 ἐάσας,
3710 1245 3838 1307 τοὺς
3889 1243 3947 1300 δὲ

2295 1336 2522 1401 λοιποὺς
2577 1335 2796 1402 ἕπεσθαι
2855 1338 3184 1412 προστάξας,
3239 1336 3406 1406 ἦλθεν
3481 1335 3558 1399 εἷς
3610 1334 3943 1412 Καστορίαν.

2295 1429 2463 1484 Ἔνθα
2518 1429 2916 1504 προσήχθησαν
2978 1427 3128 1499 αὐτῷ
3180 1425 3464 1503 θυγατέρες
3522 1423 3616 1480 δύο
3677 1429 3776 1481 τοῦ
3836 1431 3946 1478 Σα-

2298 1515 2503 1588 μουὴλ,
2575 1515 2774 1578 αἳτινες
2854 1517 3172 1589 θεασάμεναι
3243 1515 3458 1592 Μαρίαν
3521 1517 3620 1585 τήν
3692 1512 3946 1572 Ἰωάννου

2292 1611 2518 1682 γυναῖκα
2546 1607 2955 1682 παρισταμένην
2985 1609 3064 1677 τῷ
3117 1601 3351 1680 βασιλεῖ,
3385 1602 3646 1679 ὥρμησαν
3696 1605 3812 1659 κατ’
3855 1603 3951 1657 αύ-

2292 1702 2393 1765 τῆς
2426 1696 2498 1757 ὡς
2550 1693 3041 1770 διαχειρισόμεναι.
3075 1692 3254 1750 ’Λλλᾶ
3290 1693 3510 1756 ταύταις
3559 1693 3654 1767 μὲν
3706 1691 3734 1748 ὀ
3789 1694 3949 1767 βασι-

2295 1785 2421 1848 λεὺς
2468 1785 2558 1840 τὸν
2619 1786 2787 1858 Ουμὸν
2848 1784 3245 1858 κατεκοίμισεν,
3276 1782 3656 1859 ὑποσχόμενος
3711 1785 3953 1857 τιμῆσαι

2294 1873 2382 1928 καὶ
2438 1873 2862 1948 ὑπερπλουτίσαι
2924 1873 3110 1943 αὐτὰς,
3165 1875 3264 1942 τὴν
3325 1869 3383 1927 δὲ
3435 1870 3645 1946 Μαρίαν
3707 1875 3787 1944 τῷ
3843 1878 3953 1940 τῆς

2302 1969 2510 2033 ζωστῆς
2579 1962 2848 2035 ἀξιώματι
2896 1963 3134 2035 τιμήσας
3208 1961 3282 2023 εἷς
3338 1963 3437 2031 τὴν
3497 1957 3751 2037 βασιλίδα
3811 1961 3955 2034 μετᾶ

2297 2056 2408 2106 τῶν
2467 2053 2599 2106 υἱῶν
2651 2049 2936 2124 ἐκπέμπει.
2971 2051 3229 2126 Καθαιρεῖ
3284 2047 3341 2105 δὲ
3394 2051 3484 2104 καὶ
3521 2049 3588 2104 τὰ
3612 2048 3664 2105 ἐν
3694 2045 3956 2125 Σερϐίοις

2298 2143 2387 2197 καὶ
2435 2146 2512 2213 τῷ
2562 2145 2754 2212 Συσκῷ
2795 2139 3026 2218 φρούρια
3063 2139 3237 2194 πάντα
3292 2137 3382 2194 διὰ
3433 2144 3528 2194 τοῦ
3584 2139 3804 2218 Ξιφίου,
3858 2139 3955 2194 καὶ

2299 2231 2373 2294 εἷς
2403 2228 2597 2308 ἔδαφος
2630 2230 3006 2304 καταστρέφει.
3033 2230 3138 2284 Καὶ
3172 2228 3247 2291 εἰς
3273 2229 3335 2283 τὸ
3392 2228 3650 2307 φρούριον
3706 2233 3963 2304 Σταγοῦς

2299 2319 2541 2396 ἔρχεται,
2573 2315 2695 2383 ἔνθα
2751 2314 3046 2374 κατέλαϐεν
3093 2320 3120 2372 ὁ
3171 2323 3276 2373 τῶν
3340 2315 3696 2394 Βελογραδων
3757 2320 3958 2394 ἅρχων

2302 2411 2436 2481 μετᾶ
2479 2406 2738 2464 δουλικοῦ
2782 2412 2877 2462 τοῦ
2924 2409 3212 2482 σχήματος
3265 2405 3592 2482 Έλεμάγος,
3649 2407 3784 2479 μετά
3840 2413 3958 2462 τῶν

2299 2499 2681 2574 συναρχόντων
2719 2497 2883 2551 αὐτοῦ
2911 2516 2922 2528 ⁸
2956 2495 3159 2560 ἐκεῖθεν
3219 2493 3350 2572 ἄρας
3409 2494 3613 2551 ἄπεισιν
3674 2495 3748 2558 εἷς
3781 2497 3961 2568 Ἀθή-

2295 2610 2411 2650 νας.
2447 2591 2531 2644 Ἐν
2595 2585 2652 2642 δὲ
2707 2592 2785 2659 τῷ
2843 2583 3032 2640 διιέναι
3085 2587 3147 2640 τὸ
3206 2585 3498 2656 Ζητούνιον
3541 2586 3610 2640 τὰ
3659 2585 3790 2640 ὀστᾶ
3841 2591 3960 2640 τῶν

2297 2679 2569 2733 πεσόντων
2648 2677 2821 2732 ἐκεῖσε
2885 2674 3240 2752 Βουλγάρων,
3295 2677 3382 2747 [Ρ.
3447 2677 3575 2748 717]
3637 2674 3882 2746 ὁπηνίκα
3931 2677 3961 2730 ὁ

2301 2767 2596 2842 μάγιστρος
2630 2763 2941 2842 Νικηφόρος
2975 2765 3002 2818 ὁ
3034 2764 3268 2837 Οὐρανὸς
3323 2765 3414 2820 τὸν
3475 2763 3741 2839 Σαμουὴλ
3797 2761 3960 2840 ἐτρέ-

2297 2860 2456 2930 ψατο,
2519 2857 2843 2928 θεασάμενος
2917 2853 3237 2928 ἐθαύμασεν.
3297 2854 3664 2929 Ὑπερηγάσῦη
3723 2853 3781 2908 δὲ
3859 2856 3959 2910 καὶ

2295 2947 2357 3001 τὸ
2403 2945 2455 3001 ἐν
2501 2943 2886 3020 Θερμοπύλαις
2937 2943 3224 3019 γενόμενον
3256 2949 3467 3019 τεῖχος,
3499 2945 3527 2998 ὃ
3560 2942 3766 3006 Σκέλος
3823 2942 3961 3022 ἄρτι

2296 3036 2750 3107 κατονομάζεται,
2783 3033 2860 3095 εἷς
2917 3033 3236 3107 ἀποτροπὴν
3287 3038 3395 3088 τῶν
3448 3031 3776 3109 Βουλγάρων
3843 3055 3959 3088 πα-

2300 3125 2367 3201 ρὰ
2388 3124 2797 3193 τοῦῬουπὲνη.
2849 3121 2954 3178 Καὶ
3015 3122 3065 3177 ἐν
3099 3123 3354 3194 Ἀθήναις
3383 3122 3677 3196 γενόμενος
3736 3123 3832 3178 καὶ
3891 3125 3967 3179 τὰ

2296 3221 2394 3284 τῆς
2420 3213 2575 3283 νίκης
2606 3211 2999 3287 εὐχαριστήρια
3053 3214 3123 3285 τῇ
3169 3211 3422 3285 Θεοτόκῳ
3475 3209 3623 3280 δοὺς,
3677 3212 3766 3267 καὶ
3819 3213 3964 3269 ἀνα-

530 3303 851 3360 indictione
896 3304 1172 3372 secunda,
1206 3321 1360 3360 anno
1392 3305 1463 3360 ab
1512 3305 1734 3377 origine
1780 3305 1986 3360 mundi
2016 3306 2177 3362 6527.

2299 3305 2500 3376 θήμασι
2547 3298 2784 3362 πολλοῖς
2841 3299 3120 3376 λαμπροῖς
3148 3301 3238 3356 καὶ
3266 3298 3596 3371 πολυτελέσι
3658 3304 3967 3375 κοσμήσας

527 3395 719 3465 Atque
749 3392 861 3448 hoc
893 3392 1068 3448 modo
1100 3393 1595 3465 prosequentibus
1618 3410 1750 3449 cum
1783 3393 2034 3450 victoriae
2059 3412 2185 3467 gra-

528 3481 862 3538 tulantibus
881 3481 1407 3540 acclamationibus
1420 3483 1697 3556 Magnum
1722 3484 1939 3557 templu
1952 3502 2004 3540 m
2029 3484 2182 3552 iniit;

532 3587 786 3642 cumque
815 3570 895 3626 ibi
938 3572 1200 3627 carmine
1235 3577 1468 3628 cantato
1520 3578 1634 3628 Deo
1682 3573 1900 3644 gratias
1932 3590 2034 3645 pro
2066 3577 2186 3629 tam

539 3659 691 3716 felici
723 3676 999 3716 successu
1025 3660 1262 3732 egisset,
1287 3662 1346 3716 in
1375 3661 1654 3733 palatium
1680 3661 1845 3717 abiit.
1876 3663 2186 3718 Beversum

535 3749 814 3806 victorem
845 3749 1084 3821 Sergius
1121 3750 1454 3820 patriarcha
1485 3750 1704 3822 prolixe
1735 3751 1918 3805 oravit
1941 3756 2004 3806 ut
2034 3752 2189 3822 quod

537 3854 600 3894 se
631 3840 922 3894 facturum
957 3838 1106 3894 bello
1141 3839 1446 3911 Bulgarico
1489 3839 1735 3895 feliciter
1764 3840 2024 3895 confecto
2057 3856 2192 3912 pro-

537 3928 801 3998 miserat,
832 3927 1233 4000 Allelengyum
1258 3928 1515 3984 aboleret
1547 3945 1559 3983 :
1596 3929 1697 3984 sed
1734 3927 1879 3982 nihil
1913 3929 2190 3984 obtinuit.

537 4022 728 4088 Atque
757 4018 807 4072 is
836 4017 1091 4088 Sergius,
1126 4032 1261 4072 cum
1296 4033 1398 4088 per
1426 4035 1611 4072 annos
1639 4020 1710 4071 20
1740 4017 2059 4073 Ecclesiam
2094 4018 2193 4074 Dei

539 4107 879 4162 moderatus
909 4110 1084 4171 esset,
1121 4105 1444 4161 indictione
1475 4108 1628 4161 476
1681 4108 1962 4175 secunda,
1996 4123 2197 4163 mense

537 4195 718 4265 Julio,
762 4209 916 4249 anno
967 4193 1172 4248 mundi
1203 4195 1344 4248 6527
1377 4196 1447 4249 ad
1498 4195 1808 4250 Dominum
1866 4196 2194 4266 emigravit.

539 4284 831 4340 Suﬁ‘ectus
861 4288 948 4338 est
979 4282 1030 4337 ei
1064 4284 1424 4353 Eustathius,
1459 4283 1728 4355 palatinas
1778 4285 1923 4339 tedis
1954 4286 2196 4358 presby-

537 4379 800 4429 terorum
834 4371 1130 4444 princeps.

2293 3393 2384 3447 τὸν
2441 3392 2589 3464 ναὸν,
2648 3391 2973 3464 ὑπέστρεψεν
3031 3389 3106 3453 είς
3181 3389 3783 3448 Κωνσταντινούπολιν.
3855 3395 3967 3449 Καὶ

2298 3479 2384 3536 διὰ
2411 3485 2518 3535 τῶν
2553 3478 2808 3556 μεγάλων
2842 3477 3030 3535 πυλῶν
3063 3482 3164 3545 τῆς
3190 3481 3404 3556 Χρυσῆς
3443 3480 3649 3556 πόρτης
3699 3481 3968 3558 στεφάνῳ

2296 3574 2488 3647 χρυσῷ
2542 3574 2654 3643 (65)
2718 3568 2886 3646 λόφον
2943 3567 3235 3645 ἐφύπερθεν
3297 3566 3479 3645 ἔχοντι
3558 3565 3967 3645 ἐθριάμϐευσεν

2298 3657 2754 3736 ἐστεφανωμένος,
2788 3659 3212 3732 προηγουμένης
3245 3659 3456 3734 Μαρίας
3511 3666 3611 3729 τῆς
3664 3663 3764 3714 τοῦ
3813 3660 3971 3715 Βλα-

2300 3743 2597 3812 δισθλάϐου
2627 3747 2882 3824 γυναικὸς
2909 3747 2998 3801 καὶ
3034 3751 3142 3802 τῶν
3173 3751 3269 3802 τοῦ
3308 3747 3576 3822 Σαμουὴλ
3633 3749 3968 3823 θυγατέρων

2297 3837 2387 3894 καὶ
2443 3841 2550 3891 τῶν
2605 3834 2811 3891 λοιπῶν
2859 3835 3218 3912 Βουλγάρων.
3250 3834 3545 3894 Ἰνὸικτιὼν
3577 3838 3642 3907 ἧν
3705 3837 3776 3912 β’,
3827 3836 3968 3904 ἔτος

2301 3928 2487 4003 γςφκζᾌ
2530 3926 2629 3982 Καὶ
2694 3925 2837 3980 οὕτω
2895 3927 3030 3998 μετὰ
3083 3925 3355 4000 τροπαίων
3405 3926 3495 3981 καὶ
3551 3927 3704 3997 νίκης
3765 3926 3822 3981 ἐν
3893 3934 3972 4003 τῇ

2302 4015 2522 4092 Μεγάλῃ
2554 4013 2849 4085 Ἐκκλησία
2888 4012 3166 4085 εἰσελθὼν,
3193 4015 3282 4070 καὶ
3312 4019 3391 4088 τῷ
3449 4020 3564 4089 Θεῷ
3618 4015 3980 4091 εὐχαριστη-

2306 4103 2454 4178 ρίους
2487 4102 2616 4175 ᾅσας
2649 4101 2814 4176 ᾠδὰς,
2849 4104 3090 4174 ἀπῆλθεν
3123 4103 3200 4166 εἷς
3227 4105 3294 4160 τὰ
3327 4103 3598 4180 βασίλεια.
3627 4111 3719 4163 Ὃν
3773 4108 3803 4162 ὁ
3863 4129 3984 4163 πα-

2303 4198 2576 4268 τριάρχης
2604 4193 2832 4268 Σέργιος
2871 4193 3005 4266 μετὰ
3034 4193 3188 4265 νίκης
3231 4193 3544 4258 εἰσελθόντα
3589 4194 3779 4250 πολλᾶ
3839 4219 3988 4254 κατ-

2307 4283 2556 4358 ελιπάρει
2587 4277 2769 4337 σϐέσαι
2801 4283 2861 4337 τὸ
2892 4280 3271 4359 ἀλληλέγγυον
3301 4285 3390 4356 (ἦν
3425 4284 3525 4360 γὰρ
3577 4284 3987 4359 ὑποσχόμενος

2309 4380 2535 4442 ποιῆσαι
2588 4371 2770 4442 τοῦτο,
2833 4371 2876 4426 εἰ
2923 4376 3029 4426 τῶν
3110 4370 3438 4449 Βυυλγάρων
3500 4373 3985 4451 ὑπερισχύσειεν),

539 4459 666 4515 ἀλλ’
699 4458 797 4514 οὐκ
826 4455 1059 4514 ἔπεισεν.
1091 4465 1180 4521 Ὃς
1208 4456 1295 4512 ἐπὶ
1328 4457 1529 4514 εἷ’κοσιν
1560 4458 1722 4523 ὅλους
1755 4459 2029 4524 ἐνιαυτοὺς
2061 4463 2162 4531 τὴν
2187 4467 2283 4519 τοῦ
2332 4467 2465 4517 Θεοῦ
2512 4462 2785 4534 ποιμάνας
2815 4458 3142 4532 Ἐκκλησίαν
3173 4459 3389 4535 Ἰουλίῳ
3433 4463 3585 4536 μηνὶ,
3615 4460 3988 4532 ίνδικτιῶνος

543 4551 612 4626 β’,
644 4548 696 4605 ἐν
726 4543 830 4604 ἔτει
860 4552 938 4620 τῷ
967 4549 1156 4625 ,ςφκζλ
1188 4548 1324 4624 πρὸς
1348 4548 1542 4625 Κύριον
1575 4548 1722 4621 ἐξεδή
1737 4572 1895 4624 μησε.
1927 4551 2024 4605 Καὶ
2057 4550 2382 4628 προεϐλήθη
2415 4551 2763 4626 πατριάρχης
2798 4551 3118 4625 Εὐστάθιος,
3152 4553 3369 4629 πρῶτος
3399 4550 3471 4608 ὣν
3501 4557 3613 4608 τῶυ
3662 4550 3988 4628 πρεσϐυτέ.

542 4661 650 4717 ρων
673 4643 769 4694 τοῦ
801 4638 851 4693 ἐν
875 4644 994 4700 τοῖς
1030 4635 1331 4713 βασιλείοις
1358 4644 1486 4693 ναοῦ
1509 4642 1640 4713 (66).

606 4731 860 4787 Subaeta
906 4729 1196 4800 Bulgaria,
1247 4729 1587 4801 imperatori
1636 4748 1696 4787 se
1746 4732 1972 4788 dedidit
2017 4733 2187 4789 etiam

2373 4733 2467 4803 Τῷ
2526 4727 2582 4784 δὲ
2662 4727 2878 4803 βασιλεῖ
2949 4730 3384 4809 προσερῥύησαν,
3441 4739 3542 4803 τῆς
3608 4732 3992 4813 Βουλγαρίας

537 4818 902 4878 contermina
941 4818 1370 4874 Chorbatorum
1421 4836 1565 4890 gens
1613 4825 1669 4876 et
1699 4821 1824 4890 ejus
1875 4822 2194 4893 principes,

537 4911 746 4966 fratres
806 4910 960 4976 duo;
1008 4908 1224 4979 quibus
1272 4909 1591 4979 imperator
1640 4909 1892 4965 honores
1939 4927 2004 4966 ac
2054 4928 2192 4983 opes

535 4999 763 5072 amplas
796 4997 1023 5053 tribuit.
1056 4999 1226 5053 Solus
1257 4999 1452 5053 adhuc
1482 4999 1796 5069 imperium
1827 5000 2194 5056 detrectabat

534 5091 740 5145 Sermo
775 5087 972 5142 Sirmii
1022 5087 1300 5142 dominus
1332 5088 1611 5159 Nestongi
1666 5089 1862 5144 frater.
1910 5090 1994 5143 Ad
2037 5089 2191 5145 hunc

534 5177 959 5235 Constantinus
993 5176 1276 5248 Diogenes
1328 5178 1592 5232 ﬁnitimae
1642 5177 1952 5249 provinciae
1985 5179 2187 5249 prafe-

535 5273 663 5323 ctus
695 5266 950 5338 legatum
1003 5265 1206 5334 mittit,
1241 5266 1583 5337 interposito
1606 5267 1997 5336 jurejurando
2029 5266 2186 5322 afﬁr-

535 5373 706 5412 mans
736 5369 950 5426 cupere
981 5369 1043 5410 se
1073 5354 1270 5426 ipsum
1320 5356 1628 5410 convenire
1660 5371 1726 5410 ac
1757 5355 1828 5411 de
1858 5356 2034 5411 rebus
2081 5371 2184 5412 ne-

2308 4817 2678 4890 ὂουλωθείσης
2719 4818 2886 4890 αὐτῷ,
2920 4820 3010 4874 καὶ
3056 4819 3123 4874 τὰ
3171 4820 3352 4895 ὅμορα
3398 4816 3523 4892 ἔθνη
3573 4826 3677 4878 τῶν
3729 4822 3989 4898 Χορϐα-

2300 4913 2430 4979 τῶν,
2466 4910 2735 4983 ἄρχοντας
2785 4906 3004 4983 ἔχοντες
3061 4905 3156 4964 δύο
3211 4907 3504 4989 ἀδελφοὺς,
3537 4912 3610 4966 ὦν
3652 4914 3990 4990 προσρυέν-

2299 5019 2404 5052 των
2472 4998 2561 5052 καὶ
2643 4998 2922 5071 ἀξιώματα
2990 4993 3268 5053 λαϐόντων
3339 4999 3429 5055 καὶ
3487 5003 3702 5071 κτήσεις
3766 5003 3992 5071 ἱκανὰς

2301 5087 2520 5157 ὑπήκοα
2551 5085 2734 5162 γέγονε
2784 5085 2874 5141 καὶ
2902 5087 2970 5141 τὰ
3001 5085 3149 5158 ἔθνη.
3183 5088 3360 5152 Μόνος
3413 5087 3471 5144 6‘s
3501 5091 3528 5145 6
3558 5095 3656 5146 τοῦ
3707 5097 3989 5168 Σιρμίου

2297 5182 2506 5249 κρατῶν
2568 5173 2801 5254 ἀδελφὸς
2853 5181 2950 5230 τοῦ
3010 5177 3326 5252 Νεστόγγου
3406 5179 3631 5253 Σίρμων
3713 5191 3987 5255 πιθῆσαι

2297 5264 2396 5320 οὐκ
2423 5263 2606 5334 ἤθελεο
2660 5265 2794 5340 πρὸς
2855 5265 2913 5319 ὃν
2970 5271 3376 5330 Κωνσταντῖνος
3425 5269 3452 5322 ὁ
3497 5271 3778 5346 Διογένης,
3851 5281 3985 5332 τῶν

2295 5353 2466 5408 ἐκεῖσε
2501 5358 2680 5429 μερῶν
2723 5351 2934 5430 ἄρχων,
2968 5352 3153 5434 φιλίαν
3206 5357 3635 5434 ὑποκρινόμενος
3680 5359 3989 5434 πρεσϐευ-

1719 5500 2096 5556 XYLANDRI
2138 5500 2222 5554 ET
2262 5499 2482 5556 GOARI
2522 5500 2754 5557 ΝΟΤίΕ.

600 5616 718 5690 (65)
748 5615 972 5690 corona
1012 5613 1160 5690 hwc‘
1185 5611 1556 5690 τροπαιουχία
1598 5619 1684 5690 est
1731 5615 1955 5683 Codini,
1981 5615 2186 5686 judice

534 5685 766 5746 Co‘res’io
797 5687 1055 5754 Chiensi,
1089 5685 1581 5759 triumphantium
1633 5685 2055 5761 imperatorum
2087 5704 2187 5745 or-

534 5766 904 5822 namentum.
936 5764 1117 5817 Gem.

2365 5616 2477 5697 (06)
2505 5616 3011 5697 Quemhsuperius
3059 5624 3264 5697 auctor
3308 5628 3677 5697 πρωτοπαπᾶν
3707 5629 3821 5683 τοῦ
3855 5652 3984 5692 πα-

2294 5683 2487 5742 λατίου
2516 5689 2779 5760 vocavit;
2812 5683 2885 5748 de
2913 5708 3030 5764 quo
3052 5693 3179 5766 jam
3211 5683 3464 5754 abunde.
3507 5697 3686 5756 Goaa.
