  <div class='ocr_page' id='page_1' title='image "/cluster/home/n/w/nwhite01/storage/ocr_20150623/122/hvd.32044073502452/112.png"; bbox 0 0 4070 6334; ppageno 0'>
   <div class='ocr_carea' id='block_1_1' title="bbox 125 387 238 449">
    <p class='ocr_par' dir='ltr' id='par_1_1' title="bbox 125 387 238 449">
     <span class='ocr_line' id='line_1_1' title="bbox 125 387 238 449; baseline 0.027 -3"><span class='ocrx_word' id='word_1_1' title='bbox 125 387 238 449; x_wconf 76' lang='grc'>209</span> 
     </span>
    </p>
   </div>
   <div class='ocr_carea' id='block_1_2' title="bbox 1276 391 2420 455">
    <p class='ocr_par' dir='ltr' id='par_1_2' title="bbox 1276 391 2420 455">
     <span class='ocr_line' id='line_1_2' title="bbox 1276 391 2420 455; baseline -0.001 -3"><span class='ocrx_word' id='word_1_2' title='bbox 1276 392 1825 455; x_wconf 77' lang='lat' dir='ltr'>HISTORIARUM</span> <span class='ocrx_word' id='word_1_3' title='bbox 1870 391 2420 453; x_wconf 80' lang='lat' dir='ltr'>COMPENDIUM.</span> 
     </span>
    </p>
   </div>
   <div class='ocr_carea' id='block_1_3' title="bbox 3441 390 3561 453">
    <p class='ocr_par' dir='ltr' id='par_1_3' title="bbox 3441 390 3561 453">
     <span class='ocr_line' id='line_1_3' title="bbox 3441 390 3561 453; baseline -0.017 0"><span class='ocrx_word' id='word_1_4' title='bbox 3441 390 3561 453; x_wconf 74' lang='grc'>210</span> 
     </span>
    </p>
   </div>
   <div class='ocr_carea' id='block_1_4' title="bbox 123 514 1769 606">
    <p class='ocr_par' dir='ltr' id='par_1_4' title="bbox 123 514 1769 599">
     <span class='ocr_line' id='line_1_4' title="bbox 123 514 1769 599; baseline 0.002 -25"><span class='ocrx_word' id='word_1_5' title='bbox 123 520 220 588; x_wconf 68' lang='grc' dir='ltr'>τὴν</span> <span class='ocrx_word' id='word_1_6' title='bbox 272 517 566 592; x_wconf 83' lang='grc' dir='ltr'>ἐκπεμπει,</span> <span class='ocrx_word' id='word_1_7' title='bbox 627 515 817 590; x_wconf 84' lang='grc' dir='ltr'>δηλῶν</span> <span class='ocrx_word' id='word_1_8' title='bbox 879 520 997 594; x_wconf 89' lang='grc' dir='ltr'>μεθ’</span> <span class='ocrx_word' id='word_1_9' title='bbox 1054 514 1234 597; x_wconf 68' lang='grc' dir='ltr'>ὅρκων</span> <span class='ocrx_word' id='word_1_10' title='bbox 1291 520 1578 596; x_wconf 77' lang='grc' dir='ltr'>ἐπιθυμίαν</span> <span class='ocrx_word' id='word_1_11' title='bbox 1639 521 1769 599; x_wconf 58' lang='grc' dir='ltr'>ἔχει’</span> 
     </span>
    </p>
   </div>
   <div class='ocr_carea' id='block_1_5' title="bbox 1884 514 3558 606">
    <p class='ocr_par' dir='ltr' id='par_1_5' title="bbox 1904 520 3558 596">
     <span class='ocr_line' id='line_1_5' title="bbox 1904 520 3558 596; baseline 0.002 -18"><span class='ocrx_word' id='word_1_12' title='bbox 1904 523 2176 580; x_wconf 89' lang='lat' dir='ltr'>cessariis</span> <span class='ocrx_word' id='word_1_13' title='bbox 2206 522 2482 596; x_wconf 86' lang='lat' dir='ltr'>colloqui.</span> <span class='ocrx_word' id='word_1_14' title='bbox 2534 521 2753 588; x_wconf 87' lang='lat' dir='ltr'>Quodsi</span> <span class='ocrx_word' id='word_1_15' title='bbox 2800 521 2925 594; x_wconf 90' lang='lat' dir='ltr'>ipse</span> <span class='ocrx_word' id='word_1_16' title='bbox 2968 520 3220 578; x_wconf 82' lang='lat' dir='ltr'>insidias</span> <span class='ocrx_word' id='word_1_17' title='bbox 3263 526 3558 581; x_wconf 78' lang='lat' dir='ltr'>vereretur</span> 
     </span>
    </p>
   </div>
   <div class='ocr_carea' id='block_1_6' title="bbox 125 608 1781 688">
    <p class='ocr_par' dir='ltr' id='par_1_6' title="bbox 125 608 1781 688">
     <span class='ocr_line' id='line_1_6' title="bbox 125 608 1781 688; baseline 0.002 -24"><span class='ocrx_word' id='word_1_18' title='bbox 125 611 385 680; x_wconf 71' lang='grc' dir='ltr'>ἑνωθῆναι</span> <span class='ocrx_word' id='word_1_19' title='bbox 444 608 595 683; x_wconf 75' lang='grc' dir='ltr'>αὖτῷ</span> <span class='ocrx_word' id='word_1_20' title='bbox 659 610 751 664; x_wconf 79' lang='grc' dir='ltr'>καὶ</span> <span class='ocrx_word' id='word_1_21' title='bbox 820 610 943 682; x_wconf 77' lang='grc' dir='ltr'>περὶ</span> <span class='ocrx_word' id='word_1_22' title='bbox 1011 609 1316 687; x_wconf 74' lang='grc' dir='ltr'>ἀναγκαίων</span> <span class='ocrx_word' id='word_1_23' title='bbox 1377 615 1781 688; x_wconf 68' lang='grc' dir='ltr'>κοινολογήσα-</span> 
     </span>
    </p>
   </div>
   <div class='ocr_carea' id='block_1_7' title="bbox 126 695 1783 779">
    <p class='ocr_par' dir='ltr' id='par_1_7' title="bbox 126 695 1783 779">
     <span class='ocr_line' id='line_1_7' title="bbox 126 695 1783 779; baseline 0.002 -26"><span class='ocrx_word' id='word_1_24' title='bbox 126 702 263 754; x_wconf 82' lang='grc' dir='ltr'>σθαι.</span> <span class='ocrx_word' id='word_1_25' title='bbox 295 699 356 754; x_wconf 82' lang='grc' dir='ltr'>Εἰ</span> <span class='ocrx_word' id='word_1_26' title='bbox 419 695 478 753; x_wconf 77' lang='grc' dir='ltr'>δὶ</span> <span class='ocrx_word' id='word_1_27' title='bbox 535 720 620 760; x_wconf 91' lang='grc' dir='ltr'>τις</span> <span class='ocrx_word' id='word_1_28' title='bbox 679 698 840 754; x_wconf 83' lang='grc' dir='ltr'>αὐτὸν</span> <span class='ocrx_word' id='word_1_29' title='bbox 899 699 1190 775; x_wconf 70' lang='grc' dir='ltr'>ὑποτρέχει</span> <span class='ocrx_word' id='word_1_30' title='bbox 1249 696 1440 779; x_wconf 78' lang='grc' dir='ltr'>φόϐος,</span> <span class='ocrx_word' id='word_1_31' title='bbox 1498 708 1644 773; x_wconf 81' lang='grc' dir='ltr'>τρεῖς</span> <span class='ocrx_word' id='word_1_32' title='bbox 1685 704 1783 758; x_wconf 72' lang='grc' dir='ltr'>ὑπο</span> 
     </span>
    </p>
   </div>
   <div class='ocr_carea' id='block_1_8' title="bbox 123 787 1786 866">
    <p class='ocr_par' dir='ltr' id='par_1_8' title="bbox 123 787 1786 866">
     <span class='ocr_line' id='line_1_8' title="bbox 123 787 1786 866; baseline 0.002 -23"><span class='ocrx_word' id='word_1_33' title='bbox 123 791 318 863; x_wconf 80' lang='grc' dir='ltr'>ηρέτας</span> <span class='ocrx_word' id='word_1_34' title='bbox 376 787 661 866; x_wconf 75' lang='grc' dir='ltr'>εἶ’ληφέναι</span> <span class='ocrx_word' id='word_1_35' title='bbox 725 789 949 862; x_wconf 80' lang='grc' dir='ltr'>μόνους,</span> <span class='ocrx_word' id='word_1_36' title='bbox 1006 789 1095 844; x_wconf 79' lang='grc' dir='ltr'>καὶ</span> <span class='ocrx_word' id='word_1_37' title='bbox 1154 792 1290 845; x_wconf 83' lang='grc' dir='ltr'>κατά</span> <span class='ocrx_word' id='word_1_38' title='bbox 1345 792 1406 846; x_wconf 74' lang='grc' dir='ltr'>τὸ</span> <span class='ocrx_word' id='word_1_39' title='bbox 1467 793 1630 864; x_wconf 83' lang='grc' dir='ltr'>μέσον</span> <span class='ocrx_word' id='word_1_40' title='bbox 1689 796 1786 846; x_wconf 77' lang='grc' dir='ltr'>τοῦ</span> 
     </span>
    </p>
   </div>
   <div class='ocr_carea' id='block_1_9' title="bbox 124 877 1783 956">
    <p class='ocr_par' dir='ltr' id='par_1_9' title="bbox 124 877 1783 956">
     <span class='ocr_line' id='line_1_9' title="bbox 124 877 1783 956; baseline 0.001 -23"><span class='ocrx_word' id='word_1_41' title='bbox 124 877 527 954; x_wconf 60' lang='grc' dir='ltr'>παραρρέοντος</span> <span class='ocrx_word' id='word_1_42' title='bbox 579 882 832 951; x_wconf 74' lang='grc' dir='ltr'>ποταμοῦ</span> <span class='ocrx_word' id='word_1_43' title='bbox 902 878 1168 952; x_wconf 81' lang='grc' dir='ltr'>συμμῖξαι</span> <span class='ocrx_word' id='word_1_44' title='bbox 1229 879 1376 954; x_wconf 76' lang='grc' dir='ltr'>αὖτῷ</span> <span class='ocrx_word' id='word_1_45' title='bbox 1429 881 1562 954; x_wconf 79' lang='grc' dir='ltr'>μετὰ</span> <span class='ocrx_word' id='word_1_46' title='bbox 1622 886 1783 956; x_wconf 81' lang='grc' dir='ltr'>τριῶν</span> 
     </span>
    </p>
   </div>
   <div class='ocr_carea' id='block_1_10' title="bbox 124 967 1784 1046">
    <p class='ocr_par' dir='ltr' id='par_1_10' title="bbox 124 967 1784 1046">
     <span class='ocr_line' id='line_1_10' title="bbox 124 967 1784 1046; baseline 0.001 -23"><span class='ocrx_word' id='word_1_47' title='bbox 124 969 412 1042; x_wconf 71' lang='grc' dir='ltr'>ὑπηρετῶν</span> <span class='ocrx_word' id='word_1_48' title='bbox 465 967 677 1040; x_wconf 84' lang='grc' dir='ltr'>ὁμοίως</span> <span class='ocrx_word' id='word_1_49' title='bbox 730 967 1004 1046; x_wconf 82' lang='grc' dir='ltr'>ἀφίξεσθαι</span> <span class='ocrx_word' id='word_1_50' title='bbox 1063 967 1352 1041; x_wconf 84' lang='grc' dir='ltr'>μέλλοντι,</span> <span class='ocrx_word' id='word_1_51' title='bbox 1402 971 1650 1033; x_wconf 80' lang='grc' dir='ltr'>Πεισθεὶς</span> <span class='ocrx_word' id='word_1_52' title='bbox 1693 971 1784 1024; x_wconf 80' lang='grc' dir='ltr'>οὗν</span> 
     </span>
    </p>
   </div>
   <div class='ocr_carea' id='block_1_11' title="bbox 121 1054 1784 1133">
    <p class='ocr_par' dir='ltr' id='par_1_11' title="bbox 121 1054 1784 1133">
     <span class='ocr_line' id='line_1_11' title="bbox 121 1054 1784 1133; baseline 0.001 -21"><span class='ocrx_word' id='word_1_53' title='bbox 121 1057 323 1118; x_wconf 71' lang='grc' dir='ltr'>ἐκεῖνος</span> <span class='ocrx_word' id='word_1_54' title='bbox 381 1054 604 1131; x_wconf 82' lang='grc' dir='ltr'>ἔρχεται</span> <span class='ocrx_word' id='word_1_55' title='bbox 651 1056 790 1128; x_wconf 87' lang='grc' dir='ltr'>πρὸς</span> <span class='ocrx_word' id='word_1_56' title='bbox 837 1058 930 1111; x_wconf 84' lang='grc' dir='ltr'>τὸν</span> <span class='ocrx_word' id='word_1_57' title='bbox 982 1057 1231 1131; x_wconf 82' lang='grc' dir='ltr'>ποταμὸν</span> <span class='ocrx_word' id='word_1_58' title='bbox 1282 1058 1370 1112; x_wconf 81' lang='grc' dir='ltr'>καὶ</span> <span class='ocrx_word' id='word_1_59' title='bbox 1422 1063 1503 1130; x_wconf 76' lang='grc' dir='ltr'>τῷ</span> <span class='ocrx_word' id='word_1_60' title='bbox 1549 1057 1784 1133; x_wconf 75' lang='grc' dir='ltr'>Διογένει</span> 
     </span>
    </p>
   </div>
   <div class='ocr_carea' id='block_1_12' title="bbox 415 1143 1784 1223">
    <p class='ocr_par' dir='ltr' id='par_1_12' title="bbox 415 1143 1784 1223">
     <span class='ocr_line' id='line_1_12' title="bbox 415 1143 1784 1223; baseline 0 -21"><span class='ocrx_word' id='word_1_61' title='bbox 415 1147 500 1202; x_wconf 81' lang='grc' dir='ltr'>Ἐν</span> <span class='ocrx_word' id='word_1_62' title='bbox 548 1146 595 1218; x_wconf 85' lang='grc' dir='ltr'>ᾧ</span> <span class='ocrx_word' id='word_1_63' title='bbox 645 1143 701 1201; x_wconf 75' lang='grc' dir='ltr'>δὲ</span> <span class='ocrx_word' id='word_1_64' title='bbox 755 1145 994 1218; x_wconf 73' lang='grc' dir='ltr'>ἔμελλον</span> <span class='ocrx_word' id='word_1_65' title='bbox 1046 1143 1410 1223; x_wconf 87' lang='grc' dir='ltr'>διαλέγεσθαι,</span> <span class='ocrx_word' id='word_1_66' title='bbox 1457 1149 1485 1202; x_wconf 80' lang='grc' dir='ltr'><strong>ὁ</strong></span> <span class='ocrx_word' id='word_1_67' title='bbox 1530 1147 1784 1221; x_wconf 86' lang='grc' dir='ltr'>Διογένης</span> 
     </span>
    </p>
   </div>
   <div class='ocr_carea' id='block_1_13' title="bbox 119 1233 1787 1312">
    <p class='ocr_par' dir='ltr' id='par_1_13' title="bbox 119 1233 1787 1312">
     <span class='ocr_line' id='line_1_13' title="bbox 119 1233 1787 1312; baseline 0.001 -23"><span class='ocrx_word' id='word_1_68' title='bbox 119 1233 418 1308; x_wconf 78' lang='grc' dir='ltr'>ἐγκόλπιον</span> <span class='ocrx_word' id='word_1_69' title='bbox 477 1235 655 1312; x_wconf 85' lang='grc' dir='ltr'>φέρων</span> <span class='ocrx_word' id='word_1_70' title='bbox 737 1234 1012 1311; x_wconf 83' lang='grc' dir='ltr'>μάχαιραν</span> <span class='ocrx_word' id='word_1_71' title='bbox 1087 1236 1177 1290; x_wconf 85' lang='grc' dir='ltr'>καὶ</span> <span class='ocrx_word' id='word_1_72' title='bbox 1234 1235 1433 1306; x_wconf 82' lang='grc' dir='ltr'>ταύτην</span> <span class='ocrx_word' id='word_1_73' title='bbox 1502 1234 1787 1311; x_wconf 75' lang='grc' dir='ltr'>αἰφνιδίως</span> 
     </span>
    </p>
   </div>
   <div class='ocr_carea' id='block_1_14' title="bbox 119 1323 1784 1402">
    <p class='ocr_par' dir='ltr' id='par_1_14' title="bbox 119 1323 1784 1402">
     <span class='ocr_line' id='line_1_14' title="bbox 119 1323 1784 1402; baseline 0.002 -25"><span class='ocrx_word' id='word_1_74' title='bbox 119 1323 346 1386; x_wconf 66' lang='grc' dir='ltr'>ὶλκότας</span> <span class='ocrx_word' id='word_1_75' title='bbox 409 1324 560 1378; x_wconf 85' lang='grc' dir='ltr'>παίει</span> <span class='ocrx_word' id='word_1_76' title='bbox 608 1328 800 1378; x_wconf 76' lang='grc' dir='ltr'>τοῦτον</span> <span class='ocrx_word' id='word_1_77' title='bbox 859 1325 995 1379; x_wconf 77' lang='grc' dir='ltr'>κατὰ</span> <span class='ocrx_word' id='word_1_78' title='bbox 1051 1331 1151 1394; x_wconf 82' lang='grc' dir='ltr'>τῆς</span> <span class='ocrx_word' id='word_1_79' title='bbox 1206 1325 1444 1402; x_wconf 79' lang='grc' dir='ltr'>πΛευράς</span> <span class='ocrx_word' id='word_1_80' title='bbox 1492 1326 1582 1380; x_wconf 82' lang='grc' dir='ltr'>καὶ</span> <span class='ocrx_word' id='word_1_81' title='bbox 1632 1325 1784 1390; x_wconf 73' lang='grc' dir='ltr'>εὐθὺς</span> 
     </span>
    </p>
   </div>
   <div class='ocr_carea' id='block_1_15' title="bbox 119 1147 351 1204">
    <p class='ocr_par' dir='ltr' id='par_1_15' title="bbox 119 1147 351 1204">
     <span class='ocr_line' id='line_1_15' title="bbox 119 1147 351 1204; baseline -0.009 -4"><span class='ocrx_word' id='word_1_82' title='bbox 119 1147 351 1204; x_wconf 68' lang='grc' dir='ltr'>ἑνοῦται,</span> 
     </span>
    </p>
   </div>
   <div class='ocr_carea' id='block_1_16' title="bbox 121 1411 1788 1492">
    <p class='ocr_par' dir='ltr' id='par_1_16' title="bbox 121 1411 1788 1492">
     <span class='ocr_line' id='line_1_16' title="bbox 121 1411 1788 1492; baseline 0.001 -25"><span class='ocrx_word' id='word_1_83' title='bbox 121 1415 347 1488; x_wconf 69' lang='grc' dir='ltr'>ἀναιρεῖ,</span> <span class='ocrx_word' id='word_1_84' title='bbox 380 1415 507 1470; x_wconf 84' lang='grc' dir='ltr'>Τῶν</span> <span class='ocrx_word' id='word_1_85' title='bbox 543 1411 601 1468; x_wconf 74' lang='grc' dir='ltr'>δὲ</span> <span class='ocrx_word' id='word_1_86' title='bbox 655 1414 769 1487; x_wconf 86' lang='grc' dir='ltr'>μετ’</span> <span class='ocrx_word' id='word_1_87' title='bbox 819 1413 984 1468; x_wconf 78' lang='grc' dir='ltr'>αὐτοῦ</span> <span class='ocrx_word' id='word_1_88' title='bbox 1042 1419 1188 1492; x_wconf 76' lang='grc' dir='ltr'>φυγῇ</span> <span class='ocrx_word' id='word_1_89' title='bbox 1233 1417 1621 1490; x_wconf 68' lang='grc' dir='ltr'>χρησαμένων,</span> <span class='ocrx_word' id='word_1_90' title='bbox 1659 1414 1788 1480; x_wconf 73' lang='grc' dir='ltr'>τοὺς</span> 
     </span>
    </p>
   </div>
   <div class='ocr_carea' id='block_1_17' title="bbox 116 1502 1786 1580">
    <p class='ocr_par' dir='ltr' id='par_1_17' title="bbox 116 1502 1786 1580">
     <span class='ocr_line' id='line_1_17' title="bbox 116 1502 1786 1580; baseline 0.002 -24"><span class='ocrx_word' id='word_1_91' title='bbox 116 1503 531 1573; x_wconf 77' lang='grc' dir='ltr'>πλησιάζοντας</span> <span class='ocrx_word' id='word_1_92' title='bbox 615 1504 643 1557; x_wconf 90' lang='grc' dir='ltr'>ὁ</span> <span class='ocrx_word' id='word_1_93' title='bbox 729 1502 989 1577; x_wconf 73' lang='grc' dir='ltr'>Διογένης</span> <span class='ocrx_word' id='word_1_94' title='bbox 1084 1504 1438 1580; x_wconf 62' lang='grc' dir='ltr'>συναθροίσας</span> <span class='ocrx_word' id='word_1_95' title='bbox 1523 1508 1786 1580; x_wconf 79' lang='grc' dir='ltr'>στρατοὺς</span> 
     </span>
    </p>
   </div>
   <div class='ocr_carea' id='block_1_18' title="bbox 121 1591 1784 1668">
    <p class='ocr_par' dir='ltr' id='par_1_18' title="bbox 121 1591 1784 1668">
     <span class='ocr_line' id='line_1_18' title="bbox 121 1591 1784 1668; baseline 0.001 -22"><span class='ocrx_word' id='word_1_96' title='bbox 121 1593 251 1666; x_wconf 80' lang='grc' dir='ltr'>μετᾶ</span> <span class='ocrx_word' id='word_1_97' title='bbox 311 1592 510 1668; x_wconf 83' lang='grc' dir='ltr'>χειρὸς</span> <span class='ocrx_word' id='word_1_98' title='bbox 567 1593 759 1658; x_wconf 76' lang='grc' dir='ltr'>ἱκανῆς</span> <span class='ocrx_word' id='word_1_99' title='bbox 818 1591 1037 1668; x_wconf 77' lang='grc' dir='ltr'>ἔρχεται</span> <span class='ocrx_word' id='word_1_100' title='bbox 1099 1593 1237 1668; x_wconf 86' lang='grc' dir='ltr'>πρὸς</span> <span class='ocrx_word' id='word_1_101' title='bbox 1288 1594 1351 1648; x_wconf 86' lang='grc' dir='ltr'>τὸ</span> <span class='ocrx_word' id='word_1_102' title='bbox 1395 1595 1663 1668; x_wconf 87' lang='grc' dir='ltr'>Σίμμιον,</span> <span class='ocrx_word' id='word_1_103' title='bbox 1695 1593 1784 1649; x_wconf 82' lang='grc' dir='ltr'>καὶ</span> 
     </span>
    </p>
   </div>
   <div class='ocr_carea' id='block_1_19' title="bbox 112 1681 1784 1757">
    <p class='ocr_par' dir='ltr' id='par_1_19' title="bbox 112 1681 1784 1757">
     <span class='ocr_line' id='line_1_19' title="bbox 112 1681 1784 1757; baseline -0.001 -19"><span class='ocrx_word' id='word_1_104' title='bbox 112 1686 206 1752; x_wconf 71' lang='grc' dir='ltr'>τήν</span> <span class='ocrx_word' id='word_1_105' title='bbox 262 1688 510 1757; x_wconf 83' lang='grc' dir='ltr'>γυναῖκα</span> <span class='ocrx_word' id='word_1_106' title='bbox 576 1686 671 1736; x_wconf 76' lang='grc' dir='ltr'>τοῦ</span> <span class='ocrx_word' id='word_1_107' title='bbox 757 1687 1053 1747; x_wconf 84' lang='grc' dir='ltr'>τεθνεῶτος</span> <span class='ocrx_word' id='word_1_108' title='bbox 1141 1681 1627 1757; x_wconf 78' lang='grc' dir='ltr'>καταπληξάμενος</span> <span class='ocrx_word' id='word_1_109' title='bbox 1694 1683 1784 1738; x_wconf 81' lang='grc' dir='ltr'>καὶ</span> 
     </span>
    </p>
   </div>
   <div class='ocr_carea' id='block_1_20' title="bbox 120 1770 1936 1848">
    <p class='ocr_par' dir='ltr' id='par_1_20' title="bbox 120 1770 1936 1848">
     <span class='ocr_line' id='line_1_20' title="bbox 120 1770 1936 1848; baseline -0.001 -21"><span class='ocrx_word' id='word_1_110' title='bbox 120 1771 450 1846; x_wconf 74' lang='grc' dir='ltr'>ὖποσχέσεσι</span> <span class='ocrx_word' id='word_1_111' title='bbox 513 1770 777 1846; x_wconf 79' lang='grc' dir='ltr'>μεγάλαις</span> <span class='ocrx_word' id='word_1_112' title='bbox 837 1771 1216 1844; x_wconf 78' lang='grc' dir='ltr'>καταμαλάξας</span> <span class='ocrx_word' id='word_1_113' title='bbox 1279 1771 1457 1827; x_wconf 81' lang='grc' dir='ltr'>ἔπεισε</span> <span class='ocrx_word' id='word_1_114' title='bbox 1540 1778 1936 1848; x_wconf 80' lang='grc' dir='ltr'>προσχωρῆσαι</span> 
     </span>
    </p>
   </div>
   <div class='ocr_carea' id='block_1_21' title="bbox 1894 611 3556 682">
    <p class='ocr_par' dir='ltr' id='par_1_21' title="bbox 1894 611 3556 682">
     <span class='ocr_line' id='line_1_21' title="bbox 1894 611 3556 682; baseline 0 -13"><span class='ocrx_word' id='word_1_115' title='bbox 1894 614 2159 680; x_wconf 86' lang='lat' dir='ltr'>subesse,</span> <span class='ocrx_word' id='word_1_116' title='bbox 2191 612 2385 668; x_wconf 87' lang='lat' dir='ltr'>tribus</span> <span class='ocrx_word' id='word_1_117' title='bbox 2419 617 2648 668; x_wconf 88' lang='lat' dir='ltr'>tantum</span> <span class='ocrx_word' id='word_1_118' title='bbox 2681 611 2918 667; x_wconf 83' lang='lat' dir='ltr'>famulis</span> <span class='ocrx_word' id='word_1_119' title='bbox 2951 611 3236 682; x_wconf 89' lang='lat' dir='ltr'>stipatum</span> <span class='ocrx_word' id='word_1_120' title='bbox 3267 628 3331 668; x_wconf 91' lang='lat' dir='ltr'>se</span> <span class='ocrx_word' id='word_1_121' title='bbox 3360 613 3432 668; x_wconf 90' lang='lat' dir='ltr'>ad</span> <span class='ocrx_word' id='word_1_122' title='bbox 3473 613 3556 669; x_wconf 87' lang='lat' dir='ltr'>ri-</span> 
     </span>
    </p>
   </div>
   <div class='ocr_carea' id='block_1_22' title="bbox 1896 702 3558 775">
    <p class='ocr_par' dir='ltr' id='par_1_22' title="bbox 1896 702 3558 775">
     <span class='ocr_line' id='line_1_22' title="bbox 1896 702 3558 775; baseline 0.001 -17"><span class='ocrx_word' id='word_1_123' title='bbox 1896 720 2030 775; x_wconf 91' lang='lat' dir='ltr'>pam</span> <span class='ocrx_word' id='word_1_124' title='bbox 2065 703 2414 774; x_wconf 79' lang='lat' dir='ltr'>proﬂuentia</span> <span class='ocrx_word' id='word_1_125' title='bbox 2448 702 2524 755; x_wconf 87' lang='lat' dir='ltr'>ibi</span> <span class='ocrx_word' id='word_1_126' title='bbox 2577 702 2770 757; x_wconf 89' lang='lat' dir='ltr'>amnis</span> <span class='ocrx_word' id='word_1_127' title='bbox 2802 717 3202 758; x_wconf 87' lang='lat' dir='ltr'>accessurum.</span> <span class='ocrx_word' id='word_1_128' title='bbox 3236 703 3394 758; x_wconf 88' lang='lat' dir='ltr'>Idem</span> <span class='ocrx_word' id='word_1_129' title='bbox 3430 703 3558 775; x_wconf 90' lang='lat' dir='ltr'>ipse</span> 
     </span>
    </p>
   </div>
   <div class='ocr_carea' id='block_1_23' title="bbox 1896 790 3558 864">
    <p class='ocr_par' dir='ltr' id='par_1_23' title="bbox 1896 790 3558 864">
     <span class='ocr_line' id='line_1_23' title="bbox 1896 790 3558 864; baseline 0 -16"><span class='ocrx_word' id='word_1_130' title='bbox 1896 808 2129 864; x_wconf 89' lang='lat' dir='ltr'>quoque</span> <span class='ocrx_word' id='word_1_131' title='bbox 2185 793 2424 847; x_wconf 84' lang='lat' dir='ltr'>faceret.</span> <span class='ocrx_word' id='word_1_132' title='bbox 2487 790 2867 862; x_wconf 81' lang='lat' dir='ltr'>Obtemperat</span> <span class='ocrx_word' id='word_1_133' title='bbox 2923 790 3151 858; x_wconf 90' lang='lat' dir='ltr'>Sermo,</span> <span class='ocrx_word' id='word_1_134' title='bbox 3211 795 3386 862; x_wconf 90' lang='lat' dir='ltr'>atque</span> <span class='ocrx_word' id='word_1_135' title='bbox 3447 791 3558 848; x_wconf 90' lang='lat' dir='ltr'>hoc</span> 
     </span>
    </p>
   </div>
   <div class='ocr_carea' id='block_1_24' title="bbox 1897 879 3555 952">
    <p class='ocr_par' dir='ltr' id='par_1_24' title="bbox 1897 879 3555 952">
     <span class='ocr_line' id='line_1_24' title="bbox 1897 879 3555 952; baseline 0.001 -16"><span class='ocrx_word' id='word_1_136' title='bbox 1897 882 2070 936; x_wconf 89' lang='lat' dir='ltr'>modo</span> <span class='ocrx_word' id='word_1_137' title='bbox 2103 897 2236 937; x_wconf 88' lang='lat' dir='ltr'>cum</span> <span class='ocrx_word' id='word_1_138' title='bbox 2274 883 2524 952; x_wconf 79' lang='lat' dir='ltr'>Diogene</span> <span class='ocrx_word' id='word_1_139' title='bbox 2558 879 2954 951; x_wconf 82' lang='lat' dir='ltr'>congreditur.</span> <span class='ocrx_word' id='word_1_140' title='bbox 2992 879 3077 934; x_wconf 91' lang='lat' dir='ltr'>Ibi</span> <span class='ocrx_word' id='word_1_141' title='bbox 3111 896 3246 935; x_wconf 88' lang='lat' dir='ltr'>cum</span> <span class='ocrx_word' id='word_1_142' title='bbox 3270 881 3398 951; x_wconf 85' lang='lat' dir='ltr'>jam</span> <span class='ocrx_word' id='word_1_143' title='bbox 3433 881 3555 937; x_wconf 88' lang='lat' dir='ltr'>col-</span> 
     </span>
    </p>
   </div>
   <div class='ocr_carea' id='block_1_25' title="bbox 1896 969 3553 1039">
    <p class='ocr_par' dir='ltr' id='par_1_25' title="bbox 1896 969 3553 1039">
     <span class='ocr_line' id='line_1_25' title="bbox 1896 969 3553 1039; baseline 0 -14"><span class='ocrx_word' id='word_1_144' title='bbox 1896 971 2148 1026; x_wconf 85' lang='lat' dir='ltr'>locuturi</span> <span class='ocrx_word' id='word_1_145' title='bbox 2176 973 2397 1036; x_wconf 88' lang='lat' dir='ltr'>essent,</span> <span class='ocrx_word' id='word_1_146' title='bbox 2433 970 2710 1039; x_wconf 82' lang='lat' dir='ltr'>Diogenes</span> <span class='ocrx_word' id='word_1_147' title='bbox 2738 969 3078 1039; x_wconf 88' lang='lat' dir='ltr'>pugionem,</span> <span class='ocrx_word' id='word_1_148' title='bbox 3111 984 3288 1039; x_wconf 87' lang='lat' dir='ltr'>quem</span> <span class='ocrx_word' id='word_1_149' title='bbox 3324 969 3384 1024; x_wconf 91' lang='lat' dir='ltr'>in</span> <span class='ocrx_word' id='word_1_150' title='bbox 3416 969 3553 1025; x_wconf 88' lang='lat' dir='ltr'>sinu</span> 
     </span>
    </p>
   </div>
   <div class='ocr_carea' id='block_1_26' title="bbox 1897 1056 3553 1132">
    <p class='ocr_par' dir='ltr' id='par_1_26' title="bbox 1897 1056 3553 1132">
     <span class='ocr_line' id='line_1_26' title="bbox 1897 1056 3553 1132; baseline -0.001 -18"><span class='ocrx_word' id='word_1_151' title='bbox 1897 1060 2165 1115; x_wconf 89' lang='lat' dir='ltr'>abditum</span> <span class='ocrx_word' id='word_1_152' title='bbox 2199 1059 2485 1132; x_wconf 80' lang='lat' dir='ltr'>gestabat,</span> <span class='ocrx_word' id='word_1_153' title='bbox 2521 1058 2716 1113; x_wconf 91' lang='lat' dir='ltr'>subito</span> <span class='ocrx_word' id='word_1_154' title='bbox 2747 1056 2805 1111; x_wconf 91' lang='lat' dir='ltr'>in</span> <span class='ocrx_word' id='word_1_155' title='bbox 2839 1056 2998 1112; x_wconf 92' lang='lat' dir='ltr'>latus</span> <span class='ocrx_word' id='word_1_156' title='bbox 3019 1057 3316 1113; x_wconf 89' lang='lat' dir='ltr'>Sermonis</span> <span class='ocrx_word' id='word_1_157' title='bbox 3348 1058 3553 1131; x_wconf 76' lang='lat' dir='ltr'>adigit,</span> 
     </span>
    </p>
   </div>
   <div class='ocr_carea' id='block_1_27' title="bbox 1897 1145 3553 1220">
    <p class='ocr_par' dir='ltr' id='par_1_27' title="bbox 1897 1145 3553 1220">
     <span class='ocr_line' id='line_1_27' title="bbox 1897 1145 3553 1220; baseline -0.001 -15"><span class='ocrx_word' id='word_1_158' title='bbox 1897 1165 2152 1219; x_wconf 86' lang='lat' dir='ltr'>eumque</span> <span class='ocrx_word' id='word_1_159' title='bbox 2183 1148 2461 1202; x_wconf 83' lang='lat' dir='ltr'>interficit</span> <span class='ocrx_word' id='word_1_160' title='bbox 2484 1165 2496 1202; x_wconf 92' lang='lat'><strong>:</strong></span> <span class='ocrx_word' id='word_1_161' title='bbox 2522 1146 2727 1201; x_wconf 82' lang='lat' dir='ltr'>famuli</span> <span class='ocrx_word' id='word_1_162' title='bbox 2752 1147 2887 1218; x_wconf 88' lang='lat' dir='ltr'>fuga</span> <span class='ocrx_word' id='word_1_163' title='bbox 2910 1145 3245 1202; x_wconf 90' lang='lat' dir='ltr'>elabuntur.</span> <span class='ocrx_word' id='word_1_164' title='bbox 3270 1147 3553 1220; x_wconf 87' lang='lat' dir='ltr'>Diogenes</span> 
     </span>
    </p>
   </div>
   <div class='ocr_carea' id='block_1_28' title="bbox 1896 1235 3598 1294">
    <p class='ocr_par' dir='ltr' id='par_1_28' title="bbox 1896 1235 3598 1294">
     <span class='ocr_line' id='line_1_28' title="bbox 1896 1235 3598 1294; baseline -0.001 0"><span class='ocrx_word' id='word_1_165' title='bbox 1896 1239 2102 1294; x_wconf 87' lang='lat' dir='ltr'>vicinis</span> <span class='ocrx_word' id='word_1_166' title='bbox 2137 1237 2488 1293; x_wconf 87' lang='lat' dir='ltr'>exercitibus</span> <span class='ocrx_word' id='word_1_167' title='bbox 2521 1236 2838 1292; x_wconf 84' lang='lat' dir='ltr'>contractis</span> <span class='ocrx_word' id='word_1_168' title='bbox 2870 1235 3064 1290; x_wconf 91' lang='lat' dir='ltr'>valida</span> <span class='ocrx_word' id='word_1_169' title='bbox 3095 1252 3227 1290; x_wconf 90' lang='lat' dir='ltr'>cum</span> <span class='ocrx_word' id='word_1_170' title='bbox 3260 1253 3442 1293; x_wconf 89' lang='lat' dir='ltr'>manu</span> <span class='ocrx_word' id='word_1_171' title='bbox 3476 1239 3548 1293; x_wconf 88' lang='lat' dir='ltr'>ad</span> <span class='ocrx_word' id='word_1_172' title='bbox 3581 1249 3598 1267; x_wconf 91' lang='lat'>&#39;</span> 
     </span>
    </p>
   </div>
   <div class='ocr_carea' id='block_1_29' title="bbox 1897 1325 3551 1399">
    <p class='ocr_par' dir='ltr' id='par_1_29' title="bbox 1897 1325 3551 1399">
     <span class='ocr_line' id='line_1_29' title="bbox 1897 1325 3551 1399; baseline 0 -17"><span class='ocrx_word' id='word_1_173' title='bbox 1897 1327 2170 1383; x_wconf 87' lang='lat' dir='ltr'>Sirmium</span> <span class='ocrx_word' id='word_1_174' title='bbox 2205 1327 2622 1399; x_wconf 84' lang='lat' dir='ltr'>proﬁciscitur,</span> <span class='ocrx_word' id='word_1_175' title='bbox 2657 1325 2962 1395; x_wconf 56' lang='lat' dir='ltr'>viduaque</span> <span class='ocrx_word' id='word_1_176' title='bbox 3001 1325 3288 1380; x_wconf 61' lang='lat' dir='ltr'>exterrita:</span> <span class='ocrx_word' id='word_1_177' title='bbox 3320 1327 3551 1398; x_wconf 84' lang='lat' dir='ltr'>magnis</span> 
     </span>
    </p>
   </div>
   <div class='ocr_carea' id='block_1_30' title="bbox 1897 1414 3552 1488">
    <p class='ocr_par' dir='ltr' id='par_1_30' title="bbox 1897 1414 3552 1488">
     <span class='ocr_line' id='line_1_30' title="bbox 1897 1414 3552 1488; baseline 0 -17"><span class='ocrx_word' id='word_1_178' title='bbox 1897 1416 2141 1488; x_wconf 90' lang='lat' dir='ltr'>insuper</span> <span class='ocrx_word' id='word_1_179' title='bbox 2172 1415 2698 1488; x_wconf 87' lang='lat' dir='ltr'>pollicitationibus</span> <span class='ocrx_word' id='word_1_180' title='bbox 2723 1414 3036 1484; x_wconf 86' lang='lat' dir='ltr'>persuadet</span> <span class='ocrx_word' id='word_1_181' title='bbox 3057 1418 3123 1468; x_wconf 89' lang='lat' dir='ltr'>ut</span> <span class='ocrx_word' id='word_1_182' title='bbox 3151 1429 3212 1469; x_wconf 90' lang='lat' dir='ltr'>se</span> <span class='ocrx_word' id='word_1_183' title='bbox 3242 1414 3552 1471; x_wconf 86' lang='lat' dir='ltr'>Sirmium-</span> 
     </span>
    </p>
   </div>
   <div class='ocr_carea' id='block_1_31' title="bbox 1897 1502 3552 1577">
    <p class='ocr_par' dir='ltr' id='par_1_31' title="bbox 1897 1502 3552 1577">
     <span class='ocr_line' id='line_1_31' title="bbox 1897 1502 3552 1577; baseline 0 -18"><span class='ocrx_word' id='word_1_184' title='bbox 1897 1522 2010 1577; x_wconf 90' lang='lat' dir='ltr'>que</span> <span class='ocrx_word' id='word_1_185' title='bbox 2043 1505 2380 1576; x_wconf 84' lang='lat' dir='ltr'>imperatori</span> <span class='ocrx_word' id='word_1_186' title='bbox 2435 1505 2711 1559; x_wconf 83' lang='lat' dir='ltr'>traderet.</span> <span class='ocrx_word' id='word_1_187' title='bbox 2764 1505 2843 1558; x_wconf 91' lang='lat' dir='ltr'>Ea</span> <span class='ocrx_word' id='word_1_188' title='bbox 2873 1502 3214 1575; x_wconf 84' lang='lat' dir='ltr'>Byzantium</span> <span class='ocrx_word' id='word_1_189' title='bbox 3263 1503 3441 1559; x_wconf 88' lang='lat' dir='ltr'>missa</span> <span class='ocrx_word' id='word_1_190' title='bbox 3471 1504 3552 1560; x_wconf 89' lang='lat' dir='ltr'>ibi</span> 
     </span>
    </p>
   </div>
   <div class='ocr_carea' id='block_1_32' title="bbox 1896 1591 3547 1667">
    <p class='ocr_par' dir='ltr' id='par_1_32' title="bbox 1896 1591 3547 1667">
     <span class='ocr_line' id='line_1_32' title="bbox 1896 1591 3547 1667; baseline -0.001 -19"><span class='ocrx_word' id='word_1_191' title='bbox 1896 1595 2175 1667; x_wconf 87' lang='lat' dir='ltr'>primario</span> <span class='ocrx_word' id='word_1_192' title='bbox 2207 1593 2439 1649; x_wconf 88' lang='lat' dir='ltr'>cuidam</span> <span class='ocrx_word' id='word_1_193' title='bbox 2474 1593 2686 1648; x_wconf 89' lang='lat' dir='ltr'>civium</span> <span class='ocrx_word' id='word_1_194' title='bbox 2724 1591 3102 1647; x_wconf 89' lang='lat' dir='ltr'>matrimonio</span> <span class='ocrx_word' id='word_1_195' title='bbox 3132 1591 3402 1664; x_wconf 92' lang='lat' dir='ltr'>copulata</span> <span class='ocrx_word' id='word_1_196' title='bbox 3421 1597 3547 1648; x_wconf 87' lang='lat' dir='ltr'>est:</span> 
     </span>
    </p>
   </div>
   <div class='ocr_carea' id='block_1_33' title="bbox 1902 1681 3224 1756">
    <p class='ocr_par' dir='ltr' id='par_1_33' title="bbox 1902 1681 3224 1756">
     <span class='ocr_line' id='line_1_33' title="bbox 1902 1681 3224 1756; baseline -0.002 -17"><span class='ocrx_word' id='word_1_197' title='bbox 1902 1684 2183 1756; x_wconf 87' lang='lat' dir='ltr'>Diogenes</span> <span class='ocrx_word' id='word_1_198' title='bbox 2214 1700 2418 1739; x_wconf 88' lang='lat' dir='ltr'>recens</span> <span class='ocrx_word' id='word_1_199' title='bbox 2449 1688 2627 1755; x_wconf 75' lang='lat' dir='ltr'>captae</span> <span class='ocrx_word' id='word_1_200' title='bbox 2659 1681 2866 1737; x_wconf 84' lang='lat' dir='ltr'>ditioni</span> <span class='ocrx_word' id='word_1_201' title='bbox 2900 1681 3224 1753; x_wconf 69' lang='lat' dir='ltr'>praefectus.</span> 
     </span>
    </p>
   </div>
   <div class='ocr_carea' id='block_1_34' title="bbox 2032 1765 3544 1845">
    <p class='ocr_par' dir='ltr' id='par_1_34' title="bbox 2032 1765 3544 1845">
     <span class='ocr_line' id='line_1_34' title="bbox 2032 1765 3544 1845; baseline -0.002 -20"><span class='ocrx_word' id='word_1_202' title='bbox 2032 1771 2121 1825; x_wconf 77' lang='grc' dir='ltr'>καὶ</span> <span class='ocrx_word' id='word_1_203' title='bbox 2172 1771 2234 1825; x_wconf 85' lang='grc' dir='ltr'>τὸ</span> <span class='ocrx_word' id='word_1_204' title='bbox 2295 1769 2524 1845; x_wconf 87' lang='grc' dir='ltr'>Σίρμιον</span> <span class='ocrx_word' id='word_1_205' title='bbox 2579 1765 2912 1843; x_wconf 78' lang='grc' dir='ltr'>παραδοῦναι</span> <span class='ocrx_word' id='word_1_206' title='bbox 2971 1773 3049 1841; x_wconf 74' lang='grc' dir='ltr'>τῷ</span> <span class='ocrx_word' id='word_1_207' title='bbox 3109 1765 3362 1845; x_wconf 84' lang='grc' dir='ltr'>βασιλεῖ’</span> <span class='ocrx_word' id='word_1_208' title='bbox 3418 1767 3544 1837; x_wconf 76' lang='grc' dir='ltr'>ἤτις</span> 
     </span>
    </p>
   </div>
   <div class='ocr_carea' id='block_1_35' title="bbox 113 1857 3543 1938">
    <p class='ocr_par' dir='ltr' id='par_1_35' title="bbox 113 1857 3543 1938">
     <span class='ocr_line' id='line_1_35' title="bbox 113 1857 3543 1938; baseline -0.001 -22"><span class='ocrx_word' id='word_1_209' title='bbox 113 1862 198 1916; x_wconf 77' lang='grc' dir='ltr'>καὶ</span> <span class='ocrx_word' id='word_1_210' title='bbox 242 1860 325 1924; x_wconf 70' lang='grc' dir='ltr'>εἷς</span> <span class='ocrx_word' id='word_1_211' title='bbox 386 1861 450 1916; x_wconf 82' lang='grc' dir='ltr'>τὸ</span> <span class='ocrx_word' id='word_1_212' title='bbox 501 1862 795 1930; x_wconf 80' lang='grc' dir='ltr'>Βυζάντιον</span> <span class='ocrx_word' id='word_1_213' title='bbox 853 1860 1194 1937; x_wconf 86' lang='grc' dir='ltr'>ἀνεπέμφθη,</span> <span class='ocrx_word' id='word_1_214' title='bbox 1252 1863 1342 1916; x_wconf 85' lang='grc' dir='ltr'>καὶ</span> <span class='ocrx_word' id='word_1_215' title='bbox 1391 1859 1545 1937; x_wconf 83' lang='grc' dir='ltr'>ἀνδρὶ</span> <span class='ocrx_word' id='word_1_216' title='bbox 1614 1861 1941 1938; x_wconf 76' lang='grc' dir='ltr'>συνεζεόχθη</span> <span class='ocrx_word' id='word_1_217' title='bbox 1999 1860 2073 1915; x_wconf 80' lang='grc' dir='ltr'>ἐνὶ</span> <span class='ocrx_word' id='word_1_218' title='bbox 2124 1863 2231 1916; x_wconf 88' lang='grc' dir='ltr'>τῶν</span> <span class='ocrx_word' id='word_1_219' title='bbox 2293 1859 2344 1915; x_wconf 83' lang='grc' dir='ltr'>ἐν</span> <span class='ocrx_word' id='word_1_220' title='bbox 2397 1863 2466 1934; x_wconf 76' lang='grc' dir='ltr'>τῇ</span> <span class='ocrx_word' id='word_1_221' title='bbox 2522 1857 2682 1914; x_wconf 87' lang='grc' dir='ltr'>πόλει</span> <span class='ocrx_word' id='word_1_222' title='bbox 2744 1858 3106 1934; x_wconf 81' lang='grc' dir='ltr'>μεγιστάνων,</span> <span class='ocrx_word' id='word_1_223' title='bbox 3165 1857 3257 1912; x_wconf 86' lang='grc' dir='ltr'>καὶ</span> <span class='ocrx_word' id='word_1_224' title='bbox 3317 1859 3346 1912; x_wconf 85' lang='grc' dir='ltr'>ὁ</span> <span class='ocrx_word' id='word_1_225' title='bbox 3409 1864 3543 1912; x_wconf 91' lang='grc' dir='ltr'>Διο-</span> 
     </span>
    </p>
   </div>
   <div class='ocr_carea' id='block_1_36' title="bbox 113 1948 1440 2028">
    <p class='ocr_par' dir='ltr' id='par_1_36' title="bbox 113 1948 1440 2028">
     <span class='ocr_line' id='line_1_36' title="bbox 113 1948 1440 2028; baseline 0.002 -24"><span class='ocrx_word' id='word_1_226' title='bbox 113 1950 270 2028; x_wconf 72' lang='grc' dir='ltr'>γένης</span> <span class='ocrx_word' id='word_1_227' title='bbox 304 1948 499 2026; x_wconf 81' lang='grc' dir='ltr'>ἄρχειν</span> <span class='ocrx_word' id='word_1_228' title='bbox 531 1948 736 2026; x_wconf 82' lang='grc' dir='ltr'>ἐτάχθη</span> <span class='ocrx_word' id='word_1_229' title='bbox 775 1957 877 2020; x_wconf 78' lang='grc' dir='ltr'>τῆς</span> <span class='ocrx_word' id='word_1_230' title='bbox 905 1952 1200 2020; x_wconf 77' lang='grc' dir='ltr'>νεοκτήτου</span> <span class='ocrx_word' id='word_1_231' title='bbox 1230 1951 1440 2026; x_wconf 86' lang='grc' dir='ltr'>χώρας.</span> 
     </span>
    </p>
   </div>
   <div class='ocr_carea' id='block_1_37' title="bbox 182 2036 1769 2115">
    <p class='ocr_par' dir='ltr' id='par_1_37' title="bbox 182 2037 1768 2115">
     <span class='ocr_line' id='line_1_37' title="bbox 182 2037 1768 2115; baseline -0.001 -19"><span class='ocrx_word' id='word_1_232' title='bbox 182 2043 269 2113; x_wconf 84' lang='grc' dir='ltr'>[Ρ.</span> <span class='ocrx_word' id='word_1_233' title='bbox 303 2043 436 2112; x_wconf 88' lang='grc'>718]</span> <span class='ocrx_word' id='word_1_234' title='bbox 470 2040 805 2094; x_wconf 79' lang='grc' dir='ltr'>’Δνεκαίνισε</span> <span class='ocrx_word' id='word_1_235' title='bbox 848 2037 906 2094; x_wconf 75' lang='grc' dir='ltr'>δὲ</span> <span class='ocrx_word' id='word_1_236' title='bbox 951 2041 979 2095; x_wconf 83' lang='grc' dir='ltr'>ὁ</span> <span class='ocrx_word' id='word_1_237' title='bbox 1033 2037 1287 2115; x_wconf 79' lang='grc' dir='ltr'>βασιλεὺς</span> <span class='ocrx_word' id='word_1_238' title='bbox 1323 2040 1413 2094; x_wconf 80' lang='grc' dir='ltr'>καὶ</span> <span class='ocrx_word' id='word_1_239' title='bbox 1441 2040 1533 2094; x_wconf 87' lang='grc' dir='ltr'>τὸν</span> <span class='ocrx_word' id='word_1_240' title='bbox 1559 2039 1768 2115; x_wconf 84' lang='grc' dir='ltr'>ἀγωγὸν</span> 
     </span>
    </p>
   </div>
   <div class='ocr_carea' id='block_1_38' title="bbox 1884 2036 3529 2115">
    <p class='ocr_par' dir='ltr' id='par_1_38' title="bbox 1951 2036 3529 2113">
     <span class='ocr_line' id='line_1_38' title="bbox 1951 2036 3529 2113; baseline -0.003 -16"><span class='ocrx_word' id='word_1_241' title='bbox 1951 2043 2100 2097; x_wconf 79' lang='grc'>477</span> <span class='ocrx_word' id='word_1_242' title='bbox 2133 2041 2552 2113; x_wconf 66' lang='grc' dir='ltr'>Αρυιοάιιοιυω</span> <span class='ocrx_word' id='word_1_243' title='bbox 2587 2053 2821 2112; x_wconf 90' lang='lat' dir='ltr'>quoque</span> <span class='ocrx_word' id='word_1_244' title='bbox 2853 2036 3244 2094; x_wconf 88' lang='lat' dir='ltr'>Valentiniani</span> <span class='ocrx_word' id='word_1_245' title='bbox 3276 2037 3529 2109; x_wconf 86' lang='lat' dir='ltr'>impera-</span> 
     </span>
    </p>
   </div>
   <div class='ocr_carea' id='block_1_39' title="bbox 118 2124 1770 2204">
    <p class='ocr_par' dir='ltr' id='par_1_39' title="bbox 118 2124 1770 2204">
     <span class='ocr_line' id='line_1_39' title="bbox 118 2124 1770 2204; baseline 0.001 -22"><span class='ocrx_word' id='word_1_246' title='bbox 118 2126 571 2186; x_wconf 69' lang='grc' dir='ltr'>ὓόαλεντινιανοῦ</span> <span class='ocrx_word' id='word_1_247' title='bbox 613 2132 712 2183; x_wconf 83' lang='grc' dir='ltr'>τοῦ</span> <span class='ocrx_word' id='word_1_248' title='bbox 773 2127 1062 2204; x_wconf 89' lang='grc' dir='ltr'>βασιλέως,</span> <span class='ocrx_word' id='word_1_249' title='bbox 1095 2130 1169 2190; x_wconf 87' lang='grc' dir='ltr'>ὡς</span> <span class='ocrx_word' id='word_1_250' title='bbox 1212 2127 1274 2183; x_wconf 77' lang='grc' dir='ltr'>ἂν</span> <span class='ocrx_word' id='word_1_251' title='bbox 1324 2124 1504 2204; x_wconf 81' lang='grc' dir='ltr'>ἔχοιεν</span> <span class='ocrx_word' id='word_1_252' title='bbox 1537 2129 1587 2184; x_wconf 79' lang='grc' dir='ltr'>οἱ</span> <span class='ocrx_word' id='word_1_253' title='bbox 1619 2130 1770 2184; x_wconf 86' lang='grc' dir='ltr'>ἀστοὶ</span> 
     </span>
    </p>
   </div>
   <div class='ocr_carea' id='block_1_40' title="bbox 119 2214 1770 2294">
    <p class='ocr_par' dir='ltr' id='par_1_40' title="bbox 119 2214 1770 2294">
     <span class='ocr_line' id='line_1_40' title="bbox 119 2214 1770 2294; baseline 0.001 -22"><span class='ocrx_word' id='word_1_254' title='bbox 119 2217 376 2294; x_wconf 74' lang='grc' dir='ltr'>ἀφθονίαν</span> <span class='ocrx_word' id='word_1_255' title='bbox 429 2215 647 2279; x_wconf 71' lang='grc' dir='ltr'>ὕδατος.</span> <span class='ocrx_word' id='word_1_256' title='bbox 706 2217 978 2293; x_wconf 85' lang='grc' dir='ltr'>Γεωργίου</span> <span class='ocrx_word' id='word_1_257' title='bbox 1037 2215 1095 2272; x_wconf 75' lang='grc' dir='ltr'>δὲ</span> <span class='ocrx_word' id='word_1_258' title='bbox 1141 2222 1238 2273; x_wconf 78' lang='grc' dir='ltr'>τοῦ</span> <span class='ocrx_word' id='word_1_259' title='bbox 1284 2218 1554 2294; x_wconf 78' lang='grc' dir='ltr'>ἄρχοντος</span> <span class='ocrx_word' id='word_1_260' title='bbox 1611 2214 1770 2274; x_wconf 75' lang='grc' dir='ltr'>’Δϐα-</span> 
     </span>
    </p>
   </div>
   <div class='ocr_carea' id='block_1_41' title="bbox 116 2305 1769 2382">
    <p class='ocr_par' dir='ltr' id='par_1_41' title="bbox 116 2305 1769 2382">
     <span class='ocr_line' id='line_1_41' title="bbox 116 2305 1769 2382; baseline 0.002 -22"><span class='ocrx_word' id='word_1_261' title='bbox 116 2307 261 2381; x_wconf 84' lang='grc' dir='ltr'>σγίας</span> <span class='ocrx_word' id='word_1_262' title='bbox 299 2310 416 2380; x_wconf 82' lang='grc'>(67)</span> <span class='ocrx_word' id='word_1_263' title='bbox 444 2307 540 2368; x_wconf 70' lang='grc' dir='ltr'>τὰς</span> <span class='ocrx_word' id='word_1_264' title='bbox 588 2307 728 2382; x_wconf 84' lang='grc' dir='ltr'>πρὸς</span> <span class='ocrx_word' id='word_1_265' title='bbox 771 2305 1080 2379; x_wconf 81' lang='grc' dir='ltr'>Ῥωμαίους</span> <span class='ocrx_word' id='word_1_266' title='bbox 1111 2307 1471 2378; x_wconf 74' lang='grc' dir='ltr'>ἀθετήσαντος</span> <span class='ocrx_word' id='word_1_267' title='bbox 1502 2311 1769 2378; x_wconf 79' lang='grc' dir='ltr'>συνθήκας</span> 
     </span>
    </p>
   </div>
   <div class='ocr_carea' id='block_1_42' title="bbox 111 2392 1770 2472">
    <p class='ocr_par' dir='ltr' id='par_1_42' title="bbox 111 2392 1770 2472">
     <span class='ocr_line' id='line_1_42' title="bbox 111 2392 1770 2472; baseline 0.001 -23"><span class='ocrx_word' id='word_1_268' title='bbox 111 2397 193 2450; x_wconf 78' lang='grc' dir='ltr'>καὶ</span> <span class='ocrx_word' id='word_1_269' title='bbox 261 2397 332 2450; x_wconf 72' lang='grc' dir='ltr'>τὰ</span> <span class='ocrx_word' id='word_1_270' title='bbox 391 2396 574 2472; x_wconf 78' lang='grc' dir='ltr'>ὅμορα</span> <span class='ocrx_word' id='word_1_271' title='bbox 629 2396 1086 2472; x_wconf 87' lang='grc' dir='ltr'>κατατρέχοντος,</span> <span class='ocrx_word' id='word_1_272' title='bbox 1140 2392 1299 2467; x_wconf 78' lang='grc' dir='ltr'>ἔξεισι</span> <span class='ocrx_word' id='word_1_273' title='bbox 1358 2398 1474 2452; x_wconf 86' lang='grc' dir='ltr'>κατ’</span> <span class='ocrx_word' id='word_1_274' title='bbox 1531 2397 1697 2452; x_wconf 76' lang='grc' dir='ltr'>αὐτοῦ</span> <span class='ocrx_word' id='word_1_275' title='bbox 1743 2399 1770 2451; x_wconf 89' lang='grc' dir='ltr'>ὁ</span> 
     </span>
    </p>
   </div>
   <div class='ocr_carea' id='block_1_43' title="bbox 114 2484 1771 2562">
    <p class='ocr_par' dir='ltr' id='par_1_43' title="bbox 114 2484 1771 2562">
     <span class='ocr_line' id='line_1_43' title="bbox 114 2484 1771 2562; baseline 0.002 -24"><span class='ocrx_word' id='word_1_276' title='bbox 114 2484 368 2559; x_wconf 69' lang='grc' dir='ltr'>βασιλεὺς</span> <span class='ocrx_word' id='word_1_277' title='bbox 417 2484 734 2561; x_wconf 87' lang='grc' dir='ltr'>πανστρατὶ,</span> <span class='ocrx_word' id='word_1_278' title='bbox 801 2484 1028 2539; x_wconf 81' lang='grc' dir='ltr'>κατόπιν</span> <span class='ocrx_word' id='word_1_279' title='bbox 1080 2485 1256 2540; x_wconf 87' lang='grc' dir='ltr'>λιπὼν</span> <span class='ocrx_word' id='word_1_280' title='bbox 1298 2487 1615 2562; x_wconf 76' lang='grc' dir='ltr'>Νικηφόρον</span> <span class='ocrx_word' id='word_1_281' title='bbox 1665 2508 1771 2541; x_wconf 84' lang='grc' dir='ltr'>πα-</span> 
     </span>
    </p>
   </div>
   <div class='ocr_carea' id='block_1_44' title="bbox 111 2573 1768 2652">
    <p class='ocr_par' dir='ltr' id='par_1_44' title="bbox 111 2573 1768 2652">
     <span class='ocr_line' id='line_1_44' title="bbox 111 2573 1768 2652; baseline 0.003 -26"><span class='ocrx_word' id='word_1_282' title='bbox 111 2573 318 2648; x_wconf 81' lang='grc' dir='ltr'>τρίκιον</span> <span class='ocrx_word' id='word_1_283' title='bbox 538 2574 628 2629; x_wconf 84' lang='grc' dir='ltr'>τὸν</span> <span class='ocrx_word' id='word_1_284' title='bbox 686 2573 886 2651; x_wconf 82' lang='grc' dir='ltr'>Ξιφίαν</span> <span class='ocrx_word' id='word_1_285' title='bbox 957 2574 1046 2629; x_wconf 83' lang='grc' dir='ltr'>καὶ</span> <span class='ocrx_word' id='word_1_286' title='bbox 1104 2576 1422 2652; x_wconf 75' lang='grc' dir='ltr'>Νικηφόρον</span> <span class='ocrx_word' id='word_1_287' title='bbox 1481 2577 1768 2650; x_wconf 86' lang='grc' dir='ltr'>πατρίκιον</span> 
     </span>
    </p>
   </div>
   <div class='ocr_carea' id='block_1_45' title="bbox 111 2661 1771 2739">
    <p class='ocr_par' dir='ltr' id='par_1_45' title="bbox 111 2661 1771 2739">
     <span class='ocr_line' id='line_1_45' title="bbox 111 2661 1771 2739; baseline 0.003 -23"><span class='ocrx_word' id='word_1_288' title='bbox 111 2663 195 2717; x_wconf 77' lang='grc' dir='ltr'>τόν</span> <span class='ocrx_word' id='word_1_289' title='bbox 251 2664 370 2718; x_wconf 72' lang='grc' dir='ltr'>υἱὸν</span> <span class='ocrx_word' id='word_1_290' title='bbox 423 2661 600 2737; x_wconf 75' lang='grc' dir='ltr'>Βάρδα</span> <span class='ocrx_word' id='word_1_291' title='bbox 648 2668 747 2718; x_wconf 78' lang='grc' dir='ltr'>τοῦ</span> <span class='ocrx_word' id='word_1_292' title='bbox 805 2669 990 2720; x_wconf 81' lang='grc' dir='ltr'>Φωκᾶ.</span> <span class='ocrx_word' id='word_1_293' title='bbox 1025 2665 1090 2722; x_wconf 76' lang='grc' dir='ltr'>Οἱ</span> <span class='ocrx_word' id='word_1_294' title='bbox 1143 2661 1200 2719; x_wconf 77' lang='grc' dir='ltr'>δὲ</span> <span class='ocrx_word' id='word_1_295' title='bbox 1251 2662 1339 2719; x_wconf 76' lang='grc' dir='ltr'>διὰ</span> <span class='ocrx_word' id='word_1_296' title='bbox 1379 2665 1442 2719; x_wconf 87' lang='grc' dir='ltr'>τὸ</span> <span class='ocrx_word' id='word_1_297' title='bbox 1475 2672 1574 2734; x_wconf 82' lang='grc' dir='ltr'>τῆς</span> <span class='ocrx_word' id='word_1_298' title='bbox 1607 2687 1771 2739; x_wconf 88' lang='grc' dir='ltr'>στρα-</span> 
     </span>
    </p>
   </div>
   <div class='ocr_carea' id='block_1_46' title="bbox 111 2749 1769 2830">
    <p class='ocr_par' dir='ltr' id='par_1_46' title="bbox 111 2749 1769 2830">
     <span class='ocr_line' id='line_1_46' title="bbox 111 2749 1769 2830; baseline 0.003 -25"><span class='ocrx_word' id='word_1_299' title='bbox 111 2752 248 2812; x_wconf 78' lang='grc' dir='ltr'>τείας</span> <span class='ocrx_word' id='word_1_300' title='bbox 330 2749 727 2830; x_wconf 78' lang='grc' dir='ltr'>ἀπολελεῖφθαι</span> <span class='ocrx_word' id='word_1_301' title='bbox 814 2749 1296 2824; x_wconf 70' lang='grc' dir='ltr'>δεινοπαθήσαντες</span> <span class='ocrx_word' id='word_1_302' title='bbox 1384 2755 1448 2808; x_wconf 84' lang='grc' dir='ltr'>οὐ</span> <span class='ocrx_word' id='word_1_303' title='bbox 1535 2759 1769 2830; x_wconf 84' lang='grc' dir='ltr'>μικρῶς,</span> 
     </span>
    </p>
   </div>
   <div class='ocr_carea' id='block_1_47' title="bbox 115 2839 1770 2918">
    <p class='ocr_par' dir='ltr' id='par_1_47' title="bbox 115 2839 1770 2918">
     <span class='ocr_line' id='line_1_47' title="bbox 115 2839 1770 2918; baseline 0.001 -23"><span class='ocrx_word' id='word_1_304' title='bbox 115 2839 238 2895; x_wconf 74' lang='grc' dir='ltr'>λαὸν</span> <span class='ocrx_word' id='word_1_305' title='bbox 275 2843 355 2904; x_wconf 86' lang='grc' dir='ltr'>ὡς</span> <span class='ocrx_word' id='word_1_306' title='bbox 387 2839 577 2917; x_wconf 85' lang='grc' dir='ltr'>ἔτυχεν</span> <span class='ocrx_word' id='word_1_307' title='bbox 623 2842 944 2918; x_wconf 80' lang='grc' dir='ltr'>ήθροικότες</span> <span class='ocrx_word' id='word_1_308' title='bbox 988 2841 1093 2897; x_wconf 87' lang='grc' dir='ltr'>ἀπό</span> <span class='ocrx_word' id='word_1_309' title='bbox 1143 2863 1202 2898; x_wconf 88' lang='grc' dir='ltr'>τε</span> <span class='ocrx_word' id='word_1_310' title='bbox 1247 2841 1637 2906; x_wconf 80' lang='grc' dir='ltr'>Καππαδοκίας</span> <span class='ocrx_word' id='word_1_311' title='bbox 1679 2843 1770 2899; x_wconf 81' lang='grc' dir='ltr'>καὶ</span> 
     </span>
    </p>
   </div>
   <div class='ocr_carea' id='block_1_48' title="bbox 113 2929 1770 3008">
    <p class='ocr_par' dir='ltr' id='par_1_48' title="bbox 113 2929 1770 3008">
     <span class='ocr_line' id='line_1_48' title="bbox 113 2929 1770 3008; baseline -0.001 -21"><span class='ocrx_word' id='word_1_312' title='bbox 113 2929 407 2988; x_wconf 77' lang='grc' dir='ltr'>Ῥοδάντου</span> <span class='ocrx_word' id='word_1_313' title='bbox 446 2933 536 2986; x_wconf 81' lang='grc' dir='ltr'>καὶ</span> <span class='ocrx_word' id='word_1_314' title='bbox 579 2936 688 2986; x_wconf 90' lang='grc' dir='ltr'>τῶν</span> <span class='ocrx_word' id='word_1_315' title='bbox 734 2931 887 3008; x_wconf 83' lang='grc' dir='ltr'>πέριξ</span> <span class='ocrx_word' id='word_1_316' title='bbox 931 2932 1182 3007; x_wconf 76' lang='grc' dir='ltr'>χωρίων,</span> <span class='ocrx_word' id='word_1_317' title='bbox 1231 2932 1555 2987; x_wconf 78' lang='grc' dir='ltr'>ἀποστασίαν</span> <span class='ocrx_word' id='word_1_318' title='bbox 1589 2937 1770 2988; x_wconf 78' lang='grc' dir='ltr'>κινοῦ-</span> 
     </span>
    </p>
   </div>
   <div class='ocr_carea' id='block_1_49' title="bbox 119 3019 1772 3098">
    <p class='ocr_par' dir='ltr' id='par_1_49' title="bbox 119 3019 1772 3098">
     <span class='ocr_line' id='line_1_49' title="bbox 119 3019 1772 3098; baseline 0.002 -24"><span class='ocrx_word' id='word_1_319' title='bbox 119 3042 212 3077; x_wconf 75' lang='grc' dir='ltr'>σιν.</span> <span class='ocrx_word' id='word_1_320' title='bbox 248 3021 436 3096; x_wconf 78' lang='grc' dir='ltr'>Οὗπερ</span> <span class='ocrx_word' id='word_1_321' title='bbox 493 3019 847 3095; x_wconf 73' lang='grc' dir='ltr'>ἀγγελθέντος</span> <span class='ocrx_word' id='word_1_322' title='bbox 893 3025 970 3093; x_wconf 80' lang='grc' dir='ltr'>τῷ</span> <span class='ocrx_word' id='word_1_323' title='bbox 1031 3019 1246 3097; x_wconf 80' lang='grc' dir='ltr'>βασιλεῖ</span> <span class='ocrx_word' id='word_1_324' title='bbox 1288 3024 1505 3098; x_wconf 82' lang='grc' dir='ltr'>ταραχὴ</span> <span class='ocrx_word' id='word_1_325' title='bbox 1551 3029 1772 3098; x_wconf 83' lang='grc' dir='ltr'>κατεῖχε</span> 
     </span>
    </p>
   </div>
   <div class='ocr_carea' id='block_1_50' title="bbox 115 3104 1772 3186">
    <p class='ocr_par' dir='ltr' id='par_1_50' title="bbox 115 3104 1772 3186">
     <span class='ocr_line' id='line_1_50' title="bbox 115 3104 1772 3186; baseline 0.003 -23"><span class='ocrx_word' id='word_1_326' title='bbox 115 3112 204 3178; x_wconf 73' lang='grc' dir='ltr'>τήν</span> <span class='ocrx_word' id='word_1_327' title='bbox 237 3104 608 3185; x_wconf 77' lang='grc' dir='ltr'>παρεμϐολὴν</span> <span class='ocrx_word' id='word_1_328' title='bbox 665 3109 756 3165; x_wconf 82' lang='grc' dir='ltr'>καὶ</span> <span class='ocrx_word' id='word_1_329' title='bbox 802 3109 1024 3185; x_wconf 83' lang='grc' dir='ltr'>ἀγωνία,</span> <span class='ocrx_word' id='word_1_330' title='bbox 1087 3108 1388 3167; x_wconf 83' lang='grc' dir='ltr'>δεδοικυῖαν</span> <span class='ocrx_word' id='word_1_331' title='bbox 1443 3114 1517 3186; x_wconf 84' lang='grc' dir='ltr'>μή</span> <span class='ocrx_word' id='word_1_332' title='bbox 1559 3134 1679 3175; x_wconf 87' lang='grc' dir='ltr'>πως</span> <span class='ocrx_word' id='word_1_333' title='bbox 1720 3111 1772 3168; x_wconf 78' lang='grc' dir='ltr'>ἐν</span> 
     </span>
    </p>
   </div>
   <div class='ocr_carea' id='block_1_51' title="bbox 123 3195 1772 3276">
    <p class='ocr_par' dir='ltr' id='par_1_51' title="bbox 123 3195 1772 3276">
     <span class='ocr_line' id='line_1_51' title="bbox 123 3195 1772 3276; baseline 0.002 -23"><span class='ocrx_word' id='word_1_334' title='bbox 123 3202 265 3273; x_wconf 74' lang='grc' dir='ltr'>μέσῳ</span> <span class='ocrx_word' id='word_1_335' title='bbox 299 3195 585 3276; x_wconf 78' lang='grc' dir='ltr'>’Δϐασγῶν</span> <span class='ocrx_word' id='word_1_336' title='bbox 634 3221 694 3255; x_wconf 90' lang='grc' dir='ltr'>τε</span> <span class='ocrx_word' id='word_1_337' title='bbox 739 3201 829 3255; x_wconf 80' lang='grc' dir='ltr'>καὶ</span> <span class='ocrx_word' id='word_1_338' title='bbox 880 3204 986 3256; x_wconf 82' lang='grc' dir='ltr'>τῶν</span> <span class='ocrx_word' id='word_1_339' title='bbox 1033 3200 1350 3256; x_wconf 80' lang='grc' dir='ltr'>ἀποστατῶν</span> <span class='ocrx_word' id='word_1_340' title='bbox 1396 3201 1772 3276; x_wconf 82' lang='grc' dir='ltr'>συνειλημμέ-</span> 
     </span>
    </p>
   </div>
   <div class='ocr_carea' id='block_1_52' title="bbox 117 3285 1773 3370">
    <p class='ocr_par' dir='ltr' id='par_1_52' title="bbox 117 3285 1773 3370">
     <span class='ocr_line' id='line_1_52' title="bbox 117 3285 1773 3370; baseline 0.002 -28"><span class='ocrx_word' id='word_1_341' title='bbox 117 3310 194 3342; x_wconf 81' lang='grc' dir='ltr'>νοι</span> <span class='ocrx_word' id='word_1_342' title='bbox 224 3285 531 3362; x_wconf 71' lang='grc' dir='ltr'>(διεδέδοτο</span> <span class='ocrx_word' id='word_1_343' title='bbox 581 3291 682 3365; x_wconf 77' lang='grc' dir='ltr'>γάρ</span> <span class='ocrx_word' id='word_1_344' title='bbox 732 3289 821 3345; x_wconf 81' lang='grc' dir='ltr'>καὶ</span> <span class='ocrx_word' id='word_1_345' title='bbox 869 3287 1037 3364; x_wconf 86' lang='grc' dir='ltr'>λόγος</span> <span class='ocrx_word' id='word_1_346' title='bbox 1093 3291 1170 3352; x_wconf 87' lang='grc' dir='ltr'>ὡς</span> <span class='ocrx_word' id='word_1_347' title='bbox 1236 3290 1287 3345; x_wconf 83' lang='grc' dir='ltr'>οἱ</span> <span class='ocrx_word' id='word_1_348' title='bbox 1328 3292 1450 3366; x_wconf 85' lang='grc' dir='ltr'>περὶ</span> <span class='ocrx_word' id='word_1_349' title='bbox 1480 3291 1570 3346; x_wconf 88' lang='grc' dir='ltr'>τὸν</span> <span class='ocrx_word' id='word_1_350' title='bbox 1601 3291 1773 3370; x_wconf 87' lang='grc' dir='ltr'>Ξιφία</span> 
     </span>
    </p>
   </div>
   <div class='ocr_carea' id='block_1_53' title="bbox 117 3375 1843 3484">
    <p class='ocr_par' dir='ltr' id='par_1_53' title="bbox 117 3375 1843 3484">
     <span class='ocr_line' id='line_1_53' title="bbox 117 3375 1843 3484; baseline 0.003 -54"><span class='ocrx_word' id='word_1_351' title='bbox 117 3375 603 3453; x_wconf 67' lang='grc' dir='ltr'>διεκηρυκεῦσαντο</span> <span class='ocrx_word' id='word_1_352' title='bbox 685 3378 811 3452; x_wconf 84' lang='grc' dir='ltr'>περὶ</span> <span class='ocrx_word' id='word_1_353' title='bbox 892 3378 1086 3433; x_wconf 68' lang='grc' dir='ltr'>τούτου</span> <span class='ocrx_word' id='word_1_354' title='bbox 1165 3380 1302 3455; x_wconf 87' lang='grc' dir='ltr'>πρὸς</span> <span class='ocrx_word' id='word_1_355' title='bbox 1377 3379 1468 3434; x_wconf 87' lang='grc' dir='ltr'>τὸν</span> <span class='ocrx_word' id='word_1_356' title='bbox 1528 3377 1843 3484; x_wconf 65' lang='grc' dir='ltr'>ἄρχονταα</span> 
     </span>
     <span class='ocr_line' id='line_1_54' title="bbox 117 3463 1722 3484; baseline 0 0"><span class='ocrx_word' id='word_1_357' title='bbox 117 3463 201 3484; x_wconf 70' lang='grc' dir='ltr'>Ιιρ</span> <span class='ocrx_word' id='word_1_358' title='bbox 319 3466 331 3484; x_wconf 80' lang='grc' dir='ltr'><strong><em>Ι</em></strong></span> <span class='ocrx_word' id='word_1_359' title='bbox 410 3469 425 3484; x_wconf 81' lang='lat'><strong><em>\</em></strong></span> <span class='ocrx_word' id='word_1_360' title='bbox 493 3469 506 3484; x_wconf 74' lang='grc'><strong>9</strong></span> <span class='ocrx_word' id='word_1_361' title='bbox 570 3469 582 3484; x_wconf 73' lang='grc'><strong><em>1</em></strong></span> <span class='ocrx_word' id='word_1_362' title='bbox 732 3466 744 3484; x_wconf 78' lang='grc' dir='ltr'><strong><em>Ι</em></strong></span> <span class='ocrx_word' id='word_1_363' title='bbox 1021 3469 1066 3484; x_wconf 69' lang='grc' dir='ltr'><strong>’Λ</strong></span> <span class='ocrx_word' id='word_1_364' title='bbox 1281 3469 1338 3484; x_wconf 76' lang='grc' dir='ltr'>οΛ</span> <span class='ocrx_word' id='word_1_365' title='bbox 1405 3467 1447 3484; x_wconf 54' lang='grc' dir='ltr'>ἢ.</span> <span class='ocrx_word' id='word_1_366' title='bbox 1515 3470 1543 3484; x_wconf 78' lang='grc' dir='ltr'><strong>Λ</strong></span> <span class='ocrx_word' id='word_1_367' title='bbox 1647 3469 1664 3484; x_wconf 84' lang='lat'><em>\</em></span> <span class='ocrx_word' id='word_1_368' title='bbox 1710 3467 1722 3484; x_wconf 85' lang='lat'><strong><em>\</em></strong></span> 
     </span>
    </p>
   </div>
   <div class='ocr_carea' id='block_1_54' title="bbox 115 3463 1768 3546">
    <p class='ocr_par' dir='ltr' id='par_1_54' title="bbox 115 3463 1768 3546">
     <span class='ocr_line' id='line_1_55' title="bbox 115 3463 1768 3546; baseline 0.001 -25"><span class='ocrx_word' id='word_1_369' title='bbox 115 3463 428 3543; x_wconf 68' lang='grc' dir='ltr'>³Δϐασγίας)</span> <span class='ocrx_word' id='word_1_370' title='bbox 482 3466 774 3538; x_wconf 66' lang='grc' dir='ltr'>ἀνήκεστόν</span> <span class='ocrx_word' id='word_1_371' title='bbox 833 3487 886 3522; x_wconf 90' lang='grc' dir='ltr'>τι</span> <span class='ocrx_word' id='word_1_372' title='bbox 961 3469 1226 3522; x_wconf 82' lang='grc' dir='ltr'>πάθωσιν.</span> <span class='ocrx_word' id='word_1_373' title='bbox 1281 3469 1343 3525; x_wconf 76' lang='grc' dir='ltr'>Ὀ</span> <span class='ocrx_word' id='word_1_374' title='bbox 1402 3467 1460 3523; x_wconf 77' lang='grc' dir='ltr'>δὲ</span> <span class='ocrx_word' id='word_1_375' title='bbox 1515 3467 1768 3546; x_wconf 71' lang='grc' dir='ltr'>βασιλεὺς</span> 
     </span>
    </p>
   </div>
   <div class='ocr_carea' id='block_1_55' title="bbox 112 3555 1769 3634">
    <p class='ocr_par' dir='ltr' id='par_1_55' title="bbox 112 3555 1769 3634">
     <span class='ocr_line' id='line_1_56' title="bbox 112 3555 1769 3634; baseline 0.001 -24"><span class='ocrx_word' id='word_1_376' title='bbox 112 3558 408 3629; x_wconf 69' lang='grc' dir='ltr'>γράμματα</span> <span class='ocrx_word' id='word_1_377' title='bbox 458 3555 666 3631; x_wconf 72' lang='grc' dir='ltr'>γράψας</span> <span class='ocrx_word' id='word_1_378' title='bbox 712 3556 848 3632; x_wconf 88' lang='grc' dir='ltr'>πρός</span> <span class='ocrx_word' id='word_1_379' title='bbox 893 3577 951 3612; x_wconf 86' lang='grc' dir='ltr'>τε</span> <span class='ocrx_word' id='word_1_380' title='bbox 996 3557 1085 3612; x_wconf 87' lang='grc' dir='ltr'>τὸν</span> <span class='ocrx_word' id='word_1_381' title='bbox 1139 3555 1338 3634; x_wconf 82' lang='grc' dir='ltr'>Ξιφίαν</span> <span class='ocrx_word' id='word_1_382' title='bbox 1384 3556 1472 3612; x_wconf 86' lang='grc' dir='ltr'>καὶ</span> <span class='ocrx_word' id='word_1_383' title='bbox 1514 3559 1604 3612; x_wconf 89' lang='grc' dir='ltr'>τὸν</span> <span class='ocrx_word' id='word_1_384' title='bbox 1640 3565 1769 3614; x_wconf 70' lang='grc' dir='ltr'>Φωι-</span> 
     </span>
    </p>
   </div>
   <div class='ocr_carea' id='block_1_56' title="bbox 113 3641 1769 3720">
    <p class='ocr_par' dir='ltr' id='par_1_56' title="bbox 113 3641 1769 3720">
     <span class='ocr_line' id='line_1_57' title="bbox 113 3641 1769 3720; baseline 0.003 -23"><span class='ocrx_word' id='word_1_385' title='bbox 113 3651 199 3698; x_wconf 69' lang='grc' dir='ltr'>κᾶν</span> <span class='ocrx_word' id='word_1_386' title='bbox 255 3644 550 3719; x_wconf 76' lang='grc' dir='ltr'>ἐξέπεμψε,</span> <span class='ocrx_word' id='word_1_387' title='bbox 606 3643 973 3720; x_wconf 82' lang='grc' dir='ltr'>παραγγείλας</span> <span class='ocrx_word' id='word_1_388' title='bbox 1055 3650 1136 3718; x_wconf 77' lang='grc' dir='ltr'>τῷ</span> <span class='ocrx_word' id='word_1_389' title='bbox 1191 3641 1412 3702; x_wconf 78' lang='grc' dir='ltr'>λαϐόντι</span> <span class='ocrx_word' id='word_1_390' title='bbox 1471 3645 1769 3703; x_wconf 83' lang='grc' dir='ltr'>σπουδάσαι</span> 
     </span>
    </p>
   </div>
   <div class='ocr_carea' id='block_1_57' title="bbox 116 3733 1766 3813">
    <p class='ocr_par' dir='ltr' id='par_1_57' title="bbox 116 3733 1766 3813">
     <span class='ocr_line' id='line_1_58' title="bbox 116 3733 1766 3813; baseline 0.002 -25"><span class='ocrx_word' id='word_1_391' title='bbox 116 3736 277 3789; x_wconf 68' lang='grc' dir='ltr'>πάντα</span> <span class='ocrx_word' id='word_1_392' title='bbox 332 3735 539 3809; x_wconf 82' lang='grc' dir='ltr'>τρόπον</span> <span class='ocrx_word' id='word_1_393' title='bbox 586 3733 770 3790; x_wconf 85' lang='grc' dir='ltr'>λαθεῖν</span> <span class='ocrx_word' id='word_1_394' title='bbox 821 3735 910 3790; x_wconf 80' lang='grc' dir='ltr'>καὶ</span> <span class='ocrx_word' id='word_1_395' title='bbox 970 3734 1176 3808; x_wconf 74' lang='grc' dir='ltr'>ἑκάστῳ</span> <span class='ocrx_word' id='word_1_396' title='bbox 1234 3736 1622 3813; x_wconf 86' lang='grc' dir='ltr'>ἆσυγγνώστως</span> <span class='ocrx_word' id='word_1_397' title='bbox 1682 3735 1766 3792; x_wconf 82' lang='grc' dir='ltr'>δε-</span> 
     </span>
    </p>
   </div>
   <div class='ocr_carea' id='block_1_58' title="bbox 117 3820 1771 3900">
    <p class='ocr_par' dir='ltr' id='par_1_58' title="bbox 117 3820 1771 3900">
     <span class='ocr_line' id='line_1_59' title="bbox 117 3820 1771 3900; baseline 0.004 -24"><span class='ocrx_word' id='word_1_398' title='bbox 117 3820 342 3878; x_wconf 70' lang='grc' dir='ltr'>δωκέναι</span> <span class='ocrx_word' id='word_1_399' title='bbox 370 3824 436 3878; x_wconf 82' lang='grc' dir='ltr'>τὸ</span> <span class='ocrx_word' id='word_1_400' title='bbox 493 3823 740 3900; x_wconf 82' lang='grc' dir='ltr'>γράμμα.</span> <span class='ocrx_word' id='word_1_401' title='bbox 789 3826 899 3880; x_wconf 75' lang='grc' dir='ltr'>Τοῦ</span> <span class='ocrx_word' id='word_1_402' title='bbox 945 3821 1001 3879; x_wconf 78' lang='grc' dir='ltr'>δὲ</span> <span class='ocrx_word' id='word_1_403' title='bbox 1044 3825 1118 3886; x_wconf 83' lang='grc' dir='ltr'>ὡς</span> <span class='ocrx_word' id='word_1_404' title='bbox 1168 3823 1455 3897; x_wconf 74' lang='grc' dir='ltr'>ἐκελεύσθη</span> <span class='ocrx_word' id='word_1_405' title='bbox 1501 3828 1771 3898; x_wconf 73' lang='grc' dir='ltr'>ποιήσαν-</span> 
     </span>
    </p>
   </div>
   <div class='ocr_carea' id='block_1_59' title="bbox 114 3909 1766 3990">
    <p class='ocr_par' dir='ltr' id='par_1_59' title="bbox 114 3909 1766 3990">
     <span class='ocr_line' id='line_1_60' title="bbox 114 3909 1766 3990; baseline 0.005 -25"><span class='ocrx_word' id='word_1_406' title='bbox 114 3933 199 3975; x_wconf 86' lang='grc' dir='ltr'>τος</span> <span class='ocrx_word' id='word_1_407' title='bbox 250 3913 345 3967; x_wconf 81' lang='grc' dir='ltr'><strong>καὶ</strong></span> <span class='ocrx_word' id='word_1_408' title='bbox 404 3913 498 3973; x_wconf 72' lang='grc' dir='ltr'>τὰς</span> <span class='ocrx_word' id='word_1_409' title='bbox 554 3909 844 3974; x_wconf 76' lang='grc' dir='ltr'>ἐπιστολάς</span> <span class='ocrx_word' id='word_1_410' title='bbox 902 3912 1308 3990; x_wconf 83' lang='grc' dir='ltr'>ἐγχειρίσαντος</span> <span class='ocrx_word' id='word_1_411' title='bbox 1364 3915 1705 3990; x_wconf 82' lang='grc' dir='ltr'>λεληθότως,</span> <span class='ocrx_word' id='word_1_412' title='bbox 1739 3919 1766 3974; x_wconf 85' lang='grc' dir='ltr'>ὁ</span> 
     </span>
    </p>
   </div>
   <div class='ocr_carea' id='block_1_60' title="bbox 120 3999 1762 4084">
    <p class='ocr_par' dir='ltr' id='par_1_60' title="bbox 120 3999 1762 4084">
     <span class='ocr_line' id='line_1_61' title="bbox 120 3999 1762 4084; baseline 0.003 -29"><span class='ocrx_word' id='word_1_413' title='bbox 120 4003 204 4072; x_wconf 78' lang='grc' dir='ltr'>μὲν</span> <span class='ocrx_word' id='word_1_414' title='bbox 250 4005 455 4062; x_wconf 80' lang='grc' dir='ltr'>Φωκᾶς</span> <span class='ocrx_word' id='word_1_415' title='bbox 511 3999 666 4065; x_wconf 73' lang='grc' dir='ltr'>εὖθῦς</span> <span class='ocrx_word' id='word_1_416' title='bbox 721 4001 997 4077; x_wconf 74' lang='grc' dir='ltr'>έπανὲγνω</span> <span class='ocrx_word' id='word_1_417' title='bbox 1055 4004 1158 4078; x_wconf 75' lang='grc' dir='ltr'>γὴν</span> <span class='ocrx_word' id='word_1_418' title='bbox 1201 4004 1390 4060; x_wconf 75' lang='grc' dir='ltr'>ἑαυτοῦ</span> <span class='ocrx_word' id='word_1_419' title='bbox 1446 4010 1526 4078; x_wconf 82' lang='grc' dir='ltr'>τῷ</span> <span class='ocrx_word' id='word_1_420' title='bbox 1574 4006 1762 4084; x_wconf 83' lang='grc' dir='ltr'>Ξιφίᾳ,</span> 
     </span>
    </p>
   </div>
   <div class='ocr_carea' id='block_1_61' title="bbox 117 4089 1765 4171">
    <p class='ocr_par' dir='ltr' id='par_1_61' title="bbox 117 4089 1765 4171">
     <span class='ocr_line' id='line_1_62' title="bbox 117 4089 1765 4171; baseline 0.004 -27"><span class='ocrx_word' id='word_1_421' title='bbox 117 4091 313 4153; x_wconf 71' lang='grc' dir='ltr'>ἐκεῖνος</span> <span class='ocrx_word' id='word_1_422' title='bbox 346 4089 405 4146; x_wconf 71' lang='grc' dir='ltr'>δὲ</span> <span class='ocrx_word' id='word_1_423' title='bbox 435 4091 536 4159; x_wconf 81' lang='grc' dir='ltr'>τήν</span> <span class='ocrx_word' id='word_1_424' title='bbox 594 4089 785 4146; x_wconf 70' lang='grc' dir='ltr'>ἑαυτοῦ</span> <span class='ocrx_word' id='word_1_425' title='bbox 834 4091 1150 4168; x_wconf 64' lang='grc' dir='ltr'>ἀποκρύψας</span> <span class='ocrx_word' id='word_1_426' title='bbox 1210 4094 1300 4148; x_wconf 78' lang='grc' dir='ltr'>καὶ</span> <span class='ocrx_word' id='word_1_427' title='bbox 1350 4093 1578 4171; x_wconf 88' lang='grc' dir='ltr'>γράμμα</span> <span class='ocrx_word' id='word_1_428' title='bbox 1617 4093 1765 4167; x_wconf 83' lang='grc' dir='ltr'>δέξα-</span> 
     </span>
    </p>
   </div>
   <div class='ocr_carea' id='block_1_62' title="bbox 117 4180 1766 4259">
    <p class='ocr_par' dir='ltr' id='par_1_62' title="bbox 117 4180 1766 4259">
     <span class='ocr_line' id='line_1_63' title="bbox 117 4180 1766 4259; baseline 0.004 -25"><span class='ocrx_word' id='word_1_429' title='bbox 117 4183 222 4235; x_wconf 71' lang='grc' dir='ltr'>σθαι</span> <span class='ocrx_word' id='word_1_430' title='bbox 255 4180 408 4243; x_wconf 70' lang='grc' dir='ltr'>ὅλως</span> <span class='ocrx_word' id='word_1_431' title='bbox 442 4180 890 4256; x_wconf 79' lang='grc' dir='ltr'>ἀπαρνησάμενος</span> <span class='ocrx_word' id='word_1_432' title='bbox 941 4181 992 4235; x_wconf 84' lang='grc' dir='ltr'>ἐν</span> <span class='ocrx_word' id='word_1_433' title='bbox 1046 4187 1146 4255; x_wconf 79' lang='grc' dir='ltr'>μιᾷ</span> <span class='ocrx_word' id='word_1_434' title='bbox 1192 4187 1300 4237; x_wconf 89' lang='grc' dir='ltr'>τῶν</span> <span class='ocrx_word' id='word_1_435' title='bbox 1350 4186 1571 4259; x_wconf 81' lang='grc' dir='ltr'>ἡμερῶν</span> <span class='ocrx_word' id='word_1_436' title='bbox 1609 4184 1766 4240; x_wconf 88' lang='grc' dir='ltr'>καλεῖ</span> 
     </span>
    </p>
   </div>
   <div class='ocr_carea' id='block_1_63' title="bbox 115 4269 1763 4350">
    <p class='ocr_par' dir='ltr' id='par_1_63' title="bbox 115 4269 1763 4350">
     <span class='ocr_line' id='line_1_64' title="bbox 115 4269 1763 4350; baseline 0.004 -26"><span class='ocrx_word' id='word_1_437' title='bbox 115 4276 296 4326; x_wconf 66' lang='grc' dir='ltr'>τοῦτον</span> <span class='ocrx_word' id='word_1_438' title='bbox 332 4271 423 4325; x_wconf 74' lang='grc' dir='ltr'>ἐπὶ</span> <span class='ocrx_word' id='word_1_439' title='bbox 481 4269 856 4346; x_wconf 84' lang='grc' dir='ltr'>κοινολογίαν,</span> <span class='ocrx_word' id='word_1_440' title='bbox 910 4271 1002 4326; x_wconf 86' lang='grc' dir='ltr'>καὶ</span> <span class='ocrx_word' id='word_1_441' title='bbox 1060 4270 1306 4343; x_wconf 76' lang='grc' dir='ltr'>ἐλθόντα,</span> <span class='ocrx_word' id='word_1_442' title='bbox 1365 4273 1570 4349; x_wconf 86' lang='grc' dir='ltr'>λόχους</span> <span class='ocrx_word' id='word_1_443' title='bbox 1618 4271 1763 4350; x_wconf 82' lang='grc' dir='ltr'>ἔχων</span> 
     </span>
    </p>
   </div>
   <div class='ocr_carea' id='block_1_64' title="bbox 115 4359 1764 4435">
    <p class='ocr_par' dir='ltr' id='par_1_64' title="bbox 115 4359 1764 4435">
     <span class='ocr_line' id='line_1_65' title="bbox 115 4359 1764 4435; baseline 0.003 -21"><span class='ocrx_word' id='word_1_444' title='bbox 115 4362 702 4435; x_wconf 71' lang='grc' dir='ltr'>προευτρεπισμένους,</span> <span class='ocrx_word' id='word_1_445' title='bbox 752 4359 1124 4417; x_wconf 86' lang='grc' dir='ltr'>ἀποκτίννυσι.</span> <span class='ocrx_word' id='word_1_446' title='bbox 1206 4363 1303 4419; x_wconf 83' lang='grc' dir='ltr'>Καὶ</span> <span class='ocrx_word' id='word_1_447' title='bbox 1375 4364 1410 4432; x_wconf 79' lang='grc' dir='ltr'>ἡ</span> <span class='ocrx_word' id='word_1_448' title='bbox 1475 4362 1764 4419; x_wconf 81' lang='grc' dir='ltr'>ἐπισόστα-</span> 
     </span>
    </p>
   </div>
   <div class='ocr_carea' id='block_1_65' title="bbox 116 4446 1765 4520">
    <p class='ocr_par' dir='ltr' id='par_1_65' title="bbox 116 4446 1765 4520">
     <span class='ocr_line' id='line_1_66' title="bbox 116 4446 1765 4520; baseline 0.003 -18"><span class='ocrx_word' id='word_1_449' title='bbox 116 4470 188 4512; x_wconf 66' lang='grc' dir='ltr'>τις</span> <span class='ocrx_word' id='word_1_450' title='bbox 229 4454 343 4504; x_wconf 83' lang='grc' dir='ltr'>τῶν</span> <span class='ocrx_word' id='word_1_451' title='bbox 393 4450 712 4504; x_wconf 84' lang='grc' dir='ltr'>ἀποστατῶν</span> <span class='ocrx_word' id='word_1_452' title='bbox 771 4448 924 4514; x_wconf 70' lang='grc' dir='ltr'>εὐθὺς</span> <span class='ocrx_word' id='word_1_453' title='bbox 969 4446 1341 4520; x_wconf 69' lang='grc' dir='ltr'>διεσκεδάσθη.</span> <span class='ocrx_word' id='word_1_454' title='bbox 1374 4453 1485 4508; x_wconf 78' lang='grc' dir='ltr'>Τοῦ</span> <span class='ocrx_word' id='word_1_455' title='bbox 1517 4450 1574 4507; x_wconf 74' lang='grc' dir='ltr'>δὲ</span> <span class='ocrx_word' id='word_1_456' title='bbox 1604 4455 1765 4507; x_wconf 85' lang='grc' dir='ltr'>θανά-</span> 
     </span>
    </p>
   </div>
   <div class='ocr_carea' id='block_1_66' title="bbox 114 4537 1764 4615">
    <p class='ocr_par' dir='ltr' id='par_1_66' title="bbox 114 4537 1764 4615">
     <span class='ocr_line' id='line_1_67' title="bbox 114 4537 1764 4615; baseline 0.003 -24"><span class='ocrx_word' id='word_1_457' title='bbox 114 4559 201 4594; x_wconf 72' lang='grc' dir='ltr'>του</span> <span class='ocrx_word' id='word_1_458' title='bbox 221 4543 325 4595; x_wconf 76' lang='grc' dir='ltr'>τοῦ</span> <span class='ocrx_word' id='word_1_459' title='bbox 358 4544 534 4593; x_wconf 81' lang='grc' dir='ltr'>Φωκᾶ</span> <span class='ocrx_word' id='word_1_460' title='bbox 581 4537 912 4612; x_wconf 67' lang='grc' dir='ltr'>γνωσθέντος</span> <span class='ocrx_word' id='word_1_461' title='bbox 952 4545 1032 4612; x_wconf 81' lang='grc' dir='ltr'>τῷ</span> <span class='ocrx_word' id='word_1_462' title='bbox 1075 4539 1291 4615; x_wconf 84' lang='grc' dir='ltr'>βασιλεῖ</span> <span class='ocrx_word' id='word_1_463' title='bbox 1335 4540 1606 4615; x_wconf 80' lang='grc' dir='ltr'>πέμπεται</span> <span class='ocrx_word' id='word_1_464' title='bbox 1636 4549 1764 4598; x_wconf 85' lang='grc' dir='ltr'>Θεο-</span> 
     </span>
    </p>
   </div>
   <div class='ocr_carea' id='block_1_67' title="bbox 117 4627 1762 4700">
    <p class='ocr_par' dir='ltr' id='par_1_67' title="bbox 117 4627 1762 4700">
     <span class='ocr_line' id='line_1_68' title="bbox 117 4627 1762 4700; baseline 0.002 -18"><span class='ocrx_word' id='word_1_465' title='bbox 117 4627 387 4699; x_wconf 65' lang='grc' dir='ltr'>φυλακτος</span> <span class='ocrx_word' id='word_1_466' title='bbox 421 4627 450 4681; x_wconf 85' lang='grc' dir='ltr'>ὁ</span> <span class='ocrx_word' id='word_1_467' title='bbox 491 4632 765 4699; x_wconf 79' lang='grc' dir='ltr'>Δαμιανοῢ</span> <span class='ocrx_word' id='word_1_468' title='bbox 814 4631 909 4682; x_wconf 79' lang='grc' dir='ltr'>τοῦ</span> <span class='ocrx_word' id='word_1_469' title='bbox 964 4627 1314 4700; x_wconf 80' lang='grc' dir='ltr'>Δαλασσηνοῦ</span> <span class='ocrx_word' id='word_1_470' title='bbox 1368 4630 1506 4697; x_wconf 77' lang='grc' dir='ltr'>υἱὸς,</span> <span class='ocrx_word' id='word_1_471' title='bbox 1541 4631 1630 4686; x_wconf 80' lang='grc' dir='ltr'>καὶ</span> <span class='ocrx_word' id='word_1_472' title='bbox 1669 4631 1762 4686; x_wconf 89' lang='grc' dir='ltr'>τὸν</span> 
     </span>
    </p>
   </div>
   <div class='ocr_carea' id='block_1_68' title="bbox 116 4711 1763 4795">
    <p class='ocr_par' dir='ltr' id='par_1_68' title="bbox 116 4711 1763 4795">
     <span class='ocr_line' id='line_1_69' title="bbox 116 4711 1763 4795; baseline 0.004 -26"><span class='ocrx_word' id='word_1_473' title='bbox 116 4717 309 4792; x_wconf 72' lang='grc' dir='ltr'>Ξιφίαν</span> <span class='ocrx_word' id='word_1_474' title='bbox 341 4711 637 4772; x_wconf 75' lang='grc' dir='ltr'>συλλαϐὼν</span> <span class='ocrx_word' id='word_1_475' title='bbox 670 4715 931 4786; x_wconf 75' lang='grc' dir='ltr'>ἐκπέμπει</span> <span class='ocrx_word' id='word_1_476' title='bbox 965 4714 1184 4791; x_wconf 83' lang='grc' dir='ltr'>δέσμιον</span> <span class='ocrx_word' id='word_1_477' title='bbox 1217 4719 1352 4794; x_wconf 87' lang='grc' dir='ltr'>πρὸς</span> <span class='ocrx_word' id='word_1_478' title='bbox 1379 4721 1477 4789; x_wconf 76' lang='grc' dir='ltr'>τὴν</span> <span class='ocrx_word' id='word_1_479' title='bbox 1509 4718 1763 4795; x_wconf 84' lang='grc' dir='ltr'>βασιλίδα</span> 
     </span>
    </p>
   </div>
   <div class='ocr_carea' id='block_1_69' title="bbox 117 4791 1839 4884">
    <p class='ocr_par' dir='ltr' id='par_1_69' title="bbox 117 4791 1839 4884">
     <span class='ocr_line' id='line_1_70' title="bbox 117 4791 1839 4884; baseline 0.002 -24"><span class='ocrx_word' id='word_1_480' title='bbox 117 4791 241 4880; x_wconf 65' lang='grc' dir='ltr'>προς</span> <span class='ocrx_word' id='word_1_481' title='bbox 273 4806 536 4877; x_wconf 78' lang='grc' dir='ltr'>Ἰωάννην</span> <span class='ocrx_word' id='word_1_482' title='bbox 568 4806 661 4862; x_wconf 87' lang='grc' dir='ltr'>τὸν</span> <span class='ocrx_word' id='word_1_483' title='bbox 705 4805 1133 4882; x_wconf 85' lang='grc' dir='ltr'>προτονοτάριον</span> <span class='ocrx_word' id='word_1_484' title='bbox 1185 4791 1319 4881; x_wconf 71' lang='lat'>(69),</span> <span class='ocrx_word' id='word_1_485' title='bbox 1351 4809 1409 4871; x_wconf 81' lang='grc' dir='ltr'>ὃς</span> <span class='ocrx_word' id='word_1_486' title='bbox 1438 4807 1489 4864; x_wconf 83' lang='grc' dir='ltr'>ἐν</span> <span class='ocrx_word' id='word_1_487' title='bbox 1510 4791 1589 4884; x_wconf 67' lang='grc' dir='ltr'>⁷τῇ</span> <span class='ocrx_word' id='word_1_488' title='bbox 1611 4811 1763 4882; x_wconf 76' lang='grc' dir='ltr'>νήσῷ</span> <span class='ocrx_word' id='word_1_489' title='bbox 1799 4791 1839 4853; x_wconf 81' lang='lat' dir='ltr'>D</span> 
     </span>
    </p>
   </div>
   <div class='ocr_carea' id='block_1_70' title="bbox 114 4894 1762 4972">
    <p class='ocr_par' dir='ltr' id='par_1_70' title="bbox 114 4894 1762 4972">
     <span class='ocr_line' id='line_1_71' title="bbox 114 4894 1762 4972; baseline 0.003 -23"><span class='ocrx_word' id='word_1_490' title='bbox 114 4900 202 4949; x_wconf 64' lang='grc' dir='ltr'>τοῦ</span> <span class='ocrx_word' id='word_1_491' title='bbox 231 4894 557 4970; x_wconf 81' lang='grc' dir='ltr'>Ἀντιγόνου</span> <span class='ocrx_word' id='word_1_492' title='bbox 605 4899 718 4969; x_wconf 88' lang='grc'>(70)</span> <span class='ocrx_word' id='word_1_493' title='bbox 770 4896 1012 4972; x_wconf 78' lang='grc' dir='ltr'>μοναχὸν</span> <span class='ocrx_word' id='word_1_494' title='bbox 1061 4895 1218 4952; x_wconf 83' lang='grc' dir='ltr'>αὐτὸν</span> <span class='ocrx_word' id='word_1_495' title='bbox 1274 4897 1569 4971; x_wconf 87' lang='grc' dir='ltr'>ἀποκείρει.</span> <span class='ocrx_word' id='word_1_496' title='bbox 1601 4900 1656 4953; x_wconf 75' lang='grc' dir='ltr'>Ὀ</span> <span class='ocrx_word' id='word_1_497' title='bbox 1705 4896 1762 4954; x_wconf 74' lang='grc' dir='ltr'>δὲ</span> 
     </span>
    </p>
   </div>
   <div class='ocr_carea' id='block_1_71' title="bbox 120 4983 1762 5062">
    <p class='ocr_par' dir='ltr' id='par_1_71' title="bbox 120 4983 1762 5062">
     <span class='ocr_line' id='line_1_72' title="bbox 120 4983 1762 5062; baseline 0.004 -24"><span class='ocrx_word' id='word_1_498' title='bbox 120 4983 369 5056; x_wconf 75' lang='grc' dir='ltr'>βασιλεὺς</span> <span class='ocrx_word' id='word_1_499' title='bbox 410 4989 510 5039; x_wconf 76' lang='grc' dir='ltr'>τοῦ</span> <span class='ocrx_word' id='word_1_500' title='bbox 567 4989 675 5040; x_wconf 87' lang='grc' dir='ltr'>τῶν</span> <span class='ocrx_word' id='word_1_501' title='bbox 730 4984 1046 5041; x_wconf 84' lang='grc' dir='ltr'>ἀποστατῶν</span> <span class='ocrx_word' id='word_1_502' title='bbox 1100 4983 1396 5050; x_wconf 79' lang='grc' dir='ltr'>ἀπολυθεὶς</span> <span class='ocrx_word' id='word_1_503' title='bbox 1447 4985 1601 5051; x_wconf 89' lang='grc' dir='ltr'>δέους</span> <span class='ocrx_word' id='word_1_504' title='bbox 1625 5011 1762 5062; x_wconf 78' lang='grc' dir='ltr'>συμο</span> 
     </span>
    </p>
   </div>
   <div class='ocr_carea' id='block_1_72' title="bbox 116 5068 1759 5148">
    <p class='ocr_par' dir='ltr' id='par_1_72' title="bbox 116 5068 1759 5148">
     <span class='ocr_line' id='line_1_73' title="bbox 116 5068 1759 5148; baseline 0.003 -21"><span class='ocrx_word' id='word_1_505' title='bbox 116 5073 306 5130; x_wconf 70' lang='grc' dir='ltr'>σάλλει</span> <span class='ocrx_word' id='word_1_506' title='bbox 362 5079 485 5136; x_wconf 78' lang='grc' dir='ltr'>τοῖς</span> <span class='ocrx_word' id='word_1_507' title='bbox 540 5068 862 5148; x_wconf 72' lang='grc' dir='ltr'>’Λϐασγοῖς,</span> <span class='ocrx_word' id='word_1_508' title='bbox 912 5076 1000 5130; x_wconf 83' lang='grc' dir='ltr'>καὶ</span> <span class='ocrx_word' id='word_1_509' title='bbox 1080 5072 1284 5131; x_wconf 87' lang='grc' dir='ltr'>πολλοὶ</span> <span class='ocrx_word' id='word_1_510' title='bbox 1340 5098 1598 5132; x_wconf 73' lang='grc' dir='ltr'>πίπτουσι</span> <span class='ocrx_word' id='word_1_511' title='bbox 1651 5082 1759 5134; x_wconf 89' lang='grc' dir='ltr'>τῶν</span> 
     </span>
    </p>
   </div>
   <div class='ocr_carea' id='block_1_73' title="bbox 122 5160 1761 5243">
    <p class='ocr_par' dir='ltr' id='par_1_73' title="bbox 122 5160 1761 5243">
     <span class='ocr_line' id='line_1_74' title="bbox 122 5160 1761 5243; baseline 0.002 -24"><span class='ocrx_word' id='word_1_512' title='bbox 122 5164 420 5235; x_wconf 78' lang='grc' dir='ltr'>Ρωμαίων.</span> <span class='ocrx_word' id='word_1_513' title='bbox 477 5166 666 5236; x_wconf 86' lang='grc' dir='ltr'>Ὅμως</span> <span class='ocrx_word' id='word_1_514' title='bbox 716 5160 1037 5236; x_wconf 80' lang='grc' dir='ltr'>διελύθησαν</span> <span class='ocrx_word' id='word_1_515' title='bbox 1100 5163 1265 5243; x_wconf 78' lang='grc' dir='ltr'>ἄμφω</span> <span class='ocrx_word' id='word_1_516' title='bbox 1321 5166 1386 5221; x_wconf 80' lang='grc' dir='ltr'>τὰ</span> <span class='ocrx_word' id='word_1_517' title='bbox 1428 5167 1761 5243; x_wconf 75' lang='grc' dir='ltr'>στρατεύμα-</span> 
     </span>
    </p>
   </div>
   <div class='ocr_carea' id='block_1_74' title="bbox 1880 2127 3528 2200">
    <p class='ocr_par' dir='ltr' id='par_1_74' title="bbox 1880 2127 3528 2200">
     <span class='ocr_line' id='line_1_75' title="bbox 1880 2127 3528 2200; baseline -0.002 -15"><span class='ocrx_word' id='word_1_518' title='bbox 1880 2133 2023 2187; x_wconf 90' lang='lat' dir='ltr'>toris</span> <span class='ocrx_word' id='word_1_519' title='bbox 2063 2131 2264 2187; x_wconf 83' lang='lat' dir='ltr'>refecit</span> <span class='ocrx_word' id='word_1_520' title='bbox 2309 2129 2583 2198; x_wconf 90' lang='lat' dir='ltr'>Basilius,</span> <span class='ocrx_word' id='word_1_521' title='bbox 2619 2129 2958 2200; x_wconf 88' lang='lat' dir='ltr'>civibusque</span> <span class='ocrx_word' id='word_1_522' title='bbox 3005 2144 3166 2199; x_wconf 67' lang='lat' dir='ltr'>aquae</span> <span class='ocrx_word' id='word_1_523' title='bbox 3217 2127 3528 2183; x_wconf 87' lang='lat' dir='ltr'>abundan-</span> 
     </span>
    </p>
   </div>
   <div class='ocr_carea' id='block_1_75' title="bbox 1879 2215 3529 2292">
    <p class='ocr_par' dir='ltr' id='par_1_75' title="bbox 1879 2215 3529 2292">
     <span class='ocr_line' id='line_1_76' title="bbox 1879 2215 3529 2292; baseline -0.002 -17"><span class='ocrx_word' id='word_1_524' title='bbox 1879 2219 2021 2276; x_wconf 87' lang='lat' dir='ltr'>tiam</span> <span class='ocrx_word' id='word_1_525' title='bbox 2056 2220 2305 2292; x_wconf 88' lang='lat' dir='ltr'>paravit.</span> <span class='ocrx_word' id='word_1_526' title='bbox 2364 2224 2542 2276; x_wconf 90' lang='lat' dir='ltr'>Porro</span> <span class='ocrx_word' id='word_1_527' title='bbox 2588 2235 2722 2274; x_wconf 89' lang='lat' dir='ltr'>cum</span> <span class='ocrx_word' id='word_1_528' title='bbox 2771 2217 3054 2289; x_wconf 84' lang='lat' dir='ltr'>Georgius</span> <span class='ocrx_word' id='word_1_529' title='bbox 3103 2215 3371 2289; x_wconf 79' lang='lat' dir='ltr'>Abasgiae</span> <span class='ocrx_word' id='word_1_530' title='bbox 3411 2217 3529 2272; x_wconf 84' lang='lat' dir='ltr'>dux</span> 
     </span>
    </p>
   </div>
   <div class='ocr_carea' id='block_1_76' title="bbox 1879 2305 3534 2380">
    <p class='ocr_par' dir='ltr' id='par_1_76' title="bbox 1879 2305 3534 2380">
     <span class='ocr_line' id='line_1_77' title="bbox 1879 2305 3534 2380; baseline -0.002 -15"><span class='ocrx_word' id='word_1_531' title='bbox 1879 2311 2091 2366; x_wconf 84' lang='lat' dir='ltr'>violato</span> <span class='ocrx_word' id='word_1_532' title='bbox 2123 2311 2277 2380; x_wconf 92' lang='lat' dir='ltr'>quod</span> <span class='ocrx_word' id='word_1_533' title='bbox 2325 2310 2376 2365; x_wconf 90' lang='lat' dir='ltr'>ei</span> <span class='ocrx_word' id='word_1_534' title='bbox 2427 2325 2557 2365; x_wconf 88' lang='lat' dir='ltr'>cum</span> <span class='ocrx_word' id='word_1_535' title='bbox 2593 2308 2874 2364; x_wconf 81' lang='lat' dir='ltr'>Romanis</span> <span class='ocrx_word' id='word_1_536' title='bbox 2925 2311 3051 2362; x_wconf 89' lang='lat' dir='ltr'>erat</span> <span class='ocrx_word' id='word_1_537' title='bbox 3098 2306 3312 2361; x_wconf 65' lang='lat' dir='ltr'>foedere</span> <span class='ocrx_word' id='word_1_538' title='bbox 3340 2305 3534 2361; x_wconf 85' lang='lat' dir='ltr'>vicina</span> 
     </span>
    </p>
   </div>
   <div class='ocr_carea' id='block_1_77' title="bbox 1880 2395 3538 2465">
    <p class='ocr_par' dir='ltr' id='par_1_77' title="bbox 1880 2395 3538 2465">
     <span class='ocr_line' id='line_1_78' title="bbox 1880 2395 3538 2465; baseline -0.003 -11"><span class='ocrx_word' id='word_1_539' title='bbox 1880 2399 2326 2456; x_wconf 88' lang='lat' dir='ltr'>incursionibus</span> <span class='ocrx_word' id='word_1_540' title='bbox 2347 2402 2600 2465; x_wconf 88' lang='lat' dir='ltr'>vexaret,</span> <span class='ocrx_word' id='word_1_541' title='bbox 2620 2397 2940 2453; x_wconf 88' lang='lat' dir='ltr'>exercitum</span> <span class='ocrx_word' id='word_1_542' title='bbox 2960 2400 3162 2451; x_wconf 89' lang='lat' dir='ltr'>contra</span> <span class='ocrx_word' id='word_1_543' title='bbox 3182 2411 3318 2450; x_wconf 90' lang='lat' dir='ltr'>eum</span> <span class='ocrx_word' id='word_1_544' title='bbox 3339 2395 3538 2450; x_wconf 88' lang='lat' dir='ltr'>educit</span> 
     </span>
    </p>
   </div>
   <div class='ocr_carea' id='block_1_78' title="bbox 1884 2483 3534 2556">
    <p class='ocr_par' dir='ltr' id='par_1_78' title="bbox 1884 2483 3534 2556">
     <span class='ocr_line' id='line_1_79' title="bbox 1884 2483 3534 2556; baseline -0.003 -11"><span class='ocrx_word' id='word_1_545' title='bbox 1884 2488 2158 2556; x_wconf 87' lang='lat' dir='ltr'>Basilius,</span> <span class='ocrx_word' id='word_1_546' title='bbox 2219 2488 2378 2544; x_wconf 90' lang='lat' dir='ltr'>domi</span> <span class='ocrx_word' id='word_1_547' title='bbox 2439 2487 2656 2543; x_wconf 88' lang='lat' dir='ltr'>relictis</span> <span class='ocrx_word' id='word_1_548' title='bbox 2709 2485 3034 2556; x_wconf 85' lang='lat' dir='ltr'>Nicephoro</span> <span class='ocrx_word' id='word_1_549' title='bbox 3086 2483 3353 2556; x_wconf 90' lang='lat' dir='ltr'>patricio,</span> <span class='ocrx_word' id='word_1_550' title='bbox 3415 2483 3534 2540; x_wconf 83' lang='lat' dir='ltr'>{ilio</span> 
     </span>
    </p>
   </div>
   <div class='ocr_carea' id='block_1_79' title="bbox 1883 2574 3532 2646">
    <p class='ocr_par' dir='ltr' id='par_1_79' title="bbox 1883 2574 3532 2646">
     <span class='ocr_line' id='line_1_80' title="bbox 1883 2574 3532 2646; baseline -0.002 -13"><span class='ocrx_word' id='word_1_551' title='bbox 1883 2579 2079 2633; x_wconf 81' lang='lat' dir='ltr'>Bardac</span> <span class='ocrx_word' id='word_1_552' title='bbox 2112 2578 2334 2633; x_wconf 61' lang='lat' dir='ltr'>Phoca.</span> <span class='ocrx_word' id='word_1_553' title='bbox 2369 2579 2441 2632; x_wconf 93' lang='lat' dir='ltr'>At</span> <span class='ocrx_word' id='word_1_554' title='bbox 2470 2577 2508 2631; x_wconf 92' lang='lat' dir='ltr'>ii</span> <span class='ocrx_word' id='word_1_555' title='bbox 2558 2574 2971 2646; x_wconf 88' lang='lat' dir='ltr'>indignissime</span> <span class='ocrx_word' id='word_1_556' title='bbox 3025 2574 3278 2629; x_wconf 86' lang='lat' dir='ltr'>ferentes</span> <span class='ocrx_word' id='word_1_557' title='bbox 3321 2589 3437 2628; x_wconf 90' lang='lat' dir='ltr'>non</span> <span class='ocrx_word' id='word_1_558' title='bbox 3470 2591 3532 2630; x_wconf 89' lang='lat' dir='ltr'>se</span> 
     </span>
    </p>
   </div>
   <div class='ocr_carea' id='block_1_80' title="bbox 1882 2663 3532 2739">
    <p class='ocr_par' dir='ltr' id='par_1_80' title="bbox 1882 2663 3532 2739">
     <span class='ocr_line' id='line_1_81' title="bbox 1882 2663 3532 2739; baseline -0.004 -16"><span class='ocrx_word' id='word_1_559' title='bbox 1882 2683 2115 2739; x_wconf 91' lang='lat' dir='ltr'>quoque</span> <span class='ocrx_word' id='word_1_560' title='bbox 2148 2685 2263 2722; x_wconf 89' lang='lat' dir='ltr'>una</span> <span class='ocrx_word' id='word_1_561' title='bbox 2295 2668 2364 2720; x_wconf 90' lang='lat' dir='ltr'>ad</span> <span class='ocrx_word' id='word_1_562' title='bbox 2416 2667 2470 2721; x_wconf 91' lang='lat' dir='ltr'>id</span> <span class='ocrx_word' id='word_1_563' title='bbox 2504 2664 2722 2720; x_wconf 89' lang='lat' dir='ltr'>bellum</span> <span class='ocrx_word' id='word_1_564' title='bbox 2769 2666 2971 2734; x_wconf 85' lang='lat' dir='ltr'>jussos</span> <span class='ocrx_word' id='word_1_565' title='bbox 3021 2663 3126 2733; x_wconf 92' lang='lat' dir='ltr'>ire,</span> <span class='ocrx_word' id='word_1_566' title='bbox 3173 2666 3470 2718; x_wconf 90' lang='lat' dir='ltr'>contracto</span> <span class='ocrx_word' id='word_1_567' title='bbox 3503 2677 3532 2717; x_wconf 92' lang='lat' dir='ltr'>e</span> 
     </span>
    </p>
   </div>
   <div class='ocr_carea' id='block_1_81' title="bbox 1880 2750 3531 2826">
    <p class='ocr_par' dir='ltr' id='par_1_81' title="bbox 1880 2750 3531 2826">
     <span class='ocr_line' id='line_1_82' title="bbox 1880 2750 3531 2826; baseline -0.004 -14"><span class='ocrx_word' id='word_1_568' title='bbox 1880 2755 2244 2826; x_wconf 86' lang='lat' dir='ltr'>Cappadocia</span> <span class='ocrx_word' id='word_1_569' title='bbox 2273 2756 2535 2811; x_wconf 84' lang='lat' dir='ltr'>Rodanto</span> <span class='ocrx_word' id='word_1_570' title='bbox 2566 2758 2624 2809; x_wconf 92' lang='lat' dir='ltr'>et</span> <span class='ocrx_word' id='word_1_571' title='bbox 2668 2752 2799 2808; x_wconf 89' lang='lat' dir='ltr'>aliis</span> <span class='ocrx_word' id='word_1_572' title='bbox 2828 2751 3038 2807; x_wconf 89' lang='lat' dir='ltr'>vicinis</span> <span class='ocrx_word' id='word_1_573' title='bbox 3069 2750 3406 2822; x_wconf 83' lang='lat' dir='ltr'>regionibus</span> <span class='ocrx_word' id='word_1_574' title='bbox 3436 2755 3531 2805; x_wconf 88' lang='lat' dir='ltr'>ut-</span> 
     </span>
    </p>
   </div>
   <div class='ocr_carea' id='block_1_82' title="bbox 1882 2838 3535 2916">
    <p class='ocr_par' dir='ltr' id='par_1_82' title="bbox 1882 2838 3535 2916">
     <span class='ocr_line' id='line_1_83' title="bbox 1882 2838 3535 2916; baseline -0.004 -15"><span class='ocrx_word' id='word_1_575' title='bbox 1882 2861 2114 2916; x_wconf 89' lang='lat' dir='ltr'>cunque</span> <span class='ocrx_word' id='word_1_576' title='bbox 2163 2844 2416 2901; x_wconf 79' lang='lat' dir='ltr'>exercitu</span> <span class='ocrx_word' id='word_1_577' title='bbox 2477 2842 2852 2899; x_wconf 83' lang='lat' dir='ltr'>rebellionem</span> <span class='ocrx_word' id='word_1_578' title='bbox 2900 2839 3213 2896; x_wconf 88' lang='lat' dir='ltr'>concitant.</span> <span class='ocrx_word' id='word_1_579' title='bbox 3260 2841 3402 2911; x_wconf 85' lang='lat' dir='ltr'>Ejus</span> <span class='ocrx_word' id='word_1_580' title='bbox 3451 2838 3535 2895; x_wconf 91' lang='lat' dir='ltr'>rei</span> 
     </span>
    </p>
   </div>
   <div class='ocr_carea' id='block_1_83' title="bbox 1881 2929 3536 3005">
    <p class='ocr_par' dir='ltr' id='par_1_83' title="bbox 1881 2929 3536 3005">
     <span class='ocr_line' id='line_1_84' title="bbox 1881 2929 3536 3005; baseline -0.003 -15"><span class='ocrx_word' id='word_1_581' title='bbox 1881 2935 2126 2990; x_wconf 90' lang='lat' dir='ltr'>nuntius</span> <span class='ocrx_word' id='word_1_582' title='bbox 2146 2933 2482 3005; x_wconf 85' lang='lat' dir='ltr'>imperatori</span> <span class='ocrx_word' id='word_1_583' title='bbox 2501 2932 2716 2988; x_wconf 89' lang='lat' dir='ltr'>allatus</span> <span class='ocrx_word' id='word_1_584' title='bbox 2739 2929 3016 2987; x_wconf 85' lang='lat' dir='ltr'>exercitui</span> <span class='ocrx_word' id='word_1_585' title='bbox 3039 2945 3314 3000; x_wconf 84' lang='lat' dir='ltr'>magnam</span> <span class='ocrx_word' id='word_1_586' title='bbox 3338 2929 3536 2985; x_wconf 87' lang='lat' dir='ltr'>incus-</span> 
     </span>
    </p>
   </div>
   <div class='ocr_carea' id='block_1_84' title="bbox 1882 3018 3534 3081">
    <p class='ocr_par' dir='ltr' id='par_1_84' title="bbox 1882 3018 3534 3081">
     <span class='ocr_line' id='line_1_85' title="bbox 1882 3018 3534 3081; baseline -0.003 0"><span class='ocrx_word' id='word_1_587' title='bbox 1882 3024 1960 3081; x_wconf 89' lang='lat' dir='ltr'>sit</span> <span class='ocrx_word' id='word_1_588' title='bbox 2008 3023 2486 3080; x_wconf 84' lang='lat' dir='ltr'>sollicitudinem.</span> <span class='ocrx_word' id='word_1_589' title='bbox 2541 3021 2878 3078; x_wconf 86' lang='lat' dir='ltr'>Metuebant</span> <span class='ocrx_word' id='word_1_590' title='bbox 2919 3019 3076 3076; x_wconf 91' lang='lat' dir='ltr'>enim</span> <span class='ocrx_word' id='word_1_591' title='bbox 3124 3036 3196 3074; x_wconf 92' lang='lat' dir='ltr'>ne</span> <span class='ocrx_word' id='word_1_592' title='bbox 3240 3019 3300 3074; x_wconf 91' lang='lat' dir='ltr'>in</span> <span class='ocrx_word' id='word_1_593' title='bbox 3341 3018 3534 3076; x_wconf 89' lang='lat' dir='ltr'>medio</span> 
     </span>
    </p>
   </div>
   <div class='ocr_carea' id='block_1_85' title="bbox 1880 3108 3534 3185">
    <p class='ocr_par' dir='ltr' id='par_1_85' title="bbox 1880 3108 3534 3185">
     <span class='ocr_line' id='line_1_86' title="bbox 1880 3108 3534 3185; baseline -0.004 -16"><span class='ocrx_word' id='word_1_594' title='bbox 1880 3114 2035 3169; x_wconf 91' lang='lat' dir='ltr'>inter</span> <span class='ocrx_word' id='word_1_595' title='bbox 2063 3113 2326 3185; x_wconf 88' lang='lat' dir='ltr'>Abasgos</span> <span class='ocrx_word' id='word_1_596' title='bbox 2357 3119 2413 3168; x_wconf 92' lang='lat' dir='ltr'>et</span> <span class='ocrx_word' id='word_1_597' title='bbox 2433 3110 2762 3184; x_wconf 90' lang='lat' dir='ltr'>perduelles</span> <span class='ocrx_word' id='word_1_598' title='bbox 2783 3109 3023 3182; x_wconf 90' lang='lat' dir='ltr'>(quippe</span> <span class='ocrx_word' id='word_1_599' title='bbox 3045 3108 3343 3164; x_wconf 87' lang='lat' dir='ltr'>ferebatur</span> <span class='ocrx_word' id='word_1_600' title='bbox 3371 3123 3439 3164; x_wconf 88' lang='lat' dir='ltr'>ea</span> <span class='ocrx_word' id='word_1_601' title='bbox 3463 3109 3534 3163; x_wconf 88' lang='lat' dir='ltr'>de</span> 
     </span>
    </p>
   </div>
   <div class='ocr_carea' id='block_1_86' title="bbox 1881 3197 3533 3275">
    <p class='ocr_par' dir='ltr' id='par_1_86' title="bbox 1881 3197 3533 3275">
     <span class='ocr_line' id='line_1_87' title="bbox 1881 3197 3533 3275; baseline -0.004 -17"><span class='ocrx_word' id='word_1_602' title='bbox 1881 3219 1943 3258; x_wconf 91' lang='lat' dir='ltr'>re</span> <span class='ocrx_word' id='word_1_603' title='bbox 1973 3202 2216 3275; x_wconf 83' lang='lat' dir='ltr'>Xiphias</span> <span class='ocrx_word' id='word_1_604' title='bbox 2247 3219 2383 3258; x_wconf 88' lang='lat' dir='ltr'>cum</span> <span class='ocrx_word' id='word_1_605' title='bbox 2415 3201 2679 3274; x_wconf 91' lang='lat' dir='ltr'>principe</span> <span class='ocrx_word' id='word_1_606' title='bbox 2707 3201 3068 3270; x_wconf 88' lang='lat' dir='ltr'>Abasgorum</span> <span class='ocrx_word' id='word_1_607' title='bbox 3100 3214 3202 3270; x_wconf 89' lang='lat' dir='ltr'>per</span> <span class='ocrx_word' id='word_1_608' title='bbox 3232 3197 3533 3253; x_wconf 88' lang='lat' dir='ltr'>internun-</span> 
     </span>
    </p>
   </div>
   <div class='ocr_carea' id='block_1_87' title="bbox 1881 3288 3534 3362">
    <p class='ocr_par' dir='ltr' id='par_1_87' title="bbox 1881 3288 3534 3362">
     <span class='ocr_line' id='line_1_88' title="bbox 1881 3288 3534 3362; baseline -0.004 -15"><span class='ocrx_word' id='word_1_609' title='bbox 1881 3292 1994 3347; x_wconf 89' lang='lat' dir='ltr'>tios</span> <span class='ocrx_word' id='word_1_610' title='bbox 2025 3291 2236 3362; x_wconf 89' lang='lat' dir='ltr'>egisse)</span> <span class='ocrx_word' id='word_1_611' title='bbox 2269 3289 2483 3346; x_wconf 89' lang='lat' dir='ltr'>inclusi</span> <span class='ocrx_word' id='word_1_612' title='bbox 2511 3294 2770 3345; x_wconf 84' lang='lat' dir='ltr'>extrema</span> <span class='ocrx_word' id='word_1_613' title='bbox 2791 3288 2909 3360; x_wconf 90' lang='lat' dir='ltr'>pati</span> <span class='ocrx_word' id='word_1_614' title='bbox 2942 3291 3308 3359; x_wconf 86' lang='lat' dir='ltr'>cogerentur.</span> <span class='ocrx_word' id='word_1_615' title='bbox 3342 3288 3534 3358; x_wconf 88' lang='lat' dir='ltr'>Impe-</span> 
     </span>
    </p>
   </div>
   <div class='ocr_carea' id='block_1_88' title="bbox 1883 3375 3535 3451">
    <p class='ocr_par' dir='ltr' id='par_1_88' title="bbox 1883 3375 3535 3451">
     <span class='ocr_line' id='line_1_89' title="bbox 1883 3375 3535 3451; baseline -0.002 -15"><span class='ocrx_word' id='word_1_616' title='bbox 1883 3386 2045 3436; x_wconf 90' lang='lat' dir='ltr'>rator</span> <span class='ocrx_word' id='word_1_617' title='bbox 2073 3397 2208 3451; x_wconf 82' lang='lat' dir='ltr'>ergo</span> <span class='ocrx_word' id='word_1_618' title='bbox 2258 3379 2487 3436; x_wconf 88' lang='lat' dir='ltr'>litteras</span> <span class='ocrx_word' id='word_1_619' title='bbox 2534 3384 2589 3434; x_wconf 93' lang='lat' dir='ltr'>et</span> <span class='ocrx_word' id='word_1_620' title='bbox 2635 3379 2706 3434; x_wconf 90' lang='lat' dir='ltr'>ad</span> <span class='ocrx_word' id='word_1_621' title='bbox 2755 3377 3035 3449; x_wconf 84' lang='lat' dir='ltr'>Xiphiam</span> <span class='ocrx_word' id='word_1_622' title='bbox 3068 3380 3127 3433; x_wconf 91' lang='lat' dir='ltr'>et</span> <span class='ocrx_word' id='word_1_623' title='bbox 3174 3376 3245 3432; x_wconf 92' lang='lat' dir='ltr'>ad</span> <span class='ocrx_word' id='word_1_624' title='bbox 3277 3375 3535 3432; x_wconf 88' lang='lat' dir='ltr'>Pbocam</span> 
     </span>
    </p>
   </div>
   <div class='ocr_carea' id='block_1_89' title="bbox 1883 3466 3535 3542">
    <p class='ocr_par' dir='ltr' id='par_1_89' title="bbox 1883 3466 3535 3542">
     <span class='ocr_line' id='line_1_90' title="bbox 1883 3466 3535 3542; baseline -0.001 -18"><span class='ocrx_word' id='word_1_625' title='bbox 1883 3471 2086 3538; x_wconf 88' lang='lat' dir='ltr'>mittit,</span> <span class='ocrx_word' id='word_1_626' title='bbox 2122 3470 2170 3525; x_wconf 89' lang='lat' dir='ltr'>ei</span> <span class='ocrx_word' id='word_1_627' title='bbox 2205 3469 2305 3540; x_wconf 90' lang='lat' dir='ltr'>qui</span> <span class='ocrx_word' id='word_1_628' title='bbox 2335 3469 2662 3542; x_wconf 84' lang='lat' dir='ltr'>perferebat</span> <span class='ocrx_word' id='word_1_629' title='bbox 2683 3469 2971 3522; x_wconf 84' lang='lat' dir='ltr'>mandans</span> <span class='ocrx_word' id='word_1_630' title='bbox 2996 3471 3060 3522; x_wconf 93' lang='lat' dir='ltr'>ut</span> <span class='ocrx_word' id='word_1_631' title='bbox 3081 3482 3258 3538; x_wconf 90' lang='lat' dir='ltr'>quam</span> <span class='ocrx_word' id='word_1_632' title='bbox 3283 3466 3535 3522; x_wconf 85' lang='lat' dir='ltr'>maxime</span> 
     </span>
    </p>
   </div>
   <div class='ocr_carea' id='block_1_90' title="bbox 1881 3555 3529 3630">
    <p class='ocr_par' dir='ltr' id='par_1_90' title="bbox 1881 3555 3529 3630">
     <span class='ocr_line' id='line_1_91' title="bbox 1881 3555 3529 3630; baseline -0.003 -15"><span class='ocrx_word' id='word_1_633' title='bbox 1881 3559 2070 3626; x_wconf 87' lang='lat' dir='ltr'>alteri,</span> <span class='ocrx_word' id='word_1_634' title='bbox 2107 3557 2285 3615; x_wconf 81' lang='lat' dir='ltr'>altero</span> <span class='ocrx_word' id='word_1_635' title='bbox 2317 3560 2641 3630; x_wconf 84' lang='lat' dir='ltr'>ignorante,</span> <span class='ocrx_word' id='word_1_636' title='bbox 2675 3574 2774 3613; x_wconf 89' lang='lat' dir='ltr'>eas</span> <span class='ocrx_word' id='word_1_637' title='bbox 2805 3557 3046 3611; x_wconf 90' lang='lat' dir='ltr'>reddere</span> <span class='ocrx_word' id='word_1_638' title='bbox 3077 3560 3329 3611; x_wconf 86' lang='lat' dir='ltr'>curaret.</span> <span class='ocrx_word' id='word_1_639' title='bbox 3364 3555 3529 3619; x_wconf 87' lang='lat' dir='ltr'>Quod</span> 
     </span>
    </p>
   </div>
   <div class='ocr_carea' id='block_1_91' title="bbox 1879 3643 3534 3716">
    <p class='ocr_par' dir='ltr' id='par_1_91' title="bbox 1879 3643 3534 3716">
     <span class='ocr_line' id='line_1_92' title="bbox 1879 3643 3534 3716; baseline -0.003 -12"><span class='ocrx_word' id='word_1_640' title='bbox 1879 3665 2012 3704; x_wconf 89' lang='lat' dir='ltr'>cum</span> <span class='ocrx_word' id='word_1_641' title='bbox 2068 3649 2116 3702; x_wconf 90' lang='lat' dir='ltr'>is</span> <span class='ocrx_word' id='word_1_642' title='bbox 2175 3649 2481 3716; x_wconf 63' lang='lat' dir='ltr'>effecisset,</span> <span class='ocrx_word' id='word_1_643' title='bbox 2541 3647 2765 3700; x_wconf 85' lang='lat' dir='ltr'>Phocas</span> <span class='ocrx_word' id='word_1_644' title='bbox 2824 3645 3023 3700; x_wconf 82' lang='lat' dir='ltr'>statim</span> <span class='ocrx_word' id='word_1_645' title='bbox 3075 3643 3295 3715; x_wconf 70' lang='lat' dir='ltr'>Xipbiaa</span> <span class='ocrx_word' id='word_1_646' title='bbox 3345 3645 3418 3699; x_wconf 87' lang='lat' dir='ltr'>ad</span> <span class='ocrx_word' id='word_1_647' title='bbox 3471 3659 3534 3699; x_wconf 90' lang='lat' dir='ltr'>se</span> 
     </span>
    </p>
   </div>
   <div class='ocr_carea' id='block_1_92' title="bbox 1879 3732 3533 3809">
    <p class='ocr_par' dir='ltr' id='par_1_92' title="bbox 1879 3732 3533 3809">
     <span class='ocr_line' id='line_1_93' title="bbox 1879 3732 3533 3809; baseline -0.004 -15"><span class='ocrx_word' id='word_1_648' title='bbox 1879 3738 2132 3809; x_wconf 84' lang='lat' dir='ltr'>scriptas</span> <span class='ocrx_word' id='word_1_649' title='bbox 2181 3736 2464 3802; x_wconf 86' lang='lat' dir='ltr'>recitavit,</span> <span class='ocrx_word' id='word_1_650' title='bbox 2511 3735 2752 3807; x_wconf 85' lang='lat' dir='ltr'>Xiphias</span> <span class='ocrx_word' id='word_1_651' title='bbox 2803 3741 3000 3789; x_wconf 88' lang='lat' dir='ltr'>autem</span> <span class='ocrx_word' id='word_1_652' title='bbox 3052 3732 3292 3788; x_wconf 90' lang='lat' dir='ltr'>omnino</span> <span class='ocrx_word' id='word_1_653' title='bbox 3345 3732 3416 3788; x_wconf 92' lang='lat' dir='ltr'>ad</span> <span class='ocrx_word' id='word_1_654' title='bbox 3469 3749 3533 3788; x_wconf 87' lang='lat' dir='ltr'>se</span> 
     </span>
    </p>
   </div>
   <div class='ocr_carea' id='block_1_93' title="bbox 1878 3821 3529 3899">
    <p class='ocr_par' dir='ltr' id='par_1_93' title="bbox 1878 3821 3529 3899">
     <span class='ocr_line' id='line_1_94' title="bbox 1878 3821 3529 3899; baseline -0.004 -17"><span class='ocrx_word' id='word_1_655' title='bbox 1878 3827 2194 3899; x_wconf 87' lang='lat' dir='ltr'>quicquam</span> <span class='ocrx_word' id='word_1_656' title='bbox 2216 3825 2503 3897; x_wconf 87' lang='lat' dir='ltr'>scriptum</span> <span class='ocrx_word' id='word_1_657' title='bbox 2528 3841 2750 3896; x_wconf 90' lang='lat' dir='ltr'>negans</span> <span class='ocrx_word' id='word_1_658' title='bbox 2769 3824 3019 3879; x_wconf 85' lang='lat' dir='ltr'>Phocam</span> <span class='ocrx_word' id='word_1_659' title='bbox 3051 3822 3145 3877; x_wconf 92' lang='lat' dir='ltr'>die</span> <span class='ocrx_word' id='word_1_660' title='bbox 3177 3821 3432 3892; x_wconf 89' lang='lat' dir='ltr'>quadam</span> <span class='ocrx_word' id='word_1_661' title='bbox 3459 3821 3529 3876; x_wconf 92' lang='lat' dir='ltr'>ad</span> 
     </span>
    </p>
   </div>
   <div class='ocr_carea' id='block_1_94' title="bbox 1877 3909 3531 3986">
    <p class='ocr_par' dir='ltr' id='par_1_94' title="bbox 1877 3909 3531 3986">
     <span class='ocr_line' id='line_1_95' title="bbox 1877 3909 3531 3986; baseline -0.004 -14"><span class='ocrx_word' id='word_1_662' title='bbox 1877 3916 2233 3986; x_wconf 90' lang='lat' dir='ltr'>colloquium</span> <span class='ocrx_word' id='word_1_663' title='bbox 2268 3919 2456 3979; x_wconf 87' lang='lat' dir='ltr'>vocat,</span> <span class='ocrx_word' id='word_1_664' title='bbox 2483 3913 2929 3984; x_wconf 87' lang='lat' dir='ltr'>venientemque</span> <span class='ocrx_word' id='word_1_665' title='bbox 2962 3910 3300 3983; x_wconf 64' lang='lat' dir='ltr'>praparalis</span> <span class='ocrx_word' id='word_1_666' title='bbox 3323 3911 3395 3966; x_wconf 91' lang='lat' dir='ltr'>ad</span> <span class='ocrx_word' id='word_1_667' title='bbox 3419 3909 3531 3966; x_wconf 87' lang='lat' dir='ltr'>hoc</span> 
     </span>
    </p>
   </div>
   <div class='ocr_carea' id='block_1_95' title="bbox 1877 4000 3529 4072">
    <p class='ocr_par' dir='ltr' id='par_1_95' title="bbox 1877 4000 3529 4072">
     <span class='ocr_line' id='line_1_96' title="bbox 1877 4000 3529 4072; baseline -0.004 -12"><span class='ocrx_word' id='word_1_668' title='bbox 1877 4005 2110 4061; x_wconf 88' lang='lat' dir='ltr'>insidiis</span> <span class='ocrx_word' id='word_1_669' title='bbox 2144 4007 2330 4060; x_wconf 89' lang='lat' dir='ltr'>necat.</span> <span class='ocrx_word' id='word_1_670' title='bbox 2356 4004 2474 4059; x_wconf 81' lang='lat' dir='ltr'>Hoc</span> <span class='ocrx_word' id='word_1_671' title='bbox 2505 4004 2678 4059; x_wconf 91' lang='lat' dir='ltr'>modo</span> <span class='ocrx_word' id='word_1_672' title='bbox 2711 4001 2909 4058; x_wconf 89' lang='lat' dir='ltr'>statim</span> <span class='ocrx_word' id='word_1_673' title='bbox 2932 4001 3219 4072; x_wconf 88' lang='lat' dir='ltr'>dissipata</span> <span class='ocrx_word' id='word_1_674' title='bbox 3239 4016 3306 4055; x_wconf 91' lang='lat' dir='ltr'>ea</span> <span class='ocrx_word' id='word_1_675' title='bbox 3331 4000 3529 4071; x_wconf 80' lang='lat' dir='ltr'>conju-</span> 
     </span>
    </p>
   </div>
   <div class='ocr_carea' id='block_1_96' title="bbox 1876 4089 3535 4165">
    <p class='ocr_par' dir='ltr' id='par_1_96' title="bbox 1876 4089 3535 4165">
     <span class='ocr_line' id='line_1_97' title="bbox 1876 4089 3535 4165; baseline -0.004 -15"><span class='ocrx_word' id='word_1_676' title='bbox 1876 4095 2045 4150; x_wconf 90' lang='lat' dir='ltr'>ratio.</span> <span class='ocrx_word' id='word_1_677' title='bbox 2082 4095 2149 4149; x_wconf 91' lang='lat' dir='ltr'>Et</span> <span class='ocrx_word' id='word_1_678' title='bbox 2181 4095 2503 4165; x_wconf 88' lang='lat' dir='ltr'>imperator</span> <span class='ocrx_word' id='word_1_679' title='bbox 2533 4093 2603 4148; x_wconf 88' lang='lat' dir='ltr'>de</span> <span class='ocrx_word' id='word_1_680' title='bbox 2641 4096 2828 4147; x_wconf 90' lang='lat' dir='ltr'>morte</span> <span class='ocrx_word' id='word_1_681' title='bbox 2860 4090 3066 4146; x_wconf 73' lang='lat' dir='ltr'>Phocae</span> <span class='ocrx_word' id='word_1_682' title='bbox 3099 4090 3288 4146; x_wconf 84' lang='lat' dir='ltr'>factus</span> <span class='ocrx_word' id='word_1_683' title='bbox 3319 4089 3535 4145; x_wconf 88' lang='lat' dir='ltr'>certior</span> 
     </span>
    </p>
   </div>
   <div class='ocr_carea' id='block_1_97' title="bbox 1874 4177 3533 4256">
    <p class='ocr_par' dir='ltr' id='par_1_97' title="bbox 1874 4177 3533 4256">
     <span class='ocr_line' id='line_1_98' title="bbox 1874 4177 3533 4256; baseline -0.004 -17"><span class='ocrx_word' id='word_1_684' title='bbox 1874 4183 2376 4256; x_wconf 76' lang='lat' dir='ltr'>&#39;l‘heopbylactum</span> <span class='ocrx_word' id='word_1_685' title='bbox 2426 4181 2694 4238; x_wconf 87' lang='lat' dir='ltr'>Damiani</span> <span class='ocrx_word' id='word_1_686' title='bbox 2741 4179 3045 4236; x_wconf 87' lang='lat' dir='ltr'>Dalasseni</span> <span class='ocrx_word' id='word_1_687' title='bbox 3096 4178 3287 4234; x_wconf 84' lang='lat' dir='ltr'>ﬁlium</span> <span class='ocrx_word' id='word_1_688' title='bbox 3328 4177 3533 4246; x_wconf 91' lang='lat' dir='ltr'>mittit,</span> 
     </span>
    </p>
   </div>
   <div class='ocr_carea' id='block_1_98' title="bbox 1876 4267 3536 4345">
    <p class='ocr_par' dir='ltr' id='par_1_98' title="bbox 1876 4267 3536 4345">
     <span class='ocr_line' id='line_1_99' title="bbox 1876 4267 3536 4345; baseline -0.004 -17"><span class='ocrx_word' id='word_1_689' title='bbox 1876 4275 1976 4344; x_wconf 90' lang='lat' dir='ltr'>qui</span> <span class='ocrx_word' id='word_1_690' title='bbox 2007 4279 2248 4345; x_wconf 87' lang='lat' dir='ltr'>captum</span> <span class='ocrx_word' id='word_1_691' title='bbox 2284 4271 2562 4344; x_wconf 85' lang='lat' dir='ltr'>Xipbiam</span> <span class='ocrx_word' id='word_1_692' title='bbox 2611 4269 2814 4342; x_wconf 90' lang='lat' dir='ltr'>Cpolin</span> <span class='ocrx_word' id='word_1_693' title='bbox 2850 4269 2908 4324; x_wconf 92' lang='lat' dir='ltr'>in</span> <span class='ocrx_word' id='word_1_694' title='bbox 2959 4267 3212 4324; x_wconf 89' lang='lat' dir='ltr'>vinculis</span> <span class='ocrx_word' id='word_1_695' title='bbox 3242 4269 3395 4324; x_wconf 76' lang='grc'>478</span> <span class='ocrx_word' id='word_1_696' title='bbox 3426 4267 3536 4340; x_wconf 85' lang='lat' dir='ltr'>By-</span> 
     </span>
    </p>
   </div>
   <div class='ocr_carea' id='block_1_99' title="bbox 1877 4356 3538 4432">
    <p class='ocr_par' dir='ltr' id='par_1_99' title="bbox 1877 4356 3538 4432">
     <span class='ocr_line' id='line_1_100' title="bbox 1877 4356 3538 4432; baseline -0.003 -15"><span class='ocrx_word' id='word_1_697' title='bbox 1877 4362 2136 4418; x_wconf 89' lang='lat' dir='ltr'>zantium</span> <span class='ocrx_word' id='word_1_698' title='bbox 2193 4363 2264 4417; x_wconf 91' lang='lat' dir='ltr'>ad</span> <span class='ocrx_word' id='word_1_699' title='bbox 2315 4361 2604 4417; x_wconf 85' lang='lat' dir='ltr'>Joannem</span> <span class='ocrx_word' id='word_1_700' title='bbox 2656 4359 2890 4432; x_wconf 87' lang='lat' dir='ltr'>ablegat</span> <span class='ocrx_word' id='word_1_701' title='bbox 2949 4357 3438 4430; x_wconf 84' lang='lat' dir='ltr'>protonotarium.</span> <span class='ocrx_word' id='word_1_702' title='bbox 3482 4356 3538 4413; x_wconf 88' lang='lat' dir='ltr'>Is</span> 
     </span>
    </p>
   </div>
   <div class='ocr_carea' id='block_1_100' title="bbox 1875 4445 3535 4522">
    <p class='ocr_par' dir='ltr' id='par_1_100' title="bbox 1875 4445 3535 4522">
     <span class='ocr_line' id='line_1_101' title="bbox 1875 4445 3535 4522; baseline -0.005 -14"><span class='ocrx_word' id='word_1_703' title='bbox 1875 4469 2007 4508; x_wconf 89' lang='lat' dir='ltr'>eum</span> <span class='ocrx_word' id='word_1_704' title='bbox 2041 4469 2240 4507; x_wconf 89' lang='lat' dir='ltr'>rasum</span> <span class='ocrx_word' id='word_1_705' title='bbox 2290 4450 2350 4506; x_wconf 90' lang='lat' dir='ltr'>in</span> <span class='ocrx_word' id='word_1_706' title='bbox 2396 4449 2673 4522; x_wconf 89' lang='lat' dir='ltr'>Antigoni</span> <span class='ocrx_word' id='word_1_707' title='bbox 2728 4447 2925 4504; x_wconf 88' lang='lat' dir='ltr'>insula</span> <span class='ocrx_word' id='word_1_708' title='bbox 2960 4446 3318 4502; x_wconf 89' lang='lat' dir='ltr'>monachum</span> <span class='ocrx_word' id='word_1_709' title='bbox 3373 4445 3535 4502; x_wconf 85' lang='lat' dir='ltr'>facit.</span> 
     </span>
    </p>
   </div>
   <div class='ocr_carea' id='block_1_101' title="bbox 1875 4536 3534 4614">
    <p class='ocr_par' dir='ltr' id='par_1_101' title="bbox 1875 4536 3534 4614">
     <span class='ocr_line' id='line_1_102' title="bbox 1875 4536 3534 4614; baseline -0.004 -16"><span class='ocrx_word' id='word_1_710' title='bbox 1875 4545 2203 4614; x_wconf 87' lang='lat' dir='ltr'>Imperator</span> <span class='ocrx_word' id='word_1_711' title='bbox 2236 4541 2476 4613; x_wconf 89' lang='lat' dir='ltr'>proinde</span> <span class='ocrx_word' id='word_1_712' title='bbox 2528 4546 2688 4596; x_wconf 90' lang='lat' dir='ltr'>metu</span> <span class='ocrx_word' id='word_1_713' title='bbox 2724 4536 3031 4594; x_wconf 88' lang='lat' dir='ltr'>rebellium</span> <span class='ocrx_word' id='word_1_714' title='bbox 3083 4536 3361 4592; x_wconf 84' lang='lat' dir='ltr'>liberatus</span> <span class='ocrx_word' id='word_1_715' title='bbox 3401 4552 3534 4591; x_wconf 89' lang='lat' dir='ltr'>cum</span> 
     </span>
    </p>
   </div>
   <div class='ocr_carea' id='block_1_102' title="bbox 1872 4624 3533 4704">
    <p class='ocr_par' dir='ltr' id='par_1_102' title="bbox 1872 4624 3533 4704">
     <span class='ocr_line' id='line_1_103' title="bbox 1872 4624 3533 4704; baseline -0.005 -18"><span class='ocrx_word' id='word_1_716' title='bbox 1872 4631 2121 4704; x_wconf 87' lang='lat' dir='ltr'>Abasgis</span> <span class='ocrx_word' id='word_1_717' title='bbox 2183 4647 2442 4702; x_wconf 88' lang='lat' dir='ltr'>pugnam</span> <span class='ocrx_word' id='word_1_718' title='bbox 2491 4627 2811 4685; x_wconf 88' lang='lat' dir='ltr'>committit</span> <span class='ocrx_word' id='word_1_719' title='bbox 2854 4644 2868 4696; x_wconf 88' lang='lat'><strong>;</strong></span> <span class='ocrx_word' id='word_1_720' title='bbox 2927 4631 2982 4682; x_wconf 91' lang='lat' dir='ltr'>et</span> <span class='ocrx_word' id='word_1_721' title='bbox 3029 4624 3301 4698; x_wconf 89' lang='lat' dir='ltr'>quamvis</span> <span class='ocrx_word' id='word_1_722' title='bbox 3361 4624 3533 4679; x_wconf 90' lang='lat' dir='ltr'>multi</span> 
     </span>
    </p>
   </div>
   <div class='ocr_carea' id='block_1_103' title="bbox 1875 4714 3531 4790">
    <p class='ocr_par' dir='ltr' id='par_1_103' title="bbox 1875 4714 3531 4790">
     <span class='ocr_line' id='line_1_104' title="bbox 1875 4714 3531 4790; baseline -0.005 -13"><span class='ocrx_word' id='word_1_723' title='bbox 1875 4720 2125 4777; x_wconf 85' lang='lat' dir='ltr'>Romani</span> <span class='ocrx_word' id='word_1_724' title='bbox 2144 4722 2692 4790; x_wconf 84' lang='lat' dir='ltr'>occubuere,tamen</span> <span class='ocrx_word' id='word_1_725' title='bbox 2709 4717 2932 4773; x_wconf 89' lang='lat' dir='ltr'>incerta</span> <span class='ocrx_word' id='word_1_726' title='bbox 2943 4714 3186 4772; x_wconf 87' lang='lat' dir='ltr'>victoria</span> <span class='ocrx_word' id='word_1_727' title='bbox 3201 4715 3531 4770; x_wconf 89' lang='lat' dir='ltr'>discessum</span> 
     </span>
    </p>
   </div>
   <div class='ocr_carea' id='block_1_104' title="bbox 1872 4803 3532 4879">
    <p class='ocr_par' dir='ltr' id='par_1_104' title="bbox 1872 4803 3532 4879">
     <span class='ocr_line' id='line_1_105' title="bbox 1872 4803 3532 4879; baseline -0.005 -12"><span class='ocrx_word' id='word_1_728' title='bbox 1872 4816 1981 4867; x_wconf 89' lang='lat' dir='ltr'>est.</span> <span class='ocrx_word' id='word_1_729' title='bbox 2013 4810 2275 4866; x_wconf 88' lang='lat' dir='ltr'>Alterum</span> <span class='ocrx_word' id='word_1_730' title='bbox 2299 4808 2510 4865; x_wconf 89' lang='lat' dir='ltr'>deinde</span> <span class='ocrx_word' id='word_1_731' title='bbox 2530 4807 2798 4879; x_wconf 83' lang='lat' dir='ltr'>praelium</span> <span class='ocrx_word' id='word_1_732' title='bbox 2819 4805 3032 4860; x_wconf 89' lang='lat' dir='ltr'>initum</span> <span class='ocrx_word' id='word_1_733' title='bbox 3052 4803 3144 4860; x_wconf 89' lang='lat' dir='ltr'>die</span> <span class='ocrx_word' id='word_1_734' title='bbox 3168 4803 3532 4875; x_wconf 89' lang='lat' dir='ltr'>Septembris</span> 
     </span>
    </p>
   </div>
   <div class='ocr_carea' id='block_1_105' title="bbox 1875 4892 3532 4967">
    <p class='ocr_par' dir='ltr' id='par_1_105' title="bbox 1875 4892 3532 4967">
     <span class='ocr_line' id='line_1_106' title="bbox 1875 4892 3532 4967; baseline -0.005 -12"><span class='ocrx_word' id='word_1_735' title='bbox 1875 4899 2206 4967; x_wconf 89' lang='lat' dir='ltr'>undecima,</span> <span class='ocrx_word' id='word_1_736' title='bbox 2242 4898 2558 4954; x_wconf 82' lang='lat' dir='ltr'>indictione</span> <span class='ocrx_word' id='word_1_737' title='bbox 2585 4901 2767 4963; x_wconf 85' lang='lat' dir='ltr'>sexta,</span> <span class='ocrx_word' id='word_1_738' title='bbox 2792 4911 2944 4951; x_wconf 89' lang='lat' dir='ltr'>anno</span> <span class='ocrx_word' id='word_1_739' title='bbox 2975 4894 3049 4949; x_wconf 92' lang='lat' dir='ltr'>ab</span> <span class='ocrx_word' id='word_1_740' title='bbox 3079 4893 3304 4965; x_wconf 89' lang='lat' dir='ltr'>origine</span> <span class='ocrx_word' id='word_1_741' title='bbox 3325 4892 3532 4947; x_wconf 91' lang='lat' dir='ltr'>mundi</span> 
     </span>
    </p>
   </div>
   <div class='ocr_carea' id='block_1_106' title="bbox 1872 4981 3534 5058">
    <p class='ocr_par' dir='ltr' id='par_1_106' title="bbox 1872 4981 3534 5058">
     <span class='ocr_line' id='line_1_107' title="bbox 1872 4981 3534 5058; baseline -0.006 -12"><span class='ocrx_word' id='word_1_742' title='bbox 1872 4989 2032 5046; x_wconf 82' lang='lat'>6531.</span> <span class='ocrx_word' id='word_1_743' title='bbox 2071 4989 2133 5044; x_wconf 92' lang='lat' dir='ltr'>In</span> <span class='ocrx_word' id='word_1_744' title='bbox 2167 5003 2232 5045; x_wconf 89' lang='lat' dir='ltr'>eo</span> <span class='ocrx_word' id='word_1_745' title='bbox 2277 4988 2434 5044; x_wconf 89' lang='lat' dir='ltr'>cadit</span> <span class='ocrx_word' id='word_1_746' title='bbox 2467 4986 2777 5058; x_wconf 87' lang='lat' dir='ltr'>Liparitcs,</span> <span class='ocrx_word' id='word_1_747' title='bbox 2811 4983 3044 5056; x_wconf 89' lang='lat' dir='ltr'>Georgii</span> <span class='ocrx_word' id='word_1_748' title='bbox 3077 4982 3377 5056; x_wconf 87' lang='lat' dir='ltr'>cepiarum</span> <span class='ocrx_word' id='word_1_749' title='bbox 3413 4981 3534 5037; x_wconf 79' lang='lat' dir='ltr'>dux</span> 
     </span>
    </p>
   </div>
   <div class='ocr_carea' id='block_1_107' title="bbox 1874 5071 3534 5153">
    <p class='ocr_par' dir='ltr' id='par_1_107' title="bbox 1874 5071 3534 5153">
     <span class='ocr_line' id='line_1_108' title="bbox 1874 5071 3534 5153; baseline -0.006 -18"><span class='ocrx_word' id='word_1_750' title='bbox 1874 5078 2288 5153; x_wconf 89' lang='lat' dir='ltr'>primarius,et</span> <span class='ocrx_word' id='word_1_751' title='bbox 2319 5094 2449 5132; x_wconf 88' lang='lat' dir='ltr'>cum</span> <span class='ocrx_word' id='word_1_752' title='bbox 2471 5093 2536 5132; x_wconf 91' lang='lat' dir='ltr'>eo</span> <span class='ocrx_word' id='word_1_753' title='bbox 2558 5074 2924 5131; x_wconf 87' lang='lat' dir='ltr'>validissima</span> <span class='ocrx_word' id='word_1_754' title='bbox 2947 5071 3223 5146; x_wconf 84' lang='lat' dir='ltr'>Abasgici</span> <span class='ocrx_word' id='word_1_755' title='bbox 3245 5071 3534 5128; x_wconf 83' lang='lat' dir='ltr'>exercitus</span> 
     </span>
    </p>
   </div>
   <div class='ocr_carea' id='block_1_108' title="bbox 1874 5161 3538 5243">
    <p class='ocr_par' dir='ltr' id='par_1_108' title="bbox 1874 5161 3538 5243">
     <span class='ocr_line' id='line_1_109' title="bbox 1874 5161 3538 5243; baseline -0.007 -18"><span class='ocrx_word' id='word_1_756' title='bbox 1874 5186 2032 5243; x_wconf 88' lang='lat' dir='ltr'>pars.</span> <span class='ocrx_word' id='word_1_757' title='bbox 2069 5167 2353 5239; x_wconf 86' lang='lat' dir='ltr'>Georgius</span> <span class='ocrx_word' id='word_1_758' title='bbox 2401 5165 2460 5221; x_wconf 94' lang='lat' dir='ltr'>in</span> <span class='ocrx_word' id='word_1_759' title='bbox 2514 5169 2742 5220; x_wconf 87' lang='lat' dir='ltr'>montes</span> <span class='ocrx_word' id='word_1_760' title='bbox 2794 5161 2992 5221; x_wconf 70' lang='lat' dir='ltr'>Iberiaa</span> <span class='ocrx_word' id='word_1_761' title='bbox 3041 5161 3348 5219; x_wconf 88' lang='lat' dir='ltr'>interiores</span> <span class='ocrx_word' id='word_1_762' title='bbox 3397 5163 3538 5232; x_wconf 89' lang='lat' dir='ltr'>fuga</span> 
     </span>
    </p>
   </div>
   <div class='ocr_carea' id='block_1_109' title="bbox 1308 5282 2347 5340">
    <p class='ocr_par' dir='ltr' id='par_1_109' title="bbox 1308 5282 2347 5340">
     <span class='ocr_line' id='line_1_110' title="bbox 1308 5282 2347 5340; baseline -0.004 -1"><span class='ocrx_word' id='word_1_763' title='bbox 1308 5282 1690 5339; x_wconf 83' lang='lat' dir='ltr'>XYLANDRI</span> <span class='ocrx_word' id='word_1_764' title='bbox 1729 5284 1816 5339; x_wconf 89' lang='lat' dir='ltr'>ET</span> <span class='ocrx_word' id='word_1_765' title='bbox 1853 5282 2078 5340; x_wconf 82' lang='lat' dir='ltr'>GOARI</span> <span class='ocrx_word' id='word_1_766' title='bbox 2116 5283 2347 5338; x_wconf 63' lang='lat' dir='ltr'>NOTAE.</span> 
     </span>
    </p>
   </div>
   <div class='ocr_carea' id='block_1_110' title="bbox 123 5376 1774 5504">
    <p class='ocr_par' dir='ltr' id='par_1_110' title="bbox 123 5376 1774 5504">
     <span class='ocr_line' id='line_1_111' title="bbox 123 5376 1774 5504; baseline 0 -67"><span class='ocrx_word' id='word_1_767' title='bbox 123 5376 646 5504; x_wconf 48' lang='grc' dir='ltr'>ᾕὲξῇῧξέρέἱηοίω</span> <span class='ocrx_word' id='word_1_768' title='bbox 690 5376 969 5452; x_wconf 65' lang='lat' dir='ltr'>Scythica</span> <span class='ocrx_word' id='word_1_769' title='bbox 1019 5377 1308 5448; x_wconf 60' lang='lat' dir='ltr'>Asiaticae,</span> <span class='ocrx_word' id='word_1_770' title='bbox 1357 5381 1561 5438; x_wconf 84' lang='lat' dir='ltr'>vicinae</span> <span class='ocrx_word' id='word_1_771' title='bbox 1591 5381 1774 5438; x_wconf 86' lang='lat' dir='ltr'>lberi-</span> 
     </span>
    </p>
   </div>
   <div class='ocr_carea' id='block_1_111' title="bbox 181 5467 1776 5604">
    <p class='ocr_par' dir='ltr' id='par_1_111' title="bbox 181 5467 1776 5604">
     <span class='ocr_line' id='line_1_112' title="bbox 181 5467 1776 5604; baseline 0.004 -29"><span class='ocrx_word' id='word_1_772' title='bbox 181 5467 784 5604; x_wconf 45' lang='grc' dir='ltr'>ίξθῖἓέἒέίαιίςμὶό,</span> <span class='ocrx_word' id='word_1_773' title='bbox 810 5537 1020 5604; x_wconf 50' lang='grc' dir='ltr'>ῃωρε</span> <span class='ocrx_word' id='word_1_774' title='bbox 1048 5521 1280 5604; x_wconf 58' lang='grc' dir='ltr'>ᾎὶρξιὶεε</span> <span class='ocrx_word' id='word_1_775' title='bbox 1312 5525 1553 5604; x_wconf 77' lang='lat' dir='ltr'>mentio,</span> <span class='ocrx_word' id='word_1_776' title='bbox 1586 5525 1687 5597; x_wconf 87' lang='lat' dir='ltr'>qui</span> <span class='ocrx_word' id='word_1_777' title='bbox 1713 5543 1776 5604; x_wconf 83' lang='lat' dir='ltr'>se</span> 
     </span>
    </p>
   </div>
   <div class='ocr_carea' id='block_1_112' title="bbox 121 5592 1776 5737">
    <p class='ocr_par' dir='ltr' id='par_1_112' title="bbox 121 5592 1776 5737">
     <span class='ocr_line' id='line_1_113' title="bbox 121 5592 1776 5670; baseline 0.005 -24"><span class='ocrx_word' id='word_1_778' title='bbox 121 5592 343 5648; x_wconf 75' lang='lat' dir='ltr'>socium</span> <span class='ocrx_word' id='word_1_779' title='bbox 379 5592 804 5666; x_wconf 88' lang='lat' dir='ltr'>perduellionis</span> <span class='ocrx_word' id='word_1_780' title='bbox 827 5592 1029 5649; x_wconf 69' lang='lat' dir='ltr'>Phoce)</span> <span class='ocrx_word' id='word_1_781' title='bbox 1050 5592 1245 5663; x_wconf 83' lang='lat' dir='ltr'>dedit;</span> <span class='ocrx_word' id='word_1_782' title='bbox 1281 5598 1436 5667; x_wconf 90' lang='lat' dir='ltr'>quod</span> <span class='ocrx_word' id='word_1_783' title='bbox 1470 5592 1776 5670; x_wconf 78' lang='lat' dir='ltr'>sequentia</span> 
     </span>
     <span class='ocr_line' id='line_1_114' title="bbox 121 5661 1770 5737; baseline 0.004 -16"><span class='ocrx_word' id='word_1_784' title='bbox 121 5664 351 5737; x_wconf 73' lang='lat' dir='ltr'>docent.</span> <span class='ocrx_word' id='word_1_785' title='bbox 381 5665 664 5737; x_wconf 78' lang='lat' dir='ltr'>Alioquin</span> <span class='ocrx_word' id='word_1_786' title='bbox 701 5662 758 5718; x_wconf 73' lang='lat' dir='ltr'>oi</span> <span class='ocrx_word' id='word_1_787' title='bbox 787 5661 843 5720; x_wconf 79' lang='grc' dir='ltr'>δέ</span> <span class='ocrx_word' id='word_1_788' title='bbox 874 5671 930 5722; x_wconf 89' lang='lat' dir='ltr'>et</span> <span class='ocrx_word' id='word_1_789' title='bbox 959 5671 1168 5722; x_wconf 62' lang='lat' dir='ltr'>caetera</span> <span class='ocrx_word' id='word_1_790' title='bbox 1197 5667 1451 5737; x_wconf 90' lang='lat' dir='ltr'>pluralia</span> <span class='ocrx_word' id='word_1_791' title='bbox 1481 5671 1551 5726; x_wconf 89' lang='lat' dir='ltr'>ad</span> <span class='ocrx_word' id='word_1_792' title='bbox 1587 5687 1770 5728; x_wconf 90' lang='lat' dir='ltr'>unum</span> 
     </span>
    </p>
   </div>
   <div class='ocr_carea' id='block_1_113' title="bbox 127 5684 1664 5812">
    <p class='ocr_par' dir='ltr' id='par_1_113' title="bbox 127 5684 1664 5812">
     <span class='ocr_line' id='line_1_115' title="bbox 127 5684 1664 5738; baseline 0.007 -21"><span class='ocrx_word' id='word_1_793' title='bbox 127 5684 351 5721; x_wconf 73' lang='lat' dir='ltr'>uocent.</span> <span class='ocrx_word' id='word_1_794' title='bbox 381 5684 664 5737; x_wconf 74' lang='lat' dir='ltr'>Alloquul</span> <span class='ocrx_word' id='word_1_795' title='bbox 701 5685 754 5718; x_wconf 89' lang='grc' dir='ltr'>οι</span> <span class='ocrx_word' id='word_1_796' title='bbox 787 5684 843 5720; x_wconf 84' lang='grc' dir='ltr'>οε</span> <span class='ocrx_word' id='word_1_797' title='bbox 874 5684 930 5722; x_wconf 76' lang='lat' dir='ltr'>et</span> <span class='ocrx_word' id='word_1_798' title='bbox 959 5684 1168 5722; x_wconf 67' lang='lat' dir='ltr'>castera</span> <span class='ocrx_word' id='word_1_799' title='bbox 1197 5684 1451 5738; x_wconf 73' lang='lat' dir='ltr'>pluralia</span> <span class='ocrx_word' id='word_1_800' title='bbox 1481 5684 1551 5726; x_wconf 84' lang='lat' dir='ltr'>ac</span> <span class='ocrx_word' id='word_1_801' title='bbox 1587 5687 1664 5728; x_wconf 90' lang='lat' dir='ltr'>un</span> 
     </span>
     <span class='ocr_line' id='line_1_116' title="bbox 127 5735 1238 5812; baseline 0.004 -21"><span class='ocrx_word' id='word_1_802' title='bbox 127 5735 377 5796; x_wconf 84' lang='lat' dir='ltr'>Pbocam</span> <span class='ocrx_word' id='word_1_803' title='bbox 410 5737 612 5796; x_wconf 88' lang='lat' dir='ltr'>referri</span> <span class='ocrx_word' id='word_1_804' title='bbox 649 5753 766 5795; x_wconf 90' lang='lat' dir='ltr'>non</span> <span class='ocrx_word' id='word_1_805' title='bbox 799 5741 1064 5812; x_wconf 84' lang='lat' dir='ltr'>possunt.</span> <span class='ocrx_word' id='word_1_806' title='bbox 1097 5740 1238 5795; x_wconf 80' lang='lat' dir='ltr'>XVL.</span> 
     </span>
    </p>
   </div>
   <div class='ocr_carea' id='block_1_114' title="bbox 1957 5377 3542 5453">
    <p class='ocr_par' dir='ltr' id='par_1_114' title="bbox 1957 5377 3542 5453">
     <span class='ocr_line' id='line_1_117' title="bbox 1957 5377 3542 5453; baseline 0.001 -17"><span class='ocrx_word' id='word_1_807' title='bbox 1957 5381 2069 5453; x_wconf 90' lang='lat'>(69)</span> <span class='ocrx_word' id='word_1_808' title='bbox 2100 5383 2281 5446; x_wconf 87' lang='lat' dir='ltr'>Quem</span> <span class='ocrx_word' id='word_1_809' title='bbox 2300 5379 2519 5435; x_wconf 88' lang='lat' dir='ltr'>Notitia</span> <span class='ocrx_word' id='word_1_810' title='bbox 2538 5377 2770 5453; x_wconf 84' lang='lat' dir='ltr'>imperii</span> <span class='ocrx_word' id='word_1_811' title='bbox 2789 5379 3172 5453; x_wconf 64' lang='lat' dir='ltr'>primicerium</span> <span class='ocrx_word' id='word_1_812' title='bbox 3191 5379 3542 5453; x_wconf 73' lang='lat' dir='ltr'>notariorum</span> 
     </span>
    </p>
   </div>
   <div class='ocr_carea' id='block_1_115' title="bbox 1883 5450 3538 5526">
    <p class='ocr_par' dir='ltr' id='par_1_115' title="bbox 1883 5450 3538 5526">
     <span class='ocr_line' id='line_1_118' title="bbox 1883 5450 3538 5526; baseline 0.001 -19"><span class='ocrx_word' id='word_1_813' title='bbox 1883 5450 2089 5526; x_wconf 39' lang='lat' dir='ltr'>voeat:;</span> <span class='ocrx_word' id='word_1_814' title='bbox 2139 5454 2211 5526; x_wconf 76' lang='lat' dir='ltr'>de</span> <span class='ocrx_word' id='word_1_815' title='bbox 2253 5453 2423 5526; x_wconf 76' lang='lat' dir='ltr'>cujus</span> <span class='ocrx_word' id='word_1_816' title='bbox 2472 5451 2686 5526; x_wconf 76' lang='lat' dir='ltr'>officio,</span> <span class='ocrx_word' id='word_1_817' title='bbox 2724 5450 3060 5524; x_wconf 88' lang='lat' dir='ltr'>insignibus</span> <span class='ocrx_word' id='word_1_818' title='bbox 3110 5456 3166 5507; x_wconf 90' lang='lat' dir='ltr'>et</span> <span class='ocrx_word' id='word_1_819' title='bbox 3213 5451 3538 5526; x_wconf 88' lang='lat' dir='ltr'>privilegiis</span> 
     </span>
    </p>
   </div>
   <div class='ocr_carea' id='block_1_116' title="bbox 1887 5523 2807 5581">
    <p class='ocr_par' dir='ltr' id='par_1_116' title="bbox 1887 5523 2807 5581">
     <span class='ocr_line' id='line_1_119' title="bbox 1887 5523 2807 5581; baseline -0.007 0"><span class='ocrx_word' id='word_1_820' title='bbox 1887 5523 2254 5581; x_wconf 89' lang='lat' dir='ltr'>Pancirollus</span> <span class='ocrx_word' id='word_1_821' title='bbox 2280 5525 2340 5580; x_wconf 90' lang='lat' dir='ltr'>in</span> <span class='ocrx_word' id='word_1_822' title='bbox 2369 5523 2591 5579; x_wconf 89' lang='lat' dir='ltr'>Comm.</span> <span class='ocrx_word' id='word_1_823' title='bbox 2626 5523 2807 5579; x_wconf 62' lang='lat' dir='ltr'>Goaa.</span> 
     </span>
    </p>
   </div>
   <div class='ocr_carea' id='block_1_117' title="bbox 1883 5594 3537 5725">
    <p class='ocr_par' dir='ltr' id='par_1_117' title="bbox 1883 5594 3537 5725">
     <span class='ocr_line' id='line_1_120' title="bbox 1883 5594 3537 5725; baseline 0.004 -75"><span class='ocrx_word' id='word_1_824' title='bbox 1883 5669 1926 5725; x_wconf 59' lang='grc' dir='ltr'><strong>ὓ</strong></span> <span class='ocrx_word' id='word_1_825' title='bbox 1959 5597 2074 5667; x_wconf 85' lang='grc'>(70)</span> <span class='ocrx_word' id='word_1_826' title='bbox 2115 5597 2290 5653; x_wconf 80' lang='lat' dir='ltr'>Juxta</span> <span class='ocrx_word' id='word_1_827' title='bbox 2335 5597 2556 5668; x_wconf 88' lang='lat' dir='ltr'>Cpolim</span> <span class='ocrx_word' id='word_1_828' title='bbox 2609 5595 2760 5652; x_wconf 87' lang='lat' dir='ltr'>inter</span> <span class='ocrx_word' id='word_1_829' title='bbox 2808 5595 3018 5649; x_wconf 83' lang='lat' dir='ltr'>Proten</span> <span class='ocrx_word' id='word_1_830' title='bbox 3068 5598 3125 5650; x_wconf 91' lang='lat' dir='ltr'>ct</span> <span class='ocrx_word' id='word_1_831' title='bbox 3172 5594 3372 5654; x_wconf 87' lang='lat' dir='ltr'>Plalen</span> <span class='ocrx_word' id='word_1_832' title='bbox 3403 5597 3537 5656; x_wconf 89' lang='lat' dir='ltr'>sita.</span> 
     </span>
     <span class='ocr_line' id='line_1_121' title="bbox 1935 5687 2064 5725; baseline 0 0"><span class='ocrx_word' id='word_1_833' title='bbox 1935 5687 2064 5725; x_wconf 64' lang='lat' dir='ltr'>oaa.</span> 
     </span>
    </p>
   </div>
   <div class='ocr_carea' id='block_1_118' title="bbox 1935 5687 2064 5726">
    <p class='ocr_par' dir='ltr' id='par_1_118' title="bbox 1935 5687 2064 5726">
     <span class='ocr_line' id='line_1_122' title="bbox 1935 5687 2064 5726; baseline 0.008 -1"><span class='ocrx_word' id='word_1_834' title='bbox 1935 5687 2064 5726; x_wconf 76' lang='lat' dir='ltr'>OAR.</span> 
     </span>
    </p>
   </div>
  </div>
