4070 6334
509 367 624 428 2H

1868 361 2184 425 GEORGII
2229 360 2567 424 CEDRENI

3808 365 3931 427 212

511 497 753 569 elapsus
783 497 953 570 paulo
986 501 1118 570 post
1159 496 1359 553 missis
1406 496 1614 571 legatis
1645 514 1778 553 cum
1810 497 2158 570 imperatore

2273 517 2357 566 τα,
2388 494 2477 551 καὶ
2508 497 2543 566 ἠ
2595 494 2717 565 νίκη
2772 489 3089 574 ἀμφίϐολος
3150 494 3242 563 ἦν.
3288 492 3440 551 Maeci
3468 490 3525 550 δὶ
3551 498 3720 551 ταῦτα
3744 493 3929 552 δευτέ-

513 604 713 659 pacem
748 588 1065 660 componit,
1090 588 1301 642 cedens
1332 588 1382 643 ei
1418 605 1544 654 sua,
1580 593 1865 659 quantum
1900 589 2028 658 ejus
2052 586 2160 642 hoc

512 679 833 748 imperator
859 676 1108 743 volebat,
1159 677 1399 746 ditione,
1454 676 1759 747 ﬁliumque
1808 693 1983 731 suum
2019 680 2164 731 Pan-

512 767 760 823 cratium
785 768 933 822 dans
956 767 1246 822 obsidem.
1264 767 1443 829 Quem
1468 766 1789 837 imperator
1812 767 2166 838 magistrum

2274 605 2367 662 ρας
2399 583 2728 659 συμπλοκίς
2772 586 3094 660 γενομένης,
3152 584 3220 659 τῇ
3278 585 3345 639 ια’
3403 589 3500 639 τοῦ
3551 581 3933 659 Σεπτεμϐρίου

2279 675 2476 748 μηνὸς,
2512 672 2853 739 ἲνδικτιῶνος
2913 679 2975 741 ς’,
3009 675 3147 729 κατὰ
3203 674 3286 741 τὸ,
3336 673 3508 751 ,ςφλῶ
3556 671 3697 747 ἔτος,
3744 675 3932 731 πίπτει

2280 765 2374 837 μὶν
2410 766 2437 819 6
2498 764 2801 840 νιπαρίτης
2857 764 3040 837 (οὗτος
3088 763 3191 837 γὰρ
3249 762 3312 837 ἦν
3370 763 3813 841 ἀρχιστράτηγος
3852 770 3932 836 τῷ

514 857 752 923 creavit,
787 873 851 911 ac
880 858 1119 911 domum
1155 858 1347 909 rediit.
1384 857 1490 920 Qui
1521 871 1581 910 se
1614 854 1836 925 Xiphias
1870 873 1933 910 ac
1972 856 2158 910 Phoce

2278 854 2562 929 Γεωργίῳ)
2618 853 2707 908 καὶ
2794 853 2884 907 σὺν
2973 851 3121 925 αὐτῷ
3198 859 3300 906 πᾶν
3379 853 3441 907 τὸ
3481 858 3826 927 κρατιστεῦον
3877 852 3930 908 ἔν

514 936 823 1001 seditionis
858 946 1046 1000 socios
1068 946 1455 1016 praebuerant,
1479 960 1576 999 eos
1608 944 1775 999 bonis
1799 947 1923 999 suis
1952 946 2168 1000 multa-

516 1039 605 1089 tos
633 1034 690 1089 in
714 1051 1004 1089 carcerem
1031 1034 1247 1089 abdidit
1274 1051 1287 1088 :
1317 1033 1509 1088 solum
1543 1032 1851 1103 patricium
1887 1033 2167 1088 Phersam

2278 938 2591 1017 Ἀϐασγοῖς,
2651 942 2832 1017 φεύγει
2875 938 2932 997 δὲ
2995 942 3084 996 καὶ
3137 942 3165 995 6
3216 941 3484 1016 Γεὼργιος
3534 940 3611 1003 εἷς
3658 943 3727 997 τὰ
3773 940 3932 997 ἐνδό-

2276 1052 2403 1105 τερα
2437 1032 2536 1105 ὅρη
2584 1034 2682 1101 τῆς
2738 1026 3000 1106 Ἰϐηρίας.
3048 1031 3177 1086 Μετ’
3224 1029 3410 1105 ὀλίγον
3468 1029 3525 1085 δὶ
3582 1026 3938 1107 διαπρεσϐευ-

518 1123 831 1190 interfecit,
866 1124 963 1194 qui
999 1130 1056 1178 et
1090 1123 1311 1193 primus
1357 1122 1621 1177 omnium
1674 1139 1735 1177 se
1769 1122 2158 1194 perduellibus

2281 1121 2532 1194 σάμενος,
2563 1121 2762 1192 καὶτῷ
2808 1118 3023 1196 βασιλεῖ
3069 1118 3257 1183 ἐκστὰς
3304 1120 3493 1194 χώρας
3535 1121 3743 1191 ὁπόσης
3774 1115 3937 1175 ἐϐού-

474 1240 485 1243 π
519 1214 889 1282 adjunxerat,
923 1217 977 1267 et
1028 1216 1277 1281 quatuor
1325 1215 1626 1267 curatores
1657 1211 1983 1266 vicinorum
2016 1212 2170 1283 prin-

2283 1211 2430 1279 λετο,
2492 1206 2791 1278 σπένδεται,
2844 1210 3053 1284 ὅμηρον
3105 1206 3229 1271 δοὺς
3284 1209 3375 1263 τὸν
3427 1209 3541 1264 υἱὸν
3590 1208 3754 1264 αύτοῦ
3787 1217 3937 1284 Παγ-

520 1302 719 1373 cipum
771 1307 1097 1367 necaverat,
1142 1316 1367 1371 suaque
1417 1317 1592 1354 manu
1648 1301 1892 1371 spadoni
1936 1301 2158 1356 cuidam

2280 1300 2498 1372 κράτιον
2529 1317 2542 1330 ·
2579 1297 2638 1353 ὅν
2673 1301 2971 1373 μάγιστρον
3003 1299 3236 1369 ποιήσας
3266 1300 3293 1352 6
3330 1297 3583 1373 βασιλεὺς
3615 1299 3937 1374 ὑπέστρεψε.

520 1389 897 1461 imperatorio
921 1394 1094 1461 caput
1116 1394 1539 1460 amputaverat.
1564 1390 1663 1444 Est
1693 1393 1749 1445 et
1777 1389 2158 1445 cubicularius

2281 1388 2415 1451 Τοὺς
2451 1388 2544 1461 μὲν
2578 1387 2668 1442 οὖν
2702 1385 2911 1449 ἄλλους
2959 1392 3067 1442 τῶν
3118 1391 3196 1459 τῷ
3239 1386 3409 1465 Ξιφίᾳ
3429 1386 3809 1463 συναραμένων
3843 1387 3937 1443 καὶ

522 1479 765 1550 quidam
818 1479 1188 1550 imperatoris
1236 1479 1505 1534 leonibus
1551 1480 1839 1550 objectus,
1873 1478 2158 1534 convictu:

2282 1482 2362 1549 τῷ
2392 1481 2559 1547 Φωκᾷ
2586 1481 2694 1532 τῶν
2730 1475 3088 1552 ὑπαρχόντων
3138 1477 3433 1552 γυμνώσας
3462 1476 3731 1553 καθεῖρξε⁹
3766 1476 3933 1550 μόνον

523 1568 675 1639 quod
710 1569 1121 1639 imperatorem
1147 1568 1204 1622 in
1228 1568 1450 1640 Xiphiae
1481 1568 1731 1640 gratiam
1756 1573 1999 1623 conatus
2022 1585 2158 1624 esse

2287 1563 2344 1621 δὲ
2371 1567 2463 1621 τὸν
2493 1565 2776 1639 πατρίκιον
2827 1565 3042 1641 Φέρσην
3095 1564 3396 1637 ἀπέκτεινε,
3448 1566 3554 1640 πρὸ
3611 1566 3826 1619 πάντων
3880 1587 3943 1621 τε

522 1673 745 1713 veneno
778 1656 1001 1713 tollere.

523 1744 777 1820 γειτόνων
839 1746 1187 1821 κουράτωρας
1272 1743 1678 1817 ἀποκτείναντα,
1761 1744 1851 1799 καὶ
1938 1743 2193 1818 έκτομίαν
2273 1746 2393 1801 τινὰ
2483 1742 2766 1820 βασιλικὸν

2284 1656 2621 1731 προσρυέντα
2668 1660 2788 1716 τοῖς
2840 1652 3191 1722 ἆποστάταις,
3242 1654 3332 1709 καὶ
3360 1652 3619 1731 τέσσαρας
3650 1654 3941 1731 ἀρχόντων

2847 1742 3185 1819 αύτοχείρως
3244 1745 3395 1817 [719]
3442 1746 3942 1820 καρατομήσαντασ

524 1831 687 1904 έδόθη
730 1832 787 1889 δὶ
817 1835 905 1890 καὶ
956 1835 1139 1891 λέουσι
1198 1832 1505 1910 βασιλικοῖς
1556 1855 1638 1897 τις
1700 1831 2100 1907 θαλαμηπόλος
2158 1838 2383 1911 Βρῶμα,
2442 1832 2725 1910 έλεγχθεῖς
2791 1832 3103 1909 φαρμάκοις
3161 1828 3533 1889 ἐπιϐουλεύων
3581 1837 3659 1906 τῷ
3718 1831 3943 1908 βασιλεί

526 1918 616 1977 διὰ
652 1922 744 1978 τόν
775 1925 995 2001 Ξιφίαν.

598 2044 827 2101 Mortua
882 2045 1050 2099 Anna
1118 2043 1489 2114 imperatoris
1558 2059 1755 2099 sorore
1830 2042 1890 2097 in
1949 2041 2157 2098 Rossia

2358 2041 2456 2098 Καὶ
2487 2043 2683 2112 Ἀννης
2732 2037 2790 2096 δὲ
2834 2044 2935 2110 τῆς
2980 2042 3076 2095 τοῦ
3133 2035 3401 2115 βασιλέως
3454 2037 3695 2117 ἀδελφῆς
3717 2037 3773 2095 έν
3803 2040 3944 2095 Ῥω.

527 2134 800 2189 defuncto
823 2134 949 2203 jam
999 2136 1131 2187 ante
1176 2131 1508 2188 Bladimero
1558 2131 1789 2202 marito,
1824 2130 2158 2203 Cbrysochii

2285 2130 2372 2203 σίᾳ
2402 2129 2797 2200 ἀποθανούτης,
2838 2127 2930 2185 καὶ
2987 2129 3094 2203 πρὸ
3150 2127 3320 2198 αὐτῆς
3373 2132 3469 2184 τοῦ
3522 2126 3717 2204 ἀνδρὸς
3767 2129 3947 2199 αὐτῆς

521 2223 763 2295 quidam
793 2220 1111 2277 Bladimeri
1142 2227 1427 2293 cognatus
1450 2222 1555 2276 800
1583 2224 1737 2277 viros
1769 2221 2033 2289 adscivit,
2066 2221 2172 2275 iis-

516 2327 630 2382 que
660 2311 719 2365 in
754 2325 928 2366 naves
978 2311 1273 2381 impositis
1321 2310 1523 2383 Cpolin
1570 2312 1747 2380 venit,
1780 2310 2072 2383 stipendia
2102 2326 2165 2366 se

512 2401 700 2457 facere
728 2398 871 2455 velle
902 2400 1053 2455 479
1090 2398 1399 2455 simulans.
1442 2401 1583 2455 Cum
1618 2406 1815 2455 autem
1850 2400 2166 2471 imperator

508 2505 645 2544 eum
678 2488 883 2560 positis
914 2488 1095 2545 armis
1120 2495 1312 2561 petere
1333 2489 1383 2545 si
1414 2487 1552 2560 quid
1588 2488 2025 2561 velletjuberet,
2046 2508 2162 2546 non

510 2579 923 2650 obtemperans
977 2578 1388 2650 PrOpontidem
1446 2579 1723 2648 trajecit;
1776 2595 2029 2650 cumque
2088 2579 2160 2634 ad

513 2667 786 2740 Abydum
830 2667 1107 2734 venisset,
1141 2673 1410 2723 conserta
1457 2668 1646 2723 navali
1701 2684 1897 2741 pugna
1927 2685 2061 2723 cum
2096 2685 2162 2724 eo

510 2758 609 2829 qui
642 2774 803 2813 oram
850 2757 1206 2813 maritimam
1236 2758 1529 2828 tuebatur,
1565 2756 1725 2813 nullo
1758 2760 1990 2828 negotio
2021 2758 2163 2815 vicit

510 2863 577 2903 ac
612 2847 890 2902 Lemnum
924 2847 1204 2917 pervenit.
1247 2846 1329 2901 lbi
1362 2846 1533 2901 Rossi
1566 2863 1599 2901 a
1629 2847 1815 2902 classe
1844 2847 2161 2918 Cibyrraeo-

510 2941 704 2992 tarum
753 2940 810 2991 et
864 2936 1083 2991 Davido
1140 2935 1491 2991 Achridensi
1546 2936 1706 2991 Sami
1768 2936 2035 3008 praefecto
2094 2953 2162 2992 ac

509 3023 835 3096 Nicephoro
858 3022 1130 3078 Cahasila
1152 3024 1298 3079 duce
1321 3023 1750 3080 Thessalonicae
1775 3039 1877 3095 per
1898 3025 2161 3081 fraudem

510 3130 714 3170 omnes
745 3117 885 3168 sunt
912 3112 1220 3168 interfecti.

2283 2216 2665 2295 Βλαδιμηροῦ,
2696 2216 3004 2293 Χρυσόχειρ
3043 2217 3303 2293 συγγενὴς
3332 2236 3413 2279 τις
3445 2215 3518 2271 ὣν
3550 2221 3646 2271 τοῦ
3670 2215 3947 2288 τελευτή-

2282 2329 2498 2377 σαντος,
2556 2305 2751 2383 ἄνδρας
2828 2306 3177 2369 ὀκτακοσίους
3223 2306 3785 2382 προσεταιρισάμενος
3846 2308 3945 2361 καὶ

2271 2397 2488 2460 πλοίοις
2546 2392 2865 2472 ἐμϐιϐάσας,
2947 2395 3116 2466 ἦλθεν
3198 2396 3276 2458 εἷς
3353 2393 3941 2454 Κωνσταντινούπολιν

2271 2489 2345 2549 ὡς
2402 2489 2547 2563 τάχα
2605 2488 3048 2563 μισθοφορησων.
3080 2490 3189 2539 Τοῦ
3247 2483 3305 2541 δὶ
3359 2482 3629 2561 βασιλέως
3673 2487 3934 2540 καταθεῖ-

2270 2599 2351 2631 ναι
2395 2578 2461 2632 τὰ
2518 2575 2663 2631 ὅπλα
2718 2574 3037 2638 κελεύοντος
3099 2574 3191 2629 καὶ
3239 2575 3383 2631 οὕτω
3439 2576 3767 2645 πυιήσασθαι
3825 2577 3941 2645 τήν

2272 2665 2545 2741 ἰντυχίαν.
2600 2666 2675 2737 μή
2729 2663 2963 2735 θελήσας
3008 2661 3200 2733 διῆλθε
3244 2664 3345 2733 τὴν
3404 2662 3773 2739 Προποντίδα.
3839 2665 3942 2722 Ἐν

2272 2750 2491 2827 Ἀϐύδῳ
2552 2752 2608 2809 δὶ
2658 2754 2949 2829 γενόμενος
3006 2753 3097 2808 καὶ
3149 2757 3229 2826 τῷ
3280 2757 3674 2829 στρατηγοῦντι
3714 2752 3939 2825 ταύτης

2271 2844 2532 2921 συρῥάξας
2592 2842 3005 2919 λπερμαχοῦντι
3065 2847 3175 2897 τῶν
3219 2843 3529 2916 παραλίων,
3589 2842 3678 2898 καί
3730 2847 3944 2900 τοῦτον

2272 2931 2474 3010 ῥᾳδίως
2552 2933 3079 3007 καταστρεψάμενος,
3167 2929 3435 3001 κατῆλθεν
3515 2930 3595 2993 εἷς
3674 2936 3943 3005 Λῆμνον,

2272 3025 2475 3079 Ἐκεῖσε
2548 3019 2606 3077 δὶ
2660 3022 2807 3097 παρὰ
2876 3025 2974 3076 τοῦ
3049 3019 3247 3076 στόλου
3323 3024 3421 3076 τοῦ
3481 3015 3944 3097 Κιϐυρῥαιωτῶν,

2270 3112 2357 3169 καὶ
2390 3106 2556 3167 Δαϐὶδ
2588 3114 2684 3166 τοῦ
2746 3110 2850 3165 ἀπὸ
2900 3107 3172 3186 Ἀχριδῶν
3224 3114 3655 3186 στρατηγοῦντος
3709 3109 3938 3183 Σάμου,

510 3202 599 3257 καὶ
654 3200 969 3279 Νικηφόρου
1019 3206 1117 3256 τοῦ
1176 3198 1456 3257 Καϐάσιλα
1506 3198 1700 3264 δουκὸς
1760 3198 1913 3265 ὄντος
1981 3200 2376 3271 Θεσσαλονίκης
2434 3203 2546 3275 (71)
2606 3198 3143 3275 παρασπονδηθέντες
3202 3202 3431 3264 ἅπαντες
3479 3202 3937 3279 κατεσφάγησαν.

580 3319 715 3374 Post
741 3319 864 3375 haec
897 3319 955 3373 in
988 3318 1243 3373 Siciliam
1269 3319 1511 3375 molitus
1542 3320 1969 3391 expeditionem
2000 3320 2159 3375 Basi-

508 3407 625 3463 lius
655 3411 917 3463 Orestam
950 3408 1266 3478 quemdam
1291 3410 1362 3462 de
1387 3408 1692 3464 ﬁdissimis
1715 3408 1839 3465 suis
1870 3409 2159 3464 eunuchis

507 3497 811 3569 praemittit
840 3512 972 3551 cum
1005 3498 1233 3567 magnis
1265 3499 1468 3569 copiis.
1495 3497 1624 3569 Ipse
1655 3499 1773 3553 fato
1800 3498 2159 3569 interceptus

509 3586 785 3656 subsequi
820 3601 935 3639 non
967 3586 1165 3640 valuit.
1201 3591 1343 3641 Nam
1386 3604 1585 3641 mense
1616 3586 1938 3655 Decembri,
1973 3587 2157 3641 indic-

511 3673 669 3729 tione
712 3690 887 3739 nona,
943 3691 1095 3729 anno
1141 3675 1306 3740 6534,
1363 3676 1559 3730 subito
1608 3680 1911 3746 correptus
1958 3677 2161 3731 morbo

513 3762 783 3819 decessit.
844 3763 1053 3818 Paucis
1112 3768 1243 3819 ante
1293 3770 1541 3819 mortem
1598 3765 1725 3834 ejus
1775 3765 1984 3819 diebus
2038 3765 2161 3820 obit

513 3853 853 3909 Eustathius
885 3855 1254 3925 patriarcha;
1304 3861 1363 3908 in
1397 3856 1570 3923 cujus
1616 3854 1806 3909 locum
1845 3855 2162 3925 imperator

512 3943 817 3998 substituit
869 3942 1133 3997 Alexium
1191 3944 1565 4012 monachum,
1618 3944 1886 3999 Studiani
1931 3944 2157 4016 collegii

509 4032 880 4103 magistrum,
913 4032 1011 4102 qui
1063 4032 1131 4086 ad
1189 4031 1383 4102 ipsum
1438 4031 1724 4087 invisendi
1775 4032 1929 4087 480
1979 4051 2160 4089 causa

506 4126 767 4184 venerat,
800 4120 1047 4175 atl'erens
1096 4136 1297 4173 secum
1346 4125 1523 4191 caput
1568 4120 1817 4175 Joannis
1865 4121 2156 4191 baptistaa.

506 4209 649 4263 Eum
679 4224 815 4279 ergo
840 4224 974 4262 cum
1008 4224 1107 4278 per
1136 4208 1423 4263 Joannem
1474 4210 1955 4279 protonotarium,
1988 4213 2159 4281 cujus

504 4312 681 4369 opera
712 4299 769 4350 in
803 4296 1289 4351 administrandis
1309 4296 1557 4368 publicis
1582 4298 1832 4369 negotiis
1862 4299 2155 4366 utebatur,

504 4385 563 4439 in
598 4384 743 4441 solio
779 4383 1126 4457 patriarchae
1159 4386 1525 4451 callocasset,
1557 4403 1797 4457 vespere
1821 4388 2153 4461 exspiravit.

505 4474 656 4531 Vixit
687 4490 871 4529 annos
902 4474 993 4541 70,
1024 4490 1171 4545 quos
1199 4490 1403 4529 omnes
1439 4476 1721 4545 regnavit.
1756 4475 1929 4531 Solus
1960 4484 2154 4532 autem

508 4579 811 4618 summum
844 4562 1157 4633 imperium
1202 4564 1384 4633 gessit
1416 4581 1600 4619 annos
1630 4566 1719 4620 50.
1754 4566 2011 4620 Fratrem
2044 4567 2153 4620 im-

508 4650 652 4724 perii
695 4666 1094 4707 successorem
1150 4652 1425 4721 instituit,
1475 4654 1643 4723 eique
1675 4655 1970 4709 mandavit
2000 4660 2063 4709 ut
2093 4672 2155 4710 se

507 4742 567 4796 in
597 4740 842 4797 Joannis
885 4741 1252 4812 evangelista
1283 4759 1347 4797 ac
1390 4742 1642 4815 theologi
1699 4745 1828 4799 fano
1859 4743 2151 4816 sepeliret,

507 4830 659 4901 apud
695 4830 1083 4887 Hebdomum.
1122 4832 1292 4903 (dque
1322 4831 1372 4888 is
1402 4838 1489 4887 est
1518 4838 1849 4888 exsecutus.

2340 3316 2680 3390 Βουλόμενος
2737 3314 2795 3371 δὶ
2852 3317 2879 3371 6
2942 3314 3199 3391 βασιλεὺς
3244 3314 3622 3391 ἐκστρατεῦσαι
3662 3316 3801 3371 κατᾶ
3823 3323 3938 3386 τῆς

2271 3406 2524 3467 Σικελίας
2549 3405 2808 3480 Ὀρέστην
2858 3406 3177 3481 προέπεμψε
3229 3404 3362 3479 μετὰ
3411 3402 3692 3479 δυνάμεως
3728 3401 3932 3480 ἇδρᾶς,

2267 3492 2359 3550 ἕνα
2418 3494 2541 3549 ὅντα
2586 3498 2692 3548 τῶν
2748 3492 3083 3547 πιστοτάτων
3143 3491 3443 3569 εὐνούχων,
3477 3493 3637 3556 αὐτὸς
3683 3490 3740 3547 δὶ
3777 3493 3934 3548 έκω-

2272 3583 2410 3654 λύθη
2462 3585 2762 3660 φθάσαντος
2817 3586 2915 3637 τοῦ
2971 3583 3174 3657 χρεών.
3243 3582 3559 3659 Δεκεμλρίῳ
3622 3581 3722 3659 γὰρ
3786 3583 3934 3655 μηνὶ

2274 3676 2352 3741 ιε’,
2388 3671 2726 3736 ῗνδικτιῶνος
2784 3674 2847 3740 θ’,
2901 3668 3075 3733 ἔτους.
3134 3669 3330 3746 ,ςφλδζ
3364 3669 3618 3743 αίφνιδίῳ
3646 3672 3790 3743 νόσῳ
3816 3670 3932 3743 ληο

2271 3762 2420 3841 φθείς
2478 3756 2708 3830 ἀπεϐίω,
2768 3760 2874 3837 πρό
2922 3782 3085 3815 τινων
3140 3762 3361 3834 ἡμερῶν
3400 3767 3503 3829 τῆς
3539 3760 3702 3815 αὐτοῦ
3729 3759 3931 3816 τελευ-

2266 3860 2368 3921 τῆς
2424 3852 2513 3907 καὶ
2559 3850 2855 3908 Εὐσταθίου
2891 3854 2987 3905 τοῦ
3032 3852 3377 3925 πατριάρχου
3426 3850 3810 3917 ἀποθανόντος,
3859 3853 3932 3906 οὗ

2270 3938 2528 4015 διάδοχον
2586 3942 2614 3994 6
2679 3938 2934 4016 βασιλεὺς
3004 3936 3297 4008 ἐποιήσατο
3379 3935 3617 4007 Ἀλέξιον
3671 3941 3928 4013 μοναχὸν

2267 4029 2355 4084 καὶ
2387 4028 2792 4105 καθηγούμενον
2844 4034 2943 4097 τῆς
3004 4033 3177 4100 μονῆς
3216 4030 3313 4081 τοῦ
3374 4023 3659 4095 Στουδίου,
3691 4026 3767 4088 εἲς
3795 4026 3927 4081 ἐπί-

2267 4122 2453 4193 σκεψιν
2482 4118 2645 4173 αὐτοῦ
2699 4117 3067 4197 πεφοιτηκότα
3129 4116 3263 4190 μετὰ
3307 4121 3407 4185 τῆς
3453 4113 3641 4188 τιμίας
3670 4113 3930 4193 κεφαλῆς

2264 4213 2361 4264 τοῦ
2411 4206 2754 4282 Προδρόμου.
2806 4209 2904 4265 "Ov
2960 4207 3047 4262 καὶ
3101 4206 3320 4280 πέμψας
3381 4203 3670 4279 ένθρονίζει
3704 4202 3793 4259 διὰ
3818 4211 3928 4261 τοῦ

2265 4297 2706 4373 πρωτονοταρίου
2762 4296 3030 4365 Ἰωάννου,
3087 4297 3132 4369 ᾦ
3209 4299 3448 4370 συνεργῷ
3504 4293 3711 4370 έχρῆτο
3776 4296 3928 4369 πρὸς

2262 4390 2363 4457 τήν
2391 4392 2498 4442 τῶν
2533 4390 2729 4441 κοινῶν
2775 4383 3064 4455 διοίκησιν.
3109 4385 3210 4442 Καὶ
3260 4388 3329 4458 τῇ
3388 4382 3588 4457 ἑσπέρᾳ
3630 4381 3925 4455 ἐτελεύτη-

2265 4496 2340 4546 σε,
2376 4477 2538 4546 ζήσας
2574 4476 2667 4547 μὶν
2714 4470 2805 4544 ἔτη
2853 4480 2916 4543 o',
2968 4473 3058 4528 καὶ
3112 4473 3178 4528 τὰ
3227 4474 3406 4528 πάντα
3445 4471 3791 4549 βασιλεύσας,
3826 4472 3926 4529 ἔπὶ

2262 4566 2496 4641 χρόνους
2530 4564 2587 4619 δέ
2615 4571 2656 4618 ν’
2708 4566 2809 4633 τήν
2853 4562 3223 4639 αὐτοκράτορα
3275 4560 3516 4627 διιθύνας
3563 4562 3767 4638 ἀρχήν.
3809 4568 3927 4618 Τα-

2264 4656 2428 4731 φῆναι
2477 4650 2533 4707 δὶ
2588 4652 2924 4728 παρεκάλεσε
2991 4652 3081 4706 τὸν
3139 4652 3329 4707 ἑαυτοῦ
3385 4649 3642 4728 ἀδελφὸν,
3700 4651 3759 4705 ’ὀν
3822 4654 3929 4707 καὶ

2264 4740 2523 4818 διάδοχον
2572 4740 2831 4797 κατέλιπε
2877 4746 2976 4810 τῆς
3018 4742 3218 4817 ἀρχῆς,
3267 4740 3319 4796 έν
3347 4746 3430 4813 τῷ
3458 4741 3594 4797 κατᾶ
3622 4740 3683 4795 τὸ
3712 4734 3928 4797 Ἕϐδο-

2266 4852 2366 4904 μον
2399 4836 2512 4905 ναῷ
2564 4828 2661 4886 τοῦ
2712 4829 3099 4907 εὐαγγελιστοῦ
3154 4828 3243 4885 καὶ
3302 4826 3603 4906 Θεολογου’
3648 4829 3678 4885 ’ὁ
3722 4826 3789 4898 δὴ
3821 4833 3923 4885 καὶ

2184 4909 2231 4975 ι)
2260 4921 2498 4996 γέγονεν.

575 5008 996 5066 Constantinus
1025 5011 1273 5082 imperio
1322 5012 1560 5082 potitus,
1618 5017 1938 5083 nactusque
1973 5011 2150 5067 licen-

2332 5010 2780 5082 ’Δναζωσάμενος
2810 5005 2867 5063 δέ
2913 5008 3011 5077 τήν
3057 5009 3265 5064 ἅπασαν
3324 5006 3634 5064 δυναστείαν
3667 5008 3696 5063 6
3753 5009 3923 5064 Κων-

501 5098 645 5154 tiam
694 5100 904 5171 agendi
952 5116 1080 5171 quis
1132 5099 1322 5165 vellet,
1370 5101 1554 5155 multa
1608 5099 1939 5171 reipublicae
1994 5102 2151 5158 mala

2273 5104 2557 5170 παντῖνος,
2588 5098 2679 5153 καὶ
2730 5099 2982 5175 πράττειν
3025 5096 3056 5153 ὅ
3102 5118 3156 5153 τι
3201 5098 3290 5153 καὶ
3347 5096 3613 5173 βούληται
3665 5095 3924 5170 ιξουσίαν

501 5188 681 5244 dedit.
717 5188 944 5260 Quippe
992 5187 1166 5243 homo
1200 5189 1392 5261 pravis
1441 5189 1656 5244 studiis
1705 5189 1959 5259 deditus,
2001 5191 2147 5247 nihil

500 5293 701 5333 eorum
734 5294 864 5350 qum
907 5276 1085 5333 officii
1123 5282 1293 5333 erant
1319 5277 1407 5333 vel
1452 5278 1664 5351 agebat
1708 5277 1797 5335 vel
1830 5280 2144 5351 cogitabat,

498 5362 658 5422 ludis
689 5371 886 5422 autem
920 5366 1295 5437 equestribus
1316 5371 1373 5421 et
1405 5366 1604 5422 mimis
1626 5384 1690 5423 ac
1712 5370 1935 5426 scurris
1956 5370 2145 5428 delec-

2260 5183 2467 5255 λαϐὼν,
2510 5188 2599 5243 καὶ
2656 5192 2774 5252 ταῖς
2824 5183 3305 5262 έκδεδιῃτημέναις
3357 5186 3567 5263 χαίρων
3603 5191 3711 5242 τῶν
3761 5188 3920 5260 πρά-

2257 5279 2410 5351 ξεων,
2443 5277 2670 5335 πολλῶν
2701 5281 2879 5333 κακῶν
2930 5276 3103 5341 αἶ’τιος
3157 5277 3357 5352 ὑπῆρξε
3396 5281 3477 5350 τῷ
3520 5272 3918 5348 πολιτεύματι,

2254 5368 2415 5430 αὐτὸς
2449 5368 2543 5441 μὶν
2594 5366 2843 5444 πράττων
2890 5363 3045 5423 οὒδὶν
3092 5363 3129 5436 ἤ
3192 5364 3591 5441 βουλευόμενος
3614 5370 3722 5422 τῶν
3764 5360 3921 5419 δεόντ

1703 5550 2069 5610 XYLANDRI
2108 5553 2194 5610 EF
2232 5552 2451 5609 GOARI
2487 5552 2719 5610 NOTAE.

580 5689 692 5761 (71)
722 5690 821 5746 llis
852 5691 1217 5764 temporibus
1248 5694 1455 5751 ducem
1484 5692 1692 5752 habuit
1723 5695 2161 5770 Thessalonica,
2191 5701 2249 5755 et
2291 5698 2657 5756 decrescente
2686 5698 2931 5771 imperio
2961 5699 3329 5773 augebantur
3356 5696 3693 5773 dignitates.
3722 5697 3922 5756 Gom.
