4038 6334
130 373 255 435 213

1296 367 1843 436 HISTORIARUM
1887 366 2433 432 COMPENDIUM.

3446 367 3568 430 214

136 525 279 575 των,
307 502 715 581 ἱπποδρομίαις
743 503 802 562 δὶ
837 505 1048 582 χαίρων
1090 503 1182 560 καὶ
1234 501 1428 578 μίμοις
1479 504 1567 558 καὶ
1624 501 1802 578 γελω-

1923 501 2170 570 tabatur,
2229 501 2604 573 potandoque
2661 503 2862 556 noctes
2913 498 3201 556 trahebat.
3248 499 3454 558 Civiles
3497 517 3565 558 ao

136 601 420 666 τοποιοῖς,
476 595 566 651 καὶ
617 590 811 658 κύϐοις
882 595 974 650 καὶ
1045 589 1334 655 κοττάϐοις
1392 591 1798 667 έννυκτερεύων,

148 686 430 760 ἄρχοντας
478 686 736 749 καθιστάς
783 681 835 739 ἔν
891 706 951 739 τε
1008 683 1398 759 πολιταρχίαις
1456 681 1545 736 καὶ
1611 701 1802 754 στρατ-

136 773 326 848 ηγίαις
390 774 455 828 οὗ
513 773 640 836 τοὺς
691 770 831 849 ἔργῳ
879 773 970 828 καὶ
1023 773 1180 848 λόγῳ
1235 772 1297 826 τὸ
1339 769 1566 843 δόκιμον
1599 770 1799 824 ἑαυτῶν

136 863 578 937 παρεχομένους,
631 860 759 918 ἀλλ’
813 860 1120 932 οἰνόληπτα
1167 860 1545 932 έκτετμημὲνα
1603 855 1802 930 ἀνδρά-

136 949 284 1006 ποδα
344 951 434 1006 καὶ
485 951 668 1023 πάσησ
719 951 938 1026 μιαρίας
994 952 1084 1006 καὶ
1158 947 1445 1024 βδελυρίας
1511 945 1800 1020 ἐμπεπληο

135 1040 334 1114 σμὲνα,
369 1042 582 1116 ἀνάγων
619 1040 813 1103 αὐτοὺς
845 1041 923 1102 εἷς
977 1042 1073 1103 τάς
1127 1045 1234 1094 τῶν
1276 1041 1599 1111 ἀξιωμάτων
1657 1039 1803 1110 ὑψη-

134 1129 384 1194 λοτάτας
411 1131 714 1204 περιωπάς,
747 1130 874 1194 τοὺς
907 1127 965 1185 δὲ
1010 1130 1150 1204 γένει
1191 1130 1280 1183 καὶ
1329 1128 1494 1202 ἀρετῇ
1544 1127 1633 1182 καὶ
1683 1127 1799 1181 πεί-

137 1241 207 1292 ρᾳ
236 1220 583 1295 προέχοντας
626 1219 1014 1294 παρατρέχων.
1044 1217 1314 1274 Νικόλαον
1365 1218 1468 1292 γὰρ
1510 1217 1602 1271 τὸν
1656 1220 1804 1290 πρῶ-

133 1331 232 1365 τον
260 1313 376 1364 τῶν
423 1310 592 1364 αὐτοῦ
637 1306 1054 1381 Θαλαμηπόλων
1096 1306 1418 1381 δομέστικον
1463 1301 1800 1380 προεϐάλετο

131 1404 246 1454 τῶν
309 1399 537 1474 σχολῶν
585 1398 672 1452 καὶ
727 1397 1245 1474 παρακοιμώμενον,
1281 1399 1362 1470 [Ρ.
1394 1397 1522 1466 720]
1553 1393 1801 1471 Νικηφό-

137 1509 234 1562 ρον
267 1486 330 1542 δί
360 1487 452 1542 τὸν
515 1488 628 1560 μετ’
659 1485 864 1542 ἐκεῖνον
915 1487 984 1542 τὰ
1035 1483 1307 1561 δευτερεῖα
1363 1485 1594 1559 φέροντα
1648 1504 1799 1556 πρω-

133 1573 542 1649 τοϐεστιάριον,
571 1576 799 1648 Συμεὼν
829 1572 886 1630 δὶ
929 1577 1020 1630 τὸν
1073 1575 1210 1630 κατὰ
1262 1575 1362 1643 τήν
1420 1572 1566 1643 τάξιν
1617 1572 1796 1647 τρίτον

135 1673 508 1750 δρουγγάριον
567 1677 667 1738 τῆς
746 1671 966 1748 βίγλας,
1023 1670 1320 1748 προέδρους
1392 1671 1519 1733 τοὺς
1594 1670 1797 1732 πάντας

134 1765 409 1835 τιμήσας,
446 1761 741 1825 Εὖστάθιόο
791 1781 851 1816 τε
906 1763 997 1816 τὸν
1051 1758 1362 1816 πολλοστὸν
1418 1760 1532 1832 μετ’
1561 1758 1796 1820 ἐκείνους

1912 590 2157 646 bellicos
2206 589 2588 662 magistratus
2639 606 2754 646 non
2802 589 2877 644 iis
2919 589 3018 661 qui
3069 589 3221 645 facto
3267 594 3369 645 aut
3407 589 3564 646 dicto

1913 680 2186 736 virtutem
2222 696 2388 734 suam
2437 684 2712 735 testatam
2766 679 3041 734 fecissent
3087 679 3427 734 mandavit:
3461 682 3562 736 sed

1914 770 2219 843 przeteritis
2271 771 2341 825 iis
2395 769 2491 841 qui
2537 785 2771 840 genere,
2819 768 3034 823 virtute
3082 784 3315 841 usuque
3363 785 3563 826 rerum

1915 860 2234 931 pollebant,
2269 861 2338 913 ad
2373 875 2639 914 summas
2669 857 2988 928 dignitates
3017 857 3226 912 extulit
3269 859 3566 930 mancipia

1911 949 2141 1004 ebriosa
2171 953 2346 1020 atque
2378 948 2598 1003 evirata
2629 947 3023 1016 omnibusque
3052 945 3277 1017 polluta
3307 947 3562 1020 ﬂagitiis.

1913 1047 2141 1102 Etenim
2174 1046 2500 1112 Nicolaum,
2539 1043 2892 1100 famulorum
2923 1042 3177 1099 cubiculi
3213 1043 3562 1116 principem,

1912 1135 2251 1190 scholarum
2310 1135 2701 1191 domesticum
2762 1139 2820 1187 et
2874 1133 3266 1188 accubitorem
3327 1135 3564 1204 creavit,

1912 1223 2327 1294 Nicephorum,
2379 1225 2450 1279 ab
2500 1239 2566 1279 eo
2621 1224 2975 1294 proximum,
3030 1224 3564 1293 protovestiarium,

1912 1313 2270 1380 Simeonem,
2305 1313 2480 1368 tertio
2510 1312 2636 1367 loco
2672 1312 2966 1378 habitum,
3001 1311 3386 1383 drungarium
3420 1313 3569 1384 vigi-

1911 1401 2038 1470 liae;
2089 1402 2278 1473 iisque
2336 1401 2613 1456 omnibus
2671 1400 2952 1456 honorem
3008 1399 3276 1471 praesidis
3335 1399 3565 1457 tribuit.

1910 1492 2057 1546 48]
2110 1490 2506 1557 Eustathium,
2539 1491 2639 1561 qui
2693 1490 2866 1561 longo
2899 1489 3045 1544 istos
3093 1489 3568 1559 subsequebatur

1908 1578 2237 1644 intervallo,
2300 1596 2524 1650 magnae
2584 1579 2904 1634 soliditatis
2960 1579 3171 1632 ducem
3233 1579 3566 1636 constituit.

1906 1676 2227 1732 Antiochiae
2260 1677 2468 1732 ducem
2504 1677 2637 1732 fecit
2666 1675 3000 1748 Spondylen
3029 1677 3347 1747 quemdam
3379 1692 3566 1732 eunu-

1909 1766 2108 1835 chum,
2169 1770 2225 1822 et
2282 1766 2480 1821 Iberire
2537 1765 2798 1820 Nicetam
2857 1783 2887 1820 e
2944 1764 3164 1820 Pisidia
3224 1766 3567 1834 oriundum,

139 1855 314 1925 μέγαν
379 1849 784 1926 ἐταιρειάρχην.
817 1845 1161 1926 ῐίροεῦάλετο
1221 1847 1277 1905 δὲ
1330 1849 1420 1904 καὶ
1473 1847 1640 1904 δοῦκα
1671 1849 1796 1905 Ἀν-

1923 1865 2223 1926 itrumque
2256 1854 2491 1910 malitias
2514 1855 2771 1910 infamis.
2791 1855 2859 1909 Hi
2890 1853 3246 1910 tumultibus
3275 1855 3470 1911 omnia
3495 1859 3553 1910 et

133 1941 397 2016 τιοχείας
455 1939 717 2016 εοόνοῦχόν
773 1960 894 1994 τινα
953 1937 1276 2006 Σπονδύλην
1338 1937 1660 2014 λεγόμενον,
1706 1936 1797 1992 καὶ

133 2027 387 2106 Ἰϐηρίας
427 2030 666 2099 Νικήταν
717 2029 810 2083 τὸν
865 2028 925 2083 ἐκ
977 2025 1278 2100 Πισσιδίας,
1309 2028 1400 2082 καὶ
1454 2024 1620 2105 ἄμφω
1657 2025 1809 2103 ἐπιρ-

134 2119 351 2194 ῥητους
421 2117 744 2191 ἀνθρώπους
817 2117 908 2172 καὶ
980 2118 1296 2193 πονηρούς·
1357 2114 1555 2178 οἵτινες
1639 2135 1810 2192 ταρα-

131 2215 244 2283 χῆς
308 2206 403 2262 καὶ
455 2205 775 2281 συγχύσεως
827 2207 896 2261 τὰ
963 2208 1137 2262 πάντα
1219 2204 1612 2280 πληρώσαντες
1705 2226 1799 2277 μιν

127 2301 265 2370 ιιροῦ
293 2296 399 2364 τὴν
432 2294 711 2371 βασιλείαν
764 2295 1052 2370 ἀνέτρεψαν
1113 2293 1224 2366 ἤδη
1304 2294 1490 2357 καλῶς
1522 2291 1805 2368 ἀγομένη-

140 2383 250 2442 ἆπό
280 2407 346 2442 τε
386 2391 486 2454 τῆς
547 2382 974 2460 αὐτοκρατορίας
998 2386 1282 2458 Ῥωμανοῦ
1325 2387 1422 2438 τοῦ
1475 2388 1594 2438 τοῖν
1659 2383 1812 2457 βασι-

137 2477 291 2533 λέοιν
322 2475 553 2547 πατρὸς.
586 2475 903 2551 Νικηφόρου
951 2471 1007 2529 δὲ
1062 2473 1151 2528 καὶ
1203 2474 1453 2532 Ἰωάννου
1499 2472 1591 2527 καὶ
1640 2478 1809 2527 Βασι-

147 2566 305 2620 λεέου
339 2568 453 2618 τῶν
481 2563 616 2617 κατὰ
655 2559 919 2638 διαδοχὰς
967 2561 1271 2635 δεξαμένων
1319 2564 1386 2616 τά
1434 2568 1683 2635 σκῆπτρα
1719 2569 1810 2624 καὶ

149 2649 395 2728 φοϐεράν
478 2652 878 2724 καθισταμένην
958 2657 1077 2713 τοῖς
1161 2649 1558 2720 πλησιάζουσιν
1615 2646 1805 2714 ἔθνεσι.

146 2744 252 2801 Καὶ
289 2741 356 2797 οὗ
400 2741 566 2814 μόνον
613 2737 910 2818 ἀδιάφορον
961 2741 1077 2816 εἶχε
1132 2741 1232 2809 τήν
1291 2739 1519 2816 γνώμην
1580 2737 1632 2794 ἐν
1695 2744 1812 2800 ταῖς

139 2838 250 2888 τῶν
305 2832 500 2907 ἀρχῶν
562 2825 892 2905 προϐολαῖς,
936 2829 1010 2892 ὡς
1070 2823 1262 2904 ἔτυχεν
1321 2828 1482 2891 αὐτὰς
1536 2830 1812 2892 καθιστὰς,

141 2929 295 2986 ἀλλὰ
378 2929 472 2983 καὶ
549 2927 676 2990 τοὺς
771 2925 1240 3003 ἀξιολογωτέρους
1331 2927 1420 2982 καὶ
1506 2924 1817 3000 δοκιμωτέ-

150 3041 281 3096 ρους
343 3016 540 3074 ἐδίωκε
597 3014 685 3072 διὰ
741 3017 968 3088 παντὸς,
1025 3023 1142 3078 τοῖς
1213 3013 1525 3090 εὐδοκίμοις
1585 3011 1817 3070 ἐπιϐου-

153 3110 330 3166 nam»
357 3150 369 3163 .
436 3105 828 3182 Ἀπετύφλωσε
917 3107 1012 3178 μὶν
1108 3105 1209 3183 γὰρ
1294 3105 1387 3161 καὶ
1472 3110 1814 3161 Κωνσταντῖ-

153 3221 238 3253 νον
299 3197 591 3272 πατρίκιον
663 3196 754 3250 τὸν
833 3195 950 3250 υἱὸν
1021 3195 1256 3270 Μιχαὴλ
1341 3194 1640 3270 μαγίστρου
1715 3198 1812 3250 τοῦ

1920 1943 2588 2016 confusioneimplentes
2601 1947 2932 1999 everterunt
2949 1945 3372 2015 propemodum
3387 1944 3570 2016 impe-

1919 2033 2092 2102 rium,
2122 2034 2275 2105 quod
2303 2035 2430 2106 jam
2461 2033 2597 2089 inde
2628 2050 2661 2088 a
2692 2034 2954 2088 Romano
2984 2033 3164 2105 hujus
3194 2041 3377 2105 patre,
3399 2048 3567 2106 scep-

1920 2127 2079 2180 trum
2131 2124 2333 2178 ordine
2391 2123 2730 2193 gerentibus
2786 2122 3130 2194 Nicephoro,
3177 2121 3468 2178 Tzimisca
3515 2127 3572 2177 et

1922 2213 2158 2282 Basilio,
2193 2213 2469 2268 ﬂoruerat
2498 2229 2566 2267 ac
2594 2211 2799 2268 terrori
2824 2211 3031 2267 vicinis
3062 2211 3338 2283 gentibus
3359 2211 3566 2267 fuerat.

1919 2304 1990 2358 Et
2021 2319 2154 2358 vero
2194 2301 2616 2357 Constantinus
2649 2318 2765 2356 non
2813 2301 2986 2356 modo
3017 2301 3240 2372 absque
3269 2300 3485 2357 indicio
3517 2307 3574 2358 et

1921 2397 2139 2448 temere
2156 2390 2539 2463 magistratus
2556 2390 2804 2462 legebat,
2818 2391 2918 2446 sed
2935 2393 2992 2445 et
3014 2389 3568 2462 praestantissimum

1921 2498 2215 2553 quemque
2247 2481 2487 2536 vexabat
2518 2497 2584 2535 ac
2618 2497 2731 2535 non
2765 2480 3036 2535 cessabat
3065 2477 3399 2534 illustribus
3429 2480 3572 2535 viris

1921 2571 2211 2625 insidiari.
2245 2570 2362 2624 Hoc
2396 2570 2564 2624 modo
2593 2569 3040 2624 Constantinum
3074 2568 3413 2640 patricium,
3444 2585 3572 2625 ma-

1924 2660 2092 2730 gistri
2150 2657 2414 2714 Michaeli
2491 2658 2713 2712 Burtzaa
2785 2657 2997 2727 filium,
3058 2657 3245 2712 oculis
3303 2659 3574 2729 privavit,

1925 2748 2185 2803 offensus
2217 2747 2288 2801 ab
2318 2763 2384 2801 eo
2412 2751 2545 2801 ante
2575 2745 2788 2800 initum
2837 2745 3180 2818 imperium,
3213 2746 3376 2801 fratri
3408 2747 3573 2802 Basi-

1924 2837 2000 2892 lio
2029 2836 2223 2908 turpia
2251 2835 2440 2908 ipsius
2471 2836 2620 2892 facta
2647 2835 2964 2890 indicante.
2984 2835 3050 2891 Et
3080 2834 3228 2892 alios
3255 2835 3410 2892 haud
3436 2853 3579 2909 pau-

1926 2943 2025 2982 cos
2056 2932 2401 2998 praestantes
2432 2928 2586 2981 viros
2618 2941 2646 2980 e
2679 2925 2870 2980 medio
2917 2924 3182 2991 sustulit,
3216 2929 3282 2981 ut
3311 2942 3418 2981 suo
3446 2925 3574 2982 loco

1927 3015 2172 3070 dicetur.
2207 3014 2370 3070 Talia
2416 3031 2554 3086 ergo
2609 3015 2844 3068 fuerunt
2891 3013 3123 3086 imperii
3175 3013 3353 3086 hujus
3384 3014 3573 3070 initia.

1926 3113 2060 3177 Quae
2083 3115 2397 3169 subsecuta
2416 3116 2578 3181 sunt,
2601 3127 2864 3186 quaenam
2888 3113 3074 3184 possit
3094 3111 3269 3184 digne
3287 3113 3578 3185 explicare

1927 3203 2184 3260 narratio
2206 3204 2234 3258 ?
2265 3202 2436 3273 Solis,
2471 3201 2556 3258 uti
2588 3202 2812 3271 monui,
2844 3201 3079 3258 deditus
3112 3201 3330 3257 scurris
3362 3219 3429 3258 ac
3462 3203 3575 3258 mi-

417 3253 427 3272 .
1107 3253 1144 3270 n-
1207 3253 1216 3264 -
1341 3253 1351 3268 .
1431 3253 1441 3270 .
1543 3253 1552 3270 .

149 3289 429 3363 Βούρντζη,
475 3288 584 3360 πρὸ
641 3289 740 3350 τῆς
799 3284 1220 3361 αὐτοκρατορίας
1276 3283 1439 3339 αὐτοῦ
1506 3283 1811 3359 προσκρού-

1929 3253 2224 3260 --____-_--
2266 3253 2436 3273 πη,
2475 3253 2555 3258 _-_
2588 3253 2812 3271 -ην,
2849 3253 3076 3258 “mw-
3112 3253 3327 3257 ---πη
3364 3253 3425 3258 ν-
3462 3253 3541 3258 __-

1925 3294 2036 3348 mis
2068 3299 2124 3348 et
2155 3294 2330 3357 ludis,
2362 3299 2426 3347 ut
2457 3308 2628 3346 nemo
2660 3308 2924 3363 unquam
2958 3291 3172 3362 magis,
3200 3291 3574 3361 equestribus

148 3397 278 3432 οντα
309 3375 403 3429 καὶ
434 3373 529 3435 τάς
560 3371 897 3435 ἀκολάστους
930 3374 1082 3446 αὐτῷ
1134 3374 1354 3448 πράξεις
1411 3372 1678 3445 Βασιλείῳ
1735 3378 1814 3445 τῷ

152 3463 376 3542 βασιλεῖ
441 3462 739 3536 μηνύοντα,
799 3462 887 3517 καὶ
946 3460 1151 3524 ἄλλους
1185 3461 1284 3516 οὐκ
1341 3460 1560 3538 ὀλίγους
1616 3458 1814 3538 ἄνδρας

152 3554 396 3630 ἀγαθοὺς
440 3554 724 3627 ἠφάνισεν,
775 3551 850 3613 ὡς
898 3553 1108 3627 προϊὼν
1159 3551 1341 3626 ἐξείπῃ
1393 3552 1421 3606 ὁ
1465 3549 1652 3624 λόγος.
1709 3549 1811 3607 Καὶ

149 3647 214 3698 τὶ
436 3642 705 3716 προοίμια
771 3648 874 3709 τῆς
940 3640 1368 3715 αὐτοκρατορίας
1427 3640 1590 3695 αὐτοῦ
1646 3643 1814 3694 ταῦτα

151 3736 237 3788 καὶ
292 3736 547 3787 τοιαῦτα·
597 3732 664 3784 τά
717 3727 775 3785 δὲ
836 3731 970 3802 μετά
1022 3734 1191 3784 ταῦτα
1245 3730 1378 3784 ποία
1434 3727 1493 3782 ἃν
1550 3729 1639 3783 καὶ
1696 3731 1812 3784 κατ’

154 3824 304 3893 ἀξίαν
366 3821 765 3894 παραστήσειεν
811 3818 1058 3894 lci-topia;
1115 3820 1304 3873 Μόνων
1363 3818 1487 3895 γὰρ,
1547 3819 1622 3881 ὡς
1671 3817 1815 3895 ὲρρέ-

156 3926 246 3982 θη,
299 3909 632 3985 ὲξεχόμενος
683 3906 1072 3983 γελωτοποιῶν
1130 3908 1219 3962 καὶ
1287 3909 1496 3981 μίμων,
1541 3909 1630 3962 καὶ
1687 3905 1814 3982 περὶ

153 4004 249 4061 τὰς
306 3995 689 4073 ἱπποδρομίας
735 3995 788 4051 εἷ’
827 4018 926 4072 περ
986 4017 1068 4058 τις
1116 3995 1286 4060 ἄλλος
1330 3997 1602 4072 κεχηνὼς,
1657 3993 1814 4071 ἔργον

161 4091 321 4162 μόνον
380 4088 673 4162 ἀναγκαῖον
731 4085 924 4147 ταύτας
978 4088 1189 4160 ἡγεῖτο,
1239 4086 1306 4141 τὰ
1362 4085 1530 4140 λοιπὰ
1585 4083 1820 4158 μηδενὸς

160 4180 318 4249 ἀξιῶν
385 4175 587 4250 λόγου,
621 4173 767 4229 ἀλλὰ
817 4171 1038 4249 δεύτερα
1095 4173 1450 4250 λογιζόμενος
1495 4179 1601 4230 τῶν
1653 4174 1818 4230 αὐτοῦ

159 4267 483 4323 ὰολάοτων
535 4261 730 4340 ἔργων.
784 4264 1098 4341 Νικηφόρον
1165 4266 1266 4341 γὰρ
1341 4265 1432 4320 τὸν
1511 4265 1818 4337 Κομνηνὸν,

160 4355 322 4427 ἄνδρα
355 4354 579 4410 συνετὸν
626 4353 715 4408 καὶ
764 4351 847 4408 ἐπ’
876 4354 1040 4428 ἀρετῇ
1090 4355 1176 4408 καὶ
1227 4351 1418 4428 ἀνδρίᾳ
1461 4349 1816 4428 βεϐοημὲνον,

163 4452 378 4525 Μηδίας
427 4451 674 4527 ἄρχοντα
715 4457 815 4521 τῆς
875 4451 968 4505 καὶ
1008 4450 1424 4527 ’Δσπρακανίας,
1474 4452 1563 4506 τὸν
1611 4452 1698 4506 καὶ
1755 4451 1822 4506 τὰ

163 4545 476 4619 πρόσχωρα
529 4539 862 4614 ὑποτάξαντα
910 4535 1060 4613 ἔθνη,
1102 4537 1172 4595 δι’
1221 4539 1394 4596 αἰτίαν
1443 4541 1536 4614 μὶν
1593 4537 1818 4616 εὔλογον

1922 3387 2150 3452 captus,
2175 3382 2278 3436 hos
2311 3383 2480 3435 unice
2511 3380 2619 3436 sibi
2655 3381 2949 3435 curandos
2980 3379 3401 3448 arbitrabatur,
3434 3379 3574 3436 reli-

1923 3485 2188 3542 quorum,
2221 3468 2375 3541 quod
2408 3484 2475 3523 ea
2527 3467 2652 3524 suis
2686 3468 2924 3540 ineptiis
2956 3484 3022 3525 ac
3053 3467 3338 3524 libinibus
3371 3472 3572 3541 poste-

1923 3557 2586 3629 rioraducebat,nullam
2611 3557 2832 3613 habens
2857 3557 3570 3630 rationem.Nicephorum

1921 3650 2309 3712 Comnenum,
2340 3650 2530 3702 virum
2585 3648 2931 3717 prudentem
2965 3646 3118 3702 482
3155 3663 3219 3701 ac
3270 3647 3484 3701 virtute
3515 3651 3574 3700 et

1924 3739 2265 3794 fortitudine
2325 3737 2628 3808 inclytum,
2688 3735 2787 3806 qui
2848 3733 3217 3806 Aspracaniaa
3266 3735 3573 3806 praefectus

1926 3828 2174 3883 ﬁnitima
2197 3827 2525 3898 subegerat,
2564 3824 2786 3880 nullam
2813 3824 2885 3879 ob
2911 3823 3138 3896 justam
3173 3839 3435 3895 causam,
3469 3824 3570 3878 sed

1922 3917 2121 3973 virtuti
2153 3916 2410 3972 hominis
2457 3915 2745 3982 invidens,
2779 3911 3106 3983 majestatis
3133 3915 3308 3980 ireum
3341 3913 3479 3969 fecit
3509 3928 3575 3967 ac

1924 4006 2251 4061 luminibus
2281 4005 2524 4059 orbavit.
2579 4005 2634 4058 Is
2662 4003 2816 4058 enim
2864 4000 3224 4073 Nicephorus
3255 4017 3409 4073 saepe
3440 4017 3576 4057 cum

1925 4097 2132 4151 vicinis
2163 4097 2221 4150 in
2256 4096 2441 4150 Media
2471 4093 2775 4149 Saracenis
2797 4109 3170 4166 congressus,
3203 4109 3337 4148 cum
3360 4091 3580 4148 videret

1928 4205 2066 4243 suos
2098 4186 2315 4241 milites
2346 4185 2499 4240 hosti
2551 4183 2802 4255 turpiter
2849 4187 3014 4256 terga
3062 4182 3334 4254 objicere,
3367 4199 3579 4254 expro-

1928 4277 2151 4332 brando
2182 4275 2266 4330 eis
2322 4272 2649 4342 mollitiem,
2683 4272 3094 4345 hortandoque
3124 4288 3196 4329 ne
3226 4273 3366 4344 fuga
3396 4271 3577 4343 turpi,

1929 4367 2026 4422 sed
2062 4365 2289 4419 fortiter
2310 4363 2623 4434 pugnando
2648 4378 2710 4417 se
2729 4367 3054 4431 tuerentur,
3084 4361 3153 4416 ad
3176 4359 3578 4416 fortitudinem

1929 4454 2220 4510 excitavit.
2272 4454 2535 4525 Cumque
2586 4453 2658 4507 ab
2692 4452 2763 4506 iis
2813 4453 2989 4506 etlam
3037 4450 3423 4522 jurejurando
3467 4447 3582 4506 sibi

1930 4543 2190 4618 promitti
2223 4545 2486 4616 posceret
2517 4558 2650 4596 cum
2674 4541 2801 4613 ipso
2832 4541 2902 4596 ad
2939 4546 3188 4596 mortem
3221 4554 3409 4612 usque
3437 4538 3582 4595 sein

166 4632 452 4705 οὐδεμίαν,
493 4637 594 4699 τῆς
671 4626 729 4685 δὲ
801 4630 995 4705 ἀρετῆς
1069 4632 1344 4705 φθονήσας
1411 4629 1812 4708 άπετόφλωσεν.

1927 4634 2154 4689 hostem
2190 4636 2576 4705 pugnaturos,
2610 4630 2828 4702 scripto
2872 4627 3068 4684 libello
3098 4629 3170 4683 ad
3202 4627 3311 4684 hoc
3341 4644 3404 4684 se
3435 4625 3581 4682 obli-

168 4720 428 4798 ἔγκλημα
473 4719 656 4790 τούτῳ
696 4720 1075 4782 καθοσιώσεως
1121 4719 1440 4795 ἐπενεγκών.
1493 4721 1666 4781 Οὗτος
1716 4721 1820 4796 γὰρ

167 4810 446 4873 πολλάκις
527 4806 982 4880 συμπλεκόμενος
1047 4813 1164 4870 τοῖς
1241 4808 1470 4884 γείτοσιν
1527 4809 1577 4864 ἐν
1638 4806 1824 4880 Μηδίᾳ

172 4901 541 4973 Σαριτκηνοῖς,
588 4896 677 4952 καὶ
725 4897 854 4961 τοὺς
903 4895 1094 4952 ἑαυτοῦ
1153 4899 1484 4972 στρατιώτας
1533 4897 1826 4971 μαλακιζο·

175 4991 368 5060 μένους
409 4988 556 5063 ὁρῶν
609 4985 698 5041 καὶ
739 4987 810 5041 τά
882 4991 1027 5042 νῶτα
1079 4985 1370 5063 στέφοντας
1425 4987 1678 5061 ἀκόσμως
1733 4987 1824 5042 καὶ

174 5079 497 5154 οεείνγοντας,
531 5075 620 5129 καὶ
668 5075 736 5130 τὰ
789 5075 883 5147 μὲν
929 5073 1230 5146 ὀνειδίζων,
1275 5078 1341 5130 τὰ
1387 5073 1443 5130 δι
1495 5076 1585 5131 καὶ
1647 5097 1824 5149 παρα-

169 5166 356 5221 καλῶν
394 5165 471 5237 μὴ
501 5163 643 5217 οὕτω
675 5163 892 5241 φεύγειν
935 5164 1202 5240 αἰσχρῶς,
1235 5163 1363 5220 ἀλλ’
1387 5163 1637 5229 ’ίστασθαι
1692 5167 1828 5221 κατᾶ

173 5259 278 5309 τῶν
362 5251 676 5308 ἀντιπάλων
745 5254 1046 5328 γενναίως,
1119 5249 1296 5308 ἔπεισε
1366 5256 1825 5330 συγκαταθέσθαι.

174 5355 260 5413 Ὠς
293 5350 356 5407 δὲ
385 5351 476 5406 καὶ
521 5351 815 5424 ἐνωμότως
853 5353 949 5421 τὴν
1001 5353 1283 5416 κατάθεσιν
1334 5347 1626 5428 βεϐαιῶσαι
1670 5355 1826 5419 οὗτος

181 5444 401 5513 ἀπῄτει,
462 5439 544 5495 ὅτι
603 5440 699 5495 σὺν
754 5441 900 5513 αὐτῷ
966 5445 1248 5504 θανοῦνται
1328 5442 1634 5517 μαχόμενοι
1691 5445 1828 5519 πρὸς

178 5532 303 5593 τοὺς
355 5527 678 5602 πολεμίους,
727 5530 998 5606 ἔγγραφον
1062 5527 1388 5586 ἐκδεδώκασι
1436 5540 1829 5608 γραμματεῖον,

183 5619 691 5692 παλαμναιοτάταις
751 5619 903 5694 ἀραῖς
960 5621 1048 5676 καὶ
1123 5618 1582 5700 φρικωδεστάτοις
1648 5625 1833 5701 ὅρκοις

185 5707 635 5784 εμπεδωσάμενοι
694 5717 884 5782 στῆναι
934 5708 1232 5787 ῥωμαλίως
1298 5709 1350 5766 ἂν
1416 5715 1486 5787 τῇ
1546 5713 1831 5790 παρατάξει

1931 4740 2159 4796 gavere,
2181 4722 2240 4776 in
2265 4738 2378 4792 quo
2401 4719 2715 4775 dirissimis
2746 4735 2873 4774 sese
2899 4717 3260 4772 devovebant
3290 4715 3584 4788 impreca—

1935 4813 2212 4879 tionibus,
2237 4811 2351 4865 nisi
2373 4810 2596 4864 fortiter
2616 4809 2673 4862 in
2700 4823 2897 4880 pugna
2913 4809 3138 4860 starent
3159 4809 3216 4860 et
3237 4804 3307 4858 ad
3334 4806 3584 4857 mortem

1934 4916 2123 4972 usque
2166 4915 2298 4955 cum
2350 4899 2496 4953 duce
2545 4899 3002 4969 perseverarent.
3049 4894 3168 4950 Hoc
3221 4891 3321 4947 ubi
3355 4889 3587 4947 rescivit

1934 4989 2375 5054 Constantinus,
2396 4986 2554 5041 illico
2578 4985 2993 5057 magistratum
3007 4983 3302 5040 Comneno
3316 4981 3584 5050 abrogat,

1938 5091 2033 5144 red
2045 5094 2362 5158 uetumque
2378 5083 2580 5156 Cpolin
2605 5083 2661 5136 in
2677 5081 2893 5153 iudicio
2907 5080 3362 5153 conspirationis
3384 5081 3586 5134 contra

1935 5179 2349 5250 imperatorem
2385 5177 2644 5237 accusat,
2668 5173 3059 5241 damnatoque
3089 5167 3354 5224 criminis
3385 5165 3587 5224 oculos

1939 5268 2110 5324 eruit.
2149 5265 2343 5320 Bardze
2373 5266 2550 5319 etiam
2584 5260 2848 5333 patricio,
2875 5259 3061 5315 Barda
3093 5258 3375 5329 magistro
3398 5256 3590 5313 Phoca

1943 5362 2247 5428 prognato,
2279 5353 2546 5408 infensus
2580 5367 2645 5406 ac
2677 5347 2975 5405 nonnullis
3005 5347 3158 5418 aliis,
3191 5362 3368 5418 opera
3395 5345 3592 5416 cujus-

1941 5447 2077 5500 dam
2111 5443 2564 5499 domcsticorum
2599 5456 2840 5495 suorum
2865 5435 3358 5492 calumniatorum
3390 5435 3590 5492 dolum

1943 5535 2141 5599 nectit,
2158 5537 2579 5603 accusatosque
2604 5528 2954 5584 insidiarum
2978 5524 3316 5598 imperatori
3338 5529 3590 5582 structa-

1943 5641 2074 5681 rum
2107 5622 2309 5679 statim
2333 5619 2520 5676 oculis
2545 5618 2775 5675 multat.
2799 5617 2918 5673 Sub
2940 5617 2997 5673 id
3022 5620 3258 5689 tempus
3288 5618 3589 5688 Naupacto

1945 5716 2190 5790 praeerat
2239 5710 2546 5784 Georgius,
2580 5725 2752 5782 quem
2800 5709 2874 5763 ob
2905 5705 3086 5763 animi
3133 5704 3592 5764 inconstantiam
