4070 6334
457 374 577 436 215

1799 367 2116 431 GEORGII
2159 366 2501 427 CEDHENI

3742 363 3864 423 216

450 505 999 578 Merogeorgium,id
1019 508 1110 561 est
1126 501 2096 576 fatuumGeorgium,appellabant.

2239 496 2305 551 ιαὶ
2365 497 2652 551 ἀποθανεῖν
2711 494 2802 549 σὺν
2860 499 2940 567 τῷ
3000 499 3307 571 στρατηγῷ.
3342 497 3518 551 Τοῦτο
3577 494 3652 555 ὡς
3696 492 3866 562 ἦλθεν

452 596 506 651 Is
536 612 667 650 cum
699 595 1024 667 oppidanos
1056 599 1289 650 vexaret
1332 610 1547 665 eosque
1578 610 1645 647 ex
1675 592 1826 647 483
1860 589 2102 646 actioni-

452 682 562 738 bus
589 682 1008 738 commentitiis
1040 699 1105 737 ac
1151 681 1592 737 continentibus
1623 685 1915 748 attereret,
1950 679 2101 733 sedi-

448 773 606 828 tione
635 773 915 828 adversus
936 772 1133 844 ipsum
1164 771 1723 828 coortainterfectus
1740 776 1854 838 est,
1877 778 1934 825 et
1954 770 2107 823 bona

449 860 577 932 ejus
608 861 852 931 direpta.
903 864 1226 932 Imperator
1276 877 1390 915 non
1423 865 1690 915 auctores
1722 860 1897 914 modo
1931 857 2106 913 caedis

450 948 766 1006 crudeliter
796 949 1011 1022 puniit,
1046 951 1147 1005 sed
1182 954 1239 1004 et
1269 948 1383 1020 ipsi
1421 964 1654 1003 summo
1687 947 1946 1019 pontiﬁci
1980 948 2107 1017 ejus

451 1038 615 1093 urbis
665 1040 867 1094 oculos
913 1039 1132 1093 eli‘odit.
1183 1037 1430 1092 Romani
1476 1038 1619 1093 Duri
1672 1037 1813 1105 ﬁlio,
1864 1036 2106 1107 patricio

448 1127 972 1196 Basilio,adversus
990 1127 1733 1197 PrusianumBulgarorum
1756 1125 2107 1198 magistrum

449 1232 515 1271 ao
538 1216 995 1273 bueellariorum
1027 1218 1367 1289 praefectum
1391 1216 1599 1271 incidit
1631 1218 1949 1285 contentio,
1972 1231 2109 1269 ven-

450 1310 697 1377 tumque
724 1311 814 1361 est
842 1307 1018 1360 etiam
1069 1306 1141 1359 ad
1195 1320 1477 1376 pugnam.
1529 1306 1653 1370 Qua
1683 1322 1782 1359 eos
1814 1303 2111 1359 discordia

450 1393 509 1448 in
536 1395 767 1466 imperii
789 1394 1157 1465 majestatem
1195 1394 1571 1465 impudenter
1602 1393 1925 1464 deliquisse
1948 1392 2111 1463 judi-

452 1500 615 1551 cans,
648 1483 894 1539 alterum
943 1483 1003 1537 in
1035 1483 1294 1551 Oxeiam,
1336 1483 1392 1536 id
1429 1488 1518 1538 est
1548 1488 1801 1551 acutam,
1836 1482 2109 1551 insulam,

454 1572 703 1628 alterum
728 1573 786 1627 in
809 1571 1033 1628 Platam
1058 1572 1349 1643 relegavit.
1373 1572 1443 1627 Et
1465 1571 1638 1642 paulo
1668 1578 1797 1644 post
1828 1570 2111 1628 Basiliam

456 1661 719 1717 delatum
751 1663 906 1733 quod
956 1662 1155 1734 fugam
1204 1666 1361 1717 esset
1409 1662 1751 1731 meditatus,
1783 1660 2110 1716 excaecavit.

457 1751 835 1816 Prusianum,
863 1766 997 1805 cum
1034 1750 1082 1804 is
1115 1766 1347 1821 quoque
1372 1749 1430 1803 in
1465 1750 1792 1820 periculum
1824 1750 1893 1804 de
1925 1748 2113 1804 oculis

455 1839 583 1896 suis
613 1839 892 1905 venisset,
927 1839 1181 1894 missum
1216 1838 1375 1893 fecit.
1408 1837 1621 1894 Oculos
1652 1842 1807 1893 eruit
1836 1844 2114 1910 praeterea

454 1933 716 1985 Romano
763 1933 1023 1992 Curcuaa,
1059 1929 1160 1999 qui
1211 1944 1470 1983 sororem
1505 1928 1774 1983 Prusiani
1818 1928 1876 1982 in
1911 1928 2111 1982 matri-

455 2019 651 2075 monio
679 2017 952 2088 habebat,
976 2016 1484 2087 Bogdano,Glabzs
1512 2016 1808 2073 etGudeli.
1833 2016 2117 2089 Linguam

456 2109 633 2164 etiam
667 2107 933 2178 praecidit
960 2107 1252 2161 Zachariaz
1302 2107 1478 2161 Baetae
1529 2105 1815 2162 Theudati
1848 2112 2116 2178 cognato,

455 2202 831 2253 commentus
864 2212 964 2251 eos
996 2194 1109 2251 sibi
1139 2194 1386 2250 insidias
1418 2195 1723 2252 struxisse.

2143 1885 2189 1949 B

2216 585 2290 648 εἷς
2347 588 2460 640 ὦτα
2509 590 2606 640 τοῦ
2666 584 3093 652 Κωνσταντίνου,
3152 582 3484 659 παραλύεται
3547 584 3640 655 μὶν
3699 581 3863 644 εὐθὺς

2213 683 2310 745 τῆς
2362 676 2541 750 ἀρχῆς
2599 676 2626 728 ὁ
2673 673 2990 751 Νικηφόρος
3038 673 3128 728 καὶ
3178 673 3253 735 εἷς
3282 674 3379 741 τὴν
3444 670 3697 748 βασιλίδα
3749 671 3863 727 εἴση-

2214 763 2424 838 άγεται,
2502 762 2784 839 κριττςριόν
2857 783 2915 817 τε
2985 762 3076 817 καὶ
3146 764 3300 837 βῆμα
3375 763 3534 835 ἦρτο,
3602 761 3691 816 καὶ
3764 783 3867 816 κα-

2212 852 2553 922 ταδικάζεται
2635 853 2709 913 ὡς
2786 853 3227 924 συνομοσάμενος
3311 852 3444 906 κατὰ
3526 858 3625 919 τῆς
3708 852 3863 925 βασι-

2218 942 2389 1011 λείας,
2421 942 2510 997 καὶ
2568 942 2664 1005 τὰς
2720 938 2872 1015 ὄψεις
2927 946 3220 1011 πηροῦται.
3280 943 3361 1014 [Ρ.
3409 943 3536 1014 721]
3584 942 3864 1015 Ἐγκοτῶν

2219 1030 2276 1088 δὲ
2331 1033 2419 1087 καὶ
2476 1029 2658 1107 Βάρδᾳ
2708 1030 2979 1105 πατρικίῳ
3033 1035 3111 1102 τῷ
3153 1028 3361 1106 ἐκγόνῳ
3409 1034 3504 1085 τοῦ
3566 1030 3869 1106 μαγίστρου

2219 1124 2397 1192 Βάρδα
2421 1126 2515 1176 τοῦ
2547 1125 2714 1175 Φωκᾶ
2762 1121 2851 1175 καί
2896 1142 3034 1176 τισιν
3075 1117 3292 1192 ἄλλοις,
3326 1118 3511 1196 ῥάπτει
3571 1117 3660 1174 δια
3714 1140 3871 1181 τινος

2216 1216 2324 1266 τῶν
2370 1208 2864 1287 παρατρεφομένων
2916 1214 3263 1282 συκοφαντῶν
3315 1206 3630 1285 τυραννίδος
3686 1209 3872 1272 into:-

2221 1322 2303 1355 σιν
2335 1301 2451 1355 κατ’
2486 1299 2673 1355 αὐτοῦ.
2705 1298 2793 1353 καὶ
2827 1296 2981 1361 εὐθὺς
3014 1297 3323 1376 ἀποτυφλοῖ
3351 1302 3540 1353 τοῦτον
3597 1298 3687 1352 καὶ
3741 1298 3875 1359 τοὺς

2219 1383 2715 1458 συνδιαϐληθέντας
2760 1385 2926 1459 αὐτῷ.
2989 1388 3089 1444 Καὶ
3151 1386 3386 1449 στάσεως
3446 1384 3503 1441 δέ
3570 1385 3877 1461 γενομένης

2220 1476 2272 1532 ἐν
2299 1482 2367 1550 τῇ
2401 1479 2711 1549 Ναυπάκτῳ
2760 1476 2898 1531 κατὰ
2956 1475 3226 1552 Γεωργίου
3280 1480 3377 1531 τοῦ
3436 1478 3872 1550 στρατηγοῦντος

2221 1568 2411 1637 αὐτῆς,
2446 1568 2502 1621 ’ὀν
2547 1567 2634 1621 καὶ
2689 1566 3122 1642 Μωρογεώργιον
3175 1563 3401 1621 ἐκάλουν
3454 1562 3543 1619 διὰ
3591 1565 3653 1619 τὸ
3711 1563 3873 1618 ἄστα-

2218 1678 2311 1713 τον
2342 1660 2444 1722 τῆς
2500 1656 2750 1731 γνώμης,
2782 1656 3077 1730 ἀναιρεῖται
3132 1656 3226 1727 μὲν
3288 1656 3315 1709 ὁ
3367 1654 3686 1729 στρατηγὸς,
3722 1650 3879 1727 διαρ-

2221 1748 2451 1815 πάζουσι
2483 1743 2539 1800 δὲ
2568 1746 2657 1800 καὶ
2688 1746 2756 1799 τὰ
2794 1743 3066 1821 προσόντα
3109 1745 3283 1798 πάντα
3330 1743 3496 1817 αὐτῷ,
3528 1742 3711 1806 κακῶς
3758 1739 3881 1797 δια-

2222 1837 2504 1910 τιθέμενος
2532 1836 2654 1911 περὶ
2684 1834 2812 1896 τοὺς
2856 1833 3164 1909 ἐγχωρίους
3210 1833 3300 1888 καὶ
3349 1831 3654 1907 εἴσπράξεσι
3715 1853 3882 1888 σεπο·

2228 1927 2511 2004 φισμέναις
2542 1926 2635 1979 καὶ
2684 1924 2932 1999 συνεχέσι
2985 1922 3212 1986 τούτους
3262 1918 3582 1999 συντρίϐων.
3613 1924 3675 1980 Ὀ
3720 1922 3885 1999 βασι-

2228 2014 2355 2077 λεὺς
2387 2012 2445 2069 δὲ
2476 2014 2536 2069 οὐ
2584 2015 2747 2087 μόνον
2797 2012 2923 2075 τοὺς
2967 2011 3172 2075 αἰτίους
3222 2012 3444 2082 ἀπηνῶς
3500 2010 3727 2067 ἐκόλασε
3783 2015 3886 2066 τοῦ

2227 2105 2415 2181 φόνου,
2447 2101 2591 2160 ἀλλὰ
2636 2102 2724 2158 καὶ
2768 2101 2928 2157 αὐτὸν
2968 2102 3059 2156 τὸν
3095 2102 3357 2177 ἀρχιερέα
3395 2108 3493 2172 τῆς
3548 2102 3885 2157 Ναυπάκτου

2228 2192 2556 2272 ἐτύφλωσεν.
2597 2194 2657 2249 Ὁ
2709 2190 2765 2247 δὲ
2810 2196 2905 2247 τοῦ
2957 2190 3216 2266 Σκληροῦ
3264 2193 3549 2264 Ῥωμανοῦ
3606 2191 3722 2252 υἱὸς
3775 2197 3887 2245 Βα-

459 2281 664 2343 σίλειος
720 2282 1031 2356 πατρίκιος,
1074 2279 1428 2355 προσκρούων
1483 2286 1563 2353 τῷ
1632 2280 1915 2357 μαγίστρῳ
1973 2286 2299 2358 Ηρουσιανῷ
2353 2286 2432 2353 τῷ
2489 2280 2790 2357 Βουλγάρῳ
2841 2283 3236 2354 στρατηγοῦντι
3299 2276 3713 2355 βουκελλαρίων
3742 2280 3886 2352 (72),

458 2370 513 2433 ἐς
568 2374 828 2424 τοσοῦτον
886 2371 1146 2445 προήχθη
1207 2369 1424 2443 τόλμης
1484 2372 1557 2432 ὡς
1589 2371 1676 2425 καὶ
1709 2368 1797 2425 διὰ
1846 2373 2030 2447 μάχης
2068 2371 2247 2444 τούτῳ
2278 2370 2473 2427 ἐλθεῖν.
2507 2371 2721 2425 Τούτων
2752 2371 2850 2438 τήν
2878 2367 3095 2439 διένεξιν
3127 2374 3524 2431 Κωνσταντῖνος
3554 2369 3582 2422 ὁ
3625 2366 3891 2443 βασιλεὺς

462 2458 849 2534 ἀναισχυντίαν
881 2459 1080 2534 κρίνων
1113 2460 1249 2513 κατᾶ
1276 2467 1375 2529 τῆς
1411 2459 1684 2535 βασιλείας
1718 2462 1802 2515 καὶ
1838 2458 2003 2538 ἄμφω
2038 2461 2364 2537 ὑπερορίζει,
2396 2462 2485 2515 τὸν
2523 2461 2618 2533 μὲν
2657 2461 2707 2514 ἐν
2757 2463 2825 2535 τῇ
2854 2460 3032 2529 Ὀξείᾳ
3068 2460 3221 2530 νήσῳ
3270 2461 3405 2532 (73),
3438 2458 3527 2513 τὸν
3589 2455 3647 2513 δὲ
3701 2456 3755 2513 ἐν
3809 2461 3887 2531 τῇ

463 2546 673 2620 Πλάτῃ.
708 2550 855 2603 Μετά
917 2549 1107 2624 μικρὸν
1170 2547 1227 2603 δὲ
1282 2551 1373 2604 τὸν
1425 2551 1517 2622 μὲν
1578 2549 1879 2622 Βασίλειον,
1907 2550 2342 2626 κατηγορηθέντα
2387 2551 2461 2610 ὡς
2514 2547 2599 2619 εἷή
2633 2547 2926 2626 ἀπόδρασιν
2964 2547 3229 2621 μελετῶν,
3263 2548 3637 2627 ἀπετύφλωσε,
3669 2548 3764 2603 τὸν
3827 2546 3892 2603 δὲ

462 2637 793 2711 Προυσιανὸν
842 2642 1039 2713 μικροῦ
1099 2634 1207 2691 δεῖν
1268 2642 1429 2691 τοῦτο
1478 2637 1608 2692 αὐτὸ
1664 2640 1937 2703 πείσεσθαι
1988 2636 2370 2693 κινδυνεύοντα
2421 2636 2817 2714 ἠλευθέρωσεν.
2853 2636 3166 2715 Ἐτύιρλωσε
3219 2633 3277 2691 δὲ
3321 2636 3411 2691 καὶ
3470 2637 3742 2709 Ῥωμανὸν
3792 2636 3894 2690 τὸν

467 2725 802 2802 Κουρκούαν,
833 2724 916 2781 ἐπ’
951 2724 1159 2804 ἀδελφῇ
1192 2722 1319 2781 ὄντα
1348 2722 1594 2801 γαμϐρὸν
1626 2732 1720 2781 τοῦ
1750 2730 2087 2802 ΙΙρουσιανοῢ
2120 2727 2209 2783 καὶ
2261 2728 2351 2782 τὸν
2412 2725 2686 2802 Βογδάνον
2746 2728 2833 2783 καὶ
2890 2727 2977 2781 τὸν
3034 2720 3245 2781 Γλαϐἆν
3295 2726 3383 2781 καὶ
3439 2727 3531 2781 τὸν
3582 2723 3890 2795 Γουδέλην.

469 2814 969 2891 Ἐγλωσσοτόμησε
996 2812 1051 2868 δὶ
1081 2816 1170 2869 καὶ
1200 2815 1290 2870 τὸν
1327 2817 1564 2891 μοναχὸν
1599 2816 1869 2891 Ζαχαρίαν
1898 2819 2010 2890 (74)
2044 2817 2133 2871 τὸν
2178 2822 2406 2893 συγγενῆ
2462 2820 2558 2871 τοῦ
2616 2817 2811 2871 Βέστου
2868 2812 3158 2883 Θευδάτου,
3193 2813 3607 2879 συσκευάσασθαι
3657 2812 3896 2875 τούτους

462 2902 812 2977 πλασάμενος
840 2905 957 2959 κατ’
986 2905 1175 2961 αὐτοῦ.

552 2996 672 3051 Hoc
715 3012 867 3051 anno
920 2996 1233 3051 Patzinaeaa
1290 2994 1629 3067 irruperunt
1674 2996 1734 3051 in
1765 2996 2126 3068 Bulgariam,

473 3090 532 3142 et
560 3083 849 3158 plurimos
879 3082 1171 3151 homines,
1191 3085 1369 3139 duces
1392 3101 1457 3139 ac
1489 3085 1757 3140 cohortes
1788 3087 2129 3141 occiderunt

469 3191 537 3231 ac
568 3173 1084 3247 ceperunt.Itaque
1115 3173 1534 3230 Constantinus
1565 3174 1761 3229 Sirmii
1810 3177 2124 3246 Diogenem

470 3264 811 3336 prafectum
849 3262 1128 3330 Bulgaria
1179 3264 1387 3318 ducem
1423 3268 1619 3331 creat;
1673 3265 1771 3335 qui
1806 3281 1958 3335 saepe
1990 3281 2125 3320 cum

472 3354 545 3407 iis
574 3351 911 3424 palantibus
942 3352 1257 3407 commissa
1280 3369 1474 3424 pugna
1506 3369 1604 3407 eos
1640 3353 2128 3425 fudit,coegitque

474 3442 719 3512 trajecto
752 3444 901 3496 Istro
944 3440 1260 3511 quiescere.
1313 3446 1455 3496 Tota
1487 3442 1640 3497 484
1688 3443 1864 3497 etiam
1898 3442 2128 3513 imperii

476 3530 606 3599 eius
632 3535 894 3601 tempore
927 3530 1184 3585 maxima
1234 3531 1342 3584 fuit
1373 3530 1628 3597 siccitas,
1660 3538 2128 3601 exarueruntque

476 3618 657 3674 etiam
718 3618 908 3674 fontes
976 3635 1261 3689 perennes
1316 3626 1373 3673 et
1438 3620 1702 3675 ﬂumina.
1769 3620 2128 3690 Pauperibus

470 3723 717 3780 parcens
749 3707 1000 3763 Basilius
1048 3707 1350 3779 publicum
1400 3710 1690 3763 tributum
1741 3708 1953 3765 solitus
1996 3714 2119 3763 erat

471 3814 584 3854 non
620 3798 689 3852 ad
723 3797 878 3852 diem
928 3797 1153 3853 dictum
1202 3798 1450 3868 exigere,
1485 3799 1585 3853 sed
1640 3798 1974 3854 dilationem
2010 3798 2117 3852 ali-

474 3902 653 3958 quam
724 3887 1077 3951 concedere;
1138 3903 1252 3956 quo
1313 3888 1529 3941 factum
1598 3895 1659 3941 ut
1716 3903 1780 3942 eo
1842 3887 2126 3942 moriente

472 3976 725 4031 duorum
745 3992 1037 4029 annorum
1062 3975 1347 4028 tributum
1368 3975 1698 4030 deberetur.
1715 3976 1838 4030 Non
1859 3976 1913 4029 id
1932 3976 2127 4038 modo,

474 4064 575 4120 sed
619 4069 676 4119 et
722 4063 904 4118 trium
955 4063 1389 4133 insequentium
1442 4070 1552 4131 (tot
1595 4066 1750 4118 enim
1802 4066 2131 4136 imperavit)

478 4168 770 4207 annorum
822 4151 1109 4206 tributum
1163 4151 1355 4223 exegit
1401 4151 1866 4221 Constantinus;
1911 4170 2027 4224 qua
2074 4170 2135 4209 re

482 4257 599 4295 non
648 4239 815 4310 egeni
870 4245 1100 4294 tantum
1152 4240 1253 4294 sed
1312 4246 1370 4295 et
1418 4240 1678 4310 opulenti
1738 4242 1923 4297 attriti
1971 4250 2133 4311 sunt,

483 4329 730 4384 triennio
753 4326 1014 4397 quinque
1037 4344 1325 4382 annorum
1349 4329 1598 4399 pendere
1621 4332 1800 4385 coacti
1825 4332 2133 4387 tributum-

483 4419 561 4474 Ea
589 4422 940 4488 tempestate
968 4414 1178 4471 classis
1228 4420 1626 4487 Agarenorum
1663 4418 1939 4490 Cyclades
1970 4419 2135 4475 insu-

484 4507 574 4562 las
605 4506 841 4561 invasit.
876 4506 1015 4560 Eam
1049 4506 1210 4560 Sami
1243 4510 1456 4577 praetor
1484 4507 1766 4579 Georgius
1800 4509 2139 4564 Theodoro-

485 4613 670 4653 canus
700 4611 767 4651 ac
806 4594 1078 4650 Periboes
1125 4594 1252 4651 Chii
1285 4596 1592 4667 praefectus
1642 4598 1829 4652 adorti
1862 4599 2141 4671 profliga-

486 4690 645 4754 runt,
673 4684 862 4755 captis
910 4684 1219 4739 duodecim
1254 4685 1501 4740 navibus
1552 4702 1684 4740 cum
1721 4687 1865 4759 ipsis
1896 4690 2139 4743 vectori-

489 4776 619 4845 bus,
651 4789 719 4829 ac
750 4771 995 4845 reliquis
1027 4773 1352 4845 dissipatis.

2307 2995 2497 3068 Τούτῳ
2552 3000 2631 3067 τῷ
2690 2994 2793 3051 ἔτει
2851 2997 2938 3051 καὶ
3000 2995 3327 3065 Πατζινάκαι
3385 2987 3642 3061 εἰσϐολὴν
3702 2991 3906 3063 ἐποιή-

2237 3105 2396 3139 σαντο
2427 3086 2563 3139 κατά
2589 3083 2941 3160 Βουλγαρίας,
2973 3085 3061 3139 καὶ
3092 3083 3350 3139 πλεῖστον
3391 3081 3520 3138 λαὸν
3562 3081 3651 3136 καὶ
3697 3101 3899 3155 στρατ-

2236 3173 2411 3247 ηγοὺς
2466 3172 2556 3227 καὶ
2604 3175 2997 3248 ταγματάρχας
3051 3171 3277 3252 ἔσφαξαν
3355 3171 3445 3226 καὶ
3523 3169 3845 3246 ἐζώγρησαν
3885 3190 3899 3203 ·

2238 3260 2376 3317 διὸὸ
2413 3261 2667 3337 βασιλεὺς
2727 3265 3133 3325 Κωνσταντῖνος
3188 3262 3282 3318 τὸν
3336 3260 3587 3334 Διογένην
3647 3258 3903 3334 ἄρχοντα

2239 3352 2474 3426 Σιρμίου
2509 3353 2825 3427 ὑπάρχοντα
2865 3353 2953 3405 καὶ
2987 3350 3154 3407 δοῦκα
3182 3358 3281 3421 τῆς
3318 3346 3657 3424 Βουλγαρίας
3706 3349 3902 3419 ἐποίη-

2238 3463 2347 3509 σεν,
2381 3443 2440 3502 ’ὀς
2497 3438 2838 3513 συμπλακεὶς
2892 3439 3162 3502 πολλάκις
3223 3440 3405 3502 αὐτοῖς
3466 3435 3899 3513 διεσπαρμένοις

2240 3531 2496 3605 ἐτρέψατο
2554 3530 2644 3584 καὶ
2721 3530 2993 3605 ἠνάγκασε
3059 3532 3456 3606 περαιωθέντας
3528 3528 3616 3581 τὸν
3677 3533 3898 3602 Ἵστρον

2237 3620 2472 3694 ἡσυχίαν
2506 3617 2675 3694 ἄγειν.
2714 3620 2958 3693 Ἐγένετο
3015 3617 3072 3674 δὲ
3123 3621 3210 3675 καὶ
3269 3618 3349 3694 ἐφ’
3399 3616 3562 3679 ὅλους
3611 3616 3739 3678 τοὺς
3800 3625 3908 3687 τῆς

2244 3708 2522 3783 βασιλείας
2552 3708 2715 3763 αὐτοῦ
2762 3708 2990 3783 χρόνους
3052 3708 3299 3783 μέγιστος
3348 3706 3584 3782 αὐχμὸς,
3617 3706 3693 3768 ὡς
3756 3706 3909 3761 ἀπο-

2230 3801 2557 3873 ξηρανοῆναι
2589 3798 2684 3858 τὰς
2718 3799 2967 3859 ἀεννάους
3006 3797 3183 3872 πηγὰς
3239 3797 3329 3851 καὶ
3387 3797 3517 3857 τοὺς
3575 3794 3899 3866 ποταμούς·

2233 3891 2338 3941 Τοῦ
2373 3885 2638 3961 βασιλέως
2672 3884 2729 3941 δὲ
2781 3884 3070 3941 Βααιλείου
3121 3883 3302 3964 (ξειδοῖ
3360 3890 3466 3940 τῶν
3508 3886 3755 3954 πενήτων
3820 3886 3907 3956 μή

2242 3974 2500 4050 ἐγκαίρως
2550 3976 2645 4037 τὰς
2715 3973 2985 4046 δημοσίας
3046 3974 3514 4052 εἷσπραττομένου
3569 3971 3908 4042 συντελείας,

2242 4062 2368 4119 ἀλλ’
2399 4064 2691 4139 ἀνακωχην
2725 4063 2815 4118 καὶ
2845 4064 3211 4138 ὑπερημερίαν
3264 4061 3510 4125 διδόντος
3558 4067 3677 4123 ταῖς
3736 4061 3908 4116 ἀπαι-

2242 4156 2477 4225 τήσεσιν,
2526 4152 2730 4209 ἐκείνου
2779 4152 3201 4224 τελευτήσαντος
3250 4148 3448 4223 συνέϐη
3495 4150 3591 4207 δύο
3641 4149 3910 4207 ἐνιαυτῶν

2246 4243 2445 4320 φόρους
2515 4238 2589 4297 ἔτι
2654 4244 2965 4317 ἠρτῆσθαι⁹
3028 4242 3121 4304 οὓς
3180 4243 3209 4297 ὁ
3265 4246 3667 4297 Κωνσταντῖνον
3741 4240 3911 4304 εὐθὺς

2249 4331 2613 4406 εἰσεπράξατο.
2651 4330 3018 4405 Εἷσεπράξατο
3052 4329 3108 4386 δὲ
3163 4331 3253 4386 καὶ
3308 4332 3416 4385 τῶν
3478 4331 3673 4403 ἑτέρων
3732 4334 3910 4404 τριῶν

2248 4421 2501 4475 ἐνιαυτῶν
2534 4419 2607 4489 (ἐς
2635 4425 2891 4475 τοσοῦτον
2926 4421 3027 4494 γὰρ
3080 4420 3277 4495 χρόνον
3339 4422 3373 4489 ἡ
3430 4420 3575 4495 ἀρχὴ
3626 4416 3773 4489 αὐτῷ
3829 4416 3915 4488 ἐξ-

2250 4510 2457 4580 ετάθη),
2488 4509 2577 4563 καὶ
2610 4504 2995 4584 συνετρίϐησαν
3035 4509 3146 4584 οὐχ
3202 4509 3253 4563 οἱ
3306 4509 3533 4579 πένητες
3591 4506 3755 4580 μόνον
3813 4509 3913 4561 καὶ

2250 4595 2637 4674 ἄποροι,ἁλλὰ
2667 4597 2756 4652 καὶ
2784 4598 2839 4651 οἱ
2889 4597 3135 4673 εὐπόρως
3182 4593 3426 4672 ἔχοντες,
3478 4594 3529 4651 ἐν
3577 4594 3719 4669 τρισὶ
3774 4594 3915 4669 χρόο

2250 4708 2365 4750 νοις
2410 4687 2567 4741 πέντε
2623 4685 2994 4763 παρασχόντες
3058 4684 3453 4762 δασμοφορίας.
3490 4682 3745 4757 Ἐξῆλθεν
3808 4682 3912 4737 οὖν

2252 4778 2340 4831 καὶ
2382 4773 2575 4837 στόλος
2609 4776 2928 4850 Ἀγαρηνῶν
2986 4775 3121 4831 κατά
3172 4780 3281 4829 τῶν
3340 4770 3641 4833 Κυκλάδων
3698 4773 3910 4841 νήσων

487 4865 570 4927 οἷς
602 4859 943 4935 συμπλακεὶς
976 4861 1003 4914 ὁ
1036 4862 1339 4936 στρατηγὸς
1374 4864 1561 4935 Σάμου
1594 4866 1870 4939 Ιέώργιος
1904 4866 1931 4919 ὁ
1958 4863 2390 4941 Θεοδωροκάνος,
2424 4869 2646 4937 [P.732]
2680 4868 2794 4939 ἁμα
2822 4860 3057 4940 Βεριϐόῃ
3083 4870 3165 4939 τῷ
3198 4868 3583 4942 στρατηγοῦντι
3612 4868 3712 4933 τῆς
3743 4864 3913 4935 Χίου,

486 4950 769 5029 ἰτρέψατο,
792 4949 883 5006 καὶ
912 4947 1123 5005 δώδεκα
1157 4950 1251 5024 μὲν
1277 4949 1547 5027 αὔτανδρα
1579 4953 1713 5017 εἷλε,
1746 4956 1813 5008 τα
1844 4951 1901 5007 δὲ
1931 4952 2098 5008 λοιπὰ
2131 4952 2486 5010 διεσκέδασεν.

1678 5054 2056 5109 XYLANDRI
2098 5055 2186 5109 ET
2224 5054 2441 5127 GOAltI
2480 5053 2710 5111 NOT/E.

560 5141 671 5208 (72)
739 5140 1178 5213 Bucellarziorum
1235 5157 1363 5196 esse
1422 5142 1778 5213 provinciam
1840 5144 2144 5197 contendit

494 5212 855 5285 Pancirollus
888 5213 947 5266 in
982 5212 1112 5267 Not.
1148 5213 1291 5283 imp.
1326 5230 1376 5269 c.
1424 5212 1510 5267 7.7.
1548 5215 1732 5285 Negat
1760 5214 2048 5283 lligaltius
2083 5214 2141 5269 in

491 5284 654 5338 'l‘act.
691 5284 917 5353 Lexico,
963 5290 1020 5338 et
1068 5285 1444 5351 Burellarum,
1500 5284 1745 5341 annonas
1798 5286 2014 5340 clarius
2063 5287 2143 5339 di-

490 5372 639 5428 cam.
671 5356 1389 5428 meonomos,7provisores
1417 5358 1842 5428 portitoresque
1876 5359 2029 5411 facit.
2054 5358 2141 5412 Illi

497 5425 797 5498 lubentius
830 5427 1121 5481 assentior
1155 5443 1166 5481 :
1198 5444 1329 5481 nam
1367 5428 1601 5483 Galatas
1653 5447 1718 5481 ac
1750 5425 2144 5498 'Gullogrmcos

497 5496 655 5551 soliti
690 5499 924 5552 fuerunt
950 5500 1309 5553 exercituum
1334 5501 1511 5553 duces
1545 5501 1884 5554 liuicollicio
1920 5496 2142 5554 manci-

499 5583 675 5639 pare;
711 5570 865 5623 unde
896 5570 1116 5625 factum
1154 5575 1218 5622 ut
1252 5587 1493 5624 annonae
1528 5571 1803 5637 ministri,
1838 5572 2143 5626 Bucellarii

502 5636 739 5766 Gealagaa,
771 5640 1084 5697 videantur
1102 5640 1277 5697 ofﬁcii
1308 5641 1399 5696 sui
1434 5659 1645 5699 nomen
1680 5636 1876 5715 patriae
1908 5644 2143 5699 tribuis-

503 5726 531 5765 s
575 5749 588 5763 .
670 5728 798 5766 osa.

503 5726 588 5765 ΒΘ.
621 5726 798 5767 υοΑιι.

2324 5145 2437 5214 (75)
2467 5148 2648 5199 Parva
2680 5144 3052 5214 Propontidis
3100 5143 3316 5200 insula.
3362 5143 3525 5199 Plate
3555 5157 3690 5197 vero
3735 5140 3917 5214 tertia

2252 5222 2338 5269 est
2366 5213 2533 5271 a'CP.
2571 5213 2873 5272 meridiem
2919 5233 3121 5272 versus
3171 5217 3231 5272 in
3281 5217 3483 5272 eadem
3529 5213 3913 5286 Propontide.

2252 5292 2431 5342 GOAR.

2327 5359 2436 5428 (74)
2487 5361 2633 5413 Ante
2688 5374 2885 5431 vocem
2939 5357 3209 5431 Ζαχαρίαν
3265 5356 3798 5431 θειναγβοτίριυω,
3850 5361 3917 5431 et.

2255 5447 2506 5499 superne
2524 5430 2825 5500 quippiam
2848 5428 3108 5486 litterie'X
3129 5448 3240 5485 non
3271 5428 3559 5495 absimile,
3584 5430 3910 5500 cumgravi

2256 5507 2519 5575 accentu.
2554 5499 3112 5575 Fortassisro'ipybov-ca
3156 5502 3690 5575 voluitexprimere
3724 5499 3916 5575 libra-

2257 5573 2378 5627 rius
2410 5590 2477 5626 ea
2510 5579 2664 5640 nuta,
2716 5573 2859 5627 mihi
2908 5571 3049 5630 sane
3082 5592 3194 5629 non
3229 5571 3546 5642 intellecta,
3599 5578 3663 5625 ut
3692 5571 3769 5625 sit
3799 5573 3915 5627 Za-

2255 5645 2470 5701 charias
2507 5648 2780 5717 praefecto.
2816 5646 2932 5716 Ego
2962 5646 3134 5703 omisi
3166 5647 3225 5702 in
3258 5646 3553 5703 vertendo.
3586 5644 3719 5701 XVL.
