4038 6334
165 373 277 431 217

1309 380 1855 444 HISTORIARUM
1902 381 2452 444 COMPENDIUM.

3475 381 3598 442 218

237 501 462 579 Ἐννάτῃ
493 502 550 560 δὲ
598 502 914 582 Νοεμϐρίου
957 510 1152 582 μηνὸς,
1185 516 1284 580 τῆς
1331 512 1400 588 ιβ’
1433 511 1824 586 ἐπινεμήσεως,

2009 515 2173 572 Nona
2202 514 2546 572 Novembris
2577 513 2691 581 die,
2723 513 3046 571 indictione
3078 515 3166 583 13,
3201 530 3355 571 anno
3391 515 3602 571 mundi

173 591 222 648 ἰν
255 591 363 649 ἔτει
395 593 590 672 ,ςφλζλ
644 594 900 675 αἶ’φνιδίῳ
955 597 1101 672 νόσῳ
1163 599 1356 669 ληθεὶς
1414 602 1441 656 6
1501 605 1840 659 Κωνσταντῖ-

171 704 260 746 νος
317 684 412 738 καὶ
470 685 617 761 παρά
675 691 781 741 τῶν
847 688 1045 762 ἰατρῶν
1109 690 1501 766 ἀπαγορευθείς
1557 692 1841 749 ἐσκέπτετο

172 774 293 827 τίνα
323 772 388 828 ’ἂν
432 774 732 830 καταλίποι
794 773 1055 853 διάδοχον
1103 782 1202 844 τῆς
1256 779 1560 855 βασιλείας.
1618 779 1837 853 Ἔδοξεν

169 861 260 917 οὗν
309 863 460 936 αὖτῷ
509 865 601 918 τὸν
660 865 950 940 πατρίκιον
1015 871 1412 924 Κωνσταντῖνον
1469 870 1561 926 τὸν
1623 869 1838 926 Δαλασ-

165 953 332 1023 σηνὸν
383 952 864 1025 μεταστείλασθάι,
906 958 1043 1011 κατὰ
1087 958 1177 1012 τὸν
1238 959 1598 1032 Ἀρμενιακὸν
1640 964 1752 1034 (75)
1783 959 1835 1016 ἐν

161 1047 242 1114 τῷ
273 1040 406 1115 ἰδίῳ
464 1041 599 1116 οἷ’κῳ
660 1043 1026 1119 σχολάζοντα,
1087 1042 1336 1123 γαμϐρόν
1397 1070 1457 1104 τε
1507 1051 1834 1120 ποιήσασθαι

161 1130 251 1185 ἐπὶ
317 1137 418 1204 μιᾷ
473 1137 583 1187 τῶν
643 1135 950 1208 θυγατέρων
1018 1135 1108 1190 καὶ
1167 1135 1523 1212 ἀναγορεῦσαι
1585 1137 1836 1214 βασιλέα·

161 1221 268 1278 Καὶ
324 1219 394 1290 δὴ
448 1221 720 1296 πέμπεται
764 1221 902 1294 ἄξων
953 1225 1114 1280 αὐτὸν
1165 1227 1432 1304 εὐνοῦχός
1475 1250 1557 1290 τις
1598 1234 1706 1284 τῶν
1733 1251 1835 1284 πι-

161 1312 544 1383 στικωτάτων,
595 1313 623 1367 6
691 1308 990 1388 λεγόμενος
1067 1313 1430 1390 Ἑργοδότης.
1499 1315 1722 1392 Σπουὸῇ
1777 1315 1834 1373 δὲ

158 1404 261 1454 τοῦ
298 1401 531 1473 Συμεὼν
593 1400 794 1478 φιλίως
837 1399 1181 1475 διακειμένου
1239 1404 1374 1480 πρὸς
1417 1405 1510 1460 τὸν
1545 1406 1830 1482 πατρίκιον

163 1490 452 1562 Ῥωμανὸν
483 1491 572 1545 τὸν
629 1491 896 1566 Ἀργυρὸν
943 1491 1078 1563 αὕτη
1133 1493 1229 1566 μὶν
1281 1495 1582 1570 παρωράθη
1682 1497 1829 1570 γνώ-

164 1601 266 1651 μη,
303 1578 397 1633 καὶ
430 1578 712 1635 στέλλεταί
762 1601 847 1642 τις
903 1582 1048 1658 τάχα
1105 1581 1165 1637 ἐκ
1217 1582 1485 1658 βασιλέως
1517 1584 1570 1640 ἐν
1606 1585 1698 1640 τὸν
1729 1594 1830 1641 Δα-

163 1666 474 1738 λασσηνὸν,
531 1667 702 1724 ἐκεῖσε
759 1669 1085 1745 προσμένειν
1138 1669 1455 1736 κελεύοντος
1514 1673 1675 1729 αὐτόν
1719 1673 1827 1746 ὅπη

160 1756 221 1810 ἂν
259 1758 297 1827 ἡ
334 1757 517 1834 γραφή
549 1758 959 1832 καταλήψηται,
1009 1758 1191 1834 ἄγεται
1225 1759 1283 1816 δὲ
1312 1762 1340 1816 ὁ
1387 1763 1670 1836 Ῥωμανὸς
1691 1765 1826 1840 πρὸς

157 1845 224 1958 :3:
257 1845 542 1958 ῗασίλειαο
600 1847 853 1957 Ἀχθέντι
909 1845 968 1903 Si
1024 1845 1120 1904 δύο
1150 1849 1491 1924 προτίθενται
1522 1856 1759 1928 γνῶμαι,
1789 1852 1826 1923 ἤ
1862 1893 1908 1958 Β

160 1932 489 2010 διαζυγῆναι
546 1941 647 2006 τῆς
705 1936 946 2010 νομίμου
1015 1941 1268 2013 γυναικὸς
1324 1944 1393 2014 τῇ
1449 1940 1716 2015 βασιλέως
1769 1954 1831 1997 ’σε

162 2026 396 2100 θυγατρὶ
458 2026 787 2103 συναφθῆναι
847 2027 938 2082 καὶ
1001 2027 1229 2104 βασιλέα
1285 2029 1733 2106 ἀναγορευθῆναι,
1791 2029 1828 2101 ἤ

161 2116 499 2187 πηρωθῆναι
544 2114 678 2178 τοὺς
722 2115 1070 2192 ἀφθαλμούς.
1124 2123 1230 2173 Τοῦ
1261 2116 1319 2174 δὲ
1359 2117 1714 2195 ίλιγγιῶντος
1741 2120 1831 2176 καὶ

162 2200 542 2276 ἇναδυομένου
597 2205 736 2280 πρὸς
787 2205 961 2262 αὐτῶν
1020 2207 1297 2283 ἑκάτερον,
1354 2211 1388 2278 ἡ
1441 2208 1690 2272 σύνοικος
1721 2207 1830 2265 δεί-

168 2315 309 2348 σασα
366 2293 491 2368 περὶ
551 2298 647 2349 τοῦ
707 2291 925 2371 ἀνδρὸς,
991 2299 1065 2369 μή
1121 2318 1172 2351 τι
1232 2297 1320 2353 καὶ
1373 2300 1518 2374 πάθῃ
1567 2297 1832 2377 φλαῦρον,

168 2383 269 2451 τήν
292 2384 575 2456 κοσμικὴν
628 2384 886 2446 ἑκουσίως
939 2385 1162 2440 ἀπέθετο
1211 2386 1400 2462 τρίχα,
1446 2389 1535 2442 καὶ
1565 2393 1645 2462 τῷ
1676 2389 1833 2459 συζύ-

167 2493 255 2543 γῳ
286 2472 428 2544 πρὸς
458 2471 527 2538 ττῖ
577 2467 698 2546 ὄψει
751 2471 1044 2547 ἐχαρίσατο
1093 2474 1182 2529 καὶ
1234 2477 1336 2545 τήν
1391 2475 1692 2553 βασιλείαν.
1727 2477 1833 2535 Οὐ-

169 2565 278 2614 σῶν
328 2558 385 2615 δὲ
442 2565 522 2633 τῷ
575 2563 961 2635 Κωνσταντίνῳ
1020 2563 1328 2640 θυγατέρων
1385 2572 1552 2641 τριῶν
1626 2566 1685 2622 ἐκ
1733 2574 1836 2636 τῆς

168 2650 438 2727 θυγατρός
490 2655 587 2706 τοῦ
644 2651 944 2727 πατρικίου
1019 2652 1310 2729 Ἀλυπιου,
1366 2656 1432 2725 ἢν
1501 2653 1577 2712 ἔτι
1639 2663 1841 2727 ζῶντος

165 2744 262 2794 τοῦ
313 2737 612 2796 Βασιλείου
668 2738 981 2814 ἡρμόσατο,
1038 2745 1073 2813 ἡ
1137 2744 1230 2816 μὶν
1289 2747 1408 2810 καθ’
1438 2744 1662 2816 ἡλικίαν
1691 2765 1842 2822 πρω·

161 2829 397 2885 τεύουσα
458 2829 692 2887 Εύόοκία
746 2833 1092 2907 ἀπεκείρατο,
1147 2837 1183 2906 ἡ
1259 2836 1416 2910 τρίτη
1475 2834 1532 2892 δὲ
1586 2835 1840 2912 Θεοδώρα

166 2921 489 2990 ἀπηνήνατο
548 2926 838 2998 συζυγῆναι
889 2928 970 2996 τῷ
1024 2925 1312 2998 Ῥωμανῷ,
1372 2925 1407 2996 ἤ
1462 2923 1551 2981 διὰ
1598 2927 1662 2981 τὸ
1712 2950 1838 3004 συγ-

164 3009 335 3082 γενὲς,
369 3009 449 3071 ὥς
509 3031 687 3087 φασιν,
751 3009 788 3080 ἤ
839 3009 928 3066 διὰ
981 3013 1043 3068 τὸ
1094 3008 1174 3068 ἔτι
1229 3015 1326 3084 τήν
1379 3014 1582 3071 ἐκείνου
1615 3017 1840 3094 σύζυγον

1951 606 2116 673 6537,
2152 605 2346 661 subito
2397 605 2600 660 morbo
2648 608 2954 677 correptus
2999 604 3421 661 Constantinus
3469 609 3525 661 et
3569 622 3605 661 a

1953 694 2198 750 medicis
2230 695 2575 766 desperatus
2607 693 2679 750 de
2707 693 3072 749 instituendo
3102 693 3333 765 imperii
3364 710 3604 750 succes-

1951 800 2082 839 sore
2149 785 2442 856 cogitavit.
2512 782 2855 854 Placuitque
2922 798 3218 839 accersere
3288 782 3600 854 patricium

1949 872 2400 929 Constantinum
2449 872 2862 940 Dalassenum,
2895 873 2995 944 qui
3048 876 3170 927 tum
3199 872 3359 927 domi
3391 889 3510 928 suis
3541 873 3601 928 in

1946 962 2292 1018 Armeniaco
2324 961 2592 1034 degebat,
2623 960 2792 1032 eique
2840 960 3094 1016 ﬁliarum
3145 977 3389 1017 suarum
3421 977 3600 1017 unam

1947 1057 2200 1123 nuptum
2233 1053 2394 1121 dare,
2417 1067 2483 1107 ac
2515 1051 2798 1106 Caesarem
2833 1051 3159 1122 designare.
3185 1051 3436 1106 Mittitur
3464 1067 3602 1122 ergo

1946 1141 2018 1195 ad
2041 1157 2173 1196 eum
2197 1141 2611 1196 adducendum
2636 1139 2972 1211 Ergodotes,
2996 1139 3402 1194 cunuchorum
3439 1138 3600 1195 ﬁdis-

1945 1229 2155 1284 simus.
2175 1230 2283 1284 Sed
2307 1246 2482 1300 opera
2503 1227 2814 1298 Simeonis,
2841 1227 2940 1300 qui
2965 1232 3226 1284 Romano
3249 1232 3470 1301 Argyro
3503 1245 3601 1300 pa-

1944 1317 2112 1372 tricio
2145 1318 2396 1384 favebat,
2431 1318 2486 1372 id
2520 1316 2752 1374 consilii
2785 1317 3161 1388 repudiatum
3192 1317 3322 1386 fuit,
3348 1334 3599 1389 moxque

1943 1408 2093 1465 485
2143 1408 2215 1463 ab
2267 1409 2618 1478 imperatore
2675 1407 2896 1463 missus
2945 1406 3045 1478 qui
3096 1406 3479 1464 Dalussenum
3531 1424 3598 1464 eo

1942 1496 2067 1553 loco
2100 1497 2200 1552 ubi
2233 1496 2460 1552 litteras
2491 1496 2815 1568 accepisset
2855 1496 3178 1552 subsistere
3200 1496 3455 1567 juberet.
3487 1500 3600 1553 Ro-

1941 1602 2156 1642 manus
2186 1586 2246 1641 in
2279 1586 2567 1658 palatium
2613 1584 2947 1653 adducitur,
2981 1586 3271 1656 daturque
3317 1584 3369 1639 ei
3418 1583 3598 1657 optio,

1940 1679 2007 1730 ut
2037 1675 2124 1731 vel
2157 1674 2360 1732 oculos
2410 1675 2521 1730 sibi
2573 1675 2698 1730 erui
2747 1674 3023 1747 patiatur.
3057 1673 3144 1729 vel
3192 1673 3441 1730 dimissa
3493 1690 3604 1730 sua

1938 1763 2205 1836 legitima
2239 1781 2415 1821 uxore
2446 1764 2625 1819 ﬁliam
2682 1763 3056 1836 imperatoris
3105 1763 3286 1818 ducat
3313 1779 3379 1818 ac
3411 1763 3604 1819 Caesar

1938 1853 2303 1927 designetur.
2358 1853 2674 1910 Haesitante
2724 1869 2814 1921 eo,
2855 1869 3000 1908 uxor
3047 1851 3260 1907 marito
3305 1856 3596 1921 metuens,

1940 1942 2095 2000 ultro
2127 1960 2356 2000 comam
2384 1943 2581 2016 posuit
2610 1959 2676 1998 ac
2706 1941 2919 1999 saeculo
2954 1940 3329 2006 renuntiavit,
3352 1941 3598 2012 viroque

1943 2038 1999 2089 et
2031 2032 2230 2089 oculos
2262 2033 2514 2089 servavit
2544 2037 2599 2088 et
2629 2031 2942 2102 imperium
2974 2030 3221 2102 paravit.
3246 2030 3598 2086 ErantCon-

1941 2123 2205 2179 stantino
2236 2139 2303 2177 ex
2336 2121 2454 2176 ﬁlia
2502 2120 2730 2194 patricii
2780 2126 2899 2176 tres
2947 2119 3106 2188 ﬁliae;
3151 2135 3400 2190 quarum
3455 2123 3599 2176 natu

1944 2213 2200 2268 maxima
2230 2210 2486 2267 Eudocia
2519 2209 2934 2266 monachatum
2968 2209 3078 2264 fuit
3105 2207 3394 2281 amplexa,
3427 2208 3602 2264 mini-

1945 2319 2042 2358 ma
2059 2301 2366 2358 Theodora
2390 2300 2731 2372 conjugium
2765 2299 3012 2355 Romani
3044 2302 3315 2354 aversata
3343 2302 3456 2370 est,
3477 2299 3600 2355 sive

1946 2392 2019 2446 οὶ»
2053 2391 2574 2462 propinquitatem,
2602 2395 2665 2444 ut
2692 2389 3006 2456 ferebatur,
3026 2388 3275 2460 generis,
3300 2387 3420 2444 sive
3443 2388 3598 2460 quod

1947 2497 2184 2536 uxorem
2217 2481 2346 2550 ejus
2389 2479 2566 2534 sciret
2614 2479 2805 2534 adhuc
2834 2480 3046 2534 vivere.
3079 2477 3267 2532 Media
3294 2478 3402 2533 Zoe
3431 2477 3601 2534 facile

1947 2586 2082 2626 eum
2114 2569 2225 2626 sibi
2249 2569 2374 2625 dari
2408 2569 2681 2624 maritum
2717 2585 2891 2640 passa
2915 2573 3025 2623 est.
3061 2567 3465 2638 Disputatione
3497 2583 3600 2622 au-

1947 2665 2064 2716 tem
2097 2661 2168 2716 de
2199 2659 2545 2730 cognatione
2574 2663 2754 2723 mota,
2788 2673 2880 2712 res
2911 2673 2944 2711 a
2975 2655 3304 2728 patriarcha
3333 2660 3392 2710 et
3419 2655 3603 2712 eccle-

1948 2749 2203 2806 siasticis
2233 2749 2526 2811 discussa,
2565 2752 2621 2802 et
2666 2747 2964 2802 Romanus
2993 2746 3117 2801 Zoae
3149 2743 3460 2816 copulatus
3490 2749 3600 2812 est,

1946 2839 2380 2911 imperatorque
2407 2837 2757 2893 declaratus.
2783 2836 3000 2891 Triduo
3025 2839 3158 2907 post
3179 2833 3602 2890 Constantinus

1946 2927 2173 2984 vivendi
2222 2928 2399 2984 ﬁnem
2449 2926 2601 2994 fecit,
2647 2942 2780 2982 cum
2819 2925 3062 2982 vixisset
3100 2940 3286 2980 annos
3306 2924 3400 2995 70,
3421 2922 3600 2980 trien-

1951 3019 2115 3074 nium
2149 3033 2350 3073 mense
2382 3016 2580 3072 minus
2611 3015 2978 3088 imperasset.

169 3101 290 3171 ζῇν.
344 3099 412 3155 Ἡ
477 3095 536 3153 δὲ
588 3105 670 3171 τῷ
727 3101 915 3175 χρόνῳ
973 3099 1193 3179 δευτέρα
1250 3105 1372 3174 Ζωὴ
1423 3106 1512 3160 τὸν
1571 3106 1696 3182 περὶ
1753 3114 1852 3176 τῆς
1905 3105 2176 3168 συνοικίας
2233 3100 2395 3181 λόγον
2451 3104 2820 3159 συνενεσθέντα
2867 3099 3145 3163 ἀσπασίως
3195 3097 3431 3172 ἐδέξατο.
3490 3095 3592 3155 Λό-

165 3208 264 3261 γου
324 3184 385 3241 δὶ
435 3187 560 3258 περὶ
612 3194 713 3257 τῆς
768 3190 1075 3265 συγγενείας
1129 3194 1462 3266 κινηθέντος,
1513 3195 1602 3250 καὶ
1678 3202 1777 3266 τῆς
1853 3193 2179 3265 Ἐκκλησίας
2248 3194 2340 3248 σὺν
2398 3198 2477 3266 τῷ
2535 3194 2850 3269 πατριάρχῃ
2908 3189 3186 3246 λυσάντων
3234 3190 3297 3244 τὸ
3356 3183 3597 3266 ὀμφίϐο-

169 3277 290 3342 λον,
354 3275 725 3352 ἷερολογεῖται
785 3281 896 3352 (76)
947 3281 975 3334 6
1059 3282 1341 3354 Ῥωμανὸς
1424 3285 1494 3354 τῇ
1570 3289 1693 3359 Ζωῇ
1768 3285 1857 3339 καὶ
1915 3283 2268 3359 αὐτοκράτωρ
2335 3281 2710 3358 ἀναγορεύεται
2773 3279 3052 3358 βασιλεύς.
3115 3279 3210 3333 Καὶ
3255 3277 3390 3352 μετὰ
3445 3283 3594 3350 τρεῖς

166 3366 388 3439 ἡμέρας
439 3371 839 3430 Κωνσταντῖνος
897 3368 1149 3440 ἀπέθανε,
1184 3374 1348 3443 ζήσας
1413 3373 1506 3446 μὶν
1565 3375 1655 3428 τὸν
1713 3375 1921 3429 ἅπαντα
1975 3380 2076 3442 τῆς
2141 3378 2284 3443 ζωῆς
2343 3373 2511 3427 αὐτοῦ
2568 3371 2768 3448 χρόνον
2825 3372 2866 3425 o'
2925 3365 3042 3443 ἔτη,
3098 3367 3184 3423 ἐπὶ
3215 3372 3359 3442 τρεῖς
3393 3364 3450 3422 δὶ
3481 3366 3598 3430 ἑνὸς

173 3454 393 3518 δέοντος
430 3456 602 3528 μηνὸς
637 3453 1038 3532 βεϐασιλευκὼς
1070 3463 1203 3534 (77).

242 3546 404 3600 Οὕτω
438 3543 496 3601 δὲ
543 3547 688 3622 παρᾶ
741 3553 912 3602 πᾶσαν
973 3547 1168 3605 ἐλπίδα
1223 3549 1312 3606 καὶ
1371 3549 1698 3628 προσδοκίαν
1739 3555 1829 3608 τὸν

2017 3555 2319 3610 Romanus
2341 3558 2548 3625 praeter
2569 3567 2804 3608 omnem
2837 3567 3000 3622 spem
3025 3554 3200 3622 atque
3221 3547 3604 3619 exspectatio-

174 3637 271 3702 τῆς
303 3636 616 3710 πηρώσεως
675 3634 917 3692 κίνδυνον
980 3634 1204 3713 διαδράς
1261 3641 1288 3694 6
1328 3643 1607 3714 Ῥωμανὸς
1635 3643 1696 3698 τὸ
1733 3650 1834 3712 τῆς

178 3724 463 3798 βασιλείας
511 3724 901 3800 περιζώννυται
949 3727 1169 3803 κράτος,
1227 3729 1319 3784 καὶ
1380 3731 1633 3806 βασιλεὺς
1680 3733 1836 3788 αὐτο-

172 3814 392 3887 κράτωρ
428 3813 544 3885 ἅμα
570 3819 696 3889 Ζωῇ
740 3819 809 3889 τῇ
866 3821 964 3871 τοῦ
1022 3821 1426 3875 Κωνσταντίνου
1457 3821 1834 3898 ἀναγορεύεται

173 3902 429 3978 θυγατρί.
456 3905 607 3975 Ἀμα
650 3925 711 3959 τε
740 3903 832 3959 οὖν
883 3905 971 3960 ἐπὶ
1016 3905 1110 3962 τόν
1152 3908 1427 3984 βασίλειον
1469 3909 1680 3966 ἐκάθισε
1710 3911 1834 3986 θρό-

171 4011 285 4059 νον,
345 3992 442 4045 καὶ
503 3989 618 4063 ἅμα
670 3993 989 4067 προοιμίοις
1039 3996 1263 4071 ἀγαθοῖς
1318 4000 1410 4054 καὶ
1459 3999 1836 4074 ἐπιοατηρίοις

172 4081 482 4142 ἐπαινετοῖς
533 4077 800 4154 ἐδεξιοῦτο
845 4082 972 4146 τοὺς
1033 4084 1139 4140 ὐπὸ
1188 4092 1372 4162 χεῖρα,
1407 4089 1512 4143 ἀπὸ
1553 4093 1650 4158 τῆς
1683 4091 1832 4145 εὐσε-

173 4165 317 4231 ϐείας
381 4168 652 4246 πρότερον
725 4171 1023 4246 ἀρξάμενος
1089 4173 1458 4252 ἀγαθοεργεῖν.
1519 4177 1831 4235 Ἐνδὲουσαν

172 4260 265 4334 τὰρ
295 4260 405 4328 τήν
436 4257 709 4334 πρόσοδον
740 4267 838 4331 τῆς
870 4262 1131 4338 Μεγάλης
1165 4262 1326 4329 εἰδὼς
1358 4265 1709 4338 Ἐκκλησίας,
1743 4271 1835 4324 ἅτε

173 4350 474 4422 οικονόμος
507 4349 709 4420 ταύτης
753 4351 1043 4426 γενόμενος
1090 4353 1142 4408 ἐν
1193 4361 1309 4418 τοῖς
1367 4351 1668 4431 ἔμπροσθεν
1700 4358 1836 4433 χρό-

171 4459 302 4506 νοις,
336 4438 434 4493 καὶ
464 4442 576 4492 τῶν
618 4437 807 4494 ἄλλων
859 4440 1083 4505 ὁπόσαις
1124 4443 1506 4518 ὑπηρετεῖσθαι
1539 4446 1657 4509 ἔθος
1689 4449 1836 4521 παρά

171 4531 263 4582 τοῦ
296 4527 512 4598 ταύτης
569 4525 807 4599 κλήρου,
856 4528 1193 4605 ὀγδοήκοντα
1240 4535 1474 4610 χρυσίου
1525 4533 1711 4610 λίτρας
1734 4536 1835 4592 ἀνὰ

170 4622 269 4670 πάν
305 4615 438 4678 ἔτος
477 4623 836 4692 χορηγεῖσθαι
875 4619 1092 4685 τούτοις
1126 4622 1432 4679 τετύπωκεν
1463 4625 1568 4681 ἀπὸ
1605 4629 1701 4680 τοῦ
1736 4627 1834 4702 βαι·

172 4705 395 4761 σιλικοῦ
443 4706 697 4777 ταμιείου
761 4706 838 4772 είς
905 4712 1248 4784 προσθήκην.
1322 4715 1579 4789 Ἐζέκοψι
1635 4713 1691 4770 δὲ
1742 4715 1832 4770 καὶ

169 4794 357 4851 τέλεον
422 4794 762 4872 ἀπερῥίζωσε
816 4798 880 4852 τὸ
936 4797 1348 4877 ἀλληλέγγυον,
1399 4805 1483 4877 [Ρ.
1541 4807 1667 4879 723]
1700 4805 1830 4880 ὅπερ

171 4884 408 4957 ἐμελέτα
434 4886 531 4958 μὲν
565 4887 594 4940 6
636 4893 1046 4953 Κωνσταντῖνος
1092 4898 1340 4964 ποιῆσαι,
1391 4893 1492 4947 οὐκ
1531 4891 1727 4972 ἔφθασε
1753 4892 1828 4951 δὲ.

174 4974 439 5030 Ἐκὲνωπ
500 4969 557 5028 δὲ
595 4973 685 5028 καὶ
731 4975 830 5039 τὰς
895 4975 1137 5054 φυλακὰς
1195 4983 1301 5034 τῶν
1360 4969 1826 5057 ἐγκαθειργμὲνων

172 5058 256 5116 διά
280 5083 437 5124 τινας
470 5062 716 5135 εὐθύνας,
761 5063 828 5119 τὰ
887 5066 981 5138 μὲν
1040 5063 1282 5140 δημόσια
1329 5069 1468 5143 χρέα
1523 5070 1830 5146 χαριζόμε-

171 5173 278 5219 νος,
299 5151 597 5215 ἀποτιννὺς
626 5150 685 5208 δὲ
724 5154 795 5209 τὰ
843 5151 1112 5214 ἴδιωτικά.
1165 5156 1618 5235 ’Λπελυτρώσατο
1651 5157 1708 5215 δὲ
1737 5159 1826 5216 καὶ

1946 3661 2078 3700 nem
2136 3644 2440 3699 oculorum
2513 3641 2974 3696 amittendorum
3048 3638 3304 3711 periculo
3362 3639 3600 3705 evitato,

1944 3735 2261 3805 imperator
2303 3749 2434 3787 cum
2467 3733 2577 3786 Zoe
2609 3734 2869 3802 Augusta
2910 3730 3122 3794 factus,
3157 3726 3321 3782 initio
3368 3725 3599 3797 imperii

1945 3823 2115 3879 bonis
2145 3839 2209 3877 ac
2240 3819 2638 3878 laudabilibus
2661 3820 2811 3875 orsis
2841 3818 3110 3874 subditos
3131 3815 3459 3871 demeritus
3488 3817 3599 3869 est.

1945 3911 2303 3983 Principium
2327 3910 2465 3966 fecit
2489 3908 2770 3965 beneﬁcia
2793 3909 2852 3963 in
2877 3905 3244 3978 religionem.
3269 3908 3410 3958 Cum
3444 3903 3602 3958 enim

1943 4003 2120 4060 sciret
2145 4005 2364 4074 Magnas
2409 3999 2679 4056 Ecclesia:
2720 3999 2944 4054 reditus
2975 3996 3128 4052 486
3160 4011 3274 4050 non
3307 3993 3600 4061 sufﬁcere,

1945 4097 2010 4148 ut
2041 4093 2141 4158 qui
2174 4090 2580 4162 superioribus
2602 4087 2964 4159 temporibus
2989 4086 3362 4156 dispensator
3391 4083 3603 4138 fuisset

1943 4183 2094 4253 ejus,
2127 4186 2182 4236 et
2212 4179 2460 4236 aliarum
2494 4179 2713 4251 quibus
2764 4177 2946 4247 hujus
2990 4175 3184 4232 clerus
3214 4174 3286 4228 de
3314 4188 3474 4227 more
3503 4172 3598 4226 in-

1943 4270 2252 4340 serviebat,
2285 4270 2356 4324 80
2399 4268 2526 4324 auri
2574 4267 2757 4323 libras
2790 4265 3108 4338 quotannis
3139 4280 3209 4319 ex
3234 4260 3434 4318 mrario
3483 4260 3599 4316 im-

1944 4360 2235 4432 peratorio
2267 4360 2316 4416 ci
2352 4359 2525 4431 pendi
2550 4357 2756 4430 jussit,
2789 4357 3023 4412 decreto
3057 4371 3124 4410 ea
3150 4355 3220 4409 de
3250 4369 3312 4409 re
3340 4351 3598 4408 condito.

1941 4449 2204 4506 Abolcvit
2255 4450 2432 4504 etiam
2491 4447 2919 4518 Allclengyum,
2973 4445 3125 4516 quod
3175 4441 3599 4500 Constantinus

1943 4544 2067 4594 erat
2097 4538 2466 4606 sublaturus,
2499 4537 2612 4592 nisi
2649 4553 2806 4590 mors
2837 4552 2970 4591 eum
3004 4532 3432 4588 antevertisset.
3462 4534 3596 4586 Car-

1941 4645 2102 4684 ceres
2135 4644 2369 4699 quoque
2399 4625 2645 4698 captivis
2685 4626 2757 4680 ob
2795 4630 2952 4679 certa
2982 4621 3232 4678 crimina
3261 4621 3593 4686 evacuavit;

1942 4717 2177 4790 publica
2206 4717 2403 4772 debita
2452 4714 2697 4782 dimisit,
2731 4712 2952 4785 privata
2999 4709 3298 4784 persolvit.
3331 4708 3599 4764 Redemit

1943 4808 2202 4878 captivos
2270 4823 2339 4861 ex
2405 4803 2754 4859 Patzinacia.
2816 4801 2972 4858 Fecit
3030 4799 3206 4856 etiam
3275 4802 3394 4853 tres
3454 4812 3594 4868 syn-

1942 4897 2119 4952 ccllos
2194 4892 2638 4966 metropolitas,
2696 4891 3003 4964 Cyriacum
3083 4887 3333 4960 Ephesi,
3393 4889 3595 4958 utpote

1939 4985 2401 5057 consanguinem
2485 4981 2863 5054 patriarchae,
2948 4977 3313 5036 Demetrium
3381 4971 3593 5047 Cyzici,

1939 5091 2112 5147 quem
2144 5073 2318 5131 etiam
2351 5076 2663 5143 antequam
2707 5070 2870 5125 ﬁeret
2920 5068 3242 5140 imperator
3271 5063 3592 5120 admodum

1937 5164 2242 5232 dilexerat,
2270 5167 2329 5219 et
2381 5159 2731 5217 Michaelum
2782 5157 3222 5224 Euchaitarum,
3269 5157 3333 5209 ut
3379 5165 3594 5225 genere

1373 5305 1743 5363 XYLANDRI
1783 5308 1871 5364 ET
1909 5309 2131 5366 GOARI
2170 5307 2407 5364 NOTIE.

389 5422 741 5514 generaista!
790 5427 870 5496 τῷ
909 5428 1022 5514 τῶν
1067 5428 1466 5514 ςΑρμενιακῶν.
1495 5431 1826 5514 θίματιημὶη

175 5498 475 5579 provincia
505 5498 871 5579 A‘rmenAiaca,
907 5499 974 5579 id_
996 5498 1198 5579 est,_in
1232 5503 1527 5579 Armenia,
1555 5498 1825 5579 quaerito-

176 5569 903 5660 EﬁnifﬁafEPPEMPE
927 5571 1013 5628 δίο
1045 5574 1218 5660 etiam
1271 5576 1422 5660 ίιιῖτει
1469 5569 1825 5660 videar-6v

179 5657 277 5710 pro
320 5639 604 5721 Armenia
649 5639 945 5721 provincia
991 5647 1252 5718 ponitur,
1285 5647 1354 5704 de
1404 5639 1584 5721 peste,
1619 5649 1676 5705 in
1712 5649 1824 5706 Ro-

179 5728 354 5769 mano
380 5715 627 5784 Argyro.
659 5711 794 5769 XYL.

2031 5436 2121 5504 76)
2146 5434 2313 5489 Sacra
2345 5429 2594 5504 nuptiali
2615 5429 2996 5504 benedictione
3021 5425 3386 5504 εοηςςοείιιειινζ
3407 5425 3585 5504 ΟοΑξ..

2029 5495 2120 5575 77)
2155 5507 2233 5560 De
2268 5495 2451 5559 morte
2481 5501 2851 5575 Constantini
2882 5499 3160 5554 librarius
3191 5513 3306 5575 non
3339 5495 3590 5575 absurde

1937 5564 2242 5668 ascripsit,
2300 5575 2715 5668 ΕὖΙέποίησας,
2787 5574 3174 5656 Κωνσταντῖνε,
3234 5567 3468 5668 τάχιστα
3515 5564 3586 5650 ,ἐξ

1934 5643 2235 5724 ἀνθρώπων
2285 5647 2772 5724 γενόμενος-χιιιιω
2812 5643 2914 5724 qui
2944 5643 3047 5724 sic
3094 5643 3317 5714 vivunt,
3350 5643 3585 5698 nonnisi

1935 5715 2171 5782 summa
2199 5715 2343 5780 dant
2370 5715 2703 5795 reipublicm
2735 5715 2911 5776 mala.
2944 5715 3084 5774 XYL.
