  <div class='ocr_page' id='page_1' title='image "/cluster/home/n/w/nwhite01/storage/ocr_20150623/122/hvd.32044073502452/117.png"; bbox 0 0 4070 6334; ppageno 0'>
   <div class='ocr_carea' id='block_1_1' title="bbox 409 394 534 457">
    <p class='ocr_par' dir='ltr' id='par_1_1' title="bbox 409 394 534 457">
     <span class='ocr_line' id='line_1_1' title="bbox 409 394 534 457; baseline 0.016 -2"><span class='ocrx_word' id='word_1_1' title='bbox 409 394 534 457; x_wconf 71' lang='grc'>219</span> 
     </span>
    </p>
   </div>
   <div class='ocr_carea' id='block_1_2' title="bbox 1760 400 2475 465">
    <p class='ocr_par' dir='ltr' id='par_1_2' title="bbox 1760 400 2475 465">
     <span class='ocr_line' id='line_1_2' title="bbox 1760 400 2475 465; baseline 0.001 -3"><span class='ocrx_word' id='word_1_2' title='bbox 1760 400 2084 464; x_wconf 82' lang='lat' dir='ltr'>GEORGII</span> <span class='ocrx_word' id='word_1_3' title='bbox 2130 402 2475 465; x_wconf 85' lang='lat' dir='ltr'>CEDRENI</span> 
     </span>
    </p>
   </div>
   <div class='ocr_carea' id='block_1_3' title="bbox 3702 393 3827 456">
    <p class='ocr_par' dir='ltr' id='par_1_3' title="bbox 3702 393 3827 456">
     <span class='ocr_line' id='line_1_3' title="bbox 3702 393 3827 456; baseline 0.008 -1"><span class='ocrx_word' id='word_1_4' title='bbox 3702 393 3827 456; x_wconf 72' lang='lat'>220</span> 
     </span>
    </p>
   </div>
   <div class='ocr_carea' id='block_1_4' title="bbox 409 522 2085 607">
    <p class='ocr_par' dir='ltr' id='par_1_4' title="bbox 409 526 2059 606">
     <span class='ocr_line' id='line_1_4' title="bbox 409 526 2059 606; baseline 0.004 -24"><span class='ocrx_word' id='word_1_5' title='bbox 409 526 549 582; x_wconf 85' lang='lat' dir='ltr'>huic</span> <span class='ocrx_word' id='word_1_6' title='bbox 570 526 989 600; x_wconf 88' lang='lat' dir='ltr'>propinquum,</span> <span class='ocrx_word' id='word_1_7' title='bbox 1009 528 1163 601; x_wconf 90' lang='lat' dir='ltr'>quod</span> <span class='ocrx_word' id='word_1_8' title='bbox 1189 546 1223 585; x_wconf 89' lang='lat' dir='ltr'>a</span> <span class='ocrx_word' id='word_1_9' title='bbox 1241 529 1497 588; x_wconf 86' lang='lat' dir='ltr'>Radenis</span> <span class='ocrx_word' id='word_1_10' title='bbox 1522 530 1764 606; x_wconf 87' lang='lat' dir='ltr'>stirpem</span> <span class='ocrx_word' id='word_1_11' title='bbox 1788 533 2059 589; x_wconf 86' lang='lat' dir='ltr'>ducebat.</span> 
     </span>
    </p>
   </div>
   <div class='ocr_carea' id='block_1_5' title="bbox 2198 522 3827 607">
    <p class='ocr_par' dir='ltr' id='par_1_5' title="bbox 2198 522 3827 607">
     <span class='ocr_line' id='line_1_5' title="bbox 2198 522 3827 607; baseline -0.004 -21"><span class='ocrx_word' id='word_1_12' title='bbox 2198 532 2304 594; x_wconf 78' lang='grc' dir='ltr'>τοὺς</span> <span class='ocrx_word' id='word_1_13' title='bbox 2384 530 2785 607; x_wconf 73' lang='grc' dir='ltr'>κατεχομένους</span> <span class='ocrx_word' id='word_1_14' title='bbox 2869 526 3263 605; x_wconf 70' lang='grc' dir='ltr'>αἰχμαλώτους</span> <span class='ocrx_word' id='word_1_15' title='bbox 3336 525 3387 581; x_wconf 79' lang='grc' dir='ltr'>έν</span> <span class='ocrx_word' id='word_1_16' title='bbox 3468 522 3827 595; x_wconf 76' lang='grc' dir='ltr'>Πατζινακίᾳ.</span> 
     </span>
    </p>
   </div>
   <div class='ocr_carea' id='block_1_6' title="bbox 410 616 2071 692">
    <p class='ocr_par' dir='ltr' id='par_1_6' title="bbox 410 616 2071 692">
     <span class='ocr_line' id='line_1_6' title="bbox 410 616 2071 692; baseline 0.004 -20"><span class='ocrx_word' id='word_1_17' title='bbox 410 616 722 683; x_wconf 82' lang='lat' dir='ltr'>Joannem,</span> <span class='ocrx_word' id='word_1_18' title='bbox 744 617 845 689; x_wconf 87' lang='lat' dir='ltr'>qui</span> <span class='ocrx_word' id='word_1_19' title='bbox 878 618 1077 673; x_wconf 85' lang='lat' dir='ltr'>Basilii</span> <span class='ocrx_word' id='word_1_20' title='bbox 1112 619 1489 691; x_wconf 84' lang='lat' dir='ltr'>imperatoris</span> <span class='ocrx_word' id='word_1_21' title='bbox 1520 622 1710 679; x_wconf 74' lang='lat' dir='ltr'>fuerat</span> <span class='ocrx_word' id='word_1_22' title='bbox 1741 628 2071 692; x_wconf 85' lang='lat' dir='ltr'>protonota-</span> 
     </span>
    </p>
   </div>
   <div class='ocr_carea' id='block_1_7' title="bbox 413 705 2070 782">
    <p class='ocr_par' dir='ltr' id='par_1_7' title="bbox 413 705 2070 782">
     <span class='ocr_line' id='line_1_7' title="bbox 413 705 2070 782; baseline 0.004 -23"><span class='ocrx_word' id='word_1_23' title='bbox 413 705 537 760; x_wconf 89' lang='lat' dir='ltr'>rius</span> <span class='ocrx_word' id='word_1_24' title='bbox 556 707 802 777; x_wconf 83' lang='lat' dir='ltr'>jamque</span> <span class='ocrx_word' id='word_1_25' title='bbox 829 706 1129 779; x_wconf 81' lang='lat' dir='ltr'>religionis</span> <span class='ocrx_word' id='word_1_26' title='bbox 1153 725 1328 764; x_wconf 89' lang='lat' dir='ltr'>causa</span> <span class='ocrx_word' id='word_1_27' title='bbox 1351 715 1525 782; x_wconf 89' lang='lat' dir='ltr'>caput</span> <span class='ocrx_word' id='word_1_28' title='bbox 1548 717 1789 775; x_wconf 83' lang='lat' dir='ltr'>raserat,</span> <span class='ocrx_word' id='word_1_29' title='bbox 1814 712 2070 767; x_wconf 83' lang='lat' dir='ltr'>evocavit</span> 
     </span>
    </p>
   </div>
   <div class='ocr_carea' id='block_1_8' title="bbox 414 793 2066 871">
    <p class='ocr_par' dir='ltr' id='par_1_8' title="bbox 414 793 2066 871">
     <span class='ocr_line' id='line_1_8' title="bbox 414 793 2066 871; baseline 0.004 -23"><span class='ocrx_word' id='word_1_30' title='bbox 414 793 859 866; x_wconf 77' lang='lat' dir='ltr'>syncellumque</span> <span class='ocrx_word' id='word_1_31' title='bbox 900 796 1053 863; x_wconf 84' lang='lat' dir='ltr'>fecit,</span> <span class='ocrx_word' id='word_1_32' title='bbox 1086 803 1143 851; x_wconf 89' lang='lat' dir='ltr'>et</span> <span class='ocrx_word' id='word_1_33' title='bbox 1175 798 1443 871; x_wconf 82' lang='lat' dir='ltr'>conjugis</span> <span class='ocrx_word' id='word_1_34' title='bbox 1484 816 1599 855; x_wconf 81' lang='lat' dir='ltr'>suae</span> <span class='ocrx_word' id='word_1_35' title='bbox 1635 800 1855 855; x_wconf 82' lang='lat' dir='ltr'>sororis</span> <span class='ocrx_word' id='word_1_36' title='bbox 1885 801 2066 855; x_wconf 88' lang='lat' dir='ltr'>Theo-</span> 
     </span>
    </p>
   </div>
   <div class='ocr_carea' id='block_1_9' title="bbox 414 882 2069 960">
    <p class='ocr_par' dir='ltr' id='par_1_9' title="bbox 414 882 2069 960">
     <span class='ocr_line' id='line_1_9' title="bbox 414 882 2069 960; baseline 0.005 -23"><span class='ocrx_word' id='word_1_37' title='bbox 414 882 567 937; x_wconf 68' lang='lat' dir='ltr'>dorae</span> <span class='ocrx_word' id='word_1_38' title='bbox 599 884 881 939; x_wconf 64' lang='lat' dir='ltr'>custodiae</span> <span class='ocrx_word' id='word_1_39' title='bbox 928 886 1204 957; x_wconf 69' lang='lat' dir='ltr'>praefecit.</span> <span class='ocrx_word' id='word_1_40' title='bbox 1228 886 1438 942; x_wconf 88' lang='lat' dir='ltr'>Multos</span> <span class='ocrx_word' id='word_1_41' title='bbox 1484 905 1654 960; x_wconf 90' lang='lat' dir='ltr'>porro</span> <span class='ocrx_word' id='word_1_42' title='bbox 1691 889 1785 944; x_wconf 87' lang='lat' dir='ltr'>Dei</span> <span class='ocrx_word' id='word_1_43' title='bbox 1821 890 2069 945; x_wconf 86' lang='lat' dir='ltr'>famulos</span> 
     </span>
    </p>
   </div>
   <div class='ocr_carea' id='block_1_10' title="bbox 415 973 2073 1048">
    <p class='ocr_par' dir='ltr' id='par_1_10' title="bbox 415 973 2073 1048">
     <span class='ocr_line' id='line_1_10' title="bbox 415 973 2073 1048; baseline 0.005 -22"><span class='ocrx_word' id='word_1_44' title='bbox 415 973 488 1027; x_wconf 91' lang='lat' dir='ltr'>ad</span> <span class='ocrx_word' id='word_1_45' title='bbox 528 978 845 1029; x_wconf 83' lang='lat' dir='ltr'>extremam</span> <span class='ocrx_word' id='word_1_46' title='bbox 898 976 1163 1030; x_wconf 88' lang='lat' dir='ltr'>redactos</span> <span class='ocrx_word' id='word_1_47' title='bbox 1223 980 1561 1048; x_wconf 81' lang='lat' dir='ltr'>pauperiem</span> <span class='ocrx_word' id='word_1_48' title='bbox 1623 978 1963 1045; x_wconf 76' lang='lat' dir='ltr'>sublevavit,</span> <span class='ocrx_word' id='word_1_49' title='bbox 2016 984 2073 1034; x_wconf 90' lang='lat' dir='ltr'>et</span> 
     </span>
    </p>
   </div>
   <div class='ocr_carea' id='block_1_11' title="bbox 414 1060 2071 1137">
    <p class='ocr_par' dir='ltr' id='par_1_11' title="bbox 414 1060 2071 1137">
     <span class='ocr_line' id='line_1_11' title="bbox 414 1060 2071 1137; baseline 0.005 -21"><span class='ocrx_word' id='word_1_50' title='bbox 414 1060 673 1130; x_wconf 80' lang='lat' dir='ltr'>alioquin</span> <span class='ocrx_word' id='word_1_51' title='bbox 726 1064 989 1119; x_wconf 82' lang='lat' dir='ltr'>adversis</span> <span class='ocrx_word' id='word_1_52' title='bbox 1040 1066 1216 1120; x_wconf 88' lang='lat' dir='ltr'>rebus</span> <span class='ocrx_word' id='word_1_53' title='bbox 1274 1082 1509 1137; x_wconf 87' lang='lat' dir='ltr'>pressos</span> <span class='ocrx_word' id='word_1_54' title='bbox 1566 1067 1928 1122; x_wconf 84' lang='lat' dir='ltr'>rcfocillavit.</span> <span class='ocrx_word' id='word_1_55' title='bbox 1963 1069 2071 1124; x_wconf 88' lang='lat' dir='ltr'>Pro</span> 
     </span>
    </p>
   </div>
   <div class='ocr_carea' id='block_1_12' title="bbox 416 1150 2070 1227">
    <p class='ocr_par' dir='ltr' id='par_1_12' title="bbox 416 1150 2070 1227">
     <span class='ocr_line' id='line_1_12' title="bbox 416 1150 2070 1227; baseline 0.005 -21"><span class='ocrx_word' id='word_1_56' title='bbox 416 1150 604 1207; x_wconf 88' lang='lat' dir='ltr'>salute</span> <span class='ocrx_word' id='word_1_57' title='bbox 634 1152 840 1205; x_wconf 71' lang='lat' dir='ltr'>anima:</span> <span class='ocrx_word' id='word_1_58' title='bbox 880 1156 1065 1209; x_wconf 87' lang='lat' dir='ltr'>soceri</span> <span class='ocrx_word' id='word_1_59' title='bbox 1117 1156 1205 1208; x_wconf 91' lang='lat' dir='ltr'>sui</span> <span class='ocrx_word' id='word_1_60' title='bbox 1260 1156 1613 1211; x_wconf 85' lang='lat' dir='ltr'>immensam</span> <span class='ocrx_word' id='word_1_61' title='bbox 1668 1157 1921 1227; x_wconf 69' lang='lat' dir='ltr'>pecuniae</span> <span class='ocrx_word' id='word_1_62' title='bbox 1951 1159 2070 1214; x_wconf 89' lang='lat' dir='ltr'>vim</span> 
     </span>
    </p>
   </div>
   <div class='ocr_carea' id='block_1_13' title="bbox 416 1238 2071 1313">
    <p class='ocr_par' dir='ltr' id='par_1_13' title="bbox 416 1238 2071 1313">
     <span class='ocr_line' id='line_1_13' title="bbox 416 1238 2071 1313; baseline 0.007 -20"><span class='ocrx_word' id='word_1_63' title='bbox 416 1238 724 1311; x_wconf 84' lang='lat' dir='ltr'>impendit.</span> <span class='ocrx_word' id='word_1_64' title='bbox 749 1241 897 1296; x_wconf 75' lang='lat'>487</span> <span class='ocrx_word' id='word_1_65' title='bbox 936 1243 1004 1296; x_wconf 87' lang='lat' dir='ltr'>Et</span> <span class='ocrx_word' id='word_1_66' title='bbox 1031 1260 1180 1313; x_wconf 87' lang='lat' dir='ltr'>quos</span> <span class='ocrx_word' id='word_1_67' title='bbox 1213 1242 1312 1298; x_wconf 91' lang='lat' dir='ltr'>ille</span> <span class='ocrx_word' id='word_1_68' title='bbox 1342 1244 1489 1299; x_wconf 89' lang='lat' dir='ltr'>male</span> <span class='ocrx_word' id='word_1_69' title='bbox 1518 1249 1891 1311; x_wconf 84' lang='lat' dir='ltr'>tractaverat,</span> <span class='ocrx_word' id='word_1_70' title='bbox 1926 1247 2071 1305; x_wconf 89' lang='lat' dir='ltr'>alios</span> 
     </span>
    </p>
   </div>
   <div class='ocr_carea' id='block_1_14' title="bbox 418 1328 2069 1403">
    <p class='ocr_par' dir='ltr' id='par_1_14' title="bbox 418 1328 2069 1403">
     <span class='ocr_line' id='line_1_14' title="bbox 418 1328 2069 1403; baseline 0.005 -20"><span class='ocrx_word' id='word_1_71' title='bbox 418 1328 742 1384; x_wconf 87' lang='lat' dir='ltr'>honoribus</span> <span class='ocrx_word' id='word_1_72' title='bbox 773 1329 916 1384; x_wconf 87' lang='lat' dir='ltr'>alios</span> <span class='ocrx_word' id='word_1_73' title='bbox 942 1331 1155 1401; x_wconf 86' lang='lat' dir='ltr'>opibus</span> <span class='ocrx_word' id='word_1_74' title='bbox 1186 1336 1288 1386; x_wconf 90' lang='lat' dir='ltr'>aut</span> <span class='ocrx_word' id='word_1_75' title='bbox 1320 1334 1563 1403; x_wconf 82' lang='lat' dir='ltr'>pecunia</span> <span class='ocrx_word' id='word_1_76' title='bbox 1595 1335 1930 1391; x_wconf 71' lang='lat' dir='ltr'>consolatus</span> <span class='ocrx_word' id='word_1_77' title='bbox 1962 1342 2069 1392; x_wconf 89' lang='lat' dir='ltr'>est.</span> 
     </span>
    </p>
   </div>
   <div class='ocr_carea' id='block_1_15' title="bbox 419 1418 2071 1485">
    <p class='ocr_par' dir='ltr' id='par_1_15' title="bbox 419 1418 2071 1485">
     <span class='ocr_line' id='line_1_15' title="bbox 419 1418 2071 1485; baseline 0.005 -12"><span class='ocrx_word' id='word_1_78' title='bbox 419 1418 749 1473; x_wconf 80' lang='lat' dir='ltr'>Romanum</span> <span class='ocrx_word' id='word_1_79' title='bbox 785 1418 1069 1485; x_wconf 88' lang='lat' dir='ltr'>Sclerum,</span> <span class='ocrx_word' id='word_1_80' title='bbox 1104 1421 1197 1476; x_wconf 91' lang='lat' dir='ltr'>cui</span> <span class='ocrx_word' id='word_1_81' title='bbox 1230 1439 1262 1475; x_wconf 91' lang='lat' dir='ltr'>a</span> <span class='ocrx_word' id='word_1_82' title='bbox 1292 1421 1677 1479; x_wconf 88' lang='lat' dir='ltr'>Constantino</span> <span class='ocrx_word' id='word_1_83' title='bbox 1708 1432 1906 1480; x_wconf 88' lang='lat' dir='ltr'>erutos</span> <span class='ocrx_word' id='word_1_84' title='bbox 1936 1442 2071 1481; x_wconf 91' lang='lat' dir='ltr'>ocu-</span> 
     </span>
    </p>
   </div>
   <div class='ocr_carea' id='block_1_16' title="bbox 416 1506 2070 1581">
    <p class='ocr_par' dir='ltr' id='par_1_16' title="bbox 416 1506 2070 1581">
     <span class='ocr_line' id='line_1_16' title="bbox 416 1506 2070 1581; baseline 0.005 -19"><span class='ocrx_word' id='word_1_85' title='bbox 416 1506 505 1563; x_wconf 89' lang='lat' dir='ltr'>los</span> <span class='ocrx_word' id='word_1_86' title='bbox 564 1508 1121 1576; x_wconf 84' lang='lat' dir='ltr'>demonstravimus,</span> <span class='ocrx_word' id='word_1_87' title='bbox 1181 1514 1397 1567; x_wconf 88' lang='lat' dir='ltr'>sororis</span> <span class='ocrx_word' id='word_1_88' title='bbox 1455 1530 1573 1567; x_wconf 75' lang='lat' dir='ltr'>suze</span> <span class='ocrx_word' id='word_1_89' title='bbox 1633 1514 1941 1581; x_wconf 90' lang='lat' dir='ltr'>maritum,</span> <span class='ocrx_word' id='word_1_90' title='bbox 2000 1516 2070 1571; x_wconf 89' lang='lat' dir='ltr'>ad</span> 
     </span>
    </p>
   </div>
   <div class='ocr_carea' id='block_1_17' title="bbox 417 1595 2073 1669">
    <p class='ocr_par' dir='ltr' id='par_1_17' title="bbox 417 1595 2073 1669">
     <span class='ocr_line' id='line_1_17' title="bbox 417 1595 2073 1669; baseline 0.005 -18"><span class='ocrx_word' id='word_1_91' title='bbox 417 1595 785 1668; x_wconf 85' lang='lat' dir='ltr'>splendorem</span> <span class='ocrx_word' id='word_1_92' title='bbox 824 1598 1143 1669; x_wconf 82' lang='lat' dir='ltr'>magisterii</span> <span class='ocrx_word' id='word_1_93' title='bbox 1173 1600 1398 1655; x_wconf 84' lang='lat' dir='ltr'>extulit.</span> <span class='ocrx_word' id='word_1_94' title='bbox 1423 1602 1492 1656; x_wconf 84' lang='lat' dir='ltr'>Et</span> <span class='ocrx_word' id='word_1_95' title='bbox 1514 1620 1545 1656; x_wconf 90' lang='lat' dir='ltr'>a</span> <span class='ocrx_word' id='word_1_96' title='bbox 1569 1603 1848 1659; x_wconf 88' lang='lat' dir='ltr'>diuturno</span> <span class='ocrx_word' id='word_1_97' title='bbox 1870 1603 2073 1659; x_wconf 81' lang='lat' dir='ltr'>exsilio</span> 
     </span>
    </p>
   </div>
   <div class='ocr_carea' id='block_1_18' title="bbox 417 1686 2071 1763">
    <p class='ocr_par' dir='ltr' id='par_1_18' title="bbox 417 1686 2071 1763">
     <span class='ocr_line' id='line_1_18' title="bbox 417 1686 2071 1763; baseline 0.004 -22"><span class='ocrx_word' id='word_1_98' title='bbox 417 1687 705 1741; x_wconf 86' lang='lat' dir='ltr'>revocavit</span> <span class='ocrx_word' id='word_1_99' title='bbox 748 1686 1136 1758; x_wconf 88' lang='lat' dir='ltr'>Nicephorum</span> <span class='ocrx_word' id='word_1_100' title='bbox 1168 1689 1470 1761; x_wconf 86' lang='lat' dir='ltr'>Xipbiam,</span> <span class='ocrx_word' id='word_1_101' title='bbox 1506 1692 1607 1762; x_wconf 90' lang='lat' dir='ltr'>qui</span> <span class='ocrx_word' id='word_1_102' title='bbox 1640 1698 1847 1763; x_wconf 87' lang='lat' dir='ltr'>sponte</span> <span class='ocrx_word' id='word_1_103' title='bbox 1880 1710 1987 1748; x_wconf 90' lang='lat' dir='ltr'>sua</span> <span class='ocrx_word' id='word_1_104' title='bbox 2014 1694 2071 1748; x_wconf 91' lang='lat' dir='ltr'>in</span> 
     </span>
    </p>
   </div>
   <div class='ocr_carea' id='block_1_19' title="bbox 417 1775 1701 1847">
    <p class='ocr_par' dir='ltr' id='par_1_19' title="bbox 417 1775 1701 1847">
     <span class='ocr_line' id='line_1_19' title="bbox 417 1775 1701 1847; baseline 0.005 -18"><span class='ocrx_word' id='word_1_105' title='bbox 417 1775 703 1830; x_wconf 87' lang='lat' dir='ltr'>Studiano</span> <span class='ocrx_word' id='word_1_106' title='bbox 736 1775 979 1847; x_wconf 82' lang='lat' dir='ltr'>collegio</span> <span class='ocrx_word' id='word_1_107' title='bbox 1010 1783 1102 1833; x_wconf 89' lang='lat' dir='ltr'>est</span> <span class='ocrx_word' id='word_1_108' title='bbox 1132 1779 1459 1834; x_wconf 88' lang='lat' dir='ltr'>monachus</span> <span class='ocrx_word' id='word_1_109' title='bbox 1491 1782 1701 1836; x_wconf 85' lang='lat' dir='ltr'>factus.</span> 
     </span>
    </p>
   </div>
   <div class='ocr_carea' id='block_1_20' title="bbox 2181 612 3828 695">
    <p class='ocr_par' dir='ltr' id='par_1_20' title="bbox 2181 612 3828 695">
     <span class='ocr_line' id='line_1_20' title="bbox 2181 612 3828 695; baseline -0.007 -18"><span class='ocrx_word' id='word_1_110' title='bbox 2181 621 2439 693; x_wconf 86' lang='grc' dir='ltr'>Ἐτίμησε</span> <span class='ocrx_word' id='word_1_111' title='bbox 2470 618 2527 675; x_wconf 74' lang='grc' dir='ltr'>δὲ</span> <span class='ocrx_word' id='word_1_112' title='bbox 2568 620 2658 675; x_wconf 87' lang='grc' dir='ltr'>καὶ</span> <span class='ocrx_word' id='word_1_113' title='bbox 2706 617 3040 695; x_wconf 83' lang='grc' dir='ltr'>συγκέλλους</span> <span class='ocrx_word' id='word_1_114' title='bbox 3090 612 3502 691; x_wconf 80' lang='grc' dir='ltr'>μητροπολίτας</span> <span class='ocrx_word' id='word_1_115' title='bbox 3533 618 3702 688; x_wconf 81' lang='grc' dir='ltr'>τρεῖς,</span> <span class='ocrx_word' id='word_1_116' title='bbox 3732 613 3828 668; x_wconf 87' lang='grc' dir='ltr'>τὸν</span> 
     </span>
    </p>
   </div>
   <div class='ocr_carea' id='block_1_21' title="bbox 2183 702 3826 788">
    <p class='ocr_par' dir='ltr' id='par_1_21' title="bbox 2183 702 3826 788">
     <span class='ocr_line' id='line_1_21' title="bbox 2183 702 3826 788; baseline -0.004 -23"><span class='ocrx_word' id='word_1_117' title='bbox 2183 711 2410 788; x_wconf 72' lang='grc' dir='ltr'>Ἐφέσου</span> <span class='ocrx_word' id='word_1_118' title='bbox 2444 710 2708 785; x_wconf 84' lang='grc' dir='ltr'>Κυριακὸν</span> <span class='ocrx_word' id='word_1_119' title='bbox 2738 710 2812 771; x_wconf 85' lang='grc' dir='ltr'>ὡς</span> <span class='ocrx_word' id='word_1_120' title='bbox 2860 712 2956 762; x_wconf 79' lang='grc' dir='ltr'>τοῦ</span> <span class='ocrx_word' id='word_1_121' title='bbox 2999 706 3344 781; x_wconf 80' lang='grc' dir='ltr'>πατριάρχου</span> <span class='ocrx_word' id='word_1_122' title='bbox 3375 702 3655 777; x_wconf 83' lang='grc' dir='ltr'>ὅμαίμονα</span> <span class='ocrx_word' id='word_1_123' title='bbox 3687 704 3826 775; x_wconf 84' lang='grc'>(78),</span> 
     </span>
    </p>
   </div>
   <div class='ocr_carea' id='block_1_22' title="bbox 2180 791 3830 876">
    <p class='ocr_par' dir='ltr' id='par_1_22' title="bbox 2180 791 3830 876">
     <span class='ocr_line' id='line_1_22' title="bbox 2180 791 3830 876; baseline -0.005 -22"><span class='ocrx_word' id='word_1_124' title='bbox 2180 802 2495 876; x_wconf 78' lang='grc' dir='ltr'>Δημήτριον</span> <span class='ocrx_word' id='word_1_125' title='bbox 2552 799 2647 853; x_wconf 86' lang='grc' dir='ltr'>τὸν</span> <span class='ocrx_word' id='word_1_126' title='bbox 2708 797 2947 867; x_wconf 75' lang='grc' dir='ltr'>Κυζίκου</span> <span class='ocrx_word' id='word_1_127' title='bbox 3003 797 3077 857; x_wconf 83' lang='grc' dir='ltr'>ὡς</span> <span class='ocrx_word' id='word_1_128' title='bbox 3123 795 3248 850; x_wconf 78' lang='grc' dir='ltr'>λίαν</span> <span class='ocrx_word' id='word_1_129' title='bbox 3299 791 3562 865; x_wconf 80' lang='grc' dir='ltr'>αὐτῷκαὶ</span> <span class='ocrx_word' id='word_1_130' title='bbox 3594 792 3830 865; x_wconf 81' lang='grc' dir='ltr'>πρὸτῆς</span> 
     </span>
    </p>
   </div>
   <div class='ocr_carea' id='block_1_23' title="bbox 2183 881 3835 966">
    <p class='ocr_par' dir='ltr' id='par_1_23' title="bbox 2183 881 3835 966">
     <span class='ocr_line' id='line_1_23' title="bbox 2183 881 3835 966; baseline -0.007 -20"><span class='ocrx_word' id='word_1_131' title='bbox 2183 889 2462 966; x_wconf 77' lang='grc' dir='ltr'>βασιλείας</span> <span class='ocrx_word' id='word_1_132' title='bbox 2505 889 2904 966; x_wconf 66' lang='grc' dir='ltr'>πεφιλημένον,</span> <span class='ocrx_word' id='word_1_133' title='bbox 2958 886 3048 941; x_wconf 84' lang='grc' dir='ltr'>καὶ</span> <span class='ocrx_word' id='word_1_134' title='bbox 3100 883 3334 961; x_wconf 76' lang='grc' dir='ltr'>Μιχαὴλ</span> <span class='ocrx_word' id='word_1_135' title='bbox 3364 884 3455 938; x_wconf 87' lang='grc' dir='ltr'>τὸν</span> <span class='ocrx_word' id='word_1_136' title='bbox 3486 886 3594 936; x_wconf 80' lang='grc' dir='ltr'>τῶν</span> <span class='ocrx_word' id='word_1_137' title='bbox 3630 881 3835 957; x_wconf 75' lang='grc' dir='ltr'>Εὐχαϊ-</span> 
     </span>
    </p>
   </div>
   <div class='ocr_carea' id='block_1_24' title="bbox 2178 968 3829 1053">
    <p class='ocr_par' dir='ltr' id='par_1_24' title="bbox 2178 968 3829 1053">
     <span class='ocr_line' id='line_1_24' title="bbox 2178 968 3829 1053; baseline -0.006 -20"><span class='ocrx_word' id='word_1_138' title='bbox 2178 984 2281 1034; x_wconf 77' lang='grc' dir='ltr'>τῶν</span> <span class='ocrx_word' id='word_1_139' title='bbox 2314 982 2431 1042; x_wconf 82' lang='grc' dir='ltr'>καθ’</span> <span class='ocrx_word' id='word_1_140' title='bbox 2464 979 2598 1053; x_wconf 76' lang='grc' dir='ltr'>αἷμα</span> <span class='ocrx_word' id='word_1_141' title='bbox 2645 978 2824 1050; x_wconf 74' lang='grc' dir='ltr'>τούτῳ</span> <span class='ocrx_word' id='word_1_142' title='bbox 2882 976 3158 1051; x_wconf 79' lang='grc' dir='ltr'>ἐγγίζοντα</span> <span class='ocrx_word' id='word_1_143' title='bbox 3216 972 3303 1028; x_wconf 75' lang='grc' dir='ltr'>διὰ</span> <span class='ocrx_word' id='word_1_144' title='bbox 3350 974 3412 1027; x_wconf 86' lang='grc' dir='ltr'>τὸ</span> <span class='ocrx_word' id='word_1_145' title='bbox 3459 971 3737 1045; x_wconf 72' lang='grc' dir='ltr'>ἀναφέρειν</span> <span class='ocrx_word' id='word_1_146' title='bbox 3765 968 3829 1024; x_wconf 83' lang='grc' dir='ltr'>τὸ</span> 
     </span>
    </p>
   </div>
   <div class='ocr_carea' id='block_1_25' title="bbox 2179 1054 3834 1143">
    <p class='ocr_par' dir='ltr' id='par_1_25' title="bbox 2179 1054 3834 1143">
     <span class='ocr_line' id='line_1_25' title="bbox 2179 1054 3834 1143; baseline -0.008 -20"><span class='ocrx_word' id='word_1_147' title='bbox 2179 1069 2335 1143; x_wconf 90' lang='grc' dir='ltr'>γένος</span> <span class='ocrx_word' id='word_1_148' title='bbox 2383 1068 2460 1130; x_wconf 67' lang='grc' dir='ltr'>εἷς</span> <span class='ocrx_word' id='word_1_149' title='bbox 2507 1068 2634 1129; x_wconf 70' lang='grc' dir='ltr'>τοὺς</span> <span class='ocrx_word' id='word_1_150' title='bbox 2701 1067 3035 1141; x_wconf 73' lang='grc' dir='ltr'>λεγομένους</span> <span class='ocrx_word' id='word_1_151' title='bbox 3080 1061 3394 1133; x_wconf 69' lang='grc' dir='ltr'>Ῥαδηνούς.</span> <span class='ocrx_word' id='word_1_152' title='bbox 3453 1060 3709 1128; x_wconf 79' lang='grc' dir='ltr'>Ἰωάννην</span> <span class='ocrx_word' id='word_1_153' title='bbox 3774 1054 3834 1111; x_wconf 70' lang='grc' dir='ltr'>δὲ</span> 
     </span>
    </p>
   </div>
   <div class='ocr_carea' id='block_1_26' title="bbox 2180 1145 3829 1229">
    <p class='ocr_par' dir='ltr' id='par_1_26' title="bbox 2180 1145 3829 1229">
     <span class='ocr_line' id='line_1_26' title="bbox 2180 1145 3829 1229; baseline -0.008 -16"><span class='ocrx_word' id='word_1_154' title='bbox 2180 1160 2270 1213; x_wconf 85' lang='grc' dir='ltr'>τὸν</span> <span class='ocrx_word' id='word_1_155' title='bbox 2302 1162 2398 1212; x_wconf 71' lang='grc' dir='ltr'>τοῦ</span> <span class='ocrx_word' id='word_1_156' title='bbox 2424 1155 2709 1212; x_wconf 74' lang='grc' dir='ltr'>Βασιλείου</span> <span class='ocrx_word' id='word_1_157' title='bbox 2752 1161 2852 1210; x_wconf 79' lang='grc' dir='ltr'>τοῦ</span> <span class='ocrx_word' id='word_1_158' title='bbox 2904 1152 3172 1229; x_wconf 82' lang='grc' dir='ltr'>βασιλέως</span> <span class='ocrx_word' id='word_1_159' title='bbox 3228 1151 3685 1228; x_wconf 76' lang='grc' dir='ltr'>πρωτονοτάριον,</span> <span class='ocrx_word' id='word_1_160' title='bbox 3717 1145 3829 1217; x_wconf 74' lang='grc' dir='ltr'>ἤδη</span> 
     </span>
    </p>
   </div>
   <div class='ocr_carea' id='block_1_27' title="bbox 2179 1235 3832 1320">
    <p class='ocr_par' dir='ltr' id='par_1_27' title="bbox 2179 1235 3832 1320">
     <span class='ocr_line' id='line_1_27' title="bbox 2179 1235 3832 1320; baseline -0.007 -19"><span class='ocrx_word' id='word_1_161' title='bbox 2179 1248 2279 1316; x_wconf 82' lang='grc' dir='ltr'>τήν</span> <span class='ocrx_word' id='word_1_162' title='bbox 2334 1248 2605 1320; x_wconf 74' lang='grc' dir='ltr'>κοσμικὴν</span> <span class='ocrx_word' id='word_1_163' title='bbox 2678 1246 2999 1320; x_wconf 79' lang='grc' dir='ltr'>κειράμενον</span> <span class='ocrx_word' id='word_1_164' title='bbox 3069 1242 3258 1318; x_wconf 81' lang='grc' dir='ltr'>τρίχα,</span> <span class='ocrx_word' id='word_1_165' title='bbox 3338 1235 3832 1312; x_wconf 79' lang='grc' dir='ltr'>μεταπεμψάμενος</span> 
     </span>
    </p>
   </div>
   <div class='ocr_carea' id='block_1_28' title="bbox 2180 1325 3830 1424">
    <p class='ocr_par' dir='ltr' id='par_1_28' title="bbox 2180 1325 3830 1424">
     <span class='ocr_line' id='line_1_28' title="bbox 2180 1325 3830 1424; baseline -0.008 -30"><span class='ocrx_word' id='word_1_166' title='bbox 2180 1338 2270 1394; x_wconf 86' lang='grc' dir='ltr'>καὶ</span> <span class='ocrx_word' id='word_1_167' title='bbox 2304 1336 2603 1413; x_wconf 76' lang='grc' dir='ltr'>σύγκελλον</span> <span class='ocrx_word' id='word_1_168' title='bbox 2642 1339 2879 1409; x_wconf 81' lang='grc' dir='ltr'>τιμήσας</span> <span class='ocrx_word' id='word_1_169' title='bbox 2925 1338 2995 1408; x_wconf 77' lang='grc' dir='ltr'>τῇ</span> <span class='ocrx_word' id='word_1_170' title='bbox 3044 1336 3141 1402; x_wconf 71' lang='grc' dir='ltr'>τῆς</span> <span class='ocrx_word' id='word_1_171' title='bbox 3187 1332 3376 1424; x_wconf 44' lang='grc' dir='ltr'>έαυτοίύ</span> <span class='ocrx_word' id='word_1_172' title='bbox 3404 1328 3637 1424; x_wconf 50' lang='grc' dir='ltr'>συζθξγου</span> <span class='ocrx_word' id='word_1_173' title='bbox 3667 1325 3830 1424; x_wconf 65' lang='grc' dir='ltr'>αδελ-</span> 
     </span>
    </p>
   </div>
   <div class='ocr_carea' id='block_1_29' title="bbox 2184 1415 3832 1504">
    <p class='ocr_par' dir='ltr' id='par_1_29' title="bbox 2184 1415 3832 1504">
     <span class='ocr_line' id='line_1_29' title="bbox 2184 1415 3832 1504; baseline -0.009 -20"><span class='ocrx_word' id='word_1_174' title='bbox 2184 1431 2259 1501; x_wconf 75' lang='grc' dir='ltr'><strong>φῇ</strong></span> <span class='ocrx_word' id='word_1_175' title='bbox 2292 1426 2546 1501; x_wconf 82' lang='grc' dir='ltr'>Θεοδώρᾳ</span> <span class='ocrx_word' id='word_1_176' title='bbox 2591 1428 2825 1504; x_wconf 76' lang='grc' dir='ltr'>φρουρὸν</span> <span class='ocrx_word' id='word_1_177' title='bbox 2872 1424 3185 1493; x_wconf 87' lang='grc' dir='ltr'>κατέστησε.</span> <span class='ocrx_word' id='word_1_178' title='bbox 3230 1417 3482 1480; x_wconf 76' lang='grc' dir='ltr'>Πολλοὺς</span> <span class='ocrx_word' id='word_1_179' title='bbox 3515 1415 3573 1472; x_wconf 65' lang='lat' dir='ltr'>Si</span> <span class='ocrx_word' id='word_1_180' title='bbox 3600 1417 3686 1471; x_wconf 85' lang='grc' dir='ltr'>καὶ</span> <span class='ocrx_word' id='word_1_181' title='bbox 3719 1415 3832 1470; x_wconf 77' lang='grc' dir='ltr'>τῶν</span> 
     </span>
    </p>
   </div>
   <div class='ocr_carea' id='block_1_30' title="bbox 2185 1503 3835 1593">
    <p class='ocr_par' dir='ltr' id='par_1_30' title="bbox 2185 1503 3835 1593">
     <span class='ocr_line' id='line_1_30' title="bbox 2185 1503 3835 1593; baseline -0.008 -22"><span class='ocrx_word' id='word_1_182' title='bbox 2185 1516 2518 1593; x_wconf 82' lang='grc' dir='ltr'>λειτουργῶν</span> <span class='ocrx_word' id='word_1_183' title='bbox 2550 1520 2646 1569; x_wconf 81' lang='grc' dir='ltr'>τοῦ</span> <span class='ocrx_word' id='word_1_184' title='bbox 2686 1519 2818 1570; x_wconf 69' lang='grc' dir='ltr'>Θεοῦ</span> <span class='ocrx_word' id='word_1_185' title='bbox 2876 1512 2936 1568; x_wconf 81' lang='grc' dir='ltr'>έκ</span> <span class='ocrx_word' id='word_1_186' title='bbox 2979 1516 3087 1566; x_wconf 78' lang='grc' dir='ltr'>τῶν</span> <span class='ocrx_word' id='word_1_187' title='bbox 3144 1506 3538 1583; x_wconf 73' lang='grc' dir='ltr'>ὀλληλεγγῦων</span> <span class='ocrx_word' id='word_1_188' title='bbox 3560 1505 3637 1568; x_wconf 79' lang='grc' dir='ltr'>εἷς</span> <span class='ocrx_word' id='word_1_189' title='bbox 3668 1503 3835 1580; x_wconf 80' lang='grc' dir='ltr'>ἐσχά-</span> 
     </span>
    </p>
   </div>
   <div class='ocr_carea' id='block_1_31' title="bbox 2181 1593 3837 1676">
    <p class='ocr_par' dir='ltr' id='par_1_31' title="bbox 2181 1593 3837 1676">
     <span class='ocr_line' id='line_1_31' title="bbox 2181 1593 3837 1676; baseline -0.009 -15"><span class='ocrx_word' id='word_1_190' title='bbox 2181 1628 2281 1676; x_wconf 86' lang='grc' dir='ltr'>την</span> <span class='ocrx_word' id='word_1_191' title='bbox 2340 1605 2597 1667; x_wconf 80' lang='grc' dir='ltr'>ἐλθόντας</span> <span class='ocrx_word' id='word_1_192' title='bbox 2660 1602 2842 1658; x_wconf 86' lang='grc' dir='ltr'>πενίαν</span> <span class='ocrx_word' id='word_1_193' title='bbox 2920 1602 3274 1670; x_wconf 75' lang='grc' dir='ltr'>ἀνεκτήσατο,</span> <span class='ocrx_word' id='word_1_194' title='bbox 3315 1594 3572 1657; x_wconf 73' lang='grc' dir='ltr'>καὶτοὺς</span> <span class='ocrx_word' id='word_1_195' title='bbox 3627 1593 3837 1654; x_wconf 81' lang='grc' dir='ltr'>ἄλΑους</span> 
     </span>
    </p>
   </div>
   <div class='ocr_carea' id='block_1_32' title="bbox 2185 1681 3837 1773">
    <p class='ocr_par' dir='ltr' id='par_1_32' title="bbox 2185 1681 3837 1773">
     <span class='ocr_line' id='line_1_32' title="bbox 2185 1681 3837 1773; baseline -0.009 -23"><span class='ocrx_word' id='word_1_196' title='bbox 2185 1693 2583 1773; x_wconf 75' lang='grc' dir='ltr'>δυσφοροῦντας</span> <span class='ocrx_word' id='word_1_197' title='bbox 2638 1693 2729 1748; x_wconf 86' lang='grc' dir='ltr'>καὶ</span> <span class='ocrx_word' id='word_1_198' title='bbox 2790 1691 3148 1764; x_wconf 73' lang='grc' dir='ltr'>πιεζομένους</span> <span class='ocrx_word' id='word_1_199' title='bbox 3200 1688 3452 1761; x_wconf 82' lang='grc' dir='ltr'>ἁποριαις</span> <span class='ocrx_word' id='word_1_200' title='bbox 3488 1681 3837 1760; x_wconf 80' lang='grc' dir='ltr'>παραμυθίας</span> 
     </span>
    </p>
   </div>
   <div class='ocr_carea' id='block_1_33' title="bbox 2183 1773 3840 1860">
    <p class='ocr_par' dir='ltr' id='par_1_33' title="bbox 2183 1773 3840 1860">
     <span class='ocr_line' id='line_1_33' title="bbox 2183 1773 3840 1860; baseline -0.008 -22"><span class='ocrx_word' id='word_1_201' title='bbox 2183 1784 2400 1855; x_wconf 78' lang='grc' dir='ltr'>ἠξίωσε.</span> <span class='ocrx_word' id='word_1_202' title='bbox 2434 1784 2680 1860; x_wconf 78' lang='grc' dir='ltr'>Ηαρέσχι</span> <span class='ocrx_word' id='word_1_203' title='bbox 2738 1779 2794 1836; x_wconf 70' lang='grc' dir='ltr'>δὲ</span> <span class='ocrx_word' id='word_1_204' title='bbox 2841 1781 2930 1836; x_wconf 79' lang='grc' dir='ltr'>καὶ</span> <span class='ocrx_word' id='word_1_205' title='bbox 2978 1777 3283 1855; x_wconf 73' lang='grc' dir='ltr'>χρημάτων</span> <span class='ocrx_word' id='word_1_206' title='bbox 3332 1773 3548 1844; x_wconf 85' lang='grc' dir='ltr'>πλῆθος</span> <span class='ocrx_word' id='word_1_207' title='bbox 3598 1774 3840 1860; x_wconf 82' lang='grc' dir='ltr'>ἀριθμοῦ</span> 
     </span>
    </p>
   </div>
   <div class='ocr_carea' id='block_1_34' title="bbox 414 1858 3838 1947">
    <p class='ocr_par' dir='ltr' id='par_1_34' title="bbox 414 1858 3838 1947">
     <span class='ocr_line' id='line_1_34' title="bbox 414 1858 3838 1947; baseline -0.001 -31"><span class='ocrx_word' id='word_1_208' title='bbox 414 1868 658 1938; x_wconf 86' lang='grc' dir='ltr'>κρεῖττον</span> <span class='ocrx_word' id='word_1_209' title='bbox 690 1863 819 1937; x_wconf 62' lang='grc' dir='ltr'>ὑπὲρ</span> <span class='ocrx_word' id='word_1_210' title='bbox 852 1864 1126 1938; x_wconf 86' lang='grc' dir='ltr'>σωτηρίας</span> <span class='ocrx_word' id='word_1_211' title='bbox 1175 1869 1362 1941; x_wconf 77' lang='grc' dir='ltr'>ψυχῆς</span> <span class='ocrx_word' id='word_1_212' title='bbox 1415 1871 1512 1920; x_wconf 78' lang='grc' dir='ltr'>τοῦ</span> <span class='ocrx_word' id='word_1_213' title='bbox 1570 1869 1760 1923; x_wconf 68' lang='grc' dir='ltr'>ἑαυτοῦ</span> <span class='ocrx_word' id='word_1_214' title='bbox 1819 1876 2107 1944; x_wconf 60' lang='grc' dir='ltr'>πενθεροῦ,</span> <span class='ocrx_word' id='word_1_215' title='bbox 2160 1873 2385 1943; x_wconf 76' lang='grc' dir='ltr'>Ἠξίωσι</span> <span class='ocrx_word' id='word_1_216' title='bbox 2438 1858 2948 1947; x_wconf 11' lang='grc' dir='ltr'>δὶγπαραπλησίως</span> <span class='ocrx_word' id='word_1_217' title='bbox 3006 1868 3095 1923; x_wconf 79' lang='grc' dir='ltr'>καὶ</span> <span class='ocrx_word' id='word_1_218' title='bbox 3142 1866 3269 1928; x_wconf 74' lang='grc' dir='ltr'>τοὺς</span> <span class='ocrx_word' id='word_1_219' title='bbox 3329 1866 3446 1920; x_wconf 77' lang='grc' dir='ltr'>ὅσοι</span> <span class='ocrx_word' id='word_1_220' title='bbox 3491 1865 3672 1922; x_wconf 80' lang='grc' dir='ltr'>κακῶς</span> <span class='ocrx_word' id='word_1_221' title='bbox 3702 1858 3838 1914; x_wconf 67' lang='lat' dir='ltr'>Em:-</span> 
     </span>
    </p>
   </div>
   <div class='ocr_carea' id='block_1_35' title="bbox 417 1948 3836 2032">
    <p class='ocr_par' dir='ltr' id='par_1_35' title="bbox 417 1948 3836 2032">
     <span class='ocr_line' id='line_1_35' title="bbox 417 1948 3836 2032; baseline -0.001 -29"><span class='ocrx_word' id='word_1_222' title='bbox 417 1959 511 2012; x_wconf 89' lang='grc' dir='ltr'>θον</span> <span class='ocrx_word' id='word_1_223' title='bbox 574 1949 661 2004; x_wconf 83' lang='grc' dir='ltr'>ὑπ’</span> <span class='ocrx_word' id='word_1_224' title='bbox 719 1948 904 2007; x_wconf 75' lang='grc' dir='ltr'>αὐτοῦ.</span> <span class='ocrx_word' id='word_1_225' title='bbox 963 1952 1088 2013; x_wconf 76' lang='grc' dir='ltr'>τοὺς</span> <span class='ocrx_word' id='word_1_226' title='bbox 1138 1952 1231 2024; x_wconf 79' lang='grc' dir='ltr'>μὶν</span> <span class='ocrx_word' id='word_1_227' title='bbox 1292 1953 1366 2015; x_wconf 76' lang='grc' dir='ltr'>εἷς</span> <span class='ocrx_word' id='word_1_228' title='bbox 1424 1954 1705 2027; x_wconf 84' lang='grc' dir='ltr'>ἀξιώματα</span> <span class='ocrx_word' id='word_1_229' title='bbox 1756 1952 2114 2029; x_wconf 70' lang='grc' dir='ltr'>προϐιϐάσας,</span> <span class='ocrx_word' id='word_1_230' title='bbox 2171 1959 2297 2021; x_wconf 66' lang='grc' dir='ltr'>τους</span> <span class='ocrx_word' id='word_1_231' title='bbox 2356 1958 2412 2014; x_wconf 81' lang='grc' dir='ltr'>δὲ</span> <span class='ocrx_word' id='word_1_232' title='bbox 2470 1959 2522 2014; x_wconf 78' lang='grc' dir='ltr'>έν</span> <span class='ocrx_word' id='word_1_233' title='bbox 2555 1962 2795 2032; x_wconf 78' lang='grc' dir='ltr'>κτήμασι</span> <span class='ocrx_word' id='word_1_234' title='bbox 2862 1957 2952 2012; x_wconf 85' lang='grc' dir='ltr'>καὶ</span> <span class='ocrx_word' id='word_1_235' title='bbox 3011 1953 3216 2016; x_wconf 75' lang='grc' dir='ltr'>ἄλλους</span> <span class='ocrx_word' id='word_1_236' title='bbox 3273 1951 3327 2007; x_wconf 82' lang='grc' dir='ltr'>έν</span> <span class='ocrx_word' id='word_1_237' title='bbox 3371 1951 3623 2026; x_wconf 77' lang='grc' dir='ltr'>χρήμασι</span> <span class='ocrx_word' id='word_1_238' title='bbox 3656 1966 3836 2020; x_wconf 85' lang='grc' dir='ltr'>παρα-</span> 
     </span>
    </p>
   </div>
   <div class='ocr_carea' id='block_1_36' title="bbox 419 2035 3833 2124">
    <p class='ocr_par' dir='ltr' id='par_1_36' title="bbox 419 2035 3833 2124">
     <span class='ocr_line' id='line_1_36' title="bbox 419 2035 3833 2124; baseline 0.001 -32"><span class='ocrx_word' id='word_1_239' title='bbox 419 2040 826 2124; x_wconf 80' lang='grc' dir='ltr'>μυθησάμενος.</span> <span class='ocrx_word' id='word_1_240' title='bbox 859 2042 1105 2117; x_wconf 79' lang='grc' dir='ltr'>Ανήγαγε</span> <span class='ocrx_word' id='word_1_241' title='bbox 1166 2040 1224 2097; x_wconf 66' lang='grc' dir='ltr'>δέ</span> <span class='ocrx_word' id='word_1_242' title='bbox 1276 2044 1363 2097; x_wconf 79' lang='grc' dir='ltr'>καὶ</span> <span class='ocrx_word' id='word_1_243' title='bbox 1425 2043 1501 2104; x_wconf 64' lang='grc' dir='ltr'>εἷς</span> <span class='ocrx_word' id='word_1_244' title='bbox 1554 2045 1616 2098; x_wconf 90' lang='grc' dir='ltr'>τὸ</span> <span class='ocrx_word' id='word_1_245' title='bbox 1676 2044 1927 2121; x_wconf 83' lang='grc' dir='ltr'>λαμπρὸν</span> <span class='ocrx_word' id='word_1_246' title='bbox 2001 2052 2111 2103; x_wconf 83' lang='grc' dir='ltr'>τῶν</span> <span class='ocrx_word' id='word_1_247' title='bbox 2184 2049 2488 2124; x_wconf 86' lang='grc' dir='ltr'>μαγίστρων</span> <span class='ocrx_word' id='word_1_248' title='bbox 2557 2048 2772 2122; x_wconf 77' lang='grc' dir='ltr'>ἀξίωμα</span> <span class='ocrx_word' id='word_1_249' title='bbox 2822 2047 2913 2102; x_wconf 87' lang='grc' dir='ltr'>τὸν</span> <span class='ocrx_word' id='word_1_250' title='bbox 2958 2046 3040 2100; x_wconf 84' lang='grc' dir='ltr'>ἐπ’</span> <span class='ocrx_word' id='word_1_251' title='bbox 3092 2042 3301 2120; x_wconf 78' lang='grc' dir='ltr'>ἀδελφῇ</span> <span class='ocrx_word' id='word_1_252' title='bbox 3359 2035 3606 2117; x_wconf 76' lang='grc' dir='ltr'>γαμϐρὸν</span> <span class='ocrx_word' id='word_1_253' title='bbox 3664 2036 3833 2091; x_wconf 67' lang='grc' dir='ltr'>αὺτοῦ</span> 
     </span>
    </p>
   </div>
   <div class='ocr_carea' id='block_1_37' title="bbox 413 2114 3836 2212">
    <p class='ocr_par' dir='ltr' id='par_1_37' title="bbox 413 2114 3836 2212">
     <span class='ocr_line' id='line_1_37' title="bbox 413 2114 3836 2212; baseline 0.002 -29"><span class='ocrx_word' id='word_1_254' title='bbox 413 2114 694 2199; x_wconf 75' lang='grc' dir='ltr'>Ῥωμανὸν</span> <span class='ocrx_word' id='word_1_255' title='bbox 743 2129 836 2182; x_wconf 85' lang='grc' dir='ltr'>τὸν</span> <span class='ocrx_word' id='word_1_256' title='bbox 890 2114 1164 2202; x_wconf 82' lang='grc' dir='ltr'>Σκληρὸν,</span> <span class='ocrx_word' id='word_1_257' title='bbox 1200 2130 1257 2185; x_wconf 80' lang='grc' dir='ltr'>ὄν</span> <span class='ocrx_word' id='word_1_258' title='bbox 1321 2133 1348 2186; x_wconf 99' lang='lat'>6</span> <span class='ocrx_word' id='word_1_259' title='bbox 1392 2114 1845 2196; x_wconf 32' lang='lat' dir='ltr'>Kmve‘ravﬁvoc.’</span> <span class='ocrx_word' id='word_1_260' title='bbox 1877 2136 1951 2198; x_wconf 86' lang='grc' dir='ltr'>ὡς</span> <span class='ocrx_word' id='word_1_261' title='bbox 2011 2114 2283 2211; x_wconf 45' lang='lat' dir='ltr'>sinonem.</span> <span class='ocrx_word' id='word_1_262' title='bbox 2317 2114 2725 2212; x_wconf 45' lang='lat' dir='ltr'>dine-uicphceev‘.</span> <span class='ocrx_word' id='word_1_263' title='bbox 2788 2133 3178 2191; x_wconf 78' lang='grc' dir='ltr'>Ἀνεκαλέσατο</span> <span class='ocrx_word' id='word_1_264' title='bbox 3342 2114 3429 2185; x_wconf 83' lang='grc' dir='ltr'>καὶ</span> <span class='ocrx_word' id='word_1_265' title='bbox 3469 2114 3572 2198; x_wconf 75' lang='grc' dir='ltr'>τῆς</span> <span class='ocrx_word' id='word_1_266' title='bbox 3600 2125 3836 2202; x_wconf 75' lang='grc' dir='ltr'>Χρονίας</span> 
     </span>
    </p>
   </div>
   <div class='ocr_carea' id='block_1_38' title="bbox 417 2216 3833 2302">
    <p class='ocr_par' dir='ltr' id='par_1_38' title="bbox 417 2216 3833 2302">
     <span class='ocr_line' id='line_1_38' title="bbox 417 2216 3833 2302; baseline -0.003 -22"><span class='ocrx_word' id='word_1_267' title='bbox 417 2216 705 2291; x_wconf 77' lang='grc' dir='ltr'>ὑπερορίας</span> <span class='ocrx_word' id='word_1_268' title='bbox 747 2218 1060 2295; x_wconf 71' lang='grc' dir='ltr'>Νικηφόρον</span> <span class='ocrx_word' id='word_1_269' title='bbox 1098 2219 1190 2274; x_wconf 86' lang='grc' dir='ltr'>τὸν</span> <span class='ocrx_word' id='word_1_270' title='bbox 1251 2220 1474 2296; x_wconf 80' lang='grc' dir='ltr'>Ξιφίαν,</span> <span class='ocrx_word' id='word_1_271' title='bbox 1527 2222 1587 2283; x_wconf 73' lang='grc' dir='ltr'>ὃς</span> <span class='ocrx_word' id='word_1_272' title='bbox 1645 2221 1933 2294; x_wconf 70' lang='grc' dir='ltr'>ἐθελοντὴς</span> <span class='ocrx_word' id='word_1_273' title='bbox 2002 2225 2053 2280; x_wconf 88' lang='grc' dir='ltr'>έν</span> <span class='ocrx_word' id='word_1_274' title='bbox 2111 2230 2181 2302; x_wconf 80' lang='grc' dir='ltr'>τῇ</span> <span class='ocrx_word' id='word_1_275' title='bbox 2253 2225 2393 2300; x_wconf 85' lang='grc' dir='ltr'>μονῇ</span> <span class='ocrx_word' id='word_1_276' title='bbox 2441 2232 2550 2282; x_wconf 84' lang='grc' dir='ltr'>τῶν</span> <span class='ocrx_word' id='word_1_277' title='bbox 2611 2222 2875 2281; x_wconf 80' lang='grc' dir='ltr'>Στουδίου</span> <span class='ocrx_word' id='word_1_278' title='bbox 2920 2225 2981 2279; x_wconf 87' lang='grc' dir='ltr'>τὸ</span> <span class='ocrx_word' id='word_1_279' title='bbox 3036 2227 3143 2278; x_wconf 84' lang='grc' dir='ltr'>τῶν</span> <span class='ocrx_word' id='word_1_280' title='bbox 3209 2223 3467 2296; x_wconf 83' lang='grc' dir='ltr'>μοναχῶν</span> <span class='ocrx_word' id='word_1_281' title='bbox 3522 2216 3833 2295; x_wconf 77' lang='grc' dir='ltr'>ἠμφιέσατο</span> 
     </span>
    </p>
   </div>
   <div class='ocr_carea' id='block_1_39' title="bbox 417 2312 635 2381">
    <p class='ocr_par' dir='ltr' id='par_1_39' title="bbox 417 2312 635 2381">
     <span class='ocr_line' id='line_1_39' title="bbox 417 2312 635 2381; baseline -0.009 -2"><span class='ocrx_word' id='word_1_282' title='bbox 417 2312 527 2381; x_wconf 77' lang='grc' dir='ltr'>σχῆ</span> <span class='ocrx_word' id='word_1_283' title='bbox 540 2326 635 2378; x_wconf 59' lang='grc' dir='ltr'>μα.</span> 
     </span>
    </p>
   </div>
   <div class='ocr_carea' id='block_1_40' title="bbox 487 2393 2085 2479">
    <p class='ocr_par' dir='ltr' id='par_1_40' title="bbox 487 2398 2072 2475">
     <span class='ocr_line' id='line_1_40' title="bbox 487 2398 2072 2475; baseline 0.008 -24"><span class='ocrx_word' id='word_1_284' title='bbox 487 2398 567 2452; x_wconf 88' lang='lat' dir='ltr'>Eo</span> <span class='ocrx_word' id='word_1_285' title='bbox 600 2406 855 2469; x_wconf 88' lang='lat' dir='ltr'>tempore</span> <span class='ocrx_word' id='word_1_286' title='bbox 885 2398 1109 2470; x_wconf 88' lang='lat' dir='ltr'>pluvias</span> <span class='ocrx_word' id='word_1_287' title='bbox 1141 2402 1483 2457; x_wconf 91' lang='lat' dir='ltr'>commodas</span> <span class='ocrx_word' id='word_1_288' title='bbox 1512 2403 1673 2458; x_wconf 89' lang='lat' dir='ltr'>dedit</span> <span class='ocrx_word' id='word_1_289' title='bbox 1704 2404 1881 2475; x_wconf 87' lang='lat' dir='ltr'>Deus,</span> <span class='ocrx_word' id='word_1_290' title='bbox 1914 2407 2072 2463; x_wconf 89' lang='lat' dir='ltr'>fruc-</span> 
     </span>
    </p>
   </div>
   <div class='ocr_carea' id='block_1_41' title="bbox 2198 2393 3839 2479">
    <p class='ocr_par' dir='ltr' id='par_1_41' title="bbox 2253 2393 3839 2479">
     <span class='ocr_line' id='line_1_41' title="bbox 2253 2393 3839 2479; baseline -0.009 -18"><span class='ocrx_word' id='word_1_291' title='bbox 2253 2405 2402 2463; x_wconf 73' lang='grc' dir='ltr'>Κατᾶ</span> <span class='ocrx_word' id='word_1_292' title='bbox 2455 2409 2647 2460; x_wconf 79' lang='grc' dir='ltr'>τοῦτον</span> <span class='ocrx_word' id='word_1_293' title='bbox 2691 2406 2784 2459; x_wconf 85' lang='grc' dir='ltr'>τὸν</span> <span class='ocrx_word' id='word_1_294' title='bbox 2833 2404 3032 2479; x_wconf 81' lang='grc' dir='ltr'>χρόνον</span> <span class='ocrx_word' id='word_1_295' title='bbox 3091 2400 3212 2456; x_wconf 80' lang='grc' dir='ltr'>ὗσεν</span> <span class='ocrx_word' id='word_1_296' title='bbox 3253 2400 3280 2455; x_wconf 91' lang='lat'>6</span> <span class='ocrx_word' id='word_1_297' title='bbox 3330 2397 3461 2461; x_wconf 85' lang='grc' dir='ltr'>Θεὸς</span> <span class='ocrx_word' id='word_1_298' title='bbox 3508 2396 3654 2451; x_wconf 79' lang='grc' dir='ltr'>ὑετὸν</span> <span class='ocrx_word' id='word_1_299' title='bbox 3702 2393 3839 2467; x_wconf 76' lang='grc' dir='ltr'>σύμ-</span> 
     </span>
    </p>
   </div>
   <div class='ocr_carea' id='block_1_42' title="bbox 418 2487 2074 2560">
    <p class='ocr_par' dir='ltr' id='par_1_42' title="bbox 418 2487 2074 2560">
     <span class='ocr_line' id='line_1_42' title="bbox 418 2487 2074 2560; baseline 0.005 -18"><span class='ocrx_word' id='word_1_300' title='bbox 418 2492 668 2558; x_wconf 90' lang='lat' dir='ltr'>ctusque</span> <span class='ocrx_word' id='word_1_301' title='bbox 736 2487 894 2558; x_wconf 84' lang='lat' dir='ltr'>large</span> <span class='ocrx_word' id='word_1_302' title='bbox 961 2497 1380 2560; x_wconf 89' lang='lat' dir='ltr'>provenerunt,</span> <span class='ocrx_word' id='word_1_303' title='bbox 1442 2494 1693 2549; x_wconf 86' lang='lat' dir='ltr'>maxime</span> <span class='ocrx_word' id='word_1_304' title='bbox 1751 2495 1909 2550; x_wconf 77' lang='lat' dir='ltr'>oleae.</span> <span class='ocrx_word' id='word_1_305' title='bbox 1970 2497 2074 2551; x_wconf 90' lang='lat' dir='ltr'>Die</span> 
     </span>
    </p>
   </div>
   <div class='ocr_carea' id='block_1_43' title="bbox 2188 2482 3837 2571">
    <p class='ocr_par' dir='ltr' id='par_1_43' title="bbox 2188 2482 3837 2571">
     <span class='ocr_line' id='line_1_43' title="bbox 2188 2482 3837 2571; baseline -0.005 -22"><span class='ocrx_word' id='word_1_306' title='bbox 2188 2516 2404 2571; x_wconf 88' lang='grc' dir='ltr'>μετρον,</span> <span class='ocrx_word' id='word_1_307' title='bbox 2435 2495 2526 2549; x_wconf 85' lang='grc' dir='ltr'>καὶ</span> <span class='ocrx_word' id='word_1_308' title='bbox 2585 2492 2808 2570; x_wconf 82' lang='grc' dir='ltr'>εὐφορία</span> <span class='ocrx_word' id='word_1_309' title='bbox 2857 2495 3049 2569; x_wconf 85' lang='grc' dir='ltr'>γέγονε</span> <span class='ocrx_word' id='word_1_310' title='bbox 3094 2496 3202 2545; x_wconf 81' lang='grc' dir='ltr'>τῶν</span> <span class='ocrx_word' id='word_1_311' title='bbox 3260 2492 3505 2564; x_wconf 80' lang='grc' dir='ltr'>καρπῶν,</span> <span class='ocrx_word' id='word_1_312' title='bbox 3547 2487 3663 2541; x_wconf 90' lang='grc' dir='ltr'>κατ’</span> <span class='ocrx_word' id='word_1_313' title='bbox 3692 2482 3837 2554; x_wconf 79' lang='grc' dir='ltr'>ἐξαί-</span> 
     </span>
    </p>
   </div>
   <div class='ocr_carea' id='block_1_44' title="bbox 420 2576 2085 2659">
    <p class='ocr_par' dir='ltr' id='par_1_44' title="bbox 420 2576 2074 2640">
     <span class='ocr_line' id='line_1_44' title="bbox 420 2576 2074 2640; baseline 0.006 -10"><span class='ocrx_word' id='word_1_314' title='bbox 420 2576 775 2632; x_wconf 72' lang='lat' dir='ltr'>Pentecostze</span> <span class='ocrx_word' id='word_1_315' title='bbox 807 2594 972 2633; x_wconf 89' lang='lat' dir='ltr'>sacro</span> <span class='ocrx_word' id='word_1_316' title='bbox 1012 2580 1437 2635; x_wconf 87' lang='lat' dir='ltr'>tumultuatum</span> <span class='ocrx_word' id='word_1_317' title='bbox 1490 2590 1579 2637; x_wconf 84' lang='lat' dir='ltr'>est</span> <span class='ocrx_word' id='word_1_318' title='bbox 1627 2585 1700 2637; x_wconf 95' lang='lat' dir='ltr'>ob</span> <span class='ocrx_word' id='word_1_319' title='bbox 1748 2585 2074 2640; x_wconf 87' lang='lat' dir='ltr'>sessionem</span> 
     </span>
    </p>
   </div>
   <div class='ocr_carea' id='block_1_45' title="bbox 2198 2576 3835 2659">
    <p class='ocr_par' dir='ltr' id='par_1_45' title="bbox 2198 2576 3835 2656">
     <span class='ocr_line' id='line_1_45' title="bbox 2198 2576 3835 2656; baseline -0.008 -17"><span class='ocrx_word' id='word_1_320' title='bbox 2198 2605 2335 2639; x_wconf 61' lang='grc' dir='ltr'>κτον</span> <span class='ocrx_word' id='word_1_321' title='bbox 2371 2582 2428 2639; x_wconf 66' lang='grc' dir='ltr'>δέ</span> <span class='ocrx_word' id='word_1_322' title='bbox 2472 2588 2572 2650; x_wconf 82' lang='grc' dir='ltr'>τῆς</span> <span class='ocrx_word' id='word_1_323' title='bbox 2623 2582 2829 2646; x_wconf 86' lang='grc' dir='ltr'>έλαίας.</span> <span class='ocrx_word' id='word_1_324' title='bbox 2884 2580 3133 2656; x_wconf 80' lang='grc' dir='ltr'>Ἐγένετο</span> <span class='ocrx_word' id='word_1_325' title='bbox 3191 2576 3248 2633; x_wconf 75' lang='grc' dir='ltr'>δὲ</span> <span class='ocrx_word' id='word_1_326' title='bbox 3303 2579 3439 2633; x_wconf 85' lang='grc' dir='ltr'>κατὰ</span> <span class='ocrx_word' id='word_1_327' title='bbox 3482 2577 3582 2645; x_wconf 80' lang='grc' dir='ltr'>τὴν</span> <span class='ocrx_word' id='word_1_328' title='bbox 3623 2576 3835 2648; x_wconf 80' lang='grc' dir='ltr'>ἡμέραν</span> 
     </span>
    </p>
   </div>
   <div class='ocr_carea' id='block_1_46' title="bbox 421 2665 2073 2746">
    <p class='ocr_par' dir='ltr' id='par_1_46' title="bbox 421 2665 2073 2746">
     <span class='ocr_line' id='line_1_46' title="bbox 421 2665 2073 2746; baseline 0.007 -27"><span class='ocrx_word' id='word_1_329' title='bbox 421 2665 479 2719; x_wconf 91' lang='lat' dir='ltr'>in</span> <span class='ocrx_word' id='word_1_330' title='bbox 512 2681 674 2720; x_wconf 83' lang='lat' dir='ltr'>sacro</span> <span class='ocrx_word' id='word_1_331' title='bbox 702 2666 915 2733; x_wconf 82' lang='lat' dir='ltr'>officio,</span> <span class='ocrx_word' id='word_1_332' title='bbox 950 2669 1337 2740; x_wconf 85' lang='lat' dir='ltr'>metrOpolitis</span> <span class='ocrx_word' id='word_1_333' title='bbox 1385 2687 1499 2726; x_wconf 90' lang='lat' dir='ltr'>non</span> <span class='ocrx_word' id='word_1_334' title='bbox 1549 2672 1869 2728; x_wconf 86' lang='lat' dir='ltr'>ferentibus</span> <span class='ocrx_word' id='word_1_335' title='bbox 1900 2691 2073 2746; x_wconf 89' lang='lat' dir='ltr'>supe-</span> 
     </span>
    </p>
   </div>
   <div class='ocr_carea' id='block_1_47' title="bbox 424 2753 1484 2830">
    <p class='ocr_par' dir='ltr' id='par_1_47' title="bbox 424 2753 1484 2830">
     <span class='ocr_line' id='line_1_47' title="bbox 424 2753 1484 2830; baseline 0.005 -21"><span class='ocrx_word' id='word_1_336' title='bbox 424 2753 577 2810; x_wconf 87' lang='lat' dir='ltr'>riore</span> <span class='ocrx_word' id='word_1_337' title='bbox 608 2756 731 2811; x_wconf 92' lang='lat' dir='ltr'>loco</span> <span class='ocrx_word' id='word_1_338' title='bbox 762 2756 909 2828; x_wconf 86' lang='lat' dir='ltr'>ipsis</span> <span class='ocrx_word' id='word_1_339' title='bbox 939 2758 1141 2813; x_wconf 84' lang='lat' dir='ltr'>sedere</span> <span class='ocrx_word' id='word_1_340' title='bbox 1172 2758 1484 2830; x_wconf 85' lang='lat' dir='ltr'>syncellos.</span> 
     </span>
    </p>
   </div>
   <div class='ocr_carea' id='block_1_48' title="bbox 498 3025 2080 3099">
    <p class='ocr_par' dir='ltr' id='par_1_48' title="bbox 498 3025 2080 3099">
     <span class='ocr_line' id='line_1_48' title="bbox 498 3025 2080 3099; baseline 0.003 -18"><span class='ocrx_word' id='word_1_341' title='bbox 498 3026 576 3081; x_wconf 90' lang='lat' dir='ltr'>Eo</span> <span class='ocrx_word' id='word_1_342' title='bbox 604 3027 868 3097; x_wconf 89' lang='lat' dir='ltr'>tempore</span> <span class='ocrx_word' id='word_1_343' title='bbox 889 3025 1214 3082; x_wconf 76' lang='lat' dir='ltr'>Prusianus</span> <span class='ocrx_word' id='word_1_344' title='bbox 1236 3025 1524 3099; x_wconf 91' lang='lat' dir='ltr'>Bulgarus</span> <span class='ocrx_word' id='word_1_345' title='bbox 1549 3027 1830 3098; x_wconf 83' lang='lat' dir='ltr'>magister</span> <span class='ocrx_word' id='word_1_346' title='bbox 1850 3029 2080 3086; x_wconf 86' lang='lat' dir='ltr'>delatus</span> 
     </span>
    </p>
   </div>
   <div class='ocr_carea' id='block_1_49' title="bbox 433 3113 2080 3189">
    <p class='ocr_par' dir='ltr' id='par_1_49' title="bbox 433 3113 2080 3189">
     <span class='ocr_line' id='line_1_49' title="bbox 433 3113 2080 3189; baseline 0.004 -20"><span class='ocrx_word' id='word_1_347' title='bbox 433 3117 495 3169; x_wconf 89' lang='lat' dir='ltr'>ut</span> <span class='ocrx_word' id='word_1_348' title='bbox 562 3113 662 3186; x_wconf 88' lang='lat' dir='ltr'>qui</span> <span class='ocrx_word' id='word_1_349' title='bbox 729 3115 1162 3186; x_wconf 87' lang='lat' dir='ltr'>conspiratione</span> <span class='ocrx_word' id='word_1_350' title='bbox 1228 3132 1362 3171; x_wconf 90' lang='lat' dir='ltr'>cum</span> <span class='ocrx_word' id='word_1_351' title='bbox 1436 3115 1741 3172; x_wconf 89' lang='lat' dir='ltr'>Theodora</span> <span class='ocrx_word' id='word_1_352' title='bbox 1804 3119 2080 3189; x_wconf 78' lang='lat' dir='ltr'>Augustae</span> 
     </span>
    </p>
   </div>
   <div class='ocr_carea' id='block_1_50' title="bbox 428 3203 2079 3276">
    <p class='ocr_par' dir='ltr' id='par_1_50' title="bbox 428 3203 2079 3276">
     <span class='ocr_line' id='line_1_50' title="bbox 428 3203 2079 3276; baseline 0.004 -18"><span class='ocrx_word' id='word_1_353' title='bbox 428 3220 627 3260; x_wconf 88' lang='lat' dir='ltr'>sorore</span> <span class='ocrx_word' id='word_1_354' title='bbox 658 3204 808 3259; x_wconf 90' lang='lat' dir='ltr'>inita</span> <span class='ocrx_word' id='word_1_355' title='bbox 844 3203 1161 3276; x_wconf 89' lang='lat' dir='ltr'>imperium</span> <span class='ocrx_word' id='word_1_356' title='bbox 1209 3204 1526 3270; x_wconf 73' lang='lat' dir='ltr'>affectarat,</span> <span class='ocrx_word' id='word_1_357' title='bbox 1560 3205 1621 3259; x_wconf 90' lang='lat' dir='ltr'>in</span> <span class='ocrx_word' id='word_1_358' title='bbox 1669 3206 1924 3263; x_wconf 90' lang='lat' dir='ltr'>Manueli</span> <span class='ocrx_word' id='word_1_359' title='bbox 1958 3225 2079 3265; x_wconf 92' lang='lat' dir='ltr'>mo-</span> 
     </span>
    </p>
   </div>
   <div class='ocr_carea' id='block_1_51' title="bbox 431 3292 2083 3367">
    <p class='ocr_par' dir='ltr' id='par_1_51' title="bbox 431 3292 2083 3367">
     <span class='ocr_line' id='line_1_51' title="bbox 431 3292 2083 3367; baseline 0.004 -20"><span class='ocrx_word' id='word_1_360' title='bbox 431 3292 757 3348; x_wconf 88' lang='lat' dir='ltr'>nasterium</span> <span class='ocrx_word' id='word_1_361' title='bbox 800 3293 857 3347; x_wconf 91' lang='lat' dir='ltr'>in</span> <span class='ocrx_word' id='word_1_362' title='bbox 908 3293 1234 3348; x_wconf 84' lang='lat' dir='ltr'>custodiam</span> <span class='ocrx_word' id='word_1_363' title='bbox 1287 3294 1486 3362; x_wconf 87' lang='lat' dir='ltr'>datur;</span> <span class='ocrx_word' id='word_1_364' title='bbox 1540 3300 1598 3349; x_wconf 91' lang='lat' dir='ltr'>et</span> <span class='ocrx_word' id='word_1_365' title='bbox 1646 3295 2083 3367; x_wconf 85' lang='lat' dir='ltr'>ingravescente</span> 
     </span>
    </p>
   </div>
   <div class='ocr_carea' id='block_1_52' title="bbox 430 3382 2084 3456">
    <p class='ocr_par' dir='ltr' id='par_1_52' title="bbox 430 3382 2084 3456">
     <span class='ocr_line' id='line_1_52' title="bbox 430 3382 2084 3456; baseline 0.004 -20"><span class='ocrx_word' id='word_1_366' title='bbox 430 3382 678 3437; x_wconf 87' lang='lat' dir='ltr'>crimine</span> <span class='ocrx_word' id='word_1_367' title='bbox 708 3382 894 3437; x_wconf 85' lang='lat' dir='ltr'>oculis</span> <span class='ocrx_word' id='word_1_368' title='bbox 938 3382 1221 3453; x_wconf 82' lang='lat' dir='ltr'>privatur,</span> <span class='ocrx_word' id='word_1_369' title='bbox 1255 3386 1313 3438; x_wconf 91' lang='lat' dir='ltr'>et</span> <span class='ocrx_word' id='word_1_370' title='bbox 1342 3389 1528 3439; x_wconf 84' lang='lat' dir='ltr'>mater</span> <span class='ocrx_word' id='word_1_371' title='bbox 1559 3384 1687 3456; x_wconf 90' lang='lat' dir='ltr'>ejus</span> <span class='ocrx_word' id='word_1_372' title='bbox 1733 3391 1891 3442; x_wconf 89' lang='lat' dir='ltr'>zoste</span> <span class='ocrx_word' id='word_1_373' title='bbox 1940 3388 2084 3443; x_wconf 90' lang='lat' dir='ltr'>urbe</span> 
     </span>
    </p>
   </div>
   <div class='ocr_carea' id='block_1_53' title="bbox 431 3470 2087 3545">
    <p class='ocr_par' dir='ltr' id='par_1_53' title="bbox 431 3470 2087 3545">
     <span class='ocr_line' id='line_1_53' title="bbox 431 3470 2087 3545; baseline 0.004 -20"><span class='ocrx_word' id='word_1_374' title='bbox 431 3470 683 3541; x_wconf 85' lang='lat' dir='ltr'>ejicitur.</span> <span class='ocrx_word' id='word_1_375' title='bbox 736 3475 802 3525; x_wconf 84' lang='lat' dir='ltr'>Et</span> <span class='ocrx_word' id='word_1_376' title='bbox 857 3470 1281 3528; x_wconf 87' lang='lat' dir='ltr'>Constantinus</span> <span class='ocrx_word' id='word_1_377' title='bbox 1339 3471 1648 3544; x_wconf 81' lang='lat' dir='ltr'>Diogenes,</span> <span class='ocrx_word' id='word_1_378' title='bbox 1710 3476 1881 3545; x_wconf 85' lang='lat' dir='ltr'>cuius</span> <span class='ocrx_word' id='word_1_379' title='bbox 1943 3494 2087 3532; x_wconf 83' lang='lat' dir='ltr'>uxor</span> 
     </span>
    </p>
   </div>
   <div class='ocr_carea' id='block_1_54' title="bbox 432 3559 2081 3636">
    <p class='ocr_par' dir='ltr' id='par_1_54' title="bbox 432 3559 2081 3636">
     <span class='ocr_line' id='line_1_54' title="bbox 432 3559 2081 3636; baseline 0.004 -22"><span class='ocrx_word' id='word_1_380' title='bbox 432 3560 610 3615; x_wconf 78' lang='lat' dir='ltr'>fratre</span> <span class='ocrx_word' id='word_1_381' title='bbox 667 3559 1040 3632; x_wconf 87' lang='lat' dir='ltr'>imperatoris</span> <span class='ocrx_word' id='word_1_382' title='bbox 1098 3566 1232 3616; x_wconf 87' lang='lat' dir='ltr'>nata</span> <span class='ocrx_word' id='word_1_383' title='bbox 1287 3568 1438 3628; x_wconf 89' lang='lat' dir='ltr'>erat,</span> <span class='ocrx_word' id='word_1_384' title='bbox 1498 3562 1694 3617; x_wconf 89' lang='lat' dir='ltr'>Sirmii</span> <span class='ocrx_word' id='word_1_385' title='bbox 1756 3566 2081 3636; x_wconf 79' lang='lat' dir='ltr'>praefectus,</span> 
     </span>
    </p>
   </div>
   <div class='ocr_carea' id='block_1_55' title="bbox 429 3648 2082 3723">
    <p class='ocr_par' dir='ltr' id='par_1_55' title="bbox 429 3648 2082 3723">
     <span class='ocr_line' id='line_1_55' title="bbox 429 3648 2082 3723; baseline 0.004 -20"><span class='ocrx_word' id='word_1_386' title='bbox 429 3648 568 3704; x_wconf 89' lang='lat' dir='ltr'>inde</span> <span class='ocrx_word' id='word_1_387' title='bbox 598 3649 952 3704; x_wconf 82' lang='lat' dir='ltr'>transfertur</span> <span class='ocrx_word' id='word_1_388' title='bbox 982 3667 1047 3705; x_wconf 87' lang='lat' dir='ltr'>ac</span> <span class='ocrx_word' id='word_1_389' title='bbox 1077 3649 1507 3706; x_wconf 67' lang='lat' dir='ltr'>Thessalonica:</span> <span class='ocrx_word' id='word_1_390' title='bbox 1529 3653 1646 3706; x_wconf 87' lang='lat' dir='ltr'>dux</span> <span class='ocrx_word' id='word_1_391' title='bbox 1675 3655 2082 3723; x_wconf 87' lang='lat' dir='ltr'>constituitur;</span> 
     </span>
    </p>
   </div>
   <div class='ocr_carea' id='block_1_56' title="bbox 430 3738 2084 3815">
    <p class='ocr_par' dir='ltr' id='par_1_56' title="bbox 430 3738 2084 3815">
     <span class='ocr_line' id='line_1_56' title="bbox 430 3738 2084 3815; baseline 0.003 -21"><span class='ocrx_word' id='word_1_392' title='bbox 430 3742 855 3810; x_wconf 87' lang='lat' dir='ltr'>accusatusque</span> <span class='ocrx_word' id='word_1_393' title='bbox 911 3738 983 3794; x_wconf 90' lang='lat' dir='ltr'>ab</span> <span class='ocrx_word' id='word_1_394' title='bbox 1040 3738 1267 3810; x_wconf 88' lang='lat' dir='ltr'>Oresta,</span> <span class='ocrx_word' id='word_1_395' title='bbox 1299 3740 1399 3811; x_wconf 92' lang='lat' dir='ltr'>qui</span> <span class='ocrx_word' id='word_1_396' title='bbox 1462 3741 1655 3796; x_wconf 86' lang='lat' dir='ltr'>Basilii</span> <span class='ocrx_word' id='word_1_397' title='bbox 1712 3742 2084 3815; x_wconf 83' lang='lat' dir='ltr'>imperatoris</span> 
     </span>
    </p>
   </div>
   <div class='ocr_carea' id='block_1_57' title="bbox 430 3826 2087 3901">
    <p class='ocr_par' dir='ltr' id='par_1_57' title="bbox 430 3826 2087 3901">
     <span class='ocr_line' id='line_1_57' title="bbox 430 3826 2087 3901; baseline 0.005 -21"><span class='ocrx_word' id='word_1_398' title='bbox 430 3826 622 3882; x_wconf 85' lang='lat' dir='ltr'>fuerat</span> <span class='ocrx_word' id='word_1_399' title='bbox 647 3827 1099 3899; x_wconf 87' lang='lat' dir='ltr'>minister,quod</span> <span class='ocrx_word' id='word_1_400' title='bbox 1122 3829 1506 3885; x_wconf 86' lang='lat' dir='ltr'>defectionem</span> <span class='ocrx_word' id='word_1_401' title='bbox 1534 3831 1860 3899; x_wconf 88' lang='lat' dir='ltr'>moliretur,</span> <span class='ocrx_word' id='word_1_402' title='bbox 1881 3839 2087 3901; x_wconf 82' lang='lat' dir='ltr'>praetor</span> 
     </span>
    </p>
   </div>
   <div class='ocr_carea' id='block_1_58' title="bbox 428 3916 2085 3989">
    <p class='ocr_par' dir='ltr' id='par_1_58' title="bbox 428 3916 2085 3989">
     <span class='ocr_line' id='line_1_58' title="bbox 428 3916 2085 3989; baseline 0.004 -19"><span class='ocrx_word' id='word_1_403' title='bbox 428 3916 500 3970; x_wconf 91' lang='lat' dir='ltr'>ad</span> <span class='ocrx_word' id='word_1_404' title='bbox 532 3916 899 3971; x_wconf 86' lang='lat' dir='ltr'>Thracenses</span> <span class='ocrx_word' id='word_1_405' title='bbox 943 3917 1192 3971; x_wconf 90' lang='lat' dir='ltr'>mittitur</span> <span class='ocrx_word' id='word_1_406' title='bbox 1240 3934 1306 3972; x_wconf 90' lang='lat' dir='ltr'>ac</span> <span class='ocrx_word' id='word_1_407' title='bbox 1354 3925 1653 3989; x_wconf 86' lang='lat' dir='ltr'>comperto</span> <span class='ocrx_word' id='word_1_408' title='bbox 1685 3921 1929 3976; x_wconf 89' lang='lat' dir='ltr'>crimine</span> <span class='ocrx_word' id='word_1_409' title='bbox 1960 3923 2085 3977; x_wconf 90' lang='lat' dir='ltr'>vin-</span> 
     </span>
    </p>
   </div>
   <div class='ocr_carea' id='block_1_59' title="bbox 427 4003 2085 4080">
    <p class='ocr_par' dir='ltr' id='par_1_59' title="bbox 427 4003 2085 4080">
     <span class='ocr_line' id='line_1_59' title="bbox 427 4003 2085 4080; baseline 0.004 -21"><span class='ocrx_word' id='word_1_410' title='bbox 427 4009 557 4059; x_wconf 85' lang='lat' dir='ltr'>ctus</span> <span class='ocrx_word' id='word_1_411' title='bbox 590 4003 647 4058; x_wconf 92' lang='lat' dir='ltr'>in</span> <span class='ocrx_word' id='word_1_412' title='bbox 681 4006 884 4060; x_wconf 89' lang='lat' dir='ltr'>urbem</span> <span class='ocrx_word' id='word_1_413' title='bbox 932 4006 1269 4073; x_wconf 89' lang='lat' dir='ltr'>adducitur,</span> <span class='ocrx_word' id='word_1_414' title='bbox 1304 4007 1479 4077; x_wconf 91' lang='lat' dir='ltr'>inque</span> <span class='ocrx_word' id='word_1_415' title='bbox 1510 4009 1720 4062; x_wconf 89' lang='lat' dir='ltr'>turrim</span> <span class='ocrx_word' id='word_1_416' title='bbox 1755 4011 2085 4080; x_wconf 87' lang='lat' dir='ltr'>conjicitur.</span> 
     </span>
    </p>
   </div>
   <div class='ocr_carea' id='block_1_60' title="bbox 426 4092 2089 4167">
    <p class='ocr_par' dir='ltr' id='par_1_60' title="bbox 426 4092 2089 4167">
     <span class='ocr_line' id='line_1_60' title="bbox 426 4092 2089 4167; baseline 0.004 -20"><span class='ocrx_word' id='word_1_417' title='bbox 426 4092 581 4148; x_wconf 81' lang='lat' dir='ltr'>Socii</span> <span class='ocrx_word' id='word_1_418' title='bbox 650 4093 1108 4163; x_wconf 89' lang='lat' dir='ltr'>conjurationis,</span> <span class='ocrx_word' id='word_1_419' title='bbox 1168 4094 1424 4149; x_wconf 87' lang='lat' dir='ltr'>Joannes</span> <span class='ocrx_word' id='word_1_420' title='bbox 1490 4096 1819 4167; x_wconf 81' lang='lat' dir='ltr'>syncellus,</span> <span class='ocrx_word' id='word_1_421' title='bbox 1879 4100 2089 4155; x_wconf 87' lang='lat' dir='ltr'>Eusta-</span> 
     </span>
    </p>
   </div>
   <div class='ocr_carea' id='block_1_61' title="bbox 430 4181 2095 4253">
    <p class='ocr_par' dir='ltr' id='par_1_61' title="bbox 430 4181 2095 4253">
     <span class='ocr_line' id='line_1_61' title="bbox 430 4181 2095 4253; baseline 0.006 -18"><span class='ocrx_word' id='word_1_422' title='bbox 430 4181 594 4236; x_wconf 87' lang='lat' dir='ltr'>thius</span> <span class='ocrx_word' id='word_1_423' title='bbox 646 4181 951 4252; x_wconf 78' lang='lat' dir='ltr'>patricius,</span> <span class='ocrx_word' id='word_1_424' title='bbox 985 4198 1052 4237; x_wconf 89' lang='lat' dir='ltr'>ac</span> <span class='ocrx_word' id='word_1_425' title='bbox 1103 4182 1222 4237; x_wconf 82' lang='lat' dir='ltr'>dux</span> <span class='ocrx_word' id='word_1_426' title='bbox 1271 4182 1729 4253; x_wconf 88' lang='lat' dir='ltr'>Daphnomelus,</span> <span class='ocrx_word' id='word_1_427' title='bbox 1772 4187 2095 4245; x_wconf 87' lang='lat' dir='ltr'>Michaelus</span> 
     </span>
    </p>
   </div>
   <div class='ocr_carea' id='block_1_62' title="bbox 433 4270 2093 4345">
    <p class='ocr_par' dir='ltr' id='par_1_62' title="bbox 433 4270 2093 4345">
     <span class='ocr_line' id='line_1_62' title="bbox 433 4270 2093 4345; baseline 0.005 -20"><span class='ocrx_word' id='word_1_428' title='bbox 433 4270 845 4340; x_wconf 86' lang='lat' dir='ltr'>Tbeognostus</span> <span class='ocrx_word' id='word_1_429' title='bbox 913 4275 970 4325; x_wconf 90' lang='lat' dir='ltr'>et</span> <span class='ocrx_word' id='word_1_430' title='bbox 1030 4270 1182 4326; x_wconf 75' lang='lat'>488</span> <span class='ocrx_word' id='word_1_431' title='bbox 1252 4272 1587 4339; x_wconf 88' lang='lat' dir='ltr'>Samuelus,</span> <span class='ocrx_word' id='word_1_432' title='bbox 1645 4276 1913 4345; x_wconf 81' lang='lat' dir='ltr'>magistri</span> <span class='ocrx_word' id='word_1_433' title='bbox 1984 4277 2093 4332; x_wconf 89' lang='lat' dir='ltr'>Mi-</span> 
     </span>
    </p>
   </div>
   <div class='ocr_carea' id='block_1_63' title="bbox 433 4358 2095 4434">
    <p class='ocr_par' dir='ltr' id='par_1_63' title="bbox 433 4358 2095 4434">
     <span class='ocr_line' id='line_1_63' title="bbox 433 4358 2095 4434; baseline 0.005 -20"><span class='ocrx_word' id='word_1_434' title='bbox 433 4358 620 4414; x_wconf 90' lang='lat' dir='ltr'>chaeli</span> <span class='ocrx_word' id='word_1_435' title='bbox 654 4359 877 4413; x_wconf 72' lang='lat' dir='ltr'>Burtzze</span> <span class='ocrx_word' id='word_1_436' title='bbox 913 4358 1038 4427; x_wconf 81' lang='lat' dir='ltr'>filii,</span> <span class='ocrx_word' id='word_1_437' title='bbox 1074 4359 1477 4431; x_wconf 89' lang='lat' dir='ltr'>Georgiusque</span> <span class='ocrx_word' id='word_1_438' title='bbox 1507 4367 1564 4417; x_wconf 92' lang='lat' dir='ltr'>et</span> <span class='ocrx_word' id='word_1_439' title='bbox 1593 4363 1959 4433; x_wconf 88' lang='lat' dir='ltr'>Barasbatze,</span> <span class='ocrx_word' id='word_1_440' title='bbox 1995 4368 2095 4434; x_wconf 91' lang='lat' dir='ltr'>qui</span> 
     </span>
    </p>
   </div>
   <div class='ocr_carea' id='block_1_64' title="bbox 432 4448 2095 4527">
    <p class='ocr_par' dir='ltr' id='par_1_64' title="bbox 432 4448 2095 4527">
     <span class='ocr_line' id='line_1_64' title="bbox 432 4448 2095 4527; baseline 0.005 -25"><span class='ocrx_word' id='word_1_441' title='bbox 432 4448 495 4503; x_wconf 89' lang='lat' dir='ltr'>in</span> <span class='ocrx_word' id='word_1_442' title='bbox 542 4454 737 4503; x_wconf 89' lang='lat' dir='ltr'>monte</span> <span class='ocrx_word' id='word_1_443' title='bbox 785 4448 933 4503; x_wconf 87' lang='lat' dir='ltr'>Atno</span> <span class='ocrx_word' id='word_1_444' title='bbox 977 4449 1275 4504; x_wconf 88' lang='lat' dir='ltr'>Iberorum</span> <span class='ocrx_word' id='word_1_445' title='bbox 1335 4452 1757 4508; x_wconf 89' lang='lat' dir='ltr'>monasterium</span> <span class='ocrx_word' id='word_1_446' title='bbox 1814 4455 2095 4527; x_wconf 86' lang='lat' dir='ltr'>condidit,</span> 
     </span>
    </p>
   </div>
   <div class='ocr_carea' id='block_1_65' title="bbox 442 4536 2102 4613">
    <p class='ocr_par' dir='ltr' id='par_1_65' title="bbox 442 4536 2102 4613">
     <span class='ocr_line' id='line_1_65' title="bbox 442 4536 2102 4613; baseline 0.006 -21"><span class='ocrx_word' id='word_1_447' title='bbox 442 4536 741 4609; x_wconf 87' lang='lat' dir='ltr'>patrueles</span> <span class='ocrx_word' id='word_1_448' title='bbox 794 4537 1025 4608; x_wconf 88' lang='lat' dir='ltr'>patricii</span> <span class='ocrx_word' id='word_1_449' title='bbox 1071 4537 1381 4605; x_wconf 87' lang='lat' dir='ltr'>Theudati,</span> <span class='ocrx_word' id='word_1_450' title='bbox 1414 4542 1669 4613; x_wconf 79' lang='lat' dir='ltr'>graviter</span> <span class='ocrx_word' id='word_1_451' title='bbox 1705 4543 1993 4601; x_wconf 84' lang='lat' dir='ltr'>verberati</span> <span class='ocrx_word' id='word_1_452' title='bbox 2045 4553 2102 4602; x_wconf 89' lang='lat' dir='ltr'>ct</span> 
     </span>
    </p>
   </div>
   <div class='ocr_carea' id='block_1_66' title="bbox 439 4624 2103 4700">
    <p class='ocr_par' dir='ltr' id='par_1_66' title="bbox 439 4624 2103 4700">
     <span class='ocr_line' id='line_1_66' title="bbox 439 4624 2103 4700; baseline 0.006 -19"><span class='ocrx_word' id='word_1_453' title='bbox 439 4643 541 4697; x_wconf 88' lang='lat' dir='ltr'>per</span> <span class='ocrx_word' id='word_1_454' title='bbox 586 4625 739 4680; x_wconf 85' lang='lat' dir='ltr'>viam</span> <span class='ocrx_word' id='word_1_455' title='bbox 790 4624 1086 4697; x_wconf 89' lang='lat' dir='ltr'>publicam</span> <span class='ocrx_word' id='word_1_456' title='bbox 1142 4628 1411 4698; x_wconf 88' lang='lat' dir='ltr'>producti</span> <span class='ocrx_word' id='word_1_457' title='bbox 1460 4630 1867 4700; x_wconf 85' lang='lat' dir='ltr'>deportantur.</span> <span class='ocrx_word' id='word_1_458' title='bbox 1915 4634 2103 4692; x_wconf 89' lang='lat' dir='ltr'>Theo-</span> 
     </span>
    </p>
   </div>
   <div class='ocr_carea' id='block_1_67' title="bbox 436 4715 2101 4794">
    <p class='ocr_par' dir='ltr' id='par_1_67' title="bbox 436 4715 2101 4794">
     <span class='ocr_line' id='line_1_67' title="bbox 436 4715 2101 4794; baseline 0.005 -24"><span class='ocrx_word' id='word_1_459' title='bbox 436 4715 583 4772; x_wconf 89' lang='lat' dir='ltr'>dora</span> <span class='ocrx_word' id='word_1_460' title='bbox 626 4715 803 4770; x_wconf 86' lang='lat' dir='ltr'>etiam</span> <span class='ocrx_word' id='word_1_461' title='bbox 852 4715 1024 4787; x_wconf 90' lang='lat' dir='ltr'>pulsa</span> <span class='ocrx_word' id='word_1_462' title='bbox 1080 4716 1296 4788; x_wconf 90' lang='lat' dir='ltr'>palatio</span> <span class='ocrx_word' id='word_1_463' title='bbox 1353 4716 1409 4772; x_wconf 90' lang='lat' dir='ltr'>in</span> <span class='ocrx_word' id='word_1_464' title='bbox 1470 4718 1727 4775; x_wconf 89' lang='lat' dir='ltr'>Petrium</span> <span class='ocrx_word' id='word_1_465' title='bbox 1788 4722 2101 4794; x_wconf 88' lang='lat' dir='ltr'>relegatur.</span> 
     </span>
    </p>
   </div>
   <div class='ocr_carea' id='block_1_68' title="bbox 2182 2661 3837 2749">
    <p class='ocr_par' dir='ltr' id='par_1_68' title="bbox 2182 2661 3837 2749">
     <span class='ocr_line' id='line_1_68' title="bbox 2182 2661 3837 2749; baseline -0.007 -21"><span class='ocrx_word' id='word_1_466' title='bbox 2182 2679 2282 2742; x_wconf 80' lang='grc' dir='ltr'>τῆς</span> <span class='ocrx_word' id='word_1_467' title='bbox 2316 2673 2470 2749; x_wconf 85' lang='grc' dir='ltr'>ἀγίας</span> <span class='ocrx_word' id='word_1_468' title='bbox 2528 2675 2904 2743; x_wconf 77' lang='grc' dir='ltr'>Ηεντηκοστῆς</span> <span class='ocrx_word' id='word_1_469' title='bbox 2944 2670 3162 2746; x_wconf 86' lang='grc' dir='ltr'>ταραχή</span> <span class='ocrx_word' id='word_1_470' title='bbox 3218 2664 3308 2723; x_wconf 67' lang='grc' dir='ltr'>διὰ</span> <span class='ocrx_word' id='word_1_471' title='bbox 3351 2669 3451 2737; x_wconf 75' lang='grc' dir='ltr'>τὴν</span> <span class='ocrx_word' id='word_1_472' title='bbox 3494 2661 3752 2738; x_wconf 76' lang='grc' dir='ltr'>καθέδραν</span> <span class='ocrx_word' id='word_1_473' title='bbox 3783 2661 3837 2717; x_wconf 81' lang='grc' dir='ltr'>ἐν</span> 
     </span>
    </p>
   </div>
   <div class='ocr_carea' id='block_1_69' title="bbox 2182 2749 3839 2838">
    <p class='ocr_par' dir='ltr' id='par_1_69' title="bbox 2182 2749 3839 2838">
     <span class='ocr_line' id='line_1_69' title="bbox 2182 2749 3839 2838; baseline -0.008 -20"><span class='ocrx_word' id='word_1_474' title='bbox 2182 2766 2252 2835; x_wconf 82' lang='grc' dir='ltr'>τῇ</span> <span class='ocrx_word' id='word_1_475' title='bbox 2314 2760 2646 2838; x_wconf 78' lang='grc' dir='ltr'>λειτουργίᾳ,</span> <span class='ocrx_word' id='word_1_476' title='bbox 2707 2762 2781 2835; x_wconf 80' lang='grc' dir='ltr'>μή</span> <span class='ocrx_word' id='word_1_477' title='bbox 2834 2757 3276 2832; x_wconf 80' lang='grc' dir='ltr'>καταδεξαμένων</span> <span class='ocrx_word' id='word_1_478' title='bbox 3322 2760 3432 2812; x_wconf 80' lang='grc' dir='ltr'>τῶν</span> <span class='ocrx_word' id='word_1_479' title='bbox 3491 2749 3839 2830; x_wconf 83' lang='grc' dir='ltr'>μητροπολι-</span> 
     </span>
    </p>
   </div>
   <div class='ocr_carea' id='block_1_70' title="bbox 2183 2844 3842 2925">
    <p class='ocr_par' dir='ltr' id='par_1_70' title="bbox 2183 2844 3842 2925">
     <span class='ocr_line' id='line_1_70' title="bbox 2183 2844 3842 2925; baseline -0.007 -19"><span class='ocrx_word' id='word_1_480' title='bbox 2183 2854 2292 2906; x_wconf 76' lang='grc' dir='ltr'>τῶν</span> <span class='ocrx_word' id='word_1_481' title='bbox 2324 2850 2648 2925; x_wconf 80' lang='grc' dir='ltr'>προκαθίσαι</span> <span class='ocrx_word' id='word_1_482' title='bbox 2706 2850 2882 2906; x_wconf 81' lang='grc' dir='ltr'>αὐτῶν</span> <span class='ocrx_word' id='word_1_483' title='bbox 2929 2848 3057 2910; x_wconf 78' lang='grc' dir='ltr'>τοὺς</span> <span class='ocrx_word' id='word_1_484' title='bbox 3107 2844 3432 2921; x_wconf 88' lang='grc' dir='ltr'>συγκέλλονς</span> <span class='ocrx_word' id='word_1_485' title='bbox 3486 2844 3537 2899; x_wconf 85' lang='grc' dir='ltr'>έν</span> <span class='ocrx_word' id='word_1_486' title='bbox 3593 2847 3672 2915; x_wconf 82' lang='grc' dir='ltr'>τῷ</span> <span class='ocrx_word' id='word_1_487' title='bbox 3712 2860 3842 2896; x_wconf 85' lang='grc' dir='ltr'>συν-</span> 
     </span>
    </p>
   </div>
   <div class='ocr_carea' id='block_1_71' title="bbox 2188 2941 2535 3016">
    <p class='ocr_par' dir='ltr' id='par_1_71' title="bbox 2188 2941 2535 3016">
     <span class='ocr_line' id='line_1_71' title="bbox 2188 2941 2535 3016; baseline 0.006 -22"><span class='ocrx_word' id='word_1_488' title='bbox 2188 2941 2366 3016; x_wconf 85' lang='grc' dir='ltr'>θρόνῳ</span> <span class='ocrx_word' id='word_1_489' title='bbox 2401 2943 2535 3015; x_wconf 85' lang='grc'>(79).</span> 
     </span>
    </p>
   </div>
   <div class='ocr_carea' id='block_1_72' title="bbox 2261 3020 3842 3104">
    <p class='ocr_par' dir='ltr' id='par_1_72' title="bbox 2261 3020 3842 3104">
     <span class='ocr_line' id='line_1_72' title="bbox 2261 3020 3842 3104; baseline -0.006 -20"><span class='ocrx_word' id='word_1_490' title='bbox 2261 3029 2404 3084; x_wconf 82' lang='grc' dir='ltr'>Κατά</span> <span class='ocrx_word' id='word_1_491' title='bbox 2445 3033 2637 3085; x_wconf 80' lang='grc' dir='ltr'>τοῦτον</span> <span class='ocrx_word' id='word_1_492' title='bbox 2682 3027 2775 3084; x_wconf 82' lang='grc' dir='ltr'>τὸν</span> <span class='ocrx_word' id='word_1_493' title='bbox 2832 3027 3033 3104; x_wconf 84' lang='grc' dir='ltr'>χρόνον</span> <span class='ocrx_word' id='word_1_494' title='bbox 3089 3020 3407 3095; x_wconf 68' lang='grc' dir='ltr'>διαϐληθείς</span> <span class='ocrx_word' id='word_1_495' title='bbox 3465 3025 3492 3079; x_wconf 90' lang='lat'>6</span> <span class='ocrx_word' id='word_1_496' title='bbox 3542 3023 3842 3096; x_wconf 84' lang='grc' dir='ltr'>μάγιστρος</span> 
     </span>
    </p>
   </div>
   <div class='ocr_carea' id='block_1_73' title="bbox 2190 3108 3844 3193">
    <p class='ocr_par' dir='ltr' id='par_1_73' title="bbox 2190 3108 3844 3193">
     <span class='ocr_line' id='line_1_73' title="bbox 2190 3108 3844 3193; baseline -0.007 -18"><span class='ocrx_word' id='word_1_497' title='bbox 2190 3118 2524 3193; x_wconf 88' lang='grc' dir='ltr'>Προυσιανὸς</span> <span class='ocrx_word' id='word_1_498' title='bbox 2582 3118 2610 3173; x_wconf 87' lang='lat'>6</span> <span class='ocrx_word' id='word_1_499' title='bbox 2661 3114 2977 3193; x_wconf 79' lang='grc' dir='ltr'>Βούλγαρος</span> <span class='ocrx_word' id='word_1_500' title='bbox 3034 3118 3417 3188; x_wconf 84' lang='grc' dir='ltr'>κοινοπραγεῖν</span> <span class='ocrx_word' id='word_1_501' title='bbox 3475 3108 3730 3183; x_wconf 80' lang='grc' dir='ltr'>Θεοδώρᾳ</span> <span class='ocrx_word' id='word_1_502' title='bbox 3770 3113 3844 3183; x_wconf 77' lang='grc' dir='ltr'>τῇ</span> 
     </span>
    </p>
   </div>
   <div class='ocr_carea' id='block_1_74' title="bbox 2187 3198 3846 3282">
    <p class='ocr_par' dir='ltr' id='par_1_74' title="bbox 2187 3198 3846 3282">
     <span class='ocr_line' id='line_1_74' title="bbox 2187 3198 3846 3282; baseline -0.006 -20"><span class='ocrx_word' id='word_1_503' title='bbox 2187 3210 2288 3277; x_wconf 74' lang='grc' dir='ltr'>τῆς</span> <span class='ocrx_word' id='word_1_504' title='bbox 2343 3204 2629 3282; x_wconf 82' lang='grc' dir='ltr'>βασιλίδος</span> <span class='ocrx_word' id='word_1_505' title='bbox 2676 3203 2886 3275; x_wconf 78' lang='grc' dir='ltr'>ἀδελφῇ</span> <span class='ocrx_word' id='word_1_506' title='bbox 2935 3204 3025 3260; x_wconf 84' lang='grc' dir='ltr'>καὶ</span> <span class='ocrx_word' id='word_1_507' title='bbox 3065 3211 3166 3274; x_wconf 86' lang='grc' dir='ltr'>τῆς</span> <span class='ocrx_word' id='word_1_508' title='bbox 3226 3201 3504 3278; x_wconf 84' lang='grc' dir='ltr'>βασιλείας</span> <span class='ocrx_word' id='word_1_509' title='bbox 3563 3198 3655 3254; x_wconf 76' lang='grc' dir='ltr'>σὺν</span> <span class='ocrx_word' id='word_1_510' title='bbox 3699 3198 3846 3271; x_wconf 79' lang='grc' dir='ltr'>αὐτῇ</span> 
     </span>
    </p>
   </div>
   <div class='ocr_carea' id='block_1_75' title="bbox 2190 3291 3847 3366">
    <p class='ocr_par' dir='ltr' id='par_1_75' title="bbox 2190 3291 3847 3366">
     <span class='ocr_line' id='line_1_75' title="bbox 2190 3291 3847 3366; baseline -0.007 -14"><span class='ocrx_word' id='word_1_511' title='bbox 2190 3297 2583 3352; x_wconf 80' lang='grc' dir='ltr'>ἀντιποιεῖσθαι</span> <span class='ocrx_word' id='word_1_512' title='bbox 2618 3295 2694 3357; x_wconf 77' lang='grc' dir='ltr'>εἰς</span> <span class='ocrx_word' id='word_1_513' title='bbox 2725 3296 2787 3349; x_wconf 89' lang='grc' dir='ltr'>τὸ</span> <span class='ocrx_word' id='word_1_514' title='bbox 2817 3298 2914 3349; x_wconf 77' lang='grc' dir='ltr'>τοῦ</span> <span class='ocrx_word' id='word_1_515' title='bbox 2946 3291 3215 3363; x_wconf 77' lang='grc' dir='ltr'>Μανουὴλ</span> <span class='ocrx_word' id='word_1_516' title='bbox 3262 3291 3629 3366; x_wconf 86' lang='grc' dir='ltr'>μοναστήριοο</span> <span class='ocrx_word' id='word_1_517' title='bbox 3672 3307 3847 3363; x_wconf 77' lang='grc' dir='ltr'>φρου-</span> 
     </span>
    </p>
   </div>
   <div class='ocr_carea' id='block_1_76' title="bbox 2193 3375 3849 3461">
    <p class='ocr_par' dir='ltr' id='par_1_76' title="bbox 2193 3375 3849 3461">
     <span class='ocr_line' id='line_1_76' title="bbox 2193 3375 3849 3461; baseline -0.005 -21"><span class='ocrx_word' id='word_1_518' title='bbox 2193 3391 2384 3461; x_wconf 84' lang='grc' dir='ltr'>ρεῖται.</span> <span class='ocrx_word' id='word_1_519' title='bbox 2446 3383 2918 3460; x_wconf 83' lang='grc' dir='ltr'>Ἐπικρατησάσης</span> <span class='ocrx_word' id='word_1_520' title='bbox 3009 3380 3066 3438; x_wconf 73' lang='grc' dir='ltr'>δέ</span> <span class='ocrx_word' id='word_1_521' title='bbox 3140 3388 3241 3451; x_wconf 84' lang='grc' dir='ltr'>τῆς</span> <span class='ocrx_word' id='word_1_522' title='bbox 3297 3379 3625 3455; x_wconf 81' lang='grc' dir='ltr'>κατηγορίας</span> <span class='ocrx_word' id='word_1_523' title='bbox 3680 3375 3849 3438; x_wconf 78' lang='grc' dir='ltr'>αὐτὸς</span> 
     </span>
    </p>
   </div>
   <div class='ocr_carea' id='block_1_77' title="bbox 2198 3467 3853 3551">
    <p class='ocr_par' dir='ltr' id='par_1_77' title="bbox 2198 3467 3853 3551">
     <span class='ocr_line' id='line_1_77' title="bbox 2198 3467 3853 3551; baseline -0.003 -20"><span class='ocrx_word' id='word_1_524' title='bbox 2198 3478 2290 3549; x_wconf 71' lang='grc' dir='ltr'>μὲν</span> <span class='ocrx_word' id='word_1_525' title='bbox 2325 3474 2753 3551; x_wconf 74' lang='grc' dir='ltr'>ἀποτυφλοῦται,</span> <span class='ocrx_word' id='word_1_526' title='bbox 2787 3476 2821 3544; x_wconf 80' lang='grc' dir='ltr'>ἡ</span> <span class='ocrx_word' id='word_1_527' title='bbox 2881 3471 2938 3527; x_wconf 72' lang='grc' dir='ltr'>δέ</span> <span class='ocrx_word' id='word_1_528' title='bbox 2994 3474 3178 3546; x_wconf 85' lang='grc' dir='ltr'>μήτηρ</span> <span class='ocrx_word' id='word_1_529' title='bbox 3232 3471 3398 3526; x_wconf 78' lang='grc' dir='ltr'>αὐτοῦ</span> <span class='ocrx_word' id='word_1_530' title='bbox 3440 3472 3475 3539; x_wconf 78' lang='grc' dir='ltr'>ἠ</span> <span class='ocrx_word' id='word_1_531' title='bbox 3538 3467 3716 3538; x_wconf 79' lang='grc' dir='ltr'>ζωστή</span> <span class='ocrx_word' id='word_1_532' title='bbox 3748 3468 3853 3535; x_wconf 72' lang='grc' dir='ltr'>τῆς</span> 
     </span>
    </p>
   </div>
   <div class='ocr_carea' id='block_1_78' title="bbox 2195 3554 3848 3631">
    <p class='ocr_par' dir='ltr' id='par_1_78' title="bbox 2195 3554 3848 3631">
     <span class='ocr_line' id='line_1_78' title="bbox 2195 3554 3848 3631; baseline -0.007 -12"><span class='ocrx_word' id='word_1_533' title='bbox 2195 3562 2410 3626; x_wconf 83' lang='grc' dir='ltr'>πόλεως</span> <span class='ocrx_word' id='word_1_534' title='bbox 2470 3558 2815 3620; x_wconf 75' lang='grc' dir='ltr'>έκϐἀλλεται.</span> <span class='ocrx_word' id='word_1_535' title='bbox 2868 3562 2967 3616; x_wconf 83' lang='grc' dir='ltr'>Καὶ</span> <span class='ocrx_word' id='word_1_536' title='bbox 3027 3564 3437 3621; x_wconf 85' lang='grc' dir='ltr'>Κωνσταντῖνος</span> <span class='ocrx_word' id='word_1_537' title='bbox 3497 3558 3523 3612; x_wconf 91' lang='lat'>6</span> <span class='ocrx_word' id='word_1_538' title='bbox 3564 3554 3848 3631; x_wconf 75' lang='grc' dir='ltr'>Διογένης,</span> 
     </span>
    </p>
   </div>
   <div class='ocr_carea' id='block_1_79' title="bbox 2197 3641 3854 3729">
    <p class='ocr_par' dir='ltr' id='par_1_79' title="bbox 2197 3641 3854 3729">
     <span class='ocr_line' id='line_1_79' title="bbox 2197 3641 3854 3729; baseline -0.006 -22"><span class='ocrx_word' id='word_1_539' title='bbox 2197 3647 2448 3729; x_wconf 77' lang='grc' dir='ltr'>γαμϐρὸς</span> <span class='ocrx_word' id='word_1_540' title='bbox 2502 3648 2574 3705; x_wconf 80' lang='grc' dir='ltr'>ὥν</span> <span class='ocrx_word' id='word_1_541' title='bbox 2631 3655 2728 3706; x_wconf 78' lang='grc' dir='ltr'>τοῦ</span> <span class='ocrx_word' id='word_1_542' title='bbox 2783 3649 3049 3725; x_wconf 87' lang='grc' dir='ltr'>βασιλέως</span> <span class='ocrx_word' id='word_1_543' title='bbox 3100 3647 3183 3704; x_wconf 75' lang='grc' dir='ltr'>ἐπὶ</span> <span class='ocrx_word' id='word_1_544' title='bbox 3233 3647 3453 3722; x_wconf 82' lang='grc' dir='ltr'>θυγατρὶ</span> <span class='ocrx_word' id='word_1_545' title='bbox 3482 3650 3577 3700; x_wconf 79' lang='grc' dir='ltr'>τοῦ</span> <span class='ocrx_word' id='word_1_546' title='bbox 3607 3641 3854 3720; x_wconf 71' lang='grc' dir='ltr'>ἀδελφοῦ</span> 
     </span>
    </p>
   </div>
   <div class='ocr_carea' id='block_1_80' title="bbox 2197 3732 3853 3814">
    <p class='ocr_par' dir='ltr' id='par_1_80' title="bbox 2197 3732 3853 3814">
     <span class='ocr_line' id='line_1_80' title="bbox 2197 3732 3853 3814; baseline -0.007 -17"><span class='ocrx_word' id='word_1_547' title='bbox 2197 3741 2381 3810; x_wconf 73' lang='grc' dir='ltr'>αὐτοῦ,</span> <span class='ocrx_word' id='word_1_548' title='bbox 2431 3741 2536 3796; x_wconf 83' lang='grc' dir='ltr'>ἀπὸ</span> <span class='ocrx_word' id='word_1_549' title='bbox 2615 3740 2850 3814; x_wconf 80' lang='grc' dir='ltr'>Σιρμίου</span> <span class='ocrx_word' id='word_1_550' title='bbox 2922 3738 3227 3812; x_wconf 84' lang='grc' dir='ltr'>μετατιθεὶς</span> <span class='ocrx_word' id='word_1_551' title='bbox 3312 3734 3389 3797; x_wconf 79' lang='grc' dir='ltr'>εἷς</span> <span class='ocrx_word' id='word_1_552' title='bbox 3445 3732 3853 3802; x_wconf 79' lang='grc' dir='ltr'>θεσσαλονίκην</span> 
     </span>
    </p>
   </div>
   <div class='ocr_carea' id='block_1_81' title="bbox 2196 3822 3856 3907">
    <p class='ocr_par' dir='ltr' id='par_1_81' title="bbox 2196 3822 3856 3907">
     <span class='ocr_line' id='line_1_81' title="bbox 2196 3822 3856 3907; baseline -0.007 -22"><span class='ocrx_word' id='word_1_553' title='bbox 2196 3832 2402 3907; x_wconf 87' lang='grc' dir='ltr'>γίνεται</span> <span class='ocrx_word' id='word_1_554' title='bbox 2463 3828 2608 3900; x_wconf 76' lang='grc' dir='ltr'>δούξ,</span> <span class='ocrx_word' id='word_1_555' title='bbox 2667 3828 3061 3902; x_wconf 73' lang='grc' dir='ltr'>κατηγορηθεὶς</span> <span class='ocrx_word' id='word_1_556' title='bbox 3131 3822 3189 3880; x_wconf 74' lang='grc' dir='ltr'>δὲ</span> <span class='ocrx_word' id='word_1_557' title='bbox 3244 3826 3390 3900; x_wconf 74' lang='grc' dir='ltr'>παρὰ</span> <span class='ocrx_word' id='word_1_558' title='bbox 3442 3824 3697 3898; x_wconf 77' lang='grc' dir='ltr'>Ὀρέστου</span> <span class='ocrx_word' id='word_1_559' title='bbox 3751 3826 3856 3875; x_wconf 77' lang='grc' dir='ltr'>τοῦ</span> 
     </span>
    </p>
   </div>
   <div class='ocr_carea' id='block_1_82' title="bbox 2197 3909 3860 3996">
    <p class='ocr_par' dir='ltr' id='par_1_82' title="bbox 2197 3909 3860 3996">
     <span class='ocr_line' id='line_1_82' title="bbox 2197 3909 3860 3996; baseline -0.007 -22"><span class='ocrx_word' id='word_1_560' title='bbox 2197 3920 2522 3996; x_wconf 79' lang='grc' dir='ltr'>θεράποντος</span> <span class='ocrx_word' id='word_1_561' title='bbox 2552 3923 2649 3973; x_wconf 77' lang='grc' dir='ltr'>τοῦ</span> <span class='ocrx_word' id='word_1_562' title='bbox 2680 3916 2973 3973; x_wconf 87' lang='grc' dir='ltr'>Βασιλείου</span> <span class='ocrx_word' id='word_1_563' title='bbox 3021 3919 3119 3970; x_wconf 78' lang='grc' dir='ltr'>τοῦ</span> <span class='ocrx_word' id='word_1_564' title='bbox 3172 3913 3459 3989; x_wconf 88' lang='grc' dir='ltr'>βασιλέως,</span> <span class='ocrx_word' id='word_1_565' title='bbox 3493 3912 3566 3973; x_wconf 87' lang='grc' dir='ltr'>ὡς</span> <span class='ocrx_word' id='word_1_566' title='bbox 3612 3909 3860 3983; x_wconf 74' lang='grc' dir='ltr'>μελετῶν</span> 
     </span>
    </p>
   </div>
   <div class='ocr_carea' id='block_1_83' title="bbox 2197 3997 3856 4081">
    <p class='ocr_par' dir='ltr' id='par_1_83' title="bbox 2197 3997 3856 4081">
     <span class='ocr_line' id='line_1_83' title="bbox 2197 3997 3856 4081; baseline -0.007 -17"><span class='ocrx_word' id='word_1_567' title='bbox 2197 4008 2541 4076; x_wconf 75' lang='grc' dir='ltr'>ἀποστασίαν,</span> <span class='ocrx_word' id='word_1_568' title='bbox 2608 4007 2878 4081; x_wconf 85' lang='grc' dir='ltr'>σρατηγὸς</span> <span class='ocrx_word' id='word_1_569' title='bbox 2972 4001 3047 4067; x_wconf 65' lang='grc' dir='ltr'>εἴς</span> <span class='ocrx_word' id='word_1_570' title='bbox 3128 4002 3461 4079; x_wconf 79' lang='grc' dir='ltr'>Θρᾳκησίους</span> <span class='ocrx_word' id='word_1_571' title='bbox 3545 3997 3856 4053; x_wconf 82' lang='grc' dir='ltr'>στέλλεται.</span> 
     </span>
    </p>
   </div>
   <div class='ocr_carea' id='block_1_84' title="bbox 2202 4085 3859 4172">
    <p class='ocr_par' dir='ltr' id='par_1_84' title="bbox 2202 4085 3859 4172">
     <span class='ocr_line' id='line_1_84' title="bbox 2202 4085 3859 4172; baseline -0.007 -20"><span class='ocrx_word' id='word_1_572' title='bbox 2202 4104 2443 4172; x_wconf 80' lang='grc' dir='ltr'>Φανερᾶς</span> <span class='ocrx_word' id='word_1_573' title='bbox 2474 4095 2529 4151; x_wconf 71' lang='grc' dir='ltr'>δὲ</span> <span class='ocrx_word' id='word_1_574' title='bbox 2547 4103 2648 4166; x_wconf 77' lang='grc' dir='ltr'>τῆς</span> <span class='ocrx_word' id='word_1_575' title='bbox 2692 4093 3028 4170; x_wconf 86' lang='grc' dir='ltr'>κατηγορίας</span> <span class='ocrx_word' id='word_1_576' title='bbox 3076 4093 3376 4168; x_wconf 80' lang='grc' dir='ltr'>γενομένης</span> <span class='ocrx_word' id='word_1_577' title='bbox 3408 4089 3586 4167; x_wconf 78' lang='grc' dir='ltr'>ἄγεται</span> <span class='ocrx_word' id='word_1_578' title='bbox 3629 4085 3859 4160; x_wconf 77' lang='grc' dir='ltr'>δέσμιος</span> 
     </span>
    </p>
   </div>
   <div class='ocr_carea' id='block_1_85' title="bbox 2204 4175 3861 4261">
    <p class='ocr_par' dir='ltr' id='par_1_85' title="bbox 2204 4175 3861 4261">
     <span class='ocr_line' id='line_1_85' title="bbox 2204 4175 3861 4261; baseline -0.008 -19"><span class='ocrx_word' id='word_1_579' title='bbox 2204 4187 2255 4243; x_wconf 77' lang='grc' dir='ltr'>έν</span> <span class='ocrx_word' id='word_1_580' title='bbox 2286 4188 2356 4258; x_wconf 78' lang='grc' dir='ltr'>τῇ</span> <span class='ocrx_word' id='word_1_581' title='bbox 2389 4183 2629 4261; x_wconf 81' lang='grc' dir='ltr'>βασιλίδι</span> <span class='ocrx_word' id='word_1_582' title='bbox 2661 4185 2751 4240; x_wconf 88' lang='grc' dir='ltr'>καὶ</span> <span class='ocrx_word' id='word_1_583' title='bbox 2801 4183 2851 4239; x_wconf 85' lang='grc' dir='ltr'>έν</span> <span class='ocrx_word' id='word_1_584' title='bbox 2900 4182 3096 4257; x_wconf 78' lang='grc' dir='ltr'>πύργῳ</span> <span class='ocrx_word' id='word_1_585' title='bbox 3148 4179 3431 4257; x_wconf 77' lang='grc' dir='ltr'>βάλλεται.</span> <span class='ocrx_word' id='word_1_586' title='bbox 3473 4179 3539 4236; x_wconf 84' lang='lat' dir='ltr'>O&#39;t</span> <span class='ocrx_word' id='word_1_587' title='bbox 3571 4175 3629 4233; x_wconf 70' lang='grc' dir='ltr'>δὲ</span> <span class='ocrx_word' id='word_1_588' title='bbox 3654 4175 3861 4231; x_wconf 71' lang='grc' dir='ltr'>τούοου</span> 
     </span>
    </p>
   </div>
   <div class='ocr_carea' id='block_1_86' title="bbox 2206 4264 3861 4350">
    <p class='ocr_par' dir='ltr' id='par_1_86' title="bbox 2206 4264 3861 4350">
     <span class='ocr_line' id='line_1_86' title="bbox 2206 4264 3861 4350; baseline -0.007 -19"><span class='ocrx_word' id='word_1_589' title='bbox 2206 4277 2541 4349; x_wconf 88' lang='grc' dir='ltr'>συνωμόται,</span> <span class='ocrx_word' id='word_1_590' title='bbox 2577 4277 2604 4332; x_wconf 88' lang='lat'>6</span> <span class='ocrx_word' id='word_1_591' title='bbox 2630 4274 3071 4350; x_wconf 81' lang='grc' dir='ltr'>πρωτονοτάριος</span> <span class='ocrx_word' id='word_1_592' title='bbox 3105 4270 3356 4340; x_wconf 86' lang='grc' dir='ltr'>Ἰωάννης</span> <span class='ocrx_word' id='word_1_593' title='bbox 3386 4270 3473 4323; x_wconf 80' lang='grc' dir='ltr'>καὶ</span> <span class='ocrx_word' id='word_1_594' title='bbox 3526 4264 3861 4343; x_wconf 78' lang='grc' dir='ltr'>σύγκιλλος,</span> 
     </span>
    </p>
   </div>
   <div class='ocr_carea' id='block_1_87' title="bbox 2208 4356 3865 4439">
    <p class='ocr_par' dir='ltr' id='par_1_87' title="bbox 2208 4356 3865 4439">
     <span class='ocr_line' id='line_1_87' title="bbox 2208 4356 3865 4439; baseline -0.007 -19"><span class='ocrx_word' id='word_1_595' title='bbox 2208 4368 2235 4421; x_wconf 89' lang='lat'>6</span> <span class='ocrx_word' id='word_1_596' title='bbox 2266 4365 2556 4439; x_wconf 83' lang='grc' dir='ltr'>πατρίκιος</span> <span class='ocrx_word' id='word_1_597' title='bbox 2586 4364 2880 4424; x_wconf 63' lang='lat' dir='ltr'>semoto;</span> <span class='ocrx_word' id='word_1_598' title='bbox 2925 4362 3015 4416; x_wconf 84' lang='grc' dir='ltr'>καὶ</span> <span class='ocrx_word' id='word_1_599' title='bbox 3072 4360 3377 4434; x_wconf 84' lang='grc' dir='ltr'>στρατηγὸς</span> <span class='ocrx_word' id='word_1_600' title='bbox 3408 4359 3436 4412; x_wconf 93' lang='lat'>6</span> <span class='ocrx_word' id='word_1_601' title='bbox 3468 4356 3865 4433; x_wconf 75' lang='grc' dir='ltr'>Δαφνομήλης,</span> 
     </span>
    </p>
   </div>
   <div class='ocr_carea' id='block_1_88' title="bbox 2208 4444 3869 4530">
    <p class='ocr_par' dir='ltr' id='par_1_88' title="bbox 2208 4444 3869 4530">
     <span class='ocr_line' id='line_1_88' title="bbox 2208 4444 3869 4530; baseline -0.007 -20"><span class='ocrx_word' id='word_1_602' title='bbox 2208 4457 2358 4530; x_wconf 77' lang='grc'>[724]</span> <span class='ocrx_word' id='word_1_603' title='bbox 2415 4451 2644 4529; x_wconf 71' lang='grc' dir='ltr'>Μιχαὴλ</span> <span class='ocrx_word' id='word_1_604' title='bbox 2697 4453 3038 4529; x_wconf 82' lang='grc' dir='ltr'>Θεόγνωστος</span> <span class='ocrx_word' id='word_1_605' title='bbox 3084 4448 3173 4504; x_wconf 85' lang='grc' dir='ltr'>καὶ</span> <span class='ocrx_word' id='word_1_606' title='bbox 3234 4444 3502 4521; x_wconf 73' lang='grc' dir='ltr'>Σαμουὴλ</span> <span class='ocrx_word' id='word_1_607' title='bbox 3550 4447 3603 4501; x_wconf 78' lang='grc' dir='ltr'>οἱ</span> <span class='ocrx_word' id='word_1_608' title='bbox 3630 4449 3729 4501; x_wconf 76' lang='grc' dir='ltr'>τοῦ</span> <span class='ocrx_word' id='word_1_609' title='bbox 3762 4467 3869 4517; x_wconf 79' lang='grc' dir='ltr'>μαο</span> 
     </span>
    </p>
   </div>
   <div class='ocr_carea' id='block_1_89' title="bbox 2209 4531 3869 4621">
    <p class='ocr_par' dir='ltr' id='par_1_89' title="bbox 2209 4531 3869 4621">
     <span class='ocr_line' id='line_1_89' title="bbox 2209 4531 3869 4621; baseline -0.006 -22"><span class='ocrx_word' id='word_1_610' title='bbox 2209 4545 2435 4621; x_wconf 87' lang='grc' dir='ltr'>γίστρου</span> <span class='ocrx_word' id='word_1_611' title='bbox 2501 4539 2733 4618; x_wconf 76' lang='grc' dir='ltr'>Μιχαὴλ</span> <span class='ocrx_word' id='word_1_612' title='bbox 2790 4545 2888 4596; x_wconf 76' lang='grc' dir='ltr'>τοῦ</span> <span class='ocrx_word' id='word_1_613' title='bbox 2940 4538 3187 4614; x_wconf 78' lang='grc' dir='ltr'>Βούρτζη</span> <span class='ocrx_word' id='word_1_614' title='bbox 3234 4531 3469 4613; x_wconf 76' lang='grc' dir='ltr'>ἔκγονοι,</span> <span class='ocrx_word' id='word_1_615' title='bbox 3508 4534 3775 4611; x_wconf 82' lang='grc' dir='ltr'>Γιώργιός</span> <span class='ocrx_word' id='word_1_616' title='bbox 3805 4556 3869 4590; x_wconf 85' lang='grc' dir='ltr'>τε</span> 
     </span>
    </p>
   </div>
   <div class='ocr_carea' id='block_1_90' title="bbox 2211 4626 3865 4708">
    <p class='ocr_par' dir='ltr' id='par_1_90' title="bbox 2211 4626 3865 4708">
     <span class='ocr_line' id='line_1_90' title="bbox 2211 4626 3865 4708; baseline -0.007 -19"><span class='ocrx_word' id='word_1_617' title='bbox 2211 4634 2299 4688; x_wconf 87' lang='grc' dir='ltr'>καὶ</span> <span class='ocrx_word' id='word_1_618' title='bbox 2354 4627 2701 4708; x_wconf 74' lang='grc' dir='ltr'>Βαρασϐατζὲ</span> <span class='ocrx_word' id='word_1_619' title='bbox 2746 4631 2775 4685; x_wconf 89' lang='lat'>6</span> <span class='ocrx_word' id='word_1_620' title='bbox 2824 4629 2874 4684; x_wconf 83' lang='grc' dir='ltr'>έν</span> <span class='ocrx_word' id='word_1_621' title='bbox 2925 4634 3003 4700; x_wconf 81' lang='grc' dir='ltr'>τῷ</span> <span class='ocrx_word' id='word_1_622' title='bbox 3052 4627 3269 4702; x_wconf 74' lang='grc' dir='ltr'>ὄρειτῷ</span> <span class='ocrx_word' id='word_1_623' title='bbox 3299 4628 3448 4699; x_wconf 81' lang='grc' dir='ltr'>Ἀθῳ</span> <span class='ocrx_word' id='word_1_624' title='bbox 3622 4626 3722 4693; x_wconf 82' lang='grc' dir='ltr'>τήν</span> <span class='ocrx_word' id='word_1_625' title='bbox 3751 4629 3865 4678; x_wconf 80' lang='grc' dir='ltr'>τῶν</span> 
     </span>
    </p>
   </div>
   <div class='ocr_carea' id='block_1_91' title="bbox 2214 4714 3873 4798">
    <p class='ocr_par' dir='ltr' id='par_1_91' title="bbox 2214 4714 3873 4798">
     <span class='ocr_line' id='line_1_91' title="bbox 2214 4714 3873 4798; baseline -0.006 -20"><span class='ocrx_word' id='word_1_626' title='bbox 2214 4717 2444 4798; x_wconf 75' lang='grc' dir='ltr'>Ἰϐήρων</span> <span class='ocrx_word' id='word_1_627' title='bbox 2505 4722 2678 4794; x_wconf 79' lang='grc' dir='ltr'>μονὴν</span> <span class='ocrx_word' id='word_1_628' title='bbox 2730 4717 3153 4791; x_wconf 74' lang='grc' dir='ltr'>συστησάμενος,</span> <span class='ocrx_word' id='word_1_629' title='bbox 3204 4718 3255 4771; x_wconf 74' lang='grc' dir='ltr'>οἱ</span> <span class='ocrx_word' id='word_1_630' title='bbox 3297 4721 3394 4771; x_wconf 79' lang='grc' dir='ltr'>τοῦ</span> <span class='ocrx_word' id='word_1_631' title='bbox 3424 4714 3713 4791; x_wconf 84' lang='grc' dir='ltr'>πατρικίου</span> <span class='ocrx_word' id='word_1_632' title='bbox 3739 4720 3873 4769; x_wconf 72' lang='grc' dir='ltr'>Θευο</span> 
     </span>
    </p>
   </div>
   <div class='ocr_carea' id='block_1_92' title="bbox 1624 4853 2659 4913">
    <p class='ocr_par' dir='ltr' id='par_1_92' title="bbox 1624 4853 2659 4913">
     <span class='ocr_line' id='line_1_92' title="bbox 1624 4853 2659 4913; baseline 0.001 -5"><span class='ocrx_word' id='word_1_633' title='bbox 1624 4853 1998 4912; x_wconf 81' lang='lat' dir='ltr'>XYLANDRI</span> <span class='ocrx_word' id='word_1_634' title='bbox 2039 4857 2127 4913; x_wconf 92' lang='lat' dir='ltr'>ET</span> <span class='ocrx_word' id='word_1_635' title='bbox 2163 4856 2385 4913; x_wconf 84' lang='lat' dir='ltr'>GOARI</span> <span class='ocrx_word' id='word_1_636' title='bbox 2425 4855 2659 4912; x_wconf 72' lang='lat' dir='ltr'>NOT}E.</span> 
     </span>
    </p>
   </div>
   <div class='ocr_carea' id='block_1_93' title="bbox 510 4944 3873 5036">
    <p class='ocr_par' dir='ltr' id='par_1_93' title="bbox 510 4944 3873 5036">
     <span class='ocr_line' id='line_1_93' title="bbox 510 4944 3873 5036; baseline 0.001 -37"><span class='ocrx_word' id='word_1_637' title='bbox 510 4945 617 5036; x_wconf 62' lang='lat'>(782</span> <span class='ocrx_word' id='word_1_638' title='bbox 649 4945 810 5036; x_wconf 39' lang='lat' dir='ltr'>S‘olet</span> <span class='ocrx_word' id='word_1_639' title='bbox 841 4945 976 5017; x_wconf 92' lang='lat' dir='ltr'>poni</span> <span class='ocrx_word' id='word_1_640' title='bbox 999 4946 1110 5036; x_wconf 75' lang='lat' dir='ltr'>hoc</span> <span class='ocrx_word' id='word_1_641' title='bbox 1132 4947 1480 5036; x_wconf 53' lang='lat' dir='ltr'>vocabulum</span> <span class='ocrx_word' id='word_1_642' title='bbox 1504 4949 1690 5036; x_wconf 70' lang='lat' dir='ltr'>abhis</span> <span class='ocrx_word' id='word_1_643' title='bbox 1712 4952 2103 5036; x_wconf 67' lang='lat' dir='ltr'>scriptoribus</span> <span class='ocrx_word' id='word_1_644' title='bbox 2132 4958 2178 5022; x_wconf 82' lang='lat'>1)</span> <span class='ocrx_word' id='word_1_645' title='bbox 2210 4953 2743 5036; x_wconf 41' lang='lat' dir='ltr'>(velut.et.quid_am</span> <span class='ocrx_word' id='word_1_646' title='bbox 2778 4944 3014 5036; x_wconf 66' lang='grc' dir='ltr'>ξκκριτοι</span> <span class='ocrx_word' id='word_1_647' title='bbox 3063 4948 3316 5036; x_wconf 60' lang='lat' dir='ltr'>diaconi2</span> <span class='ocrx_word' id='word_1_648' title='bbox 3350 4946 3617 5036; x_wconf 66' lang='lat' dir='ltr'>Ecclesia</span> <span class='ocrx_word' id='word_1_649' title='bbox 3646 4950 3873 5036; x_wconf 50' lang='lat' dir='ltr'>Eagnm</span> 
     </span>
    </p>
   </div>
   <div class='ocr_carea' id='block_1_94' title="bbox 438 5017 2103 5092">
    <p class='ocr_par' dir='ltr' id='par_1_94' title="bbox 438 5017 2103 5092">
     <span class='ocr_line' id='line_1_94' title="bbox 438 5017 2103 5092; baseline 0.006 -21"><span class='ocrx_word' id='word_1_650' title='bbox 438 5034 542 5090; x_wconf 90' lang='lat' dir='ltr'>pro</span> <span class='ocrx_word' id='word_1_651' title='bbox 589 5017 790 5092; x_wconf 82' lang='lat' dir='ltr'>fratre,</span> <span class='ocrx_word' id='word_1_652' title='bbox 819 5020 1113 5087; x_wconf 91' lang='lat' dir='ltr'>quomodo</span> <span class='ocrx_word' id='word_1_653' title='bbox 1144 5025 1202 5074; x_wconf 89' lang='lat' dir='ltr'>et</span> <span class='ocrx_word' id='word_1_654' title='bbox 1221 5019 1513 5092; x_wconf 86' lang='lat' dir='ltr'>Virgilius</span> <span class='ocrx_word' id='word_1_655' title='bbox 1544 5022 1690 5076; x_wconf 83' lang='lat' dir='ltr'>dixit</span> <span class='ocrx_word' id='word_1_656' title='bbox 1723 5040 1736 5077; x_wconf 86' lang='lat'>:</span> <span class='ocrx_word' id='word_1_657' title='bbox 1772 5017 2103 5092; x_wconf 58' lang='lat' dir='ltr'>Et&#39;consan-</span> 
     </span>
    </p>
   </div>
   <div class='ocr_carea' id='block_1_95' title="bbox 471 5089 2101 5170">
    <p class='ocr_par' dir='ltr' id='par_1_95' title="bbox 471 5089 2101 5170">
     <span class='ocr_line' id='line_1_95' title="bbox 471 5089 2101 5170; baseline 0.004 -27"><span class='ocrx_word' id='word_1_658' title='bbox 471 5092 664 5170; x_wconf 53' lang='lat' dir='ltr'>uin-eus</span> <span class='ocrx_word' id='word_1_659' title='bbox 695 5089 792 5143; x_wconf 78' lang='lat' dir='ltr'>leti</span> <span class='ocrx_word' id='word_1_660' title='bbox 814 5105 998 5170; x_wconf 78' lang='lat' dir='ltr'>sapor._</span> <span class='ocrx_word' id='word_1_661' title='bbox 1018 5107 1151 5146; x_wconf 90' lang='lat' dir='ltr'>cum</span> <span class='ocrx_word' id='word_1_662' title='bbox 1182 5091 1259 5170; x_wconf 80' lang='lat' dir='ltr'>sit</span> <span class='ocrx_word' id='word_1_663' title='bbox 1281 5089 1777 5170; x_wconf 20' lang='lat' dir='ltr'>apudiﬂomerum</span> <span class='ocrx_word' id='word_1_664' title='bbox 1809 5091 1917 5149; x_wconf 69' lang='grc' dir='ltr'>ἕνθ’</span> <span class='ocrx_word' id='word_1_665' title='bbox 1949 5095 2101 5170; x_wconf 80' lang='grc' dir='ltr'>ὕπνῳ</span> 
     </span>
    </p>
   </div>
   <div class='ocr_carea' id='block_1_96' title="bbox 432 5108 2099 5235">
    <p class='ocr_par' dir='ltr' id='par_1_96' title="bbox 432 5108 2099 5235">
     <span class='ocr_line' id='line_1_96' title="bbox 471 5108 2099 5170; baseline 0.003 -26"><span class='ocrx_word' id='word_1_666' title='bbox 471 5108 664 5144; x_wconf 78' lang='lat' dir='ltr'>utneus</span> <span class='ocrx_word' id='word_1_667' title='bbox 695 5108 791 5143; x_wconf 77' lang='lat' dir='ltr'>(eu</span> <span class='ocrx_word' id='word_1_668' title='bbox 814 5108 990 5157; x_wconf 80' lang='lat' dir='ltr'>sopor.</span> <span class='ocrx_word' id='word_1_669' title='bbox 1018 5108 1151 5146; x_wconf 85' lang='lat' dir='ltr'>cum</span> <span class='ocrx_word' id='word_1_670' title='bbox 1182 5108 1258 5146; x_wconf 79' lang='lat' dir='ltr'>sn</span> <span class='ocrx_word' id='word_1_671' title='bbox 1281 5108 1435 5163; x_wconf 82' lang='lat' dir='ltr'>apurl</span> <span class='ocrx_word' id='word_1_672' title='bbox 1460 5108 1777 5148; x_wconf 79' lang='lat' dir='ltr'>nomerum</span> <span class='ocrx_word' id='word_1_673' title='bbox 1810 5108 1915 5149; x_wconf 63' lang='grc' dir='ltr'>ἕνθ’</span> <span class='ocrx_word' id='word_1_674' title='bbox 1949 5108 2099 5170; x_wconf 83' lang='grc' dir='ltr'>ϋπνῳ</span> 
     </span>
     <span class='ocr_line' id='line_1_97' title="bbox 432 5108 2099 5235; baseline 0.008 -23"><span class='ocrx_word' id='word_1_675' title='bbox 432 5108 723 5235; x_wconf 54' lang='grc' dir='ltr'>ξύμϐλητο</span> <span class='ocrx_word' id='word_1_676' title='bbox 768 5161 1105 5235; x_wconf 13' lang='grc' dir='ltr'>κασιγνήτῳ,</span> <span class='ocrx_word' id='word_1_677' title='bbox 1135 5161 1404 5223; x_wconf 86' lang='grc' dir='ltr'>θανάτοιο.</span> <span class='ocrx_word' id='word_1_678' title='bbox 1445 5169 1552 5220; x_wconf 78' lang='lat' dir='ltr'>Pro</span> <span class='ocrx_word' id='word_1_679' title='bbox 1606 5163 1857 5235; x_wconf 81' lang='grc' dir='ltr'>έκαίνησε</span> <span class='ocrx_word' id='word_1_680' title='bbox 1905 5175 2099 5226; x_wconf 88' lang='lat' dir='ltr'>autem</span> 
     </span>
    </p>
   </div>
   <div class='ocr_carea' id='block_1_97' title="bbox 435 5231 2103 5314">
    <p class='ocr_par' dir='ltr' id='par_1_97' title="bbox 435 5231 2103 5314">
     <span class='ocr_line' id='line_1_98' title="bbox 435 5231 2103 5314; baseline 0.004 -25"><span class='ocrx_word' id='word_1_681' title='bbox 435 5231 551 5314; x_wconf 84' lang='lat' dir='ltr'>legi</span> <span class='ocrx_word' id='word_1_682' title='bbox 584 5231 822 5314; x_wconf 69' lang='grc' dir='ltr'>ἐκένησε,</span> <span class='ocrx_word' id='word_1_683' title='bbox 855 5231 1213 5290; x_wconf 78' lang='lat' dir='ltr'>sententiam</span> <span class='ocrx_word' id='word_1_684' title='bbox 1258 5242 1527 5314; x_wconf 60' lang='lat' dir='ltr'>secutus.</span> <span class='ocrx_word' id='word_1_685' title='bbox 1558 5231 1795 5314; x_wconf 57' lang='lat' dir='ltr'>Zostica</span> <span class='ocrx_word' id='word_1_686' title='bbox 1834 5256 1907 5294; x_wconf 89' lang='lat' dir='ltr'>an</span> <span class='ocrx_word' id='word_1_687' title='bbox 1961 5258 2103 5311; x_wconf 87' lang='lat' dir='ltr'>pro-</span> 
     </span>
    </p>
   </div>
   <div class='ocr_carea' id='block_1_98' title="bbox 435 5304 2105 5381">
    <p class='ocr_par' dir='ltr' id='par_1_98' title="bbox 435 5304 2105 5381">
     <span class='ocr_line' id='line_1_99' title="bbox 435 5304 2105 5381; baseline 0.008 -25"><span class='ocrx_word' id='word_1_688' title='bbox 435 5304 629 5381; x_wconf 76' lang='lat' dir='ltr'>prium</span> <span class='ocrx_word' id='word_1_689' title='bbox 682 5304 761 5381; x_wconf 85' lang='lat' dir='ltr'>sit</span> <span class='ocrx_word' id='word_1_690' title='bbox 794 5321 1030 5381; x_wconf 82' lang='lat' dir='ltr'>nomen,</span> <span class='ocrx_word' id='word_1_691' title='bbox 1064 5322 1136 5359; x_wconf 88' lang='lat' dir='ltr'>an</span> <span class='ocrx_word' id='word_1_692' title='bbox 1185 5322 1317 5363; x_wconf 89' lang='lat' dir='ltr'>vero</span> <span class='ocrx_word' id='word_1_693' title='bbox 1349 5308 1530 5381; x_wconf 88' lang='lat' dir='ltr'>(quod</span> <span class='ocrx_word' id='word_1_694' title='bbox 1561 5310 1726 5381; x_wconf 87' lang='lat' dir='ltr'>puto)</span> <span class='ocrx_word' id='word_1_695' title='bbox 1756 5311 1939 5368; x_wconf 69' lang='lat' dir='ltr'>Zostaa</span> <span class='ocrx_word' id='word_1_696' title='bbox 1962 5304 2105 5369; x_wconf 69' lang='grc' dir='ltr'>ὀἰϐ-</span> 
     </span>
    </p>
   </div>
   <div class='ocr_carea' id='block_1_99' title="bbox 438 5376 1491 5447">
    <p class='ocr_par' dir='ltr' id='par_1_99' title="bbox 438 5376 1491 5447">
     <span class='ocr_line' id='line_1_100' title="bbox 438 5376 1491 5447; baseline 0.001 -16"><span class='ocrx_word' id='word_1_697' title='bbox 438 5376 595 5431; x_wconf 89' lang='lat' dir='ltr'>cium</span> <span class='ocrx_word' id='word_1_698' title='bbox 635 5380 814 5447; x_wconf 82' lang='lat' dir='ltr'>notet,</span> <span class='ocrx_word' id='word_1_699' title='bbox 852 5376 1199 5447; x_wconf 87' lang='lat' dir='ltr'>ambiguum</span> <span class='ocrx_word' id='word_1_700' title='bbox 1230 5383 1321 5434; x_wconf 91' lang='lat' dir='ltr'>est</span> <span class='ocrx_word' id='word_1_701' title='bbox 1351 5376 1491 5437; x_wconf 46' lang='lat' dir='ltr'>X&#39;YL.</span> 
     </span>
    </p>
   </div>
   <div class='ocr_carea' id='block_1_100' title="bbox 519 5444 2104 5527">
    <p class='ocr_par' dir='ltr' id='par_1_100' title="bbox 519 5444 2104 5527">
     <span class='ocr_line' id='line_1_101' title="bbox 519 5444 2104 5527; baseline 0.011 -32"><span class='ocrx_word' id='word_1_702' title='bbox 519 5447 629 5527; x_wconf 66' lang='lat' dir='ltr'>(7Q)</span> <span class='ocrx_word' id='word_1_703' title='bbox 666 5444 1323 5527; x_wconf 43' lang='lat' dir='ltr'>E~Svogcvo¢h§edcshest</span> <span class='ocrx_word' id='word_1_704' title='bbox 1372 5453 1447 5527; x_wconf 75' lang='lat' dir='ltr'>ad</span> <span class='ocrx_word' id='word_1_705' title='bbox 1505 5468 1737 5527; x_wconf 81' lang='lat' dir='ltr'>murum</span> <span class='ocrx_word' id='word_1_706' title='bbox 1786 5454 1842 5508; x_wconf 89' lang='lat' dir='ltr'>in</span> <span class='ocrx_word' id='word_1_707' title='bbox 1895 5471 2104 5527; x_wconf 87' lang='lat' dir='ltr'>gyrum</span> 
     </span>
    </p>
   </div>
   <div class='ocr_carea' id='block_1_101' title="bbox 441 5517 2111 5600">
    <p class='ocr_par' dir='ltr' id='par_1_101' title="bbox 441 5517 2111 5600">
     <span class='ocr_line' id='line_1_102' title="bbox 441 5517 2111 5600; baseline 0.006 -27"><span class='ocrx_word' id='word_1_708' title='bbox 441 5517 672 5583; x_wconf 86' lang='lat' dir='ltr'>altaris,</span> <span class='ocrx_word' id='word_1_709' title='bbox 708 5517 872 5600; x_wconf 41' lang='lat' dir='ltr'>et.si_</span> <span class='ocrx_word' id='word_1_710' title='bbox 912 5518 1080 5600; x_wconf 77' lang='lat' dir='ltr'>velis,</span> <span class='ocrx_word' id='word_1_711' title='bbox 1113 5520 1386 5600; x_wconf 77' lang='lat' dir='ltr'>sedilium</span> <span class='ocrx_word' id='word_1_712' title='bbox 1437 5525 1493 5600; x_wconf 77' lang='lat' dir='ltr'>in</span> <span class='ocrx_word' id='word_1_713' title='bbox 1535 5524 1711 5580; x_wconf 90' lang='lat' dir='ltr'>choro</span> <span class='ocrx_word' id='word_1_714' title='bbox 1758 5517 1961 5600; x_wconf 47' lang='lat' dir='ltr'>series&quot;,</span> <span class='ocrx_word' id='word_1_715' title='bbox 1995 5544 2111 5600; x_wconf 87' lang='lat' dir='ltr'>qua</span> 
     </span>
    </p>
   </div>
   <div class='ocr_carea' id='block_1_102' title="bbox 451 5588 2112 5669">
    <p class='ocr_par' dir='ltr' id='par_1_102' title="bbox 451 5588 2112 5669">
     <span class='ocr_line' id='line_1_103' title="bbox 451 5588 2112 5669; baseline 0.006 -24"><span class='ocrx_word' id='word_1_716' title='bbox 451 5588 1495 5669; x_wconf 41' lang='lat' dir='ltr'>cum.presbyteris_episcopus_vel</span> <span class='ocrx_word' id='word_1_717' title='bbox 1547 5611 1679 5669; x_wconf 85' lang='lat' dir='ltr'>cum</span> <span class='ocrx_word' id='word_1_718' title='bbox 1731 5588 2112 5669; x_wconf 79' lang='lat' dir='ltr'>pontificibus</span> 
     </span>
    </p>
   </div>
   <div class='ocr_carea' id='block_1_103' title="bbox 2213 5020 3876 5094">
    <p class='ocr_par' dir='ltr' id='par_1_103' title="bbox 2213 5020 3876 5094">
     <span class='ocr_line' id='line_1_104' title="bbox 2213 5020 3876 5094; baseline -0.004 -12"><span class='ocrx_word' id='word_1_719' title='bbox 2213 5020 2407 5082; x_wconf 81' lang='lat' dir='ltr'>clerici</span> <span class='ocrx_word' id='word_1_720' title='bbox 2442 5020 2562 5081; x_wconf 57' lang='lat' dir='ltr'>siv&#39;e</span> <span class='ocrx_word' id='word_1_721' title='bbox 2593 5020 2893 5094; x_wconf 76' lang='lat' dir='ltr'>ofﬁciales,</span> <span class='ocrx_word' id='word_1_722' title='bbox 2916 5024 2986 5078; x_wconf 92' lang='lat' dir='ltr'>de</span> <span class='ocrx_word' id='word_1_723' title='bbox 3012 5022 3231 5094; x_wconf 90' lang='lat' dir='ltr'>quibus</span> <span class='ocrx_word' id='word_1_724' title='bbox 3262 5020 3496 5094; x_wconf 87' lang='lat' dir='ltr'>abunde</span> <span class='ocrx_word' id='word_1_725' title='bbox 3515 5020 3621 5075; x_wconf 85' lang='lat' dir='ltr'>Jus</span> <span class='ocrx_word' id='word_1_726' title='bbox 3646 5020 3876 5075; x_wconf 56' lang='grc' dir='ltr'>(ἔνθους</span> 
     </span>
    </p>
   </div>
   <div class='ocr_carea' id='block_1_104' title="bbox 2214 5093 3875 5165">
    <p class='ocr_par' dir='ltr' id='par_1_104' title="bbox 2214 5093 3875 5165">
     <span class='ocr_line' id='line_1_105' title="bbox 2214 5093 3875 5165; baseline -0.003 -13"><span class='ocrx_word' id='word_1_727' title='bbox 2214 5100 2549 5165; x_wconf 89' lang='lat' dir='ltr'>romanum)</span> <span class='ocrx_word' id='word_1_728' title='bbox 2571 5113 2686 5151; x_wconf 90' lang='lat' dir='ltr'>non</span> <span class='ocrx_word' id='word_1_729' title='bbox 2710 5093 3052 5150; x_wconf 86' lang='lat' dir='ltr'>consessum</span> <span class='ocrx_word' id='word_1_730' title='bbox 3082 5094 3277 5165; x_wconf 87' lang='lat' dir='ltr'>modo,</span> <span class='ocrx_word' id='word_1_731' title='bbox 3302 5093 3403 5148; x_wconf 89' lang='lat' dir='ltr'>sed</span> <span class='ocrx_word' id='word_1_732' title='bbox 3435 5097 3875 5165; x_wconf 73' lang='lat' dir='ltr'>etprzecessum</span> 
     </span>
    </p>
   </div>
   <div class='ocr_carea' id='block_1_105' title="bbox 2216 5162 3877 5240">
    <p class='ocr_par' dir='ltr' id='par_1_105' title="bbox 2216 5162 3877 5240">
     <span class='ocr_line' id='line_1_106' title="bbox 2216 5162 3877 5240; baseline -0.004 -15"><span class='ocrx_word' id='word_1_733' title='bbox 2216 5170 2299 5240; x_wconf 87' lang='lat' dir='ltr'>(ut</span> <span class='ocrx_word' id='word_1_734' title='bbox 2322 5162 2615 5240; x_wconf 83' lang='lat' dir='ltr'>Romanos</span> <span class='ocrx_word' id='word_1_735' title='bbox 2641 5164 3300 5240; x_wconf 80' lang='lat' dir='ltr'>cardinalesepiscopis,</span> <span class='ocrx_word' id='word_1_736' title='bbox 3326 5164 3515 5240; x_wconf 79' lang='lat' dir='ltr'>quoad</span> <span class='ocrx_word' id='word_1_737' title='bbox 3542 5163 3652 5217; x_wconf 90' lang='lat' dir='ltr'>hoc</span> <span class='ocrx_word' id='word_1_738' title='bbox 3681 5162 3877 5240; x_wconf 77' lang='lat' dir='ltr'>bono-</span> 
     </span>
    </p>
   </div>
   <div class='ocr_carea' id='block_1_106' title="bbox 2218 5235 3878 5316">
    <p class='ocr_par' dir='ltr' id='par_1_106' title="bbox 2218 5235 3878 5316">
     <span class='ocr_line' id='line_1_107' title="bbox 2218 5235 3878 5316; baseline -0.005 -20"><span class='ocrx_word' id='word_1_739' title='bbox 2218 5235 2299 5297; x_wconf 83' lang='lat' dir='ltr'>ris</span> <span class='ocrx_word' id='word_1_740' title='bbox 2330 5238 2653 5314; x_wconf 77' lang='grc' dir='ltr'>προνόμιον,</span> <span class='ocrx_word' id='word_1_741' title='bbox 2678 5239 2948 5316; x_wconf 59' lang='lat' dir='ltr'>praelatos</span> <span class='ocrx_word' id='word_1_742' title='bbox 2981 5235 3371 5316; x_wconf 73' lang='lat' dir='ltr'>imitarentur)</span> <span class='ocrx_word' id='word_1_743' title='bbox 3393 5235 3545 5290; x_wconf 90' lang='lat' dir='ltr'>votis</span> <span class='ocrx_word' id='word_1_744' title='bbox 3569 5236 3878 5316; x_wconf 72' lang='lat' dir='ltr'>ompibus,</span> 
     </span>
    </p>
   </div>
   <div class='ocr_carea' id='block_1_107' title="bbox 2217 5306 3880 5384">
    <p class='ocr_par' dir='ltr' id='par_1_107' title="bbox 2217 5306 3880 5384">
     <span class='ocr_line' id='line_1_108' title="bbox 2217 5306 3880 5384; baseline -0.004 -16"><span class='ocrx_word' id='word_1_745' title='bbox 2217 5313 2293 5381; x_wconf 90' lang='lat' dir='ltr'>vi,</span> <span class='ocrx_word' id='word_1_746' title='bbox 2326 5306 2517 5384; x_wconf 77' lang='lat' dir='ltr'>gratia</span> <span class='ocrx_word' id='word_1_747' title='bbox 2541 5329 2657 5384; x_wconf 72' lang='lat' dir='ltr'>prae</span> <span class='ocrx_word' id='word_1_748' title='bbox 2679 5306 2933 5382; x_wconf 65' lang='lat' dir='ltr'>reliquis</span> <span class='ocrx_word' id='word_1_749' title='bbox 2961 5307 3368 5384; x_wconf 71' lang='lat' dir='ltr'>sacerdotibus</span> <span class='ocrx_word' id='word_1_750' title='bbox 3397 5322 3461 5361; x_wconf 83' lang='lat' dir='ltr'>ac</span> <span class='ocrx_word' id='word_1_751' title='bbox 3492 5306 3880 5384; x_wconf 67' lang='lat' dir='ltr'>pontiﬁcibus</span> 
     </span>
    </p>
   </div>
   <div class='ocr_carea' id='block_1_108' title="bbox 2221 5377 3880 5460">
    <p class='ocr_par' dir='ltr' id='par_1_108' title="bbox 2221 5377 3880 5460">
     <span class='ocr_line' id='line_1_109' title="bbox 2221 5377 3880 5460; baseline -0.006 -19"><span class='ocrx_word' id='word_1_752' title='bbox 2221 5377 2505 5460; x_wconf 70' lang='lat' dir='ltr'>occupare</span> <span class='ocrx_word' id='word_1_753' title='bbox 2535 5377 2675 5460; x_wconf 66' lang='lat' dir='ltr'>sunt</span> <span class='ocrx_word' id='word_1_754' title='bbox 2715 5377 2929 5460; x_wconf 42' lang='lat' dir='ltr'>conitti.</span> <span class='ocrx_word' id='word_1_755' title='bbox 2961 5380 3245 5460; x_wconf 72' lang='lat' dir='ltr'>Yideatur</span> <span class='ocrx_word' id='word_1_756' title='bbox 3270 5377 3679 5460; x_wconf 68' lang='lat' dir='ltr'>memoratum</span> <span class='ocrx_word' id='word_1_757' title='bbox 3704 5377 3880 5460; x_wconf 58' lang='lat' dir='ltr'>duris</span> 
     </span>
    </p>
   </div>
   <div class='ocr_carea' id='block_1_109' title="bbox 2220 5449 3873 5524">
    <p class='ocr_par' dir='ltr' id='par_1_109' title="bbox 2220 5449 3873 5524">
     <span class='ocr_line' id='line_1_110' title="bbox 2220 5449 3873 5524; baseline -0.005 -12"><span class='ocrx_word' id='word_1_758' title='bbox 2220 5449 2399 5512; x_wconf 76' lang='lat' dir='ltr'>Graec.</span> <span class='ocrx_word' id='word_1_759' title='bbox 2461 5454 2757 5511; x_wconf 89' lang='lat' dir='ltr'>volumen.</span> <span class='ocrx_word' id='word_1_760' title='bbox 2811 5454 2891 5509; x_wconf 90' lang='lat' dir='ltr'>De</span> <span class='ocrx_word' id='word_1_761' title='bbox 2939 5450 3409 5524; x_wconf 80' lang='lat' dir='ltr'>chartophylace,</span> <span class='ocrx_word' id='word_1_762' title='bbox 3464 5454 3523 5505; x_wconf 89' lang='lat' dir='ltr'>et</span> <span class='ocrx_word' id='word_1_763' title='bbox 3568 5449 3628 5504; x_wconf 89' lang='lat' dir='ltr'>in</span> <span class='ocrx_word' id='word_1_764' title='bbox 3686 5449 3873 5504; x_wconf 83' lang='lat' dir='ltr'>Alexii</span> 
     </span>
    </p>
   </div>
   <div class='ocr_carea' id='block_1_110' title="bbox 2222 5526 3381 5603">
    <p class='ocr_par' dir='ltr' id='par_1_110' title="bbox 2222 5526 3381 5603">
     <span class='ocr_line' id='line_1_111' title="bbox 2222 5526 3381 5603; baseline -0.004 -20"><span class='ocrx_word' id='word_1_765' title='bbox 2222 5527 2501 5603; x_wconf 66' lang='lat' dir='ltr'>Compeni</span> <span class='ocrx_word' id='word_1_766' title='bbox 2532 5526 2797 5603; x_wconf 78' lang='lat' dir='ltr'>Novellis.</span> <span class='ocrx_word' id='word_1_767' title='bbox 2829 5526 3033 5603; x_wconf 70' lang='lat' dir='ltr'>GOAB._</span> <span class='ocrx_word' id='word_1_768' title='bbox 3280 5596 3290 5603; x_wconf 33' lang='grc' dir='ltr'><strong><em>ι</em></strong></span> <span class='ocrx_word' id='word_1_769' title='bbox 3370 5592 3381 5603; x_wconf 47' lang='grc'><em>,</em></span> 
     </span>
    </p>
   </div>
   <div class='ocr_carea' id='block_1_111' title="bbox 2294 5593 3876 5670">
    <p class='ocr_par' dir='ltr' id='par_1_111' title="bbox 2294 5593 3876 5670">
     <span class='ocr_line' id='line_1_112' title="bbox 2294 5593 3876 5670; baseline -0.003 -18"><span class='ocrx_word' id='word_1_770' title='bbox 2294 5600 2407 5670; x_wconf 92' lang='grc'>(80)</span> <span class='ocrx_word' id='word_1_771' title='bbox 2439 5599 2516 5654; x_wconf 82' lang='lat' dir='ltr'><strong>Ex</strong></span> <span class='ocrx_word' id='word_1_772' title='bbox 2539 5597 2961 5670; x_wconf 79' lang='lat' dir='ltr'>monachorum</span> <span class='ocrx_word' id='word_1_773' title='bbox 2985 5599 3042 5651; x_wconf 92' lang='lat' dir='ltr'>et</span> <span class='ocrx_word' id='word_1_774' title='bbox 3062 5593 3876 5670; x_wconf 66' lang='lat' dir='ltr'>monasteriorumstupendo</span> 
     </span>
    </p>
   </div>
   <div class='ocr_carea' id='block_1_112' title="bbox 474 5659 3879 5744">
    <p class='ocr_par' dir='ltr' id='par_1_112' title="bbox 474 5659 3879 5744">
     <span class='ocr_line' id='line_1_113' title="bbox 474 5659 3879 5744; baseline 0.002 -30"><span class='ocrx_word' id='word_1_775' title='bbox 474 5659 808 5744; x_wconf 67' lang='lat' dir='ltr'>patriarcha</span> <span class='ocrx_word' id='word_1_776' title='bbox 836 5659 1316 5744; x_wconf 76' lang='lat' dir='ltr'>considet;_unde</span> <span class='ocrx_word' id='word_1_777' title='bbox 1360 5659 1780 5744; x_wconf 72' lang='lat' dir='ltr'>Euchologiufn</span> <span class='ocrx_word' id='word_1_778' title='bbox 1809 5687 2118 5744; x_wconf 64' lang='lat' dir='ltr'>consessum</span> <span class='ocrx_word' id='word_1_779' title='bbox 2225 5659 2468 5727; x_wconf 77' lang='lat' dir='ltr'>numero</span> <span class='ocrx_word' id='word_1_780' title='bbox 2499 5669 2662 5744; x_wconf 32' lang='grc' dir='ltr'>’ἁγίου</span> <span class='ocrx_word' id='word_1_781' title='bbox 2705 5663 2867 5741; x_wconf 75' lang='grc' dir='ltr'>ὄρους</span> <span class='ocrx_word' id='word_1_782' title='bbox 2915 5665 3334 5741; x_wconf 89' lang='lat' dir='ltr'>posterioribus</span> <span class='ocrx_word' id='word_1_783' title='bbox 3380 5662 3615 5720; x_wconf 65' lang='lat' dir='ltr'>saeculis</span> <span class='ocrx_word' id='word_1_784' title='bbox 3659 5659 3879 5722; x_wconf 74' lang='lat' dir='ltr'>nomen</span> 
     </span>
    </p>
   </div>
   <div class='ocr_carea' id='block_1_113' title="bbox 440 5731 2666 5816">
    <p class='ocr_par' dir='ltr' id='par_1_113' title="bbox 440 5731 2666 5816">
     <span class='ocr_line' id='line_1_114' title="bbox 440 5731 2666 5816; baseline 0.003 -27"><span class='ocrx_word' id='word_1_785' title='bbox 440 5731 615 5789; x_wconf 77' lang='lat' dir='ltr'>Vocat</span> <span class='ocrx_word' id='word_1_786' title='bbox 643 5734 699 5788; x_wconf 91' lang='lat' dir='ltr'>et</span> <span class='ocrx_word' id='word_1_787' title='bbox 737 5731 937 5789; x_wconf 78' lang='lat' dir='ltr'>throni</span> <span class='ocrx_word' id='word_1_788' title='bbox 989 5734 1237 5805; x_wconf 68' lang='lat' dir='ltr'>ejusdem</span> <span class='ocrx_word' id='word_1_789' title='bbox 1283 5731 1650 5795; x_wconf 43' lang='lat' dir='ltr'>consortium:</span> <span class='ocrx_word' id='word_1_790' title='bbox 1680 5740 1745 5798; x_wconf 89' lang='lat' dir='ltr'>In</span> <span class='ocrx_word' id='word_1_791' title='bbox 1776 5758 1843 5799; x_wconf 94' lang='lat' dir='ltr'>eo</span> <span class='ocrx_word' id='word_1_792' title='bbox 1877 5741 2119 5815; x_wconf 83' lang='lat' dir='ltr'>syncelli</span> <span class='ocrx_word' id='word_1_793' title='bbox 2228 5744 2458 5816; x_wconf 87' lang='lat' dir='ltr'>adepto.</span> <span class='ocrx_word' id='word_1_794' title='bbox 2484 5731 2666 5800; x_wconf 61' lang='lat' dir='ltr'>Goaa.</span> 
     </span>
    </p>
   </div>
  </div>
