4070 6334
222 397 334 458 221

1368 397 1921 463 HISTORIARUM
1961 395 2510 462 COMPENDIUM.

3520 386 3644 449 222

224 527 386 585 Biton
433 529 673 605 ἀνεψιοὶ,
705 527 894 593 δεινῶς
923 529 1211 609 τυφθέντες
1235 532 1327 586 καὶ
1359 528 1449 587 διὰ
1481 530 1650 604 μέσης
1680 533 1778 600 τῆς
1805 528 2091 607 λεωφόρου
2120 531 2596 609 παραπεμφθέντες
2628 527 2806 606 ἐξορίᾳ
2825 521 3638 604 παρεπίμφθησαν.Κατηνέχθη

226 615 281 674 δὲ
308 619 402 674 καὶ
433 616 690 695 Θεοδώρα
717 623 824 676 τῶν
857 620 1190 697 ἀνακτόρων,
1221 622 1312 676 καὶ
1341 620 1417 684 είς
1448 623 1509 676 τὸ
1542 619 1834 696 λεγόμενον
1863 620 2195 698 περιωρίσθη
2232 621 2455 695 Πετρίον
2489 621 2623 694 (81).

295 704 636 785 Ὀκτωϐρίου
694 707 751 765 δέ
811 710 985 783 μηνὸς
1017 709 1105 766 λα’
1159 709 1318 786 χύσις
1377 711 1618 786 ἀστέρος,
1653 710 1880 786 ἐγένετο,

2070 712 2285 769 Ultima
2341 711 2608 769 Octobris
2669 711 2762 766 die
2817 707 2984 766 stella
3042 708 3114 763 ab
3171 721 3380 762 occasu
3436 719 3642 759 versus

224 797 280 854 ἐκ
333 796 560 871 δυσμῶν
619 799 754 872 πρὸς
809 799 1084 869 ἀνατολὴν
1138 801 1237 868 τὴν
1296 799 1516 873 πορείαν
1567 804 1878 862 ποιοῦντος.

223 886 320 942 Καὶ
370 889 490 943 κατ’
517 887 686 957 αὐτὴν
718 889 818 958 τὴν
856 889 1066 964 ἡμέραν
1125 893 1332 951 πτῶσις
1388 889 1450 944 ού
1483 891 1648 966 μικρὰ
1697 888 1883 966 γέγονε

221 980 316 1032 τοῦ
346 975 671 1050 Ῥωμαϊκοῦ
728 982 959 1052 στρατοῦ
992 978 1044 1032 ὲν
1115 978 1288 1052 Συρίᾳ
1319 982 1751 1054 στρατηγοῦντος
1780 977 1882 1046 τῆς

227 1063 480 1140 μεγάλης
541 1067 884 1143 Ἀντιοχείας
907 1065 1140 1142 Μιχαὴλ
1171 1071 1266 1122 τοῦ
1298 1065 1615 1138 Σπονδύλη.
1637 1067 1881 1143 Ἐγένετο

226 1152 282 1210 δὶ
337 1155 430 1210 καὶ
493 1150 718 1231 ὄμϐρων
781 1155 1063 1219 έπίκλυσις
1100 1203 1114 1225 ,
1169 1156 1576 1234 έπικρατήσασα
1629 1154 1733 1219 ἓως
1786 1161 1883 1212 τοῦ

225 1242 475 1319 Μαρτίου
533 1243 730 1316 μηνὸς,
760 1248 868 1299 τῶν
913 1249 1178 1319 ποταμῶν
1212 1246 1624 1321 ὑπερχυθέντων
1653 1245 1744 1300 καὶ
1773 1249 1883 1301 τῶν

223 1331 432 1386 κοίλων
487 1330 921 1409 πελαγισάντων,
958 1333 1034 1396 ὡς
1088 1333 1455 1412 ἀποπνιγῆναι
1486 1331 1683 1409 σχεδὸν
1714 1333 1886 1390 πάντα

224 1421 288 1474 τὰ
319 1425 437 1489 ζῶα
485 1421 576 1475 καὶ
625 1420 754 1484 τοὺς
811 1417 1256 1494 καταϐληθέντας
1303 1422 1544 1500 καρποὺς
1573 1426 1640 1497 τῇ
1669 1427 1761 1499 γῆ,
1794 1423 1885 1479 καὶ

227 1506 317 1564 διὰ
343 1512 510 1564 τοῦτο
543 1509 708 1584 λιμὸν
739 1511 873 1566 κατᾶ
903 1511 995 1566 τὸν
1029 1511 1248 1567 ἐπιόντα
1286 1512 1488 1588 χρόνον
1538 1510 1882 1582 ἐπακολουθῇ

225 1619 311 1653 σαι
364 1596 564 1655 δεινόν.
617 1598 967 1673 Βουλόμενος
1024 1599 1083 1656 δὲ
1138 1602 1166 1656 6
1201 1600 1454 1677 βασιλεὺς
1481 1602 1544 1656 τὸ
1574 1602 1794 1676 γεγονὸς
1831 1601 1882 1656 ἐν

227 1686 399 1761 Συρίᾳ
454 1686 735 1764 ἀτώχημα
795 1688 1122 1760 έξιάσασθαι,
1184 1690 1417 1766 ὥρμητο
1451 1690 1591 1745 κατὰ
1618 1693 1718 1760 τῆς
1750 1689 1886 1766 Βερο

227 1773 375 1851 ῥοίας
429 1775 810 1854 ἐκστρατεῦσαι
847 1822 860 1836 ,
919 1777 1220 1852 Ἐκπέμπει
1275 1783 1404 1855 γοῦν
1463 1780 1579 1853 μετ’
1647 1779 1885 1849 εύζώνου

225 1861 511 1936 δυνάμεως
568 1868 974 1922 Κωνσταντῖνον
1045 1867 1329 1943 πατρίκιον
1396 1868 1489 1923 τὸν
1543 1869 1884 1943 Καραντηνὸν

223 1953 311 2008 νὸν
376 1951 462 2008 ἐπ’
511 1951 724 2033 ἀδελφῇ
749 1954 950 2011 τούτου
999 1951 1273 2032 γαμϐρὸν,
1343 1955 1595 2021 ἀπελθεῖν
1660 1955 1885 2028 ἐπισκή-

224 2044 326 2116 ψας
378 2041 472 2097 καὶ
528 2048 936 2112 κατασκοπῆσαι
992 2044 1089 2107 τὰς
1131 2042 1375 2110 εἶ’σόδους
1421 2046 1678 2101 καὶκατὰ
1706 2046 1768 2101 τὸ
1799 2043 1889 2100 δυ-

225 2131 386 2187 νατὸν
461 2133 830 2206 πημαίνεσθαι
904 2131 1034 2198 τοὺς
1110 2132 1364 2212 ἐχθροὺς,
1423 2135 1770 2211 παρατάξεως
1829 2133 1886 2192 δὲ

226 2219 534 2291 καθολικῆς
585 2220 883 2298 ἀπέχεσθαι
920 2223 1086 2299 μέχρι
1116 2230 1216 2293 τῆς
1249 2223 1415 2280 αὐτοῦ
1448 2224 1769 2300 παρουσίας.
1800 2226 1886 2282 Ἐν

230 2309 344 2381 ὅσῳ
405 2306 464 2364 δὶ
522 2310 550 2364 6
607 2310 841 2386 στρατὸς
897 2311 1046 2384 αὐτῷ
1099 2312 1506 2383 συνηθροίζετο,
1549 2314 1578 2368 6
1638 2314 1732 2387 μὲν
1789 2320 1890 2384 τῆς

229 2393 530 2475 Ἀϐασγίας
575 2399 763 2475 ἄρχων
832 2400 1103 2477 Γεώργιος
1155 2402 1301 2474 νόσῳ
1329 2401 1576 2472 τελευτᾷ,
1609 2404 1642 2472 ἡ
1676 2400 1733 2458 δὲ
1763 2401 1890 2458 τού-

233 2507 330 2542 του
390 2485 644 2545 σύνοικοι⁹
704 2483 958 2563 πρέσϐεις
1013 2489 1089 2552 είς
1153 2489 1379 2566 βασιλέα
1440 2491 1694 2548 στείλασα
1756 2491 1892 2564 μετὰ

235 2573 427 2652 δώρων
486 2574 723 2640 σπονδάς
779 2598 839 2633 τε
895 2579 1172 2655 εἷρηνιγᾰς
1201 2579 1377 2652 ἐζήτει
1425 2581 1515 2636 καὶ
1553 2585 1632 2654 τῷ
1687 2581 1889 2650 ταύτης

1991 806 2183 856 ortum
2243 802 2512 870 trajicere
2567 800 2691 856 visa
2747 805 2858 855 est.
2910 798 3244 867 Eademque
3287 795 3382 850 die
3429 792 3640 849 classis

1992 890 2254 946 Romana
2285 890 2441 944 haud
2484 889 2752 960 exiguam
2807 892 2898 943 est
2928 903 3105 958 passa
3153 884 3402 949 cladem,
3435 881 3639 937 Antio-

1991 980 2133 1035 cbiae
2183 983 2426 1050 praetore
2476 977 2754 1034 Michaelo
2785 975 3088 1049 Spondila.
3137 973 3360 1031 Imbres
3411 987 3640 1044 quoque

1992 1069 2259 1140 ingentes
2291 1084 2475 1139 usque
2507 1068 2578 1122 ad
2611 1067 2888 1122 Martium
2938 1080 3200 1120 mensem
3232 1062 3638 1126 obtinuerunt,

1991 1164 2048 1212 et
2079 1157 2342 1212 amnium
2377 1173 2445 1211 ac
2474 1156 2708 1212 lacuum
2735 1154 3123 1209 exundatione
3155 1153 3271 1208 fere
3301 1150 3501 1205 omnia
3521 1148 3644 1205 ani-

1993 1247 2170 1301 malia
2200 1253 2368 1301 necta
2408 1251 2566 1309 sunt,
2619 1261 2684 1299 ac
2715 1243 2943 1300 semina
2991 1249 3158 1297 terrai
3189 1240 3506 1296 commissa
3537 1254 3640 1310 pe-

1993 1335 2256 1404 rierunt;
2289 1334 2538 1406 ideoque
2583 1331 2917 1406 insequenti
2962 1347 3114 1387 anno
3143 1328 3324 1404 {gravi
3354 1332 3444 1385 est
3478 1327 3640 1382 labo-

1994 1429 2185 1479 ratum
2213 1424 2478 1496 penuria.
2505 1426 2789 1480 Caeterum
2818 1422 3137 1493 imperator
3159 1423 3223 1474 ut
3249 1422 3548 1489 acceptam
3581 1416 3639 1471 in

1992 1513 2154 1586 Syria
2184 1513 2408 1568 cladem
2433 1512 2771 1582 exsarciret,
2797 1511 3225 1583 expeditionem
3248 1508 3321 1564 ad
3352 1507 3641 1563 Berrceam

1993 1603 2288 1668 instituit;
2323 1602 2624 1673 mittitque
2648 1601 2866 1657 sororis
2897 1616 3014 1655 suae
3047 1599 3324 1654 maritum
3356 1600 3643 1652 Constan-

1991 1691 2183 1748 tinum
2215 1691 2524 1764 patricium
2554 1690 2972 1759 Carantenum,
2997 1706 3128 1744 cum
3155 1688 3297 1744 levis
3329 1689 3642 1742 armaturas

1995 1780 2267 1840 exercitu.
2319 1780 2608 1852 speculari
2648 1795 2784 1835 eum
2835 1780 3032 1835 aditus
3079 1782 3136 1834 et
3183 1779 3471 1848 quantum
3518 1774 3644 1829 fieri

1994 1876 2195 1942 posset
2240 1869 2438 1925 hostes
2487 1870 2784 1935 infestare,
2840 1867 3038 1940 przelio
3085 1872 3286 1922 tamen
3331 1881 3520 1935 usque
3569 1863 3641 1918 ad

1996 1975 2170 2014 suum
2204 1959 2523 2014 adventum
2555 1958 2849 2014 abstinere
2874 1957 3111 2028 jubens.
3132 1956 3281 2012 Dum
3315 1957 3510 2009 autem
3545 1951 3647 2006 mi-

1996 2047 2129 2104 lites
2159 2048 2367 2121 coegit,
2401 2049 2632 2104 interim
2667 2047 2926 2120 Abasgias
2958 2046 3232 2118 princeps
3262 2042 3546 2114 Georgius
3574 2055 3646 2096 ex

1996 2137 2199 2194 morbo
2232 2137 2483 2194 decedit.
2518 2136 2669 2193 Uxor
2717 2139 2847 2207 ejus
2879 2135 3083 2207 legatis
3123 2135 3193 2190 ad
3227 2132 3644 2204 imperatorem

1997 2226 2286 2298 donisque
2317 2227 2468 2282 489
2503 2227 2704 2282 missis
2728 2225 2958 2281 fcederis
2989 2221 3418 2280 renovationem
3441 2224 3498 2275 et
3526 2217 3646 2273 filio

1998 2333 2107 2372 suo
2141 2317 2441 2372 Pancratio
2471 2317 2780 2387 conjugem
2816 2313 2978 2387 petit.
3010 2313 3115 2369 Cui
3145 2325 3427 2367 assensus
3455 2308 3646 2378 impe-

1999 2410 2158 2462 rator
2186 2406 2374 2462 foedus
2409 2405 2626 2473 ﬁrmat,
2673 2404 3070 2474 Helenamque
3101 2401 3190 2458 sui
3223 2399 3422 2454 fratris
3465 2395 3643 2452 ﬁliam

2000 2497 2058 2551 in
2093 2495 2412 2567 Abasgiam
2443 2499 2696 2566 nuptum
2749 2492 2952 2563 mittit,
2983 2495 3040 2548 et
3071 2488 3445 2546 Pancratium
3477 2501 3654 2544 curo-

2000 2582 2211 2656 palatia
2244 2584 2459 2639 honore
2488 2583 2752 2654 insignit.

239 2663 338 2736 υίῷ
369 2665 698 2740 Παγκρατίῳ
722 2667 826 2734 τήν
860 2669 1306 2738 συνοικήσουσαν.
1352 2671 1454 2732 Ἦς
1503 2672 1601 2740 τὴν
1651 2665 1938 2746 πρεσϐείαν
1985 2668 2383 2744 ἀποδεξάμενος
2429 2672 2457 2725 6
2494 2667 2749 2745 βασιλεὺς
2777 2666 2872 2732 τᾶς
2903 2689 2960 2723 τε
2993 2665 3228 2729 σπονδὰς
3256 2665 3512 2742 ἐκύρωσε,
3554 2665 3649 2720 καὶ

229 2751 458 2823 Ἑλένην
491 2755 593 2822 τὴν
625 2755 818 2810 ἑαυτοῦ
850 2756 1094 2831 ἀνεψιὰν,
1120 2759 1220 2828 τὴν
1253 2760 1522 2835 θυγατέρα
1549 2763 1644 2814 τοῦ
1671 2756 1910 2837 ἀδελφοῦ
1941 2760 2108 2816 αὐτοῦ
2139 2759 2439 2837 βασιλείου,
2479 2758 2699 2839 νύμφην
2749 2759 2825 2823 εἷς
2868 2753 3157 2834 Ἀϐασγίαν
3203 2753 3507 2828 ἀπέστειλε,
3556 2755 3648 2810 τὸν

228 2843 460 2922 νυμφίον
489 2846 834 2921 Παγκράτιον
867 2844 922 2908 ἃς
948 2850 1057 2901 τῶν
1083 2845 1512 2923 κουροπαλᾶτων
1545 2843 1873 2912 ἀναϐιϐάσας
1902 2849 1965 2906 τὸ
1995 2849 2152 2925 ὕψος.

300 2949 454 3007 Κατά
479 2954 674 3006 τοῦτον
697 2952 792 3007 τὸν
822 2951 1024 3028 χρόνον
1073 2955 1265 3030 γέγονέ
1311 2976 1362 3009 τι
1392 2956 1672 3029 τεράστιον
1728 2956 1779 3011 έν
1811 2961 1890 3030 τῷ

233 3037 424 3111 θέματι
499 3043 612 3094 τῶν
687 3041 1008 3116 Θρᾳκησίων
1061 3039 1386 3119 παρᾳδοξον,
1447 3044 1572 3120 περὶ
1629 3045 1724 3109 τὰς
1783 3045 1888 3101 ὑπ-

230 3127 426 3201 ωρείας
461 3132 562 3183 τοῦ
592 3129 752 3202 ὅρους
781 3134 883 3184 τοῦ
914 3135 1183 3204 Κουζηνᾶ,
1245 3131 1296 3187 ἐν
1356 3135 1402 3206 ᾧ
1431 3135 1585 3210 πηγή
1619 3133 1728 3190 ἐστι
1760 3133 1887 3190 καλ-

233 3214 420 3272 λίστου
495 3217 589 3272 καὶ
667 3215 902 3282 διειδοῦς
959 3218 1178 3284 ὕδατος.
1238 3225 1404 3294 Φωνή
1462 3244 1542 3286 τις
1601 3222 1889 3296 ἑξηκούετο

232 3305 420 3382 οἷκτρὰ
465 3308 605 3379 μετὰ
653 3306 898 3384 ὀδυρμοῦ
946 3310 1036 3366 καὶ
1088 3313 1212 3367 οὐαὶ
1263 3314 1352 3368 καὶ
1402 3316 1614 3390 θρήνων
1678 3335 1891 3390 παρεμ-

2070 2958 2188 3014 Ηοο
2216 2963 2478 3031 tempore
2499 2958 2560 3014 in
2582 2958 2899 3014 Thracensi
2924 2956 3220 3030 provincia
3248 2953 3647 3027 prodigiosum

2000 3048 2306 3121 quippiam
2340 3048 2569 3117 accidit,
2589 3048 2743 3120 apud
2763 3047 2990 3102 radices
3013 3045 3232 3102 montis
3264 3048 3522 3113 Cuzenze,
3551 3043 3647 3098 ubi

2000 3138 2131 3194 fons
2163 3141 2250 3194 est
2281 3154 2444 3209 aqua:
2475 3136 2928 3209 limpidissimaa.
2950 3135 3074 3192 Vox
3096 3135 3252 3190 enim
3278 3133 3356 3189 ibi
3381 3133 3648 3204 quaedam

2001 3227 2275 3284 exaudita
2305 3231 2395 3282 est
2411 3226 2787 3294 miserabilis,
2810 3225 3128 3297 ejulatibus
3150 3229 3206 3280 et
3231 3222 3503 3278 lamentis
3529 3237 3651 3292 per-

2001 3320 2204 3385 mixta,
2222 3317 2388 3388 quasi
2405 3316 2784 3384 gemebundze
2809 3315 3102 3382 mulieris;
3130 3328 3317 3384 neque
3339 3311 3447 3366 hoc
3471 3309 3648 3366 semel

230 3398 395 3473 φερής
427 3395 738 3472 ὀλοφυρμῷ
766 3400 1041 3476 γυναικός.
1076 3401 1173 3456 Καὶ
1215 3402 1322 3478 οὐχ
1353 3404 1489 3474 ἅπαξ
1521 3405 1557 3475 ἢ
1589 3401 1671 3466 δὶς
1697 3409 1878 3464 τοῦτο.

1998 3411 2098 3462 aut
2125 3406 2360 3476 iterum,
2397 3407 2498 3462 sed
2532 3409 2732 3461 noctes
2780 3405 3025 3476 diesque
3077 3403 3355 3459 continuo
3385 3418 3418 3457 a
3450 3416 3653 3456 mense

233 3484 354 3542 ἀλλ’
401 3484 513 3541 ἀπὸ
546 3486 794 3562 Μαρτίου
849 3489 1022 3562 μηνὸς
1080 3487 1242 3567 ἄχρις
1307 3491 1532 3549 Ἰουνίου
1575 3494 1741 3549 αὐτοῦ
1770 3496 1892 3550 καθ’

231 3574 436 3650 ἡμέραν
468 3573 560 3630 καί
589 3575 774 3634 νύκτα.
824 3577 1132 3635 Ἀπιόντων
1171 3577 1230 3635 δέ
1259 3601 1422 3637 τινων
1455 3580 1541 3637 ἐπὶ
1591 3583 1670 3655 τῴ
1719 3604 1887 3638 κατα-

232 3671 502 3734 σκοπῆσαι
551 3665 645 3720 τὸν
673 3667 842 3722 τόπον
899 3666 1024 3732 ἔνθα
1072 3671 1107 3739 ἡ
1143 3670 1294 3747 φωνή
1329 3669 1604 3747 έξηχεῖτο,
1634 3670 1889 3748 ἀλλαχοῦ

233 3753 558 3826 μετέπιπτεν
587 3755 622 3824 ἡ
650 3752 924 3831 ὀλολυγή.
977 3759 1151 3814 Τοῦτο
1192 3755 1272 3826 δὲ,
1305 3760 1379 3822 ὡς
1415 3758 1581 3829 ἔοικε,
1636 3763 1887 3836 προεμή-

228 3862 315 3897 νυε
339 3843 444 3912 τήν
479 3843 751 3921 φθάσασαν
803 3846 1036 3922 ῥηθῆναι
1092 3845 1322 3924 ἀτυχίαν
1351 3853 1459 3904 τῶν
1510 3850 1800 3923 Ῥωμαίων
1835 3849 1886 3906 ἐν

231 3935 295 4005 τῇ
326 3929 514 4003 Κοίλη
574 3933 762 4008 Συρίᾳ.
811 3939 916 3989 Τοῦ
971 3935 1074 4012 γὰρ
1134 3935 1404 4011 βασιλέως
1444 3939 1766 4017 Νικηφόρου
1795 3941 1892 4002 τὰς

230 4019 490 4084 πλείστας
543 4021 744 4097 Συρίας
790 4024 882 4078 καὶ
933 4024 1195 4096 Φοινίκης
1224 4022 1418 4092 πόλεις
1465 4030 1889 4103 παραστησαμέ-

231 4130 342 4178 νου,
389 4109 484 4164 καὶ
530 4115 628 4166 τοῦ
680 4113 797 4184 μετ’
845 4113 1008 4168 αὐτὸν
1038 4114 1294 4170 Ἰωάννου
1340 4115 1410 4172 τὰ
1452 4116 1735 4173 ἑαλωκότα
1763 4138 1890 4194 κρα-

229 4200 530 4272 τυναμένου
600 4199 690 4255 καὶ
773 4199 941 4278 μέχρι
1019 4209 1310 4277 Δαμασκοῦ
1381 4207 1479 4275 τήν
1545 4205 1886 4282 ἐπικράτειαν

231 4287 673 4362 παρατείναντος,
751 4288 968 4366 ἐπείπερ
1041 4293 1069 4347 6
1150 4299 1265 4367 μετ’
1335 4294 1531 4361 αὐτοὺς
1604 4295 1889 4361 Βασίλειος

231 4374 493 4452 πρότερον
556 4378 652 4451 μὲν
686 4379 789 4435 ὑπὸ
845 4385 953 4436 τῶν
1013 4381 1301 4460 ἐμφυλίων
1346 4384 1764 4461 ἀσχολούμενος
1795 4407 1892 4441 πο-

233 4461 440 4538 λέμων,
500 4465 723 4544 ὕστερον
759 4466 817 4524 δὲ
845 4469 935 4525 καὶ
973 4476 1092 4534 τοῖς
1121 4473 1260 4528 κατὰ
1283 4478 1384 4528 τοῦ
1417 4475 1683 4548 Σαμουὴλ
1714 4496 1892 4551 εργοις

234 4552 626 4640 προσλιπαρῶν
660 4557 744 4631 [Ρ.
775 4558 906 4633 725]
939 4558 1042 4614 οὐκ
1070 4555 1228 4637 ἔσχεν
1260 4559 1532 4640 εύκαιρίαν
1580 4563 1767 4628 καλῶς
1798 4563 1889 4620 καὶ

233 4640 302 4730 ῶς
351 4639 633 4720 ἐνεδέχετο
688 4645 756 4701 τὰ
812 4644 864 4702 ἐν
914 4651 983 4721 τῇ
1040 4650 1156 4723 Ἐῳ
1185 4639 1709 4730 κατασφαλίσασθαι,
1762 4651 1893 4710 ἀλλ’

231 4727 348 4834 quo?
398 4731 454 4786 έν
505 4734 769 4834 φαντασίᾳ
811 4736 1104 4834 γενόμενος
1149 4727 1482 4834 έκεῖσείκαὶ
1533 4742 1607 4804 ὡς
1641 4742 1668 4796 6
1701 4742 1890 4817 καιρὸς
1921 4771 1969 4834 D

232 4815 424 4892 ἀπῄτει
469 4825 639 4877 ταῦτα
685 4827 1188 4898 καταστησάμενος,
1253 4828 1350 4892 εἷθ’
1406 4829 1745 4905 ὑποστρέψας
1798 4815 1890 4887 καὶ

233 4905 498 4984 ἀσχολίαν
556 4906 799 4986 ἔμμονον
831 4911 976 4990 ἔχων
1004 4916 1093 4970 καὶ
1124 4915 1383 4995 φροντίδα
1411 4920 1474 4974 τὸ
1503 4923 1611 4975 τῶν
1641 4920 1889 4998 Βουλγά-

235 5015 335 5085 ρων
389 4999 652 5072 ὑποτάξαι
703 5003 877 5077 γένος,
937 5004 1160 5081 ἀφορμὴ
1205 5007 1396 5082 γέγονε
1442 5011 1539 5064 τοῦ
1584 5009 1678 5065 τὸν
1729 5010 1890 5085 ζυγὸν

235 5083 530 5164 ἀποῤῥῖψαι
603 5088 701 5153 τὰς
781 5088 1151 5170 δυνατωτέρας
1210 5100 1319 5152 τῶν
1373 5096 1589 5153 πόλεων
1640 5098 1732 5154 καὶ

235 5174 429 5231 ἑαυτῶν
487 5177 822 5249 ἀναζητῆσαι
854 5179 1182 5259 ἕλευθερίαν.
1246 5183 1408 5241 Ἀλλ’
1453 5183 1558 5249 ἕως
1592 5188 1688 5260 μὲν
1731 5189 1888 5252 οὗτος

235 5271 443 5340 περιῆν,
500 5265 796 5339 έμελετᾶτο
851 5272 946 5344 μὶν
977 5273 1013 5342 ἠ
1059 5272 1378 5346 ἀπόστασις,
1409 5271 1654 5348 κρύϐδην
1707 5274 1765 5333 δὲ
1793 5277 1886 5333 καὶ

240 5350 297 5406 ού
342 5360 604 5431 φανερῶς.
663 5358 879 5417 Τούτου
937 5358 996 5416 δὶ
1049 5363 1112 5418 τὸ
1168 5364 1350 5440 χρεὼν
1381 5364 1760 5435 ἁποτίσαντος,
1791 5369 1885 5424 καὶ

236 5445 325 5496 τοῦ
353 5440 591 5524 ἀδελφοῦ
621 5445 788 5504 αὐτοῦ
836 5451 1238 5509 Κωνσταντίνου
1287 5452 1511 5528 ἀμελῶς
1564 5453 1883 5532 βασιλεύον-

2000 3495 2207 3552 Martio
2223 3511 2410 3567 usque
2433 3495 2502 3551 ad
2515 3495 2692 3550 Juniu
2705 3511 2782 3551 m.
2805 3495 3069 3566 Cumque
3082 3491 3352 3549 nonnulli
3369 3489 3651 3548 accessis-

1998 3589 2132 3642 sent
2152 3584 2515 3656 speculatum
2538 3583 2731 3638 locum
2758 3584 2913 3638 unde
2933 3599 3037 3637 vox
3059 3583 3362 3644 edebatur,
3385 3582 3498 3636 alio
3519 3581 3611 3651 eju
3629 3610 3649 3620 -

2000 3673 2158 3730 latus
2180 3673 2277 3728 isti
2298 3672 2723 3728 transiverunt.
2754 3671 3249 3726 Praemonstrabat
3278 3674 3496 3737 autem,
3519 3669 3645 3739 opi-

2000 3779 2129 3832 nor,
2152 3762 2261 3817 hoc
2285 3765 2619 3834 portentum
2649 3760 2871 3816 cladem
2900 3760 3297 3814 Romanorum
3321 3757 3380 3812 in
3403 3755 3648 3828 Caelesy-

1999 3853 2088 3907 ria
2113 3856 2433 3922 acceptam.
2467 3850 2691 3907 Etenim
2721 3847 3085 3920 Nicephorus
3128 3847 3446 3919 imperator
3475 3845 3650 3900 urbes

1998 3941 2178 4014 Syriae
2211 3958 2276 3996 ac
2307 3940 2617 3996 Phoenicim
2640 3938 2949 4010 plerasque
2973 3942 3206 4009 ceperat
3235 3941 3292 3991 et
3321 3936 3392 3991 ab
3425 3951 3491 3990 eo
3523 3950 3649 4006 par-

2001 4035 2061 4086 ta
2089 4031 2408 4086 Tzimiscas
2457 4045 2762 4085 successor
2790 4029 3188 4096 confirmarat,
3221 4026 3651 4096 imperiumque

2000 4120 2070 4175 ad
2110 4121 2459 4175 Damascum
2512 4134 2700 4190 usque
2749 4114 3091 4189 protulerat.
3145 4114 3396 4170 Basilius
3426 4119 3648 4180 autem,

2001 4209 2100 4280 qui
2133 4212 2265 4281 post
2292 4208 2401 4264 hos
2433 4206 2761 4280 imperavit,
2781 4205 3052 4261 civilibus
3084 4204 3342 4278 primum
3370 4202 3542 4261 bellis
3563 4221 3651 4259 oc-

1999 4302 2272 4370 cupatus,
2288 4297 2498 4354 deinde
2518 4301 2679 4354 totus
2697 4295 2849 4352 bello
2867 4295 3195 4351 Samuelico
3221 4294 3505 4361 intentus,
3533 4311 3650 4349 non

1999 4388 2288 4443 habuerat
2309 4389 2813 4459 opportunitatem
2836 4385 3092 4440 Orientis
3115 4400 3207 4439 res
3228 4382 3649 4451 constituendi,

2001 4475 2102 4531 sed
2131 4475 2298 4546 quasi
2326 4491 2427 4547 per
2457 4474 2941 4547 imaginationem
2975 4487 3042 4528 eo
3063 4473 3361 4528 interdum
3384 4472 3649 4527 animum

2001 4565 2333 4636 trajecerat,
2365 4569 2422 4620 et
2465 4569 2766 4636 utcunque
2797 4564 2951 4619 490
2982 4560 3199 4618 curatis
3248 4561 3321 4617 iis
3368 4565 3560 4617 totum
3591 4577 3653 4616 sc

2000 4652 2321 4726 Bulgaricae
2351 4653 2508 4726 genti
2532 4653 2872 4725 subigendis
2894 4652 3153 4708 dederat.
3178 4651 3259 4706 Ea
3287 4650 3398 4706 fuit
3425 4653 3653 4707 occasio

2002 4744 2250 4799 urbibus
2305 4744 2730 4813 potentioribus
2779 4742 3034 4797 Orientis
3077 4743 3287 4812 jugum
3322 4744 3649 4795 Romanum

2001 4833 2330 4888 excutiendi
2379 4847 2670 4904 suamque
2713 4830 3099 4902 recuperandi
3149 4830 3506 4886 libertatem.
3539 4829 3650 4885 Sed

1998 4940 2076 4980 ea:
2105 4938 2240 4980 cum
2271 4921 2497 4977 vivente
2527 4919 2719 4976 adhuc
2765 4919 2980 4977 Basilio
3011 4919 3398 4976 defectionem
3427 4917 3656 4976 occulte

1997 5016 2226 5069 tantum
2258 5009 2625 5078 molirentur,
2644 5026 2712 5067 eo
2743 5009 2976 5067 sublato
2996 5014 3053 5065 et
3073 5008 3458 5065 Constantino
3481 5010 3655 5063 fratre

1995 5101 2313 5173 imperium
2360 5099 2726 5171 negligenter
2774 5101 3030 5170 gerente,
3067 5098 3257 5168 iisque
3300 5098 3477 5152 modo
3507 5113 3652 5168 quas

1996 5191 2368 5246 ostendimus
2402 5191 2576 5244 rebus
2624 5188 2823 5244 dedito
2855 5186 3121 5244 omnium
3165 5185 3414 5242 aliorum
3449 5203 3652 5242 secure

1995 5279 2299 5352 repudiata
2328 5296 2488 5346 cura,
2514 5277 2787 5334 Saraceni
2823 5277 3124 5334 licentiam
3155 5275 3346 5349 adepti
3378 5276 3652 5348 praesidia

1995 5370 2233 5426 urbium
2282 5373 2767 5442 expugnaverunt
2813 5371 2986 5438 atque
3036 5367 3476 5423 interfecerunt.
3531 5366 3655 5422 Prze

1994 5458 2243 5530 reliquis
2275 5475 2397 5515 rem
2430 5459 2617 5531 gessit
2646 5456 2884 5528 Chalepi
2931 5457 3022 5529 (ea
3051 5460 3140 5513 est
3168 5455 3461 5528 Berrhma)
3503 5472 3654 5529 prae-

1433 5613 1792 5673 XYLANDRI
1829 5615 1922 5674 ET
1959 5615 2180 5672 GOARl
2223 5615 2451 5675 NOT/‘E.

308 5715 415 5795 (81)
444 5719 899 5784 Monasterium.
931 5725 1114 5786 Goan.
