4070 6334
402 383 520 444 223

1752 377 2072 440 GEORGII
2116 378 2456 440 CEDRENI

3697 380 3815 439 224

401 517 608 579 fectus,
630 513 731 586 qui
757 512 1199 569 continentibus
1223 509 1669 568 incursionibus
1685 510 2054 567 Antiochiam

2170 532 2263 573 τος
2309 511 2398 566 καὶ
2457 511 2733 589 ῥᾳθυμῶς,
2782 510 2871 567 καὶ
2916 510 2997 566 ἐπ’
3029 510 3256 573 ἐκείνοις
3306 505 3532 587 ἔχοντος
3561 509 3656 566 τὸν
3687 531 3823 566 σκο-

399 622 464 661 ac
495 604 683 660 vicina
711 602 990 658 Romanis
1015 601 1254 657 subdita
1280 602 1540 657 vexabat.
1573 601 1869 656 Adversus
1897 600 2052 656 hunc

399 694 721 766 Spondyles
738 690 1055 748 Antiochia
1076 692 1105 746 d
1119 708 1193 746 ux
1211 692 1439 747 vivente
1457 690 1650 747 adhuc
1672 690 2054 746 Constantino

398 783 825 857 expeditionem
882 782 1038 849 fecit,
1091 780 1436 853 przeclarum
1490 779 1770 835 nimirum
1814 779 2054 851 aliquod

399 874 668 930 editurus
690 871 952 938 facinus;
986 886 1300 942 pugnaque
1324 870 1659 935 commissa,
1685 886 1898 940 magna
1919 884 2053 924 cum

400 979 639 1019 suorum
672 961 836 1016 clade
873 965 1206 1032 superatus,
1240 959 1491 1030 turpiter
1524 958 1893 1014 Antiochiam
1929 974 2055 1029 per-

401 1051 569 1122 fugit.
605 1050 845 1120 Decepit
889 1053 1011 1104 arte
1061 1049 1218 1103 hunc
1252 1049 1607 1121 Spondylam
1658 1048 1833 1103 etiam
1866 1047 2056 1102 Arabs

399 1143 639 1213 quidam
702 1140 1095 1212 Musaraphus
1154 1141 1412 1209 nomine,
1472 1140 1529 1194 in
1590 1139 1741 1195 bello
1788 1157 1820 1194 a
1872 1138 2054 1194 Potho

397 1234 617 1304 Argyro
650 1236 857 1302 captus
903 1246 967 1286 ac
1000 1228 1317 1285 Antiochiae
1368 1230 1427 1284 in
1479 1228 1729 1285 vinculis
1761 1229 2053 1284 detentus.

398 1321 455 1377 Is
487 1319 843 1393 Spondylam
895 1318 945 1373 ei
999 1319 1131 1373 urbi
1182 1319 1523 1390 praglectum
1581 1318 2055 1373 animadvertens

396 1412 697 1467 hominem
731 1426 860 1464 esse
888 1408 1185 1478 mobilem,
1211 1425 1274 1464 se
1306 1407 1617 1480 magniﬁce
1648 1408 2053 1462 commodatu-

400 1517 531 1555 rum
565 1498 861 1571 pollicitus
892 1501 981 1553 est
1003 1498 1306 1563 Romanis,
1327 1500 1376 1552 si
1405 1496 1655 1552 vinculis
1687 1497 2053 1561 liberaretur,

399 1589 714 1659 omniaque
737 1604 937 1643 eorum
967 1587 1213 1643 consilia
1235 1588 1669 1657 expediturum,
1689 1590 1746 1641 et
1766 1585 2056 1640 Arabibus

397 1677 716 1750 plurimum
750 1676 950 1731 damni
1003 1677 1305 1731 daturum.
1357 1676 1507 1731 491
1570 1676 1781 1732 Locum
1824 1689 2057 1746 quoque

399 1766 770 1836 monstravit,
804 1764 862 1820 in
897 1782 1011 1837 quo
1063 1765 1111 1820 si
1144 1765 1452 1821 castellum
1483 1769 1884 1821 exstrueretur
1913 1764 2057 1819 sibi-

399 1872 511 1929 que
560 1855 1052 1921 committeretur,
1101 1871 1223 1910 rem
1276 1855 1596 1911 Romanam
1652 1854 1808 1909 haud
1852 1853 2057 1909 leviter

397 1950 553 2003 esset
581 1945 916 2016 adjuturus.
952 1944 1278 2016 Spondyles
1317 1945 1446 2014 ejus
1477 1943 1711 1999 fallacia
1743 1960 1858 1998 non
1889 1941 2055 1998 intel-

396 2035 548 2090 lecta
602 2033 854 2089 vinculis
907 2033 1209 2088 hominem
1256 2032 1450 2099 solvit,
1493 2032 1921 2103 castellumque
1970 2031 2055 2086 uti

397 2128 663 2180 suaserat
692 2122 980 2188 condidit,
1007 2127 1064 2177 et
1114 2121 1274 2177 mille
1309 2122 1591 2178 Romanis
1644 2121 1900 2193 praesidii
1930 2120 2056 2177 loco

397 2212 691 2284 impositis
746 2210 1168 2282 Musarapbum
1229 2211 1280 2265 ei
1333 2211 1607 2281 praefecit.
1663 2210 2055 2283 Musaraphus

400 2302 753 2356 consecutus
785 2300 941 2370 quod
994 2298 1247 2364 volebat,
1280 2297 1505 2355 occulte
1535 2316 1669 2354 cum
1700 2315 1895 2355 amera
1925 2300 2052 2355 Tri-

401 2388 553 2460 polis
583 2392 638 2444 et
666 2388 924 2444 Tusbero
956 2404 1190 2444 summo
1219 2388 1469 2460 [Egyptii
1504 2388 1787 2460 principis
1816 2390 1963 2444 duce
1994 2406 2055 2445 re

402 2478 747 2549 composita,
784 2476 1033 2533 missum
1067 2478 1138 2533 ab
1171 2479 1243 2535 iis
1281 2479 1599 2534 exercitum
1635 2480 1693 2533 in
1742 2478 2052 2534 castellum

404 2567 669 2634 admisit,
702 2568 1083 2638 Romanoque
1126 2566 1396 2639 praesidio
1429 2584 1576 2623 caeso
1609 2567 1757 2640 ipsis
1787 2567 2050 2622 tradidit.

403 2656 619 2712 Exinde
677 2673 912 2728 semper
954 2657 1373 2713 Saracenorum
1424 2674 1515 2713 res
1566 2657 1754 2728 potior
1796 2658 2055 2713 Romana

400 2745 528 2813 fuit,
564 2762 751 2817 neque
784 2745 966 2801 ullam
999 2746 1185 2802 fecere
1230 2748 1290 2801 in
1323 2745 1621 2816 Syriacam
1653 2747 2051 2803 Romanorum

399 2834 682 2889 ditionem
714 2835 1024 2906 grassandi
1059 2835 1583 2906 intercapedinem.

2162 604 2263 659 πὸν
2297 604 2431 679 άπερ
2495 605 2522 659 6
2582 603 2749 679 λόγος
2807 603 3008 681 φθάσας
3067 602 3539 679 ἐστηλογράφησε,
3597 605 3703 656 τῶν
3768 598 3817 655 δ’

2164 691 2351 748 ἄλλων
2380 692 2680 770 ἀλιγωρίαν
2711 690 3206 756 κατασκεδάσαντος
3262 690 3322 746 οὐ
3364 693 3462 761 τὴν
3514 696 3815 767 τυχοῦσαν.

2164 780 2345 845 ἀδείας
2378 784 2430 837 οἱ
2463 783 2769 859 Σαρακηνοὶ
2802 777 3101 855 λαϐόμενοι
3147 781 3244 843 τάς
3274 801 3332 836 τε
3382 780 3434 835 ἐν
3472 785 3592 843 ταῖς
3620 776 3820 836 πόλεσι

2165 872 2400 949 φρουράς
2459 872 2843 948 ἐξεπόρθησαν,
2879 870 3158 932 ἀνελόντες
3198 870 3287 925 καὶ
3333 868 3464 932 τοὺς
3513 868 3815 945 φρουροὺς,

2164 962 2280 1016 κατ’
2324 961 2583 1037 ἐξαίρετον
2644 959 2700 1015 δὲ
2759 962 2786 1015 ὁ
2841 964 2939 1026 τῆς
2997 958 3251 1036 Βερῥοίας
3282 959 3551 1034 ἀρχηγὸς,
3604 960 3666 1027 ἣν
3726 960 3819 1012 καὶ

2162 1049 2356 1106 Χάλεπ
2384 1049 2664 1105 καλοῦσιν⁹
2725 1046 2994 1124 ἐκδρομάς
3044 1070 3102 1103 τε
3149 1049 3251 1124 γὰρ
3313 1047 3482 1103 ἐποίει
3541 1052 3820 1121 συνεχεῖς,

2162 1142 2251 1195 καὶ
2296 1142 2397 1210 τήν
2445 1141 2788 1216 Ἀντιόχειαν
2851 1138 3043 1193 ἐκάκου
3093 1139 3184 1192 καὶ
3230 1138 3295 1192 τὰ
3344 1138 3653 1212 ὁμοροῦντα
3686 1132 3814 1207 ἔθνη

2162 1229 2252 1283 καὶ
2282 1230 2551 1305 πρόσοικα
2589 1231 2655 1283 τά
2694 1234 2811 1290 τοῖς
2860 1227 3157 1299 Ῥωμαίοις
3186 1228 3419 1297 ὑπήκοα.
3474 1226 3619 1300 Πρὸς
3680 1224 3737 1280 δν
3791 1226 3819 1279 6

2166 1317 2490 1389 Σπονδῦλης
2544 1326 2643 1388 τῆς
2700 1316 3065 1393 Ἀντιοχείας,
3124 1317 3198 1379 ὡς
3254 1314 3488 1391 εἷ’ρηται,
3520 1317 3815 1389 κατάρχων

2165 1407 2497 1482 ἐκστρατεύει
2558 1404 2635 1462 ἔτι
2691 1407 2975 1483 περιόντος
3036 1409 3133 1460 τοῦ
3195 1403 3617 1472 Κωνσταντίνου,
3684 1404 3819 1473 βου-

2165 1495 2402 1570 λόμενος
2456 1498 2602 1572 τάχα
2660 1495 2900 1551 νεανικόν
2959 1516 3010 1549 τι
3064 1494 3155 1548 καὶ
3184 1499 3425 1569 γενναῖον
3461 1490 3817 1563 ἐνδείξασθαι.

2166 1588 2261 1642 Καὶ
2298 1581 2595 1659 συμϐαλὼν
2623 1587 2703 1658 τῷ
2751 1589 2852 1648 τῆς
2899 1583 3154 1660 Βερῥοίας
3188 1582 3533 1658 ἐξηγουμὲνῳ
3564 1588 3817 1655 ῆττᾶται,

2164 1676 2253 1731 καὶ
2299 1674 2474 1738 πολὺς
2527 1676 2623 1749 μὲν
2670 1674 2870 1751 γίνεται
2901 1678 3009 1729 τῶν
3042 1672 3135 1728 σὺν
3182 1672 3330 1746 αὐτῷ
3379 1672 3602 1751 φθόρος,
3653 1671 3818 1734 αὐτὸς

2167 1763 2224 1820 δὲ
2271 1763 2528 1840 αἶ’σχιστα
2573 1764 2648 1826 εἷς
2696 1757 3034 1839 Ἀντιόχειαν
3093 1760 3434 1832 διασώζεται.
3487 1769 3821 1834 Κατεστρατ-

2090 1857 2338 1950 Βήγησε
2413 1852 2460 1909 δ’
2529 1854 2691 1909 αὐτὸν
2756 1851 2847 1907 καί
2922 1873 3003 1950 τις
3070 1854 3275 1926 "Amuli,
3354 1850 3650 1927 Μουσάραφ
3720 1852 3823 1919 τὴν

2163 1944 2558 2020 προσηγορίαν,
2608 1942 2796 2017 τρόπῳ
2836 1938 3053 2015 τοιῷδε.
3108 1942 3280 2002 Οὗτος
3333 1941 3433 2017 γὰρ
3465 1940 3493 1995 6
3520 1939 3822 2017 Μουσάραφ

2166 2031 2515 2108 δορυάλωτος
2544 2033 2912 2107 κατεχόμενος
2969 2031 3043 2086 ἐν⁹
3090 2031 3398 2106 Ἀντιοχείᾳ
3430 2032 3515 2103 (ἦν
3564 2029 3669 2106 γὰρ
3720 2049 3821 2083 κα-

2163 2122 2446 2198 τασχεθεὶς
2480 2122 2583 2177 ὑπὸ
2615 2121 2792 2179 ΙΙόθου
2837 2125 2932 2175 τοῦ
2959 2121 3278 2196 Ἀργυροῦ),
3324 2118 3542 2195 ἐπείπερ
3603 2118 3657 2173 αἱ
3712 2123 3821 2188 τῆς

2162 2212 2457 2287 ἡγεμονίας
2486 2210 2636 2281 ἡνίαι
2666 2210 2742 2272 ε’ίς
2767 2211 2859 2265 τὸν
2904 2207 3230 2279 Σπονδῦλην
3284 2207 3597 2281 μετέπεσον,
3650 2228 3818 2262 κατα-

2162 2302 2436 2371 νενοηκὼς
2466 2305 2559 2355 τὺν
2593 2299 2875 2376 ἄνθρωπον
2907 2297 3237 2373 εὖρίπιστον,
3285 2296 3552 2373 ὑπέσχεοο
3607 2294 3823 2372 μεγάλα

2164 2394 2536 2465 χρησιμεῦσαι
2565 2388 2884 2462 Ῥωμαίοις,
2917 2387 2962 2442 εἰ
3000 2388 3210 2457 ἀνεθείη
3259 2391 3366 2442 τῶν
3428 2384 3663 2460 δεσμῶν,
3726 2384 3822 2439 καὶ

2162 2480 2336 2534 πάντα
2358 2477 2684 2532 ἐπιτελέσειν
2743 2478 2809 2532 τὰ
2851 2477 2986 2532 κατὰ
3036 2476 3255 2532 σκοπόν·
3315 2477 3384 2531 τά
3424 2496 3482 2530 τε
3522 2475 3623 2551 γὰρ
3674 2474 3818 2546 ὁμὸο

2165 2566 2311 2645 φαλα
2360 2572 2603 2622 κακῶσαι
2633 2563 3137 2643 κατεπηγγέλλετο,
3171 2564 3261 2620 καὶ
3290 2565 3458 2620 τόπον
3494 2561 3826 2634 ἐπιδεικνὺς,

2163 2657 2210 2711 εἲ
2262 2656 2519 2735 φρούριον
2551 2655 2601 2711 ἐν
2635 2656 2780 2727 αὐτῷ
2811 2653 3079 2729 δομηθείη
3129 2654 3218 2710 καὶ
3268 2655 3419 2727 αὑτῶ
3462 2650 3825 2727 παραδοθείη,

2162 2746 2224 2801 οὐ
2284 2748 2475 2821 μικρὸν
2534 2744 2730 2825 ὄφελος
2779 2743 2988 2808 ἔσεσθαι
3045 2744 3373 2818 Ῥωμαίοις.
3440 2744 3517 2800 Οὗ
3582 2743 3677 2804 τὰς
3733 2741 3830 2818 ρᾳἔ

2164 2833 2441 2911 διουργίας
2493 2836 2567 2909 μὴ
2602 2834 2775 2897 συνεὶς
2806 2835 2834 2888 ὁ
2868 2831 3191 2904 Σπονδύλης
3220 2837 3329 2888 τῶν
3379 2854 3438 2888 τε
3478 2837 3683 2887 κλοιῶν
3714 2831 3819 2907 ἀφ-

402 2928 531 2991 ῆκεν
566 2920 746 2990 αὐτὸν,
779 2922 869 2975 καὶ
898 2922 958 2976 τὸ
988 2922 1244 2999 φρούριον
1279 2923 1352 2983 ὡς
1383 2920 1656 2978 ἐκέλευσεν
1689 2918 2022 2995 ἐδομτςσατο,
2051 2922 2139 2978 καὶ
2168 2924 2315 2997 αὐτῷ
2343 2926 2441 2994 τὴν
2476 2924 2720 3002 φυλακὴν
2754 2922 3102 2999 ἐπετρέψατο,
3135 2922 3354 2998 χιλίους
3408 2920 3679 3000 φρουροὺς
3730 2918 3820 2995 ἐγ-

405 3012 744 3081 καταστήσας
776 3009 828 3065 ἐν
858 3011 1035 3084 τούτῳ
1075 3011 1396 3085 Ῥωμαίους.
1429 3012 1484 3065 Ὁ
1516 3008 1573 3065 δῖε
1594 3009 1888 3089 Μουσάραφ
1917 3013 2100 3088 τυχὼν
2136 3014 2299 3089 οὗπερ
2334 3010 2539 3090 ηὔχετο
2570 3017 2782 3089 καιροῦ,
2817 3011 2992 3088 λάθρα
3018 3017 3097 3084 τῷ
3118 3009 3434 3087 Τριπόλεως
3483 3012 3673 3084 ἀμηρᾷ
3723 3008 3820 3063 καὶ

408 3094 644 3174 Τοόσϐερ
675 3104 756 3171 τῷ
786 3100 1208 3176 ἀρχιστρατήγῳ
1236 3105 1332 3155 τοῦ
1369 3099 1668 3176 Αἰγυπτίου
1697 3099 2155 3177 προσδιαλεχθεὶς
2187 3102 2315 3159 λαὸν
2351 3104 2440 3159 ὑπ’
2469 3104 2644 3159 αὐτῶν
2678 3104 2991 3182 πεμφθέντα
3011 3099 3299 3175 δεξάμενος
3327 3101 3455 3164 τούς
3498 3121 3557 3156 τε
3602 3097 3826 3175 χιλίους

410 3188 619 3264 ἀναιρεῖ
646 3188 733 3242 καὶ
766 3190 826 3243 τὸ
858 3188 1117 3266 φρούριον
1148 3188 1331 3252 αὐτοῖς
1363 3186 1721 3265 παραδίδωσι.
1764 3192 1861 3245 Καὶ
1894 3190 1955 3245 οὗ
1989 3189 2231 3248 διέλιπον
2256 3192 2306 3264 ἐξ
2354 3192 2559 3249 ἐκείνου
2586 3192 2637 3265 ἐξ
2692 3190 3013 3268 ὑπερδεξίων
3068 3191 3359 3270 φερόμενοι
3410 3192 3460 3246 οἱ
3514 3188 3823 3264 Σαρακηνοὶ

406 3275 732 3356 διαφθείρειν
762 3284 829 3333 τά
861 3279 912 3334 ἐν
949 3278 1114 3355 Συρίᾳ
1160 3278 1457 3353 Ῥωμαίοις
1496 3281 1711 3351 ὑπήκοα
1739 3280 1829 3335 καὶ
1862 3280 2237 3356 λυμαίνεσθαι.

478 3407 778 3459 Romanus
810 3421 946 3476 ergo
977 3404 1268 3477 Sponder
1309 3403 1435 3460 loco
1467 3410 1624 3461 moto
1657 3423 2056 3463 successorem
2092 3409 2133 3477 ο

410 3493 591 3548 mittit
662 3494 1112 3550 Constantinum
1189 3495 1602 3561 Carantenum,
1664 3497 1881 3552 sororis
1942 3514 2059 3553 suae

410 3583 727 3651 maritum;
780 3588 833 3639 et
882 3584 1007 3655 ipse
1056 3599 1189 3638 eum
1250 3585 1539 3656 sequitur,
1591 3585 1782 3656 adque
1840 3585 2059 3641 bellum

405 3671 711 3728 Saracenis
744 3672 1115 3729 inferendum
1149 3688 1277 3728 sese
1306 3679 1627 3745 comparat.
1659 3674 1786 3729 Jam
1818 3676 1886 3729 ad
1923 3675 2059 3729 Phi-

406 3759 690 3815 lomilium
727 3766 1066 3832 pervenerat
1111 3761 1431 3828 Romanus,
1480 3779 1608 3817 cum
1656 3761 1831 3834 legati
1863 3781 1896 3818 a
1929 3765 2058 3818 Ber-

405 3849 565 3905 rhma
596 3854 915 3906 occurrunt
945 3867 1080 3905 cum
1114 3852 1478 3920 muneribus,
1510 3852 1739 3908 veniam
1772 3857 2057 3924 petentes,

407 3943 465 3993 et
496 3955 557 3993 se
589 3938 901 4011 pristinam
935 3939 1278 3995 servitutem
1330 3941 1648 3997 servituros
1698 3958 1762 3996 ac
1797 3958 2061 3997 annuum

406 4028 696 4083 tributum
721 4045 853 4084 cum
879 4030 1033 4084 bona
1054 4029 1246 4100 gratia
1278 4028 1677 4101 persoluturos
1710 4031 2059 4102 promitten-

408 4122 516 4172 tes.
550 4117 809 4172 Erantin
838 4118 1093 4173 exercitu
1113 4118 1360 4172 Romani
1390 4118 1558 4174 multi
1587 4119 1736 4175 bello
1766 4119 1907 4175 clari
1931 4120 2058 4189 viri,

408 4205 677 4277 interque
709 4205 815 4261 hos
846 4207 1105 4262 Joannes
1132 4206 1382 4262 Chaldas
1415 4208 1716 4279 patricius,
1746 4209 1839 4280 qui
1876 4209 2060 4282 impe-

408 4295 585 4350 ratori
632 4296 961 4351 suadebant
1016 4300 1079 4350 ut
1129 4296 1523 4352 conditionem
1578 4298 1882 4369 acciperet,
1919 4315 2063 4355 neve

409 4388 610 4439 testate
644 4383 701 4437 in
736 4383 961 4454 Syriam
994 4384 1252 4451 duceret,
1285 4402 1402 4456 quo
1433 4390 1693 4458 tempore
1722 4387 1797 4443 iis
1826 4389 1885 4443 in
1918 4387 2061 4444 locis

410 4487 565 4541 aqua
597 4471 793 4525 deﬁcit
843 4476 900 4526 et
931 4473 1149 4528 Arabes
1196 4474 1439 4529 subsisti
1494 4474 2061 4550 nequeunt,quippe

410 4561 563 4615 492
597 4562 819 4616 assueti
849 4578 1049 4617 earum
1101 4563 1405 4634 regionum
1449 4563 1699 4620 calorem
1733 4571 2059 4637 {astumque

409 4654 467 4705 et
498 4650 765 4704 ardorem
799 4650 941 4706 solis
992 4651 1256 4718 tolerare,
1293 4652 1596 4722 Romanis,
1646 4659 1849 4726 utpote
1898 4655 2059 4727 gravi

409 4739 708 4792 armatura
741 4738 1065 4803 utentibus,
1118 4738 1571 4795 intolerabilem.
1615 4741 1723 4797 Sed
1761 4742 2059 4799 Romanus

410 4825 557 4881 nihil
589 4842 790 4881 eorum
824 4828 1071 4883 consilia
1120 4834 1406 4895 moratus,
1441 4826 1702 4901 p'riorum
1752 4830 2061 4904 imperato-

408 4931 541 4970 rum
576 4916 861 4972 memoria
892 4916 1152 4973 recolens
1174 4935 1264 4973 res
1296 4917 1565 4989 praeclare
1588 4924 1806 4991 gestas,
1826 4923 2061 4992 cupien-

409 5020 556 5076 sque
605 5004 732 5077 ipse
781 5006 957 5062 etiam
1010 5008 1158 5063 forte
1213 5007 1447 5079 aliquod
1499 5009 1669 5064 edere
1720 5010 1968 5078 facinus,
1999 5011 2059 5065 in

408 5092 637 5165 Syriam
669 5093 851 5163 abiit;
885 5112 953 5151 ac
982 5100 1174 5152 castra
1214 5096 1411 5167 posuit
1440 5098 1511 5152 ad
1545 5098 1817 5154 Azazium
1850 5099 2059 5155 castel-

406 5181 555 5249 lum,
588 5182 754 5238 bidui
786 5184 992 5241 itinere
1022 5202 1055 5241 a
1091 5185 1362 5241 Berrhaea
1392 5186 1693 5243 dissitum.
1727 5187 1944 5245 Exinde
1974 5189 2059 5245 rei

409 5273 674 5344 gerenda;
706 5274 988 5343 intentus,
1039 5277 1289 5332 Leonem
1320 5276 1831 5350 Choerosphactam
1875 5281 2061 5352 patri-

408 5361 587 5430 cium,
622 5364 1024 5421 excubitorum
1055 5366 1283 5436 ducem,
1310 5383 1439 5422 cum
1477 5383 1584 5422 sua
1614 5368 1851 5425 cohorte
1882 5370 2061 5426 mittit

408 5450 798 5521 speculatum,
833 5471 1120 5511 numnam
1165 5456 1384 5511 Arabes
1416 5458 1775 5530 accederent,
1801 5465 1859 5515 et
1881 5476 2059 5532 quor-

412 5556 545 5594 sum
574 5542 889 5599 transferre
938 5550 1130 5600 castra
1161 5545 1531 5601 conduceret.
1583 5550 1797 5604 Verum
1830 5550 1880 5603 is
1914 5550 2054 5605 iusi-

408 5627 522 5684 diis
581 5630 833 5688 Arabum
892 5633 1225 5706 intcrjectas
1278 5633 1549 5706 planities
1600 5639 2056 5695 custodientium

410 5722 585 5791 atque
634 5719 830 5793 ipsum
883 5729 1051 5797 capto
1111 5728 1374 5796 tempore
1424 5724 1616 5783 subito
1665 5728 2055 5787 adorientium

2243 3407 2420 3464 Ἀλλά
2450 3412 2637 3463 τοῦτον
2674 3409 2768 3480 μὶν
2813 3408 2840 3463 6
2894 3407 3177 3481 Ῥωμανὸς
3223 3404 3506 3480 μεθίστησι
3561 3407 3663 3469 τῆς
3720 3401 3827 3477 ἆρ-

2171 3505 2302 3573 χῆς,
2333 3494 2591 3572 διάδοχον
2619 3496 2764 3569 αὐτῷ
2820 3498 3039 3571 πέμψας
3066 3496 3157 3551 τὸν
3214 3492 3296 3550 ἐπ’
3328 3492 3540 3573 ἀδελφῇ
3570 3486 3829 3569 γαμϐρὸν

2170 3589 2338 3642 αὐτοῦ
2415 3592 2813 3641 Κωνσταντῖνον
2884 3586 2976 3642 τὸν
3049 3585 3393 3659 Καραντηνὸν
3470 3581 3829 3659 ἐὐτρεπίζετο

2172 3674 2365 3731 δὲκαὶ
2431 3675 2593 3738 αὐτὸς
2667 3675 2893 3730 κατόπιν
2959 3673 3211 3730 ἀπελθεῖν
3282 3679 3391 3729 τῶν
3466 3674 3829 3747 Σαρακηνῶν,

2172 3768 2255 3839 [Ρ.
2288 3769 2416 3837 7‘26]
2449 3763 2590 3835 ’Ήδη
2627 3763 2684 3820 δὲ
2711 3765 2774 3819 τὸ
2826 3762 3158 3838 Φιλομίλιον
3207 3757 3611 3825 καταλαϐόντος
3656 3759 3830 3814 αὐτοῦ

2170 3853 2339 3924 ἦλθον
2373 3850 2624 3928 πρέσϐεις
2666 3853 2724 3909 ἐκ
2770 3854 3031 3930 Βεῤῥοίας
3070 3852 3203 3927 μετὰ
3234 3850 3425 3925 δώρων
3455 3850 3536 3906 ὅτι
3569 3847 3827 3919 πολλῶν,

2170 3943 2610 4017 παρακαλοῦντες
2659 3942 2992 4016 συμπαθείας
3038 3947 3225 4017 τυχεῖν
3278 3942 3366 3996 καὶ
3411 3942 3514 4010 τήν
3545 3938 3671 4015 πρὶν
3698 3936 3829 3991 δου-

2170 4030 2318 4088 λείαν
2387 4029 2803 4102 ἐπαναδέξασθαι
2853 4030 2943 4086 καὶ
2991 4030 3118 4092 τοὺς
3161 4029 3411 4101 ἐτησίους
3461 4026 3825 4103 εὐγνωμόνως

2169 4122 2493 4197 προσφέρειν
2541 4120 2761 4195 φόρους.
2811 4118 3046 4175 Πολλῶν
3080 4117 3137 4174 δὲ
3177 4118 3430 4194 κάγαθῶν
3478 4118 3826 4193 στρατιωτῶν

2171 4211 2676 4287 συστρατευομένων
2725 4208 2871 4265 αὐτῶ
2919 4207 3379 4284 παρακαλούντων
3420 4208 3521 4275 τὴν
3572 4201 3830 4280 πρόκλη-

2171 4320 2252 4353 σιν
2302 4297 2566 4369 δέξασθαι,
2620 4300 2692 4353 ὧν
2737 4301 2814 4361 εἴς
2844 4301 2909 4367 ἦν
2959 4298 3049 4352 καὶ
3083 4300 3111 4352 6
3158 4297 3445 4373 πατρίκιος
3493 4296 3749 4364 Ἰωάννης
3799 4294 3829 4349 6

2172 4386 2413 4460 Χάλδας,
2445 4388 2535 4443 καὶ
2588 4389 2664 4460 μὴ
2716 4387 3088 4463 ἐκστρατεῦσαι
3135 4387 3273 4441 κατὰ
3320 4384 3519 4460 Συρίας
3549 4383 3599 4437 ἐν
3651 4388 3832 4458 καιρῷ

2171 4477 2382 4552 θέρους,
2423 4477 2585 4532 ὁπότε
2627 4477 2687 4531 τό
2730 4499 2789 4532 τε
2837 4475 2981 4551 ὕδωρ
3035 4476 3086 4530 ἐν
3151 4474 3285 4550 αὗτῇ
3332 4472 3577 4543 σπανίζει
3617 4472 3707 4527 καὶ
3764 4473 3831 4527 τὸ

2172 4570 2265 4643 μὶν
2317 4564 2568 4643 Ἀράϐων
2598 4563 2746 4631 ἔθνος
2798 4567 3170 4624 ἀνυπόστατόν
3223 4567 3365 4621 ἐστιν
3396 4567 3487 4620 οἳα
3531 4564 3834 4636 ἐνειθισμέ-

2168 4680 2254 4713 νον
2291 4658 2468 4736 φέρειν
2500 4658 2753 4732 γενναίως
2793 4658 2859 4712 τὰ
2890 4657 3134 4733 ἐγχώρια
3165 4654 3349 4727 θάλπη
3399 4655 3485 4710 καὶ
3519 4654 3647 4715 τοὺς
3688 4650 3828 4731 φλο-

2166 4747 2338 4824 γμοὺς
2385 4747 2473 4802 καὶ
2502 4746 2630 4811 τοὺς
2654 4746 2955 4816 καύσωνας,
2989 4747 3040 4802 οἱ
3074 4744 3132 4801 δὲ
3177 4748 3446 4819 Ῥωμαῖοι
3490 4741 3826 4799 πανοπλῖται

2166 4837 2533 4911 τυγχάνοντες
2583 4837 2651 4891 οὐ
2709 4834 3007 4908 τληπαθῶς
3056 4832 3246 4911 ἔχουσι
3304 4835 3442 4908 πρὸς
3490 4835 3590 4903 τὴν
3653 4831 3825 4904 ὥραν,

2176 4922 2412 4998 μηδενὸς
2463 4924 2793 5004 ἐπιστροφήν
2854 4928 3245 4998 ποιησάμενος,
3304 4920 3430 4979 ἀλλ’
3486 4921 3536 4995 ἐξ
3580 4920 3829 4995 ὗπογύου

2167 5013 2233 5067 τὰ
2260 5019 2368 5068 τῶν
2411 5004 2519 5089 πρὸ
2571 5015 2763 5069 ἑαυτοῦ
2825 5012 3093 5089 βασιλέων
3139 5008 3283 5088 ἔχων
3340 5008 3823 5085 ἀνδραγαθήματα.

2167 5102 2257 5157 καὶ
2302 5101 2545 5157 σπεύδων
2610 5103 2699 5158 καὶ
2763 5103 2925 5166 αὐτὸς
2998 5100 3213 5178 ἀνδρῶᾶ
3266 5122 3387 5156 τινα
3438 5098 3828 5172 ἐπιδείξασθαι,

2169 5189 2376 5249 ἄπεισιν
2428 5192 2479 5248 ἐν
2539 5193 2731 5269 Συρίᾳ.
2789 5191 2891 5250 Καὶ
2940 5188 3355 5270 στρατοπεδείαν
3412 5191 3724 5263 πηξάμενος
3771 5187 3829 5244 ἲν

2167 5302 2272 5335 τινι
2322 5281 2563 5358 φρουρίῳ
2610 5279 2704 5337 δύο
2771 5284 2998 5359 ἡμερῶν
3066 5277 3190 5336 ὁδὸν
3241 5278 3500 5357 Βερῥοίας
3559 5278 3828 5353 ἀπέχοντι

2169 5368 2435 5443 (Ἀζέἱζιον
2471 5366 2647 5444 ὄνομα
2673 5376 2753 5445 τῷ
2785 5370 3052 5450 φρουρίῳ)
3102 5368 3315 5425 ἐσκόπει
3355 5369 3416 5425 τὸ
3471 5366 3700 5442 μέλλον.
3736 5368 3826 5423 Ἐν

2168 5460 2213 5531 ᾦ
2264 5459 2744 5534 κατεπηνωμένος
2790 5462 2879 5516 τὸν
2948 5465 3047 5516 τῶ.
3090 5454 3412 5531 ἐξκουϐίτων
3446 5455 3686 5533 ἄρχοντα
3731 5455 3827 5511 τὸν

2168 5547 2448 5623 πατρίκιον
2510 5550 2710 5605 Λέοντα
2762 5552 2851 5606 τὸν
2924 5550 3337 5627 Χοιροσφᾶκτην
3408 5548 3542 5621 μετᾶ
3587 5549 3685 5600 τοῦ
3734 5545 3820 5599 οἷ-

2166 5636 2313 5692 κείου
2350 5634 2627 5713 τάγματος
2686 5637 2774 5695 ἐπὶ
2833 5659 3150 5713 κατασκοπῃ
3202 5634 3439 5707 στέλλει,
3496 5634 3715 5717 εἴτινές
3759 5654 3823 5690 τε

2168 5725 2367 5783 ἐπίοιεν
2427 5730 2823 5805 κατοψόμενον.
2853 5723 3111 5805 ’Ἀριοϐεω
3140 5728 3230 5783 καὶ
3280 5725 3383 5798 δαη
3435 5723 3501 5796 δή
3536 5721 3819 5789 λυσιτελὲς
