4038 6334
215 411 337 472 225

1396 411 1940 476 HISTORIARUM
1987 414 2531 480 COMPENDIUM.

3520 420 3641 486 226

214 536 532 615 μεταθεῖναι
588 544 695 614 τήν
752 540 1189 618 στρατοπεδείαν.
1214 532 1401 600 Ἀλλά
1445 548 1641 600 τοῦτον
1691 544 1743 599 οἱ
1796 542 1876 600 tv-

1995 548 2378 623 interceptus,
2408 550 2735 624 cohorsque
2764 554 2892 624 ejus
2920 553 3222 626 ‘dissipata
3251 558 3363 610 est.
3395 554 3543 620 Quin
3573 572 3642 614 eo

211 630 529 709 εδρεύοντες
559 632 652 688 καὶ
702 632 770 688 τὰ
822 630 876 688 ἐν
932 637 1011 705 τῷ
1063 631 1260 707 μεταξὺ
1299 631 1461 689 πεδία
1518 632 1881 710 φυλάσσοντες

206 716 454 797 Ἄραϐες
502 722 1036 800 καιροσκοπήσαντες
1092 722 1183 778 καί
1240 719 1515 802 αἰφνίδιον
1573 721 1883 797 ἐπιθέμενοι

206 810 507 887 κατέσχον,
535 812 628 866 τὸν
685 809 744 866 δὲ
798 811 914 885 μετ’
945 810 1111 867 αὑτοῦ
1169 810 1304 867 λαὸν
1367 808 1733 868 διεσκέδασαν.
1793 813 1886 876 Ἐς

206 904 477 956 τοσοῦτον
509 897 568 956 δὲ
593 899 877 977 προῆλθον
908 899 1127 974 τόλμης
1157 901 1249 956 καὶ
1298 900 1571 964 ἀναιδείας
1629 902 1705 966 ὡς
1751 903 1882 977 ἀνατ

208 987 423 1068 suae“
484 974 797 1045 ἐπικόπτειν
858 990 1151 1064 Ῥωμαίοις
1205 991 1308 1059 τὴν
1367 989 1737 1068 γορτολογίαν
1790 974 1880 1045 καῖ

206 1081 317 1149 τὴν
345 1083 457 1135 τῶν
488 1076 677 1135 ἄλλων
708 1078 1015 1153 ἀναγκαίων
1048 1079 1351 1156 συλλογήν.
1388 1078 1561 1135 Πλέον
1610 1076 1658 1134 δ’
1686 1078 1883 1141 αὐτοὺς

208 1166 446 1224 ἐκάκουν
493 1168 546 1223 ἐν
604 1172 720 1230 τοῖς
776 1165 955 1223 ὕδασν
989 1167 1307 1242 πιεζόμενοι
1363 1169 1466 1245 γὰρ
1510 1168 1565 1223 οἱ
1612 1169 1882 1242 Ῥωμαῖοι

208 1258 308 1313 καὶ
346 1259 397 1314 ei.
421 1256 628 1313 τούτων
651 1255 816 1313 ’ίπποι
868 1259 957 1313 καὶ
1006 1257 1074 1313 τὰ
1119 1257 1408 1332 ὑποζύγια,
1447 1258 1553 1313 ὑπὸ
1611 1263 1710 1327 τῆς
1767 1257 1889 1312 ἀνά·

203 1369 358 1425 γκης
384 1352 480 1403 τοῦ
532 1345 722 1422 δίψους
754 1346 835 1410 εἲς
864 1354 1117 1425 προφανῆ
1181 1345 1407 1409 ἑαυτοὺς
1456 1346 1734 1410 συνώθουν
1791 1345 1882 1400 τὸν

206 1434 489 1506 κίνδυνον,
549 1438 639 1492 καὶ
709 1438 762 1492 οἱ
824 1436 1179 1511 ἁλισκόμενοι
1235 1434 1697 1511 προσαπώλοντο.
1755 1434 1887 1490 Τότε

207 1525 283 1596 δή
318 1526 409 1582 καὶ
452 1531 859 1589 Κωνσταντῖνος
906 1526 1189 1603 πατρίκιος
1220 1526 1249 1580 ὁ
1281 1524 1634 1595 Δαλασσηνὸς
1682 1523 1883 1598 ἐκπεμ-

206 1616 377 1693 φθεὶς
443 1615 709 1691 ἀνακόψαι
777 1614 904 1678 τοὺς
984 1610 1411 1689 ἐπεμϐαίνοντας
1468 1608 1708 1689 ’Ἄραϐας
1789 1613 1881 1668 καὶ

205 1701 470 1782 ἀνδρικόν
501 1726 554 1760 τι
600 1705 693 1761 καὶ
754 1710 1003 1781 γενναῖον
1060 1703 1472 1779 διαπράξασθαι,
1520 1702 1611 1759 καὶ
1656 1702 1877 1765 τούτοις

206 1793 562 1869 συμπλακεὶς
590 1795 682 1850 καὶ
736 1795 996 1869 ἀκόσμως
1052 1795 1259 1874 φυγὼν,
1325 1792 1575 1870 μεγάλης
1627 1794 1877 1869 ταραχῆς

205 1886 305 1941 καὶ
343 1883 660 1961 συγχύσεως
688 1885 758 1940 τὰ
784 1884 1069 1959 Ῥωμαίων
1101 1883 1367 1955 ἐνέπλησε
1413 1883 1504 1940 καὶ
1559 1884 1651 1939 τὸν
1720 1883 1879 1957 βασι-

210 1974 326 2032 λέα
382 1974 565 2031 αὐτόν’
614 1973 1010 2040 ἐπανελθόντος
1071 1975 1175 2050 γὰρ
1227 1974 1396 2030 αὑτοῦ
1440 1967 1879 2050 τεθορυϐημένου

208 2063 403 2120 καὶτὸ
431 2060 794 2141 στρατόπεδον
843 2064 982 2119 ἅπαν
1027 2070 1281 2140 ταραχῆς
1331 2062 1742 2140 ἐμφορήσαντος
1789 2062 1880 2117 καὶ

209 2153 511 2228 ἀκοσμίας,
546 2152 724 2209 οὐκέτι
753 2156 851 2209 τοῦ
885 2150 1087 2209 λοιποῦ
1120 2152 1307 2229 μάχης
1346 2152 1510 2227 λόγος
1562 2150 1877 2227 ἑτύγχανεν,

212 2239 623 2310 almam”,
655 2241 729 2305 ὥς
781 2264 858 2313 πη
912 2240 1135 2297 δυνατὸν
1191 2243 1282 2312 ἦν,
1312 2242 1410 2311 τὴν
1456 2241 1648 2296 ἐαυτοῦ
1706 2262 1881 2311 σωτη-

209 2333 333 2407 ρίαν
384 2331 845 2409 ἐπραγματεύετο.
883 2331 1099 2400 Βουλῆς
1150 2329 1242 2387 οὖν
1291 2331 1648 2406 προτεθείσης
1703 2326 1877 2401 ἔδοξεν

209 2420 384 2486 ’ἑωθεν
447 2419 804 2483 διαλύσαντας
859 2424 960 2491 τὴν
1014 2420 1218 2499 τάφρον
1295 2418 1731 2497 ἐπαναζευγνύειν
1804 2418 1881 2483 εἷς

210 2510 705 2587 ’Δντιόχειαν.Καὶ
754 2507 824 2580 δὴ
870 2511 1008 2567 κατὰ
1064 2512 1162 2583 τὴν
1225 2508 1454 2581 δεκάτην
1511 2513 1609 2565 τοῦ
1665 2507 1879 2584 Αὐγούε

211 2621 345 2656 στου
402 2599 603 2675 μηνὸς,
638 2596 978 2662 ίνδικτιῶνος
1042 2606 1128 2677 ιγ’,
1161 2594 1317 2677 ἔτους
1376 2598 1577 2674 ,ςφληλ
1626 2597 1764 2653 κατά
1812 2598 1880 2653 τὰ

218 2685 635 2767 βεϐουλευμένα
661 2689 757 2752 τὰς
807 2696 907 2760 τῆς
958 2676 1374 2766 στρατοπεδείας
1420 2687 1722 2758 ἀνοίξαντες
1778 2685 1879 2742 πύο

219 2780 321 2842 λας
352 2781 650 2855 ἁπανταχῇ
680 2784 781 2849 τῆς
811 2777 894 2834 ἐπ’
926 2779 1268 2855 Ἀντιόχειαν
1303 2774 1543 2853 εἷ’χοντο,
1577 2778 1629 2831 οἱ
1659 2775 1880 2839 πλείους

219 2870 316 2943 μὲν
368 2865 646 2940 κοιλιακῷ
710 2870 1164 2946 κατειργασμένοι
1208 2870 1502 2941 νοσήματι,
1543 2867 1596 2921 οἱ
1653 2865 1878 2930 πλείους

217 2957 276 3014 δὲ
304 2957 399 3014 καὶ
434 2957 540 3013 ὑπὸ
568 2963 668 3027 τῆς
707 2956 944 3032 ἀνάγκης
993 2961 1089 3013 τοῦ
1149 2954 1340 3031 δίψους
1394 2956 1870 3032 κατειργασμένοι.

214 3050 321 3122 Οἷς
355 3044 637 3118 ἐξελθοῦσι
664 3053 766 3116 τῆς
795 3041 1157 3123 παρεμϐολῆς
1204 3046 1341 3121 μετά
1398 3044 1576 3122 ῥύμης
1627 3046 1679 3100 οἱ
1710 3048 1880 3121 Ἀρα-

215 3132 307 3201 ϐες
334 3136 689 3193 ἐπιτίθενται.
726 3138 812 3211 [Ρ.
844 3132 974 3211 727]
1003 3141 1117 3191 Τῶν
1146 3132 1203 3191 δὲ
1251 3132 1381 3210 μηδ’
1412 3134 1560 3198 ὅλως
1614 3135 1878 3191 ὑποστάν-

213 3248 326 3283 των
388 3226 494 3295 τήν
553 3226 733 3300 ὁρμὴν
754 3223 958 3300 γίνεται
986 3226 1165 3298 τροπὴ
1208 3221 1644 3303 φρικωδεστάτη,
1674 3224 1764 3279 καὶ
1826 3225 1879 3280 ei.

1993 639 2170 695 etiam
2220 640 2478 696 audaciai
2538 645 2713 712 atque
2765 642 3099 713 petulantiae
3158 643 3452 716 progressi
3498 649 3641 701 sunt

1992 728 2231 797 Arabes,
2248 732 2314 783 ut.
2343 728 2536 800 palam
2560 729 3038 801 pabulationibus
3055 733 3346 789 Romanos
3374 738 3643 790 arcerent

1993 818 2361 890 aliarumque
2399 834 2595 875 rerum
2644 822 3107 878 necessariarum
3141 823 3637 895 comportatione;

1993 922 2061 962 ac
2094 907 2347 962 maxime
2375 923 2474 963 eos
2523 913 2804 981 aquatum
2844 911 3210 983 egredientes
3259 912 3636 968 infestabant.

1993 994 2137 1051 Nam
2168 996 2266 1051 siti
2300 996 2485 1052 vexati
2517 997 2763 1053 Romani
2794 1004 2852 1053 et
2882 1000 3015 1072 equi
3049 1016 3246 1056 eorum
3275 1017 3341 1057 ac
3364 1001 3640 1073 jumenta

1992 1100 2157 1158 aquae
2190 1086 2460 1157 parandae
2491 1102 2671 1142 causa
2692 1103 2755 1142 se
2786 1087 2842 1141 in
2877 1094 3145 1159 apertum
3169 1090 3389 1146 dabant.
3417 1092 3641 1164 pericu-

1992 1173 2138 1244 lum,
2171 1175 2640 1248 deprehensique
2670 1176 3192 1235 interﬁciebantur.
3226 1181 3348 1246 Quo
3378 1187 3640 1253 tempore

1991 1262 2167 1319 etiam
2217 1265 2639 1321 Constantinus
2684 1266 2967 1337 patricius
3014 1266 3369 1324 Dalassenus
3419 1269 3639 1326 missus

1991 1353 2063 1408 ad
2099 1353 2537 1425 reprimendum
2562 1353 2900 1426 ingruentes
2923 1356 3141 1411 Arabes
3164 1373 3231 1413 ae
3260 1358 3485 1414 fortiter
3513 1375 3637 1415 rem

1990 1441 2663 1514 gerendam,commissa
2679 1459 2876 1516 pugna
2897 1445 3148 1517 turpiter
3166 1445 3394 1518 fugiens
3422 1452 3636 1503 etcum

1989 1530 2379 1601 trepidatione
2411 1530 2467 1586 in
2500 1536 2692 1587 castra
2725 1548 3017 1603 reversus,
3051 1536 3280 1589 tantum
3313 1533 3637 1590 tumultum

1988 1620 2143 1675 493
2174 1636 2240 1676 ac
2261 1621 2662 1677 confusionem
2685 1621 2976 1689 excitavit,
3002 1623 3202 1693 utjam
3238 1624 3400 1679 nulla
3427 1639 3637 1697 pugna

1990 1709 2209 1765 mentio
2240 1710 2424 1777 ﬁeret,
2456 1710 2557 1766 sed
2590 1710 2782 1782 quivis
2813 1711 2884 1765 de
2915 1710 3106 1767 salute
3136 1712 3249 1768 sibi
3281 1727 3636 1786 quocunque

1989 1799 2163 1855 modo
2196 1799 2456 1871 paranda
2486 1799 2788 1871 cogitaret.
2824 1799 2893 1854 Et
2922 1799 3169 1856 concilio
3198 1802 3481 1859 advocate
3506 1801 3635 1875 pla-

1988 1888 2110 1944 cuit
2167 1887 2449 1960 postridie
2502 1895 2694 1944 castra
2752 1905 2979 1944 movere
3046 1894 3223 1961 atque
3272 1891 3637 1949 Antiochiam

1989 1976 2167 2033 abire.
2202 1977 2349 2049 Ergo
2381 1976 2609 2032 decima
2643 1976 2734 2033 die
2754 1978 3025 2050 Augusti,
3056 1977 3376 2036 indictione
3408 1980 3637 2038 decima

1989 2065 2185 2130 tertia,
2218 2081 2372 2121 anno
2420 2065 2626 2120 mundi
2674 2066 2835 2135 6538,
2868 2067 3041 2122 sicuti
3095 2067 3282 2124 fuerat
3312 2069 3635 2139 decretum,

1989 2154 2267 2211 omnibus
2325 2154 2509 2225 portis
2566 2158 2894 2210 castrorum
2954 2157 3173 2227 apertis
3222 2156 3469 2213 Romani
3512 2158 3639 2215 iter

1987 2242 2355 2299 Antiochiam
2387 2260 2593 2299 versus
2635 2243 3070 2316 ingrediuntur,
3106 2244 3368 2320 plerique
3401 2247 3636 2305 cmliaeo

1989 2334 2192 2389 morbo
2222 2333 2434 2402 vexati,
2460 2332 2776 2427 pluresque
2797 2332 2892 2389 siti
2917 2335 3184 2390 confecti.
3210 2335 3274 2391 In
3306 2352 3405 2392 eos
3428 2337 3638 2394 castris

1990 2438 2257 2495 egressos
2312 2422 2533 2477 Arabes
2581 2422 2864 2494 impetum
2922 2423 3187 2491 faciunt;
3245 2442 3419 2497 quem
3470 2441 3638 2483 nemo

1988 2510 2297 2579 sustinuit,
2319 2511 2420 2567 sed
2456 2511 2653 2583 fugam
2684 2512 2871 2567 facere
2894 2512 3480 2584 periculosissimum,
3504 2515 3638 2572 aliis

1988 2601 2195 2673 caplis,
2228 2600 2411 2656 aliisa
2432 2616 2494 2655 se
2525 2599 2771 2655 invicem
2797 2600 3028 2656 obtritis
3058 2607 3237 2674 atque
3257 2604 3636 2662 conculcatis.

1986 2690 2217 2746 Accidit
2236 2689 2317 2745 ibi
2350 2690 2651 2762 quippiam
2686 2704 2801 2744 non
2833 2690 3143 2762 indignum
3181 2690 3385 2748 relatu.
3414 2694 3638 2753 Etenim

1988 2780 2261 2847 ducibus,
2295 2780 2395 2852 qui
2427 2779 2796 2834 fortitudinis
2840 2780 2994 2835 fama
3026 2797 3308 2854 magnum
3342 2783 3641 2843 habebant

1990 2885 2225 2939 nomen,
2263 2868 2678 2940 militibusque
2725 2868 3044 2925 subsistere
3091 2887 3206 2926 non
3255 2873 3637 2945 audentibus,

1989 2959 2090 3014 sed
2124 2958 2374 3031 turpiter
2421 2957 2889 3030 diffugientibus,
2920 2952 3243 3016 eunuchus.
3280 2963 3522 3034 quidam
3568 2965 3641 3021 de

1990 3047 2144 3120 regis
2203 3046 2459 3103 cubiculi
2518 3046 2801 3103 ministris
2855 3047 3277 3120 impedimenta
3323 3068 3641 3125 servosque

1991 3154 2131 3193 suos
2160 3134 2336 3208 diripi
2368 3135 2595 3206 videns,
2644 3135 2821 3208 idque
2852 3152 2968 3193 non
3022 3138 3211 3195 ferens
3243 3140 3636 3214 mediocriter,

1989 3242 2140 3299 equo
2170 3225 2279 3281 hac
2312 3225 2442 3280 illac
2492 3224 2846 3282 circumacto
2896 3243 3108 3300 magno
3158 3245 3289 3284 cum
3322 3229 3545 3302 impetu
3576 3231 3637 3288 in

215 3318 313 3391 μὶν
346 3318 441 3373 ὑπ’
472 3298 743 3388 ἀλλήλων
769 3298 778 3300 ἡ
803 3314 1099 3373 ἐπατοῦντο
1148 3298 1260 3372 κσιῖ⁷
1290 3312 1686 3393 διεφθείροντο,
1718 3315 1769 3370 οἱ
1820 3313 1876 3372 δὲ

1991 3298 2189 3372 hostes
2248 3315 2455 3380 fertur,
2512 3330 2834 3388 arcumque
2890 3298 3135 3373 tendens
3195 3334 3378 3374 unum
3410 3298 3637 3377 eorum

213 3407 452 3484 ζωγρίαι
500 3405 814 3471 ἡλίσκοντο.
855 3407 1023 3471 Ἔνθα
1068 3427 1120 3462 τι
1163 3404 1255 3461 καὶ
1303 3399 1499 3477 συνέϐη
1549 3403 1739 3481 χάριεν
1787 3426 1878 3482 γε-

208 3498 434 3552 νέσθαι⁸
476 3500 591 3551 τῶν
646 3496 751 3572 γὰρ
803 3500 1144 3573 στρατηγῶν,
1203 3496 1288 3558 οἷς
1348 3493 1430 3549 ἐπ’
1484 3491 1680 3571 ἀνδρίᾳ
1740 3496 1882 3572 μέγα

213 3581 399 3658 ὄνομα
454 3582 665 3653 ἧν,καὶ
723 3586 830 3638 τῶν
883 3585 1229 3656 στρατιωτῶν
1297 3577 1532 3655 μηδενὸς
1577 3581 1880 3652 ὑποστῆναι

213 3673 561 3747 τολμώντων
592 3671 686 3727 τὸν
709 3669 981 3744 κίνδυνον,
1016 3669 1144 3727 ἀλλ’
1170 3670 1407 3746 ἀγεννῶς
1451 3666 1882 3745 ἀποδιδρασκόν-

214 3785 353 3833 των,
386 3758 655 3836 εὐνοῦχός
683 3782 766 3825 τις
796 3765 902 3817 τῶν
953 3757 1251 3837 βασιλικῶν
1311 3758 1729 3833 θαλαμηπόλων
1781 3762 1882 3831 τὴν

1990 3406 2209 3477 dejicit,
2245 3404 2501 3478 reliquos
2532 3405 2591 3461 in
2636 3405 2858 3479 fugam,
2891 3407 3087 3475 vertit,
3119 3410 3484 3482 receptisque
3512 3410 3637 3467 suis

1991 3495 2166 3551 rebus
2197 3495 2365 3550 laetus
2398 3494 2720 3551 revertitur.
2755 3495 3077 3568 Imperator
3105 3514 3257 3571 aegre
3288 3500 3639 3558 Antiochum

1991 3585 2287 3657 pervenit;
2340 3583 2667 3655 fuissetque
2709 3584 2781 3639 ab
2813 3584 2979 3640 hoste
3028 3593 3258 3659 captus,
3308 3588 3420 3644 nisi
3453 3590 3641 3662 impe-

1990 3673 2192 3730 ratorii
2224 3672 2454 3729 sodales
2485 3677 2724 3728 strenue
2747 3676 3063 3746 pugnando
3086 3693 3147 3731 se
3177 3676 3494 3750 ipsumque
3525 3677 3640 3734 eri-

1992 3763 2275 3836 puissent.

220 3853 422 3907 έαυτοῦ
480 3849 785 3928 φερομένην
846 3846 976 3904 ἰδὼν
1030 3849 1334 3918 ἀποσκευὴν
1382 3849 1470 3902 καὶ
1514 3847 1640 3911 τοὺς
1692 3850 1983 3923 ὑπηρέτας,
2015 3849 2104 3906 καὶ
2156 3849 2233 3923 μὴ
2281 3846 2511 3924 ἐνεγκὼν
2556 3846 2788 3922 μετρίως
2835 3849 2898 3904 τὸ
2948 3848 3140 3918 πάθος,
3170 3852 3261 3907 τὸν
3305 3849 3476 3909 ’ίππον
3507 3851 3641 3929 τῇδὲ

220 3940 447 3996 κάκεῖσε
507 3938 831 4016 συνταράξας
892 3936 1065 3994 ἔπεισι
1130 3938 1267 4013 μετὰ
1324 3934 1559 4016 σφοδρᾶς
1620 3937 1799 4015 ὁρμῆς
1857 3941 1993 3997 κατὰ
2045 3943 2152 3995 τῶν
2220 3941 2568 4012 Σαρακηνῶν,
2600 3937 2688 3991 mi
2719 3936 2873 4009 τόξον
2903 3936 3134 4002 ἐντείνας
3168 3939 3361 4016 βάλλει
3396 3944 3492 4016 μέν
3519 3940 3637 4017 ἕνα,

216 4029 406 4105 τρέπει
463 4025 524 4083 δὲ
577 4026 705 4090 τοὺς
763 4024 994 4098 ἄλλους,
1026 4028 1115 4082 καὶ
1162 4027 1233 4082 τὰ
1288 4026 1481 4081 ἑαυτοῦ
1539 4023 1677 4081 ἐλὼν
1742 4026 2036 4107 ὑπέστρεψε
2090 4028 2361 4105 γεγηθώς.
2392 4027 2452 4084 Ὁ
2511 4023 2568 4080 δὲ
2623 4025 2879 4102 βασιλεὺς
2915 4027 3076 4104 ἐγγὺς
3104 4028 3276 4085 ἐλθὼν
3308 4036 3403 4086 τοῦ
3432 4033 3639 4091 ἀλῶναι

213 4119 583 4196 περισώζεται
612 4115 690 4179 εἰς
722 4115 1084 4193 Ἀντιόχειαν,
1112 4114 1363 4191 ἐκθύμως
1396 4116 1816 4193 ἀγωνισαμένων
1843 4119 1951 4174 τῶν
1987 4116 2286 4196 βασιλικῶν
2314 4115 2542 4192 ἑταίρων
2573 4115 2664 4170 καὶ
2696 4112 3070 4173 διασωσάντων
3104 4118 3326 4183 ἑαυτούς
3354 4142 3413 4176 τε
3435 4123 3525 4178 καὶ
3546 4125 3636 4180 τὸν

284 4206 474 4266 σιλέα.

284 4208 474 4266 σιλέα.

214 4208 415 4353 βαἰ’ότε
444 4291 518 4365 δὴ
540 4300 691 4368 Γεωρ
736 4293 818 4351 ίου
854 4299 954 4351 τοῦ
984 4292 1232 4366 Μυιάκη
1263 4298 1361 4351 τοῦ
1389 4294 1626 4369 θέματος
1677 4317 1874 4374 στρατ-

209 4383 489 4461 ηγοῦντος
529 4382 774 4461 Τελοὺχ,
807 4379 1045 4462 ’Ἄραϐες
1106 4382 1421 4440 ὀκτακόσιοι
1482 4384 1618 4458 μετά
1663 4384 1876 4462 γαύρου

206 4479 301 4530 τοῦ
332 4474 699 4554 φρονήματος
743 4473 1175 4551 ὑποστρέψαντες
1206 4472 1312 4528 ἀπὸ
1365 4479 1466 4543 τῆς
1514 4476 1727 4549 τροπῆς
1783 4473 1874 4529 καὶ
1905 4463 1952 4526 D

210 4564 348 4639 πρὸς
380 4562 551 4618 αὐτὸν
574 4561 1007 4641 παραγενόμενοι
1055 4559 1215 4617 ε’ίκειν
1266 4561 1368 4631 τήν
1428 4560 1699 4637 ταχίστην
1769 4560 1879 4618 ἐκέ-

209 4651 380 4708 λευον
416 4650 515 4706 καὶ
558 4652 657 4723 τὴν
708 4647 874 4706 πόλιν
926 4651 1245 4707 καταλιπεῖν
1302 4653 1400 4705 τοῦ
1460 4648 1730 4727 βασιλέως
1788 4652 1876 4708 ἐα-

209 4742 466 4804 λωκότος
524 4739 614 4795 καὶ
671 4740 872 4803 παντὸς
935 4745 1034 4796 τοῦ
1090 4740 1402 4813 Ῥωμαϊκοῦ
1476 4740 1875 4817 στρατεύματος

209 4828 383 4907 ἄρδην
416 4826 803 4898 ἀπολωλότος,
836 4828 927 4883 καὶ
962 4830 1039 4903 μὴ
1085 4828 1271 4884 ἑαυτὸν
1322 4834 1591 4908 προφανεῖ
1646 4827 1875 4905 κινδύνῳ

206 4916 592 4976 ἐπιδεδωκέναι⁹
625 4919 839 4993 ἡμέρας
868 4918 969 4996 γὰρ
1019 4914 1439 4993 διαλαμπούσης
1492 4917 1727 4996 οἷκτρῶς
1784 4919 1873 4975 αὑ-

207 5011 297 5073 τός
326 5030 391 5065 τε
428 5006 522 5064 καὶ
570 5007 622 5062 οἱ
671 5006 764 5063 σὺν
828 5004 974 5080 αὑτῷ
1022 5006 1357 5064 ἀπολοῦνται
1414 5007 1876 5085 περιστοιχισθέν-

205 5120 316 5162 τες.
348 5100 414 5157 Ὀ
450 5094 510 5153 δὲ
542 5094 797 5174 δέχεσθαι
842 5096 987 5172 τάχα
1030 5099 1132 5167 τήν
1186 5095 1500 5172 παραίνεσιν
1560 5095 1719 5169 δόξας
1777 5098 1870 5154 καὶ

206 5191 461 5259 ποιήσειν
516 5186 582 5242 τὸ
634 5186 998 5260 κελευόμενον
1062 5188 1438 5257 ὑποπτευθεὶς,
1489 5186 1613 5241 σῖτά
1663 5208 1723 5242 τε
1779 5188 1867 5243 καὶ

211 5279 354 5333 ποτὶ
415 5275 636 5341 τούτοις
697 5275 1075 5351 ἀποχρώντως
1159 5274 1440 5349 ἐκπέμψας
1521 5272 1866 5331 διαναπαύειν

210 5364 461 5422 ἐκέλευεν
494 5365 742 5433 ἑαυτοὺς,
784 5365 859 5427 ὡς
892 5364 989 5439 ἅμ’
1016 5363 1198 5441 ἡμέρᾳ
1238 5362 1398 5427 αὐτὸς
1451 5365 1544 5437 μὲν
1601 5363 1694 5419 σὺν
1751 5369 1869 5428 τοῖς

210 5452 464 5511 συνοῦσιν
522 5453 671 5527 αὑτῷ
748 5451 1221 5531 ἀπαλλαγήσεται,
1280 5452 1475 5516 αὐτοὺς
1536 5450 1594 5509 δὲ
1647 5453 1870 5531 κυρίους

212 5546 542 5618 καταστήσει
569 5550 671 5615 τῆς
701 5541 922 5606 πόλεως
952 5540 1171 5620 Τελοὺχ
1349 5542 1439 5598 καὶ
1486 5543 1702 5599 πάντων
1759 5547 1866 5600 τῶν

2056 4298 2211 4354 494
2239 4296 2354 4353 Sub
2382 4296 2441 4351 id
2476 4299 2708 4369 tempus
2752 4297 3057 4369 provinciae
3088 4299 3360 4357 Teluchze
3395 4306 3642 4375 praeerat

1987 4386 2272 4459 Georgius
2327 4385 2640 4441 Maniaces.
2700 4387 2787 4441 Ad
2848 4402 2983 4442 eum
3040 4390 3261 4446 Arabes
3317 4391 3640 4465 octingenti

1987 4476 2205 4549 fugatis
2237 4475 2510 4532 Romanis
2550 4480 2906 4532 revertentes
2958 4485 3352 4551 accesserunt,
3387 4483 3639 4554 superbe

1988 4565 2369 4633 ferocientes;
2423 4564 2853 4636 jusseruntque
2906 4582 3064 4636 eum,
3126 4569 3362 4639 quando
3428 4576 3637 4642 captus

1985 4653 2308 4726 imperator
2337 4658 2393 4709 et
2418 4652 2622 4709 deletae
2646 4653 3043 4710 ltomanorum
3062 4656 3184 4726 jam
3215 4662 3413 4715 essent
3433 4660 3633 4731 sepiae,

1984 4743 2185 4799 statim
2219 4742 2363 4798 urbe
2394 4740 2556 4797 abire
2586 4757 2775 4813 neque
2807 4759 2870 4798 se
2906 4743 2963 4797 in
2999 4745 3396 4803 certissimum
3425 4747 3631 4803 discri-

1984 4848 2119 4888 men
2149 4833 2287 4888 dare
2322 4846 2334 4886 :
2369 4829 2583 4901 alioqui
2633 4846 2769 4886 eum
2802 4830 2991 4903 prima
3019 4832 3149 4889 luce
3197 4835 3630 4895 circumdatum

1983 4937 2116 4977 cum
2149 4921 2274 4977 suis
2296 4919 2507 4975 misere
2533 4917 2894 4975 occisumiri.
2915 4921 3197 4994 Georgius
3227 4923 3632 4998 obtemperare

1981 5026 2044 5066 se
2072 5010 2157 5066 eis
2188 5007 2498 5077 simulans,
2531 5010 2595 5062 ut
2625 5008 2958 5080 opinionem
2991 5026 3119 5066 eam
3152 5012 3210 5067 in
3243 5012 3630 5072 barbarorum

1980 5100 2198 5155 animis
2240 5098 2636 5165 conﬁrmaret,
2681 5096 2795 5153 cibi
2846 5103 3137 5173 potusque
3186 5101 3416 5159 abunde
3446 5104 3530 5160 eis
3561 5119 3631 5161 ex

1981 5189 2126 5244 urbe
2157 5187 2342 5256 misit,
2374 5187 2572 5259 quiete
2602 5203 2665 5242 se
2694 5203 2794 5243 eos
2816 5188 3038 5260 jubens
3069 5190 3324 5260 reticere,
3356 5196 3414 5249 et
3441 5193 3631 5266 signi-

1981 5278 2164 5334 ﬁcans
2220 5292 2390 5332 mane
2438 5292 2503 5331 se
2554 5292 2689 5331 cum
2735 5277 2861 5333 suis
2909 5277 3334 5352 discessurum,
3367 5282 3631 5355 ipsisque

1979 5367 2186 5423 urbem
2216 5363 2533 5421 Telucham
2567 5373 2623 5421 et
2652 5365 2852 5422 omnia
2898 5366 3293 5425 Romanorum
3325 5371 3480 5428 bona
3506 5377 3630 5430 tra-

1979 5456 2265 5512 diturum.
2300 5456 2394 5512 Eis
2424 5456 2616 5511 verbis
2670 5444 2735 5512 ac
2784 5458 2933 5514 facto
2963 5460 3177 5517 Arabes
3206 5462 3432 5535 decepti
3462 5468 3630 5537 pota-

1978 5545 2124 5601 tioni
2176 5561 2238 5601 se
2286 5548 2340 5600 et
2399 5544 2670 5603 ebrietati
2726 5547 3035 5623 dederunt,
3094 5555 3447 5628 noctemque
3499 5570 3628 5613 eam

1415 5661 1503 5719 ΧΥ
1518 5662 1781 5721 LANDRI
1822 5662 1912 5721 ET
1951 5661 2169 5720 GOARI
2206 5662 2440 5719 NOT/E.

280 5764 395 5841 (82)
428 5764 610 5842 Regio
640 5767 699 5824 et
726 5763 870 5824 urbs
901 5762 1058 5824 circa
1082 5766 1339 5825 Taurum
1370 5766 1652 5824 montem.
1687 5761 1943 5824 Ortelius
1973 5777 2042 5823 ex
2070 5760 2441 5840 Curopalete.
2472 5761 2653 5824 Gem.
