4070 6334
431 402 547 460 227

1792 391 2106 454 GEORGII
2150 392 2492 453 CEDRENI

3722 399 3843 461 228

426 535 617 594 securi
648 534 873 605 absque
902 531 1063 587 omni
1092 546 1234 587 cura
1262 531 1601 599 exegerunt,
1627 532 1782 585 certo
1808 527 1921 585 sibi
1952 544 2060 600 per

2192 526 2514 597 Ῥωμαϊκῶν
2547 523 2872 601 χρημάτων.
2908 526 2977 585 Οἱ
3026 524 3084 582 δὶ
3110 532 3229 592 τοῖς
3254 548 3313 584 τε
3343 526 3533 605 λόγοις
3578 528 3670 585 καὶ
3723 534 3844 592 τοῖς

426 626 740 682 suadentes
788 620 1065 696 postridie
1116 636 1178 674 se
1226 618 1501 675 omnibus
1534 619 1843 690 petituros.
1894 616 2079 672 Media

428 721 597 771 nocte
628 713 819 769 ebrios
850 711 1132 767 barbaros
1163 713 1220 763 et
1259 725 1463 764 secure
1494 707 1851 763 dormientes
1883 706 2075 761 adori-

427 812 522 860 tur
555 803 843 859 Manacies
874 805 930 855 et
960 798 1353 855 internecione
1384 798 1573 866 delet;
1626 796 1865 852 camelis
1897 796 2074 851 etiam

430 895 649 965 potitur
674 891 799 957 280,
836 891 1067 944 onustis
1098 889 1287 943 omnis
1320 886 1551 957 generis
1582 903 1758 958 opum
1792 890 2076 940 Romana-

429 999 556 1039 rum
586 1002 599 1050 ;
647 994 934 1051 naresque
966 984 1023 1033 et
1072 993 1243 1033 aures
1275 977 1603 1031 occisorum
1654 980 1971 1047 amputans
2003 975 2073 1029 ad

425 1074 839 1144 imperatorem
872 1069 1082 1136 adfert,
1111 1067 1208 1139 qui
1233 1068 1356 1137 jam
1390 1083 1423 1121 a
1453 1066 1589 1137 fuga
1620 1065 1676 1120 in
1709 1064 2074 1136 Cappadocia

424 1162 626 1219 Phocea
680 1160 922 1214 domum
982 1163 1220 1212 venerat
1278 1156 1476 1226 ibique
1525 1154 1885 1209 morabatur.
1936 1153 2074 1223 Ejus

425 1251 701 1307 facinoris
754 1265 933 1303 causa
1006 1247 1322 1317 imperator
1399 1244 1710 1314 Georgium
1782 1242 2075 1298 inferioris

422 1341 619 1397 Mediae
650 1340 859 1393 ducem
896 1336 1046 1390 fecit.

2188 608 2367 689 ἔργοις
2401 614 2816 690 φενακισθέντες,
2848 617 2938 671 καὶ
2971 618 3045 679 ὡς
3106 617 3292 693 αὔριον
3352 621 3499 694 τάχα
3554 616 3841 693 ἀπολήψε-

2187 704 2305 758 σθαι
2335 704 2403 759 τὰ
2432 705 2604 759 πάντα
2656 704 3043 780 ὑπειληφότες,
3074 707 3211 783 πρὸς
3270 707 3469 769 πότους
3524 707 3616 761 καὶ
3671 710 3841 781 μέθας

2186 791 2492 867 ἐτράπησαν
2522 793 2610 848 καὶ
2664 793 2715 848 ἐν
2770 795 2912 869 πάσῃ
2970 792 3121 867 ἀδείᾳ
3173 797 3263 851 καὶ
3315 796 3617 871 ἀμεριμνίᾳ
3664 795 3841 853 διενυ-

2185 882 2457 958 κτέρευον.
2491 884 2551 939 Ὁ
2587 880 2645 937 δὶ
2710 884 2835 959 περὶ
2896 884 3060 957 μέσας
3115 884 3310 947 νύκτας
3365 885 3686 959 οἰνωμένοις
3745 885 3843 941 αὖε

2184 976 2300 1033 τοῖς
2357 973 2445 1027 καὶ
2504 972 2872 1050 ἀφροντίστως
2925 975 3301 1047 κοιμωμένοις
3370 974 3687 1044 ἐπιτίθεται,
3748 975 3840 1030 καὶ

2182 1060 2408 1122 τούτους
2442 1061 2537 1133 μὶν
2571 1063 2775 1124 πάντας
2825 1060 3145 1141 ἀπέσφαξεν,
3181 1062 3430 1142 ὑφείλετο
3476 1061 3533 1119 δὲ
3586 1064 3677 1119 καὶ
3717 1061 3839 1119 δια-

2182 1148 2371 1213 κοσίας
2463 1148 2799 1223 ὀγδοήκοντα
2880 1152 3169 1225 καμήλους
3245 1154 3667 1231 πεφορτωμένας
3747 1152 3840 1209 καὶ

2182 1237 2417 1315 πλήρεις
2465 1240 2678 1313 ἀγαθῶν
2727 1241 2995 1297 παντοίων
3020 1242 3365 1316 Ῥωμαϊκῶν.
3398 1244 3507 1304 Τὰς
3567 1240 3624 1299 δὶ
3684 1242 3836 1319 ῥῖνας

2180 1328 2269 1382 καὶ
2313 1329 2379 1383 τά
2425 1330 2537 1383 ὦτα
2588 1333 2695 1383 τῶν
2748 1330 3022 1386 πεσόντων
3064 1328 3353 1403 ἀποτεμὼν
3414 1330 3718 1405 διεκόμισεν
3782 1330 3834 1387 έν

427 1424 785 1495 Καππαδοκίᾳ
832 1427 909 1494 τῷ
962 1420 1197 1497 βασιλεῖ,
1228 1419 1335 1491 ἤδη
1384 1421 1489 1475 ἀπὸ
1534 1427 1634 1489 τῆς
1680 1426 1852 1496 φυγῆς
1895 1414 2249 1493 κατειληφότι
2282 1417 2372 1470 τὸν
2402 1421 2499 1471 τοῦ
2531 1423 2700 1472 (banti
2730 1420 2875 1474 οἶκον
2907 1420 2996 1475 καὶ
3028 1418 3079 1475 έν
3113 1418 3259 1493 αύτῷ
3290 1416 3644 1496 διατρίϐοντι.
3676 1422 3775 1479 Ὃν
3806 1421 3836 1475 ὁ

429 1515 681 1594 βασιλεὺς
706 1518 803 1569 τοῦ
834 1511 995 1587 ἔργου
1030 1509 1425 1583 ἀποδεξάμενος
1450 1510 1730 1564 κατεπάνω
1760 1515 1858 1579 τῆς
1891 1507 2036 1563 κάτω
2068 1503 2285 1577 Μηδίας
2319 1503 2715 1564 ἀποδείκνυσιν.

492 1660 641 1716 495
678 1657 994 1713 Discedens
1017 1661 1214 1711 autem
1233 1654 1393 1727 Syria
1410 1654 1742 1710 Simeonem
1767 1650 1948 1709 soceri
1975 1649 2069 1707 sui

417 1746 781 1806 Constantini
800 1745 1130 1800 ministrum
1146 1742 1648 1799 creatscholarum
1665 1740 2069 1808 domesticum,

415 1835 737 1894 Antiochiae
768 1833 1027 1889 Nicetam
1061 1850 1093 1886 a
1126 1831 1398 1888 Mistheia
1445 1832 1728 1903 praeficit;
1770 1835 1947 1902 atque
1978 1830 2069 1883 his

418 1926 660 1983 mandat
690 1927 755 1979 ut
792 1922 851 1977 in
903 1921 1236 1994 recipiendo
1289 1922 1510 1976 Menico
1558 1918 1816 1989 castello,
1849 1917 2003 1989 quod
2036 1934 2070 1971 a

416 2014 770 2086 Musarapho
792 2010 1256 2074 eratconditum,
1278 2026 1449 2066 omne
1476 2009 1738 2064 studium
1761 2006 2069 2075 collocent,

2249 1648 2527 1725 Ἀπαίρων
2564 1645 2620 1703 δὲ
2650 1655 2750 1719 τῆς
2786 1648 2981 1725 Συρίας
3013 1646 3331 1722 δομέστικον
3379 1650 3473 1723 μὶν
3530 1654 3637 1705 τῶν
3698 1670 3837 1726 σχο-

2180 1734 2292 1793 λῶν
2354 1736 2697 1794 ἀποδείκνυσι
2772 1740 2994 1811 Συμεὼν
3051 1739 3142 1794 τὸν
3202 1744 3296 1795 τοῦ
3354 1743 3611 1814 πενθεροῦ
3666 1739 3835 1795 αὐτοῦ

2182 1833 2589 1882 Κωνσταντίνου
2654 1828 2977 1905 Θεράποντα,
3036 1829 3285 1903 ἡγεμόνα
3366 1826 3423 1883 δὶ
3490 1828 3838 1904 Ἀντιοχείας

2180 1915 2417 1984 Νικήταν
2474 1915 2566 1970 τὸν
2628 1915 2688 1971 ἐκ
2742 1917 3000 1978 Μισθείας
3059 1919 3191 1990 (83).
3239 1917 3472 1981 Τούτοις
3529 1915 3835 1972 ἐνετείλατο

2178 2003 2314 2057 κατά
2341 2004 2403 2058 τὸ
2448 2001 2669 2059 δυνατὸν
2726 2007 3121 2079 ἀποπειρᾶσθαι
3183 2010 3279 2061 τοῦ
3326 2006 3473 2082 παρά
3522 2009 3620 2061 τοῦ
3684 2012 3835 2062 Mou-

415 2104 615 2174 itaque
658 2078 1111 2156 incursionibus
1183 2097 1407 2169 Syriam
1464 2096 1733 2151 liberent.
1792 2096 1901 2151 Sed
1964 2111 2060 2149 eos

2174 2091 2347 2169 σάραφ
2380 2091 2687 2157 κτισθέντος
2737 2078 3017 2172 φρουρίου,
3052 2095 3119 2169 [Ρ
3144 2096 3273 2168 728]
3322 2094 3368 2166 ᾧ
3406 2078 3648 2156 ⁷Μενῖκος
3703 2090 3835 2150 ὅνο-

414 2206 751 2265 oppugnare
774 2189 833 2243 id
867 2186 1177 2243 castellum
1211 2186 1419 2240 inscite
1455 2201 1764 2257 aggressos
1796 2185 2063 2239 Musara-

413 2281 565 2354 phus
597 2282 774 2335 noctu
805 2275 1110 2348 eruptione
1164 2276 1315 2329 facta
1361 2275 1612 2346 turpiter
1659 2274 1796 2329 inde
1827 2271 2064 2344 repulit,

415 2368 707 2425 machinis
736 2367 913 2422 etiam
964 2364 1257 2422 crematis.
1309 2363 1491 2428 Quam
1526 2363 1607 2418 rei
1650 2361 2062 2434 indignitatem

412 2476 526 2514 non
553 2450 2059 2527 ferensimperatorTheoctistumprotospatharium,

413 2564 597 2602 unum
630 2562 869 2601 suorum
923 2543 1404 2599 fidelissimorum
1456 2543 1863 2597 ministrorum
1899 2556 2062 2607 mag-

415 2652 675 2708 numque
723 2640 862 2688 tunc
914 2632 1245 2688 sodalitatis
1278 2634 1508 2699 ducem,
1544 2631 1601 2685 in
1649 2631 1874 2702 Syriam
1925 2646 2060 2685 cum

414 2742 626 2798 magno
658 2742 728 2780 ex
760 2722 1039 2779 Romanis
1066 2721 1314 2793 aliisque
1346 2720 1621 2793 gentibus
1648 2719 1886 2775 collecto
1909 2734 2062 2773 exer-

413 2816 529 2871 citu
554 2815 894 2869 dictatorem
922 2811 1122 2873 mittit,
1141 2812 1429 2880 jubetque
1451 2826 1583 2865 eum
1613 2826 1674 2864 se
1707 2810 2063 2879 conjungere

414 2921 546 2961 cum
564 2903 913 2957 Pinzaracbo
927 2900 1179 2971 Tripolis
1195 2916 1409 2954 amere.
1431 2902 1483 2954 Is
1498 2898 1651 2953 enim
1672 2898 2063 2952 Pinzarachus

413 2993 585 3065 paulo
618 2996 750 3046 ante
782 2992 853 3045 ab
888 2990 1151 3061 Egyptio
1185 3005 1596 3043 amermumna
1630 2989 1973 3053 desciverat,
2008 2991 2065 3041 et

410 3083 688 3138 adversus
722 3098 857 3135 eum
890 3097 1056 3133 arma
1097 3083 1349 3150 ceperat.
1375 3077 1638 3149 Cumque
1670 3082 1871 3132 contra
1900 3092 1961 3130 se
1991 3076 2062 3131 ab

407 3170 673 3242 Egyptio
705 3186 838 3224 cum
863 3168 1026 3239 justo
1059 3168 1311 3222 exercitu
1349 3168 1600 3221 missum
1634 3168 1885 3221 'l‘urcum
1920 3166 2066 3221 Tus-

410 3261 613 3315 herum
646 3260 946 3329 copiarum
987 3258 1117 3326 ejus
1161 3257 1520 3326 praefectum,
1564 3271 1745 3326 seque
1775 3255 2061 3325 imparem

408 3365 535 3403 esse
565 3348 785 3402 videret
819 3363 1047 3418 pugnae,
1082 3344 1152 3400 ad
1200 3345 1609 3415 imperalorem
1642 3344 1967 3398 Romanum
2001 3359 2062 3398 se

2177 2201 2273 2253 μα,
2307 2178 2362 2235 εἷ’
2384 2202 2503 2245 πως
2555 2179 2830 2253 δυνηθεῖεν
2874 2180 3183 2256 ἀπαλλάξαι
3234 2182 3430 2256 Συρίαν
3478 2187 3587 2237 τῶν
3630 2183 3689 2238 ἑκ
3732 2186 3834 2238 τοῦ

2171 2271 2469 2349 Μουσάραφ
2527 2268 2865 2347 έπιδρομῶν.
2897 2276 3117 2349 ’Δφυῶς
3168 2269 3225 2327 δὲ
3282 2271 3491 2327 τούτων
3543 2270 3633 2327 καὶ
3690 2271 3833 2345 ἀμα-

2174 2362 2281 2422 θῶς
2313 2357 2779 2435 ἐπιχειρησάντων
2826 2363 2895 2435 τῇ
2945 2358 3266 2434 πολιορκίαι
3322 2360 3516 2423 νυκτὸς
3548 2360 3576 2415 ὁ
3609 2360 3828 2419 Μουσά-

2174 2466 2278 2523 ραφ
2340 2446 2700 2523 ὑπεκδραμὼν
2784 2454 2882 2504 τοῦ
2955 2450 3219 2528 φρουρίου
3272 2451 3369 2514 τάς
3424 2471 3482 2505 τε
3536 2447 3827 2515 ἑλεπόλεις

2176 2534 2438 2611 ἐνέπρησε
2496 2538 2587 2591 καὶ
2642 2537 2870 2600 τούτους
2928 2537 3125 2593 ἐκεῖθεν
3184 2537 3435 2615 αἰσχρῶς
3508 2535 3826 2612 ἀπεδίωξεν.

2170 2627 2343 2699 ’Ὁπερ
2392 2622 2702 2699 πυθόμενος
2755 2628 2783 2682 ὁ
2845 2626 3118 2702 βασιλεὺς,
3176 2627 3266 2682 καὶ
3330 2628 3406 2701 μή
3494 2627 3667 2708 φέρων
3725 2630 3828 2699 τὴν

2173 2708 2351 2787 ὕϐριν,
2404 2714 2720 2771 Θεόκτιστον
2778 2718 3291 2793 πρωτοσπαθάριον,
3339 2714 3433 2772 ἕνα
3481 2723 3591 2773 τῶν
3647 2738 3838 2775 πιστι-

2172 2803 2428 2859 κωτάτων
2462 2804 2608 2877 αὒτῴ
2642 2806 2958 2881 ὑπάρχοντα
3008 2804 3270 2861 δίακόνων
3301 2807 3392 2861 καὶ
3451 2807 3618 2882 μέγαν
3677 2808 3823 2865 διαι-

2173 2893 2437 2969 ρειάρχην
2513 2899 2592 2965 τῷ
2659 2895 2780 2950 τότε
2846 2896 3280 2972 χρηματίζοντα,
3340 2896 3473 2968 μετά
3547 2894 3833 2969 δυνάμεως

2172 2980 2335 3058 ἁδρᾶς
2385 2984 2671 3057 Ῥωμαίων
2722 3005 2780 3039 τε
2829 2985 2917 3039 καὶ
2977 2984 3200 3040 ἐθνικῶν
3273 2986 3411 3041 κατά
3486 2986 3686 3058 Συρίας
3734 2985 3827 3042 έχ-

2171 3072 2396 3144 πέμπει,
2432 3074 2735 3148 στρατηγὸν
2794 3071 3165 3148 αὐτοκράτορα
3198 3076 3308 3147 (84)
3338 3078 3530 3129 τοῦτον
3588 3094 3825 3151 προχει-

2174 3167 2483 3235 ρισάμενος,
2532 3162 2623 3217 καὶ
2677 3162 2979 3237 ἐπισκήψας
3035 3162 3115 3235 τῷ
3173 3162 3497 3239 Τριπόλεως
3558 3166 3831 3237 συμμῖξαι

2171 3249 2359 3325 ἀμηρᾷ
2390 3252 2671 3326 Πινζαράχ
2694 3251 2784 3306 καὶ
2820 3253 2935 3324 μετ’
2969 3250 3134 3306 αὐτοῦ
3162 3253 3230 3307 τὰ
3274 3257 3381 3307 τῶν
3417 3246 3666 3327 ’Λράϐων
3727 3251 3827 3308 λυ-

2175 3340 2477 3411 μαίνεσθαιο
2534 3338 2693 3415 ἔτυχε
2765 3340 2865 3414 γὰρ
2950 3341 3107 3402 οὗτος
3165 3342 3192 3397 ὁ
3251 3341 3532 3417 Πινζαράχ
3616 3338 3705 3396 διά
3772 3362 3829 3399 τι

409 3435 723 3508 recipiebat
751 3439 808 3490 et
836 3433 1172 3490 societatem
1219 3431 1354 3487 belli
1407 3448 1539 3487 cum
1573 3448 1639 3486 eo
1670 3431 1824 3486 coire
1855 3431 2049 3502 cupie-

2172 3427 2528 3502 πρόσκρουμα
2573 3430 2680 3504 πρὸ
2731 3434 2930 3506 μικροῦ
2961 3430 3328 3500 ἀποστατήσαι
3360 3435 3455 3485 τοῦ
3511 3430 3828 3508 Αἰγυπτίων

408 3528 523 3581 bat.
556 3526 696 3594 Ejus
724 3524 1064 3594 petitionem
1101 3521 1341 3576 minime
1371 3520 1864 3575 contemnendam
1894 3524 2057 3575 ratus

409 3615 708 3670 Romanus
756 3612 1160 3667 Theoctistum
1211 3610 1424 3680 amplis
1456 3626 1589 3663 cum
1641 3608 1823 3679 copiis
1855 3608 2054 3677 mittit,

409 3701 509 3775 qui
539 3706 595 3758 et
639 3717 771 3757 cum
827 3699 1178 3754 Pinzaracbo
1231 3715 1292 3753 se
1343 3699 1724 3768 conjungeret
1772 3701 1829 3751 et
1873 3698 2059 3752 obiter

408 3792 697 3848 Menicum
730 3790 883 3845 496
915 3787 1222 3845 castellum
1255 3791 1524 3842 tentaret.
1553 3787 1730 3856 quue
1762 3786 2057 3843 Theoctis-

406 3886 503 3936 tus
555 3880 826 3936 alacriter
871 3884 962 3934 est
1018 3880 1349 3933 exsecutus.
1414 3879 1491 3931 Ac
1550 3876 1779 3931 Tusber
1816 3875 2054 3947 quidem

404 3971 599 4026 subito
657 3970 787 4039 ejus
845 3969 1099 4023 adventu
1160 3982 1226 4020 ac
1288 3965 1667 4019 multitudine
1716 3966 2057 4035 perterritus

403 4060 645 4114 domum
698 4056 890 4112 rediit.
941 4055 1050 4109 Sed
1103 4059 1160 4109 et
1215 4053 1605 4124 Masaraphus
1653 4053 1910 4107 hostium
1944 4054 2055 4107 im-

408 4146 764 4219 pressionem
800 4160 915 4200 non
949 4142 1253 4198 sustinens
1288 4141 1507 4197 Menico
1539 4141 1768 4197 deserto
1796 4141 1964 4213 fugit,
1989 4158 2055 4196 ac

404 4235 807 4308 deprehensus
854 4233 911 4286 in
964 4232 1262 4286 montibus
1312 4232 1467 4302 apud
1519 4231 1780 4302 Tripolin
1826 4230 2056 4286 occisus

402 4330 510 4378 est.
564 4322 853 4376 Menicum
905 4339 937 4374 a
985 4320 1105 4374 ﬁlio
1159 4320 1356 4374 fratris
1402 4319 1738 4391 Musaraphi
1790 4319 2054 4374 deditum

404 4412 775 4468 Theoctistus
821 4409 1049 4481 recipit,
1098 4408 1377 4480 aliudque
1426 4410 1601 4463 etiam
1654 4407 1959 4463 castellum
1994 4408 2053 4462 in

403 4504 694 4573 prazrupto
752 4498 932 4555 situm
1015 4514 1175 4565 saxo,
1238 4498 1473 4553 nomine
1545 4500 2051 4570 Argyrocastrum.

404 4590 505 4646 llis
536 4591 617 4645 ita
647 4588 979 4644 constitutis
1025 4587 1083 4642 in
1135 4587 1339 4642 urbem
1373 4585 1564 4652 rediit,
1599 4603 1796 4641 secum
1833 4587 2054 4641 ducens

400 4679 693 4734 Arachum
728 4677 1063 4733 Pinzarachi
1096 4676 1305 4742 ﬁlium,
1330 4692 1504 4747 quem
1536 4676 1851 4747 imperator
1884 4677 2056 4747 patri-

401 4767 487 4823 cio
546 4767 765 4823 honore
824 4765 1072 4821 ornavit.
1130 4764 1494 4819 Subsecutus
1551 4769 1640 4817 est
1692 4765 1869 4819 etiam
1926 4764 2052 4836 ipse

398 4856 808 4925 Pinzarachus,
842 4855 1166 4911 deducente
1196 4870 1262 4908 ac
1311 4852 1563 4925 stipante
1611 4870 1743 4908 eum
1780 4854 2051 4925 praefecto

2169 3519 2533 3593 ἀμερμουμνῆ
2582 3518 2671 3573 καὶ
2718 3518 2864 3573 ὅπλα
2922 3527 3145 3589 κινῆσαι
3201 3521 3317 3575 κατ’
3348 3520 3539 3576 αὐτοῦ.
3574 3520 3672 3577 Καὶ
3726 3525 3831 3576 τοῦ

2164 3606 2469 3674 Αἰγυπτίου
2526 3609 2616 3662 τὸν
2677 3612 2914 3683 Τοῦρκον
2982 3613 3248 3683 Τοῦσπερ,
3314 3606 3562 3684 ἄρχοντα
3616 3608 3832 3684 τυγχά-

2164 3716 2324 3750 νοντα
2381 3701 2489 3751 τῶν
2541 3696 2705 3751 αὐτοῦ
2761 3698 3082 3772 ταγμάτων,
3118 3699 3250 3770 μετὰ
3294 3699 3483 3773 ’χειρὸς
3528 3696 3831 3771 ἀξιολόγου

2165 3782 2254 3839 ἐπὶ
2283 3786 2589 3861 καθαιρέσει
2636 3790 2734 3841 τοῦ
2785 3787 3074 3862 Πινζαράχ
3127 3784 3504 3861 πεπομφότος,
3538 3788 3612 3851 ὡς
3666 3784 3830 3852 οὗτος

2166 3870 2359 3949 ᾔσθετο
2399 3875 2474 3948 μὴ
2507 3875 2817 3950 ἀξιόμαχος
2849 3876 2987 3930 εἶναι
3023 3874 3182 3939 αὐτὸς
3213 3877 3331 3931 καθ’
3380 3876 3568 3931 ἑαυτὸν
3615 3879 3683 3950 τῇ
3713 3880 3828 3932 τῶν

2164 3963 2478 4036 Αἰγυπτίων
2529 3962 2918 4036 συμπλακῆναι
2980 3961 3234 4037 δυνάμει,
3284 3969 3365 4036 τῷ
3428 3964 3645 4041 βασιλεῖ
3690 3968 3827 4021 Ῥω-

2168 4052 2339 4125 μαίων
2385 4050 2713 4127 προσρύεται
2756 4052 2847 4106 καὶ
2908 4053 3222 4128 ὁμαιχμίαν
3286 4052 3446 4108 αίτεῖ.
3482 4053 3554 4107 Οὗ
3598 4054 3697 4122 τήν
3745 4052 3829 4108 αἵ-

2161 4162 2318 4208 τησιν
2380 4143 2455 4215 μὴ
2506 4139 2751 4216 παριδὼν
2786 4143 2813 4196 ὁ
2842 4142 3120 4214 Ῥωμανὸς
3170 4142 3263 4195 τὸν
3311 4141 3628 4197 Θεόκτιστον
3686 4143 3828 4215 μετά

2163 4228 2411 4299 πλήθους
2477 4227 2771 4305 ἀξιολόγου
2833 4228 3119 4305 ἐξέπεμψε,
3160 4232 3481 4307 συμμαχίαν
3537 4252 3594 4287 τε
3648 4245 3824 4308 παρα-

2164 4324 2315 4393 σχεῖν
2374 4323 2455 4389 τῴ
2514 4319 2795 4394 [Ιινζαράχ
2849 4317 3126 4388 κελεύσας,
3174 4321 3263 4374 καὶ
3323 4318 3384 4375 ἐκ
3431 4318 3673 4396 παρόδου
3722 4327 3825 4376 τοῦ

2164 4408 2426 4484 φρουρίου
2501 4408 2737 4465 Μενίκου
2812 4408 3247 4473 ἀντιποιεῖσθαι·
3307 4410 3367 4473 ὃς
3422 4406 3674 4464 ἀπελθὼν
3728 4410 3823 4467 καὶ

2161 4496 2436 4570 συμμίξας
2466 4501 2546 4569 τῷ
2581 4498 2864 4573 Πινζαράχ
2893 4492 3051 4574 ἔργου
3103 4496 3307 4574 εἷ’χετο.
3339 4499 3439 4553 Καὶ
3488 4500 3516 4554 ὁ
3572 4499 3666 4572 μὲν
3718 4500 3825 4555 Δί-

2162 4585 2403 4661 γυπτίων
2466 4586 2904 4663 ἀρχιστράτηγος
2966 4590 3214 4661 Τοῦσπερ
3271 4591 3349 4658 τῷ
3402 4585 3663 4666 αἰφνιδίῳ
3721 4595 3825 4659 τῆς

2163 4672 2361 4751 ἐφόδου
2391 4676 2482 4729 καὶ
2512 4680 2591 4747 τῷ
2621 4674 2823 4745 πλήθει
2867 4675 3238 4751 καταπλαγεὶς
3285 4673 3468 4731 οἴκαδε
3521 4676 3824 4749 ὕπενόστη-

2164 4782 2273 4817 cev‘
2310 4760 2433 4818 οὐδὲ
2463 4761 2661 4839 ἤνεγκε
2719 4761 2776 4818 δὲ
2824 4761 2937 4818 οὐδ’
2970 4764 2997 4818 ὁ
3028 4762 3326 4841 Μουσάραφ
3384 4764 3483 4833 τήν
3540 4762 3827 4822 έπέλευσιν

2161 4856 2270 4907 τῶν
2324 4850 2631 4926 πολεμίων,
2664 4850 2813 4908 ἀλλά
2865 4854 2955 4909 τὸν
3013 4858 3250 4909 Μενῖκον
3309 4853 3460 4931 ἀφεὶς
3508 4850 3670 4932 ἔφυγε
3726 4858 3821 4912 καὶ

396 4947 713 5002 Antiochia:
771 4944 971 4999 Niceta
1028 4960 1062 4998 a
1126 4941 1420 4997 Mistheia.
1488 4942 1671 5005 Quem
1729 4942 2049 5014 imperator

2172 4942 2281 5015 περὶ
2320 4942 2387 4997 τὰ
2436 4941 2559 5016 ὅρια
2616 4940 2941 5017 Τριπόλεως
2994 4942 3278 5018 συσχεθεὶς
3329 4941 3587 5017 ἀνῃρέθη.
3623 4950 3821 5021 [Iapet-

398 5034 819 5107 benignissime
865 5035 1171 5102 exceptum
1219 5030 1390 5085 donis
1439 5036 1495 5085 et
1546 5030 1843 5086 beneficiis
1890 5032 2045 5087 haud

395 5124 737 5197 vulgaribus
804 5120 1149 5190 demeritas,
1215 5118 1415 5174 laetum
1481 5120 1725 5178 domum
1796 5121 2044 5178 dimisit.

2157 5030 2364 5109 λήφασι
2411 5028 2468 5086 δέ
2518 5032 2569 5086 οἱ
2613 5032 2738 5105 περὶ
2784 5033 2877 5087 τὸν
2935 5033 3254 5087 Θεόκτιστον
3313 5030 3444 5086 αὐτό
3472 5052 3532 5087 τε
3561 5034 3624 5088 τὸ
3656 5036 3818 5110 φρού-

2160 5140 2272 5195 ριον
2329 5122 2422 5176 τὸν
2483 5126 2735 5194 Μενῖκον,
2768 5119 3073 5195 παραδοθὲν
3125 5118 3310 5183 αὐτοῖς
3348 5120 3450 5176 ὑπὸ
3483 5119 3823 5199 ἀδελφόπαι-

1616 5352 1974 5410 XYLANDRI
2011 5352 2105 5411 ET
2145 5353 2367 5411 GOARI
2413 5352 2648 5413 NOTE.

467 5511 576 5585 (83)
612 5511 847 5569 Galatiae
878 5511 1042 5567 urbe.
1077 5509 1259 5566 Goan.

469 5579 595 5657 (84)
627 5587 928 5657 Exercitus
974 5585 1359 5651 imperatorem
1404 5582 1454 5636 et
1495 5596 1773 5657 aummuq}
1817 5579 2036 5657 ducem.

397 5650 675 5729 Syhesius
703 5655 970 5729 (_)_rat._de
1000 5650 1197 5729 Regno
1226 5668 1239 5708 :
1276 5651 1681 5729 ῥυτοκράτορες
1714 5650 1846 5729 εἶναι
1876 5655 2048 5729 ποιεῖς

396 5718 505 5791 σσε.
565 5727 627 5788 Ὁ
712 5723 771 5785 δὶ
838 5718 1194 5803 αὐτοκράτωρ
1273 5718 1469 5800 ὄνομα
1528 5718 1861 5804 στρατηγίας
1932 5720 2044 5781 iul

2156 5507 2332 5595 πάντα
2385 5510 2562 5595 ⁸εποιε¹ἰν
2610 5506 2947 5595 ὑποστάσης.
2998 5508 3098 5595 Κοιὶ
3148 5510 3463 5595 Ἰφικράτης
3508 5510 3597 5567 καὶ
3654 5518 3823 5595 Περι.

2156 5576 2319 5709 »ὁὶῖ
2385 5575 2578 5634 ἔπλεον
2648 5575 2950 5652 Ἀθήνηθεν
3025 5575 3426 5660 αὐτοκράτορες
3497 5575 3816 5664 στρατηγοί.
