4038 6334
186 359 317 420 229

1346 358 1890 422 HISTORIARUM
1935 357 2473 422 COMPENDIUM.

3495 365 3616 426 230

192 485 290 550 8ος
340 491 440 543 τοῦ
498 485 819 567 Μουσάραφ,
875 486 967 544 καὶ
1031 482 1212 565 ἕτερον
1244 487 1502 568 φρούριον
1557 486 1645 544 ἰπὶ
1701 509 1848 552 τινος

1970 489 2255 547 Liberavit
2318 491 2496 548 etiam
2552 491 3076 566 Chmrospbactum
3155 497 3214 549 et
3286 493 3412 551 suis
3479 495 3611 552 red-

182 577 482 650 ἀποτόμου
529 578 777 652 κείμενον
836 579 1056 652 πέτρας,
1114 579 1176 634 τὸ
1227 577 1523 653 λεγόμενον
1591 578 1853 655 Ἀργυρό-

181 672 638 741 καστρον.Ταῦτα
698 665 754 722 δὶ
836 663 980 721 οὕτω
1061 668 1534 742 καταστησάμενος

1965 579 2136 636 didit.

1618 669 1646 722 6
1731 667 2047 729 Θεόκτιστος
2128 667 2378 733 εἰσῆλθεν
2453 668 2529 734 είς
2596 671 2695 739 τὴν
2760 668 3035 746 βασιλίδα,
3094 671 3428 748 ἐπαγόμενος
3477 692 3606 744 μευ-

182 755 384 811 ἑαυτοῦ
412 757 501 811 καὶ
549 756 726 833 ’Δλᾶιχ
777 757 870 812 τὸν
927 760 1023 812 τοῦ
1074 758 1352 834 Ηινζαρᾶχ
1418 757 1556 826 υἵὸν,
1614 757 1670 811 ’ὸν
1724 757 1812 811 καὶ
1872 756 2297 832 πατρικιότητος
2351 759 2378 813 6
2438 758 2788 834 αὐτοκράτωρ
2848 759 3068 833 ἠξίωσε.
3102 763 3338 816 Κατόπιν
3372 759 3430 816 δὲ
3472 762 3611 831 ἦλθε

181 845 275 900 καὶ
339 847 368 900 6
416 845 718 923 Ῑῐινζαρὰχ,
766 852 1230 921 προπεμπόμενος
1280 847 1369 901 καὶ
1429 844 1900 922 δορυφορούμενος
1955 847 2100 922 παρὰ
2153 851 2250 902 τοῦ
2310 848 2751 923 χρηματίσαντος
2811 848 3078 925 ἄρχοντος
3129 849 3466 926 Ἀντιοχείας
3512 857 3608 906 Νι-

180 936 337 1004 κήτα
384 939 483 990 τοῦ
537 935 598 990 ὲκ
656 935 916 998 Μισθείας
952 953 966 966 ⁸
1023 935 1080 990 ὃν
1141 937 1168 990 ὁ
1232 935 1486 1010 βασιλεὺς
1541 933 1889 1013 φιλοφρόνως
1957 932 2362 1010 ἀποδεξάμενος
2430 937 2522 991 καὶ
2583 934 2780 1010 δώροις
2831 939 2919 992 καὶ
2974 939 3296 1014 εὐεργεσίαις
3357 937 3611 1010 δεξιωσά-

184 1043 359 1096 μενος
411 1023 476 1077 οὗ
528 1029 750 1100 μικραῖς
808 1021 992 1079 οἴκαδε
1048 1023 1315 1100 ’χαίροντα
1371 1023 1764 1095 ἐξαπέστειλεν.
1833 1021 2218 1101 Έλυτρώσατο
2273 1023 2331 1080 δὲ
2386 1027 2476 1081 καὶ
2545 1025 2604 1081 ἐκ
2655 1033 2756 1096 τῆς
2811 1025 3203 1102 αἰχμαλωσίας
3261 1029 3352 1082 τὸν
3410 1029 3612 1104 Χοιροο

182 1112 439 1187 σφάκτην
469 1113 558 1166 καὶ
591 1118 706 1174 τοῖς
737 1111 964 1175 οἴκείοις
1004 1110 1269 1171 ἀπέδωκε.

258 1205 374 1255 Τοῦ
401 1201 888 1278 πρωτοσπαθαρίου
939 1199 996 1258 δὲ
1028 1203 1303 1278 Ὀρέστνυ,
1331 1201 1388 1258 ὃν
1422 1204 1524 1259 ὑπὸ
1554 1196 1844 1261 Βασιλείου

180 1295 288 1346 τοῦ
327 1290 592 1365 βασιλέως
639 1290 690 1346 έν
741 1289 968 1364 Σικελίᾳ
1013 1300 1325 1371 πεμφθῆναι
1357 1295 1385 1348 6
1435 1293 1601 1368 λόγος
1627 1291 1843 1363 ἐδήλω-

182 1401 276 1435 σεν
317 1378 544 1448 ἄνωθεν,
598 1379 835 1457 ἀπείρως
882 1377 1112 1457 ἔχοντος
1165 1383 1384 1457 περὶτὰ
1439 1381 1722 1456 πολεμικὰ
1750 1383 1838 1437 καὶ

184 1467 442 1544 ἀτέχνως
499 1469 905 1546 ἐπιχειροῦντος
947 1476 1066 1534 τοῖς
1112 1472 1450 1547 πράγμασιν,
1499 1471 1550 1526 oi
1600 1471 1660 1526 ἐκ
1687 1478 1839 1526 Σικε-

184 1558 349 1620 λείας
396 1561 702 1633 Σαρακηνοὶ
769 1563 1333 1636 καιροφυκακήσαντες
1413 1560 1504 1616 καὶ
1569 1558 1838 1638 αἰφνίδιον

2023 1211 2100 1262 At
2129 1207 2188 1262 in
2221 1206 2421 1264 Sicilia
2469 1208 2706 1265 Orestes
2759 1209 3288 1282 protospatharius,
3321 1225 3498 1281 quem
3544 1225 3611 1266 eo

1953 1297 2327 1365 praemissum
2367 1297 2550 1352 luisse
2601 1315 2634 1354 a
2685 1299 2901 1354 Basilio
2948 1299 3227 1367 diximus,
3262 1299 3344 1354 rei
3389 1299 3610 1355 bellica:

1951 1386 2286 1457 imperitus,
2319 1403 2452 1442 cum
2488 1389 2792 1459 negotium
2838 1388 3032 1458 inepte
3080 1391 3240 1444 esset
3270 1404 3608 1460 aggressus,

1950 1475 2220 1530 Saraceni
2253 1485 2423 1548 capto
2477 1480 2741 1548 tempore
2783 1481 3078 1533 Romanos
3137 1477 3330 1532 subito
3386 1477 3600 1544 adorti,

1951 1564 2050 1635 qui
2099 1564 2361 1636 plerique
2420 1564 2648 1620 luxuria
2691 1565 2994 1622 cceliacum
3055 1567 3324 1621 morbum
3379 1571 3609 1622 contra-

184 1647 509 1720 ἐπιθέμενοι
562 1653 680 1710 τοῖς
729 1649 1046 1723 Ῥωμαίοις,
1105 1646 1214 1720 ἤδη
1247 1651 1334 1705 καὶ
1387 1650 1656 1723 κοιλιακῷ
1683 1652 1845 1722 νοση-

1970 1660 2177 1722 terant,
2219 1654 2377 1710 haud
2434 1656 2643 1726 exigua
2701 1673 2800 1711 eos
2857 1655 3021 1711 clade
3079 1655 3422 1711 aﬂecerunt.
3457 1657 3606 1711 491

188 1757 332 1811 ματι
361 1737 468 1792 ἀπὸ
513 1745 722 1814 τρυφῆς
769 1744 1200 1815 κατασχεθεῖσιν,
1251 1736 1476 1816 ὄλεθρον
1527 1739 1628 1795 οὐκ
1660 1738 1846 1816 ὀλίγον

184 1825 541 1903 εἰργάσαντο,
600 1827 1015 1902 Ἀνακτώμενος
1062 1826 1119 1883 δὲ
1172 1829 1236 1884 τὸ
1276 1829 1496 1905 γεγονὸς
1527 1828 1792 1905 ἀτύχημα
1821 1829 1849 1884 ὁ

189 1914 460 1992 βασιλεὺς
484 1914 714 1991 δύναμιν
767 1917 1070 1994 ἀξιόμαχον
1125 1919 1211 1991 [Ρ.
1249 1921 1376 1992 729]
1408 1915 1468 1973 ἔκ
1494 1939 1553 1974 τε
1584 1916 1850 1980 Ἑλλάδος

188 2006 290 2062 καὶ
335 2004 675 2069 Μακεδονίας
729 2007 978 2082 ἀθροίσας
1038 2006 1090 2063 έν
1151 2007 1356 2079 Ἰταλίᾳ
1411 2007 1696 2082 ἐκπέμπει,
1754 2005 1848 2063 κᾶν

197 2093 362 2150 οὐδέν
392 2117 446 2150 τι
504 2101 748 2171 γενναῖον
781 2094 968 2172 δρᾶσαι
1021 2095 1238 2173 ἴσχυσεν
1289 2096 1516 2176 ἀφελείᾳ
1569 2098 1660 2153 καὶ
1690 2097 1852 2153 κακό-

191 2205 329 2256 τητι
363 2188 462 2239 τοῦ
487 2190 818 2261 στρατηγοῦ.

257 2273 452 2346 Τούτῳ
498 2279 579 2346 τῷ
633 2272 738 2330 ἔτει
797 2274 967 2354 ,ςφλσ
1000 2277 1346 2353 τυγχάνοντι,
1396 2273 1733 2341 ίνδικτιῶνος
1769 2273 1852 2345 ιδ’,

185 2363 283 2418 καὶ
345 2364 376 2417 6
438 2365 774 2438 Προυσιανὸς
852 2366 1112 2427 ἑκουσίως
1193 2365 1534 2441 ἀποκείρεται
1588 2367 1857 2439 μοναχὸς,

195 2454 285 2506 καὶ
320 2455 355 2522 ἡ
393 2455 581 2527 μήτηρ
637 2453 802 2509 αὐτοῦ
850 2455 911 2510 ἐκ
962 2455 1285 2511 Μαντινείου
1337 2476 1436 2525 της
1469 2454 1520 2510 έν
1541 2454 1858 2511 Βουκελλα-

197 2543 306 2617 ρίῳ
340 2546 520 2614 μονῆς
572 2543 650 2606 εἰς
691 2544 1028 2620 Θρᾳκησίους
1077 2539 1516 2618 μεταϐιϐάζεται,
1554 2546 1643 2600 καὶ
1701 2547 1856 2602 Κων-

197 2637 486 2694 σταντῖνος
544 2634 834 2707 πατρίκιος
885 2635 914 2689 6
963 2633 1220 2708 Διογένης
1267 2628 1555 2703 ἐκϐληθεῖς
1595 2638 1692 2690 τοῦ
1721 2634 1857 2711 πόρ-

192 2742 301 2796 γου
331 2720 386 2776 ἐν
420 2725 490 2796 τῇ
525 2726 668 2796 μονῇ
726 2727 836 2777 τῶν
881 2720 1148 2778 Στουδίου
1205 2722 1551 2799 ἀποκείρεται
1588 2725 1855 2801 μοναχός.

194 2812 253 2867 εΟ
291 2808 337 2830 Ἆὶ
611 2811 622 2826 ι
714 2813 728 2830 ο
942 2812 957 2832 \
1089 2813 1102 2830 ἱ
1223 2814 1260 2844 ν.
1463 2817 1488 2827 ι’

287 2827 348 2864 οε
409 2809 670 2886 βασιλευς
732 2818 997 2885 Ρωμανος
1048 2833 1141 2868 τον
1191 2833 1339 2867 οικον
1395 2834 1492 2867 του
1525 2816 1858 2887 Τριακοντα-

195 2899 418 2977 ῖνύλλου
483 2899 891 2974 ἐξωνησάμενος
970 2901 1047 2963 είς
1111 2903 1472 2976 μοναστήριον
1536 2901 1857 2976 μετεσκεύα-

1960 1743 2144 1806 Quam
2214 1748 2279 1798 ut
2348 1745 2662 1800 exsarciret
2739 1745 3076 1817 imperator,
3144 1761 3212 1800 ex
3281 1745 3502 1808 Graecia
3558 1749 3617 1800 et

1960 1832 2300 1888 Macedonia
2333 1831 2643 1889 collectum
2684 1833 2982 1906 egregium
3015 1833 3336 1889 exercitum
3382 1833 3439 1888 in
3495 1835 3612 1889 Ita-

1961 1920 2101 1977 liam
2162 1922 2354 1990 misit;
2410 1923 2510 1993 qui
2570 1927 2762 1977 tamen
2825 1923 2951 1994 ipse
3011 1939 3245 1995 quoque
3301 1922 3449 1978 nihil
3509 1939 3614 1996 po-

1960 2009 2075 2065 tuit
2103 2011 2444 2082 praeclarum
2494 2012 2723 2067 efﬁcere
2772 2012 2845 2066 ob
2896 2011 3063 2066 ducis
3112 2011 3407 2068 inscitiam
3437 2015 3616 2084 atque

1963 2099 2271 2155 malitiam.

2039 2275 2157 2332 Hoc
2185 2275 2312 2348 ipso
2353 2293 2506 2332 anno
2554 2277 2758 2332 mundi
2805 2278 2966 2346 6539,
3002 2277 3319 2335 indictione
3353 2280 3437 2347 1i,
3472 2283 3618 2336 Pru-

1968 2365 2170 2421 sianus
2229 2384 2332 2439 pro
2391 2366 2680 2422 monacho
2738 2368 2986 2437 raditur,
3041 2369 3288 2439 ejusque
3346 2373 3531 2424 mater
3585 2386 3621 2425 a

1967 2456 2258 2512 Mantinea
2290 2455 2598 2511 Bucellarii
2625 2458 2978 2512 monasterio
3011 2458 3066 2511 iu
3090 2458 3397 2513 Thraciam
3428 2464 3619 2514 trans-

1968 2545 2171 2614 fertur,
2210 2550 2267 2600 et
2314 2545 2738 2600 Constantinus
2791 2546 3074 2616 patricius
3125 2546 3436 2618 Diogenes,
3468 2547 3616 2602 turri

1967 2635 2216 2690 eductus
2248 2633 2514 2689 monachi
2567 2633 2774 2689 habitu
2809 2635 2865 2688 in
2900 2634 3252 2690 Studianum
3305 2635 3618 2708 collegium

1970 2724 2319 2780 detruditur.
2347 2724 2641 2778 Romanus
2667 2740 2834 2795 porro
2861 2724 3104 2779 domum
3127 2723 3620 2797 Triacontophylli

1968 2819 2227 2885 emptam
2264 2813 2322 2867 in
2358 2813 2775 2868 monasterium
2831 2813 3114 2868 convertit
3165 2831 3199 2868 a
3249 2815 3489 2885 Deipara
3520 2817 3619 2870 de-

1969 2903 2362 2970 nominatum,
2398 2901 2578 2956 nullis
2609 2919 2853 2973 parcens
2883 2902 3240 2974 sumptibus,
3276 2920 3616 2975 quanquam

197 3011 280 3045 σεν
315 2989 401 3044 ἐπ’
441 2989 672 3062 ὀνόματι
723 2997 822 3060 τῆς
873 2990 1168 3062 Δεσποίνης
1213 2994 1376 3064 ἡμῶν
1426 2992 1711 3060 Θεοτόκου,
1747 3015 1852 3067 μη-

1970 2994 2097 3062 ejus
2127 2991 2532 3046 aedificationis
2583 2996 2856 3062 prmtextu
2888 2991 3156 3046 subditos
3207 2991 3359 3047 haud
3395 2993 3612 3047 medio-

196 3075 390 3150 δεμιᾶ
449 3077 807 3140 πολυτελείας
886 3083 1231 3154 φεισάμενος,
1311 3081 1599 3155 συντρίψας
1672 3081 1854 3155 μέντοι

192 3172 260 3241 τῇ
293 3169 572 3243 προφάσει
630 3169 798 3242 ταύτῃ
854 3169 916 3224 οὐ
979 3175 1187 3243 μικρῶς
1237 3171 1300 3224 τὸ
1355 3171 1600 3241 ὑπήκοον
1642 3173 1731 3227 καὶ
1761 3195 1856 3228 κα-

193 3259 377 3320 κώσας
412 3253 466 3312 ἔν
525 3278 584 3312 τε
624 3264 744 3322 ταῖς
797 3263 908 3313 τῶν
953 3257 1123 3322 λίθων
1176 3258 1266 3313 καὶ
1322 3263 1429 3314 τῶν
1486 3259 1673 3316 ἄλλων
1701 3259 1860 3317 εἰδῶν

197 3343 577 3418 διαομιδαῖς.
638 3346 1094 3424 Καταλαμπρύνει
1161 3344 1220 3402 δὲ
1269 3347 1359 3402 καὶ
1416 3348 1483 3404 τὰ
1537 3346 1860 3427 κιονόκρανα

192 3443 294 3505 τῆς
345 3434 618 3511 Μεγάλης
664 3436 991 3508 Ἐκκλησίας
1039 3438 1126 3492 καὶ
1173 3444 1274 3506 τῆς
1325 3439 1628 3514 ὑπεραγίας
1659 3446 1859 3497 Θεοτο-

193 3547 292 3580 κου
322 3530 438 3580 τῶν
482 3523 814 3601 Βλαχερνῶν
865 3525 1084 3602 ἀργύρῳ
1131 3526 1222 3580 καὶ
1270 3532 1484 3601 χρυσῷ.
1535 3527 1768 3586 Μέλλων
1802 3528 1860 3586 δὲ

193 3616 400 3670 καὶτὸ
462 3616 844 3690 θυσιαστήριον
919 3615 1290 3670 έπιποιεῖσθαι
1358 3621 1465 3672 τῶν
1532 3617 1856 3696 Βλαχερνῶν

194 3702 315 3780 εῦρε
374 3705 732 3779 κρεμαμένην
787 3703 967 3759 εἰκόνα
1033 3703 1294 3774 παλαιὰν,
1353 3706 1420 3777 ἢν
1473 3705 1856 3780 ἀνακαινισθῆ-

190 3815 276 3848 ναι
324 3791 679 3869 προσέταξεν.
737 3794 1210 3870 Ἐξαργυρωμένον
1273 3791 1332 3849 δὲ
1390 3796 1453 3850 τὸ
1507 3801 1602 3851 τοῦ
1664 3797 1858 3872 τοίχου

192 3884 416 3958 χρίσμα
632 3880 761 3938 ἰδών
821 3884 1202 3957 καθαιρεθῆναι
1257 3883 1546 3958 προσέναξε
1599 3886 1685 3941 κα>
1737 3888 1856 3942 νέον

191 3969 468 4044 γενέσθαι.
525 3971 945 4046 Καθαιρεθὲντος
1025 3967 1082 4025 δὲ
1152 3969 1250 4026 τοῦ
1311 3971 1618 4048 χρίσματος
1665 3974 1853 4050 εὑρέθη

195 4059 359 4114 εῗκὼν
427 4058 794 4136 ὑλογραῩική,
868 4057 1110 4115 σανίδιον
1179 4059 1493 4132 ἐπιστήθιον
1551 4063 1857 4138 κρατούσης

192 4155 293 4218 τῆς
325 4148 606 4204 Θεοτόκου
634 4150 724 4204 τὸν
769 4149 973 4226 Κύριον
1028 4150 1114 4204 καὶ
1177 4151 1305 4205 Θεὸν
1360 4153 1545 4224 ἡμῶν,
1606 4151 1915 4226 ἀμόλυντος

195 4237 366 4304 τῆσδε
398 4245 506 4308 τῆς
536 4237 767 4313 ἡμέρας,
801 4237 936 4294 ἐτῶν
969 4237 1298 4303 διελθόντων
1327 4243 1673 4317 τριακοσίων.

266 4333 370 4401 Τῷ
403 4326 483 4400 δὶ,
515 4329 658 4406 ,ςφμί
705 4325 832 4395 ἔτει,
892 4326 1229 4392 ίνδικτιῶνος
1290 4338 1367 4400 ιε’,
1421 4331 1553 4404 μηνὶ
1608 4339 1854 4406 Σεπτεμ-

197 4391 364 4494 ﬁgit};
391 4391 704 4492 ἦλθεπρὸς
758 4391 849 4472 τὸν
906 4415 1131 4493 βασιλέα
1183 4391 1460 4494 Ῥωμανόν
1483 4391 1633 4495 *μετὰ
1665 4391 1855 4494 δώρων
1889 4391 1932 4454 D

193 4507 429 4564 πολλῶν
495 4508 526 4562 6
579 4512 675 4562 τοῦ
711 4505 1024 4564 Χαλεπίκου
1067 4509 1185 4572 υἱὸς
1228 4510 1427 4584 Ἀμερ,
1479 4509 1697 4580 ἐξαιτῶν
1729 4511 1855 4566 ἀνα-

193 4603 396 4653 νεῶσαι
433 4597 539 4666 τὴν
598 4595 820 4672 εἰρήνην
866 4595 956 4650 καὶ
1003 4596 1131 4659 τοὺς
1180 4609 1411 4669 προσθεν
1471 4599 1732 4674 παρεχειν
1766 4600 1857 4676 φό-

193 4708 349 4762 ρους.
415 4685 518 4741 Καὶ
575 4682 642 4755 δὴ
705 4683 990 4742 στέλλεται
1050 4685 1428 4764 Θεοφύλακτος
1477 4688 1856 4763 προτοσπαθά-

193 4797 314 4850 ριος
347 4779 378 4831 6
407 4777 707 4844 Αθηναῖος,
761 4775 853 4829 καὶ
907 4779 1004 4838 τάς
1058 4796 1118 4830 τε
1175 4772 1410 4838 σπονδὰς
1440 4771 1735 4832 ἐϐεϐαίωσε
1763 4777 1855 4832 καὶ

193 4863 588 4939 κοινοπραγίαν
634 4865 770 4936 μετὰ
830 4868 936 4919 τῶν
1014 4862 1340 4920 Χαλεπιτῶν
1388 4863 1558 4930 ἔθετο.
1617 4867 1740 4935 Ζωὴ
1801 4863 1858 4921 δὶ

197 4955 235 5022 ἠ
288 4951 513 5028 βασιλις
572 4953 708 5026 μετὰ
762 4954 861 5022 την
928 4953 1133 5027 ὕψωσιν
1210 4959 1306 5010 τοῦ
1378 4955 1563 5028 τιμίου
1623 4959 1856 5030 σταυροῦ

197 5040 486 5119 uie-atauo?
562 5040 872 5106 ἀπελθοῦσα
928 5041 1004 5105 εἰς
1075 5042 1138 5098 τὸ
1210 5042 1435 5118 Πετρίον
1503 5045 1602 5114 τὴν
1661 5045 1856 5115 ἑαυτῆς

1968 3082 2144 3137 criter
2172 3082 2434 3153 gravavit
2462 3079 2722 3151 lapidum
2756 3097 2823 3134 ac
2855 3080 3090 3151 relique
3128 3081 3382 3135 materia:
3413 3098 3618 3152 conge-

1968 3171 2160 3226 rendae
2191 3169 2495 3226 molestiis.
2531 3169 2841 3224 Exornavit
2877 3169 3052 3224 etiam
3085 3168 3280 3240 capita
3309 3167 3616 3225 columna-

1969 3277 2098 3316 rum
2150 3259 2343 3330 Magni
2378 3257 2604 3330 Templi
2653 3262 2710 3313 et
2756 3257 3203 3314 Blachernensis
3250 3275 3392 3314 auro
3441 3264 3618 3330 atque

1969 3353 2230 3421 argento.
2253 3351 2518 3420 Cumque
2559 3363 2721 3402 aram
2749 3345 3199 3402 Blachernensis
3229 3346 3346 3402 fani
3379 3347 3614 3404 reﬁcere

1966 3437 2160 3503 vellet,
2192 3441 2445 3493 veterem
2478 3436 2799 3508 imaginem
2829 3452 3181 3508 suspensam
3214 3436 3437 3492 invenit
3462 3453 3617 3493 eam-

1968 3545 2082 3600 que
2111 3525 2377 3582 renovari
2418 3526 2624 3595 jussit.
2647 3525 2906 3595 Cumque
2937 3525 3156 3581 videret
3187 3526 3340 3581 muri
3387 3526 3618 3581 incrus-

1969 3617 2247 3672 tationem
2289 3619 2530 3686 argento
2578 3618 2813 3677 tectam,
2839 3613 3024 3683 jussit
3069 3613 3253 3668 adimi
3301 3619 3360 3668 et
3406 3628 3616 3668 novam

1967 3707 2113 3763 ﬁeri.
2160 3703 2423 3761 Tectorio
2471 3718 2644 3774 opere
2701 3707 2918 3769 amoto,
2962 3701 3198 3756 inventa
3253 3706 3343 3758 est
3398 3701 3619 3772 imago,

1968 3796 2028 3851 in
2085 3795 2300 3851 tabella
2355 3792 2650 3849 coloribus
2707 3791 2956 3864 depicta,
3010 3791 3269 3863 Deiparze
3316 3789 3618 3846 Christum

1969 3887 2041 3943 ad
2074 3891 2276 3956 pectus
2318 3883 2678 3955 applicatum
2711 3879 2998 3948 tenentis;
3038 3897 3163 3950 quae
3193 3897 3226 3936 a
3257 3880 3620 3952 Copronymo

1967 3975 2026 4030 in
2063 3975 2241 4030 istum
2267 3988 2456 4044 usque
2476 3971 2630 4026 diem
2665 3986 2769 4042 per
2797 3986 2984 4026 annos
3006 3973 3290 4026 trecentos
3311 3969 3624 4024 duraverat

1967 4066 2217 4136 integra.

1984 4150 2303 4226 διαμείνασα
2358 4149 2464 4204 ἀπὸ
2519 4151 2626 4204 τῶν
2679 4148 2902 4224 ἡμερῶν
2950 4149 3047 4201 τοῦ
3106 4144 3482 4222 Κοπρωνόμού
3515 4143 3620 4210 ἓως

2037 4332 2190 4388 498
2229 4333 2395 4386 Anno
2449 4328 2652 4384 mundi
2701 4328 2865 4393 6540,
2911 4326 3229 4383 indictione
3277 4328 3364 4396 15,
3417 4343 3622 4383 mense

1965 4421 2312 4494 Septembri,
2344 4420 2417 4475 ad
2453 4419 2864 4490 imperatorem
2896 4417 3225 4474 Romanum
3259 4415 3464 4472 multis
3485 4433 3622 4472 cum

1966 4511 2140 4568 donis
2185 4509 2344 4564 venit
2389 4510 2585 4573 Amer,
2619 4506 2859 4577 Chalepi
2907 4506 3162 4577 praefecti
3211 4505 3388 4571 lilius,
3437 4506 3626 4562 lmdus

1966 4600 2282 4674 pristinum
2328 4597 2589 4652 renovari
2645 4599 2846 4666 petens
2877 4599 2934 4649 et
2975 4595 3285 4665 antiquum
3334 4595 3624 4649 tributum

1966 4707 2028 4746 se
2069 4687 2509 4762 persoluturum
2556 4685 2926 4756 promittens.
2961 4684 3044 4738 Ad
3098 4700 3225 4738 eam
3265 4699 3385 4737 rem
3434 4682 3620 4738 conﬁ-

1965 4779 2228 4835 ciendam
2299 4775 2520 4830 missus
2578 4771 3049 4844 Theopbylaotus
3109 4769 3617 4843 protospatharius

1967 4864 2336 4924 Atheniensis
2388 4863 2578 4918 foedus
2628 4861 2843 4926 sanxit,
2874 4866 2931 4916 et
2985 4877 3121 4916 cum
3161 4858 3624 4931 Chelepensibus

1968 4957 2306 5012 societatem
2346 4949 2697 5022 composuit.
2731 4950 3014 5004 Caeterum
3046 4949 3156 5002 Zoe
3184 4948 3448 5018 Augusta
3495 4949 3629 5017 post

1965 5043 2376 5101 exaltationem
2427 5039 2620 5094 crucis
2668 5037 2863 5092 subito
2905 5038 2962 5092 in
3003 5036 3257 5091 Petrium
3308 5034 3432 5104 ivit,
3458 5049 3622 5091 soro-

1389 5214 1754 5272 XYLANDRI
1793 5215 1888 5271 ET
1927 5211 2147 5272 GOARI
2187 5210 2422 5268 NOTAE.

271 5341 390 5414 (85)
421 5341 621 5414 Capita
655 5341 1057 5408 columnarum,
1095 5342 1276 5414 Locus
1324 5345 1414 5399 est
1461 5359 1578 5399 non
1634 5342 1857 5399 summi

199 5413 518 5487 momenti,
548 5418 607 5469 et
647 5413 1324 5487 obsc_urus._Ktov6xpuvu
1353 5415 1438 5470 sic
1465 5415 1634 5482 verti,
1665 5415 1859 5487 capita

199 5486 639 5559 columnarum,
698 5483 912 5559 χρίσμα
963 5483 1449 5559 incrustationem
1518 5502 1620 5542 seu
1676 5483 1857 5559 tecto:

199 5559 359 5633 rium
384 5575 556 5633 opus,
576 5553 944 5633 ὑλογραφίκάν
965 5556 1258 5615 coloribus
1281 5559 1528 5633 pictum.
1546 5562 1748 5630 Neque
1766 5556 1859 5633 vei

195 5631 384 5686 nimis
413 5628 582 5704 anxie
613 5628 876 5704 sectatus
907 5645 1038 5687 sum
1060 5628 1860 5704 vocum—proprietatemivel

196 5703 555 5760 contendam
583 5700 759 5760 velim
808 5717 904 5759 me
947 5701 1147 5760 omnia
1176 5700 1692 5762 esse'assecutum.
1723 5701 1861 5761 Χτε..

1963 5339 2132 5394 -αΤὸ
2158 5341 2254 5392 τοῦ
2299 5335 2498 5410 τοίχου
2545 5336 2760 5410 χρίσμα
2808 5336 3161 5409 interpretor
3206 5335 3371 5410 muri
3422 5336 3621 5410 faciem

1969 5411 2258 5470 bracteolz's
2306 5408 2587 5484 argenteis
2613 5411 2852 5480 pictario
2898 5408 3050 5464 mare
3107 5409 3350 5484 (initam,
3407 5408 3621 5484 χρίσμα

1967 5484 2258 5569 siquidem
2313 5480 2598 5569 piClorurn
2628 5485 2762 5569 .est,
2791 5480 3462 5569 nonmargentariorum'j
3497 5480 3621 5569 _neo

1969 5551 2284 5630 quisquam
2309 5551 2602 5630 argenteis
2627 5551 2878 5630 laminis
2891 5551 3314 5610 Blachernense
3333 5553 3619 5627 templum

1969 5625 2472 5689 dircumvestitum
2503 5629 2808 5682 memorat.
2840 5625 3022 5681 Com.
