4070 6334
430 387 541 445 231

426 607 688 662 ordinem
742 606 987 678 redegit,
1029 610 1268 661 causata
1322 604 1492 660 aliter
1538 605 1712 659 finem
1764 602 1994 658 insidiis
2025 606 2081 657 et

424 696 663 751 offensis
694 712 809 751 non
842 712 1015 766 posse
1047 695 1292 767 imponi.
1326 695 1505 749 Suam
1538 708 1774 765 quoque
1804 708 1871 747 ex
1904 692 2082 746 fratre

424 791 659 857 neptem
696 789 996 841 Romanus
1033 802 1247 857 magna
1280 802 1412 840 curn
1458 784 1591 839 dote
1638 782 1922 838 Armeniae
1956 797 2078 835 ma-

422 891 548 946 gna
590 874 790 947 regulo
845 880 1093 947 nuptum
1146 875 1324 929 dedit.
1357 876 1684 929 Secundum
1717 873 1835 928 hmo
1869 874 2079 928 iterum

421 964 481 1020 in
514 966 739 1036 Syriam
775 966 1062 1019 ducturus
1103 965 1436 1020 Mesanacta
1466 964 1641 1019 venit.
1677 963 1759 1019 Ibi
1808 980 1874 1017 eo
1923 978 2081 1016 com-

426 1059 714 1122 morante,
749 1059 870 1110 Zoae
916 1059 1193 1125 Augustae
1234 1052 1623 1124 TheOphanes
1655 1049 2083 1107 Thessalonicae

423 1144 736 1215 episcOpus
820 1144 1041 1199 indicat
1114 1142 1561 1198 Constantinum
1643 1141 1960 1213 Diogenem
2028 1144 2084 1194 et

422 1233 787 1289 Theodoram
838 1249 899 1288 re
950 1233 1106 1289 inter
1152 1249 1215 1288 se
1266 1232 1595 1303 composita
1642 1230 1973 1286 instituisse
2021 1228 2080 1282 in

423 1322 719 1394 Illyricum
771 1323 1069 1394 aufugero,
1104 1322 1335 1377 conscio
1390 1321 1468 1376 rei
1524 1320 1894 1392 metmpolita
1938 1318 2082 1391 Dyr—

424 1411 608 1466 rachii
658 1416 715 1467 et
760 1412 1032 1482 episcOpo
1090 1410 1463 1466 Peritbeorio.
1499 1409 1658 1465 Illico
1711 1408 1890 1481 igitur
1936 1408 2081 1463 arri-

424 1501 670 1572 piuntur
700 1504 757 1555 et
785 1500 1041 1572 episcopi
1084 1505 1140 1554 et
1184 1500 1490 1570 Diogenes.
1527 1500 1650 1568 Hic,
1685 1515 1818 1553 cum
1852 1498 1911 1552 in
1945 1514 2078 1553 eum

427 1590 671 1661 quazstio
702 1594 1064 1644 exerceretur
1093 1588 1151 1643 in
1178 1590 1395 1660 palatio
1421 1607 1453 1644 a
1484 1588 1712 1643 Joanne
1746 1587 2079 1659 prazposito,

427 1678 528 1749 qui
560 1678 769 1733 deinde
801 1678 1040 1749 pupillis
1073 1678 1297 1733 alendis
1343 1682 1435 1733 est
1466 1677 1796 1748 praefectus,
1820 1680 1877 1730 et
1906 1675 2082 1730 fratre

426 1766 695 1823 Michaeli
724 1768 874 1838 ejus,
909 1766 1010 1839 qui
1042 1766 1253 1822 deinde
1285 1767 1604 1837 imperator
1635 1766 1765 1832 fuit,
1795 1780 1856 1819 se
1886 1764 2082 1836 ipsum

426 1856 497 1911 de
530 1873 696 1911 muro
728 1857 1089 1927 praecipitem
1118 1856 1296 1923 dedit,
1324 1856 1734 1926 confractaque
1765 1854 1986 1910 cervice
2016 1869 2081 1908 eo

427 1945 691 2015 abjectus
722 1951 813 2001 est
862 1962 978 2017 quo
1024 1945 1423 2017 solebantqui
1474 1944 1583 1999 sibi
1638 1944 1784 2016 ipsis
1833 1948 2081 1999 mortem

428 2035 582 2089 499
615 2035 1057 2091 conscivissent.
1092 2034 1363 2106 Episcopi
1408 2033 1479 2089 ad
1523 2033 1932 2104 imperatorem
1967 2033 2080 2088 Me-

426 2130 669 2180 sauacta
701 2124 867 2181 missi
900 2125 970 2180 ab
1004 2141 1188 2196 eoque
1221 2122 1452 2180 dimissi
1484 2127 1643 2179 sunt.

495 2392 637 2448 Julii
671 2392 893 2448 mensis
923 2392 992 2445 28
1026 2392 1141 2462 die,
1174 2408 1300 2463 qua:
1350 2392 1459 2447 fuit
1508 2390 1847 2463 septimana:
1898 2394 2081 2457 sexta,

429 2482 575 2537 hora
604 2481 791 2536 noctis
838 2482 1112 2547 secunda,
1146 2482 1315 2537 stella
1363 2482 1594 2552 trajecit
1625 2498 1658 2537 a
1688 2479 1928 2535 meridie
1959 2497 2085 2534 ver-

430 2588 533 2625 sus
593 2570 1075 2642 septentrionem,
1134 2588 1257 2641 quae
1317 2576 1532 2625 terram
1592 2574 1777 2625 totam
1837 2570 2083 2640 fulgore,

430 2659 774 2715 illustraret.
808 2659 1102 2731 Pauloque
1143 2666 1274 2732 post
1304 2662 1502 2716 tristes
1552 2659 1744 2715 nuntii
1794 2660 1864 2713 de
1912 2657 2085 2712 rebus

433 2749 713 2806 Romanis
773 2748 935 2805 allati
993 2755 1154 2818 sunt,
1200 2750 1421 2805 Arabes
1481 2750 1539 2803 in
1600 2748 2084 2820 Mesopotamiam

433 2855 623 2909 usque
683 2839 751 2893 ad
814 2838 1146 2894 Melitenam
1204 2838 1482 2910 grassari,
1544 2838 1882 2893 Patzinacas
1940 2838 2085 2891 Istro

430 2927 781 2981 transmisso
836 2927 1079 2999 Mysiam
1132 2927 1430 2992 infestare,
1484 2928 1803 2981 Saracenos
1852 2943 2085 2997 grassa-

434 3016 697 3072 tionibus
728 3022 785 3071 et
816 3016 1103 3071 incendiis
1128 3033 1229 3071 ora
1262 3016 1471 3089 Illyrici
1505 3016 1763 3071 vexanda
1794 3032 1981 3086 usque
2012 3016 2084 3070 ad

434 3107 739 3178 Corcyram
775 3105 1119 3178 perrexissc.
1151 3107 1229 3160 Ac
1263 3106 1472 3177 reliqui
1506 3122 1647 3160 sane
1688 3105 1884 3160 hostes
1918 3104 2085 3160 illaesi

434 3196 677 3251 domum
713 3194 1010 3249 redierunt
1039 3212 1052 3249 :
1086 3196 1361 3250 Saraceni
1395 3212 1427 3250 a
1458 3194 1771 3267 Ragusinis
1815 3199 1871 3249 et
1920 3194 2085 3249 Nice-

1793 377 2112 439 GEORGII
2159 378 2495 438 CEDRENI

429 532 674 588 remque
716 531 886 573 suam
930 515 1294 572 Theodoram
1341 530 1535 570 rasam
1569 513 1627 569 in
1659 512 2078 569 monacharum

2198 505 2439 584 ἀδελφὴν
2526 505 2809 583 Θεοδώραν
2893 506 3141 583 ἀπέκειρε
3224 508 3497 583 μοναχὴν,

3726 377 3843 436 232

3624 504 3847 564 δύνατοσ

2192 596 2378 661 ἄλλως
2412 601 2541 654 εἶναι
2602 601 2813 677 φήσασα
2870 604 3140 667 παυθῆναι
3194 597 3291 659 τὰς
3325 593 3620 660 ἐπιϐουλὰς
3658 599 3745 653 καὶ
3775 599 3843 654 τὰ

2193 686 2490 744 σκάνδαλα.
2525 687 2736 744 Δέδωκε
2789 686 2846 742 δὲ
2902 687 2991 742 καὶ
3048 689 3149 757 τήν
3199 686 3400 742 οἰκείαν
3430 688 3645 762 ἀνεψιὰν
3679 689 3707 743 6
3742 690 3842 764 βα-

2192 778 2375 841 σιλεὺς
2433 781 2714 853 Ῥωμανὸς
2766 780 2900 853 μετά
2952 778 3177 835 πολλῶν
3226 775 3389 835 ἔδνων
3450 780 3524 843 εἰς
3574 779 3729 848 εὐνὴν
3762 786 3841 853 τῷ

2190 876 2291 939 τῆς
2328 869 2570 945 μεγάλης
2613 869 2900 945 Ἀρμενίας
2952 868 3294 945 ἐξουσιάρχῃ.
3348 868 3585 925 Μέλλων
3634 868 3689 924 δὲ
3721 868 3839 924 δευ-

2189 958 2346 1033 τέραν
2406 955 2664 1028 εἰσϐολὴν
2715 962 2859 1034 τάχα
2914 961 3243 1029 ποιήσασθαι
3305 960 3333 1013 ὁ
3395 958 3649 1033 βασιλεὺς
3703 961 3841 1014 κατὰ

2194 1049 2393 1125 Συρίας
2429 1047 2649 1119 ἐξῆλθεν
2713 1048 2788 1111 εἷς
2845 1049 2912 1103 τά
2961 1050 3299 1105 Μεσάνακτα.
3344 1049 3549 1105 Ἐκεῖσε
3608 1046 3663 1104 δὲ
3711 1048 3841 1104 τού-

2192 1160 2287 1192 του
2331 1134 2761 1211 ἐνδιατρίϐοντος
2816 1136 3076 1211 μηνύεται
3142 1141 3210 1205 τῇ
3274 1134 3515 1213 βασιλίδι
3564 1142 3685 1211 Ζωῇ
3747 1136 3837 1192 διὰ

2194 1229 2497 1304 Θεοφάνους
2543 1233 2639 1282 τοῦ
2723 1226 3122 1297 Θεσσαλονίκης
3208 1228 3281 1289 ὡς
3356 1234 3756 1290 Κωνσταντῖνος
3812 1230 3842 1284 6

2193 1325 2454 1392 Διογενης
2509 1316 3039 1393 κοινολογησάμενος
3080 1319 3147 1390 τῇ
3198 1316 3402 1387 ταύτης
3451 1314 3659 1393 ἀδελφῇ
3710 1324 3843 1373 Θεο·

2194 1406 2343 1482 δώρᾳ
2374 1404 2670 1482 ἀπόδρασιν
2703 1408 2840 1483 πρὸς
2898 1408 2960 1461 τὸ
3009 1405 3313 1481 Ἰλλυρικὸν
3369 1412 3593 1477 μελετᾷ,
3637 1405 3841 1478 εἷδήσει

2189 1500 2284 1551 τοῦ
2315 1495 2727 1573 μητροπολίτου
2781 1495 3090 1571 Δυρῥαχίου
3137 1497 3221 1550 καὶ
3274 1500 3371 1551 τοῦ
3401 1495 3699 1552 ἐπισκόπου
3739 1504 3841 1552 Πε-

2193 1587 2479 1663 ριθεωρίου
2512 1589 2645 1661 (86).
2680 1587 2784 1643 Καὶ
2846 1586 3002 1648 εὑΟυς
3056 1587 3385 1662 ἀνάρπαστοι
3444 1584 3497 1641 οἵ
3528 1609 3586 1642 τε
3616 1586 3840 1643 ἐπίσκο-

2191 1697 2284 1731 ποι
2344 1675 2434 1729 καὶ
2494 1677 2521 1730 6
2581 1676 2839 1751 Διογένης
2896 1673 3159 1751 γίνονται.
3223 1678 3306 1749 [Ρ.
3348 1678 3475 1748 730]
3523 1676 3619 1730 Καὶ
3673 1678 3700 1731 6
3746 1677 3840 1749 μὲν

2192 1768 2596 1827 Κωνσταντῖνος
2655 1764 2978 1839 ἐταζόμενος
3038 1764 3088 1819 ἐν
3147 1769 3227 1836 τῷ
3275 1762 3523 1838 παλατίῳ
3568 1770 3675 1820 τῶν
3707 1767 3847 1821 Βλα-

2120 1860 2402 1957 Β’χερνῶν
2465 1853 2554 1910 διὰ
2626 1856 2880 1911 Ἰωάννου
2954 1858 3051 1910 τοῦ
3130 1853 3513 1927 πραιποσίτου,
3566 1859 3664 1909 τοῖ’)
3711 1856 3847 1924 μετά

2259 1948 2283 1957 -
2415 1944 2429 1957 .
2693 1944 2703 1957 ,
2931 1945 2944 1957 .
3027 1940 3131 1957 ..ς
3226 1948 3250 1957 -
3366 1947 3394 1957 ..
3459 1939 3551 1957 η..
3653 1943 3671 1957 ς
3802 1944 3813 1957 .

2190 1948 2355 1999 ταῦτα
2406 1944 2813 2023 όρφανοτρόφου
2857 1945 2947 1999 καὶ
3016 1940 3254 2021 ἀδελφοῦ
3296 1947 3397 1998 τοῦ
3458 1939 3845 2018 βεϐασιλευκό-

2190 2053 2281 2094 τος
2309 2031 2539 2107 Μιχαὴλ
2586 2034 2721 2105 (87),
2768 2032 2952 2086 ἑαυτὸν
3006 2031 3422 2103 ἄποκρημνίσας
3472 2035 3569 2085 τοῦ
3626 2031 3846 2105 τείχους

2191 2123 2278 2176 καὶ
2313 2119 2767 2197 ἐκτραχηλισθεὶς
2814 2120 3043 2175 ἀπέθανε
3100 2119 3276 2198 ῥιφεξς
3336 2120 3471 2193 μετά
3526 2125 3633 2174 τῶν
3681 2120 3843 2176 αὐτοι

2193 2210 2369 2290 φόνων
2404 2195 2535 2284 (88),
2568 2211 2620 2265 οἱ
2653 2208 2710 2265 δὲ
2760 2210 3045 2265 ἐπίσκοποι
3098 2195 3179 2271 ὡς
3224 2195 3316 2264 τὸν
3351 2206 3579 2285 βασιλέα
3615 2211 3751 2285 πρὸς
3778 2211 3847 2265 τὰ

2194 2302 2513 2355 Μεσάνακτα
2546 2299 2949 2372 ἐξεπέμφθησαν
2982 2298 3225 2353 κάκεῖθεν
3256 2296 3735 2375 ἠλευθερώθησαν.

2265 2387 2452 2446 Εἰκάδι
2514 2386 2572 2443 δὲ
2628 2390 2679 2460 η’
2733 2386 2968 2444 Ἰουλίου
3037 2387 3230 2461 μηνὸς,
3264 2388 3481 2460 ἡμέραᾳ
3538 2395 3599 2458 ς’,
3651 2388 3769 2463 ὥρᾳ
3802 2388 3848 2465 β’

2192 2485 2291 2547 τῆς
2350 2477 2565 2547 νυκτὸς,
2621 2477 2850 2553 ἀστάρος
2901 2476 3108 2552 ἐγένετο
3166 2476 3326 2551 χύσις
3382 2475 3443 2531 ἐκ
3500 2472 3848 2553 μεσημϐρίας

2193 2568 2331 2640 πρὸς
2364 2569 2583 2643 ἄρκτον,
2642 2572 2812 2621 πᾶσαν
2874 2566 3372 2641 περιαστράψαντος
3423 2567 3521 2635 τὴν
3579 2574 3703 2643 γῆν.
3740 2568 3848 2623 Καὶ

2198 2656 2331 2729 μετά
2391 2657 2582 2731 μικρὸν
2640 2655 2997 2732 ἀγγέλλονται
3043 2656 3108 2710 τά
3158 2656 3503 2731 κατασχόντα
3546 2657 3645 2725 τὴν
3704 2657 3847 2713 Ῥω-

2200 2746 2371 2819 μαίων
2430 2747 2779 2821 ἀτυχήματα,
2857 2741 3087 2819 ’Ἄραϐες
3148 2745 3241 2819 μὲν
3298 2744 3620 2818 ληϊσάμενοι
3675 2752 3850 2801 Μεσο-

2194 2834 2463 2907 ποταμίαν
2525 2833 2653 2910 ἄχρι
2715 2832 3055 2905 Μελιτηνῆς,
3116 2836 3441 2903 Πατζινάκαι
3501 2833 3557 2889 δὲ
3599 2836 3690 2890 τὸν
3732 2836 3847 2890 Ἴσ-

2192 2944 2320 2990 τρον
2371 2918 2650 2986 διαϐάντες
2709 2923 2798 2978 καὶ
2852 2926 2950 2993 τὴν
3015 2922 3223 2980 Μυσίαν
3274 2928 3452 2986 κακῶς
3512 2920 3847 2998 διαθέμενοι,

2197 3013 2503 3088 Σαρακηνοὶ
2538 3011 2594 3068 δὲ
2642 3014 2740 3082 τὴν
2801 3011 3072 3089 παράλιον
3134 3012 3570 3086 καταδραμόντες
3606 3018 3703 3068 τοῦ
3736 3013 3849 3069 Ἰλ-

2197 3101 2421 3175 λυρικοῦ
2457 3101 2621 3178 μέχρι
2675 3102 2954 3178 Κερκύρας
3003 3103 3091 3157 καὶ
3144 3103 3309 3172 αὐτὴν
3370 3102 3849 3179 πυρπολήσαντες.

2195 3189 2355 3246 Ἀλλ’
2404 3191 2458 3246 οῗ
2500 3194 2593 3264 μὲν
2638 3189 2801 3246 ἄλλοι
2859 3191 3145 3264 ἀπήμονες
3194 3196 3371 3246 κακῶν
3429 3189 3610 3247 οἴκαδε
3654 3192 3851 3246 ὑπενό-

434 3282 617 3355 pboro
675 3282 918 3355 patricio
970 3284 1204 3354 Nauplii
1262 3265 1893 3354 praefecto,Caranteni
1948 3282 2081 3353 filio,

2206 3302 2427 3351 στησαν,
2489 3282 2799 3356 Σαρακηνοί
2859 3278 2915 3335 δὲ
2971 3280 3074 3335 ὑπό
3128 3302 3185 3337 τε
3237 3280 3564 3338 Ῥαουσαίων
3610 3280 3700 3335 καὶ
3748 3284 3850 3335 τοῦ

435 3371 589 3427 male
633 3377 773 3428 sunt
822 3372 1076 3440 multati,
1112 3371 1309 3444 prmlio
1354 3372 1519 3441 victi;
1553 3381 1607 3427 et
1656 3373 1935 3441 majorem
1987 3389 2090 3427 na-

431 3461 591 3516 vium
634 3466 854 3532 partem
904 3478 1038 3517 cum
1090 3461 1449 3527 amisissent,
1484 3462 1723 3516 domum
1777 3462 2089 3517 redeuntes

432 3551 733 3622 naufragio
766 3551 823 3605 in
855 3550 1047 3606 Siculo
1081 3552 1227 3606 mari
1258 3551 1575 3622 perierunt.

2200 3372 2631 3445 στρατηγοῦντος
2692 3368 2742 3423 ἐν
2830 3366 3098 3441 Ναυπλίῳ
3182 3368 3499 3444 Νικηφόρου
3557 3368 3849 3443 πατρικίου

2196 3459 2292 3512 τοῦ
2369 3459 2489 3511 υἱοῦ
2545 3462 2642 3513 τοῦ
2692 3461 3043 3531 Καραντηνοῢ
3100 3461 3279 3519 κακῶς
3332 3452 3555 3527 ἔπαθον,
3603 3477 3851 3512 καταπο-

2199 3546 2524 3621 λεμηθέντες
2558 3547 2647 3601 καὶ
2678 3548 2745 3601 τά
2794 3546 2972 3602 πλείω
3019 3542 3391 3609 ἀποϐαλόντες
3441 3552 3547 3601 τῶν
3600 3551 3846 3623 σκαφῶν.

430 3640 499 3696 Οἳ
557 3637 613 3694 δὲ
664 3642 1073 3715 περισωθέὸτες,
1131 3640 1221 3702 οὕς
1280 3642 1427 3716 εἶχον
1486 3640 1795 3713 Ῥωμαίους
1870 3637 2263 3714 αἰχμαλώτους
2340 3637 2769 3707 ἀποκτείναντες,
2830 3637 2880 3692 ἐν
2934 3642 3012 3710 τῷ
3070 3635 3253 3692 οἷ’καδε
3302 3637 3654 3715 ὑποστρέφειν
3714 3659 3847 3691 ναυ-

434 3750 572 3804 αγιῳ
602 3729 983 3803 περιπεσόντες
1016 3730 1139 3806 περὶ
1168 3731 1229 3784 τὸ
1263 3730 1545 3785 Σικελικὸν
1580 3730 1817 3804 πέλαγος
1845 3726 2225 3806 διεφθάρησαν.

500 3820 616 3875 Hoc
661 3819 790 3891 ipso
823 3838 974 3876 anno
1010 3823 1194 3877 fames
1243 3820 1420 3876 simul
1457 3838 1520 3875 ac
1565 3821 1745 3892 pestis
1777 3820 2078 3891 Cappado-

428 3908 598 3975 ciam,
634 3908 1070 3981 Paplagoniam,
1104 3910 1444 3964 Armeniam
1476 3915 1531 3964 et
1563 3908 1949 3963 Honoriadcm
1999 3909 2082 3962 ita

427 3997 792 4065 afﬂixerunt,
847 4003 911 4052 ut
963 3997 1163 4053 incola:
1223 3997 1428 4069 patriis
1488 3997 1704 4053 relictis
1762 3997 1907 4051 alias
1970 3996 2081 4052 sibi

427 4091 757 4157 quazrerent
807 4088 996 4142 sedes.
1032 4087 1257 4152 Quibus
1308 4086 1626 4158 imperator
1657 4104 1689 4140 a
1733 4086 2083 4142 Mesanactis

429 4173 488 4228 in
520 4173 727 4229 urbem
760 4176 992 4230 rediens
1022 4191 1154 4229 cum
1189 4180 1540 4241 occurreret,
1569 4191 1756 4246 neque
1785 4175 2085 4246 ignoraret

429 4262 798 4334 migrationis
829 4278 1090 4328 causam,
1124 4264 1312 4335 coegit
1341 4280 1437 4319 eos
1471 4265 1711 4319 domum
1748 4265 1956 4335 redire,
1991 4280 2086 4336 pe-

427 4350 599 4405 cunia
628 4356 685 4406 et
717 4350 847 4406 aliis
879 4352 948 4406 ad
982 4354 1163 4407 vitam
1211 4353 1557 4408 necessariis
1610 4354 1786 4408 rebus
1817 4370 1916 4409 eos
1947 4369 2083 4408 con-

427 4439 673 4496 solatus.
705 4441 815 4495 Sed
871 4442 1023 4496 500
1057 4447 1114 4497 et
1144 4441 1467 4496 Michaelus
1496 4444 1733 4512 Ancyrae
1782 4447 1907 4498 tum
1959 4444 2082 4514 epi-

430 4546 645 4601 scopus
685 4530 944 4585 officium
996 4529 1328 4598 fecit,nihil
1380 4547 1581 4586 eorum
1634 4531 1911 4587 omittens
1957 4550 2083 4604 quae

425 4618 496 4672 ad
531 4619 857 4675 remedium
894 4620 1223 4675 faciendum
1256 4619 1432 4677 famis
1463 4620 1929 4693 pestilentiaeque
1960 4638 2083 4677 ma-

429 4704 502 4760 lis
536 4706 911 4778 pertinerent.

499 4972 599 5029 Die
630 4973 879 5045 Augusti
912 4974 998 5042 13,
1033 4973 1133 5045 qui
1166 4973 1275 5028 fuit
1324 4974 1686 5046 Dominicus,
1714 4974 1858 5030 hora
1890 4975 2082 5047 prima

427 5064 637 5127 noctis,
663 5080 816 5119 anno
849 5064 1054 5117 mundi
1081 5064 1245 5130 6540,
1269 5080 1521 5134 magnus
1547 5064 1652 5119 fuit
1673 5070 1837 5119 terra:
1862 5070 2078 5137 motus.

426 5154 495 5208 Et
528 5153 847 5224 imperator
878 5153 1086 5207 urbem
1122 5152 1426 5224 ingressus
1453 5152 1688 5208 nomine
1720 5170 1836 5209 sua:
1871 5156 2082 5227 prioris

2258 3817 2452 3888 Τούτῳ
2498 3821 2578 3888 τῷ
2637 3811 2738 3870 ἔτει
2799 3814 2887 3870 καὶ
2948 3815 3114 3888 λιμὸς
3170 3816 3260 3870 καὶ
3311 3815 3510 3889 λοιμὸς
3564 3812 3844 3890 ἐπέδραμε

2191 3903 2607 3977 Καππαδοκίαν,
2666 3904 3070 3982 Παφλαγονίαν,
3123 3907 3475 3980 Ἀρμενιακὸν
3530 3904 3619 3959 καὶ
3669 3905 3841 3961 Ὀνω-

2194 3992 2351 4070 ριάδα
2381 3998 2514 4069 (89),
2551 3994 2623 4056 ὡς
2681 3994 2770 4049 καὶ
2829 3994 3023 4057 αὐτοὺς
3078 3994 3205 4055 τοὺς
3242 3999 3349 4050 τῶν
3400 3993 3646 4067 Οεμάσων
3685 3992 3845 4047 ἐποίο

2190 4105 2318 4146 κους
2371 4082 2769 4145 καταλιπόντας
2826 4085 2921 4145 τὰς
2977 4080 3239 4159 πατρίδας
3293 4083 3564 4156 μετοικίαν
3611 4087 3793 4151 ζητεῖν
3828 4102 3843 4116 ·

2194 4178 2274 4237 οἷς
2307 4175 2334 4229 ὁ
2371 4174 2625 4251 βασιλεὺς
2654 4175 2707 4229 ἐν
2762 4181 2843 4247 τῷ
2890 4175 2995 4229 ἀπὸ
3052 4180 3159 4229 τῶν
3215 4174 3575 4231 Μεσανάκτων
3621 4172 3846 4228 εἷσιέναι

2189 4267 2325 4340 πρὸς
2354 4268 2451 4335 τὴν
2520 4263 2779 4342 βασιλίδα
2829 4266 3173 4340 συνητηκὼς,
3232 4267 3321 4321 καὶ
3370 4268 3468 4337 τήν
3520 4264 3691 4321 αἰτίαν
3738 4271 3845 4333 τῆς

2194 4354 2605 4417 ἀπαναστάσεως
2686 4356 2762 4428 μὴ
2846 4355 3132 4432 ἀγνοήσας,
3220 4354 3574 4432 ὑποστρέφειν
3659 4350 3851 4409 οἷ’καδε

2192 4443 2585 4516 κατηνάγκαζε,
2638 4444 2851 4519 χρυσίῳ
2908 4438 3306 4517 ἀναλαμϐάνων
3364 4442 3453 4498 καὶ
3494 4447 3611 4504 τοῖς
3644 4439 3846 4505 ἄλλοις

2192 4538 2309 4594 τοῖς
2340 4533 2477 4607 πρὸς
2508 4533 2570 4588 τὸ
2636 4537 2732 4606 ζῇν
2791 4531 3124 4607 ἀναγκαίοις.
3159 4533 3265 4589 Καὶ
3322 4530 3557 4607 Μιγαῆλ
3598 4529 3655 4585 δε
3687 4531 3714 4584 6
3743 4538 3850 4600 τῆς

2194 4621 2462 4697 Ἀγκύρας
2517 4623 2642 4677 τότε
2698 4622 2798 4691 τήν
2860 4620 3191 4691 Ἐκκλησίαν
3250 4618 3646 4696 πηδαλιουχῶν
3717 4617 3853 4695 ἔργα

2186 4711 2379 4788 ἀρετῆς
2438 4708 2743 4781 ἐπεδείξατο
2822 4711 2977 4782 ἄξια,
3041 4707 3275 4783 μηδενὸς
3358 4710 3680 4788 φεισάμενος
3732 4713 3847 4762 τῶν

2189 4801 2472 4855 τεινόντων
2522 4800 2599 4863 ε”ς
2658 4801 2933 4877 σωτηρίαν
2978 4804 3086 4854 τῶν
3132 4804 3227 4854 τοῦ
3281 4798 3450 4872 λιμοῦ
3495 4798 3583 4853 καὶ
3638 4797 3849 4871 λοιμοῦ

2187 4888 2532 4963 τραυμάτων.

2262 4981 2377 5048 Τῆς
2413 4980 2476 5055 ιγ’
2509 4976 2565 5033 δὲ
2594 4982 2691 5033 τοῦ
2747 4976 3064 5053 Αὐγούστου
3125 4978 3320 5050 μηνὸς,
3364 4978 3546 5052 ἡμέρᾳ
3574 4980 3847 5052 Κυριακῇ,

2192 5066 2307 5142 ὥρα
2339 5069 2382 5121 α’
2413 5075 2515 5137 τῆς
2547 5067 2760 5136 νυκτὸς,
2816 5066 2869 5122 ἐν
2912 5065 3017 5122 ἔτει
3073 5072 3155 5139 τῷ
3213 5069 3377 5144 ,ςφμζ
3417 5068 3599 5143 γέγονε
3622 5068 3849 5139 σεισμὸς

2196 5156 2380 5233 μέγας.
2416 5154 2655 5226 Εἶ’σῆλθε
2686 5154 2745 5212 δὲ
2777 5157 2865 5212 καὶ
2911 5158 2939 5212 ὁ
2985 5154 3246 5233 βασιλεὺς
3275 5155 3327 5211 ἐν
3358 5160 3427 5231 τῇ
3464 5153 3725 5232 βασιλίδι,
3754 5156 3850 5211 καὶ

1617 5276 1995 5335 XYLANDRI
2034 5281 2121 5337 ET
2161 5282 2383 5338 GOARI
2423 5282 2656 5339 NOT/E.

499 5374 611 5444 (86)
643 5372 991 5445 Ambiguum
1025 5378 1110 5429 est
1142 5372 1329 5428 locine
1362 5374 1438 5429 sit
1468 5391 1680 5429 nomen
1713 5393 1783 5430 an
1818 5376 2077 5434 hominis

425 5461 493 5498 ca
521 5460 648 5497 vox.
683 5444 910 5499 Χγι..“-
941 5445 1135 5513 Urbis,
1170 5462 1283 5500 non
1316 5446 1420 5499 viri
1471 5464 1707 5513 nomen,
1738 5466 1806 5502 ex
1839 5449 2075 5505 Ortelio.

423 5514 779 5571 Vertendum
814 5517 1011 5588 itaque
1040 5517 1373 5599 Perit/aegri?
1399 5520 1661 5641 episeopo.
1698 5523 1877 5602 GOAR:

497 5587 787 5641 (871111υό
837 5590 909 5641 de
968 5590 1144 5641 fratre
1199 5588 1465 5641 Michael
1526 5598 1877 5641 imperatori:

497 5587 608 5655 (87)
640 5587 787 5660 illud
837 5587 927 5643 de
968 5590 1144 5643 fratre
1199 5587 1465 5643 Michaeli
1526 5587 1903 5660 imperatoris
1961 5606 2075 5645 non

427 5657 720 5733 immerito
749 5664 840 5715 est
889 5666 1251 5731 suspectum.
1286 5665 1483 5732 Neque
1522 5657 1694 5733 rvid‘eo
1725 5664 1866 5733 quid
1917 5662 2075 5717 aliud

428 5729 700 5805 colligam
748 5747 926 5806 quam
974 5729 1214 5789 fratrem
1263 5729 1404 5788 eum
1449 5732 1630 5790 fuisse
1678 5729 1941 5791 Michaeli
1973 5734 2078 5791 Pa-

2184 5733 2347 5809 lius.)

2189 5380 2655 5453 phlagonisuqui
2676 5384 2807 5453 post
2828 5380 2983 5437 hunc
3006 5380 3333 5453 Romanum
3356 5380 3603 5453 imperio
3626 5379 3853 5452 potitus

2186 5445 2409 5525 estfut
2443 5445 2897 5525 βεϐασιλευκότος
2934 5452 3233 5524 intelligas
3266 5445 3531 5525 respectu
3564 5445 3848 5522 auctoris,

2187 5540 2301 5596 non
2322 5523 2605 5596 Romani,
2638 5526 2879 5596 quodet
2910 5523 3192 5596 expressi.
3227 5525 3357 5578 ZYL.

2398 5593 2483 5668 Ἑν
2509 5597 2586 5665 τῷ
2617 5593 2886 5668 κυνηγίῳ.
2915 5593 3199 5668 (Shidas).
3232 5600 3411 5668 G048.

2256 5665 2586 5796 (ξερῦΑιίιιω
2618 5665 2939 5726 Asiaticum
2991 5668 3289 5742 regionem
3321 5666 3381 5723 in
3412 5670 3614 5725 Ponto.
3650 5666 3847 5741 (Orte-

2310 5778 2321 5792 .
2426 5755 2555 5796 om.

2426 5755 2555 5797 OAR.
