4038 6334
147 348 270 409 233

1287 343 1832 406 HISTORIARUM
1878 298 2429 408 coMPENDIUM.

3450 349 3568 411 234

146 485 249 547 τῆς
300 478 575 554 προτέρας
637 476 804 532 αὐτοῦ
845 477 1095 552 γυναικὸς
1142 475 1370 548 Ἑλένης
1416 474 1797 546 ἀποθανούσης

1931 477 2112 533 ιχονὶε
2145 477 2372 535 Helenae
2422 493 2625 536 recens
2671 483 2917 536 mortuas
2958 493 3234 553 magnam
3289 480 3570 555 elargitus

151 565 399 641 μεγάλας
452 563 723 629 διαδόσεις
758 566 888 641 ὑπὲρ
926 565 1091 632 αὐτῆς
1136 564 1452 636 ἐποιήσατο.
1486 565 1679 638 Τούτῳ
1725 570 1807 637 τῷ

146 653 253 709 ἔτει
279 655 423 710 κατὰ
450 655 549 724 τήν
576 656 668 725 κη’
704 659 803 717 τοῦ
843 650 1218 731 Φεϐρουαρίου
1270 656 1442 728 μηνὸς
1493 656 1583 710 καὶ
1630 655 1804 727 ἆστήρ

146 742 335 814 διῇξεν
367 743 473 799 ἀπὸ
516 742 690 820 βορρᾶ
743 742 881 816 πρὸς
940 736 1285 818 μεσημϐρίαν
1350 744 1462 815 μετ’
1502 739 1651 817 ¹ἤχου
1715 739 1805 795 καὶ

143 832 383 889 κτύπουο
439 831 686 912 ἐφαίνετο
744 828 801 887 δὲ
857 829 988 907 ἄχρι
1053 837 1154 901 τῆς
1212 833 1267 887 ιε’
1327 830 1592 906 Μαρτίου,
1648 830 1803 901 τόξον

147 924 383 997 ὕπερθεν
455 920 622 998 ἔχων.
702 920 935 997 Μαρτίῳ
1011 918 1070 976 δὲ
1143 928 1208 994 ς’,
1266 919 1450 997 ἡμέρᾳ
1502 921 1571 997 γ’,
1622 920 1807 996 γέγονε

152 1012 403 1085 σεισμός.

224 1102 474 1176 Ἐγένετο
521 1097 580 1155 δὲ
625 1100 761 1156 κατᾶ
822 1103 1012 1155 τοῦτον
1058 1100 1151 1155 τὸν
1179 1098 1383 1174 χρόνον
1420 1097 1511 1153 καὶ
1560 1094 1804 1170 έκδρομή

144 1198 378 1267 Ἄφρων
460 1189 817 1265 Σαρακηνῶν,
874 1186 1085 1244 πλοίων
1171 1187 1400 1263 χιλίων,
1466 1188 1806 1261 πολεμιστὰς

149 1281 361 1355 ἔχοντα
421 1279 667 1353 μυρίους,
726 1279 922 1340 οἳτινες
980 1274 1168 1333 πολλὰ
1194 1277 1288 1342 τὰς
1314 1278 1513 1348 νήσους
1543 1277 1631 1331 καὶ
1664 1297 1808 1351 παρ-

144 1370 344 1431 αλίους
379 1368 677 1424 ἐκάκωσαν.
726 1373 821 1422 Ὧν
872 1365 1021 1442 μέρει
1066 1366 1173 1420 τινὶ
1231 1365 1574 1440 ςυμπλακεὶς
1630 1372 1807 1436 Νικη-

145 1458 323 1537 ςόρος
377 1461 406 1513 6
465 1457 807 1533 Καραντηνὸς
862 1454 1121 1531 ἐτρέψατο
1179 1458 1267 1529 [Ρ.
1299 1458 1425 1529 731]
1481 1456 1570 1510 καὶ
1611 1475 1802 1510 πεντα-

142 1549 375 1610 κοσίους
431 1544 840 1619 πεπεδημένους
896 1544 1251 1621 Σαρακηνοῦς
1296 1549 1376 1616 τῷ
1434 1545 1669 1600 Βασιλεῖ
1722 1543 1804 1615 ἐξ·

144 1635 464 1693 απέστειλε.
516 1636 709 1708 Τούτῳ
753 1638 833 1707 τῷ
879 1629 984 1689 ἔτει
1033 1634 1121 1689 καὶ
1174 1635 1442 1710 Γεώργιος
1499 1653 1807 1709 προτοσπα-

143 1730 346 1802 θέριος
390 1728 421 1781 6
452 1724 754 1795 Μανιάκης,
814 1724 843 1779 6
898 1721 1194 1779 Γουδελίου
1235 1727 1332 1778 τοῦ
1383 1724 1633 1793 Μανιάκη
1667 1723 1803 1794 υἱὸς,

143 1823 258 1871 τῶν
302 1811 778 1893 παρευφρατιδίων
824 1816 1142 1886 στρατηγῶν
1205 1810 1421 1867 πόλεων
1474 1810 1562 1866 καὶ
1622 1810 1674 1866 ἐν
1705 1818 1807 1867 Σα-
1839 1852 1886 1917 Β

277 1906 290 1917 ι
508 1905 521 1917 ι
639 1904 654 1917 ι
715 1905 728 1917 ι
900 1895 925 1917 Ἰ
1125 1908 1153 1917 .-
1358 1902 1371 1917 \
1455 1905 1482 1915 η-
1536 1902 1592 1917 In
1775 1905 1795 1916 ι-

148 1906 420 1978 μοσάτοις
462 1905 560 1966 τὰς
604 1904 847 1974 οἷ’κήσεις
899 1895 1045 1978 ἔχων
1087 1908 1188 1970 τῆς
1235 1902 1381 1976 παρά
1417 1905 1485 1975 τῇ
1536 1902 1807 1978 Ὀσροηνῇ

142 1992 311 2050 πεὶλει
381 1992 720 2067 ἀπεπειράθη
782 1988 1063 2061 Ἐδέσσης·
1123 1988 1326 2062 ταύτης
1381 1990 1485 2066 γὰρ
1541 1991 1641 2059 τὴν
1696 1989 1812 2046 ἐπι-

148 2082 378 2138 στασίαν
460 2080 790 2154 Σαλαμάνης
854 2078 1000 2155 ἔχων
1084 2080 1112 2135 6
1184 2084 1442 2156 Τοῦρκος,
1513 2079 1661 2155 παρὰ
1711 2084 1809 2135 τοῦ

146 2173 348 2247 ἁμηρὶ
431 2167 941 2246 Μαρτυρουπόλεως
1021 2167 1146 2237 ἤτοι
1216 2169 1552 2245 Μιεφερκεὶμ
1632 2168 1807 2224 ἐπιτε-

143 2260 477 2335 τραμμένος
530 2257 701 2331 αὐτῷ,
774 2257 865 2313 καὶ
919 2255 1120 2332 δώροις
1187 2257 1278 2311 καὶ
1345 2257 1669 2333 ὑποσχέσεσι
1716 2256 1808 2313 καὶ

142 2355 342 2423 τ.μαῖς
413 2345 731 2424 διαφθαρεὶς
798 2343 1135 2420 παραδίδωσι
1201 2350 1282 2418 τῷ
1340 2346 1611 2421 Μανιάκῃ,
1671 2344 1808 2422 ἀωρὶ

144 2445 254 2493 τῶν
308 2442 548 2508 νυκτῶν,
599 2436 662 2498 ὃς
719 2440 865 2510 τρεῖς
929 2433 1168 2511 πύργους
1235 2431 1357 2488 λίαν
1419 2434 1807 2511 ἀχυρωτάτους

146 2525 452 2603 κατασχὼν
528 2524 785 2600 εὐψόγως
858 2520 986 2586 τοὺς
1053 2522 1487 2599 πολιορκοῦντας
1541 2523 1806 2597 ἠμύνετο,

152 2620 422 2694 βοήθειαν
492 2610 684 2686 ἔξωθεν
757 2611 1210 2687 ἐπικαλούμενος.
1274 2611 1699 2688 Ἀπομερμάνης
1754 2611 1812 2669 δὲ

151 2710 178 2762 ὁ
228 2710 347 2762 τῶν
403 2703 750 2782 Μιεφερκεὶμ
802 2702 1043 2778 ἀμηρᾶς,
1098 2702 1198 2771 τὴν
1245 2698 1449 2757 ἅλωσιν
1504 2703 1688 2776 μαθὼν
1720 2703 1807 2757 καὶ

150 2796 281 2866 ἆξῦς
334 2794 621 2873 ἔπιφανεὶς
668 2793 806 2866 μετά
856 2790 1139 2864 δυνάμεως
1189 2791 1291 2846 οὐκ
1351 2788 1547 2868 ὀλίγης
1595 2791 1812 2867 ἐπεχεί-

155 2905 292 2959 ρησε
343 2884 449 2956 μὲν
506 2885 577 2956 τῇ
644 2880 943 2955 πολιορκίᾳ
995 2883 1102 2934 τῶν
1156 2878 1399 2955 πύργων,
1446 2878 1699 2955 γενναίως
1756 2878 1813 2935 δὲ

158 2973 500 3032 Stoa-tino:
529 2973 628 3024 τοῦ
678 2968 953 3044 Γεωργίου
996 2967 1385 3043 ἀποκρουσθεὶς
1423 2967 1514 3023 καὶ
1551 2970 1625 3041 μὴ
1668 2965 1811 3044 ἔχων

152 3066 178 3116 ὅ
215 3084 269 3117 τι
302 3060 399 3116 καὶ
446 3057 708 3136 δράσειεν,
762 3055 1051 3133 ἀποκείρας
1086 3055 1154 3110 τὰ
1181 3054 1449 3112 κάλλιστα
1494 3061 1601 3112 τῶν
1652 3056 1814 3128 οἷ’κη-

158 3153 345 3219 μὰτων
394 3147 491 3203 καὶ
557 3143 866 3224 διαφθείρας
913 3145 1006 3199 τὸν
1059 3151 1158 3214 τῆς
1203 3144 1421 3209 πόλεως
1469 3145 1676 3219 κόσμον
1723 3146 1812 3201 καὶ

1913 571 2002 621 est
2033 566 2361 639 pecuniam.
2388 569 2601 623 Eodem
2632 585 2809 635 anno,
2832 567 2928 624 die
2957 569 3257 625 Februarii
3278 570 3371 638 28,
3399 569 3571 626 stella

1911 673 1946 711 a
1976 657 2372 726 septentrione
2400 673 2606 713 versus
2630 658 2935 714 meridiem
2957 658 3190 731 trajecit
3206 674 3341 716 eum
3371 659 3570 717 sonitu

1913 760 1980 800 ac
2046 744 2275 818 fragore
2326 763 2340 815 ;
2408 753 2465 802 et
2527 745 2656 802 visa
2721 750 2812 803 est
2875 762 3067 819 usque
3133 749 3207 803 ad
3275 748 3569 807 decimum

1913 833 2186 906 quintum
2247 835 2459 904 Martii,
2526 851 2785 909 superne
2840 834 3066 893 habens
3120 853 3348 894 areum.
3413 840 3568 894 Mar-

1912 922 1981 977 tii
2038 924 2132 980 die
2186 925 2242 989 6,
2310 941 2439 998 quae
2503 924 2649 982 feria
2706 924 2817 980 fuit
2874 924 3071 994 tertia,
3135 930 3302 982 terrae
3369 930 3569 984 motus

1913 1013 2160 1069 exstitit.

1984 1107 2093 1158 Per
2118 1102 2274 1157 idem
2324 1106 2561 1175 tempus
2608 1102 2730 1161 Afri
2778 1103 3053 1160 Saraceni
3098 1120 3232 1160 cum
3264 1103 3425 1161 mille
3455 1121 3565 1161 na-

1912 1190 2084 1246 vibus
2112 1196 2170 1247 et
2196 1191 2528 1247 innumeris
2556 1192 2876 1250 classiariis
2907 1193 3133 1250 insulas
3162 1210 3414 1267 orasque
3438 1210 3564 1250 ma-

1915 1280 2147 1335 ritimas
2193 1283 2412 1337 multas
2467 1281 2914 1338 infestaverunt.
2964 1282 3109 1338 Cum
3159 1298 3362 1340 eorum
3403 1287 3568 1356 parte

1916 1384 2269 1441 congressus
2299 1368 2500 1442 praelia
2548 1371 2914 1444 Nicephorus
2944 1375 3313 1429 Carantenus
3342 1389 3443 1429 eos
3473 1374 3571 1428 fu-

1917 1458 2024 1525 dit,
2058 1475 2124 1514 ac
2154 1458 2500 1529 quingentos
2531 1461 2589 1515 in
2624 1461 3008 1532 compedibus
3035 1462 3105 1517 ad
3151 1462 3567 1534 imperatorem

1917 1547 2101 1603 misit.
2132 1548 2349 1604 Eodem
2395 1565 2550 1605 anno
2578 1549 2863 1623 Georgius
2909 1550 3417 1623 protospatharius
3447 1552 3571 1608 Ma-

1918 1638 2136 1706 niaces,
2177 1637 2405 1695 Gudelii
2439 1639 2712 1695 Maniaces
2761 1639 2942 1706 filius,
2993 1641 3302 1712 praefectus
3331 1639 3570 1696 urbium

1919 1728 1989 1784 ad
2020 1727 2372 1799 Euphratem
2392 1728 2661 1797 sitarum,
2677 1728 3003 1785 Samosatis
3018 1729 3262 1801 degens,
3287 1730 3572 1786 Edessam

1917 1817 2187 1873 Osrnenae
2218 1817 2421 1873 urbem
2453 1817 2723 1885 tentavit,
2755 1817 2849 1873 cui
2897 1835 2930 1873 a
2977 1817 3388 1891 Martyropolis
3419 1818 3571 1891 (que

1920 1911 1978 1961 et
2006 1905 2416 1978 Miepheikim)
2465 1922 2660 1962 amera
2708 1907 3014 1979 praefectus
3062 1910 3187 1963 erat
3230 1905 3572 1979 Salamanee

1917 1996 2165 2052 Turcus.
2199 1999 2386 2067 Atque
2417 1994 2514 2050 hic
2545 1996 2716 2052 donis
2745 2011 2813 2051 ac
2835 1994 3360 2068 pollicitationibus
3381 1994 3570 2053 bono-

1917 2101 2050 2140 rum
2083 2089 2395 2155 corruptus
2424 2083 2701 2140 Maniaces
2729 2084 3082 2157 intempesta
3115 2088 3283 2141 nocte
3312 2089 3433 2141 tres
3465 2101 3569 2140 ur-

1919 2173 2011 2229 bis
2038 2174 2167 2245 ejus
2198 2172 2632 2229 munitissimas
2652 2177 2845 2230 turres
2862 2172 3145 2243 tradidit;
3176 2174 3324 2231 501
3349 2174 3572 2247 quibus

1918 2262 2016 2318 ille
2041 2263 2345 2335 occupatis
2376 2263 2869 2335 oppugnationem
2895 2262 3322 2336 oppidanorum
3347 2262 3577 2321 fortiter

1918 2351 2203 2408 sustinuit
2225 2355 2281 2407 et
2310 2356 2641 2407 exterarum
2674 2350 2893 2408 auxilia
2914 2350 3270 2424 imploravit.
3300 2352 3411 2407 Sed
3429 2354 3578 2424 Apo-

1920 2457 2252 2497 mermanes
2305 2439 2708 2514 Martyropolis
2756 2456 2989 2497 emeras
3035 2456 3098 2496 re
3145 2440 3382 2513 cognita
3418 2439 3577 2497 illico

1920 2546 2056 2585 cum
2090 2529 2246 2585 haud
2279 2545 2457 2601 parvo
2509 2528 2764 2585 exercitu
2816 2529 3022 2600 adfuit,
3052 2533 3362 2601 turresque
3390 2546 3424 2586 a
3453 2529 3577 2586 Ma-

1921 2619 2088 2675 niaco
2145 2622 2462 2691 occupatas
2518 2617 2923 2691 oppugnavit:
2959 2618 3185 2674 fortiter
3241 2622 3438 2675 autem
3488 2635 3578 2676 re-

1922 2707 2152 2781 pulsus,
2183 2724 2312 2763 cum
2346 2706 2493 2763 nihil
2524 2724 2586 2763 se
2615 2708 2844 2763 efficere
2877 2706 3144 2778 sentiret,
3173 2706 3577 2780 pulcherrima

1923 2812 2168 2869 quasque
2198 2796 2444 2853 aedificia
2470 2795 2736 2868 diripuit,
2767 2812 3125 2868 omnemque
3155 2796 3369 2853 Edessa
3401 2812 3574 2853 orna-

1922 2890 2048 2942 tum
2099 2885 2407 2958 ipsiusque
2454 2885 2629 2942 etiam
2671 2884 2861 2957 Magni
2908 2884 3113 2957 templi
3164 2885 3461 2956 perdidit;
3509 2901 3578 2942 ac

1923 2974 2371 3046 pretiosissimis
2387 2973 2723 3046 quibusque
2739 2975 2914 3030 rebus
2932 2974 2991 3030 in
3011 2973 3262 3030 camelos
3280 2973 3578 3045 impositis

1923 3068 1980 3119 et
2007 3063 2128 3135 igni
2163 3064 2223 3119 in
2272 3063 2502 3135 reliqua
2551 3063 2718 3119 urbis
2764 3063 2980 3134 injecto
3023 3062 3439 3136 Martyropolin
3489 3078 3578 3119 re-

1926 3151 2110 3206 duxit.
2145 3151 2453 3207 Liberatus
2495 3158 2895 3224 oppugnatore
2942 3151 3239 3208 Maniaces
3289 3166 3485 3207 arcem
3515 3151 3579 3208 in

151 3240 320 3308 αὖτῆς
350 3244 462 3306 τῆς
496 3221 757 3310 Μεγάλης
785 3231 1134 3305 Ἐκκλησίας,
1162 3233 1252 3288 καὶ
1300 3232 1578 3306 καμήλοις
1610 3234 1813 3297 ἐπιθεὶς

1931 3240 2123 3296 medio
2189 3240 2355 3296 urbis
2423 3221 2595 3296 sitam
2660 3221 2736 3295 in
2803 3240 2962 3296 edita
3026 3257 3171 3312 rupe
3248 3240 3579 3312 occupavit,

149 3330 215 3382 ti
272 3326 581 3393 κάλλιστα,
634 3323 723 3378 καὶ
770 3323 838 3378 τὰ
899 3321 1196 3397 περίλοιπα
1249 3329 1351 3393 τῆς
1408 3320 1624 3386 πόλεως
1684 3325 1812 3400 πυρὶ

1931 3334 1983 3384 et
2026 3328 2226 3385 ascitis
2278 3329 2517 3385 aliunde
2573 3328 2810 3385 auxiliis
2867 3331 3074 3386 urbem
3131 3334 3318 3386 totam
3364 3330 3582 3395 tenuit.

151 3414 464 3493 παραδοὸς,
526 3412 886 3488 ὒπεχώθησεν
946 3411 1021 3473 εἰς
1076 3410 1555 3487 Μαρτυροόπολιν.
1602 3410 1814 3475 ’Λδείας

1931 3418 2231 3474 Inventam
2291 3434 2527 3490 quoque
2601 3433 2779 3472 manu
2851 3418 3067 3473 Christi
3143 3418 3452 3490 epistolam
3510 3420 3582 3475 ad

152 3505 206 3559 δὲ
260 3504 464 3582 τυχὼν
526 3503 557 3557 6
611 3500 913 3572 Μανιάκης,
944 3501 1036 3555 τὸν
1069 3499 1120 3555 ἐν
1154 3499 1303 3573 μέσῳ
1331 3507 1431 3570 τῆς
1463 3500 1681 3564 πόλεως
1707 3500 1814 3557 κεί-

1931 3512 2233 3579 Augarum
2284 3506 2568 3579 scriptam
2624 3506 2961 3578 imperatori
3009 3507 3345 3579 Byzantium
3388 3512 3585 3565 trans-

160 3617 319 3665 μενον
383 3588 652 3671 φρούριον
729 3590 783 3645 έν
845 3587 1085 3649 λοφώδει
1134 3589 1303 3665 πέτρᾳ
1355 3591 1668 3667 κατασχὼν,
1729 3588 1821 3645 δύ·
1935 3595 2121 3651 misit.

154 3685 314 3759 »μεμε-ι
350 3704 416 3738 τε
467 3680 664 3752 ἔξωθεν
718 3678 1253 3755 προσκαλεσάμενος,
1303 3679 1563 3754 ἀσφαλῶς
1605 3681 1704 3750 τήν
1763 3680 1927 3737 πόλιν
1970 3682 2251 3759 κατέσχεν.
2298 3684 2485 3757 Εὑρὼν
2523 3680 2581 3737 δὲ
2626 3681 2715 3738 καὶ
2762 3682 2862 3752 τὴν
2908 3679 3225 3760 ίδιόγραφον
3278 3680 3579 3753 ἐπιστολὴν

159 3778 253 3828 ὀὗ
306 3770 593 3829 Δια-πότου
651 3769 741 3826 καὶ
790 3768 994 3843 Κυρίου
1041 3772 1205 3844 ἡμῶν
1244 3769 1425 3840 Ἰησοῦ
1474 3772 1730 3844 Χριστοῦ,
1782 3773 1881 3842 τήν
1912 3772 2047 3849 πρὸς
2097 3770 2350 3850 Λῦγαρον
2402 3773 2763 3850 πεμφθεῖσαν,
2803 3775 2884 3844 τῷ
2936 3770 3152 3847 βασιλεῖ
3205 3770 3257 3826 έν
3307 3770 3582 3845 Βυζαντίῳ

162 3861 507 3920 ἐπέστειλεν.

228 3970 434 4039 ’Δζίου
503 3963 564 4022 δὲ
618 3969 719 4021 τοῦ
789 3964 1094 4042 Αἰγυπτίου
1173 3965 1429 4039 μανέντος
1500 3965 1589 4021 καὶ
1638 3963 1814 4022 πολλᾶ

2003 3969 2136 4026 Vita
2183 3969 2436 4043 turpiter
2493 3970 2768 4026 defuncto
2828 3968 2962 4025 Azio
3017 3967 3304 4042 Egyptio,
3363 3968 3464 4041 qui
3517 3967 3581 4026 in

160 4060 301 4115 xxxi
352 4057 437 4119 εἷς
487 4054 841 4131 Χριστιανοὺς
901 4051 1309 4129 ἐνδειξαμένου,
1362 4056 1814 4132 καταστρέψαντος

1934 4059 2301 4116 Christianos
2348 4058 2616 4116 saevierat
2660 4058 3063 4132 templumque
3112 4056 3346 4116 Christo
3388 4058 3590 4116 Hiero-

164 4146 222 4203 Ξὲ
275 4148 370 4203 καὶ
431 4146 523 4201 τὸν
584 4144 638 4201 ἐν
669 4141 1075 4221 Ἰεροσολύμοις
1134 4144 1261 4199 ναὸν
1318 4147 1414 4199 τοῦ
1474 4143 1679 4220 Κυρίου
1736 4143 1814 4200 καῖ

1936 4147 2182 4220 solymis
2211 4148 2548 4204 dedicatum
2596 4151 2899 4217 everterat,
2932 4146 3093 4204 ﬁlius
3139 4147 3269 4219 ejus
3317 4151 3496 4204 natus
3523 4164 3595 4204 ex

168 4242 440 4311 Σωτῆρος
521 4234 684 4306 ἡμῶν
763 4234 947 4299 Ἰησοῦ
1017 4232 1275 4305 Χριστοῦ,
1355 4230 1471 4286 εἶτα
1516 4233 1607 4286 καὶ
1666 4230 1814 4287 αὖτοῐ

1939 4237 2195 4309 quadam
2255 4237 2540 4307 Romana,
2600 4237 2833 4310 captiva
2890 4237 3045 4309 ejus,
3102 4234 3594 4294 instaurationem

170 4324 433 4401 αῗεχιστα
494 4318 900 4384 καταλύσαντος
970 4320 1072 4389 τήν
1137 4321 1306 4391 ζωὴν,
1380 4320 1408 4374 6
1467 4320 1583 4383 υἱὸς
1641 4319 1807 4377 αὐτοῦ

1939 4323 2179 4381 liberam
2210 4325 2365 4382 fecit.
2415 4326 2501 4382 Ad
2535 4342 2662 4382 eam
2695 4341 2811 4382 rem
2852 4342 2993 4382 suas
3025 4323 3189 4381 misit
3231 4325 3596 4398 imperator:

168 4414 274 4469 ἀπό
335 4432 495 4475 τινος
560 4409 837 4484 Ῥωμαίας
892 4409 1149 4486 γυναικὸς
1196 4407 1562 4485 αῗχμαλώτου
1616 4409 1814 4487 τεχθεὶς

1937 4414 2039 4470 sed
2071 4429 2139 4471 eo
2172 4420 2359 4472 morte
2407 4419 2698 4488 prevento
2747 4429 3057 4472 successor
3085 4414 3413 4472 Michaelus
3451 4431 3603 4489 opus

170 4503 337 4576 αὐτῷ,
369 4502 637 4576 ἐπέτρεψε
662 4481 776 4562 τοῖς
811 4481 1174 4575 βουλομένοις
1205 4481 1522 4572 οἰκοδομεῖν
1557 4501 1648 4554 τὸν
1681 4481 1847 4571 ναὸν,
1877 4481 1924 4547 D
1955 4503 2222 4560 absolvit,

164 4592 223 4646 δν
250 4587 588 4649 ἀποστείλας
608 4588 637 4643 6
658 4585 911 4662 βασιλεὺς
942 4584 1256 4662 φιλοτίμως
1288 4585 1656 4662 οἰκοδομῆσαι
1694 4586 1981 4666 ἠπείγετο.
2014 4589 2192 4648 Ἀλλὰ
2221 4592 2423 4670 φθάσαν
2455 4592 2518 4648 τὸ
2547 4592 2726 4669 χρεὼν
2757 4589 3052 4663 ἐνεπόδισε,
3083 4590 3174 4647 καὶ
3205 4592 3234 4646 6
3286 4597 3400 4666 μετ’
3441 4590 3602 4648 αὐτὸν

176 4677 421 4756 Μιχαὴλ
453 4674 822 4749 ἰκπληρωτής
852 4678 950 4731 τοῦ
980 4672 1139 4754 ἔργου
1171 4673 1398 4752 ἐγένετο.

246 4787 351 4842 Καὶ
386 4786 421 4840 6
453 4785 753 4860 μάγιστρος
773 4780 832 4837 δὲ
860 4782 1169 4854 Βασίλειος,
1192 4784 1220 4838 6
1246 4782 1329 4840 ἐπ’
1350 4780 1559 4863 ἀδελφῇ
1587 4779 1837 4861 γαμϐρὸς

176 4881 274 4931 τοῦ
306 4872 609 4952 βασιλέως,
639 4876 669 4927 6
700 4869 978 4948 Σκληρὸς,
1028 4873 1174 4949 παρὰ
1221 4873 1635 4930 Κωνσταντίνου
1682 4872 1841 4929 ἐκτυ-

2022 4789 2195 4845 Porro
2226 4789 2481 4846 Basilius
2510 4788 2727 4856 Durus,
2759 4788 2979 4845 sororis
3017 4786 3393 4860 imperatoris
3421 4785 3606 4843 mari-

1949 4877 2069 4943 tus,
2102 4893 2136 4931 a
2164 4875 2549 4932 Constantino
2573 4875 2725 4932 ωε
2747 4873 2935 4930 oculis
2958 4874 3243 4947 privatus,
3267 4887 3605 4945 quanquam

180 4965 447 5040 ῖρλωθεῖς,
480 4959 708 5017 ἄστατον
742 4960 973 5036 γνώμην
1024 4956 1168 5039 ἔχων
1216 4962 1308 5018 καὶ
1355 4961 1841 5039 ἀλλοπρόσαλλον,

183 5054 231 5109 εἰ
286 5053 382 5110 καὶ
448 5051 748 5126 μάγιστρος
797 5048 1084 5125 ἐτετίμητο
1121 5053 1209 5108 καὶ
1242 5050 1468 5108 πολλῶν
1524 5051 1839 5129 εὐεργεσιῶν

183 5144 392 5216 ἠξίωτο
424 5141 574 5217 παρά
616 5143 716 5195 τοῦ
763 5140 1069 5213 Ῥωμανοῦ,
1111 5139 1264 5215 ὅμως
1309 5135 1609 5211 ἐπιϐουλὴν
1643 5139 1845 5215 μελετᾷ

179 5240 296 5289 κατ’
354 5230 549 5287 αὐτοῦ.
608 5225 792 5286 Ἀλλὰ
821 5229 1092 5306 φωραθεὶς
1117 5236 1219 5299 τῆς
1263 5227 1482 5292 πόλεως
1514 5224 1843 5286 ἐκϐάλλεται

182 5322 275 5377 :‘n
428 5317 668 5396 γυναικί·
1704 5328 1711 5335 “

260 5408 580 5469 ’ΔπέστειΑε
659 5405 717 5466 δὶ
792 5410 881 5466 καὶ
941 5408 991 5482 ἐξ
1040 5404 1299 5480 Ἐδέσσης
1351 5409 1379 5464 6
1426 5408 1712 5480 Μανιάκης
1768 5412 1847 5482 τῷ

188 5498 416 5576 βασιλεῖ
450 5496 723 5553 ἐνιαύσιον
784 5496 972 5575 φόρον,
1032 5494 1226 5575 λίτρας
1282 5498 1638 5569 πεντήκοντα.
1693 5497 1790 5553 Καὶ
1817 5499 1846 5554 6

178 5595 286 5660 τῆς
338 5584 674 5662 Τριπόλεως
727 5582 785 5641 δὲ
826 5585 1044 5662 ἀμηρᾶς
1105 5587 1133 5643 6
1193 5586 1496 5663 Πινζαρᾶχ,
1553 5586 1846 5663 κατισχυό-

184 5697 355 5754 μενος
420 5675 575 5755 παρὰ
626 5678 734 5732 τῶν
793 5673 1107 5755 Αἰγυπτίων
1135 5722 1149 5750 ,
1210 5675 1379 5757 φυγὰς
1429 5677 1527 5748 τήν
1592 5673 1850 5755 βασιλίδα

517 5804 784 5869 Paeon.
832 5805 944 5869 Gs.
994 5804 1237 5869 CXXII.

1950 4968 2009 5019 et
2038 4964 2304 5038 magistri
2337 4965 2559 5020 honore
2579 4968 2637 5019 et
2666 4962 2871 5019 multis
2894 4980 2928 5018 a
2951 4967 3214 5018 Romano
3244 4962 3487 5018 aﬁectus
3506 4961 3609 5017 be-

1952 5053 2201 5121 neﬁciis,
2232 5060 2431 5110 tamen
2479 5053 2655 5110 homo
2704 5052 3061 5108 inconstanti
3112 5051 3310 5107 animo
3360 5049 3612 5107 insidias

1952 5142 2291 5216 imperatori
2340 5144 2588 5213 struxit;
2644 5141 2861 5215 quibus
2901 5140 3283 5214 deprehensis
3330 5140 3477 5196 urbe
3518 5141 3612 5195 est

1953 5248 2081 5290 cum
2108 5250 2284 5290 uxore
2312 5235 2557 5305 ejectus.

2026 5411 2107 5467 Ab
2137 5411 2356 5467 Edessa
2403 5409 2697 5466 Maniaces
2743 5407 3085 5481 imperatori
3131 5424 3235 5479 pro
3287 5422 3485 5462 annuo
3513 5404 3615 5462 tri-

1955 5501 2097 5557 buto
2154 5498 2318 5554 misit
2375 5498 2806 5571 quinquaginta
2852 5496 3056 5553 libras.
3108 5496 3174 5552 Et
3220 5494 3616 5552 Pinzaracbus

1956 5586 2207 5659 Tripolis
2239 5602 2490 5659 ameras,
2534 5587 2932 5660 Egyptiorum
2979 5585 3097 5641 vim
3144 5602 3261 5641 non
3294 5585 3619 5658 perferens,

1956 5676 2164 5753 Cpolin
2219 5676 2500 5753 profugit.
2558 5676 2744 5743 Quem
2788 5674 3114 5752 imperator
3162 5689 3299 5733 eum
3352 5672 3619 5732 maxime

3257 5801 3298 5864 8
