4038 6334
486 410 603 469 235

1816 403 2132 465 GEORGII
2183 404 2520 465 CEDRENI

3775 396 3895 456 236

475 538 753 609 exercitu,
785 538 984 594 addito
1014 536 1342 592 sodalitatis
1365 537 1513 592 duce
1541 536 1895 602 Theoctisto,
1929 536 1986 591 in
2020 537 2122 608 Sy—

2248 530 2553 591 ιιατέλαϐεψ
2614 537 2671 591 ὅν
2732 538 2759 593 6
2795 533 3049 611 βασιλεὺς
3099 530 3265 590 πάλιν
3326 531 3460 606 μετᾶ
3506 528 3771 599 πλειστης
3800 525 3894 581 δυο

476 629 623 684 riam
658 628 838 684 misit.
886 627 1094 682 Emisit
1122 627 1301 683 etiam
1355 626 1557 699 Abydo
1590 642 1722 681 cum
1769 626 1955 681 classe
1987 642 2123 697 pro-

474 718 908 790 tospatharium
967 718 1252 772 Tecneam
1314 717 1372 770 in
1424 717 1758 788 ngyptum,
1812 716 1921 772 Nili
1973 714 2125 771 ostia

475 810 785 880 ipsamque
833 806 1246 861 Alexandriam
1300 822 1401 878 per
1431 806 1798 860 occasionem
1848 804 2125 859 infestare

465 898 728 967 jussum.
779 896 883 960 Qui
918 912 1052 951 cum
1101 896 1392 951 tenuisset
1443 911 1680 950 cursum
1717 899 1772 949 et
1815 894 1885 948 ad
1935 895 2123 965 ipsam

478 984 891 1042 Alexandriam
923 984 1154 1040 delatus
1202 988 1377 1051 esset,
1411 983 1683 1055 plurimis
1730 983 1991 1038 hostium
2024 999 2125 1037 na-

475 1074 645 1131 vibus
677 1074 991 1147 praedaque
1021 1074 1279 1129 maxima
1300 1074 1517 1144 potitus
1542 1074 1781 1127 domum
1814 1070 2126 1126 incolumis

476 1163 670 1220 rediit.
703 1162 1023 1219 Castellum
1077 1179 1327 1234 quoque,
1361 1161 1453 1216 cui
1491 1177 1702 1216 nomen
1735 1160 1988 1224 Percrin,
2018 1160 2124 1213 Ba-

476 1254 675 1327 byloni
708 1254 1064 1326 proximum,
1111 1252 1337 1307 Alimus
1380 1251 1705 1305 Saracenus
1737 1250 1787 1304 ei
1820 1250 2126 1320 praefectus

477 1344 741 1400 Romano
771 1341 1109 1415 imperatori
1135 1341 1313 1409 dedit,
1346 1340 1651 1411 filiumque
1682 1355 1853 1394 suum
1887 1339 1956 1392 ad
1991 1354 2124 1392 eum

478 1434 661 1501 misit,
717 1448 962 1504 sperans
1019 1446 1079 1486 se
1139 1428 1439 1502 patriciam
1498 1427 1843 1500 dignitatem
1896 1426 2127 1497 aliaque

478 1522 719 1595 praemia
748 1524 1203 1594 reportaturum.
1257 1522 1335 1573 Ac
1360 1517 1661 1573 castellum
1711 1516 1945 1586 quidem
1979 1515 2123 1569 illud

477 1615 535 1669 in
568 1629 738 1669 suam
766 1614 1109 1683 potestatem
1135 1608 1359 1680 accepit
1386 1606 1665 1679 patricius
1690 1605 1966 1663 Nieolaus
1995 1605 2127 1659 Bul-

478 1718 675 1775 garus,
736 1704 1119 1773 cognomento
1178 1696 1529 1770 Chryselius.
1579 1696 1691 1751 Sed
1746 1694 1918 1749 Alimi
1969 1695 2127 1751 filius

478 1808 611 1848 cum
670 1791 925 1846 venisset
982 1787 1323 1861 Byzantium
1403 1784 1684 1855 nullaque
1740 1785 1869 1855 ejus
1930 1783 2129 1839 habita

464 1874 636 1940 'esset
675 1881 843 1946 ratio,
874 1883 1223 1952 imperatore
1253 1883 1394 1934 tunc
1442 1876 1840 1933 invaletudine
1872 1878 2123 1944 detento,

478 1975 662 2029 iratus
691 1972 927 2027 domum
965 1969 1151 2040 rediit,
1204 1968 1474 2041 patrique
1507 1970 1571 2021 ut
1619 1983 1789 2022 suum
1821 1965 2125 2022 castellum

480 2077 826 2135 recuperare
855 2060 1141 2115 niteretur
1191 2058 1505 2130 persuasit.
1541 2057 1693 2113 503
1728 2056 1872 2127 Ergo
1899 2055 2128 2111 Alimus

482 2171 542 2209 re
573 2168 705 2208 cum
736 2149 948 2205 vicinis
978 2149 1170 2203 Persis
1193 2145 1418 2202 occulte
1443 2146 1767 2217 composita
1797 2148 1967 2199 noctu
2003 2162 2129 2200 cas-

484 2242 687 2297 tellum
721 2238 1117 2309 occupavit,et
1138 2253 1238 2290 sex
1256 2235 1844 2290 milliaRomanorum
1878 2234 2129 2290 militum

484 2330 812 2395 interfecit;
862 2326 1015 2398 quod
1050 2326 1261 2380 accidit
1293 2324 1463 2396 culpa
1494 2329 1667 2395 atque
1700 2324 1927 2379 incuria
1956 2324 2131 2397 Chry-

483 2418 633 2487 selii,
667 2416 921 2489 praesidii
953 2415 1257 2487 principis.
1313 2414 1423 2468 Sed
1458 2414 1630 2485 paulo
1661 2417 1793 2485 post
1825 2430 1891 2468 eo
1922 2420 2132 2484 prmtor

483 2509 705 2565 missus
735 2507 1015 2580 patricius
1059 2506 1258 2562 Niceta
1309 2504 1607 2577 Pegonites
1637 2520 1769 2558 cum
1805 2505 2043 2559 Rossico
2076 2508 2131 2558 et

486 2600 747 2654 Romano
790 2597 1042 2652 exercitu
1076 2594 1381 2650 castellum
1416 2594 1557 2648 illud
1595 2593 1897 2648 obsidione
1928 2592 2126 2660 cinxit,

486 2692 939 2757 constanterque
983 2685 1381 2756 oppugnando
1430 2684 1602 2756 cepit,
1639 2682 2019 2753 Alimumque
2075 2686 2130 2737 et

485 2778 612 2847 ejus
646 2776 830 2830 filium
863 2775 1107 2829 necavit.

2237 623 2451 696 νάμειυς
2514 624 2605 679 σὺν
2664 630 2743 697 τῷ
2792 625 3142 699 ἐταιρειάρχῃ
3198 620 3501 693 Θεοκτίστῳ
3558 618 3633 680 εἷς
3693 616 3894 691 Συρίαν

2235 712 2579 789 ἐκπέπομφεν
2618 760 2630 772 .
2704 715 3005 788 Ἐξὲπεμψε
3084 712 3140 768 δὲ
3196 711 3283 767 καὶ
3348 711 3481 784 μετᾶ
3538 708 3741 764 στόλου
3797 706 3890 761 τὸν

2234 805 2724 879 πρωτοσπαθάριον
2783 802 3008 859 Τεκνὲαν
3066 803 3155 858 τὸν
3211 800 3263 872 ἐξ
3318 796 3550 858 Ἀϐύδου
3606 798 3682 860 εἷς
3714 794 3892 871 A3370-

2234 914 2385 964 πτον,
2420 898 2497 964 [1).
2532 896 2660 967 732]
2691 893 2758 948 τά
2808 897 2904 948 τοῦ
2961 890 3163 949 Νείλου
3216 892 3479 963 στόματα,
3538 890 3645 958 ὃπη
3698 884 3891 960 παρεί-

2234 1003 2341 1051 κοι,
2390 982 2727 1051 κακώσοντα,
2777 981 2865 1036 καὶ
2917 980 3084 1050 αὐτὴν
3146 976 3572 1055 Ἀλεξάνδρειαν·
3628 975 3685 1040 ὅς
3737 975 3892 1030 εὐθυ·

2235 1069 2485 1141 πλογςσας
2560 1070 2646 1125 καὶ
2726 1070 2923 1146 μέχρις
2999 1069 3167 1135 αὐτῆς
3230 1067 3427 1131 ἐλάσας
3483 1062 3894 1139 Ἀλεξανδρείας

2235 1161 2408 1215 πλοῖά
2464 1180 2522 1215 τε
2552 1159 2906 1233 πάμπλειστα
2948 1157 3283 1234 ἐχειρώσατο
3333 1156 3423 1211 καὶ
3455 1155 3599 1212 λείαν
3632 1153 3715 1210 ὅτι
3749 1152 3898 1209 πολ-

2239 1250 2340 1318 λήν
2421 1244 2855 1323 περιϐαλόμενος
2930 1248 3253 1323 ὑπέστρεψεν
3320 1246 3534 1316 ἀσινης.
3604 1240 3898 1317 Παρὲδωκε

2237 1337 2293 1393 δὲ
2338 1338 2426 1393 καὶ
2478 1338 2539 1392 τὸ
2571 1338 2829 1413 φρούριον
2860 1338 2922 1393 τὸ
2954 1338 3254 1413 λεγόμενον
3288 1334 3523 1411 Περκρὶν
3566 1335 3595 1389 6
3642 1334 3897 1407 κατὲχων

2236 1427 2364 1482 αὐτὸ
2427 1428 2737 1502 Σαρακηνὸς
2783 1425 3000 1501 ’Λλεὶμ,
3055 1426 3271 1501 ἓγγιστα
3314 1419 3638 1485 Βαϐυλῶνος
3687 1419 3896 1477 διακείσ-

2240 1538 2420 1590 μενον,
2480 1521 2558 1588 τῷ
2615 1516 2827 1592 βασιλεῖ
2885 1515 3195 1590 Ῥωμαίων,
3249 1512 3473 1577 ἐλπίσας
3527 1510 3895 1588 πατρικιότη-

2234 1607 2327 1668 τός
2357 1627 2415 1661 τε
2456 1607 2541 1661 καὶ
2597 1604 2869 1661 πλείστων
2918 1603 3105 1661 ἄλλων
3166 1599 3413 1679 ἀμοιῦῶν
3449 1603 3769 1674 ἀξιωθῆναι,
3804 1598 3897 1655 διὰ

2234 1702 2331 1750 τοῦ
2387 1698 2505 1750 υἱοῦ
2562 1696 2728 1750 αὑτοῦ
2782 1696 2883 1763 τὴν
2935 1695 3073 1771 πρὸς
3129 1694 3221 1749 τὸν
3257 1691 3484 1770 βασιλέα
3514 1692 3897 1764 ποιησάμενος

2237 1783 2483 1855 ἔντευξιν.
2532 1782 2631 1839 Καί
2678 1785 2739 1839 τὸ
2771 1783 3029 1860 φρούριον
3086 1784 3180 1858 μὲν
3232 1780 3557 1858 παρειλήφει
3620 1781 3647 1835 6
3692 1777 3899 1854 1tan-

2237 1895 2354 1936 κιος
2384 1871 2655 1935 Νικόλαος
2709 1874 2736 1928 6
2773 1872 3109 1949 Βούλγαρος,
3145 1874 3190 1945 ᾧ
3240 1870 3553 1947 Χρυσήλιος
3583 1870 3646 1924 τὸ
3678 1867 3899 1923 ἐπώνυ-

2243 1984 2366 2037 μον,
2419 1964 2446 2017 6
2492 1960 2549 2017 δὲ
2577 1967 2673 2017 τοῦ
2726 1966 3047 2037 Σαρακηνοῦ
3096 1962 3213 2023 υἱὸς
3264 1956 3519 2016 εἰσελθὼν
3571 1957 3624 2014 ἐν
3678 1962 3761 2030 τῷ
3793 1964 3899 2012 Βυ-

2243 2051 2434 2124 ζαντίῳ
2483 2051 2572 2106 καὶ
2606 2049 2694 2106 διὰ
2735 2052 2797 2107 τὸ
2829 2052 2918 2105 τὸν
2958 2051 3185 2127 βασιλέα
3242 2050 3557 2125 συνέχεσθαι
3607 2046 3901 2125 ἀριἱωστήο

2245 2162 2370 2214 ματι
2423 2138 2693 2214 μηδεμιᾶς
2748 2142 2935 2216 τυχὼν
2981 2139 3314 2218 ἐπιστροφῆς
3371 2139 3459 2193 καὶ
3522 2138 3656 2211 μετᾶ
3718 2134 3900 2210 θυμοῦ

2244 2232 2581 2305 ὑποστρέψας
2656 2231 2896 2285 ἀνέπεισε
2965 2228 3058 2284 τὸν
3117 2231 3449 2304 γεννήσαντα
3508 2221 3897 2282 ἀντιλαϐέσθαι

2238 2323 2333 2373 τοῦ
2385 2319 2587 2374 ο”κείου
2620 2320 2905 2397 φρουρίου,
2964 2319 3109 2380 ὅστις
3142 2316 3315 2393 λάθρα
3342 2322 3462 2378 τοῖς
3494 2316 3724 2389 ὁμόροις
3758 2316 3901 2386 Ilip-

2240 2430 2357 2471 σαις
2402 2410 2841 2483 κοινοπραγῆσας
2885 2407 3073 2469 νυκτός
3104 2429 3161 2462 τε
3198 2408 3260 2461 τὸ
3310 2405 3567 2484 φρούριον
3620 2402 3903 2479 ἀπὲκλεψε

2240 2498 2327 2552 καὶ
2410 2494 2815 2572 ἑξακισχιλίους
2900 2494 3095 2571 ἄνδρας
3180 2495 3490 2569 Ῥωμαίους
3553 2491 3901 2565 πολεμιστὰς

2240 2586 2512 2641 ἀπέκτεινε
2594 2587 2839 2662 ῥαστώνῃ
2912 2587 3001 2640 καὶ
3081 2584 3311 2657 ἀμελείᾳ
3393 2588 3489 2638 τοῦ
3562 2578 3904 2657 κατέχοντος

2238 2680 2333 2730 τοῦ
2399 2675 2738 2751 Χρυσηλίου.
2818 2674 2990 2732 Ἀλλὰ
3061 2675 3194 2747 μετᾶ
3256 2674 3451 2747 μικρὸν
3512 2674 3539 2726 6
3609 2671 3898 2745 πατρίκιος

2238 2766 2483 2835 Νικήτας
2546 2765 2572 2818 6
2629 2763 2938 2839 Πηγονίτης
2996 2766 3107 2836 (90)
3166 2760 3355 2838 ἄρχειν
3402 2761 3570 2815 ἐκεῖσε
3627 2760 3899 2832 πεμφθεῗς

486 2866 574 2919 xei
608 2862 856 2937 ἐπιμόνῳ
895 2861 1238 2937 χρησάμενος
1277 2857 1572 2935 πολιορκίᾳ
1607 2860 1739 2933 μετᾶ
1769 2858 1905 2919 Ῥὼς
1954 2858 2041 2912 καὶ
2074 2854 2277 2924 λοιπῆς
2309 2852 2487 2924 ἄλλης
2529 2855 2840 2927 Ῥωμαϊκῆς
2886 2850 3190 2926 δυνάμεως,
3238 2852 3301 2907 τό
3344 2873 3404 2907 τε
3452 2849 3711 2926 φρούριον
3760 2848 3907 2903 κατᾶ

485 2954 683 3029 κράτος
717 2950 826 3007 εἷλε
856 2949 1150 3026 πολιορκίᾳ
1178 2950 1266 3004 καὶ
1300 2950 1391 3003 τὸν
1425 2947 1623 3022 Ἀλεὶμ
1654 2948 1744 3002 σὺν
1774 2953 1851 3019 τῷ
1882 2949 1982 3020 υἱῳ
2014 2945 2309 3000 ἀπέκτεινε.

559 3045 681 3102 Sub
713 3045 867 3100 idem
896 3048 1129 3114 tempus
1186 3041 1344 3107 Alda,
1377 3041 1605 3113 Georgii
1641 3041 2007 3113 Abasgorum
2042 3054 2133 3093 re-

484 3135 606 3209 guli
639 3135 934 3207 quondam
970 3149 1131 3199 uxor,
1158 3136 1328 3205 gente
1358 3130 1557 3199 Alana,
1579 3130 1915 3203 imperatori
1950 3144 2011 3185 se
2039 3129 2135 3183 ad-

478 3226 713 3297 junxit;
762 3222 1124 3293 tradiditque
1172 3220 1529 3291 Anacuphen
1580 3236 1770 3275 arcem
1806 3218 2132 3274 munitissi-

486 3330 661 3370 mam.
694 3313 875 3384 Cujus
920 3310 1099 3365 filium
1155 3308 1504 3365 Demetrium
1557 3308 1821 3378 magistri
1850 3307 2133 3380 dignitate

2313 3050 2447 3106 Τότε
2506 3048 2572 3121 δὴ
2649 3051 2738 3104 καὶ
2802 3047 2976 3118 Ἀλδή
3048 3052 3083 3119 ἡ
3146 3049 3419 3125 Γεωργίου
3473 3051 3569 3102 τοῦ
3624 3040 3905 3123 Ἀϐασγοῦ

2240 3142 2374 3216 γυνὴ
2428 3144 2523 3195 τοῦ
2576 3140 2763 3213 γένους
2824 3136 2955 3193 οὖσα
3008 3142 3113 3193 τῶν
3170 3136 3438 3206 Ἀλανῶν,
3474 3134 3782 3212 προσερῥῦη
3825 3139 3909 3206 τῷ

2247 3228 2482 3305 βασιλεῖ,
2534 3226 2847 3304 παραδοῦσα
2887 3227 2975 3282 καὶ
3008 3229 3068 3283 τὸ
3121 3224 3467 3303 ὀχυρώτατον
3507 3224 3767 3302 φρούριον
3795 3224 3902 3293 τήν

2244 3320 2605 3397 Ἀνακουφῆνο
2666 3317 2733 3386 ἦς
2786 3318 2878 3373 τὸν
2943 3317 3061 3371 υἱὸν
3109 3317 3427 3389 Δημήτριον
3471 3315 3499 3370 6
3534 3312 3788 3389 βασιλεὺς
3819 3317 3905 3385 τῷ

488 3403 718 3459 ornavit
746 3403 1086 3473 imperator.
1113 3398 1283 3454 Aliud
1318 3414 1552 3470 quoque
1582 3398 1651 3453 de
1684 3398 1989 3453 Saracenis
2020 3402 2131 3452 tro-

2248 3413 2352 3463 τῶν
2426 3408 2740 3485 μαγίστρων
2802 3405 3088 3481 τετίμηκεν
3170 3406 3459 3477 ἀξιώματι.
3536 3404 3766 3471 Ἔστησε
3845 3400 3907 3457 δὲ

490 3509 680 3564 pssum
712 3490 916 3547 statuit
943 3490 1303 3546 Carantenus
1354 3485 1672 3559 praedatum
1706 3487 1977 3560 egressis,
2008 3486 2134 3540 vin-

491 3589 735 3654 ctosque
758 3580 866 3635 600
892 3580 961 3634 ad
996 3578 1407 3651 imperatorem
1437 3578 1619 3632 misit.

570 3771 685 3827 Hoc
715 3769 843 3841 ipso
878 3767 1081 3823 mundi
1122 3766 1264 3821 0542
1294 3783 1467 3833 anno,
1502 3765 1593 3821 die
1635 3765 1861 3821 decima
1892 3765 2143 3837 septima

504 3859 823 3930 Februarii,
854 3862 1219 3913 terraemotus
1250 3854 1429 3927 Syria:
1461 3856 1633 3910 urbes
1664 3856 1891 3911 afflixit.
1927 3856 2141 3911 Oresta:

505 3968 673 4023 porro
705 3950 1049 4020 abrogatum
1078 3946 1390 4017 imperium
1424 3945 1908 4016 pedestribusque
1941 3946 2141 4016 praele-

493 4044 624 4096 ctus
653 4036 838 4110 copiis
858 4036 967 4091 Leo
987 4034 1238 4106 Opus,ct
1268 4033 1327 4088 in
1361 4032 1583 4087 Italiam
1620 4032 1868 4099 missus;
1894 4036 2141 4090 classem

496 4131 707 4185 ducere
732 4129 941 4199 jussus
969 4128 1247 4188 Joannes,
1273 4139 1427 4177 unus
1450 4122 1520 4176 de
1546 4122 1921 4177 cubiculariis
1947 4123 2144 4179 Basilii

494 4215 889 4290 imperatoris.
909 4214 1053 4269 Cum
1086 4211 1321 4267 locusta:
1343 4210 1684 4281 aliquandiu
1717 4211 2039 4267 Orientales
2061 4230 2147 4270 es-

492 4313 625 4364 sent
655 4306 902 4377 depasta:
936 4300 1284 4373 provincias,
1319 4299 1498 4353 coacti
1532 4306 1669 4354 sunt
1700 4300 1899 4356 incola:
1931 4301 2144 4358 liberos

492 4415 634 4453 suos
672 4393 980 4452 divendcre
1031 4396 1087 4446 et
1119 4390 1176 4443 in
1228 4388 1537 4443 Thraciam
1593 4389 1882 4461 migrare;
1930 4392 2145 4461 quibus

494 4490 813 4559 imperator
834 4487 999 4537 terna
1029 4479 1087 4534 in
1107 4478 1371 4550 singulos
1391 4477 1743 4533 nomismata
1763 4478 2010 4550 largitus
2032 4485 2140 4548 est,

496 4582 553 4632 et
596 4586 837 4630 domum
889 4569 1077 4625 redire
1127 4568 1329 4639 jussit.
1383 4568 1537 4623 δοκι
1595 4568 1829 4622 Interim
1884 4568 2142 4624 locustas

497 4669 705 4722 ventus
735 4661 1050 4717 vehemens
1081 4656 1365 4728 corripuit
1385 4657 1561 4727 inque
1583 4656 2021 4728 Hellespontum
2047 4659 2143 4713 ab-

487 4755 653 4826 jecit,
688 4751 786 4807 ubi
811 4750 867 4804 in
899 4748 1066 4803 littus
1095 4747 1286 4817 ejecta:
1316 4762 1551 4801 arenam
1586 4752 1959 4816 operuerunt.
1997 4748 2139 4801 Refi-

494 4846 573 4899 cit
614 4842 708 4898 hic
757 4840 1073 4911 imperator
1130 4836 1306 4891 etiam
1356 4835 1757 4905 aquaeductus,
1810 4836 2023 4906 quibus
2081 4835 2140 4891 in

495 4933 700 4989 urbem
728 4946 877 5001 aqua
899 4925 1226 4994 deducitur,
1252 4933 1308 4980 et
1331 4925 1401 4979 iis
1428 4924 1703 4995 imposita
1724 4925 1980 4995 castella,
2004 4926 2138 4981 item

495 5021 721 5079 alendis
773 5018 1003 5091 aegrotis
1054 5021 1110 5070 et
1159 5014 1398 5087 pupillis
1446 5014 1768 5069 destinatas
1820 5015 2046 5080 domos,
2088 5020 2144 5071 et

495 5108 780 5183 quidquid
814 5110 1145 5162 terrazmotu
1180 5105 1382 5159 lmsum
1414 5102 1624 5157 fuerat.
1651 5104 1710 5156 In
1747 5121 2001 5171 summa,
2028 5122 2143 5162 om-

494 5200 671 5255 nibus
702 5196 875 5252 bonis
892 5195 1167 5267 operibus
1198 5192 1483 5247 incubuit.
1512 5191 1748 5247 Interim
1772 5193 1963 5247 n'orbo
1987 5192 2142 5249 lento

495 5290 799 5360 correptus
830 5290 938 5352 est,
987 5281 1195 5355 capitis
1243 5286 1300 5337 et
1328 5280 1519 5336 barba:
1551 5280 1685 5352 pilis
1725 5282 2138 5353 deﬂuentibus,

2246 3496 2410 3552 πάλιν
2470 3497 2605 3552 κατὰ
2659 3500 2764 3551 τῶν
2827 3502 3158 3572 Σαρακηνῶν
3215 3493 3474 3569 τρόπαιον
3529 3493 3556 3547 6
3610 3498 3903 3565 Καραντη-

2246 3587 2357 3653 νὸς,
2392 3583 2715 3657 ἐξελθόντων
2749 3584 2835 3639 ἐπὶ
2869 3584 3155 3655 λεηλασίᾳ,
3189 3582 3277 3637 καὶ
3310 3580 3566 3656 δεσμίους
3590 3578 3904 3654 ἑξακοσίους

2248 3680 2326 3747 τῷ
2380 3672 2593 3749 βασιλεῖ
2621 3672 2759 3729 πὲπο
2769 3694 2895 3751 μφε.

2320 3772 2513 3845 Τοᾶτῳ
2560 3777 2638 3843 τῷ
2676 3772 2873 3848 ,ςφμβ”
2929 3766 3078 3840 ἔτει,
3143 3770 3205 3839 ιζ’
3266 3762 3641 3843 Φεϐρουαρίου
3697 3766 3902 3839 μηνὸς,

2251 3866 2475 3935 σεισμοῦ
2532 3862 2819 3936 γεγονότος
2876 3863 3057 3921 κακῶς
3114 3856 3307 3921 ἔπαθον
3376 3858 3431 3911 αἱ
3491 3856 3541 3911 ἐν
3594 3854 3759 3930 Συρία
3790 3856 3903 3909 πό-

2252 3950 2387 4013 λεις.
2441 3950 2537 4004 Καὶ
2568 3954 2663 4003 τοῦ
2696 3949 2950 4025 Ὀρέστου
2999 3947 3057 4002 δὲ
3104 3945 3509 4023 παραλυθέντος
3563 3952 3662 4014 τῆς
3720 3945 3905 4019 ἀρχῆς

2252 4041 2399 4094 Λέων
2459 4040 2554 4111 μὲν
2604 4039 2631 4092 6
2692 4037 2987 4112 λεγόμενος
3017 4042 3188 4098 Ὦπος
3244 4039 3341 4089 τοῦ
3398 4037 3619 4103 πεζικοῦ
3664 4038 3901 4107 στρατοῦ

2251 4129 2543 4203 κατάρχειν
2603 4126 2936 4200 ἐκπέμπεααι
2993 4126 3046 4181 ἐν
3105 4122 3329 4195 Ἰταλίᾳ,
3377 4128 3474 4178 τοῦ
3531 4121 3587 4177 δὲ
3633 4121 3899 4193 πλωίμου

2254 4218 2531 4287 Ἰωάννης,
2588 4219 2664 4277 εἷς
2731 4214 2802 4269 ὢν
2845 4220 2953 4270 τῶν
3009 4212 3425 4287 θαλαμηπόλων
3489 4208 3767 4269 Βασιλείου
3798 4215 3902 4265 τοῦ

2257 4306 2543 4382 βασιλέως.
2576 4312 2683 4374 Τῆς
2715 4303 2772 4359 δὲ
2830 4301 3047 4378 ἀκρίδος
3103 4304 3188 4358 ἐπὶ
3220 4300 3394 4357 πολὺν
3436 4301 3631 4377 χρόνον
3658 4300 3724 4355 τὰ
3754 4301 3905 4372 Ἐῷα

2253 4394 2667 4472 διαφθειρούσης
2750 4395 2957 4467 θέματα
3041 4393 3458 4466 ἡναγκάσθησαν
3543 4391 3594 4444 οἱ
3682 4386 3902 4444 ἔποικοι

2250 4484 2457 4540 τούτων
2508 4484 2597 4538 καὶ
2648 4483 2712 4538 τὰ
2764 4483 2923 4537 τέκνα
2978 4480 3232 4548 πωλῆσαι
3275 4479 3363 4534 καὶ
3404 4477 3457 4533 ἐν
3513 4479 3690 4554 Θρᾴκῃ
3734 4479 3904 4533 ἀποι-

2251 4576 2521 4642 κισθῆναι·
2580 4576 2663 4634 οἷς
2722 4572 2822 4626 ἀνὰ
2858 4572 2979 4644 τρία
3024 4571 3337 4643 νομίσματα
3396 4565 3577 4629 διδοὺς
3630 4570 3826 4621 ἅπασιν
3874 4568 3904 4621 6

2255 4662 2506 4737 βασιλεὺς
2569 4662 2922 4736 ὑποστρέφειν
2981 4657 3163 4714 οἷ’καδε
3220 4657 3649 4734 παρεσκεύασεν,
3699 4655 3804 4717 ἓως
3864 4658 3902 4725 ἡ

2249 4752 2401 4827 ἀκρίς
2436 4752 2620 4823 ἀνέμῳ
2665 4752 2885 4827 ἀρθεῖσα
2921 4751 3083 4825 βιαίῳ
3115 4749 3191 4810 εἷς
3238 4748 3300 4802 τὸ
3352 4754 3451 4817 τῆς
3482 4736 3904 4816 Ἑλλησπόντου

2250 4846 2484 4895 πεσοῦσα
2554 4838 2813 4914 διεφθάρη
2887 4838 3121 4912 πέλαγος
3189 4837 3277 4891 καὶ
3355 4832 3704 4911 ἐκϐρασθεῖσα
3759 4835 3904 4909 πρὸς

2250 4931 2339 4984 τὸν
2401 4929 2650 5004 αἰγιαλὸν
2698 4931 2794 4997 τὴν
2827 4927 3093 5004 παράλιον
3124 4927 3349 4999 ψάμμον
3397 4924 3682 4997 ἐκάλυψεν.
3731 4924 3792 4981 Ὁ
3845 4920 3906 4978 δὶ

2256 5017 2507 5096 βασιλεὺς
2560 5018 2686 5082 τούς
2726 5023 2916 5074 τετῶν
2955 5014 3161 5072 ὑδάτων
3207 5014 3405 5077 ὁλκοὺς
3464 5017 3576 5087 (91)
3634 5012 3902 5085 ἐπεμοιὴ-

2253 5129 2380 5162 σατο
2434 5108 2559 5169 τοὺς
2610 5110 2672 5162 τὸ
2726 5105 2872 5183 ὕδωρ
2929 5110 2996 5179 τῇ
3046 5104 3206 5160 πόλει
3265 5104 3595 5178 εἰσάγοντας,
3653 5102 3740 5156 καὶ
3807 5102 3905 5161 τὰς

2254 5194 2552 5271 δεχομένας
2607 5202 2767 5251 τοῦτο
2799 5194 3134 5256 καστὲλλους
3194 5196 3276 5266 [Ρ.
3320 5193 3447 5265 733]
3499 5192 3586 5246 καί
3619 5191 3679 5244 τὸ
3712 5185 3901 5245 λωϐο-

2250 5291 2502 5362 τροφεῖον
2743 5286 2829 5341 καὶ
2899 5286 2962 5340 τὸ
3023 5284 3479 5360 ὀρφανοτροφεῖον
3548 5279 3639 5335 καὶ
3700 5281 3905 5341 πάντας

1685 5415 2052 5474 XYLANDRI
2092 5418 2180 5474 ET
2217 5420 2440 5477 GOARI
2480 5421 2708 5477 NOTAE.

588 5517 678 5591 90)
713 5518 877 5591 Cuius
899 5520 1148 5591 mentum
1180 5514 1370 5570 latius.
1406 5512 1587 5568 GOAR.

588 5583 680 5657 91)
711 5586 944 5651 Ὀλκούς
971 5588 1200 5643 canales
1229 5590 1285 5639 et
1310 5600 1595 5654 aquarum
1616 5583 1849 5656 longius
1866 5587 2137 5643 deducta-

493 5658 625 5717 rum
658 5662 1071 5717 subterraneos
1103 5659 1189 5713 vel
1220 5658 1399 5728 etiam
1446 5663 1669 5728 erectos
1701 5659 1757 5710 in
1786 5661 2138 5728 aquzsrlucti-

493 5732 607 5793 bus
627 5732 780 5790 tubos
799 5732 1167 5803 interpretor,
1185 5723 1517 5788 καστέλλους
1541 5727 1701 5801 ipsos
1722 5723 2137 5801 aquaeductum

2252 5536 2422 5594 arcus
2450 5525 2506 5574 et
2531 5526 2740 5592 pontes,
2776 5520 2991 5594 quibus
3022 5515 3441 5594 superlabitur.
3474 5519 3656 5594 Gesn.

2320 5591 2435 5665 (92)
2462 5586 2626 5648 Forte
2654 5586 2780 5665 quae
2793 5586 3452 5665 'vocamus'leprosaria
3497 5592 3595 5665 aut
3624 5586 3902 5665 lqzareta,

2248 5652 2555 5735 in‘qu'ibus
2586 5652 2800 5735 leprosi
2852 5664 3090 5735 aluntur
3121 5677 3135 5717 :
3169 5652 3326 5735 solet
3361 5660 3519 5716 enim
3570 5652 3759 5735 λῴϐῃν
3794 5652 3905 5733 prd

2248 5731 2411 5807 lepra
2440 5731 2724 5811 usurpare
2752 5737 2869 5794 κατ’
2898 5734 3119 5811 ἐξοχήν,
3152 5738 3219 5793 ut
3253 5731 3400 5792 alias
3429 5732 3671 5792 monui.-
3689 5731 3829 5792 Χῐιξ.
