4070 6334
490 399 607 458 239

1843 397 2158 456 GEORGII
2207 396 2546 456 Cl‘lDltENI

3783 396 3894 456 240

484 525 739 598 εδοίαζεν.
775 526 994 586 Ἀλλ’ὁ
1056 527 1308 599 Ἰωάννης
1369 529 1456 583 σὺν
1516 533 1584 604 τῇ
1646 533 1769 603 Ζωῇ
1827 531 2167 599 πεντήκοντα
2227 530 2325 601 μὲν
2379 525 2613 604 χρυσίου
2645 525 2836 601 λίτρας
2863 522 2942 598 τῷ
2973 524 3304 603 πατριάρχῃ,
3337 529 3674 600 πεντήκοντα
3705 523 3762 582 δὲ
3818 531 3892 600 τῷ

482 618 678 695 κληρῳ
737 615 861 680 δοὺς
917 615 1119 674 ἔπεισεν
1183 617 1573 693 ἱεροτελεστίας
1631 619 1952 690 καταξιῶσαι
2005 617 2222 680 αύτούς.
2256 617 2338 682 [Ρ.
2371 621 2498 691 734]
2528 619 2630 672 Τὸν
2662 616 2890 692 ῥηθέντα
2917 613 2973 670 δὲ
3001 616 3202 693 τρόπον
3236 617 3532 694 ἀναιρεθεὶς
3562 615 3836 690 Ῥωμανὸς
3867 617 3892 670 6

489 707 742 783 βασιλεὺς
772 709 1025 772 θάπτεται
1057 708 1107 765 ἐν
1138 712 1207 782 τῇ
1239 709 1364 782 παρ’
1395 706 1556 763 αὐτοῦ
1585 709 1973 785 νεουργηθείσῄ
2005 715 2104 778 τῆς
2135 701 2504 782 περιϐλέπτου
2536 709 2645 780 (97)
2683 706 2978 780 μονῇ,κατ’
3009 706 3178 776 αὐτὴν
3207 707 3306 778 τὴν
3341 706 3493 783 άγίαν
3525 705 3615 762 καὶ
3653 703 3890 782 μεγάλην

485 799 852 874 παρασκευήν.

553 891 628 946 Αι
655 906 787 946 vero
818 889 928 946 Zoe
957 905 1091 944 cum
1123 889 1182 944 in
1214 887 1590 960 imperatorio
1617 888 1763 944 solio
1783 887 2132 944 Michaelum

2316 886 2378 942 Ἠ
2411 887 2532 955 Ζωὴ
2567 882 2626 940 δὲ
2655 885 2743 940 τὸν
2777 883 3008 961 Μιχαὴλ
3057 884 3146 940 ἐπὶ
3202 885 3293 940 τὸν
3361 883 3636 961 βασίλειον
3687 881 3894 958 ἐνιδρύ-

485 979 850 1050 collocasset,
897 979 1168 1052 sperabat
1211 995 1274 1034 se
1334 977 1458 1034 loco
1507 978 1616 1033 viri
1661 984 1718 1034 et
1763 975 2137 1050 imperatoris

483 1068 848 1139 mancipium
883 1085 948 1124 ac
981 1067 1269 1124 famulum
1295 1068 1649 1136 habituram,
1675 1067 1921 1138 ideoque
1947 1069 2137 1139 pater-

485 1157 578 1214 nis
611 1157 900 1214 eunuchis
930 1158 988 1212 in
1019 1157 1214 1214 aulam
1242 1157 1485 1214 adscitis
1517 1174 1636 1213 rem
1670 1156 1917 1228 graviter
1940 1171 2138 1227 aggre-

487 1247 776 1304 diebatur.
812 1247 922 1304 Sed
954 1247 1259 1320 perspicue
1291 1246 1340 1302 ei
1373 1247 1568 1302 omnia
1601 1263 1770 1302 secus
1799 1248 2139 1302 evenerunt.

485 1336 716 1394 Etenim
747 1337 1022 1406 ,Joannes
1073 1336 1448 1408 imperatoris
1498 1336 1693 1405 frater,
1744 1335 1919 1390 homo
1963 1333 2140 1389 indu-

487 1427 668 1484 strius
719 1429 896 1497 atque
941 1426 1167 1496 efﬁcax,
1219 1425 1579 1498 simulatque
1628 1427 1686 1482 in
1737 1425 1929 1482 aulam
1963 1424 2140 1494 venit,

485 1516 654 1572 fratri
685 1531 791 1572 suo
825 1519 1090 1571 metuens
1113 1514 1482 1584 (movebatur
1505 1515 1660 1571 enim
1687 1513 1931 1570 Romani
1953 1529 2140 1569 exem-

487 1604 606 1677 plo)
632 1608 690 1660 et
716 1603 1020 1660 eunuchos
1065 1609 1341 1675 Augustae
1391 1603 1608 1676 palatio
1641 1604 1809 1675 ejecit
1839 1607 1896 1659 et
1925 1602 2140 1658 ﬁdissi-

491 1711 610 1750 mas
643 1694 772 1766 ejus
801 1693 1044 1750 ancillas
1077 1694 1309 1764 amovit,
1335 1694 1612 1751 mulieres
1642 1693 1752 1750 sibi
1777 1708 1986 1766 genere
2009 1709 2139 1765 pro-

487 1783 740 1855 pinquas
769 1783 1044 1839 custodia,-
1066 1783 1206 1839 Zoes
1229 1782 1520 1849 adhibuit,
1546 1783 1749 1854 utjam
1774 1798 1958 1853 neque
1974 1795 2144 1853 agere

487 1873 810 1944 quidquam
830 1889 897 1928 ea
913 1872 996 1928 vel
1019 1890 1300 1944 magnum
1327 1871 1415 1928 vel
1435 1889 1678 1946 parvum
1701 1872 1889 1943 ipsius
1913 1871 2140 1942 injussu

487 1966 684 2034 posset
713 1966 769 2018 et
799 1979 1003 2018 omnes
1033 1965 1160 2032 ejus
1205 1967 1453 2018 conatus
1497 1963 1947 2034 impedirentur,
1978 1977 2043 2016 ac
2077 1977 2146 2016 ne

489 2051 550 2106 in
598 2051 872 2108 balneum
923 2052 1161 2123 quidem
1213 2051 1325 2106 nisi
1371 2051 1561 2122 ipsius
1613 2051 1904 2122 permissu
1951 2050 2146 2106 venire

490 2145 724 2212 posset;
759 2141 1038 2212 omnique
1055 2157 1298 2212 prorsus
1317 2139 1706 2196 oblectatione
1739 2138 1991 2211 spoliata
2017 2139 2145 2204 fuit,

2247 995 2380 1029 σασα
2417 974 2606 1050 Θρόνον
2665 973 2828 1050 ᾠηφη
2893 975 2988 1048 μὲν
3047 975 3164 1030 ἀντὶ
3227 972 3418 1047 ἀνδρὸς
3475 977 3563 1028 καὶ
3627 973 3896 1050 βασιλέως

2249 1061 2446 1120 δοῦλον
2495 1065 2584 1119 καὶ
2633 1061 2881 1119 διάκονον
2931 1061 3090 1136 ἕξειν,
3121 1063 3210 1120 καὶ
3269 1061 3377 1135 ἤδη
3437 1063 3562 1126 τοὺς
3613 1063 3898 1140 πατρῴους

2251 1153 2543 1230 εὐνούχους
2595 1153 2957 1228 εἰσαγαγοῦσα
3015 1153 3092 1216 εἷς
3147 1153 3216 1209 τὰ
3277 1154 3542 1228 ἀνάκτορα
3596 1151 3896 1226 γενναιότε-

2252 1263 2342 1318 ρον
2402 1242 2604 1312 ἥπτετο
2681 1247 2788 1297 τῶν
2857 1243 3192 1320 πραγμάτιον
3226 1262 3239 1276 ”
3299 1240 3428 1298 ἀλλ’
3487 1237 3661 1312 ἆπὲϐη
3725 1241 3898 1296 πάντα

2247 1332 2416 1408 ταύτῃ
2450 1331 2527 1396 εἷς
2555 1330 2860 1387 τούναντίον
2891 1330 3183 1407 λαμπρῶς.
3215 1333 3272 1386 Ὃ
3309 1331 3410 1408 γὰρ
3469 1335 3566 1386 τοῦ
3627 1329 3898 1405 βασιλίως

2251 1419 2484 1500 ἀδελφὸς
2515 1423 2790 1492 Ἰωάννης,
2842 1422 3138 1495 πρακτικὸς
3185 1423 3468 1497 ἄνθρωπος
3517 1419 3592 1474 ὣν
3641 1419 3730 1476 καὶ
3781 1417 3900 1494 δρας

2251 1511 2494 1584 στηριος,
2529 1513 2642 1584 ἅμα
2696 1531 2754 1566 τε
2805 1505 2970 1581 ἐπέϐη
3031 1515 3137 1566 τῶν
3199 1508 3512 1586 βασιλείων,
3555 1507 3646 1564 καὶ
3705 1504 3896 1569 δεδιὼς

2249 1601 2371 1675 περὶ
2431 1605 2526 1656 τοῦ
2585 1598 2820 1678 ἀδελφοῦ
2877 1599 3044 1676 (ἑώρα
3099 1600 3204 1676 γὰρ
3273 1600 3348 1664 εἷς
3407 1597 3752 1676 παράδειγμα
3803 1601 3898 1652 τοῦ

2249 1692 2557 1764 Ῥωμανοῢ)
2593 1692 2664 1764 μή
2700 1711 2749 1744 τι
2795 1689 2884 1745 καὶ
2934 1691 3080 1765 πάθῃ
3141 1687 3334 1761 δεινὸν,
3365 1687 3494 1747 τοὺς
3554 1690 3649 1762 μὶν
3709 1686 3899 1744 εὐνού-

2251 1775 2386 1855 χους
2424 1785 2522 1850 τῆς
2587 1776 2868 1853 βασιλίδος
2927 1773 3280 1848 καταϐιϐάζει
3332 1783 3429 1834 τοῦ
3487 1776 3752 1834 παλατίου
3809 1777 3898 1832 καὶ

2250 1869 2346 1931 τάς
2429 1869 2828 1931 πιστικωτάτας
2913 1873 3021 1923 τῶν
3095 1865 3484 1945 θεραπαινίδων
3561 1866 3696 1941 αὐτῇ
3771 1867 3901 1922 ἀπο.

2254 1960 2586 2029 σκευάζεται,
2617 1963 2871 2034 γυναῖκας
2905 1955 2960 2012 δὲ
2991 1955 3096 2012 τῶν
3141 1957 3273 2012 κατᾶ
3319 1958 3475 2032 γένος
3523 1955 3674 2030 αὑτῷ
3731 1977 3898 2032 προσ-

2257 2049 2499 2119 ηκόντων
2533 2047 2806 2125 φρουροὺς,
2835 2047 3082 2124 ἐφίστησι
3111 2051 3177 2121 τῇ
3214 2045 3456 2122 βασιλίδι
3484 2048 3573 2102 καὶ
3630 2045 3898 2122 φύλακας.

2257 2139 2354 2192 Καὶ
2388 2135 2540 2192 οὐδὲν
2604 2138 2794 2212 μικρὸν
2835 2138 2861 2207 ἢ
2899 2138 3036 2211 μέγα
3087 2138 3153 2206 ἦν
3184 2137 3211 2192 ’ὀ
3247 2138 3324 2210 μή
3360 2138 3493 2209 μετά
3546 2137 3774 2212 γνώμης
3805 2135 3898 2190 αύ-

495 2230 588 2286 Sic
619 2231 796 2286 rebus
825 2230 884 2284 in
907 2229 1040 2284 aula
1059 2228 1392 2284 constitutis
1409 2228 1634 2285 litteras
1653 2245 1752 2301 per
1777 2245 2008 2284 omnem
2031 2228 2135 2282 im«

2257 2232 2352 2282 τοῦ
2419 2225 2785 2302 διεπράττετο·
2847 2228 3159 2302 περιπάτων
3217 2248 3274 2281 τε
3329 2229 3430 2301 γὰρ
3483 2224 3753 2281 ἐκωλύετο
3811 2225 3899 2280 καὶ

491 2319 634 2390 perii
669 2319 950 2374 ditionem
1005 2319 1240 2389 emittit,
1273 2319 1665 2390 omnibusque
1697 2318 1994 2391 signiﬁcat
2025 2318 2138 2372 lto-

475 2424 732 2464 .manum
781 2407 1045 2463 debitum
1096 2411 1318 2463 naturae
1365 2407 1740 2479 persolvisse,
1790 2406 2138 2462 Michaelum

489 2497 900 2570 imperatorem
920 2498 1292 2568 designatum
1319 2496 1416 2552 illo
1447 2497 1637 2553 adhuc
1671 2497 1900 2553 vivente
1923 2513 1988 2551 ac
2011 2513 2138 2568 per-

489 2586 776 2658 mittente,
811 2590 867 2642 et
897 2591 1018 2642 Zoae
1050 2585 1425 2642 matrimonio
1449 2587 1746 2658 junctum.
1773 2587 1852 2640 Ad
1885 2585 1992 2640 hoc
2013 2601 2139 2640 om-

487 2691 591 2732 nes
639 2693 766 2732 sese
823 2675 1203 2747 inclinarunt,
1255 2676 1584 2748 faustisque
1637 2673 1936 2730 ominibus
1995 2689 2139 2730 novo

484 2767 823 2840 imperatori
855 2771 991 2823 sunt
1017 2766 1317 2839 gratulati.
1350 2767 1520 2822 Solus
1544 2765 1827 2838 patricius
1851 2767 2140 2821 Constan-

483 2855 645 2912 tinus
678 2856 1030 2912 Dalassenus
1063 2856 1222 2912 domi
1255 2856 1474 2928 degens
1505 2857 1654 2913 507
1705 2873 1818 2912 non
1850 2854 1988 2910 tulit
2020 2871 2131 2910 me-

489 2944 766 3001 diocriter
791 2945 948 3000 hunc
978 2945 1275 3014 nuntium,
1301 2947 1402 3000 sed
1437 2945 1812 3001 abominatus
1835 2948 1943 3013 est,
1969 2948 2142 3016 atque

485 3035 630 3092 adeo
656 3034 903 3092 miratus
936 3051 1050 3105 qua
1083 3035 1316 3090 tandem
1365 3035 1592 3090 ratione
1627 3033 1890 3106 plebeius
1923 3035 2032 3090 iste
2077 3049 2144 3089 ac

485 3122 822 3180 triobolaris
844 3123 1020 3180 homo
1045 3124 1321 3181 omnibus
1345 3124 1478 3181 aliis
1501 3129 1656 3180 esset
1685 3123 1982 3195 praelatus,
2007 3139 2140 3178 cum

483 3212 1510 3285 exstarentplurimipraestantissimi
1534 3229 1600 3268 ac
1624 3212 1863 3268 familiis
1889 3212 2142 3268 summis

481 3302 608 3358 nati
637 3303 764 3371 viri,
781 3319 846 3360 ac
877 3302 1154 3359 dominus
1181 3305 1236 3358 et
1255 3301 1571 3372 imperator
1595 3301 1964 3374 designatus,
1985 3303 2140 3373 quod

483 3395 550 3447 ut
581 3391 812 3447 rescivit
835 3391 1116 3461 Joannes,
1149 3390 1411 3456 tametsi,
1438 3391 1520 3446 uti
1541 3395 1806 3462 pareret,
1835 3391 2144 3448 vehemen-

481 3485 572 3536 ter
601 3481 1076 3551 perturbabatur,
1111 3485 1305 3536 tamen
1340 3480 1638 3552 quomodo
1671 3479 1854 3536 istum
1885 3479 1942 3534 in
1970 3497 2140 3536 suam

481 3568 740 3626 alliceret
771 3587 1006 3626 nassam
1051 3569 1346 3642 cogitavit.
1383 3569 1632 3625 Mittitur
1661 3586 1794 3640 ergo
1827 3569 1898 3625 ad
1931 3569 2132 3625 Dalas-

2257 2316 2556 2393 βαλανείων
2617 2316 2679 2370 οὑ
2743 2323 2963 2390 μετεῖχε
3025 2317 3100 2388 μὴ
3166 2313 3327 2370 αὐτοῦ
3369 2315 3778 2390 ἐπιτρέψαντος,
3811 2314 3898 2369 καὶ

2249 2407 2394 2468 ὅλως
2439 2405 2743 2481 περιῄρητο
2775 2405 2909 2479 αὐτῇ
2943 2411 3087 2460 πᾶσα
3118 2405 3466 2481 ψυχαγωγία.
3505 2407 3682 2460 Πάντα
3723 2402 3780 2459 δὲ
3834 2404 3900 2460 τά.

2248 2493 2396 2550 ἔνδον
2453 2496 2930 2568 καταστησάμενος
2991 2494 3287 2571 γράμματα
3360 2496 3495 2550 κατὰ
3567 2495 3744 2565 πάσης
3817 2493 3899 2549 ἐκ·

2248 2584 2449 2658 πὲμπει
2489 2591 2588 2654 τῆς
2648 2584 2999 2658 οἰκουμένης,
3035 2583 3374 2660 γνωρίζοντα
3431 2589 3548 2646 τοῖς
3605 2591 3764 2638 πᾶσιν
3823 2585 3898 2646 ὡς

2250 2673 2334 2745 εἰή
2364 2675 2456 2747 μὲν
2485 2673 2765 2746 Ῥωμανὸς
2800 2674 2827 2728 ὁ
2863 2671 3114 2748 βασιλεὺς
3143 2675 3204 2727 τὸ
3263 2672 3482 2751 φυσικὸν
3533 2668 3898 2733 ἀποδεδωκὼς

2249 2766 2433 2840 χρὲος,
2466 2761 2824 2840 ἀνηγόρευται
2859 2759 2916 2818 δὲ
2947 2763 2975 2818 ὁ
3007 2759 3241 2837 Μιχαὴλ
3277 2760 3532 2838 βασιλεὺς
3581 2759 3656 2816 ἔτι
3693 2767 3898 2830 ζῶντος

2248 2851 2451 2908 ἐκείνου
2508 2853 2597 2907 καὶ
2657 2850 3068 2926 ἐπιτρέποντος,
3127 2853 3216 2906 καὶ
3271 2856 3340 2926 τῇ
3401 2848 3642 2928 βασιλίδι
3713 2851 3902 2920 συζεύα

2247 2962 2450 3017 γνυται.
2487 2942 2628 3016 Πρὸς
2663 2941 2798 3017 ἅπερ
2829 2943 3026 3004 πάντες
3063 2943 3155 3015 μὲν
3193 2940 3544 2996 ὑπεκλίνοντο
3595 2941 3648 2996 οἱ
3705 2937 3904 3012 ἄλλοι,

2248 3031 2337 3086 καὶ
2371 3029 2439 3086 δι’
2470 3031 2720 3107 εὐφήμου
2761 3031 2945 3108 φωνῆς
2974 3031 3065 3086 τὸν
3098 3032 3216 3086 νεὸν
3249 3029 3581 3107 ἐμεγάλυνεν
3645 3027 3900 3106 βασιλέα·

2253 3121 2418 3193 μόνος
2495 3117 2552 3174 δὲ
2625 3123 3035 3181 Κωνσταντῖνος
3095 3119 3381 3194 πατρίκιος
3440 3121 3468 3174 6
3527 3115 3903 3192 Δαλασσηνὸς,

2251 3207 2432 3265 οἷῖιαδε
2491 3204 2805 3284 διατρίϐων,
2867 3209 2967 3264 οὐκ
3019 3206 3216 3284 ἤνεγκε
3273 3207 3461 3280 πράως
3518 3210 3614 3278 τήν
3701 3208 3903 3280 ἀκοήν,

2251 3298 2396 3354 ἀλλὰ
2441 3298 2531 3354 καὶ
2592 3296 2998 3370 απεδυσπέτησε
3055 3299 3193 3374 πρὸς
3247 3299 3314 3353 τὰ
3371 3299 3744 3376 φημιζὸμινα,
3805 3301 3903 3354 καὶ

2251 3386 2340 3443 διὰ
2365 3389 2638 3462 θαύματος
2663 3389 2784 3467 ἦγε,
2815 3393 2932 3451 πῶς
2964 3386 3238 3444 πλείστων
3271 3389 3519 3465 κάγαθῶν
3583 3383 3751 3444 ὅντων
3807 3389 3900 3444 ἄν-

2251 3475 2393 3554 δρῶν
2425 3477 2476 3549 ἐξ
2509 3477 2670 3534 οἷ’κων
2734 3477 3001 3553 λαμπρῶν
3057 3476 3151 3532 καί
3203 3477 3480 3552 ἐπισήμου
3537 3479 3748 3553 γένους,
3791 3498 3899 3554 χυ-

2253 3565 2400 3631 δαῖος
2429 3569 2516 3622 καὶ
2547 3563 2983 3645 τριωϐολιμαῖος
3035 3564 3316 3644 ἅνθρωπος
3343 3571 3449 3622 τῶν
3509 3565 3694 3622 ἄλλων
3759 3588 3904 3642 προ-

481 3675 688 3715 senum
719 3659 1038 3730 Ergodotes
1059 3659 1388 3730 eunuchus,
1410 3660 1480 3714 ad
1501 3659 1842 3730 hujusmodi
1865 3657 2127 3714 ministe-

2246 3659 2500 3730 τετίμητο
2531 3657 2743 3712 πάντων
2775 3656 2864 3712 καὶ
2899 3653 3166 3727 δεσπότης
3223 3655 3313 3711 καὶ
3375 3655 3628 3732 βασιλεὺς
3685 3656 3899 3732 ἀνηγό-

481 3747 565 3802 ria
582 3746 947 3819 aptissimus,
969 3749 1067 3819 qui
1088 3747 1352 3818 prastito
1377 3747 1894 3819 acceptoquejurej
1907 3747 2130 3802 urando

479 3853 610 3893 eum
643 3835 712 3890 ad
745 3835 1156 3908 imperatorem
1193 3837 1528 3892 adduceret.
1556 3838 1782 3891 Interea
1801 3834 2057 3890 Joannes
2077 3837 2132 3890 et

481 3917 771 3996 senatuin,
797 3925 1104 3996 primarios
1121 3941 1323 3981 eorum
1345 3926 1413 3980 ad
1439 3923 1816 3980 sublimiores
1837 3923 2132 3980 evehendo

481 4015 818 4086 dignitates,
855 4031 1026 4070 suum
1063 4016 1221 4080 facit,
1253 4018 1312 4069 et
1343 4013 1685 4069 muneribus
1717 4031 1781 4070 ac
1813 4013 2133 4085 largitioni-

481 4103 590 4158 bus
624 4103 1020 4159 multitudinis
1059 4101 1524 4158 benevolentiam
1559 4107 1773 4174 captat,
1797 4103 1993 4174 itaque
2013 4119 2134 4158 om-

482 4209 586 4249 nes
616 4192 886 4248 subditos
919 4191 1030 4248 sibi
1061 4191 1352 4247 conciliat.
1387 4187 1770 4263 Displicuisse
1795 4197 1986 4247 autem
2013 4193 2133 4248 haac

483 4282 633 4336 facta
670 4282 780 4336 Deo
812 4280 958 4337 satis
987 4280 1117 4352 ipsa
1161 4279 1395 4335 exordia
1425 4285 1621 4352 aperte
1653 4280 2000 4336 docuerunt.
2035 4282 2130 4336 Et-

483 4369 641 4424 enim
673 4369 986 4426 undecima
1015 4369 1158 4426 hora
1189 4373 1408 4425 sanctae
1453 4375 1512 4424 et
1561 4387 1786 4442 magnae
1817 4371 2132 4425 Dominicae

477 4459 702 4530 grando
747 4459 964 4529 impetu
1017 4459 1370 4514 intolerabili
1423 4459 1612 4515 delata
1663 4477 1776 4514 non
1829 4460 2134 4530 frugiferas

479 4549 652 4604 modo
671 4547 1012 4620 sterilesque
1032 4549 1269 4604 arbores
1291 4549 1700 4620 confregit,sed
1727 4549 1902 4604 etiam
1928 4549 2134 4605 domos

479 4637 688 4710 dejecit
719 4642 775 4694 et
820 4637 1032 4710 templa
1079 4655 1144 4694 ac
1192 4643 1420 4710 segetes
1460 4639 1723 4710 vitesque
1772 4638 1895 4694 solo
1927 4638 2127 4695 allisit-

479 4730 678 4799 Itaque
709 4745 774 4784 eo
805 4745 958 4784 anno
988 4745 1218 4783 summa
1250 4729 1364 4782 fuit
1409 4727 1712 4783 sterilitas.
1749 4728 1932 4783 Stella
1962 4729 2134 4784 etiam

477 4817 782 4873 Dominico
813 4817 914 4890 qui
960 4817 1184 4872 Pascha
1233 4816 1569 4888 insequitur
1623 4817 1737 4886 die,
1773 4817 1915 4872 hora
1945 4818 2135 4874 noctis

473 4907 665 4975 tertia,
685 4907 934 4978 trajecit,
961 4906 1186 4978 fulgore
1217 4923 1323 4962 suo
1351 4905 1680 4961 luminibus
1705 4905 1970 4962 omnium
1995 4907 2132 4962 alia-

2243 3767 2418 3823 ρευτο.
2475 3751 2643 3802 Τοῦτο
2725 3744 2783 3802 δὲ
2861 3745 3167 3820 πυθόμενος
3227 3747 3254 3800 6
3312 3744 3566 3814 Ἰωάννης
3635 3744 3894 3818 ἐπλήσθη

2245 3837 2362 3908 μὲν,
2415 3837 2488 3898 ὡς
2548 3835 2712 3905 είκὸς,
2775 3830 3010 3910 θορύϐου
3067 3836 3158 3889 καὶ
3213 3841 3486 3910 ταραχῆς,
3545 3833 3777 3908 ἐμελέτα
3835 3833 3901 3890 δὲ

2240 3927 2326 3979 καὶ
2357 3923 2641 3980 ἐσκέπτετο
2673 3929 2791 3987 πῶς
2823 3923 2882 3978 ἂν
2914 3923 3003 3980 καὶ
3043 3921 3200 3980 τόνδε
3253 3923 3345 3978 τὸν
3397 3921 3566 3997 ἄνδρα
3628 3924 3731 3979 ὑπὸ
3787 3923 3897 3993 τὴν

2242 4015 2433 4070 ἑαυτοῦ
2468 4020 2610 4078 θεῖτο
2639 4015 2900 4090 σαγήνην.
2935 4013 3032 4068 Καὶ
3067 4011 3133 4082 δὴ
3189 4010 3473 4069 στέλλεται
3533 4014 3668 4088 πρὸς
3725 4014 3900 4069 αὐτὸν

2242 4108 2318 4167 εἷς
2376 4109 2483 4159 τῶν
2535 4102 2812 4178 εὐνούχων
2869 4104 2898 4158 6
2953 4101 3248 4178 λεγόμενος
3297 4100 3656 4178 Ἐργοδότης,
3705 4101 3902 4174 ἐπιτήο

2243 4191 2384 4258 δειος
2433 4194 2718 4268 ὑπηρετεῖν
2753 4193 2828 4256 εἷς
2855 4192 2920 4246 τὰ
2951 4195 3194 4264 τοιαῦτα,
3229 4192 3310 4270 ἐφ’
3341 4192 3386 4264 ᾦ
3445 4191 3646 4268 ὅρκους
3703 4189 3901 4248 δοῦναί

2238 4304 2296 4338 τε
2351 4283 2440 4337 καὶ
2499 4276 2686 4338 λαϐεῖν
2739 4283 2828 4336 καί
2886 4282 3100 4356 ἀγαγεῖν
3146 4281 3234 4336 τὸν
3295 4278 3462 4357 ἄνδρα
3521 4279 3574 4344 ἐς
3637 4280 3896 4355 βασιλέα.

2241 4373 2338 4427 Καὶ
2370 4372 2396 4426 ὸ
2433 4371 2526 4445 μὲν
2559 4368 2769 4426 ἄπεισιν
2801 4369 2853 4432 ἐς
2898 4371 2989 4425 τὸν
3043 4369 3414 4440 Δαλασσηνὸν,
3449 4371 3476 4424 6
3513 4371 3771 4442 Ἰωάννης
3835 4369 3900 4426 δὲ

2240 4464 2336 4532 τήν
2369 4483 2428 4517 τε
2453 4460 2754 4536 σύγκλητον
2793 4461 3104 4515 ὑπεποιεῖτο
3155 4460 3244 4514 καὶ
3293 4460 3355 4514 τὸ
3411 4461 3610 4530 κοινὸν,
3641 4459 3730 4515 καὶ
3791 4461 3901 4530 τήν

2239 4557 2346 4605 τῶν
2378 4549 2607 4606 πολλῶν
2641 4550 2909 4605 ἐπεσπᾶτο
2939 4547 3170 4618 εὔνοιαν,
3209 4549 3440 4624 βαθμοῖς
3501 4549 3596 4622 μὲν
3656 4549 3720 4604 αὗ
3759 4549 3898 4614 τοὺς

2240 4647 2341 4709 τῆς
2400 4639 2707 4716 συγκλήτου
2765 4636 3108 4714 προῦχοντας
3167 4638 3492 4711 ἀξιωμάτων
3547 4639 3716 4713 ὑψῶν,
3781 4637 3901 4694 δω-

2245 4735 2376 4806 ρεῶν
2412 4729 2468 4785 δὲ
2501 4729 2787 4803 διανομαῖς
2815 4728 2904 4782 καὶ
2936 4729 3122 4803 χάρισι
3151 4727 3569 4801 μειλισσόμενος
3593 4729 3655 4783 τὸ
3685 4730 3898 4800 κοινὸν,

2315 4821 2330 4842 \
2495 4823 2503 4838 ι
2857 4817 2870 4838 I
2929 4839 2948 4848 ρ
3138 4817 3150 4834 κ
3227 4817 3239 4836 ε
3323 4847 3328 4854 ι
3519 4821 3540 4836 u

2241 4841 2332 4875 και
2376 4819 2614 4889 καθαπαξ
2672 4819 3042 4891 οἰκειουμενος
3097 4838 3159 4870 το
3221 4819 3488 4888 υπήκοον.
3545 4823 3638 4872 Οτι
3697 4816 3756 4873 δὲ
3809 4823 3896 4893 μὴ

2247 4910 2442 4986 ἀρεστὰ
2496 4909 2563 4963 τά
2615 4907 2877 4984 γεγονότα
2927 4908 2993 4978 ἦν
3050 4911 3129 4978 τῷ
3162 4909 3300 4978 Θεῷ,
3337 4903 3616 4984 διεδείγθη
3675 4913 3898 4981 τρανῶς

474 5015 606 5055 rum
641 4997 948 5054 stellarum
986 4997 1280 5066 ofﬁciens,
1315 4996 1397 5052 ita
1427 5000 1492 5050 ut
1540 4995 1710 5050 multi
1757 4996 2135 5067 opinarentur

2246 4999 2300 5054 ix
2347 4997 2658 5076 προοιμίων
2717 4996 2913 5052 αὐτῶν·
2971 4999 3052 5068 [Ρ.
3111 4997 3240 5069 735]
3297 4997 3435 5051 κατά
3489 4997 3590 5073 γάρ
3648 4997 3748 5067 τήν
3823 4999 3899 5054 ια’

469 5087 652 5143 solem
681 5085 843 5142 oriri.
873 5085 1056 5140 Malus
1084 5085 1260 5140 etiam
1285 5085 1512 5140 daemon
1539 5085 1948 5157 imperatorem
1975 5087 2128 5144 508

464 5177 702 5246 invasit,
739 5191 924 5246 neque
975 5177 1109 5229 ante
1159 5175 1333 5229 finem
1367 5173 1496 5229 vita
1547 5174 1796 5230 missum
1833 5174 1986 5232 fecit.
2021 5177 2130 5242 Qui

463 5265 726 5339 specioso
775 5263 1014 5320 nomine
1053 5262 1279 5319 malum
1331 5262 1388 5317 id
1420 5263 1690 5318 volebant
1730 5263 1940 5332 velare,
1969 5265 2127 5322 insa-

2243 5089 2384 5166 ὥραν
2413 5095 2513 5158 τῆς
2547 5087 2700 5160 ἁγίας
2733 5086 2821 5141 καὶ
2859 5083 3102 5161 μεγάλης
3158 5090 3432 5159 Κυριακῆς
3491 5085 3708 5160 χάλαζα
3765 5108 3902 5143 κατ-

2239 5177 2444 5252 ηνέχθη
2501 5175 2775 5254 ἀφόρητος
2831 5173 2921 5228 καὶ
2980 5171 3230 5250 ῥαγδαία,
3263 5174 3337 5236 ὡς
3392 5170 3742 5252 συντριϐῆναι
3811 5179 3896 5249 μὴ

2244 5266 2401 5339 μόνον
2441 5266 2508 5320 τὰ
2542 5262 2729 5338 δένδρα
2758 5263 3008 5340 κάρπιμά
3045 5283 3102 5317 τε
3131 5261 3220 5317 καὶ
3279 5260 3514 5338 ἄκαρπα,
3548 5261 3692 5319 ἀλλὰ
3753 5262 3902 5336 δῆτα

1645 5361 2028 5420 XYLANDRI
2065 5367 2158 5423 ET
2196 5365 2414 5423 GOARI
2456 5365 2694 5422 NOTAE.

531 5452 645 5526 (97)
676 5453 742 5526 Id
770 5450 1113 5508 vocabulum
1145 5451 1256 5526 nisi
1286 5453 1395 5526 est,
1428 5451 1582 5521 quod
1615 5467 1743 5526 _non
1779 5456 1942 5522 puto,
2001 5471 2129 5526 pro-

462 5523 680 5603 prium,
713 5524 1135 5603 deeatnnomen~
1155 5525 1301 5603 divaa
1323 5522 1893 5603 Iin_cujusnh_ono_rem
1921 5522 2126 5582 mena-

461 5594 706 5666 sterium
733 5595 1082 5651 condiderit.
1102 5595 1210 5650 Sed
1233 5599 1288 5650 et
1319 5594 1471 5648 infra
1493 5594 1550 5648 in
1576 5595 1892 5666 Calaphata
1915 5605 2005 5653 est
2025 5602 2124 5666 τῆ)

2237 5456 2370 5527 gine
2415 5455 2591 5510 habet
2638 5453 2894 5525 epitheta
2923 5449 3548 5527 dpyuponpattou,_quod
3597 5453 3904 5526 signiﬁcat

2235 5525 2479 5597 argento
2509 5527 2832 5593 venditum,
2867 5529 2924 5600 et
2957 5525 3226 5598 δαιμονίῳ
3255 5525 3521 5600 κατᾼόχου,
3555 5525 3714 5597 quia
3737 5529 3901 5586 malo

2233 5603 2390 5674 esset
2419 5603 2740 5674 occupatus
2772 5597 2966 5672 genio,
3001 5597 3067 5655 ut
3090 5602 3294 5672 postea
3339 5597 3638 5656 Gedrenus
3669 5604 3900 5658 narrat.

455 5661 830 5740 περιϐλεπτου
856 5669 1060 5740 μονῆς,
1095 5683 1210 5722 non
1245 5667 1453 5740 procul
1477 5683 1510 5720 a
1540 5661 1822 5740 Sigmate.
1846 5661 2126 5727 Caeterum

2246 5673 2373 5728 tiu.

459 5737 778 5799 Michaelus
811 5737 904 5796 hic
935 5737 1261 5811 imperator
1287 5737 1572 5812 Paphlago
1604 5737 1715 5794 fuit
1743 5755 1756 5809 ;
1791 5743 1847 5794 et
1877 5741 1936 5798 in
1960 5759 2122 5802 mar.
