4070 6334
196 393 314 453 241
1359 386 1907 451 lllS’l‘OllIARUM
1952 385 2497 451 COMl‘ENDlUM.
3505 391 3627 454 242

198 527 294 584 καὶ
326 523 505 587 οἰκίας
535 525 859 580 καταπεσεῖν
904 521 995 577 καὶ
1041 520 1199 585 ναοὺς
1229 518 1322 576 καὶ
1353 518 1419 575 τὰ
1449 518 1584 591 Mm
1626 518 1717 575 καὶ
1763 518 1861 581 τὰς

1977 520 2132 577 niam
2177 520 2358 578 animi
2408 521 2832 597 appellabant:
2875 540 3018 582 sane
3065 539 3255 597 neque
3301 522 3628 584 humanum

207 614 497 691 ἀμπέλους
531 612 729 689 μέχρις
761 609 1013 690 ἐδάφους,
1044 609 1120 673 ὠς
1164 605 1534 684 έπισυμδῆναι
1572 610 1712 664 κατὰ
1736 612 1861 663 τοῦ-

1976 626 2159 683 neque
2200 612 2464 667 divinum
2514 612 2795 669 auxilium
2845 614 3288 671 miserabilibus
3334 632 3469 672 eum
3500 616 3631 673 istis

199 728 299 763 τον
358 704 451 759 τὸν
504 702 704 778 χρόνον
761 701 1037 756 παντοίων
1085 703 1310 775 καρπῶν
1350 699 1577 775 ἀφορίαν
1604 699 1861 775 γενέσθαι.

1977 700 2337 758 cruciatibus
2369 717 2436 758 ac
2465 704 2710 758 torturis
2740 702 2976 775 eripuit.

200 796 405 870 Γέγονε
456 789 516 848 δὲ
568 791 656 846 καὶ
713 790 876 866 χύσις
930 789 1149 865 ἀστέρος
1198 790 1335 844 κατὰ
1386 789 1487 857 τὴν
1545 788 1817 862 Κυριακὴν
1871 786 1969 856 τὴν
2030 789 2165 861 μετὰ
2211 788 2273 844 τὸ
2314 790 2525 866 Πάσχα,
2577 789 2698 865 περὶ
2750 791 2894 866 ὥραν
2940 790 3131 867 τρίτην
3172 798 3275 862 τῆς
3306 792 3524 860 νυκτὸς,
3558 797 3628 867 τῇ

207 884 550 960 μαρμαρυγῇ
599 887 698 951 τῆς
748 878 1141 955 λαμπρότητος
1193 878 1323 942 τοὺς
1380 877 1605 953 ἀστέρας
1660 876 1862 939 πάντας
1910 876 2275 951 καλοόψαντος,
2327 879 2402 941 ὡς
2459 880 2549 934 καὶ
2599 876 2821 949 δόκησιν
2862 886 3160 957 παρασχεῖν
3220 886 3336 943 τοῖς
3393 881 3631 945 πολλοῖς

200 972 373 1045 ἡλίου
423 969 721 1042 ἀνατολῆς.
782 969 1029 1045 Ἐλήφθη
1080 966 1137 1024 δὲ
1164 968 1255 1023 καὶ
1305 968 1334 1023 6
1387 965 1640 1042 βασιλεὺς
1672 964 1956 1040 δαιμονίῳ·
1990 967 2019 1021 ’ὀ
2051 966 2505 1042 σεμνολογοῦντες
2536 967 2741 1044 οἱπερὶ
2788 972 2977 1024 τοῦτον
3037 971 3263 1043 μανικὸν
3320 970 3627 1027 ἀπεκάλουν

199 1064 447 1135 νόσημα,
499 1060 594 1117 καὶ
651 1061 973 1136 παρέμεινεν
1033 1056 1166 1134 ἄχρι
1210 1055 1409 1120 τέλους
1456 1063 1557 1126 τῆς
1585 1056 1749 1111 αὐτοῦ
1784 1057 1995 1132 βιοτῆς,
2032 1057 2161 1131 μήθ’
2195 1058 2297 1112 ὑπὸ
2327 1058 2471 1122 θείας
2498 1056 2776 1133 δτνάμεως
2811 1061 2942 1133 μήθ’
2973 1060 3077 1115 ὑπὸ
3109 1059 3307 1137 ἰατρῶν
3344 1060 3631 1137 θεραπείαν

200 1147 418 1224 λαϐὼν,
452 1148 583 1208 ἀλλ’
614 1148 865 1212 ἐλεεινῶς
896 1146 1346 1221 κατατεινόμενος
1373 1147 1463 1202 καὶ
1499 1144 1942 1222 βασανιζόμενος.

276 1246 438 1318 Ἄρτι
509 1238 568 1296 δὲ
619 1244 718 1295 τοῦ
774 1235 1103 1315 Ἐργοδότου
1161 1238 1298 1315 πρὸς
1349 1236 1442 1292 τὸν
1514 1234 1859 1307 Δαλασσηνὸν

199 1331 572 1407 ἀφικομένου,
602 1333 881 1385 πιστεῦσαι
930 1330 1026 1402 μὶν
1072 1329 1229 1392 οὗτος
1272 1331 1390 1391 τοῖς
1427 1324 1616 1402 ὅρκοις
1645 1325 1735 1381 καὶ
1767 1324 1859 1380 σὺν

196 1421 352 1494 αὖτῷ
399 1418 660 1476 ἀπελθεῖν
707 1417 807 1474 οὐκ
851 1416 1121 1489 ἠθέλησεν
1170 1416 1224 1471 ἐν
1271 1419 1353 1489 τῷ
1400 1414 1861 1487 Βυζαντίῳ,.τῶν

192 1532 323 1567 τινα
353 1508 414 1566 δὶ
441 1509 661 1583 πέμψας
707 1507 1048 1563 πιστοτάτων
1094 1505 1241 1578 αὖτῷ
1292 1503 1486 1578 ὅρκους
1515 1525 1574 1560 τε
1617 1503 1864 1578 ἀπῄτησε

199 1599 460 1674 μείζονας
517 1602 615 1653 τοῦ
665 1598 739 1669 μή
787 1617 841 1652 τι
893 1597 1080 1651 παθεῖν
1143 1593 1416 1672 χαλεπὸν,
1466 1592 1556 1648 καὶ
1607 1591 1861 1656 ἀπελθεῖν

192 1687 594 1766 ἐπηγγείλατο.
645 1688 923 1761 Ηέμπεται
973 1684 1155 1741 τοίνυν
1211 1687 1607 1745 Κωνσταντῖνος
1664 1683 1693 1737 6
1750 1688 1863 1736 Φα-

192 1780 393 1856 γῖτζης
444 1777 731 1853 εὐνοῦχος,
786 1773 1068 1851 ἄνθρωπος
1124 1770 1431 1853 Παφλαγὼν
1478 1772 1568 1827 καὶ
1623 1773 1862 1842 συνήθης

192 1875 280 1941 τῷ
335 1866 573 1945 βασιλεῖ,
631 1867 701 1921 τά
754 1886 813 1921 τε
867 1864 1026 1938 τίμια
1074 1862 1413 1940 ἐπαγόμενος
1472 1861 1606 1933 ξύλα
1658 1860 1748 1916 καὶ
1799 1861 1864 1915 τὸ

197 1960 361 2033 ἃγιον
421 1957 710 2031 ἐκμαγεῖον
768 1954 861 2056 xei
907 1954 1018 2056 τὴν.
1057 1954 1195 2029 πρὸς
1244 1950 1495 2056 Αὔγσρον
1529 1948 1862 2056 ἔδιόγραφον
1896 1992 1945 2056 Β

197 2045 505 2115 ἐπιστολὴν
531 2049 629 2099 τοῦ
678 2043 878 2121 Κυρίου
928 2043 1021 2099 καὶ
1074 2046 1208 2098 θεοῦ
1252 2040 1343 2097 καὶ
1394 2043 1653 2116 Σωτῆρος
1704 2042 1863 2112 ἡμῶν

196 2138 386 2208 Ἰησοῦ
432 2137 670 2211 Χριστοῦ
715 2134 807 2189 καὶ
873 2132 1056 2188 είκόνα
1099 2133 1200 2203 τῆς
1251 2130 1548 2208 ὑπεραγίας
1579 2129 1866 2186 Θεοτόκου⁸

192 2226 257 2289 ’ὸς
312 2222 591 2297 ἀπελθὼν,
641 2224 729 2278 καὶ
782 2223 979 2298 ὅρκους
1026 2225 1108 2293 τῶ
1156 2219 1551 2292 Κωνσταντίνῳ
1603 2216 1730 2280 δοὺς
1776 2211 1867 2273 καὶ

193 2312 412 2386 λαϐὼν,
462 2308 682 2389 ἔρχεται
742 2312 856 2387 μετ’
906 2310 1073 2366 αὐτοῦ
1121 2308 1200 2372 εἷς
1246 2310 1310 2364 τὸ
1368 2308 1684 2378 Βυζάντιον.
1739 2306 1868 2363 Ἐλ-

193 2406 363 2469 θόντα
414 2399 473 2457 δὲ
515 2406 715 2456 τοῦτον
765 2399 1114 2479 φιλοφρόνως
1161 2399 1190 2453 6
1243 2396 1500 2473 βασιλεὺς
1548 2394 1862 2466 ὑπεδέξατο,

189 2494 286 2549 καὶ
318 2491 622 2546 ἀνθύπατον
672 2492 911 2565 τιμήσας
955 2488 1046 2545 καὶ
1103 2485 1306 2564 δώροις
1358 2489 1633 2562 μεγίστοις
1678 2483 1864 2556 δεξιω-

191 2583 434 2655 σάμενος
485 2580 689 2643 ἀνέτως
738 2579 832 2635 καὶ
862 2576 1036 2643 ἀδεῶς
1086 2576 1383 2653 προσέταξε
1431 2573 1633 2651 διάγειν
1681 2573 1734 2630 ἐν
1785 2579 1866 2647 τῷ

193 2667 317 2726 ὄντι
346 2672 484 2726 κατὰ
511 2670 581 2725 τὰ
611 2668 788 2744 Κόρου
820 2667 960 2742 οἴκῳ
989 2668 1176 2724 αὐτοῦ.

268 2759 471 2833 Τούτῳ
494 2763 574 2832 τῷ
618 2757 810 2834 χρόνῳ
851 2759 943 2813 καὶ
973 2755 1114 2812 ἄλλο
1160 2778 1214 2812 τι
1247 2749 1436 2825 συνέϐη
1470 2753 1862 2832 ἀξιαφήγητον.

193 2854 324 2906 Τῶν
353 2848 430 2911 εἷς
477 2845 923 2925 παραχειμασίαν
974 2845 1025 2902 έν
1054 2850 1134 2918 τῷ
1184 2846 1376 2919 θέμαιιι
1407 2848 1514 2899 τῶν
1548 2842 1866 2918 Θρᾳκησίων

201 2935 619 3014 διεσπαρμένων
681 2936 979 3013 Βαράγγων
1029 2936 1144 3009 (98)
1174 2933 1403 3011 γυναῖκά
1451 2954 1536 2997 τις
1585 2932 1861 3008 ἐγχωρίαν

202 3028 385 3104 εὑρὼν
438 3026 525 3082 ἰπ¹
569 3025 800 3102 ἐρημίας
848 3025 1177 3099 ἀπεπειρᾶτο
1222 3030 1323 3093 τῆς
1371 3020 1728 3097 σωφροσύνης
1768 3019 1863 3075 αὖ·

196 3124 329 3188 τῆςο
361 3117 438 3180 ὡς
465 3114 523 3172 δὲ
552 3116 656 3172 οὐκ
701 3108 900 3187 ἔπειθε,
932 3113 1023 3169 καὶ
1057 3113 1179 3189 βίαν
1203 3109 1313 3183 ἤδη
1366 3111 1586 3188 ἐπῆγεν,
1617 3112 1652 3181 ἡ
1686 3107 1744 3165 δὶ
1770 3111 1862 3165 τὸν

197 3204 463 3271 ἀκινάκην
515 3207 627 3277 (99)
687 3204 1002 3276 σπασαμένη
1052 3200 1280 3279 τάνδρὸς
1337 3200 1483 3256 παίει
1539 3199 1676 3255 κατά
1729 3219 1860 3276 καρ-

196 3293 327 3357 δίας
355 3294 450 3350 τὸν
513 3288 784 3370 βάρϐαρον
833 3291 922 3348 καὶ
971 3291 1129 3357 εὐθὺς
1176 3292 1403 3365 ἀναιρεῖ.
1456 3293 1562 3344 Τοῦ
1609 3286 1665 3344 δὲ
1696 3283 1860 3365 ἔργου

2043 1240 2325 1293 Caeterum
2371 1238 2751 1310 Dalassenus,
2782 1240 3069 1313 Ergodata
3112 1241 3184 1297 ad
3232 1257 3296 1297 se
3337 1242 3626 1298 veniente.

1973 1326 2209 1382 credere
2238 1328 2367 1398 ejus
2389 1328 2778 1399 jurejurando
2809 1332 2867 1385 et
2897 1346 3013 1385 una
3055 1330 3401 1403 Byzantium
3431 1330 3628 1387 venire

1973 1414 2166 1471 noluit
2195 1433 2207 1471 :
2242 1417 2343 1472 sed
2376 1418 2692 1487 quemdam
2726 1435 2971 1474 suorum
3001 1418 3413 1476 fidelissimum
3441 1420 3624 1484 misit,

1973 1520 2075 1576 per
2104 1520 2276 1576 quem
2311 1507 2706 1563 sanctioribus
2727 1507 2840 1563 sibi
2863 1508 3220 1579 juramentis
3241 1507 3431 1565 caveri
3463 1513 3624 1581 pete-

1975 1593 2092 1659 bat,
2124 1610 2309 1665 eoque
2340 1596 2492 1651 facto
2524 1600 2837 1651 venturum
2864 1613 2926 1653 se
2950 1598 3349 1669 promittebat.
3376 1598 3625 1654 Mittitur

1973 1681 2158 1754 igitur
2188 1684 2259 1739 ad
2295 1684 2678 1740 Dalassenum
2708 1685 3131 1741 Constantinus
3163 1686 3471 1758 Phagitzes
3518 1703 3621 1743 eu-

1975 1771 2206 1827 nuchus
2253 1772 2567 1846 Paphlago,
2620 1774 2931 1830 familiaris
2978 1775 3371 1847 imperatoris,
3420 1793 3621 1831 secum

1976 1861 2168 1916 ferens
2198 1864 2530 1918 veneranda
2577 1862 2768 1919 crucis
2806 1863 2987 1936 ligna,
3019 1868 3078 1920 et
3126 1864 3373 1920 linteum
3403 1865 3622 1920 Christi

1975 1949 2295 2022 imaginem
2327 1951 2552 2009 habens
2583 1969 2944 2024 expressam,
2975 1970 3042 2010 ac
3082 1953 3393 2026 epistolam
3422 1958 3624 2010 Serva-

1980 2040 2123 2095 toris
2158 2057 2334 2097 manu
2384 2042 2455 2097 ad
2504 2043 2797 2114 Augarum
2845 2044 3144 2115 scriptam,
3193 2059 3260 2099 ac
3306 2044 3624 2115 imaginem

1981 2129 2258 2202 Deiparaz.
2294 2132 2349 2187 Is
2381 2131 2521 2187 data
2547 2137 2900 2205 acceptaque
2921 2133 3035 2188 ﬁde
3066 2131 3448 2189 Dalassenum
3480 2133 3624 2204 Cpoo

1977 2218 2063 2274 lin
2096 2235 2299 2276 secum
2350 2221 2636 2292 perducit.
2684 2221 3028 2278 Venientem
3074 2222 3394 2293 imperator
3437 2222 3626 2277 amice

1978 2309 2224 2381 excepit,
2259 2310 2631 2381 proconsulis
2661 2308 2881 2368 honore
2912 2311 3186 2382 dignatus
3216 2314 3326 2381 est,
3359 2326 3427 2367 ac
3456 2310 3627 2367 donis

1978 2396 2367 2470 amplissimis
2397 2399 2612 2467 affecit,
2636 2400 2937 2472 jussitque
2956 2398 3138 2456 libere
3158 2404 3216 2457 et
3242 2401 3469 2473 absque
3499 2416 3624 2457 me-

1974 2491 2039 2543 tu
2073 2487 2132 2542 in
2164 2488 2338 2544 domo
2369 2488 2579 2561 ipsius,
2611 2505 2739 2560 quas
2769 2494 2897 2546 erat
2925 2490 2999 2546 ad
3031 2489 3186 2562 Cyri,
3215 2490 3445 2563 degere.

2045 2754 2267 2812 Accidit
2308 2772 2374 2811 eo
2423 2760 2686 2827 tempore
2732 2756 2891 2813 aliud
2941 2756 3247 2831 quidpiam
3297 2762 3625 2816 memoratu

1973 2845 2239 2915 dignum.
2272 2846 2672 2917 Barangorum
2698 2863 2799 2918 per
2821 2847 3180 2919 provinciam
3200 2847 3625 2905 Thracensium

1974 2934 2034 2989 in
2067 2934 2313 2991 hiberna
2342 2934 2743 3006 dispersorum
2782 2936 3027 3008 quidam
3059 2936 3366 2993 mulierem
3399 2936 3627 3011 indige-

1972 3042 2110 3081 nam
2131 3024 2318 3082 solam
2340 3030 2550 3081 nactus
2567 3027 2639 3081 de
2656 3031 2862 3099 stupro
2883 3025 3219 3099 appellavit,
3244 3044 3311 3084 ac
3332 3028 3628 3084 recusanti

1971 3114 2086 3170 vim
2117 3114 2334 3170 inferre
2365 3131 2682 3187 aggressus
2728 3119 2837 3172 est.
2888 3116 2969 3171 Ea
3016 3116 3332 3172 barbarum
3364 3122 3631 3189 correpto

1971 3203 2080 3259 viri
2112 3203 2347 3260 acinace
2372 3203 2433 3258 in
2464 3220 2565 3260 cor
2597 3204 2726 3260 ferit
2756 3221 2822 3260 ac
2844 3204 3046 3261 statim
3069 3206 3222 3263 509
3257 3213 3442 3262 necat.
3466 3207 3628 3271 Quod

1973 3294 2193 3349 factum
2224 3309 2358 3349 cum
2379 3310 2483 3366 per
2496 3292 2772 3349 viciniam
2792 3294 3167 3362 innotuisset,
3187 3294 3413 3351 coivere
3435 3295 3631 3352 czeteri

203 3362 557 3449 διαδοθέντος
585 3362 646 3438 ’ἐν
809 3380 1111 3457 περιχώρῳ
1158 3362 1628 3456 συναθροισθέντες
1671 3379 1723 3433 ei
1754 3362 1860 3435 Βά-

1976 3382 2244 3455 Barangi,
2277 3387 2333 3439 et
2384 3381 2693 3439 mulierem
2743 3400 3112 3453 coronavere,
3147 3386 3424 3442 omnibus
3451 3385 3629 3441 etiam

198 3495 400 3551 ραγ-γοι
455 3473 559 3541 τὴν
609 3493 667 3527 τε
718 3476 943 3547 γυναῖκα
1001 3472 1361 3548 στεφανοῦσι,
1422 3464 1665 3530 διδόντες
1722 3466 1860 3542 αὐτῇ

196 3562 291 3617 καὶ
325 3563 427 3632 τὴν
457 3562 664 3617 ἅπασαν
695 3559 883 3615 οὐσίαν
931 3562 1031 3613 τοῦ
1066 3558 1313 3634 βιαστοῦ,
1356 3557 1603 3613 κάκεῖνον
1655 3555 1859 3634 ἄταφον

200 3651 460 3728 ῥίπτουσι
490 3650 626 3705 κατά
671 3648 766 3704 τὸν
812 3652 920 3703 τῶν
979 3648 1314 3725 βιοθανάτων
1363 3646 1530 3720 νόμον
1573 3648 1672 3720 (1).
1701 3648 1776 3700 Τά
1803 3644 1861 3701 δὲ

199 3749 304 3811 τῆς
337 3736 558 3815 ἀκρίδος
606 3734 961 3815 στρατόπεδα,
992 3737 1070 3800 ὡς
1116 3734 1227 3807 ἤδη
1278 3735 1572 3813 φθάσαντες
1611 3732 1859 3808 εἴπομεν,

198 3831 343 3887 κατᾶ
383 3831 485 3898 τήν
544 3829 597 3885 έν
653 3827 1051 3901 Ἑλλησπόντῳ
1110 3824 1405 3904 αἰγιαλῖτιν
1459 3827 1685 3900 ψάμμον
1743 3822 1859 3879 δια-

202 3919 478 3998 φθαρέντα
524 3918 677 3983 αὗθις
726 3916 931 3995 ἀνεφύη
981 3915 1307 3990 αὐτομάτως
1338 3915 1427 3970 καὶ
1459 3915 1560 3985 τὴν
1591 3912 1859 3989 παράλιον

198 4017 302 4080 τῆς
351 4006 766 4079 Ἑλλησπόντου
817 4004 983 4062 πάλιν
1039 4005 1405 4079 κατέμαρπτε,
1462 4004 1549 4059 καὶ
1603 4002 1690 4059 ἐπὶ
1738 4023 1858 4079 τρι-

201 4099 351 4154 ετίαν
401 4095 542 4167 ὅλην
593 4093 859 4151 διετέλεσε
905 4093 1224 4172 κεραΐζοντα
1268 4094 1333 4149 τὸ
1383 4093 1522 4167 θέμα
1568 4096 1676 4147 τῶν
1721 4098 1859 4167 Θρᾳ-

199 4186 432 4258 κησίων,
474 4183 566 4240 καὶ
615 4183 670 4239 ἐν
710 4184 1001 4259 Περγάμῳ
1034 4183 1300 4260 γενόμενα
1332 4179 1617 4259 διεφθάρη,
1670 4182 1858 4235 θεασα-

204 4278 369 4349 μένου
398 4271 458 4329 δέ
484 4294 634 4338 τινος
659 4269 923 4349 πρότερον
955 4276 1067 4328 τῶν
1100 4275 1183 4346 [Ρ.
1223 4274 1354 4345 736]
1401 4271 1858 4344 ὑπηρετουμένων

196 4371 277 4439 τῷ
307 4362 596 4436 ἐπισκόπῳ
630 4360 803 4437 θέαμα
849 4361 949 4418 οὐκ
997 4357 1126 4437 ὄναρ
1174 4359 1300 4417 ἀλλ’
1342 4359 1482 4434 ὕπαρ
1512 4362 1612 4433 (2).
1646 4356 1859 4417 Ἐδόκει

198 4455 303 4531 γάρ
360 4455 492 4530 ὸρᾷν
542 4450 802 4529 εὖνοῦχόν
856 4472 979 4507 τινα
1022 4448 1378 4527 λευχείμονα,
1435 4448 1864 4524 έξαστράπτοντα

198 4545 300 4613 τήν
340 4543 583 4618 μορφήν.
641 4541 736 4597 Καὶ
792 4539 852 4604 ’ὸς
897 4543 1065 4615 τριῶν
1113 4537 1520 4614 παρακειμένων
1555 4536 1857 4613 ἔμπροσθεν

198 4633 368 4689 αὐτοῦ
424 4629 639 4685 σάκκων
694 4629 851 4686 λῦσαι
910 4628 1263 4704 προσετάχθη
1322 4628 1414 4682 τὸν
1467 4623 1562 4681 ἕνα
1615 4626 1707 4681 καὶ
1766 4647 1855 4681 κε-

1966 3471 2139 3528 bonis
2170 3472 2299 3543 ejus
2329 3472 2431 3544 qui
2475 3471 2664 3544 ipsam
2716 3471 2981 3529 voluerat
3027 3473 3243 3531 violare
3288 3474 3565 3532 donatam
3602 3490 3615 3530 :

1968 3561 2164 3633 ipsum
2199 3565 2397 3617 autem
2434 3560 2798 3633 insepultum
2849 3563 3213 3633 sbjecerunt,
3246 3568 3311 3620 ut
3341 3564 3431 3620 lex
3455 3563 3634 3636 jubet

1968 3667 2068 3707 eos
2098 3649 2197 3722 qui
2229 3649 2343 3705 sibi
2375 3653 2621 3706 mortem
2646 3650 3073 3707 consciverunt.
3096 3652 3329 3708 Interim
3352 3651 3624 3708 examina

1969 3739 2334 3795 locustarum
2366 3754 2494 3811 quea
2525 3755 2626 3810 per
2654 3738 3017 3812 Hellesponti
3067 3756 3304 3796 arenam
3336 3740 3395 3796 in
3426 3740 3623 3797 littore

1971 3828 2149 3884 sitam
2184 3827 2450 3899 dispersa
2481 3828 2726 3900 periisse
2770 3828 3105 3897 docuimus,
3138 3833 3347 3902 sponte
3393 3847 3502 3886 sua
3534 3847 3623 3886 re-

1967 3917 2238 3973 vixerunt
2267 3921 2325 3973 et
2343 3918 2541 3973 omnia
2565 3917 2925 3990 Hellesponti
2945 3918 3339 3987 infestarunt;
3369 3935 3625 3992 cumque

1970 4005 2329 4078 provinciam
2373 4004 2765 4062 Thracensem
2815 4022 2917 4078 per
2958 4006 3249 4079 integrum
3302 4006 3621 4065 triennium

1970 4094 2247 4169 populata
2277 4100 2492 4166 essent,
2523 4096 2680 4167 apud
2713 4099 3064 4168 Pergamum
3094 4096 3413 4168 perierunt.
3445 4099 3620 4154 Ante-

1970 4202 2149 4258 quam
2183 4186 2240 4240 id
2273 4185 2462 4253 lleret,
2493 4184 2728 4241 cuidam
2779 4186 2851 4242 de
2904 4186 3194 4243 ministris
3241 4186 3503 4259 episcopi
3532 4188 3622 4243 in-

1970 4274 2259 4330 somnium
2301 4273 2565 4329 oblatum
2621 4274 2831 4341 fuerat,
2862 4292 3108 4347 prorsus
3156 4292 3277 4333 rem
3308 4276 3497 4347 ipsam
3532 4292 3621 4333 re-

1971 4366 2349 4435 praesentans.
2408 4363 2585 4418 Visus
2645 4366 2768 4419 erat
2842 4363 2957 4420 sibi
3029 4364 3224 4421 videre
3278 4364 3615 4422 eunuchum

1970 4452 2286 4524 quemdam
2311 4450 2460 4507 albis
2480 4452 2743 4508 vestibus
2761 4453 3064 4525 amictum,
3081 4454 3268 4510 forma
3287 4452 3617 4526 effulgente,

1970 4541 2070 4614 qui
2101 4541 2292 4597 tribus
2313 4541 2424 4613 ipsi
2457 4543 2745 4615 appositis
2764 4543 2951 4600 saccis
2968 4544 3171 4600 ordine
3188 4560 3288 4601 eos
3311 4545 3621 4615 juberetur

1969 4630 2194 4704 aperire
2226 4647 2291 4686 ac
2323 4648 2623 4687 evacuare.
2675 4632 2935 4703 Cumque
2965 4632 3025 4687 id
3070 4633 3307 4704 faceret,
3349 4650 3380 4690 e
3427 4636 3618 4706 primo

200 4728 395 4791 νῶσαι,
447 4722 559 4777 εἶτα
603 4719 697 4774 τὸν
743 4716 991 4794 δεύτερον
1040 4718 1130 4773 καὶ
1170 4717 1359 4797 ἑφεξῆς
1390 4717 1481 4772 τὸν
1521 4717 1727 4793 τρίτον.
1754 4721 1858 4771 Τοῦ

1976 4719 2081 4775 vim
2114 4724 2477 4792 serpentum,
2508 4720 2840 4792 viperarum
2861 4725 2918 4776 et
2932 4721 3305 4793 scorpionum
3330 4723 3617 4795 erupisse,

204 4809 263 4867 δὲ
289 4812 367 4873 ὡς
394 4806 685 4879 ἐκελεύσθη
715 4809 1070 4879 ποιήσαντος,
1104 4807 1133 4862 6
1167 4807 1261 4880 μὲν
1303 4810 1522 4881 πρῶτος
1574 4802 1721 4884 ὄφεις
1764 4806 1854 4861 καὶ

1976 4824 2035 4864 ex
2055 4808 2237 4865 altero
2271 4810 2531 4876 rubetae,
2562 4808 3154 4881 aspidbs,basiliseos,
3187 4815 3445 4867 cerastas
3475 4818 3532 4868 et
3560 4830 3618 4868 a-

204 4897 431 4975 ὲχίδνας
461 4898 553 4952 καὶ
601 4893 897 4971 σκορπίους
948 4890 1249 4971 ἐξέϐρασεν,
1281 4894 1310 4950 ὀ
1343 4892 1400 4950 δὶ
1444 4892 1689 4970 δεύτερος
1720 4893 1853 4973 φρό-

1976 4899 2075 4954 lias
2097 4902 2409 4955 venenatas
2428 4897 2665 4967 bestias,
2684 4914 2753 4954 ex
2773 4898 2943 4953 tertio
2962 4898 3356 4967 cantharides,
3372 4900 3614 4971 culices,

202 5010 326 5050 νους
371 4984 465 5043 καὶ
513 4981 742 5047 ἀσπίδας
791 4983 880 5039 καὶ
934 4983 1283 5060 βασιλίσκους
1330 4983 1421 5039 καὶ
1469 4984 1727 5057 κεράστας
1764 4987 1853 5040 καί

1976 5004 2172 5060 vespas
2204 4986 2429 5057 aliaque
2459 4985 2724 5043 aculeata
2752 4984 3048 5043 animalia.
3074 4987 3196 5044 Sibi
3216 5004 3352 5044 cum
3374 4989 3447 5044 ad
3476 5004 3615 5061 spe-

201 5075 354 5153 ’ἑτερα
384 5070 608 5145 ἱοϐόλα,
639 5075 668 5130 6
700 5072 758 5130 δὶ
803 5073 989 5149 τρίτος
1034 5074 1336 5150 κανθάρους
1380 5073 1469 5129 καὶ
1513 5078 1736 5139 σκνῖπας
1765 5074 1854 5129 καὶ

1976 5076 2264 5134 :taculum
2313 5074 2729 5143 obmutuisset,
2762 5076 3141 5149 splendidum
3192 5078 3373 5134 istum
3421 5077 3611 5134 virum

1392 5237 1771 5293 XYLANDRI
1812 5238 1904 5294 ET
1942 5237 2162 5295 GOARI
2201 5236 2431 5293 NOT/E.

277 5366 386 5449 (98)
414 5369 497 5421 Ex
528 5363 813 5449 Choniata
836 5367 1078 5449 apparet
1099 5364 1207 5449 hes
1230 5363 1413 5449 fuisse
1444 5363 1735 5449 satellites
1752 5381 1855 5449 seu
2037 5363 2116 5449 (lt)
2148 5363 2328 5449 Vertil,
2361 5365 2458 5435 qui
2481 5370 2717 5449 .m‘ortem
2757 5365 2865 5449 sibi
2909 5368 3275 5449 consciscunt,
3306 5368 3463 5449 quod
3496 5385 3612 5449 non

204 5436 515 5511 stipatores
546 5436 933 5511 imperatoris
951 5437 1011 5492 in
1043 5436 1216 5507 bello,
1234 5436 1856 5511 _bipenniferos.pUnde
1966 5436 2412 5511 puto__o_mnibus
2442 5437 2690 5493 violenta
2716 5443 2898 5511 morte
2921 5440 3226 5511 exstinctis
3249 5436 3398 5496 hanc
3431 5441 3612 5498 fuisse

208 5515 267 5566 et
288 5506 389 5583 qui
420 5506 898 5583 fuerint'nescire
927 5524 990 5583 se
1020 5514 1121 5583 aut
1164 5506 1370 5583 salte'm
1404 5509 1680 5583 explicari
1707 5509 1855 5583 velle
1966 5506 2354 5583 conditionem
2390 5510 2719 5579 impositam
2747 5527 2759 5577 ;
2795 5510 2895 5565 sed
2928 5510 3024 5566 ille
3053 5512 3161 5567 sibi
3192 5512 3433 5569 exitium
3462 5514 3592 5571 asci

207 5578 480 5639 librarius
511 5580 771 5638 ostendit
816 5579 985 5637 initio
1016 5581 1354 5653 Stratiotici,
1386 5578 1494 5638 ubi
1518 5598 1722 5639 eorum
1749 5582 1859 5639 fuit
1962 5578 2317 5653 verat._Xv_t_..

212 5656 445 5711 mentio.
475 5653 612 5710 XYL.
767 5722 777 5725 Α
817 5723 826 5725 _
965 5723 993 5725 κ
1197 5723 1209 5725 _
1242 5723 1255 5725 ,
1294 5649 1347 5725 ,ξ

2036 5651 2113 5724 (2)
2146 5650 2220 5705 Ex
2253 5649 2488 5705 Homeri
2517 5651 2725 5725 Odyss.
2755 5652 2821 5723 T,
2850 5653 2977 5709 549.
3011 5656 3154 5711 Χη.

283 5727 387 5801 (99)
416 5726 598 5785 Buine
629 5722 830 5781 mariti
861 5739 934 5782 an
964 5723 1214 5797 Barangi
1234 5723 1263 5778 ?
1293 5722 1425 5779 XYL.
