4038 6334
159 395 286 456 245

1303 392 1853 459 lllSTURlARUM
1897 392 2446 458 COMPENDIUM.

3457 392 3581 455 246

162 524 325 583 σιλια
382 522 544 598 δῆθεν
598 522 826 581 ἐκδικῶν
885 525 960 589 ὡς
1008 526 1156 581 θεῖον
1209 527 1309 596 τῆς
1350 527 1603 602 γυναικὸς
1652 525 1816 583 αὐτοῦ

1946 528 2245 601 σιιίἁεωὶἰε
2256 545 2534 586 concessa
2546 527 2935 603 recuperavit;
2956 533 3013 586 et
3024 526 3345 586 Patzinacea
3360 526 3579 586 Istrum

158 618 257 688 τήν
315 637 377 672 τε
432 615 567 690 πρὸς
617 613 926 688 Ῥωμαίους
994 616 1217 692 εἱρήνην
1287 616 1554 672 ἀπείπατο
1610 618 1701 673 καὶ
1751 619 1817 673 τὰ

160 707 350 782 πρώην
416 701 640 770 δοθέντα
718 706 924 780 κάστρα
1005 707 1082 779 (3)
1130 704 1219 760 καὶ
1306 705 1540 782 φρούρια
1614 704 1821 763 ἅπαντα

158 796 526 866 ἀνεκτήσατο.
606 794 1007 870 Περαιωθὲντες
1079 791 1138 850 δὲ
1202 793 1293 851 καὶ
1348 794 1440 850 τὸν
1504 796 1712 872 Ἵστρον
1768 797 1819 852 οἱ

164 882 496 954 Βατζινάκαι
538 888 714 939 πᾶσαν
776 881 1066 953 ἆληΐσαντο
1110 885 1211 954 τὴν
1268 883 1474 939 Μυσίαν
1526 882 1656 961 ἄχρι
1689 892 1820 942 Θεσ·

164 972 489 1043 σαλονίκης,
520 972 611 1027 καὶ
669 971 740 1026 τὰ
789 976 896 1027 τῶν
938 972 1164 1051 ’Δφρων
1207 973 1379 1030 πλοῖα
1408 973 1501 1036 τὰς
1543 972 1823 1037 Κυκλάδας

165 1063 229 1118 οὗ
267 1066 482 1137 μικρῶς
539 1059 903 1135 ἐλυμήναντο.
959 1065 1058 1117 Ὧν
1119 1060 1347 1137 οὐδεμία
1405 1064 1623 1141 φροντὶς
1645 1064 1710 1133 ἦν
1744 1067 1826 1137 τῷ

165 1152 423 1227 Ἰωάννῃ,
459 1151 624 1225 μόνην
667 1147 713 1206 δ’
760 1149 1003 1225 ἔμμονον
1054 1150 1322 1229 ἀσχολίαν
1349 1154 1490 1228 εἶχεν
1526 1151 1675 1216 ὅπως
1706 1151 1766 1208 ἂν
1797 1155 1825 1209 6

163 1240 517 1311 Δαλασσηνὸς
549 1238 827 1316 ἀσφαλῶς
857 1246 1086 1317 τηροῖτο
1118 1241 1209 1296 καὶ
1243 1242 1320 1316 μὴ
1349 1242 1444 1305 τὰς
1476 1242 1641 1298 αὐτοῦ
1668 1242 1827 1299 λαθοι

166 1328 398 1406 διαδράς
453 1328 794 1391 πλεκτάνας.
848 1331 949 1385 Καὶ
999 1327 1137 1401 δῆτα
1196 1332 1507 1406 μεταγαγὼν
1565 1332 1675 1387 ἀπὰ
1727 1339 1828 1402 τῆς

173 1422 346 1492 νήσου
398 1416 620 1490 Πλάτης
672 1418 834 1474 αὐτὸν
899 1418 1091 1495 πόργῳ
1144 1420 1519 1497 καθείργνυσιν
1576 1420 1825 1500 ἀσφαλεῖ,

172 1509 471 1580 ima-rica;
528 1507 676 1579 αύτῷ
725 1507 998 1583 φρουροὺς
1054 1507 1153 1564 οὐκ
1200 1508 1460 1587 ἀγεννεῖς.
1517 1509 1831 1567 Μεταστὲλ-

166 1597 321 1655 λεται
382 1594 434 1651 δ’
494 1595 544 1671 ἐξ
598 1593 858 1667 Ἐδεσσης
926 1595 1016 1653 καὶ
1072 1599 1345 1675 Γεώργιον
1404 1598 1684 1673 πατρίκιον
1736 1600 1828 1655 τὸν

168 1688 489 1758 Μανιάκην,
521 1687 610 1741 καὶ
671 1686 865 1741 τοὸτον
923 1686 1017 1760 μὶν
1078 1687 1266 1764 ἄρχειν
1298 1686 1564 1763 ἐκπέμπει
1594 1695 1692 1758 τῆς
1720 1687 1830 1744 ἅνω

158 1773 387 1847 Μηδίας
437 1774 528 1831 καὶ
582 1781 685 1845 τῆς
755 1776 1152 1851 ’Λσπρακανίας
1228 1779 1325 1851 (4),
1392 1775 1445 1833 ἐν
1502 1774 1726 1853 Ἐδὲσσῃ
1773 1775 1831 1833 δὲ

167 1867 391 1940 πέμπει
421 1870 628 1921 Δεοντα
656 1864 747 1920 τὸν
798 1862 1187 1940 Λεπενδρηνόν.
1216 1863 1455 1930 ’Έλκους
1487 1864 1545 1922 δὲ
1575 1863 1831 1941 διανεμο-

164 1955 340 2030 μὲνου
374 1954 443 2010 τὸ
470 1958 571 2010 τοῦ
619 1953 1032 2033 ὀρφανοτρόφου
1086 1953 1263 2029 στόμα
1316 1955 1406 2011 καὶ
1445 1955 1625 2027 πάσης
1658 1956 1829 2032 ἰατρι-

161 2052 273 2115 κῆς
298 2045 512 2120 τέχνης
556 2042 939 2114 ἀπειρηκυίας,
991 2042 1122 2120 ὄναρ
1178 2043 1327 2118 αύτῷ
1365 2043 1586 2109 ἐπιστὰς
1610 2047 1637 2101 ὁ
1664 2044 1833 2122 μὲγάς

168 2133 224 2190 ιν
258 2132 506 2208 θαύμασι
544 2131 823 2194 Νικόλαος
892 2129 1037 2203 ἥκειν
1096 2131 1151 2189 ἐν
1198 2134 1406 2217 Μύροις
1435 2136 1531 2204 τὴν
1561 2136 1830 2212 ταχίστην

1928 620 2283 693 transgressi
2296 619 2397 675 uni
2409 636 2629 675 versam
2646 618 2891 692 Mysiam
2905 617 3574 691 usqueTbessalonioam

1930 709 2192 784 pepulati
2222 713 2400 776 sunt;
2434 713 2491 764 et
2519 709 2791 764 Afrorum
2832 724 3010 765 naves
3039 706 3393 781 Cycladibus
3420 709 3578 767 insu-

1929 798 2005 856 lis
2027 817 2142 856 non
2159 798 2308 855 levia
2328 797 2899 854 damnaintulerunt.
2917 797 3295 854 Nihilborum
3312 800 3577 854 omnium

1930 906 2082 946 curas
2113 888 2327 945 Joanni
2372 887 2502 957 fuit,
2536 888 2597 942 in
2626 888 2684 942 id
2730 904 2912 943 unum
2944 886 3167 943 intento
3216 892 3280 943 ut
3309 887 3582 945 Dalasse-

1934 996 2077 1034 num
2110 981 2379 1034 accurate
2424 977 2768 1043 custodiret,
2804 993 2875 1031 ne
2908 977 2957 1033 is
2995 993 3058 1033 se
3096 974 3285 1048 ipsius
3313 977 3583 1033 cassibus

1934 1068 2234 1141 explicans
2286 1067 2661 1123 subduceret.
2714 1068 2916 1137 Itaque
2965 1082 3099 1121 eum
3148 1066 3222 1121 ab
3268 1065 3467 1122 insula
3520 1066 3579 1121 in

1935 1158 2147 1214 turrim
2179 1157 2478 1226 transfert,
2509 1154 2975 1227 custodibusque
2997 1155 3253 1211 strenuis
3282 1170 3583 1211 asservan-

1936 1247 2077 1302 dum
2113 1247 2373 1301 mandat.
2421 1246 2733 1316 Georgium
2785 1261 3017 1316 quoque
3047 1245 3347 1300 Maniacen
3379 1248 3582 1301 avocat

1935 1336 2176 1401 Edessa,
2208 1340 2266 1390 et
2294 1334 2532 1407 praeficit
2564 1334 2765 1389 Mediae
2788 1332 3097 1404 superiori,
3130 1349 3257 1405 quas
3288 1337 3347 1388 et
3374 1336 3581 1405 Aspre-

1937 1426 2110 1482 cauia
2139 1425 2375 1492 dicitur,
2410 1423 2593 1479 misso
2638 1423 2917 1478 Edessam
2951 1423 3142 1478 Leone
3189 1422 3583 1492 Lependreno.

1938 1515 2084 1571 Cum
2117 1519 2310 1568 autem
2357 1512 2525 1568 ulcus
2570 1511 3030 1583 orpbanotrOpbi
3082 1528 3148 1566 os
3179 1511 3590 1582 depasceretur

1939 1608 1997 1658 et
2027 1602 2238 1657 medici
2264 1602 2335 1657 de
2365 1618 2472 1672 Ope
2503 1600 2740 1657 ferenda
2774 1600 3208 1671 desperassent,
3244 1615 3348 1671 per
3366 1598 3588 1655 insom-

1940 1693 2108 1747 nium
2167 1693 2220 1747 ei
2297 1692 2460 1747 visus
2532 1705 2785 1762 magnus
2859 1689 3281 1744 miraculorum
3355 1688 3593 1744 effector

1939 1781 2214 1836 Nicolaus
2259 1780 2490 1835 monuit
2537 1785 2601 1834 ut
2646 1778 3086 1851 quamprimum
3137 1777 3300 1849 Myra
3345 1776 3478 1843 iret,
3508 1776 3591 1832 ibi

1939 1871 2251 1926 sanitatem
2268 1873 2627 1941 recepturus.
2651 1866 2964 1924 Celerrime
2986 1866 3166 1939 igitur
3183 1882 3250 1922 eo
3271 1866 3588 1937 prolectus,

1939 1958 2157 2016 Nicolai
2190 1958 2428 2015 clericos
2471 1956 2789 2027 unguentis
2819 1954 3066 2028 aliisque
3097 1954 3465 2028 sumptuosis
3495 1970 3588 2009 re-

1942 2051 2055 2107 bus
2087 2048 2431 2115 demeritus,
2461 2045 2808 2118 metropolin
2840 2045 3003 2118 Myra
3034 2060 3201 2101 muro
3221 2042 3587 2100 validissimo

1943 2138 2145 2208 cinxit,
2178 2137 2501 2209 morboque
2530 2134 2760 2191 solutus
2790 2134 2982 2191 rediit.

164 2218 423 2279 ἔκέλευεν
482 2222 560 2286 ὡς
618 2221 794 2277 ἐκεῖσε
838 2222 1158 2297 τευξόμενον
1214 2223 1521 2299 θεραπείας.
1578 2225 1635 2279 '0
1694 2222 1751 2281 δὲ
1822 2231 2011 2290 θᾶττον
2072 2225 2108 2296 ἥ
2168 2224 2332 2302 λόγος
2391 2223 2561 2279 ἐκεῖσε
2598 2223 2884 2297 φοιτήσας,
2942 2222 3033 2278 καὶ
3096 2220 3287 2297 μύροις
3336 2219 3432 2276 καὶ
3488 2219 3588 2276 ἅλ-

164 2312 295 2375 λαις
326 2308 720 2374 πολυτελείαις
760 2311 852 2367 τὸν
908 2316 1006 2366 τοῦ
1061 2311 1304 2388 μεγάλου
1365 2314 1509 2368 θεῖον
1556 2311 1946 2389 δεξιωσάμενος
2004 2316 2153 2387 ναὸν,
2210 2315 2301 2370 καὶ
2353 2314 2525 2390 τείχει
2583 2309 2928 2389 περικλείσας
2986 2310 3324 2387 ὀχυρωτάτῳ
3351 2310 3450 2379 τὴν
3481 2309 3593 2365 τῶν

167 2402 415 2477 Μυρέων
453 2398 827 2477 μητρόπολιν,
859 2400 1143 2476 θεραπείας
1165 2402 1349 2478 τυχὼν
1379 2401 1641 2458 ἐπάνεισιν
1663 2404 1839 2479 ὑγιής.

236 2492 467 2562 Νικήτα
518 2487 576 2545 δὲ
621 2493 722 2546 τοῦ
779 2495 1205 2567 στρατηγοῦντος
1260 2491 1313 2547 ἐν
1372 2492 1679 2568 Ἀντιοχείᾳ
1731 2497 1832 2558 τῆς

171 2580 384 2655 Συρίας
414 2579 886 2654 καταστρέψαντος
933 2582 1034 2651 τὴν
1085 2582 1270 2650 Σωὴν,
1321 2582 1508 2655 ἅτερος
1544 2587 1651 2637 τῶν
1683 2580 1837 2638 ἀδελ-

172 2674 289 2748 φῶν
334 2670 367 2723 6
430 2673 835 2730 Κωνσταντῖνος
908 2670 1220 2734 καθίσταται
1291 2670 1489 2727 τούτου
1548 2667 1833 2746 διάδοχος,

172 2758 261 2813 καὶ
290 2758 581 2833 Γεώργιος
612 2758 640 2812 6
698 2755 894 2820 λοιπὸς
948 2753 1443 2836 πρωτοϐεστιάριος
1478 2760 1706 2837 γίνεται.
1737 2764 1835 2816 τοῦ

174 2848 442 2921 Συμεὼν,
513 2847 589 2911 ὡς
655 2843 907 2920 εἴπομεν,
958 2848 1023 2904 τὸ
1100 2846 1389 2922 μοναδικὸν
1476 2847 1837 2924 ἐνδυσαμένου

175 2944 408 3013 σχῆμα.
468 2933 790 3010 Ἐλευθεροῖ
833 2934 890 2992 δὲ
935 2936 1025 2992 καὶ
1070 2937 1198 3001 τοὺς
1243 2938 1663 3015 καθειργμένους
1710 2940 1839 2998 Ἀν-

172 3031 398 3102 τιοχεῖς
427 3031 535 3094 τῆς
588 3024 817 3101 χρονίας
859 3026 1180 3103 καθείρξεως
1236 3028 1265 3083 6
1290 3029 1375 3099 [P.
1405 3029 1533 3104 738]
1559 3028 1835 3105 βασιλεὺς,

179 3115 476 3192 ἀναγαγὼν
531 3114 620 3169 καὶ
660 3115 799 3187 πρὸς
842 3116 907 3170 τὸ
951 3119 1049 3171 τοῦ
1079 3115 1349 3192 Καίσαρος
1376 3117 1669 3194 περίοπτον
1702 3117 1839 3192 ὕψος

180 3200 426 3280 Μιχαὴλ
457 3203 551 3258 τὸν
581 3205 681 3272 τῆς
731 3202 924 3259 ἑαυτοό
966 3201 1211 3283 ἀδελφῆς
1267 3205 1474 3282 Μαρίας
1506 3205 1644 3265 υἱόν.
1674 3211 1841 3264 Ἀπο-

177 3291 525 3365 κλαιόμενος
573 3288 632 3348 δὲ
683 3293 778 3348 καὶ
834 3294 935 3364 τήν
990 3293 1068 3357 εἶς
1117 3294 1211 3350 τὸν
1273 3293 1499 3370 βασιλέα
1553 3296 1841 3368 Ῥωμανὸν

179 3381 318 3458 ἄχρι
350 3354 554 3443 ⁸τέλους
612 3354 907 3438 διετέλεσεν
968 3354 1283 3460 ἀμάρτάδαξ
1319 3384 1410 3440 τὸν
1453 3385 1580 3440 Θεὸν
1616 3354 1838 3441 ίλιασκό-
1872 3354 1914 3421 C

187 3491 358 3544 μενος
421 3467 516 3524 διὰ
566 3469 939 3547 ἀγαθοεργιῶν
987 3472 1079 3528 καὶ
1133 3476 1239 3528 τῶν
1299 3472 1377 3535 είς
1424 3472 1553 3536 τοὺς
1609 3474 1844 3543 πένητας

187 3555 562 3633 μεταδόσεων,
620 3561 957 3637 μοναστήριά
1030 3581 1091 3617 τε
1158 3561 1219 3617 ἐκ
1290 3568 1483 3632 καινῆς
1556 3561 1847 3639 ἀνεγείρων

183 3648 276 3703 καὶ
312 3646 604 3722 μοναχοὺς
658 3645 1063 3724 ἐγκατοικίζων,
1114 3650 1202 3706 καὶ
1242 3649 1416 3715 ἄλλας
1474 3652 1695 3730 πράξεις
1727 3651 1845 3708 ἐπι-

182 3736 368 3793 τελῶν
430 3736 496 3791 οὗ
555 3736 825 3811 μεμπτάς.
887 3736 1059 3795 Λῦται
1121 3736 1168 3795 δ’
1216 3737 1414 3811 ἃνῆσαν
1472 3740 1749 3816 ἀνύσιμοι,
1798 3741 1848 3797 εἷ’

187 3827 293 3897 τήν
330 3845 398 3880 τε
450 3824 728 3901 βασιλείαν
779 3827 1043 3905 ἀπέρριψε
1095 3826 1166 3884 δι’
1217 3827 1284 3900 ἤν
1341 3832 1408 3886 τὰ
1446 3836 1680 3887 τοσαῦτα
1708 3831 1848 3887 κακᾶ

187 3915 283 3970 καὶ
343 3914 449 3983 τὴν
514 3913 819 3991 μοιχαλίδα
874 3917 1156 3989 ἀπώσατο,
1200 3917 1290 3974 καὶ
1346 3921 1467 3975 καθ’
1521 3921 1706 3977 ἑαυτὸν
1753 3921 1849 3977 ἀπ-

190 4002 451 4060 ειλέετο
480 4005 579 4073 τὴν
630 4005 918 4082 ἁμαρτίαν.
950 4007 1176 4064 Τούτων
1221 4006 1278 4064 δὲ
1321 4007 1489 4083 μηδὲν
1521 4011 1845 4086 πεπραχὼς,

192 4091 329 4150 ἀλλ’
361 4092 541 4165 ἱκείνᾳ
594 4113 653 4149 τε
705 4094 877 4151 συνὼν
922 4096 1012 4151 καὶ
1066 4104 1167 4167 τῆς
1208 4097 1488 4174 βασιλείας
1528 4097 1845 4175 ὁλοσχερῶς

190 4180 572 4258 ἀντεχόμενος
602 4183 705 4238 κάκ
757 4188 866 4239 τῶν
918 4182 1200 4259 δημοσίων
1253 4186 1343 4242 καὶ
1398 4192 1595 4243 κοινῶν
1632 4189 1728 4252 τὰς
1754 4186 1845 4244 δο-

2004 2496 2247 2552 'Mortuo
2285 2495 2488 2552 Niceta
2516 2495 2836 2553 Antiochiae
2866 2494 2925 2550 in
2956 2491 3119 2566 Syria
3150 2491 3443 2564 praefecto,
3477 2489 3594 2546 fra-

1944 2587 2034 2640 ter
2089 2585 2513 2641 Constantinus
2560 2586 2875 2651 suflicitur,
2924 2588 2983 2640 et
3038 2583 3282 2639 fratrum
3329 2579 3596 2652 reliquus

1945 2673 2229 2745 Georgius
2264 2675 2328 2729 fit
2357 2674 2861 2745 protovestiarius,
2893 2672 3185 2741 Simeone,
3217 2674 3283 2726 ut
3312 2667 3591 2736 diximus,

1948 2763 2335 2819 monasticam
2353 2763 2533 2818 vitam
2563 2763 2846 2834 ingresso.
2871 2760 3180 2817 Diuturnis
3199 2758 3376 2815 etiam
3397 2773 3591 2814 carce-

1947 2851 2544 2924 ribusimperatorlﬂ
2557 2851 3008 2908 3Antiocbenos
3018 2848 3253 2907 emittit.
3268 2846 3591 2904 EtMicbae-

1945 2940 2068 2997 lum
2093 2942 2280 2996 Marias
2298 2940 2517 2997 sororis
2535 2958 2653 2997 sum
2672 2940 2859 2996 {ilium
2876 2941 2947 2996 ad
2969 2938 3214 2995 Caesaris
3240 2936 3471 2994 culmen
3492 2953 3590 2992 ex-

1945 3030 2120 3087 tollit.
2150 3031 2236 3086 Ad
2258 3030 2433 3087 ﬁnem
2462 3046 2649 3102 usque
2682 3029 2806 3085 vita!
2835 3028 3067 3085 deflevit
3089 3028 3463 3099 peccatumin
3485 3024 3594 3081 Ro-

1949 3136 2124 3177 mano
2155 3124 2358 3176 necato
2388 3136 2587 3191 suum,
2619 3119 2791 3175 bonis
2839 3117 3113 3190 operibus
3159 3120 3217 3173 et
3244 3113 3595 3171 liberalitate

1948 3207 2009 3264 in
2058 3225 2369 3281 pauperes,
2407 3213 2587 3264 Deum
2639 3206 2898 3280 placans,
2945 3212 3002 3263 et
3046 3202 3405 3262 monasteria
3449 3219 3599 3260 nova

1952 3299 2255 3354 condendo
2285 3302 2342 3352 et
2373 3296 2695 3353 monachos
2742 3296 2802 3351 in
2850 3312 2919 3352 ea
2964 3293 3321 3367 imponendo
3352 3290 3603 3365 aliisque

1953 3386 2121 3442 factis
2169 3386 2586 3443 laudabilibus.
2613 3387 2682 3442 Et
2710 3385 3068 3458 profuissent
3096 3400 3163 3441 ea
3210 3382 3434 3455 utique,
3467 3381 3519 3438 si
3549 3387 3607 3437 et

1958 3476 2272 3548 imperium
2322 3476 2713 3548 deposuisset,
2763 3475 2837 3532 ob
2866 3491 2994 3546 quis
3041 3473 3103 3529 in
3149 3474 3266 3530 ista
3293 3470 3605 3545 prolapsus

1956 3570 2081 3622 erat
2111 3569 2367 3637 peccata,
2400 3571 2458 3620 et
2497 3564 2822 3619 adulteram
2872 3563 3262 3634 repudiasset,
3293 3578 3362 3618 ac
3411 3560 3606 3627 priva-

1954 3660 2053 3711 tus
2079 3671 2253 3710 suum
2286 3653 2479 3710 scelus
2499 3653 2881 3727 deplorasset.
2904 3652 3071 3707 Nunc
3093 3650 3191 3707 ille
3222 3648 3368 3705 nihil
3391 3648 3603 3705 borum

1957 3761 2160 3817 agens,
2192 3744 2293 3800 sed
2342 3752 2400 3799 et
2446 3744 2587 3799 Zoes
2636 3747 2807 3798 utens
2852 3738 3297 3805 consuetudine,
3329 3742 3387 3794 et
3414 3737 3604 3809 impe-

1956 3833 2109 3889 rium
2141 3831 2438 3888 mordicus
2486 3832 2767 3898 retinens,
2810 3846 2877 3886 ac
2907 3830 2977 3884 de
3007 3827 3261 3900 publicis
3292 3825 3462 3882 bonis
3488 3825 3604 3881 ista

1957 3939 2084 3995 quae
2132 3921 2482 3978 videbantur
2529 3919 2811 3976 beneﬁcia
2854 3918 3135 3990 largiens,
3163 3916 3393 3988 hocque
3430 3913 3605 3971 modo

1956 4017 2155 4068 tamen
2187 4026 2249 4067 se
2297 4011 2525 4066 veniam
2569 4013 3023 4065 consecuturum
3054 4021 3321 4077 sperans,
3352 4004 3604 4062 stultum

1958 4106 2015 4156 et
2038 4100 2328 4172 injustum
2359 4115 2489 4155 esse
2531 4098 2760 4170 putavit
2798 4103 3006 4163 Deum,
3040 4099 3106 4151 ut
3133 4094 3236 4167 qui
3287 4093 3476 4149 aliena
3506 4108 3605 4166 pe-

1956 4191 2131 4246 cunia
2162 4189 2561 4262 paenitentiam
2597 4186 2805 4242 redimi
2835 4187 3071 4242 sineret.

190 4270 405 4334 πιούσας
427 4269 674 4330 εὐποιίας
704 4270 1072 4349 ἀποπληρῶν,
1106 4276 1207 4339 εἴθ’
1274 4271 1680 4349 ὑπολαμϐάνων
1736 4281 1923 4352 τυχεῖν
1972 4279 2403 4353 συγχωρήσεως,
2460 4274 2690 4345 ἀνόητον
2749 4270 3022 4348 ἐλογίζετο
3063 4272 3126 4327 τὸ
3183 4274 3336 4326 Θεῖον
3367 4270 3457 4325 καὶ
3489 4265 3608 4325 ἄδι-

189 4379 316 4427 κον,
340 4356 669 4434 ἀλλοτρίοις
700 4362 980 4437 χρήμασιν
1010 4362 1318 4437 ὠνούμενον
1339 4370 1441 4434 την
1473 4364 1776 4438 μετάνοιαν.

265 4451 373 4520 Tt?)
428 4444 489 4503 δὲ
536 4450 717 4527 ,ςφμιί
782 4447 913 4523 ἔτει,
973 4449 1310 4515 ἱνδικτιῶνος
1359 4455 1427 4528 γ’,
1480 4452 1643 4526 Μαΐῳ
1693 4454 1825 4527 μηνὶ

2029 4457 2108 4513 Eo
2156 4472 2332 4528 quem
2384 4455 2640 4510 diximus
2695 4469 2871 4520 anno,
2920 4467 3123 4507 mense
3170 4450 3341 4516 Maio,
3389 4448 3511 4504 Afri
3552 4450 3611 4503 et

195 4541 407 4612 Ἀφροι
467 4537 558 4592 καὶ
617 4536 846 4594 Σικελοὶ
912 4538 1349 4618 καταδραμόντες
1415 4542 1512 4606 τὰς
1567 4540 1849 4606 Κυκλάδας

195 4626 288 4682 καὶ
316 4625 392 4682 τὰ
415 4629 516 4682 τοῦ
540 4629 852 4700 Θρᾳκησίου
902 4628 1145 4702 παράλια
1189 4628 1504 4688 τελευταῖον
1553 4630 1850 4689 κατεπολε-

1958 4546 2133 4604 Siculi
2183 4545 2461 4619 Cyelades
2525 4558 2810 4614 oramque
2855 4540 3117 4597 Thraciis
3165 4536 3608 4595 incursionibus

1960 4640 2257 4706 vexantes,
2318 4635 2391 4689 ab
2447 4649 2650 4689 eorum
2716 4631 2978 4687 locorum
3038 4627 3329 4700 prafectis
3397 4623 3609 4681 devicti

203 4717 465 4789 μήθησαν
525 4716 631 4772 ὑπό
673 4721 782 4773 τῶν
830 4718 1001 4773 ἐκεῖσε
1056 4718 1467 4797 φυλαττόντων,
1517 4723 1604 4777 καὶ
1668 4741 1830 4777 πεντα

1962 4727 2122 4788 sunt,
2154 4727 2212 4777 et
2246 4722 2353 4775 500
2401 4719 2514 4774 vivi
2565 4719 2637 4774 ad
2671 4718 3086 4789 imperatorem
3140 4711 3424 4785 perducti,
3476 4710 3611 4767 reli-

199 4805 384 4860 κόσιοι
420 4805 518 4879 μὲν
561 4810 754 4875 ζῶντες
796 4808 871 4870 ὡς
921 4806 1150 4883 βασιλέα
1187 4807 1458 4885 ἤχθησαν,
1492 4809 1543 4865 οὶ
1576 4807 1635 4865 δὲ
1664 4808 1829 4865 λοιπο

1964 4811 2096 4883 quis
2129 4812 2200 4866 ad
2232 4812 2399 4882 palos
2428 4807 2657 4864 suffixis
2689 4808 2760 4861 ab
2783 4804 3105 4877 Atramytio
3136 4816 3325 4873 usque
3355 4801 3428 4855 ad
3458 4803 3611 4856 Stro-

201 4894 399 4955 πὲντες
454 4893 991 4969 ἀνεσκολοπίσθησαν
1045 4894 1099 4952 ἐν
1143 4901 1214 4973 τῇ
1253 4896 1498 4974 παραλία
1527 4899 1633 4954 ἀπὸ
1664 4899 1833 4975 ’Δτρα

1964 4900 2184 4957 belum.
2236 4898 2398 4955 Misit
2425 4898 2603 4952 etiam
2650 4896 2906 4951 Joannes
2953 4892 3214 4965 legatum
3263 4887 3610 4961 Gregorium

204 4983 407 5057 μυτίου
450 4983 545 5038 καὶ
602 4984 771 5061 μέχρι
827 4981 1155 5063 Στροόίλου.
1205 4988 1419 5062 Πέμπει
1476 4985 1534 5043 δὲ
1576 4987 1667 5043 καὶ
1726 5008 1829 5062 πρε

1966 4991 2279 5047 Probatam
2310 4989 2370 5043 in
2398 4985 2659 5042 Siciliam
2710 4985 2782 5041 ad
2832 4985 2959 5055 ejus
2988 4979 3196 5038 insula
3228 4992 3510 5044 emeram,
3543 4976 3617 5032 de

204 5068 440 5143 σϐευτὴν
465 5072 520 5139 ἒς
545 5073 807 5131 Σικελίαν
838 5078 1094 5150 Ἰωάννης
1128 5079 1400 5156 Γεώργιον
1430 5079 1521 5134 τὸν
1550 5074 1833 5156 Προϐατᾶν

1969 5095 2109 5152 pace
2164 5080 2577 5134 tractaturum.
2636 5074 2745 5139 Qui
2801 5072 3003 5128 dextre
3070 5068 3332 5125 confecto
3384 5064 3616 5156 negotio

202 5162 329 5237 np!
361 5162 592 5238 εἰρήνης
646 5162 1027 5241 διαλεξόμενον
1087 5172 1169 5241 τῷ
1221 5154 1424 5240 ταύτης
1476 5154 1810 5246 ἀμηρεύοντι

1970 5184 2181 5226 emeras
2224 5166 2413 5222 ﬁlium
2445 5165 2516 5221 ad
2549 5164 2965 5236 imperatorem
3009 5161 3166 5219 MA
3214 5154 3477 5215 adduxit.
3510 5154 3619 5211 Eo-

1398 5322 1770 5381 XYLANDRI
1807 5322 1895 5378 ET
1930 5320 2151 5377 GOARI
2187 5319 2420 5376 NOT/E.

277 5443 354 5521 (3)
385 5445 685 5521 lutei-pres
722 5463 933 5521 ercet;
981 5447 1177 5521 aptius
1222 5450 1387 5521 urbe:
1418 5449 1656 5521 .ﬂurbes
1704 5448 1863 5505 enim
1974 5463 2128 5502 rum.
2160 5449 2324 5501 Certe
2353 5444 2409 5499 in
2454 5444 2837 5521 Menemacbo
2885 5445 2943 5497 et
2989 5438 3445 5521 apud-nostrum
3477 5432 3622 5489 Bas-

92 5580 104 5591 ‘
208 5507 922 5593 auctogfrequentissime
955 5507 1126 5593 vo‘cat
1169 5518 1392 5593 κάστρα.
1446 5520 1540 5577 Sic
1573 5525 1865 5576 Beneven-
1975 5534 2234 5593 precem,
2266 5517 2503 5593 etapud
2526 5518 2886 5593 Zonaram,_a
2915 5507 3227 5593 geminato,
3254 5507 3617 5593 Βαεεριιαεειη

205 5592 361 5664 tum,
389 5579 677 5664 Qupu'nm,
710 5592 947 5664 Barium
977 5592 1038 5664 in
1067 5579 1491 5664 superioribus.
1526 5593 1707 5649 Goxn.
1974 5579 2166 5664 Media
2196 5579 2560 5664 nominatur;
2583 5592 2641 5643 et
2659 5587 2744 5664 sic
2773 5579 2950 5664 etiam
2979 5584 3035 5637 in
3057 5581 3318 5664 φθόροηο
3338 5579 3616 5664 deinceps

282 5650 361 5743 (4.)
534 5650 719 5743 δυὲίι
767 5663 1103 5743 διίειυοςίθε.
1145 5650 1307 5743 Nam
1362 5664 1464 5743 bic_
1516 5665 1867 5743 Βαασπρακα-
1972 5661 2209 5743 legitur,
2237 5678 2302 5716 ac
2321 5650 3614 5743 Beaspracania._Orpbanrotropbu‘sestloian-

211 5719 301 5782 vii
328 5719 570 5805 legitur,
599 5719 1073 5809 Baespracania,
1098 5719 1378 5794 mendose
1408 5719 1688 5794 nimirum
1709 5719 1863 5794 Ialte-
1973 5719 2077 5791 nes
2103 5719 2490 5806 imperatoris
2504 5731 2705 5799 frater,
2727 5728 2811 5785 sic
2829 5719 2888 5785 et
2906 5741 3085 5799 supra
3102 5719 3452 5797 appellatus.
3474 5719 3615 5776 Χη.
