4038 6334
477 394 597 453 247

1818 392 2135 455 GEORGII
2180 391 2519 454 CEDRENI

3773 395 3913 454 248

476 529 619 584 dem-
644 532 905 598 tempore
953 524 1149 581 hiatus
1200 524 1259 580 in
1318 524 1661 581 Bucellariis
1713 528 1880 581 terrae
1919 528 2139 581 motum

2254 523 2313 586 ’ὀς
2344 522 2595 589 ἀπελθὼν
2628 523 2716 580 καὶ
2768 522 2953 595 δεξιῶς
3011 521 3344 600 διαλεχθεὶς,
3378 523 3621 600 εἰληφὼς
3667 523 3762 578 τὸν
3802 528 3913 577 τοῦ

480 619 833 674 subsecutus
862 619 973 682 est,
1006 619 1064 670 et
1092 614 1356 686 quinque
1388 616 1611 685 integra
1642 615 1933 686 absorpsit
1966 614 2133 686 oppi-

480 706 641 773 dula,
678 721 1003 778 parumque
1032 704 1224 759 abfuit
1255 705 1395 777 quin
1428 722 1493 760 eo
1527 706 1703 759 etiam
1738 704 2134 775 periretNice-

482 796 704 868 phorus
737 812 971 866 praeses,
1006 794 1312 850 eunuchus
1342 793 1709 850 Constantini
1743 793 2133 865 imperatoris,

476 885 559 941 ibi
596 890 722 941 tum
766 884 1003 955 degens.
1060 884 1110 938 Is
1158 889 1370 955 praeter
1414 899 1578 954 spem
1610 882 1820 937 evitato
1877 883 2132 953 periculo

482 973 814 1030 monachus
847 974 1037 1028 factus
1066 977 1154 1028 est
1185 974 1243 1027 in
1276 974 1561 1029 Studiano
1593 972 1970 1027 monasterio.

544 1255 880 1328 Apolaphar
901 1253 1534 1310 MuchumetusSiciliae
1559 1254 1888 1324 prmfectus,
1918 1252 2131 1308 fmdere

479 1359 613 1399 cum
647 1343 998 1412 imperatore
1026 1341 1161 1409 icto,
1195 1341 1532 1413 magisterio
1570 1341 1907 1395 honoratur.
1952 1340 2129 1395 Cum-

480 1448 595 1503 que
622 1447 755 1487 cum
788 1431 966 1486 froter
995 1429 1379 1501 Apochapsus
1409 1429 1559 1485 bello
1592 1434 1898 1502 premeret,
1924 1430 1991 1483 ad
2021 1429 2131 1483 im-

483 1520 768 1593 peratoris
813 1519 1095 1575 auxilium
1144 1519 1425 1590 confugit.
1474 1519 1719 1573 Mittitur
1771 1535 1906 1590 ergo
1951 1518 2130 1574 Geor-

482 1609 617 1682 gius
647 1608 938 1664 Maniaces
961 1608 1242 1680 patricius
1274 1624 1406 1663 cum
1437 1608 1690 1663 exercitu
1724 1609 2040 1679 imperator
2070 1606 2128 1662 in

484 1697 959 1770 Longibardiam,
1009 1701 1183 1768 atque
1233 1714 1347 1751 una
1396 1696 1604 1752 classis
1654 1698 1958 1767 prazfeetus
2005 1700 2128 1751 Ste-

480 1787 712 1860 phanus
772 1785 1078 1857 patricius,
1139 1786 1389 1842 maritus
1457 1786 1675 1841 sororis
1732 1785 2124 1856 imperatoris.

2253 614 2441 688 ἆμηρᾶ
2471 614 2585 668 υἱὺν
2618 612 2813 690 ἤγαγεν
2847 614 2923 675 εἷς
2961 614 3054 669 τὸν
3112 612 3356 689 βασιλέα.
3391 614 3535 667 Κατὰ
3582 617 3773 667 τοῦτον
3807 615 3913 667 τὸν

2249 703 2447 778 χρόνον
2502 705 2761 778 χάσματα
2798 702 3014 779 γέγονεν
3074 703 3126 758 ἂν
3188 699 3613 777 Βουκελλαρῖοις
3665 707 3908 774 σεισμοῦ

2244 797 2560 867 γεγονότος,
2607 794 2699 847 καὶ
2750 794 3123 864 κατεπόθησαν
3171 791 3456 868 ὁλόκληρα
3503 791 3685 867 χωρία
3710 791 3905 846 πέντε.

2242 884 2404 945 Ἔνθα
2438 878 2635 953 συνέϐη
2667 882 2757 938 καὶ
2809 881 3121 960 Νικηῳόρον
3171 879 3436 957 πρόεδρον
3482 881 3572 935 τὸν
3603 883 3816 937 Κωνστς
3840 906 3910 933 ν-

2241 970 2393 1026 τίνου
2424 976 2518 1026 τοῦ
2556 970 2823 1047 βασιλέως
2875 971 3132 1047 εὐνοῦχον
3167 965 3512 1046 διατρίϐοντα
3556 974 3753 1045 μικροῦ
3788 968 3910 1025 ῖεῖι

2242 1058 2599 1131 κινδυνεῦσαι,
2633 1059 2961 1139 διαφυγόντα
3010 1059 3066 1115 δὲ
3112 1062 3240 1136 παρ’
3290 1058 3487 1115 ἐλπίδα
3513 1082 3603 1115 τνν
3635 1058 3899 1115 κίνδυνον

2241 1148 2582 1225 ἀποκαρῆναι
2619 1150 2863 1225 μοναχὸν
2898 1150 2949 1205 ἐν
2982 1150 3051 1225 τῇ
3085 1154 3237 1224 μονῷ
3256 1155 3363 1205 τῶν
3401 1147 3683 1205 Στουδίου.

2314 1247 2639 1325 ’Δπολάιραρ
2674 1245 2729 1302 δὲ
2761 1247 3092 1324 Μουχοόμετ
3142 1250 3169 1304 6
3196 1246 3447 1310 Σικελίας
3481 1245 3687 1323 ἄρχων,
3718 1249 3899 1320 ἀμαι-

2241 1336 2410 1412 χμίαν
2475 1338 2609 1409 μετὰ
2664 1342 2759 1391 τοῦ
2822 1337 3093 1412 βασιλέως
3148 1339 3396 1411 θέμενος,
3447 1336 3679 1410 ἐτιμήθη
3736 1339 3905 1409 μάγιο

2240 1447 2421 1502 στρος.
2462 1431 2567 1480 Τοῦ
2610 1423 2667 1481 δὶ
2714 1424 2952 1505 ἀδελφοῦ
3021 1426 3185 1481 αὐτοῦ
3241 1428 3501 1501 ’Λπόχαψ
3560 1425 3901 1497 ἆντάραντος

2238 1515 2384 1587 αὐτῷ
2459 1516 2889 1590 κατισχυόμενος
2966 1515 3041 1578 εἷς
3108 1517 3209 1586 τήν
3289 1514 3554 1591 βσσιλέως
3631 1514 3897 1589 βοήθειαν

2237 1606 2577 1683 καταφεύγει.
2636 1604 2731 1659 Καὶ
2792 1602 2858 1674 δὴ
2931 1604 3215 1660 στέλλεται
3303 1605 3437 1678 μετά
3494 1602 3778 1677 δυνάμεως
3843 1603 3898 1657 ἒν

2237 1689 2613 1769 Λογγιόαρδίᾳ
2640 1695 2911 1769 Γεώργιος
2959 1696 3245 1769 πατρίκιος
3298 1695 3326 1749 6
3377 1696 3657 1762 Μανιάκης
3686 1713 3901 1767 στρατ-

2239 1784 2370 1855 ηγὸς
2402 1782 2772 1858 αὐτοκράτωρ,
2829 1783 2918 1837 σὺν
2975 1782 3123 1855 αὐσῷ
3174 1780 3232 1838 δὲ
3278 1782 3366 1837 καὶ
3415 1780 3601 1858 ἄρχων
3642 1786 3739 1836 τοῦ
3764 1781 3899 1836 στό-

477 1874 623 1931 Cum
656 1880 851 1930 autem
886 1875 1161 1929 Saraceni
1197 1874 1309 1928 Afri
1341 1879 1398 1929 et
1427 1872 1605 1928 Siculi
1639 1872 1842 1928 multis
1876 1873 2124 1945 navigiis

2254 1878 2338 1926 \ou
2399 1873 2665 1948 Στέφανος
2723 1873 2750 1927 6
2800 1872 3083 1947 πατρίκιος
3154 1873 3182 1926 6
3240 1869 3323 1926 ἐπ’
3381 1868 3589 1948 ἀδελφῇ
3631 1864 3897 1946 γαμϐρὸς

475 1964 703 2021 ἱηευῖλιε
749 1980 1028 2035 oramque
1075 1963 1443 2033 infestarent,
1476 1962 1962 2035 Cibyrraaotarum
2009 1964 2127 2017 dux

473 2054 896 2111 Constantinus
945 2053 1168 2124 Chages
1214 2052 1463 2107 classem
1517 2068 1718 2107 eorum
1768 2051 2028 2107 locorum
2068 2052 2126 2106 in

478 2159 577 2199 eos
604 2142 770 2197 duxit
799 2158 865 2196 ac
898 2141 1049 2196 fudit
1080 2158 1177 2196 eos
1212 2157 1225 2196 :
1257 2142 1363 2195 500
1403 2142 1472 2196 ad
1508 2141 1916 2213 imperatorem
1949 2141 2131 2213 capti-

480 2232 570 2286 vis
605 2230 828 2299 missis,
863 2230 1121 2301 reliquos
1148 2230 1207 2284 in
1242 2246 1403 2284 mare
1434 2230 1732 2285 demersit.
1757 2230 1895 2286 Orto
1927 2230 2136 2285 deinde

489 2319 846 2375 intolerabili
877 2318 1007 2389 gelu
1042 2324 1098 2374 et
1148 2320 1295 2374 Istro
1325 2318 1510 2391 glacie
1559 2320 1788 2387 durato,
1821 2321 2139 2375 Patzinacae

490 2425 629 2464 eum
656 2408 1008 2479 transgressi
1040 2409 1283 2481 Mysiam
1318 2413 1371 2463 et
1404 2409 1711 2464 Thraciam
1736 2410 2007 2481 usquead
2034 2414 2144 2484 Ma-

493 2497 798 2553 cedoniam
847 2514 959 2552 non
1012 2497 1212 2553 leviter
1254 2503 1554 2553 vexarunt.
1605 2499 1865 2555 Locusta:
1914 2515 2147 2571 quoque

494 2586 753 2641 Thracias
785 2585 1056 2658 frugibus
1089 2592 1436 2643 nocuerunt.

2234 1965 2331 2017 τοῦ
2386 1960 2672 2036 βασιλέως.
2730 1966 3060 2035 Σαρακηνῶν
3113 1959 3169 2016 δὲ
3229 1963 3455 2039 Ἀιρρων
3512 1960 3600 2015 καὶ
3633 1956 3895 2014 Σικελῶν

2244 2050 2379 2123 μετᾶ
2420 2055 2633 2129 σκαφῶν
2686 2051 2784 2106 οὐκ
2843 2050 3043 2125 ὀλίγων
3100 2048 3505 2127 ἐπιδραμόντων
3549 2049 3644 2111 τὰς
3681 2051 3899 2119 νήσους

2243 2140 2332 2195 καὶ
2364 2141 2461 2208 τὴν
2496 2140 2786 2216 παράλιον,
2822 2142 2848 2195 6
2896 2135 3324 2216 Κιϐυρῥαιωτῶν
3386 2140 3682 2215 στρατηγὸς
3736 2145 3900 2192 Kron-

2248 2234 2526 2289 σταντῖνος
2553 2230 2580 2283 ὁ
2620 2230 2764 2304 xm
2813 2228 3152 2302 συμπλακεὶς
3202 2228 3387 2291 αὐτοῖς
3422 2228 3557 2301 μετὰ
3582 2232 3677 2283 τοῦ
3708 2226 3905 2303 ἐγχω-

2252 2319 2377 2392 ρίου
2437 2316 2637 2372 στόλου
2691 2317 2945 2392 ἐτρέψατο
3023 2318 3159 2373 κατὰ
3212 2317 3429 2393 κράτος,
3487 2318 3577 2372 καὶ
3633 2337 3907 2371 πεντακο-

2254 2406 2399 2468 σίους
2434 2408 2528 2480 μὲν
2582 2406 2976 2483 αἰχμαλώτους
3023 2410 3228 2481 πέμπει
3274 2412 3353 2479 τῷ
3403 2404 3635 2483 βασιλεῖ,
3677 2406 3809 2467 τοὺς
3852 2404 3915 2460 δὲ

2256 2495 2486 2559 λοιποὺς
2543 2497 2938 2556 κατεπόντισεν.
2990 2498 3294 2575 Ἀφερήτου
3354 2493 3412 2550 δὲ
3453 2499 3683 2572 παγετοῦ
3745 2516 3913 2570 γενο-

2265 2588 2425 2659 μένου
2470 2588 2559 2641 καὶ
2606 2591 2701 2640 τοῦ
2750 2589 2963 2662 Ἴστρου
3031 2584 3550 2662 κρυσταλλωοέντος
3605 2585 3654 2638 o't
3716 2590 3921 2651 Πατζιη

493 2672 651 2728 νάκαι
708 2673 1099 2747 περαιωθέντες
1157 2674 1218 2728 οὐ
1274 2679 1483 2748 μικρῶς
1537 2676 1634 2743 τὴν
1690 2674 1893 2730 Μυσίαν
1953 2677 2039 2729 καὶ
2102 2675 2313 2749 Θρᾴκην
2372 2678 2537 2751 μέχρι
2594 2674 2929 2739 Μακεδονίας
2987 2676 3284 2743 ἐκάκωσαν,
3339 2672 3579 2745 Ἐπηλϐε
3632 2671 3687 2729 δὶ
3739 2671 3913 2727 πάλιν

490 2763 646 2840 ἆκρῖς
676 2769 795 2825 τοῖς
827 2762 1177 2840 Θρᾳκησίοις,
1211 2767 1290 2837 [Ρ.
1322 2767 1449 2837 739]
1481 2764 1569 2818 καὶ
1600 2770 1779 2826 κακῶς
1803 2762 2005 2828 διέθετο
2036 2766 2162 2827 τοὺς
2182 2766 2443 2841 καρποὺς.

560 2878 730 2928 Anno
764 2873 834 2928 ab
866 2873 1090 2944 origine
1123 2874 1326 2927 mundi
1367 2874 1530 2942 6544,
1565 2873 1879 2929 indictione
1910 2879 2141 2945 quarta,

484 2978 659 3019 verno
691 2966 953 3032 tempore
983 2962 1313 3030 _Patzinacza
1362 2968 1451 3017 ter
1480 2964 1931 3032 impressionem
1986 2964 2141 3019 fece-

484 3056 629 3107 runt
657 3051 719 3106 in
753 3051 1078 3108 Romanam
1121 3051 1427 3116 ditionem,
1459 3052 1645 3106 obviis
1676 3053 1829 3108 515
1863 3053 2139 3108 omnibus

486 3141 715 3206 excisis,
738 3144 794 3196 et
815 3156 1199 3212 quoscunque
1222 3141 1765 3212 cepissent,nul|ius
1786 3142 1982 3197 habita
2004 3147 2138 3197 aeta-

2324 2879 2414 2946 Τῴ
2446 2873 2626 2949 ,ςφμδ’
2658 2870 2784 2941 ἔτει,
2829 2871 3160 2934 ἶνδικτιῶνος
3211 2870 3296 2943 ιδ’,
3331 2870 3419 2927 διὰ
3442 2875 3538 2927 τοῦ
3568 2865 3725 2944 ἔαρος
3756 2892 3821 2944 τρ
3836 2878 3917 2925 ei:

2254 2958 2507 3025 εἷσϐολάς
2557 2963 2921 3035 ποιησάμενοι
2965 2964 3014 3017 οἱ
3060 2961 3385 3031 Πατζινάκαι
3444 2960 3579 3015 κατᾶ
3613 2961 3915 3032 Ῥωμαῖων

2252 3049 2420 3127 ἄρδην
2451 3052 2518 3106 τὰ
2550 3052 2933 3126 παρατυχόντα
2962 3051 3249 3129 ἠφάνισαν,
3283 3046 3494 3121 ἡϐηδὸν
3526 3048 3650 3111 τοὺς
3675 3047 3916 3104 ἁλισκο-

2256 3141 2445 3214 μένους
2472 3143 2812 3217 ἀναιροῦντες
2856 3141 2945 3196 καὶ
3002 3141 3293 3216 τιμωρίαις
3343 3141 3469 3203 τοὺς
3510 3139 3920 3215 αἰχμαλώτους

488 3231 567 3286 tis
599 3230 847 3298 ratione,
882 3229 1223 3297 interfectis,
1260 3230 1655 3286 ineﬂ‘abilibus
1697 3232 2054 3287 cruciatibus
2080 3232 2137 3286 in

2254 3226 2659 3293 ὑποϐάλλοντες
2718 3228 3173 3306 ἀνεκδιηγήτοις.
3237 3230 3399 3288 Εἶλον
3448 3228 3505 3285 δέ
3561 3231 3647 3284 καὶ
3709 3250 3916 3299 στρατ-

490 3319 751 3390 captivos
784 3317 1143 3373 debacchati.
1178 3318 1351 3372 Vivos
1383 3335 1615 3390 quoque
1648 3336 1848 3390 cepere
1880 3320 2140 3393 quinque

491 3409 792 3472 ductores,
822 3407 1110 3463 Joannem
1146 3408 1589 3474 Dermocaitam,
1612 3410 1856 3463 Bardam
1891 3411 2141 3479 Petzem,

495 3495 748 3550 Leonem
777 3495 1235 3565 Chalcobubam,
1277 3497 1723 3551 Constantinum
1758 3502 2056 3553 Pterotum
2090 3504 2147 3555 et

494 3584 847 3640 Michaelum
869 3586 1374 3641 Strabotricarem.
1402 3586 1612 3641 Mortui
1636 3592 1775 3642 sunt
1804 3588 1977 3642 etiam
2003 3589 2143 3643 Ros-

496 3690 697 3729 sorum
732 3675 1026 3746 principes
1058 3674 1472 3731 Nosistblabus
1505 3682 1561 3732 et
1590 3676 2054 3732 IIierosthlabus.
2080 3678 2147 3732 Et

495 3762 721 3834 Serbia,
754 3780 880 3834 quis
914 3768 1099 3819 morte
1131 3764 1375 3820 Romani
1408 3766 1782 3836 imperatoris
1806 3767 2017 3838 jugum
2051 3783 2144 3820 ex-

494 3856 784 3919 cusserat,
809 3870 1014 3908 rursus
1038 3853 1280 3923 imperio
1303 3854 1614 3921 conjuncta
1631 3859 1739 3909 est.
1763 3858 1962 3910 Amere
1984 3860 2148 3927 .Egy-

494 3940 579 4013 pti
611 3956 1026 3996 amermumna
1060 3945 1313 4007 mortuo,
1346 3958 1489 3996 uxor
1520 3941 1648 4011 ejus
1680 3942 2027 3997 Christianae
2059 3961 2147 3998 re-

492 4028 696 4100 ligioni
727 4024 925 4084 dedita
957 4046 1092 4083 cum
1126 4030 1243 4084 tilio
1276 4028 1499 4101 legatos
1522 4031 1591 4085 de
1622 4047 1759 4100 pace
1790 4033 1861 4086 ad
1892 4032 2145 4104 impera-

494 4120 683 4173 torem
716 4116 916 4172 mittit.
960 4117 1141 4187 Cujus
1174 4117 1224 4172 is
1274 4116 1537 4189 petitioni
1587 4118 1915 4175 assentiens
1944 4121 2012 4175 30
2042 4138 2148 4176 an-

498 4222 700 4261 norum
728 4221 931 4278 pacem
964 4205 1313 4276 composuit.

574 4480 901 4537 Indictione
959 4480 1207 4547 decima,
1267 4480 1489 4537 mensis
1542 4481 1877 4538 Decembris
1926 4483 2153 4540 decima

503 4575 705 4629 octava
736 4572 850 4638 die,
883 4572 1027 4628 hora
1056 4572 1244 4628 noctis
1293 4578 1521 4644 quarta,
1554 4591 1706 4629 anno
1738 4574 1941 4629 mundi
1985 4576 2147 4643 6545,

502 4666 672 4718 terra)
703 4666 899 4718 motus
931 4666 1048 4718 tres
1078 4663 1446 4728 exstiterunt,
1480 4663 1671 4735 exigui
1700 4665 1839 4731 duo,
1874 4681 2025 4719 unus
2055 4681 2148 4719 ve-

503 4751 771 4807 hemens.
831 4751 997 4819 Cum,
1058 4756 1123 4806 ut
1178 4751 1451 4821 diximus,
1508 4755 1779 4809 Maniacae
1844 4771 2150 4810 successor

502 4843 915 4913 Lependrenus
974 4842 1253 4898 Edessam
1305 4848 1587 4912 tueretur,
1642 4846 1850 4901 Arabes
1897 4846 1995 4916 qui
2045 4863 2149 4917 per

499 4931 980 5004 Mesopotamiam
1025 4935 1212 4997 erant,
1258 4930 1406 4987 inita
1460 4934 1734 4990 societate
1782 4936 1983 4989 urbem
2015 4952 2143 4990 eam

494 5020 683 5076 adorti
710 5025 1237 5093 oppugnaverunt;
1270 5024 1327 5075 et
1349 5036 1481 5077 vero
1514 5021 1829 5094 cepissent,
1866 5024 1975 5079 nisi
1999 5028 2142 5080 Con-

493 5109 791 5166 stantinus
838 5109 1206 5181 imperatoris
1241 5109 1437 5179 frater,
1494 5112 1673 5165 misso
1724 5114 1795 5167 ab
1840 5112 2145 5168 Antiochia

492 5200 637 5255 satis
666 5198 859 5255 valido
901 5196 1136 5265 auxilio,
1189 5214 1317 5253 eam
1370 5204 1575 5269 praeter
1617 5218 1780 5272 spem
1831 5207 2139 5257 servasset.

492 5290 674 5354 Quem
708 5288 1026 5359 imperator
1055 5287 1127 5342 ob
1158 5286 1268 5342 hoc
1301 5287 1526 5343 facinus
1550 5289 1939 5345 domesticum
1972 5290 2141 5347 sebo-

489 5375 682 5431 larum
715 5377 870 5433 516
902 5375 1160 5430 Orientis
1190 5375 1421 5430 creavit.
1447 5377 1603 5432 Idem
1628 5378 1944 5448 imperator
1963 5381 2137 5434 Anto-

492 5464 657 5520 nium
676 5482 909 5538 quoque
930 5464 1154 5520 Pachen
1176 5465 1513 5520 eunuchum
1537 5467 1647 5520 sibi
1672 5484 1879 5538 genere
1903 5469 2138 5539 pr0pin-

495 5570 679 5625 quum
738 5553 1084 5608 Nicomedia;
1143 5552 1483 5625 episcopum
1544 5556 1698 5623 t'ecit,
1757 5556 1928 5627 plane
1990 5555 2136 5610 nihil

493 5642 833 5715 episcopatu
848 5642 1091 5715 dignum
1110 5643 1446 5712 habentem,
1463 5649 1520 5699 et
1544 5644 1929 5717 bovem(quod
1949 5645 2137 5714 aiunt)

452 5748 461 5755 ·
494 5732 751 5790 infantia
782 5732 839 5789 in
886 5732 1087 5805 lingua
1117 5736 1462 5803 gestantem.
1498 5734 1642 5791 Cum
1675 5740 1870 5791 autem
1904 5734 2136 5791 siccitas

2252 3319 2417 3395 ηγοὺς
2475 3322 2631 3374 πέντε
2701 3320 2956 3397 ζωγρίας.
3018 3322 3273 3391 Ἰωάννην
3349 3321 3440 3375 τὸν
3501 3319 3910 3394 Δερμοκαΐτην,

2254 3407 2462 3484 Βάρδαν
2497 3410 2588 3464 τὸν
2620 3410 2846 3480 Πέτξην,
2907 3408 3116 3464 Λέοντα
3158 3411 3248 3463 τὸν
3285 3403 3709 3477 Χαλκοτούόην,
3757 3416 3914 3463 Κην-

2252 3502 2527 3551 σταντῖνον
2586 3499 2676 3552 τὸν
2734 3499 3019 3574 ΙΙτερωτὸν
3094 3498 3184 3552 καὶ
3252 3498 3344 3552 τὸν
3410 3491 3907 3573 Στραϐοτριχάρην

2256 3586 2509 3660 Μιχαήλ.
2545 3587 2933 3657 Ἐτελεύτησαν
2986 3585 3041 3641 δὲ
3087 3588 3175 3641 καὶ
3229 3588 3280 3640 οἱ
3308 3590 3416 3641 τῶν
3448 3586 3582 3649 Ῥὼς
3614 3583 3915 3660 ἄρχοντες,

2254 3670 2637 3737 ΝοσισΟΛάϐος
2687 3677 2777 3729 καὶ
2827 3669 3224 3751 Ἰεροσθλάϐος,
3258 3674 3347 3729 καὶ
3380 3672 3567 3750 ἄρχειν
3600 3675 3908 3749 προεκρῖὒη

2253 3767 2359 3816 τῶν
2393 3765 2525 3826 Ῥὼς
2566 3768 2829 3840 συγγενὴς
2888 3763 2994 3819 τῶν
3044 3762 3484 3834 τελευτησάντων
3525 3758 3908 3825 Ζινισθλάίος.

2258 3852 2354 3906 Καὶ
2408 3855 2441 3921 ἡ
2496 3849 2695 3927 Σερϐία
2749 3856 3029 3926 Ῥωμαίων
3100 3852 3439 3929 ἀφηνιάσασα
3488 3852 3623 3924 μετὰ
3674 3853 3912 3915 θάνατον

2253 3946 2534 4015 Ῥωμανοῦ
2588 3948 2684 3998 τοῦ
2746 3942 3012 4019 βασιλέως
3071 3940 3225 4006 αὖθις
3284 3942 3583 3998 ἐσπείσατο.
3627 3942 3812 4015 ’Ἂμερ
3856 3938 3915 3993 δέ

2254 4036 2350 4085 τὸῦ
2407 4034 2506 4100 τῆς
2561 4032 2835 4107 Αἰγύπτου
2914 4033 3279 4107 ἆμερμουμνῆ
3368 4028 3815 4099 τελευτήσαντος,
3877 4032 3912 4097 ἠ

2257 4122 2393 4197 γυνὴ
2419 4122 2585 4176 αὐτοῦ
2646 4122 2946 4196 Χριστιανή
3008 4122 3138 4175 οὖσα
3192 4114 3634 4195 διαπρεσϐεύεται
3690 4119 3806 4191 ἅμα
3838 4125 3916 4188 τῷ

2260 4210 2363 4283 ύὶῶ
2392 4212 2529 4286 πρὸς
2557 4210 2784 4286 βασιλέα
2812 4211 2937 4287 περὶ
2988 4212 3213 4286 εἰρήνης
3242 4227 3254 4240 ·
3280 4211 3346 4277 ἧς
3377 4205 3778 4281 ἀποδεξάμενος
3811 4209 3912 4273 τζν

2259 4300 2569 4375 προαίρεσιν
2647 4301 2675 4355 ὁ
2784 4299 3039 4375 βασιλεὺς
3141 4294 3375 4360 σπονδὰς
3468 4296 3913 4374 τριακοντούτε.ς

2262 4387 2411 4443 ἔθετο
2443 4390 2557 4443 πετ’
2584 4389 2769 4458 αὐτῆς.

2333 4482 2645 4563 Δεκεμϐρίῳ
2700 4484 2757 4541 δὲ
2817 4486 2967 4559 μηνὶ,
3030 4484 3369 4550 ίνδικτιῶνος
3426 4491 3482 4539 ιε’
3530 4481 3681 4544 ἔτους
3715 4492 3916 4560 ,ςφμελ

2264 4576 2399 4630 κατὰ⁴
2453 4578 2551 4645 τὴν
2613 4582 2683 4646 ιη’
2737 4580 2833 4630 τοῦ
2894 4576 3088 4648 μηνὸς,
3147 4576 3271 4649 περὶ
3324 4575 3583 4647 τετάρτην
3632 4572 3778 4646 ὥραν
3808 4580 3915 4640 τῆς

2259 4667 2468 4734 νυκτὸς,
2522 4664 2774 4741 γέγόνασι
2835 4664 3047 4737 σεισμοὶ
3102 4664 3273 4740 τρεῖό,
3327 4661 3424 4719 δύο
3460 4661 3646 4735 μικροὶ
3698 4662 3791 4715 καὶ
3834 4662 3913 4721 εῖς

2262 4755 2448 4829 μέγας.
2533 4754 2805 4829 Γεωργέου
2859 4751 2917 4807 δὲ
2996 4752 3286 4829 πατρικίου
3370 4756 3467 4808 τοῦ
3546 4750 3798 4819 Μανιάκη

2258 4840 2532 4913 Ἐδέσσης,
2574 4843 2647 4904 ὡς
2698 4840 2946 4916 εἷ’πομεν,
3002 4842 3382 4915 μετατεθέντος
3428 4842 3518 4896 καὶ
3574 4842 3673 4894 τοῦ
3706 4848 3913 4893 Asta»-

2258 4930 2460 5006 δρηνοῦ
2501 4931 2551 4987 ἐν
2602 4931 2737 5006 αὐτῇ
2792 4929 2979 5008 ἄρχειν
3037 4933 3349 5007 ταχθέντος,
3411 4932 3465 4986 οἱ
3521 4932 3918 4989 κατοικοῦντες

2253 5023 2351 5089 τὴν
2416 5020 2837 5094 Μεσοποταμίαν
2911 5016 3147 5095 ’Ἄραϐες
3226 5019 3617 5096 κοινοπραγίαν
3688 5016 3915 5091 Θέμενοι

2256 5110 2494 5180 ἐπῆλθον
2523 5115 2591 5185 τῇ
2624 5108 2845 5185 Ἐδέσσῃ
2878 5112 2969 5165 καὶ
3022 5108 3385 5183 ἐπολιόρκουν
3430 5110 3533 5177 τήν
3582 5105 3766 5165 πόλιν.
3802 5108 3917 5162 Κιῖ

2258 5205 2454 5275 μικροῦ
2482 5198 2589 5255 δεῖν
2616 5200 2781 5269 ἑάλω,
2815 5198 2859 5254 εἰ
2896 5201 2970 5272 μὴ
3008 5202 3413 5261 Κωνσταντῖνος
3448 5200 3473 5253 6
3504 5202 3600 5252 τοῦ
3636 5194 3917 5273 βασιλέως

2252 5287 2486 5368 ἁδελφὸς
2522 5291 2772 5364 βοήθειαν
2825 5289 3159 5364 ἀποχρῶσαν
3212 5292 3261 5361 εξ
3311 5285 3653 5362 Ἀντιοχείας
3683 5306 3910 5356 πεπομξ

2252 5380 2367 5457 φὼς
2395 5378 2593 5449 ταύτην
2654 5380 2783 5454 παρ’
2840 5375 3067 5441 ἐλπίδας
3125 5376 3384 5454 ἐρρύσατο
3422 5398 3433 5409 ·
3485 5378 3542 5431 ’ὀν
3577 5378 3604 5429 6
3641 5372 3904 5449 βασιλεὺς

2247 5474 2344 5524 τοῦ
2377 5463 2535 5543 ἔργου
2577 5466 2972 5540 ἀποδεξάμενος
3025 5464 3344 5540 δομέστικον
3378 5460 3754 5541 προϐάλλεται
3786 5468 3898 5517 τῶν

2249 5555 2469 5632 σχολῶν
2501 5565 2599 5626 τῆς
2627 5554 2956 5624 Ἀνατολῆς.
2989 5557 3397 5632 Προχειρίςεται
3431 5553 3487 5610 δὲ
3515 5554 3602 5607 καὶ
3639 5558 3897 5621 Νικομη-

2248 5644 2392 5709 δείας
2444 5645 2735 5707 ἐπίσκοπος
2787 5645 3073 5707 ’Λντώνιος
3103 5647 3131 5700 6
3188 5646 3384 5721 Πάχης
3422 5646 3709 5717 εὐνοῦχος,
3756 5640 3899 5695 κατᾶ

2246 5740 2398 5809 γένος
2428 5737 2723 5809 προσήκων
2780 5738 2860 5806 τῷ
2913 5734 3148 5808 βασιλεῖ,
3207 5730 3375 5809 μηδὶν
3417 5731 3563 5807 ἄξιον
3596 5728 3745 5805 ἔχων
3777 5728 3899 5784 im-
