4038 6334
163 379 287 440 249

1312 377 1855 440 HlSTORlARUM
1901 377 2445 439 COMPENDIUM.

3471 375 3591 438 250

162 508 396 566 σκόπου.
456 505 602 564 ἀλλὰ
663 509 794 584 βοῦν
842 506 1076 587 ἀφωνίας
1109 509 1195 564 έπῖ
1225 512 1294 584 τῇ
1333 508 1557 586 γλώσσῃ
1618 509 1817 586 φέρων.

1949 508 2144 565 luisset
2174 525 2388 582 magna
2412 512 2469 565 et
2498 509 2634 565 totis
2667 526 2766 566 sex
2790 507 3093 565 mensibus
3126 525 3240 564 non
3274 508 3588 582 potuisset,

162 598 404 674 Αὖχμοῦ
465 595 521 652 δὲ
579 599 878 673 γενομένου
930 601 1006 661 ὡς
1056 599 1138 654 ἐπὶ
1203 606 1378 673 μῆνας
1410 597 1578 660 ὅλους
1629 596 1684 668 ἓξ
1748 599 1823 670 μή

158 687 575 764 καταξεραγῆναι
635 688 829 754 ὑετὸν,
909 686 1178 744 λιτανείαν
1245 689 1570 759 ἐποιήσαντο
1628 688 1680 741 οἱ
1730 684 1826 741 τοῦ

162 775 443 853 βασιλέως
493 774 740 855 ἀδελςιοῖ,
777 777 803 830 0
840 778 934 850 μὲν
983 777 1237 849 Ἰωάννης
1273 777 1552 855 βαστάζων
1580 777 1642 831 τὸ
1675 777 1824 853 ἅγιον

159 861 466 937 μανόύλιον
498 867 598 937 (5),
632 866 660 918 0
715 865 882 939 μέγας
915 861 1235 937 δομέστικος
1283 867 1362 937 (6)
1419 865 1517 932 τὴν
1547 863 1682 938 πρὸς
1717 860 1824 919 Αὕ-

156 974 334 1029 γαρον
370 951 666 1023 ἐπιστολὴν
696 956 776 1026 (7)
805 958 901 1008 τοῦ
931 955 1168 1027 Χριστοῦ
1212 954 1302 1008 καὶ
1363 955 1390 1007 0
1421 948 1826 1022 πρωτοϐεστιά-

156 1063 256 1116 ρος
319 1043 388 1098 τά
442 1045 571 1118 ἅγια
644 1044 938 1118 σπάργανα”
997 1044 1082 1098 καὶ
1146 1047 1284 1112 πεζῆ
1345 1040 1659 1104 ὁδεύσαντες
1719 1041 1825 1096 ἀπὸ

154 1138 254 1188 τοῦ
291 1131 542 1207 μεγάλου
598 1129 870 1186 παλατίου
917 1130 1178 1209 ἀφίκοντο
1227 1131 1358 1207 ἄχρι
1414 1135 1511 1185 τοῦ
1540 1135 1668 1185 ναοῦ
1723 1137 1823 1199 τῆς

156 1221 460 1298 ὖπεραγίας
535 1220 801 1276 Θεοτόκου
874 1226 984 1276 τῶν
1045 1219 1397 1297 Βλαχερνῶν.
1450 1220 1708 1290 Ἐποίησε
1767 1217 1825 1274 δὲ

153 1311 247 1365 καὶ
314 1312 496 1385 ἑτέραν
560 1307 720 1380 λιτὴν
776 1313 858 1381 (8)
916 1311 944 1365 0
977 1313 1323 1386 πατριάρχης
1373 1309 1467 1365 σῦν
1497 1314 1577 1382 τῷ
1605 1307 1821 1384 κλήρῳ.

153 1403 235 1459 Οὐ
290 1401 462 1473 μόνον
494 1397 550 1455 δὲ
601 1399 699 1455 οὐκ
747 1395 979 1475 ἔϐρεξεν,
1031 1399 1178 1456 ἀλλὰ
1209 1401 1298 1454 καὶ
1329 1398 1547 1474 χάλαζα
1598 1419 1824 1472 παμμε-

151 1491 329 1565 γέθης
375 1488 770 1566 καταρραγεῖσα
822 1491 1106 1565 συνέτριψε
1160 1489 1227 1544 τά
1308 1486 1499 1565 δένδρα
1555 1489 1644 1543 καὶ
1697 1508 1824 1550 τους

152 1581 444 1653 κεράμους
470 1586 568 1649 τῆς
600 1578 839 1642 πόλεως.
881 1577 1164 1641 Σιτοδείας
1196 1577 1253 1634 δὲ
1299 1578 1680 1654 κατασχούσης
1722 1579 1822 1646 τὴν

1936 599 2331 671 supplicatum
2347 604 2433 655 est
2452 617 2484 656 a
2503 599 2782 655 fratribus
2802 598 3192 672 imperatoris,
3218 599 3588 671 gestantibus

1934 691 2159 744 Joanne
2203 706 2434 744 sacrum
2487 690 2852 761 mandylium
2907 688 3028 744 sive
3073 688 3343 759 linteum,
3379 705 3589 761 magno

1937 778 2256 833 domestico
2287 778 2594 850 epistolam
2628 777 2840 833 Christi
2871 779 2940 833 ad
2973 780 3296 849 Augarum,
3331 782 3591 850 protove-

1935 866 2138 922 stiario
2172 866 2416 938 Georgio
2447 883 2645 922 sacras
2667 883 2951 922 cunarum
2978 865 3217 933 fascias;
3244 866 3589 938 peditesque

1937 961 2348 1027 processerunt
2379 974 2412 1012 a
2443 973 2654 1029 magno
2674 956 2887 1029 palatio
2911 972 3099 1026 usque
3130 956 3200 1011 ad
3230 955 3430 1010 fanum
3457 957 3588 1011 Dei-

1936 1061 2091 1116 parze
2114 1045 2562 1102 ltlachernense.
2587 1045 2758 1101 Aliud
2787 1062 3020 1117 quoque
3041 1044 3397 1117 supplicium
3422 1063 3455 1100 a
3484 1063 3585 1118 pa-

1936 1135 2192 1190 triarcha
2227 1141 2528 1207 peractum
2579 1141 2635 1191 et
2683 1135 2855 1192 clero.
2886 1135 2995 1190 Sed
3045 1151 3160 1190 non
3194 1138 3424 1189 tantum
3471 1152 3585 1191 non

1935 1223 2104 1295 pluit,
2139 1242 2338 1280 verum
2372 1230 2429 1280 et
2459 1225 2681 1296 grando
2713 1224 2921 1297 ingens
2943 1224 3135 1279 delata
3164 1224 3403 1280 arbores
3434 1241 3592 1280 com-

1936 1312 2149 1368 minuit
2181 1318 2236 1368 et
2268 1314 2496 1385 tegulas
2541 1315 2850 1370 domorum
2903 1313 3089 1368 urbis.
3123 1313 3267 1367 Cum
3302 1317 3498 1367 autem
3532 1313 3592 1368 in

1936 1403 2076 1458 urbe
2127 1400 2278 1458 fame
2330 1405 2718 1474 laboraretur,
2769 1404 3027 1460 Joannes
3076 1401 3202 1458 suis
3250 1401 3516 1456 dimissis
3565 1419 3596 1455 e

1937 1492 2338 1564 Peloponneso
2367 1497 2425 1548 et
2451 1493 2669 1548 Grzscia
2704 1492 3036 1547 modiorum
3071 1489 3350 1545 frumenti
3382 1489 3593 1544 100000

1939 1581 2176 1648 coemit,
2208 1581 2397 1652 iisque
2431 1582 2678 1638 miseriae
2711 1581 2928 1637 civium
2963 1596 3130 1652 opem
3164 1579 3320 1635 tulit.

153 1665 332 1721 πόλιν
363 1667 688 1729 ἀποστείλας
716 1668 744 1722 ὁ
777 1669 1037 1738 Ἰωάννης
1068 1668 1374 1740 ἐξωνήσατο
1408 1668 1514 1723 ἀπὸ
1546 1666 1966 1738 Πελοποννήσου
1995 1667 2089 1724 καῖ
2119 1666 2384 1732 Ἑλλάδος
2417 1667 2570 1724 σίτου
2598 1666 2862 1745 χιλιάδας
2904 1670 2970 1743 ρ’,
2999 1667 3089 1724 καὶ
3122 1665 3188 1722 δι’
3232 1666 3412 1721 αὐτῶν
3469 1661 3595 1726 τοὺς

157 1756 403 1819 πολίτας
435 1759 721 1832 παρεμυθή
732 1777 880 1815 σατο.

224 1849 324 1920 [Ρ.
356 1848 484 1919 740]
517 1849 606 1902 Ἐν
667 1843 726 1900 δὲ
769 1845 996 1918 Σικελίᾳ
1047 1851 1154 1901 τῶν
1189 1844 1284 1902 δύο
1325 1845 1596 1926 ἀδελφῶν,
1643 1849 1718 1910 ὡς
1751 1847 1825 1903 εῗί

2010 1852 2072 1906 In
2108 1849 2307 1906 Sicilia
2337 1852 2588 1921 duobus,
2613 1851 2699 1906 uti
2731 1851 2951 1906 dictum
2977 1853 3086 1918 est,
3109 1848 3387 1904 fratribus
3419 1849 3595 1906 dissi‘

156 1956 355 2012 ρηται,
408 1935 804 2004 στασιαζόντων
838 1937 925 1990 καὶ
957 1939 1054 1990 τοῦ
1084 1934 1414 2012 Ἀπολάφαρ
1468 1937 1830 2013 ὑπερισχύον-

164 2045 289 2096 τος,
349 2021 536 2097 ’ἔτερος
589 2027 698 2078 τῶν
759 2021 1006 2101 ἀδελφῶν
1067 2025 1158 2080 τὸν
1215 2028 1315 2094 τῆς
1348 2027 1614 2102 Ἀφρικῆς
1656 2025 1833 2102 ἅμερα

168 2115 360 2187 Οῧμερ
388 2112 464 2174 εἷς
494 2111 777 2188 συνεργίαν
813 2111 988 2168 καλεῖ·
1047 2115 1133 2169 καὶ
1181 2113 1240 2176 ὅς
1301 2114 1642 2190 ὑπισχνεῖται
1695 2136 1832 2188 συμ-

169 2205 477 2278 μαχήσειν,
551 2202 595 2256 εἰ
651 2202 978 2277 κατάσχεσιν
1037 2202 1091 2258 έν
1147 2207 1216 2278 τῇ
1276 2205 1429 2276 νήσῳ
1487 2199 1630 2279 λάϐῃ
1689 2206 1829 2263 τινά.

165 2290 482 2364 Προθύμως
538 2289 597 2346 δὲ
653 2289 751 2346 τοῦ
810 2291 1042 2346 Σικελοῦ
1097 2293 1521 2354 κατανεύσαντος
1563 2292 1637 2354 εἷς
1668 2297 1830 2348 τοῦτο

160 2381 496 2456 ἀφικνεῖται,
551 2379 639 2434 καὶ
699 2378 1041 2451 συμπλακεὶς
1099 2385 1180 2453 τῷ
1236 2378 1554 2459 Ἀπολάφαρ
1611 2377 1688 2436 ἔτι
1736 2380 1830 2437 δυ-

166 2473 390 2542 νάμεως
419 2475 519 2538 τῆς
569 2469 701 2540 μετὰ
742 2473 838 2523 τοῦ
889 2469 1178 2544 πατρικίου
1237 2470 1514 2544 Γεωργίου
1577 2470 1832 2546 ὑστερού-

174 2581 279 2629 σης
339 2562 442 2613 τοῦ
500 2559 754 2628 Μανιάκη
813 2565 915 2627 τῆς
973 2557 1050 2620 εἰς
1110 2560 1431 2635 συμμαχίαν
1467 2559 1663 2614 τούτου
1692 2581 1834 2634 πεμ-

169 2647 427 2723 φθείσης,
474 2646 726 2722 τρέπεται
774 2652 964 2702 τοῦτον
1019 2650 1155 2704 κατά
1209 2650 1429 2723 κράτος.
1490 2649 1545 2702 Ὀ
1593 2646 1649 2704 δὶ
1697 2649 1834 2724 πρὸς

167 2738 260 2791 τὸν
324 2735 566 2811 ἄρχοντα
621 2731 1022 2812 Λογγιϐαρδίας
1095 2738 1418 2813 καταφυγὼν
1485 2741 1686 2794 Λέοντα
1739 2740 1830 2794 τὸν

171 2830 346 2881 Ὠπον
409 2821 529 2899 ᾔτει
585 2826 865 2900 βοήθειαν·
925 2825 1015 2881 καὶ
1073 2826 1131 2890 ὅς
1157 2827 1223 2896 ἤν
1257 2827 1372 2903 εἶχε
1403 2825 1630 2901 δύναμιν
1651 2826 1710 2882 ἐκ
1736 2831 1833 2883 τοῦ

169 2914 530 2990 παρείκοντος
601 2914 951 2988 συναθροίσας
1025 2921 1346 2991 περαιοῦται
1415 2918 1492 2980 εἲς
1554 2916 1832 2986 Σικελίαν,

169 3005 261 3060 καὶ
295 3001 574 3066 πολλάκις
619 2999 917 3077 συμϐαλὼν
947 3009 1026 3076 τῷ
1053 3009 1162 3060 τῶν
1192 3009 1417 3084 ’Ἄφρων
1468 3008 1699 3084 ἀρχηγῷ
1743 3008 1830 3062 καὶ

175 3097 556 3171 ὖπερτερήσας
632 3094 859 3168 ἀνέκοψε
931 3099 1123 3150 τοῦτον
1181 3103 1282 3166 τῆς
1337 3095 1573 3172 ἀσχέτου
1633 3098 1830 3173 ὁρμῆς.

177 3188 310 3241 Εἶτα
344 3187 535 3259 μαθὼν
569 3185 644 3247 ὡς
673 3186 726 3239 οἱ
758 3183 988 3260 ἀδελφοὶ
1039 3183 1353 3242 σπένδονται
1390 3189 1497 3242 -καὶ
1541 3186 1836 3261 μέλλουσιν

176 3276 227 3330 ἐν
289 3276 416 3328 θίερ
507 3274 530 3330 ἒ
639 3275 649 3294 '
839 3276 852 3295 '
1371 3297 1392 3312 ν
1493 3282 1519 3292 ’⁸
1729 3277 1739 3298 '

235 3299 284 3330 ω
325 3296 471 3337 ιδιες
534 3276 780 3338 πιθεσθαι
858 3277 1152 3346 Ρωπαίοις,
1205 3274 1614 3349 διαπεραιουται
1670 3277 1834 3333 πάλιν

175 3365 251 3426 εἷς
311 3363 576 3431 Ἰταλίαν,
642 3362 1018 3440 αἰχμαλώτων
1086 3366 1374 3439 Ῥωμαίων
1443 3366 1573 3446 ἰμιρὶ
1625 3368 1722 3428 τάς
1784 3368 1841 3421 ιε’

1942 1940 2241 2007 dentibus,
2274 1939 2634 2012 Apolapbaro
2667 1943 3000 2012 superante,
3027 1936 3174 1995 alter
3203 1938 3400 1993 Africa:
3433 1955 3596 1994 ame-

1941 2047 2066 2086 ram
2093 2029 2370 2085 Umerum
2392 2030 2448 2084 in
2473 2029 2754 2084 auxilium
2776 2033 2964 2093 vocat,
2992 2027 3147 2100 quod
3171 2027 3220 2084 is
3243 2027 3598 2099 promisitea

1942 2118 2275 2174 conditione
2325 2122 2389 2173 ut
2436 2117 2547 2172 sibi
2594 2117 2794 2189 aliqua
2839 2117 2898 2172 in
2947 2116 3146 2172 Sicilia
3192 2116 3598 2188 assignaretur

1945 2207 2257 2281 possessio.
2309 2209 2500 2280 Atque
2529 2207 2637 2262 hac
2667 2207 3003 2263 conditione
3048 2206 3296 2277 probata
3326 2205 3504 2273 venit,
3539 2209 3597 2260 et

1944 2297 2141 2370 praelio
2172 2296 2312 2351 vicit
2360 2295 2818 2368 Apolapharum,
2852 2296 3004 2368 quod
3039 2295 3301 2350 nondum
3353 2299 3595 2350 venerat

1941 2403 2008 2442 eo
2052 2403 2185 2442 cum
2238 2385 2622 2442 auxiliaribus
2673 2387 2857 2459 copiis
2907 2386 3218 2442 Maniaces.
3272 2386 3474 2440 Victus
3522 2386 3591 2441 ad

1943 2477 2094 2534 517
2135 2477 2381 2531 Leonem
2412 2480 2600 2548 Opum
2637 2476 3038 2548 Longibardize
3063 2475 3369 2548 praesidem
3396 2474 3598 2529 confu-

1945 2567 2046 2638 git,
2080 2566 2152 2621 ab
2183 2582 2366 2637 eoque
2388 2564 2671 2620 auxilium
2694 2565 2852 2637 petit.
2881 2566 2993 2620 Leo
3015 2564 3199 2636 copiis
3233 2564 3378 2630 suis,
3405 2579 3596 2634 quan-

1946 2660 2069 2710 tum
2107 2670 2362 2724 praesens
2390 2659 2620 2725 tempus
2645 2654 2884 2718 ferebat,
2909 2653 3223 2708 contractis
3253 2653 3312 2707 in
3337 2651 3592 2706 Siciliam

1942 2744 2192 2814 trajecit,
2218 2759 2283 2799 ac
2314 2743 2529 2814 smpius
2552 2759 2683 2798 cum
2711 2744 2844 2798 Afro
2865 2743 3013 2798 duce
3036 2741 3180 2797 inita
3203 2757 3398 2813 pugna
3421 2757 3599 2812 supe-

1945 2833 2063 2888 rior
2091 2831 2382 2896 discessit,
2406 2831 2653 2903 ejusque
2680 2831 3055 2886 vehementes
3075 2830 3292 2885 retudit
3315 2829 3590 2899 impetus.

1947 2922 2152 2977 Postea
2169 2921 2400 2992 cognito
2426 2922 2635 2976 fratres
2662 2936 2861 2991 pacem
2881 2936 3228 2991 componere
3249 2923 3307 2974 et
3329 2917 3598 2974 insidiari

1946 3011 2248 3081 Romanis,
2278 3027 2482 3065 rursus
2500 3011 2555 3064 in
2584 3009 2808 3065 Italiam
2832 3009 3082 3079 trajecit,
3107 3008 3376 3064 abductis
3399 3024 3595 3063 secum

1947 3103 2013 3156 15
2028 3100 2292 3156 millibus
2314 3100 2711 3156 Romanorum
2729 3098 3102 3172 captivis,qui
3126 3097 3338 3153 deinde
3359 3098 3599 3152 domum

1947 3189 2115 3245 liberi
2150 3189 2468 3243 redierunt.
2515 3187 2992 3260 Carthaginensis
3023 3187 3272 3243 Umerus
3301 3189 3457 3240 metu
3490 3184 3603 3239 b0-

1951 3278 2127 3333 stium
2174 3277 2478 3343 liberatus,
2508 3277 2763 3334 Siciliam
2806 3294 3010 3333 secure
3057 3293 3122 3331 ac
3167 3289 3463 3330 summam
3499 3289 3604 3347 per

1952 3367 2248 3422 licentiam
2280 3368 2528 3422 vexavit.

174 3451 446 3528 χιλιάδας
479 3452 531 3507 ἐν
564 3458 682 3514 τοῖς
707 3451 928 3516 πλοίοις
963 3453 1414 3510 συνεισελθόντων
1448 3455 1705 3528 αὐτῷκαὶ
1754 3454 2102 3519 ἀπελθόντων
2150 3454 2224 3516 εἷς
2271 3453 2503 3512 Ἰταλίαν
2552 3457 2638 3510 καὶ
2692 3454 2842 3516 αὖθις
2893 3450 3076 3509 οἶκαδε
3130 3450 3597 3527 διαπερασάντων.

170 3543 388 3605 Ἀδείας
431 3541 525 3597 οὗν
554 3539 886 3618 δραξάμενος
917 3545 945 3599 0
977 3541 1356 3622 Καρχηδόνιος
1387 3544 1625 3602 ἐπέκειτο
1654 3550 1724 3621 τῇ
1759 3543 1983 3620 Σικελίᾳ
2007 3546 2094 3600 καὶ
2121 3545 2255 3601 κατὰ
2283 3543 2501 3616 πολλὴν
2536 3543 2715 3600 ἄδειαν
2752 3546 2918 3614 αὐτὴν
2953 3544 3212 3619 ἐκεράϊζε.
3255 3543 3354 3598 Καὶ
3387 3543 3453 3598 τὰ
3507 3543 3602 3618 μὶν

171 3635 311 3690 κατὰ
340 3631 599 3687 Σικελίαν
635 3633 777 3709 εἶχεν
807 3632 1000 3697 οὕτως.

246 3722 541 3784 Ἐκτόπως
602 3720 658 3777 δὲ
706 3727 803 3778 τοῦ
833 3725 1084 3778 Ἰωάννου
1134 3728 1232 3778 τοῦ
1290 3724 1484 3796 θρόνου
1539 3729 1636 3779 τοῦ
1689 3732 1840 3779 Κων-

176 3811 690 3874 σταντινουπόλεως
746 3812 1016 3888 ἐρῶντος,
1071 3816 1602 3891 κοινοπραγνςσαντες
1659 3817 1686 3871 0
1742 3823 1886 3886 τῆς,

177 3905 421 3974 Κυζίκου
478 3903 845 3976 Δημήτριος,
918 3903 1210 3965 ’Δντώνιος
1279 3905 1307 3958 0
1365 3903 1752 3978 Νίκομηδείας,
1813 3905 1840 3959 0

174 4002 276 4064 τῆς
341 3989 518 4061 Σίδης
569 3993 661 4046 καὶ
717 3990 986 4067 Ἀγκύρας
1044 3993 1095 4046 οἱ
1129 3990 1459 4070 αὐτάδελφοι
1518 3993 1608 4048 σὺν
1645 3992 1840 4056 ἄλλοις

179 4081 630 4158 μητροπολίταις
690 4075 1082 4136 έϐουλεύσαντο
1138 4086 1235 4136 τοῦ
1293 4083 1489 4157 θρόνου
1519 4089 1838 4159 καταγαγεῖν

175 4175 266 4229 τὸν
321 4171 572 4241 Ἀλέξιον
631 4171 717 4224 καὶ
771 4169 883 4225 ἀντ’
929 4171 1098 4226 αὐτοῦ
1125 4171 1217 4226 τὸν
1278 4171 1535 4244 Ἰωάννην
1562 4177 1642 4245 τῷ
1667 4172 1842 4248 θρόνῳ

175 4263 583 4338 ἐγκαταστῆσαι
621 4302 634 4316 .
714 4260 856 4334 Πρὸς
934 4260 1026 4314 οίὶν
1106 4257 1348 4330 Ἀλέξιος
1410 4261 1438 4315 ὁ
1495 4261 1841 4338 πατριάρχης

179 4352 310 4425 μετᾶ
371 4353 475 4404 τοῦ
533 4347 734 4441 λοιποῦ
797 4349 996 4425 μέρους
1035 4355 1136 4419 τῆς
1195 4347 1521 4421 Ἐκκλησίας
1556 4349 1844 4424 μηνύματα
1875 4377 1920 4441 D

176 4443 471 4516 ἐκπέμπει,
529 4435 822 4509 δηλοῦντα·
883 4463 913 4490 ‹‹
963 4436 1212 4512 Ἐπειδὴ,
1269 4439 1342 4502 ὥς
1393 4461 1544 4518 φατε,
1577 4441 1641 4495 οὗ
1672 4442 1842 4518 ψήφῳ

178 4531 519 4607 ἀρχιερέων,
559 4525 707 4582 ἀλλά
759 4528 1046 4603 προστάξει
1101 4527 1390 4584 Βασιλείου
1438 4534 1534 4583 τοῦ
1575 4528 1842 4605 βασιλέως

179 4617 387 4690 ἐπέϐην
463 4621 563 4671 τοῦ
637 4617 832 4692 θρόνου
906 4616 1293 4689 ἀκανονίστως,
1367 4621 1845 4694 καθαιρεθήτωσαν

183 4711 269 4772 οῦς
303 4707 707 4783 ἐχειροτόνησα
757 4705 1168 4781 μητροπολίτας
1229 4707 1316 4762 ἐπὶ
1364 4704 1553 4762 ἕνδεκα
1598 4709 1735 4781 πρὸς
1764 4713 1843 4781 τῷ

182 4800 377 4872 ἡμίσει
438 4797 678 4871 χρόνους
731 4797 833 4864 τὴν
895 4795 1226 4867 Ἐκκλησίαν
1283 4797 1485 4870 ἲθύνας,
1518 4797 1843 4871 ἀναθεματι-

183 4891 475 4958 σθήτωσαν
530 4881 588 4939 δὲ
637 4884 726 4938 καὶ
805 4883 896 4946 οὕς
949 4881 1143 4959 ἔστεψα
1198 4891 1343 4961 τρεῖς
1405 4885 1646 4962 βασιλεῖς
1678 4931 1691 4956 ,
1753 4887 1842 4942 καὶ

185 4978 470 5050 ξίσταμαι
525 4977 604 5045 τῷ
637 4971 962 5048 βουλομένῳ
992 4979 1089 5029 τοῦ
1116 4974 1330 5049 θρόνου.
1366 4998 1396 5027 ››
1453 4975 1668 5048 Ταύτην
1698 4974 1847 5047 δεξά-

188 5087 344 5138 μενοι
419 5063 520 5130 τήν
598 5060 856 5136 ἀγγελίαν
915 5063 968 5116 οἱ
1021 5063 1146 5138 περὶ
1203 5064 1298 5119 τὸν
1357 5067 1698 5139 Δημήτριον,
1752 5065 1840 5120 καὶ

181 5151 589 5230 αἷσχύνης.καὶ
622 5148 776 5213 δέους
810 5149 1137 5222 πλησθέντες
1164 5155 1322 5227 (ἦσαν
1379 5154 1480 5230 γὰρ
1509 5156 1562 5209 οἱ
1619 5153 1844 5219 πλείους

2024 3727 2264 3782 Interim
2291 3743 2425 3782 cum
2452 3725 2885 3798 patriarchatus
2909 3724 3194 3797 Cpolitani
3218 3741 3383 3779 amor
3404 3724 3604 3778 absur-

1954 3816 2065 3870 dus
2095 3816 2381 3871 Joannem
2416 3813 2786 3886 imperatoris
2822 3813 3054 3866 fratrem
3075 3812 3345 3883 cepisset,
3363 3827 3422 3865 re
3452 3827 3605 3864 com-

1954 3905 2254 3960 municata
2317 3903 2595 3976 episcopi,
2659 3901 2984 3958 Demetrius
3049 3899 3253 3973 Cyzici,
3312 3899 3603 3954 Antonius

1953 3992 2327 4060 Nicomedia},
2358 3993 2506 4048 Sida:
2539 3997 2597 4047 et
2626 3993 2860 4063 Ancyrae
2909 3991 3112 4044 fratres
3141 3987 3430 4061 germani,
3463 4004 3597 4044 cum

1952 4082 2084 4139 aliis
2107 4080 2494 4154 metropolitis
2516 4078 3216 4136 consultaruntdeAlexio
3240 4077 3601 4133 deturbando

1951 4173 2122 4246 eique
2153 4171 2500 4228 sufficiendo
2523 4171 2768 4226 Joanne.
2789 4170 2870 4223 Ad
2904 4185 3002 4224 eos
3020 4167 3256 4223 Alexius
3287 4171 3345 4222 et
3376 4167 3604 4238 reliqua

1952 4261 2209 4319 ecclesiae
2270 4278 2406 4333 pars
2462 4259 2687 4315 litteras
2746 4259 2908 4324 dant,
2970 4257 3079 4312 hoc
3136 4255 3538 4329 significantes
3585 4271 3598 4308 :

1952 4376 1978 4402 ι(
2014 4352 2278 4418 Quando,
2313 4354 2376 4406 ut
2405 4366 2504 4405 vos
2537 4348 2752 4414 dicitis,
2778 4365 2893 4404 non
2919 4345 3211 4417 sulfragiis
3235 4345 3601 4418 pontificum,

1953 4442 2052 4497 sed
2077 4442 2253 4512 jussu
2278 4438 2474 4494 Basilii
2500 4437 2874 4510 imperatoris
2891 4452 2996 4508 ego
3015 4435 3126 4491 hoc
3155 4435 3370 4490 solium
3395 4438 3599 4489 contra

1953 4547 2206 4586 canones
2253 4528 2584 4593 conscendi,
2639 4528 2887 4598 agedum
2947 4541 3096 4596 quos
3153 4540 3260 4597 ego
3318 4521 3601 4580 constitui

1954 4618 2351 4691 metropolitas
2375 4619 2498 4687 jam
2531 4633 2633 4688 per
2676 4617 2734 4670 tl
2794 4631 2980 4669 annos
3012 4630 3076 4669 ac
3108 4613 3246 4668 anni
3279 4611 3595 4667 semissum

1957 4709 2273 4765 Ecclesiam
2305 4707 2663 4779 gubernans.
2684 4705 3090 4775 deponantur;
3124 4701 3437 4757 anathema
3459 4715 3602 4771 quo-

1954 4816 2064 4870 que
2093 4796 2475 4853 obnuntietur
2522 4794 2713 4848 tribus
2764 4790 3216 4862 imperatoribus
3249 4789 3465 4861 quibus
3496 4803 3602 4858 ego

1953 4903 2196 4944 coronas
2227 4883 2456 4956 imperii
2489 4882 2766 4954 imposui.
2806 4881 2903 4936 llis
2936 4879 3100 4934 factis
3133 4878 3273 4933 cedo
3304 4875 3518 4933 solium
3549 4875 3598 4929 ci

1953 4978 2052 5047 qui
2085 4975 2238 5032 518
2288 4973 2410 5029 vult
2463 4972 2791 5028 succedere.
2841 4990 2864 5020 υ
2919 4969 3035 5024 Ηοο
3084 4971 3318 5038 accepto
3369 4965 3601 5033 nuntio,

1953 5064 2280 5121 Demetrius
2329 5078 2463 5118 cum
2514 5059 2689 5116 sociis
2741 5063 2898 5113 metu
2952 5057 3296 5129 pudoreque
3348 5053 3604 5117 confusi,

1952 5155 2108 5227 quod
2142 5152 2404 5225 plerique
2436 5151 2506 5206 ab
2539 5151 2666 5222 ipso
2689 5151 2853 5204 erant
2882 5145 3078 5216 creati,
3112 5144 3262 5200 nihil
3295 5142 3602 5216 antiquius

1382 5315 1754 5371 XYLANDRI
1793 5316 1886 5371 ET
1924 5313 2141 5371 GOARI
2180 5309 2414 5368 ΝΟΤίΕ.

252 5443 336 5512 (5)
389 5433 742 5515 Μανδύλιον,
783 5436 957 5510 vulgo
1013 5440 1307 5497 sudarium
1365 5444 1619 5515 manlile.
1661 5442 1845 5515 Ἀγιον

187 5509 470 5585 ἐκραγεῖον
527 5509 750 5586 vocavit
787 5509 995 5586 _nuper
1040 5518 1262 5586 auctor,
1315 5531 1368 5586 p.
1422 5509 1848 5586 735.‘Lexicon

187 5580 551 5661 {nodymum
596 5580 741 5637 bibl.
787 5580 928 5654 ch‘.
987 5598 1000 5637 :
1064 5580 1360 5657 μανδύλιόν
1419 5583 1846 5661 χειρόμακτρον.

189 5658 568 5800 ῦςξδῗῬτὶωο
599 5722 695 5780 hic
725 5722 785 5780 in
819 5727 1054 5785 auctore
1074 5727 1308 5801 legitur,
1343 5729 1452 5786 sub
1484 5745 1600 5802 quo
1631 5727 1848 5785 milita-

1958 5441 2100 5496 bant
2131 5441 2186 5492 et
2228 5435 2325 5492 alii
2374 5436 2480 5486 τῶν
2517 5429 2904 5499 Ἀνατολικῶν,
2953 5434 3059 5484 τῶν
3095 5431 3331 5482 Δυτικῶν
3379 5423 3468 5480 καὶ
3499 5429 3606 5480 τῶν

1957 5507 2296 5580 Θρᾳκησίων.
2331 5507 2509 5561 GOAR.

2003 5563 2101 5650 Ἀθ)
2127 5563 2492 5654 "iapygem:
2525 5579 2741 5654 Auctor
2768 5574 2910 5630 ibid.
2943 5574 3122 5654 ορμι.

2029 5644 2104 5727 (8)
2138 5644 2449 5727 Χξίιειίίιᾴὁι·⁸
2479 5648 2749 5704 ὶιεεεεὶὶρθ
2793 5655 2850 5727 et
2898 5647 3173 5727 ambigue
3219 5644 3553 5718 supplicium
3589 5659 3605 5696 :

1959 5717 2129 5800 plane
2160 5717 2216 5781 et
2242 5720 2535 5781 catholicae
2562 5721 2978 5793 processionem.
3010 5717 3189 5776 Geaa.
