4070 6334
463 361 578 423 251

1816 355 2134 418 GEORGII
2178 356 2521 420 CEDRENI

3751 358 3872 419 252

461 492 696 552 silentio
727 496 782 548 et
812 490 1009 564 quiete
1056 490 1428 558 habuerunt;
1462 493 1521 545 et
1551 489 1676 562 ipse
1721 488 1977 545 Joannes
2008 505 2108 544 cu-

2242 490 2314 545 }n’
2371 489 2535 546 αύτοῦ
2590 491 3114 567 χειροτονηθέντες),
3155 487 3462 561 ἠσπάσαντο
3495 489 3730 563 σιωπήν,
3774 501 3868 555 καὶ

459 583 768 657 piditatem
801 580 909 637 soli
940 580 1289 653 patriarchae
1317 579 1377 635 in
1410 584 1710 653 posterum
1745 578 1987 635 dimisit.

536 792 693 845 Anno
718 786 927 845 munni
958 788 1120 853 6546,
1146 786 1464 843 indictione
1485 788 1540 853 6,
1574 786 1667 843 die
1698 785 2038 842 Novembris
2060 787 2114 853 2,

457 882 831 935 terraemotus
863 877 973 933 fuit
1004 877 1159 932 circa
1190 877 1395 933 horam
1442 876 1557 931 diei
1593 876 1908 943 decimam,
1941 875 2115 930 dura-

459 968 652 1039 vitque
688 984 876 1039 usque
910 968 980 1023 ad
1014 966 1365 1023 Januarium
1419 982 1702 1021 mensem.
1738 965 1908 1020 Fame
1937 964 2116 1020 etiam

456 1057 791 1113 laboratum
818 1061 906 1111 est
934 1073 1035 1128 per
1060 1054 1395 1125 Thraciam,
1420 1055 1836 1121 Macedoniam,
1861 1055 2116 1126 Strymo-

461 1163 617 1213 nem,
634 1145 1137 1211 Thessalonicam,
1154 1148 1210 1199 et
1236 1160 1421 1215 usque
1445 1144 1831 1200 Thessaliam.
1856 1150 2114 1215 Conque-

460 1236 727 1292 rentibus
750 1239 946 1291 autem
968 1234 1398 1290 Thessalonica:
1417 1233 1647 1289 clericis
1670 1235 1740 1289 de
1758 1233 2113 1305 Theophane

462 1324 859 1397 metrOpolita,
888 1325 1041 1395 quod
1067 1324 1426 1379 frumentum
1452 1322 1521 1378 iis
1546 1324 1699 1395 quod
1732 1323 1981 1378 debebat
2004 1338 2115 1378 non

462 1414 839 1487 persolveret,
874 1414 1189 1486 imperator
1238 1417 1363 1469 tum
1395 1412 1821 1468 Thessalonicae
1856 1429 2115 1467 commo-

461 1521 599 1560 rans
620 1504 887 1558 hortatus
919 1504 1258 1574 episcopum
1289 1506 1377 1557 est
1410 1519 1480 1557 ne
1511 1501 1755 1557 clericos
1780 1501 1851 1557 iis
1875 1519 2002 1572 qua:
2035 1501 2118 1556 eis

461 1593 717 1664 legitime
750 1593 1117 1648 debebantur
1150 1591 1556 1661 ,defraudaret.
1604 1592 1868 1662 Cumque
1901 1592 1949 1646 is
1983 1592 2115 1647 obs-

461 1686 710 1754 treperet
746 1698 931 1753 neque
963 1682 1364 1752 obtemperare
1399 1681 1586 1750 vellet,
1620 1680 1830 1735 statuit
1862 1680 2111 1751 impera-

461 1774 553 1827 tor
602 1788 736 1826 cum
792 1771 993 1826 fraude
1049 1769 1471 1825 circumvenire
1528 1774 1585 1825 et
1642 1768 1947 1825 avaritiam
1990 1770 2119 1840 ejus

2227 576 2420 635 λοιπὸν
2451 582 2478 635 6
2507 582 2763 652 Ἰωάννης
2822 580 3020 656 ἐπέσχε
3050 580 3149 648 τὴν
3184 579 3269 634 ἐπὶ
3295 582 3364 653 τῇ
3403 580 3720 655 κατασχέσει
3778 585 3872 636 τοῦ

2228 668 2422 745 θρόνου
2454 666 2643 747 ὄρεξιν.

2294 792 2381 857 Τῷ
2442 785 2499 843 δὲ
2542 789 2719 865 ςφμς¹
2768 783 2894 857 ἔτει,
2950 784 3291 849 ἰνδικτιῶνος
3337 793 3399 855 ς’,
3458 786 3640 862 ἡμέρᾳ
3687 791 3871 859 Νοεμ-

2227 872 2382 951 ϐρίου
2418 879 2483 952 β’,
2523 878 2713 954 γέγονε
2768 878 2985 951 σεισμὸς
3037 877 3161 953 περὶ
3194 875 3337 952 ὤραν
3402 878 3430 929 ι’
3485 882 3585 943 τῆς
3638 876 3872 951 ἡμέρας,

2225 967 2311 1021 καὶ
2367 963 2657 1022 διετέλεσεν
2690 969 2723 1036 ἡ
2775 969 2848 1035 γῆ
2897 967 3150 1039 σειομένη
3211 963 3372 1039 ἄχρις
3430 964 3568 1019 ὅλου
3619 968 3716 1018 τοῦ
3769 966 3873 1021 Ἰα-

2224 1056 2478 1130 νουαρίου
2542 1051 2731 1129 μηνός.
2790 1057 2979 1132 Γέγονε
3032 1053 3089 1109 δὲ
3140 1054 3229 1109 καὶ
3289 1053 3452 1126 λιμὸς
3479 1054 3613 1108 κατά
3641 1074 3699 1108 τε
3731 1054 3872 1128 Θρᾴ-

2227 1166 2327 1215 κην
2384 1144 2471 1199 καὶ
2526 1142 2899 1216 Μακεδονίαν,
2962 1145 3246 1217 Στρυμόνα
3299 1142 3392 1198 καὶ
3448 1141 3873 1213 Θεσσαλονίκην,

2225 1234 2313 1288 καὶ
2371 1234 2535 1309 μέχρι
2594 1233 2904 1296 Θετταλίας.
2966 1228 3430 1304 Καταϐοησάντων
3489 1229 3546 1286 δὲ
3595 1235 3702 1286 τῶν
3734 1231 3873 1301 κληο

2229 1328 2392 1399 ρικῶν
2473 1322 2870 1391 Θεσσαλονίκης
2946 1323 3248 1399 Θεοφάνους
3305 1326 3401 1377 τοῦ
3462 1319 3877 1397 μητροπολίτου

2229 1413 2304 1474 ὡς
2362 1412 2800 1489 ἀποκρατοῦντος
2854 1414 2949 1475 τὰς
3001 1414 3246 1481 συνήθεις
3307 1412 3546 1481 σιτήσεις
3596 1411 3790 1481 αὐτῶν,
3849 1412 3877 1464 6

2232 1503 2488 1578 βασιλεὺς
2545 1507 2613 1576 τῇ
2671 1500 3035 1575 Θεσσαλονίκῃ
3068 1496 3417 1575 ἐνδιατρίϐων
3454 1499 3644 1574 λόγοις
3676 1520 3877 1573 παραι-

2228 1598 2461 1655 νετικοῖς
2521 1592 2789 1668 ἐκέχρητο
2842 1593 2978 1667 πρὸς
3011 1591 3190 1659 αὐτὸν,
3248 1591 3338 1645 καὶ
3367 1588 3599 1664 παρῄνει
3636 1590 3711 1661 μὴ
3745 1589 3877 1643 ἀπο·

2229 1687 2434 1757 στερεῖν
2495 1681 2585 1736 τὸν
2629 1689 2729 1751 τῆς
2761 1680 3056 1751 ἐκκλησίας
3094 1678 3225 1735 λαὸν
3255 1684 3363 1734 τῶν
3416 1679 3521 1733 ἀπὸ
3569 1679 3745 1750 νόμου
3798 1699 3879 1732 σι-

2226 1770 2535 1846 τηρεσίων.
2597 1773 2679 1844 [Ρ.
2737 1774 2863 1842 741]
2917 1774 3021 1825 Τοῦ
3084 1767 3141 1824 δὲ
3184 1767 3600 1844 τραχυνομένου
3648 1768 3740 1822 καὶ
3804 1768 3881 1841 μή

464 1876 854 1932 compescere.
888 1860 1065 1915 Mittit
1108 1859 1289 1931 igitur
1319 1859 1635 1930 quemdam
1671 1875 1914 1914 suorum
1949 1859 2122 1915 mini-

2242 1860 2575 1932 ὑπείκοντος,
2633 1856 2773 1935 ἔγνω
2804 1858 2911 1914 δεῖν
2971 1860 2998 1914 6
3056 1858 3310 1935 βασιλεὺς
3343 1857 3522 1931 ἀπάτῃ
3575 1856 3881 1931 περιελθεῖν

468 1954 748 2018 atrorum,
807 1954 1015 2005 mutuo
1076 1949 1186 2004 sibi
1240 1949 1366 2004 dari
1428 1953 1630 2020 petens
1690 1964 1873 2002 unum
1930 1953 2121 2003 cente-

469 2040 699 2096 narium
733 2040 917 2094 donec
944 2038 1053 2093 sibi
1101 2054 1311 2093 aurum
1355 2036 1629 2109 Byzantio
1674 2036 1999 2093 ali‘erretur.
2035 2040 2124 2092 In-

468 2130 747 2200 terposito
770 2127 1163 2198 jurejurando
1198 2126 1431 2197 negavit
1474 2126 1783 2197 episc0pus
1816 2125 2031 2181 habere
2062 2143 2124 2182 se

467 2220 622 2275 ultra
653 2217 893 2289 triginta
923 2216 1123 2271 libras.
1146 2217 1222 2270 Eo
1244 2216 1516 2270 submoto
1537 2215 1853 2287 imperator
1882 2215 2125 2271 thesau-

471 2326 568 2365 ros
601 2307 791 2380 ipsius
822 2304 1095 2375 excussit,
1129 2304 1465 2376 invenitque
1496 2305 1621 2359 auri
1656 2307 1987 2361 centenaria
2020 2307 2125 2360 tri-

472 2398 637 2470 ginta
667 2397 796 2451 tria.
832 2400 911 2451 De
954 2394 1049 2450 his
1100 2393 1376 2466 persolvit
1423 2394 1648 2449 clericis
1679 2412 1804 2466 quae
1853 2412 1886 2449 a
1936 2394 2126 2467 primo

475 2484 851 2558 Theophanis
900 2483 1439 2556 archiepiscopatus
1493 2501 1646 2539 anno
1695 2484 1755 2539 in
1805 2500 1938 2539 eum
1971 2484 2124 2540 519

480 2592 668 2646 usque
700 2574 852 2629 diem
886 2573 1249 2629 debebantur
1298 2572 1520 2640 omnia,
1555 2572 1779 2645 reliqua
1811 2572 1957 2628 inter
1990 2590 2129 2645 pau-

478 2680 645 2736 peres
676 2662 902 2733 dividit,
936 2666 993 2717 et
1025 2662 1444 2734 Theophanem
1477 2661 1725 2719 ecclesia
1764 2664 2033 2718 abactum
2068 2663 2126 2717 in

479 2752 775 2825 quoddam
809 2751 1089 2823 praedium
1115 2752 1422 2823 deportat:
1459 2750 1862 2823 episcopatum
1897 2756 2129 2807 Prome-

474 2842 609 2898 theo
641 2840 976 2906 committit,
1000 2842 1360 2913 mandatque
1392 2845 1455 2895 ut
1484 2840 1823 2913 TheOphani
1853 2840 2130 2897 alimenta

477 2932 735 3004 praebeat
768 2930 934 3001 isque
970 2930 1229 3002 privatus
1257 2928 1429 2985 vivat.

2236 1949 2398 2004 αὐτὸν
2464 1948 2557 2003 καὶ
2625 1946 2857 2003 κολάσαι
2920 1949 3018 2018 τήν
3075 1946 3381 2017 ἀπληστίαν
3430 1945 3615 2002 αὐτοῦ.
3672 1944 3883 2018 Πέμπει

2237 2038 2327 2093 οὖν
2376 2060 2496 2093 τινα
2524 2042 2630 2093 τῶν
2692 2037 3102 2113 ὑπηρετούντων
3156 2037 3324 2108 αὐτῷ,
3376 2034 3593 2105 έξαιτῶν
3642 2031 3886 2090 ἐκδανεῖ-

2234 2128 2321 2183 σαί
2371 2128 2420 2182 οἱ
2451 2126 2800 2203 κεντηνάριον
2832 2124 2910 2196 ἓν,
2969 2126 3166 2201 μέχρις
3222 2125 3280 2180 ἂν
3336 2122 3394 2180 ἐκ
3424 2122 3719 2194 Βυζαντίου
3751 2143 3884 2199 χρυ-

2235 2220 2348 2272 σίον
2384 2215 2786 2290 διακομισθείη.
2846 2218 2906 2274 Ὁ
2966 2215 3023 2271 δὲ
3052 2215 3343 2288 ἐνωμότως
3384 2215 3738 2288 ἀπηρνήσατο
3807 2215 3883 2284 μὴ

2235 2305 2380 2382 ἔχειν
2434 2303 2580 2376 πλὴν
2628 2308 2923 2381 τριάκοντα
2944 2304 3169 2381 λιτρῶν.
3219 2304 3322 2361 Καὶ
3352 2307 3541 2357 τοῦτον
3580 2302 3675 2375 μὶν
3717 2302 3887 2357 ἐκπο-

2238 2394 2344 2450 δὼν
2407 2395 2719 2469 μεθίστησιν
2779 2395 2807 2450 ὀ
2869 2394 3146 2470 βασιλεὺς,
3195 2390 3523 2456 ἀποστείλας
3561 2388 3616 2447 δὲ
3672 2390 3763 2445 καὶ
3823 2391 3889 2446 τά

2232 2489 2458 2558 ταμιεῖα
2514 2486 2680 2539 αὐτοῦ
2742 2482 3224 2559 διερευνησάμενος
3298 2482 3417 2556 εὗρε
3494 2478 3726 2556 χρυσίου
3775 2501 3886 2535 κεν-

2234 2574 2465 2648 τηνάρια
2493 2575 2784 2649 τριάκοντα
2829 2573 2918 2627 καὶ
2962 2573 3109 2647 τρίαο
3162 2570 3213 2642 ἐξ
3261 2572 3334 2626 ὧν
3388 2568 3576 2626 δίδωσι
3625 2570 3721 2643 μὲν
3767 2575 3885 2631 τοῖς

2236 2662 2528 2739 κληρικοῖς
2604 2663 2670 2717 τά
2746 2661 3077 2740 ὀφειλόμενα
3138 2660 3243 2715 ἀπὸ
3299 2660 3520 2736 πρώτου
3576 2654 3728 2719 ἓτους
3783 2665 3884 2728 τῆς

2239 2751 2653 2827 ἀρχιερωσύνης
2728 2752 2823 2805 τοῦ
2891 2752 3194 2828 Θεοφάνους
3269 2746 3375 2811 ἕως
3426 2755 3526 2818 τῆς
3586 2746 3883 2816 ἐνεστώσης

2240 2840 2405 2917 ὥρας,
2457 2839 2523 2895 τά
2566 2837 2623 2894 δὲ
2690 2838 2861 2895 λοιπά
2917 2839 3109 2910 πένησι
3143 2836 3405 2911 διανέμει,
3435 2837 3526 2892 καὶ
3553 2836 3643 2892 τὸν
3674 2855 3883 2911 μητρο-

2238 2927 2473 3001 πολίτην
2534 2929 2724 3000 ἐξωθεῖ
2778 2932 2877 2999 τῆς
2917 2926 3211 2998 ἐκκλησίας
3261 2928 3350 2983 καὶ
3397 2924 3447 2981 ἕν
3505 2948 3613 2981 τινι
3644 2927 3885 2998 κτήματι

475 3017 798 3095 περιορίζει.
829 3017 1110 3095 Ἐφίστησι
1144 3015 1201 3072 δὲ
1234 3016 1529 3095 Προμηθέα
1557 3020 1625 3091 τῇ
1664 3014 2027 3093 μητροπόλει,
2061 3019 2189 3095 παρ’
2220 3019 2282 3074 οὗ
2312 3019 2401 3073 καὶ
2436 3016 2596 3082 οὗτος
2646 3018 2925 3095 σιτηρέσια
2972 3011 3271 3090 λαμϐάνειν
3319 3016 3597 3073 τετύπωτο
3644 3016 3733 3071 καὶ
3764 3013 3890 3069 καθ’

478 3108 665 3163 ἑαυτὸν
693 3105 895 3183 διάγειν
908 3151 919 3164 .

548 3254 690 3306 Cum
724 3254 918 3306 autem
954 3250 1294 3305 Pancratice
1342 3250 1605 3321 Abasgiae
1648 3250 1925 3306 dominus
1954 3250 2124 3306 vehe-

2312 3250 2649 3327 Παγκρατίω
2726 3247 2783 3305 δὲ
2847 3252 2944 3304 τοῦ
3010 3247 3351 3322 ὲξουσιαστοῦ
3409 3240 3701 3321 ’Δϐασγίας
3752 3264 3893 3321 σφο-

478 3346 705 3397 menter
721 3345 954 3411 urgeret
977 3341 1222 3395 Jasitam
1248 3340 1533 3411 superiori
1558 3340 1755 3395 lberiae
1780 3341 2128 3411 principem,

475 3431 734 3486 Joannes
766 3435 971 3484 contra
1000 3446 1133 3484 eum
1182 3430 1399 3484 emittit
1450 3429 1903 3484 Constantinum
1937 3431 2131 3485 dome-

480 3519 697 3574 sticum
743 3517 1103 3588 scholarum,
1153 3519 1389 3572 fratrem
1439 3535 1636 3585 suum,
1671 3535 1804 3573 cum
1854 3519 2131 3574 omnibus

482 3606 867 3663 orientalibus
897 3606 1101 3678 copiis,
1137 3605 1436 3677 pollicitus
1481 3608 1532 3662 ei
1569 3607 1894 3662 missurum
1928 3624 1989 3663 se
2019 3608 2129 3665 Da-

480 3697 779 3753 lassenum
822 3696 1227 3753 consiliarium
1259 3713 1325 3752 ac
1366 3696 1650 3768 collegam
1697 3697 1834 3752 belli
1868 3697 2130 3770 gerendi.

482 3786 643 3851 Quod
695 3803 827 3842 cum
878 3804 991 3842 non
1040 3787 1221 3857 ﬁeret,
1258 3802 1318 3841 re
1367 3786 1582 3842 infecta
1629 3787 1988 3843 domesticus
2018 3786 2136 3842 dis-

491 3875 686 3932 cessit.

557 4084 699 4139 Cum
732 4086 927 4138 autem
962 4098 1222 4155 purgans
1255 4081 1748 4138 medicamentum
1785 4086 2135 4153 accepturus

485 4174 933 4235 essetJoannes,
957 4177 1063 4227 Zoe
1092 4178 1358 4241 Augusta
1385 4171 1596 4226 certior
1628 4173 1777 4226 tacta
1803 4171 2135 4227 ﬁdelissimi

487 4278 729 4317 suorum
763 4262 1165 4317 cunuchorum
1191 4260 1471 4330 Sguritzze
1495 4276 1671 4331 opera
1702 4260 1991 4315 medicum
2020 4277 2133 4315 non

484 4350 709 4421 exiguis
752 4349 1096 4404 muneribus
1134 4348 1477 4419 corrumpit,
1524 4348 1779 4420 pollicita
1802 4366 1864 4405 se
1894 4365 2029 4405 eum
2063 4350 2135 4404 ad

484 4440 615 4495 vitm
639 4454 935 4494 summum
980 4437 1352 4509 splendorem
1384 4442 1441 4493 et
1471 4438 1871 4510 amplissimas
1904 4438 2136 4494 divitias

487 4527 798 4591 elaturam,
833 4528 881 4583 si
916 4527 1343 4582 medicamento
1374 4527 1700 4582 admisceat
1729 4526 1939 4582 lethale
1968 4544 2136 4583 vene-

2241 3338 2382 3414 δρῶς
2440 3338 2783 3412 ἐπικειμένου
2839 3343 2919 3411 τῷ
2968 3340 3249 3394 κατεπάνω
3308 3332 3544 3409 Ἰϐηρίας
3600 3340 3679 3408 τῷ
3727 3333 3893 3391 Ἰασί‹

2237 3451 2328 3504 τῃ,
2391 3430 2418 3483 6
2466 3428 2725 3499 Ἰωάννης
2785 3428 2920 3501 μετά
2948 3433 3055 3483 τῶν
3086 3429 3375 3504 ταγμάτων
3404 3434 3504 3496 τῆς
3531 3428 3643 3481 Ἕω
3668 3423 3889 3479 πάντων

2239 3518 2329 3573 τὸν
2393 3516 2714 3591 δομέστικον
2772 3520 3178 3574 Κωνσταντῖνον
3235 3522 3342 3572 τῶν
3395 3514 3640 3592 σχολῶν,
3670 3514 3764 3569 τὸν
3798 3512 3896 3568 αὖ·

2238 3610 2335 3662 τοῦ
2384 3604 2640 3685 ἀδελφὸν,
2696 3605 2984 3680 ἐκπέμπει,
3041 3604 3529 3682 καθυποσχόμενος
3586 3602 3897 3675 συνεκπέμ-

2241 3699 2336 3770 ψαι
2392 3695 2571 3768 τούτῳ
2623 3694 2712 3751 καί
2768 3696 2859 3751 τὸν
2922 3693 3291 3767 Δαλασσηνὸν,
3352 3695 3425 3756 ὡς
3458 3691 3518 3749 ἂν
3561 3690 3665 3769 ἔχῃ
3694 3696 3898 3747 τοῦτον

2243 3779 2556 3859 σύμϐουλον
2590 3785 2677 3839 καὶ
2718 3784 3065 3861 παραστάτην
3111 3785 3162 3839 ἐν
3205 3790 3324 3847 τοῖς
3371 3782 3659 3856 πολέμοις.
3715 3785 3902 3837 Τοῦτο

2244 3871 2301 3928 δὲ
2329 3873 2426 3929 οὐκ
2466 3873 2713 3947 ἐποίησε,
2754 3894 2843 3928 και
2903 3872 3096 3929 λοιπὸν
3154 3874 3428 3946 ἄπρακτος
3487 3874 3514 3927 ὁ
3573 3870 3904 3945 δομέστικος

2247 3964 2596 4032 ὑπενόστησε.

2317 4078 2631 4140 Μέλλοντος
2693 4076 2750 4133 δὲ
2805 4082 2901 4133 τοῦ
2960 4079 3207 4134 Ἰωάννου
3257 4077 3547 4153 καθαρσίου
3607 4080 3904 4152 μετασχεῖν

2246 4169 2557 4245 φαρμάκου,
2618 4172 2818 4242 γνοῦσα
2867 4171 3030 4222 τοῦτο
3084 4169 3205 4236 Ζωὴ
3265 4170 3299 4237 ἡ
3356 4166 3570 4243 βασιλὶς
3612 4163 3700 4220 διά
3748 4185 3905 4226 τινος

2244 4260 2352 4310 τῶν
2432 4257 2781 4311 οἰκειοτάτων
2860 4256 2996 4330 αὐτῇ
3074 4256 3351 4332 εὐνούχων
3422 4260 3520 4311 τοῦ
3595 4254 3905 4329 λεγομένου

2249 4344 2575 4418 Σγουρίτζη,
2632 4342 2836 4418 δώροις
2863 4344 3173 4423 ὑποφθείρει
3195 4346 3286 4400 τὸν
3320 4344 3502 4422 ΐατρὸν
3535 4342 3633 4399 οὐκ
3660 4342 3903 4419 ὀλίγοις,

2250 4433 2608 4509 ὑποσχομένη
2636 4434 2688 4496 ἃς
2727 4435 2849 4510 βίου
2889 4455 2947 4489 τε
2988 4436 3332 4512 περιφάνειαν
3387 4434 3526 4507 ἄξειν
3586 4432 3746 4488 αὐτὸν
3805 4433 3905 4487 καὶ

2246 4521 2488 4578 πλοότου
2566 4524 2869 4598 ὑπεροχὴν,
2951 4522 2996 4577 εἰ
3071 4524 3284 4598 κεράσει
3340 4528 3420 4596 τῷ
3477 4520 3749 4598 φαρμάκῳ
3808 4522 3905 4575 καὶ

487 4633 651 4673 num.
684 4617 793 4671 Sed
828 4632 974 4687 puer
1004 4615 1243 4687 quidam
1275 4616 1483 4671 medici
1519 4615 1777 4671 famulus
1806 4616 2018 4671 Joanni
2051 4615 2124 4671 in-

2244 4609 2608 4685 δηλητήριον.
2670 4609 2964 4687 Παιδαρίου
2997 4609 3054 4666 δέ
3098 4633 3246 4674 τινος
3276 4616 3384 4667 τῶν
3437 4610 3906 4686 ὑπηρετουμένων

488 4706 671 4762 sidias
702 4706 957 4770 detexit;
988 4706 1179 4777 iisque
1202 4705 1621 4761 demonstratis
1652 4705 1916 4760 medicus
1938 4704 2137 4761 Antio-

488 4795 701 4861 chiam,
731 4812 857 4867 quae
890 4795 940 4850 ei
973 4795 1164 4850 fuerat
1210 4795 1417 4865 patria,
1452 4792 1766 4865 relegatur,
1798 4793 2138 4849 Constanti-

484 4901 598 4941 nus
630 4883 934 4955 Mucupela
967 4883 1499 4955 protospatbarius,
1531 4883 1633 4953 qui
1682 4898 1973 4939 venenum
2022 4882 2138 4937 mi-

487 4978 738 5041 scuerat,
775 4974 919 5028 urbe
949 4972 1205 5044 ejicitur,
1238 4977 1296 5027 et
1326 4973 1399 5027 de
1428 4974 1694 5044 Augusta
1724 4987 1789 5027 eo
1822 4971 2138 5028 deteriores

485 5067 667 5119 auctas
699 5062 1090 5135 suspiciones.

558 5260 712 5333 520
742 5262 816 5314 Ut
845 5259 902 5313 in
948 5256 1202 5313 Siciliam
1243 5256 1472 5329 appulit
1517 5256 1795 5327 Georgius
1824 5256 2139 5328 Maniaces,

486 5349 588 5420 qui
619 5365 746 5404 eam
781 5346 1058 5402 tenebant
1109 5346 1341 5413 fratres,
1377 5362 1520 5418 pace
1569 5346 1719 5401 facta
1767 5345 1921 5401 inter
1951 5362 2013 5400 se
2044 5362 2138 5400 co-

486 5439 607 5493 nati
640 5441 778 5491 sunt
807 5454 937 5492 eum
971 5434 1166 5491 insula
1198 5435 1410 5506 pellere
1469 5436 1691 5491 adscito
1723 5452 1790 5490 ex
1819 5435 2010 5490 Africa
2043 5451 2143 5489 au-

484 5525 624 5581 xilio
658 5526 913 5581 virorum
948 5526 1143 5580 50000.
1192 5523 1538 5579 Conflictum
1574 5525 1641 5579 ad
1676 5524 1867 5579 locum
1904 5524 1995 5579 cui
2031 5524 2138 5579 Re-

488 5619 647 5671 mata
698 5631 931 5685 nomen,
974 5620 1031 5670 et
1081 5614 1215 5670 victi
1266 5612 1774 5686 Carthaginenses,
1820 5629 2143 5685 eorumque

487 5708 651 5761 tanta
682 5703 836 5761 edita
858 5708 1084 5777 strages
1102 5709 1167 5759 ut
1183 5700 1468 5774 sanguine
1486 5719 1717 5759 amnem
1746 5703 2141 5776 praeterﬂuen-

2245 4706 2325 4772 τῷ
2386 4701 2554 4773 ἰατρῷ
2599 4702 2935 4773 μηνύσαντος
2961 4701 3024 4756 τὸ
3055 4702 3385 4775 σκευώρημα
3414 4705 3493 4773 τῷ
3525 4701 3772 4773 Ἰωάννῃ,
3807 4699 3906 4753 καὶ

2245 4798 2346 4859 τῆς
2378 4785 2682 4859 ἐπιϐουλῆς
2711 4789 3090 4866 ἐλεγχθείσης,
3121 4792 3149 4845 6
3184 4792 3279 4863 μὲν
3328 4790 3511 4863 ἰατρὸς
3553 4788 3630 4851 εἷς
3680 4788 3904 4843 Ἀντιό-

2246 4899 2401 4955 χειαν
2431 4880 2532 4948 τήν
2560 4878 2726 4934 αὐτοῦ
2756 4877 2987 4953 πατρίδα
3007 4879 3356 4955 ἐξορίζεται,ὁ
3380 4877 3438 4934 δὶ
3466 4879 3526 4933 τὸ
3554 4875 3904 4952 δηλητήριον

2248 4969 2714 5041 συσκευασάμενος
2749 4973 3146 5030 Κωνσταντῖνος
3174 4967 3662 5044 πρωτοσπαθάριος
3692 4966 3720 5020 6
3752 4966 3911 5022 Μου-

2248 5056 2527 5127 κουπέλης
2559 5056 2833 5128 ἐξωθεῖται
2862 5064 2962 5128 τῆς
2984 5055 3221 5127 πόλεως,
3252 5057 3343 5113 καὶ
3374 5060 3408 5128 ἡ
3441 5054 3656 5134 βασιλὶς
3684 5053 3736 5109 ἰν
3774 5055 3912 5110 ὑπο-

2246 5145 2394 5220 ψίαις
2428 5143 2600 5201 ἔκειτο
2634 5144 2899 5219 μείζοσιν.

2318 5256 2477 5322 ’Ἄρτι
2558 5250 2615 5308 δὲ
2679 5255 2768 5308 καὶ
2829 5255 3112 5331 Γεωργίου
3156 5252 3443 5329 πατρικίου
3499 5255 3597 5307 τοῦ
3651 5248 3907 5321 Μανιάκη

2226 5344 2343 5419 ,τὴν
2394 5340 2649 5397 Σικελίαν
2695 5338 3121 5412 καταλαϐόντος,
3163 5344 3214 5398 οἳ
3267 5342 3468 5413 ταύτης
3500 5339 3755 5418 ἄρχοντες
3811 5340 3910 5395 καὶ

2249 5428 2580 5510 αύτάδελφοι
2655 5432 3005 5506 σπεισάμενοι
3082 5433 3223 5508 πρὸς
3294 5431 3581 5503 ἀλλήλους
3640 5424 3907 5484 ἔσπευδον

2247 5520 2514 5577 ἀπελάσαι
2582 5526 2776 5577 τοῦτον
2834 5529 2935 5592 τῆς
2992 5524 3184 5593 νήσου,
3220 5523 3312 5577 Διὸ
3368 5523 3457 5576 καὶ
3500 5517 3817 5595 συμμαχίαν
3850 5512 3908 5581 ἑξ

2250 5611 2518 5688 Ἀφρικῆς
2593 5614 3004 5686 μετεπέμψαντο
3081 5609 3339 5688 χιλιάδας
3390 5612 3771 5680 πεντήκοντα·
3833 5608 3909 5676 ἧς

2247 5699 2518 5771 ἐλθούσης
2576 5700 2781 5776 γίνεται
2831 5697 3086 5775 συμϐολὴ
3144 5702 3392 5777 κραταιὰ*
3451 5698 3585 5756 κατά
3622 5699 3691 5754 τὰ
3737 5695 3910 5773 λεγό-
