4038 6334
159 378 278 440 253

1308 377 1860 443 HISTORIARUM
1905 378 2447 442 COMPENDIUM.

3463 383 3584 444 254

164 529 300 584 μενα
377 511 645 584 Ῥήματα,
697 512 786 567 καὶ
856 512 1110 588 τρέπεται
1194 513 1334 569 κατὰ
1404 510 1604 590 κράτος
1691 509 1813 575 τοὺς

1937 516 2053 570 tem
2072 512 2406 570 inundaret.
2427 512 2564 569 Post
2577 511 2701 569 haec
2723 512 2899 569 urbes
2917 510 3127 569 Siciliae
3146 512 3213 568 13
3231 512 3382 585 cepit
3404 513 3584 572 Geor—

162 597 636 676 Καρχηδονίουςὸ
686 600 996 675 Μανιάκης,
1055 600 1320 658 τοσούτου
1371 602 1669 679 γενομένου
1728 602 1823 678 φό-

1933 602 2498 676 gius,paulatimque
2511 603 2832 676 procedens
2848 605 3030 659 totam
3050 601 3309 658 insulam
3328 602 3581 677 subegit.

159 709 260 744 νου
288 690 368 752 ὡς
393 688 485 745 τὸν
516 688 898 767 παραρρέοντα
920 691 1164 766 ποταμὸν
1196 690 1608 769 πλημμυρῆσαι
1638 695 1718 764 τῷ
1751 690 1967 765 αἶ’ματι.
2001 692 2154 749 Μετὰ
2174 688 2232 747 δὶ
2259 695 2427 747 ταῦτα
2457 689 2568 747 εἷλε
2594 689 2787 754 πόλεις
2845 689 3132 753 Σικελικὰς
3186 690 3272 766 ιγ’,
3303 689 3392 745 καὶ
3447 691 3586 747 κατά

164 780 373 855 μικρὸν
402 778 610 853 προϊὼν
640 785 812 835 πᾶσαν
844 778 1181 856 ἐχειρώσατο
1209 781 1308 851 τὴν
1340 787 1528 852 νῆσον.

228 871 331 941 Τῷ
387 865 447 923 δὶ
495 869 675 947 ,ςφμξ
732 862 859 939 ἔτει,
920 867 1262 933 ίνδικτιῶνος
1318 872 1383 943 ς’,
1423 868 1643 947 γέγονεν
1702 870 1821 925 ἐπιο

158 952 344 1027 6ουλή
394 958 531 1012 κατᾶ
575 965 676 1027 τῆς
719 957 933 1022 πόλεως
985 957 1261 1031 Ἐδέσσηςν
1302 960 1393 1015 καὶ
1454 964 1655 1035 μικροῦ
1712 956 1820 1015 δεῖν

156 1046 334 1116 lilio,
369 1046 416 1102 εἰ
472 1047 551 1120 μὴ
628 1048 757 1110 Θεὸς
831 1045 1152 1107 διεσώσατο.
1216 1050 1666 1126 Στρατηγοῦντος
1720 1049 1823 1126 γὰρ

157 1136 209 1191 ἐν
242 1134 387 1210 αὐτῇ
422 1139 521 1191 τοῦ
579 1137 1072 1214 πρωτοσπαθαρίου
1123 1133 1467 1215 Βαρασϐατζὶ
1522 1142 1617 1193 τοῦ
1668 1134 1822 1209 ’16η-

156 1244 273 1299 ρος,
339 1224 422 1300 [Ρ.
477 1227 607 1300 ⁸742]
687 1222 948 1303 ἄρχοντες
1020 1230 1128 1283 τῶν
1189 1222 1434 1304 Ἀράϐων
1508 1226 1599 1303 ιβ’,
1638 1225 1826 1292 ἱππεῖς

155 1310 385 1388 ἔχοντες
418 1314 468 1392 φ’
497 1314 589 1368 καὶ
631 1312 925 1388 καμήλους
956 1316 1026 1394 φ’,
1059 1310 1294 1371 κιϐώτια
1352 1314 1616 1395 φερούσας
1666 1313 1826 1392 χίλια

154 1396 375 1458 ἔνδοθεν
435 1398 635 1480 ἔχοντα
717 1401 1029 1480 δισχιλίους
1108 1403 1359 1479 ὁπλίτας,
1411 1406 1510 1476 τήν
1566 1402 1820 1462 Ἔδεσσαν

152 1488 546 1569 κατειλήφασι,
607 1492 901 1570 φάσκοντες
956 1494 1030 1555 ὡς
1094 1489 1321 1570 βασιλέα
1391 1493 1600 1549 ἀπιέναι
1675 1490 1825 1570 δῶρα

158 1580 511 1654 κομίζοντες.
542 1582 642 1638 Ἦν
691 1579 749 1637 δὲ
798 1581 978 1646 αὐτοῖς
1011 1585 1046 1653 ἡ
1076 1583 1226 1658 ὁρμή
1256 1579 1405 1638 ἔνδον
1450 1590 1551 1654 τῆς
1607 1580 1824 1647 πόλεως

158 1669 475 1746 εἴσαγαγεῖν
530 1670 600 1726 τὰ
657 1665 893 1727 κιϐώτια
969 1672 1061 1728 καὶ
1145 1671 1359 1746 νύκτωρ
1411 1673 1540 1737 τοὺς
1594 1669 1825 1736 ὁπλίτας

155 1754 421 1814 ἐκϐαλεῖν
449 1758 540 1814 καὶ
579 1766 874 1837 κατασχεῖν
930 1761 1031 1832 τήν
1073 1756 1259 1818 πὸλιν.
1292 1762 1354 1819 Ὀ
1411 1757 1468 1816 δὶ
1526 1761 1824 1839 στρατηγὸς

149 1849 284 1912 τοὺς
318 1848 415 1922 μὶν
478 1847 751 1926 ἄρχοντας
807 1848 1159 1929 φιλοφρόνως
1216 1849 1430 1923 ἐδέξατο
1485 1852 1576 1909 καὶ
1634 1853 1825 1909 εἱστία,

2010 872 2223 928 Eodem
2256 888 2431 940 anno,
2470 870 2791 928 indictione
2821 874 3003 941 sexta,
3036 888 3243 945 parum
3296 871 3484 929 abfuit
3512 888 3586 928 ne

1933 961 2153 1018 Edessa
2183 961 2315 1017 dolo
2344 967 2667 1035 caperetur,
2693 968 2806 1017 Deo
2838 978 2911 1018 ne
2933 962 2988 1017 id
3014 961 3176 1018 fieret
3205 961 3581 1034 impediente.

1931 1048 2183 1104 Praeerat
2215 1048 2345 1104 urbi
2396 1048 2447 1104 ei
2498 1049 2877 1105 Barasbatzes
2926 1049 3131 1105 Iberus
3178 1050 3585 1123 protospatha—

1933 1140 2077 1195 rius.
2112 1138 2405 1194 Accedunt
2435 1138 2505 1193 ad
2539 1155 2673 1194 eum
2695 1138 2914 1195 Arabes
2943 1139 3208 1211 primarii
3228 1139 3332 1195 viri
3360 1140 3425 1195 l2
3446 1156 3579 1196 cum

1932 1227 2232 1300 equitibus
2260 1228 2366 1283 500
2391 1232 2446 1282 et
2468 1226 2712 1283 totidem
2738 1227 2979 1284 camelis
2999 1245 3161 1284 arcas
3184 1228 3577 1301 portantibus,

1932 1316 1991 1373 in
2024 1316 2240 1390 quibus
2262 1317 2376 1373 duo
2409 1321 2769 1373 armatorum
2790 1317 2979 1373 millia
3007 1317 3288 1386 latebant,
3308 1335 3485 1391 seque
3506 1317 3576 1374 ad

1932 1407 2342 1480 imperatorem
2403 1423 2716 1462 munerum
2778 1406 3209 1463 oti‘erendorum
3264 1424 3442 1464 causa
3498 1406 3582 1464 ire

1932 1495 2117 1553 aiunt.
2153 1497 2493 1552 Statuerant
2521 1512 2657 1552 vero
2689 1495 2843 1552 arcis
2869 1496 2928 1551 in
2961 1496 3166 1552 urbem
3197 1495 3375 1553 illatis
3406 1502 3577 1553 noctu

1931 1585 2147 1642 milites
2178 1602 2444 1658 promere
2486 1589 2543 1641 et
2591 1586 2797 1641 urbem
2846 1601 3153 1658 occupare.
3204 1585 3581 1644 Barasbatzes

1931 1675 2227 1748 principes
2276 1675 2518 1731 comiter
2573 1673 2785 1746 accipit
2842 1678 2901 1730 et
2958 1673 3289 1731 convivium
3342 1675 3579 1748 praebet,

1931 1764 2160 1838 equites
2192 1768 2385 1819 tamen
2438 1770 2490 1819 et
2532 1763 2957 1836 impedimenta
2984 1763 3043 1819 in
3092 1764 3298 1819 urbem
3329 1780 3446 1820 non
3476 1765 3581 1821 ad-

1935 1854 2137 1910 mittit.
2173 1854 2340 1910 Forte
2363 1854 2604 1926 quidam
2638 1852 2951 1909 Armenius
2982 1852 3290 1910 mendicus
3320 1868 3453 1909 cum
3484 1870 3579 1910 ac-

148 1937 284 2001 τοὺς
311 1934 368 1993 δὲ
398 1938 587 2001 ἱππεῖς
618 1936 709 1993 καὶ
738 1939 838 2008 τὴν
900 1939 1206 2011 ἀποσκευὴν
1267 1937 1457 2014 ἔξωθεν
1518 1939 1813 2008 διαιτᾶσθαι

1931 1944 2207 2000 cessisset
2244 1943 2343 2000 ubi
2375 1942 2647 1999 Saraceni
2694 1942 3230 2009 commorabantur,
3264 1942 3578 2010 quemdam

147 2024 425 2085 ἐκέλευσε.
482 2026 657 2099 Πένης
730 2023 787 2084 δέ.
852 2049 938 2092 τις
1008 2027 1294 2105 Ἀρμένιος
1364 2036 1654 2106 μεταιτῶν,
1704 2030 1813 2088 ἔνθα

1935 2049 2136 2107 eorum
2168 2033 2265 2106 qui
2299 2032 2357 2088 in
2407 2032 2558 2088 arcis
2605 2031 2868 2088 latebant
2899 2031 3063 2088 audit
3108 2031 3351 2087 ubinam
3382 2036 3581 2089 essent

149 2114 455 2187 ηὖλίζοντο
527 2117 579 2172 οἱ
648 2117 963 2194 Σαρακηνοὶ
1039 2119 1354 2195 γενόμενος,
1394 2118 1601 2191 ἤκουσὲ
1675 2142 1822 2185 τινος

147 2209 255 2260 τῶν
293 2204 353 2261 ἰν
379 2210 500 2267 τοῖς
529 2200 815 2269 κιϐωτίοις
848 2202 992 2282 (ᾔδει
1024 2208 1128 2285 γὰρ
1176 2206 1269 2264 καί
1323 2210 1424 2280 τήν
1480 2214 1589 2265 τῶν
1645 2216 1821 2287 Σαρα-

143 2300 330 2367 κηνῶν
393 2292 710 2370 διάλεκτον)
770 2292 1137 2372 διερωτῶντός
1195 2320 1342 2361 τινος
1400 2299 1526 2355 ὅποι
1579 2300 1818 2377 πάρεισι,

144 2386 232 2439 καὶ
301 2381 532 2460 δραμὼν
592 2383 899 2462 ἀπήγγειλε
955 2392 1036 2459 τῷ
1095 2386 1407 2465 στρατηγῷ.
1464 2394 1518 2444 '0
1574 2386 1632 2444 δὲ
1694 2388 1822 2455 τοὺς

148 2472 433 2549 ἄρχοντας
486 2473 678 2539 ἐσθίειν
738 2474 896 2538 ἔάσας
974 2473 1167 2549 ἐξῆλθε
1237 2479 1357 2550 μεθ’
1415 2476 1678 2547 ὁπλιτῶν,
1726 2480 1814 2534 καὶ

148 2560 453 2641 διαῤῥήξας
484 2565 550 2618 τὰ
579 2558 813 2619 κιϐώτια
843 2564 933 2620 καὶ
965 2564 1092 2630 τοὺς
1154 2564 1385 2630 ὁπλίτας
1437 2563 1589 2623 ἔνδον
1642 2568 1814 2643 εὑρὼν

146 2653 393 2714 ἅπαντας
454 2649 626 2726 ἄρδην
677 2652 946 2733 ἀπέσφαξε
994 2654 1085 2709 σὺν
1137 2660 1256 2718 τοῖς
1303 2656 1522 2711 ἱππεῦσι
1553 2657 1640 2712 καὶ
1699 2662 1817 2720 τοῖς

141 2739 579 2815 ωμηλοκὸμοις
612 2760 627 2773 ·
685 2741 799 2797 εἶτα
873 2742 1010 2819 πρὸς
1083 2744 1183 2814 τὴν
1251 2742 1415 2801 πόλιν
1476 2746 1816 2823 ὑποστρέψας

1933 2127 2286 2196 quaerentem
2317 2122 2475 2196 (nam
2507 2138 2709 2178 eorum
2741 2120 3000 2194 linguam
3026 2120 3580 2194 norat),statimque

1933 2213 2004 2268 ad
2037 2212 2202 2269 urbis
2236 2212 2574 2285 praefectum
2620 2227 2931 2267 accurrens
2963 2211 3111 2268 521
3148 2209 3202 2265 id
3238 2209 3490 2266 nuntiat.
3513 2210 3578 2267 -Is

1930 2300 1990 2357 in
2024 2301 2288 2358 convivio
2336 2299 2552 2356 relictis
2584 2298 2952 2373 principibus
2998 2315 3130 2355 cum
3178 2300 3304 2355 suis
3333 2298 3578 2356 armatis

1930 2391 2066 2463 exit,
2099 2390 2459 2463 direptisque
2506 2389 2660 2445 arcis
2703 2389 2970 2444 inventos
3014 2393 3336 2445 Saracenos
3366 2387 3578 2447 milites

1929 2480 2000 2536 ad
2033 2496 2215 2535 unum
2252 2495 2457 2535 omnes
2489 2495 2607 2534 una
2637 2495 2770 2534 cum
2798 2477 3099 2550 equitibus
3130 2482 3186 2534 et
3216 2477 3575 2550 agasonibus

1927 2569 2156 2626 occidit.
2175 2568 2317 2624 Inde
2338 2568 2393 2622 in
2413 2568 2615 2623 urbem
2639 2583 2910 2623 reversus
2923 2568 2991 2623 de
3005 2566 3370 2640 principibus
3389 2583 3574 2622 unum

1923 2657 2556 2732 praecipuum,reliquis
2577 2656 3225 2728 interfectis,manibus,
3248 2655 3489 2713 auribus
3507 2673 3575 2712 ac

1926 2764 2070 2803 naso
2085 2747 2488 2818 mutila,domu
2500 2763 2674 2816 mque
2689 2744 2766 2802 rei
2780 2751 2957 2819 gestae
2971 2745 3233 2801 nuntium
3247 2760 3379 2801 eum
3400 2744 3578 2801 mittit

139 2832 276 2894 τοὺς
326 2831 429 2904 μὲν
477 2826 672 2886 ἕνδεκα
716 2835 823 2887 τῶν
872 2831 1157 2909 ἀρχόντων
1208 2834 1537 2907 ἀπέκτεινεν,
1568 2832 1662 2891 ἕνα
1694 2833 1752 2891 δὲ
1778 2836 1870 2892 τὸν
1902 2834 2179 2912 κρείττονα
2209 2831 2436 2912 ἄγγελον
2461 2838 2569 2890 τῶν
2604 2833 2906 2911 γεγονότων
2939 2832 3021 2889 ἐπ’
3052 2831 3205 2889 οἷ’κου
3238 2831 3572 2907 ἀπέστειλεν,

144 2918 446 2994 ἀποτεμὼν
478 2924 669 2996 χεῖρας
693 2920 840 2994 αὐτῷ
866 2920 956 2976 καὶ
986 2923 1098 2978 ὦτα
1126 2922 1215 2978 καὶ
1247 2922 1387 3002 ῥῖνα.

211 3014 305 3082 Τῷ
366 3007 430 3065 δὲ
483 3014 661 3088 ,ςφμξ
720 3006 847 3080 ἔτει,
900 3008 1239 3076 ἰνδικτιῶνος
1298 3014 1359 3084 ζ’,
1415 3012 1694 3070 ἐπιτείνων
1746 3016 1810 3071 τὸ

142 3100 282 3171 πρὸς
331 3098 431 3153 τὸν
494 3098 845 3170 Δαλασσηνὸν
901 3093 1067 3176 ἔχθος
1120 3101 1148 3155 ὁ
1180 3101 1437 3173 Ἰωάννης
1499 3102 1808 3180 ὑπερορίζει

142 3187 230 3242 καὶ
263 3187 551 3262 Θεοφάνην
583 3187 865 3265 πατρίκιον
916 3189 1007 3243 τὸν
1060 3186 1295 3267 ἀδελφὸν
1355 3190 1661 3262 αὖτοῦ,καὶ
1715 3193 1807 3247 τὸν

142 3273 329 3354 ’ἕτερον
396 3274 636 3355 ἀδελφὸν
695 3277 865 3332 αὑτοῦ
919 3278 1010 3333 τὸν
1058 3279 1346 3352 πατρίκιον
1399 3280 1691 3355 Ῥωμανὸν,
1721 3281 1811 3336 καὶ

131 3363 433 3442 ’Δδριανὸν
499 3366 606 3420 τὸν
664 3367 885 3441 ἀνεψιὸν
940 3365 1106 3423 αὐτοῦ
1153 3367 1395 3432 καὶτοὺς
1426 3367 1656 3433 λοιποὺς
1686 3370 1812 3433 τοὺς

136 3456 273 3510 κατὰ
327 3455 496 3531 γένος
557 3454 707 3528 αὐτῷ
784 3454 1134 3531 ἒγγίζοντας’
1195 3454 1417 3513 ἔσπευδε
1480 3458 1582 3536 γὰρ
1638 3457 1807 3535 ἄρδην

137 3542 398 3623 ἀφανίσαι
448 3543 516 3598 τὸ
560 3542 709 3618 γένος
768 3543 951 3603 αὐτοῦ.
985 3544 1381 3623 Ποριμώτατος
1425 3544 1483 3603 δὲ
1538 3547 1614 3603 ὣν
1671 3549 1811 3624 πρὸς

145 3633 209 3702 ἢν
260 3631 323 3688 ἄν
384 3654 473 3695 τις
534 3629 676 3689 εἴποι
733 3633 950 3706 κακίαν,
1005 3642 1178 3690 πᾶσαν
1241 3635 1458 3714 ἐφεῦρεν
1517 3635 1639 3693 ὁδὸν
1700 3636 1813 3693 ἀδι·

144 3723 283 3791 κίας,
332 3723 599 3799 προσθεὶς
657 3721 904 3779 ἐπέκεινα
962 3727 1069 3779 τῶν
1129 3721 1417 3799 δημοσίων
1461 3726 1807 3801 τελεσμσὶτων

146 3809 358 3867 διδόναι
412 3808 639 3867 ἕκαστον
696 3816 806 3867 τῶν
866 3812 1090 3891 χωρίων
1141 3814 1273 3891 ὑπὲρ
1318 3814 1538 3893 ἆερικοῦ
1570 3820 1645 3892 (9)
1676 3817 1811 3873 κατᾶ

138 3902 239 3970 τήν
294 3900 576 3971 ποιότητα
613 3900 703 3955 καὶ
765 3900 925 3978 ἰσχὺν
985 3902 1183 3974 αὐτῶν,
1214 3909 1293 3978 τῷ
1354 3905 1449 3979 μὶν
1498 3905 1810 3982 νομίσματα

137 3987 398 4063 τὲσσαρα,
430 3992 514 4062 τῷ
541 3985 600 4044 δὲ
626 3988 683 4061 ἓξ
714 3988 846 4066 ἄχρι
894 3996 1005 4046 τῶν
1063 3989 1260 4063 εἷ’κοσι,
1290 3993 1382 4049 καὶ
1440 3992 1648 4058 ἄλλους
1703 3995 1809 4051 πό-

144 4099 272 4150 ρους
322 4076 599 4154 αἰσχροὺς
640 4083 739 4135 τοῦ
782 4077 1080 4158 κερδαλὲου
1138 4084 1325 4159 χάριν,
1359 4082 1451 4147 οὓς
1499 4083 1588 4141 καὶ
1644 4106 1809 4142 κατα-

143 4165 320 4243 λέγειν
372 4166 637 4244 αἰσχύνη.
669 4169 735 4227 Ὀ
794 4166 852 4226 δὶ
914 4169 1172 4246 βασιλεὺς
1220 4174 1672 4248 κατατεινόμενος
1702 4174 1808 4231 ὑπὸ

141 4261 239 4311 τοῦ
296 4254 569 4331 δαίμονος
624 4256 713 4312 καὶ
775 4259 852 4332 μή
907 4259 1170 4336 εὑρίσκων
1218 4259 1543 4337 ἐλευθερίαν,
1569 4258 1805 4340 ἔπεμψεν

141 4344 192 4399 ἓν
254 4351 393 4401 πᾶσι
450 4350 574 4408 τοῖς
629 4347 823 4421 θὲμασι
866 4347 961 4403 καὶ
1018 4348 1074 4405 ἐν
1127 4355 1248 4413 ταῖς
1301 4353 1492 4423 νήσοις
1528 4358 1645 4409 τοῖς
1710 4355 1805 4428 μὲν

138 4429 538 4511 πρεσϐυτέροις
566 4435 662 4490 ἀνὰ
716 4435 1033 4510 νομίσματα
1091 4435 1212 4509 δύο,
1242 4446 1361 4504 τοῖς
1417 4438 1475 4497 δὲ
1536 4448 1807 4518 μοναχοῖς

140 4524 239 4579 ivi
317 4524 571 4597 νόμισμα
637 4521 719 4582 ἓν.
772 4519 1063 4598 Ἐὄάπτιζε
1120 4530 1232 4602 (10)
1301 4528 1360 4585 δὶ
1436 4530 1526 4586 καὶ
1610 4529 1810 4597 παῖδας

138 4612 469 4691 ἆρτιγενεῖς,
532 4610 713 4676 διδοὺς
786 4613 886 4670 ἀνὰ
941 4617 1189 4691 νόμισμα
1241 4616 1297 4673 ’ἓν
1354 4618 1443 4674 καὶ
1500 4611 1807 4697 μιλιαρίσια

142 4703 404 4781 τέσσαρα.
447 4700 611 4759 ’Λλλ’
641 4700 795 4760 οὐδὲν
850 4703 1057 4761 τούτων
1108 4702 1313 4779 ὤνησεν
1371 4709 1555 4765 αὐτόν·
1593 4708 1807 4784 μᾶλλον

1991 3018 2157 3072 Anno
2190 3015 2395 3073 mundi
2425 3016 2587 3085 6547,
2612 3014 2934 3071 indictione
2960 3014 3016 3084 7,
3039 3014 3297 3072 Joannes
3319 3017 3489 3071 aucto
3513 3013 3573 3070 in

1918 3104 2309 3162 Dalassenum
2342 3104 2476 3162 odio
2520 3104 2936 3178 Theophanem
2968 3119 3203 3177 quoque
3234 3102 3572 3176 patricium,

1922 3195 2155 3251 fratrem
2200 3195 2351 3266 ejus,
2385 3198 2443 3250 et
2489 3192 2739 3249 alterum
2788 3194 2918 3264 ejus
2950 3192 3186 3249 fratrem
3237 3191 3573 3265 patricium,

1923 3284 2275 3352 Romanum,
2334 3287 2392 3339 et
2447 3282 2768 3356 patruelem
2825 3280 3147 3338 Adrianum
3198 3280 3576 3353 reliquosque

1921 3372 2289 3446 pr0pinquos
2311 3373 2438 3445 ejus
2462 3372 2905 3445 relegat,totum
2929 3373 3058 3444 ejus
3079 3388 3266 3445 genus
3288 3369 3574 3444 cupiense

1839 3447 1882 3514 C
1923 3462 2111 3518 medio
2139 3461 2365 3518 tollere.
2402 3463 2470 3519 Ut
2500 3466 2696 3517 autem
2729 3466 2856 3518 erat
2886 3461 2958 3517 ad
2983 3477 3219 3517 omnem
3251 3458 3576 3532 nequitiam

1918 3550 2362 3617 callidissimus,
2422 3552 2504 3608 ita
2554 3550 2811 3622 injustas
2860 3550 3268 3622 conquirendae
3314 3547 3573 3621 pecunia:

1919 3639 2137 3696 multas
2167 3640 2498 3696 inveniebat
2540 3640 2817 3695 rationes.
2868 3639 3014 3694 Nam
3048 3638 3201 3693 ultra
3243 3636 3437 3710 priora
3465 3636 3570 3691 tri.

1915 3729 2079 3798 buta,
2113 3730 2183 3785 de
2213 3728 2419 3802 quovis
2450 3729 2663 3801 praedio
2708 3727 2896 3784 aerarii
2927 3725 3053 3784 loco
3086 3726 3211 3782 dari
3234 3726 3418 3797 jussit
3464 3741 3568 3796 pro

1918 3818 2143 3875 ratione
2173 3818 2411 3874 habitus
2444 3818 2475 3872 4
2505 3821 2607 3873 aut
2626 3818 2661 3872 6
2692 3821 2750 3872 et
2774 3832 2962 3889 usque
2991 3816 3062 3872 ad
3090 3816 3163 3869 20
3192 3812 3568 3881 nomismata,

1915 3907 2179 3980 aliosque
2226 3911 2429 3980 turpes
2475 3912 2735 3980 quastus
2783 3905 3020 3978 reperit,
3050 3903 3326 3975 indignos
3357 3900 3564 3960 relatu.

1914 3997 2156 4055 Interim
2190 3997 2507 4069 imperator
2534 4014 2568 4052 a
2606 3996 2869 4052 dmmone
2918 3997 3128 4061 tortus,
3163 4009 3296 4049 cum
3330 4008 3445 4048 non
3478 3992 3567 4047 in-

1916 4087 2142 4145 veniret
2197 4085 2576 4156 laxationem,
2636 4085 2695 4140 in
2754 4100 2952 4141 omnes
3018 4081 3345 4156 provincias
3393 4086 3567 4154 atque

1914 4175 2144 4232 insulas
2176 4174 2336 4231 misit
2368 4174 2745 4248 presbyteriis
2767 4172 3021 4246 singulis
3042 4173 3158 4228 duo
3188 4170 3564 4236 nomismata,

1916 4264 2224 4321 monachis
2283 4282 2488 4320 unum.
2542 4264 2691 4332 Quin
2746 4268 2803 4320 et
2852 4279 3054 4319 recens
3099 4265 3269 4318 natos
3311 4260 3566 4317 infantes

1914 4354 2271 4426 baptizabat,
2322 4354 2381 4409 in
2431 4354 2698 4425 singulos
2747 4353 2896 4408 dans
2943 4365 3250 4407 nummum
3302 4366 3479 4405 unum
3509 4352 3567 4406 et

1915 4449 2170 4515 quatuor
2216 4443 2542 4499 miliarisia.
2593 4442 2702 4499 Sed
2759 4440 2908 4497 nihil
2955 4440 3165 4497 horum
3204 4439 3255 4495 ei
3304 4438 3561 4512 profuit;

1914 4531 2221 4604 magisque
2252 4531 2596 4587 intendebat
2643 4547 2704 4586 se
2754 4528 2999 4601 malum,
3031 4528 3340 4584 accedente
3382 4527 3559 4583 etiam

1914 4620 2193 4694 hydrope.
2228 4620 2444 4675 Eodem
2476 4625 2739 4692 tempore
2782 4619 2936 4676 522
2977 4623 3148 4674 terra:
3177 4619 3373 4672 motus
3402 4616 3564 4673 fuere

1915 4710 2175 4767 continui
2208 4713 2265 4765 et
2293 4708 2667 4766 vehementes
2715 4707 2993 4763 imbrium
3025 4705 3460 4763 inundationes.
3494 4705 3563 4759 Et

138 4793 237 4868 τὶρ
266 4791 578 4849 ἑπετείνετο
615 4792 680 4848 τὸ
715 4794 901 4865 κακὸν,
935 4791 1440 4871 συνεπιλαϐομὶνης
1495 4798 1585 4853 καὶ
1642 4800 1805 4857 νόσου

1927 4817 1970 4855 .n
2010 4798 2366 4870 quibusdam
2417 4796 2731 4871 provinciis
2763 4796 3019 4853 obtinuit
3065 4795 3294 4868 angina
3341 4791 3562 4849 caninae

135 4879 481 4957 ὖδρωκικῆς.
540 4881 690 4940 Κατᾶ
744 4888 936 4940 τοῦτον
1003 4885 1096 4941 τὸν
1173 4886 1375 4962 χρόνον
1430 4887 1521 4944 καὶ
1580 4891 1797 4963 σεισμοὶ

1927 4889 2172 4958 norbus,
2207 4889 2287 4945 ita
2312 4891 2378 4942 ut
2408 4886 2517 4942 vivi
2550 4886 2804 4942 mortuis
2834 4884 3144 4942 eﬂ‘erendis
3176 4899 3289 4939 non
3324 4882 3562 4937 sufﬁce-

132 4972 387 5047 γεγόνασι
448 4977 695 5049 συνεχεῖς
758 4972 850 5029 καὶ
922 4968 1149 5053 ὄμϐρων
1226 4973 1507 5042 ἐπίκλυσις
1568 4977 1795 5058 σφοδρά.

1908 4982 2057 5035 rent.

133 5061 510 5136 Ἐπαρᾶτησε
565 5058 623 5117 δὲ
673 5062 764 5118 καὶ
822 5058 874 5118 ἔν
933 5084 1044 5119 τισι
1097 5068 1205 5121 τῶν
1247 5064 1494 5140 θεμάτων
1524 5054 1716 5139 τὸτῆς
1744 5065 2026 5145 κυνάγχης
2054 5061 2298 5141 νόσημα,
2326 5063 2404 5129 ὡς
2429 5060 2711 5119 ἀδυνατεῖν
2739 5060 2866 5125 τοὺς
2899 5065 3101 5132 ζῶντας
3160 5056 3400 5140 ἐκφιρειν
3430 5054 3561 5120 τοὺς

134 5152 458 5213 τεθνεῶτας.

1334 5254 1707 5312 XYLANDRI
1747 5255 1837 5312 ET
1876 5255 2097 5313 GOARI
2135 5254 2368 5313 ΝΟΤΕ.

203 5347 285 5430 (9)
314 5345 469 5415 οηίά
496 5346 573 5404 sit
595 5344 852 5430 .ilptxth,
882 5350 1039 5422 quod
1088 5352 1381 5430 aerarium,
1433 5353 1677 5430 verbum
1722 5352 1794 5410 de
1900 5354 1966 5409 Id
1997 5353 2187 5430 obiter
2216 5352 2545 5430 notandum
2577 5350 2738 5421 duxi,
2771 5350 2971 5430 iubae
3000 5351 3059 5406 et
3089 5343 3360 5430 sequenti
3390 5343 3559 5430 valde

129 5421 330 5497 verbo,
356 5421 632 5497 expressi,
655 5421 775 5497 non
801 5421 1104 5497 assequar,
1124 5429 1180 5479 et
1209 5421 1663 5497 quid’ponderis
1688 5430 1792 5481 aut
1902 5424 2090 5481 multa
2114 5441 2244 5481 esse
2276 5441 2391 5479 non
2417 5424 2563 5497 satis
2585 5422 3011 5497 consentientis
3033 5421 3186 5497 apud
3212 5422 3477 5497 nostrum
3502 5424 3560 5497 et

130 5491 505 5567 nomismatis
533 5491 645 5547 hoc
675 5492 913 5567 signum
947 5491 971 5555 ξ
999 5491 1254 5567 denotet.
1285 5491 1432 5552 Χγὶ..

1898 5498 2203 5552 Zonaram.
2255 5497 2362 5552 Sed
2397 5495 2537 5568 quia
2589 5500 2836 5567 uterque
2875 5490 3091 5568 j‘amin
3142 5491 3418 5568 manibus
3448 5490 3559 5546 erit

194 5562 315 5639 {19)
341 5562 511 5639 lion,
560 5560 1105 5639 puto,'bqplizabat,
1148 5567 1250 5623 sed
1302 5569 1374 5623 de
1423 5583 1587 5623 sacro
1630 5567 1791 5623 fonte
1900 5568 2228 5639 hominum,
2255 5560 2524 5624 nostr-um
2550 5583 2664 5623 non
2693 5560 2783 5623 est
2804 5560 2959 5623 ea'in
2991 5565 3099 5621 has
3129 5563 3361 5620 chartas
3389 5560 3554 5636 inge-

131 5635 517 5712 suscipiebat,
562 5635 723 5707 quod
771 5635 1009 5712 pietatis
1057 5655 1173 5712 non
1225 5644 1591 5711 postremum
1638 5654 1790 5712 opus
1898 5656 2046 5697 rere.
2079 5641 2215 5696 XvL.

126 5704 447 5776 iudicabat,
475 5704 659 5778 eoque
688 5723 753 5765 se
772 5704 807 5764 ξι
826 5708 943 5768 Deo
964 5704 1281 5769 sanitatem
1311 5704 1784 5786 redempturum.
