4070 6334
465 340 579 402 255

1807 336 2119 397 GEORGII
2165 335 2505 397 CEDBENI

3746 337 3872 397 256

530 476 697 530 Anno
744 472 906 542 6548,
959 471 1277 529 indictione
1322 473 1376 541 8,
1430 470 1652 529 mensis
1708 471 2006 528 Februarii
2046 473 2102 541 2,

2291 462 2668 546 Φεϐρουαρίου
2729 466 2787 526 δὲ
2848 469 3020 544 μηνὸς
3083 469 3149 546 β’,
3204 465 3543 532 ἶνδικτιῶνος
3599 474 3669 541 η’,
3716 466 3873 532 ἔτους

457 563 734 621 terribilis
767 565 875 619 fuit
905 568 1298 632 terraemotus,
1330 570 1386 620 et
1434 581 1568 620 cum
1597 564 1709 619 alia
1743 564 1867 620 loca
1899 564 2103 619 urbes-

453 671 566 726 que
600 654 826 721 afﬂixit,
861 656 987 708 tum
1038 658 1295 725 Smyrna:
1348 654 1457 709 fuit
1504 653 1836 710 miserabile
1878 658 2102 725 specta-

456 741 677 811 culum,
714 740 985 812 collapsis
1030 741 1445 813 pulcherrimis
1479 743 1605 814 ejus
1636 742 1920 814 aedificiis,
1952 743 2106 798 mul-

458 832 536 887 tis
569 830 1027 887 inhabitantium
1062 832 1357 904 oppressis
1389 833 1578 888 ruina.

528 1049 811 1103 Caeterum
844 1047 961 1101 dux
993 1046 1471 1118 Carthaginensis
1511 1047 1831 1119 resumptis
1862 1047 2109 1115 viribus,

455 1137 831 1207 exercituque
887 1135 1065 1191 multo
1118 1154 1294 1207 quam
1344 1142 1478 1191 ante
1520 1139 1739 1206 majore
1788 1142 2107 1206 contracto,

456 1243 693 1281 rursum
732 1224 989 1281 Siciliam
1028 1228 1171 1296 petit
1219 1233 1275 1281 et
1326 1226 1646 1282 Maniacem
1695 1226 1982 1297 expellere
2013 1242 2109 1279 co-

455 1321 669 1383 natur;
702 1315 1031 1384 castrisque
1057 1315 1111 1367 in
1142 1315 1356 1386 supina
1374 1316 1629 1385 quadam
1649 1322 1707 1370 et
1736 1322 1935 1386 aperta
1962 1315 2108 1386 posi-

454 1405 534 1461 tis
566 1403 830 1476 planitie,
864 1404 959 1457 cui
1010 1420 1220 1459 nomen
1268 1404 1553 1474 Draginaa,
1586 1406 1656 1458 de
1705 1405 2107 1475 opportunita-

458 1494 619 1549 tibus
651 1492 731 1547 rei
780 1494 1047 1563 gerendae
1099 1494 1333 1564 cogitat.
1386 1493 1502 1548 Hoc
1544 1494 1774 1566 cognito
1822 1492 2109 1547 Maniaces

460 1600 599 1639 suos
656 1581 708 1636 ei
756 1581 985 1636 obviam
1036 1582 1215 1649 ducit,
1273 1584 1549 1637 mandato
1605 1584 1767 1653 prius
1814 1582 2109 1653 Stephano

460 1673 728 1745 patricio,
762 1671 980 1726 sororis
1012 1671 1384 1742 imperatoris
1438 1672 1648 1727 marito
1699 1677 1754 1726 et
1785 1670 2012 1738 classis,
2049 1673 2112 1725 ut

460 1761 740 1823 diximus,
785 1762 1071 1832 praefecto,
1104 1766 1167 1814 ut
1215 1760 1524 1831 diligenter
1554 1778 1717 1815 oram
1750 1760 2109 1815 maritimam

2213 561 2417 637 ,ςερμηζ
2468 562 2657 637 γέγονε
2722 562 2941 635 σεισμὸς
3002 558 3306 639 φρικώδης,
3362 561 3451 615 καὶ
3514 558 3707 615 ἔπαθον
3772 562 3871 633 μὲν

2214 648 2303 703 καὶ
2362 647 2526 704 ἄλλοι
2588 650 2747 705 τόποι
2806 652 2894 705 καὶ
2953 650 3166 719 πόλεις,
3202 650 3403 725 ἐγένετο
3462 646 3518 705 δὲ
3574 652 3608 718 ἡ
3646 648 3875 723 Σμύρνα

2216 736 2445 794 ἐλεεινὸν
2506 738 2700 813 θέαμα,
2734 740 3143 796 καταπεσόντων
3202 744 3312 795 τῶν
3370 738 3681 795 καλλίστων
3713 739 3868 794 οἷκο-

2218 826 2557 901 δομημάτων
2589 828 2754 900 αὐτῆς
2786 831 2871 884 καὶ
2932 829 3176 891 πολλοὺς
3224 834 3330 884 τῶν
3392 829 3695 903 οἰκητόρων
3737 828 3870 884 ἀνα-

2218 914 2510 972 λωσάντων
2527 961 2538 977 .

2291 1047 2375 1117 [Ρ.
2424 1046 2550 1116 743‘l
2600 1045 2685 1101 Ἐν
2749 1042 2806 1099 δὲ
2858 1044 3083 1117 Σικελίᾳ
3130 1041 3414 1101 ἀναλαϐὼν
3459 1044 3624 1101 πάλιν
3686 1046 3877 1100 ἑαυτὲν

2220 1134 2248 1187 6
2308 1131 2709 1208 Καρχηδόνιος,
2764 1135 2852 1188 καὶ
2912 1132 3138 1207 δύναμιν
3201 1132 3399 1205 πολλῷ
3479 1132 3699 1206 μείζονα
3772 1141 3877 1203 τῆς

2218 1225 2485 1298 προτέρας
2535 1224 2813 1299 ἀθροίσας,
2852 1221 3071 1299 ἔρχεται
3114 1224 3249 1299 πρὸς
3302 1222 3555 1278 Σικελίαν
3604 1225 3692 1279 τὸν
3754 1226 3877 1280 Μα-

2219 1314 2407 1378 νιάκην
2470 1312 2669 1366 ἐκεῖθεν
2750 1311 3061 1385 ἐξωθήσων.
3121 1312 3218 1366 Καὶ
3280 1310 3879 1387 στρατοπεδευσάμενος

2219 1396 2271 1455 ἔν
2324 1423 2430 1455 τινι
2483 1398 2697 1455 πεδιάδι
2762 1401 2921 1472 ὑπτίᾳ
2981 1402 3070 1456 καὶ
3126 1402 3543 1475 ἀναπεπταμένῃ
3598 1404 3883 1476 (Δραγῖνει

2287 1487 2474 1552 πεδιὰς
2505 1488 2773 1562 ἐκαλεῖτο)
2807 1490 3186 1566 ἐκαιροσκόπει
3245 1490 3335 1544 τὸν
3398 1489 3664 1562 πόλεμον.
3697 1492 3877 1547 Τοῦτο

2221 1576 2278 1633 δὶ
2320 1580 2505 1651 μαθὼν
2553 1579 2580 1632 6
2636 1580 2938 1647 Μανιάκης,
2992 1576 3121 1653 ἄρας
3168 1578 3263 1641 τάς
3319 1578 3442 1652 περὶ
3502 1578 3658 1633 αὐτὸν
3716 1576 3881 1632 δυνα-

2224 1689 2361 1739 μεις,
2426 1667 2766 1738 ὑπαντιάζει,
2827 1666 3131 1740 ἐπισκήψας
3206 1666 3468 1743 πρότερον
3546 1672 3625 1739 τῷ
3676 1688 3882 1742 πατρι-

2219 1756 2324 1828 κίῳ
2359 1758 2613 1832 Στεφάνῳ
2643 1761 2722 1828 τῷ
2764 1760 2860 1811 τοῦ
2913 1754 3179 1832 βασιλέως
3210 1752 3467 1833 γαμϐρῷ,
3496 1761 3593 1811 τοῦ
3650 1755 3881 1821 στόλου,

460 1850 854 1916 custodiat,ne
873 1849 1191 1904 commissa
1215 1866 1411 1921 pugna
1434 1851 1670 1921 fugatus
1694 1849 2111 1920 Carthaginen-

2231 1847 2296 1908 ὡς
2344 1844 2590 1917 εἶ’πομεν,
2624 1845 2873 1921 ἄρχοντι,
2903 1845 3157 1923 ἀσφαλῶς
3203 1852 3387 1921 τηρεῖν
3436 1848 3535 1916 τήν
3582 1846 3886 1918 παράλιον,

460 1941 543 1996 sis
576 1940 774 1993 furtim
809 1940 1049 1993 domum
1082 1939 1269 2008 possit
1302 1940 1621 2009 perfugere.
1646 1939 1974 1994 Commissa
2005 1954 2109 2008 pu-

463 2029 823 2101 gna,ingens
851 2029 1001 2081 facta
1024 2027 1573 2099 Carthaginensium
1601 2026 2114 2097 strages,cmsique

464 2118 616 2173 ultra
644 2117 841 2171 50000.
899 2117 1023 2170 Dux
1055 2116 1180 2187 ipse
1229 2133 1258 2169 e
1310 2117 1504 2185 prmlio
1555 2116 1791 2188 elapsus
1842 2116 1912 2171 ad
1946 2116 2115 2170 littus

465 2206 752 2280 pervenit,
786 2221 1225 2274 conscensoque
1249 2204 1439 2260 lembo
1471 2206 1815 2260 custodibus
1836 2204 2115 2275 Stephani

466 2312 583 2351 non
631 2293 1229 2348 animadvertentibus
1277 2294 1516 2348 domum
1567 2296 1770 2350 evasit.
1802 2294 2117 2363 zEgerrime

472 2383 583 2437 hoc
616 2381 754 2436 tulit
782 2381 1095 2451 Maniaces,
1128 2382 1607 2453 Stephanumque
1638 2384 1790 2439 523
1824 2388 1891 2437 ad
1929 2400 1991 2438 se
2022 2399 2114 2436 ve-

474 2474 730 2526 nientem
790 2470 1065 2525 conviciis
1120 2470 1444 2527 insectatus
1499 2477 1607 2537 est,
1670 2478 1727 2527 et
1774 2472 2121 2528 seiromasta

476 2560 707 2617 sublato
766 2557 989 2630 aliquot
1047 2560 1105 2613 in
1162 2564 1341 2631 caput
1388 2561 1516 2630 ejus
1566 2560 1768 2631 plagas
1818 2559 2118 2631 imposuit,

477 2650 780 2707 socordem
812 2665 943 2704 eum
981 2648 1283 2720 appellans
1314 2653 1371 2704 et
1406 2649 1806 2705 effeminatum
1841 2666 1905 2704 ac
1938 2650 2120 2720 impe-

476 2738 688 2794 ratoris
746 2740 1187 2793 commodorum
1241 2739 1613 2810 proditorem.
1664 2741 1735 2793 At
1785 2739 2119 2809 Stephanus

472 2826 885 2883 contumeliam
920 2827 1069 2881 hanc
1100 2844 1215 2882 non
1240 2844 1610 2898 concoquens
1630 2844 1760 2882 mox
1790 2828 1861 2881 ad
1895 2827 2118 2899 Orpha-

474 2915 804 2987 notrophon
849 2914 1071 2971 litteras
1118 2916 1237 2984 dat,
1297 2916 1640 2987 significans
1684 2917 2002 2972 Maniacem
2034 2934 2126 2972 res

484 3023 661 3061 novas
694 3004 884 3059 moliri
906 3006 1187 3059 adversus
1219 3006 1650 3075 imperatorem.
1686 3008 1885 3077 itaque
1908 3007 2127 3062 Manta-

480 3110 578 3152 ces
628 3095 829 3150 statim
881 3094 1145 3164 captivus
1193 3094 1504 3149 adducitur
1552 3096 1918 3167 Byzantium,
1971 3099 2027 3149 et
2071 3095 2129 3150 in

2230 1936 2303 2008 μή
2335 1955 2452 1995 πως
2484 1932 2731 2006 πολέμου
2764 1936 3118 2010 κροτηθέντος
3161 1936 3385 2009 τραπεὶς
3416 1937 3443 1989 6
3500 1932 3884 2009 Καρχηδόνιος

2224 2023 2362 2097 λάθῃ
2395 2020 2613 2099 διαδρὰς
2656 2022 2745 2077 καὶ
2794 2021 2979 2078 οἴκαδε
3024 2024 3417 2098 παλινοστησῃ.
3452 2026 3551 2082 Καὶ
3612 2022 3679 2094 δὴ
3742 2046 3884 2098 συμ-

2224 2110 2409 2169 ϐαλὼν
2443 2114 2695 2189 τρέπεται
2726 2119 2914 2168 τοῦτον
2968 2114 3067 2167 ἀνά
3120 2112 3339 2185 κράτος.
3372 2115 3479 2169 Καὶ
3536 2114 3720 2168 πίπτει
3785 2115 3883 2187 μὶν

2223 2208 2329 2257 τῶν
2363 2204 2580 2280 ’Ἄφρων
2637 2201 2851 2272 πλῆθος
2912 2203 3045 2279 ὑπὲρ
3092 2205 3187 2265 τάς
3219 2210 3261 2257 ν’
3292 2200 3572 2277 χιλιάδας,
3605 2202 3764 2265 αὐτὸς
3828 2200 3888 2256 δὲ

2226 2293 2253 2346 6
2280 2292 2485 2346 τούτων
2520 2291 2707 2367 ἄρχων
2745 2290 2967 2364 διαδρὰς
3016 2292 3107 2346 τὸν
3159 2290 3407 2347 κίνδυνον
3469 2290 3687 2367 ἔρχεται
3720 2291 3773 2347 ἐν
3805 2297 3892 2363 τῷ

2228 2380 2465 2457 αἰγιαλῷ
2521 2382 2609 2435 καὶ
2670 2380 2913 2454 κελητίῳ
2974 2377 3164 2445 ἐπιϐὰς
3220 2382 3308 2437 καὶ
3360 2382 3453 2444 τὰς
3481 2386 3577 2436 τοῦ
3611 2384 3892 2459 Στεφάνου

2228 2470 2411 2534 λαθὼν
2469 2469 2710 2547 φυλακὰς
2761 2468 3028 2545 ἀπέδρασε
3084 2472 3222 2545 πρὸς
3296 2473 3393 2541 τὴν
3456 2469 3595 2525 ἰδίαν
3670 2471 3890 2547 χώραν,

2227 2561 2400 2633 ’Ὀπερ
2453 2560 2637 2631 μαθὼν
2692 2560 2719 2614 6
2770 2559 3050 2630 Μανιάκης
3106 2559 3158 2615 ἐν
3218 2557 3376 2632 δεινῷ
3416 2582 3473 2615 τε
3504 2559 3764 2629 ἐποιεῖτο,
3796 2560 3892 2614 κοὶ

2230 2649 2323 2702 τὸν
2359 2649 2627 2725 Στέφανον
2690 2649 3030 2721 συμμίξαντα
3085 2648 3264 2721 τούτῳ
3314 2645 3497 2725 ὕϐρεσί
3551 2670 3609 2704 τε
3662 2649 3895 2713 ἀτόποις

2234 2736 2529 2792 κατέκλυσε
2584 2738 2672 2791 καὶ
2733 2738 2824 2793 τὸν
2885 2738 3248 2813 σειρομάστην
3318 2738 3588 2800 ἀνατείνας
3668 2733 3892 2793 ἔπαισεν

2238 2825 2398 2880 αὐτὸν
2458 2826 2593 2879 κατά
2637 2833 2737 2895 τῆς
2796 2826 3038 2901 κεφαλῆς
3086 2827 3186 2882 οὐκ
3217 2827 3423 2903 ὀλίγας,
3456 2828 3693 2904 ῥᾴθυμον
3753 2832 3895 2884 ἀπο-

2237 2912 2422 2969 καλῶν
2455 2914 2543 2968 καὶ
2580 2913 2837 2991 ἄνανδρον
2897 2916 2987 2969 καὶ
3043 2921 3153 2971 τῶν
3183 2922 3279 2972 τοῦ
3317 2918 3582 2993 βασιλέως
3610 2918 3895 2995 προδότην

2238 3006 2597 3078 πραγμάτων.
2658 3005 2719 3061 Ὀ
2780 3002 2836 3059 δὲ
2896 3006 2971 3078 μὴ
3024 3004 3256 3080 ἐνεγκὼν
3318 3008 3549 3082 μετρίως
3598 3011 3687 3064 τὸν
3746 3030 3859 3085 προ

2240 3092 2590 3165 πηλακισμὸν
2650 3094 2739 3146 καὶ
2796 3094 2896 3161 τὴν
2956 3089 3108 3170 ὕϐριν
3162 3097 3458 3172 γράμματα
3486 3099 3688 3171 πέμπει
3747 3098 3896 3174 ταχῦ

480 3201 768 3240 carcerem
817 3183 1129 3254 conjicitur
1178 3200 1310 3239 cum
1364 3184 1578 3239 Basilio
1630 3184 1875 3255 patricio
1934 3184 2117 3239 Theo-

2241 3182 2377 3255 πρὸς
2400 3182 2491 3236 τὸν
2523 3181 2952 3260 ὀρφανοτρόιρον,
2988 3183 3266 3257 μηνύοντα
3320 3186 3394 3248 ὡς
3452 3186 3741 3242 ἀπόστασιν
3804 3187 3894 3257 εἴη

478 3275 787 3329 dorocano.
844 3274 1057 3327 Totum
1113 3278 1306 3328 autem
1368 3274 1447 3327 rei
1499 3274 1763 3344 gerendae
1812 3274 2123 3343 imperium

478 3363 774 3435 Stephano
807 3363 1139 3430 mandatur,
1184 3362 1354 3433 eique
1386 3361 1606 3433 collega
1656 3362 1906 3417 mittitur
1936 3378 2122 3416 eunu-

480 3452 626 3508 chus
649 3452 893 3523 quidam
912 3451 1161 3506 Basilius
1183 3452 1532 3523 praepositus
1558 3451 1903 3505 Pediadites.
1927 3450 1991 3505 Hi
2013 3450 2123 3504 exi-

477 3558 592 3615 guo
625 3540 905 3612 temporis
938 3541 1124 3612 spatio
1178 3556 1297 3594 rem
1353 3544 1533 3595 totam
1568 3541 2120 3612 pessumdederunt,

478 3648 581 3703 per
611 3630 1013 3702 rapacitatem,
1052 3630 1338 3701 ignaviam
1372 3634 1547 3701 atque
1585 3630 1869 3684 incuriam
1905 3628 2125 3684 amissa

476 3719 695 3774 Sicilia.
730 3719 954 3774 Etenim
982 3719 1270 3773 Maniaces
1289 3735 1420 3773 cum
1444 3720 1617 3774 urbes
1646 3719 1851 3773 Sicilire
1871 3723 2121 3788 caperet,

477 3825 641 3863 arces
674 3808 729 3861 in
761 3807 831 3861 iis
865 3807 1202 3862 condiderat
1224 3823 1439 3878 easque
1462 3807 1645 3877 justis
1676 3806 1964 3879 praesidiis
1988 3823 2120 3860 mu-

478 3897 685 3962 nierat,
724 3915 791 3952 ne
823 3897 1096 3968 Oppidani
1130 3914 1227 3951 eas
1272 3913 1373 3967 per
1406 3896 1649 3950 insidias
1703 3896 1955 3967 recipere
1988 3911 2120 3967 pos-

477 3991 625 4042 sent.
660 3991 735 4041 Eo
767 3991 961 4042 autem
1015 3987 1071 4039 in
1120 3986 1394 4054 vinculis,
1429 3989 1495 4039 ut
1539 3985 1869 4055 docuimus,
1902 3986 2121 4057 Byzan-

478 4076 627 4130 tium
662 4076 933 4145 abducto,
964 4074 1137 4130 Siculi
1188 4076 1424 4130 incuria:
1475 4075 1690 4129 ducum
1725 4074 2120 4131 Romanorum

479 4164 853 4231 insultantes,
907 4164 1088 4219 ascito
1147 4182 1179 4219 a
1232 4164 1793 4234 Carthaginensihus
1842 4165 2121 4230 exercitu,

476 4253 824 4324 expugnatis
840 4253 1044 4324 praesid
1058 4253 1128 4307 iis
1146 4270 1307 4308 arces
1326 4258 1601 4324 ceperunt
1615 4254 1904 4324 urbesque
1919 4271 2123 4309 omnes

478 4346 715 4412 excepta
748 4342 1017 4396 Messana
1069 4346 1505 4413 recuperarunt.
1559 4346 1836 4397 Messanae
1878 4348 2125 4414 prmerat

478 4430 766 4499 Catacalo,
825 4430 1169 4502 cognomine
1216 4433 1563 4497 Ambustus,
1616 4431 2121 4503 protospatharius

479 4525 536 4576 et
579 4520 697 4573 dux
746 4519 1098 4574 Armeniaca
1150 4520 1418 4593 legionis,
1479 4537 1677 4575 secum
1738 4519 1960 4575 habens
2019 4521 2122 4575 300

479 4609 705 4679 equites
736 4613 791 4665 et
821 4610 927 4663 500
963 4582 1417 4681 pedites.vSiculi
1450 4610 1692 4680 proinde
1724 4609 2022 4681 cupientes
2055 4627 2125 4665 ne
2156 4582 2201 4645 D

479 4698 797 4754 scintillam
830 4700 1068 4771 quidem
1119 4700 1515 4755 Romanorum
1548 4700 1703 4755 524
1732 4698 1791 4753 in
1837 4716 1902 4755 ea
1931 4699 2125 4754 insula

478 4787 807 4859 relinquere
839 4788 1299 4858 delitescentem,
1334 4788 1609 4843 omnibus
1647 4787 1743 4860 qui
1780 4805 1943 4843 arma
1976 4790 2123 4843 ferre

477 4882 719 4949 possent
748 4876 1026 4943 collectis,
1052 4883 1108 4932 et
1140 4877 1372 4932 auxiliis
1395 4877 1941 4949 Carthagincnsium
1964 4876 2120 4932 haud

476 4966 724 5038 exiguis,
759 4966 1088 5021 Messanam
1137 4966 1428 5021 obsident.
1480 4966 1586 5021 Per
1632 4966 1893 5021 triduum
1927 4972 2123 5037 portas

476 5056 708 5110 clausas
772 5055 965 5110 tenuit
1030 5054 1322 5121 Catacalo,
1384 5072 1573 5125 neque
1630 5053 1819 5110 ullum
1880 5072 2122 5111 suorum

475 5144 671 5214 egredi
702 5160 914 5214 passus
946 5147 1036 5199 est
1069 5160 1081 5199 :
1117 5160 1298 5215 eoque
1330 5143 1663 5199 timiditatis
1687 5144 2019 5216 opinionem
2052 5145 2124 5200 de

475 5248 538 5287 se
568 5232 627 5285 in
659 5232 871 5287 animis
903 5232 1161 5289 hostium
1210 5233 1497 5289 excitavit.
1550 5235 1697 5307 Ergo
1728 5234 1997 5289 Saraceni
2030 5251 2123 5290 se-

476 5337 612 5375 cure
642 5320 938 5391 palabant,
974 5339 1038 5377 ac
1089 5322 1215 5377 dies
1267 5329 1582 5395 noctesque
1633 5323 1785 5391 vino,
1820 5323 2036 5379 fistulis
2068 5327 2125 5380 et

476 5410 759 5481 cymbalis
791 5415 1093 5481 vacabant,
1128 5413 1332 5469 itidem
1363 5413 1623 5484 proxime
1654 5413 2001 5484 insequente
2033 5413 2124 5468 die

477 5515 539 5553 se
570 5500 857 5570 potituros
911 5501 1050 5557 urbe
1100 5508 1422 5575 sperantes.
1481 5504 1695 5569 Quarta
1742 5503 1857 5574 die,
1907 5520 2021 5575 qua
2054 5503 2123 5558 de

480 5605 639 5644 more
671 5588 1005 5647 Pentecoste
1036 5592 1382 5657 celebratur,
1407 5592 1725 5647 Ambustus
1749 5594 2121 5649 securitatem

477 5682 533 5734 et
565 5679 888 5736 socordiam
939 5682 1363 5738 Saracenorum
1409 5681 1808 5750 considerans,
1859 5685 2040 5752 utque
2079 5681 2121 5737 ii

2244 3269 2483 3342 μελετῶν
2545 3272 2573 3325 6
2632 3269 2909 3342 Μανιάκης
2984 3273 3120 3327 κατά
3200 3277 3297 3327 τοῦ
3359 3275 3647 3350 βασιλέως.
3705 3276 3807 3331 Καὶ
3869 3279 3899 3332 ὁ

2240 3360 2333 3432 μὶν
2376 3359 2531 3421 εὐθὺς
2565 3357 2787 3433 δέσμιος
2846 3360 2921 3423 εἷς
2985 3363 3084 3431 τήν
3151 3361 3405 3438 βασιλίδα
3475 3364 3745 3441 εἷσάγεται
3804 3368 3899 3421 καὶ

2236 3448 2611 3524 καθείργνυται
2672 3449 2761 3503 σὺν
2817 3450 3084 3523 Βασιλείῳ
3158 3454 3433 3528 πατρικίῳ
3483 3458 3562 3526 τῷ
3620 3454 3904 3530 Θεοδωρο-

2236 3540 2406 3610 κάνῳ,
2438 3541 2473 3608 ἡ
2508 3538 2565 3594 δὲ
2595 3545 2739 3594 πᾶσα
2770 3544 2867 3605 τῆς
2901 3540 3081 3615 ἀρχῆς
3114 3540 3327 3613 ἐξουσία
3378 3541 3432 3605 ἐς
3490 3544 3580 3598 τὸν
3617 3542 3897 3618 Στέφανον

2240 3628 2599 3700 μετατίθεται,
2666 3631 3165 3703 συνεκπεμφθέντος
3222 3629 3370 3703 αότῷ
3441 3632 3531 3687 καί
3600 3654 3746 3697 τινος
3795 3633 3889 3687 εὐ-

2236 3716 2441 3791 νούχου
2474 3716 2762 3772 Βασιλείου
2792 3719 3153 3793 πραιποσίτου
3187 3724 3281 3774 τοῦ
3313 3718 3653 3776 Πεδιαδίτου·
3689 3720 3893 3786 οἵτινες

2237 3806 2337 3859 οὐκ
2398 3804 2449 3859 ἐν
2507 3806 2705 3881 βραχεῖ
2756 3806 2823 3861 τά
2876 3807 3171 3882 πράγματα
3221 3805 3620 3886 διεφθάρκασιν,
3654 3810 3889 3886 αἰσχρο-

2235 3892 2451 3970 κερδείᾳ
2525 3896 2614 3949 καὶ
2697 3893 2872 3967 δειλίᾳ
2942 3898 3028 3950 καὶ
3125 3896 3370 3973 ῥᾳστώνῃ
3452 3896 3890 3974 καταπροδόντες

2234 3986 2333 4052 τήν
2368 3983 2642 4040 Σικελίαν.
2675 3986 2738 4041 Ὁ
2783 3985 2881 4061 γάρ
2933 3984 3204 4051 Μανιάκης
3262 3988 3427 4063 αἱρῶν
3482 3988 3576 4052 τάς
3626 3996 3723 4059 τῆς
3783 3993 3890 4059 νή-

2237 4095 2332 4127 σου
2364 4072 2555 4135 πόλεις
2585 4073 2919 4148 ἀκροπόλεις
2951 4074 3001 4129 ἐν
3030 4077 3215 4139 αὑταῖς
3254 4075 3529 4150 ᾠκοδόμει
3580 4080 3666 4132 καὶ
3717 4100 3891 4154 φρου-

2237 4164 2363 4239 ροὺς
2423 4162 2607 4241 ἐφίστα
2658 4162 2785 4226 τοὺς
2817 4163 3164 4233 ἱκανοὺς,“ίνα
3222 4169 3297 4239 μή
3358 4168 3409 4221 οἱ
3468 4166 3727 4243 ἐγχώριοι
3790 4166 3891 4222 δύο

2234 4250 2489 4307 ναιντ’ἃν
2551 4252 2601 4322 ἐξ
2656 4247 2955 4322 ἐπιϐουλῆς
2989 4254 3309 4318 ἀνακτᾶσθαι
3366 4256 3461 4320 τὰς
3497 4257 3706 4319 πόλεις·
3765 4260 3894 4313 τού-

2388 4339 2433 4396 δς
2505 4340 2527 4359 ἢ
2642 4343 2654 4395 ί
2697 4364 2704 4381 ι
2806 4343 2819 4363 ι
2947 4342 2970 4381 τί
3222 4343 3235 4365 θ
3363 4346 3375 4363 \
3570 4346 3580 4364 '
3805 4348 3819 4367 9

2232 4363 2329 4397 του
2422 4362 2443 4395 ε
2502 4358 2634 4415 οεσμ
2664 4363 2747 4415 οδ,
2790 4364 2864 4404 ως
2917 4364 3152 4417 ερηται,
3194 4366 3268 4406 εις
3323 4367 3385 4401 το
3442 4352 3732 4416 Βυζαντιον
3796 4369 3894 4402 αν-

2236 4432 2520 4506 αχθέντος,
2552 4438 2651 4501 τῆς
2676 4430 2973 4508 ὀλιγωρίας
3005 4434 3091 4488 καὶ
3128 4433 3394 4511 ῥᾳθυμίας
3443 4440 3550 4491 τῶν
3605 4436 3892 4511 ἀρχόντων

2233 4517 2669 4595 καταδραμόντες
2734 4522 2786 4575 οἱ
2833 4520 3117 4598 ἐγχώριοι,
3149 4524 3238 4578 καὶ
3299 4521 3524 4593 δύναμιν
3590 4524 3892 4601 Καρχηδοσ-

2233 4608 2363 4663 νίων
2420 4608 2877 4684 προσειληφότες,
2938 4610 3257 4675 ἐπιτίθενται
3330 4618 3449 4674 ταῖς
3522 4613 3734 4683 πόλεσι,
3799 4619 3892 4671 καὶ

2232 4700 2328 4760 τάς
2385 4719 2443 4752 τε
2502 4700 2667 4769 ἄκρας
2726 4700 3061 4774 κατέσκαψαν
3120 4704 3225 4754 των
3280 4705 3530 4779 φρουρῶν
3580 4705 3894 4776 κρατήσαν-

2231 4808 2338 4857 τες,
2379 4787 2467 4839 καί
2512 4786 2607 4847 τάς
2644 4783 2837 4849 πόλεις
2896 4790 3069 4851 πάσας
3121 4788 3526 4845 ἐπανεσώσαντο
3570 4789 3713 4860 πλὴν
3773 4794 3891 4849 Με-

2236 4878 2428 4947 σήνης·
2462 4876 2662 4946 ταύτην
2720 4877 2820 4951 γὰρ
2885 4874 3053 4952 ἔλαχε
3108 4885 3361 4955 φρουρεῖν
3410 4880 3437 4933 6
3488 4884 3894 4954 πρωτοσπαθά-

2236 4986 2351 5040 ριος
2396 4966 2422 5019 6
2472 4966 2559 5019 καὶ
2616 4970 2711 5019 τοῦ
2760 4965 3037 5041 τάγματος
3092 4965 3277 5043 ἄρχων
3335 4973 3441 5022 τῶν
3494 4971 3893 5046 Ἀρμενιακῶν,

2234 5052 2562 5109 Κατακαλὼν
2621 5055 2648 5108 6
2697 5056 2794 5123 τήν
2866 5054 3182 5130 ἐπωνυμίαν
3247 5060 3608 5133 Κεκαυμένος,
3666 5080 3891 5136 τριακο-

2234 5143 2381 5207 σίους
2438 5142 2670 5206 ἱππότας
2730 5141 2872 5219 ἒχων
2931 5147 3047 5219 μεθ’
3106 5147 3296 5201 ἑαυτοῦ
3361 5147 3449 5202 καὶ
3503 5150 3895 5215 πεντακοσίους

2234 5232 2448 5302 πεζούς.
2486 5230 2818 5296 Σπεύδοντες
2869 5232 2957 5288 οὖν
3014 5236 3067 5289 οἳ
3117 5241 3380 5306 νησιῶται
3443 5236 3578 5311 μηδὶ
3637 5240 3895 5317 ζωπυρον

2238 5323 2631 5400 ὑπολειφθῆναι
2689 5323 3005 5396 Ῥωμαϊκῆς
3073 5322 3356 5400 δυνάμεως
3424 5326 3746 5406 ἐμφωλεῦον
3819 5336 3895 5404 τῇ

2233 5414 2406 5484 νήσῳ,
2468 5412 2641 5466 πάντα
2696 5412 2786 5466 τὸν
2850 5411 3021 5468 ὅπλον
3074 5422 3291 5485 κινῆσαι
3344 5413 3638 5490 δυνάμενον
3699 5419 3895 5495 ἀθροί-

2234 5522 2416 5564 σαντες
2477 5501 2565 5555 καὶ
2645 5504 2996 5578 συμμαχικὸν
3072 5504 3170 5560 οὐκ
3227 5503 3411 5582 ὀλίγον
3466 5509 3893 5582 Καρχησονίων,

2235 5590 2563 5655 ἀπελθόντες
2615 5589 2664 5645 ἐν
2728 5594 2947 5667 Μεσσήνῃ
3002 5594 3100 5662 τήν
3180 5594 3343 5650 πόλιν
3426 5597 3891 5674 περιεστοίχισαν,

2232 5684 2336 5733 Τοῦ
2393 5679 2449 5733 δὲ
2496 5677 2812 5744 κλείσαντος
2860 5682 2956 5743 τὰς
3006 5680 3182 5745 πύλας
3234 5681 3321 5738 ἐπὶ
3362 5689 3507 5758 τρεῖς
3540 5685 3750 5761 ἡμέρας
3794 5689 3891 5741 καὶ
