4070 6334
187 417 312 477 257

1348 419 1889 483 IIISTORIARUM
1935 418 2481 483 COMPENDIUM.

3493 430 3616 491 258

208 546 421 623 μηδένά
474 547 763 626 προηδᾷν
822 551 1021 613 ἒῶντος
1236 550 1464 631 τάφρου,
1506 556 1653 627 [746]
1711 551 1857 609 ἀλλά

1970 552 2191 610 nullam
2224 571 2427 611 eorum
2459 571 2605 628 quos
2627 556 2979 616 obsederant
2994 560 3279 619 rationem
3311 562 3612 634 ducerent,

207 637 442 714 δόκμσιν
500 637 707 703 δειλίας
754 636 1185 718 παρεσχηκότος,
1250 645 1752 721 καταφρονήσαντες
1802 643 1854 697 οἱ

201 729 518 805 Σαρακηνοὶ
578 726 751 793 ἀδεῶς
796 752 856 784 τε
922 727 1300 787 ἐσκεδάννὺντο
1347 731 1437 787 καὶ
1494 732 1708 807 νύκτωρ
1765 731 1856 787 καὶ

198 819 319 893 μεθ’
375 817 587 894 ἡμέραν
645 817 698 874 ἐν
752 819 945 882 πότοις
997 818 1089 875 καὶ
1146 819 1338 885 αὐλοῖς
1389 821 1479 876 καὶ
1544 815 1855 895 κυμϐάλοις

190 908 352 985 ᾖσαν,
385 909 460 971 ὡς
490 912 637 984 τάχα
664 915 764 979 τῆς
814 906 1035 972 πόλεως
1095 907 1150 973 ἐς
1187 910 1289 980 τήν
1322 905 1510 985 αὔριον
1540 907 1855 983 μελλούσης

191 984 527 1061 ἀλιὲἶσεσθαι.
588 996 799 1071 Ἡμέρᾳ
852 993 911 1051 δὲ
975 996 1224 1075 τετάρτῃ,
1281 984 1402 1053 καθ’
1457 995 1522 1068 ἤν
1583 997 1853 1071 εἰώθαμεν

190 1082 431 1141 ἐκτελεῖν
480 1086 582 1155 τὴν
645 1088 1051 1157 Πεντηκοστὴν,
1109 1090 1448 1159 κατανοήσας
1503 1089 1531 1142 6
1577 1084 1852 1161 Κικαυμέο

190 1196 289 1239 νος
312 1175 416 1245 τήν
461 1173 722 1248 ἀμέλειαν
771 1175 860 1231 καὶ
913 1174 1183 1252 ῥᾳθυμίαν
1229 1180 1338 1233 τῶν
1372 1181 1729 1253 Σαρακηνῶν,
1760 1176 1853 1231 καὶ

190 1266 277 1319 ὅτι
308 1263 362 1319 ὲν
392 1262 585 1338 πολλῇ
643 1263 945 1338 ἀμεριμνίᾳ
1002 1262 1277 1343 διάγουσιν
1321 1263 1516 1321 οὐδένα
1549 1265 1712 1344 λόγον
1741 1269 1849 1321 τῶν

193 1354 346 1416 ἐντὸς
374 1351 475 1409 τοῖ’)
523 1354 745 1430 τείχους
793 1352 1145 1428 ποιούμενοι,
1193 1355 1283 1411 τὸν
1338 1356 1529 1411 ἑαυτοῦ
1571 1354 1851 1432 παραθαρ-

194 1442 360 1516 ῥύνας
408 1442 539 1499 λαὸν
594 1444 685 1499 καὶ
740 1445 841 1514 τήν
881 1443 1212 1518 ἀναίμακτον
1261 1450 1381 1509 τοῖς
1409 1446 1639 1521 ἱερεῦσιν
1681 1443 1855 1500 ἐπιτε-

194 1532 350 1587 λέσαι
383 1530 642 1596 κελεύσας
671 1531 879 1602 Θυσίαν,
926 1533 1018 1589 καὶ
1057 1538 1167 1589 τῶν
1217 1534 1376 1600 θείων
1423 1533 1537 1609 ἅμα
1561 1540 1691 1590 πᾶσι
1725 1554 1851 1608 μετ-

192 1621 458 1698 εσχηκὼς
514 1621 853 1700 μυστηρίων,
912 1623 1036 1699 περὶ
1113 1624 1257 1701 ὥραν
1328 1623 1552 1701 ἀρίστου
1600 1623 1697 1687 τὰς
1749 1630 1852 1695 τῆς

186 1711 418 1775 πόλεως
478 1711 656 1775 πύλας
701 1713 1036 1776 ἀναπετάσας
1092 1715 1500 1791 προσρήγνυται
1562 1714 1698 1788 μετὰ
1758 1734 1851 1786 με-

188 1801 393 1876 γίστης
434 1799 617 1879 ῥύμης
663 1806 782 1864 τοῖς
838 1800 1103 1867 ἐναντίοις
1162 1803 1418 1876 μεθύουσι
1475 1804 1565 1859 καὶ
1607 1797 1853 1876 καρηϐα-

194 1895 413 1963 ροῦσιν,
470 1889 633 1955 αὐτὸς
689 1895 910 1966 πρῶτος
969 1892 1104 1965 μετὰ
1140 1896 1251 1948 τῶν
1297 1891 1390 1948 σὺν
1439 1892 1587 1965 αύτῷ
1634 1890 1723 1948 ἐπὶ
1751 1892 1851 1962 τήν

192 1980 410 2050 σκηνήν
464 1977 900 2053 ἐξιππασάμενος
973 1979 1294 2060 Ἀπολάφαρ
1363 1986 1461 2037 τοῦ
1523 1983 1623 2050 τῆς
1685 1981 1855 2051 νήσου

198 2071 500 2145 ἄρχοντος.
569 2068 673 2126 Καὶ
723 2067 879 2133 οὗτος
943 2070 1037 2143 μὲν
1097 2069 1253 2133 εὐθὺς
1312 2071 1630 2147 ἀναιρεῖται,
1688 2068 1854 2144 ἄκρο-

195 2158 422 2236 σιραλής
474 2158 578 2212 ὑπὸ
632 2155 804 2231 μέθης
859 2156 1146 2233 ὑπάρχων,
1207 2156 1601 2236 διαρῥήγνυται
1660 2156 1717 2213 δὶ
1765 2157 1854 2213 καὶ

192 2250 229 2316 ἡ
263 2248 439 2302 αὐτοῦ
472 2250 643 2318 σκηνή
681 2265 694 2279 ·
726 2246 952 2303 ἔπιπτον
1002 2246 1059 2303 δὲ
1105 2248 1196 2303 καὶ
1250 2249 1301 2303 οἱ
1345 2246 1510 2304 ἄλλοι
1540 2252 1647 2304 τῶν
1680 2255 1856 2323 Σαρα-

194 2341 385 2407 κηνῶν
449 2336 588 2391 κατὰ
633 2336 728 2398 τὰς
787 2337 1018 2411 σωρείας
1087 2338 1190 2393 ὑπὸ
1244 2338 1411 2411 μέθης
1458 2333 1857 2411 σφαλλόμενοι,

193 2425 293 2481 καὶ
342 2431 427 2498 τῷ
514 2423 919 2502 ἀπροσδοκήτῳ
996 2429 1098 2492 τῆς
1171 2425 1462 2491 ἐπιθέσεως
1523 2423 1651 2500 μηδ’
1708 2424 1855 2490 ὅλως

193 2515 340 2590 πρὸς
408 2513 586 2585 ἀλκὴν
685 2510 996 2589 ἀποϐλέψαι
1074 2514 1416 2592 ῒσχύσαντες.
1494 2517 1703 2571 Γίνεται
1764 2516 1853 2571 οὗν

190 2604 379 2678 τροπῆ
442 2602 583 2659 ὅλου
638 2607 738 2658 τοῦ
795 2602 1188 2680 στρατοπέδου,
1234 2609 1343 2660 τῶν
1403 2608 1734 2681 Σαρακηνῶν
1767 2604 1857 2660 ὐπ’

191 2690 469 2763 ἀλλήλων
556 2694 1025 2766 συμπατουμένων
1106 2694 1194 2749 καὶ
1273 2694 1696 2769 ἀναιρουμένων,
1781 2694 1857 2755 ὡς

1967 660 2209 700 suorum
2243 644 2474 701 animos
2515 645 2775 702 oratione
2806 648 3191 706 confirmavit.
3222 651 3615 726 Mandatoque

1964 734 2369 790 sacerdotibus
2420 737 2483 790 ut
2533 751 2656 791 rem
2710 753 2935 792 sacram
2979 738 3256 811 facerent,
3301 746 3612 814 postquam

1962 821 2089 894 ipse
2145 839 2276 879 cum
2334 823 2623 880 universis
2693 825 3026 897 impertitus
3082 835 3168 884 est
3224 832 3617 888 sacrosanctis

1964 911 2285 985 mysteriis,
2307 913 2465 970 circa
2493 912 2695 969 horam
2721 915 2951 986 prandii
2984 918 3201 989 apertis
3234 919 3398 976 urbis
3429 922 3612 994 portis

1964 1000 2024 1056 in
2074 1000 2275 1058 hostes
2324 1018 2560 1058 summo
2609 1019 2741 1059 cum
2790 1003 3008 1075 impetu
3060 1006 3252 1078 irruit,
3311 1008 3502 1067 ebrios
3557 1015 3618 1068 et

1962 1088 2203 1162 crapula
2250 1096 2539 1163 gravatos.
2589 1090 2718 1163 Ipse
2767 1092 3094 1150 Ambustus
3157 1097 3428 1169 princeps
3478 1115 3615 1156 cum

1963 1178 2089 1236 suis
2119 1194 2297 1250 eques
2327 1180 2397 1235 ad
2444 1180 2763 1236 tentorium
2815 1181 3197 1254 Apolapharis
3227 1184 3433 1242 insulae
3465 1205 3611 1261 prae-

1962 1268 2093 1324 fecti
2128 1268 2336 1338 tendit,
2383 1283 2637 1340 eumque
2685 1268 2818 1325 vino
2868 1276 3104 1343 captum
3152 1274 3351 1330 statim
3386 1276 3612 1333 interﬁ-

1962 1356 2125 1413 ciunt
2152 1354 2584 1429 tentoriumque
2615 1357 2920 1431 diripiunt.
2939 1362 3047 1416 Sed
3066 1366 3122 1417 et
3150 1366 3495 1422 cumulatim
3518 1383 3615 1423 ca-

1962 1446 2111 1502 dunt
2141 1446 2349 1518 reliqui
2382 1447 2676 1517 Saraceni,
2712 1453 2769 1503 et
2811 1448 2883 1503 ob
2917 1449 3258 1508 ebrietatem
3293 1452 3617 1513 titubantes

1961 1539 2019 1591 et
2048 1536 2121 1591 ob
2155 1536 2536 1608 improvisam
2569 1552 2692 1592 rem
2725 1537 2796 1593 de
2818 1538 3156 1596 defensione
3186 1541 3333 1597 nihil
3364 1544 3620 1615 cogitan-

1962 1628 2072 1680 tes.
2109 1624 2296 1695 Igitur
2325 1624 2464 1681 totis
2495 1624 2702 1681 castris
2735 1626 2978 1698 fugitur,
3008 1629 3260 1686 ducibus
3293 1631 3617 1689 Saraceno-

1963 1729 2095 1768 rum
2124 1728 2185 1768 se
2208 1712 2457 1769 invicem
2478 1714 2879 1771 obtereutibus
2904 1721 3080 1788 atque
3100 1717 3613 1793 interﬁcientibus,

1964 1806 2023 1858 et
2054 1818 2296 1874 campus
2328 1802 2710 1859 cadaveribus
2741 1804 3054 1877 obtegitur,
3087 1807 3239 1865 525
3276 1826 3343 1865 ac
3373 1810 3612 1882 propin-

1964 1908 2093 1963 qua:
2109 1890 2402 1948 conVaIles
2419 1907 2484 1947 ac
2511 1891 2756 1948 ﬂumina
2776 1893 3095 1965 replentur.
3125 1897 3379 1969 Denique
3403 1900 3472 1955 de
3492 1904 3613 1956 tam

1966 1980 2170 2036 multis
2201 1979 2463 2036 millibus
2493 1980 2833 2051 paucissimi
2856 1982 3209 2041 Panormum
3244 1987 3382 2060 fuga
3411 2005 3614 2060 perve-

1965 2070 2157 2125 niunt.
2209 2069 2389 2141 Capta
2437 2074 2575 2125 sunt
2624 2076 2816 2126 castra
2863 2089 3002 2128 auro
3051 2079 3109 2130 et
3154 2082 3394 2148 argento
3445 2077 3613 2134 unio-

1965 2158 2255 2229 nibusque
2285 2162 2342 2214 et
2370 2159 2618 2227 gemmis
2669 2160 3074 2233 refertissima,
3121 2181 3266 2235 quas
3316 2166 3616 2224 dimensos

1964 2262 2094 2304 esse
2125 2246 2338 2303 modiis
2371 2247 2587 2304 milites
2618 2248 2830 2304 ferunt.
2854 2250 3149 2306 ItaSicilia
3174 2254 3329 2309 brevi
3352 2259 3616 2327 tempore

1966 2353 1999 2391 a
2056 2336 2318 2392 Maniace
2376 2336 2435 2391 in
2492 2340 2891 2393 Romanorum
2950 2344 3301 2410 potestatem
3357 2345 3612 2414 redacta,

1965 2423 2171 2497 exiguo
2201 2424 2390 2497 spatio
2422 2426 2494 2481 ob
2543 2426 2836 2498 ignaviam
2868 2432 2924 2483 et
2972 2429 3255 2486 incuriam
3290 2432 3507 2488 ducum
3538 2435 3609 2490 ad

1964 2514 2285 2571 Saracenos
2316 2514 2508 2585 rediit,
2539 2513 2665 2571 sola
2693 2519 2979 2584 Messana,
3014 2521 3309 2589 quomodo
3331 2522 3611 2592 diximus,

1965 2604 2244 2660 Romanis
2275 2611 2521 2660 servata.
2563 2607 2846 2661 Caeterum
2879 2607 3211 2678 Stephanus
3259 2615 3321 2666 et
3349 2611 3612 2669 Pediadi-

1967 2696 2054 2748 tes
2082 2710 2151 2749 ox
2181 2691 2377 2748 insula
2406 2692 2464 2747 in
2497 2693 2945 2765 Longibardiam
2979 2697 3382 2769 profugerunt.

189 2780 565 2854 πληρωθῆναι
622 2786 826 2856 νεκρῶν
879 2782 942 2837 τὸ
998 2778 1185 2838 πεδίον
1233 2782 1323 2838 καὶ
1376 2785 1473 2847 τὰς
1519 2778 1733 2860 ἔγγιστα
1790 2782 2070 2860 φάγαγγας
2128 2782 2214 2835 καὶ
2273 2779 2400 2842 τοὺς
2459 2780 2765 2853 ποτπμοὺς,
2827 2782 2903 2845 ὡς
2956 2781 3017 2838 ἐκ
3072 2784 3346 2842 τοσούτων
3410 2788 3610 2865 μυριά-

192 2870 307 2926 Ξων
341 2869 564 2948 ὀλίγους
614 2871 754 2926 πάνυ
793 2870 846 2927 ἐν
906 2872 1181 2948 Πανόρμῳ
1227 2869 1581 2943 διασωθῆναι.
1635 2873 1884 2947 ἘΛήφθη
1945 2867 2004 2925 δὲ
2059 2867 2148 2924 καὶ
2194 2870 2256 2924 τὸ
2320 2868 2683 2944 στρατόπεδον
2741 2866 2902 2944 ἅπαν,
2950 2878 3158 2948 χρυσοῦ
3215 2876 3305 2930 καὶ
3363 2877 3602 2953 ἀργύρου

187 2960 284 3015 καὶ
342 2961 634 3035 μαργάρων
691 2960 845 3036 γένον
892 2960 983 3015 καὶ
1035 2958 1354 3016 πολυτελῶν
1431 2958 1626 3035 λίθων,
1670 2958 1786 3033 οὓς,
1863 2959 1937 3021 ὡς
2003 2955 2242 3033 λέγεται,
2300 2955 2587 3031 μεδίμνοις
2662 2960 2714 3014 οἱ
2785 2965 3110 3035 στρατιῶται
3160 2959 3598 3041 διεμοιράσαντο.

190 3050 300 3107 Καὶ
360 3048 506 3104 οὕτω
539 3050 633 3123 μὲν
688 3051 724 3120 ἠ
782 3055 925 3104 πᾶσα
982 3047 1208 3105 Σικελία
1252 3048 1297 3105 δ’
1344 3048 1534 3125 ὀλίγου
1589 3054 1918 3127 χειρωθεῖσα
1970 3047 2118 3124 παρά
2165 3051 2262 3102 τοῦ
2324 3046 2599 3119 Μανιάκη,
2653 3046 2704 3102 ἐν
2750 3050 2970 3126 βραχεῖ
3024 3053 3211 3128 χρόνῳ
3254 3053 3484 3127 ἀμελείᾳ
3512 3057 3602 3112 καὶ

187 3138 462 3209 κακότητι
520 3136 834 3216 στρατηγῶν
890 3140 1087 3215 γέγονε
1142 3137 1306 3195 πάλιν
1358 3139 1461 3194 ὑπὸ
1520 3137 1894 3214 Σαρακηνοὺς,
1929 3138 2101 3212 μόνης
2151 3139 2251 3201 τῆς
2311 3138 2569 3207 Μεσήνης
2618 3137 3058 3216 πιριλειφθείσης
3115 3143 3232 3197 καθ’
3281 3143 3339 3198 ὃν
3398 3145 3601 3219 τρόπον

192 3227 523 3302 εἰρήκαμεν,
578 3232 676 3284 τοῦ
736 3229 1012 3308 Στεφάνου
1066 3229 1155 3285 καὶ
1209 3232 1307 3285 τοῦ
1359 3225 1680 3285 Πεδιαδίτου
1731 3226 2004 3306 φυγόντων
2064 3224 2115 3281 ἐν
2182 3219 2570 3302 Λογγιϐαρδίᾳ.
2618 3226 2722 3284 Καὶ
2772 3227 2840 3283 τὰ
2900 3228 2994 3302 μὲν
3046 3228 3099 3285 έν
3149 3230 3606 3312 Σικελίᾳέφέρετο

191 3317 391 3393 ταύτῃ.

270 3428 338 3484 Ὀ
390 3423 452 3482 δί
511 3424 766 3503 βασιλεὺς
827 3425 1062 3503 Μιχαὴλ
1110 3429 1183 3501 τῇ
1237 3425 1600 3502 Θεσσαλονίκῃ
1657 3427 1733 3491 ὡς
1784 3425 1925 3497 τὰς

198 3514 394 3571 πολλὰ
450 3512 707 3591 διέτριϐε,
764 3516 1156 3593 προσλιπαρῶν
1202 3522 1285 3590 τῷ
1339 3518 1498 3594 τάφῳ
1532 3521 1630 3572 τοῦ
1660 3514 1857 3572 καλλι-

199 3605 357 3660 νίκου
387 3604 661 3680 μάρτυρος
719 3604 1040 3681 Δημητρίου
1085 3607 1172 3661 κάὶ
1235 3603 1559 3683 ἀπαλλαγήν
1610 3605 1857 3682 εύρέσθαι

199 3700 309 3764 τῆς
334 3694 501 3750 νόσου
541 3693 906 3771 γλιχόμενος.
955 3694 1055 3750 Καὶ
1106 3693 1309 3765 ἥπτετο
1342 3696 1435 3769 μὶν
1462 3699 1569 3750 τῶν
1602 3696 1856 3769 πραγμά-

199 3804 317 3838 των
376 3780 491 3838 οὐδ’
553 3783 879 3857 ὁπωστιοῦν,
942 3783 1024 3839 ὅτι
1096 3786 1173 3859 μή
1249 3789 1395 3840 πᾶσα
1452 3783 1679 3860 ἀνάγκη,
1739 3782 1857 3862 ἐφέ-

201 3892 334 3945 ρετο
393 3869 453 3925 δὶ
499 3872 535 3941 ἡ
587 3868 860 3943 διοίκησις
915 3873 1003 3927 καὶ
1058 3877 1167 3929 τῶν
1224 3877 1421 3929 κοινῶν
1486 3873 1857 3949 μεταχείρισις

207 3961 321 4016 ὑπὸ
351 3959 606 4018 Ἰωάννου
634 3981 647 3995 ·
681 3961 770 4016 καὶ
805 3958 960 4017 οὐδὲν
994 3958 1136 4024 εἶδος
1190 3957 1428 4038 βέϐηλον
1484 3962 1575 4018 καὶ
1613 3962 1859 4038 παράνο-

208 4072 321 4123 μον
370 4049 614 4114 ἐπινοίας
666 4044 994 4127 παρεϐιίσθη
1027 4051 1057 4107 ὃ
1108 4052 1184 4125 μὴ
1236 4050 1440 4129 ἐξεῦρεν
1491 4050 1566 4113 εἰς
1601 4071 1859 4128 συντριμ-

211 4138 321 4211 μὸν
372 4138 464 4193 καὶ
519 4139 760 4194 κάκωσιν
815 4144 923 4194 τῶν
1012 4140 1114 4195 ὑπὸ
1185 4145 1367 4217 χεῖρα.
1417 4139 1744 4217 Καταλέγειν
1804 4137 1862 4195 δὲ

208 4222 435 4283 ἕκαστον
483 4226 694 4283 τούτων
764 4225 933 4292 ἆθλος
1001 4227 1352 4305 Ἡράκλειος.
1429 4229 1533 4287 Καὶ
1599 4226 1861 4285 διέκειντο

210 4316 410 4378 πάντες
442 4318 724 4389 ἅνθρωποι
783 4316 887 4372 ὑπὸ
934 4324 1033 4389 τῆς
1094 4318 1308 4395 βαρείας
1363 4319 1568 4391 ταύτης
1616 4321 1864 4395 τυραννί-

210 4404 312 4470 δος
365 4405 629 4481 ἀγόμενοι
676 4406 763 4462 ἐπὶ
816 4404 962 4462 πολὺ
1011 4406 1424 4470 θεοκλυτοῦντες
1471 4408 1561 4463 καὶ
1618 4405 1864 4463 ἀπαλλα-

209 4497 323 4571 γὴν
363 4494 761 4570 ἐξαιτούμενοι.
829 4497 1008 4553 Ἐσειε
1062 4494 1120 4552 δὲ
1190 4497 1281 4552 καὶ
1328 4501 1571 4575 συνεχῶς
1628 4498 1657 4552 6
1712 4497 1862 4570 Θεὸς,

212 4584 307 4639 καὶ
365 4582 597 4659 δείματα
653 4586 745 4641 καὶ
803 4581 1053 4663 φόϐητρα
1102 4592 1325 4663 κατεῖχε
1380 4589 1481 4657 τήν
1511 4585 1862 4661 οἰκουμένην,

213 4673 270 4728 ἐν
318 4672 534 4751 ούρανῷ
582 4678 842 4749 κομητῶν
914 4673 1189 4749 ἑπιτολαὶ,
1249 4676 1300 4731 έν
1357 4675 1473 4752 ἀέρι
1524 4677 1714 4752 ἄνεμοι
1773 4675 1863 4731 καὶ

212 4758 424 4838 ὄμϐροι
459 4760 753 4851 Δῥαγδαῖοι,
804 4761 856 4819 ἐν
913 4768 985 4841 γῇ
1073 4762 1132 4820 δὲ
1209 4766 1447 4842 βρασμοὶ
1503 4766 1593 4821 καὶ
1649 4764 1862 4822 κλόνοι.
1894 4786 1942 4851 D

208 4857 396 4907 Ταῦτα
454 4849 512 4907 δὲ
568 4854 942 4929 προεμήνυον,
993 4855 1168 4929 οἶμαι,
1224 4856 1324 4924 τὴν
1379 4852 1685 4929 μέλλουσαν
1736 4854 1862 4910 ὅσον

212 4939 432 4997 οὐδέπω
459 4939 701 5018 γενέσθαι
730 4945 1109 5022 καταστροφὴν
1140 4947 1248 5000 τῶν
1278 4942 1576 5020 τυράννων.
1671 4946 1676 4952 ’

288 5050 369 5118 [Ρ.
398 5050 531 5121 745]
593 5045 759 5120 Μαὲῳ
812 5046 869 5104 δὶ
928 5050 1062 5124 μηνὶ
1116 5049 1214 5105 τοῖ’)
1270 5057 1453 5128 ,ςφμη’
1505 5045 1680 5119 ἔτους,
1731 5046 1865 5104 ἷνδι-

212 5140 449 5199 κτιῶνος
481 5139 554 5208 η’,
585 5139 621 5207 ἡ
654 5135 861 5215 ἀδιλφῆ
889 5143 987 5194 τοῦ
1051 5138 1319 5213 βασιλέως
1353 5138 1557 5216 Μαρία,
1593 5142 1777 5216 μήτηρ
1809 5137 1868 5195 δὲ

210 5230 316 5280 τοῦ
345 5227 637 5301 Καίσαρος,
662 5224 872 5282 ἄπεισιν
910 5227 961 5282 ἐν
999 5226 1208 5306 Ἐφέσῳ
1248 5229 1325 5294 εἷς
1364 5229 1729 5304 προσκύνησιν
1768 5233 1866 5284 τοῦ

212 5314 599 5389 ἠγαπημένου.
635 5315 739 5371 Καὶ
772 5316 826 5370 έν
854 5320 933 5387 τῷ
963 5313 1155 5373 διιεναι
1188 5318 1373 5374 πολλᾶ
1398 5323 1503 5373 τῶν
1537 5315 1865 5395 παραλόγως

216 5407 613 5478 πραττομένων
665 5405 931 5478 μαθοῦσα,
990 5405 1370 5483 ὑποστρέψασα
1426 5407 1503 5469 εἷς
1555 5409 1618 5462 τὸ
1675 5407 1866 5483 βυζάν-

214 5511 335 5545 τιον
366 5492 668 5569 ἀπήγγειλε
698 5494 872 5548 πάντα
918 5499 999 5567 τῷ
1046 5492 1268 5574 ἀδελφῷ
1310 5498 1549 5571 Ἰωάννῃ,
1581 5496 1672 5550 καὶ
1703 5515 1867 5570 παρε-

211 5577 370 5637 κάλει
394 5581 698 5655 ἀναστολήν
722 5603 846 5639 τινα
864 5585 1108 5657 γενέσθαι
1127 5592 1227 5656 τῆς
1248 5586 1518 5662 πονηρίας
1544 5605 1556 5620 ·
1593 5585 1619 5638 6
1652 5582 1710 5639 δὲ
1735 5585 1871 5658 μετὰ

216 5666 461 5745 γέλωτος
509 5670 681 5745 αὐτὴν
750 5672 1132 5750 ἀπεπέμψατο,
1191 5679 1471 5752 γτναικεῖα
1527 5678 1742 5755 φρονεῖν
1802 5672 1871 5731 εί-

217 5760 363 5830 πὼν,
392 5760 481 5819 καὶ
509 5761 727 5840 ἀγνοεῖν
780 5759 921 5821 ὅσων
976 5764 1012 5840 ἡ
1059 5760 1312 5823 πολιτεία
1351 5760 1519 5825 δεῖται
1550 5764 1866 5844 Ῥωμαίων.

2037 3426 2274 3483 Interim
2306 3424 2629 3482 Michaelus
2660 3425 2981 3500 imperator
3010 3429 3344 3505 plerumque
3363 3434 3611 3492 Thessa-

1964 3515 2171 3571 lonica:
2201 3516 2473 3586 degebat,
2504 3515 2575 3570 ad
2627 3515 2905 3571 Demetrii
2952 3518 3223 3591 Martyris
3271 3522 3611 3593 sepulcrum

1965 3620 2359 3673 commorans,
2410 3605 2481 3658 ab
2531 3619 2716 3675 eoque
2765 3606 2951 3660 morbi
3005 3608 3468 3681 proﬂigationem
3522 3630 3615 3685 pe-

1964 3700 2135 3762 tens;
2169 3709 2360 3764 neque
2389 3692 2567 3749 ullius
2598 3693 2837 3765 negotii,
2862 3695 2973 3750 nisi
3005 3712 3241 3752 summa
3271 3700 3615 3771 compulsus

1966 3782 2335 3851 necessitate,
2369 3797 2567 3836 curam
2618 3780 2998 3854 suscipiebat,
3033 3785 3299 3841 omnium
3347 3793 3404 3843 et
3432 3787 3616 3845 totius

1967 3872 2047 3927 rei
2066 3870 2311 3942 publium
2325 3870 2900 3926 administrationein
2914 3875 3197 3929 Joannem
3215 3874 3612 3933 incumbente.

1968 3959 2123 4016 Nihil
2155 3960 2555 4030 improbarum
2579 3976 2645 4016 ec
2667 3961 3061 4030 pessimarum
3094 3962 3204 4018 fuit
3223 3965 3435 4021 artium
3460 3967 3617 4038 quod

1969 4049 2064 4105 hic
2097 4049 2269 4104 homo
2300 4066 2415 4104 non
2446 4049 2802 4121 excogitaret
2844 4055 3020 4122 atque
3050 4052 3355 4110 adhiberet
3383 4056 3452 4111 ad
3486 4072 3615 4127 pre-

1971 4137 2217 4193 mendos
2247 4137 2655 4209 vexandosque
2704 4140 2995 4195 subditos.
3048 4141 3117 4196 Et
3146 4142 3386 4213 quidem
3417 4145 3620 4201 omnia

1970 4227 2100 4298 ejus
2130 4226 2351 4299 ﬂagitia
2380 4226 2595 4282 referre
2631 4226 2915 4284 Herculea
2966 4228 3141 4285 fuerit
3182 4246 3461 4289 aerumna.
3514 4233 3622 4290 Per

1969 4314 2212 4388 longum
2241 4320 2475 4388 tempus
2507 4317 2688 4372 attriti
2735 4318 2843 4373 hac
2875 4319 3183 4390 tyrannide
3213 4320 3484 4379 homines
3514 4340 3618 4379 au-

1970 4404 2177 4460 xilium
2215 4406 2311 4461 Dei
2344 4405 2664 4461 identidem
2695 4410 2752 4462 et
2782 4407 3244 4465 sublevatiouem
3280 4413 3620 4483 poscebant.

1971 4495 2080 4550 Sed
2131 4499 2188 4550 et
2233 4494 2514 4551 divinitus
2568 4496 2936 4552 continentes
2987 4502 3154 4554 terrm
3201 4503 3621 4559 concussiones

1973 4584 2319 4649 edebantur,
2351 4601 2419 4639 ac
2457 4584 2808 4640 terribilium
2858 4589 3226 4643 ostentorum
3258 4590 3468 4660 plenus
3497 4595 3625 4647 erat

1976 4672 2254 4743 mundus,
2286 4672 2342 4727 in
2377 4672 2520 4728 coelo
2550 4673 2815 4742 cometis,
2849 4673 2908 4729 in
2948 4691 3081 4731 aere
3109 4678 3298 4734 ventis
3323 4684 3499 4752 atque
3527 4697 3623 4736 ve-

1975 4761 2443 4818 hementissimis
2474 4762 2783 4831 imbribus,
2829 4762 2887 4817 in
2919 4765 3075 4820 526
3108 4770 3261 4822 terra
3294 4768 3624 4839 fragoribus

1974 4867 2040 4906 ac
2071 4850 2424 4906 tremoribus
2470 4850 2912 4907 exsistentibus.
2954 4851 3111 4917 Quae,
3145 4855 3454 4926 utjudico,
3488 4874 3624 4928 por-

1972 4940 2298 4995 tendebaut
2325 4938 2524 4994 statim
2558 4943 2837 5010 tyrannos
2869 4941 3181 5012 perituros.

2045 5049 2166 5100 Hoc
2195 5044 2322 5117 ipso
2354 5060 2528 5112 anno,
2580 5044 2898 5101 indictione
2928 5047 2983 5112 8,
3030 5064 3226 5104 mense
3257 5050 3426 5118 Maio,
3459 5068 3627 5109 soror

1974 5133 2343 5207 imperatoris
2375 5133 2578 5203 Maria,
2612 5133 2859 5189 Cmsaris
2910 5140 3115 5202 mater,
3152 5137 3447 5209 Ephesum
3479 5142 3626 5196 abiit

1976 5221 2258 5278 adorandi
2304 5222 2549 5277 Joannis
2605 5221 2975 5294 evangelista;
3031 5240 3231 5292 causa,
3281 5233 3338 5282 et
3386 5244 3517 5284 cum
3564 5229 3625 5285 in

1974 5311 2182 5368 itinere
2218 5311 2401 5366 multa
2428 5311 2673 5366 vidisset
2713 5310 2980 5382 improbe
3012 5315 3154 5385 geri,
3189 5332 3421 5372 reversa
3451 5318 3522 5373 de
3550 5317 3626 5374 iis

1975 5401 2253 5458 omnibus
2286 5400 2356 5454 ad
2412 5400 2646 5455 fratrem
2697 5402 2977 5457 Joannem
3029 5405 3252 5472 retulit,
3283 5406 3630 5479 hortataque

1976 5496 2065 5547 est
2093 5494 2159 5545 ut
2189 5488 2334 5544 istas
2375 5489 2668 5560 nequitias
2716 5495 3023 5561 coerceret,
3057 5509 3235 5565 quam
3268 5494 3365 5551 ille
3394 5495 3629 5554 irrisam

1979 5579 2224 5645 dimisit,
2262 5576 2627 5634 muliebriter
2648 5580 2866 5634 sentire
2896 5581 3080 5647 aiens,
3113 5587 3173 5638 et
3202 5584 3426 5641 nescire
3454 5602 3630 5658 quam

1980 5667 2167 5727 multa
2196 5669 2267 5723 ad
2316 5666 2742 5740 rempublicam
2792 5668 3117 5729 Romanam
3169 5673 3631 5749 requirerentur.

1979 5761 2137 5821 Idem
2156 5772 2286 5815 cum
2303 5755 2372 5816 ad
2389 5755 2800 5836 imperatorem
2815 5758 3626 5840 Thessalonicemtdiximus,
