4070 6334
458 425 576 486 259

1811 421 2124 484 GEORGII
2171 423 2506 484 CEDRENI

3748 421 3872 484 260

459 557 767 628 degentem
815 555 942 612 auri
994 556 1326 614 centenaria
1374 557 1574 614 decem
1625 556 1903 622 mitteret,
1945 555 2091 612 navi:

2219 556 2311 611 ’Ev
2345 551 2710 628 θεσσαλονίκῃ
2741 551 2818 625 δὲ,
2875 554 2950 619 ὡς
2997 552 3245 628 εἴπομεν,
3295 556 3374 626 τῷ
3415 550 3631 629 βασιλεῖ
3662 549 3870 629 διατρι-

460 646 694 702 turbine
725 645 878 701 venti
919 650 1185 718 correpta
1214 645 1460 720 Illyricis
1492 646 1662 703 allisa
1692 653 1781 702 est
1812 646 2111 702 littoribus

460 738 518 790 et
555 734 769 807 periit:
807 752 1016 790 aurum
1069 735 1341 807 princeps
1386 736 1700 792 Serborum
1750 735 2108 807 Stephanus,

459 825 558 897 qui
590 829 647 879 et
667 824 1062 893 Boisthlabus,
1100 825 1362 881 abstulit.
1397 830 1452 881 Is
1498 825 1670 898 paulo
1703 830 1840 880 ante
1870 842 1936 880 ex
1969 824 2112 879 urbe

459 913 816 986 profugerat,
849 919 904 970 et
933 915 1198 970 Serbiam
1230 920 1544 986 occuparat
1575 915 1743 987 pulso
1769 914 1904 970 inde
1929 914 2110 970 Theo-

459 1002 619 1074 philo
650 1003 896 1059 Erotico.
934 1005 996 1059 At
1039 1005 1196 1060 enim
1228 1005 1485 1060 Joannes
1519 1003 1904 1076 magistratus
1935 1020 2108 1059 vena-

457 1092 543 1149 les
575 1093 956 1164 prostituens,
991 1110 1057 1149 ac
1106 1093 1266 1148 omni
1315 1093 1624 1164 injustitize
1658 1094 1836 1148 fraena
1880 1091 2108 1161 laxans,

461 1182 788 1238 innumeris
841 1182 1276 1238 calamitatibus
1327 1183 1527 1238 orbem
1562 1187 1849 1238 terrarum
1901 1181 2109 1254 imple-

461 1271 560 1337 xit,
619 1271 905 1344 praefectis
962 1271 1203 1342 impune
1254 1271 1527 1328 subditos
1579 1271 1998 1344 expilantibus,
2053 1272 2112 1325 et

459 1363 691 1417 nemine
738 1377 980 1432 prorsus
1029 1361 1089 1418 in
1140 1378 1208 1417 ea
1259 1378 1384 1433 quae
1436 1349 1782 1433 agebantur,
1835 1360 2105 1416 animad-

458 1453 740 1506 vertente.

533 1720 853 1790 Imperator
877 1720 1074 1774 autem
1117 1716 1545 1774 Thessalonicae
1595 1717 1666 1772 de
1714 1716 1933 1772 amisso
1965 1733 2106 1774 auro

459 1807 670 1863 certior
717 1807 928 1876 factus,
977 1807 1338 1879 Stephanum
1389 1822 1494 1878 per
1540 1805 1764 1862 litteras
1813 1810 2012 1862 monet
2044 1809 2108 1862 ut

457 1895 569 1951 sibi
602 1914 778 1953 suum
825 1897 1021 1952 mittat
1069 1913 1258 1969 neque
1291 1895 1443 1952 ultro
1495 1894 1630 1951 belli
1679 1911 1918 1950 causam
1951 1896 2101 1952 527

456 1987 730 2056 praebeat.
766 1987 880 2043 [loc
912 2001 1046 2042 cum
1099 2003 1202 2058 pro
1236 1984 1419 2041 nihilo
1470 1989 1699 2056 putaret
1747 1984 2102 2056 Stephanus,

453 2075 759 2146 Georgium
809 2075 1118 2131 Probatam
1163 2074 1486 2146 spadonem
1535 2091 1664 2129 cum
1711 2075 1964 2130 exercitu
2006 2075 2104 2130 ad-

453 2181 661 2222 versus
691 2181 826 2220 cum
861 2163 1038 2219 mittit
1061 2163 1399 2235 imperator.
1426 2162 1533 2230 Qui
1557 2163 1614 2218 in
1636 2163 1832 2218 Servia
1853 2162 2102 2236 illapsus

454 2255 886 2311 inconsiderate
908 2253 965 2308 in
989 2253 1252 2309 locorum
1277 2253 1659 2309 ditlicuttates
1684 2258 1740 2308 et
1759 2252 1946 2310 invias
1967 2269 2102 2310 con-

453 2342 652 2414 valles,
684 2347 805 2399 toto
832 2343 1088 2400 exercitu
1123 2343 1342 2400 amisso
1373 2358 1522 2415 egre
1551 2342 1748 2399 evasit.

523 2613 637 2669 Hoc
671 2612 796 2684 ipso
829 2629 980 2667 anno
1026 2616 1082 2668 et
1124 2610 1360 2683 Bulgari
1405 2611 1743 2668 defecerunt
1791 2611 1900 2667 hac
1931 2628 2095 2667 occa-

448 2702 645 2758 sione:
667 2706 868 2758 Petrus
895 2701 1133 2773 quidam
1157 2701 1465 2772 Bulgarus,
1490 2707 1878 2772 cognomento
1905 2700 2098 2756 Delea-

447 2809 580 2862 nus,
613 2807 816 2848 servus
867 2791 1178 2861 cujusdam
1226 2789 1486 2861 Cpolitze,
1521 2790 1805 2862 profugus
1855 2805 1924 2844 ex
1953 2789 2096 2846 urbe

444 2879 774 2949 Butgariam
809 2879 1176 2951 pervagando
1210 2894 1398 2950 usque
1430 2879 1500 2933 ad
1526 2879 1830 2934 Morabum
1863 2884 1918 2934 et
1943 2877 2093 2934 Bele-

441 2968 656 3038 grados
688 2967 972 3038 pervenit,
1004 2983 1132 3038 qum
1163 2970 1305 3021 sunt
1327 2964 1565 3020 castella
1595 2967 1900 3022 Pannoniae
1932 2972 2096 3022 trans

446 3061 660 3111 Istrum
709 3055 838 3123 sita,
889 3056 1143 3110 Turcicaa
1194 3054 1384 3110 vicina
1437 3054 1684 3124 ditioni;
1735 3061 1791 3110 et
1820 3055 2002 3110 lilium
2035 3072 2096 3112 se

443 3145 713 3214 Romani,
747 3150 1017 3218 nepotem
1049 3143 1603 3215 Samuelijactando
1637 3150 1867 3216 gentem
1892 3144 2096 3216 Bulga-

445 3232 625 3287 ricam
658 3232 989 3300 concitavit,
1023 3247 1150 3302 qua:
1177 3248 1288 3286 non
1314 3231 1394 3286 ita
1425 3231 1646 3302 pridem
1681 3233 2091 3305 cervicesjugo

2219 639 2366 699 ϐοντι
2425 644 2654 720 χρυσίου
2709 645 2736 700 6
2796 645 3052 714 Ἰωάννης
3105 639 3313 717 ἔπεμψε
3359 646 3681 720 κεντηνάρια
3717 640 3865 712 δέκα,

2221 732 2322 787 ὑπὸ
2377 727 2680 809 στροϐίλων
2741 729 2799 788 δὲ
2850 731 3170 806 πνευμάτων
3231 732 3496 807 ἁρπασθὲν
3551 732 3613 788 τὸ
3664 731 3864 788 πλοῖον

2216 828 2332 884 τοῖς
2364 821 2695 899 Ἰλλυρικοῖς
2728 821 3078 899 προσερῥάγη
3113 820 3387 896 αἶγιαλοῖς
3415 843 3504 876 και
3529 816 3809 896 συνετρίϐη
3850 840 3862 854 '

2217 912 2280 967 τὸ
2313 909 2370 967 δὲ
2400 912 2628 988 χρυσίον
2674 911 2925 989 ἀφείλετο
2974 909 3246 990 Στέφανος
3297 911 3326 966 6
3376 911 3464 967 καὶ
3498 906 3864 978 Βοϊσθλάϐος,

2220 1000 2247 1054 ὀ
2277 1006 2384 1056 τῶν
2413 996 2630 1076 Σέρϐων
2675 1001 2886 1076 ἄρχων,
2946 1002 3052 1076 πρὸ
3109 1005 3307 1075 μικροῦ
3353 1004 3449 1066 τῆς
3476 999 3693 1062 πόλεως
3721 999 3866 1055 ἀποο

2220 1087 2348 1166 δράς
2396 1089 2483 1145 καὶ
2530 1090 2623 1145 τὸν
2671 1090 2839 1145 τόπον
2886 1094 2995 1145 τῶν
3045 1085 3263 1166 Σέρϐων
3319 1089 3694 1165 κατεσχηκὼς,
3729 1089 3864 1144 Θεό-

2219 1176 2379 1257 φιλον
2414 1179 2612 1243 ἐκεῖθεν
2667 1180 2758 1234 τὸν
2817 1182 3118 1255 Ἐρωτικον
3164 1178 3456 1240 ἀπελάσας.
3508 1181 3568 1236 Ὀ
3599 1177 3647 1233 δ’
3677 1179 3868 1236 Ἰωάν-

2216 1289 2317 1339 νης
2349 1267 2508 1323 ὥνιον
2570 1269 2963 1344 προτιθέμενος
3009 1269 3105 1332 τάς
3155 1268 3352 1344 ἀρχὰς,
3401 1267 3490 1322 καὶ
3521 1271 3651 1323 πᾶσι
3692 1265 3865 1344 χαλι-

2215 1358 2307 1412 νὸν
2361 1355 2603 1421 ἕνδιδοὺς
2665 1357 2898 1430 ἀδικίας,
2962 1359 3174 1435 μδρίων
3230 1361 3524 1436 συμφορῶν
3594 1355 3863 1428 ἐνέπλησε

2214 1449 2314 1517 τήν
2374 1447 2725 1521 οἰκουμένην,
2776 1445 2947 1512 ἀδεῶς
2991 1453 3097 1504 τῶν
3147 1452 3347 1523 κριτῶν
3403 1445 3858 1526 φορολογούντων

2214 1537 2342 1600 τοὺς
2385 1537 2713 1614 ἐγχωρίους,
2770 1539 2857 1593 καὶ
2914 1535 3146 1611 μηδενὸς
3205 1536 3534 1615 έπιστροφὴν
3593 1535 3740 1601 ὅλως
3783 1557 3864 1590 τι·

2217 1627 2442 1700 θεμένου
2470 1632 2580 1682 τῶν
2608 1621 2960 1703 γινομένων.’

2285 1717 2341 1771 Ὃ
2394 1713 2450 1770 δὲ
2506 1715 2760 1792 βασιλεὺς
2817 1715 2870 1774 ἰν
2937 1715 3302 1793 Θεσσαλονίκῃ
3369 1717 3552 1790 μαθὼν
3609 1716 3710 1785 τὴν
3759 1718 3862 1770 τοῦ

2213 1806 2446 1882 χρυσίου
2500 1805 2797 1877 ἀπώλειαν,
2855 1805 3046 1886 γράφει
3118 1811 3198 1877 τῷ
3267 1805 3525 1884 Στεφάνῳ
3582 1803 3860 1879 ἔκπεμψαι

2213 1896 2348 1968 πρὸς
2404 1894 2561 1950 αὐτὸν
2617 1897 2678 1950 τὸ
2737 1893 2874 1951 ἴδιον
2938 1895 3028 1950 καὶ
3107 1897 3184 1970 μὴ
3267 1893 3492 1966 θελῆσαι
3544 1893 3862 1968 αὐθαίρετον

2215 1982 2495 2039 ἀνελέσθαι
2547 1984 2813 2058 πόλεμον.
2872 1988 2986 2043 Τοῦ
3039 1982 3097 2040 δὲ
3152 1983 3420 2060 μηδεμίαν
3471 1984 3858 2057 ποιησαμένου

2211 2072 2565 2152 ἐπιστροφὴν,
2653 2075 2876 2149 στρατὸν
2956 2075 2984 2128 6
3074 2072 3330 2148 βασιλεὺς
3412 2072 3677 2147 ἐκπέμπει
3735 2073 3857 2127 κατ’

2209 2163 2396 2232 αὐτοῦ,
2484 2160 2727 2238 ἄρχοντα
2818 2161 3073 2236 ἐκτομίαν
3151 2163 3422 2240 Γεώργιον
3500 2160 3700 2238 ἔχοντα
3757 2160 3856 2216 τὸν

2209 2247 2514 2326 Προϐατᾶν.
2541 2253 2603 2310 Ὀ
2661 2249 2720 2307 δὲ
2764 2252 2856 2308 τὸν
2903 2251 3072 2307 τόπον
3120 2247 3464 2321 καταλαϐὼν,
3498 2251 3589 2307 καὶ
3634 2248 3856 2328 δυσχω-

2209 2339 2352 2414 ρίαις
2422 2343 2510 2396 καὶ
2579 2341 2808 2417 φάραγξι
2881 2340 2971 2396 καὶ
3049 2335 3372 2404 δυσϐάτοοις
3448 2341 3860 2417 ἀπερισκέπτως

2207 2429 2454 2504 ἐμπεσὼν
2513 2430 2724 2499 τόποις,
2787 2429 2850 2486 τό
2923 2452 2983 2486 τε
3053 2429 3358 2504 στράτευμα
3409 2428 3539 2486 ὅλον
3600 2428 3862 2484 ἀπώλεσε

2205 2519 2293 2574 καὶ
2329 2519 2487 2582 αὐτὸς
2521 2517 2800 2596 δυσχερῶς
2834 2517 3092 2586 διεσώθη.

2274 2609 2465 2682 Τούτῳ
2495 2614 2575 2681 τῷ
2609 2607 2712 2664 ἔτει
2743 2609 2833 2664 καὶ
2873 2612 2908 2680 ἡ
2959 2609 3257 2664 ἀποστασία
3285 2608 3475 2684 γέγονε
3501 2607 3850 2684 Βουλγαρίας

2204 2703 2393 2754 τοῦτον
2423 2699 2514 2753 τὸν
2546 2695 2752 2776 τρόπον
2776 2719 2787 2732 ·
2836 2699 3035 2770 Πέτρος
3079 2720 3158 2760 τις
3209 2698 3551 2774 Βούλγαρος,
3587 2698 3852 2759 Δελεάνος

2201 2789 2301 2856 τὴν
2367 2787 2761 2864 προσηγορίαν,
2827 2785 3027 2850 δοῦλος
3083 2787 3381 2857 Βυζαντίου
3432 2788 3576 2850 τινὸς
3633 2784 3853 2862 ἀνδρὸς,

2205 2873 2443 2951 ἀποδρὰς
2490 2877 2549 2932 ἐκ
2575 2883 2676 2946 τῆς
2720 2876 2938 2939 πόλεως
2984 2874 3257 2932 ἐπλανᾶτο
3305 2875 3357 2931 ἐν
3387 2876 3724 2952 Βουλγαριᾳ,
3755 2875 3850 2931 καὶ

2203 2967 2536 3036 κατήντησεν
2571 2963 2700 3041 ἂίχρι
2752 2960 3029 3040 Μωράϐου
3074 2968 3164 3021 καὶ
3217 2963 3564 3042 Βελεγράδων
3598 2965 3856 3043 (φρούρια

2206 3051 2262 3108 δὲ
2290 3059 2458 3109 ταῦτα
2493 3057 2592 3126 τῆς
2626 3054 2923 3117 Παννονίας
2962 3055 3098 3110 κατὰ
3126 3056 3226 3124 τὴν
3252 3055 3474 3130 περαίαν
3509 3059 3606 3110 τοῦ
3635 3058 3856 3130 Ἴστρου

2205 3140 2518 3217 διακείμενα
2547 3144 2637 3199 καὶ
2666 3149 3012 3220 γειτονοῦντα
3067 3149 3146 3218 τῷ
3184 3143 3361 3220 κράλῃ
3397 3146 3512 3217 (11)
3538 3142 3852 3218 Τουρκίας).

2203 3233 2290 3287 καὶ
2352 3235 2467 3288 υἱὸν
2529 3234 2715 3289 ἑαυτὸν
2781 3233 3016 3312 ἐφήμιζε
3085 3235 3368 3307 Ῥωμανοῦ
3436 3235 3533 3288 τοῦ
3582 3234 3702 3288 υἱοῦ
3754 3235 3858 3287 τοῦ

445 3321 787 3376 subdiderat
808 3337 874 3377 ac
891 3319 1218 3376 libertatem
1243 3335 1594 3392 magnopere
1618 3323 1945 3392 appetebat.
1973 3325 2091 3388 Quo

2210 3322 2500 3394 Σαμουὴλ,
2529 3324 2618 3378 καὶ
2647 3325 2709 3379 τὸ
2757 3309 2911 3400 γένος
2959 3321 3156 3378 ἀνέσειε
3211 3319 3317 3377 τῶν
3359 3321 3712 3399 Βουλγάρων,
3748 3323 3860 3396 πρὸ

439 3411 658 3465 factum
687 3414 748 3464 ut
778 3411 952 3465 ﬁdem
997 3409 1222 3465 homini
1273 3410 1574 3476 haberent,
1611 3426 1856 3482 cumque
1891 3428 2086 3484 regem

438 3497 724 3572 Bulgariae
757 3498 1150 3571 designarent,
1185 3503 1241 3555 et
1292 3515 1392 3571 per
1421 3499 1698 3555 Naissum
1730 3517 1796 3556 ac
1843 3501 2086 3571 Scupias

433 3587 772 3660 primariam
805 3587 1089 3657 Bulgaria:
1140 3588 1343 3643 urbem
1378 3605 1511 3644 eum
1558 3587 2085 3660 circumducercnt,

431 3677 646 3732 faustis
679 3676 1206 3733 acclamationibus
1239 3694 1435 3750 regem
1467 3677 1847 3744 celebrantes,
1890 3684 1946 3733 et
1975 3679 2086 3734 lto-

434 3783 638 3822 nianos
672 3767 728 3822 in
762 3783 907 3838 quos
942 3765 1288 3822 incidissent
1310 3767 1626 3822 crudeliter
1648 3766 2084 3826 interficienles.

435 3857 500 3912 id
534 3855 627 3912 ubi
646 3856 932 3928 comperit
950 3855 1202 3912 Basilius
1221 3855 1586 3928 Synademus
1609 3856 1908 3928 Dyrrachii
1937 3875 2084 3928 prai-

433 3947 640 4012 fectus,
673 3944 940 4000 celeriter
971 3945 1100 4015 ejus
1131 3944 1239 4000 loci
1276 3945 1476 4017 copias
1509 3944 1567 3999 in
1619 3945 1938 4000 Deleanum
1974 3947 2084 4001 du-

429 4035 536 4102 xit,
558 4034 988 4090 oecurrendum
1020 4038 1186 4088 ratus
1209 4034 1552 4104 priusquam
1585 4033 1739 4089 vires
1764 4034 1869 4088 hoc
1893 4034 2085 4090 incen-

431 4123 592 4178 dium
623 4127 904 4178 sumeret.
958 4123 1099 4176 Cum
1154 4127 1347 4176 autem
1403 4121 1474 4176 ad
1529 4120 1721 4177 locum
1772 4122 1866 4177 cui
1901 4123 2084 4180 Debra

434 4227 645 4268 nomen
679 4211 1057 4282 pervenisset,
1089 4214 1146 4266 et
1193 4209 1480 4266 dissensio
1531 4209 1580 4264 ei
1631 4211 1898 4282 quaadam
1947 4228 2079 4268 cum

433 4317 548 4356 uno
573 4300 944 4356 tribunorum
975 4298 1228 4355 militum
1257 4297 1536 4355 Michaelo
1562 4299 1926 4356 Dermocaita
1954 4304 2080 4357 orta

431 4395 607 4456 esset,
641 4389 794 4461 apud
841 4388 1254 4460 imperatorem
1306 4386 1453 4444 falso
1501 4388 1746 4444 crimine
1797 4391 2081 4451 aii'ectatm

432 4481 582 4536 528
616 4480 946 4552 tyrannidis
966 4487 1298 4546 accusatur,
1328 4479 1706 4551 privatusque
1729 4481 2077 4552 magistratu

429 4568 906 4626 Thessalonicam
933 4567 1164 4624 ducitur
1192 4572 1250 4625 et
1277 4567 1338 4623 in
1370 4569 1700 4625 custodiam
1730 4570 1922 4626 datur.
1949 4573 2079 4628 Der-

2205 3411 2399 3488 ὀλίγου
2428 3412 2519 3467 τὸν
2567 3410 2852 3487 τράχηλον
2907 3407 3178 3468 ὑποϐαλὸν
3230 3411 3300 3487 τῇ
3348 3409 3570 3484 δουλείᾳ
3603 3410 3694 3466 καὶ
3728 3409 3855 3466 λίαν

2209 3500 2583 3576 ὀριγνώμενον
2637 3501 2958 3577 ἐλευθερίας.
3020 3503 3112 3556 Διὸ
3170 3503 3260 3557 καὶ
3309 3501 3683 3563 πιστεύσαντες
3735 3505 3862 3566 τοῖς

2197 3591 2324 3664 παρ’
2355 3588 2519 3644 αὺτοῦ
2547 3589 2866 3666 λεγομένοις
2914 3587 3152 3646 Βασιλέα
3179 3611 3238 3644 τε
3267 3590 3426 3645 αὐτὸν
3459 3588 3852 3666 ἀναγορεύουσι

2198 3677 2548 3754 Βουλγαρίας,
2591 3680 2682 3733 καὶ
2716 3676 2932 3751 ἄραντες
2980 3677 3176 3743 ἐκεῖθεν
3235 3677 3324 3734 διά
3367 3700 3426 3734 τε
3472 3676 3707 3733 Ναϊσσοῦ
3756 3679 3851 3734 καὶ

2192 3772 2300 3822 τῶν
2338 3767 2643 3839 Σκουπίων,
2689 3775 2789 3839 τῆς
2840 3765 3240 3844 μητροπόλεως
3302 3767 3669 3843 Βουλγαρίας,
3696 3766 3854 3822 ’ίεντο

2192 3856 2645 3932 ἀνακηρύττοντες
2733 3857 2823 3912 καὶ
2906 3858 3340 3936 ἀνευφημοῦντες
3439 3861 3655 3923 τοῦτον,
3757 3856 3854 3911 καὶ

2192 3946 2361 4000 πάντα
2416 3947 2507 4000 τὸν
2593 3947 2985 4020 παρευρεθέντα
3059 3948 3334 4018 Ῥωμαῖον
3421 3944 3669 4016 ἀνηλεῶς
3756 3946 3854 4000 καὶ

2193 4035 2571 4102 ἀπανθρώπως
2639 4034 3004 4110 ἀναιροῦντες.
3068 4036 3238 4110 Ὅπερ
3319 4035 3502 4108 μαθὼν
3563 4031 3854 4098 Βασίλειος

2192 4123 2219 4176 6
2281 4121 2609 4195 Συναδηνὸς,
2650 4125 2950 4200 στρατηγὸς
3009 4122 3323 4200 Δυρραχίου
3368 4124 3678 4200 τυγχάνων,
3711 4124 3851 4198 ἄρας

2187 4211 2283 4274 τὰς
2340 4210 2644 4287 ἐγχωρίους
2735 4209 2992 4286 δυνάμεις
3067 4209 3319 4268 ἔσπευδεν
3405 4213 3707 4282 ἀπαντῆσαι
3761 4214 3847 4282 τῷ

2189 4298 2436 4373 Δελεάνῳ
2481 4300 2606 4376 πρὶν
2670 4298 2706 4370 ἤ
2781 4299 2870 4356 ἐπὶ
2947 4299 3086 4378 μέγα
3147 4303 3376 4374 ἀρθῆναι
3420 4302 3484 4356 τὸ
3530 4301 3692 4357 κακὸν
3753 4299 3852 4354 καὶ

2188 4389 2453 4464 πυρκαϊάν
2511 4389 2834 4467 ἀναφθῆναι.
2895 4389 3195 4463 Γενόμενος
3245 4388 3303 4446 δὲ
3344 4391 3480 4446 κατά
3509 4391 3608 4460 τὴν
3671 4385 3840 4464 λεγο-

2192 4477 2357 4549 μένην
2438 4472 2669 4554 Δέρϐην,
2754 4479 2844 4533 καὶ
2938 4478 3316 4556 προσκρούσας
3383 4477 3518 4534 κατά
3600 4499 3652 4533 τι
3707 4477 3849 4551 μετά

2187 4587 2338 4629 τινος
2366 4570 2471 4622 τῶν
2540 4567 2969 4644 ὑποστρατήγων
3029 4567 3260 4644 Μιχαὴλ
3315 4572 3414 4623 τοῦ
3445 4565 3848 4641 Δερμοκαίτου,

433 4659 712 4714 mocaites
751 4658 870 4727 (hic
899 4658 1053 4714 enim
1086 4659 1136 4714 ei
1170 4659 1708 4730 suceederejussus
1739 4661 1868 4731 fuit)
1901 4661 2079 4732 impe-

2205 4659 2341 4729 746]
2400 4650 2752 4712 διαϐάλλεται
2815 4655 2869 4719 ἐς
2934 4656 3159 4732 βασιλέα
3220 4657 3294 4720 ὡς
3347 4654 3587 4730 μελετῶν
3645 4675 3847 4729 τυραν-

432 4749 538 4804 rite
569 4765 635 4803 ac
666 4746 813 4803 male
860 4763 1068 4819 gerens
1118 4747 1534 4818 magistratum
1564 4748 1774 4820 exiguo
1826 4754 2080 4820 tempore

430 4837 628 4893 omnia
657 4837 848 4892 vertit.
882 4835 1127 4908 Expilati
1160 4836 1314 4890 enim
1350 4835 1422 4890 ab
1450 4853 1515 4891 eo
1561 4836 1802 4907 injuste,
1835 4838 2081 4910 suisque

428 4925 595 4996 equis
626 4929 684 4980 et
713 4924 985 4979 curribus
1009 4923 1242 4995 spoliati
1271 4922 1518 4995 aliisque
1541 4927 1714 4980 rebus
1744 4943 1893 4997 quas
1915 4943 2079 4983 caras

428 5013 745 5080 habebant,
766 5014 1060 5080 omnibus,
1088 5018 1286 5070 contra
1309 5030 1442 5068 eum
1467 5013 1802 5086 insurgunt.
1827 5017 2012 5087 Atque
2029 5016 2078 5070 is

427 5103 675 5158 insidias
707 5103 965 5158 sentiens
991 5101 1101 5158 sibi
1131 5102 1324 5173 parari
1347 5107 1519 5157 noctu
1552 5103 1774 5174 effugit.
1803 5103 1916 5174 Ipsi
1941 5120 2077 5176 ergo

425 5192 536 5246 sibi
563 5193 632 5246 ab
655 5191 804 5248 irato
829 5192 1178 5263 imperatore
1205 5195 1532 5245 metuentes
1550 5191 1831 5246 deﬁciunt
1859 5191 2075 5263 palam,

426 5289 480 5334 et
510 5281 828 5350 quemdam
860 5281 929 5336 de
955 5279 1241 5335 militibus
1265 5279 1590 5350 prudentiae
1613 5295 1678 5334 ac
1710 5281 2077 5337 fortitudinis

430 5373 603 5434 notis,
635 5369 1085 5424 Teichomerum
1119 5369 1378 5434 nomine,
1413 5368 1829 5439 imperatorem
1865 5369 2074 5442 Bulga-

426 5456 524 5512 ria
558 5459 942 5514 constituunt.
970 5458 1240 5530 Dumjam
1261 5462 1430 5514 erant
1454 5457 1837 5529 Bulgarorum
1874 5460 2073 5514 factio-

2188 4742 2330 4803 νίδα.
2366 4744 2466 4801 Καὶ
2499 4746 2526 4800 6
2563 4745 2658 4818 μὶν
2715 4744 2869 4810 εὐθὺς
2919 4743 3255 4821 παραλύεται
3311 4746 3411 4815 τὴς
3444 4745 3621 4820 ἀρχῆς
3665 4743 3757 4798 καὶ
3792 4743 3850 4800 δν

2189 4832 2554 4908 Θεσσαλονίκῃ
2591 4833 2777 4909 ἀχθεὶς
2818 4833 2871 4888 ἐν
2918 4833 3136 4911 φυλακῇ
3182 4833 3471 4902 Βάλλεται,
3519 4839 3848 4909 στρατηγεῖν

2191 4919 2238 4976 δ’
2293 4923 2404 4977 ἀντ’
2481 4923 2647 4978 αὐτοῦ
2725 4923 3134 4998 προχειρίζεται
3219 4925 3246 4978 6
3324 4923 3718 4998 Δερμοκαῗτης,
3782 4923 3846 4986 ὃς

2191 5010 2426 5087 ἀπείρως
2481 5013 2571 5066 καὶ
2639 5011 2862 5090 φαύλως
2901 5010 3122 5066 διοικῶν
3172 5013 3271 5081 τὴν
3331 5012 3511 5088 ἀρχὴν
3541 5011 3593 5067 ἑν
3645 5013 3846 5087 βραχει

2192 5100 2371 5177 χρόνῳ
2419 5102 2485 5154 τά
2534 5102 2707 5155 πάντα
2756 5100 3028 5175 ἀνέτρεψε.
3093 5098 3584 5173 Πλεονεκτοὺμενοι
3641 5099 3744 5176 γάρ
3790 5101 3846 5156 οἱ

2191 5189 2279 5244 ὑπ’
2335 5189 2494 5243 αὐτὸν
2545 5190 2632 5244 καὶ
2682 5187 3058 5263 ἀδικούμενοι,
3090 5188 3178 5244 καὶ
3207 5188 3335 5251 τοὺς
3371 5190 3573 5253 ἒαυτῶς
3623 5187 3839 5252 ’ίππους

2261 5279 2275 5298 \
2348 5277 2361 5296 ε
2407 5275 2430 5292 ν
2703 5289 2713 5303 ι
2808 5279 2822 5300 ι)
3006 5281 3018 5299 ι
3306 5278 3318 5294 ι
3383 5276 3408 5296 ν
3594 5282 3619 5292 ~
3728 5277 3734 5288 ι

2186 5298 2275 5332 και
2305 5299 2372 5332 τα
2402 5298 2616 5352 αρματα
2645 5281 2758 5352 (l3)
2798 5290 3183 5354 αθαιρουμενοι
3233 5299 3322 5332 και
3375 5275 3516 5332 αλλο
3548 5299 3651 5332 παν
3705 5279 3845 5352 ὅπερ

2185 5367 2254 5436 ἦν
2295 5367 2482 5429 αὐτοῖς
2512 5367 2659 5437 ἀξιον
2711 5366 2903 5443 λόγου,
2951 5365 3417 5438 κατεξανίστανται
3467 5370 3563 5421 τοῦ
3597 5387 3845 5442 στρατη-

2185 5453 2308 5530 γοῦ,
2339 5454 2495 5512 Ἀλλ’
2526 5457 2553 5510 ὁ
2589 5456 2707 5529 μὲν,
2739 5457 2813 5518 ὡς
2864 5452 3058 5530 ᾔσθετο
3089 5451 3608 5530 ἐπιϐουλευόμενος,
3639 5457 3846 5520 νυκτὸς

1619 5575 1974 5631 XYLANDBI
2013 5575 2103 5631 ET
2142 5573 2358 5631 GOARI
2397 5573 2630 5630 ΝΟΤίΕ.

496 5672 608 5749 (tt_)_
634 5672 922 5748 Xylander
959 5673 1203 5749 ditioni;
1230 5671 1426 5730 verius
1457 5674 1574 5748 regi
1599 5690 1620 5731 :
1649 5675 1826 5732 crates
1867 5673 2074 5749 Bulga-

422 5741 542 5803 rica
570 5741 774 5822 lingua
803 5761 922 5806 rex.
955 5745 1137 5805 Gem.

2252 5675 2362 5748 (12)
2391 5675 2557 5732 Arma
2578 5675 2706 5748 jam
2737 5673 3056 5748 significat,
3089 5691 3207 5731 non
3234 5689 3453 5732 currus.
3485 5673 3666 5732 Gen.
