4070 6334
441 394 558 454 263
1788 384 2094 447 GEORGll

2208 386 2490 447 EDRENI
3737 396 3860 454 264

441 524 677 581 ouniam
711 525 986 579 mutarat.
1007 521 1167 586 Quod
1194 520 1439 577 moleste
1458 519 1709 575 ferentes
1731 516 2090 590 Nicopolitaa,

2208 516 2303 583 τὴν
2364 520 2459 570 τοῦ
2525 516 2978 594 ὀρφανοτρόφουο
3020 518 3329 589 ἀπληστίαν
3384 521 3474 575 καὶ
3550 522 3686 598 πρὸς
3762 524 3861 585 τὰς

444 614 639 670 oblata
686 613 991 670 occasione
1038 611 1273 667 Deleani
1320 614 1504 677 motu,
1556 610 1816 665 Romano
1848 608 2094 679 imperio

2208 607 2507 682 εἰσπράξεις
2545 604 3203 685 ὑπερϐολήνρΒασιλείου
3250 612 3354 688 γάρ
3410 616 3506 667 τοῦ
3569 613 3859 689 βασιλέως,

440 704 652 775 rejecto
685 704 755 759 ad
790 719 929 759 suos
958 700 1205 774 gentiles
1239 700 1559 755 redierunt.

2208 698 2439 767 ὁπηνίκα
2478 696 2829 775 Βουλγάρους
2881 699 3240 777 ἐχειρώσατο,
3284 704 3358 775 μὴ
3411 708 3729 778 νεοχμῶσαι
3779 717 3863 769 θε-

442 792 714 862 λήσαντος
780 790 923 845 ὅλως
988 786 1128 862 μηδὲ
1183 788 1248 842 τά
1296 786 1586 862 πράγματα
1634 787 2008 859 μετακινῆσαι,
2060 783 2188 840 ἀλλ’
2232 784 2318 840 ἐπὶ
2367 795 2465 857 τῆς
2509 788 2673 858 αὐτῆς
2727 787 2939 861 μὲνειαν
2990 789 3363 853 καταστάσεως
3393 791 3481 846 καὶ
3514 791 3656 847 οὕτω
3714 790 3860 863 διεξ-

439 884 653 958 άγεσθαι
712 882 891 945 καθώς
947 901 1054 934 που
1113 880 1140 933 ὁ
1199 877 1464 951 Σαμουὴλ
1521 875 1835 952 διωρίσατο,
1867 876 1958 929 καὶ
2027 872 2234 930 διδόναι
2283 878 2375 931 τὸν
2430 882 2613 954 ζεῦγος
2678 880 2818 954 βοῶν
2873 876 3073 954 ἔχοντα
3121 880 3432 959 Βοόλγαρον
3494 882 3569 945 εἰς
3624 883 3685 937 τὸ
3741 903 3861 937 κοιο

436 973 526 1026 νὸν
590 970 739 1024 σίτου
803 966 990 1043 μόδιον
1047 966 1142 1023 ἕνα
1197 968 1284 1022 καὶ
1345 967 1591 1042 κέγχρου
1647 969 1905 1020 τοσοῦτον
1959 964 2049 1018 καὶ
2099 962 2246 1019 οἷ’νου
2308 966 2541 1039 στάμνον
2593 965 2703 1037 ἕνα,
2740 969 2766 1022 ὁ
2798 968 3200 1048 ὀρφανοτρόφος
3231 971 3347 1027 ἀντὶ
3376 976 3484 1027 τῶν
3518 968 3675 1026 εἰδῶν
3701 970 3862 1044 νομί-

438 1080 617 1131 σματα
669 1056 909 1123 δίδοσθαι
971 1056 1280 1135 διωρίσατο.
1339 1060 1507 1131 Ὅπερ
1564 1057 1638 1128 μὴ
1702 1055 1945 1130 εὐφόρως
2002 1055 2053 1107 οἱ
2118 1053 2393 1129 ἐγχώριοι
2445 1054 2719 1133 φέροντες,
2782 1058 3025 1134 εὑρόντες
3085 1056 3141 1113 δὲ
3195 1060 3283 1114 καὶ
3356 1058 3544 1135 καιρὸν
3613 1057 3864 1134 εὔκαιρον

437 1150 532 1217 τὴν
591 1152 686 1203 τοῦ
743 1147 1007 1204 Δελεάνου
1066 1147 1393 1226 ἐπιφάνειαν,
1454 1147 1550 1215 τὴν
1609 1145 1924 1217 Ῥωμαϊκὴν
1993 1143 2340 1199 ἀπεσείσαντο
2389 1147 2689 1221 ἡγεμονίαν
2744 1147 2833 1203 καὶ
2891 1148 3028 1224 πρὸς
3102 1147 3165 1203 τὸ
3244 1149 3479 1225 ἀρχαῖον
3568 1148 3861 1225 ἐπανέδρα-

448 1259 547 1311 μον
582 1232 725 1302 ἔθος.

513 1349 630 1405 Hoc
663 1352 921 1419 tempore
944 1348 1221 1403 adversus
1246 1347 1654 1418 imperatorem
1684 1341 2086 1413 conspiratum

440 1444 553 1509 est,
609 1438 971 1510 principibus
1026 1437 1301 1492 facinoris
1354 1433 1636 1491 Michaelo
1680 1431 1977 1489 Cerulario
2035 1438 2090 1487 et

436 1530 662 1583 Joanne
695 1526 1133 1598 Macrempolita
1156 1526 1407 1596 aliisque
1434 1524 1647 1580 civium
1681 1521 1836 1575 haud
1862 1519 2085 1591 paucis.

441 1618 506 1673 Hi
541 1616 805 1688 relegati,
838 1617 991 1671 bona
1036 1632 1240 1671 eorum
1274 1614 1589 1686 publicata.
1641 1611 1754 1666 Sed
1785 1614 1843 1665 et
1886 1612 2091 1663 contra

439 1706 889 1762 Constantinum
925 1721 1201 1775 magnum
1235 1704 1624 1759 domesticum
1659 1717 1750 1755 res
1783 1714 1941 1754 novae
1973 1697 2086 1752 Me-

437 1794 694 1851 sauactis
726 1798 976 1850 tentatae.
1001 1793 1219 1849 Iudicio
1243 1794 1391 1850 531
1426 1792 1503 1847 rei
1536 1786 2089 1855 delato,Michaelus

439 1884 684 1954 Gabras,
714 1883 1078 1939 Theodosius
1121 1883 1471 1937 Mesauictes
1504 1878 1793 1949 multique
1824 1876 1922 1932 alii
1958 1894 2089 1931 cen-

2271 1342 2511 1415 Ἐγὲνετο
2564 1340 2621 1397 δὲ
2670 1346 2803 1399 κατᾶ
2848 1349 3040 1400 τοῦτον
3096 1346 3186 1400 τὸν
3255 1347 3441 1421 καιρὸν
3506 1345 3706 1420 μελέτη
3765 1368 3858 1401 τυ-

2201 1429 2440 1506 ραννίδος
2470 1435 2603 1487 κατά
2632 1432 2726 1488 τοῦ
2763 1433 3053 1509 βασιλέως,
3088 1431 3327 1510 ἔξαρχον
3380 1430 3583 1510 ἔχουσα
3626 1435 3858 1511 Μιχαὴλ

2196 1519 2287 1573 τὸν
2350 1520 2644 1597 λεγόμενον
2696 1521 3087 1599 Κηρουλάριον
3149 1524 3240 1579 καὶ
3274 1526 3528 1596 Ἰωάννην
3587 1526 3677 1581 τὸν
3734 1531 3857 1581 Μα-

2198 1605 2570 1684 κρεμϐολίτγ,ν
2616 1612 2705 1667 καὶ
2760 1612 2963 1675 ἄλλους
3015 1613 3113 1669 οὐκ
3158 1612 3381 1691 ὀλίγους
3437 1618 3543 1669 τῶν
3589 1613 3859 1685 πολιτῶν,

2199 1699 2398 1758 οἳ,καὶ
2457 1697 2809 1775 δημευοὲντες
2868 1702 3253 1780 ἐξωρίσθησαν.
3289 1705 3391 1761 Καὶ
3450 1704 3605 1779 ἒτὲρα
3658 1702 3717 1759 δέ
3773 1725 3858 1767 τις

2199 1784 2543 1853 ἐπισῦστασις
2588 1789 2779 1866 γὲγονε
2826 1794 2961 1846 κατὰ
3010 1793 3416 1847 Κωνσταντίνου
3456 1798 3553 1848 τοῦ
3616 1791 3859 1868 μεγάλου

2202 1872 2527 1949 δομεστίκου
2613 1878 2665 1934 ἐν
2740 1882 3124 1943 Μεσανάκτοις·
3184 1884 3250 1951 ἧς
3308 1882 3638 1955 μηνυθείσης
3709 1882 3861 1956 αὐτῷ

439 1974 699 2028 turioues
729 1973 1018 2040 excascati,
1046 1972 1361 2043 Gregorius
1383 1976 1578 2025 autem
1604 1968 1886 2040 patricius
1911 1967 2086 2021 Taro-

2208 1966 2440 2038 Μιχαήλ
2503 1967 2595 2039 μὶν
2649 1969 2675 2023 ὁ
2725 1965 2934 2046 Γαϐρᾶς
2982 1971 3072 2025 καὶ
3124 1969 3411 2033 Θεοδόσιος
3458 1971 3863 2042 ὁΜεσανύκτης

435 2062 575 2129 nita,
611 2064 710 2134 qui
760 2069 964 2117 auctor
1015 2061 1291 2115 facinoris
1342 2060 1656 2128 ferebatur,
1707 2056 1891 2113 cruda
1937 2053 2089 2127 pelle

433 2152 596 2207 bovis
628 2157 815 2206 totum
849 2167 1061 2221 corpus
1087 2151 1480 2215 obductus,ut
1511 2147 1618 2202 soli
1643 2144 1875 2218 spiritui
1900 2144 2089 2199 exitus

429 2245 485 2295 et
537 2239 691 2296 oculi
748 2241 932 2311 aperti
991 2243 1209 2309 essent,
1271 2239 1342 2293 ad
1393 2236 1942 2309 orphanotrophum
1997 2236 2090 2289 est

431 2346 676 2385 111188118.

2198 2053 2287 2106 καὶ
2324 2052 2487 2109 ἄλλοι
2521 2055 2729 2112 πολλοὶ
2781 2064 2888 2113 τῶν
2938 2064 3286 2135 ταγματικῶν
3346 2059 3626 2135 ἀρχόντων
3685 2060 3860 2131 ἐκπη-

2200 2146 2413 2215 ροῦνται
2444 2146 2575 2207 τούς
2609 2145 2953 2225 ὀφθαλμοὺς,
2988 2149 3287 2224 Γρηγόριον
3340 2146 3397 2203 δὲ
3434 2150 3719 2223 πατρίκιον
3766 2150 3861 2204 τὸν

2198 2232 2509 2304 Ταρωνίτγ,ν
2542 2233 2793 2311 ἔξαρχον,
2836 2238 2910 2299 ὡς
2962 2236 3196 2313 ἐλέγετο,
3223 2239 3311 2293 καὶ
3362 2239 3712 2314 πρωτουργὸν
3758 2244 3861 2308 τῆς

2199 2320 2501 2384 συστάσεως
2533 2320 2660 2379 ὄντα
2698 2327 2825 2401 ὠμῇ
2864 2326 3035 2401 βύρσῃ
3074 2328 3200 2403 βοὸς
3233 2325 3322 2381 διά
3351 2328 3548 2390 παντὸς
3598 2332 3696 2381 τοῦ
3752 2328 3864 2381 σώ-

435 2438 603 2491 ματος
631 2414 873 2491 κολῦψας
901 2417 927 2470 ὁ
962 2421 1380 2489 Κωνσταντῖνος,
1412 2417 1497 2471 καὶ
1538 2416 1707 2489 μόνης
1736 2421 1833 2483 τῆς
1866 2412 2139 2474 ἀναπνοῆς
2175 2405 2355 2489 ἔξοδον
2391 2412 2543 2488 ἀφεὶς
2590 2416 2680 2469 καὶ
2711 2423 2812 2486 τῆς
2870 2413 3071 2490 ὅψεως,
3102 2418 3237 2493 πρὸς
3293 2417 3386 2472 τὸν
3446 2416 3861 2495 ὀρφανοτρόφον

435 2505 749 2563 ἀπέστειλε.

505 2619 671 2670 Anno
724 2615 930 2671 mundi
986 2616 1148 2683 6549,
1184 2615 1501 2671 indictione
1552 2630 1726 2677 nona,
1760 2626 1960 2666 mense
1989 2609 2088 2663 Se-

437 2705 709 2777 ptembri,
768 2704 1094 2760 Alusianus
1154 2704 1436 2775 patricius
1505 2710 1563 2759 et
1609 2697 2089 2770 Theodosiopolis

439 2796 766 2866 praefectus,
802 2794 1098 2849 secundus
1128 2795 1378 2848 Aaronis
1410 2791 1588 2857 ﬁlius,
1622 2791 1817 2845 subito
1849 2806 1916 2843 ex
1947 2787 2090 2842 urbe

440 2885 725 2955 profugus
758 2884 827 2938 ad
851 2882 1169 2937 Deleanum
1197 2900 1259 2937 se
1289 2880 1555 2937 contulit.
1577 2881 1722 2935 Cum
1756 2879 1910 2935 enim
1938 2878 2090 2945 inju-

439 2973 609 3029 stitiaz
642 2977 953 3027 accusatus
985 2976 1161 3036 esset,
1187 2972 1533 3042 priusquam
1566 2970 1635 3024 de
1668 2986 1847 3024 causa
1876 2982 2092 3037 cogno-

441 3066 724 3131 sceretur,
772 3062 1031 3115 Joannes
1065 3064 1136 3115 ab
1186 3078 1251 3115 eo
1301 3064 1569 3129 exegerat
1616 3058 1741 3112 auri
1788 3057 1970 3111 libras
2000 3056 2089 3119 50,

447 3151 861 3221 ademeratque
910 3150 1191 3220 praadium
1242 3150 1396 3219 quod
1449 3148 1689 3219 synodis
1741 3145 2091 3214 patrimonio

446 3241 503 3294 in
534 3241 853 3295 Gharsiano
886 3240 1155 3295 habebat.
1190 3241 1452 3308 Cumque
1483 3237 1688 3292 multis
1722 3237 1872 3306 apud
1905 3236 2090 3306 impe-

2272 2605 2633 2686 Σεπτεμϐρίῳ
2697 2609 2754 2666 δὲ
2819 2612 2976 2685 μηνὶ,
3038 2610 3375 2676 ἷνδικτιῶνος
3432 2615 3475 2677 θ’
3524 2617 3621 2667 τοῦ
3691 2624 3862 2690 ιςφμθ

2199 2692 2374 2764 ἔτους,
2428 2697 2776 2763 Ἀλουσιάνος
2824 2702 3109 2774 πατρίκιος
3162 2701 3252 2757 καὶ
3306 2703 3610 2778 στρατηγὸς
3671 2700 3871 2757 Θεοδο-

2201 2785 2560 2860 σιουπόλεως,
2610 2790 2637 2843 ὁ
2688 2794 2786 2845 τοῦ
2828 2792 3031 2866 Ἀαρὼι
3097 2789 3346 2867 δεύτερος
3395 2787 3711 2867 υίὸς,ἄςρνω
3762 2798 3867 2859 τῆς

2199 2875 2415 2939 πόλεως
2468 2875 2707 2953 ἀποδράς
2754 2884 2833 2951 τῷ
2879 2879 3125 2951 Δελεάνῳ
3178 2880 3552 2955 προσέρχεται
3594 2878 3646 2949 ἐξ
3686 2878 3867 2942 αἰτίας

2198 2966 2497 3036 τοια·3της“
2558 2968 2642 3022 Ἐν
2704 2967 3160 3023 Θεοδοσιουπόλει
3228 2968 3317 3023 καὶ
3384 2969 3488 3044 γὰρ
3542 2972 3864 3042 στρατηγῶν

2204 3055 2359 3117 οὗτος
2408 3056 2495 3110 καὶ
2556 3057 2629 3118 ὡς
2683 3055 2865 3120 ἄδικος
2924 3058 3314 3133 κατηγορηθεί,
3362 3058 3488 3133 πρὶν
3536 3059 3570 3127 ἢ
3629 3057 3864 3126 ἐξετάσει

2204 3141 2427 3213 δοθῆναι
2456 3145 2521 3199 τὰ
2563 3153 2679 3200 κατ’
2709 3147 2875 3201 αὐτοῦ
2933 3146 3229 3222 λεγόμενα,
3262 3148 3519 3221 ἀπῃτήθη
3565 3146 3709 3221 παρά
3762 3150 3865 3199 τοῦ

2207 3232 2459 3289 Ἰωάννου
2535 3235 2769 3309 χρυσίου
2840 3236 3028 3310 λίτρας
3085 3238 3148 3304 ν’,
3209 3236 3597 3313 προσαφῃρέθη
3660 3231 3715 3288 δὲ
3770 3235 3865 3289 καὶ

447 3336 699 3384 ratorem
733 3329 1006 3400 precibus
1038 3345 1148 3382 non
1182 3328 1533 3382 obtinuisset
1563 3332 1627 3381 ut
1657 3328 1745 3380 sui
1782 3326 2093 3379 haberetur

2208 3329 2507 3396 γυναικεῖον
2564 3326 2796 3399 χωρίον,
2866 3324 2997 3401 ὅπερ
3077 3326 3220 3400 εἶχεν
3299 3323 3351 3378 ἐν
3425 3329 3507 3396 τῷ
3571 3326 3865 3399 Χαρσιανῷ

449 3417 951 3488 ratio,desperatis
970 3416 1092 3471 suis
1116 3417 1288 3470 rebus
1310 3415 1583 3470 Armenio
1608 3414 1805 3468 habitu
1832 3419 2091 3484 sumpto,

446 3506 850 3577 simulansque
882 3523 943 3561 se
978 3506 1173 3559 Basilii
1195 3506 1631 3559 Theodorocani
1660 3503 1943 3557 famulum
1969 3520 2096 3557 esse

446 3603 625 3666 atque
681 3595 1153 3649 Thessalonicam
1216 3595 1285 3648 ad
1339 3595 1746 3664 imperatorem
1806 3593 1910 3658 ire,
1946 3590 2096 3645 clam

447 3686 723 3739 omnibus
751 3685 997 3755 aufugit,
1040 3684 1475 3753 Ostrobumque
1524 3683 1803 3753 pervenit,
1838 3682 1934 3735 ubi
1970 3688 2095 3734 tum

447 3790 578 3829 cum
609 3773 766 3828 omni
799 3774 1053 3828 exercitu
1072 3777 1264 3826 castra
1284 3771 1569 3827 Deleanus
1592 3771 1861 3825 habebat.
1888 3770 2099 3840 Magna

452 3866 605 3919 hunc
635 3879 768 3917 cum
803 3860 1005 3916 laetitia
1034 3861 1255 3932 accepit
1278 3860 1588 3928 Deleanus,
1622 3865 1890 3914 metuens
1923 3875 1993 3913 ne
2023 3859 2096 3913 ad

446 3952 641 4023 ipsum
675 3950 871 4023 potius
896 3950 1247 4004 inclinarent
1273 3948 1508 4018 Bulgari
1535 3954 1599 4002 ut
1626 3950 1785 4019 regio
1812 3948 2099 4019 sanguine

449 4047 651 4096 natum
686 4057 699 4096 :
734 4041 889 4096 532
912 4044 1267 4106 consortem,
1288 4044 1353 4092 ut
1374 4055 1489 4109 prae
1513 4053 1575 4092 se
1598 4038 1836 4102 ferebat,
1866 4035 2099 4107 imperii

447 4129 672 4198 ascivit,
705 4144 772 4182 ac
812 4144 945 4181 cum
998 4127 1251 4182 exercitu
1303 4125 1694 4197 quadraginta
1748 4123 1992 4178 millium
2024 4124 2097 4178 ad

448 4216 907 4289 oppugnandam
938 4214 1409 4271 Thessalonicam
1444 4215 1626 4278 misit,
1650 4214 1744 4268 cui
1778 4218 1920 4267 tunc
1950 4229 2096 4282 prae-

451 4311 575 4360 erat
603 4305 1023 4359 Constantinus
1050 4303 1356 4375 patricius,
1390 4302 1669 4374 patruelis
1701 4301 2095 4373 imperatoris.

455 4395 532 4448 Eo
561 4394 857 4464 profectus
890 4392 1211 4446 Alusianus
1245 4392 1447 4446 urbem
1479 4390 1633 4446 vallo
1658 4390 1858 4462 cingit,
1884 4405 1949 4444 ac
1972 4406 2094 4444 ma-

454 4481 645 4537 chinis
663 4481 914 4536 admotis
932 4497 1165 4536 summa
1188 4480 1475 4534 industria
1488 4486 1809 4551 oppugnat.
1827 4478 1941 4534 Sed
1962 4495 2096 4532 cum

456 4588 559 4643 per
588 4587 689 4626 sex
719 4569 844 4626 dies
874 4569 1092 4624 frustra
1142 4572 1561 4639 oppugnasset,
1614 4567 1871 4638 undique
1902 4566 2097 4636 repul-

453 4676 576 4726 sus,
593 4676 695 4730 spe
726 4658 1127 4729 expugnandae
1149 4658 1397 4727 abiecta,
1413 4656 1717 4711 obsidione
1737 4673 1865 4710 eam
1890 4672 2095 4727 capere

2204 3411 2521 3470 κάλλιστον.
2576 3415 2796 3483 Δεηθεῖς
2856 3412 2913 3469 δὲ
2968 3414 3092 3490 περὶ
3167 3413 3363 3468 τούτου
3434 3417 3529 3467 τοῦ
3592 3411 3867 3487 βασιλὲως

2205 3500 2391 3556 πολλά
2458 3504 2545 3557 καὶ
2611 3505 2685 3575 μὴ
2750 3503 2937 3577 τυχὼν
2999 3503 3353 3577 ἐπιστροφῆς,
3404 3506 3668 3563 πάντοθεν
3729 3501 3870 3555 ἀπο-

2204 3591 2390 3665 γνοὺς,
2424 3590 2624 3659 στολήν
2668 3588 2851 3648 λαϐὼν
2883 3593 3180 3667 Ἀρμενίων
3239 3594 3326 3646 καὶ
3382 3591 3457 3655 ὠς
3502 3590 3645 3665 τάχα
3695 3588 3857 3665 θερά-

2206 3702 2323 3733 πων
2356 3686 2451 3735 τοῦ
2494 3679 2911 3756 Θεοδωροκάνου
2959 3679 3248 3737 Βασιλείου
3297 3680 3348 3741 ἐς
3396 3682 3488 3735 τὸν
3540 3681 3767 3755 βασιλέα
3807 3678 3866 3742 ἐς

2208 3768 2605 3840 Θεσσαλονίκην
2655 3770 2852 3839 ἀπιὼν,
2900 3769 3080 3833 λαθὼν
3139 3772 3377 3830 ἅπαντας
3439 3766 3603 3847 ἔφυγε
3658 3767 3747 3823 καί
3806 3767 3863 3822 ἐν

2205 3854 2487 3933 Ὀστροϐῷ
2534 3856 2874 3928 διασώζεται,
2940 3862 3021 3931 [Ρ.
3072 3862 3200 3931 748]
3253 3857 3423 3913 ἐκεῖσε
3478 3855 3705 3912 πανσυδὶ
3761 3861 3864 3912 τοῦ

2208 3946 2468 4001 Δελεάνου
2544 3944 3103 4020 ἐστρατοπεδευμένου
3177 3947 3577 4021 τυγχάνοντος.
3651 3948 3862 4002 Τοῦτον

2208 4041 2525 4110 περιχαρῶς
2583 4034 2872 4109 δεξάμενος
2914 4037 2941 4090 ὁ
2990 4035 3250 4098 Δελεάνος
3296 4032 3573 4109 (ἐδεδοίκει
3629 4034 3733 4108 γὰρ
3783 4036 3862 4106 μή

2206 4145 2322 4184 πως
2357 4130 2724 4199 προστεθῶσιν
2758 4124 2904 4196 αὖτῷ
2937 4123 3150 4197 μᾶλλον
3184 4125 3235 4179 οἱ
3289 4122 3601 4199 Βούλγαροι
3653 4123 3725 4184 ὡς
3784 4122 3865 4184 εἰς

2208 4212 2488 4287 βασιλικὸν
2540 4216 2677 4285 αἷμα
2727 4215 2825 4283 τήν
2885 4213 3155 4291 ἀναφοράν
3213 4210 3417 4289 ἔχοντι)
3449 4212 3538 4267 καὶ
3585 4212 3857 4268 κοινωνὸν

2206 4302 2281 4364 ὡς
2309 4299 2481 4357 ἐδόκει
2525 4309 2623 4371 τῆς
2672 4302 2948 4376 βασιλείας
2997 4302 3378 4380 παρειληφὼς,
3405 4303 3655 4378 στρατιάν
3711 4299 3867 4372 αὗτῷ

2208 4387 2399 4444 δίδωσι
2472 4388 2734 4465 χιλιάδας
2793 4392 3210 4468 τεσσαράκοντα,
3276 4389 3529 4454 ἀπελθεῖν
3605 4386 3870 4452 κελεύσας

2204 4480 2294 4533 καὶ
2334 4478 2760 4555 ἐκπολιορκῆσαι
2801 4479 3195 4551 Θεσσαλονίκην
3224 4498 3236 4511 ·
3292 4481 3443 4554 ἦρχε
3493 4476 3551 4533 δὲ
3596 4478 3711 4533 τόεε
3760 4485 3871 4547 τῆς

2205 4564 2421 4629 πόλεως
2522 4565 2924 4638 Θεσσαλονίκης
3000 4569 3027 4623 ὁ
3105 4572 3203 4623 τοῦ
3296 4566 3563 4642 βασιλέως
3650 4566 3877 4639 ἀνεψιὸς

2211 4657 2619 4718 Κωνσταντῖνος
2676 4657 2978 4732 πατρίκιος.
3028 4659 3127 4719 Ὃς
3179 4654 3441 4721 ἀπελθὼλ
3509 4656 3599 4710 καὶ
3660 4656 3874 4732 τάφρον

454 4720 679 4805 statuit.
714 4720 1001 4818 Oppidani
1035 4720 1291 4816 quadam
1326 4720 1419 4799 die
1441 4745 1512 4799 ad
1540 4743 1921 4815 sepulchrum
1952 4720 2094 4798 mar-

2210 4740 2648 4819 περιϐαλόμενος
2720 4720 2999 4817 ἐπιμελῶς
3070 4743 3253 4819 εἴχετο
3338 4720 3440 4815 τῆς
3513 4720 3871 4817 πολιορκίας.

454 4837 597 4909 tyris
637 4836 915 4892 Demetrii
967 4838 1362 4901 accesserunt,
1408 4833 1953 4905 supplicationeque
1999 4849 2102 4904 per

453 4933 636 4984 totam
672 4932 900 4983 noctem
934 4929 1140 4993 tracta,
1177 4925 1387 4996 usique
1422 4930 1717 4997 unguento
1753 4926 1904 4995 quod
1938 4941 2004 4979 ex
2034 4940 2101 4980 eo

455 5018 768 5089 sepulchro
816 5015 1083 5080 scaturit,
1117 5031 1232 5069 uno
1284 5012 1502 5083 impetu
1556 5015 1773 5083 apertis
1822 5014 2004 5083 portis
2044 5014 2102 5067 in

456 5108 738 5178 Bulgaros
770 5123 831 5160 se
876 5103 1218 5169 emiserunt,
1270 5103 1554 5158 habentes
1586 5119 1781 5157 secum
1814 5103 2101 5173 legionem

452 5195 995 5268 Magnanimorum;
1024 5193 1372 5262 hostemque
1394 5191 2104 5263 improvisaimpressione

457 5284 828 5357 perterritum
848 5283 905 5337 in
937 5284 1133 5353 fugam
1156 5282 1548 5351 conjecerunt,
1574 5280 1808 5335 nemine
1826 5281 2105 5335 subsiste-

457 5392 515 5430 re
550 5380 650 5429 aut
702 5389 763 5429 se
822 5371 1129 5428 defendere
1187 5387 1354 5426 auso.
1380 5370 1598 5424 Ductor
1659 5370 1929 5424 Romanae
1959 5369 2099 5425 aciei

456 5463 567 5517 fuit
616 5466 856 5533 martyr,
907 5462 1132 5530 iterque
1181 5459 1613 5530 complanavit;
1665 5460 1822 5529 quod
1869 5459 2102 5530 Bulgari

455 5550 668 5623 captivi
691 5551 1027 5621 juramento
1051 5548 1495 5614 confirmarunt,
1519 5548 1778 5603 dicentes
1800 5548 2019 5603 vidisse
2042 5564 2102 5603 se

454 5643 725 5715 juvenem
743 5640 1021 5711 equitem,
1046 5638 1146 5710 qui
1170 5638 1441 5693 Romanae
1466 5636 1740 5710 phalangi
1767 5638 2014 5709 praeiret,
2034 5654 2103 5693 ex

455 5747 571 5809 quo
603 5728 756 5805 ignis
778 5727 1054 5787 exsiliens
1075 5727 1349 5785 adversos
1380 5731 1663 5784 cremarat
1693 5727 1914 5784 hostes.
1940 5727 2101 5784 Ceci-

2216 4834 2336 4888 Ἐπὶ
2392 4833 2446 4904 ’ἐξ
2511 4832 2568 4889 δὲ
2637 4836 2847 4909 ἡμέρας
2911 4835 3419 4911 ἀποπειρασάμενος
3485 4840 3585 4902 τῆς
3649 4833 3874 4895 πόλεως

2213 4922 2499 4978 ἑλεπόλεσι
2548 4923 2638 4978 καὶ
2693 4929 2969 4998 μηχαναῖς
3018 4924 3105 4978 καὶ
3168 4924 3427 4977 ἰςάντοθεν
3477 4920 3875 4997 ἀποκρουσθεὶς

2212 5012 2299 5067 καὶ
2347 5018 2465 5074 τοῖς
2513 5019 2673 5067 πᾶσιν
2747 5013 3060 5088 ἀπειρηκὼς
3121 5009 3209 5066 διὰ
3273 5008 3623 5086 προσεδρείας
3689 5007 3871 5064 ἐδόκει

2216 5101 2399 5155 ἀνύσαι
2434 5102 2496 5156 τὸ
2556 5099 3013 5174 σπουδαζόμενον.
3065 5103 3180 5171 Μιᾷ
3238 5098 3295 5155 δὲ
3350 5105 3455 5154 τῶν
3516 5102 3737 5174 ἡμερῶν
3788 5102 3876 5169 τῷ

2210 5192 2365 5267 τάφῳ
2394 5194 2490 5244 τοῦ
2521 5190 2762 5265 μεγάλου
2798 5191 3073 5265 μάρτυρος
3103 5188 3421 5263 Δημητρίου
3471 5185 3875 5261 προσελθόντες

2213 5281 2266 5333 οἱ
2298 5279 2614 5354 ἐπιχώριοι,
2639 5279 2729 5333 καὶ
2769 5280 3044 5353 πάννυχον
3102 5275 3505 5338 ἐπιτελέσαντες
3547 5273 3730 5346 δέησιν
3777 5276 3877 5329 καὶ

2210 5372 2290 5440 τῷ
2321 5367 2477 5443 μόρῳ
2501 5373 2582 5440 τῷ
2627 5366 2687 5422 ἐκ
2729 5371 2824 5421 τοῦ
2869 5366 3014 5431 θείου
3060 5367 3231 5444 τάφου
3281 5365 3535 5440 βλύζοντι
3587 5361 3883 5442 χρησάμε-

2210 5458 2422 5523 νοι,ὡς
2481 5457 2540 5511 ἐκ
2604 5460 2733 5530 μιᾶς
2779 5457 2959 5532 ὁρμῆς
3043 5454 3462 5515 ἀναπετάσαντες
3531 5454 3628 5515 τὰς
3691 5450 3883 5516 πύλας

2213 5544 2523 5623 ἐξέρχονται
2587 5546 2722 5600 κατά
2786 5549 2893 5600 τῶν
2954 5545 3308 5621 Βουλγάρων.
3379 5550 3551 5613 Συνῆν
3626 5538 3683 5596 δὲ
3753 5546 3882 5607 τοῖς

2212 5634 2659 5691 Θεσσαλονικεῦσι
2702 5635 2765 5690 τὸ
2822 5636 3006 5711 τάγμα
3077 5639 3185 5689 τῶν
3264 5632 3630 5708 Μεγαθύμων.
3688 5628 3878 5704 Ἐξελ-

2212 5724 2394 5794 θόντες
2464 5723 2524 5781 δὲ
2596 5725 2685 5782 καὶ
2761 5728 2839 5801 τῷ
2912 5721 3312 5804 ἀπροσδοκήτῳ
3384 5719 3876 5798 καταπληξάμενοι
