  <div class='ocr_page' id='page_1' title='image "/cluster/home/n/w/nwhite01/storage/ocr_20150623/122/hvd.32044073502452/140.png"; bbox 0 0 4070 6334; ppageno 0'>
   <div class='ocr_carea' id='block_1_1' title="bbox 160 390 275 449">
    <p class='ocr_par' dir='ltr' id='par_1_1' title="bbox 160 390 275 449">
     <span class='ocr_line' id='line_1_1' title="bbox 160 390 275 449; baseline 0 -1"><span class='ocrx_word' id='word_1_1' title='bbox 160 390 275 449; x_wconf 73' lang='grc'>265</span> 
     </span>
    </p>
   </div>
   <div class='ocr_carea' id='block_1_2' title="bbox 1295 380 2435 445">
    <p class='ocr_par' dir='ltr' id='par_1_2' title="bbox 1295 380 2435 445">
     <span class='ocr_line' id='line_1_2' title="bbox 1295 380 2435 445; baseline 0.005 -6"><span class='ocrx_word' id='word_1_2' title='bbox 1295 380 1839 441; x_wconf 77' lang='lat' dir='ltr'>HISTORIABUM</span> <span class='ocrx_word' id='word_1_3' title='bbox 1884 380 2435 445; x_wconf 70' lang='lat' dir='ltr'>COMPENDIUM.</span> 
     </span>
    </p>
   </div>
   <div class='ocr_carea' id='block_1_3' title="bbox 3463 389 3583 448">
    <p class='ocr_par' dir='ltr' id='par_1_3' title="bbox 3463 389 3583 448">
     <span class='ocr_line' id='line_1_3' title="bbox 3463 389 3583 448; baseline 0 0"><span class='ocrx_word' id='word_1_4' title='bbox 3463 389 3583 448; x_wconf 78' lang='lat'>266</span> 
     </span>
    </p>
   </div>
   <div class='ocr_carea' id='block_1_4' title="bbox 159 510 1822 595">
    <p class='ocr_par' dir='ltr' id='par_1_4' title="bbox 159 510 1806 591">
     <span class='ocr_line' id='line_1_4' title="bbox 159 510 1806 591; baseline -0.005 -17"><span class='ocrx_word' id='word_1_5' title='bbox 159 522 410 583; x_wconf 73' lang='grc' dir='ltr'>τρέπουσι</span> <span class='ocrx_word' id='word_1_6' title='bbox 440 518 567 579; x_wconf 72' lang='grc' dir='ltr'>τοὺς</span> <span class='ocrx_word' id='word_1_7' title='bbox 596 514 944 591; x_wconf 86' lang='grc' dir='ltr'>Βουλγάρους</span> <span class='ocrx_word' id='word_1_8' title='bbox 981 511 1111 589; x_wconf 86' lang='grc' dir='ltr'>μηδ’</span> <span class='ocrx_word' id='word_1_9' title='bbox 1150 512 1301 574; x_wconf 82' lang='grc' dir='ltr'>’ὁλως</span> <span class='ocrx_word' id='word_1_10' title='bbox 1347 513 1484 589; x_wconf 84' lang='grc' dir='ltr'>πρὸς</span> <span class='ocrx_word' id='word_1_11' title='bbox 1535 510 1740 584; x_wconf 75' lang='grc' dir='ltr'>ἄμυναν</span> <span class='ocrx_word' id='word_1_12' title='bbox 1769 510 1806 580; x_wconf 75' lang='grc' dir='ltr'>ἢ</span> 
     </span>
    </p>
   </div>
   <div class='ocr_carea' id='block_1_5' title="bbox 1935 510 3587 595">
    <p class='ocr_par' dir='ltr' id='par_1_5' title="bbox 1935 513 3587 595">
     <span class='ocr_line' id='line_1_5' title="bbox 1935 513 3587 595; baseline 0.006 -26"><span class='ocrx_word' id='word_1_13' title='bbox 1935 513 2060 569; x_wconf 73' lang='lat' dir='ltr'><strong>iere</strong></span> <span class='ocrx_word' id='word_1_14' title='bbox 2108 514 2365 587; x_wconf 75' lang='lat' dir='ltr'>amplius</span> <span class='ocrx_word' id='word_1_15' title='bbox 2415 518 2505 583; x_wconf 83' lang='grc'>15,</span> <span class='ocrx_word' id='word_1_16' title='bbox 2535 518 2797 575; x_wconf 84' lang='lat' dir='ltr'>millibus</span> <span class='ocrx_word' id='word_1_17' title='bbox 2846 520 3261 595; x_wconf 88' lang='lat' dir='ltr'><strong>Bulgarorum,</strong></span> <span class='ocrx_word' id='word_1_18' title='bbox 3309 522 3587 594; x_wconf 88' lang='lat' dir='ltr'><strong>captique</strong></span> 
     </span>
    </p>
   </div>
   <div class='ocr_carea' id='block_1_6' title="bbox 162 602 1810 682">
    <p class='ocr_par' dir='ltr' id='par_1_6' title="bbox 162 602 1810 682">
     <span class='ocr_line' id='line_1_6' title="bbox 162 602 1810 682; baseline -0.005 -19"><span class='ocrx_word' id='word_1_19' title='bbox 162 607 334 677; x_wconf 67' lang='grc' dir='ltr'>ἀλκήν</span> <span class='ocrx_word' id='word_1_20' title='bbox 396 610 588 677; x_wconf 68' lang='grc' dir='ltr'>στῆναι</span> <span class='ocrx_word' id='word_1_21' title='bbox 644 605 1037 682; x_wconf 75' lang='grc' dir='ltr'>βουληθὶντας,</span> <span class='ocrx_word' id='word_1_22' title='bbox 1090 607 1189 659; x_wconf 86' lang='lat'>106</span> <span class='ocrx_word' id='word_1_23' title='bbox 1250 602 1531 677; x_wconf 83' lang='grc' dir='ltr'>μάρτυρος</span> <span class='ocrx_word' id='word_1_24' title='bbox 1560 621 1810 677; x_wconf 69' lang='grc' dir='ltr'>προηγη-</span> 
     </span>
    </p>
   </div>
   <div class='ocr_carea' id='block_1_7' title="bbox 162 689 1813 770">
    <p class='ocr_par' dir='ltr' id='par_1_7' title="bbox 162 689 1813 770">
     <span class='ocr_line' id='line_1_7' title="bbox 162 689 1813 770; baseline -0.005 -18"><span class='ocrx_word' id='word_1_25' title='bbox 162 697 392 770; x_wconf 74' lang='grc' dir='ltr'>σαμένου</span> <span class='ocrx_word' id='word_1_26' title='bbox 440 703 540 765; x_wconf 85' lang='grc' dir='ltr'>τῆς</span> <span class='ocrx_word' id='word_1_27' title='bbox 600 695 923 767; x_wconf 83' lang='grc' dir='ltr'>Ῥωμαϊκῆς</span> <span class='ocrx_word' id='word_1_28' title='bbox 988 696 1238 763; x_wconf 82' lang='grc' dir='ltr'>στρατιᾶς</span> <span class='ocrx_word' id='word_1_29' title='bbox 1286 689 1375 744; x_wconf 83' lang='grc' dir='ltr'>καὶ</span> <span class='ocrx_word' id='word_1_30' title='bbox 1430 689 1529 758; x_wconf 89' lang='grc' dir='ltr'>τήν</span> <span class='ocrx_word' id='word_1_31' title='bbox 1589 690 1813 763; x_wconf 77' lang='grc' dir='ltr'>πορείαν</span> 
     </span>
    </p>
   </div>
   <div class='ocr_carea' id='block_1_8' title="bbox 1927 602 3585 682">
    <p class='ocr_par' dir='ltr' id='par_1_8' title="bbox 1927 602 3585 682">
     <span class='ocr_line' id='line_1_8' title="bbox 1927 602 3585 682; baseline 0.006 -26"><span class='ocrx_word' id='word_1_32' title='bbox 1927 602 2080 657; x_wconf 80' lang='lat' dir='ltr'><strong>baud</strong></span> <span class='ocrx_word' id='word_1_33' title='bbox 2118 606 2456 675; x_wconf 79' lang='lat' dir='ltr'>pauciores;</span> <span class='ocrx_word' id='word_1_34' title='bbox 2490 606 2700 679; x_wconf 83' lang='lat' dir='ltr'><strong>reliqui</strong></span> <span class='ocrx_word' id='word_1_35' title='bbox 2736 610 3083 682; x_wconf 87' lang='lat' dir='ltr'><strong>turpissima</strong></span> <span class='ocrx_word' id='word_1_36' title='bbox 3116 614 3253 682; x_wconf 78' lang='lat' dir='ltr'><strong>fuga</strong></span> <span class='ocrx_word' id='word_1_37' title='bbox 3282 627 3417 667; x_wconf 90' lang='lat' dir='ltr'>cum</span> <span class='ocrx_word' id='word_1_38' title='bbox 3448 610 3585 666; x_wconf 80' lang='lat' dir='ltr'><strong>Alu-</strong></span> 
     </span>
    </p>
   </div>
   <div class='ocr_carea' id='block_1_9' title="bbox 1925 690 2899 752">
    <p class='ocr_par' dir='ltr' id='par_1_9' title="bbox 1925 690 2899 752">
     <span class='ocr_line' id='line_1_9' title="bbox 1925 690 2899 752; baseline 0.007 -7"><span class='ocrx_word' id='word_1_39' title='bbox 1925 690 2095 747; x_wconf 87' lang='lat' dir='ltr'><strong>siano</strong></span> <span class='ocrx_word' id='word_1_40' title='bbox 2125 693 2195 747; x_wconf 87' lang='lat' dir='ltr'>ad</span> <span class='ocrx_word' id='word_1_41' title='bbox 2225 692 2547 750; x_wconf 88' lang='lat' dir='ltr'><strong>Deleanum</strong></span> <span class='ocrx_word' id='word_1_42' title='bbox 2573 704 2899 752; x_wconf 88' lang='lat' dir='ltr'><strong>evaserunt.</strong></span> 
     </span>
    </p>
   </div>
   <div class='ocr_carea' id='block_1_10' title="bbox 166 773 3580 865">
    <p class='ocr_par' dir='ltr' id='par_1_10' title="bbox 166 773 3580 865">
     <span class='ocr_line' id='line_1_10' title="bbox 166 773 3580 865; baseline 0 -24"><span class='ocrx_word' id='word_1_43' title='bbox 166 785 663 862; x_wconf 71' lang='grc' dir='ltr'>προομαλίζοντος,</span> <span class='ocrx_word' id='word_1_44' title='bbox 694 783 871 843; x_wconf 76' lang='grc' dir='ltr'>καθὼς</span> <span class='ocrx_word' id='word_1_45' title='bbox 903 780 1196 854; x_wconf 67' lang='grc' dir='ltr'>ἰνωμότως</span> <span class='ocrx_word' id='word_1_46' title='bbox 1225 773 1563 834; x_wconf 73' lang='grc' dir='ltr'>διεϐεϐαίουν</span> <span class='ocrx_word' id='word_1_47' title='bbox 1597 779 1648 833; x_wconf 70' lang='grc' dir='ltr'>οἱ</span> <span class='ocrx_word' id='word_1_48' title='bbox 1679 777 2218 853; x_wconf 75' lang='grc' dir='ltr'>αἰχμαλωτισθέντες</span> <span class='ocrx_word' id='word_1_49' title='bbox 2252 779 2585 857; x_wconf 77' lang='grc' dir='ltr'>Βούλγαροι,</span> <span class='ocrx_word' id='word_1_50' title='bbox 2621 783 2868 859; x_wconf 65' lang='grc' dir='ltr'>λέγοντες</span> <span class='ocrx_word' id='word_1_51' title='bbox 2906 787 3115 841; x_wconf 89' lang='grc' dir='ltr'>νεανίαν</span> <span class='ocrx_word' id='word_1_52' title='bbox 3163 784 3395 865; x_wconf 73' lang='grc' dir='ltr'>ἔφιππον</span> <span class='ocrx_word' id='word_1_53' title='bbox 3449 789 3580 859; x_wconf 82' lang='grc' dir='ltr'>ὁρᾷν</span> 
     </span>
    </p>
   </div>
   <div class='ocr_carea' id='block_1_11' title="bbox 172 865 3586 952">
    <p class='ocr_par' dir='ltr' id='par_1_11' title="bbox 172 865 3586 952">
     <span class='ocr_line' id='line_1_11' title="bbox 172 865 3586 952; baseline 0.001 -26"><span class='ocrx_word' id='word_1_54' title='bbox 172 874 592 952; x_wconf 74' lang='grc' dir='ltr'>προηγούμενον</span> <span class='ocrx_word' id='word_1_55' title='bbox 617 879 720 943; x_wconf 84' lang='grc' dir='ltr'>τῆς</span> <span class='ocrx_word' id='word_1_56' title='bbox 749 873 1066 945; x_wconf 73' lang='grc' dir='ltr'>Ῥωμαικῆς</span> <span class='ocrx_word' id='word_1_57' title='bbox 1094 868 1393 948; x_wconf 76' lang='grc' dir='ltr'>φάλαγγος,</span> <span class='ocrx_word' id='word_1_58' title='bbox 1425 866 1477 938; x_wconf 68' lang='grc' dir='ltr'>ἐξ</span> <span class='ocrx_word' id='word_1_59' title='bbox 1509 865 1570 920; x_wconf 80' lang='lat'>06</span> <span class='ocrx_word' id='word_1_60' title='bbox 1600 872 1706 941; x_wconf 75' lang='grc' dir='ltr'>πῦρ</span> <span class='ocrx_word' id='word_1_61' title='bbox 1739 866 2103 941; x_wconf 66' lang='grc' dir='ltr'>ἐξαλλόμενον</span> <span class='ocrx_word' id='word_1_62' title='bbox 2138 868 2433 943; x_wconf 71' lang='grc' dir='ltr'>ἰπυρπόλει</span> <span class='ocrx_word' id='word_1_63' title='bbox 2489 871 2617 937; x_wconf 81' lang='grc' dir='ltr'>τοὺς</span> <span class='ocrx_word' id='word_1_64' title='bbox 2645 871 2934 937; x_wconf 77' lang='grc' dir='ltr'>ἐναντίους.</span> <span class='ocrx_word' id='word_1_65' title='bbox 2984 878 3215 933; x_wconf 85' lang='grc' dir='ltr'>’Έπεσον</span> <span class='ocrx_word' id='word_1_66' title='bbox 3266 877 3357 933; x_wconf 82' lang='grc' dir='ltr'>οὗν</span> <span class='ocrx_word' id='word_1_67' title='bbox 3409 876 3586 933; x_wconf 80' lang='grc' dir='ltr'>πλείω</span> 
     </span>
    </p>
   </div>
   <div class='ocr_carea' id='block_1_12' title="bbox 170 954 3583 1038">
    <p class='ocr_par' dir='ltr' id='par_1_12' title="bbox 170 954 3583 1038">
     <span class='ocr_line' id='line_1_12' title="bbox 170 954 3583 1038; baseline -0 -19"><span class='ocrx_word' id='word_1_68' title='bbox 170 969 276 1019; x_wconf 79' lang='grc' dir='ltr'>τῶν</span> <span class='ocrx_word' id='word_1_69' title='bbox 310 970 371 1019; x_wconf 85' lang='grc' dir='ltr'>ιε’</span> <span class='ocrx_word' id='word_1_70' title='bbox 399 958 673 1038; x_wconf 79' lang='grc' dir='ltr'>χιλιάδων</span> <span class='ocrx_word' id='word_1_71' title='bbox 701 957 1031 1032; x_wconf 73' lang='grc' dir='ltr'>δοριάλωτοι</span> <span class='ocrx_word' id='word_1_72' title='bbox 1065 954 1122 1012; x_wconf 70' lang='grc' dir='ltr'>δὲ</span> <span class='ocrx_word' id='word_1_73' title='bbox 1152 955 1468 1035; x_wconf 74' lang='grc' dir='ltr'>ἐλήφθησαν</span> <span class='ocrx_word' id='word_1_74' title='bbox 1497 955 1597 1011; x_wconf 72' lang='grc' dir='ltr'>οὐκ</span> <span class='ocrx_word' id='word_1_75' title='bbox 1622 954 1883 1019; x_wconf 78' lang='grc' dir='ltr'>ἐλάττους</span> <span class='ocrx_word' id='word_1_76' title='bbox 1912 955 2146 1013; x_wconf 79' lang='grc' dir='ltr'>τούτων.</span> <span class='ocrx_word' id='word_1_77' title='bbox 2180 957 2249 1015; x_wconf 80' lang='lat' dir='ltr'><strong>Ol.</strong></span> <span class='ocrx_word' id='word_1_78' title='bbox 2280 954 2338 1013; x_wconf 72' lang='grc' dir='ltr'>δὲ</span> <span class='ocrx_word' id='word_1_79' title='bbox 2369 956 2553 1015; x_wconf 81' lang='grc' dir='ltr'>λοιποὶ</span> <span class='ocrx_word' id='word_1_80' title='bbox 2589 959 2888 1037; x_wconf 74' lang='grc' dir='ltr'>αἶ’σχίστως</span> <span class='ocrx_word' id='word_1_81' title='bbox 2906 961 2997 1017; x_wconf 76' lang='grc' dir='ltr'>σὺν</span> <span class='ocrx_word' id='word_1_82' title='bbox 3024 968 3104 1036; x_wconf 79' lang='grc' dir='ltr'>τῷ</span> <span class='ocrx_word' id='word_1_83' title='bbox 3134 963 3476 1037; x_wconf 82' lang='grc' dir='ltr'>Ἀλουσιάνῳ</span> <span class='ocrx_word' id='word_1_84' title='bbox 3505 965 3583 1026; x_wconf 85' lang='grc' dir='ltr'>εἰς</span> 
     </span>
    </p>
   </div>
   <div class='ocr_carea' id='block_1_13' title="bbox 168 1046 967 1117">
    <p class='ocr_par' dir='ltr' id='par_1_13' title="bbox 168 1046 967 1117">
     <span class='ocr_line' id='line_1_13' title="bbox 168 1046 967 1117; baseline -0.004 -9"><span class='ocrx_word' id='word_1_85' title='bbox 168 1054 255 1108; x_wconf 76' lang='grc' dir='ltr'>τὸν</span> <span class='ocrx_word' id='word_1_86' title='bbox 289 1050 549 1107; x_wconf 80' lang='grc' dir='ltr'>Δελεάνον</span> <span class='ocrx_word' id='word_1_87' title='bbox 584 1046 967 1117; x_wconf 79' lang='grc' dir='ltr'>διασώζονται.</span> 
     </span>
    </p>
   </div>
   <div class='ocr_carea' id='block_1_14' title="bbox 230 1150 1816 1231">
    <p class='ocr_par' dir='ltr' id='par_1_14' title="bbox 230 1150 1816 1231">
     <span class='ocr_line' id='line_1_14' title="bbox 230 1150 1816 1231; baseline -0.005 -18"><span class='ocrx_word' id='word_1_88' title='bbox 230 1157 421 1231; x_wconf 75' lang='grc' dir='ltr'>Τούτῳ</span> <span class='ocrx_word' id='word_1_89' title='bbox 449 1160 528 1228; x_wconf 78' lang='grc' dir='ltr'>τῷ</span> <span class='ocrx_word' id='word_1_90' title='bbox 557 1151 686 1223; x_wconf 78' lang='grc' dir='ltr'>ἔτει,</span> <span class='ocrx_word' id='word_1_91' title='bbox 718 1153 1035 1226; x_wconf 72' lang='grc' dir='ltr'>ἐπινεμήσει</span> <span class='ocrx_word' id='word_1_92' title='bbox 1069 1154 1134 1223; x_wconf 79' lang='grc' dir='ltr'>θ’,</span> <span class='ocrx_word' id='word_1_93' title='bbox 1169 1151 1401 1207; x_wconf 75' lang='grc' dir='ltr'>Ἰουνίου</span> <span class='ocrx_word' id='word_1_94' title='bbox 1433 1152 1484 1223; x_wconf 85' lang='grc' dir='ltr'>ι’,</span> <span class='ocrx_word' id='word_1_95' title='bbox 1512 1150 1635 1227; x_wconf 71' lang='grc' dir='ltr'>περῖ</span> <span class='ocrx_word' id='word_1_96' title='bbox 1673 1152 1816 1227; x_wconf 80' lang='grc' dir='ltr'>ὥραν</span> 
     </span>
    </p>
   </div>
   <div class='ocr_carea' id='block_1_15' title="bbox 162 1242 1139 1321">
    <p class='ocr_par' dir='ltr' id='par_1_15' title="bbox 162 1242 1139 1321">
     <span class='ocr_line' id='line_1_15' title="bbox 162 1242 1139 1321; baseline -0.005 -19"><span class='ocrx_word' id='word_1_97' title='bbox 162 1254 257 1316; x_wconf 79' lang='grc' dir='ltr'>τῆς</span> <span class='ocrx_word' id='word_1_98' title='bbox 286 1248 499 1321; x_wconf 70' lang='grc' dir='ltr'>ἡμέρας</span> <span class='ocrx_word' id='word_1_99' title='bbox 525 1246 638 1320; x_wconf 80' lang='grc' dir='ltr'>κβ’,</span> <span class='ocrx_word' id='word_1_100' title='bbox 668 1242 860 1320; x_wconf 73' lang='grc' dir='ltr'>γέγονε</span> <span class='ocrx_word' id='word_1_101' title='bbox 891 1242 1139 1315; x_wconf 84' lang='grc' dir='ltr'>σεισμός.</span> 
     </span>
    </p>
   </div>
   <div class='ocr_carea' id='block_1_16' title="bbox 232 1329 1819 1407">
    <p class='ocr_par' dir='ltr' id='par_1_16' title="bbox 232 1329 1819 1407">
     <span class='ocr_line' id='line_1_16' title="bbox 232 1329 1819 1407; baseline -0.003 -16"><span class='ocrx_word' id='word_1_102' title='bbox 232 1336 386 1392; x_wconf 75' lang='grc' dir='ltr'>Μετᾶ</span> <span class='ocrx_word' id='word_1_103' title='bbox 429 1332 490 1391; x_wconf 71' lang='grc' dir='ltr'>δὲ</span> <span class='ocrx_word' id='word_1_104' title='bbox 534 1336 633 1404; x_wconf 79' lang='grc' dir='ltr'>τὴν</span> <span class='ocrx_word' id='word_1_105' title='bbox 682 1334 894 1407; x_wconf 69' lang='grc' dir='ltr'>τροπῆν</span> <span class='ocrx_word' id='word_1_106' title='bbox 946 1332 1231 1395; x_wconf 76' lang='grc' dir='ltr'>ἒνωθέντες</span> <span class='ocrx_word' id='word_1_107' title='bbox 1276 1331 1306 1385; x_wconf 84' lang='lat'>6&#39;</span> <span class='ocrx_word' id='word_1_108' title='bbox 1334 1351 1393 1385; x_wconf 89' lang='grc' dir='ltr'>τε</span> <span class='ocrx_word' id='word_1_109' title='bbox 1419 1329 1684 1393; x_wconf 88' lang='grc' dir='ltr'>Δελεάνος</span> <span class='ocrx_word' id='word_1_110' title='bbox 1730 1332 1819 1386; x_wconf 85' lang='grc' dir='ltr'>καὶ</span> 
     </span>
    </p>
   </div>
   <div class='ocr_carea' id='block_1_17' title="bbox 166 1417 1820 1493">
    <p class='ocr_par' dir='ltr' id='par_1_17' title="bbox 166 1417 1820 1493">
     <span class='ocr_line' id='line_1_17' title="bbox 166 1417 1820 1493; baseline -0.004 -13"><span class='ocrx_word' id='word_1_111' title='bbox 166 1428 192 1480; x_wconf 88' lang='lat'>6</span> <span class='ocrx_word' id='word_1_112' title='bbox 248 1424 604 1486; x_wconf 77' lang='grc' dir='ltr'>Ἀλουσιάνος</span> <span class='ocrx_word' id='word_1_113' title='bbox 666 1425 997 1478; x_wconf 62' lang='grc' dir='ltr'>ὑπενοοῗητυ</span> <span class='ocrx_word' id='word_1_114' title='bbox 1029 1417 1332 1491; x_wconf 76' lang='grc' dir='ltr'>ἀλλήλους,</span> <span class='ocrx_word' id='word_1_115' title='bbox 1365 1421 1394 1474; x_wconf 86' lang='lat'>6</span> <span class='ocrx_word' id='word_1_116' title='bbox 1441 1420 1536 1493; x_wconf 74' lang='grc' dir='ltr'>μὲν</span> <span class='ocrx_word' id='word_1_117' title='bbox 1590 1417 1679 1474; x_wconf 74' lang='grc' dir='ltr'>διὰ</span> <span class='ocrx_word' id='word_1_118' title='bbox 1719 1422 1820 1489; x_wconf 79' lang='grc' dir='ltr'>τήν</span> 
     </span>
    </p>
   </div>
   <div class='ocr_carea' id='block_1_18' title="bbox 166 1506 1821 1588">
    <p class='ocr_par' dir='ltr' id='par_1_18' title="bbox 166 1506 1821 1588">
     <span class='ocr_line' id='line_1_18' title="bbox 166 1506 1821 1588; baseline -0.004 -19"><span class='ocrx_word' id='word_1_119' title='bbox 166 1517 329 1584; x_wconf 70' lang='grc' dir='ltr'>ἧτταν</span> <span class='ocrx_word' id='word_1_120' title='bbox 365 1512 781 1588; x_wconf 68' lang='grc' dir='ltr'>αἷσχυνόμενος,</span> <span class='ocrx_word' id='word_1_121' title='bbox 834 1512 862 1565; x_wconf 97' lang='lat'>6</span> <span class='ocrx_word' id='word_1_122' title='bbox 905 1508 963 1565; x_wconf 75' lang='grc' dir='ltr'>δὶ</span> <span class='ocrx_word' id='word_1_123' title='bbox 1004 1506 1298 1587; x_wconf 83' lang='grc' dir='ltr'>προδοσίαν</span> <span class='ocrx_word' id='word_1_124' title='bbox 1333 1508 1671 1574; x_wconf 71' lang='grc' dir='ltr'>ὑποπτεύων,</span> <span class='ocrx_word' id='word_1_125' title='bbox 1732 1509 1821 1564; x_wconf 79' lang='grc' dir='ltr'>καὶ</span> 
     </span>
    </p>
   </div>
   <div class='ocr_carea' id='block_1_19' title="bbox 168 1596 1822 1675">
    <p class='ocr_par' dir='ltr' id='par_1_19' title="bbox 168 1596 1822 1675">
     <span class='ocr_line' id='line_1_19' title="bbox 168 1596 1822 1675; baseline -0.004 -17"><span class='ocrx_word' id='word_1_126' title='bbox 168 1599 530 1658; x_wconf 66' lang='grc' dir='ltr'>ἑπεϐοόλευον</span> <span class='ocrx_word' id='word_1_127' title='bbox 608 1598 882 1670; x_wconf 72' lang='grc' dir='ltr'>ἀλλήλοις</span> <span class='ocrx_word' id='word_1_128' title='bbox 946 1596 1493 1675; x_wconf 74' lang='grc' dir='ltr'>καιροφυλακοῦντες.</span> <span class='ocrx_word' id='word_1_129' title='bbox 1555 1597 1822 1652; x_wconf 84' lang='grc' dir='ltr'>Σκευασά-</span> 
     </span>
    </p>
   </div>
   <div class='ocr_carea' id='block_1_20' title="bbox 172 1685 1825 1765">
    <p class='ocr_par' dir='ltr' id='par_1_20' title="bbox 172 1685 1825 1765">
     <span class='ocr_line' id='line_1_20' title="bbox 172 1685 1825 1765; baseline -0.004 -19"><span class='ocrx_word' id='word_1_130' title='bbox 172 1712 334 1765; x_wconf 79' lang='grc' dir='ltr'>μενος</span> <span class='ocrx_word' id='word_1_131' title='bbox 395 1691 485 1745; x_wconf 78' lang='grc' dir='ltr'>οὗν</span> <span class='ocrx_word' id='word_1_132' title='bbox 537 1691 566 1744; x_wconf 90' lang='lat'>6</span> <span class='ocrx_word' id='word_1_133' title='bbox 623 1688 977 1750; x_wconf 85' lang='grc' dir='ltr'>Ἀλουσιάνος</span> <span class='ocrx_word' id='word_1_134' title='bbox 1040 1685 1173 1762; x_wconf 85' lang='grc' dir='ltr'>μετά</span> <span class='ocrx_word' id='word_1_135' title='bbox 1197 1707 1361 1741; x_wconf 88' lang='grc' dir='ltr'>τινων</span> <span class='ocrx_word' id='word_1_136' title='bbox 1413 1686 1627 1741; x_wconf 73' lang='grc' dir='ltr'>οἰκείων</span> <span class='ocrx_word' id='word_1_137' title='bbox 1662 1686 1825 1741; x_wconf 76' lang='grc' dir='ltr'>αὐτοῦ</span> 
     </span>
    </p>
   </div>
   <div class='ocr_carea' id='block_1_21' title="bbox 1932 1152 3588 1296">
    <p class='ocr_par' dir='ltr' id='par_1_21' title="bbox 1932 1152 3588 1296">
     <span class='ocr_line' id='line_1_21' title="bbox 1932 1152 3588 1296; baseline 0.007 -88"><span class='ocrx_word' id='word_1_138' title='bbox 1932 1242 1956 1296; x_wconf 57' lang='lat' dir='ltr'><strong>f</strong></span> <span class='ocrx_word' id='word_1_139' title='bbox 2001 1152 2117 1209; x_wconf 86' lang='lat' dir='ltr'><strong>Iloc</strong></span> <span class='ocrx_word' id='word_1_140' title='bbox 2149 1155 2278 1227; x_wconf 88' lang='lat' dir='ltr'><strong>ipso</strong></span> <span class='ocrx_word' id='word_1_141' title='bbox 2310 1172 2483 1226; x_wconf 88' lang='lat' dir='ltr'><strong>anno,</strong></span> <span class='ocrx_word' id='word_1_142' title='bbox 2517 1157 2610 1213; x_wconf 88' lang='lat' dir='ltr'>die</span> <span class='ocrx_word' id='word_1_143' title='bbox 2644 1158 2729 1227; x_wconf 82' lang='grc'>10,</span> <span class='ocrx_word' id='word_1_144' title='bbox 2757 1157 2900 1215; x_wconf 90' lang='lat' dir='ltr'><strong>bora</strong></span> <span class='ocrx_word' id='word_1_145' title='bbox 2931 1159 3046 1215; x_wconf 91' lang='lat' dir='ltr'><strong>diei</strong></span> <span class='ocrx_word' id='word_1_146' title='bbox 3079 1162 3167 1232; x_wconf 80' lang='grc'>12,</span> <span class='ocrx_word' id='word_1_147' title='bbox 3198 1164 3362 1217; x_wconf 62' lang='lat' dir='ltr'><strong>terra;</strong></span> <span class='ocrx_word' id='word_1_148' title='bbox 3392 1167 3588 1219; x_wconf 88' lang='lat' dir='ltr'><strong>motus</strong></span> 
     </span>
     <span class='ocr_line' id='line_1_22' title="bbox 1960 1242 2066 1296; baseline 0.009 -1"><span class='ocrx_word' id='word_1_149' title='bbox 1960 1242 2066 1296; x_wconf 90' lang='lat' dir='ltr'><strong>uit.</strong></span> 
     </span>
    </p>
   </div>
   <div class='ocr_carea' id='block_1_22' title="bbox 1960 1242 2066 1297">
    <p class='ocr_par' dir='ltr' id='par_1_22' title="bbox 1960 1242 2066 1297">
     <span class='ocr_line' id='line_1_23' title="bbox 1960 1242 2066 1297; baseline 0.019 -2"><span class='ocrx_word' id='word_1_150' title='bbox 1960 1242 2066 1297; x_wconf 90' lang='lat' dir='ltr'><strong>uit.</strong></span> 
     </span>
    </p>
   </div>
   <div class='ocr_carea' id='block_1_23' title="bbox 2005 1333 3589 1406">
    <p class='ocr_par' dir='ltr' id='par_1_23' title="bbox 2005 1333 3589 1406">
     <span class='ocr_line' id='line_1_24' title="bbox 2005 1333 3589 1406; baseline 0.006 -22"><span class='ocrx_word' id='word_1_151' title='bbox 2005 1338 2252 1403; x_wconf 86' lang='lat' dir='ltr'><strong>Accepta</strong></span> <span class='ocrx_word' id='word_1_152' title='bbox 2283 1338 2479 1390; x_wconf 87' lang='lat' dir='ltr'><strong>autem</strong></span> <span class='ocrx_word' id='word_1_153' title='bbox 2513 1333 2677 1390; x_wconf 85' lang='lat' dir='ltr'><strong>clade</strong></span> <span class='ocrx_word' id='word_1_154' title='bbox 2705 1337 3004 1406; x_wconf 83' lang='lat' dir='ltr'>conjuncti</span> <span class='ocrx_word' id='word_1_155' title='bbox 3038 1337 3325 1395; x_wconf 74' lang='lat' dir='ltr'><strong>Deleanus</strong></span> <span class='ocrx_word' id='word_1_156' title='bbox 3357 1343 3415 1395; x_wconf 85' lang='lat' dir='ltr'>et</span> <span class='ocrx_word' id='word_1_157' title='bbox 3444 1338 3589 1394; x_wconf 84' lang='lat' dir='ltr'><strong>Alu-</strong></span> 
     </span>
    </p>
   </div>
   <div class='ocr_carea' id='block_1_24' title="bbox 1932 1418 3591 1500">
    <p class='ocr_par' dir='ltr' id='par_1_24' title="bbox 1932 1418 3591 1500">
     <span class='ocr_line' id='line_1_25' title="bbox 1932 1418 3591 1500; baseline 0.008 -29"><span class='ocrx_word' id='word_1_158' title='bbox 1932 1418 2158 1485; x_wconf 85' lang='lat' dir='ltr'><strong>sianus,</strong></span> <span class='ocrx_word' id='word_1_159' title='bbox 2187 1420 2336 1475; x_wconf 82' lang='lat' dir='ltr'>alter</span> <span class='ocrx_word' id='word_1_160' title='bbox 2371 1423 2442 1476; x_wconf 88' lang='lat' dir='ltr'>do</span> <span class='ocrx_word' id='word_1_161' title='bbox 2484 1423 2668 1478; x_wconf 83' lang='lat' dir='ltr'><strong>altero</strong></span> <span class='ocrx_word' id='word_1_162' title='bbox 2699 1426 2852 1482; x_wconf 73' lang='lat'>588</span> <span class='ocrx_word' id='word_1_163' title='bbox 2887 1425 3129 1482; x_wconf 88' lang='lat' dir='ltr'><strong>sinistra</strong></span> <span class='ocrx_word' id='word_1_164' title='bbox 3161 1427 3446 1500; x_wconf 84' lang='lat' dir='ltr'><strong>suspicari</strong></span> <span class='ocrx_word' id='word_1_165' title='bbox 3479 1444 3591 1484; x_wconf 50' lang='lat' dir='ltr'><strong>ccc-</strong></span> 
     </span>
    </p>
   </div>
   <div class='ocr_carea' id='block_1_25' title="bbox 1933 1509 3593 1588">
    <p class='ocr_par' dir='ltr' id='par_1_25' title="bbox 1933 1509 3593 1588">
     <span class='ocr_line' id='line_1_26' title="bbox 1933 1509 3593 1588; baseline 0.008 -29"><span class='ocrx_word' id='word_1_166' title='bbox 1933 1513 2170 1577; x_wconf 89' lang='lat' dir='ltr'><strong>perunt,</strong></span> <span class='ocrx_word' id='word_1_167' title='bbox 2203 1509 2298 1565; x_wconf 86' lang='lat' dir='ltr'><strong>hic</strong></span> <span class='ocrx_word' id='word_1_168' title='bbox 2328 1510 2400 1565; x_wconf 89' lang='lat' dir='ltr'>ob</span> <span class='ocrx_word' id='word_1_169' title='bbox 2434 1528 2555 1567; x_wconf 90' lang='lat' dir='ltr'>rem</span> <span class='ocrx_word' id='word_1_170' title='bbox 2608 1512 2761 1568; x_wconf 88' lang='lat' dir='ltr'><strong>male</strong></span> <span class='ocrx_word' id='word_1_171' title='bbox 2790 1520 3015 1586; x_wconf 84' lang='lat' dir='ltr'><strong>gestam</strong></span> <span class='ocrx_word' id='word_1_172' title='bbox 3072 1517 3294 1588; x_wconf 90' lang='lat' dir='ltr'><strong>pudore</strong></span> <span class='ocrx_word' id='word_1_173' title='bbox 3329 1516 3593 1585; x_wconf 66' lang='lat' dir='ltr'><strong>affectus,</strong></span> 
     </span>
    </p>
   </div>
   <div class='ocr_carea' id='block_1_26' title="bbox 1933 1594 3595 1677">
    <p class='ocr_par' dir='ltr' id='par_1_26' title="bbox 1933 1594 3595 1677">
     <span class='ocr_line' id='line_1_27' title="bbox 1933 1594 3595 1677; baseline 0.008 -28"><span class='ocrx_word' id='word_1_174' title='bbox 1933 1594 2031 1651; x_wconf 89' lang='lat' dir='ltr'><strong>ille</strong></span> <span class='ocrx_word' id='word_1_175' title='bbox 2063 1598 2452 1669; x_wconf 78' lang='lat' dir='ltr'>proditionem</span> <span class='ocrx_word' id='word_1_176' title='bbox 2486 1602 2739 1672; x_wconf 88' lang='lat' dir='ltr'><strong>opinans</strong></span> <span class='ocrx_word' id='word_1_177' title='bbox 2776 1604 3185 1660; x_wconf 79' lang='lat' dir='ltr'>intervenisse.</span> <span class='ocrx_word' id='word_1_178' title='bbox 3221 1606 3422 1677; x_wconf 80' lang='lat' dir='ltr'>Itaque</span> <span class='ocrx_word' id='word_1_179' title='bbox 3450 1605 3595 1663; x_wconf 91' lang='lat' dir='ltr'><strong>insi-</strong></span> 
     </span>
    </p>
   </div>
   <div class='ocr_carea' id='block_1_27' title="bbox 1935 1685 3592 1766">
    <p class='ocr_par' dir='ltr' id='par_1_27' title="bbox 1935 1685 3592 1766">
     <span class='ocr_line' id='line_1_28' title="bbox 1935 1685 3592 1766; baseline 0.006 -27"><span class='ocrx_word' id='word_1_180' title='bbox 1935 1685 2062 1740; x_wconf 88' lang='lat' dir='ltr'><strong>dias</strong></span> <span class='ocrx_word' id='word_1_181' title='bbox 2108 1686 2354 1743; x_wconf 87' lang='lat' dir='ltr'><strong>invicem</strong></span> <span class='ocrx_word' id='word_1_182' title='bbox 2390 1690 2699 1745; x_wconf 77' lang='lat' dir='ltr'><strong>struebant</strong></span> <span class='ocrx_word' id='word_1_183' title='bbox 2745 1697 2801 1746; x_wconf 91' lang='lat' dir='ltr'>et</span> <span class='ocrx_word' id='word_1_184' title='bbox 2849 1694 3184 1749; x_wconf 76' lang='lat' dir='ltr'><strong>occasiones</strong></span> <span class='ocrx_word' id='word_1_185' title='bbox 3232 1695 3592 1766; x_wconf 71' lang='lat' dir='ltr'><strong>quaerebant.</strong></span> 
     </span>
    </p>
   </div>
   <div class='ocr_carea' id='block_1_28' title="bbox 171 1772 1822 1856">
    <p class='ocr_par' dir='ltr' id='par_1_28' title="bbox 171 1772 1822 1852">
     <span class='ocr_line' id='line_1_29' title="bbox 171 1772 1822 1852; baseline -0.005 -17"><span class='ocrx_word' id='word_1_186' title='bbox 171 1779 260 1835; x_wconf 62' lang='grc' dir='ltr'>κεί</span> <span class='ocrx_word' id='word_1_187' title='bbox 319 1777 539 1852; x_wconf 65' lang='grc' dir='ltr'>ἄριστον</span> <span class='ocrx_word' id='word_1_188' title='bbox 597 1778 834 1846; x_wconf 75' lang='grc' dir='ltr'>ποιήσας</span> <span class='ocrx_word' id='word_1_189' title='bbox 889 1776 980 1831; x_wconf 85' lang='grc' dir='ltr'>καὶ</span> <span class='ocrx_word' id='word_1_190' title='bbox 1031 1775 1108 1837; x_wconf 82' lang='grc' dir='ltr'>είς</span> <span class='ocrx_word' id='word_1_191' title='bbox 1168 1774 1407 1850; x_wconf 79' lang='grc' dir='ltr'>εὐωχίαν</span> <span class='ocrx_word' id='word_1_192' title='bbox 1458 1772 1688 1837; x_wconf 90' lang='grc' dir='ltr'>καλέσας</span> <span class='ocrx_word' id='word_1_193' title='bbox 1716 1780 1822 1829; x_wconf 85' lang='grc' dir='ltr'>τῶν</span> 
     </span>
    </p>
   </div>
   <div class='ocr_carea' id='block_1_29' title="bbox 1935 1772 3589 1856">
    <p class='ocr_par' dir='ltr' id='par_1_29' title="bbox 1936 1775 3589 1854">
     <span class='ocr_line' id='line_1_30' title="bbox 1936 1775 3589 1854; baseline 0.006 -26"><span class='ocrx_word' id='word_1_194' title='bbox 1936 1775 2195 1830; x_wconf 89' lang='lat' dir='ltr'><strong>Tandem</strong></span> <span class='ocrx_word' id='word_1_195' title='bbox 2230 1776 2551 1833; x_wconf 88' lang='lat' dir='ltr'><strong>Alusianus</strong></span> <span class='ocrx_word' id='word_1_196' title='bbox 2579 1797 2637 1835; x_wconf 91' lang='lat' dir='ltr'>re</span> <span class='ocrx_word' id='word_1_197' title='bbox 2659 1796 2791 1835; x_wconf 84' lang='lat' dir='ltr'>cum</span> <span class='ocrx_word' id='word_1_198' title='bbox 2820 1782 3207 1836; x_wconf 78' lang='lat' dir='ltr'><strong>familiaribus</strong></span> <span class='ocrx_word' id='word_1_199' title='bbox 3232 1782 3589 1854; x_wconf 89' lang='lat' dir='ltr'><strong>quibusdam</strong></span> 
     </span>
    </p>
   </div>
   <div class='ocr_carea' id='block_1_30' title="bbox 170 1863 1820 1943">
    <p class='ocr_par' dir='ltr' id='par_1_30' title="bbox 170 1863 1820 1943">
     <span class='ocr_line' id='line_1_31' title="bbox 170 1863 1820 1943; baseline -0.004 -20"><span class='ocrx_word' id='word_1_200' title='bbox 170 1867 432 1923; x_wconf 71' lang='grc' dir='ltr'>Δελεάνον</span> <span class='ocrx_word' id='word_1_201' title='bbox 460 1910 474 1934; x_wconf 92' lang='grc'>,</span> <span class='ocrx_word' id='word_1_202' title='bbox 548 1869 957 1943; x_wconf 79' lang='grc' dir='ltr'>κραιπαλοῦντα</span> <span class='ocrx_word' id='word_1_203' title='bbox 1031 1863 1122 1919; x_wconf 86' lang='grc' dir='ltr'>καὶ</span> <span class='ocrx_word' id='word_1_204' title='bbox 1204 1863 1471 1937; x_wconf 74' lang='grc' dir='ltr'>μεθύοντα</span> <span class='ocrx_word' id='word_1_205' title='bbox 1534 1863 1820 1940; x_wconf 79' lang='grc' dir='ltr'>κατασχὼν</span> 
     </span>
    </p>
   </div>
   <div class='ocr_carea' id='block_1_31' title="bbox 170 1949 1827 2032">
    <p class='ocr_par' dir='ltr' id='par_1_31' title="bbox 170 1949 1827 2032">
     <span class='ocr_line' id='line_1_32' title="bbox 170 1949 1827 2032; baseline -0.002 -21"><span class='ocrx_word' id='word_1_206' title='bbox 170 1955 584 2032; x_wconf 55' lang='grc' dir='ltr'>ἁπετόφλωσεν,</span> <span class='ocrx_word' id='word_1_207' title='bbox 643 1954 720 2018; x_wconf 84' lang='grc' dir='ltr'>ὡς</span> <span class='ocrx_word' id='word_1_208' title='bbox 747 1950 874 2028; x_wconf 84' lang='grc' dir='ltr'>μηδ’</span> <span class='ocrx_word' id='word_1_209' title='bbox 906 1949 1154 2024; x_wconf 66' lang='grc' dir='ltr'>αῗσθησιν</span> <span class='ocrx_word' id='word_1_210' title='bbox 1211 1952 1358 2015; x_wconf 79' lang='grc' dir='ltr'>ὅλως</span> <span class='ocrx_word' id='word_1_211' title='bbox 1411 1956 1531 2015; x_wconf 83' lang='grc' dir='ltr'>τοῖς</span> <span class='ocrx_word' id='word_1_212' title='bbox 1580 1951 1827 2028; x_wconf 83' lang='grc' dir='ltr'>Βουλγά-</span> 
     </span>
    </p>
   </div>
   <div class='ocr_carea' id='block_1_32' title="bbox 169 2037 1824 2118">
    <p class='ocr_par' dir='ltr' id='par_1_32' title="bbox 169 2037 1824 2118">
     <span class='ocr_line' id='line_1_33' title="bbox 169 2037 1824 2118; baseline -0.003 -18"><span class='ocrx_word' id='word_1_213' title='bbox 169 2066 288 2118; x_wconf 76' lang='grc' dir='ltr'>ροις</span> <span class='ocrx_word' id='word_1_214' title='bbox 348 2043 577 2112; x_wconf 82' lang='grc' dir='ltr'>δοθῆναι</span> <span class='ocrx_word' id='word_1_215' title='bbox 623 2047 722 2099; x_wconf 90' lang='lat'>106</span> <span class='ocrx_word' id='word_1_216' title='bbox 768 2043 1077 2118; x_wconf 82' lang='grc' dir='ltr'>γεγονότος·</span> <span class='ocrx_word' id='word_1_217' title='bbox 1126 2042 1216 2096; x_wconf 84' lang='grc' dir='ltr'>καὶ</span> <span class='ocrx_word' id='word_1_218' title='bbox 1265 2041 1447 2117; x_wconf 80' lang='grc' dir='ltr'>φυγὼν</span> <span class='ocrx_word' id='word_1_219' title='bbox 1497 2037 1716 2116; x_wconf 80' lang='grc' dir='ltr'>ἔρχεται</span> <span class='ocrx_word' id='word_1_220' title='bbox 1771 2039 1824 2096; x_wconf 73' lang='grc' dir='ltr'>έν</span> 
     </span>
    </p>
   </div>
   <div class='ocr_carea' id='block_1_33' title="bbox 168 2129 1826 2208">
    <p class='ocr_par' dir='ltr' id='par_1_33' title="bbox 168 2129 1826 2208">
     <span class='ocr_line' id='line_1_34' title="bbox 168 2129 1826 2208; baseline -0.003 -18"><span class='ocrx_word' id='word_1_221' title='bbox 168 2133 549 2190; x_wconf 70' lang='grc' dir='ltr'>Μοσυνοπὸλει</span> <span class='ocrx_word' id='word_1_222' title='bbox 608 2134 745 2208; x_wconf 87' lang='grc' dir='ltr'>πρὸς</span> <span class='ocrx_word' id='word_1_223' title='bbox 784 2132 878 2186; x_wconf 85' lang='grc' dir='ltr'>τὸν</span> <span class='ocrx_word' id='word_1_224' title='bbox 939 2130 1185 2205; x_wconf 86' lang='grc' dir='ltr'>βασιλέα.</span> <span class='ocrx_word' id='word_1_225' title='bbox 1241 2129 1345 2185; x_wconf 78' lang='grc' dir='ltr'>Καὶ</span> <span class='ocrx_word' id='word_1_226' title='bbox 1400 2134 1593 2184; x_wconf 78' lang='grc' dir='ltr'>τοῦτον</span> <span class='ocrx_word' id='word_1_227' title='bbox 1656 2130 1751 2201; x_wconf 73' lang='grc' dir='ltr'>μὶν</span> <span class='ocrx_word' id='word_1_228' title='bbox 1799 2131 1826 2185; x_wconf 89' lang='lat'>6</span> 
     </span>
    </p>
   </div>
   <div class='ocr_carea' id='block_1_34' title="bbox 174 2217 1823 2297">
    <p class='ocr_par' dir='ltr' id='par_1_34' title="bbox 174 2217 1823 2297">
     <span class='ocr_line' id='line_1_35' title="bbox 174 2217 1823 2297; baseline -0.003 -20"><span class='ocrx_word' id='word_1_229' title='bbox 174 2222 431 2297; x_wconf 68' lang='grc' dir='ltr'>βασιλεὺς</span> <span class='ocrx_word' id='word_1_230' title='bbox 488 2221 566 2286; x_wconf 67' lang='grc' dir='ltr'>εἷς</span> <span class='ocrx_word' id='word_1_231' title='bbox 617 2221 681 2275; x_wconf 88' lang='grc' dir='ltr'>τὸ</span> <span class='ocrx_word' id='word_1_232' title='bbox 739 2218 1032 2289; x_wconf 80' lang='grc' dir='ltr'>Βυζάντιον</span> <span class='ocrx_word' id='word_1_233' title='bbox 1079 2219 1218 2294; x_wconf 77' lang='grc' dir='ltr'>πρὸς</span> <span class='ocrx_word' id='word_1_234' title='bbox 1276 2219 1366 2273; x_wconf 89' lang='grc' dir='ltr'>τὸν</span> <span class='ocrx_word' id='word_1_235' title='bbox 1421 2217 1823 2296; x_wconf 74' lang='grc' dir='ltr'>ὁρφανοτρόφον</span> 
     </span>
    </p>
   </div>
   <div class='ocr_carea' id='block_1_35' title="bbox 171 2301 1824 2384">
    <p class='ocr_par' dir='ltr' id='par_1_35' title="bbox 171 2301 1824 2384">
     <span class='ocr_line' id='line_1_36' title="bbox 171 2301 1824 2384; baseline -0.004 -17"><span class='ocrx_word' id='word_1_236' title='bbox 171 2312 467 2383; x_wconf 74' lang='grc' dir='ltr'>ὶκπὲμπει,</span> <span class='ocrx_word' id='word_1_237' title='bbox 526 2309 579 2374; x_wconf 74' lang='grc' dir='ltr'>ἐς</span> <span class='ocrx_word' id='word_1_238' title='bbox 620 2310 683 2365; x_wconf 84' lang='grc' dir='ltr'>τὸ</span> <span class='ocrx_word' id='word_1_239' title='bbox 737 2312 846 2365; x_wconf 82' lang='grc' dir='ltr'>τῶν</span> <span class='ocrx_word' id='word_1_240' title='bbox 911 2307 1219 2384; x_wconf 81' lang='grc' dir='ltr'>μαγίστρων</span> <span class='ocrx_word' id='word_1_241' title='bbox 1278 2306 1413 2381; x_wconf 71' lang='grc' dir='ltr'>ὕψος</span> <span class='ocrx_word' id='word_1_242' title='bbox 1472 2301 1824 2377; x_wconf 76' lang='grc' dir='ltr'>ἀναϐιϐάσας,</span> 
     </span>
    </p>
   </div>
   <div class='ocr_carea' id='block_1_36' title="bbox 176 2394 1823 2473">
    <p class='ocr_par' dir='ltr' id='par_1_36' title="bbox 176 2394 1823 2473">
     <span class='ocr_line' id='line_1_37' title="bbox 176 2394 1823 2473; baseline -0.003 -18"><span class='ocrx_word' id='word_1_243' title='bbox 176 2400 341 2462; x_wconf 68' lang='grc' dir='ltr'>αὐτὸς</span> <span class='ocrx_word' id='word_1_244' title='bbox 373 2397 434 2455; x_wconf 78' lang='grc' dir='ltr'>δὶ</span> <span class='ocrx_word' id='word_1_245' title='bbox 462 2401 594 2473; x_wconf 78' lang='grc' dir='ltr'>ἄρας</span> <span class='ocrx_word' id='word_1_246' title='bbox 626 2399 686 2454; x_wconf 76' lang='grc' dir='ltr'>ἐκ</span> <span class='ocrx_word' id='word_1_247' title='bbox 716 2397 1150 2459; x_wconf 80' lang='grc' dir='ltr'>Μοσυνοπόλεως</span> <span class='ocrx_word' id='word_1_248' title='bbox 1190 2395 1402 2451; x_wconf 76' lang='grc' dir='ltr'>ἄπεισιν</span> <span class='ocrx_word' id='word_1_249' title='bbox 1450 2394 1501 2449; x_wconf 76' lang='grc' dir='ltr'>ἐν</span> <span class='ocrx_word' id='word_1_250' title='bbox 1554 2394 1823 2451; x_wconf 84' lang='grc' dir='ltr'>Θεσσαλο-</span> 
     </span>
    </p>
   </div>
   <div class='ocr_carea' id='block_1_37' title="bbox 170 2482 1825 2563">
    <p class='ocr_par' dir='ltr' id='par_1_37' title="bbox 170 2482 1825 2563">
     <span class='ocr_line' id='line_1_38' title="bbox 170 2482 1825 2563; baseline -0.001 -22"><span class='ocrx_word' id='word_1_251' title='bbox 170 2489 322 2563; x_wconf 75' lang='grc' dir='ltr'>νίκῃ.</span> <span class='ocrx_word' id='word_1_252' title='bbox 381 2491 616 2552; x_wconf 84' lang='grc' dir='ltr'>Ἐκεῖθεν</span> <span class='ocrx_word' id='word_1_253' title='bbox 672 2485 731 2543; x_wconf 80' lang='grc' dir='ltr'>δὲ</span> <span class='ocrx_word' id='word_1_254' title='bbox 759 2483 949 2548; x_wconf 76' lang='grc' dir='ltr'>διαϐὰς</span> <span class='ocrx_word' id='word_1_255' title='bbox 981 2484 1198 2541; x_wconf 66' lang='grc' dir='ltr'>εἴσεισιν</span> <span class='ocrx_word' id='word_1_256' title='bbox 1238 2484 1291 2540; x_wconf 76' lang='grc' dir='ltr'>ἐν</span> <span class='ocrx_word' id='word_1_257' title='bbox 1343 2482 1677 2561; x_wconf 83' lang='grc' dir='ltr'>Βουλγαρίᾳ,</span> <span class='ocrx_word' id='word_1_258' title='bbox 1734 2486 1825 2539; x_wconf 83' lang='grc' dir='ltr'>καὶ</span> 
     </span>
    </p>
   </div>
   <div class='ocr_carea' id='block_1_38' title="bbox 168 2571 1824 2653">
    <p class='ocr_par' dir='ltr' id='par_1_38' title="bbox 168 2571 1824 2653">
     <span class='ocr_line' id='line_1_39' title="bbox 168 2571 1824 2653; baseline -0.002 -21"><span class='ocrx_word' id='word_1_259' title='bbox 168 2578 263 2632; x_wconf 78' lang='grc' dir='ltr'>τὸν</span> <span class='ocrx_word' id='word_1_260' title='bbox 343 2576 602 2633; x_wconf 80' lang='grc' dir='ltr'>Δελεάνον</span> <span class='ocrx_word' id='word_1_261' title='bbox 659 2577 949 2653; x_wconf 86' lang='grc' dir='ltr'>κατασχὼν</span> <span class='ocrx_word' id='word_1_262' title='bbox 1027 2571 1263 2649; x_wconf 78' lang='grc' dir='ltr'>ἔπεμψεν</span> <span class='ocrx_word' id='word_1_263' title='bbox 1323 2573 1376 2628; x_wconf 83' lang='grc' dir='ltr'>έν</span> <span class='ocrx_word' id='word_1_264' title='bbox 1435 2572 1824 2649; x_wconf 79' lang='grc' dir='ltr'>Θεσσαλονίκῃ,</span> 
     </span>
    </p>
   </div>
   <div class='ocr_carea' id='block_1_39' title="bbox 171 2657 1822 2743">
    <p class='ocr_par' dir='ltr' id='par_1_39' title="bbox 171 2657 1822 2743">
     <span class='ocr_line' id='line_1_40' title="bbox 171 2657 1822 2743; baseline -0.002 -22"><span class='ocrx_word' id='word_1_265' title='bbox 171 2666 336 2729; x_wconf 65' lang='grc' dir='ltr'>αὐτὸς</span> <span class='ocrx_word' id='word_1_266' title='bbox 386 2664 471 2721; x_wconf 67' lang='grc' dir='ltr'>’δέ</span> <span class='ocrx_word' id='word_1_267' title='bbox 539 2666 674 2743; x_wconf 84' lang='grc' dir='ltr'>πρὸς</span> <span class='ocrx_word' id='word_1_268' title='bbox 743 2667 813 2721; x_wconf 84' lang='grc' dir='ltr'>τὰ</span> <span class='ocrx_word' id='word_1_269' title='bbox 882 2661 1135 2738; x_wconf 72' lang='grc' dir='ltr'>ἆνδότερα</span> <span class='ocrx_word' id='word_1_270' title='bbox 1192 2663 1487 2738; x_wconf 85' lang='grc' dir='ltr'>γενόμενος</span> <span class='ocrx_word' id='word_1_271' title='bbox 1563 2657 1662 2735; x_wconf 77' lang='grc' dir='ltr'>(ἔτι</span> <span class='ocrx_word' id='word_1_272' title='bbox 1719 2664 1822 2738; x_wconf 76' lang='grc' dir='ltr'>γάρ</span> 
     </span>
    </p>
   </div>
   <div class='ocr_carea' id='block_1_40' title="bbox 174 2749 1827 2827">
    <p class='ocr_par' dir='ltr' id='par_1_40' title="bbox 174 2749 1827 2827">
     <span class='ocr_line' id='line_1_41' title="bbox 174 2749 1827 2827; baseline -0.005 -14"><span class='ocrx_word' id='word_1_273' title='bbox 174 2754 444 2824; x_wconf 74' lang='grc' dir='ltr'>Μανουήλ</span> <span class='ocrx_word' id='word_1_274' title='bbox 522 2756 551 2808; x_wconf 87' lang='lat'>6</span> <span class='ocrx_word' id='word_1_275' title='bbox 629 2749 878 2823; x_wconf 75' lang='grc' dir='ltr'>Ἰϐάτζης</span> <span class='ocrx_word' id='word_1_276' title='bbox 943 2751 1081 2827; x_wconf 77' lang='grc' dir='ltr'>δέμα</span> <span class='ocrx_word' id='word_1_277' title='bbox 1152 2751 1367 2823; x_wconf 78' lang='grc' dir='ltr'>ξύλινον</span> <span class='ocrx_word' id='word_1_278' title='bbox 1430 2753 1827 2815; x_wconf 74' lang='grc' dir='ltr'>κατασκευάσας</span> 
     </span>
    </p>
   </div>
   <div class='ocr_carea' id='block_1_41' title="bbox 173 2838 1823 2917">
    <p class='ocr_par' dir='ltr' id='par_1_41' title="bbox 173 2838 1823 2917">
     <span class='ocr_line' id='line_1_42' title="bbox 173 2838 1823 2917; baseline -0.003 -19"><span class='ocrx_word' id='word_1_279' title='bbox 173 2845 311 2898; x_wconf 69' lang='grc' dir='ltr'>κατὰ</span> <span class='ocrx_word' id='word_1_280' title='bbox 362 2844 458 2897; x_wconf 81' lang='grc' dir='ltr'>τὸν</span> <span class='ocrx_word' id='word_1_281' title='bbox 512 2841 796 2917; x_wconf 86' lang='grc' dir='ltr'>Πρίλαπον</span> <span class='ocrx_word' id='word_1_282' title='bbox 841 2838 982 2916; x_wconf 78' lang='grc' dir='ltr'>ᾤετο</span> <span class='ocrx_word' id='word_1_283' title='bbox 1032 2842 1277 2917; x_wconf 74' lang='grc' dir='ltr'>ἀπεῖρξαι</span> <span class='ocrx_word' id='word_1_284' title='bbox 1324 2848 1654 2916; x_wconf 76' lang='grc' dir='ltr'>προσωτέρω</span> <span class='ocrx_word' id='word_1_285' title='bbox 1706 2860 1823 2914; x_wconf 86' lang='grc' dir='ltr'>χω-</span> 
     </span>
    </p>
   </div>
   <div class='ocr_carea' id='block_1_42' title="bbox 171 2927 1820 3007">
    <p class='ocr_par' dir='ltr' id='par_1_42' title="bbox 171 2927 1820 3007">
     <span class='ocr_line' id='line_1_43' title="bbox 171 2927 1820 3007; baseline -0.002 -21"><span class='ocrx_word' id='word_1_286' title='bbox 171 2939 285 3007; x_wconf 77' lang='grc' dir='ltr'>ρεῖν</span> <span class='ocrx_word' id='word_1_287' title='bbox 313 2932 414 3001; x_wconf 77' lang='grc' dir='ltr'>τὴν</span> <span class='ocrx_word' id='word_1_288' title='bbox 463 2931 754 3006; x_wconf 71' lang='grc' dir='ltr'>βασιλικὴν</span> <span class='ocrx_word' id='word_1_289' title='bbox 807 2932 1059 3007; x_wconf 77' lang='grc' dir='ltr'>στρατιάν</span> <span class='ocrx_word' id='word_1_290' title='bbox 1107 2930 1198 2985; x_wconf 84' lang='grc' dir='ltr'>καὶ</span> <span class='ocrx_word' id='word_1_291' title='bbox 1243 2930 1310 2985; x_wconf 74' lang='grc' dir='ltr'>τά</span> <span class='ocrx_word' id='word_1_292' title='bbox 1351 2927 1497 2985; x_wconf 63' lang='grc' dir='ltr'>ἔνδον</span> <span class='ocrx_word' id='word_1_293' title='bbox 1524 2931 1820 3005; x_wconf 78' lang='grc' dir='ltr'>κατέχειν)’</span> 
     </span>
    </p>
   </div>
   <div class='ocr_carea' id='block_1_43' title="bbox 164 3018 1824 3095">
    <p class='ocr_par' dir='ltr' id='par_1_43' title="bbox 164 3018 1824 3095">
     <span class='ocr_line' id='line_1_44' title="bbox 164 3018 1824 3095; baseline -0.001 -20"><span class='ocrx_word' id='word_1_294' title='bbox 164 3019 293 3077; x_wconf 75' lang='grc' dir='ltr'>ἀλλ’</span> <span class='ocrx_word' id='word_1_295' title='bbox 326 3023 355 3076; x_wconf 93' lang='lat'>6</span> <span class='ocrx_word' id='word_1_296' title='bbox 412 3019 667 3095; x_wconf 76' lang='grc' dir='ltr'>βασιλεὺς</span> <span class='ocrx_word' id='word_1_297' title='bbox 697 3020 868 3076; x_wconf 74' lang='grc' dir='ltr'>ἒκεῖσε</span> <span class='ocrx_word' id='word_1_298' title='bbox 889 3019 1184 3095; x_wconf 84' lang='grc' dir='ltr'>γενόμενος</span> <span class='ocrx_word' id='word_1_299' title='bbox 1217 3018 1389 3095; x_wconf 78' lang='grc' dir='ltr'>λόγου</span> <span class='ocrx_word' id='word_1_300' title='bbox 1421 3023 1609 3083; x_wconf 83' lang='grc' dir='ltr'>θᾶττον</span> <span class='ocrx_word' id='word_1_301' title='bbox 1658 3018 1720 3073; x_wconf 85' lang='grc' dir='ltr'>τό</span> <span class='ocrx_word' id='word_1_302' title='bbox 1767 3039 1824 3073; x_wconf 87' lang='grc' dir='ltr'>τε</span> 
     </span>
    </p>
   </div>
   <div class='ocr_carea' id='block_1_44' title="bbox 165 3105 1817 3185">
    <p class='ocr_par' dir='ltr' id='par_1_44' title="bbox 165 3105 1817 3185">
     <span class='ocr_line' id='line_1_45' title="bbox 165 3105 1817 3185; baseline -0.001 -23"><span class='ocrx_word' id='word_1_303' title='bbox 165 3110 386 3180; x_wconf 64' lang='grc' dir='ltr'>Ιξσῖνλινον</span> <span class='ocrx_word' id='word_1_304' title='bbox 412 3110 602 3171; x_wconf 67' lang='grc' dir='ltr'>τεῖχος</span> <span class='ocrx_word' id='word_1_305' title='bbox 636 3107 882 3185; x_wconf 73' lang='grc' dir='ltr'>διέῤῥηξε</span> <span class='ocrx_word' id='word_1_306' title='bbox 927 3109 1017 3164; x_wconf 83' lang='grc' dir='ltr'>καὶ</span> <span class='ocrx_word' id='word_1_307' title='bbox 1041 3109 1105 3164; x_wconf 84' lang='grc' dir='ltr'>τὸ</span> <span class='ocrx_word' id='word_1_308' title='bbox 1135 3108 1387 3180; x_wconf 78' lang='grc' dir='ltr'>σύστημα</span> <span class='ocrx_word' id='word_1_309' title='bbox 1421 3112 1529 3162; x_wconf 83' lang='grc' dir='ltr'>τῶν</span> <span class='ocrx_word' id='word_1_310' title='bbox 1576 3105 1817 3181; x_wconf 84' lang='grc' dir='ltr'>Βουλγά-</span> 
     </span>
    </p>
   </div>
   <div class='ocr_carea' id='block_1_45' title="bbox 168 3191 1815 3272">
    <p class='ocr_par' dir='ltr' id='par_1_45' title="bbox 168 3191 1815 3272">
     <span class='ocr_line' id='line_1_46' title="bbox 168 3191 1815 3272; baseline 0.001 -21"><span class='ocrx_word' id='word_1_311' title='bbox 168 3218 277 3272; x_wconf 76' lang='grc' dir='ltr'>ρων</span> <span class='ocrx_word' id='word_1_312' title='bbox 336 3195 587 3253; x_wconf 68' lang='grc' dir='ltr'>έσκέδασε</span> <span class='ocrx_word' id='word_1_313' title='bbox 642 3198 731 3252; x_wconf 86' lang='grc' dir='ltr'>καὶ</span> <span class='ocrx_word' id='word_1_314' title='bbox 784 3198 878 3252; x_wconf 81' lang='grc' dir='ltr'>τὸν</span> <span class='ocrx_word' id='word_1_315' title='bbox 937 3200 1016 3270; x_wconf 84' lang='grc' dir='ltr'>[Ρ.</span> <span class='ocrx_word' id='word_1_316' title='bbox 1049 3199 1179 3270; x_wconf 77' lang='grc'>749]</span> <span class='ocrx_word' id='word_1_317' title='bbox 1253 3191 1500 3265; x_wconf 77' lang='grc' dir='ltr'>ἰϐάτζην</span> <span class='ocrx_word' id='word_1_318' title='bbox 1566 3194 1815 3271; x_wconf 66' lang='grc' dir='ltr'>κατέσχε.</span> 
     </span>
    </p>
   </div>
   <div class='ocr_carea' id='block_1_46' title="bbox 164 3282 1821 3359">
    <p class='ocr_par' dir='ltr' id='par_1_46' title="bbox 164 3282 1821 3359">
     <span class='ocr_line' id='line_1_47' title="bbox 164 3282 1821 3359; baseline -0.001 -19"><span class='ocrx_word' id='word_1_319' title='bbox 164 3287 257 3341; x_wconf 70' lang='grc' dir='ltr'>Καὶ</span> <span class='ocrx_word' id='word_1_320' title='bbox 346 3284 827 3359; x_wconf 83' lang='grc' dir='ltr'>καταστησάμενος</span> <span class='ocrx_word' id='word_1_321' title='bbox 878 3287 1053 3340; x_wconf 88' lang='grc' dir='ltr'>πάντα</span> <span class='ocrx_word' id='word_1_322' title='bbox 1113 3285 1179 3339; x_wconf 76' lang='grc' dir='ltr'>τά</span> <span class='ocrx_word' id='word_1_323' title='bbox 1231 3283 1283 3339; x_wconf 66' lang='grc' dir='ltr'>ἓν</span> <span class='ocrx_word' id='word_1_324' title='bbox 1343 3282 1672 3359; x_wconf 81' lang='grc' dir='ltr'>Βουλγαρίᾳ,</span> <span class='ocrx_word' id='word_1_325' title='bbox 1730 3284 1821 3339; x_wconf 76' lang='grc' dir='ltr'>καὶ</span> 
     </span>
    </p>
   </div>
   <div class='ocr_carea' id='block_1_47' title="bbox 168 3371 1825 3450">
    <p class='ocr_par' dir='ltr' id='par_1_47' title="bbox 168 3371 1825 3450">
     <span class='ocr_line' id='line_1_48' title="bbox 168 3371 1825 3450; baseline -0.006 -19"><span class='ocrx_word' id='word_1_326' title='bbox 168 3373 512 3450; x_wconf 73' lang='grc' dir='ltr'>στρατηγοὺς</span> <span class='ocrx_word' id='word_1_327' title='bbox 570 3371 622 3428; x_wconf 76' lang='grc' dir='ltr'>ἐν</span> <span class='ocrx_word' id='word_1_328' title='bbox 668 3380 789 3429; x_wconf 79' lang='grc' dir='ltr'>τοῖς</span> <span class='ocrx_word' id='word_1_329' title='bbox 839 3373 1034 3446; x_wconf 80' lang='grc' dir='ltr'>θέμασι</span> <span class='ocrx_word' id='word_1_330' title='bbox 1091 3375 1285 3446; x_wconf 79' lang='grc' dir='ltr'>τάξας,</span> <span class='ocrx_word' id='word_1_331' title='bbox 1357 3371 1573 3428; x_wconf 73' lang='grc' dir='ltr'>εἷ’σεισιν</span> <span class='ocrx_word' id='word_1_332' title='bbox 1648 3372 1700 3428; x_wconf 74' lang='grc' dir='ltr'>ἐν</span> <span class='ocrx_word' id='word_1_333' title='bbox 1758 3373 1825 3448; x_wconf 65' lang='grc' dir='ltr'>τῇ</span> 
     </span>
    </p>
   </div>
   <div class='ocr_carea' id='block_1_48' title="bbox 161 3460 1821 3539">
    <p class='ocr_par' dir='ltr' id='par_1_48' title="bbox 161 3460 1821 3539">
     <span class='ocr_line' id='line_1_49' title="bbox 161 3460 1821 3539; baseline -0.002 -21"><span class='ocrx_word' id='word_1_334' title='bbox 161 3461 439 3537; x_wconf 79' lang='grc' dir='ltr'>βασιλίδι,</span> <span class='ocrx_word' id='word_1_335' title='bbox 490 3461 827 3539; x_wconf 81' lang='grc' dir='ltr'>ἐπαγόμενος</span> <span class='ocrx_word' id='word_1_336' title='bbox 881 3464 995 3534; x_wconf 84' lang='grc' dir='ltr'>μεθ’</span> <span class='ocrx_word' id='word_1_337' title='bbox 1063 3461 1256 3518; x_wconf 65' lang='grc' dir='ltr'>ἑαυτοῦ</span> <span class='ocrx_word' id='word_1_338' title='bbox 1304 3461 1396 3517; x_wconf 85' lang='grc' dir='ltr'>τόν</span> <span class='ocrx_word' id='word_1_339' title='bbox 1446 3482 1504 3516; x_wconf 85' lang='grc' dir='ltr'>τε</span> <span class='ocrx_word' id='word_1_340' title='bbox 1561 3460 1821 3517; x_wconf 85' lang='grc' dir='ltr'>Δελεάνον</span> 
     </span>
    </p>
   </div>
   <div class='ocr_carea' id='block_1_49' title="bbox 157 3546 1823 3625">
    <p class='ocr_par' dir='ltr' id='par_1_49' title="bbox 157 3546 1823 3625">
     <span class='ocr_line' id='line_1_50' title="bbox 157 3546 1823 3625; baseline -0.001 -19"><span class='ocrx_word' id='word_1_341' title='bbox 157 3552 249 3606; x_wconf 75' lang='grc' dir='ltr'>καὶ</span> <span class='ocrx_word' id='word_1_342' title='bbox 306 3552 405 3606; x_wconf 75' lang='grc' dir='ltr'>τὸν</span> <span class='ocrx_word' id='word_1_343' title='bbox 467 3546 751 3622; x_wconf 75' lang='grc' dir='ltr'>Ἰϐατζην.</span> <span class='ocrx_word' id='word_1_344' title='bbox 811 3554 889 3625; x_wconf 80' lang='grc' dir='ltr'>Τῇ</span> <span class='ocrx_word' id='word_1_345' title='bbox 950 3547 1009 3606; x_wconf 66' lang='grc' dir='ltr'>δὲ</span> <span class='ocrx_word' id='word_1_346' title='bbox 1063 3550 1371 3625; x_wconf 76' lang='grc' dir='ltr'>κατεχούσῃ</span> <span class='ocrx_word' id='word_1_347' title='bbox 1429 3554 1620 3605; x_wconf 77' lang='grc' dir='ltr'>τοῦτον</span> <span class='ocrx_word' id='word_1_348' title='bbox 1676 3551 1823 3622; x_wconf 88' lang='grc' dir='ltr'>νόσῳ</span> 
     </span>
    </p>
   </div>
   <div class='ocr_carea' id='block_1_50' title="bbox 159 3638 1825 3716">
    <p class='ocr_par' dir='ltr' id='par_1_50' title="bbox 159 3638 1825 3716">
     <span class='ocr_line' id='line_1_51' title="bbox 159 3638 1825 3716; baseline -0.001 -22"><span class='ocrx_word' id='word_1_349' title='bbox 159 3639 564 3716; x_wconf 73' lang='grc' dir='ltr'>ἑντρυχωθεὶς,</span> <span class='ocrx_word' id='word_1_350' title='bbox 619 3640 709 3694; x_wconf 81' lang='grc' dir='ltr'>καὶ</span> <span class='ocrx_word' id='word_1_351' title='bbox 784 3640 1043 3703; x_wconf 80' lang='grc' dir='ltr'>πάντοθεν</span> <span class='ocrx_word' id='word_1_352' title='bbox 1114 3645 1218 3709; x_wconf 80' lang='grc' dir='ltr'>τῆς</span> <span class='ocrx_word' id='word_1_353' title='bbox 1294 3638 1496 3702; x_wconf 81' lang='grc' dir='ltr'>οἷ’κείας</span> <span class='ocrx_word' id='word_1_354' title='bbox 1550 3638 1825 3714; x_wconf 76' lang='grc' dir='ltr'>ἀπογνοὺς</span> 
     </span>
    </p>
   </div>
   <div class='ocr_carea' id='block_1_51' title="bbox 163 3725 1821 3804">
    <p class='ocr_par' dir='ltr' id='par_1_51' title="bbox 163 3725 1821 3804">
     <span class='ocr_line' id='line_1_52' title="bbox 163 3725 1821 3804; baseline -0.001 -21"><span class='ocrx_word' id='word_1_355' title='bbox 163 3728 465 3801; x_wconf 76' lang='grc' dir='ltr'>σωτηρίας,</span> <span class='ocrx_word' id='word_1_356' title='bbox 518 3727 861 3803; x_wconf 76' lang='grc' dir='ltr'>ἀποκείρεται</span> <span class='ocrx_word' id='word_1_357' title='bbox 922 3728 1167 3803; x_wconf 86' lang='grc' dir='ltr'>μοναχὸς</span> <span class='ocrx_word' id='word_1_358' title='bbox 1222 3727 1368 3804; x_wconf 72' lang='grc' dir='ltr'>παρὰ</span> <span class='ocrx_word' id='word_1_359' title='bbox 1421 3725 1519 3782; x_wconf 73' lang='lat'>106</span> <span class='ocrx_word' id='word_1_360' title='bbox 1576 3728 1821 3804; x_wconf 76' lang='grc' dir='ltr'>μοναχοῦ</span> 
     </span>
    </p>
   </div>
   <div class='ocr_carea' id='block_1_52' title="bbox 162 3812 1819 3890">
    <p class='ocr_par' dir='ltr' id='par_1_52' title="bbox 162 3812 1819 3890">
     <span class='ocr_line' id='line_1_53' title="bbox 162 3812 1819 3890; baseline -0.001 -18"><span class='ocrx_word' id='word_1_361' title='bbox 162 3819 364 3890; x_wconf 78' lang='grc' dir='ltr'>Κοσμᾶ</span> <span class='ocrx_word' id='word_1_362' title='bbox 430 3820 528 3871; x_wconf 79' lang='lat'>106</span> <span class='ocrx_word' id='word_1_363' title='bbox 597 3814 1078 3886; x_wconf 81' lang='grc' dir='ltr'>Τζιντζουλούκη,</span> <span class='ocrx_word' id='word_1_364' title='bbox 1146 3812 1207 3878; x_wconf 79' lang='grc' dir='ltr'>ὅς</span> <span class='ocrx_word' id='word_1_365' title='bbox 1266 3813 1357 3871; x_wconf 77' lang='grc' dir='ltr'>διὰ</span> <span class='ocrx_word' id='word_1_366' title='bbox 1406 3817 1603 3879; x_wconf 84' lang='grc' dir='ltr'>παντὸς</span> <span class='ocrx_word' id='word_1_367' title='bbox 1660 3820 1819 3886; x_wconf 73' lang='grc' dir='ltr'>συνῆν</span> 
     </span>
    </p>
   </div>
   <div class='ocr_carea' id='block_1_53' title="bbox 156 3900 1817 3982">
    <p class='ocr_par' dir='ltr' id='par_1_53' title="bbox 156 3900 1817 3982">
     <span class='ocr_line' id='line_1_54' title="bbox 156 3900 1817 3982; baseline 0 -23"><span class='ocrx_word' id='word_1_368' title='bbox 156 3906 310 3977; x_wconf 76' lang='grc' dir='ltr'>αὐτῷ</span> <span class='ocrx_word' id='word_1_369' title='bbox 341 3906 433 3959; x_wconf 82' lang='grc' dir='ltr'>καὶ</span> <span class='ocrx_word' id='word_1_370' title='bbox 467 3903 731 3960; x_wconf 69' lang='grc' dir='ltr'>ἐνουθέτει</span> <span class='ocrx_word' id='word_1_371' title='bbox 761 3905 828 3960; x_wconf 78' lang='grc' dir='ltr'>τὰ</span> <span class='ocrx_word' id='word_1_372' title='bbox 856 3902 1062 3962; x_wconf 76' lang='grc' dir='ltr'>δέοντα.</span> <span class='ocrx_word' id='word_1_373' title='bbox 1116 3900 1450 3982; x_wconf 74' lang='grc' dir='ltr'>Δεκεμϐρίου</span> <span class='ocrx_word' id='word_1_374' title='bbox 1508 3903 1566 3961; x_wconf 75' lang='grc' dir='ltr'>δὲ</span> <span class='ocrx_word' id='word_1_375' title='bbox 1622 3903 1817 3980; x_wconf 79' lang='grc' dir='ltr'>δεκάτῃ</span> 
     </span>
    </p>
   </div>
   <div class='ocr_carea' id='block_1_54' title="bbox 157 3990 1820 4071">
    <p class='ocr_par' dir='ltr' id='par_1_54' title="bbox 157 3990 1820 4071">
     <span class='ocr_line' id='line_1_55' title="bbox 157 3990 1820 4071; baseline 0 -22"><span class='ocrx_word' id='word_1_376' title='bbox 157 3999 256 4049; x_wconf 74' lang='lat'>106</span> <span class='ocrx_word' id='word_1_377' title='bbox 286 3996 423 4071; x_wconf 52' lang='grc' dir='ltr'>,ςφν’</span> <span class='ocrx_word' id='word_1_378' title='bbox 451 3991 629 4067; x_wconf 78' lang='grc' dir='ltr'>ἔτους,</span> <span class='ocrx_word' id='word_1_379' title='bbox 672 3990 1038 4064; x_wconf 84' lang='grc' dir='ltr'>ίνδικτιῶνος,</span> <span class='ocrx_word' id='word_1_380' title='bbox 1075 3996 1125 4066; x_wconf 77' lang='grc' dir='ltr'>ι’,</span> <span class='ocrx_word' id='word_1_381' title='bbox 1187 3996 1402 4065; x_wconf 78' lang='grc' dir='ltr'>θνήσκει</span> <span class='ocrx_word' id='word_1_382' title='bbox 1455 3993 1506 4047; x_wconf 80' lang='grc' dir='ltr'>ἐν</span> <span class='ocrx_word' id='word_1_383' title='bbox 1564 3994 1820 4068; x_wconf 76' lang='grc' dir='ltr'>μετανοίᾳ</span> 
     </span>
    </p>
   </div>
   <div class='ocr_carea' id='block_1_55' title="bbox 1937 1864 3587 1940">
    <p class='ocr_par' dir='ltr' id='par_1_55' title="bbox 1937 1864 3587 1940">
     <span class='ocr_line' id='line_1_56' title="bbox 1937 1864 3587 1940; baseline 0.005 -23"><span class='ocrx_word' id='word_1_384' title='bbox 1937 1864 2062 1919; x_wconf 90' lang='lat' dir='ltr'><strong>suis</strong></span> <span class='ocrx_word' id='word_1_385' title='bbox 2091 1867 2522 1922; x_wconf 86' lang='lat' dir='ltr'><strong>communicata</strong></span> <span class='ocrx_word' id='word_1_386' title='bbox 2558 1867 2865 1924; x_wconf 85' lang='lat' dir='ltr'><strong>Deleauum</strong></span> <span class='ocrx_word' id='word_1_387' title='bbox 2901 1871 2970 1924; x_wconf 89' lang='lat' dir='ltr'>ad</span> <span class='ocrx_word' id='word_1_388' title='bbox 3005 1870 3330 1926; x_wconf 88' lang='lat' dir='ltr'><strong>convivium</strong></span> <span class='ocrx_word' id='word_1_389' title='bbox 3362 1870 3587 1940; x_wconf 84' lang='lat' dir='ltr'><strong>invitat,</strong></span> 
     </span>
    </p>
   </div>
   <div class='ocr_carea' id='block_1_56' title="bbox 1936 1953 3586 2030">
    <p class='ocr_par' dir='ltr' id='par_1_56' title="bbox 1936 1953 3586 2030">
     <span class='ocr_line' id='line_1_57' title="bbox 1936 1953 3586 2030; baseline 0.004 -23"><span class='ocrx_word' id='word_1_390' title='bbox 1936 1953 2135 2024; x_wconf 88' lang='lat' dir='ltr'><strong>ibique</strong></span> <span class='ocrx_word' id='word_1_391' title='bbox 2167 1953 2406 2026; x_wconf 81' lang='lat' dir='ltr'><strong>crapula</strong></span> <span class='ocrx_word' id='word_1_392' title='bbox 2435 1961 2492 2011; x_wconf 90' lang='lat' dir='ltr'>et</span> <span class='ocrx_word' id='word_1_393' title='bbox 2522 1957 2802 2013; x_wconf 83' lang='lat' dir='ltr'><strong>ebrietate</strong></span> <span class='ocrx_word' id='word_1_394' title='bbox 2846 1964 3015 2030; x_wconf 86' lang='lat' dir='ltr'><strong>capto</strong></span> <span class='ocrx_word' id='word_1_395' title='bbox 3046 1958 3248 2014; x_wconf 91' lang='lat' dir='ltr'><strong>oculos</strong></span> <span class='ocrx_word' id='word_1_396' title='bbox 3277 1959 3448 2028; x_wconf 89' lang='lat' dir='ltr'><strong>eruit,</strong></span> <span class='ocrx_word' id='word_1_397' title='bbox 3480 1976 3586 2014; x_wconf 88' lang='lat' dir='ltr'><strong>ne-</strong></span> 
     </span>
    </p>
   </div>
   <div class='ocr_carea' id='block_1_57' title="bbox 1937 2041 3587 2118">
    <p class='ocr_par' dir='ltr' id='par_1_57' title="bbox 1937 2041 3587 2118">
     <span class='ocr_line' id='line_1_58' title="bbox 1937 2041 3587 2118; baseline 0.004 -23"><span class='ocrx_word' id='word_1_398' title='bbox 1937 2041 2097 2096; x_wconf 88' lang='lat' dir='ltr'><strong>mine</strong></span> <span class='ocrx_word' id='word_1_399' title='bbox 2130 2060 2367 2113; x_wconf 86' lang='lat' dir='ltr'><strong>prorsus</strong></span> <span class='ocrx_word' id='word_1_400' title='bbox 2397 2042 2780 2114; x_wconf 88' lang='lat' dir='ltr'><strong>Bulgarorum</strong></span> <span class='ocrx_word' id='word_1_401' title='bbox 2812 2045 2867 2100; x_wconf 91' lang='lat' dir='ltr'><strong>id</strong></span> <span class='ocrx_word' id='word_1_402' title='bbox 2902 2047 3213 2101; x_wconf 89' lang='lat' dir='ltr'><strong>sentiente.</strong></span> <span class='ocrx_word' id='word_1_403' title='bbox 3244 2047 3373 2118; x_wconf 87' lang='lat' dir='ltr'><strong>Ipse</strong></span> <span class='ocrx_word' id='word_1_404' title='bbox 3401 2047 3587 2117; x_wconf 88' lang='lat' dir='ltr'><strong>Mosy—</strong></span> 
     </span>
    </p>
   </div>
   <div class='ocr_carea' id='block_1_58' title="bbox 1939 2129 3588 2207">
    <p class='ocr_par' dir='ltr' id='par_1_58' title="bbox 1939 2129 3588 2207">
     <span class='ocr_line' id='line_1_59' title="bbox 1939 2129 3588 2207; baseline 0.003 -23"><span class='ocrx_word' id='word_1_405' title='bbox 1939 2129 2171 2201; x_wconf 88' lang='lat' dir='ltr'><strong>nopoiin</strong></span> <span class='ocrx_word' id='word_1_406' title='bbox 2205 2132 2273 2184; x_wconf 80' lang='lat' dir='ltr'>nd</span> <span class='ocrx_word' id='word_1_407' title='bbox 2309 2134 2720 2203; x_wconf 84' lang='lat' dir='ltr'><strong>imperatorem</strong></span> <span class='ocrx_word' id='word_1_408' title='bbox 2764 2135 3039 2206; x_wconf 86' lang='lat' dir='ltr'><strong>profugit.</strong></span> <span class='ocrx_word' id='word_1_409' title='bbox 3074 2135 3238 2189; x_wconf 84' lang='lat' dir='ltr'><strong>Hunc</strong></span> <span class='ocrx_word' id='word_1_410' title='bbox 3269 2136 3588 2207; x_wconf 86' lang='lat' dir='ltr'><strong>imperator</strong></span> 
     </span>
    </p>
   </div>
   <div class='ocr_carea' id='block_1_59' title="bbox 1938 2220 3586 2295">
    <p class='ocr_par' dir='ltr' id='par_1_59' title="bbox 1938 2220 3586 2295">
     <span class='ocr_line' id='line_1_60' title="bbox 1938 2220 3586 2295; baseline 0.003 -22"><span class='ocrx_word' id='word_1_411' title='bbox 1938 2220 2009 2274; x_wconf 85' lang='lat' dir='ltr'>ari</span> <span class='ocrx_word' id='word_1_412' title='bbox 2034 2220 2300 2292; x_wconf 81' lang='lat' dir='ltr'><strong>magistri</strong></span> <span class='ocrx_word' id='word_1_413' title='bbox 2323 2221 2667 2293; x_wconf 87' lang='lat' dir='ltr'><strong>dignitatem</strong></span> <span class='ocrx_word' id='word_1_414' title='bbox 2690 2227 2953 2278; x_wconf 89' lang='lat' dir='ltr'><strong>evectum</strong></span> <span class='ocrx_word' id='word_1_415' title='bbox 2972 2222 3175 2295; x_wconf 88' lang='lat' dir='ltr'><strong>Cpolin</strong></span> <span class='ocrx_word' id='word_1_416' title='bbox 3199 2224 3271 2279; x_wconf 92' lang='lat' dir='ltr'>ad</span> <span class='ocrx_word' id='word_1_417' title='bbox 3292 2224 3586 2295; x_wconf 85' lang='lat' dir='ltr'><strong>orphano-</strong></span> 
     </span>
    </p>
   </div>
   <div class='ocr_carea' id='block_1_60' title="bbox 1935 2307 3589 2383">
    <p class='ocr_par' dir='ltr' id='par_1_60' title="bbox 1935 2307 3589 2383">
     <span class='ocr_line' id='line_1_61' title="bbox 1935 2307 3589 2383; baseline 0.003 -21"><span class='ocrx_word' id='word_1_418' title='bbox 1935 2307 2214 2378; x_wconf 82' lang='lat' dir='ltr'><strong>tmphum</strong></span> <span class='ocrx_word' id='word_1_419' title='bbox 2249 2310 2547 2365; x_wconf 88' lang='lat' dir='ltr'><strong>amandat.</strong></span> <span class='ocrx_word' id='word_1_420' title='bbox 2572 2313 2701 2382; x_wconf 89' lang='lat' dir='ltr'><strong>Ipse</strong></span> <span class='ocrx_word' id='word_1_421' title='bbox 2728 2328 2831 2383; x_wconf 90' lang='lat' dir='ltr'>per</span> <span class='ocrx_word' id='word_1_422' title='bbox 2853 2312 3331 2368; x_wconf 82' lang='lat' dir='ltr'><strong>Thessalonicam</strong></span> <span class='ocrx_word' id='word_1_423' title='bbox 3361 2313 3422 2367; x_wconf 89' lang='lat' dir='ltr'>in</span> <span class='ocrx_word' id='word_1_424' title='bbox 3449 2312 3589 2367; x_wconf 83' lang='lat' dir='ltr'><strong>Bul-</strong></span> 
     </span>
    </p>
   </div>
   <div class='ocr_carea' id='block_1_61' title="bbox 1935 2397 3596 2471">
    <p class='ocr_par' dir='ltr' id='par_1_61' title="bbox 1935 2397 3596 2471">
     <span class='ocr_line' id='line_1_62' title="bbox 1935 2397 3596 2471; baseline 0.003 -21"><span class='ocrx_word' id='word_1_425' title='bbox 1935 2397 2157 2463; x_wconf 69' lang='lat' dir='ltr'><strong>gariam</strong></span> <span class='ocrx_word' id='word_1_426' title='bbox 2183 2399 2987 2471; x_wconf 89' lang='lat' dir='ltr'><strong>venit,comprebensumque</strong></span> <span class='ocrx_word' id='word_1_427' title='bbox 3011 2400 3326 2456; x_wconf 86' lang='lat' dir='ltr'><strong>Deleanum</strong></span> <span class='ocrx_word' id='word_1_428' title='bbox 3348 2400 3596 2455; x_wconf 85' lang='lat' dir='ltr'><strong>Thessa-</strong></span> 
     </span>
    </p>
   </div>
   <div class='ocr_carea' id='block_1_62' title="bbox 1936 2484 3592 2562">
    <p class='ocr_par' dir='ltr' id='par_1_62' title="bbox 1936 2484 3592 2562">
     <span class='ocr_line' id='line_1_63' title="bbox 1936 2484 3592 2562; baseline 0.002 -22"><span class='ocrx_word' id='word_1_429' title='bbox 1936 2484 2184 2540; x_wconf 89' lang='lat' dir='ltr'><strong>lonicam</strong></span> <span class='ocrx_word' id='word_1_430' title='bbox 2219 2486 2418 2541; x_wconf 89' lang='lat' dir='ltr'><strong>mittit.</strong></span> <span class='ocrx_word' id='word_1_431' title='bbox 2445 2487 2586 2542; x_wconf 88' lang='lat' dir='ltr'><strong>Inde</strong></span> <span class='ocrx_word' id='word_1_432' title='bbox 2627 2489 2696 2543; x_wconf 89' lang='lat' dir='ltr'>ad</span> <span class='ocrx_word' id='word_1_433' title='bbox 2746 2488 3026 2544; x_wconf 86' lang='lat' dir='ltr'><strong>interiora</strong></span> <span class='ocrx_word' id='word_1_434' title='bbox 3075 2507 3326 2562; x_wconf 83' lang='lat' dir='ltr'><strong>pergens</strong></span> <span class='ocrx_word' id='word_1_435' title='bbox 3358 2495 3592 2560; x_wconf 84' lang='lat' dir='ltr'><strong>septum</strong></span> 
     </span>
    </p>
   </div>
   <div class='ocr_carea' id='block_1_63' title="bbox 1934 2573 3589 2650">
    <p class='ocr_par' dir='ltr' id='par_1_63' title="bbox 1934 2573 3589 2650">
     <span class='ocr_line' id='line_1_64' title="bbox 1934 2573 3589 2650; baseline 0.002 -21"><span class='ocrx_word' id='word_1_436' title='bbox 1934 2573 2216 2646; x_wconf 84' lang='lat' dir='ltr'><strong>ligneum,</strong></span> <span class='ocrx_word' id='word_1_437' title='bbox 2272 2577 2425 2647; x_wconf 90' lang='lat' dir='ltr'><strong>quod</strong></span> <span class='ocrx_word' id='word_1_438' title='bbox 2478 2576 2786 2632; x_wconf 89' lang='lat' dir='ltr'><strong>Manuelus</strong></span> <span class='ocrx_word' id='word_1_439' title='bbox 2838 2577 3033 2633; x_wconf 85' lang='lat' dir='ltr'><strong>lbatza</strong></span> <span class='ocrx_word' id='word_1_440' title='bbox 3081 2579 3234 2649; x_wconf 88' lang='lat' dir='ltr'><strong>apud</strong></span> <span class='ocrx_word' id='word_1_441' title='bbox 3290 2577 3589 2650; x_wconf 89' lang='lat' dir='ltr'><strong>Prilapum</strong></span> 
     </span>
    </p>
   </div>
   <div class='ocr_carea' id='block_1_64' title="bbox 1936 2664 3592 2739">
    <p class='ocr_par' dir='ltr' id='par_1_64' title="bbox 1936 2664 3592 2739">
     <span class='ocr_line' id='line_1_65' title="bbox 1936 2664 3592 2739; baseline 0.002 -22"><span class='ocrx_word' id='word_1_442' title='bbox 1936 2664 2168 2728; x_wconf 78' lang='lat' dir='ltr'><strong>fecerat,</strong></span> <span class='ocrx_word' id='word_1_443' title='bbox 2199 2670 2264 2719; x_wconf 89' lang='lat' dir='ltr'>ut</span> <span class='ocrx_word' id='word_1_444' title='bbox 2293 2664 2492 2736; x_wconf 88' lang='lat' dir='ltr'><strong>c0pias</strong></span> <span class='ocrx_word' id='word_1_445' title='bbox 2536 2664 2906 2737; x_wconf 86' lang='lat' dir='ltr'><strong>imperatoris</strong></span> <span class='ocrx_word' id='word_1_446' title='bbox 2940 2684 3250 2739; x_wconf 88' lang='lat' dir='ltr'><strong>progressu</strong></span> <span class='ocrx_word' id='word_1_447' title='bbox 3284 2672 3506 2723; x_wconf 88' lang='lat' dir='ltr'><strong>arceret</strong></span> <span class='ocrx_word' id='word_1_448' title='bbox 3534 2671 3592 2722; x_wconf 91' lang='lat' dir='ltr'>et</span> 
     </span>
    </p>
   </div>
   <div class='ocr_carea' id='block_1_65' title="bbox 1934 2752 3588 2828">
    <p class='ocr_par' dir='ltr' id='par_1_65' title="bbox 1934 2752 3588 2828">
     <span class='ocr_line' id='line_1_66' title="bbox 1934 2752 3588 2828; baseline 0.002 -22"><span class='ocrx_word' id='word_1_449' title='bbox 1934 2752 2060 2822; x_wconf 87' lang='lat' dir='ltr'><strong>ipse</strong></span> <span class='ocrx_word' id='word_1_450' title='bbox 2091 2754 2369 2809; x_wconf 89' lang='lat' dir='ltr'><strong>interiora</strong></span> <span class='ocrx_word' id='word_1_451' title='bbox 2390 2755 2699 2821; x_wconf 83' lang='lat' dir='ltr'><strong>obtineret,</strong></span> <span class='ocrx_word' id='word_1_452' title='bbox 2724 2755 3022 2811; x_wconf 87' lang='lat' dir='ltr'><strong>celerrime</strong></span> <span class='ocrx_word' id='word_1_453' title='bbox 3062 2756 3345 2828; x_wconf 85' lang='lat' dir='ltr'><strong>perrupit,</strong></span> <span class='ocrx_word' id='word_1_454' title='bbox 3361 2772 3429 2812; x_wconf 91' lang='lat' dir='ltr'>ac</span> <span class='ocrx_word' id='word_1_455' title='bbox 3450 2755 3588 2811; x_wconf 89' lang='lat' dir='ltr'><strong>Bul-</strong></span> 
     </span>
    </p>
   </div>
   <div class='ocr_carea' id='block_1_66' title="bbox 1933 2842 3588 2917">
    <p class='ocr_par' dir='ltr' id='par_1_66' title="bbox 1933 2842 3588 2917">
     <span class='ocr_line' id='line_1_67' title="bbox 1933 2842 3588 2917; baseline 0.004 -23"><span class='ocrx_word' id='word_1_456' title='bbox 1933 2857 2206 2912; x_wconf 84' lang='lat' dir='ltr'><strong>garorum</strong></span> <span class='ocrx_word' id='word_1_457' title='bbox 2241 2842 2527 2914; x_wconf 87' lang='lat' dir='ltr'><strong>dissipata</strong></span> <span class='ocrx_word' id='word_1_458' title='bbox 2565 2843 2813 2899; x_wconf 83' lang='lat' dir='ltr'><strong>coitione</strong></span> <span class='ocrx_word' id='word_1_459' title='bbox 2862 2846 3113 2900; x_wconf 87' lang='lat' dir='ltr'><strong>Ibatzam</strong></span> <span class='ocrx_word' id='word_1_460' title='bbox 3166 2845 3336 2917; x_wconf 89' lang='lat' dir='ltr'><strong>cepit.</strong></span> <span class='ocrx_word' id='word_1_461' title='bbox 3392 2845 3588 2901; x_wconf 83' lang='lat' dir='ltr'><strong>Rebus</strong></span> 
     </span>
    </p>
   </div>
   <div class='ocr_carea' id='block_1_67' title="bbox 1934 2929 3590 3005">
    <p class='ocr_par' dir='ltr' id='par_1_67' title="bbox 1934 2929 3590 3005">
     <span class='ocr_line' id='line_1_68' title="bbox 1934 2929 3590 3005; baseline 0.002 -21"><span class='ocrx_word' id='word_1_462' title='bbox 1934 2929 2144 2984; x_wconf 89' lang='lat' dir='ltr'><strong>deinde</strong></span> <span class='ocrx_word' id='word_1_463' title='bbox 2174 2931 2459 3002; x_wconf 72' lang='lat' dir='ltr'><strong>Bulgaria:</strong></span> <span class='ocrx_word' id='word_1_464' title='bbox 2483 2931 2843 3000; x_wconf 81' lang='lat' dir='ltr'><strong>constitutis,</strong></span> <span class='ocrx_word' id='word_1_465' title='bbox 2866 2950 2931 2988; x_wconf 91' lang='lat' dir='ltr'>ac</span> <span class='ocrx_word' id='word_1_466' title='bbox 2953 2933 3262 3005; x_wconf 74' lang='lat' dir='ltr'><strong>provincia:</strong></span> <span class='ocrx_word' id='word_1_467' title='bbox 3286 2934 3422 2989; x_wconf 89' lang='lat' dir='ltr'><strong>dato</strong></span> <span class='ocrx_word' id='word_1_468' title='bbox 3444 2950 3590 3004; x_wconf 68' lang='lat' dir='ltr'><strong>pra:-</strong></span> 
     </span>
    </p>
   </div>
   <div class='ocr_carea' id='block_1_68' title="bbox 1933 3018 3583 3092">
    <p class='ocr_par' dir='ltr' id='par_1_68' title="bbox 1933 3018 3583 3092">
     <span class='ocr_line' id='line_1_69' title="bbox 1933 3018 3583 3092; baseline 0.004 -20"><span class='ocrx_word' id='word_1_469' title='bbox 1933 3018 2080 3084; x_wconf 80' lang='lat' dir='ltr'><strong>side,</strong></span> <span class='ocrx_word' id='word_1_470' title='bbox 2106 3019 2308 3075; x_wconf 84' lang='lat' dir='ltr'><strong>urbem</strong></span> <span class='ocrx_word' id='word_1_471' title='bbox 2342 3020 2646 3092; x_wconf 87' lang='lat' dir='ltr'><strong>ingressus</strong></span> <span class='ocrx_word' id='word_1_472' title='bbox 2666 3028 2776 3087; x_wconf 90' lang='lat' dir='ltr'><strong>est,</strong></span> <span class='ocrx_word' id='word_1_473' title='bbox 2800 3039 2999 3078; x_wconf 88' lang='lat' dir='ltr'><strong>secum</strong></span> <span class='ocrx_word' id='word_1_474' title='bbox 3023 3025 3243 3079; x_wconf 89' lang='lat' dir='ltr'><strong>ducens</strong></span> <span class='ocrx_word' id='word_1_475' title='bbox 3262 3022 3583 3078; x_wconf 84' lang='lat' dir='ltr'><strong>Deleanum</strong></span> 
     </span>
    </p>
   </div>
   <div class='ocr_carea' id='block_1_69' title="bbox 1931 3108 3585 3183">
    <p class='ocr_par' dir='ltr' id='par_1_69' title="bbox 1931 3108 3585 3183">
     <span class='ocr_line' id='line_1_70' title="bbox 1931 3108 3585 3183; baseline 0.002 -21"><span class='ocrx_word' id='word_1_476' title='bbox 1931 3112 1990 3163; x_wconf 89' lang='lat' dir='ltr'>et</span> <span class='ocrx_word' id='word_1_477' title='bbox 2042 3108 2318 3164; x_wconf 88' lang='lat' dir='ltr'><strong>Ibatzam.</strong></span> <span class='ocrx_word' id='word_1_478' title='bbox 2360 3114 2499 3165; x_wconf 88' lang='lat' dir='ltr'><strong>Post</strong></span> <span class='ocrx_word' id='word_1_479' title='bbox 2549 3112 2751 3166; x_wconf 91' lang='lat' dir='ltr'><strong>morbo</strong></span> <span class='ocrx_word' id='word_1_480' title='bbox 2805 3128 2913 3167; x_wconf 90' lang='lat' dir='ltr'>suo</span> <span class='ocrx_word' id='word_1_481' title='bbox 2974 3128 3213 3183; x_wconf 88' lang='lat' dir='ltr'><strong>prorsus</strong></span> <span class='ocrx_word' id='word_1_482' title='bbox 3263 3112 3585 3181; x_wconf 83' lang='lat' dir='ltr'><strong>confectus,</strong></span> 
     </span>
    </p>
   </div>
   <div class='ocr_carea' id='block_1_70' title="bbox 1934 3196 3591 3271">
    <p class='ocr_par' dir='ltr' id='par_1_70' title="bbox 1934 3196 3591 3271">
     <span class='ocr_line' id='line_1_71' title="bbox 1934 3196 3591 3271; baseline 0.001 -20"><span class='ocrx_word' id='word_1_483' title='bbox 1934 3196 2124 3251; x_wconf 84' lang='lat' dir='ltr'><strong>salute</strong></span> <span class='ocrx_word' id='word_1_484' title='bbox 2177 3197 2436 3268; x_wconf 91' lang='lat' dir='ltr'><strong>corporis</strong></span> <span class='ocrx_word' id='word_1_485' title='bbox 2484 3200 2725 3253; x_wconf 89' lang='lat' dir='ltr'><strong>omnino</strong></span> <span class='ocrx_word' id='word_1_486' title='bbox 2773 3200 3107 3271; x_wconf 82' lang='lat' dir='ltr'><strong>desperata,</strong></span> <span class='ocrx_word' id='word_1_487' title='bbox 3138 3200 3369 3254; x_wconf 86' lang='lat' dir='ltr'><strong>raditur</strong></span> <span class='ocrx_word' id='word_1_488' title='bbox 3416 3204 3474 3254; x_wconf 83' lang='lat' dir='ltr'>et</span> <span class='ocrx_word' id='word_1_489' title='bbox 3522 3199 3591 3253; x_wconf 81' lang='lat' dir='ltr'><strong>fit</strong></span> 
     </span>
    </p>
   </div>
   <div class='ocr_carea' id='block_1_71' title="bbox 1935 3285 3589 3359">
    <p class='ocr_par' dir='ltr' id='par_1_71' title="bbox 1935 3285 3589 3359">
     <span class='ocr_line' id='line_1_72' title="bbox 1935 3285 3589 3359; baseline 0.002 -20"><span class='ocrx_word' id='word_1_490' title='bbox 1935 3285 2265 3340; x_wconf 87' lang='lat' dir='ltr'><strong>monachus</strong></span> <span class='ocrx_word' id='word_1_491' title='bbox 2296 3302 2470 3357; x_wconf 85' lang='lat' dir='ltr'><strong>Opera</strong></span> <span class='ocrx_word' id='word_1_492' title='bbox 2496 3286 2719 3343; x_wconf 66' lang='lat' dir='ltr'><strong>Cosme:</strong></span> <span class='ocrx_word' id='word_1_493' title='bbox 2747 3288 3135 3344; x_wconf 71' lang='lat' dir='ltr'><strong>Tzintzuluca:</strong></span> <span class='ocrx_word' id='word_1_494' title='bbox 3168 3287 3465 3358; x_wconf 88' lang='lat' dir='ltr'><strong>monachi,</strong></span> <span class='ocrx_word' id='word_1_495' title='bbox 3488 3287 3589 3359; x_wconf 89' lang='lat' dir='ltr'><strong>qui</strong></span> 
     </span>
    </p>
   </div>
   <div class='ocr_carea' id='block_1_72' title="bbox 1933 3375 3591 3450">
    <p class='ocr_par' dir='ltr' id='par_1_72' title="bbox 1933 3375 3591 3450">
     <span class='ocr_line' id='line_1_73' title="bbox 1933 3375 3591 3450; baseline 0.001 -21"><span class='ocrx_word' id='word_1_496' title='bbox 1933 3389 2169 3446; x_wconf 88' lang='lat' dir='ltr'><strong>semper</strong></span> <span class='ocrx_word' id='word_1_497' title='bbox 2188 3390 2327 3445; x_wconf 53' lang='lat' dir='ltr'><strong>cum.</strong></span> <span class='ocrx_word' id='word_1_498' title='bbox 2345 3392 2410 3431; x_wconf 91' lang='lat' dir='ltr'>eo</span> <span class='ocrx_word' id='word_1_499' title='bbox 2444 3375 2550 3430; x_wconf 86' lang='lat' dir='ltr'><strong>fuit</strong></span> <span class='ocrx_word' id='word_1_500' title='bbox 2578 3381 2633 3431; x_wconf 91' lang='lat' dir='ltr'>et</span> <span class='ocrx_word' id='word_1_501' title='bbox 2654 3382 2936 3445; x_wconf 82' lang='lat' dir='ltr'><strong>quantum</strong></span> <span class='ocrx_word' id='word_1_502' title='bbox 2960 3395 3109 3448; x_wconf 91' lang='lat' dir='ltr'><strong>opus</strong></span> <span class='ocrx_word' id='word_1_503' title='bbox 3130 3382 3254 3434; x_wconf 86' lang='lat' dir='ltr'><strong>erat</strong></span> <span class='ocrx_word' id='word_1_504' title='bbox 3285 3377 3591 3450; x_wconf 64' lang='lat' dir='ltr'><strong>praeceptis</strong></span> 
     </span>
    </p>
   </div>
   <div class='ocr_carea' id='block_1_73' title="bbox 1933 3462 3589 3543">
    <p class='ocr_par' dir='ltr' id='par_1_73' title="bbox 1933 3462 3589 3543">
     <span class='ocr_line' id='line_1_74' title="bbox 1933 3462 3589 3543; baseline 0.002 -25"><span class='ocrx_word' id='word_1_505' title='bbox 1933 3462 2231 3518; x_wconf 86' lang='lat' dir='ltr'><strong>instruxit.</strong></span> <span class='ocrx_word' id='word_1_506' title='bbox 2279 3464 2615 3519; x_wconf 80' lang='lat' dir='ltr'><strong>Decembris</strong></span> <span class='ocrx_word' id='word_1_507' title='bbox 2670 3468 2735 3520; x_wconf 86' lang='grc' dir='ltr'>1υ</span> <span class='ocrx_word' id='word_1_508' title='bbox 2783 3467 2896 3535; x_wconf 89' lang='lat' dir='ltr'><strong>die,</strong></span> <span class='ocrx_word' id='word_1_509' title='bbox 2946 3467 3266 3521; x_wconf 87' lang='lat' dir='ltr'><strong>indictione</strong></span> <span class='ocrx_word' id='word_1_510' title='bbox 3312 3467 3400 3532; x_wconf 86' lang='grc'>10,</span> <span class='ocrx_word' id='word_1_511' title='bbox 3435 3482 3589 3543; x_wconf 86' lang='lat' dir='ltr'><strong>anno</strong></span> 
     </span>
    </p>
   </div>
   <div class='ocr_carea' id='block_1_74' title="bbox 1931 3552 3588 3626">
    <p class='ocr_par' dir='ltr' id='par_1_74' title="bbox 1931 3552 3588 3626">
     <span class='ocr_line' id='line_1_75' title="bbox 1931 3552 3588 3626; baseline 0.002 -20"><span class='ocrx_word' id='word_1_512' title='bbox 1931 3552 2137 3606; x_wconf 88' lang='lat' dir='ltr'><strong>mundi</strong></span> <span class='ocrx_word' id='word_1_513' title='bbox 2167 3552 2330 3612; x_wconf 85' lang='grc'>6550,</span> <span class='ocrx_word' id='word_1_514' title='bbox 2353 3553 2469 3607; x_wconf 89' lang='lat' dir='ltr'><strong>vita</strong></span> <span class='ocrx_word' id='word_1_515' title='bbox 2507 3555 2775 3617; x_wconf 78' lang='lat' dir='ltr'><strong>excessit,</strong></span> <span class='ocrx_word' id='word_1_516' title='bbox 2824 3556 3169 3626; x_wconf 65' lang='lat' dir='ltr'><strong>paenitentia</strong></span> <span class='ocrx_word' id='word_1_517' title='bbox 3201 3560 3324 3609; x_wconf 89' lang='lat' dir='ltr'><strong>acts</strong></span> <span class='ocrx_word' id='word_1_518' title='bbox 3360 3559 3416 3609; x_wconf 91' lang='lat' dir='ltr'>et</span> <span class='ocrx_word' id='word_1_519' title='bbox 3448 3570 3588 3625; x_wconf 84' lang='lat' dir='ltr'><strong>pec-</strong></span> 
     </span>
    </p>
   </div>
   <div class='ocr_carea' id='block_1_75' title="bbox 1931 3641 3582 3716">
    <p class='ocr_par' dir='ltr' id='par_1_75' title="bbox 1931 3641 3582 3716">
     <span class='ocr_line' id='line_1_76' title="bbox 1931 3641 3582 3716; baseline 0.001 -22"><span class='ocrx_word' id='word_1_520' title='bbox 1931 3644 2061 3694; x_wconf 80' lang='lat' dir='ltr'><strong>cata</strong></span> <span class='ocrx_word' id='word_1_521' title='bbox 2091 3656 2200 3695; x_wconf 86' lang='lat' dir='ltr'>sua</span> <span class='ocrx_word' id='word_1_522' title='bbox 2233 3641 2320 3710; x_wconf 90' lang='lat' dir='ltr'>pie</span> <span class='ocrx_word' id='word_1_523' title='bbox 2352 3643 2677 3712; x_wconf 67' lang='lat' dir='ltr'><strong>con&#39;essus,</strong></span> <span class='ocrx_word' id='word_1_524' title='bbox 2701 3659 2767 3698; x_wconf 89' lang='lat' dir='ltr'>ac</span> <span class='ocrx_word' id='word_1_525' title='bbox 2811 3643 3088 3716; x_wconf 81' lang='lat' dir='ltr'><strong>lacrymis</strong></span> <span class='ocrx_word' id='word_1_526' title='bbox 3128 3643 3492 3699; x_wconf 69' lang='lat' dir='ltr'><strong>suum‘584</strong></span> <span class='ocrx_word' id='word_1_527' title='bbox 3522 3642 3582 3696; x_wconf 91' lang='lat' dir='ltr'>in</span> 
     </span>
    </p>
   </div>
   <div class='ocr_carea' id='block_1_76' title="bbox 1932 3728 3584 3804">
    <p class='ocr_par' dir='ltr' id='par_1_76' title="bbox 1932 3728 3584 3804">
     <span class='ocr_line' id='line_1_77' title="bbox 1932 3728 3584 3804; baseline 0.001 -21"><span class='ocrx_word' id='word_1_528' title='bbox 1932 3728 2261 3784; x_wconf 81' lang='lat' dir='ltr'><strong>Romanum</strong></span> <span class='ocrx_word' id='word_1_529' title='bbox 2288 3730 2698 3802; x_wconf 78' lang='lat' dir='ltr'><strong>imperatorem</strong></span> <span class='ocrx_word' id='word_1_530' title='bbox 2725 3730 2917 3787; x_wconf 89' lang='lat' dir='ltr'><strong>scelus</strong></span> <span class='ocrx_word' id='word_1_531' title='bbox 2941 3736 3307 3804; x_wconf 87' lang='lat' dir='ltr'><strong>prosecutus.</strong></span> <span class='ocrx_word' id='word_1_532' title='bbox 3329 3731 3413 3786; x_wconf 90' lang='lat' dir='ltr'>Im</span> <span class='ocrx_word' id='word_1_533' title='bbox 3426 3746 3584 3801; x_wconf 85' lang='lat' dir='ltr'><strong>pera-</strong></span> 
     </span>
    </p>
   </div>
   <div class='ocr_carea' id='block_1_77' title="bbox 1929 3817 3580 3889">
    <p class='ocr_par' dir='ltr' id='par_1_77' title="bbox 1929 3817 3580 3889">
     <span class='ocr_line' id='line_1_78' title="bbox 1929 3817 3580 3889; baseline 0 -17"><span class='ocrx_word' id='word_1_534' title='bbox 1929 3817 2010 3873; x_wconf 85' lang='lat' dir='ltr'>vit</span> <span class='ocrx_word' id='word_1_535' title='bbox 2040 3834 2224 3873; x_wconf 84' lang='lat' dir='ltr'><strong>annos</strong></span> <span class='ocrx_word' id='word_1_536' title='bbox 2258 3820 2313 3884; x_wconf 94' lang='lat'>7,</span> <span class='ocrx_word' id='word_1_537' title='bbox 2351 3836 2583 3875; x_wconf 85' lang='lat' dir='ltr'><strong>menses</strong></span> <span class='ocrx_word' id='word_1_538' title='bbox 2612 3820 2668 3884; x_wconf 89' lang='lat'>8,</span> <span class='ocrx_word' id='word_1_539' title='bbox 2702 3821 2788 3875; x_wconf 91' lang='lat' dir='ltr'>vir</span> <span class='ocrx_word' id='word_1_540' title='bbox 2815 3827 3021 3877; x_wconf 65' lang='lat' dir='ltr'><strong>cetera</strong></span> <span class='ocrx_word' id='word_1_541' title='bbox 3052 3823 3240 3876; x_wconf 89' lang='lat' dir='ltr'><strong>bonus</strong></span> <span class='ocrx_word' id='word_1_542' title='bbox 3282 3836 3350 3874; x_wconf 92' lang='lat' dir='ltr'>ac</span> <span class='ocrx_word' id='word_1_543' title='bbox 3390 3818 3580 3889; x_wconf 64' lang='lat' dir='ltr'><strong>proba</strong></span> 
     </span>
    </p>
   </div>
   <div class='ocr_carea' id='block_1_78' title="bbox 1928 3906 3576 3980">
    <p class='ocr_par' dir='ltr' id='par_1_78' title="bbox 1928 3906 3576 3980">
     <span class='ocr_line' id='line_1_79' title="bbox 1928 3906 3576 3980; baseline 0 -19"><span class='ocrx_word' id='word_1_544' title='bbox 1928 3907 2079 3974; x_wconf 67' lang='lat' dir='ltr'><strong>vitae,</strong></span> <span class='ocrx_word' id='word_1_545' title='bbox 2103 3908 2326 3977; x_wconf 89' lang='lat' dir='ltr'><strong>absque</strong></span> <span class='ocrx_word' id='word_1_546' title='bbox 2368 3906 2511 3961; x_wconf 88' lang='lat' dir='ltr'><strong>illud</strong></span> <span class='ocrx_word' id='word_1_547' title='bbox 2563 3909 2845 3977; x_wconf 79' lang='lat' dir='ltr'><strong>ﬂagitium</strong></span> <span class='ocrx_word' id='word_1_548' title='bbox 2900 3908 3134 3976; x_wconf 81' lang='lat' dir='ltr'><strong>fuisset;</strong></span> <span class='ocrx_word' id='word_1_549' title='bbox 3187 3908 3342 3980; x_wconf 92' lang='lat' dir='ltr'><strong>quod</strong></span> <span class='ocrx_word' id='word_1_550' title='bbox 3390 3911 3576 3962; x_wconf 85' lang='lat' dir='ltr'><strong>tamen</strong></span> 
     </span>
    </p>
   </div>
   <div class='ocr_carea' id='block_1_79' title="bbox 1926 3995 3184 4069">
    <p class='ocr_par' dir='ltr' id='par_1_79' title="bbox 1926 3995 3184 4069">
     <span class='ocr_line' id='line_1_80' title="bbox 1926 3995 3184 4069; baseline 0.003 -19"><span class='ocrx_word' id='word_1_551' title='bbox 1926 3996 2124 4065; x_wconf 86' lang='lat' dir='ltr'><strong>ipsum</strong></span> <span class='ocrx_word' id='word_1_552' title='bbox 2156 3995 2325 4049; x_wconf 90' lang='lat' dir='ltr'><strong>multi</strong></span> <span class='ocrx_word' id='word_1_553' title='bbox 2358 3995 2833 4069; x_wconf 86' lang='lat' dir='ltr'><strong>orphanotropbo</strong></span> <span class='ocrx_word' id='word_1_554' title='bbox 2868 3998 3184 4069; x_wconf 87' lang='lat' dir='ltr'><strong>imputant.</strong></span> 
     </span>
    </p>
   </div>
   <div class='ocr_carea' id='block_1_80' title="bbox 160 4079 3581 4159">
    <p class='ocr_par' dir='ltr' id='par_1_80' title="bbox 160 4079 3581 4159">
     <span class='ocr_line' id='line_1_81' title="bbox 160 4079 3581 4159; baseline 0 -21"><span class='ocrx_word' id='word_1_555' title='bbox 160 4088 251 4138; x_wconf 75' lang='lat' dir='ltr'><strong>ni</strong></span> <span class='ocrx_word' id='word_1_556' title='bbox 302 4081 732 4159; x_wconf 73' lang='grc' dir='ltr'>ἓεομολογήσει,</span> <span class='ocrx_word' id='word_1_557' title='bbox 760 4085 861 4153; x_wconf 80' lang='grc' dir='ltr'>τήν</span> <span class='ocrx_word' id='word_1_558' title='bbox 894 4083 971 4145; x_wconf 79' lang='grc' dir='ltr'>εἰς</span> <span class='ocrx_word' id='word_1_559' title='bbox 995 4084 1088 4139; x_wconf 87' lang='grc' dir='ltr'>τὸν</span> <span class='ocrx_word' id='word_1_560' title='bbox 1127 4080 1352 4158; x_wconf 87' lang='grc' dir='ltr'>βασιλέα</span> <span class='ocrx_word' id='word_1_561' title='bbox 1375 4084 1654 4156; x_wconf 81' lang='grc' dir='ltr'>Ῥωμανὸν</span> <span class='ocrx_word' id='word_1_562' title='bbox 1690 4079 1973 4156; x_wconf 80' lang='grc' dir='ltr'>ἁμαρτάδα</span> <span class='ocrx_word' id='word_1_563' title='bbox 2001 4080 2463 4155; x_wconf 75' lang='grc' dir='ltr'>ἀποκλαιόμενος,</span> <span class='ocrx_word' id='word_1_564' title='bbox 2501 4081 2823 4159; x_wconf 81' lang='grc' dir='ltr'>βασιλεύσας</span> <span class='ocrx_word' id='word_1_565' title='bbox 2852 4084 2938 4141; x_wconf 73' lang='grc' dir='ltr'>ἐπὶ</span> <span class='ocrx_word' id='word_1_566' title='bbox 2970 4084 3062 4154; x_wconf 81' lang='grc' dir='ltr'>ἔτη</span> <span class='ocrx_word' id='word_1_567' title='bbox 3099 4086 3138 4154; x_wconf 87' lang='grc' dir='ltr'>ζ’</span> <span class='ocrx_word' id='word_1_568' title='bbox 3167 4083 3257 4139; x_wconf 79' lang='grc' dir='ltr'>καὶ</span> <span class='ocrx_word' id='word_1_569' title='bbox 3307 4085 3478 4157; x_wconf 74' lang='grc' dir='ltr'>μῆνας</span> <span class='ocrx_word' id='word_1_570' title='bbox 3506 4083 3581 4157; x_wconf 87' lang='grc' dir='ltr'>η’,</span> 
     </span>
    </p>
   </div>
   <div class='ocr_carea' id='block_1_81' title="bbox 162 4165 3584 4249">
    <p class='ocr_par' dir='ltr' id='par_1_81' title="bbox 162 4165 3584 4249">
     <span class='ocr_line' id='line_1_82' title="bbox 162 4165 3584 4249; baseline -0 -23"><span class='ocrx_word' id='word_1_571' title='bbox 162 4171 307 4247; x_wconf 69' lang='grc' dir='ltr'>ἀνὴρ</span> <span class='ocrx_word' id='word_1_572' title='bbox 338 4168 521 4226; x_wconf 81' lang='grc' dir='ltr'>τᾶλλα</span> <span class='ocrx_word' id='word_1_573' title='bbox 555 4171 650 4242; x_wconf 75' lang='grc' dir='ltr'>μὶν</span> <span class='ocrx_word' id='word_1_574' title='bbox 679 4170 923 4241; x_wconf 76' lang='grc' dir='ltr'>ἰπιεικής</span> <span class='ocrx_word' id='word_1_575' title='bbox 954 4172 1040 4226; x_wconf 79' lang='grc' dir='ltr'>καὶ</span> <span class='ocrx_word' id='word_1_576' title='bbox 1073 4171 1317 4246; x_wconf 86' lang='grc' dir='ltr'>χρηστὸς</span> <span class='ocrx_word' id='word_1_577' title='bbox 1345 4172 1437 4226; x_wconf 85' lang='grc' dir='ltr'>καὶ</span> <span class='ocrx_word' id='word_1_578' title='bbox 1467 4165 1714 4232; x_wconf 72' lang='grc' dir='ltr'>εὐλαϐῶς</span> <span class='ocrx_word' id='word_1_579' title='bbox 1748 4168 1903 4241; x_wconf 71' lang='grc' dir='ltr'>δόξας</span> <span class='ocrx_word' id='word_1_580' title='bbox 1939 4171 2114 4247; x_wconf 77' lang='grc' dir='ltr'>βιοῦν,</span> <span class='ocrx_word' id='word_1_581' title='bbox 2146 4170 2293 4239; x_wconf 78' lang='grc' dir='ltr'>πλὴν</span> <span class='ocrx_word' id='word_1_582' title='bbox 2327 4177 2424 4227; x_wconf 81' lang='lat'>106</span> <span class='ocrx_word' id='word_1_583' title='bbox 2455 4170 2532 4234; x_wconf 62' lang='grc' dir='ltr'>εἷς</span> <span class='ocrx_word' id='word_1_584' title='bbox 2561 4173 2652 4227; x_wconf 87' lang='grc' dir='ltr'>τὸν</span> <span class='ocrx_word' id='word_1_585' title='bbox 2691 4173 2917 4249; x_wconf 75' lang='grc' dir='ltr'>βασιλέα</span> <span class='ocrx_word' id='word_1_586' title='bbox 2945 4174 3225 4246; x_wconf 82' lang='grc' dir='ltr'>Ῥωμανὸν</span> <span class='ocrx_word' id='word_1_587' title='bbox 3255 4172 3584 4247; x_wconf 75' lang='grc' dir='ltr'>ἁμαρτήμα-</span> 
     </span>
    </p>
   </div>
   <div class='ocr_carea' id='block_1_82' title="bbox 161 4257 2076 4338">
    <p class='ocr_par' dir='ltr' id='par_1_82' title="bbox 161 4257 2076 4338">
     <span class='ocr_line' id='line_1_83' title="bbox 161 4257 2076 4338; baseline 0.001 -24"><span class='ocrx_word' id='word_1_588' title='bbox 161 4280 278 4322; x_wconf 82' lang='grc' dir='ltr'>τος.</span> <span class='ocrx_word' id='word_1_589' title='bbox 312 4258 498 4315; x_wconf 80' lang='grc' dir='ltr'>Ἀλλᾶ</span> <span class='ocrx_word' id='word_1_590' title='bbox 519 4259 610 4315; x_wconf 82' lang='grc' dir='ltr'>καὶ</span> <span class='ocrx_word' id='word_1_591' title='bbox 638 4263 802 4314; x_wconf 79' lang='grc' dir='ltr'>τοῦτο</span> <span class='ocrx_word' id='word_1_592' title='bbox 834 4259 886 4314; x_wconf 75' lang='grc' dir='ltr'>οἱ</span> <span class='ocrx_word' id='word_1_593' title='bbox 920 4257 1121 4314; x_wconf 74' lang='grc' dir='ltr'>πολλοὶ</span> <span class='ocrx_word' id='word_1_594' title='bbox 1150 4264 1232 4332; x_wconf 80' lang='grc' dir='ltr'>τῷ</span> <span class='ocrx_word' id='word_1_595' title='bbox 1260 4260 1651 4338; x_wconf 77' lang='grc' dir='ltr'>ἀρφανοτρόφῳ</span> <span class='ocrx_word' id='word_1_596' title='bbox 1681 4260 2076 4331; x_wconf 82' lang='grc' dir='ltr'>προσάπτουσι.</span> 
     </span>
    </p>
   </div>
   <div class='ocr_carea' id='block_1_83' title="bbox 236 4362 1822 4447">
    <p class='ocr_par' dir='ltr' id='par_1_83' title="bbox 236 4362 1820 4441">
     <span class='ocr_line' id='line_1_84' title="bbox 236 4362 1820 4441; baseline 0 -21"><span class='ocrx_word' id='word_1_597' title='bbox 236 4365 488 4437; x_wconf 64' lang='grc' dir='ltr'>Τοιοῦτῳ</span> <span class='ocrx_word' id='word_1_598' title='bbox 519 4362 577 4420; x_wconf 70' lang='grc' dir='ltr'>δὲ</span> <span class='ocrx_word' id='word_1_599' title='bbox 616 4363 764 4421; x_wconf 76' lang='grc' dir='ltr'>τέλει</span> <span class='ocrx_word' id='word_1_600' title='bbox 794 4364 1149 4441; x_wconf 70' lang='grc' dir='ltr'>χρησαμένου</span> <span class='ocrx_word' id='word_1_601' title='bbox 1179 4370 1275 4423; x_wconf 83' lang='lat'>106</span> <span class='ocrx_word' id='word_1_602' title='bbox 1335 4364 1571 4441; x_wconf 73' lang='grc' dir='ltr'>Μιχαὴλ</span> <span class='ocrx_word' id='word_1_603' title='bbox 1627 4366 1690 4421; x_wconf 80' lang='lat'>16</span> <span class='ocrx_word' id='word_1_604' title='bbox 1719 4371 1820 4420; x_wconf 77' lang='grc' dir='ltr'>πᾶν</span> 
     </span>
    </p>
   </div>
   <div class='ocr_carea' id='block_1_84' title="bbox 1935 4362 3589 4447">
    <p class='ocr_par' dir='ltr' id='par_1_84' title="bbox 2005 4364 3589 4425">
     <span class='ocr_line' id='line_1_85' title="bbox 2005 4364 3589 4425; baseline -0.001 -3"><span class='ocrx_word' id='word_1_605' title='bbox 2005 4367 2253 4423; x_wconf 87' lang='lat' dir='ltr'><strong>Proinde</strong></span> <span class='ocrx_word' id='word_1_606' title='bbox 2291 4367 2555 4424; x_wconf 79' lang='lat' dir='ltr'><strong>Michaeli</strong></span> <span class='ocrx_word' id='word_1_607' title='bbox 2589 4369 2749 4424; x_wconf 91' lang='lat' dir='ltr'><strong>obitu</strong></span> <span class='ocrx_word' id='word_1_608' title='bbox 2785 4385 3020 4425; x_wconf 88' lang='lat' dir='ltr'><strong>summa</strong></span> <span class='ocrx_word' id='word_1_609' title='bbox 3070 4385 3264 4425; x_wconf 90' lang='lat' dir='ltr'><strong>rerum</strong></span> <span class='ocrx_word' id='word_1_610' title='bbox 3316 4365 3487 4424; x_wconf 87' lang='lat' dir='ltr'><strong>rediit</strong></span> <span class='ocrx_word' id='word_1_611' title='bbox 3515 4364 3589 4422; x_wconf 90' lang='lat' dir='ltr'>ad</span> 
     </span>
    </p>
   </div>
   <div class='ocr_carea' id='block_1_85' title="bbox 163 4450 1821 4528">
    <p class='ocr_par' dir='ltr' id='par_1_85' title="bbox 163 4450 1821 4528">
     <span class='ocr_line' id='line_1_86' title="bbox 163 4450 1821 4528; baseline 0.001 -21"><span class='ocrx_word' id='word_1_612' title='bbox 163 4452 371 4525; x_wconf 73' lang='grc' dir='ltr'>κράτος</span> <span class='ocrx_word' id='word_1_613' title='bbox 425 4452 682 4526; x_wconf 73' lang='grc' dir='ltr'>περιέστη</span> <span class='ocrx_word' id='word_1_614' title='bbox 732 4453 805 4515; x_wconf 84' lang='grc' dir='ltr'>ὡς</span> <span class='ocrx_word' id='word_1_615' title='bbox 866 4452 942 4517; x_wconf 79' lang='grc' dir='ltr'>είς</span> <span class='ocrx_word' id='word_1_616' title='bbox 986 4451 1338 4528; x_wconf 81' lang='grc' dir='ltr'>κληρονόμον</span> <span class='ocrx_word' id='word_1_617' title='bbox 1395 4455 1494 4523; x_wconf 78' lang='grc' dir='ltr'>τὴν</span> <span class='ocrx_word' id='word_1_618' title='bbox 1554 4450 1821 4511; x_wconf 85' lang='grc' dir='ltr'>Βασιλίδα</span> 
     </span>
    </p>
   </div>
   <div class='ocr_carea' id='block_1_86' title="bbox 162 4542 1821 4617">
    <p class='ocr_par' dir='ltr' id='par_1_86' title="bbox 162 4542 1821 4617">
     <span class='ocr_line' id='line_1_87' title="bbox 162 4542 1821 4617; baseline 0.001 -22"><span class='ocrx_word' id='word_1_619' title='bbox 162 4544 350 4611; x_wconf 67' lang='grc' dir='ltr'>Ζωήν.</span> <span class='ocrx_word' id='word_1_620' title='bbox 396 4546 694 4616; x_wconf 75' lang='grc' dir='ltr'>Τοιγαροῦν</span> <span class='ocrx_word' id='word_1_621' title='bbox 725 4542 818 4595; x_wconf 84' lang='grc' dir='ltr'><strong>καὶ</strong></span> <span class='ocrx_word' id='word_1_622' title='bbox 844 4542 1228 4616; x_wconf 83' lang='grc' dir='ltr'>νεανικώτερον</span> <span class='ocrx_word' id='word_1_623' title='bbox 1276 4542 1479 4612; x_wconf 75' lang='grc' dir='ltr'>ἥπτετο</span> <span class='ocrx_word' id='word_1_624' title='bbox 1525 4548 1633 4598; x_wconf 82' lang='grc' dir='ltr'>τῶν</span> <span class='ocrx_word' id='word_1_625' title='bbox 1684 4564 1821 4617; x_wconf 84' lang='grc' dir='ltr'>πρα-</span> 
     </span>
    </p>
   </div>
   <div class='ocr_carea' id='block_1_87' title="bbox 157 4625 1822 4707">
    <p class='ocr_par' dir='ltr' id='par_1_87' title="bbox 157 4625 1822 4707">
     <span class='ocr_line' id='line_1_88' title="bbox 157 4625 1822 4707; baseline 0.001 -23"><span class='ocrx_word' id='word_1_626' title='bbox 157 4632 412 4703; x_wconf 80' lang='grc' dir='ltr'>γμάτων,</span> <span class='ocrx_word' id='word_1_627' title='bbox 462 4628 748 4704; x_wconf 73' lang='grc' dir='ltr'>συνεργοὺς</span> <span class='ocrx_word' id='word_1_628' title='bbox 795 4625 1001 4707; x_wconf 77' lang='grc' dir='ltr'>ἔχουσα</span> <span class='ocrx_word' id='word_1_629' title='bbox 1024 4630 1113 4685; x_wconf 77' lang='grc' dir='ltr'>καὶ</span> <span class='ocrx_word' id='word_1_630' title='bbox 1146 4629 1535 4706; x_wconf 76' lang='grc' dir='ltr'>συλλήπτορας</span> <span class='ocrx_word' id='word_1_631' title='bbox 1569 4630 1695 4693; x_wconf 78' lang='grc' dir='ltr'>τοὺς</span> <span class='ocrx_word' id='word_1_632' title='bbox 1726 4635 1822 4686; x_wconf 92' lang='lat'>106</span> 
     </span>
    </p>
   </div>
   <div class='ocr_carea' id='block_1_88' title="bbox 162 4717 1827 4795">
    <p class='ocr_par' dir='ltr' id='par_1_88' title="bbox 162 4717 1827 4795">
     <span class='ocr_line' id='line_1_89' title="bbox 162 4717 1827 4795; baseline 0.001 -23"><span class='ocrx_word' id='word_1_633' title='bbox 162 4718 378 4794; x_wconf 73' lang='grc' dir='ltr'>πατρὸς</span> <span class='ocrx_word' id='word_1_634' title='bbox 453 4717 783 4794; x_wconf 68' lang='grc' dir='ltr'>εὐνούχους,</span> <span class='ocrx_word' id='word_1_635' title='bbox 841 4717 933 4780; x_wconf 72' lang='grc' dir='ltr'>οίίς</span> <span class='ocrx_word' id='word_1_636' title='bbox 990 4720 1192 4783; x_wconf 82' lang='grc' dir='ltr'>ἄνωθεν</span> <span class='ocrx_word' id='word_1_637' title='bbox 1252 4721 1280 4774; x_wconf 89' lang='lat'>6</span> <span class='ocrx_word' id='word_1_638' title='bbox 1338 4719 1499 4795; x_wconf 81' lang='grc' dir='ltr'>λόγος</span> <span class='ocrx_word' id='word_1_639' title='bbox 1555 4718 1827 4783; x_wconf 76' lang='grc' dir='ltr'>πολλάκις</span> 
     </span>
    </p>
   </div>
   <div class='ocr_carea' id='block_1_89' title="bbox 164 4804 1824 4883">
    <p class='ocr_par' dir='ltr' id='par_1_89' title="bbox 164 4804 1824 4883">
     <span class='ocr_line' id='line_1_90' title="bbox 164 4804 1824 4883; baseline 0.001 -22"><span class='ocrx_word' id='word_1_640' title='bbox 164 4806 624 4880; x_wconf 67' lang='grc' dir='ltr'>ἀπηριθμήσατο.</span> <span class='ocrx_word' id='word_1_641' title='bbox 680 4804 834 4875; x_wconf 73' lang='grc' dir='ltr'>Πλὴν</span> <span class='ocrx_word' id='word_1_642' title='bbox 887 4806 949 4862; x_wconf 82' lang='grc' dir='ltr'>οὐ</span> <span class='ocrx_word' id='word_1_643' title='bbox 991 4806 1312 4883; x_wconf 81' lang='grc' dir='ltr'>παρέμεινεν</span> <span class='ocrx_word' id='word_1_644' title='bbox 1371 4807 1455 4863; x_wconf 66' lang='grc' dir='ltr'>ἐπὶ</span> <span class='ocrx_word' id='word_1_645' title='bbox 1510 4812 1606 4864; x_wconf 87' lang='lat'>106</span> <span class='ocrx_word' id='word_1_646' title='bbox 1662 4806 1824 4863; x_wconf 80' lang='grc' dir='ltr'>αὖτοῦ</span> 
     </span>
    </p>
   </div>
   <div class='ocr_carea' id='block_1_90' title="bbox 165 4890 1824 4972">
    <p class='ocr_par' dir='ltr' id='par_1_90' title="bbox 165 4890 1824 4972">
     <span class='ocr_line' id='line_1_91' title="bbox 165 4890 1824 4972; baseline 0.015 -31"><span class='ocrx_word' id='word_1_647' title='bbox 165 4896 555 4971; x_wconf 54' lang='grc' dir='ltr'>εᾷρονήμιτος,</span> <span class='ocrx_word' id='word_1_648' title='bbox 614 4893 742 4950; x_wconf 69' lang='grc' dir='ltr'>ἀλλ’</span> <span class='ocrx_word' id='word_1_649' title='bbox 800 4890 1158 4969; x_wconf 78' lang='grc' dir='ltr'>ἀποϐλέψασα</span> <span class='ocrx_word' id='word_1_650' title='bbox 1196 4898 1332 4972; x_wconf 85' lang='grc' dir='ltr'>πρὸς</span> <span class='ocrx_word' id='word_1_651' title='bbox 1383 4896 1476 4952; x_wconf 84' lang='grc' dir='ltr'>τὸν</span> <span class='ocrx_word' id='word_1_652' title='bbox 1534 4892 1692 4972; x_wconf 71' lang='grc' dir='ltr'>ὄγκον</span> <span class='ocrx_word' id='word_1_653' title='bbox 1723 4904 1824 4965; x_wconf 72' lang='grc' dir='ltr'>τῆς</span> 
     </span>
    </p>
   </div>
   <div class='ocr_carea' id='block_1_91' title="bbox 167 4981 1820 5059">
    <p class='ocr_par' dir='ltr' id='par_1_91' title="bbox 167 4981 1820 5059">
     <span class='ocr_line' id='line_1_92' title="bbox 167 4981 1820 5059; baseline 0.001 -22"><span class='ocrx_word' id='word_1_654' title='bbox 167 4982 485 5058; x_wconf 78' lang='grc' dir='ltr'>βασιλείας,</span> <span class='ocrx_word' id='word_1_655' title='bbox 532 4984 623 5038; x_wconf 85' lang='grc' dir='ltr'>καὶ</span> <span class='ocrx_word' id='word_1_656' title='bbox 669 4981 963 5059; x_wconf 78' lang='grc' dir='ltr'>διαγνοῦσα</span> <span class='ocrx_word' id='word_1_657' title='bbox 1011 4986 1085 5049; x_wconf 85' lang='grc' dir='ltr'>ὡς</span> <span class='ocrx_word' id='word_1_658' title='bbox 1135 4986 1236 5041; x_wconf 80' lang='grc' dir='ltr'>οὔκ</span> <span class='ocrx_word' id='word_1_659' title='bbox 1266 4982 1326 5042; x_wconf 70' lang='grc' dir='ltr'>ἄν</span> <span class='ocrx_word' id='word_1_660' title='bbox 1358 5005 1490 5040; x_wconf 87' lang='grc' dir='ltr'>ποτε</span> <span class='ocrx_word' id='word_1_661' title='bbox 1535 4986 1652 5050; x_wconf 88' lang='grc' dir='ltr'>καθ’</span> <span class='ocrx_word' id='word_1_662' title='bbox 1699 4986 1820 5040; x_wconf 75' lang='grc' dir='ltr'>ἑαυ-</span> 
     </span>
    </p>
   </div>
   <div class='ocr_carea' id='block_1_92' title="bbox 156 5070 1825 5149">
    <p class='ocr_par' dir='ltr' id='par_1_92' title="bbox 156 5070 1825 5149">
     <span class='ocr_line' id='line_1_93' title="bbox 156 5070 1825 5149; baseline 0.001 -23"><span class='ocrx_word' id='word_1_663' title='bbox 156 5073 267 5140; x_wconf 73' lang='grc' dir='ltr'>τῆν</span> <span class='ocrx_word' id='word_1_664' title='bbox 325 5072 468 5140; x_wconf 69' lang='grc' dir='ltr'>αἶ)τή</span> <span class='ocrx_word' id='word_1_665' title='bbox 521 5072 783 5144; x_wconf 80' lang='grc' dir='ltr'>δυνηθείη</span> <span class='ocrx_word' id='word_1_666' title='bbox 850 5072 1028 5147; x_wconf 76' lang='grc' dir='ltr'>ὀρθῶς</span> <span class='ocrx_word' id='word_1_667' title='bbox 1084 5074 1152 5129; x_wconf 79' lang='grc' dir='ltr'>τά</span> <span class='ocrx_word' id='word_1_668' title='bbox 1204 5074 1358 5130; x_wconf 75' lang='grc' dir='ltr'>κοινά</span> <span class='ocrx_word' id='word_1_669' title='bbox 1390 5070 1677 5149; x_wconf 78' lang='grc' dir='ltr'>διεξάγειν,</span> <span class='ocrx_word' id='word_1_670' title='bbox 1734 5073 1825 5128; x_wconf 83' lang='grc' dir='ltr'>καὶ</span> 
     </span>
    </p>
   </div>
   <div class='ocr_carea' id='block_1_93' title="bbox 162 5157 1822 5238">
    <p class='ocr_par' dir='ltr' id='par_1_93' title="bbox 162 5157 1822 5238">
     <span class='ocr_line' id='line_1_94' title="bbox 162 5157 1822 5238; baseline 0.002 -26"><span class='ocrx_word' id='word_1_671' title='bbox 162 5157 495 5222; x_wconf 66' lang='grc' dir='ltr'>ἀλυσιτελές</span> <span class='ocrx_word' id='word_1_672' title='bbox 527 5160 794 5232; x_wconf 85' lang='grc' dir='ltr'>νομίσασα</span> <span class='ocrx_word' id='word_1_673' title='bbox 838 5162 901 5216; x_wconf 85' lang='grc' dir='ltr'>τὸ</span> <span class='ocrx_word' id='word_1_674' title='bbox 953 5157 1306 5219; x_wconf 73' lang='grc' dir='ltr'>ἀϐασίλευτον</span> <span class='ocrx_word' id='word_1_675' title='bbox 1334 5163 1423 5217; x_wconf 78' lang='grc' dir='ltr'>καὶ</span> <span class='ocrx_word' id='word_1_676' title='bbox 1456 5159 1695 5238; x_wconf 78' lang='grc' dir='ltr'>ἄναρχον</span> <span class='ocrx_word' id='word_1_677' title='bbox 1723 5163 1822 5231; x_wconf 76' lang='grc' dir='ltr'>τὴν</span> 
     </span>
    </p>
   </div>
   <div class='ocr_carea' id='block_1_94' title="bbox 162 5247 1827 5326">
    <p class='ocr_par' dir='ltr' id='par_1_94' title="bbox 162 5247 1827 5326">
     <span class='ocr_line' id='line_1_95' title="bbox 162 5247 1827 5326; baseline 0.002 -24"><span class='ocrx_word' id='word_1_678' title='bbox 162 5247 516 5317; x_wconf 63' lang='grc' dir='ltr'>τηλικαύτην</span> <span class='ocrx_word' id='word_1_679' title='bbox 554 5250 687 5304; x_wconf 77' lang='grc' dir='ltr'>εἶναι</span> <span class='ocrx_word' id='word_1_680' title='bbox 717 5249 921 5325; x_wconf 78' lang='grc' dir='ltr'>ἀρχήν,</span> <span class='ocrx_word' id='word_1_681' title='bbox 971 5252 1060 5306; x_wconf 86' lang='grc' dir='ltr'>καὶ</span> <span class='ocrx_word' id='word_1_682' title='bbox 1091 5249 1208 5306; x_wconf 73' lang='grc' dir='ltr'>δέον</span> <span class='ocrx_word' id='word_1_683' title='bbox 1259 5252 1390 5306; x_wconf 77' lang='grc' dir='ltr'>εἶναι</span> <span class='ocrx_word' id='word_1_684' title='bbox 1440 5251 1662 5326; x_wconf 88' lang='grc' dir='ltr'>κρίνασα</span> <span class='ocrx_word' id='word_1_685' title='bbox 1690 5272 1827 5325; x_wconf 82' lang='grc' dir='ltr'>προ-</span> 
     </span>
    </p>
   </div>
   <div class='ocr_carea' id='block_1_95' title="bbox 174 5335 1826 5413">
    <p class='ocr_par' dir='ltr' id='par_1_95' title="bbox 174 5335 1826 5413">
     <span class='ocr_line' id='line_1_96' title="bbox 174 5335 1826 5413; baseline 0.002 -23"><span class='ocrx_word' id='word_1_686' title='bbox 174 5337 525 5412; x_wconf 65' lang='grc' dir='ltr'>χαρίσασθαι</span> <span class='ocrx_word' id='word_1_687' title='bbox 578 5336 809 5413; x_wconf 70' lang='grc' dir='ltr'>βασιλέα</span> <span class='ocrx_word' id='word_1_688' title='bbox 836 5339 926 5393; x_wconf 83' lang='grc' dir='ltr'>τὸν</span> <span class='ocrx_word' id='word_1_689' title='bbox 989 5337 1284 5412; x_wconf 86' lang='grc' dir='ltr'>δυνάμενον</span> <span class='ocrx_word' id='word_1_690' title='bbox 1339 5335 1826 5413; x_wconf 77' lang='grc' dir='ltr'>ἀντιλαμϐάνεσθαι</span> 
     </span>
    </p>
   </div>
   <div class='ocr_carea' id='block_1_96' title="bbox 162 5423 1827 5504">
    <p class='ocr_par' dir='ltr' id='par_1_96' title="bbox 162 5423 1827 5504">
     <span class='ocr_line' id='line_1_97' title="bbox 162 5423 1827 5504; baseline 0.002 -25"><span class='ocrx_word' id='word_1_691' title='bbox 162 5431 279 5480; x_wconf 78' lang='grc' dir='ltr'>τῶν</span> <span class='ocrx_word' id='word_1_692' title='bbox 336 5426 676 5500; x_wconf 78' lang='grc' dir='ltr'>πραγμάτων</span> <span class='ocrx_word' id='word_1_693' title='bbox 722 5427 776 5481; x_wconf 75' lang='grc' dir='ltr'>έν</span> <span class='ocrx_word' id='word_1_694' title='bbox 820 5432 939 5490; x_wconf 88' lang='grc' dir='ltr'>ταῖς</span> <span class='ocrx_word' id='word_1_695' title='bbox 986 5423 1407 5501; x_wconf 66' lang='grc' dir='ltr'>συμϐαινούσαις</span> <span class='ocrx_word' id='word_1_696' title='bbox 1464 5428 1827 5504; x_wconf 83' lang='grc' dir='ltr'>περιστάσεσι,</span> 
     </span>
    </p>
   </div>
   <div class='ocr_carea' id='block_1_97' title="bbox 166 5514 1828 5594">
    <p class='ocr_par' dir='ltr' id='par_1_97' title="bbox 166 5514 1828 5594">
     <span class='ocr_line' id='line_1_98' title="bbox 166 5514 1828 5594; baseline 0.003 -26"><span class='ocrx_word' id='word_1_697' title='bbox 166 5514 264 5569; x_wconf 77' lang='grc' dir='ltr'>καί</span> <span class='ocrx_word' id='word_1_698' title='bbox 317 5515 411 5568; x_wconf 73' lang='grc' dir='ltr'>ἐπὶ</span> <span class='ocrx_word' id='word_1_699' title='bbox 454 5520 600 5587; x_wconf 83' lang='grc' dir='ltr'>τρεῖς</span> <span class='ocrx_word' id='word_1_700' title='bbox 658 5514 793 5580; x_wconf 84' lang='grc' dir='ltr'>δλας</span> <span class='ocrx_word' id='word_1_701' title='bbox 838 5515 1046 5590; x_wconf 72' lang='grc' dir='ltr'>ἡμέρας</span> <span class='ocrx_word' id='word_1_702' title='bbox 1112 5517 1236 5594; x_wconf 86' lang='grc' dir='ltr'>περὶ</span> <span class='ocrx_word' id='word_1_703' title='bbox 1276 5516 1473 5574; x_wconf 77' lang='grc' dir='ltr'>τούτου</span> <span class='ocrx_word' id='word_1_704' title='bbox 1528 5514 1828 5588; x_wconf 70' lang='grc' dir='ltr'>διασκοπή-</span> 
     </span>
    </p>
   </div>
   <div class='ocr_carea' id='block_1_98' title="bbox 178 5602 1828 5680">
    <p class='ocr_par' dir='ltr' id='par_1_98' title="bbox 178 5602 1828 5680">
     <span class='ocr_line' id='line_1_99' title="bbox 178 5602 1828 5680; baseline 0.002 -22"><span class='ocrx_word' id='word_1_705' title='bbox 178 5626 345 5669; x_wconf 81' lang='grc' dir='ltr'>σασα,</span> <span class='ocrx_word' id='word_1_706' title='bbox 402 5602 499 5658; x_wconf 82' lang='grc' dir='ltr'>τὸν</span> <span class='ocrx_word' id='word_1_707' title='bbox 525 5608 625 5659; x_wconf 78' lang='grc' dir='ltr'>τοῦ</span> <span class='ocrx_word' id='word_1_708' title='bbox 658 5602 927 5680; x_wconf 75' lang='grc' dir='ltr'>βασιλέως</span> <span class='ocrx_word' id='word_1_709' title='bbox 953 5605 1171 5680; x_wconf 80' lang='grc' dir='ltr'>ἀνεψιὸν</span> <span class='ocrx_word' id='word_1_710' title='bbox 1222 5606 1312 5661; x_wconf 82' lang='grc' dir='ltr'>καὶ</span> <span class='ocrx_word' id='word_1_711' title='bbox 1377 5607 1694 5680; x_wconf 86' lang='grc' dir='ltr'>ὁμώνυμον,</span> <span class='ocrx_word' id='word_1_712' title='bbox 1737 5607 1828 5661; x_wconf 84' lang='grc' dir='ltr'>τὸν</span> 
     </span>
    </p>
   </div>
   <div class='ocr_carea' id='block_1_99' title="bbox 174 5693 1835 5773">
    <p class='ocr_par' dir='ltr' id='par_1_99' title="bbox 174 5693 1835 5773">
     <span class='ocr_line' id='line_1_100' title="bbox 174 5693 1835 5773; baseline 0.002 -24"><span class='ocrx_word' id='word_1_713' title='bbox 174 5694 294 5749; x_wconf 70' lang='grc' dir='ltr'>υἱὸν</span> <span class='ocrx_word' id='word_1_714' title='bbox 348 5697 452 5749; x_wconf 81' lang='grc' dir='ltr'>τοῦ</span> <span class='ocrx_word' id='word_1_715' title='bbox 513 5693 786 5770; x_wconf 78' lang='grc' dir='ltr'>Στεφάνου</span> <span class='ocrx_word' id='word_1_716' title='bbox 854 5699 953 5750; x_wconf 91' lang='lat'>106</span> <span class='ocrx_word' id='word_1_717' title='bbox 1025 5694 1077 5750; x_wconf 80' lang='grc' dir='ltr'>ἐν</span> <span class='ocrx_word' id='word_1_718' title='bbox 1145 5694 1368 5769; x_wconf 84' lang='grc' dir='ltr'>Σικελίᾳ</span> <span class='ocrx_word' id='word_1_719' title='bbox 1420 5696 1487 5752; x_wconf 81' lang='grc' dir='ltr'>τὰ</span> <span class='ocrx_word' id='word_1_720' title='bbox 1540 5694 1835 5773; x_wconf 83' lang='grc' dir='ltr'>πράγματα</span> 
     </span>
    </p>
   </div>
   <div class='ocr_carea' id='block_1_100' title="bbox 505 5824 1209 5901">
    <p class='ocr_par' dir='ltr' id='par_1_100' title="bbox 505 5824 1209 5901">
     <span class='ocr_line' id='line_1_101' title="bbox 505 5824 1209 5901; baseline 0.001 -15"><span class='ocrx_word' id='word_1_721' title='bbox 505 5824 772 5889; x_wconf 61' lang='lat' dir='ltr'><strong>Panem.</strong></span> <span class='ocrx_word' id='word_1_722' title='bbox 819 5826 933 5889; x_wconf 73' lang='lat' dir='ltr'><strong>Gn.</strong></span> <span class='ocrx_word' id='word_1_723' title='bbox 977 5824 1209 5901; x_wconf 67' lang='lat' dir='ltr'><strong>CXXII.</strong></span> 
     </span>
    </p>
   </div>
   <div class='ocr_carea' id='block_1_101' title="bbox 1914 4454 3589 4529">
    <p class='ocr_par' dir='ltr' id='par_1_101' title="bbox 1914 4454 3589 4529">
     <span class='ocr_line' id='line_1_102' title="bbox 1914 4454 3589 4529; baseline 0 -20"><span class='ocrx_word' id='word_1_724' title='bbox 1914 4459 2078 4529; x_wconf 52' lang='lat' dir='ltr'><strong>.Zuen</strong></span> <span class='ocrx_word' id='word_1_725' title='bbox 2127 4457 2296 4528; x_wconf 88' lang='lat' dir='ltr'><strong>quasi</strong></span> <span class='ocrx_word' id='word_1_726' title='bbox 2320 4458 2456 4527; x_wconf 90' lang='lat' dir='ltr'><strong>jure</strong></span> <span class='ocrx_word' id='word_1_727' title='bbox 2487 4457 2876 4513; x_wconf 66' lang='lat' dir='ltr'><strong>baereditario.</strong></span> <span class='ocrx_word' id='word_1_728' title='bbox 2901 4460 3269 4529; x_wconf 82' lang='lat' dir='ltr'><strong>QuaprOpter</strong></span> <span class='ocrx_word' id='word_1_729' title='bbox 3312 4473 3380 4512; x_wconf 88' lang='lat' dir='ltr'>ea</span> <span class='ocrx_word' id='word_1_730' title='bbox 3419 4454 3589 4511; x_wconf 89' lang='lat' dir='ltr'><strong>initio</strong></span> 
     </span>
    </p>
   </div>
   <div class='ocr_carea' id='block_1_102' title="bbox 1931 4543 3588 4618">
    <p class='ocr_par' dir='ltr' id='par_1_102' title="bbox 1931 4543 3588 4618">
     <span class='ocr_line' id='line_1_103' title="bbox 1931 4543 3588 4618; baseline -0.001 -20"><span class='ocrx_word' id='word_1_731' title='bbox 1931 4545 2126 4600; x_wconf 74' lang='lat' dir='ltr'><strong>acrius</strong></span> <span class='ocrx_word' id='word_1_732' title='bbox 2147 4543 2464 4617; x_wconf 84' lang='lat' dir='ltr'><strong>aliquando</strong></span> <span class='ocrx_word' id='word_1_733' title='bbox 2487 4549 2661 4601; x_wconf 87' lang='lat' dir='ltr'><strong>rebus</strong></span> <span class='ocrx_word' id='word_1_734' title='bbox 2691 4564 2753 4602; x_wconf 89' lang='lat' dir='ltr'>se</span> <span class='ocrx_word' id='word_1_735' title='bbox 2783 4548 3185 4618; x_wconf 85' lang='lat' dir='ltr'><strong>gubernandis</strong></span> <span class='ocrx_word' id='word_1_736' title='bbox 3207 4545 3390 4613; x_wconf 89' lang='lat' dir='ltr'><strong>dedit,</strong></span> <span class='ocrx_word' id='word_1_737' title='bbox 3416 4544 3588 4613; x_wconf 80' lang='lat' dir='ltr'><strong>adju—</strong></span> 
     </span>
    </p>
   </div>
   <div class='ocr_carea' id='block_1_103' title="bbox 1930 4630 3590 4707">
    <p class='ocr_par' dir='ltr' id='par_1_103' title="bbox 1930 4630 3590 4707">
     <span class='ocr_line' id='line_1_104' title="bbox 1930 4630 3590 4707; baseline 0 -21"><span class='ocrx_word' id='word_1_738' title='bbox 1930 4633 2160 4688; x_wconf 89' lang='lat' dir='ltr'><strong>toribus</strong></span> <span class='ocrx_word' id='word_1_739' title='bbox 2179 4650 2287 4688; x_wconf 90' lang='lat' dir='ltr'>usa</span> <span class='ocrx_word' id='word_1_740' title='bbox 2307 4634 2560 4705; x_wconf 84' lang='lat' dir='ltr'><strong>paternis</strong></span> <span class='ocrx_word' id='word_1_741' title='bbox 2581 4634 2887 4702; x_wconf 88' lang='lat' dir='ltr'><strong>eunuchis,</strong></span> <span class='ocrx_word' id='word_1_742' title='bbox 2904 4653 3051 4707; x_wconf 89' lang='lat' dir='ltr'><strong>quos</strong></span> <span class='ocrx_word' id='word_1_743' title='bbox 3074 4651 3256 4707; x_wconf 89' lang='lat' dir='ltr'><strong>supra</strong></span> <span class='ocrx_word' id='word_1_744' title='bbox 3280 4630 3590 4705; x_wconf 88' lang='lat' dir='ltr'><strong>aliquoties</strong></span> 
     </span>
    </p>
   </div>
   <div class='ocr_carea' id='block_1_104' title="bbox 1933 4719 3589 4794">
    <p class='ocr_par' dir='ltr' id='par_1_104' title="bbox 1933 4719 3589 4794">
     <span class='ocr_line' id='line_1_105' title="bbox 1933 4719 3589 4794; baseline -0.001 -20"><span class='ocrx_word' id='word_1_745' title='bbox 1933 4721 2538 4777; x_wconf 88' lang='lat' dir='ltr'><strong>commemoravimus.</strong></span> <span class='ocrx_word' id='word_1_746' title='bbox 2600 4723 2794 4794; x_wconf 89' lang='lat' dir='ltr'><strong>Neque</strong></span> <span class='ocrx_word' id='word_1_747' title='bbox 2851 4728 3042 4778; x_wconf 90' lang='lat' dir='ltr'><strong>tamen</strong></span> <span class='ocrx_word' id='word_1_748' title='bbox 3108 4723 3179 4776; x_wconf 91' lang='lat' dir='ltr'>ad</span> <span class='ocrx_word' id='word_1_749' title='bbox 3245 4719 3589 4777; x_wconf 89' lang='lat' dir='ltr'><strong>institutum</strong></span> 
     </span>
    </p>
   </div>
   <div class='ocr_carea' id='block_1_105' title="bbox 1931 4804 3592 4883">
    <p class='ocr_par' dir='ltr' id='par_1_105' title="bbox 1931 4804 3592 4883">
     <span class='ocr_line' id='line_1_106' title="bbox 1931 4804 3592 4883; baseline -0.003 -21"><span class='ocrx_word' id='word_1_750' title='bbox 1931 4808 2164 4863; x_wconf 77' lang='lat' dir='ltr'><strong>tenuit:</strong></span> <span class='ocrx_word' id='word_1_751' title='bbox 2201 4810 2300 4864; x_wconf 85' lang='lat' dir='ltr'>sed</span> <span class='ocrx_word' id='word_1_752' title='bbox 2337 4809 2549 4864; x_wconf 87' lang='lat' dir='ltr'><strong>molem</strong></span> <span class='ocrx_word' id='word_1_753' title='bbox 2602 4811 2832 4883; x_wconf 82' lang='lat' dir='ltr'><strong>imperii</strong></span> <span class='ocrx_word' id='word_1_754' title='bbox 2866 4810 3247 4865; x_wconf 86' lang='lat' dir='ltr'><strong>considerans</strong></span> <span class='ocrx_word' id='word_1_755' title='bbox 3288 4813 3346 4862; x_wconf 88' lang='lat' dir='ltr'>et</span> <span class='ocrx_word' id='word_1_756' title='bbox 3376 4804 3592 4861; x_wconf 88' lang='lat' dir='ltr'><strong>intelli-</strong></span> 
     </span>
    </p>
   </div>
   <div class='ocr_carea' id='block_1_106' title="bbox 1934 4898 3593 4969">
    <p class='ocr_par' dir='ltr' id='par_1_106' title="bbox 1934 4898 3593 4969">
     <span class='ocr_line' id='line_1_107' title="bbox 1934 4898 3593 4969; baseline -0.002 -18"><span class='ocrx_word' id='word_1_757' title='bbox 1934 4912 2078 4969; x_wconf 88' lang='lat' dir='ltr'><strong>gens</strong></span> <span class='ocrx_word' id='word_1_758' title='bbox 2099 4914 2162 4951; x_wconf 90' lang='lat' dir='ltr'>se</span> <span class='ocrx_word' id='word_1_759' title='bbox 2191 4898 2374 4952; x_wconf 88' lang='lat' dir='ltr'><strong>tantis</strong></span> <span class='ocrx_word' id='word_1_760' title='bbox 2398 4898 2573 4953; x_wconf 89' lang='lat' dir='ltr'><strong>rebus</strong></span> <span class='ocrx_word' id='word_1_761' title='bbox 2597 4907 2748 4953; x_wconf 84' lang='lat' dir='ltr'><strong>recte</strong></span> <span class='ocrx_word' id='word_1_762' title='bbox 2780 4900 3105 4954; x_wconf 84' lang='lat' dir='ltr'><strong>tractandis</strong></span> <span class='ocrx_word' id='word_1_763' title='bbox 3130 4898 3444 4968; x_wconf 88' lang='lat' dir='ltr'><strong>imparem,</strong></span> <span class='ocrx_word' id='word_1_764' title='bbox 3466 4900 3593 4947; x_wconf 91' lang='lat' dir='ltr'>tum</span> 
     </span>
    </p>
   </div>
   <div class='ocr_carea' id='block_1_107' title="bbox 1935 4986 3596 5059">
    <p class='ocr_par' dir='ltr' id='par_1_107' title="bbox 1935 4986 3596 5059">
     <span class='ocr_line' id='line_1_108' title="bbox 1935 4986 3596 5059; baseline -0.002 -20"><span class='ocrx_word' id='word_1_765' title='bbox 1935 4986 2286 5042; x_wconf 87' lang='lat' dir='ltr'><strong>damnosum</strong></span> <span class='ocrx_word' id='word_1_766' title='bbox 2322 4988 2441 5042; x_wconf 78' lang='lat' dir='ltr'><strong>fore</strong></span> <span class='ocrx_word' id='word_1_767' title='bbox 2473 4988 2733 5042; x_wconf 72' lang='lat' dir='ltr'>sentiensl</span> <span class='ocrx_word' id='word_1_768' title='bbox 2761 4989 2809 5042; x_wconf 91' lang='lat' dir='ltr'>si</span> <span class='ocrx_word' id='word_1_769' title='bbox 2837 4988 3058 5059; x_wconf 87' lang='lat' dir='ltr'><strong>absque</strong></span> <span class='ocrx_word' id='word_1_770' title='bbox 3087 4988 3441 5058; x_wconf 89' lang='lat' dir='ltr'><strong>imperatore</strong></span> <span class='ocrx_word' id='word_1_771' title='bbox 3462 4987 3596 5036; x_wconf 88' lang='lat' dir='ltr'><strong>tan-</strong></span> 
     </span>
    </p>
   </div>
   <div class='ocr_carea' id='block_1_108' title="bbox 1934 5069 3597 5148">
    <p class='ocr_par' dir='ltr' id='par_1_108' title="bbox 1934 5069 3597 5148">
     <span class='ocr_line' id='line_1_109' title="bbox 1934 5069 3597 5148; baseline -0.002 -19"><span class='ocrx_word' id='word_1_772' title='bbox 1934 5079 2062 5129; x_wconf 86' lang='lat' dir='ltr'>tum</span> <span class='ocrx_word' id='word_1_773' title='bbox 2125 5075 2483 5148; x_wconf 88' lang='lat' dir='ltr'><strong>relinqueret</strong></span> <span class='ocrx_word' id='word_1_774' title='bbox 2539 5076 2875 5148; x_wconf 84' lang='lat' dir='ltr'><strong>imperium,</strong></span> <span class='ocrx_word' id='word_1_775' title='bbox 2932 5076 3110 5133; x_wconf 90' lang='lat' dir='ltr'><strong>simul</strong></span> <span class='ocrx_word' id='word_1_776' title='bbox 3164 5074 3369 5129; x_wconf 90' lang='lat' dir='ltr'><strong>videns</strong></span> <span class='ocrx_word' id='word_1_777' title='bbox 3421 5069 3597 5126; x_wconf 87' lang='lat' dir='ltr'><strong>alicui</strong></span> 
     </span>
    </p>
   </div>
   <div class='ocr_carea' id='block_1_109' title="bbox 1936 5157 3592 5236">
    <p class='ocr_par' dir='ltr' id='par_1_109' title="bbox 1936 5157 3592 5236">
     <span class='ocr_line' id='line_1_110' title="bbox 1936 5157 3592 5236; baseline -0.002 -19"><span class='ocrx_word' id='word_1_778' title='bbox 1936 5163 2252 5232; x_wconf 87' lang='lat' dir='ltr'><strong>imperium</strong></span> <span class='ocrx_word' id='word_1_779' title='bbox 2285 5182 2415 5221; x_wconf 89' lang='lat' dir='ltr'><strong>esse</strong></span> <span class='ocrx_word' id='word_1_780' title='bbox 2442 5167 2954 5229; x_wconf 82' lang='lat' dir='ltr'><strong>committendum,</strong></span> <span class='ocrx_word' id='word_1_781' title='bbox 2978 5166 3078 5236; x_wconf 91' lang='lat' dir='ltr'>qui</span> <span class='ocrx_word' id='word_1_782' title='bbox 3112 5163 3311 5219; x_wconf 88' lang='lat' dir='ltr'><strong>dubiis</strong></span> <span class='ocrx_word' id='word_1_783' title='bbox 3343 5176 3409 5216; x_wconf 92' lang='lat' dir='ltr'>ac</span> <span class='ocrx_word' id='word_1_784' title='bbox 3442 5157 3592 5231; x_wconf 53' lang='lat' dir='ltr'><strong>perit</strong></span> 
     </span>
    </p>
   </div>
   <div class='ocr_carea' id='block_1_110' title="bbox 1937 5249 3594 5327">
    <p class='ocr_par' dir='ltr' id='par_1_110' title="bbox 1937 5249 3594 5327">
     <span class='ocr_line' id='line_1_111' title="bbox 1937 5249 3594 5327; baseline -0.004 -19"><span class='ocrx_word' id='word_1_785' title='bbox 1937 5252 2155 5308; x_wconf 77' lang='lat' dir='ltr'><strong>culosis</strong></span> <span class='ocrx_word' id='word_1_786' title='bbox 2188 5256 2361 5309; x_wconf 89' lang='lat' dir='ltr'><strong>rebus</strong></span> <span class='ocrx_word' id='word_1_787' title='bbox 2409 5255 2588 5309; x_wconf 86' lang='lat' dir='ltr'><strong>tutari</strong></span> <span class='ocrx_word' id='word_1_788' title='bbox 2640 5255 3056 5327; x_wconf 87' lang='lat' dir='ltr'><strong>rempublicam</strong></span> <span class='ocrx_word' id='word_1_789' title='bbox 3113 5256 3332 5325; x_wconf 86' lang='lat' dir='ltr'><strong>posset,</strong></span> <span class='ocrx_word' id='word_1_790' title='bbox 3365 5249 3594 5319; x_wconf 78' lang='lat' dir='ltr'><strong>integro</strong></span> 
     </span>
    </p>
   </div>
   <div class='ocr_carea' id='block_1_111' title="bbox 1935 5334 3593 5414">
    <p class='ocr_par' dir='ltr' id='par_1_111' title="bbox 1935 5334 3593 5414">
     <span class='ocr_line' id='line_1_112' title="bbox 1935 5334 3593 5414; baseline -0.004 -18"><span class='ocrx_word' id='word_1_791' title='bbox 1935 5341 2130 5397; x_wconf 91' lang='lat' dir='ltr'><strong>triduo</strong></span> <span class='ocrx_word' id='word_1_792' title='bbox 2162 5343 2218 5397; x_wconf 92' lang='lat' dir='ltr'>in</span> <span class='ocrx_word' id='word_1_793' title='bbox 2241 5360 2368 5398; x_wconf 90' lang='lat' dir='ltr'>eam</span> <span class='ocrx_word' id='word_1_794' title='bbox 2398 5344 2876 5399; x_wconf 74' lang='lat' dir='ltr'><strong>deiiberatidnem</strong></span> <span class='ocrx_word' id='word_1_795' title='bbox 2912 5343 3237 5414; x_wconf 87' lang='lat' dir='ltr'><strong>insumpto,</strong></span> <span class='ocrx_word' id='word_1_796' title='bbox 3262 5338 3500 5394; x_wconf 85' lang='lat' dir='ltr'><strong>tandem</strong></span> <span class='ocrx_word' id='word_1_797' title='bbox 3531 5334 3593 5391; x_wconf 87' lang='lat' dir='ltr'>in</span> 
     </span>
    </p>
   </div>
   <div class='ocr_carea' id='block_1_112' title="bbox 1938 5424 3595 5504">
    <p class='ocr_par' dir='ltr' id='par_1_112' title="bbox 1938 5424 3595 5504">
     <span class='ocr_line' id='line_1_113' title="bbox 1938 5424 3595 5504; baseline -0.002 -20"><span class='ocrx_word' id='word_1_798' title='bbox 1938 5430 2125 5486; x_wconf 83' lang='lat' dir='ltr'><strong>ﬁlium</strong></span> <span class='ocrx_word' id='word_1_799' title='bbox 2156 5431 2393 5503; x_wconf 85' lang='lat' dir='ltr'><strong>ad0ptat</strong></span> <span class='ocrx_word' id='word_1_800' title='bbox 2437 5443 2493 5487; x_wconf 87' lang='lat' dir='ltr'>et</span> <span class='ocrx_word' id='word_1_801' title='bbox 2542 5433 2934 5489; x_wconf 80' lang='lat' dir='ltr'><strong>Romanorum</strong></span> <span class='ocrx_word' id='word_1_802' title='bbox 2991 5433 3404 5504; x_wconf 87' lang='lat' dir='ltr'><strong>imperatorem</strong></span> <span class='ocrx_word' id='word_1_803' title='bbox 3438 5424 3595 5481; x_wconf 90' lang='lat' dir='ltr'><strong>desi-</strong></span> 
     </span>
    </p>
   </div>
   <div class='ocr_carea' id='block_1_113' title="bbox 1939 5513 3595 5593">
    <p class='ocr_par' dir='ltr' id='par_1_113' title="bbox 1939 5513 3595 5593">
     <span class='ocr_line' id='line_1_114' title="bbox 1939 5513 3595 5593; baseline -0.003 -20"><span class='ocrx_word' id='word_1_804' title='bbox 1939 5526 2081 5590; x_wconf 85' lang='lat' dir='ltr'><strong>gnat</strong></span> <span class='ocrx_word' id='word_1_805' title='bbox 2111 5519 2458 5576; x_wconf 86' lang='lat' dir='ltr'><strong>Micbaelum</strong></span> <span class='ocrx_word' id='word_1_806' title='bbox 2512 5523 2882 5593; x_wconf 84' lang='lat' dir='ltr'><strong>imperatoris</strong></span> <span class='ocrx_word' id='word_1_807' title='bbox 2922 5523 3046 5590; x_wconf 83' lang='lat' dir='ltr'><strong>jam</strong></span> <span class='ocrx_word' id='word_1_808' title='bbox 3081 5517 3341 5574; x_wconf 75' lang='lat' dir='ltr'><strong>defuncti</strong></span> <span class='ocrx_word' id='word_1_809' title='bbox 3375 5513 3595 5572; x_wconf 86' lang='lat' dir='ltr'><strong>sororis</strong></span> 
     </span>
    </p>
   </div>
   <div class='ocr_carea' id='block_1_114' title="bbox 1940 5602 3595 5685">
    <p class='ocr_par' dir='ltr' id='par_1_114' title="bbox 1940 5602 3595 5685">
     <span class='ocr_line' id='line_1_115' title="bbox 1940 5602 3595 5685; baseline -0.002 -22"><span class='ocrx_word' id='word_1_810' title='bbox 1940 5608 2152 5673; x_wconf 80' lang='lat' dir='ltr'><strong>ﬁlium,</strong></span> <span class='ocrx_word' id='word_1_811' title='bbox 2173 5615 2230 5663; x_wconf 91' lang='lat' dir='ltr'>et</span> <span class='ocrx_word' id='word_1_812' title='bbox 2257 5611 2533 5682; x_wconf 87' lang='lat' dir='ltr'><strong>Stephani</strong></span> <span class='ocrx_word' id='word_1_813' title='bbox 2554 5613 2683 5681; x_wconf 86' lang='lat' dir='ltr'><strong>ejus</strong></span> <span class='ocrx_word' id='word_1_814' title='bbox 2714 5613 2812 5685; x_wconf 91' lang='lat' dir='ltr'>qui</span> <span class='ocrx_word' id='word_1_815' title='bbox 2848 5612 2906 5666; x_wconf 88' lang='lat' dir='ltr'>in</span> <span class='ocrx_word' id='word_1_816' title='bbox 2931 5609 3131 5666; x_wconf 73' lang='lat' dir='ltr'><strong>sicilia</strong></span> <span class='ocrx_word' id='word_1_817' title='bbox 3162 5624 3281 5664; x_wconf 87' lang='lat' dir='ltr'>rem</span> <span class='ocrx_word' id='word_1_818' title='bbox 3320 5602 3595 5681; x_wconf 85' lang='lat' dir='ltr'><strong>perdidit,</strong></span> 
     </span>
    </p>
   </div>
   <div class='ocr_carea' id='block_1_115' title="bbox 1937 5694 3597 5775">
    <p class='ocr_par' dir='ltr' id='par_1_115' title="bbox 1937 5694 3597 5775">
     <span class='ocr_line' id='line_1_116' title="bbox 1937 5694 3597 5775; baseline -0.002 -21"><span class='ocrx_word' id='word_1_819' title='bbox 1937 5699 2062 5771; x_wconf 89' lang='lat' dir='ltr'><strong>jam</strong></span> <span class='ocrx_word' id='word_1_820' title='bbox 2111 5702 2242 5756; x_wconf 89' lang='lat' dir='ltr'>tum</span> <span class='ocrx_word' id='word_1_821' title='bbox 2291 5700 2601 5771; x_wconf 63' lang='lat' dir='ltr'><strong>Caesarem,</strong></span> <span class='ocrx_word' id='word_1_822' title='bbox 2633 5707 2690 5758; x_wconf 89' lang='lat' dir='ltr'>et</span> <span class='ocrx_word' id='word_1_823' title='bbox 2737 5700 3010 5775; x_wconf 82' lang='lat' dir='ltr'><strong>Opinione</strong></span> <span class='ocrx_word' id='word_1_824' title='bbox 3058 5698 3367 5757; x_wconf 88' lang='lat' dir='ltr'><strong>hominum</strong></span> <span class='ocrx_word' id='word_1_825' title='bbox 3416 5694 3597 5753; x_wconf 87' lang='lat' dir='ltr'><strong>indu-</strong></span> 
     </span>
    </p>
   </div>
  </div>
