4070 6334
473 393 586 450 267

1814 392 2126 450 GEORGII
2175 390 2514 451 CEDltENl

3764 390 3885 450 268

471 522 683 578 atrium
729 528 904 593 atque
935 521 1275 576 dexteritate
1324 521 1523 592 aliqua
1575 520 1905 592 praeditum,
1940 536 2121 591 neque

2241 516 2672 597 διαφθείραντος.
2752 519 2987 594 Καίσαρα
3060 516 3187 575 ὄντα
3251 520 3341 575 καὶ
3401 518 3724 596 δραστήριον
3786 518 3882 574 δο-

473 618 671 666 tamen
707 618 1022 681 antequam
1058 610 1108 664 is
1141 628 1201 665 se
1232 609 1375 665 diris
1408 610 1602 680 ipsum
1638 611 1986 678 devovisset,
2011 610 2123 664 nisi

474 716 599 755 eam
632 704 700 755 ad
738 705 981 754 mortem
1016 716 1201 769 usque
1234 715 1337 769 pro
1369 699 1610 754 domina
1640 705 1697 753 et
1730 705 1913 753 matre
1946 715 2124 768 agno-

475 796 682 856 sceret,
705 794 761 843 et
791 804 895 860 pro
927 805 1035 842 sua
1064 788 1360 843 voluntate
1390 804 1517 858 qua)
1552 788 1671 841 fieri
1705 786 1873 842 vellet
1905 793 2003 842 aut
2025 789 2124 857 ju-

476 881 637 934 beret
666 896 732 934 ac
761 878 999 933 sineret.
1025 876 1140 932 Hoc
1187 882 1354 947 pacto
1406 876 1506 931 illa
1542 875 1901 948 adopticium
1938 876 2123 930 lilium

476 969 807 1023 diademate
832 968 980 1025 535
1010 967 1383 1038 imperatorio
1408 965 1726 1032 redimivit,
1744 966 1906 1037 prius
1930 974 2125 1019 tamen

474 1060 747 1113 submoto
780 1055 1257 1129 orphanotropbo
1289 1059 1345 1109 et
1378 1056 1431 1107 in
1474 1055 1887 1109 monasterium
1926 1055 2124 1109 Mono-

474 1148 741 1201 batarum
777 1145 1050 1217 relegato.
1084 1142 1533 1198 Constantinum
1577 1159 1807 1213 quoque
1841 1142 2125 1198 domesti-

471 1253 605 1290 cum
637 1234 971 1289 scholarum
1026 1234 1375 1303 magistratu
1427 1231 1691 1302 privavit,
1722 1238 1777 1286 et
1811 1232 1865 1285 in
1900 1232 2125 1295 abside,

470 1341 597 1393 quae
620 1324 748 1394 ejus
770 1328 895 1378 erat
917 1323 974 1376 in
999 1322 1232 1393 Opsicio
1258 1322 1724 1391 possessio,eum
1744 1337 1805 1374 se
1828 1322 2124 1374 continere

464 1412 673 1483 jussit;
698 1411 1019 1481 eodemque
1052 1409 1222 1464 modo
1247 1410 1557 1479 Georgium
1595 1425 1825 1479 quoque
1857 1413 2123 1479 protove-

471 1500 742 1556 stiarium
778 1499 833 1554 in
868 1517 975 1553 sua
1003 1499 1315 1568 bona,qua3
1347 1496 1402 1551 in
1433 1496 1828 1568 Paphlagonia
1861 1498 1909 1552 is
1935 1498 2123 1568 possi-

472 1590 664 1655 debat,
696 1588 950 1643 inclusit.
977 1591 1096 1651 Qua
1138 1587 1280 1640 bora
1320 1586 1635 1640 Micbaelus
1678 1585 2003 1641 diadrmale
2036 1592 2125 1642 est

474 1686 737 1744 ornatus,
772 1678 975 1733 oborta
1006 1676 1287 1747 vertigine
1318 1683 1374 1731 et
1404 1674 1660 1728 tenebris
1696 1692 1902 1745 parum
1937 1676 2125 1731 abfuit

474 1769 616 1840 quin
650 1768 1003 1831 concideret,
1027 1766 1235 1837 vixque
1258 1769 1342 1820 est
1368 1765 1619 1820 refectus
1643 1766 1981 1835 unguentis,
2001 1782 2126 1821 aro-

475 1857 734 1913 matibus
766 1856 1017 1927 aliisque
1062 1856 1235 1911 rebus
1267 1852 1544 1910 odoratis.
1575 1853 1682 1908 Sed
1714 1858 1772 1908 et
1801 1859 1918 1909 toto
1972 1860 2122 1909 tem-
2155 1892 2202 1956 Β

473 1964 610 2019 pore
642 1963 755 2017 quo
786 1944 837 2000 is
868 1946 1180 2015 imperium
1212 1942 1395 1998 tenuit
1439 1942 1573 2013 (fuit
1604 1941 1713 1996 hoc
1745 1943 2036 1997 mensium
2070 1945 2124 2012 4)

470 2045 640 2091 terra:
685 2040 881 2090 motus
914 2035 1221 2088 durarunt.
1268 2032 1572 2087 Enimvero
1613 2037 1924 2086 coronatus
1955 2048 1988 2085 a
2020 2049 2124 2103 pa-

470 2124 747 2190 triarcha,
773 2129 831 2178 et
864 2123 1180 2193 imperator
1210 2121 1574 2191 designatus,
1616 2118 1908 2175 honorum
1943 2119 2125 2176 colla-

472 2218 627 2270 tione
657 2217 921 2268 senatum
956 2228 1019 2265 ac
1051 2209 1462 2281 largitionibus
1493 2207 1777 2280 populum
1813 2208 2125 2275 demeruit,

469 2308 526 2357 et
555 2301 709 2372 apud
743 2297 1042 2355 dominam
1071 2299 1433 2370 deprecando
1465 2298 1722 2353 obtinuit
1756 2302 1817 2352 ut
1847 2297 2125 2353 Constan-

468 2393 660 2446 tinum
692 2389 805 2444 sibi
835 2387 1223 2443 domesticum
1256 2387 1454 2442 liceret
1483 2386 1554 2441 ab
1587 2386 1791 2440 exsilio
1826 2402 2121 2452 revocare;

471 2495 642 2550 quem
686 2483 742 2533 et
796 2476 1149 2532 nobilissimi
1203 2476 1420 2531 honore
1474 2476 1765 2530 decoravit
1812 2491 1877 2529 ac
1924 2491 2121 2529 secum

473 2568 700 2623 habuit.
725 2570 867 2621 Cum
910 2571 1105 2621 autem
1140 2565 1426 2620 videretur
1456 2565 1512 2618 in
1548 2569 1672 2619 tuto
1721 2568 1896 2630 stare,
1931 2563 2125 2619 subito

472 2656 708 2712 corruit.
769 2654 914 2711 Nam
973 2654 1186 2709 litteris
1242 2653 1700 2724 orphanotrOphi
1757 2658 1813 2707 et
1864 2651 2127 2707 consiliis

472 2744 782 2800 domestici
831 2749 1164 2812 corruptus,
1200 2742 1559 2797 hortantium
1611 2757 1683 2795 ne
1725 2746 2001 2811 Augustas
2036 2740 2124 2793 ni-

473 2836 658 2890 mium
720 2833 945 2898 fideret,
998 2832 1098 2886 sed
1152 2836 1377 2885 caveret
1426 2847 1498 2884 ne
1542 2829 1814 2884 avunculi
1864 2816 2126 2883 Michaeli

471 2922 845 2996 imperatoris
876 2925 930 2975 et
963 2919 1205 2974 Romani
1241 2919 1411 2974 modo
1456 2922 1821 2985 tractaretur,
1847 2934 1994 2989 quos
2025 2917 2128 2973 illa

471 3010 767 3069 veneﬁciis
797 3008 1161 3070 sustulisset.
1196 3007 1691 3079 suadentiumque
1723 3014 1787 3061 ut
1816 3023 1944 3062 eam
1979 3024 2123 3078 qua-

470 3117 698 3172 cunque
736 3099 961 3154 ratione
989 3114 1018 3151 e
1052 3097 1241 3152 medio
1290 3095 1539 3159 tolleret,
1564 3097 1841 3167 daretque
1887 3111 2125 3166 operam

466 3208 538 3246 ne
596 3192 986 3245 anteverteret
1046 3186 1193 3257 ipsa,
1227 3186 1380 3242 536
1430 3184 1729 3239 coutinuis
1787 3202 1989 3239 eorum
2051 3185 2121 3239 de

2232 614 2430 663 κοῦντα
2458 610 2548 663 καὶ
2594 608 2717 684 περὶ
2755 610 2822 662 τὰ
2868 608 3165 683 πράγματα
3215 606 3409 682 δεξιὸν,
3459 605 3643 680 ὅρκοις
3691 608 3885 682 πρότε-

2236 717 2331 771 ρον
2402 695 2861 775 φρικωδεστάτοις
2910 694 3295 752 καταλαϐοῦσα
3342 699 3416 760 ὡς
3467 698 3655 774 κυρίαν
3708 699 3880 767 αὐτὴν

2233 782 2335 855 ἕξει
2363 783 2452 840 διὰ
2484 786 2606 862 βίου
2654 787 2739 840 καὶ
2777 784 3057 840 δέσποιναν
3098 787 3184 841 καὶ
3252 787 3481 861 μητέρα,
3540 787 3903 866 πράττουσαν.

2235 876 2366 929 ἅττα
2393 872 2459 943 δὴ
2510 874 2598 929 καὶ
2640 874 2849 930 κελεύει
2890 880 3090 943 ποιεῖν,
3147 875 3458 946 εἰσποιητὸν
3517 870 3880 951 προσλαμϐά-

2233 985 2308 1018 νει
2363 963 2480 1017 υἱὸν
2527 964 2615 1018 καὶ
2679 964 2906 1038 βασιλία
2963 964 3247 1036 Ῥωμαίων
3308 964 3639 1041 ἀναγορεύει,
3671 964 3751 1037 τῷ
3787 966 3883 1039 βα-

2236 1057 2435 1123 σιλικῷ
2511 1053 2840 1106 ταινιώσασα
2917 1049 3251 1125 διαδήματι,
3314 1053 3576 1129 πρότερον
3636 1052 3885 1108 ἐκποδὼν

2234 1140 2576 1213 ποιησαμένη
2609 1141 2697 1195 τὸν
2733 1141 3136 1219 ὀρφανοτρόφον
3188 1144 3278 1197 καὶ
3308 1142 3361 1204 ἐς
3417 1143 3478 1197 τὸ
3516 1145 3881 1218 μοναστήριον

2233 1235 2339 1283 τῶν
2401 1225 2738 1286 Μονοϐατῶν
2782 1229 3085 1305 ἑξορίσασα,
3145 1230 3543 1305 παραπλησίως
3592 1233 3681 1287 καὶ
3744 1239 3886 1287 Κων-

2235 1324 2510 1373 σταντῖνον
2542 1320 2631 1373 τὸν
2668 1316 2987 1390 δομέστικον
3018 1324 3125 1374 τῶν
3160 1318 3381 1395 σχολῶν
3413 1327 3512 1389 τῆς
3545 1321 3721 1395 ἀρχῆς
3790 1343 3885 1376 πα-

2236 1406 2510 1483 ραλύσασα
2557 1408 2646 1461 καὶ
2698 1407 2748 1460 ἐν
2787 1413 2903 1469 τοῖς
2955 1412 3051 1462 τοῦ
3083 1409 3333 1482 Ὀψικίου
3390 1411 3659 1481 κτήμασιν
3718 1410 3885 1465 αὑτοῦ

2231 1503 2328 1566 τῆς
2354 1494 2547 1569 ἁψῖδος
2576 1500 2769 1550 τοῦτον
2820 1495 3197 1572 περιορίσασα,
3248 1497 3506 1559 ὡσαύτως
3554 1498 3643 1552 καὶ
3704 1499 3882 1570 Γεώρ-

2232 1605 2349 1658 γιον
2406 1586 2497 1639 τὸν
2557 1580 3051 1659 πρωτοϐεστιάριον
3105 1585 3156 1640 ἒν
3188 1592 3303 1648 τοῖς
3334 1589 3469 1641 κατᾶ
3494 1587 3880 1665 Παφλαγονίαν

2232 1673 2395 1728 αὐτοῦ
2442 1676 2683 1746 κτήμασι
2748 1674 3020 1730 στείλασα.
3076 1677 3201 1731 Κατ’
3261 1674 3425 1744 αὐτὴν
3477 1673 3533 1731 δὲ
3588 1679 3686 1746 τὴν
3738 1676 3884 1751 ὥραν

2230 1764 2348 1817 καθ’
2377 1764 2439 1831 ἣν
2486 1760 2729 1817 ἀνεδεῖτο
2777 1768 2856 1835 τῷ
2916 1760 3214 1836 διαδήματι
3273 1766 3300 1819 ὁ
3332 1763 3584 1839 Μιχαὴλ,
3617 1767 3885 1821 σκοτώσει

2230 1852 2319 1905 καὶ
2380 1850 2580 1926 ίλίγγῳ
2633 1851 2861 1929 ληφθεὶς
2915 1852 3074 1927 ἐγγὺς
3100 1852 3240 1921 ἦλθε
3295 1858 3390 1907 τοῦ
3450 1860 3650 1910 πεσεῖν.
3703 1854 3885 1917 Μόλις

2234 1936 2280 1993 δ’
2338 1937 2427 1994 οὖν
2469 1939 2857 1996 ἀνεκαλέσαντο
2905 1945 3097 1996 τοῦτον
3161 1940 3353 2016 μύροις
3386 1943 3476 1996 καὶ
3509 1942 3763 2018 ἀρώμασι
3792 1944 3886 1998 καὶ

2234 2026 2452 2089 λοιποῖς
2498 2027 2689 2091 ἄλλοις
2723 2026 2979 2084 εὐώδεσιν
3010 2027 3224 2087 εἶ’δεσιν.
3281 2027 3593 2086 Ἐκλονεῖτο
3626 2029 3684 2086 δὲ
3726 2032 3817 2086 καὶ
3851 2035 3887 2102 ἡ

2231 2124 2301 2191 γῆ
2361 2116 2487 2191 παρ’
2544 2117 2707 2180 ὅλους
2764 2117 2891 2180 τοὺς
2936 2117 3195 2194 τέσσαρας
3229 2126 3404 2191 μῆνας
3462 2124 3561 2185 τῆς
3600 2120 3889 2195 βασιλείας

2235 2204 2418 2261 αὐτοῦ.
2469 2208 2549 2279 [Ρ.
2606 2209 2735 2279 750]
2796 2208 2946 2271 Τέως
3015 2205 3071 2261 δὲ
3129 2208 3372 2285 πεφθεῖς
3431 2210 3575 2283 παρὰ
3626 2214 3724 2264 τοῦ
3781 2231 3892 2265 πα-

2232 2295 2500 2369 τριάρχου
2530 2294 2619 2349 καὶ
2657 2295 2913 2370 βασιλεὺς
2944 2297 3208 2359 καταστὰς
3238 2303 3424 2370 τιμαῖς
3473 2299 3561 2352 καὶ
3614 2298 3887 2372 ἀξιώμασι

2232 2384 2329 2451 τὴν
2363 2381 2666 2459 σύγκλητον
2708 2384 2797 2439 καὶ
2846 2382 3063 2460 δωρεῶν
3098 2384 3383 2458 διανομαῖς
3434 2386 3496 2441 τὸ
3553 2388 3731 2442 κοινὸν
3795 2389 3887 2443 ἄν-

2235 2466 2555 2544 ελάμὸανεν.
2606 2472 2865 2542 Ἐντεὺξει
2898 2471 2955 2527 δὶ
3001 2473 3069 2547 τῇ
3123 2474 3257 2547 πρὸς
3297 2475 3396 2542 τήν
3457 2473 3737 2530 δέσποιναν
3791 2480 3883 2531 καὶ

2236 2565 2632 2615 Κωνσταντῖνον
2672 2561 2762 2615 τὸν
2842 2557 3162 2635 δομὲστικον
3227 2561 3721 2637 μετακαλεσάμενος
3777 2571 3882 2634 τῆς

2239 2649 2525 2724 ὑπερορίας
2548 2649 2638 2703 καὶ
2695 2644 3083 2722 νοόελίσσιμον
3153 2653 3264 2724 (Ui)
3309 2654 3544 2725 τιμήσας
3607 2654 3722 2728 εἶχε
3765 2661 3885 2719 μεθ’

2236 2740 2445 2793 ἑαυτοῦ.
2479 2738 2642 2807 Δόξας
2685 2736 2742 2792 δί
2785 2737 2835 2793 ἐν
2880 2734 3082 2814 βεϐαίῳ
3132 2738 3343 2794 ἑστάναι
3396 2738 3658 2816 αἶ’φνίδιον
3700 2738 3880 2800 ἔπεσε.

2235 2827 2525 2901 Γράμμασι
2582 2827 2685 2901 γὰρ
2734 2832 2829 2881 τοῦ
2899 2827 3308 2905 ὀρφανοτρόφου
3365 2829 3454 2882 καὶ
3518 2825 3888 2903 συμϐουλίαις

2234 2920 2331 2969 τοῦ
2383 2913 2713 2988 δομεστίκου
2772 2914 3107 2993 διαφθαρεὶς,
3155 2915 3424 2991 λεγόντων
3488 2920 3564 2991 μὴ
3609 2917 3890 2985 πολλάκις

2236 3003 2503 3058 πιστεύειν
2557 3008 2624 3078 τῇ
2686 3002 2977 3078 δεσποίνῃ,
3038 3002 3182 3061 ἀλλᾶ
3240 3004 3595 3083 φυλάττεσθαι
3654 3008 3889 3080 ταύτην,

2230 3091 2323 3146 ’ίνα
2382 3091 2877 3166 μή,παραπλήσια
2933 3096 3079 3169 πάθῃ
3139 3099 3216 3165 τῷ
3269 3116 3328 3149 τε
3386 3095 3513 3167 θείῳ
3569 3096 3736 3151 αὐτοῦ
3792 3100 3888 3151 καὶ

2240 3184 2455 3258 βασιλεῖ
2510 3184 2738 3259 Μιχαὴλ
2786 3185 2876 3239 καὶ
2926 3189 3005 3257 τῷ
3053 3186 3159 3259 πρὸ
3214 3184 3377 3240 αὐτοῦ
3424 3187 3709 3258 Ῥωμανῷ,
3746 3209 3889 3261 γοη-

465 3279 665 3334 eadem
699 3277 805 3331 hac
837 3291 898 3330 re
929 3249 1435 3328 exhortationibus
1482 3289 1547 3328 eo
1597 3273 1833 3327 tandem
1876 3272 2118 3327 adactus

2231 3272 2393 3336 τείαις
2426 3316 2439 3341 ,
2499 3275 2573 3335 ὡς
2650 3271 2879 3351 ἔφασκον
2913 3318 2926 3343 ,
2996 3273 3428 3349 κατεργασθέντι,
3486 3274 3575 3329 καὶ
3629 3270 3887 3348 συμϐου-

467 3373 558 3422 est
590 3370 652 3421 ut
692 3363 937 3420 insidias
986 3362 1159 3417 matri
1208 3363 1333 3417 Zoae
1384 3366 1632 3432 pararet.
1667 3361 1882 3416 Statuit
1931 3362 2119 3430 primo

469 3455 683 3511 civium
715 3453 944 3508 animos
976 3457 1218 3517 tentare,
1243 3458 1304 3504 ut
1328 3450 1378 3506 si
1409 3467 1508 3505 eos
1540 3451 1651 3504 sibi
1684 3450 1874 3504 favere
1905 3448 2119 3504 intelli-

472 3548 633 3615 geret
662 3559 727 3596 ac
756 3546 1094 3596 constanter
1133 3539 1191 3593 in
1224 3554 1285 3594 se
1315 3555 1444 3594 esse
1494 3555 1835 3610 pr0pensos,
1864 3554 1985 3592 rem
2019 3553 2118 3607 ag—

472 3633 828 3702 grederetur,
863 3630 912 3685 si
945 3645 1115 3684 secus
1159 3628 1435 3691 eveniret.
1461 3628 1749 3683 omitteret
1778 3626 2115 3681 consilium.

472 3723 623 3793 Ergo
653 3722 723 3775 ad
755 3719 904 3774 diem
956 3718 1055 3789 qui
1088 3735 1120 3772 a
1151 3716 1435 3772 Pascbate
1466 3717 1766 3786 proximus
1796 3720 1885 3771 est
1920 3714 2115 3770 Domi-

476 3811 665 3879 nicus,
694 3808 904 3880 populo
929 3806 1229 3879 publicum
1267 3822 1599 3875 processum
1626 3806 1683 3859 in
1706 3805 2117 3876 Apostolorum

471 3900 654 3954 aedem
691 3899 958 3968 imperat,
993 3896 1100 3949 hoc
1130 3895 1303 3948 modo
1334 3893 1542 3948 civium
1577 3895 1635 3948 in
1670 3910 1729 3949 se
1762 3895 1992 3949 animos
2023 3911 2118 3948 ex-

472 3988 829 4060 ploraturus.
853 3984 1025 4040 Venit
1053 4000 1190 4055 ergo
1223 3992 1533 4037 coronatus
1573 4000 1702 4037 cum
1749 3988 1953 4037 senatu
1987 3999 2116 4037 oru-

470 4077 646 4131 nibus
680 4074 921 4129 urbanis
953 4073 1023 4128 ad
1056 4071 1112 4125 id
1145 4070 1546 4143 spectaculum
1595 4072 2029 4139 accurentibus,
2063 4076 2121 4126 et

469 4168 541 4221 iis
571 4165 666 4234 qui
703 4164 773 4218 ad
805 4162 960 4215 viam
1009 4160 1230 4230 regiam
1282 4160 1648 4224 habitabant,
1672 4178 1905 4214 auream
1939 4165 1998 4215 et
2027 4179 2118 4215 ar-

468 4258 736 4325 genteam
771 4247 1191 4320 supellectilem
1225 4264 1291 4302 ex
1323 4248 1548 4301 aedibus
1580 4249 2022 4303 demittentibus
2052 4265 2120 4303 ac

471 4341 673 4413 peplos
692 4345 747 4395 et
764 4355 905 4393 auro
926 4337 1176 4392 intextas
1194 4340 1402 4407 vestes,
1418 4336 1596 4408 inque
1615 4336 1821 4391 faustis
1838 4338 2120 4392 acclama-

470 4430 730 4485 tionibus
762 4426 1025 4481 certatim
1059 4425 1257 4497 ipsum
1306 4426 1481 4480 etiam
1510 4425 1840 4481 animorum
1874 4443 2119 4481 suorum

470 4534 710 4573 sensum
760 4516 1057 4570 effundere
1088 4514 1483 4586 cupientibus.
1510 4514 1586 4569 Iis
1621 4515 1800 4569 miser
1848 4515 1957 4570 iste
1995 4515 2155 4570 ine-'

2230 3359 2499 3416 λευόντων
2532 3405 2546 3431 ,
2606 3360 2658 3416 εἷ’
2737 3361 2850 3415 οἷόν
2909 3383 2967 3416 τε
3020 3358 3265 3417 ἐκποδὼν
3325 3364 3505 3426 Θέσθαι
3564 3362 3729 3432 αὐτὴν
3791 3365 3886 3420 καὶ

2228 3454 2450 3503 σπεῦσαι
2509 3450 2585 3521 μὴ
2640 3457 3062 3527 προΑηφθῆναι,
3120 3451 3208 3505 καὶ
3266 3457 3510 3527 συνεχεῖς
3562 3454 3657 3516 τὰς
3701 3474 3881 3528 προσ-

2229 3533 2397 3600 ϐολὰς
2453 3538 2575 3612 περὶ
2624 3542 2719 3593 τοῦ
2777 3538 2939 3593 αὐτοῦ
2986 3540 3311 3612 ποιούμενοι
3370 3541 3685 3614 πράγματος
3742 3543 3881 3597 ἀενα-

2228 3632 2407 3680 πεῖσαι
2478 3624 2701 3701 ἴσχυσαν
2770 3623 3067 3697 ἐπιϐουλὴν
3143 3630 3259 3683 κατ’
3326 3628 3493 3704 αὑτῆς
3552 3627 3877 3703 μελετῆσαι.

2228 3712 2440 3785 Ἔδοξεν
2489 3714 2578 3770 οὖν
2632 3716 3065 3792 ἀποπειραθῆναι
3121 3722 3227 3772 τῶν
3287 3716 3532 3773 πολιτῶν
3587 3719 3881 3795 πρότερον,

2230 3802 2341 3859 ο⁹ίαν
2393 3800 2582 3879 ἔχουσι
2613 3805 2734 3879 περί
2777 3805 2960 3873 αὐτοῦ,
2994 3806 3246 3879 γνώμην,
3295 3807 3384 3860 καὶ
3417 3806 3469 3861 εἲ
3499 3808 3594 3879 μὶν
3626 3812 3886 3883 χρηστήν

2229 3889 2462 3953 διάθεσιν
2522 3898 2727 3971 φανῶσι
2786 3891 3142 3971 φυλάττοντες
3201 3894 3276 3958 εἰς
3330 3895 3492 3950 αὐτὸν
3542 3897 3632 3950 καὶ
3688 3896 3884 3973 φιλίαν

2229 3981 2417 4056 ὀρθὴν,
2466 3982 2588 4036 τότε
2638 3980 2703 4052 δὴ
2735 3981 2823 4037 καὶ
2855 3981 3170 4058 ἐγχειρῆσαι
3217 3987 3285 4057 τῇ
3323 3983 3542 4059 μελέτῃ,
3582 3984 3631 4040 εἴ
3658 3983 3714 4040 δὲ
3748 3988 3883 4041 τού-

2225 4070 2462 4139 ναντίον,
2512 4071 2749 4145 ἡσυχίαν
2788 4068 2957 4146 ἄγειν.
2991 4076 3082 4143 Τῷ
3113 4076 3355 4147 Κυριακῇ
3388 4072 3480 4128 οὖν
3528 4077 3597 4143 τῆ
3649 4076 3787 4147 μετὰ
3815 4078 3885 4133 τὸ

2228 4162 2375 4233 ἅγιον
2432 4161 2624 4235 Πάσχα
2679 4159 2997 4233 προέλευσιν
3055 4158 3324 4233 δημοσίαν
3385 4162 3617 4237 κηρύξας
3689 4164 3741 4220 ἐν
3798 4171 3885 4238 τῷ

2226 4252 2336 4301 τῶν
2401 4248 2597 4324 ’Δγίων
2648 4247 2998 4304 Ἀποστόλων
3030 4254 3165 4321 ναῷ,
3207 4249 3296 4303 καὶ
3329 4249 3399 4304 δι’
3430 4250 3597 4320 αὐτῆς
3652 4252 3887 4310 ἀποπει-

2230 4338 2454 4411 ραθῆναι
2503 4337 2688 4410 κρίνας
2736 4341 2835 4402 τῆς
2884 4336 3110 4411 γνώμης
3165 4342 3272 4392 τῶν
3331 4337 3596 4408 πολιτῶν,
3628 4340 3885 4407 ἀπῆλθεν

2227 4422 2663 4497 ἐστεφανωμένος
2721 4426 2853 4498 μετὰ
2876 4433 2976 4495 τῆς
3029 4424 3357 4501 συγκλήτου,
3414 4429 3589 4499 πάσης
3640 4436 3739 4499 τῆς
3770 4432 3887 4486 πό-

2228 4511 2367 4576 λεως
2401 4514 2774 4588 ἀθροισθείσης
2814 4514 2888 4575 εἷς
2943 4517 3043 4584 τὴν
3099 4516 3243 4583 Θέαν,
3300 4515 3460 4586 σκεύη
3521 4518 3727 4593 χρύσεα
3785 4523 3883 4577 καὶ

468 4611 686 4673 scatus,
704 4609 875 4673 atque
892 4603 1088 4659 omnia
1105 4620 1136 4656 a
1155 4619 1389 4657 summa
1408 4602 1696 4674 proﬁcisci
1724 4603 2121 4658 benevolentia

2231 4603 2464 4677 ἀργύρεα
2519 4608 2625 4656 τῶν
2682 4604 2783 4670 τήν
2850 4601 3129 4681 λεωφόρον
3185 4606 3582 4661 κατοικούντων
3643 4608 3887 4683 ἀποκρε-

468 4698 770 4767 putans,ut
790 4693 1041 4764 primum
1068 4692 1123 4745 in
1144 4708 1410 4761 magnum
1428 4696 1793 4745 estreversus
1809 4690 2115 4762 palatium,

467 4783 855 4857 patriarcham
879 4782 935 4835 in
956 4780 1377 4835 monasterium
1400 4780 1770 4851 ipsius,quod
1790 4779 1985 4834 eratin
2003 4781 2123 4835 Ste-

466 4891 559 4943 no,
593 4873 753 4928 abire
775 4871 965 4942 jubet,
993 4886 1171 4939 seque
1203 4867 1283 4922 ibi
1316 4869 1373 4922 in
1408 4868 1729 4922 crastinum
1763 4875 2118 4938 exspectare,

464 4964 744 5019 donatum
780 4960 906 5015 auri
942 4959 1107 5013 libris
1141 4958 1191 5021 4,
1217 4957 1371 5027 quod
1401 4956 1679 5011 nimirum
1706 4962 1754 5011 ei
1788 4957 1942 5011 brevi
1968 4964 2122 5013 esset

464 5066 863 5107 successorem
909 5047 1357 5102 constituturus.
1383 5048 1567 5099 Noctu
1600 5048 1924 5117 Augustam
1976 5045 2120 5103 solio

460 5140 732 5196 deturbat
751 5142 809 5193 et
824 5137 880 5192 in
904 5135 1239 5206 Principum
1291 5133 1529 5206 relegat,
1546 5133 1617 5188 iis
1637 5133 1731 5203 qui
1750 5134 2122 5191 abducebant

463 5229 745 5285 mandato
780 5231 843 5281 ut
886 5241 1011 5281 eam
1064 5224 1333 5278 raderent
1381 5227 1554 5293 atque
1583 5221 1695 5291 ipsi
1727 5223 1916 5277 crines
1946 5224 2117 5279 aﬂ'er-

2232 4691 2537 4763 μαννύντων
2588 4690 2676 4745 καὶ
2708 4689 2948 4752 πέπλους
2986 4691 3074 4745 καὶ
3136 4689 3281 4747 ἄλλα
3337 4693 3623 4772 ὑφάσματα
3676 4716 3888 4771 χρυσο-

2231 4779 2360 4857 ὑφῇ,
2392 4779 2489 4835 κᾶν
2518 4785 2635 4844 ταῖς
2673 4778 2965 4856 εὐφημίαις
3010 4784 3510 4855 προτεθυμημένων
3557 4786 3645 4838 καὶ
3691 4786 3887 4861 αὐτὰς,

2231 4869 2275 4922 εί
2308 4864 2419 4923 οἷόν
2475 4890 2554 4934 τε,
2614 4868 2905 4923 ἐκκενώσαι
2962 4869 3055 4931 τὰς
3114 4869 3313 4944 ψυχάς.
3372 4873 3469 4933 Οἷς
3515 4870 3823 4937 δελεασθεὶς
3856 4879 3887 4932 ὁ

2231 4954 2468 5018 δείλαιος
2526 4961 2605 5029 τῷ
2662 4956 2712 5026 ἐξ
2770 4957 2976 5018 εὐνοίας
3035 4954 3329 5013 ὑπολαϐεῖν
3388 4964 3553 5015 ταῦτα
3608 4963 3887 5036 γίνεσθαι,

2234 5044 2569 5121 ὑποστρέψας
2610 5043 2661 5099 ἐν
2693 5049 2771 5117 τῷ
2831 5042 3058 5120 μεγάλῳ
3105 5045 3357 5119 παλατίῳ
3401 5053 3480 5120 τῷ
3529 5051 3622 5121 μὲν
3675 5072 3885 5123 πατρι-

2228 5134 2372 5209 ἀρχῃ
2434 5132 2627 5205 μηνύει
2689 5132 2943 5197 ἀπελθεῖν
3004 5133 3079 5197 εἷς
3138 5135 3235 5203 τὴν
3270 5134 3324 5190 ἐν
3370 5141 3449 5208 τῷ
3486 5143 3665 5210 Στενῷ
3700 5142 3886 5211 μονήν

2227 5224 2392 5277 αὐτοῦ
2448 5222 2538 5275 καὶ
2597 5218 2993 5296 προσδέχεσθαι
3054 5222 3210 5277 αὐτὸν
3265 5228 3335 5297 τῇ
3395 5226 3693 5299 ἐπαύριον,
3753 5225 3893 5295 δοὺς

1659 5363 2028 5419 XYLANDRI
2071 5365 2156 5420 ET
2194 5365 2414 5421 GOARI
2454 5365 2689 5421 NOTIE.

538 5496 647 5564 (14)
673 5494 812 5549 Tres
842 5492 1203 5548 Constantini
1234 5489 1434 5564 Magni
1468 5488 1919 5564 tempore‘tituli
1952 5490 2112 5545 fuere

463 5560 756 5636 praecipui,
790 5564 1073 5637 Augusti,
1096 5560 1354 5637 Caesaris,
1389 5560 2110 5637 Nobilissim_i._A_ugustus

464 5632 804 5709 imperator,
836 5632 1024 5709 Caesar
1062 5633 1289 5709 imperii
1337 5632 2111 5709 successor,_1_‘10bili_ssimus

460 5702 705 5765 Caiarei
736 5708 996 5763 nominis
1044 5702 1395 5775 quandoque
1446 5702 1714 5774 potiundi
1746 5721 1851 5774 spe
1881 5705 2109 5760 foveba-

2225 5491 2798 5573 tur;'unde_n_onnisi
2822 5491 3013 5573 ultimi
3038 5492 3219 5573 impp.
3250 5494 3354 5573 lilii
3381 5493 3468 5573 vel
3496 5494 3704 5573 afﬁnes
3728 5514 3888 5573 prae-

2221 5562 2375 5648 cipui
2426 5579 2491 5648 eo
2520 5562 2711 5648 ‘t'it‘ulo
2753 5563 3030 5648 leguntur
3079 5562 3325 5648 imperio
3376 5565 3613 5648 florente
3646 5562 3883 5648 prpeti.

2220 5634 2394 5760 glura
2418 5635 2489 5689 de
2520 5633 2898 5691 Nobilissimo
2922 5633 3224 5693 Trivmius
3256 5636 3492 5693 Observ.
3517 5639 3681 5710 Apol.
3708 5656 3763 5696 c.
3789 5643 3885 5697 16.

2269 5723 2399 5761 om.
