  <div class='ocr_page' id='page_1' title='image "/cluster/home/n/w/nwhite01/storage/ocr_20150623/122/hvd.32044073502452/142.png"; bbox 0 0 4070 6334; ppageno 0'>
   <div class='ocr_carea' id='block_1_1' title="bbox 165 430 275 487">
    <p class='ocr_par' dir='ltr' id='par_1_1' title="bbox 165 430 275 487">
     <span class='ocr_line' id='line_1_1' title="bbox 165 430 275 487; baseline 0.009 -2"><span class='ocrx_word' id='word_1_1' title='bbox 165 430 275 487; x_wconf 75' lang='grc'><strong>269</strong></span> 
     </span>
    </p>
   </div>
   <div class='ocr_carea' id='block_1_2' title="bbox 1331 430 2464 498">
    <p class='ocr_par' dir='ltr' id='par_1_2' title="bbox 1331 430 2464 498">
     <span class='ocr_line' id='line_1_2' title="bbox 1331 430 2464 498; baseline 0.004 -7"><span class='ocrx_word' id='word_1_2' title='bbox 1331 430 1873 494; x_wconf 78' lang='lat' dir='ltr'><strong>HISTORIARUM</strong></span> <span class='ocrx_word' id='word_1_3' title='bbox 1921 433 2464 498; x_wconf 77' lang='lat' dir='ltr'><strong>COMPENDIUM.</strong></span> 
     </span>
    </p>
   </div>
   <div class='ocr_carea' id='block_1_3' title="bbox 3451 433 3572 498">
    <p class='ocr_par' dir='ltr' id='par_1_3' title="bbox 3451 433 3572 498">
     <span class='ocr_line' id='line_1_3' title="bbox 3451 433 3572 498; baseline 0.017 -3"><span class='ocrx_word' id='word_1_4' title='bbox 3451 433 3572 498; x_wconf 68' lang='lat'><strong>270</strong></span> 
     </span>
    </p>
   </div>
   <div class='ocr_carea' id='block_1_4' title="bbox 167 560 1808 642">
    <p class='ocr_par' dir='ltr' id='par_1_4' title="bbox 167 560 1808 638">
     <span class='ocr_line' id='line_1_4' title="bbox 167 560 1808 638; baseline 0.001 -22"><span class='ocrx_word' id='word_1_5' title='bbox 167 561 306 634; x_wconf 65' lang='grc' dir='ltr'>αὐτῷ</span> <span class='ocrx_word' id='word_1_6' title='bbox 337 584 425 617; x_wconf 86' lang='grc' dir='ltr'><strong>και</strong></span> <span class='ocrx_word' id='word_1_7' title='bbox 458 561 692 638; x_wconf 83' lang='grc' dir='ltr'>χρυσίου</span> <span class='ocrx_word' id='word_1_8' title='bbox 724 561 910 637; x_wconf 78' lang='grc' dir='ltr'>λίτρας</span> <span class='ocrx_word' id='word_1_9' title='bbox 947 563 1204 638; x_wconf 73' lang='grc' dir='ltr'>τέσσαρας</span> <span class='ocrx_word' id='word_1_10' title='bbox 1238 560 1325 617; x_wconf 76' lang='grc' dir='ltr'><strong>διὰ</strong></span> <span class='ocrx_word' id='word_1_11' title='bbox 1353 563 1450 631; x_wconf 69' lang='grc' dir='ltr'>τὴν</span> <span class='ocrx_word' id='word_1_12' title='bbox 1505 560 1808 636; x_wconf 68' lang='grc' dir='ltr'>μέλλουσαν</span> 
     </span>
    </p>
   </div>
   <div class='ocr_carea' id='block_1_5' title="bbox 1921 560 3575 642">
    <p class='ocr_par' dir='ltr' id='par_1_5' title="bbox 1927 568 3575 642">
     <span class='ocr_line' id='line_1_5' title="bbox 1927 568 3575 642; baseline 0.003 -22"><span class='ocrx_word' id='word_1_13' title='bbox 1927 572 2074 623; x_wconf 83' lang='lat' dir='ltr'><strong>rent.</strong></span> <span class='ocrx_word' id='word_1_14' title='bbox 2114 568 2210 623; x_wconf 90' lang='lat' dir='ltr'><strong>Die</strong></span> <span class='ocrx_word' id='word_1_15' title='bbox 2244 569 2393 623; x_wconf 83' lang='lat' dir='ltr'><strong>facta</strong></span> <span class='ocrx_word' id='word_1_16' title='bbox 2422 568 2760 624; x_wconf 80' lang='lat' dir='ltr'><strong>relationem</strong></span> <span class='ocrx_word' id='word_1_17' title='bbox 2797 569 3160 642; x_wconf 78' lang='lat' dir='ltr'><strong>perscripsit,</strong></span> <span class='ocrx_word' id='word_1_18' title='bbox 3193 583 3443 642; x_wconf 78' lang='lat' dir='ltr'><strong>eamque</strong></span> <span class='ocrx_word' id='word_1_19' title='bbox 3473 587 3575 625; x_wconf 88' lang='lat' dir='ltr'><strong>ur-</strong></span> 
     </span>
    </p>
   </div>
   <div class='ocr_carea' id='block_1_6' title="bbox 170 649 1811 728">
    <p class='ocr_par' dir='ltr' id='par_1_6' title="bbox 170 649 1811 728">
     <span class='ocr_line' id='line_1_6' title="bbox 170 649 1811 728; baseline 0 -24"><span class='ocrx_word' id='word_1_20' title='bbox 170 651 242 714; x_wconf 81' lang='grc' dir='ltr'><strong>εἶς</strong></span> <span class='ocrx_word' id='word_1_21' title='bbox 292 653 456 707; x_wconf 81' lang='grc' dir='ltr'>αὐτὸν</span> <span class='ocrx_word' id='word_1_22' title='bbox 516 653 761 728; x_wconf 67' lang='grc' dir='ltr'>γενέσθαι</span> <span class='ocrx_word' id='word_1_23' title='bbox 813 652 958 728; x_wconf 82' lang='grc' dir='ltr'>τάχα</span> <span class='ocrx_word' id='word_1_24' title='bbox 1009 649 1313 728; x_wconf 77' lang='grc' dir='ltr'>ὑποδοχήν·</span> <span class='ocrx_word' id='word_1_25' title='bbox 1349 653 1539 714; x_wconf 85' lang='grc' dir='ltr'>νυκτὸς</span> <span class='ocrx_word' id='word_1_26' title='bbox 1597 649 1653 706; x_wconf 64' lang='grc' dir='ltr'><strong>δὲ</strong></span> <span class='ocrx_word' id='word_1_27' title='bbox 1709 653 1811 720; x_wconf 64' lang='grc' dir='ltr'>τὴν</span> 
     </span>
    </p>
   </div>
   <div class='ocr_carea' id='block_1_7' title="bbox 175 737 1811 816">
    <p class='ocr_par' dir='ltr' id='par_1_7' title="bbox 175 737 1811 816">
     <span class='ocr_line' id='line_1_7' title="bbox 175 737 1811 816; baseline 0.001 -24"><span class='ocrx_word' id='word_1_28' title='bbox 175 737 428 813; x_wconf 74' lang='grc' dir='ltr'><strong>βασιλίδα</strong></span> <span class='ocrx_word' id='word_1_29' title='bbox 494 745 741 811; x_wconf 87' lang='grc' dir='ltr'>κατασπᾷ</span> <span class='ocrx_word' id='word_1_30' title='bbox 802 743 897 794; x_wconf 73' lang='grc' dir='ltr'>τοῦ</span> <span class='ocrx_word' id='word_1_31' title='bbox 965 741 1156 810; x_wconf 79' lang='grc' dir='ltr'><strong>θρόνου</strong></span> <span class='ocrx_word' id='word_1_32' title='bbox 1222 741 1309 794; x_wconf 76' lang='grc' dir='ltr'><strong>καὶ</strong></span> <span class='ocrx_word' id='word_1_33' title='bbox 1382 739 1676 816; x_wconf 74' lang='grc' dir='ltr'>περιορίζει</span> <span class='ocrx_word' id='word_1_34' title='bbox 1734 740 1811 802; x_wconf 83' lang='grc' dir='ltr'>εἰς</span> 
     </span>
    </p>
   </div>
   <div class='ocr_carea' id='block_1_8' title="bbox 169 827 1810 904">
    <p class='ocr_par' dir='ltr' id='par_1_8' title="bbox 169 827 1810 904">
     <span class='ocr_line' id='line_1_8' title="bbox 169 827 1810 904; baseline 0.001 -22"><span class='ocrx_word' id='word_1_35' title='bbox 169 829 492 904; x_wconf 80' lang='grc' dir='ltr'>Ιιρίγκιπον,</span> <span class='ocrx_word' id='word_1_36' title='bbox 555 829 840 903; x_wconf 80' lang='grc' dir='ltr'>ἆποκεῖραι</span> <span class='ocrx_word' id='word_1_37' title='bbox 900 835 1018 890; x_wconf 86' lang='grc' dir='ltr'>τοῖς</span> <span class='ocrx_word' id='word_1_38' title='bbox 1077 831 1264 904; x_wconf 73' lang='grc' dir='ltr'>ἄγουσι</span> <span class='ocrx_word' id='word_1_39' title='bbox 1329 828 1586 890; x_wconf 76' lang='grc' dir='ltr'>κελεύσας</span> <span class='ocrx_word' id='word_1_40' title='bbox 1642 827 1810 898; x_wconf 68' lang='grc' dir='ltr'>αὐτὴν</span> 
     </span>
    </p>
   </div>
   <div class='ocr_carea' id='block_1_9' title="bbox 167 915 1808 993">
    <p class='ocr_par' dir='ltr' id='par_1_9' title="bbox 167 915 1808 993">
     <span class='ocr_line' id='line_1_9' title="bbox 167 915 1808 993; baseline -0.001 -21"><span class='ocrx_word' id='word_1_41' title='bbox 167 919 247 972; x_wconf 79' lang='grc' dir='ltr'><strong>καὶ</strong></span> <span class='ocrx_word' id='word_1_42' title='bbox 283 915 600 990; x_wconf 72' lang='grc' dir='ltr'>διακομίσαι</span> <span class='ocrx_word' id='word_1_43' title='bbox 638 917 818 990; x_wconf 76' lang='grc' dir='ltr'>τούτῳ</span> <span class='ocrx_word' id='word_1_44' title='bbox 860 919 955 981; x_wconf 77' lang='grc' dir='ltr'>τὰς</span> <span class='ocrx_word' id='word_1_45' title='bbox 995 917 1190 993; x_wconf 79' lang='grc' dir='ltr'>τρίχας</span> <span class='ocrx_word' id='word_1_46' title='bbox 1240 917 1432 986; x_wconf 83' lang='grc' dir='ltr'>αὐτῆς.</span> <span class='ocrx_word' id='word_1_47' title='bbox 1471 917 1565 971; x_wconf 76' lang='grc' dir='ltr'><strong>Καὶ</strong></span> <span class='ocrx_word' id='word_1_48' title='bbox 1614 918 1670 970; x_wconf 76' lang='grc' dir='ltr'><strong>οἱ</strong></span> <span class='ocrx_word' id='word_1_49' title='bbox 1715 919 1808 990; x_wconf 80' lang='grc' dir='ltr'><strong>μὶν</strong></span> 
     </span>
    </p>
   </div>
   <div class='ocr_carea' id='block_1_10' title="bbox 167 1003 1809 1084">
    <p class='ocr_par' dir='ltr' id='par_1_10' title="bbox 167 1003 1809 1084">
     <span class='ocr_line' id='line_1_10' title="bbox 167 1003 1809 1084; baseline 0.001 -25"><span class='ocrx_word' id='word_1_50' title='bbox 167 1007 494 1084; x_wconf 66' lang='grc' dir='ltr'>πεμφθέντες</span> <span class='ocrx_word' id='word_1_51' title='bbox 567 1005 827 1076; x_wconf 80' lang='grc' dir='ltr'>ἐποίησαν</span> <span class='ocrx_word' id='word_1_52' title='bbox 898 1007 971 1068; x_wconf 82' lang='grc' dir='ltr'>ὡς</span> <span class='ocrx_word' id='word_1_53' title='bbox 1029 1005 1463 1076; x_wconf 69' lang='grc' dir='ltr'>ἐκελεύσθησαν,</span> <span class='ocrx_word' id='word_1_54' title='bbox 1525 1003 1688 1060; x_wconf 70' lang='grc' dir='ltr'>ἕωθεν</span> <span class='ocrx_word' id='word_1_55' title='bbox 1763 1004 1809 1060; x_wconf 81' lang='grc' dir='ltr'><strong>δ’</strong></span> 
     </span>
    </p>
   </div>
   <div class='ocr_carea' id='block_1_11' title="bbox 167 1093 1809 1170">
    <p class='ocr_par' dir='ltr' id='par_1_11' title="bbox 167 1093 1809 1170">
     <span class='ocr_line' id='line_1_11' title="bbox 167 1093 1809 1170; baseline 0 -22"><span class='ocrx_word' id='word_1_56' title='bbox 167 1097 316 1157; x_wconf 76' lang='grc' dir='ltr'>οὗτος</span> <span class='ocrx_word' id='word_1_57' title='bbox 351 1095 625 1170; x_wconf 74' lang='grc' dir='ltr'>ἆναιροράν</span> <span class='ocrx_word' id='word_1_58' title='bbox 649 1097 983 1170; x_wconf 74' lang='grc' dir='ltr'>(15)γράψας</span> <span class='ocrx_word' id='word_1_59' title='bbox 1004 1095 1091 1149; x_wconf 83' lang='grc' dir='ltr'><strong>καὶ</strong></span> <span class='ocrx_word' id='word_1_60' title='bbox 1115 1099 1196 1166; x_wconf 79' lang='grc' dir='ltr'>τῷ</span> <span class='ocrx_word' id='word_1_61' title='bbox 1225 1098 1322 1163; x_wconf 67' lang='grc' dir='ltr'>τῆς</span> <span class='ocrx_word' id='word_1_62' title='bbox 1350 1094 1565 1156; x_wconf 89' lang='grc' dir='ltr'>πόλεως</span> <span class='ocrx_word' id='word_1_63' title='bbox 1583 1093 1809 1170; x_wconf 80' lang='grc' dir='ltr'>ἐπάρχῳ</span> 
     </span>
    </p>
   </div>
   <div class='ocr_carea' id='block_1_12' title="bbox 165 1182 1809 1259">
    <p class='ocr_par' dir='ltr' id='par_1_12' title="bbox 165 1182 1809 1259">
     <span class='ocr_line' id='line_1_12' title="bbox 165 1182 1809 1259; baseline 0 -21"><span class='ocrx_word' id='word_1_64' title='bbox 165 1182 286 1247; x_wconf 73' lang='grc' dir='ltr'>δοὺς</span> <span class='ocrx_word' id='word_1_65' title='bbox 344 1185 655 1259; x_wconf 74' lang='grc' dir='ltr'>ἀναγνῶναι</span> <span class='ocrx_word' id='word_1_66' title='bbox 705 1184 756 1239; x_wconf 73' lang='grc' dir='ltr'><strong>ὲν</strong></span> <span class='ocrx_word' id='word_1_67' title='bbox 813 1189 894 1255; x_wconf 77' lang='grc' dir='ltr'>τῷ</span> <span class='ocrx_word' id='word_1_68' title='bbox 946 1189 1043 1238; x_wconf 79' lang='grc' dir='ltr'><strong>τοῦ</strong></span> <span class='ocrx_word' id='word_1_69' title='bbox 1098 1183 1353 1258; x_wconf 84' lang='grc' dir='ltr'><strong>Μεγάλου</strong></span> <span class='ocrx_word' id='word_1_70' title='bbox 1408 1185 1809 1238; x_wconf 82' lang='grc' dir='ltr'>Κωνσταντίνου</span> 
     </span>
    </p>
   </div>
   <div class='ocr_carea' id='block_1_13' title="bbox 165 1270 1807 1349">
    <p class='ocr_par' dir='ltr' id='par_1_13' title="bbox 165 1270 1807 1349">
     <span class='ocr_line' id='line_1_13' title="bbox 165 1270 1807 1349; baseline -0.001 -21"><span class='ocrx_word' id='word_1_71' title='bbox 165 1274 313 1349; x_wconf 64' lang='grc' dir='ltr'>ᾳόρῳ</span> <span class='ocrx_word' id='word_1_72' title='bbox 374 1279 492 1335; x_wconf 87' lang='grc' dir='ltr'>τοῖς</span> <span class='ocrx_word' id='word_1_73' title='bbox 549 1272 803 1334; x_wconf 79' lang='grc' dir='ltr'>πολίταις</span> <span class='ocrx_word' id='word_1_74' title='bbox 863 1271 1176 1328; x_wconf 72' lang='grc' dir='ltr'>ἐκέλευσεν·</span> <span class='ocrx_word' id='word_1_75' title='bbox 1213 1271 1414 1343; x_wconf 77' lang='grc' dir='ltr'>ἐδήλου</span> <span class='ocrx_word' id='word_1_76' title='bbox 1475 1270 1532 1327; x_wconf 69' lang='grc' dir='ltr'><strong>δὲ</strong></span> <span class='ocrx_word' id='word_1_77' title='bbox 1587 1275 1622 1342; x_wconf 79' lang='grc' dir='ltr'><strong>ἡ</strong></span> <span class='ocrx_word' id='word_1_78' title='bbox 1678 1273 1807 1327; x_wconf 84' lang='grc' dir='ltr'><strong>ἀνα-</strong></span> 
     </span>
    </p>
   </div>
   <div class='ocr_carea' id='block_1_14' title="bbox 160 1360 1805 1439">
    <p class='ocr_par' dir='ltr' id='par_1_14' title="bbox 160 1360 1805 1439">
     <span class='ocr_line' id='line_1_14' title="bbox 160 1360 1805 1439; baseline -0.001 -24"><span class='ocrx_word' id='word_1_79' title='bbox 160 1362 316 1439; x_wconf 62' lang='grc' dir='ltr'>φορὰ,</span> <span class='ocrx_word' id='word_1_80' title='bbox 350 1361 538 1436; x_wconf 77' lang='grc' dir='ltr'>ὅτιπερ</span> <span class='ocrx_word' id='word_1_81' title='bbox 574 1386 600 1414; x_wconf 81' lang='grc' dir='ltr'><strong>α</strong></span> <span class='ocrx_word' id='word_1_82' title='bbox 631 1362 904 1422; x_wconf 83' lang='grc' dir='ltr'>Κακόνους</span> <span class='ocrx_word' id='word_1_83' title='bbox 937 1363 971 1430; x_wconf 78' lang='grc' dir='ltr'>ἡ</span> <span class='ocrx_word' id='word_1_84' title='bbox 1025 1363 1146 1432; x_wconf 80' lang='grc' dir='ltr'>Ζωή</span> <span class='ocrx_word' id='word_1_85' title='bbox 1199 1361 1321 1436; x_wconf 75' lang='grc' dir='ltr'>περὶ</span> <span class='ocrx_word' id='word_1_86' title='bbox 1377 1363 1474 1430; x_wconf 76' lang='grc' dir='ltr'><strong>τὴν</strong></span> <span class='ocrx_word' id='word_1_87' title='bbox 1532 1360 1805 1437; x_wconf 85' lang='grc' dir='ltr'>βασιλείαν</span> 
     </span>
    </p>
   </div>
   <div class='ocr_carea' id='block_1_15' title="bbox 164 1446 1809 1528">
    <p class='ocr_par' dir='ltr' id='par_1_15' title="bbox 164 1446 1809 1528">
     <span class='ocr_line' id='line_1_15' title="bbox 164 1446 1809 1528; baseline -0.001 -24"><span class='ocrx_word' id='word_1_88' title='bbox 164 1473 264 1522; x_wconf 82' lang='grc' dir='ltr'><strong>μου</strong></span> <span class='ocrx_word' id='word_1_89' title='bbox 334 1456 559 1528; x_wconf 66' lang='grc' dir='ltr'>φανεῖσα</span> <span class='ocrx_word' id='word_1_90' title='bbox 624 1449 904 1523; x_wconf 78' lang='grc' dir='ltr'>ἐξώρισται</span> <span class='ocrx_word' id='word_1_91' title='bbox 969 1450 1096 1525; x_wconf 82' lang='grc' dir='ltr'>παρ’</span> <span class='ocrx_word' id='word_1_92' title='bbox 1158 1448 1314 1522; x_wconf 77' lang='grc' dir='ltr'>ὶμοῦ,</span> <span class='ocrx_word' id='word_1_93' title='bbox 1365 1454 1690 1526; x_wconf 81' lang='grc' dir='ltr'>συμφρονῶν</span> <span class='ocrx_word' id='word_1_94' title='bbox 1752 1446 1809 1503; x_wconf 75' lang='grc' dir='ltr'><strong>δὲ</strong></span> 
     </span>
    </p>
   </div>
   <div class='ocr_carea' id='block_1_16' title="bbox 159 1532 1806 1615">
    <p class='ocr_par' dir='ltr' id='par_1_16' title="bbox 159 1532 1806 1615">
     <span class='ocr_line' id='line_1_16' title="bbox 159 1532 1806 1615; baseline 0.001 -22"><span class='ocrx_word' id='word_1_95' title='bbox 159 1540 322 1615; x_wconf 66' lang='grc' dir='ltr'>ταύτῃ</span> <span class='ocrx_word' id='word_1_96' title='bbox 402 1537 492 1593; x_wconf 77' lang='grc' dir='ltr'><strong>καί</strong></span> <span class='ocrx_word' id='word_1_97' title='bbox 567 1540 594 1592; x_wconf 86' lang='grc' dir='ltr'>ὁ</span> <span class='ocrx_word' id='word_1_98' title='bbox 669 1537 914 1608; x_wconf 80' lang='grc' dir='ltr'>Ἀλὲξιος</span> <span class='ocrx_word' id='word_1_99' title='bbox 987 1532 1254 1608; x_wconf 74' lang='grc' dir='ltr'>ἐξεϐλήθη</span> <span class='ocrx_word' id='word_1_100' title='bbox 1329 1545 1430 1607; x_wconf 84' lang='grc' dir='ltr'>τῆς</span> <span class='ocrx_word' id='word_1_101' title='bbox 1496 1536 1806 1608; x_wconf 82' lang='grc' dir='ltr'>ἐκκλησίας.</span> 
     </span>
    </p>
   </div>
   <div class='ocr_carea' id='block_1_17' title="bbox 158 1625 1805 1701">
    <p class='ocr_par' dir='ltr' id='par_1_17' title="bbox 158 1625 1805 1701">
     <span class='ocr_line' id='line_1_17' title="bbox 158 1625 1805 1701; baseline -0.001 -19"><span class='ocrx_word' id='word_1_102' title='bbox 158 1630 334 1701; x_wconf 80' lang='grc' dir='ltr'>Ὑμεῖς</span> <span class='ocrx_word' id='word_1_103' title='bbox 368 1625 446 1694; x_wconf 60' lang='lat' dir='ltr'><strong>Si,</strong></span> <span class='ocrx_word' id='word_1_104' title='bbox 481 1628 510 1682; x_wconf 78' lang='grc' dir='ltr'><strong>ὁ</strong></span> <span class='ocrx_word' id='word_1_105' title='bbox 541 1626 673 1700; x_wconf 80' lang='grc' dir='ltr'>ἐμὸς</span> <span class='ocrx_word' id='word_1_106' title='bbox 733 1625 894 1693; x_wconf 79' lang='grc' dir='ltr'>λαὸς,</span> <span class='ocrx_word' id='word_1_107' title='bbox 921 1627 964 1682; x_wconf 79' lang='grc' dir='ltr'><strong>εί</strong></span> <span class='ocrx_word' id='word_1_108' title='bbox 1007 1629 1106 1697; x_wconf 80' lang='grc' dir='ltr'><strong>τὴν</strong></span> <span class='ocrx_word' id='word_1_109' title='bbox 1171 1626 1308 1698; x_wconf 69' lang='grc' dir='ltr'><strong>ἐμὴν</strong></span> <span class='ocrx_word' id='word_1_110' title='bbox 1357 1625 1566 1681; x_wconf 70' lang='grc' dir='ltr'>εὔνοιαν</span> <span class='ocrx_word' id='word_1_111' title='bbox 1618 1625 1805 1697; x_wconf 81' lang='grc' dir='ltr'>διατη-</span> 
     </span>
    </p>
   </div>
   <div class='ocr_carea' id='block_1_18' title="bbox 160 1714 1804 1790">
    <p class='ocr_par' dir='ltr' id='par_1_18' title="bbox 160 1714 1804 1790">
     <span class='ocr_line' id='line_1_18' title="bbox 160 1714 1804 1790; baseline -0.001 -19"><span class='ocrx_word' id='word_1_112' title='bbox 160 1716 342 1790; x_wconf 81' lang='grc' dir='ltr'>ροίητε</span> <span class='ocrx_word' id='word_1_113' title='bbox 418 1716 554 1787; x_wconf 68' lang='grc' dir='ltr'>πρὸς</span> <span class='ocrx_word' id='word_1_114' title='bbox 631 1714 750 1788; x_wconf 74' lang='grc' dir='ltr'>ἐμὲ,</span> <span class='ocrx_word' id='word_1_115' title='bbox 823 1714 1075 1790; x_wconf 81' lang='grc' dir='ltr'><strong>μεγάλων</strong></span> <span class='ocrx_word' id='word_1_116' title='bbox 1161 1721 1341 1790; x_wconf 77' lang='grc' dir='ltr'>τιμῶν</span> <span class='ocrx_word' id='word_1_117' title='bbox 1410 1715 1499 1770; x_wconf 81' lang='grc' dir='ltr'><strong>καὶ</strong></span> <span class='ocrx_word' id='word_1_118' title='bbox 1587 1717 1804 1790; x_wconf 82' lang='grc' dir='ltr'><strong>ἀγαθῶν</strong></span> 
     </span>
    </p>
   </div>
   <div class='ocr_carea' id='block_1_19' title="bbox 158 1804 1804 1882">
    <p class='ocr_par' dir='ltr' id='par_1_19' title="bbox 158 1804 1804 1882">
     <span class='ocr_line' id='line_1_19' title="bbox 158 1804 1804 1882; baseline -0.004 -20"><span class='ocrx_word' id='word_1_119' title='bbox 158 1809 397 1878; x_wconf 63' lang='grc' dir='ltr'>τεύξεσθε</span> <span class='ocrx_word' id='word_1_120' title='bbox 454 1808 543 1862; x_wconf 79' lang='grc' dir='ltr'><strong>καί</strong></span> <span class='ocrx_word' id='word_1_121' title='bbox 594 1808 737 1876; x_wconf 72' lang='grc' dir='ltr'>ζωὴν</span> <span class='ocrx_word' id='word_1_122' title='bbox 790 1804 1000 1862; x_wconf 73' lang='grc' dir='ltr'>ἄλυπον</span> <span class='ocrx_word' id='word_1_123' title='bbox 1049 1809 1136 1862; x_wconf 86' lang='grc' dir='ltr'><strong>καὶ</strong></span> <span class='ocrx_word' id='word_1_124' title='bbox 1189 1806 1426 1882; x_wconf 77' lang='grc' dir='ltr'>καθαρὰν</span> <span class='ocrx_word' id='word_1_125' title='bbox 1489 1809 1730 1877; x_wconf 76' lang='grc' dir='ltr'>ζήσεσθε,</span> <span class='ocrx_word' id='word_1_126' title='bbox 1778 1833 1804 1859; x_wconf 69' lang='grc' dir='ltr'>ι)</span> 
     </span>
    </p>
   </div>
   <div class='ocr_carea' id='block_1_20' title="bbox 158 1895 1804 1974">
    <p class='ocr_par' dir='ltr' id='par_1_20' title="bbox 158 1895 1804 1974">
     <span class='ocr_line' id='line_1_20' title="bbox 158 1895 1804 1974; baseline -0.001 -22"><span class='ocrx_word' id='word_1_127' title='bbox 158 1897 508 1971; x_wconf 80' lang='grc' dir='ltr'>Ἀναγνόντος</span> <span class='ocrx_word' id='word_1_128' title='bbox 563 1895 652 1950; x_wconf 82' lang='grc' dir='ltr'><strong>οὖν</strong></span> <span class='ocrx_word' id='word_1_129' title='bbox 712 1901 808 1950; x_wconf 76' lang='grc' dir='ltr'>τοῦ</span> <span class='ocrx_word' id='word_1_130' title='bbox 890 1895 1136 1971; x_wconf 71' lang='grc' dir='ltr'>ἐπάρχου</span> <span class='ocrx_word' id='word_1_131' title='bbox 1209 1899 1308 1965; x_wconf 76' lang='grc' dir='ltr'>τήν</span> <span class='ocrx_word' id='word_1_132' title='bbox 1385 1896 1653 1974; x_wconf 77' lang='grc' dir='ltr'><strong>ἀναφορὰν</strong></span> <span class='ocrx_word' id='word_1_133' title='bbox 1727 1896 1804 1958; x_wconf 84' lang='grc' dir='ltr'>εἰς</span> 
     </span>
    </p>
   </div>
   <div class='ocr_carea' id='block_1_21' title="bbox 159 1982 1801 2063">
    <p class='ocr_par' dir='ltr' id='par_1_21' title="bbox 159 1982 1801 2063">
     <span class='ocr_line' id='line_1_21' title="bbox 159 1982 1801 2063; baseline 0 -24"><span class='ocrx_word' id='word_1_134' title='bbox 159 1985 393 2056; x_wconf 67' lang='grc' dir='ltr'>ἰτήκοον</span> <span class='ocrx_word' id='word_1_135' title='bbox 439 1989 537 2039; x_wconf 72' lang='grc' dir='ltr'>τοῦ</span> <span class='ocrx_word' id='word_1_136' title='bbox 594 1983 750 2057; x_wconf 76' lang='grc' dir='ltr'>λαοῦ,</span> <span class='ocrx_word' id='word_1_137' title='bbox 812 1986 968 2063; x_wconf 77' lang='grc' dir='ltr'>φωνή</span> <span class='ocrx_word' id='word_1_138' title='bbox 1043 2007 1125 2047; x_wconf 87' lang='grc' dir='ltr'><strong>τις</strong></span> <span class='ocrx_word' id='word_1_139' title='bbox 1186 1985 1511 2058; x_wconf 70' lang='grc' dir='ltr'>ἐξηκούσθη,</span> <span class='ocrx_word' id='word_1_140' title='bbox 1573 1982 1801 2058; x_wconf 84' lang='grc' dir='ltr'>μηδενὸς</span> 
     </span>
    </p>
   </div>
   <div class='ocr_carea' id='block_1_22' title="bbox 158 2073 1799 2150">
    <p class='ocr_par' dir='ltr' id='par_1_22' title="bbox 158 2073 1799 2150">
     <span class='ocr_line' id='line_1_22' title="bbox 158 2073 1799 2150; baseline -0.001 -22"><span class='ocrx_word' id='word_1_141' title='bbox 158 2074 462 2150; x_wconf 71' lang='grc' dir='ltr'>εὖρεθὲντος</span> <span class='ocrx_word' id='word_1_142' title='bbox 519 2077 616 2128; x_wconf 80' lang='grc' dir='ltr'>τοῦ</span> <span class='ocrx_word' id='word_1_143' title='bbox 671 2073 1016 2149; x_wconf 79' lang='grc' dir='ltr'>κεκραγότος,</span> <span class='ocrx_word' id='word_1_144' title='bbox 1049 2073 1123 2136; x_wconf 83' lang='grc' dir='ltr'><strong>ὡς</strong></span> <span class='ocrx_word' id='word_1_145' title='bbox 1182 2097 1209 2125; x_wconf 85' lang='grc'><strong>‹‹</strong></span> <span class='ocrx_word' id='word_1_146' title='bbox 1257 2078 1443 2146; x_wconf 85' lang='grc' dir='ltr'>Ἡμεῖς</span> <span class='ocrx_word' id='word_1_147' title='bbox 1495 2073 1799 2147; x_wconf 85' lang='grc' dir='ltr'>σταυροπά-</span> 
     </span>
    </p>
   </div>
   <div class='ocr_carea' id='block_1_23' title="bbox 155 2161 1802 2239">
    <p class='ocr_par' dir='ltr' id='par_1_23' title="bbox 155 2161 1802 2239">
     <span class='ocr_line' id='line_1_23' title="bbox 155 2161 1802 2239; baseline 0.001 -24"><span class='ocrx_word' id='word_1_148' title='bbox 155 2185 249 2233; x_wconf 80' lang='grc' dir='ltr'><strong>την</strong></span> <span class='ocrx_word' id='word_1_149' title='bbox 297 2167 409 2234; x_wconf 82' lang='grc'><strong>(16)</strong></span> <span class='ocrx_word' id='word_1_150' title='bbox 463 2165 550 2236; x_wconf 85' lang='grc' dir='ltr'><strong>[Ρ.</strong></span> <span class='ocrx_word' id='word_1_151' title='bbox 581 2165 707 2235; x_wconf 80' lang='grc'><strong>751]</strong></span> <span class='ocrx_word' id='word_1_152' title='bbox 767 2161 1084 2232; x_wconf 82' lang='grc' dir='ltr'>καλαφάτην</span> <span class='ocrx_word' id='word_1_153' title='bbox 1149 2161 1375 2239; x_wconf 76' lang='grc' dir='ltr'>βασιλέα</span> <span class='ocrx_word' id='word_1_154' title='bbox 1427 2161 1489 2217; x_wconf 77' lang='grc' dir='ltr'><strong>οὗ</strong></span> <span class='ocrx_word' id='word_1_155' title='bbox 1547 2161 1802 2234; x_wconf 66' lang='grc' dir='ltr'>θέλομεν,</span> 
     </span>
    </p>
   </div>
   <div class='ocr_carea' id='block_1_24' title="bbox 157 2249 1800 2326">
    <p class='ocr_par' dir='ltr' id='par_1_24' title="bbox 157 2249 1800 2326">
     <span class='ocr_line' id='line_1_24' title="bbox 157 2249 1800 2326; baseline -0.002 -21"><span class='ocrx_word' id='word_1_156' title='bbox 157 2250 298 2305; x_wconf 72' lang='grc' dir='ltr'>ἀλλὰ</span> <span class='ocrx_word' id='word_1_157' title='bbox 326 2255 428 2316; x_wconf 77' lang='grc' dir='ltr'>τήν</span> <span class='ocrx_word' id='word_1_158' title='bbox 487 2250 784 2326; x_wconf 75' lang='grc' dir='ltr'>ἀρχέγονον</span> <span class='ocrx_word' id='word_1_159' title='bbox 834 2251 922 2306; x_wconf 78' lang='grc' dir='ltr'><strong>καὶ</strong></span> <span class='ocrx_word' id='word_1_160' title='bbox 981 2249 1332 2324; x_wconf 80' lang='grc' dir='ltr'>κληρονόμον</span> <span class='ocrx_word' id='word_1_161' title='bbox 1387 2251 1476 2305; x_wconf 86' lang='grc' dir='ltr'><strong>καὶ</strong></span> <span class='ocrx_word' id='word_1_162' title='bbox 1531 2250 1800 2323; x_wconf 71' lang='grc' dir='ltr'>ἡμετίραν</span> 
     </span>
    </p>
   </div>
   <div class='ocr_carea' id='block_1_25' title="bbox 160 2339 1802 2415">
    <p class='ocr_par' dir='ltr' id='par_1_25' title="bbox 160 2339 1802 2415">
     <span class='ocr_line' id='line_1_25' title="bbox 160 2339 1802 2415; baseline -0.002 -20"><span class='ocrx_word' id='word_1_163' title='bbox 160 2341 364 2415; x_wconf 69' lang='grc' dir='ltr'>μητερα</span> <span class='ocrx_word' id='word_1_164' title='bbox 398 2345 578 2410; x_wconf 87' lang='grc' dir='ltr'>Ζωήν.</span> <span class='ocrx_word' id='word_1_165' title='bbox 615 2363 641 2390; x_wconf 83' lang='grc'><strong>››</strong></span> <span class='ocrx_word' id='word_1_166' title='bbox 676 2339 772 2394; x_wconf 82' lang='grc' dir='ltr'>Καὶ</span> <span class='ocrx_word' id='word_1_167' title='bbox 804 2340 962 2400; x_wconf 72' lang='grc' dir='ltr'>εὐθὺς</span> <span class='ocrx_word' id='word_1_168' title='bbox 995 2339 1069 2400; x_wconf 86' lang='grc' dir='ltr'>ὡς</span> <span class='ocrx_word' id='word_1_169' title='bbox 1100 2339 1158 2394; x_wconf 79' lang='grc' dir='ltr'>ἐκ</span> <span class='ocrx_word' id='word_1_170' title='bbox 1192 2345 1318 2413; x_wconf 83' lang='grc' dir='ltr'>μιᾶς</span> <span class='ocrx_word' id='word_1_171' title='bbox 1359 2346 1546 2412; x_wconf 80' lang='grc' dir='ltr'>φωνῆς</span> <span class='ocrx_word' id='word_1_172' title='bbox 1598 2341 1735 2400; x_wconf 78' lang='grc' dir='ltr'>ἅπας</span> <span class='ocrx_word' id='word_1_173' title='bbox 1774 2339 1802 2393; x_wconf 85' lang='grc' dir='ltr'>ὁ</span> 
     </span>
    </p>
   </div>
   <div class='ocr_carea' id='block_1_26' title="bbox 159 2424 1803 2505">
    <p class='ocr_par' dir='ltr' id='par_1_26' title="bbox 159 2424 1803 2505">
     <span class='ocr_line' id='line_1_26' title="bbox 159 2424 1803 2505; baseline -0.002 -20"><span class='ocrx_word' id='word_1_174' title='bbox 159 2429 286 2490; x_wconf 76' lang='grc' dir='ltr'>λαὸς</span> <span class='ocrx_word' id='word_1_175' title='bbox 349 2424 524 2483; x_wconf 71' lang='grc' dir='ltr'>ἆϐόων</span> <span class='ocrx_word' id='word_1_176' title='bbox 557 2449 568 2461; x_wconf 72' lang='grc' dir='ltr'><strong>ο</strong></span> <span class='ocrx_word' id='word_1_177' title='bbox 621 2453 648 2479; x_wconf 80' lang='lat' dir='ltr'><strong>u</strong></span> <span class='ocrx_word' id='word_1_178' title='bbox 697 2427 1058 2505; x_wconf 68' lang='grc' dir='ltr'>ἀνασκαφείη</span> <span class='ocrx_word' id='word_1_179' title='bbox 1108 2429 1178 2482; x_wconf 80' lang='grc' dir='ltr'>τὰ</span> <span class='ocrx_word' id='word_1_180' title='bbox 1229 2427 1360 2482; x_wconf 80' lang='grc' dir='ltr'>ὀστᾶ</span> <span class='ocrx_word' id='word_1_181' title='bbox 1409 2430 1517 2498; x_wconf 88' lang='grc'><strong>(17)</strong></span> <span class='ocrx_word' id='word_1_182' title='bbox 1563 2431 1661 2482; x_wconf 74' lang='grc' dir='ltr'>τοῦ</span> <span class='ocrx_word' id='word_1_183' title='bbox 1709 2448 1803 2481; x_wconf 83' lang='grc' dir='ltr'>κα-</span> 
     </span>
    </p>
   </div>
   <div class='ocr_carea' id='block_1_27' title="bbox 159 2511 1802 2596">
    <p class='ocr_par' dir='ltr' id='par_1_27' title="bbox 159 2511 1802 2596">
     <span class='ocr_line' id='line_1_27' title="bbox 159 2511 1802 2596; baseline -0.002 -24"><span class='ocrx_word' id='word_1_184' title='bbox 159 2517 423 2596; x_wconf 69' lang='grc' dir='ltr'>λαςράτου.</span> <span class='ocrx_word' id='word_1_185' title='bbox 491 2542 518 2566; x_wconf 75' lang='grc' dir='ltr'>ι)</span> <span class='ocrx_word' id='word_1_186' title='bbox 572 2517 666 2570; x_wconf 82' lang='grc' dir='ltr'>Καὶ</span> <span class='ocrx_word' id='word_1_187' title='bbox 727 2511 1086 2579; x_wconf 70' lang='grc' dir='ltr'>ἀναλαϐόντες</span> <span class='ocrx_word' id='word_1_188' title='bbox 1139 2511 1367 2576; x_wconf 63' lang='grc' dir='ltr'>ἕκαστος</span> <span class='ocrx_word' id='word_1_189' title='bbox 1442 2513 1629 2578; x_wconf 85' lang='grc' dir='ltr'>λίθους</span> <span class='ocrx_word' id='word_1_190' title='bbox 1713 2514 1802 2569; x_wconf 82' lang='grc' dir='ltr'><strong>καὶ</strong></span> 
     </span>
    </p>
   </div>
   <div class='ocr_carea' id='block_1_28' title="bbox 160 2599 1801 2681">
    <p class='ocr_par' dir='ltr' id='par_1_28' title="bbox 160 2599 1801 2681">
     <span class='ocr_line' id='line_1_28' title="bbox 160 2599 1801 2681; baseline -0.002 -21"><span class='ocrx_word' id='word_1_191' title='bbox 160 2608 335 2681; x_wconf 76' lang='grc' dir='ltr'>βάθρα</span> <span class='ocrx_word' id='word_1_192' title='bbox 392 2605 480 2660; x_wconf 78' lang='grc' dir='ltr'><strong>καὶ</strong></span> <span class='ocrx_word' id='word_1_193' title='bbox 527 2607 594 2660; x_wconf 73' lang='grc' dir='ltr'><strong>τά</strong></span> <span class='ocrx_word' id='word_1_194' title='bbox 636 2605 1016 2679; x_wconf 79' lang='grc' dir='ltr'>παρατυχόντα</span> <span class='ocrx_word' id='word_1_195' title='bbox 1069 2603 1201 2674; x_wconf 72' lang='grc' dir='ltr'>ξύλα</span> <span class='ocrx_word' id='word_1_196' title='bbox 1255 2607 1349 2658; x_wconf 87' lang='grc' dir='ltr'>τὸν</span> <span class='ocrx_word' id='word_1_197' title='bbox 1411 2605 1505 2676; x_wconf 74' lang='grc' dir='ltr'><strong>μὲν</strong></span> <span class='ocrx_word' id='word_1_198' title='bbox 1561 2599 1801 2679; x_wconf 72' lang='grc' dir='ltr'>ἔπαρχον</span> 
     </span>
    </p>
   </div>
   <div class='ocr_carea' id='block_1_29' title="bbox 156 2691 1802 2768">
    <p class='ocr_par' dir='ltr' id='par_1_29' title="bbox 156 2691 1802 2768">
     <span class='ocr_line' id='line_1_29' title="bbox 156 2691 1802 2768; baseline -0.002 -19"><span class='ocrx_word' id='word_1_199' title='bbox 156 2697 241 2763; x_wconf 71' lang='grc' dir='ltr'><strong>(ἦν</strong></span> <span class='ocrx_word' id='word_1_200' title='bbox 275 2693 333 2749; x_wconf 72' lang='grc' dir='ltr'><strong>δὲ</strong></span> <span class='ocrx_word' id='word_1_201' title='bbox 365 2695 720 2754; x_wconf 79' lang='grc' dir='ltr'>’Λναστάσιος</span> <span class='ocrx_word' id='word_1_202' title='bbox 752 2694 1037 2766; x_wconf 82' lang='grc' dir='ltr'>πατρίκιος</span> <span class='ocrx_word' id='word_1_203' title='bbox 1086 2695 1114 2747; x_wconf 79' lang='grc' dir='ltr'><strong>ὁ</strong></span> <span class='ocrx_word' id='word_1_204' title='bbox 1160 2697 1240 2764; x_wconf 80' lang='grc' dir='ltr'>τῷ</span> <span class='ocrx_word' id='word_1_205' title='bbox 1286 2691 1449 2768; x_wconf 81' lang='grc' dir='ltr'>πατρὶ</span> <span class='ocrx_word' id='word_1_206' title='bbox 1504 2699 1605 2762; x_wconf 82' lang='grc' dir='ltr'>τῆς</span> <span class='ocrx_word' id='word_1_207' title='bbox 1646 2699 1802 2762; x_wconf 80' lang='grc' dir='ltr'>Ζωῆς</span> 
     </span>
    </p>
   </div>
   <div class='ocr_carea' id='block_1_30' title="bbox 158 2779 1800 2858">
    <p class='ocr_par' dir='ltr' id='par_1_30' title="bbox 158 2779 1800 2858">
     <span class='ocr_line' id='line_1_30' title="bbox 158 2779 1800 2858; baseline -0.002 -20"><span class='ocrx_word' id='word_1_208' title='bbox 158 2784 662 2858; x_wconf 80' lang='grc' dir='ltr'>ὑπηρετησάμενος)</span> <span class='ocrx_word' id='word_1_209' title='bbox 699 2786 895 2856; x_wconf 74' lang='grc' dir='ltr'>μικροῦ</span> <span class='ocrx_word' id='word_1_210' title='bbox 953 2779 1059 2836; x_wconf 82' lang='grc' dir='ltr'>δεῖν</span> <span class='ocrx_word' id='word_1_211' title='bbox 1111 2782 1201 2836; x_wconf 83' lang='grc' dir='ltr'><strong>καὶ</strong></span> <span class='ocrx_word' id='word_1_212' title='bbox 1251 2783 1588 2849; x_wconf 73' lang='grc' dir='ltr'>ἀπέκτειναν,</span> <span class='ocrx_word' id='word_1_213' title='bbox 1632 2780 1677 2836; x_wconf 83' lang='grc' dir='ltr'><strong>εί</strong></span> <span class='ocrx_word' id='word_1_214' title='bbox 1725 2783 1800 2853; x_wconf 75' lang='grc' dir='ltr'>μή</span> 
     </span>
    </p>
   </div>
   <div class='ocr_carea' id='block_1_31' title="bbox 154 2869 1800 2949">
    <p class='ocr_par' dir='ltr' id='par_1_31' title="bbox 154 2869 1800 2949">
     <span class='ocr_line' id='line_1_31' title="bbox 154 2869 1800 2949; baseline -0.002 -22"><span class='ocrx_word' id='word_1_215' title='bbox 154 2877 297 2949; x_wconf 65' lang='grc' dir='ltr'><strong>Ῡυγῇ</strong></span> <span class='ocrx_word' id='word_1_216' title='bbox 357 2871 713 2946; x_wconf 70' lang='grc' dir='ltr'>γρησάμενος</span> <span class='ocrx_word' id='word_1_217' title='bbox 767 2869 1056 2945; x_wconf 72' lang='grc' dir='ltr'>ἐπορίσατο</span> <span class='ocrx_word' id='word_1_218' title='bbox 1111 2871 1212 2938; x_wconf 79' lang='grc' dir='ltr'>τήν</span> <span class='ocrx_word' id='word_1_219' title='bbox 1274 2871 1464 2925; x_wconf 73' lang='grc' dir='ltr'>ἑαυτοῦ</span> <span class='ocrx_word' id='word_1_220' title='bbox 1505 2870 1800 2944; x_wconf 83' lang='grc' dir='ltr'>σωτηρίαν·</span> 
     </span>
    </p>
   </div>
   <div class='ocr_carea' id='block_1_32' title="bbox 150 2956 1799 3034">
    <p class='ocr_par' dir='ltr' id='par_1_32' title="bbox 150 2956 1799 3034">
     <span class='ocr_line' id='line_1_32' title="bbox 150 2956 1799 3034; baseline -0.002 -18"><span class='ocrx_word' id='word_1_221' title='bbox 150 2962 303 3016; x_wconf 66' lang='grc' dir='ltr'>αὐτοὶ</span> <span class='ocrx_word' id='word_1_222' title='bbox 358 2959 417 3016; x_wconf 70' lang='grc' dir='ltr'><strong>δὲ</strong></span> <span class='ocrx_word' id='word_1_223' title='bbox 477 2961 554 3024; x_wconf 83' lang='grc' dir='ltr'>εἷς</span> <span class='ocrx_word' id='word_1_224' title='bbox 609 2962 710 3028; x_wconf 83' lang='grc' dir='ltr'>τήν</span> <span class='ocrx_word' id='word_1_225' title='bbox 785 2958 1045 3034; x_wconf 79' lang='grc' dir='ltr'>Μεγάλην</span> <span class='ocrx_word' id='word_1_226' title='bbox 1133 2956 1427 3034; x_wconf 80' lang='grc' dir='ltr'>’δραμόντες</span> <span class='ocrx_word' id='word_1_227' title='bbox 1477 2958 1799 3030; x_wconf 81' lang='grc' dir='ltr'>Ἐκκλησίαν</span> 
     </span>
    </p>
   </div>
   <div class='ocr_carea' id='block_1_33' title="bbox 150 3048 1802 3125">
    <p class='ocr_par' dir='ltr' id='par_1_33' title="bbox 150 3048 1802 3125">
     <span class='ocr_line' id='line_1_33' title="bbox 150 3048 1802 3125; baseline -0.003 -20"><span class='ocrx_word' id='word_1_228' title='bbox 150 3049 336 3124; x_wconf 77' lang='grc' dir='ltr'>(ἔτυχε</span> <span class='ocrx_word' id='word_1_229' title='bbox 363 3051 467 3125; x_wconf 75' lang='grc' dir='ltr'><strong>γὰρ</strong></span> <span class='ocrx_word' id='word_1_230' title='bbox 493 3049 583 3103; x_wconf 79' lang='grc' dir='ltr'><strong>καὶ</strong></span> <span class='ocrx_word' id='word_1_231' title='bbox 617 3049 646 3102; x_wconf 84' lang='grc' dir='ltr'>ὁ</span> <span class='ocrx_word' id='word_1_232' title='bbox 671 3049 1023 3122; x_wconf 81' lang='grc' dir='ltr'>πατριάρχης</span> <span class='ocrx_word' id='word_1_233' title='bbox 1079 3049 1178 3116; x_wconf 77' lang='grc' dir='ltr'>τὴν</span> <span class='ocrx_word' id='word_1_234' title='bbox 1227 3048 1392 3102; x_wconf 76' lang='grc' dir='ltr'>αὐτοῦ</span> <span class='ocrx_word' id='word_1_235' title='bbox 1454 3049 1802 3122; x_wconf 71' lang='grc' dir='ltr'>ὑποστροφὴν</span> 
     </span>
    </p>
   </div>
   <div class='ocr_carea' id='block_1_34' title="bbox 154 3133 1802 3213">
    <p class='ocr_par' dir='ltr' id='par_1_34' title="bbox 154 3133 1802 3213">
     <span class='ocr_line' id='line_1_34' title="bbox 154 3133 1802 3213; baseline -0.002 -19"><span class='ocrx_word' id='word_1_236' title='bbox 154 3140 532 3210; x_wconf 83' lang='grc' dir='ltr'>ὠνησάμενος,</span> <span class='ocrx_word' id='word_1_237' title='bbox 564 3138 652 3192; x_wconf 77' lang='grc' dir='ltr'><strong>καὶ</strong></span> <span class='ocrx_word' id='word_1_238' title='bbox 682 3138 773 3192; x_wconf 83' lang='grc' dir='ltr'>τὸν</span> <span class='ocrx_word' id='word_1_239' title='bbox 809 3137 904 3209; x_wconf 76' lang='grc' dir='ltr'><strong>μὲν</strong></span> <span class='ocrx_word' id='word_1_240' title='bbox 953 3135 1178 3212; x_wconf 69' lang='grc' dir='ltr'>βασιλέα</span> <span class='ocrx_word' id='word_1_241' title='bbox 1231 3134 1429 3213; x_wconf 70' lang='grc' dir='ltr'>ἐδυσφή</span> <span class='ocrx_word' id='word_1_242' title='bbox 1445 3157 1552 3208; x_wconf 86' lang='grc' dir='ltr'>μει,</span> <span class='ocrx_word' id='word_1_243' title='bbox 1585 3137 1682 3204; x_wconf 80' lang='grc' dir='ltr'>τήν</span> <span class='ocrx_word' id='word_1_244' title='bbox 1745 3133 1802 3191; x_wconf 73' lang='grc' dir='ltr'><strong>δὲ</strong></span> 
     </span>
    </p>
   </div>
   <div class='ocr_carea' id='block_1_35' title="bbox 145 3223 1374 3304">
    <p class='ocr_par' dir='ltr' id='par_1_35' title="bbox 145 3223 1374 3304">
     <span class='ocr_line' id='line_1_35' title="bbox 145 3223 1374 3304; baseline -0.003 -23"><span class='ocrx_word' id='word_1_245' title='bbox 145 3237 243 3298; x_wconf 71' lang='grc' dir='ltr'>τῆς</span> <span class='ocrx_word' id='word_1_246' title='bbox 306 3227 632 3304; x_wconf 74' lang='grc' dir='ltr'>βασιλίσσης</span> <span class='ocrx_word' id='word_1_247' title='bbox 718 3225 895 3296; x_wconf 75' lang='grc' dir='ltr'>ἐζήτει</span> <span class='ocrx_word' id='word_1_248' title='bbox 972 3223 1374 3298; x_wconf 71' lang='grc' dir='ltr'>ἀνακομιδήν)·</span> 
     </span>
    </p>
   </div>
   <div class='ocr_carea' id='block_1_36' title="bbox 143 3311 1801 3387">
    <p class='ocr_par' dir='ltr' id='par_1_36' title="bbox 143 3311 1801 3387">
     <span class='ocr_line' id='line_1_36' title="bbox 143 3311 1801 3387; baseline -0.004 -16"><span class='ocrx_word' id='word_1_249' title='bbox 143 3318 326 3371; x_wconf 76' lang='grc' dir='ltr'>τοίνυν</span> <span class='ocrx_word' id='word_1_250' title='bbox 385 3319 582 3376; x_wconf 79' lang='grc' dir='ltr'>πάντες</span> <span class='ocrx_word' id='word_1_251' title='bbox 650 3316 703 3368; x_wconf 76' lang='grc' dir='ltr'>οἱ</span> <span class='ocrx_word' id='word_1_252' title='bbox 757 3318 857 3368; x_wconf 79' lang='grc' dir='ltr'><strong>τοῦ</strong></span> <span class='ocrx_word' id='word_1_253' title='bbox 912 3314 1113 3385; x_wconf 87' lang='grc' dir='ltr'>πατρὸς</span> <span class='ocrx_word' id='word_1_254' title='bbox 1171 3313 1338 3378; x_wconf 71' lang='grc' dir='ltr'>αὐτῆς</span> <span class='ocrx_word' id='word_1_255' title='bbox 1399 3313 1655 3387; x_wconf 76' lang='grc' dir='ltr'>εὐνοῦχοι</span> <span class='ocrx_word' id='word_1_256' title='bbox 1713 3311 1801 3366; x_wconf 73' lang='grc' dir='ltr'><strong>καὶ</strong></span> 
     </span>
    </p>
   </div>
   <div class='ocr_carea' id='block_1_37' title="bbox 149 3397 1801 3478">
    <p class='ocr_par' dir='ltr' id='par_1_37' title="bbox 149 3397 1801 3478">
     <span class='ocr_line' id='line_1_37' title="bbox 149 3397 1801 3478; baseline -0.005 -16"><span class='ocrx_word' id='word_1_257' title='bbox 149 3408 565 3467; x_wconf 80' lang='grc' dir='ltr'>Κωνσταντῖνος</span> <span class='ocrx_word' id='word_1_258' title='bbox 605 3402 890 3478; x_wconf 78' lang='grc' dir='ltr'>πατρίκιος</span> <span class='ocrx_word' id='word_1_259' title='bbox 934 3403 963 3456; x_wconf 75' lang='grc' dir='ltr'><strong>ὁ</strong></span> <span class='ocrx_word' id='word_1_260' title='bbox 995 3397 1303 3466; x_wconf 76' lang='grc' dir='ltr'>Καϐάσιλας</span> <span class='ocrx_word' id='word_1_261' title='bbox 1345 3402 1435 3456; x_wconf 86' lang='grc' dir='ltr'><strong>καὶ</strong></span> <span class='ocrx_word' id='word_1_262' title='bbox 1486 3404 1549 3456; x_wconf 85' lang='grc' dir='ltr'>τὸ</span> <span class='ocrx_word' id='word_1_263' title='bbox 1608 3399 1801 3454; x_wconf 80' lang='grc' dir='ltr'>λοιπὸν</span> 
     </span>
    </p>
   </div>
   <div class='ocr_carea' id='block_1_38' title="bbox 149 3484 1801 3566">
    <p class='ocr_par' dir='ltr' id='par_1_38' title="bbox 149 3484 1801 3566">
     <span class='ocr_line' id='line_1_38' title="bbox 149 3484 1801 3566; baseline -0.002 -18"><span class='ocrx_word' id='word_1_264' title='bbox 149 3497 284 3548; x_wconf 71' lang='grc' dir='ltr'>ἅπαν</span> <span class='ocrx_word' id='word_1_265' title='bbox 347 3493 564 3562; x_wconf 78' lang='grc' dir='ltr'>πλῆθος</span> <span class='ocrx_word' id='word_1_266' title='bbox 610 3499 711 3562; x_wconf 79' lang='grc' dir='ltr'>τῆς</span> <span class='ocrx_word' id='word_1_267' title='bbox 753 3488 1082 3566; x_wconf 75' lang='grc' dir='ltr'>συγκλήτου,</span> <span class='ocrx_word' id='word_1_268' title='bbox 1145 3491 1234 3544; x_wconf 71' lang='grc' dir='ltr'><strong>καὶ</strong></span> <span class='ocrx_word' id='word_1_269' title='bbox 1293 3494 1450 3564; x_wconf 77' lang='grc' dir='ltr'>κοινῇ</span> <span class='ocrx_word' id='word_1_270' title='bbox 1511 3484 1801 3563; x_wconf 72' lang='grc' dir='ltr'>συμϐουλῇ</span> 
     </span>
    </p>
   </div>
   <div class='ocr_carea' id='block_1_39' title="bbox 146 3576 1803 3657">
    <p class='ocr_par' dir='ltr' id='par_1_39' title="bbox 146 3576 1803 3657">
     <span class='ocr_line' id='line_1_39' title="bbox 146 3576 1803 3657; baseline -0.004 -21"><span class='ocrx_word' id='word_1_271' title='bbox 146 3584 458 3657; x_wconf 72' lang='grc' dir='ltr'>πέμψαντες</span> <span class='ocrx_word' id='word_1_272' title='bbox 507 3579 692 3657; x_wconf 71' lang='grc' dir='ltr'>ἄγουσι</span> <span class='ocrx_word' id='word_1_273' title='bbox 750 3581 849 3650; x_wconf 75' lang='grc' dir='ltr'><strong>τὴν</strong></span> <span class='ocrx_word' id='word_1_274' title='bbox 900 3576 1180 3654; x_wconf 84' lang='grc' dir='ltr'>Θεοδώραν</span> <span class='ocrx_word' id='word_1_275' title='bbox 1243 3578 1346 3633; x_wconf 81' lang='grc' dir='ltr'><strong>ἀπὸ</strong></span> <span class='ocrx_word' id='word_1_276' title='bbox 1421 3583 1517 3633; x_wconf 77' lang='grc' dir='ltr'>τοῦ</span> <span class='ocrx_word' id='word_1_277' title='bbox 1575 3577 1803 3650; x_wconf 85' lang='grc' dir='ltr'>Ηετρίου</span> 
     </span>
    </p>
   </div>
   <div class='ocr_carea' id='block_1_40' title="bbox 148 3665 1802 3743">
    <p class='ocr_par' dir='ltr' id='par_1_40' title="bbox 148 3665 1802 3743">
     <span class='ocr_line' id='line_1_40' title="bbox 148 3665 1802 3743; baseline -0.005 -17"><span class='ocrx_word' id='word_1_278' title='bbox 148 3672 222 3734; x_wconf 73' lang='grc' dir='ltr'>εἷς</span> <span class='ocrx_word' id='word_1_279' title='bbox 271 3681 376 3740; x_wconf 76' lang='grc' dir='ltr'><strong>τήν</strong></span> <span class='ocrx_word' id='word_1_280' title='bbox 427 3669 688 3743; x_wconf 77' lang='grc' dir='ltr'>Μεγάλην</span> <span class='ocrx_word' id='word_1_281' title='bbox 735 3667 1085 3739; x_wconf 81' lang='grc' dir='ltr'>Ἐκκλησίαν,</span> <span class='ocrx_word' id='word_1_282' title='bbox 1120 3667 1211 3722; x_wconf 83' lang='grc' dir='ltr'><strong>καὶ</strong></span> <span class='ocrx_word' id='word_1_283' title='bbox 1269 3665 1581 3728; x_wconf 71' lang='grc' dir='ltr'>ἐνδύσαντες</span> <span class='ocrx_word' id='word_1_284' title='bbox 1633 3667 1802 3734; x_wconf 76' lang='grc' dir='ltr'>αὐτὴν</span> 
     </span>
    </p>
   </div>
   <div class='ocr_carea' id='block_1_41' title="bbox 147 3755 1802 3835">
    <p class='ocr_par' dir='ltr' id='par_1_41' title="bbox 147 3755 1802 3835">
     <span class='ocr_line' id='line_1_41' title="bbox 147 3755 1802 3835; baseline -0.004 -20"><span class='ocrx_word' id='word_1_285' title='bbox 147 3757 455 3835; x_wconf 73' lang='grc' dir='ltr'>ἁλουργίδα</span> <span class='ocrx_word' id='word_1_286' title='bbox 517 3756 810 3832; x_wconf 73' lang='grc' dir='ltr'>βασιλικὴν</span> <span class='ocrx_word' id='word_1_287' title='bbox 871 3755 1099 3812; x_wconf 77' lang='grc' dir='ltr'>ἄνασσαν</span> <span class='ocrx_word' id='word_1_288' title='bbox 1164 3755 1467 3835; x_wconf 79' lang='grc' dir='ltr'>εὐφημοῦσι</span> <span class='ocrx_word' id='word_1_289' title='bbox 1528 3755 1620 3810; x_wconf 82' lang='grc' dir='ltr'>σὺν</span> <span class='ocrx_word' id='word_1_290' title='bbox 1678 3760 1802 3829; x_wconf 79' lang='grc' dir='ltr'><strong>Ζωῇ</strong></span> 
     </span>
    </p>
   </div>
   <div class='ocr_carea' id='block_1_42' title="bbox 145 3841 1802 3924">
    <p class='ocr_par' dir='ltr' id='par_1_42' title="bbox 145 3841 1802 3924">
     <span class='ocr_line' id='line_1_42' title="bbox 145 3841 1802 3924; baseline -0.005 -19"><span class='ocrx_word' id='word_1_291' title='bbox 145 3855 211 3924; x_wconf 76' lang='grc' dir='ltr'>τῇ</span> <span class='ocrx_word' id='word_1_292' title='bbox 262 3849 474 3918; x_wconf 67' lang='grc' dir='ltr'>ταύτης</span> <span class='ocrx_word' id='word_1_293' title='bbox 524 3845 756 3922; x_wconf 76' lang='grc' dir='ltr'><strong>ἀδελφῇ.</strong></span> <span class='ocrx_word' id='word_1_294' title='bbox 805 3846 906 3903; x_wconf 83' lang='grc' dir='ltr'><strong>Καὶ</strong></span> <span class='ocrx_word' id='word_1_295' title='bbox 950 3847 1287 3920; x_wconf 80' lang='grc' dir='ltr'>ὁρμήσαντες</span> <span class='ocrx_word' id='word_1_296' title='bbox 1330 3846 1464 3921; x_wconf 86' lang='grc' dir='ltr'>πρὸς</span> <span class='ocrx_word' id='word_1_297' title='bbox 1512 3846 1575 3899; x_wconf 84' lang='grc' dir='ltr'>τὸ</span> <span class='ocrx_word' id='word_1_298' title='bbox 1622 3841 1802 3898; x_wconf 85' lang='grc' dir='ltr'>παλά-</span> 
     </span>
    </p>
   </div>
   <div class='ocr_carea' id='block_1_43' title="bbox 145 3933 1804 4012">
    <p class='ocr_par' dir='ltr' id='par_1_43' title="bbox 145 3933 1804 4012">
     <span class='ocr_line' id='line_1_43' title="bbox 145 3933 1804 4012; baseline -0.004 -19"><span class='ocrx_word' id='word_1_299' title='bbox 145 3960 258 3994; x_wconf 83' lang='grc' dir='ltr'>τιον</span> <span class='ocrx_word' id='word_1_300' title='bbox 345 3942 672 4012; x_wconf 82' lang='grc' dir='ltr'>καταγαγεῖν</span> <span class='ocrx_word' id='word_1_301' title='bbox 749 3935 1050 4010; x_wconf 80' lang='grc' dir='ltr'>ἠπείγοντο</span> <span class='ocrx_word' id='word_1_302' title='bbox 1129 3938 1238 3990; x_wconf 81' lang='grc' dir='ltr'>τῶν</span> <span class='ocrx_word' id='word_1_303' title='bbox 1327 3933 1638 4010; x_wconf 81' lang='grc' dir='ltr'>ἀνακτόρων</span> <span class='ocrx_word' id='word_1_304' title='bbox 1712 3933 1804 3987; x_wconf 86' lang='grc' dir='ltr'><strong>τὸν</strong></span> 
     </span>
    </p>
   </div>
   <div class='ocr_carea' id='block_1_44' title="bbox 149 4020 1802 4102">
    <p class='ocr_par' dir='ltr' id='par_1_44' title="bbox 149 4020 1802 4102">
     <span class='ocr_line' id='line_1_44' title="bbox 149 4020 1802 4102; baseline -0.005 -19"><span class='ocrx_word' id='word_1_305' title='bbox 149 4025 412 4102; x_wconf 75' lang='grc' dir='ltr'>Μιχαήλ.</span> <span class='ocrx_word' id='word_1_306' title='bbox 446 4028 506 4082; x_wconf 80' lang='grc' dir='ltr'><strong>Ὀ</strong></span> <span class='ocrx_word' id='word_1_307' title='bbox 551 4022 607 4079; x_wconf 75' lang='grc' dir='ltr'><strong>δὶ</strong></span> <span class='ocrx_word' id='word_1_308' title='bbox 653 4024 788 4096; x_wconf 80' lang='grc' dir='ltr'>πρὸς</span> <span class='ocrx_word' id='word_1_309' title='bbox 836 4024 935 4090; x_wconf 77' lang='grc' dir='ltr'>τήν</span> <span class='ocrx_word' id='word_1_310' title='bbox 979 4023 1145 4098; x_wconf 74' lang='grc' dir='ltr'>ὀργήν</span> <span class='ocrx_word' id='word_1_311' title='bbox 1203 4028 1302 4078; x_wconf 73' lang='grc' dir='ltr'>τοῖ’)</span> <span class='ocrx_word' id='word_1_312' title='bbox 1359 4020 1497 4076; x_wconf 77' lang='grc' dir='ltr'>λαοῦ</span> <span class='ocrx_word' id='word_1_313' title='bbox 1555 4022 1645 4076; x_wconf 87' lang='grc' dir='ltr'><strong>καὶ</strong></span> <span class='ocrx_word' id='word_1_314' title='bbox 1700 4021 1802 4088; x_wconf 76' lang='grc' dir='ltr'>τήν</span> 
     </span>
    </p>
   </div>
   <div class='ocr_carea' id='block_1_45' title="bbox 150 4108 1800 4185">
    <p class='ocr_par' dir='ltr' id='par_1_45' title="bbox 150 4108 1800 4185">
     <span class='ocr_line' id='line_1_45' title="bbox 150 4108 1800 4185; baseline -0.003 -17"><span class='ocrx_word' id='word_1_315' title='bbox 150 4116 368 4184; x_wconf 79' lang='grc' dir='ltr'>κίνησιν</span> <span class='ocrx_word' id='word_1_316' title='bbox 432 4111 847 4182; x_wconf 75' lang='grc' dir='ltr'>ἀποδειλιάσας,</span> <span class='ocrx_word' id='word_1_317' title='bbox 897 4111 1052 4176; x_wconf 79' lang='grc' dir='ltr'>εὐθὺς</span> <span class='ocrx_word' id='word_1_318' title='bbox 1104 4111 1431 4172; x_wconf 79' lang='grc' dir='ltr'>ἀποστείλας</span> <span class='ocrx_word' id='word_1_319' title='bbox 1488 4108 1656 4185; x_wconf 80' lang='grc' dir='ltr'>ἤγαγε</span> <span class='ocrx_word' id='word_1_320' title='bbox 1700 4111 1800 4178; x_wconf 75' lang='grc' dir='ltr'>τήν</span> 
     </span>
    </p>
   </div>
   <div class='ocr_carea' id='block_1_46' title="bbox 155 4199 1807 4275">
    <p class='ocr_par' dir='ltr' id='par_1_46' title="bbox 155 4199 1807 4275">
     <span class='ocr_line' id='line_1_46' title="bbox 155 4199 1807 4275; baseline -0.004 -17"><span class='ocrx_word' id='word_1_321' title='bbox 155 4207 306 4272; x_wconf 71' lang='grc' dir='ltr'><strong>Ζωήν</strong></span> <span class='ocrx_word' id='word_1_322' title='bbox 348 4205 397 4258; x_wconf 77' lang='grc' dir='ltr'><strong>ἒν</strong></span> <span class='ocrx_word' id='word_1_323' title='bbox 447 4207 528 4275; x_wconf 80' lang='grc' dir='ltr'>τῷ</span> <span class='ocrx_word' id='word_1_324' title='bbox 578 4201 852 4274; x_wconf 87' lang='grc' dir='ltr'>παλατίῳ,</span> <span class='ocrx_word' id='word_1_325' title='bbox 884 4201 972 4256; x_wconf 71' lang='grc' dir='ltr'><strong>καὶ</strong></span> <span class='ocrx_word' id='word_1_326' title='bbox 1033 4199 1306 4263; x_wconf 64' lang='grc' dir='ltr'>ἀποδύσας</span> <span class='ocrx_word' id='word_1_327' title='bbox 1365 4201 1532 4269; x_wconf 78' lang='grc' dir='ltr'>αὐτὴν</span> <span class='ocrx_word' id='word_1_328' title='bbox 1586 4201 1651 4254; x_wconf 71' lang='grc' dir='ltr'><strong>τά</strong></span> <span class='ocrx_word' id='word_1_329' title='bbox 1711 4220 1807 4272; x_wconf 86' lang='grc' dir='ltr'><strong>μο-</strong></span> 
     </span>
    </p>
   </div>
   <div class='ocr_carea' id='block_1_47' title="bbox 153 4283 1806 4369">
    <p class='ocr_par' dir='ltr' id='par_1_47' title="bbox 153 4283 1806 4369">
     <span class='ocr_line' id='line_1_47' title="bbox 153 4283 1806 4369; baseline -0.001 -25"><span class='ocrx_word' id='word_1_330' title='bbox 153 4293 359 4368; x_wconf 52' lang='lat' dir='ltr'><strong>valui:</strong></span> <span class='ocrx_word' id='word_1_331' title='bbox 413 4291 758 4369; x_wconf 73' lang='grc' dir='ltr'>μετημφίασε</span> <span class='ocrx_word' id='word_1_332' title='bbox 828 4288 1134 4364; x_wconf 88' lang='grc' dir='ltr'>βασιλικοῖς</span> <span class='ocrx_word' id='word_1_333' title='bbox 1207 4283 1610 4364; x_wconf 77' lang='grc' dir='ltr'>περιϐλήμασι.</span> <span class='ocrx_word' id='word_1_334' title='bbox 1669 4294 1806 4362; x_wconf 84' lang='grc' dir='ltr'><strong>Προ-</strong></span> 
     </span>
    </p>
   </div>
   <div class='ocr_carea' id='block_1_48' title="bbox 159 4376 1804 4454">
    <p class='ocr_par' dir='ltr' id='par_1_48' title="bbox 159 4376 1804 4454">
     <span class='ocr_line' id='line_1_48' title="bbox 159 4376 1804 4454; baseline -0.004 -18"><span class='ocrx_word' id='word_1_335' title='bbox 159 4383 338 4454; x_wconf 63' lang='grc' dir='ltr'>κῦψας</span> <span class='ocrx_word' id='word_1_336' title='bbox 395 4380 487 4434; x_wconf 72' lang='grc' dir='ltr'>οὖν</span> <span class='ocrx_word' id='word_1_337' title='bbox 542 4379 648 4433; x_wconf 80' lang='grc' dir='ltr'><strong>ἀπὸ</strong></span> <span class='ocrx_word' id='word_1_338' title='bbox 700 4382 797 4433; x_wconf 78' lang='grc' dir='ltr'>τοῦ</span> <span class='ocrx_word' id='word_1_339' title='bbox 852 4377 903 4432; x_wconf 74' lang='grc' dir='ltr'><strong>ἐν</strong></span> <span class='ocrx_word' id='word_1_340' title='bbox 963 4382 1039 4448; x_wconf 81' lang='grc' dir='ltr'>τῷ</span> <span class='ocrx_word' id='word_1_341' title='bbox 1070 4376 1423 4449; x_wconf 76' lang='grc' dir='ltr'>ἱπποδρομίῳ</span> <span class='ocrx_word' id='word_1_342' title='bbox 1453 4376 1804 4448; x_wconf 73' lang='grc' dir='ltr'>καθίει-ματος,</span> 
     </span>
    </p>
   </div>
   <div class='ocr_carea' id='block_1_49' title="bbox 157 4464 1806 4542">
    <p class='ocr_par' dir='ltr' id='par_1_49' title="bbox 157 4464 1806 4542">
     <span class='ocr_line' id='line_1_49' title="bbox 157 4464 1806 4542; baseline -0.001 -20"><span class='ocrx_word' id='word_1_343' title='bbox 157 4471 246 4523; x_wconf 76' lang='grc' dir='ltr'><strong>καὶ</strong></span> <span class='ocrx_word' id='word_1_344' title='bbox 281 4468 679 4542; x_wconf 81' lang='grc' dir='ltr'>δημηγορῆσαι</span> <span class='ocrx_word' id='word_1_345' title='bbox 709 4466 983 4542; x_wconf 76' lang='grc' dir='ltr'>πειραθείς</span> <span class='ocrx_word' id='word_1_346' title='bbox 1026 4465 1161 4541; x_wconf 77' lang='grc' dir='ltr'>πρὸς</span> <span class='ocrx_word' id='word_1_347' title='bbox 1205 4466 1298 4521; x_wconf 86' lang='grc' dir='ltr'>τὸν</span> <span class='ocrx_word' id='word_1_348' title='bbox 1351 4466 1478 4520; x_wconf 79' lang='grc' dir='ltr'>λαὸν</span> <span class='ocrx_word' id='word_1_349' title='bbox 1525 4464 1608 4519; x_wconf 83' lang='grc' dir='ltr'>ὅτι</span> <span class='ocrx_word' id='word_1_350' title='bbox 1663 4486 1722 4520; x_wconf 83' lang='grc' dir='ltr'><strong>τε</strong></span> <span class='ocrx_word' id='word_1_351' title='bbox 1768 4467 1806 4534; x_wconf 73' lang='grc' dir='ltr'><strong>ἡ</strong></span> 
     </span>
    </p>
   </div>
   <div class='ocr_carea' id='block_1_50' title="bbox 163 4550 1806 4632">
    <p class='ocr_par' dir='ltr' id='par_1_50' title="bbox 163 4550 1806 4632">
     <span class='ocr_line' id='line_1_50' title="bbox 163 4550 1806 4632; baseline -0.001 -22"><span class='ocrx_word' id='word_1_352' title='bbox 163 4558 382 4631; x_wconf 60' lang='grc' dir='ltr'>βασιλὶς</span> <span class='ocrx_word' id='word_1_353' title='bbox 434 4556 586 4632; x_wconf 74' lang='grc' dir='ltr'>ἤχθη</span> <span class='ocrx_word' id='word_1_354' title='bbox 634 4555 726 4610; x_wconf 78' lang='grc' dir='ltr'>καὶ</span> <span class='ocrx_word' id='word_1_355' title='bbox 771 4555 851 4609; x_wconf 76' lang='grc' dir='ltr'>ὅτι</span> <span class='ocrx_word' id='word_1_356' title='bbox 901 4556 1070 4610; x_wconf 85' lang='grc' dir='ltr'>πάντα</span> <span class='ocrx_word' id='word_1_357' title='bbox 1128 4552 1316 4619; x_wconf 82' lang='grc' dir='ltr'>καλῶς</span> <span class='ocrx_word' id='word_1_358' title='bbox 1371 4550 1488 4630; x_wconf 75' lang='grc' dir='ltr'>ἔχει</span> <span class='ocrx_word' id='word_1_359' title='bbox 1522 4554 1703 4616; x_wconf 81' lang='grc' dir='ltr'>αὐτοῖς</span> <span class='ocrx_word' id='word_1_360' title='bbox 1738 4554 1806 4608; x_wconf 78' lang='grc' dir='ltr'>τὰ</span> 
     </span>
    </p>
   </div>
   <div class='ocr_carea' id='block_1_51' title="bbox 157 4639 1804 4719">
    <p class='ocr_par' dir='ltr' id='par_1_51' title="bbox 157 4639 1804 4719">
     <span class='ocr_line' id='line_1_51' title="bbox 157 4639 1804 4719; baseline -0.003 -18"><span class='ocrx_word' id='word_1_361' title='bbox 157 4647 294 4701; x_wconf 70' lang='grc' dir='ltr'>κατὰ</span> <span class='ocrx_word' id='word_1_362' title='bbox 342 4647 567 4715; x_wconf 86' lang='grc' dir='ltr'>σκοπὸν,</span> <span class='ocrx_word' id='word_1_363' title='bbox 609 4645 672 4700; x_wconf 79' lang='grc' dir='ltr'>οὗ</span> <span class='ocrx_word' id='word_1_364' title='bbox 724 4645 1105 4719; x_wconf 78' lang='grc' dir='ltr'>συνεχωρήθη,</span> <span class='ocrx_word' id='word_1_365' title='bbox 1133 4639 1318 4718; x_wconf 72' lang='grc' dir='ltr'>ὕϐρεσί</span> <span class='ocrx_word' id='word_1_366' title='bbox 1355 4664 1412 4698; x_wconf 89' lang='grc' dir='ltr'><strong>τε</strong></span> <span class='ocrx_word' id='word_1_367' title='bbox 1466 4643 1804 4719; x_wconf 80' lang='grc' dir='ltr'>πανταχόθεν</span> 
     </span>
    </p>
   </div>
   <div class='ocr_carea' id='block_1_52' title="bbox 1425 3221 1802 3300">
    <p class='ocr_par' dir='ltr' id='par_1_52' title="bbox 1425 3221 1802 3300">
     <span class='ocr_line' id='line_1_52' title="bbox 1425 3221 1802 3300; baseline 0 -22"><span class='ocrx_word' id='word_1_368' title='bbox 1425 3221 1802 3300; x_wconf 73' lang='grc' dir='ltr'>προσέδραμον</span> 
     </span>
    </p>
   </div>
   <div class='ocr_carea' id='block_1_53' title="bbox 1925 657 3576 730">
    <p class='ocr_par' dir='ltr' id='par_1_53' title="bbox 1925 657 3576 730">
     <span class='ocr_line' id='line_1_53' title="bbox 1925 657 3576 730; baseline 0.004 -22"><span class='ocrx_word' id='word_1_369' title='bbox 1925 657 2014 710; x_wconf 91' lang='lat' dir='ltr'><strong>bis</strong></span> <span class='ocrx_word' id='word_1_370' title='bbox 2049 657 2311 726; x_wconf 65' lang='lat' dir='ltr'><strong>praefecto</strong></span> <span class='ocrx_word' id='word_1_371' title='bbox 2336 657 2564 730; x_wconf 79' lang='lat' dir='ltr'><strong>publice</strong></span> <span class='ocrx_word' id='word_1_372' title='bbox 2592 658 2805 730; x_wconf 90' lang='lat' dir='ltr'><strong>populo</strong></span> <span class='ocrx_word' id='word_1_373' title='bbox 2829 659 3186 714; x_wconf 76' lang='lat' dir='ltr'><strong>recitandam</strong></span> <span class='ocrx_word' id='word_1_374' title='bbox 3212 660 3268 714; x_wconf 89' lang='lat' dir='ltr'><strong>in</strong></span> <span class='ocrx_word' id='word_1_375' title='bbox 3291 659 3576 716; x_wconf 81' lang='lat' dir='ltr'><strong>Constan-</strong></span> 
     </span>
    </p>
   </div>
   <div class='ocr_carea' id='block_1_54' title="bbox 1923 746 3574 820">
    <p class='ocr_par' dir='ltr' id='par_1_54' title="bbox 1923 746 3574 820">
     <span class='ocr_line' id='line_1_54' title="bbox 1923 746 3574 820; baseline 0.004 -21"><span class='ocrx_word' id='word_1_376' title='bbox 1923 747 2026 799; x_wconf 90' lang='lat' dir='ltr'><strong>tini</strong></span> <span class='ocrx_word' id='word_1_377' title='bbox 2061 746 2251 818; x_wconf 80' lang='lat' dir='ltr'><strong>Magni</strong></span> <span class='ocrx_word' id='word_1_378' title='bbox 2279 746 2400 802; x_wconf 80' lang='lat' dir='ltr'><strong>foro</strong></span> <span class='ocrx_word' id='word_1_379' title='bbox 2430 749 2746 802; x_wconf 84' lang='lat' dir='ltr'><strong>mandavit.</strong></span> <span class='ocrx_word' id='word_1_380' title='bbox 2773 749 2997 820; x_wconf 79' lang='lat' dir='ltr'><strong>Scripta</strong></span> <span class='ocrx_word' id='word_1_381' title='bbox 3025 748 3213 803; x_wconf 82' lang='lat' dir='ltr'><strong>fuitin</strong></span> <span class='ocrx_word' id='word_1_382' title='bbox 3239 748 3390 804; x_wconf 88' lang='lat' dir='ltr'><strong>hanc</strong></span> <span class='ocrx_word' id='word_1_383' title='bbox 3423 748 3574 805; x_wconf 66' lang='lat'><strong>587</strong></span> 
     </span>
    </p>
   </div>
   <div class='ocr_carea' id='block_1_55' title="bbox 1922 836 3572 909">
    <p class='ocr_par' dir='ltr' id='par_1_55' title="bbox 1922 836 3572 909">
     <span class='ocr_line' id='line_1_55' title="bbox 1922 836 3572 909; baseline 0.003 -21"><span class='ocrx_word' id='word_1_384' title='bbox 1922 836 2277 889; x_wconf 85' lang='lat' dir='ltr'><strong>sententiam</strong></span> <span class='ocrx_word' id='word_1_385' title='bbox 2306 852 2318 889; x_wconf 94' lang='lat'>:</span> <span class='ocrx_word' id='word_1_386' title='bbox 2346 860 2372 884; x_wconf 87' lang='grc'><em>‹‹</em></span> <span class='ocrx_word' id='word_1_387' title='bbox 2407 840 2576 903; x_wconf 85' lang='lat' dir='ltr'><strong>Zoen,</strong></span> <span class='ocrx_word' id='word_1_388' title='bbox 2603 853 2778 906; x_wconf 82' lang='lat' dir='ltr'><strong>quam</strong></span> <span class='ocrx_word' id='word_1_389' title='bbox 2815 853 2942 891; x_wconf 89' lang='lat' dir='ltr'><strong>meo</strong></span> <span class='ocrx_word' id='word_1_390' title='bbox 2978 837 3220 908; x_wconf 89' lang='lat' dir='ltr'><strong>imperio</strong></span> <span class='ocrx_word' id='word_1_391' title='bbox 3251 838 3572 909; x_wconf 78' lang='lat' dir='ltr'><strong>malignam</strong></span> 
     </span>
    </p>
   </div>
   <div class='ocr_carea' id='block_1_56' title="bbox 1920 923 3571 995">
    <p class='ocr_par' dir='ltr' id='par_1_56' title="bbox 1920 923 3571 995">
     <span class='ocr_line' id='line_1_56' title="bbox 1920 923 3571 995; baseline 0.002 -19"><span class='ocrx_word' id='word_1_392' title='bbox 1920 938 2048 976; x_wconf 87' lang='lat' dir='ltr'><strong>esse</strong></span> <span class='ocrx_word' id='word_1_393' title='bbox 2072 923 2593 993; x_wconf 88' lang='lat' dir='ltr'><strong>deprehenderam,</strong></span> <span class='ocrx_word' id='word_1_394' title='bbox 2617 925 2884 995; x_wconf 85' lang='lat' dir='ltr'><strong>relegavi.</strong></span> <span class='ocrx_word' id='word_1_395' title='bbox 2911 925 3162 980; x_wconf 71' lang='lat' dir='ltr'><strong>Alcxium</strong></span> <span class='ocrx_word' id='word_1_396' title='bbox 3186 943 3319 981; x_wconf 90' lang='lat' dir='ltr'><strong>cum</strong></span> <span class='ocrx_word' id='word_1_397' title='bbox 3344 942 3410 982; x_wconf 89' lang='lat' dir='ltr'><strong>ea</strong></span> <span class='ocrx_word' id='word_1_398' title='bbox 3434 944 3571 983; x_wconf 88' lang='lat' dir='ltr'><strong>sen-</strong></span> 
     </span>
    </p>
   </div>
   <div class='ocr_carea' id='block_1_57' title="bbox 1921 1011 3572 1086">
    <p class='ocr_par' dir='ltr' id='par_1_57' title="bbox 1921 1011 3572 1086">
     <span class='ocr_line' id='line_1_57' title="bbox 1921 1011 3572 1086; baseline 0.005 -22"><span class='ocrx_word' id='word_1_399' title='bbox 1921 1011 2162 1066; x_wconf 87' lang='lat' dir='ltr'><strong>tientem</strong></span> <span class='ocrx_word' id='word_1_400' title='bbox 2196 1012 2440 1067; x_wconf 80' lang='lat' dir='ltr'><strong>ecclesia</strong></span> <span class='ocrx_word' id='word_1_401' title='bbox 2473 1015 2681 1068; x_wconf 90' lang='lat' dir='ltr'><strong>amovi.</strong></span> <span class='ocrx_word' id='word_1_402' title='bbox 2706 1013 2822 1069; x_wconf 83' lang='lat' dir='ltr'><strong>Vos</strong></span> <span class='ocrx_word' id='word_1_403' title='bbox 2854 1020 3073 1078; x_wconf 90' lang='lat' dir='ltr'><strong>autem,</strong></span> <span class='ocrx_word' id='word_1_404' title='bbox 3107 1015 3324 1070; x_wconf 85' lang='lat' dir='ltr'><strong>subditi</strong></span> <span class='ocrx_word' id='word_1_405' title='bbox 3359 1017 3494 1086; x_wconf 89' lang='lat' dir='ltr'><strong>mei,</strong></span> <span class='ocrx_word' id='word_1_406' title='bbox 3519 1015 3572 1072; x_wconf 88' lang='lat' dir='ltr'><strong>si</strong></span> 
     </span>
    </p>
   </div>
   <div class='ocr_carea' id='block_1_58' title="bbox 1922 1099 3572 1176">
    <p class='ocr_par' dir='ltr' id='par_1_58' title="bbox 1922 1099 3572 1176">
     <span class='ocr_line' id='line_1_58' title="bbox 1922 1099 3572 1176; baseline 0.004 -22"><span class='ocrx_word' id='word_1_407' title='bbox 1922 1099 2327 1156; x_wconf 87' lang='lat' dir='ltr'><strong>benevolentia</strong></span> <span class='ocrx_word' id='word_1_408' title='bbox 2358 1118 2496 1173; x_wconf 81' lang='lat' dir='ltr'><strong>erga</strong></span> <span class='ocrx_word' id='word_1_409' title='bbox 2527 1119 2619 1158; x_wconf 88' lang='lat' dir='ltr'><strong>me</strong></span> <span class='ocrx_word' id='word_1_410' title='bbox 2669 1103 3060 1174; x_wconf 89' lang='lat' dir='ltr'><strong>perstiteritis,</strong></span> <span class='ocrx_word' id='word_1_411' title='bbox 3098 1121 3340 1176; x_wconf 85' lang='lat' dir='ltr'><strong>magnos</strong></span> <span class='ocrx_word' id='word_1_412' title='bbox 3388 1105 3572 1160; x_wconf 82' lang='lat' dir='ltr'><strong>hono-</strong></span> 
     </span>
    </p>
   </div>
   <div class='ocr_carea' id='block_1_59' title="bbox 1921 1191 3570 1266">
    <p class='ocr_par' dir='ltr' id='par_1_59' title="bbox 1921 1191 3570 1266">
     <span class='ocr_line' id='line_1_59' title="bbox 1921 1191 3570 1266; baseline 0.005 -24"><span class='ocrx_word' id='word_1_413' title='bbox 1921 1205 2014 1243; x_wconf 87' lang='lat' dir='ltr'><strong>res</strong></span> <span class='ocrx_word' id='word_1_414' title='bbox 2044 1194 2219 1259; x_wconf 90' lang='lat' dir='ltr'><strong>atque</strong></span> <span class='ocrx_word' id='word_1_415' title='bbox 2251 1191 2532 1246; x_wconf 82' lang='lat' dir='ltr'><strong>beneﬁcia</strong></span> <span class='ocrx_word' id='word_1_416' title='bbox 2562 1192 3024 1262; x_wconf 89' lang='lat' dir='ltr'><strong>consequemini.</strong></span> <span class='ocrx_word' id='word_1_417' title='bbox 3053 1192 3352 1266; x_wconf 77' lang='lat' dir='ltr'><strong>vitamque</strong></span> <span class='ocrx_word' id='word_1_418' title='bbox 3383 1198 3570 1250; x_wconf 87' lang='lat' dir='ltr'><strong>tutam</strong></span> 
     </span>
    </p>
   </div>
   <div class='ocr_carea' id='block_1_60' title="bbox 1920 1277 3573 1355">
    <p class='ocr_par' dir='ltr' id='par_1_60' title="bbox 1920 1277 3573 1355">
     <span class='ocr_line' id='line_1_60' title="bbox 1920 1277 3573 1355; baseline 0.005 -26"><span class='ocrx_word' id='word_1_419' title='bbox 1920 1283 1976 1330; x_wconf 85' lang='lat' dir='ltr'><strong>et</strong></span> <span class='ocrx_word' id='word_1_420' title='bbox 2009 1277 2293 1347; x_wconf 83' lang='lat' dir='ltr'><strong>placidam</strong></span> <span class='ocrx_word' id='word_1_421' title='bbox 2338 1281 2581 1351; x_wconf 82' lang='lat' dir='ltr'><strong>degetis.</strong></span> <span class='ocrx_word' id='word_1_422' title='bbox 2613 1302 2638 1328; x_wconf 85' lang='lat'>»</span> <span class='ocrx_word' id='word_1_423' title='bbox 2661 1280 2805 1335; x_wconf 87' lang='lat' dir='ltr'><strong>Cum</strong></span> <span class='ocrx_word' id='word_1_424' title='bbox 2859 1283 3133 1337; x_wconf 85' lang='lat' dir='ltr'><strong>audiente</strong></span> <span class='ocrx_word' id='word_1_425' title='bbox 3181 1285 3396 1355; x_wconf 90' lang='lat' dir='ltr'><strong>populo</strong></span> <span class='ocrx_word' id='word_1_426' title='bbox 3428 1283 3573 1338; x_wconf 89' lang='lat' dir='ltr'><strong>reci-</strong></span> 
     </span>
    </p>
   </div>
   <div class='ocr_carea' id='block_1_61' title="bbox 1920 1366 3572 1440">
    <p class='ocr_par' dir='ltr' id='par_1_61' title="bbox 1920 1366 3572 1440">
     <span class='ocr_line' id='line_1_61' title="bbox 1920 1366 3572 1440; baseline 0.004 -21"><span class='ocrx_word' id='word_1_427' title='bbox 1920 1369 2104 1420; x_wconf 89' lang='lat' dir='ltr'><strong>tasset</strong></span> <span class='ocrx_word' id='word_1_428' title='bbox 2135 1366 2254 1422; x_wconf 59' lang='lat' dir='ltr'><strong>haec</strong></span> <span class='ocrx_word' id='word_1_429' title='bbox 2287 1369 2617 1438; x_wconf 74' lang='lat' dir='ltr'><strong>praefectus,</strong></span> <span class='ocrx_word' id='word_1_430' title='bbox 2640 1385 2747 1423; x_wconf 82' lang='lat' dir='ltr'><strong>vox</strong></span> <span class='ocrx_word' id='word_1_431' title='bbox 2789 1371 3057 1440; x_wconf 74' lang='lat' dir='ltr'><strong>quaedam</strong></span> <span class='ocrx_word' id='word_1_432' title='bbox 3097 1371 3322 1425; x_wconf 82' lang='lat' dir='ltr'><strong>exstitit</strong></span> <span class='ocrx_word' id='word_1_433' title='bbox 3353 1370 3572 1427; x_wconf 89' lang='lat' dir='ltr'><strong>incerto</strong></span> 
     </span>
    </p>
   </div>
   <div class='ocr_carea' id='block_1_62' title="bbox 1919 1455 3574 1530">
    <p class='ocr_par' dir='ltr' id='par_1_62' title="bbox 1919 1455 3574 1530">
     <span class='ocr_line' id='line_1_62' title="bbox 1919 1455 3574 1530; baseline 0.004 -22"><span class='ocrx_word' id='word_1_434' title='bbox 1919 1461 2154 1511; x_wconf 88' lang='lat' dir='ltr'><strong>auctore</strong></span> <span class='ocrx_word' id='word_1_435' title='bbox 2187 1473 2250 1510; x_wconf 74' lang='lat' dir='ltr'><strong>:u</strong></span> <span class='ocrx_word' id='word_1_436' title='bbox 2284 1455 2571 1512; x_wconf 85' lang='lat' dir='ltr'><strong>Nolumus</strong></span> <span class='ocrx_word' id='word_1_437' title='bbox 2616 1462 3020 1529; x_wconf 88' lang='lat' dir='ltr'><strong>stauropatam</strong></span> <span class='ocrx_word' id='word_1_438' title='bbox 3055 1457 3424 1530; x_wconf 86' lang='lat' dir='ltr'><strong>calaphatam</strong></span> <span class='ocrx_word' id='word_1_439' title='bbox 3456 1459 3574 1514; x_wconf 88' lang='lat' dir='ltr'><strong>im-</strong></span> 
     </span>
    </p>
   </div>
   <div class='ocr_carea' id='block_1_63' title="bbox 1919 1545 3573 1618">
    <p class='ocr_par' dir='ltr' id='par_1_63' title="bbox 1919 1545 3573 1618">
     <span class='ocr_line' id='line_1_63' title="bbox 1919 1545 3573 1618; baseline 0.004 -20"><span class='ocrx_word' id='word_1_440' title='bbox 1919 1551 2245 1616; x_wconf 89' lang='lat' dir='ltr'><strong>peratorem</strong></span> <span class='ocrx_word' id='word_1_441' title='bbox 2280 1545 2512 1611; x_wconf 87' lang='lat' dir='ltr'><strong>habere,</strong></span> <span class='ocrx_word' id='word_1_442' title='bbox 2538 1546 2636 1601; x_wconf 86' lang='lat' dir='ltr'><strong>sed</strong></span> <span class='ocrx_word' id='word_1_443' title='bbox 2665 1563 2865 1618; x_wconf 88' lang='lat' dir='ltr'><strong>parere</strong></span> <span class='ocrx_word' id='word_1_444' title='bbox 2894 1548 3038 1613; x_wconf 68' lang='grc' dir='ltr'>Ζοω,</span> <span class='ocrx_word' id='word_1_445' title='bbox 3063 1547 3155 1602; x_wconf 91' lang='lat' dir='ltr'><strong>cui</strong></span> <span class='ocrx_word' id='word_1_446' title='bbox 3187 1565 3221 1603; x_wconf 87' lang='lat' dir='ltr'><strong>a</strong></span> <span class='ocrx_word' id='word_1_447' title='bbox 3253 1548 3573 1618; x_wconf 79' lang='lat' dir='ltr'><strong>majoribus</strong></span> 
     </span>
    </p>
   </div>
   <div class='ocr_carea' id='block_1_64' title="bbox 1919 1635 3568 1706">
    <p class='ocr_par' dir='ltr' id='par_1_64' title="bbox 1919 1635 3568 1706">
     <span class='ocr_line' id='line_1_64' title="bbox 1919 1635 3568 1706; baseline 0.003 -18"><span class='ocrx_word' id='word_1_448' title='bbox 1919 1635 2228 1705; x_wconf 91' lang='lat' dir='ltr'><strong>imperium</strong></span> <span class='ocrx_word' id='word_1_449' title='bbox 2288 1635 2536 1690; x_wconf 82' lang='lat' dir='ltr'><strong>debetur</strong></span> <span class='ocrx_word' id='word_1_450' title='bbox 2581 1637 2716 1706; x_wconf 85' lang='lat' dir='ltr'><strong>jure</strong></span> <span class='ocrx_word' id='word_1_451' title='bbox 2773 1636 3169 1703; x_wconf 57' lang='lat' dir='ltr'><strong>hereditario,</strong></span> <span class='ocrx_word' id='word_1_452' title='bbox 3231 1637 3403 1692; x_wconf 85' lang='lat' dir='ltr'><strong>matri</strong></span> <span class='ocrx_word' id='word_1_453' title='bbox 3464 1654 3568 1693; x_wconf 87' lang='lat' dir='ltr'><strong>no-</strong></span> 
     </span>
    </p>
   </div>
   <div class='ocr_carea' id='block_1_65' title="bbox 1919 1723 3570 1795">
    <p class='ocr_par' dir='ltr' id='par_1_65' title="bbox 1919 1723 3570 1795">
     <span class='ocr_line' id='line_1_65' title="bbox 1919 1723 3570 1795; baseline 0.004 -19"><span class='ocrx_word' id='word_1_454' title='bbox 1919 1728 2073 1776; x_wconf 70' lang='lat' dir='ltr'><strong>atrae.</strong></span> <span class='ocrx_word' id='word_1_455' title='bbox 2107 1745 2131 1772; x_wconf 87' lang='lat'>»</span> <span class='ocrx_word' id='word_1_456' title='bbox 2166 1723 2374 1778; x_wconf 87' lang='lat' dir='ltr'><strong>Statim</strong></span> <span class='ocrx_word' id='word_1_457' title='bbox 2427 1724 2596 1795; x_wconf 89' lang='lat' dir='ltr'><strong>quasi</strong></span> <span class='ocrx_word' id='word_1_458' title='bbox 2642 1741 2756 1778; x_wconf 89' lang='lat' dir='ltr'><strong>una</strong></span> <span class='ocrx_word' id='word_1_459' title='bbox 2785 1741 2921 1780; x_wconf 90' lang='lat' dir='ltr'><strong>voce</strong></span> <span class='ocrx_word' id='word_1_460' title='bbox 2953 1726 3025 1780; x_wconf 90' lang='lat' dir='ltr'><strong>ab</strong></span> <span class='ocrx_word' id='word_1_461' title='bbox 3057 1725 3335 1781; x_wconf 84' lang='lat' dir='ltr'><strong>omnibus</strong></span> <span class='ocrx_word' id='word_1_462' title='bbox 3383 1726 3570 1782; x_wconf 86' lang='lat' dir='ltr'><strong>accla-</strong></span> 
     </span>
    </p>
   </div>
   <div class='ocr_carea' id='block_1_66' title="bbox 1920 1812 3570 1886">
    <p class='ocr_par' dir='ltr' id='par_1_66' title="bbox 1920 1812 3570 1886">
     <span class='ocr_line' id='line_1_66' title="bbox 1920 1812 3570 1886; baseline 0.001 -20"><span class='ocrx_word' id='word_1_463' title='bbox 1920 1820 2141 1866; x_wconf 91' lang='lat' dir='ltr'><strong>malum</strong></span> <span class='ocrx_word' id='word_1_464' title='bbox 2175 1817 2264 1867; x_wconf 91' lang='lat' dir='ltr'><strong>est</strong></span> <span class='ocrx_word' id='word_1_465' title='bbox 2293 1829 2305 1865; x_wconf 90' lang='lat'>:</span> <span class='ocrx_word' id='word_1_466' title='bbox 2336 1835 2355 1859; x_wconf 77' lang='grc' dir='ltr'><strong>α</strong></span> <span class='ocrx_word' id='word_1_467' title='bbox 2395 1812 2756 1867; x_wconf 82' lang='lat' dir='ltr'><strong>El‘i&#39;odiantur</strong></span> <span class='ocrx_word' id='word_1_468' title='bbox 2794 1830 2926 1868; x_wconf 87' lang='lat' dir='ltr'><strong>ossa</strong></span> <span class='ocrx_word' id='word_1_469' title='bbox 2957 1813 3294 1886; x_wconf 75' lang='lat' dir='ltr'><strong>calapbatae.</strong></span> <span class='ocrx_word' id='word_1_470' title='bbox 3323 1835 3350 1863; x_wconf 86' lang='lat'><strong>»</strong></span> <span class='ocrx_word' id='word_1_471' title='bbox 3382 1814 3441 1868; x_wconf 82' lang='lat' dir='ltr'><strong>Et</strong></span> <span class='ocrx_word' id='word_1_472' title='bbox 3477 1831 3570 1868; x_wconf 80' lang='lat' dir='ltr'><strong>ur-</strong></span> 
     </span>
    </p>
   </div>
   <div class='ocr_carea' id='block_1_67' title="bbox 1918 1900 3570 1971">
    <p class='ocr_par' dir='ltr' id='par_1_67' title="bbox 1918 1900 3570 1971">
     <span class='ocr_line' id='line_1_67' title="bbox 1918 1900 3570 1971; baseline 0.002 -18"><span class='ocrx_word' id='word_1_473' title='bbox 1918 1901 2098 1970; x_wconf 85' lang='lat' dir='ltr'><strong>reptis</strong></span> <span class='ocrx_word' id='word_1_474' title='bbox 2130 1907 2192 1954; x_wconf 90' lang='lat' dir='ltr'><strong>ut</strong></span> <span class='ocrx_word' id='word_1_475' title='bbox 2223 1901 2436 1971; x_wconf 90' lang='lat' dir='ltr'><strong>cuique</strong></span> <span class='ocrx_word' id='word_1_476' title='bbox 2467 1918 2594 1956; x_wconf 90' lang='lat' dir='ltr'><strong>sors</strong></span> <span class='ocrx_word' id='word_1_477' title='bbox 2615 1902 2892 1956; x_wconf 71' lang='lat' dir='ltr'><strong>offerebat</strong></span> <span class='ocrx_word' id='word_1_478' title='bbox 2921 1901 3238 1971; x_wconf 83' lang='lat' dir='ltr'><strong>lapidibus,</strong></span> <span class='ocrx_word' id='word_1_479' title='bbox 3270 1900 3570 1957; x_wconf 86' lang='lat' dir='ltr'><strong>subselliis</strong></span> 
     </span>
    </p>
   </div>
   <div class='ocr_carea' id='block_1_68' title="bbox 1914 1989 3571 2060">
    <p class='ocr_par' dir='ltr' id='par_1_68' title="bbox 1914 1989 3571 2060">
     <span class='ocr_line' id='line_1_68' title="bbox 1914 1989 3571 2060; baseline 0.001 -17"><span class='ocrx_word' id='word_1_480' title='bbox 1914 1994 2087 2060; x_wconf 87' lang='lat' dir='ltr'><strong>atque</strong></span> <span class='ocrx_word' id='word_1_481' title='bbox 2135 1989 2334 2060; x_wconf 89' lang='lat' dir='ltr'><strong>lignis,</strong></span> <span class='ocrx_word' id='word_1_482' title='bbox 2385 1991 2721 2059; x_wconf 63' lang='lat' dir='ltr'><strong>praefectum</strong></span> <span class='ocrx_word' id='word_1_483' title='bbox 2777 1991 2942 2045; x_wconf 80' lang='lat' dir='ltr'><strong>urbis</strong></span> <span class='ocrx_word' id='word_1_484' title='bbox 2982 1995 3129 2058; x_wconf 84' lang='lat' dir='ltr'><strong>(erat</strong></span> <span class='ocrx_word' id='word_1_485' title='bbox 3174 1990 3270 2044; x_wconf 91' lang='lat' dir='ltr'><strong>hic</strong></span> <span class='ocrx_word' id='word_1_486' title='bbox 3317 1995 3571 2045; x_wconf 79' lang='lat' dir='ltr'><strong>Anasta-</strong></span> 
     </span>
    </p>
   </div>
   <div class='ocr_carea' id='block_1_69' title="bbox 1912 2077 3570 2151">
    <p class='ocr_par' dir='ltr' id='par_1_69' title="bbox 1912 2077 3570 2151">
     <span class='ocr_line' id='line_1_69' title="bbox 1912 2077 3570 2151; baseline 0 -19"><span class='ocrx_word' id='word_1_487' title='bbox 1912 2077 2036 2132; x_wconf 88' lang='lat' dir='ltr'><strong>sius</strong></span> <span class='ocrx_word' id='word_1_488' title='bbox 2069 2078 2370 2148; x_wconf 87' lang='lat' dir='ltr'><strong>patricius,</strong></span> <span class='ocrx_word' id='word_1_489' title='bbox 2397 2079 2696 2149; x_wconf 90' lang='lat' dir='ltr'><strong>quondam</strong></span> <span class='ocrx_word' id='word_1_490' title='bbox 2729 2083 2868 2134; x_wconf 91' lang='lat' dir='ltr'><strong>Zoes</strong></span> <span class='ocrx_word' id='word_1_491' title='bbox 2918 2079 3103 2151; x_wconf 88' lang='lat' dir='ltr'><strong>patris</strong></span> <span class='ocrx_word' id='word_1_492' title='bbox 3152 2078 3447 2150; x_wconf 87' lang='lat' dir='ltr'><strong>minister)</strong></span> <span class='ocrx_word' id='word_1_493' title='bbox 3478 2078 3570 2132; x_wconf 88' lang='lat' dir='ltr'><strong>in-</strong></span> 
     </span>
    </p>
   </div>
   <div class='ocr_carea' id='block_1_70' title="bbox 1911 2166 3566 2239">
    <p class='ocr_par' dir='ltr' id='par_1_70' title="bbox 1911 2166 3566 2239">
     <span class='ocr_line' id='line_1_70' title="bbox 1911 2166 3566 2239; baseline 0 -19"><span class='ocrx_word' id='word_1_494' title='bbox 1911 2167 2299 2232; x_wconf 81' lang='lat' dir='ltr'><strong>terfecissent,</strong></span> <span class='ocrx_word' id='word_1_495' title='bbox 2335 2167 2444 2222; x_wconf 88' lang='lat' dir='ltr'><strong>nisi</strong></span> <span class='ocrx_word' id='word_1_496' title='bbox 2495 2169 2542 2222; x_wconf 91' lang='lat' dir='ltr'><strong>is</strong></span> <span class='ocrx_word' id='word_1_497' title='bbox 2585 2167 2724 2238; x_wconf 82' lang='lat' dir='ltr'><strong>fuga</strong></span> <span class='ocrx_word' id='word_1_498' title='bbox 2771 2167 2881 2223; x_wconf 88' lang='lat' dir='ltr'><strong>sibi</strong></span> <span class='ocrx_word' id='word_1_499' title='bbox 2915 2167 3165 2222; x_wconf 89' lang='lat' dir='ltr'><strong>salutem</strong></span> <span class='ocrx_word' id='word_1_500' title='bbox 3220 2166 3566 2239; x_wconf 86' lang='lat' dir='ltr'><strong>paravisset.</strong></span> 
     </span>
    </p>
   </div>
   <div class='ocr_carea' id='block_1_71' title="bbox 1913 2255 3574 2328">
    <p class='ocr_par' dir='ltr' id='par_1_71' title="bbox 1913 2255 3574 2328">
     <span class='ocr_line' id='line_1_71' title="bbox 1913 2255 3574 2328; baseline 0 -18"><span class='ocrx_word' id='word_1_501' title='bbox 1913 2256 2274 2310; x_wconf 90' lang='lat' dir='ltr'><strong>Concursum</strong></span> <span class='ocrx_word' id='word_1_502' title='bbox 2327 2256 2510 2311; x_wconf 84' lang='lat' dir='ltr'><strong>fecere</strong></span> <span class='ocrx_word' id='word_1_503' title='bbox 2559 2256 2629 2310; x_wconf 88' lang='lat' dir='ltr'><strong>ad</strong></span> <span class='ocrx_word' id='word_1_504' title='bbox 2683 2257 2956 2328; x_wconf 84' lang='lat' dir='ltr'><strong>Magnum</strong></span> <span class='ocrx_word' id='word_1_505' title='bbox 2988 2255 3318 2328; x_wconf 87' lang='lat' dir='ltr'><strong>Templum,</strong></span> <span class='ocrx_word' id='word_1_506' title='bbox 3350 2271 3467 2327; x_wconf 92' lang='lat' dir='ltr'><strong>quo</strong></span> <span class='ocrx_word' id='word_1_507' title='bbox 3514 2259 3574 2309; x_wconf 88' lang='lat' dir='ltr'><strong>et</strong></span> 
     </span>
    </p>
   </div>
   <div class='ocr_carea' id='block_1_72' title="bbox 1913 2343 3572 2416">
    <p class='ocr_par' dir='ltr' id='par_1_72' title="bbox 1913 2343 3572 2416">
     <span class='ocr_line' id='line_1_72' title="bbox 1913 2343 3572 2416; baseline 0.001 -20"><span class='ocrx_word' id='word_1_508' title='bbox 1913 2343 2244 2414; x_wconf 86' lang='lat' dir='ltr'><strong>patriarcha</strong></span> <span class='ocrx_word' id='word_1_509' title='bbox 2276 2349 2574 2398; x_wconf 88' lang='lat' dir='ltr'><strong>mercatus</strong></span> <span class='ocrx_word' id='word_1_510' title='bbox 2618 2344 2957 2416; x_wconf 87' lang='lat' dir='ltr'><strong>aufugiendi</strong></span> <span class='ocrx_word' id='word_1_511' title='bbox 3003 2343 3304 2399; x_wconf 84' lang='lat' dir='ltr'><strong>licentiam</strong></span> <span class='ocrx_word' id='word_1_512' title='bbox 3337 2360 3400 2399; x_wconf 88' lang='lat' dir='ltr'><strong>se</strong></span> <span class='ocrx_word' id='word_1_513' title='bbox 3431 2359 3572 2398; x_wconf 88' lang='lat' dir='ltr'><strong>con-</strong></span> 
     </span>
    </p>
   </div>
   <div class='ocr_carea' id='block_1_73' title="bbox 1912 2431 3570 2503">
    <p class='ocr_par' dir='ltr' id='par_1_73' title="bbox 1912 2431 3570 2503">
     <span class='ocr_line' id='line_1_73' title="bbox 1912 2431 3570 2503; baseline 0 -17"><span class='ocrx_word' id='word_1_514' title='bbox 1912 2431 2129 2486; x_wconf 87' lang='lat' dir='ltr'><strong>tulerat</strong></span> <span class='ocrx_word' id='word_1_515' title='bbox 2169 2437 2226 2486; x_wconf 91' lang='lat' dir='ltr'><strong>et</strong></span> <span class='ocrx_word' id='word_1_516' title='bbox 2268 2433 2673 2487; x_wconf 87' lang='lat' dir='ltr'><strong>detestabatur</strong></span> <span class='ocrx_word' id='word_1_517' title='bbox 2729 2433 3166 2503; x_wconf 88' lang='lat' dir='ltr'><strong>imperatorem,</strong></span> <span class='ocrx_word' id='word_1_518' title='bbox 3220 2432 3570 2503; x_wconf 87' lang='lat' dir='ltr'><strong>restituique</strong></span> 
     </span>
    </p>
   </div>
   <div class='ocr_carea' id='block_1_74' title="bbox 1911 2519 3571 2592">
    <p class='ocr_par' dir='ltr' id='par_1_74' title="bbox 1911 2519 3571 2592">
     <span class='ocr_line' id='line_1_74' title="bbox 1911 2519 3571 2592; baseline 0.001 -18"><span class='ocrx_word' id='word_1_519' title='bbox 1911 2523 2231 2592; x_wconf 89' lang='lat' dir='ltr'><strong>Augustam</strong></span> <span class='ocrx_word' id='word_1_520' title='bbox 2289 2519 2582 2591; x_wconf 90' lang='lat' dir='ltr'><strong>cupiebat.</strong></span> <span class='ocrx_word' id='word_1_521' title='bbox 2641 2521 2856 2576; x_wconf 86' lang='lat' dir='ltr'><strong>Eodem</strong></span> <span class='ocrx_word' id='word_1_522' title='bbox 2923 2526 3306 2577; x_wconf 88' lang='lat' dir='ltr'><strong>accurrerunt</strong></span> <span class='ocrx_word' id='word_1_523' title='bbox 3363 2537 3571 2577; x_wconf 86' lang='lat' dir='ltr'><strong>omnes</strong></span> 
     </span>
    </p>
   </div>
   <div class='ocr_carea' id='block_1_75' title="bbox 1913 2609 3571 2681">
    <p class='ocr_par' dir='ltr' id='par_1_75' title="bbox 1913 2609 3571 2681">
     <span class='ocr_line' id='line_1_75' title="bbox 1913 2609 3571 2681; baseline 0.002 -19"><span class='ocrx_word' id='word_1_524' title='bbox 1913 2609 2034 2662; x_wconf 72' lang='lat' dir='ltr'><strong>Zoze</strong></span> <span class='ocrx_word' id='word_1_525' title='bbox 2095 2609 2314 2678; x_wconf 83' lang='lat' dir='ltr'><strong>paterni</strong></span> <span class='ocrx_word' id='word_1_526' title='bbox 2385 2609 2641 2663; x_wconf 89' lang='lat' dir='ltr'><strong>eunuchi</strong></span> <span class='ocrx_word' id='word_1_527' title='bbox 2699 2619 2753 2663; x_wconf 84' lang='lat' dir='ltr'><strong>et</strong></span> <span class='ocrx_word' id='word_1_528' title='bbox 2811 2610 3230 2665; x_wconf 86' lang='lat' dir='ltr'><strong>Constantinus</strong></span> <span class='ocrx_word' id='word_1_529' title='bbox 3287 2610 3571 2681; x_wconf 84' lang='lat' dir='ltr'><strong>patricius</strong></span> 
     </span>
    </p>
   </div>
   <div class='ocr_carea' id='block_1_76' title="bbox 1913 2694 3570 2766">
    <p class='ocr_par' dir='ltr' id='par_1_76' title="bbox 1913 2694 3570 2766">
     <span class='ocr_line' id='line_1_76' title="bbox 1913 2694 3570 2766; baseline 0.002 -19"><span class='ocrx_word' id='word_1_530' title='bbox 1913 2694 2232 2755; x_wconf 86' lang='lat' dir='ltr'><strong>Cabasilas,</strong></span> <span class='ocrx_word' id='word_1_531' title='bbox 2266 2694 2605 2766; x_wconf 83' lang='lat' dir='ltr'><strong>reliquaque</strong></span> <span class='ocrx_word' id='word_1_532' title='bbox 2649 2700 2988 2750; x_wconf 87' lang='lat' dir='ltr'><strong>senatorum</strong></span> <span class='ocrx_word' id='word_1_533' title='bbox 3035 2696 3389 2762; x_wconf 84' lang='lat' dir='ltr'><strong>multitudo;</strong></span> <span class='ocrx_word' id='word_1_534' title='bbox 3421 2713 3570 2751; x_wconf 85' lang='lat' dir='ltr'><strong>una-</strong></span> 
     </span>
    </p>
   </div>
   <div class='ocr_carea' id='block_1_77' title="bbox 1915 2783 3568 2856">
    <p class='ocr_par' dir='ltr' id='par_1_77' title="bbox 1915 2783 3568 2856">
     <span class='ocr_line' id='line_1_77' title="bbox 1915 2783 3568 2856; baseline 0.003 -20"><span class='ocrx_word' id='word_1_535' title='bbox 1915 2783 2192 2852; x_wconf 89' lang='lat' dir='ltr'><strong>nimoque</strong></span> <span class='ocrx_word' id='word_1_536' title='bbox 2223 2799 2511 2838; x_wconf 84' lang='lat' dir='ltr'><strong>consensu</strong></span> <span class='ocrx_word' id='word_1_537' title='bbox 2547 2783 2842 2838; x_wconf 85' lang='lat' dir='ltr'><strong>miserunt</strong></span> <span class='ocrx_word' id='word_1_538' title='bbox 2872 2783 2969 2856; x_wconf 90' lang='lat' dir='ltr'><strong>qui</strong></span> <span class='ocrx_word' id='word_1_539' title='bbox 3003 2784 3368 2841; x_wconf 87' lang='lat' dir='ltr'><strong>Theodoram</strong></span> <span class='ocrx_word' id='word_1_540' title='bbox 3402 2801 3435 2840; x_wconf 91' lang='lat' dir='ltr'><strong>a</strong></span> <span class='ocrx_word' id='word_1_541' title='bbox 3467 2785 3568 2841; x_wconf 50' lang='lat' dir='ltr'><strong>Pe.</strong></span> 
     </span>
    </p>
   </div>
   <div class='ocr_carea' id='block_1_78' title="bbox 1912 2871 3570 2945">
    <p class='ocr_par' dir='ltr' id='par_1_78' title="bbox 1912 2871 3570 2945">
     <span class='ocr_line' id='line_1_78' title="bbox 1912 2871 3570 2945; baseline 0.002 -21"><span class='ocrx_word' id='word_1_542' title='bbox 1912 2871 2023 2926; x_wconf 90' lang='lat' dir='ltr'><strong>trio</strong></span> <span class='ocrx_word' id='word_1_543' title='bbox 2054 2871 2110 2925; x_wconf 92' lang='lat' dir='ltr'><strong>in</strong></span> <span class='ocrx_word' id='word_1_544' title='bbox 2136 2872 2410 2944; x_wconf 84' lang='lat' dir='ltr'><strong>Magnum</strong></span> <span class='ocrx_word' id='word_1_545' title='bbox 2436 2872 2744 2942; x_wconf 88' lang='lat' dir='ltr'><strong>Templum</strong></span> <span class='ocrx_word' id='word_1_546' title='bbox 2769 2873 3145 2928; x_wconf 86' lang='lat' dir='ltr'><strong>adducerent.</strong></span> <span class='ocrx_word' id='word_1_547' title='bbox 3175 2874 3253 2928; x_wconf 87' lang='lat' dir='ltr'><strong>ibi</strong></span> <span class='ocrx_word' id='word_1_548' title='bbox 3278 2889 3405 2929; x_wconf 87' lang='lat' dir='ltr'><strong>eam</strong></span> <span class='ocrx_word' id='word_1_549' title='bbox 3431 2889 3570 2945; x_wconf 89' lang='lat' dir='ltr'><strong>pur-</strong></span> 
     </span>
    </p>
   </div>
   <div class='ocr_carea' id='block_1_79' title="bbox 1913 2960 3568 3033">
    <p class='ocr_par' dir='ltr' id='par_1_79' title="bbox 1913 2960 3568 3033">
     <span class='ocr_line' id='line_1_79' title="bbox 1913 2960 3568 3033; baseline 0.002 -19"><span class='ocrx_word' id='word_1_550' title='bbox 1913 2978 2055 3031; x_wconf 87' lang='lat' dir='ltr'><strong>pura</strong></span> <span class='ocrx_word' id='word_1_551' title='bbox 2089 2960 2393 3031; x_wconf 84' lang='lat' dir='ltr'><strong>Augustali</strong></span> <span class='ocrx_word' id='word_1_552' title='bbox 2429 2961 2695 3016; x_wconf 91' lang='lat' dir='ltr'><strong>indutam</strong></span> <span class='ocrx_word' id='word_1_553' title='bbox 2717 2963 3044 3033; x_wconf 83' lang='lat' dir='ltr'><strong>Augustam</strong></span> <span class='ocrx_word' id='word_1_554' title='bbox 3073 2961 3412 3018; x_wconf 87' lang='lat' dir='ltr'><strong>salutarunt</strong></span> <span class='ocrx_word' id='word_1_555' title='bbox 3432 2978 3568 3018; x_wconf 91' lang='lat' dir='ltr'><strong>cum</strong></span> 
     </span>
    </p>
   </div>
   <div class='ocr_carea' id='block_1_80' title="bbox 1911 3049 3568 3120">
    <p class='ocr_par' dir='ltr' id='par_1_80' title="bbox 1911 3049 3568 3120">
     <span class='ocr_line' id='line_1_80' title="bbox 1911 3049 3568 3120; baseline 0.002 -16"><span class='ocrx_word' id='word_1_556' title='bbox 1911 3051 2018 3104; x_wconf 89' lang='lat' dir='ltr'><strong>Zoe</strong></span> <span class='ocrx_word' id='word_1_557' title='bbox 2040 3067 2262 3115; x_wconf 87' lang='lat' dir='ltr'><strong>sorore;</strong></span> <span class='ocrx_word' id='word_1_558' title='bbox 2288 3050 2628 3119; x_wconf 83' lang='lat' dir='ltr'><strong>impetuque</strong></span> <span class='ocrx_word' id='word_1_559' title='bbox 2651 3050 2718 3104; x_wconf 87' lang='lat' dir='ltr'><strong>ad</strong></span> <span class='ocrx_word' id='word_1_560' title='bbox 2745 3049 3022 3120; x_wconf 88' lang='lat' dir='ltr'><strong>palatium</strong></span> <span class='ocrx_word' id='word_1_561' title='bbox 3041 3051 3199 3118; x_wconf 90' lang='lat' dir='ltr'><strong>dato,</strong></span> <span class='ocrx_word' id='word_1_562' title='bbox 3215 3050 3568 3107; x_wconf 88' lang='lat' dir='ltr'><strong>Micbaelum</strong></span> 
     </span>
    </p>
   </div>
   <div class='ocr_carea' id='block_1_81' title="bbox 1912 3137 3569 3212">
    <p class='ocr_par' dir='ltr' id='par_1_81' title="bbox 1912 3137 3569 3212">
     <span class='ocr_line' id='line_1_81' title="bbox 1912 3137 3569 3212; baseline 0 -17"><span class='ocrx_word' id='word_1_563' title='bbox 1912 3138 2064 3195; x_wconf 75' lang='lat'><strong>588</strong></span> <span class='ocrx_word' id='word_1_564' title='bbox 2098 3139 2233 3193; x_wconf 90' lang='lat' dir='ltr'><strong>inde</strong></span> <span class='ocrx_word' id='word_1_565' title='bbox 2283 3137 2494 3211; x_wconf 89' lang='lat' dir='ltr'><strong>pellere</strong></span> <span class='ocrx_word' id='word_1_566' title='bbox 2543 3141 2802 3210; x_wconf 83' lang='lat' dir='ltr'><strong>aggressi</strong></span> <span class='ocrx_word' id='word_1_567' title='bbox 2853 3143 3013 3194; x_wconf 89' lang='lat' dir='ltr'><strong>sunt.</strong></span> <span class='ocrx_word' id='word_1_568' title='bbox 3047 3139 3148 3193; x_wconf 86' lang='lat' dir='ltr'><strong>Hic</strong></span> <span class='ocrx_word' id='word_1_569' title='bbox 3198 3138 3430 3194; x_wconf 85' lang='lat' dir='ltr'><strong>fremitu</strong></span> <span class='ocrx_word' id='word_1_570' title='bbox 3466 3155 3569 3212; x_wconf 88' lang='lat' dir='ltr'><strong>po-</strong></span> 
     </span>
    </p>
   </div>
   <div class='ocr_carea' id='block_1_82' title="bbox 1914 3226 3565 3299">
    <p class='ocr_par' dir='ltr' id='par_1_82' title="bbox 1914 3226 3565 3299">
     <span class='ocr_line' id='line_1_82' title="bbox 1914 3226 3565 3299; baseline 0 -17"><span class='ocrx_word' id='word_1_571' title='bbox 1914 3227 2031 3297; x_wconf 90' lang='lat' dir='ltr'><strong>puli</strong></span> <span class='ocrx_word' id='word_1_572' title='bbox 2064 3231 2119 3281; x_wconf 90' lang='lat' dir='ltr'><strong>et</strong></span> <span class='ocrx_word' id='word_1_573' title='bbox 2152 3232 2309 3282; x_wconf 91' lang='lat' dir='ltr'><strong>motu</strong></span> <span class='ocrx_word' id='word_1_574' title='bbox 2362 3230 2730 3298; x_wconf 86' lang='lat' dir='ltr'><strong>perterritus,</strong></span> <span class='ocrx_word' id='word_1_575' title='bbox 2765 3227 2919 3282; x_wconf 91' lang='lat' dir='ltr'><strong>illico</strong></span> <span class='ocrx_word' id='word_1_576' title='bbox 2963 3226 3129 3281; x_wconf 89' lang='lat' dir='ltr'><strong>misit</strong></span> <span class='ocrx_word' id='word_1_577' title='bbox 3181 3226 3280 3299; x_wconf 90' lang='lat' dir='ltr'><strong>qui</strong></span> <span class='ocrx_word' id='word_1_578' title='bbox 3327 3227 3476 3282; x_wconf 90' lang='lat' dir='ltr'><strong>Zoen</strong></span> <span class='ocrx_word' id='word_1_579' title='bbox 3505 3226 3565 3282; x_wconf 89' lang='lat' dir='ltr'><strong>in</strong></span> 
     </span>
    </p>
   </div>
   <div class='ocr_carea' id='block_1_83' title="bbox 1832 3285 3568 3386">
    <p class='ocr_par' dir='ltr' id='par_1_83' title="bbox 1832 3285 3568 3386">
     <span class='ocr_line' id='line_1_83' title="bbox 1832 3285 3568 3386; baseline 0.002 -18"><span class='ocrx_word' id='word_1_580' title='bbox 1832 3285 1875 3352; x_wconf 77' lang='lat' dir='ltr'>C</span> <span class='ocrx_word' id='word_1_581' title='bbox 1916 3285 2192 3382; x_wconf 66' lang='lat' dir='ltr'><strong>palatium</strong></span> <span class='ocrx_word' id='word_1_582' title='bbox 2227 3285 2605 3384; x_wconf 73' lang='lat' dir='ltr'><strong>adducerent,</strong></span> <span class='ocrx_word' id='word_1_583' title='bbox 2628 3285 2802 3386; x_wconf 82' lang='lat' dir='ltr'><strong>eique</strong></span> <span class='ocrx_word' id='word_1_584' title='bbox 2835 3316 3134 3371; x_wconf 72' lang='lat' dir='ltr'><strong>[11008ch</strong></span> <span class='ocrx_word' id='word_1_585' title='bbox 3167 3285 3370 3371; x_wconf 68' lang='lat' dir='ltr'><strong>habitu</strong></span> <span class='ocrx_word' id='word_1_586' title='bbox 3403 3316 3568 3372; x_wconf 87' lang='lat' dir='ltr'><strong>dem-</strong></span> 
     </span>
    </p>
   </div>
   <div class='ocr_carea' id='block_1_84' title="bbox 1915 3405 3571 3476">
    <p class='ocr_par' dir='ltr' id='par_1_84' title="bbox 1915 3405 3571 3476">
     <span class='ocr_line' id='line_1_84' title="bbox 1915 3405 3571 3476; baseline 0.002 -19"><span class='ocrx_word' id='word_1_587' title='bbox 1915 3413 2011 3476; x_wconf 88' lang='lat' dir='ltr'><strong>pto</strong></span> <span class='ocrx_word' id='word_1_588' title='bbox 2071 3405 2479 3475; x_wconf 83' lang='lat' dir='ltr'><strong>imperatorias</strong></span> <span class='ocrx_word' id='word_1_589' title='bbox 2528 3415 2717 3459; x_wconf 87' lang='lat' dir='ltr'><strong>vesles</strong></span> <span class='ocrx_word' id='word_1_590' title='bbox 2765 3405 2977 3460; x_wconf 86' lang='lat' dir='ltr'><strong>induit.</strong></span> <span class='ocrx_word' id='word_1_591' title='bbox 3011 3405 3158 3460; x_wconf 91' lang='lat' dir='ltr'><strong>Tum</strong></span> <span class='ocrx_word' id='word_1_592' title='bbox 3211 3422 3246 3460; x_wconf 87' lang='lat' dir='ltr'><strong>a</strong></span> <span class='ocrx_word' id='word_1_593' title='bbox 3292 3405 3571 3461; x_wconf 88' lang='lat' dir='ltr'><strong>cathedra</strong></span> 
     </span>
    </p>
   </div>
   <div class='ocr_carea' id='block_1_85' title="bbox 1913 3493 3570 3566">
    <p class='ocr_par' dir='ltr' id='par_1_85' title="bbox 1913 3493 3570 3566">
     <span class='ocr_line' id='line_1_85' title="bbox 1913 3493 3570 3566; baseline 0.001 -18"><span class='ocrx_word' id='word_1_594' title='bbox 1913 3511 2038 3565; x_wconf 75' lang='lat' dir='ltr'><strong>qua:</strong></span> <span class='ocrx_word' id='word_1_595' title='bbox 2069 3495 2126 3548; x_wconf 91' lang='lat' dir='ltr'><strong>in</strong></span> <span class='ocrx_word' id='word_1_596' title='bbox 2161 3494 2314 3548; x_wconf 91' lang='lat' dir='ltr'><strong>circo</strong></span> <span class='ocrx_word' id='word_1_597' title='bbox 2345 3499 2434 3548; x_wconf 90' lang='lat' dir='ltr'><strong>est</strong></span> <span class='ocrx_word' id='word_1_598' title='bbox 2465 3493 2850 3566; x_wconf 86' lang='lat' dir='ltr'><strong>prospiciens,</strong></span> <span class='ocrx_word' id='word_1_599' title='bbox 2885 3499 3248 3566; x_wconf 84' lang='lat' dir='ltr'><strong>conatusque</strong></span> <span class='ocrx_word' id='word_1_600' title='bbox 3278 3495 3349 3549; x_wconf 88' lang='lat' dir='ltr'><strong>ad</strong></span> <span class='ocrx_word' id='word_1_601' title='bbox 3386 3511 3570 3566; x_wconf 85' lang='lat' dir='ltr'><strong>popu-</strong></span> 
     </span>
    </p>
   </div>
   <div class='ocr_carea' id='block_1_86' title="bbox 1913 3581 3564 3654">
    <p class='ocr_par' dir='ltr' id='par_1_86' title="bbox 1913 3581 3564 3654">
     <span class='ocr_line' id='line_1_86' title="bbox 1913 3581 3564 3654; baseline 0.001 -18"><span class='ocrx_word' id='word_1_602' title='bbox 1913 3582 2035 3637; x_wconf 89' lang='lat' dir='ltr'><strong>lum</strong></span> <span class='ocrx_word' id='word_1_603' title='bbox 2069 3582 2226 3652; x_wconf 92' lang='lat' dir='ltr'><strong>loqui</strong></span> <span class='ocrx_word' id='word_1_604' title='bbox 2259 3587 2315 3636; x_wconf 87' lang='lat' dir='ltr'><strong>et</strong></span> <span class='ocrx_word' id='word_1_605' title='bbox 2345 3581 2681 3654; x_wconf 84' lang='lat' dir='ltr'><strong>signiﬁcare</strong></span> <span class='ocrx_word' id='word_1_606' title='bbox 2709 3582 2858 3636; x_wconf 91' lang='lat' dir='ltr'><strong>Zoen</strong></span> <span class='ocrx_word' id='word_1_607' title='bbox 2901 3583 3026 3653; x_wconf 88' lang='lat' dir='ltr'><strong>jam</strong></span> <span class='ocrx_word' id='word_1_608' title='bbox 3073 3598 3203 3639; x_wconf 84' lang='lat' dir='ltr'><strong>esse</strong></span> <span class='ocrx_word' id='word_1_609' title='bbox 3235 3584 3564 3638; x_wconf 81' lang='lat' dir='ltr'><strong>restitutam</strong></span> 
     </span>
    </p>
   </div>
   <div class='ocr_carea' id='block_1_87' title="bbox 1912 3670 3566 3741">
    <p class='ocr_par' dir='ltr' id='par_1_87' title="bbox 1912 3670 3566 3741">
     <span class='ocr_line' id='line_1_87' title="bbox 1912 3670 3566 3741; baseline -0.002 -14"><span class='ocrx_word' id='word_1_610' title='bbox 1912 3677 1970 3727; x_wconf 86' lang='lat' dir='ltr'><strong>et</strong></span> <span class='ocrx_word' id='word_1_611' title='bbox 2017 3688 2080 3726; x_wconf 89' lang='lat' dir='ltr'><strong>se</strong></span> <span class='ocrx_word' id='word_1_612' title='bbox 2126 3672 2388 3740; x_wconf 89' lang='lat' dir='ltr'><strong>ipsorum</strong></span> <span class='ocrx_word' id='word_1_613' title='bbox 2442 3670 2752 3741; x_wconf 89' lang='lat' dir='ltr'><strong>postulatis</strong></span> <span class='ocrx_word' id='word_1_614' title='bbox 2804 3686 3213 3737; x_wconf 88' lang='lat' dir='ltr'><strong>assensurum,</strong></span> <span class='ocrx_word' id='word_1_615' title='bbox 3248 3687 3363 3726; x_wconf 89' lang='lat' dir='ltr'><strong>non</strong></span> <span class='ocrx_word' id='word_1_616' title='bbox 3414 3670 3566 3725; x_wconf 91' lang='lat' dir='ltr'><strong>obti-</strong></span> 
     </span>
    </p>
   </div>
   <div class='ocr_carea' id='block_1_88' title="bbox 1914 3757 3566 3831">
    <p class='ocr_par' dir='ltr' id='par_1_88' title="bbox 1914 3757 3566 3831">
     <span class='ocr_line' id='line_1_88' title="bbox 1914 3757 3566 3831; baseline -0.001 -17"><span class='ocrx_word' id='word_1_617' title='bbox 1914 3760 2062 3820; x_wconf 85' lang='lat' dir='ltr'><strong>nuit,</strong></span> <span class='ocrx_word' id='word_1_618' title='bbox 2096 3759 2371 3813; x_wconf 88' lang='lat' dir='ltr'><strong>omnibus</strong></span> <span class='ocrx_word' id='word_1_619' title='bbox 2407 3759 2461 3811; x_wconf 89' lang='lat' dir='ltr'><strong>in</strong></span> <span class='ocrx_word' id='word_1_620' title='bbox 2497 3760 2690 3828; x_wconf 90' lang='lat' dir='ltr'><strong>ipsum</strong></span> <span class='ocrx_word' id='word_1_621' title='bbox 2727 3759 2982 3813; x_wconf 91' lang='lat' dir='ltr'><strong>convicia</strong></span> <span class='ocrx_word' id='word_1_622' title='bbox 3013 3757 3357 3831; x_wconf 87' lang='lat' dir='ltr'><strong>lapidesque</strong></span> <span class='ocrx_word' id='word_1_623' title='bbox 3385 3758 3566 3814; x_wconf 85' lang='lat' dir='ltr'><strong>etiam</strong></span> 
     </span>
    </p>
   </div>
   <div class='ocr_carea' id='block_1_89' title="bbox 1913 3846 3564 3919">
    <p class='ocr_par' dir='ltr' id='par_1_89' title="bbox 1913 3846 3564 3919">
     <span class='ocr_line' id='line_1_89' title="bbox 1913 3846 3564 3919; baseline -0.001 -16"><span class='ocrx_word' id='word_1_624' title='bbox 1913 3851 1984 3903; x_wconf 91' lang='lat' dir='ltr'><strong>de</strong></span> <span class='ocrx_word' id='word_1_625' title='bbox 2012 3847 2268 3903; x_wconf 80' lang='lat' dir='ltr'><strong>inferiori</strong></span> <span class='ocrx_word' id='word_1_626' title='bbox 2317 3846 2440 3901; x_wconf 91' lang='lat' dir='ltr'><strong>loco</strong></span> <span class='ocrx_word' id='word_1_627' title='bbox 2473 3852 2526 3901; x_wconf 89' lang='lat' dir='ltr'><strong>ct</strong></span> <span class='ocrx_word' id='word_1_628' title='bbox 2559 3848 2804 3919; x_wconf 83' lang='lat' dir='ltr'><strong>sagittas</strong></span> <span class='ocrx_word' id='word_1_629' title='bbox 2835 3847 3307 3917; x_wconf 87' lang='lat' dir='ltr'><strong>conjicientibus.</strong></span> <span class='ocrx_word' id='word_1_630' title='bbox 3342 3847 3564 3918; x_wconf 87' lang='lat' dir='ltr'><strong>Itaque,</strong></span> 
     </span>
    </p>
   </div>
   <div class='ocr_carea' id='block_1_90' title="bbox 1913 3934 3565 4007">
    <p class='ocr_par' dir='ltr' id='par_1_90' title="bbox 1913 3934 3565 4007">
     <span class='ocr_line' id='line_1_90' title="bbox 1913 3934 3565 4007; baseline -0.002 -15"><span class='ocrx_word' id='word_1_631' title='bbox 1913 3953 1974 3992; x_wconf 89' lang='lat' dir='ltr'><strong>re</strong></span> <span class='ocrx_word' id='word_1_632' title='bbox 2014 3938 2342 4007; x_wconf 87' lang='lat' dir='ltr'><strong>desperata,</strong></span> <span class='ocrx_word' id='word_1_633' title='bbox 2375 3935 2582 3990; x_wconf 86' lang='lat' dir='ltr'><strong>statuit</strong></span> <span class='ocrx_word' id='word_1_634' title='bbox 2631 3935 2686 3989; x_wconf 91' lang='lat' dir='ltr'><strong>in</strong></span> <span class='ocrx_word' id='word_1_635' title='bbox 2737 3936 3090 3990; x_wconf 82' lang='lat' dir='ltr'><strong>Studianum</strong></span> <span class='ocrx_word' id='word_1_636' title='bbox 3141 3934 3565 3991; x_wconf 87' lang='lat' dir='ltr'><strong>monasterium</strong></span> 
     </span>
    </p>
   </div>
   <div class='ocr_carea' id='block_1_91' title="bbox 1913 4023 3567 4080">
    <p class='ocr_par' dir='ltr' id='par_1_91' title="bbox 1913 4023 3567 4080">
     <span class='ocr_line' id='line_1_91' title="bbox 1913 4023 3567 4080; baseline -0.001 0"><span class='ocrx_word' id='word_1_637' title='bbox 1913 4026 2072 4080; x_wconf 87' lang='lat' dir='ltr'><strong>abire</strong></span> <span class='ocrx_word' id='word_1_638' title='bbox 2119 4029 2176 4079; x_wconf 89' lang='lat' dir='ltr'><strong>et</strong></span> <span class='ocrx_word' id='word_1_639' title='bbox 2223 4024 2302 4078; x_wconf 92' lang='lat' dir='ltr'><strong>ibi</strong></span> <span class='ocrx_word' id='word_1_640' title='bbox 2359 4023 2684 4080; x_wconf 84' lang='lat' dir='ltr'><strong>monachus</strong></span> <span class='ocrx_word' id='word_1_641' title='bbox 2736 4024 2879 4079; x_wconf 78' lang='lat' dir='ltr'><strong>fieri.</strong></span> <span class='ocrx_word' id='word_1_642' title='bbox 2913 4025 3024 4080; x_wconf 86' lang='lat' dir='ltr'><strong>Sed</strong></span> <span class='ocrx_word' id='word_1_643' title='bbox 3074 4023 3412 4080; x_wconf 89' lang='lat' dir='ltr'><strong>scholarum</strong></span> <span class='ocrx_word' id='word_1_644' title='bbox 3463 4024 3567 4079; x_wconf 90' lang='lat' dir='ltr'><strong>do-</strong></span> 
     </span>
    </p>
   </div>
   <div class='ocr_carea' id='block_1_92' title="bbox 1915 4111 3569 4182">
    <p class='ocr_par' dir='ltr' id='par_1_92' title="bbox 1915 4111 3569 4182">
     <span class='ocr_line' id='line_1_92' title="bbox 1915 4111 3569 4182; baseline -0.001 -14"><span class='ocrx_word' id='word_1_645' title='bbox 1915 4114 2197 4168; x_wconf 90' lang='lat' dir='ltr'><strong>mesticus</strong></span> <span class='ocrx_word' id='word_1_646' title='bbox 2237 4112 2291 4166; x_wconf 90' lang='lat' dir='ltr'><strong>id</strong></span> <span class='ocrx_word' id='word_1_647' title='bbox 2346 4130 2458 4167; x_wconf 91' lang='lat' dir='ltr'><strong>non</strong></span> <span class='ocrx_word' id='word_1_648' title='bbox 2511 4112 2799 4182; x_wconf 84' lang='lat' dir='ltr'><strong>permisit,</strong></span> <span class='ocrx_word' id='word_1_649' title='bbox 2832 4129 2944 4167; x_wconf 88' lang='lat' dir='ltr'><strong>non</strong></span> <span class='ocrx_word' id='word_1_650' title='bbox 3007 4113 3086 4168; x_wconf 87' lang='lat' dir='ltr'><strong>ita</strong></span> <span class='ocrx_word' id='word_1_651' title='bbox 3142 4111 3312 4167; x_wconf 79' lang='lat' dir='ltr'><strong>facile</strong></span> <span class='ocrx_word' id='word_1_652' title='bbox 3363 4111 3569 4167; x_wconf 88' lang='lat' dir='ltr'><strong>dicens</strong></span> 
     </span>
    </p>
   </div>
   <div class='ocr_carea' id='block_1_93' title="bbox 1914 4200 3574 4272">
    <p class='ocr_par' dir='ltr' id='par_1_93' title="bbox 1914 4200 3574 4272">
     <span class='ocr_line' id='line_1_93' title="bbox 1914 4200 3574 4272; baseline -0.001 -16"><span class='ocrx_word' id='word_1_653' title='bbox 1914 4219 2042 4256; x_wconf 87' lang='lat' dir='ltr'><strong>esse</strong></span> <span class='ocrx_word' id='word_1_654' title='bbox 2074 4201 2318 4272; x_wconf 90' lang='lat' dir='ltr'><strong>imperio</strong></span> <span class='ocrx_word' id='word_1_655' title='bbox 2349 4202 2772 4264; x_wconf 82' lang='lat' dir='ltr'><strong>decedendum,</strong></span> <span class='ocrx_word' id='word_1_656' title='bbox 2807 4201 2906 4256; x_wconf 87' lang='lat' dir='ltr'><strong>sed</strong></span> <span class='ocrx_word' id='word_1_657' title='bbox 2942 4206 3045 4256; x_wconf 90' lang='lat' dir='ltr'><strong>aut</strong></span> <span class='ocrx_word' id='word_1_658' title='bbox 3074 4201 3302 4256; x_wconf 79' lang='lat' dir='ltr'><strong>fortiter</strong></span> <span class='ocrx_word' id='word_1_659' title='bbox 3329 4200 3574 4255; x_wconf 85' lang='lat' dir='ltr'><strong>vincen-</strong></span> 
     </span>
    </p>
   </div>
   <div class='ocr_carea' id='block_1_94' title="bbox 1915 4289 3577 4363">
    <p class='ocr_par' dir='ltr' id='par_1_94' title="bbox 1915 4289 3577 4363">
     <span class='ocr_line' id='line_1_94' title="bbox 1915 4289 3577 4363; baseline -0.002 -18"><span class='ocrx_word' id='word_1_660' title='bbox 1915 4291 2056 4345; x_wconf 88' lang='lat' dir='ltr'><strong>dum</strong></span> <span class='ocrx_word' id='word_1_661' title='bbox 2103 4290 2162 4344; x_wconf 90' lang='lat' dir='ltr'><strong>in</strong></span> <span class='ocrx_word' id='word_1_662' title='bbox 2209 4306 2275 4345; x_wconf 91' lang='lat' dir='ltr'><strong>eo</strong></span> <span class='ocrx_word' id='word_1_663' title='bbox 2331 4289 2720 4358; x_wconf 83' lang='lat' dir='ltr'><strong>defendendo,</strong></span> <span class='ocrx_word' id='word_1_664' title='bbox 2756 4294 2859 4344; x_wconf 91' lang='lat' dir='ltr'><strong>aut</strong></span> <span class='ocrx_word' id='word_1_665' title='bbox 2891 4305 3104 4363; x_wconf 85' lang='lat' dir='ltr'><strong>magno</strong></span> <span class='ocrx_word' id='word_1_666' title='bbox 3153 4290 3351 4346; x_wconf 89' lang='lat' dir='ltr'><strong>animo</strong></span> <span class='ocrx_word' id='word_1_667' title='bbox 3402 4294 3460 4345; x_wconf 92' lang='lat' dir='ltr'><strong>et</strong></span> <span class='ocrx_word' id='word_1_668' title='bbox 3510 4305 3577 4363; x_wconf 63' lang='lat' dir='ltr'><strong>ut</strong></span> 
     </span>
    </p>
   </div>
   <div class='ocr_carea' id='block_1_95' title="bbox 1917 4379 3576 4450">
    <p class='ocr_par' dir='ltr' id='par_1_95' title="bbox 1917 4379 3576 4450">
     <span class='ocr_line' id='line_1_95' title="bbox 1917 4379 3576 4450; baseline 0.001 -18"><span class='ocrx_word' id='word_1_669' title='bbox 1917 4379 2270 4450; x_wconf 88' lang='lat' dir='ltr'><strong>imperatore</strong></span> <span class='ocrx_word' id='word_1_670' title='bbox 2299 4379 2547 4448; x_wconf 81' lang='lat' dir='ltr'><strong>dignum</strong></span> <span class='ocrx_word' id='word_1_671' title='bbox 2596 4384 2687 4434; x_wconf 89' lang='lat' dir='ltr'><strong>est</strong></span> <span class='ocrx_word' id='word_1_672' title='bbox 2735 4379 3225 4434; x_wconf 89' lang='lat' dir='ltr'><strong>occumbendum.</strong></span> <span class='ocrx_word' id='word_1_673' title='bbox 3257 4381 3392 4444; x_wconf 65' lang='lat' dir='ltr'><strong>Qum</strong></span> <span class='ocrx_word' id='word_1_674' title='bbox 3442 4395 3576 4434; x_wconf 89' lang='lat' dir='ltr'><strong>sen-</strong></span> 
     </span>
    </p>
   </div>
   <div class='ocr_carea' id='block_1_96' title="bbox 1916 4465 3574 4540">
    <p class='ocr_par' dir='ltr' id='par_1_96' title="bbox 1916 4465 3574 4540">
     <span class='ocr_line' id='line_1_96' title="bbox 1916 4465 3574 4540; baseline 0 -18"><span class='ocrx_word' id='word_1_675' title='bbox 1916 4468 2102 4522; x_wconf 85' lang='lat' dir='ltr'><strong>tentia</strong></span> <span class='ocrx_word' id='word_1_676' title='bbox 2154 4485 2286 4523; x_wconf 90' lang='lat' dir='ltr'><strong>cum</strong></span> <span class='ocrx_word' id='word_1_677' title='bbox 2347 4472 2547 4533; x_wconf 88' lang='lat' dir='ltr'><strong>staret,</strong></span> <span class='ocrx_word' id='word_1_678' title='bbox 2600 4483 2808 4523; x_wconf 89' lang='lat' dir='ltr'><strong>omnes</strong></span> <span class='ocrx_word' id='word_1_679' title='bbox 2860 4468 2957 4535; x_wconf 88' lang='lat' dir='ltr'><strong>qui</strong></span> <span class='ocrx_word' id='word_1_680' title='bbox 3009 4472 3178 4523; x_wconf 86' lang='lat' dir='ltr'><strong>erant</strong></span> <span class='ocrx_word' id='word_1_681' title='bbox 3223 4468 3282 4522; x_wconf 92' lang='lat' dir='ltr'><strong>in</strong></span> <span class='ocrx_word' id='word_1_682' title='bbox 3335 4465 3574 4540; x_wconf 87' lang='lat' dir='ltr'><strong>palatio,</strong></span> 
     </span>
    </p>
   </div>
   <div class='ocr_carea' id='block_1_97' title="bbox 1917 4555 3583 4631">
    <p class='ocr_par' dir='ltr' id='par_1_97' title="bbox 1917 4555 3583 4631">
     <span class='ocr_line' id='line_1_97' title="bbox 1917 4555 3583 4631; baseline -0.001 -21"><span class='ocrx_word' id='word_1_683' title='bbox 1917 4557 2040 4628; x_wconf 88' lang='lat' dir='ltr'><strong>ipse</strong></span> <span class='ocrx_word' id='word_1_684' title='bbox 2099 4561 2385 4627; x_wconf 89' lang='lat' dir='ltr'><strong>quantum</strong></span> <span class='ocrx_word' id='word_1_685' title='bbox 2443 4557 2572 4625; x_wconf 88' lang='lat' dir='ltr'><strong>ejus</strong></span> <span class='ocrx_word' id='word_1_686' title='bbox 2628 4564 2858 4627; x_wconf 84' lang='lat' dir='ltr'><strong>tempus</strong></span> <span class='ocrx_word' id='word_1_687' title='bbox 2910 4557 3150 4620; x_wconf 82' lang='lat' dir='ltr'><strong>ferebat,</strong></span> <span class='ocrx_word' id='word_1_688' title='bbox 3207 4555 3476 4619; x_wconf 87' lang='lat' dir='ltr'><strong>armavit,</strong></span> <span class='ocrx_word' id='word_1_689' title='bbox 3522 4572 3583 4631; x_wconf 59' lang='lat' dir='ltr'><strong>et</strong></span> 
     </span>
    </p>
   </div>
   <div class='ocr_carea' id='block_1_98' title="bbox 1918 4644 3578 4702">
    <p class='ocr_par' dir='ltr' id='par_1_98' title="bbox 1918 4644 3578 4702">
     <span class='ocr_line' id='line_1_98' title="bbox 1918 4644 3578 4702; baseline -0.001 -1"><span class='ocrx_word' id='word_1_690' title='bbox 1918 4644 2328 4701; x_wconf 87' lang='lat' dir='ltr'><strong>nobilissimus</strong></span> <span class='ocrx_word' id='word_1_691' title='bbox 2359 4661 2565 4701; x_wconf 87' lang='lat' dir='ltr'><strong>omnes</strong></span> <span class='ocrx_word' id='word_1_692' title='bbox 2614 4662 2751 4700; x_wconf 90' lang='lat' dir='ltr'><strong>suos</strong></span> <span class='ocrx_word' id='word_1_693' title='bbox 2800 4649 3060 4702; x_wconf 91' lang='lat' dir='ltr'><strong>armatos</strong></span> <span class='ocrx_word' id='word_1_694' title='bbox 3088 4645 3262 4701; x_wconf 90' lang='lat' dir='ltr'><strong>domo</strong></span> <span class='ocrx_word' id='word_1_695' title='bbox 3293 4646 3578 4702; x_wconf 86' lang='lat' dir='ltr'><strong>avocavit.</strong></span> 
     </span>
    </p>
   </div>
   <div class='ocr_carea' id='block_1_99' title="bbox 1341 4779 2382 4837">
    <p class='ocr_par' dir='ltr' id='par_1_99' title="bbox 1341 4779 2382 4837">
     <span class='ocr_line' id='line_1_99' title="bbox 1341 4779 2382 4837; baseline -0.001 -1"><span class='ocrx_word' id='word_1_696' title='bbox 1341 4779 1711 4837; x_wconf 78' lang='lat' dir='ltr'><strong>XYLANDRI</strong></span> <span class='ocrx_word' id='word_1_697' title='bbox 1758 4780 1851 4836; x_wconf 83' lang='lat' dir='ltr'><strong>ET</strong></span> <span class='ocrx_word' id='word_1_698' title='bbox 1889 4780 2109 4837; x_wconf 84' lang='lat' dir='ltr'><strong>GOARI</strong></span> <span class='ocrx_word' id='word_1_699' title='bbox 2148 4780 2382 4836; x_wconf 65' lang='lat' dir='ltr'><strong>NOTAE.</strong></span> 
     </span>
    </p>
   </div>
   <div class='ocr_carea' id='block_1_100' title="bbox 233 4893 1822 4966">
    <p class='ocr_par' dir='ltr' id='par_1_100' title="bbox 233 4893 1822 4966">
     <span class='ocr_line' id='line_1_100' title="bbox 233 4893 1822 4966; baseline -0.002 -16"><span class='ocrx_word' id='word_1_700' title='bbox 233 4898 347 4964; x_wconf 77' lang='lat'><strong>(15)</strong></span> <span class='ocrx_word' id='word_1_701' title='bbox 385 4897 715 4951; x_wconf 78' lang='lat' dir='ltr'><strong>Relationem</strong></span> <span class='ocrx_word' id='word_1_702' title='bbox 765 4894 956 4949; x_wconf 85' lang='lat' dir='ltr'><strong>reddit</strong></span> <span class='ocrx_word' id='word_1_703' title='bbox 1007 4893 1322 4965; x_wconf 84' lang='lat' dir='ltr'><strong>interpres,</strong></span> <span class='ocrx_word' id='word_1_704' title='bbox 1354 4895 1494 4966; x_wconf 89' lang='lat' dir='ltr'><strong>quia</strong></span> <span class='ocrx_word' id='word_1_705' title='bbox 1544 4895 1822 4960; x_wconf 75' lang='lat' dir='ltr'><strong>dirigitur</strong></span> 
     </span>
    </p>
   </div>
   <div class='ocr_carea' id='block_1_101' title="bbox 161 4966 1818 5048">
    <p class='ocr_par' dir='ltr' id='par_1_101' title="bbox 161 4966 1818 5048">
     <span class='ocr_line' id='line_1_101' title="bbox 161 4966 1818 5048; baseline -0.001 -26"><span class='ocrx_word' id='word_1_706' title='bbox 161 4973 243 5048; x_wconf 75' lang='lat' dir='ltr'><strong>ad</strong></span> <span class='ocrx_word' id='word_1_707' title='bbox 269 4969 574 5048; x_wconf 70' lang='lat' dir='ltr'><strong>populum.</strong></span> <span class='ocrx_word' id='word_1_708' title='bbox 608 4966 868 5048; x_wconf 79' lang='lat' dir='ltr'><strong>Dicerem</strong></span> <span class='ocrx_word' id='word_1_709' title='bbox 918 4982 1152 5048; x_wconf 72' lang='lat' dir='ltr'><strong>quoque</strong></span> <span class='ocrx_word' id='word_1_710' title='bbox 1201 4967 1494 5048; x_wconf 61' lang='lat' dir='ltr'><strong>decretum,</strong></span> <span class='ocrx_word' id='word_1_711' title='bbox 1531 4968 1600 5020; x_wconf 90' lang='lat' dir='ltr'><strong>ab</strong></span> <span class='ocrx_word' id='word_1_712' title='bbox 1629 4966 1818 5048; x_wconf 37' lang='lat' dir='ltr'><strong>mpet-</strong></span> 
     </span>
    </p>
   </div>
   <div class='ocr_carea' id='block_1_102' title="bbox 163 5037 1823 5108">
    <p class='ocr_par' dir='ltr' id='par_1_102' title="bbox 163 5037 1823 5108">
     <span class='ocr_line' id='line_1_102' title="bbox 163 5037 1823 5108; baseline -0.001 -15"><span class='ocrx_word' id='word_1_713' title='bbox 163 5037 359 5093; x_wconf 83' lang='lat' dir='ltr'><strong>ratore</strong></span> <span class='ocrx_word' id='word_1_714' title='bbox 388 5040 632 5092; x_wconf 88' lang='lat' dir='ltr'><strong>editum.</strong></span> <span class='ocrx_word' id='word_1_715' title='bbox 659 5037 869 5108; x_wconf 80' lang='lat' dir='ltr'><strong>Aptius</strong></span> <span class='ocrx_word' id='word_1_716' title='bbox 903 5037 1168 5108; x_wconf 87' lang='lat' dir='ltr'><strong>redditur</strong></span> <span class='ocrx_word' id='word_1_717' title='bbox 1195 5039 1339 5092; x_wconf 75' lang='lat' dir='ltr'><strong>lzber</strong></span> <span class='ocrx_word' id='word_1_718' title='bbox 1365 5039 1736 5108; x_wconf 71' lang='lat' dir='ltr'><strong>apologaticus</strong></span> <span class='ocrx_word' id='word_1_719' title='bbox 1765 5039 1823 5092; x_wconf 90' lang='lat' dir='ltr'><strong>et</strong></span> 
     </span>
    </p>
   </div>
   <div class='ocr_carea' id='block_1_103' title="bbox 157 5107 1072 5180">
    <p class='ocr_par' dir='ltr' id='par_1_103' title="bbox 157 5107 1072 5180">
     <span class='ocr_line' id='line_1_103' title="bbox 157 5107 1072 5180; baseline -0.003 -15"><span class='ocrx_word' id='word_1_720' title='bbox 157 5114 301 5177; x_wconf 70' lang='lat' dir='ltr'><strong>{acti</strong></span> <span class='ocrx_word' id='word_1_721' title='bbox 330 5110 565 5180; x_wconf 80' lang='lat' dir='ltr'><strong>probata</strong></span> <span class='ocrx_word' id='word_1_722' title='bbox 592 5107 852 5180; x_wconf 66' lang='lat' dir='ltr'><strong>defensio.</strong></span> <span class='ocrx_word' id='word_1_723' title='bbox 889 5107 1072 5180; x_wconf 68' lang='lat' dir='ltr'><strong>Goan.</strong></span> 
     </span>
    </p>
   </div>
   <div class='ocr_carea' id='block_1_104' title="bbox 237 5178 1819 5250">
    <p class='ocr_par' dir='ltr' id='par_1_104' title="bbox 237 5178 1819 5250">
     <span class='ocr_line' id='line_1_104' title="bbox 237 5178 1819 5250; baseline -0.001 -16"><span class='ocrx_word' id='word_1_724' title='bbox 237 5178 354 5250; x_wconf 49' lang='grc'><strong>(16⁷)</strong></span> <span class='ocrx_word' id='word_1_725' title='bbox 388 5181 549 5236; x_wconf 88' lang='lat' dir='ltr'><strong>Unde</strong></span> <span class='ocrx_word' id='word_1_726' title='bbox 592 5178 664 5234; x_wconf 85' lang='lat' dir='ltr'><strong>ei</strong></span> <span class='ocrx_word' id='word_1_727' title='bbox 691 5178 801 5233; x_wconf 89' lang='lat' dir='ltr'><strong>hoc</strong></span> <span class='ocrx_word' id='word_1_728' title='bbox 851 5179 1106 5233; x_wconf 87' lang='lat' dir='ltr'><strong>nominis</strong></span> <span class='ocrx_word' id='word_1_729' title='bbox 1138 5178 1332 5239; x_wconf 83' lang='lat' dir='ltr'><strong>fuerit,</strong></span> <span class='ocrx_word' id='word_1_730' title='bbox 1369 5195 1482 5231; x_wconf 89' lang='lat' dir='ltr'><strong>non</strong></span> <span class='ocrx_word' id='word_1_731' title='bbox 1517 5195 1819 5249; x_wconf 89' lang='lat' dir='ltr'><strong>assequor.</strong></span> 
     </span>
    </p>
   </div>
   <div class='ocr_carea' id='block_1_105' title="bbox 161 5250 1823 5323">
    <p class='ocr_par' dir='ltr' id='par_1_105' title="bbox 161 5250 1823 5323">
     <span class='ocr_line' id='line_1_105' title="bbox 161 5250 1823 5323; baseline -0.001 -17"><span class='ocrx_word' id='word_1_732' title='bbox 161 5255 352 5306; x_wconf 85' lang='lat' dir='ltr'><strong>Sonat</strong></span> <span class='ocrx_word' id='word_1_733' title='bbox 384 5253 549 5323; x_wconf 82' lang='lat' dir='ltr'><strong>quasi</strong></span> <span class='ocrx_word' id='word_1_734' title='bbox 585 5252 777 5323; x_wconf 79' lang='lat' dir='ltr'><strong>crucis</strong></span> <span class='ocrx_word' id='word_1_735' title='bbox 820 5253 1307 5323; x_wconf 85' lang='lat' dir='ltr'><strong>conculcatorem.</strong></span> <span class='ocrx_word' id='word_1_736' title='bbox 1345 5250 1557 5323; x_wconf 88' lang='lat' dir='ltr'><strong>Sedan</strong></span> <span class='ocrx_word' id='word_1_737' title='bbox 1600 5251 1823 5323; x_wconf 80' lang='lat' dir='ltr'><strong>_i_mpiuS</strong></span> 
     </span>
    </p>
   </div>
   <div class='ocr_carea' id='block_1_106' title="bbox 163 5320 1824 5382">
    <p class='ocr_par' dir='ltr' id='par_1_106' title="bbox 163 5320 1824 5382">
     <span class='ocr_line' id='line_1_106' title="bbox 163 5320 1824 5382; baseline -0.003 -4"><span class='ocrx_word' id='word_1_738' title='bbox 163 5326 348 5378; x_wconf 81' lang='lat' dir='ltr'><strong>etiam</strong></span> <span class='ocrx_word' id='word_1_739' title='bbox 397 5320 633 5377; x_wconf 85' lang='lat' dir='ltr'><strong>habitus</strong></span> <span class='ocrx_word' id='word_1_740' title='bbox 683 5321 779 5375; x_wconf 89' lang='lat' dir='ltr'><strong>hic</strong></span> <span class='ocrx_word' id='word_1_741' title='bbox 826 5320 922 5382; x_wconf 91' lang='lat' dir='ltr'><strong>sit,</strong></span> <span class='ocrx_word' id='word_1_742' title='bbox 965 5338 1080 5376; x_wconf 91' lang='lat' dir='ltr'><strong>non</strong></span> <span class='ocrx_word' id='word_1_743' title='bbox 1126 5327 1354 5375; x_wconf 89' lang='lat' dir='ltr'><strong>constat</strong></span> <span class='ocrx_word' id='word_1_744' title='bbox 1403 5322 1566 5375; x_wconf 90' lang='lat' dir='ltr'><strong>mibi.</strong></span> <span class='ocrx_word' id='word_1_745' title='bbox 1598 5320 1824 5375; x_wconf 63' lang='lat' dir='ltr'><strong>xu.—</strong></span> 
     </span>
    </p>
   </div>
   <div class='ocr_carea' id='block_1_107' title="bbox 163 5389 1822 5464">
    <p class='ocr_par' dir='ltr' id='par_1_107' title="bbox 163 5389 1822 5464">
     <span class='ocr_line' id='line_1_107' title="bbox 163 5389 1822 5464; baseline 0 -19"><span class='ocrx_word' id='word_1_746' title='bbox 163 5395 379 5448; x_wconf 78' lang='lat' dir='ltr'><strong>Verbis</strong></span> <span class='ocrx_word' id='word_1_747' title='bbox 411 5395 579 5447; x_wconf 77' lang='lat' dir='ltr'><strong>[idem</strong></span> <span class='ocrx_word' id='word_1_748' title='bbox 614 5392 845 5464; x_wconf 89' lang='lat' dir='ltr'><strong>publice</strong></span> <span class='ocrx_word' id='word_1_749' title='bbox 893 5393 1152 5446; x_wconf 81' lang='lat' dir='ltr'><strong>facturus</strong></span> <span class='ocrx_word' id='word_1_750' title='bbox 1197 5391 1263 5444; x_wconf 78' lang='grc' dir='ltr'>τὰ</span> <span class='ocrx_word' id='word_1_751' title='bbox 1307 5389 1465 5462; x_wconf 85' lang='grc' dir='ltr'>τίμια</span> <span class='ocrx_word' id='word_1_752' title='bbox 1509 5389 1660 5464; x_wconf 77' lang='grc' dir='ltr'>ξύλα,</span> <span class='ocrx_word' id='word_1_753' title='bbox 1693 5408 1822 5446; x_wconf 84' lang='lat' dir='ltr'><strong>cru-</strong></span> 
     </span>
    </p>
   </div>
   <div class='ocr_carea' id='block_1_108' title="bbox 163 5463 1824 5534">
    <p class='ocr_par' dir='ltr' id='par_1_108' title="bbox 163 5463 1824 5534">
     <span class='ocr_line' id='line_1_108' title="bbox 163 5463 1824 5534; baseline -0.003 -13"><span class='ocrx_word' id='word_1_754' title='bbox 163 5482 281 5521; x_wconf 70' lang='lat' dir='ltr'><strong>cem</strong></span> <span class='ocrx_word' id='word_1_755' title='bbox 315 5463 703 5528; x_wconf 69' lang='lat' dir='ltr'><strong>venerandam,</strong></span> <span class='ocrx_word' id='word_1_756' title='bbox 737 5463 945 5532; x_wconf 84' lang='lat' dir='ltr'><strong>tangit,</strong></span> <span class='ocrx_word' id='word_1_757' title='bbox 980 5465 1247 5534; x_wconf 86' lang='lat' dir='ltr'><strong>privatim</strong></span> <span class='ocrx_word' id='word_1_758' title='bbox 1289 5480 1519 5519; x_wconf 85' lang='lat' dir='ltr'><strong>crucem</strong></span> <span class='ocrx_word' id='word_1_759' title='bbox 1564 5463 1824 5532; x_wconf 86' lang='lat' dir='ltr'><strong>aliquam</strong></span> 
     </span>
    </p>
   </div>
   <div class='ocr_carea' id='block_1_109' title="bbox 166 5535 1829 5601">
    <p class='ocr_par' dir='ltr' id='par_1_109' title="bbox 166 5535 1829 5601">
     <span class='ocr_line' id='line_1_109' title="bbox 166 5535 1829 5601; baseline 0.001 -15"><span class='ocrx_word' id='word_1_760' title='bbox 166 5543 451 5601; x_wconf 68' lang='lat' dir='ltr'><strong>ostentat,</strong></span> <span class='ocrx_word' id='word_1_761' title='bbox 474 5536 560 5590; x_wconf 88' lang='lat' dir='ltr'><strong>vel</strong></span> <span class='ocrx_word' id='word_1_762' title='bbox 594 5535 941 5590; x_wconf 82' lang='lat' dir='ltr'><strong>transversis</strong></span> <span class='ocrx_word' id='word_1_763' title='bbox 972 5535 1270 5590; x_wconf 88' lang='lat' dir='ltr'><strong>indicibus</strong></span> <span class='ocrx_word' id='word_1_764' title='bbox 1298 5551 1423 5589; x_wconf 89' lang='lat' dir='ltr'><strong>eam</strong></span> <span class='ocrx_word' id='word_1_765' title='bbox 1458 5536 1747 5590; x_wconf 75' lang='lat' dir='ltr'><strong>efformat.</strong></span> <span class='ocrx_word' id='word_1_766' title='bbox 1770 5539 1829 5588; x_wconf 88' lang='lat' dir='ltr'><strong>et</strong></span> 
     </span>
    </p>
   </div>
   <div class='ocr_carea' id='block_1_110' title="bbox 169 5605 1826 5678">
    <p class='ocr_par' dir='ltr' id='par_1_110' title="bbox 169 5605 1826 5678">
     <span class='ocr_line' id='line_1_110' title="bbox 169 5605 1826 5678; baseline -0.003 -17"><span class='ocrx_word' id='word_1_767' title='bbox 169 5626 274 5678; x_wconf 82' lang='lat' dir='ltr'><strong>per</strong></span> <span class='ocrx_word' id='word_1_768' title='bbox 303 5625 435 5662; x_wconf 86' lang='lat' dir='ltr'><strong>eam</strong></span> <span class='ocrx_word' id='word_1_769' title='bbox 462 5610 671 5675; x_wconf 79' lang='lat' dir='ltr'><strong>jurans</strong></span> <span class='ocrx_word' id='word_1_770' title='bbox 696 5607 1088 5678; x_wconf 70' lang='lat' dir='ltr'><strong>exosculatur.</strong></span> <span class='ocrx_word' id='word_1_771' title='bbox 1119 5607 1363 5678; x_wconf 82' lang='lat' dir='ltr'><strong>Scriptis</strong></span> <span class='ocrx_word' id='word_1_772' title='bbox 1394 5623 1625 5677; x_wconf 91' lang='lat' dir='ltr'><strong>quoque</strong></span> <span class='ocrx_word' id='word_1_773' title='bbox 1656 5605 1826 5675; x_wconf 89' lang='lat' dir='ltr'><strong>quid-</strong></span> 
     </span>
    </p>
   </div>
   <div class='ocr_carea' id='block_1_111' title="bbox 173 5676 1828 5750">
    <p class='ocr_par' dir='ltr' id='par_1_111' title="bbox 173 5676 1828 5750">
     <span class='ocr_line' id='line_1_111' title="bbox 173 5676 1828 5750; baseline -0.001 -17"><span class='ocrx_word' id='word_1_774' title='bbox 173 5676 334 5750; x_wconf 85' lang='lat' dir='ltr'><strong>piam</strong></span> <span class='ocrx_word' id='word_1_775' title='bbox 361 5680 604 5735; x_wconf 81' lang='lat' dir='ltr'><strong>lirmans</strong></span> <span class='ocrx_word' id='word_1_776' title='bbox 625 5678 710 5733; x_wconf 90' lang='lat' dir='ltr'><strong>vel</strong></span> <span class='ocrx_word' id='word_1_777' title='bbox 737 5676 1124 5750; x_wconf 17' lang='lat' dir='ltr'><strong>p‘olliciturus,</strong></span> <span class='ocrx_word' id='word_1_778' title='bbox 1147 5679 1206 5732; x_wconf 89' lang='lat' dir='ltr'><strong>in</strong></span> <span class='ocrx_word' id='word_1_779' title='bbox 1229 5676 1441 5750; x_wconf 54' lang='lat' dir='ltr'><strong>charte</strong></span> <span class='ocrx_word' id='word_1_780' title='bbox 1465 5678 1699 5750; x_wconf 88' lang='lat' dir='ltr'><strong>vertice,</strong></span> <span class='ocrx_word' id='word_1_781' title='bbox 1722 5693 1828 5732; x_wconf 84' lang='lat' dir='ltr'><strong>ceu</strong></span> 
     </span>
    </p>
   </div>
   <div class='ocr_carea' id='block_1_112' title="bbox 171 5747 1826 5823">
    <p class='ocr_par' dir='ltr' id='par_1_112' title="bbox 171 5747 1826 5823">
     <span class='ocr_line' id='line_1_112' title="bbox 171 5747 1826 5823; baseline -0.002 -15"><span class='ocrx_word' id='word_1_782' title='bbox 171 5747 530 5808; x_wconf 72' lang='lat' dir='ltr'><strong>sacramenti</strong></span> <span class='ocrx_word' id='word_1_783' title='bbox 554 5747 913 5823; x_wconf 82' lang='lat' dir='ltr'><strong>symbolum,</strong></span> <span class='ocrx_word' id='word_1_784' title='bbox 934 5765 1063 5805; x_wconf 87' lang='lat' dir='ltr'><strong>eam</strong></span> <span class='ocrx_word' id='word_1_785' title='bbox 1094 5749 1362 5822; x_wconf 87' lang='lat' dir='ltr'><strong>apponit;</strong></span> <span class='ocrx_word' id='word_1_786' title='bbox 1387 5749 1456 5806; x_wconf 90' lang='lat' dir='ltr'><strong>de</strong></span> <span class='ocrx_word' id='word_1_787' title='bbox 1487 5765 1603 5821; x_wconf 89' lang='lat' dir='ltr'><strong>quo</strong></span> <span class='ocrx_word' id='word_1_788' title='bbox 1633 5749 1691 5804; x_wconf 90' lang='lat' dir='ltr'><strong>in</strong></span> <span class='ocrx_word' id='word_1_789' title='bbox 1723 5764 1826 5805; x_wconf 89' lang='lat' dir='ltr'><strong>su-</strong></span> 
     </span>
    </p>
   </div>
   <div class='ocr_carea' id='block_1_113' title="bbox 1933 4889 3584 4966">
    <p class='ocr_par' dir='ltr' id='par_1_113' title="bbox 1933 4889 3584 4966">
     <span class='ocr_line' id='line_1_113' title="bbox 1933 4889 3584 4966; baseline -0.001 -18"><span class='ocrx_word' id='word_1_790' title='bbox 1933 4894 2282 4966; x_wconf 91' lang='lat' dir='ltr'><strong>perioribus.</strong></span> <span class='ocrx_word' id='word_1_791' title='bbox 2316 4893 2459 4966; x_wconf 80' lang='lat' dir='ltr'><strong>Hinc</strong></span> <span class='ocrx_word' id='word_1_792' title='bbox 2499 4895 2758 4964; x_wconf 74' lang='lat' dir='ltr'><strong>perjuru:</strong></span> <span class='ocrx_word' id='word_1_793' title='bbox 2787 4893 2994 4962; x_wconf 86' lang='lat' dir='ltr'><strong>quivis,</strong></span> <span class='ocrx_word' id='word_1_794' title='bbox 3018 4894 3191 4948; x_wconf 78' lang='lat' dir='ltr'><strong>fidem</strong></span> <span class='ocrx_word' id='word_1_795' title='bbox 3231 4898 3467 4949; x_wconf 81' lang='lat' dir='ltr'><strong>exarata</strong></span> <span class='ocrx_word' id='word_1_796' title='bbox 3495 4889 3584 4947; x_wconf 90' lang='lat' dir='ltr'><strong>vel</strong></span> 
     </span>
    </p>
   </div>
   <div class='ocr_carea' id='block_1_114' title="bbox 1933 4965 3584 5036">
    <p class='ocr_par' dir='ltr' id='par_1_114' title="bbox 1933 4965 3584 5036">
     <span class='ocr_line' id='line_1_114' title="bbox 1933 4965 3584 5036; baseline -0.001 -16"><span class='ocrx_word' id='word_1_797' title='bbox 1933 4965 2084 5021; x_wconf 80' lang='lat' dir='ltr'><strong>facta</strong></span> <span class='ocrx_word' id='word_1_798' title='bbox 2116 4981 2286 5020; x_wconf 90' lang='lat' dir='ltr'><strong>cruce</strong></span> <span class='ocrx_word' id='word_1_799' title='bbox 2312 4965 2732 5036; x_wconf 86' lang='lat' dir='ltr'><strong>oppignorans,</strong></span> <span class='ocrx_word' id='word_1_800' title='bbox 2764 4981 2876 5020; x_wconf 92' lang='lat' dir='ltr'><strong>non</strong></span> <span class='ocrx_word' id='word_1_801' title='bbox 2902 4966 3074 5020; x_wconf 77' lang='lat' dir='ltr'><strong>fidem</strong></span> <span class='ocrx_word' id='word_1_802' title='bbox 3099 4967 3197 5019; x_wconf 91' lang='lat' dir='ltr'><strong>sed</strong></span> <span class='ocrx_word' id='word_1_803' title='bbox 3219 4981 3434 5020; x_wconf 82' lang='lat' dir='ltr'><strong>crucem</strong></span> <span class='ocrx_word' id='word_1_804' title='bbox 3461 4979 3584 5034; x_wconf 84' lang='lat' dir='ltr'><strong>pro-</strong></span> 
     </span>
    </p>
   </div>
   <div class='ocr_carea' id='block_1_115' title="bbox 1929 5035 3585 5109">
    <p class='ocr_par' dir='ltr' id='par_1_115' title="bbox 1929 5035 3585 5109">
     <span class='ocr_line' id='line_1_115' title="bbox 1929 5035 3585 5109; baseline -0.002 -17"><span class='ocrx_word' id='word_1_805' title='bbox 1929 5039 2169 5099; x_wconf 74' lang='lat' dir='ltr'><strong>culcare,</strong></span> <span class='ocrx_word' id='word_1_806' title='bbox 2195 5035 2474 5102; x_wconf 84' lang='lat' dir='ltr'><strong>temnere,</strong></span> <span class='ocrx_word' id='word_1_807' title='bbox 2503 5052 2848 5109; x_wconf 82' lang='lat' dir='ltr'><strong>conspuere,</strong></span> <span class='ocrx_word' id='word_1_808' title='bbox 2870 5052 2974 5109; x_wconf 88' lang='lat' dir='ltr'><strong>ceu</strong></span> <span class='ocrx_word' id='word_1_809' title='bbox 3012 5035 3415 5109; x_wconf 27' lang='grc' dir='ltr'>Ασταυροπάτης-</span> <span class='ocrx_word' id='word_1_810' title='bbox 3447 5051 3585 5109; x_wconf 77' lang='lat' dir='ltr'><strong>cen-</strong></span> 
     </span>
    </p>
   </div>
   <div class='ocr_carea' id='block_1_116' title="bbox 1933 5103 3585 5178">
    <p class='ocr_par' dir='ltr' id='par_1_116' title="bbox 1933 5103 3585 5178">
     <span class='ocr_line' id='line_1_116' title="bbox 1933 5103 3585 5178; baseline -0.004 -14"><span class='ocrx_word' id='word_1_811' title='bbox 1933 5116 2114 5164; x_wconf 88' lang='lat' dir='ltr'><strong>setur.</strong></span> <span class='ocrx_word' id='word_1_812' title='bbox 2164 5109 2272 5164; x_wconf 87' lang='lat' dir='ltr'><strong>Leo</strong></span> <span class='ocrx_word' id='word_1_813' title='bbox 2311 5103 2781 5178; x_wconf 84' lang='lat' dir='ltr'><strong>Grammaticus:</strong></span> <span class='ocrx_word' id='word_1_814' title='bbox 2812 5103 3194 5178; x_wconf 76' lang='grc' dir='ltr'>Ἐξουθὲνωσέν</span> <span class='ocrx_word' id='word_1_815' title='bbox 3224 5103 3362 5170; x_wconf 77' lang='grc' dir='ltr'>τοὺς</span> <span class='ocrx_word' id='word_1_816' title='bbox 3398 5103 3585 5178; x_wconf 71' lang='grc' dir='ltr'>ἐπιόρ-</span> 
     </span>
    </p>
   </div>
   <div class='ocr_carea' id='block_1_117' title="bbox 1932 5176 2808 5251">
    <p class='ocr_par' dir='ltr' id='par_1_117' title="bbox 1932 5176 2808 5251">
     <span class='ocr_line' id='line_1_117' title="bbox 1932 5176 2808 5251; baseline -0.002 -18"><span class='ocrx_word' id='word_1_817' title='bbox 1932 5199 2059 5238; x_wconf 87' lang='grc' dir='ltr'>κους</span> <span class='ocrx_word' id='word_1_818' title='bbox 2087 5179 2176 5232; x_wconf 74' lang='grc' dir='ltr'>καὶ</span> <span class='ocrx_word' id='word_1_819' title='bbox 2208 5176 2595 5251; x_wconf 84' lang='grc' dir='ltr'>σταυροπάτας.</span> <span class='ocrx_word' id='word_1_820' title='bbox 2630 5179 2808 5233; x_wconf 79' lang='lat' dir='ltr'><strong>GOAR.</strong></span> 
     </span>
    </p>
   </div>
   <div class='ocr_carea' id='block_1_118' title="bbox 2005 5247 3589 5322">
    <p class='ocr_par' dir='ltr' id='par_1_118' title="bbox 2005 5247 3589 5322">
     <span class='ocr_line' id='line_1_118' title="bbox 2005 5247 3589 5322; baseline -0.003 -17"><span class='ocrx_word' id='word_1_821' title='bbox 2005 5252 2118 5320; x_wconf 89' lang='grc'><strong>(17)</strong></span> <span class='ocrx_word' id='word_1_822' title='bbox 2149 5256 2308 5322; x_wconf 74' lang='lat' dir='ltr'><strong>Szepe</strong></span> <span class='ocrx_word' id='word_1_823' title='bbox 2341 5247 2486 5304; x_wconf 79' lang='lat' dir='ltr'><strong>alias</strong></span> <span class='ocrx_word' id='word_1_824' title='bbox 2529 5251 2646 5304; x_wconf 66' lang='lat' dir='ltr'><strong>haec</strong></span> <span class='ocrx_word' id='word_1_825' title='bbox 2695 5249 3037 5322; x_wconf 78' lang='lat' dir='ltr'><strong>imprecatio</strong></span> <span class='ocrx_word' id='word_1_826' title='bbox 3083 5254 3366 5322; x_wconf 84' lang='lat' dir='ltr'><strong>usurpata</strong></span> <span class='ocrx_word' id='word_1_827' title='bbox 3397 5253 3487 5322; x_wconf 75' lang='lat' dir='ltr'><strong>est</strong></span> <span class='ocrx_word' id='word_1_828' title='bbox 3515 5247 3589 5322; x_wconf 80' lang='lat' dir='ltr'><strong>de</strong></span> 
     </span>
    </p>
   </div>
   <div class='ocr_carea' id='block_1_119' title="bbox 1937 5318 3592 5391">
    <p class='ocr_par' dir='ltr' id='par_1_119' title="bbox 1937 5318 3592 5391">
     <span class='ocr_line' id='line_1_119' title="bbox 1937 5318 3592 5391; baseline -0.003 -15"><span class='ocrx_word' id='word_1_829' title='bbox 1937 5318 2206 5377; x_wconf 73' lang='lat' dir='ltr'><strong>martuis.</strong></span> <span class='ocrx_word' id='word_1_830' title='bbox 2235 5318 2457 5375; x_wconf 87' lang='lat' dir='ltr'><strong>Viventi</strong></span> <span class='ocrx_word' id='word_1_831' title='bbox 2487 5322 2640 5374; x_wconf 90' lang='lat' dir='ltr'><strong>enim</strong></span> <span class='ocrx_word' id='word_1_832' title='bbox 2671 5321 2768 5391; x_wconf 91' lang='lat' dir='ltr'><strong>qui</strong></span> <span class='ocrx_word' id='word_1_833' title='bbox 2798 5321 3150 5375; x_wconf 72' lang='lat' dir='ltr'><strong>effodiantur</strong></span> <span class='ocrx_word' id='word_1_834' title='bbox 3171 5318 3592 5391; x_wconf 73' lang='lat' dir='ltr'><strong>ossa?Sed_ni-</strong></span> 
     </span>
    </p>
   </div>
   <div class='ocr_carea' id='block_1_120' title="bbox 1938 5389 3592 5462">
    <p class='ocr_par' dir='ltr' id='par_1_120' title="bbox 1938 5389 3592 5462">
     <span class='ocr_line' id='line_1_120' title="bbox 1938 5389 3592 5462; baseline -0.004 -15"><span class='ocrx_word' id='word_1_835' title='bbox 1938 5397 2149 5447; x_wconf 86' lang='lat' dir='ltr'><strong>mirum</strong></span> <span class='ocrx_word' id='word_1_836' title='bbox 2185 5393 2408 5446; x_wconf 88' lang='lat' dir='ltr'><strong>abierat</strong></span> <span class='ocrx_word' id='word_1_837' title='bbox 2438 5392 2495 5445; x_wconf 92' lang='lat' dir='ltr'><strong>in</strong></span> <span class='ocrx_word' id='word_1_838' title='bbox 2523 5389 2703 5445; x_wconf 27' lang='lat' dir='ltr'><strong>usum‘</strong></span> <span class='ocrx_word' id='word_1_839' title='bbox 2726 5391 2841 5445; x_wconf 83' lang='lat' dir='ltr'><strong>ista</strong></span> <span class='ocrx_word' id='word_1_840' title='bbox 2862 5392 3222 5462; x_wconf 88' lang='lat' dir='ltr'><strong>imprecatio,</strong></span> <span class='ocrx_word' id='word_1_841' title='bbox 3248 5397 3310 5446; x_wconf 90' lang='lat' dir='ltr'><strong>ut</strong></span> <span class='ocrx_word' id='word_1_842' title='bbox 3345 5392 3415 5447; x_wconf 86' lang='lat' dir='ltr'><strong>de</strong></span> <span class='ocrx_word' id='word_1_843' title='bbox 3443 5389 3592 5462; x_wconf 79' lang='lat' dir='ltr'><strong>vivis</strong></span> 
     </span>
    </p>
   </div>
   <div class='ocr_carea' id='block_1_121' title="bbox 1937 5460 3592 5533">
    <p class='ocr_par' dir='ltr' id='par_1_121' title="bbox 1937 5460 3592 5533">
     <span class='ocr_line' id='line_1_121' title="bbox 1937 5460 3592 5533; baseline -0.002 -15"><span class='ocrx_word' id='word_1_844' title='bbox 1937 5479 2168 5533; x_wconf 91' lang='lat' dir='ltr'><strong>quoque</strong></span> <span class='ocrx_word' id='word_1_845' title='bbox 2189 5468 2596 5532; x_wconf 85' lang='lat' dir='ltr'><strong>usurparetur;</strong></span> <span class='ocrx_word' id='word_1_846' title='bbox 2617 5479 2730 5532; x_wconf 90' lang='lat' dir='ltr'><strong>quo</strong></span> <span class='ocrx_word' id='word_1_847' title='bbox 2750 5464 2921 5517; x_wconf 84' lang='lat' dir='ltr'><strong>modo</strong></span> <span class='ocrx_word' id='word_1_848' title='bbox 2941 5460 3082 5518; x_wconf 79' lang='lat' dir='ltr'><strong>fatui</strong></span> <span class='ocrx_word' id='word_1_849' title='bbox 3107 5469 3396 5519; x_wconf 87' lang='lat' dir='ltr'><strong>nostrates</strong></span> <span class='ocrx_word' id='word_1_850' title='bbox 3418 5460 3592 5516; x_wconf 91' lang='lat' dir='ltr'><strong>multi</strong></span> 
     </span>
    </p>
   </div>
   <div class='ocr_carea' id='block_1_122' title="bbox 1939 5535 3589 5598">
    <p class='ocr_par' dir='ltr' id='par_1_122' title="bbox 1939 5535 3589 5598">
     <span class='ocr_line' id='line_1_122' title="bbox 1939 5535 3589 5598; baseline -0.001 -11"><span class='ocrx_word' id='word_1_851' title='bbox 1939 5537 2289 5588; x_wconf 69' lang='lat' dir='ltr'><strong>ferramenta</strong></span> <span class='ocrx_word' id='word_1_852' title='bbox 2310 5541 2364 5588; x_wconf 87' lang='lat' dir='ltr'><strong>et</strong></span> <span class='ocrx_word' id='word_1_853' title='bbox 2396 5536 2810 5593; x_wconf 84' lang='lat' dir='ltr'><strong>instrumenta,</strong></span> <span class='ocrx_word' id='word_1_854' title='bbox 2833 5535 2946 5587; x_wconf 86' lang='lat' dir='ltr'><strong>alia</strong></span> <span class='ocrx_word' id='word_1_855' title='bbox 2977 5552 3038 5588; x_wconf 88' lang='lat' dir='ltr'><strong>re</strong></span> <span class='ocrx_word' id='word_1_856' title='bbox 3068 5552 3182 5588; x_wconf 90' lang='lat' dir='ltr'><strong>non</strong></span> <span class='ocrx_word' id='word_1_857' title='bbox 3216 5535 3589 5598; x_wconf 83' lang='lat' dir='ltr'><strong>succedente,</strong></span> 
     </span>
    </p>
   </div>
   <div class='ocr_carea' id='block_1_123' title="bbox 1939 5605 3592 5676">
    <p class='ocr_par' dir='ltr' id='par_1_123' title="bbox 1939 5605 3592 5676">
     <span class='ocr_line' id='line_1_123' title="bbox 1939 5605 3592 5676; baseline -0.001 -16"><span class='ocrx_word' id='word_1_858' title='bbox 1939 5615 2037 5660; x_wconf 85' lang='lat' dir='ltr'><strong>aut</strong></span> <span class='ocrx_word' id='word_1_859' title='bbox 2068 5606 2184 5659; x_wconf 63' lang='lat' dir='ltr'><strong>laesi</strong></span> <span class='ocrx_word' id='word_1_860' title='bbox 2224 5614 2517 5675; x_wconf 84' lang='lat' dir='ltr'><strong>utcunque</strong></span> <span class='ocrx_word' id='word_1_861' title='bbox 2547 5607 2691 5660; x_wconf 81' lang='lat' dir='ltr'><strong>diris</strong></span> <span class='ocrx_word' id='word_1_862' title='bbox 2739 5606 3015 5659; x_wconf 76' lang='lat' dir='ltr'><strong>devovent</strong></span> <span class='ocrx_word' id='word_1_863' title='bbox 3043 5605 3592 5676; x_wconf 80' lang='lat' dir='ltr'><strong>imprecationibus,</strong></span> 
     </span>
    </p>
   </div>
   <div class='ocr_carea' id='block_1_124' title="bbox 1939 5676 3593 5753">
    <p class='ocr_par' dir='ltr' id='par_1_124' title="bbox 1939 5676 3593 5753">
     <span class='ocr_line' id='line_1_124' title="bbox 1939 5676 3593 5753; baseline -0.001 -21"><span class='ocrx_word' id='word_1_864' title='bbox 1939 5695 2064 5753; x_wconf 67' lang='lat' dir='ltr'><strong>qua:</strong></span> <span class='ocrx_word' id='word_1_865' title='bbox 2095 5676 2152 5729; x_wconf 89' lang='lat' dir='ltr'><strong>in</strong></span> <span class='ocrx_word' id='word_1_866' title='bbox 2185 5692 2254 5731; x_wconf 89' lang='lat' dir='ltr'><strong>ea</strong></span> <span class='ocrx_word' id='word_1_867' title='bbox 2302 5694 2422 5753; x_wconf 75' lang='lat' dir='ltr'><strong>non</strong></span> <span class='ocrx_word' id='word_1_868' title='bbox 2458 5676 2645 5748; x_wconf 82' lang='lat' dir='ltr'><strong>magis</strong></span> <span class='ocrx_word' id='word_1_869' title='bbox 2685 5683 3242 5753; x_wconf 79' lang='lat' dir='ltr'><strong>competunt,_quam</strong></span> <span class='ocrx_word' id='word_1_870' title='bbox 3278 5682 3593 5753; x_wconf 74' lang='lat' dir='ltr'><strong>paupertas</strong></span> 
     </span>
    </p>
   </div>
   <div class='ocr_carea' id='block_1_125' title="bbox 1939 5747 3196 5807">
    <p class='ocr_par' dir='ltr' id='par_1_125' title="bbox 1939 5747 3196 5807">
     <span class='ocr_line' id='line_1_125' title="bbox 1939 5747 3196 5807; baseline 0.002 -3"><span class='ocrx_word' id='word_1_871' title='bbox 1939 5750 1998 5804; x_wconf 90' lang='lat' dir='ltr'><strong>in</strong></span> <span class='ocrx_word' id='word_1_872' title='bbox 2030 5764 2233 5806; x_wconf 86' lang='lat' dir='ltr'><strong>saxum</strong></span> <span class='ocrx_word' id='word_1_873' title='bbox 2264 5754 2367 5805; x_wconf 88' lang='lat' dir='ltr'><strong>aut</strong></span> <span class='ocrx_word' id='word_1_874' title='bbox 2391 5747 2694 5805; x_wconf 80' lang='lat' dir='ltr'><strong>damnatio</strong></span> <span class='ocrx_word' id='word_1_875' title='bbox 2722 5747 2779 5802; x_wconf 90' lang='lat' dir='ltr'><strong>in</strong></span> <span class='ocrx_word' id='word_1_876' title='bbox 2813 5747 3032 5806; x_wconf 78' lang='lat' dir='ltr'><strong>fenum.</strong></span> <span class='ocrx_word' id='word_1_877' title='bbox 3059 5750 3196 5807; x_wconf 75' lang='lat' dir='ltr'><strong>XYL.</strong></span> 
     </span>
    </p>
   </div>
  </div>
