4070 6334
489 400 601 457 271

1837 399 2155 460 GEORGII
2200 399 2538 461 CEDRENI

3788 402 3906 462 272

488 532 555 582 Et
584 534 820 585 venerat
849 530 996 586 forte
1036 535 1163 586 tum
1212 547 1401 602 nuper
1431 547 1460 587 e
1488 530 1681 587 Sicilia
1712 531 1977 586 Catacalo
2012 534 2131 585 Am-

2261 527 2608 601 πλυνόμενος
2648 531 2737 584 xui
2798 530 2979 593 λίθοις
3030 532 3267 598 κάτωθεν
3326 533 3417 588 καὶ
3471 534 3646 604 τόξοις
3701 531 3903 607 βαλλό-

488 617 721 689 bu‘stus,
756 620 833 673 rei
870 620 938 673 ad
975 620 1304 675 Massenam
1359 620 1604 674 feliciter
1652 625 1825 690 gesta:
1874 622 2145 674 nuntium

491 706 757 762 efferens.
809 708 926 763 Hoc
987 710 1309 778 imporator
1365 709 1547 763 fretus
1597 709 1867 780 praesidio
1922 708 2149 762 fortiter

492 812 611 850 rem
658 812 857 869 gerere
905 797 1175 852 intendit.
1208 799 1352 854 Cum
1400 802 1597 853 autem
1650 799 1904 869 populus
1938 798 1995 851 in
2028 803 2145 851 tres

490 890 686 955 partes
726 886 953 941 divisus
996 892 1171 952 esset,
1197 903 1449 957 quorum
1500 903 1636 958 pars
1668 903 1697 941 e
1728 886 1877 941 circo
1913 886 2145 957 ingrue-

491 974 608 1040 bat,
644 972 830 1028 altera
860 975 929 1028 ad
972 974 1269 1041 Excubita,
1304 975 1475 1030 tertia
1520 975 1589 1028 ad
1623 975 2145 1043 szcanisterium,

490 1061 851 1134 imperatorii
896 1080 1127 1134 quoque
1180 1063 1472 1132 tripartito
1527 1064 1641 1117 vim
1693 1064 2145 1129 distribuerunt,

491 1151 781 1221 multique
834 1151 1044 1206 civium
1098 1152 1271 1206 occisi
1320 1158 1478 1216 sunt,
1510 1156 1710 1222 utpote
1760 1153 1860 1222 qui
1913 1152 2052 1205 nudi
2093 1157 2149 1206 et

488 1239 746 1295 inermes
797 1240 949 1297 539
993 1239 1308 1311 lapidibus,
1344 1238 1521 1311 lignis
1573 1245 1748 1310 atque
1799 1239 1929 1294 aliis
1961 1240 2015 1292 id
2050 1256 2147 1310 ge-

491 1345 604 1383 nus
636 1329 809 1383 rebus
840 1328 1124 1399 correptis
1176 1334 1378 1382 contra
1432 1332 1688 1381 armatos
1722 1328 2145 1398 depugnarent.

492 1418 560 1472 Et
591 1418 758 1471 aiunt
789 1417 858 1470 ad
904 1418 1017 1470 tria
1046 1416 1299 1470 virorum
1354 1416 1531 1469 millia
1568 1432 1631 1470 eo
1666 1416 1758 1470 die
1790 1416 1862 1485 (is
1894 1416 2004 1469 fuit
2036 1423 2147 1469 ter-

490 1507 613 1561 tius
644 1504 1071 1576 antipaschatis
1093 1505 1241 1571 dies)
1264 1505 1455 1558 occisa
1490 1504 1691 1559 fuisse.
1712 1506 1969 1559 Tandem
1994 1503 2145 1557 mul—

490 1594 742 1650 tiludine
771 1594 1182 1664 imperatorios
1216 1592 1422 1647 urbani
1458 1592 1740 1659 vicerunt,
1766 1610 1831 1646 ac
1856 1592 2147 1663 perruptis

492 1682 677 1753 portis
700 1681 981 1754 palatium
1007 1682 1254 1751 ingressi
1280 1697 1487 1735 aurum
1514 1687 1570 1734 et
1592 1681 1876 1751 quidquid
1902 1681 1959 1734 in
1978 1682 2146 1735 Secto

493 1776 616 1826 erat
645 1786 839 1825 rerum
882 1770 1275 1841 diripuerunt,
1309 1768 1576 1840 publicas
1609 1784 1843 1839 quoque
1891 1769 2144 1823 tributo-

494 1876 621 1915 rum
682 1858 912 1914 tabulas
967 1858 1406 1928 consciderunt,
1456 1857 1769 1929 ipsumque
1826 1857 2143 1929 imperato-

492 1964 614 2002 rem
647 1946 1143 2019 comprehendere
1192 1946 1387 2001 conati
1419 1952 1576 2001 sunt.
1610 1946 1718 2010 Qui
1751 1952 1815 2000 ut
1859 1963 1924 2001 se
1972 1963 2142 2016 supe-

494 2042 685 2090 ratum
726 2035 892 2103 vidit,
923 2036 1301 2105 imperatoria
1350 2034 1537 2089 celoce
1587 2051 1718 2088 cum
1770 2033 2147 2088 Nobilissimo

494 2141 818 2179 conscensa
866 2122 1111 2193 aliisque
1142 2122 1389 2190 intimis,
1424 2122 1626 2177 relicta
1672 2123 1729 2176 in
1767 2122 1983 2194 palatio
2012 2123 2143 2190 Zoa,

495 2218 706 2284 quarta
738 2214 899 2281 feria,
934 2229 1167 2267 summo
1200 2228 1390 2279 mane,
1419 2211 1474 2265 in
1499 2211 1688 2267 Studii
1723 2211 2141 2267 monasterium

482 2303 764 2375 perfugit,
797 2307 853 2357 et
883 2318 1015 2355 cum
1051 2300 1177 2373 ipse
1221 2305 1347 2356 tum
1395 2300 1828 2369 Nobilissimus,
1868 2301 2141 2357 monachi

484 2391 687 2447 habitu
719 2407 781 2446 se
814 2390 1027 2444 induit.

2259 638 2438 689 μενος.
2490 619 2594 674 Καὶ
2646 617 2845 674 λοιπὸν
2894 620 3163 697 ἀπογνοὺς
3208 622 3425 698 ἔγνώκει
3488 622 3564 684 εἰς
3620 622 3683 677 τὸ
3736 642 3901 693 μονα-

2256 707 2481 780 στήριον
2527 705 2780 761 ἀπελθεῖν
2845 713 2954 762 τῶν
3022 709 3286 765 Στουδίου
3349 710 3436 765 καὶ
3493 710 3898 783 ἀποκείρασθαι.

2255 793 2410 849 Ἀλλ’
2442 794 2539 849 οὐκ
2588 795 2790 873 ἀφῆκεν
2842 797 2999 851 αὐτὸν
3055 799 3082 851 6
3115 796 3435 871 δομὲστικος
3488 803 3596 853 τῶν
3658 796 3900 873 σχολῶν,

2256 881 2422 937 εἶπὼν
2482 885 2558 955 μή
2603 883 2745 938 οὕτω
2804 883 3003 961 ῥᾳδίως
3052 887 3371 943 καταλιπεῖν
3415 890 3513 957 τὴν
3573 887 3751 963 ἀρχὴν
3810 886 3900 942 καὶ

2258 970 2641 1046 ὑποχωρῆσαι,
2674 971 2820 1027 ἀλλά
2849 973 3111 1048 γενναίως
3160 975 3469 1045 ἀντιστῆναι
3500 976 3589 1031 καὶ
3615 976 3649 1045 ἢ
3683 976 3901 1036 πάντως

2259 1059 2612 1134 ὑπερισσχῦσαι
2646 1062 2681 1132 ἢ
2718 1060 3128 1138 μεγαλοψύχως
3154 1064 3244 1118 xui
3300 1063 3595 1139 βασιλικῶς
3650 1063 3724 1125 ὡς
3776 1062 3904 1139 πρί-

2255 1168 2354 1201 πον
2442 1148 2585 1203 ἐστὶν
2683 1150 2968 1215 ἀποθανεῖν
3048 1151 3313 1226 βασιλέα.
3372 1152 3585 1221 Ταύτης
3675 1150 3729 1206 δὶ
3802 1159 3903 1221 τῆς

2253 1237 2482 1312 γνώμης
2514 1237 2973 1312 ἂπικρατησάσης,
3008 1240 3136 1303 τοὺς
3168 1240 3218 1295 ἐν
3271 1245 3349 1296 τῶ
3396 1238 3647 1313 παλατίῳ
3703 1239 3904 1301 πάντας

2256 1326 2332 1387 ὡς
2365 1327 2392 1379 6
2414 1327 2600 1402 καιρὸς
2639 1324 2817 1382 ἐδίδου
2845 1329 3182 1391 καθοπλίσας
3216 1330 3399 1400 αὐτὸς,
3432 1331 3519 1384 xui
3574 1331 3600 1383 6
3640 1324 3905 1384 νωϐελίσ-

2255 1435 2414 1486 σιμος
2448 1412 2505 1468 δὲ
2535 1415 2709 1469 πάντά
2738 1416 2829 1470 τὸν
2864 1417 3054 1471 ἑαυτοῦ
3089 1415 3221 1471 λαὸν
3259 1418 3365 1471 ἀπὸ
3411 1421 3509 1472 τοῦ
3559 1415 3700 1472 ίδίου
3749 1415 3905 1471 οἴκου

2259 1504 2748 1575 μεταπεμψάμενος
2784 1501 3014 1559 ἔνοπλον
3050 1502 3231 1580 (ἔτυχε
3280 1502 3338 1559 δὶ
3382 1505 3440 1560 ἐκ
3485 1505 3734 1567 Σικελίας
3783 1525 3901 1576 αρτι

2254 1588 2426 1653 ἐλθὼν
2487 1590 2575 1645 καὶ
2627 1592 2654 1645 ὁ
2710 1593 3014 1667 στρατηγὸς
3073 1593 3401 1649 Κατακαλὼν
3457 1594 3485 1649 ὁ
3534 1593 3901 1666 Κεκαυμένος,

2251 1679 2319 1733 τὰ
2375 1678 2434 1733 ἐκ
2481 1682 2740 1749 Μεσήνης
2807 1679 3103 1756 εὐαγγέλια
3148 1683 3401 1755 κομίσας)
3470 1683 3726 1758 γενναίως
3777 1683 3901 1737 ἀντ-

2253 1768 2435 1841 είχετο
2464 1772 2569 1822 τῶν
2594 1767 2947 1844 πραγμάτων.
2985 1772 3097 1825 Τοῦ
3151 1767 3209 1823 δὲ
3249 1768 3430 1843 δήμου
3476 1778 3646 1846 τριχῆ
3692 1769 3904 1847 διαιρε-

2255 1858 2453 1924 θέντος,
2487 1855 2575 1909 xui
2614 1858 2809 1932 μέρους
2843 1859 2938 1929 μὶν
2974 1856 3027 1912 ἐν
3072 1863 3153 1930 τῷ
3200 1860 3411 1931 ἱππικῷ
3466 1854 3903 1933 προσϐαλόντος,

2259 1943 2442 2019 ἑτέρου
2502 1941 2559 1998 δὶ
2610 1944 2746 1999 κατά
2800 1946 2866 1999 τά
2926 1941 3209 2016 ἐξκούϐιτα
3264 1949 3397 2020 (18),
3428 1952 3525 2002 τοῦ
3585 1944 3642 2002 δὲ
3700 1950 3906 2003 λοιποῦ

2256 2032 2390 2087 κατά
2436 2032 2498 2086 τὸ
2547 2036 3019 2106 τζυκανιστήριον,
3068 2034 3158 2088 καὶ
3235 2036 3286 2089 οἱ
3347 2036 3472 2110 περὶ
3523 2036 3614 2091 τὸν
3676 2036 3908 2112 βασιλέα

2259 2122 2333 2183 εἷς
2392 2121 2513 2195 τρία
2566 2123 2666 2190 τὴν
2727 2122 2926 2175 ἑαυτῶν
2988 2119 3261 2185 διελόντες
3347 2121 3574 2197 δύναμιν
3627 2125 3905 2197 ἠμύνοντο

2253 2214 2543 2284 κραταιῶς.
2606 2210 2704 2263 Καὶ
2758 2209 2961 2286 γίνεται
3022 2211 3186 2286 φόνος
3242 2211 3416 2275 πολὺς
3482 2218 3590 2268 τῶν
3656 2213 3904 2269 πολιτῶν

2254 2302 2341 2353 οἶα
2374 2303 2597 2373 γυμνῶν
2630 2299 2719 2352 καὶ
2750 2297 2973 2353 ἀόπλων
3024 2300 3158 2374 πρὸς
3187 2299 3452 2364 ἐνόπλους
3487 2302 3904 2377 ἀγωνιζομὲνων

2254 2388 2388 2461 μετά
2418 2385 2594 2459 ξύλων
2633 2387 2721 2440 καὶ
2755 2386 2921 2442 λίθων
2962 2390 3052 2443 καὶ
3082 2393 3188 2443 τῶν
3224 2392 3647 2466 παρατυχόντων
3696 2389 3858 2446 εἷδῶν
3891 2415 3901 2426 ·

483 2477 609 2556 φασὶ
666 2478 765 2552 γάρ
826 2478 899 2539 ὡς
950 2474 1243 2531 ἀπώλοντο
1302 2477 1437 2531 κατά
1492 2476 1690 2546 ταύτην
1748 2477 1847 2545 τήν
1908 2478 2116 2551 ἡμέραν
2177 2479 2265 2550 (ἦν
2328 2474 2385 2530 δὶ
2432 2478 2465 2545 ἡ
2513 2475 2669 2550 τρίτη
2702 2480 2799 2530 τοῦ
2831 2476 3159 2552 ἀντίπασχα)
3195 2476 3381 2553 ἄνδρες
3414 2479 3555 2551 ἀμφὶ
3602 2482 3697 2541 τάς
3752 2486 3903 2555 τρεῖς

481 2563 763 2643 χιλιάδας.
831 2564 1004 2628 Τέλος
1089 2564 1316 2641 ’ἷ’σχυσαν
1392 2567 1445 2619 οἱ
1519 2565 1741 2620 πολῖται
1818 2570 1898 2638 τῷ
1967 2564 2168 2636 πλήθει
2255 2569 2663 2639 ὑπερτεροῦντες
2749 2563 3183 2642 ἐπικρατέστεροι
3264 2572 3369 2621 τῶν
3448 2574 3543 2623 τοῦ
3623 2567 3899 2645 βασιλέως

475 2656 741 2730 γενὲσθαι.
786 2656 886 2711 Καὶ
950 2652 1329 2731 διαρρήξαντες
1388 2658 1473 2728 [Ρ.
1531 2657 1657 2727 752]
1714 2654 1808 2717 τὰς
1862 2652 2037 2718 πύλας
2090 2660 2186 2710 τοῦ
2243 2653 2515 2710 παλατίου
2571 2653 2661 2707 καὶ
2723 2651 2850 2707 εἷ’σω
2906 2655 3184 2729 γενόμενοι
3242 2654 3304 2710 τό
3362 2678 3421 2711 τε
3479 2656 3895 2732 ἐναποκείμενον

476 2744 528 2799 ἐν
584 2743 662 2817 τῷ
725 2745 909 2816 Σὲκτῳ
970 2741 1321 2817 διαρπάζουσι
1384 2743 1644 2819 χρουσίον
1704 2743 1791 2797 xui
1849 2745 1915 2797 τὰ
1972 2742 2141 2798 λοιπά
2198 2743 2338 2815 εἷ’δη,
2388 2741 2774 2819 διαῤῥήσσουσι
2836 2740 2892 2798 δὲ
2942 2744 3032 2798 καὶ
3088 2746 3183 2806 τάς
3226 2742 3497 2818 δημοσίας
3557 2745 3902 2824 ἀπογραφὰς,

474 2832 564 2888 xui
622 2851 714 2887 τον
774 2830 999 2907 βασιλέα
1055 2827 1348 2886 συλλαϐεῖν
1408 2827 1686 2886 ἔσπευδον.
1747 2832 1807 2888 Ὀ
1866 2828 1922 2885 δὲ
1981 2830 2198 2907 ἐπείπερ
2253 2830 2389 2908 ἔγνω
2446 2831 2898 2907 κατισχυόμενος,
2933 2837 3011 2902 τῷ
3072 2830 3340 2906 βασιλικῷ
3394 2829 3586 2894 ἐπιϐὰς
3649 2832 3898 2910 δρόμωνι

480 2924 615 2996 μετά
671 2928 767 2978 τοῦ
823 2918 1231 2995 νωὸελισσίμου
1288 2922 1380 2977 καί
1433 2944 1596 2976 τινων
1659 2920 2003 2976 οἰκειοτάτων
2064 2921 2231 2994 αὐτῷ,
2264 2920 2577 2977 καταλιπὼν
2639 2921 2800 2995 ἐντῷ
2832 2921 3083 2994 παλατίῳ
3129 2924 3228 2993 τήν
3271 2924 3443 2992 Ζωὴν,
3475 2920 3654 3000 ᾤχετο
3708 2929 3891 3003 φυγάς

478 3011 553 3075 εἷς
581 3013 682 3080 τήν
717 3013 890 3085 μονὴν
920 3016 1027 3067 τῶν
1062 3009 1323 3066 Στουδίου
1352 3015 1419 3087 τῇ
1470 3009 1684 3088 τετράδι
1741 3008 1971 3086 πρωίας,
2003 3010 2092 3064 καὶ
2140 3010 2291 3073 εὐθὺς
2342 3009 2655 3089 ἠμφιάσατο
2705 3013 2765 3067 τὸ
2814 3015 2919 3065 τῶν
2972 3016 3230 3087 μοναχῶν
3284 3019 3479 3087 σχῆμα
3538 3014 3750 3087 συνάμα
3810 3020 3893 3087 τῷ

477 3098 607 3173 θείῳ
637 3099 820 3155 αὐτοῦ.

548 3191 666 3246 Hoc
689 3190 863 3246 modo
886 3206 1100 3263 pugna.
1119 3208 1246 3263 quae
1268 3190 1413 3245 hora
1434 3190 1692 3246 secunda
1716 3189 1984 3244 secundas
2016 3190 2130 3242 An-

475 3277 823 3349 tipaschatis
853 3280 964 3334 diei
998 3284 1271 3350 coeperat,
1295 3288 1461 3334 nocte
1491 3279 1656 3332 ﬁnita
1676 3284 1764 3333 est
1786 3278 1967 3332 tertias
1991 3277 2127 3345 diei,

462 3371 547 3420 .At
573 3384 707 3423 vero
753 3368 861 3423 Zoe
909 3384 1117 3423 rursus
1175 3368 1492 3440 imperium
1555 3368 1784 3438 adepta,
1821 3367 1889 3421 de
1932 3383 2129 3421 sorore

471 3455 776 3511 Theodora
807 3457 1208 3512 submovenda
1234 3474 1366 3511 cum
1401 3457 1702 3528 cogitaret,
1729 3455 2127 3510 multitudinis

466 3543 752 3599 voluntati
795 3546 1107 3615 concessit,
1141 3562 1266 3616 qum
1318 3545 1467 3599 hanc
1518 3544 1748 3615 imperii
1796 3548 2123 3598 consortem

2311 3188 2463 3242 Καὶὸ
2498 3188 2592 3259 μὶν
2643 3187 2912 3258 πόλεμος,
2943 3188 3240 3264 ἀρξάμενος
3289 3188 3395 3243 ἀπὸ
3444 3187 3695 3264 δευτέρας
3745 3190 3900 3264 ὥρας

2237 3280 2335 3340 τῆς
2411 3274 2661 3347 δευτέρας
2726 3277 2935 3350 ἡμέρας
2997 3281 3093 3331 τοῦ
3154 3276 3494 3353 Ἀντίπασχα
3539 3280 3674 3351 (19),
3726 3274 3897 3350 ἔληξε

2235 3364 2424 3426 νυκτὸς
2498 3371 2596 3434 τῆς
2659 3364 2848 3441 τρίτης
2917 3365 3163 3441 ἡμέρας·
3215 3368 3249 3436 ἡ
3313 3363 3368 3421 δὲ
3415 3367 3538 3435 Ζωὴ
3589 3366 3754 3421 πάλιν
3810 3366 3895 3443 ἐγ-

2235 3454 2440 3527 κρατὴς
2490 3454 2757 3527 γενομένη
2809 3454 2906 3522 τῆς
2970 3452 3246 3528 βασιλείας
3302 3449 3560 3509 ἐϐούλετο
3623 3455 3717 3527 μὶν
3782 3457 3886 3524 τήν

2235 3541 2400 3611 αὐτῆς
2458 3538 2700 3619 ἀδελφὴν
2751 3539 3033 3611 Θεοδώραν
3103 3542 3476 3618 παρώσασθαι,
3526 3542 3763 3614 ἐκυλύθη
3828 3543 3890 3600 δὲ

466 3632 697 3688 volebat
726 3649 875 3688 esse.
903 3635 1100 3705 Itaque
1128 3615 1303 3689 etiam
1327 3633 1628 3688 Theodore
1661 3650 1692 3687 a
1720 3632 1928 3704 Magno
1953 3633 2121 3686 Tem-

2245 3630 2379 3703 παρᾶ
2419 3634 2516 3684 τοῦ
2555 3628 2805 3700 πλήθους
2855 3625 3272 3703 συμϐασιλεύειν
3333 3632 3473 3706 αὐτῇ
3542 3632 3630 3686 xui
3676 3632 3885 3704 ταύτην

468 3722 564 3793 p10
596 3722 651 3775 in
685 3721 966 3793 palatium
997 3723 1175 3778 venit.
1198 3724 1414 3779 Senatu
1440 3722 1615 3777 etiam
1651 3725 1985 3785 convocato,
2016 3721 2123 3775 Zoe

471 3827 575 3881 pro
603 3810 881 3865 concione
902 3814 971 3865 ad
1008 3817 1274 3867 senatum
1309 3811 1585 3881 primum,
1610 3811 1820 3866 deinde
1842 3810 1913 3865 ad
1939 3827 2122 3880 popu-

469 3897 593 3954 lum
627 3916 856 3970 quoque
899 3915 929 3952 e
979 3899 1103 3954 loco
1150 3900 1468 3971 conspicuo
1519 3900 1732 3967 locuta,
1784 3900 2026 3969 gratias,
2062 3904 2124 3951 ut

474 4004 579 4059 par
609 3994 755 4052 erat,
779 3988 863 4041 eis
893 3988 1012 4057 egit
1036 4004 1137 4057 pro
1161 4004 1270 4042 sua
1299 3991 1355 4041 in
1382 3988 1570 4058 ipsam
1612 3986 2033 4049 benevolentia,
2057 4004 2121 4042 ac

473 4075 620 4129 bene
640 4083 730 4131 est
750 4082 983 4147 precata
1012 4092 1024 4130 :
1049 4080 1172 4131 tum
1196 4076 1334 4148 quid
1359 4077 1427 4131 de
1450 4077 1800 4147 imperatore
1824 4076 1943 4130 fieri
1969 4077 2122 4132 540

474 4164 690 4219 vellent
730 4169 1069 4235 percontata
1117 4174 1221 4219 est.
1257 4165 1337 4219 Ibi
1387 4181 1516 4219 vero
1566 4181 1773 4220 omnes
1824 4181 1941 4218 una
1986 4182 2123 4219 voce

474 4252 801 4307 exclamare
835 4269 848 4306 :
877 4275 901 4303 ι
933 4252 1195 4307 'I‘ollatur
1225 4252 1569 4315 scelerosus,
1603 4254 1907 4307 auferatur
1936 4270 1966 4304 e
1998 4270 2121 4306 me-

472 4342 567 4395 dio
622 4340 971 4412 ﬂagitiosus,
1027 4341 1083 4395 in
1147 4340 1343 4412 palum
1406 4341 1738 4413 sufﬁgatur,
1773 4344 1829 4395 in
1890 4356 2117 4395 crucem

471 4435 698 4499 agatur,
728 4434 1063 4484 excazcetur.
1084 4452 1110 4478 ››
1137 4436 1214 4483 Ac
1241 4434 1350 4483 Zoe
1372 4429 1472 4501 qui
1504 4429 1739 4500 quidem
1772 4447 1802 4483 ι
1833 4428 2120 4501 supplicio

471 4516 822 4573 abhorrebat
850 4528 906 4572 et
925 4516 1217 4572 infelicem
1252 4516 1674 4584 miserabatur;
1698 4518 1797 4573 sed
1824 4518 2123 4572 Theodore

470 4605 570 4659 ira:
604 4605 795 4677 plena,
830 4610 1087 4676 tuncque
1130 4606 1425 4661 licentiam
1473 4610 1664 4669 nacta,
1697 4622 1900 4660 recens
1931 4610 2121 4660 creato

471 4696 739 4768 prafecto
798 4695 960 4749 urbis
1011 4696 1154 4765 (erat
1207 4695 1257 4749 is
1305 4695 1729 4764 Campanares)
1768 4694 2009 4748 mandat
2059 4700 2122 4747 ut

472 4784 671 4839 statim
702 4788 796 4839 eat
836 4783 1118 4839 Michaelo
1166 4788 1223 4838 et
1271 4781 1647 4838 Nobilissimo
1692 4782 1891 4837 oculos
1942 4782 2117 4837 effos-

474 4890 629 4931 sum.
676 4873 839 4928 Hunc
888 4872 960 4927 ad
1010 4872 1363 4928 Studianum
1415 4870 1835 4926 monasterium
1884 4878 2118 4926 euntem

2233 3715 2623 3791 αἴτησαμὲνου.
2658 3720 2918 3794 Ἔρχεται
2951 3717 3040 3773 οὖν
3088 3718 3176 3773 xui
3227 3722 3262 3790 ἡ
3322 3718 3579 3792 Θεοδώρα
3617 3719 3722 3775 ἀπὸ
3782 3729 3889 3791 τῆς

2232 3804 2487 3881 Μεγάλης
2523 3804 2812 3878 ἐξελθοῦσα
2845 3805 3173 3878 Ἐκκλησίας
3204 3807 3278 3870 εἷς
3308 3809 3371 3863 τὸ
3421 3805 3707 3864 παλάτιον.
3745 3816 3888 3865 Συν-

2231 3895 2611 3965 ἀθροισθείσης
2659 3893 2715 3950 δὲ
2760 3896 2849 3950 καὶ
2894 3903 2993 3965 τῆς
3050 3895 3385 3971 συγκλήτου,
3443 3894 3892 3972 δημηγορήσασα

2231 3985 2266 4051 ἡ
2300 3986 2420 4053 Ζωή
2454 3984 2715 4060 πρότερον
2773 3985 2869 4057 μὲν
2913 3985 3048 4060 πρὸς
3099 3987 3197 4054 τὴν
3249 3984 3573 4062 σύγκλητον,
3626 3985 3737 4040 εἶτα
3788 3990 3884 4041 xui

2232 4069 2291 4127 ἔκ
2354 4092 2503 4134 τινος
2583 4093 2679 4147 περ
2711 4080 2867 4143 ωπῆς
2931 4074 3067 4149 πρὸς
3123 4072 3186 4129 τό
3248 4074 3482 4145 πλῆθος,
3541 4074 3727 4138 αὐτοῖς
3784 4076 3887 4148 μὶν

2232 4162 2599 4236 εὐχαριστίας,
2634 4162 2708 4224 ὡς
2769 4162 2933 4229 εἰκὸς,
2992 4160 3227 4217 ἀπέδοτο
3284 4161 3373 4217 καί
3430 4162 3597 4238 εὒχάς
3651 4165 3748 4232 τῆς
3806 4165 3891 4229 εἷς

2231 4247 2396 4315 αὐτὴν
2438 4247 2667 4315 εὐνοίας,
2727 4249 2826 4316 τήν
2885 4248 3007 4325 περὶ
3063 4253 3161 4304 τοῦ
3223 4250 3489 4324 βασιλέως
3542 4247 3600 4304 δὲ
3647 4252 3887 4325 γνώμην

2231 4334 2431 4405 ἐζήτει,
2480 4336 2532 4389 τί
2591 4333 2672 4390 δεῖ
2732 4336 2974 4410 γενέσθαι
3059 4337 3239 4392 αὐτόν.
3302 4337 3397 4392 Καὶ
3467 4340 3663 4399 πάντες
3736 4340 3889 4411 ὁμο-

2233 4426 2424 4501 φώνως
2482 4424 2798 4500 ἀνέκραγον*
2832 4450 2860 4476 ‹‹
2909 4425 3042 4496 Αἶρε
3102 4427 3193 4481 τὸν
3246 4426 3615 4501 παλαμναῖον,
3646 4427 3884 4497 ποίησον

2232 4511 2291 4566 ἐκ
2352 4513 2517 4584 μὲσου
2567 4513 2660 4568 τὸν
2720 4513 3046 4590 ἀλιτήριον
3107 4514 3658 4585 ἀνασκολοπισθήτω,
3716 4538 3887 4571 σταυ-

2233 4604 2489 4677 ρωθήτω,
2536 4601 2904 4673 τυφλωθήτω.
2944 4628 2971 4655 ››
3001 4605 3061 4657 Ἢ
3123 4602 3181 4658 δὶ
3237 4600 3399 4659 ὤκνει
3456 4606 3594 4679 πρὸς
3650 4606 3748 4673 τήν
3794 4627 3887 4659 τι-

2234 4690 2441 4764 μωρίαν
2522 4692 2612 4745 καὶ
2696 4693 2986 4765 συμπαθὴς
3070 4697 3151 4764 τῷ
3223 4690 3580 4768 δυστυχοῦντι
3648 4692 3883 4767 ἐγίνετο.

2231 4776 2449 4848 ἈΛλ’ἠ
2510 4777 2765 4855 Θεοδώρα
2819 4783 2988 4856 ὀργῆς
3042 4782 3453 4851 ὑποπλησθεῖσα
3508 4780 3598 4835 καὶ
3656 4782 3889 4858 παρῥη-

2231 4868 2345 4930 σίας
2388 4872 2468 4940 τῷ
2510 4869 2705 4923 νεωστὶ
2752 4864 3125 4945 προϐληθὲντι
3171 4867 3399 4943 ἐπάρχῳ
3447 4868 3534 4938 (ἦν
3579 4866 3635 4923 δὲ
3666 4870 3692 4922 6
3725 4876 3885 4943 Καμ-

476 4963 749 5017 universa
796 4960 1112 5016 multitudo
1162 4968 1250 5016 est
1302 4959 1598 5015 comitata.
1634 4960 1841 5013 Eorum
1869 4962 2117 5014 adventu

2245 4957 2493 5029 τανάρης)
2542 4955 2750 5011 κελεύει
2832 4960 2966 5031 μετά
3040 4955 3281 5026 σπουδῆς
3338 4955 3590 5012 ἀπελθεῖν
3648 4958 3739 5012 xui
3794 4958 3885 5030 ἐξ·

474 5049 705 5123 cognito
736 5049 794 5103 hi
823 5048 881 5102 in
908 5048 1199 5119 penetrale
1222 5048 1339 5101 fani
1359 5047 1604 5101 Joannis
1625 5047 1895 5119 Baptista:
1917 5048 2120 5102 confu-

472 5140 663 5210 giunt.
696 5137 810 5193 Sed
860 5136 1111 5209 populus
1152 5137 1237 5191 ira
1268 5137 1592 5192 etiamnum
1624 5139 1835 5190 ardens
1865 5135 1937 5191 ob
1968 5136 2121 5191 cives

2230 5044 2412 5119 ορύξαι
2465 5044 2631 5098 αὐτοῦ
2670 5066 2730 5099 τε
2774 5045 2863 5100 xui
2907 5051 3003 5100 τοῦ
3069 5046 3216 5099 θείου
3247 5044 3411 5099 αὐτοῦ
3442 5044 3783 5122 ὀφθαλμούς·
3818 5050 3885 5111 ὃς

2230 5130 2460 5204 ἐξελθὼν
2513 5136 2880 5208 συνεπομένου
2928 5134 3075 5208 αὐτῷ
3132 5134 3221 5190 καὶ
3277 5138 3375 5188 τοῦ
3434 5130 3615 5207 δήμου
3674 5138 3886 5200 παντὸς

1648 5296 2025 5352 XYLANDRI
2067 5298 2159 5353 ET
2196 5295 2415 5353 GOARI
2456 5295 2685 5353 ΝΟΤίΕ.

538 5423 650 5491 (18)
690 5424 881 5477 Locum
914 5426 966 5477 et
995 5424 1280 5477 stationem
1326 5418 1555 5492 palatia
1576 5419 2110 5492 excubitorumaCo-

467 5487 645 5547 ditius
677 5495 746 5548 de
775 5493 1086 5563 Orig._CP.:
1131 5487 1343 5546 Ἓκτισὲ
1372 5490 1436 5542 τὰ
1462 5487 1699 5542 παλάτια
1748 5496 1849 5557 τῆς
1899 5488 2111 5557 Χαλκῆς

464 5563 553 5615 καὶ
605 5567 711 5616 τῶν
770 5558 1318 5633 ἐξκοῦὗίτωνπΑίὶὺὶ
1381 5567 1585 5633 tamen
1639 5564 1798 5632 ipsas
1855 5563 2112 5633 excubias

464 5638 562 5686 τοῦ
591 5630 879 5707 παλατίου,
910 5636 1007 5703 τὴν
1054 5631 1319 5687 παλατίου
1351 5630 1744 5707 παραφυλακῆν
1778 5632 1881 5707 Δκαὶ
1929 5632 2112 5707 τάγμα

468 5710 577 5761 τῶν
627 5701 977 5776 tenuem”,
1030 5713 1093 5762 ut
1137 5707 1340 5762 Rulfus
1390 5701 1447 5759 et
1492 5701 1909 5761 Constantinus
1965 5701 2109 5761 scri-

2924 5439 2996 5476 uo
3029 5422 3193 5477 nulla
3222 5423 3559 5479 difficultas.
3596 5422 3780 5479 Goaa.

2291 5489 2404 5559 (19)
2423 5489 2736 5566 Oppositus
2759 5489 2991 5566 Pascha:
3012 5494 3134 5549 dies
3157 5498 3211 5566 et
3233 5500 3471 5551 octavus
3485 5494 3888 5566 Antispascha

2220 5566 2327 5643 est,
2355 5561 2455 5643 qui
2484 5562 2855 5643 Kupzaaﬁntpﬁ
2886 5568 3077 5643 ριυμᾶ,
3110 5582 3142 5619 a
3174 5565 3323 5643 lecto
3347 5561 3885 5643 Evangelio,_pobis

2220 5632 2522 5686 Dominica
2570 5633 2627 5686 in
2684 5633 2855 5688 Albis.
2888 5634 2949 5690 Ἠ
2983 5632 3147 5709 τρίτη
3200 5638 3297 5708 qui
3350 5632 3631 5709 sequi—tur,
3668 5636 3887 5696 Martis

2220 5702 2365 5759 dies.
2398 5702 2579 5759 Goaa.

2262 5719 2365 5759 les.
2398 5718 2579 5759 UOAB.

2222 5419 2390 5487 bunt,
2423 5418 2745 5489 signiﬁcat;
2782 5421 2849 5476 de
