4038 6334
161 377 291 439 2Ἶ3

1315 376 1858 441 HISTORIAHUM
1902 375 2450 440 COMPENDIUM.

3469 381 3586 442 274

161 507 416 576 ἀπῆλθεν
453 505 527 570 είς
552 507 620 561 τὰ
651 505 935 564 Στουδίου.
969 509 1030 566 Ὀ
1062 505 1119 563 δὶ
1177 507 1410 583 Μιχαὴλ
1453 507 1542 563 καὶ
1574 509 1603 562 ὁ
1631 505 1823 561 τούτου

1939 507 2276 564 interfectos
2306 509 2359 562 vi
2393 525 2460 564 eo
2516 510 2813 582 irrumpit,
2863 511 3120 582 indeque
3165 526 3264 566 eos
3313 511 3589 583 abreptos

165 603 343 664 θεῖος,
377 597 453 650 ὡς
486 593 720 669 ᾔσθοντο
749 596 847 665 τὴν
905 600 1001 651 τοῦ
1060 595 1196 652 λαοῦ
1253 596 1570 672 παρουσίαν,
1605 595 1663 650 lx
1717 600 1830 656 τοῖς

163 683 394 746 ἀδύτοις
451 690 547 739 τοῦ
605 689 738 739 ναοῦ
789 690 886 740 τοῦ
932 683 1260 761 Προδρόμου
1301 687 1621 763 κατέφυγον.
1651 682 1831 740 Ἀλλὰ

164 773 526 848 φλεγμαίνων
578 771 656 828 ἔτι
704 778 786 845 τῷ
835 775 994 846 θυμῷ
1057 771 1146 828 διὰ
1191 773 1318 836 τοὺς
1385 773 1751 849 ἀναιρεθέντας
1800 774 1828 826 ὁ

165 860 362 934 δῆμος
393 861 578 916 εἴσεισι
609 863 746 938 πρὸς
783 863 902 938 βίαν
927 862 1003 925 είς
1031 865 1123 918 τὸν
1169 870 1312 927 θεῖον
1351 865 1497 933 ναὸν,
1529 863 1618 916 καὶ
1665 863 1828 939 ἀφαρ-

163 951 439 1012 πάσαντες
517 949 717 1015 ἐκεῖθεν
799 951 995 1014 αὐτοὺς
1062 951 1243 1007 εἷλκον
1321 949 1410 1007 διὰ
1479 958 1577 1021 τῆς
1632 951 1830 1025 ἀγορᾶς

163 1040 277 1095 ἀπὸ
307 1045 418 1094 τῶν
461 1037 669 1105 ποδῶν,
701 1041 788 1095 καὶ
839 1037 1038 1097 ἄνωθεν
1083 1048 1184 1110 τῆς
1230 1036 1602 1116 Περιϐλίπτου
1657 1045 1830 1113 μονῆς

163 1128 217 1183 ιη
269 1133 357 1199 τῷ
397 1129 556 1201 τόπῳ
600 1134 682 1201 τῷ
728 1127 1058 1203 καλουμένῳ
1105 1131 1339 1205 Σίγματι
1371 1130 1663 1205 ἀγαγόντες
1693 1129 1827 1182 ἀποο

157 1216 442 1292 τυφλοῦσι
485 1218 580 1272 καὶ
630 1215 819 1296 ἄμφω,
864 1223 961 1273 τοῦ
1005 1220 1234 1295 Μιχαὴλ
1287 1217 1474 1274 πολλά
1525 1217 1830 1272 καθικετεύ-

167 1327 370 1370 σαντος
426 1308 690 1384 πρότερον
739 1309 831 1362 τὸν
892 1307 1083 1364 ἑαυτοῦ
1138 1307 1493 1382 τυφλωθῆναι
1553 1308 1718 1373 θεῖον,
1753 1306 1826 1368 ὡς

165 1398 395 1450 πάντων
426 1400 533 1450 τῶν
581 1395 890 1472 γενομένων
940 1401 1120 1451 κακῶν
1179 1397 1269 1451 καὶ
1327 1395 1681 1471 πρωτουργὸν
1739 1393 1828 1448 καὶ

1943 611 2044 667 per
2076 596 2264 651 forum
2299 598 2548 668 pedibus
2597 599 2844 654 trahunt
2894 616 3080 670 usque
3133 600 3204 655 ad
3249 598 3442 655 locum
3493 602 3585 655 cui

1939 683 2116 755 Signa
2140 701 2373 754 nomen,
2393 703 2573 758 supra
2595 687 2901 758 Periblepti
2929 688 3108 743 situm
3135 689 3583 750 monasterium,

1943 773 2137 842 ibique
2163 775 2393 844 utrique
2412 775 2613 829 oculos
2636 788 2870 838 eruunt,
2903 776 3182 831 Michaelo
3221 776 3422 832 multis
3454 795 3586 848 prc-

1938 861 2104 916 cibus
2135 863 2484 933 deposcente
2509 869 2572 916 ut
2596 865 2668 918 de
2699 864 2990 919 avunculo
3017 865 3208 936 priore
3231 867 3354 920 loco
3384 882 3585 920 sumc-

1938 961 2098 1004 re'ur
2127 950 2514 1022 supplicium,
2547 956 2612 1007 ut
2641 953 2740 1024 qui
2774 958 2979 1008 auctor
3000 969 3296 1026 causaque
3318 955 3582 1010 omnium

1940 1039 2184 1094 istorum
2249 1040 2455 1096 fuisset
2511 1041 2844 1105 malorum;
2907 1042 3060 1112 quod
3122 1049 3180 1098 et
3233 1043 3585 1114 impetravit.

1936 1127 2136 1182 Oculis
2161 1129 2396 1184 amissis
2427 1129 2667 1201 relegati
2700 1135 2862 1199 sunt,
2914 1129 3236 1186 Michaelus
3279 1131 3338 1185 in
3389 1147 3588 1186 mona-

1935 1217 2180 1272 sterium
2214 1218 2610 1288 Elegmorum,
2641 1220 2705 1272 21
2741 1219 2834 1274 die
2867 1219 3103 1290 Aprilis,
3149 1219 3471 1275 indictione
3520 1222 3588 1274 10

1939 1305 2074 1360 anni
2123 1321 2301 1376 supra
2351 1305 2613 1362 indicati.
2668 1308 2986 1380 Imperavit
3032 1323 3263 1364 menses
3299 1310 3324 1362 1
3377 1308 3502 1364 dies
3531 1310 3585 1364 5.

1937 1395 2180 1466 Cognati
2205 1396 2332 1464 ejus
2364 1412 2570 1450 omnes
2602 1395 2702 1451 alii
2725 1396 2838 1451 alio
2870 1397 3122 1468 dispersi
3153 1402 3313 1452 sunt.

162 1482 370 1538 αἶ’τιοψ
415 1483 446 1537 ’ὁ
473 1483 564 1538 καὶ
594 1483 824 1557 ἐγενετο,
857 1483 1236 1562 Υυφλωθὶντες
1267 1483 1360 1540 οῦν
1389 1483 1742 1558 ἐξορίζονται,
1775 1483 1802 1537 ὁ
1851 1481 1947 1555 μὶν
1995 1479 2225 1556 Μιχαὴλ
2272 1481 2348 1543 εἷς
2387 1483 2449 1537 τὸ
2514 1486 2876 1557 μοναστήριον
2933 1488 3039 1538 τῶν
3093 1482 3371 1557 Ἐλεγμῶν
3417 1481 3589 1538 εἰκάδι

161 1573 365 1647 πρώτῃ
402 1573 572 1644 μηνὸς
610 1571 960 1647 Ἀπριλλίου,
995 1572 1335 1636 ῗνδικτιῶνος
1369 1575 1400 1627 ι’
1427 1577 1525 1628 τοῦ
1550 1575 1677 1650 ,ςφν’
1707 1567 1881 1639 ἔτους,
1919 1569 2242 1647 βασιλεύσας
2266 1569 2353 1624 ἐπὶ
2389 1577 2558 1643 μῆνας
2589 1569 2630 1626 δ’
2658 1570 2749 1625 καέ
2774 1572 2980 1645 ἡμέρας
3013 1572 3070 1642 ε’,
3103 1573 3156 1626 οἱ
3206 1569 3264 1626 δὲ
3314 1577 3586 1646 συγγενεῖς

162 1662 340 1715 αὐτοῦ
373 1660 563 1721 πάντες
594 1659 766 1724 ἄλλος
794 1660 1020 1737 ἀλλαχῇ
1052 1659 1438 1736 διεσπάρησαν.

231 1747 418 1804 Πάλιν
453 1747 510 1804 δὶ
536 1757 632 1819 τῆς
666 1750 847 1824 ἀρχῆς
883 1724 1085 1820 ct???“
1125 1724 1282 1820 Zwﬁ'v
1303 1724 1823 1824 'pstaxoltwsis‘qc,

2009 1750 2259 1820 Imperio
2292 1750 2413 1805 Zoa
2437 1724 2728 1817 restituto,
2755 1767 2882 1821 quae
2906 1766 3164 1806 sororem
3191 1750 3583 1806 Theodoram:

159 1833 679 1910 συμϐασιλεύουσαν
743 1837 999 1913 ἔχουσαν,
1049 1841 1123 1902 ὡς
1171 1838 1420 1912 εἶ’πομεν,
1451 1839 1558 1912 οὐχ
1602 1839 1825 1892 ἑκοῦσαν

158 1925 254 1980 καὶ
299 1927 407 1993 τὴν
457 1923 701 2003 ἀδελφὴν
751 1925 1059 2001 Θεοδώραν,
1091 1933 1268 2000 τιμῶν
1329 1927 1425 2000 μὶν
1457 1929 1492 1996 ἡ
1525 1925 1830 2002 σύγκλητος

165 2008 586 2087 προϐιϐασμοῖς
643 2014 954 2090 ἰγεραίρετο
1012 2015 1102 2070 καὶ
1157 2013 1374 2090 δωρεῶν
1431 2012 1713 2086 διανομαῖς
1766 2012 1828 2067 τὸ

167 2104 383 2170 κοινὸν,
442 2105 528 2172 [Ρ.
567 2106 697 2176 753]
745 2102 831 2158 κοὶ
878 2103 946 2159 τὰ
991 2105 1289 2180 πράγματα
1335 2102 1678 2179 προμηθείας
1729 2107 1828 2171 τῆς

168 2189 548 2265 ἐνδεχομένης
612 2191 898 2267 ἐτύγχανε,
946 2194 1286 2268 γραμμάτων
1363 2193 1685 2266 ἁπανταχοῦ
1739 2191 1830 2246 καὶ

167 2279 562 2353 διαταγμάτων
632 2280 1086 2354 ἐκπεμπομένων,
1147 2281 1416 2356 ἀπριάτην
1472 2301 1530 2336 τε
1579 2282 1674 2342 τάς
1731 2281 1831 2353 ἀρ-

167 2370 282 2443 χὰς
339 2369 581 2442 γίνεσθαι
636 2369 726 2423 καὶ
789 2371 864 2442 μὴ
911 2369 1105 2433 ὠνίους
1135 2370 1210 2434 ὡς
1239 2370 1499 2446 πρότερον
1534 2370 1828 2444 ὑπισχνου-

170 2459 376 2529 μένων,
439 2457 530 2512 καὶ
599 2459 771 2512 πᾶσαν
830 2455 1041 2513 ἀδικίαν
1095 2456 1155 2513 ἐκ
1213 2459 1379 2530 μὲσου
1437 2456 1827 2533 διοριζομένων

163 2545 515 2601 ἆλαύνεσῦαι.
569 2546 787 2601 Τούτων
849 2544 907 2601 δὲ
961 2547 1340 2602 καταστάντων
1393 2549 1468 2610 ὡς
1523 2553 1641 2609 τοῖς
1696 2567 1828 2620 κρα-

161 2639 350 2689 τοῦσιν
408 2631 608 2704 ἐδόκει,
637 2631 789 2710 ἤχθη
851 2637 941 2690 καὶ
999 2637 1027 2690 ὁ
1085 2631 1489 2707 νωϐελίσσιμος
1549 2641 1828 2691 Κωνσταν-

162 2729 314 2783 τῖνος
369 2723 479 2778 ἀπὸ
535 2730 634 2793 τῆς
695 2724 1003 2799 ὑπερορίας,
1050 2725 1138 2779 καὶ
1197 2725 1318 2800 περὶ
1375 2725 1483 2779 τῶν
1545 2721 1824 2796 δημοσίων

166 2805 601 2884 ἀνακρινόμενος
667 2812 995 2886 χρημάτων,
1068 2813 1165 2875 τὰς
1240 2811 1468 2875 ἀπειλὰς
1547 2811 1826 2883 πτοηθεὶς,

167 2897 448 2971 ὑπέδειξεν
484 2899 537 2954 ἂν
568 2905 650 2972 τῷ
679 2901 816 2954 κατὰ
860 2900 988 2963 τοῦς
1013 2901 1230 2976 Ἀγίους
1262 2899 1633 2962 Ἀποστόλους
1689 2900 1826 2972 οἴκῳ

165 2988 332 3044 αὐτοῦ
364 2991 720 3063 κεκρυμμένα
750 2985 806 3044 ἔν
851 3011 962 3044 τισι
1017 2991 1297 3066 κινστᾶρνῃ
1351 2990 1582 3065 ’χρυσίου
1634 3010 1826 3059 κεντη-

160 3079 322 3152 νάρια
384 3085 428 3129 ν’
482 3076 569 3131 ἐπὶ
630 3077 794 3153 τρισί.
831 3079 936 3134 Καὶ
993 3083 1161 3134 ταῦτα
1219 3080 1314 3153 μὶν
1372 3076 1689 3151 διεκομίσθη
1750 3082 1819 3153 τῇ
1857 3109 1900 3176 C

167 3164 447 3240 βασιλίδι,
510 3165 710 3222 ἐκεῖνον
802 3164 849 3222 δ’
905 3166 1056 3232 αὖθις
1131 3170 1166 3238 ὴ
1251 3168 1511 3244 ὑπερορία
1587 3166 1819 3238 ἐδέξατο.

166 3257 595 3330 Προχειρίζεται
630 3253 686 3310 δὶ
717 3259 751 3324 ὴ
791 3256 1006 3330 βασιλὶς
1056 3255 1378 3330 δομέστικον
1436 3263 1544 3312 τῶν
1601 3255 1820 3332 σχολῶν

157 3352 256 3413 τῆς
291 3342 613 3413 ’Λνατολῆς
644 3343 936 3414 Νικόλαον,
969 3343 1235 3421 πρόεδρον
1277 3347 1368 3400 τὸν
1419 3347 1681 3419 εὐνοῦχον
1726 3349 1823 3398 τοῦ

164 3431 306 3488 ἰδίου
365 3434 599 3508 πατρὸς,
627 3434 716 3488 καὶ
775 3431 942 3488 δοῦκα
994 3441 1094 3504 τῆς
1158 3434 1366 3496 Δύσεως
1416 3436 1821 3490 Κωνσταντῖνον

157 3523 453 3595 πατρίκιον
511 3524 604 3576 τὸν
665 3517 1009 3578 Καϐικσίλιιν⁸
1054 3525 1146 3579 τὸν
1207 3521 1264 3578 δὲ
1319 3522 1602 3598 πατρίκιον
1644 3523 1822 3598 Γιώρα-

157 3633 270 3685 γιον
328 3611 429 3664 τὸν
488 3611 793 3683 Μανιάκην,
849 3609 959 3682 ἤδη
1018 3611 1166 3686 παρά
1217 3616 1316 3667 τοῦ
1388 3609 1620 3686 Μιχαὴλ
1685 3612 1820 3687 φθάο

159 3720 324 3754 σαντα
353 3706 464 3768 τῆς
514 3706 751 3778 φρουρᾶς
793 3699 1159 3770 ἀπολυθῆναι,
1195 3703 1488 3776 μάγιστρον
1544 3702 1822 3772 τιμήσασα

161 3789 475 3864 στρατηγὸν
533 3789 908 3863 αὐτοκράτορα
982 3794 1093 3844 τῶν
1153 3789 1204 3845 ἐν
1267 3789 1470 3860 Ἰταλίᾳ
1525 3789 1816 3863 ταγμάτων

161 3877 459 3949 ἐκπέμπει.
524 3877 622 3932 Καὶ
688 3881 856 3933 ταῶα
917 3879 1010 3951 μὶν
1070 3877 1286 3954 γίγονεν
1342 3877 1536 3940 οὕτως.
1600 3875 1818 3946 Βουλῆς

160 3964 215 4021 δὲ
241 3965 609 4040 προτεθείσης
659 3967 783 4042 περὶ
836 3964 1128 4042 βασιλίως,
1160 3967 1250 4022 καὶ
1301 3964 1456 4038 δόξαν
1511 3972 1630 4028 τοῖς
1686 3971 1816 4020 πᾶσι

164 4054 397 4128 βωιλὲα
447 4057 900 4129 προχειρισθῆναι
957 4056 1048 4110 καὶ
1219 4059 1342 4129 Ζωῇ
1389 4055 1642 4128 νομίμως
1693 4075 1816 4108 συν-

160 4147 424 4221 αφοῆναι,
459 4140 682 4199 ἔσπευδε
733 4143 829 4216 μὲν
881 4142 1016 4213 αύτὴ
1078 4149 1482 4200 Κωνσταντῖνον
1527 4143 1815 4220 ἀγαγέσθαι

156 4233 247 4286 τὸν
307 4233 602 4286 κατεπάνω
635 4233 774 4305 (20),
814 4232 874 4287 ’ὸν
925 4229 993 4301 δὴ
1048 4232 1138 4288 καὶ
1199 4232 1586 4309 Ἀργοκλίνην,
1631 4232 1720 4310 ἀφ’
1749 4235 1817 4302 ἧς

161 4319 464 4396 ὀπηρεσίας
547 4319 992 4395 μετεχειρίσατο,
1050 4321 1355 4377 ἀπεκάλουν
1393 4341 1404 4354 ο
1464 4324 1530 4391 ἦν
1605 4321 1708 4396 γὰρ
1786 4321 1815 4377 ὁ

161 4411 298 4483 ἀνὴρ
334 4409 616 4483 εὑπρεπὴς
643 4411 744 4479 τὴν
775 4409 942 4484 ὥραν,
973 4408 1196 4484 ὶλὲγετο
1255 4408 1314 4464 δὶ
1365 4411 1456 4464 καὶ
1517 4408 1688 4484 λάθρα
1741 4414 1811 4484 τῇ

161 4501 283 4570 Ζωῇ
374 4496 718 4567 πλησιάζειν,
783 4495 962 4553 Ἀλλά
1039 4503 1230 4553 τοῦτον
1324 4500 1418 4572 μὶν
1477 4502 1511 4568 ἡ
1571 4498 1817 4561 σύνοικος

163 4585 477 4662 ξαρμάκοις
524 4585 697 4661 ἐξάγει
735 4587 833 4642 τοῦ
893 4586 1038 4662 βίου,
1073 4585 1171 4642 ούκ
1221 4585 1409 4656 ἕπειδὴ
1461 4587 1815 4662 ἀποστόργως

162 4676 276 4751 εἶχε
305 4676 450 4750 πρὸς
480 4675 667 4746 αὐτὸν,
698 4674 828 4732 ἀλλ’
857 4673 1046 4745 ἐπειδὴ
1081 4673 1284 4748 ἔμελλε
1338 4677 1534 4732 τούτου
1563 4673 1640 4731 ἔτι
1674 4681 1819 4745 ζῶσα

163 4764 560 4839 στερίσκεσθαι.
594 4765 692 4819 Καὶ
743 4763 940 4820 λοιπὸν
989 4765 1343 4840 ἀστοχήσασα
1381 4767 1415 4834 ἡ
1453 4763 1671 4840 βασιλὶς
1721 4769 1819 4820 τοῦ

163 4855 398 4917 σκοποῦ,
461 4851 868 4925 μεταπέμπεται
922 4854 1028 4908 ἀπὸ
1083 4855 1184 4922 τῆς
1253 4852 1460 4930 ἰξορίας
1525 4860 1819 4910 Κωνσταν-

161 4947 308 4996 τῖνον
367 4940 459 4995 τὸν
519 4941 880 5017 Μονομάχον,
917 4941 1066 5016 παρᾶ
1102 4946 1198 4997 τοῦ
1257 4943 1670 5020 ὀρφανοτρόφου
1722 4943 1820 5010 τὴν

160 5037 327 5099 νῆσον
383 5029 702 5101 Μιτυλήνην
753 5033 1140 5107 κατακριθέντα
1188 5029 1356 5086 οίκεῖν
1418 5030 1507 5087 διὰ
1559 5033 1621 5086 τὸ
1677 5030 1823 5105 παρᾶ

161 5121 378 5173 πάντων
410 5117 747 5193 φημίζεσθαι
805 5120 883 5182 ὡς
937 5119 1130 5193 μέλλει
1181 5126 1448 5196 κρατῆσαι
1515 5127 1616 5190 τῆς
1670 5120 1823 5195 βασι-

1848 4464 1896 4530 D

1938 1839 2340 1910 quamtumvis
2372 1839 2570 1907 invita,
2603 1845 2935 1895 consortem
2973 1839 3246 1904 habebat,
3280 1839 3484 1894 statim
3530 1847 3589 1894 et

1939 1927 2228 1982 honorum
2263 1929 2542 2000 gradibus
2572 1930 2866 1984 senatorio
2897 1929 3090 1983 ordini
3121 1930 3269 1984 541
3307 1934 3364 1982 et
3399 1927 3581 1997 largi-

1937 2015 2200 2070 tionibus
2233 2021 2288 2070 et
2321 2015 2685 2072 multitudini
2719 2017 2919 2089 gratiis
2971 2022 3110 2072 sunt
3159 2022 3322 2084 actaa,
3381 2031 3448 2071 ac
3501 2017 3580 2070 rvi

1939 2105 2185 2176 publica:
2226 2111 2450 2177 quanta
2481 2107 2722 2161 omnino
2772 2111 3000 2178 poterat
3028 2122 3164 2161 cura
3200 2111 3381 2177 gesta.
3432 2105 3578 2159 Nam

1940 2193 1998 2247 in
2030 2211 2231 2250 omnes
2262 2193 2491 2266 imperii
2526 2200 2720 2266 partes
2753 2195 2961 2250 litteras
2989 2201 3046 2250 et
3075 2195 3266 2250 edicta
3319 2195 3576 2248 dimitte-

1943 2283 2175 2342 bantur.
2207 2300 2333 2353 quas
2363 2289 2420 2337 et
2450 2284 2832 2354 magistratus
2861 2283 3052 2351 vendi,
3085 2284 3239 2354 quod
3272 2287 3409 2338 ante
3455 2287 3581 2336 erat

1941 2372 2294 2436 factitatum,
2315 2372 2708 2443 prohiberent,
2733 2377 2788 2428 et
2811 2371 3008 2428 omnia
3031 2370 3334 2443 injustitiaa
3365 2387 3581 2442 genera

1937 2460 2622 2530 exterminarijuberent.
2671 2461 2774 2516 His
2805 2461 2886 2515 ita
2914 2478 2982 2515 ex
3010 2463 3407 2532 Augustarum
3443 2477 3579 2515 sen-

1939 2549 2119 2604 tentia
2148 2549 2502 2617 constitutis,
2536 2549 2826 2604 adductus
2854 2549 3030 2604 etiam
3062 2548 3478 2604 Nobilissimus
3509 2548 3582 2603 ab

1937 2639 2164 2692 exsilio.
2189 2642 2446 2706 Cumque
2466 2638 2536 2692 de
2559 2637 3282 2709 publicisinterrogaretur
3297 2637 3580 2709 pecuniis,

1937 2726 2113 2780 minis
2136 2725 2481 2798 perterritus
2503 2726 2926 2780 demonstravit
2958 2725 3116 2780 domi
3139 2741 3282 2791 sua,
3304 2741 3435 2796 qua:
3454 2731 3580 2781 erat

1937 2833 2114 2886 prope
2147 2817 2345 2870 fanum
2380 2813 2817 2886 Apostolorum,
2851 2814 3194 2870 abscondita
3224 2815 3349 2869 auri
3386 2820 3580 2870 cente-

1938 2905 2098 2958 naria
2128 2905 2556 2976 quinquaginta
2612 2904 2724 2958 tria
2772 2904 2828 2958 in
2878 2904 3132 2959 cisterna
3173 2903 3450 2974 quadam.
3502 2908 3582 2958 Ea

1937 2993 2183 3059 pecunia
2211 2993 2584 3063 Augustabus
2617 2992 2846 3048 reddita
2876 2991 3292 3048 Nobilissimus
3322 2993 3378 3046 in
3427 2994 3578 3047 exsi-

1937 3081 2082 3137 lium
2117 3083 2420 3138 remissus.
2455 3082 2674 3137 Deinde
2725 3084 2988 3154 Augusta
3035 3081 3252 3137 creavit
3300 3082 3578 3137 domesti-

1939 3187 2070 3226 cum
2104 3170 2440 3226 scholarum
2473 3171 2728 3226 Orientis
2757 3171 3060 3226 Nicolaum
3111 3169 3438 3243 praesidem,
3471 3186 3576 3224 eu-

1938 3260 2196 3314 nuchum
2231 3262 2321 3315 sui
2357 3260 2554 3327 patris,
2582 3266 2640 3314 et
2670 3261 2877 3315 ducem
2912 3260 3242 3316 Occidentis
3285 3259 3574 3314 Constan-

1934 3350 2118 3402 tinum
2144 3348 2450 3419 patricium
2471 3347 2826 3403 Cabasilam.
2847 3349 3160 3404 Patricium
3185 3353 3374 3403 autem
3399 3347 3580 3404 Geor-

1933 3439 2091 3508 gium
2127 3436 2472 3505 Maniacem,
2506 3454 2674 3508 quem
2695 3438 2821 3508 jam
2873 3441 3008 3492 ante
3055 3435 3375 3493 Michaelus
3412 3452 3442 3492 e
3471 3453 3572 3492 cu-

1933 3525 2126 3580 stodia
2153 3524 2478 3586 dimiserat,
2513 3526 2777 3598 magistri
2809 3525 3028 3581 honore
3058 3526 3286 3581 ornavit
3340 3529 3398 3580 et
3445 3541 3576 3580 cum

1932 3613 2102 3685 pleno
2150 3613 2396 3684 imperio
2448 3613 2863 3684 imperatorem
2911 3613 3189 3669 exercitui
3239 3613 3296 3667 in
3347 3612 3570 3668 Italiam

1930 3701 2114 3766 misit,
2147 3702 2480 3756 Secundum
2516 3702 2635 3755 haec
2667 3701 2739 3755 de
2771 3701 3125 3772 imperatore
3147 3700 3398 3755 creando
3419 3701 3572 3769 cogi-

1930 3794 2139 3856 tatum,
2174 3788 2510 3861 placuitque
2541 3790 2818 3846 omnibus
2849 3794 2912 3844 ut
2941 3789 3263 3860 imperator
3295 3787 3572 3859 designa-

1929 3885 2090 3933 retur
2121 3895 2186 3933 ac
2228 3883 2352 3934 Zoae
2401 3878 2666 3949 legitimo
2713 3878 2990 3949 conjugio
3049 3876 3440 3948 copularetur.
3490 3879 3570 3930 Ac

1928 3968 2200 4038 cupiebat
2229 3983 2368 4022 sane
2400 3967 2529 4038 ipsa
2561 3970 2839 4022 maritum
2877 3968 3089 4022 habere
3117 3966 3568 4022 Constantinum

1927 4061 2238 4126 Catepano,
2270 4072 2441 4126 quem
2473 4062 2531 4110 et
2561 4057 2631 4111 ab
2663 4057 2854 4112 officio
2884 4058 3039 4128 quod
3079 4060 3338 4128 gesserat
3385 4057 3570 4126 Argo-

1927 4144 2140 4199 clinam
2174 4145 2475 4212 vocabant,
2510 4146 2662 4216 quod
2700 4149 2757 4199 et
2815 4147 3108 4198 formosus
3159 4147 3284 4198 erat
3329 4145 3388 4197 et
3431 4158 3564 4196 cum

1927 4235 2036 4289 Zoa
2066 4232 2290 4288 occulte
2319 4249 2434 4289 rem
2468 4233 2680 4288 habere
2711 4233 2864 4289 542
2891 4232 3214 4286 dicebatur.
3273 4230 3384 4287 Sed
3433 4246 3568 4285 eum

1927 4339 2070 4377 uxor
2100 4339 2319 4376 veneno
2354 4325 2599 4386 necavit,
2633 4339 2747 4377 non
2799 4322 2952 4394 quod
3003 4321 3052 4376 ei
3111 4320 3340 4375 infensa
3391 4326 3568 4390 esset,

1927 4412 2028 4465 sed
2064 4411 2216 4481 quod
2251 4427 2313 4465 se
2341 4411 2528 4465 vivam
2561 4427 2626 4465 eo
2651 4411 2940 4481 privatum
2965 4409 3035 4463 iri
3059 4409 3442 4480 intelligebat.
3465 4409 3574 4464 Zoe

1929 4499 2039 4554 hoc
2069 4499 2312 4554 consilio
2343 4500 2411 4553 ad
2446 4499 2674 4554 irritum
2708 4498 2937 4570 relapso
2958 4497 3409 4553 Constantinum
3445 4497 3574 4553 Mn-

1930 4588 2282 4644 monachum
2306 4587 2379 4642 ab
2395 4587 2598 4642 exsilio
2617 4592 3044 4657 revocat,quem
3059 4585 3496 4658 orphanotroph
3509 4603 3575 4641 us

1931 4674 2266 4747 Mitylenam
2301 4676 2590 4746 deportari
2608 4678 2888 4744 jusserat,
2913 4676 3068 4746 quod
3087 4676 3347 4730 omnium
3372 4692 3570 4730 rumo-

1932 4781 1991 4819 re
2015 4763 2697 4836 perhibereturimperio
2730 4765 3040 4836 potiturus.
3080 4765 3245 4819 Hunc
3273 4765 3400 4829 Zoe,
3433 4764 3574 4819 dum

1931 4853 2123 4908 adhuc
2155 4853 2223 4908 de
2255 4851 2440 4908 altero
2471 4852 2571 4908 illo
2602 4853 2991 4909 Constantino
3048 4854 3118 4907 ad
3169 4851 3402 4923 imperii
3452 4852 3575 4907 cul-

1933 4958 2063 4997 men
2122 4941 2420 4997 evehendo
2477 4942 2778 5014 cogitaret,
2857 4946 3164 5013 praetorem
3239 4940 3571 4996 Graecorum

1931 5029 2285 5101 designarat.
2319 5033 2534 5086 Verum
2570 5035 2634 5086 ut
2665 5032 2714 5086 is
2733 5047 2954 5086 veneno
2977 5030 3084 5085 fuit
3107 5029 3572 5100 sublatus,quod

1932 5118 2028 5174 hic
2079 5119 2234 5175 idem
2293 5137 2506 5177 nomen
2564 5121 2823 5193 gerebat,
2879 5124 3148 5192 Augustae
3227 5119 3575 5174 commodus

1360 5236 1730 5294 XYLANDRI
1771 5235 1858 5291 ET
1896 5234 2116 5292 GOARI
2154 5235 2389 5293 ΝΟΤΛΕ.

230 5334 352 5404 (20)
382 5335 752 5406 Superiorem
782 5339 889 5408 aut
920 5351 1104 5408 supra
1155 5334 1423 5408 haecivox
1473 5336 1769 5408 significat
1799 5351 1814 5399 ;

161 5411 525 5478 apparetque
559 5422 692 5461 eum
717 5407 891 5462 alicui
916 5407 998 5478 rei
1021 5411 1124 5462 aut
1143 5407 1454 5477 provinciae
1481 5407 1662 5463 fuisse
1686 5423 1819 5478 prai-

161 5476 406 5549 ιῳιυω.
432 5478 543 5532 Sed
571 5478 712 5549 quid
738 5477 999 5544 fuerit,in
1027 5476 1280 5533 obscuro
1326 5484 1432 5535 est.
1462 5479 1536 5535 Ut
1557 5483 1613 5535 et
1634 5476 1819 5549 Argo-

161 5546 370 5622 clines,
393 5549 572 5622 quale
587 5546 666 5605 sit
682 5550 861 5605 ofﬁcii
893 5565 1082 5622 genus
1105 5566 1118 5604 :
1140 5549 1570 5622 altnmleotum
1593 5551 1653 5606 in
1683 5546 1822 5605 voce

167 5618 433 5694 invento,
467 5621 566 5676 sed
600 5637 722 5677 rem
753 5637 868 5694 non
896 5618 1206 5693 assequor.
1235 5620 1464 5694 Ωιιἱᾲῃεί
1486 5622 1607 5694 fuit
1637 5622 1824 5694 quod-

165 5690 325 5757 dam,
359 5695 425 5748 ut
454 5707 722 5760 aureum,
755 5693 837 5748 ita
883 5690 1227 5765 argenteum
1283 5691 1632 5763 triclinium,
1653 5690 1826 5765 cujus

1926 5332 2024 5408 ille
2056 5341 2292 5408 curator
2321 5335 2514 5408 fuerit,
2567 5331 2965 5408 ἀργυροκλίνης
2993 5351 3007 5402 ;
3040 5333 3169 5408 Xvn.
3199 5363 3268 5374 —-
3297 5331 3433 5408 Tori
3464 5330 3578 5408 mi:

1929 5405 2131 5475 nister,
2165 5407 2284 5461 sive
2333 5407 2560 5462 tardius
2602 5402 2678 5460 'in
2710 5402 2887 5461 'lccto
2922 5402 3281 5461 Vdecubituro
3326 5402 3579 5474 principi

1931 5477 2277 5550 ministrans
2306 5479 2694 5548 adductisque
2721 5486 2778 5550 et
2809 5479 3089 5550 expansis
3115 5479 3580 5550 circumquaque

1931 5549 2101 5622 strati
2135 5549 2375 5622 cortinis
2402 5565 2542 5622 eum
2574 5545 3233 5622 obvelansfdpyoxlivnc
3265 5545 3378 5616 est,
3432 5545 3581 5621 παρὰ

1931 5621 2028 5674 τοῦ
2060 5618 2243 5693 ἀργεῖν
2276 5619 2416 5698 ἀμφὶ
2443 5620 2543 5689 τὴν
2573 5617 2791 5689 κλίνην.
2825 5617 3007 5677 ῧοᾸιιζ
