4070 6334
477 371 595 430 2⁸15

1840 369 2160 431 GEORGII
2203 368 2545 431 CEDRENI

3772 358 3891 419 276

481 502 665 558 visus.
699 506 851 574 Ergo
883 502 1171 559 adductus
1230 509 1322 559 est
1372 504 1442 559 ad
1506 503 1790 574 templum
1843 502 2128 574 principis

2252 498 2410 560 λείας.
2461 503 2661 553 Τοῦτον
2720 499 2844 573 γὰρ,
2896 496 3130 567 ὁπηνίκα
3177 496 3267 552 τὸν
3328 492 3510 570 ἕτερον
3567 489 3885 551 ἐϐουλεύετο

484 591 872 657 exercituum,
906 592 1056 662 quod
1089 594 1145 645 in
1183 598 1579 647 Damocranea
1620 599 1710 646 est
1738 592 1949 663 Athyro
2005 607 2134 662 pro-

484 680 750 748 ximum;
790 681 1126 751 missusque
1158 681 1489 751 Stephanus
1531 685 1949 752 Pergamenus,
1984 696 2137 733 unus

482 768 557 823 de
605 767 988 824 cubiculariis
1036 770 1431 839 Augustarum
1484 769 1798 835 eunuchis,
1849 770 1948 840 qui
2002 784 2137 823 eum

488 860 713 929 privato
742 857 942 913 habitu
976 865 1215 912 exutum
1251 858 1621 929 imperatoria
1667 857 1937 912 amiciret
1994 874 2137 929 pur-

485 963 632 1018 pura
662 951 720 1001 et
751 946 925 1001 celoci
960 947 1304 1017 impositum
1353 948 1409 1001 in
1466 948 1750 1017 palatium
1802 948 2136 1001 adduceret.

488 1036 751 1091 Adducto
782 1039 1045 1106 Augusta
1075 1037 1183 1089 Zoe
1230 1038 1451 1106 nupsit,
1511 1040 1890 1091 consecrante
1936 1036 2140 1088 matri-

492 1124 755 1180 monium
790 1125 977 1195 primo
1010 1124 1176 1179 Novae
1201 1125 1393 1180 Romae
1428 1125 1786 1196 presbytero,
1813 1124 1906 1178 cui
1930 1122 2141 1194 Stypes

492 1217 617 1267 erat
644 1229 879 1281 nomen,
913 1213 1006 1267 die
1033 1212 1192 1267 Junii
1230 1213 1544 1267 undecima
1602 1213 1740 1266 anni
1789 1214 1917 1282 ejus
1968 1228 2142 1281 quem

493 1319 673 1372 supra
706 1301 1117 1356 indicavimus.
1154 1301 1438 1356 Postridie
1469 1306 1783 1356 coronatus
1801 1307 1940 1357 esta
1961 1300 2143 1372 patri-

496 1390 694 1446 archa.

2248 594 2654 642 Κωνσταντῖνον
2716 586 2792 649 εἷς
2839 586 2928 640 τὸν
3004 584 3273 659 βασίλειον
3338 585 3525 657 Θρὸνον
3588 584 3886 657 ἀναγαγεῖν,

2248 673 2502 744 δικαστήν
2564 673 2848 744 Ἑλλήνων
2909 677 3021 747 (21)
3078 674 3534 748 προεχειρίσατο·
3588 669 3774 739 ἐπειδὴ
3837 668 3891 724 δὲ

2246 765 2521 835 κάκεῖνος,
2581 765 2655 825 ὡς
2744 761 3008 835 εἶ’πομεν,
3069 764 3427 837 κατειργάσθη
3512 762 3804 839 φαρμάκῳ,
3865 760 3892 813 ὁ

2250 854 2433 927 ῥηθεὶς
2481 856 2818 927 Μονομάχος
2866 852 2955 906 καὶ
3007 856 3084 923 τῷ
3135 852 3347 915 θανόντι
3408 851 3699 922 ὁμώνυμος
3758 849 3896 923 πρὸς

2246 943 2453 1015 τρόπου
2513 941 2766 1011 ἐνολίσθη
2826 945 2893 1013 τῇ
2951 938 3214 1015 βασιλίδι.
3246 942 3430 1014 ’Ήχθη
3478 940 3566 994 οὖν
3629 938 3763 1011 πρὸς
3808 938 3896 991 τὸν

2251 1033 2483 1106 ἄγχιστα
2512 1036 2607 1085 τοῦ
2639 1031 2866 1106 Ἀθύρος
2899 1028 3232 1102 διακείμενον
3288 1029 3411 1083 ναὸν
3443 1028 3538 1082 τοῦ
3566 1028 3893 1102 ἀρχιστρατ-

2253 1122 2391 1193 ήγου
2448 1120 2538 1174 τὸν
2598 1118 2651 1174 ἐν
2707 1120 3102 1193 Δαμοκρανείᾳο
3159 1119 3246 1173 καὶ
3298 1118 3563 1195 πεμφθεὶς
3627 1116 3900 1192 Στέφανος

2255 1212 2331 1271 εἷς
2364 1208 2438 1263 ὢν
2467 1214 2577 1263 τῶν
2611 1208 3029 1281 Θαλαμηπόλων
3064 1206 3339 1282 εὐνούχων
3393 1208 3492 1275 τὴς
3554 1202 3839 1281 βασιλίδος
3871 1205 3900 1258 ὁ

2258 1298 2612 1373 Περγαμηνὸς
2673 1296 3021 1352 άποδιδύσκιι
3079 1297 3173 1368 μὶν
3234 1296 3393 1351 αὐτὸν
3454 1296 3551 1363 τὴν
3613 1292 3900 1363 ἰδιωτικὴν

2258 1385 2479 1455 στολὴν,
2545 1386 2864 1461 ἀμφιεννυσι
2927 1383 2984 1440 δὶ
3056 1383 3361 1463 πορφυρίδα
3441 1382 3751 1459 βασιλικὴν,
3810 1382 3901 1436 καὶ

497 1474 743 1552 δρόμωνι
799 1471 1095 1548 ἐμϐιϐάσας
1154 1477 1267 1552 ἄγει
1312 1478 1447 1551 πρὸς
1498 1476 1565 1531 τὰ
1613 1476 1877 1551 βασίλεια.
1912 1478 2086 1555 ’ῼτινι
2136 1475 2353 1551 ἀχθὲντι
2404 1475 2720 1529 συνάπτεται
2773 1474 2849 1537 εἷς
2896 1475 3180 1529 κοινωνίαν
3226 1474 3403 1549 γάμου
3451 1476 3485 1543 ἠ
3536 1471 3769 1547 βασιλὶς,
3800 1478 3900 1540 τῆς

498 1564 808 1640 ἱερολογίας
838 1564 1136 1639 γενομένης
1168 1566 1313 1639 παρά
1341 1570 1436 1619 τοῦ
1466 1566 1686 1641 πρώτου
1717 1570 1821 1619 τῶν
1864 1561 2239 1640 πρεσϐυτέρων
2278 1572 2377 1632 τῆς
2423 1565 2563 1625 Νέας
2608 1566 2741 1637 (22),
2773 1565 2831 1626 ὂς
2880 1571 3100 1632 Στυπῆς
3146 1563 3481 1637 ὠνομάζετο,
3525 1569 3588 1615 ια’
3638 1562 3762 1616 τότε
3804 1564 3902 1614 τοῦ

498 1654 728 1709 Ἰουνίου
763 1655 934 1726 μηνὸς
965 1652 1209 1729 ἄγοντος,
1244 1659 1337 1708 τοῦ
1368 1657 1496 1732 ,ςφν’
1527 1652 1699 1716 ἔτους.
1741 1655 1997 1728 Στέφεται
2035 1654 2090 1709 δὲ
2120 1658 2187 1727 τῇ
2220 1653 2474 1726 ἐπαύριον
2507 1654 2654 1727 παρά
2681 1658 2778 1707 τοῦ
2809 1654 3173 1727 πατριάρχου.

575 1744 997 1801 Monomachus
1012 1752 1247 1817 accepto
1272 1745 1602 1817 imperio,et
1624 1746 1951 1801 senatorios
1979 1746 2149 1812 viros,
2182 1748 2228 1811 B

506 1838 677 1905 prout
707 1834 996 1905 cujusque
1057 1834 1315 1905 dignitas
1363 1834 1602 1901 terebat,
1653 1836 1721 1888 ad
1774 1834 2147 1890 sublimiores

505 1922 689 1978 evexit
723 1922 991 1988 honores,
1026 1928 1084 1979 et
1115 1924 1371 1994 pecuniae
1404 1924 1821 1979 distributione
1868 1941 2034 1978 suam
2088 1924 2146 1978 in

505 2010 788 2082 populum
846 2011 1255 2067 liberalitatem
1315 2011 1650 2067 declaravit.
1714 2012 1920 2066 Emisit
1969 2012 2145 2066 etiam

504 2101 738 2155 decreta
770 2118 869 2172 per
897 2117 1102 2155 omnes
1140 2100 1487 2170 provincias,
1524 2118 1649 2171 quae
1677 2106 1735 2156 et
1766 2102 1958 2173 ipsum
2018 2118 2147 2157 esse

500 2188 907 2259 imperatorem
939 2191 1156 2244 factum
1187 2188 1532 2255 indicarent,
1561 2190 1711 2245 543
1743 2196 1799 2246 et
1837 2192 2145 2263 promitte-

498 2282 629 2332 rent
660 2279 804 2332 forte
836 2284 900 2332 ut
932 2278 1041 2333 sub
1076 2278 1202 2349 ipso
1234 2278 1434 2333 omnia
1465 2278 1711 2335 honesta
1746 2279 2008 2349 vigerent
2028 2296 2147 2334 om-

497 2366 712 2437 niaque
763 2366 984 2437 ﬂagitia
1031 2366 1531 2423 exscinderentur.
1580 2368 1863 2423 Joannem
1913 2384 2146 2439 quoque

493 2452 1039 2525 orphanotrophum
1074 2470 1205 2509 cum
1239 2455 1515 2509 omnibus
1546 2472 1673 2527 qua:
1704 2455 1913 2526 'ipsius
1956 2462 2144 2526 erant,

493 2559 526 2597 a
560 2542 1002 2598 Monobatarum
1037 2544 1391 2599 monasterio
1423 2544 1479 2598 in
1518 2544 1795 2613 Lesbum,
1819 2550 1876 2599 et
1905 2544 2147 2600 Michae-

493 2631 619 2686 lum
652 2648 855 2687 racens
887 2632 1129 2703 imperio
1165 2632 1455 2704 privatum
1487 2633 1544 2687 in
1586 2633 1819 2701 Chium,
1859 2634 2143 2688 Constan-

494 2720 810 2792 tinumque
841 2721 1279 2776 nobilissimum
1312 2723 1368 2776 in
1389 2728 1628 2776 Samum
1656 2724 1999 2792 deportavit.
2027 2726 2143 2777 Hoc

498 2824 644 2863 usus
689 2810 923 2864 exordio
981 2809 1405 2864 Monomachus
1465 2809 1783 2864 indictione
1843 2811 1926 2863 10.
1972 2810 2144 2866 Sexta

502 2912 673 2967 porro
696 2896 960 2953 Octobris
998 2896 1112 2963 die,
1144 2897 1458 2953 indictione
1483 2898 1727 2961 tt,anno
1756 2899 2138 2967 mundi6551,

501 2990 729 3041 cometa
756 2987 1050 3057 apparuit,
1082 2986 1154 3042 ab
1194 2985 1415 3041 oriente
1465 2986 1534 3041 ad
1586 3003 1857 3041 occasum
1910 2988 2140 3058 prolici-

496 3089 687 3141 scens,
722 3078 962 3145 totoque
994 3074 1095 3129 illo
1158 3091 1360 3129 mense
1411 3074 1598 3130 fulsit.
1650 3078 1706 3131 Is
1756 3077 2211 3179 portendebatc

492 3161 859 3219 calamitates
894 3163 1115 3218 mundo
1146 3168 1473 3219 eventuras.
1525 3166 1667 3219 Cum
1700 3167 1855 3219 enim
1890 3165 2135 3236 Stepha-

493 3268 624 3321 nus,
656 3253 758 3323 qui
788 3256 846 3306 et
877 3252 1274 3318 Boisthlabus,
1307 3252 1463 3324 fuga,
1501 3258 1564 3307 ut
1623 3258 1756 3308 ante
1807 3254 2133 3310 docuimus.

487 3354 556 3395 ex
587 3341 731 3396 urbe
775 3339 1013 3411 elapsus
1072 3340 1332 3411 Illyricos
1372 3346 1720 3412 occupasset
1767 3348 2015 3409 montes,
2070 3360 2135 3399 ac

485 3428 775 3483 Triballos
796 3432 853 3483 et
872 3433 1075 3483 Servos
1096 3429 1349 3499 indeque
1373 3430 1645 3484 viciniam
1688 3430 1970 3485 Romanis
1992 3433 2135 3485 sub-

486 3515 669 3570 ditam
703 3516 1184 3588 populationibus
1214 3524 1463 3581 vexaret,
1490 3518 1912 3573 Monomachus
1932 3536 2131 3575 earum

486 3605 921 3675 grassationum
944 3606 1258 3677 impatiens
1273 3606 1556 3662 Michaelo
1580 3606 1823 3679 patricio
1844 3609 2137 3664 Anastasii

489 3690 794 3763 logothetw
822 3692 961 3759 filio,
998 3698 1121 3747 tum
1182 3692 1484 3765 Dyrrachii
1549 3696 1838 3765 praefecto,
1892 3698 2133 3751 mandat

489 3797 590 3850 per
616 3780 840 3837 litteras
872 3787 934 3835 ut
967 3782 1227 3837 collectis
1258 3787 1315 3837 et
1356 3783 1481 3837 suis
1533 3788 1590 3838 et
1639 3782 1770 3837 aliis
1823 3783 2129 3852 militibus,

486 3874 773 3941 quotquot
803 3871 861 3925 in
891 3870 1099 3926 vicinis
1129 3888 1195 3925 ac
1220 3871 1498 3926 Romanis
1532 3872 1785 3927 subditis
1817 3874 2129 3943 provinciis

484 3958 754 4029 dispositi
784 3965 973 4024 erant,
1026 3976 1143 4014 una
1194 3976 1325 4014 cum
1379 3960 1652 4014 ordinum
1700 3960 2045 4016 ductoribus
2073 3961 2131 4016 in

484 4046 775 4102 Triballos
805 4047 1209 4117 proficiscatur
1237 4054 1294 4103 et
1342 4048 1709 4116 Stephanum
1761 4049 2027 4106 debellet.
2078 4050 2131 4104 ls

482 4150 613 4189 vero
634 4134 951 4189 Michaelus
983 4138 1061 4188 rei
1096 4134 1312 4189 bellicae
1343 4136 1763 4208 ignarissimus
1794 4137 2038 4208 (quippe
2072 4138 2130 4191 in

481 4222 691 4277 umbra
720 4222 947 4277 stinter
977 4222 1216 4277 delicias
1248 4224 1556 4293 educatus)
1588 4224 1780 4294 inepte
1813 4230 1870 4277 et
1918 4225 2129 4280 inscite

479 4324 601 4365 rem
616 4326 929 4381 aggressus
954 4326 1226 4381 magnam
1253 4312 1331 4366 rei
1358 4312 1626 4366 Romana
1649 4314 1803 4369 544
1834 4312 2132 4368 calamita-

477 4403 593 4454 tem
618 4398 849 4453 invexit.
878 4398 1205 4454 Contractis
1227 4401 1407 4463 enim,
1432 4408 1495 4455 ut
1515 4417 1722 4467 jussus
1746 4408 1890 4465 erat,
1937 4403 2124 4474 copiis

2332 1744 2412 1815 [P.
2476 1745 2604 1815 754]
2692 1742 2789 1796 Καὶ
2864 1740 2972 1811 ἤδη
3056 1746 3162 1795 τῶν
3244 1742 3531 1815 σκήπτρων
3613 1740 3902 1813 γενόμενος

2257 1831 2520 1905 ἐγκρατὴς
2610 1830 2809 1892 πάντας
2881 1832 2974 1903 μὶν
3025 1829 3151 1895 τοὺς
3203 1828 3600 1907 συγκλητικοὺς
3663 1830 3903 1904 βαθμοῖς

2256 1919 2579 1992 ἀξιωμάτων
2654 1920 2789 1974 κατά
2853 1922 2951 1988 τὴν
3029 1920 3254 1974 ἑκάστου
3313 1913 3672 1993 προεϐίϐασεν
3726 1918 3904 1989 ἀξίαν,

2254 2008 2344 2062 καὶ
2378 2009 2611 2083 χρυσίου
2666 2006 2722 2062 δὲ
2754 2005 3035 2081 διανομαῖς
3073 2009 3136 2062 τὸ
3194 2009 3408 2076 πλῆθος
3441 2005 3901 2084 ἐφιλοτιμήσατο.

2256 2096 2633 2168 Ἐξαπὲστειλι
2689 2095 2746 2152 δὶ
2790 2097 2877 2152 καὶ
2937 2098 3205 2174 ἀναφορὰς
3261 2097 3311 2150 ἐν
3361 2102 3489 2150 πᾶσι
3529 2101 3645 2156 τοῖς
3680 2096 3902 2168 θὲμασι,

2253 2189 2351 2256 τήν
2409 2208 2466 2241 τε
2530 2186 2818 2262 ἀνάρρησιν
2879 2185 3041 2240 αὐτοῦ
3100 2182 3395 2255 δηλούσας,
3445 2184 3533 2239 καὶ
3593 2185 3903 2259 ὑπισχνου-

2259 2274 2415 2348 μὲνας
2468 2277 2666 2337 παντὸς
2721 2276 2815 2348 μὶν
2874 2275 3079 2349 ἀγαθοῦ
3153 2272 3342 2348 βλύσιν
3429 2274 3520 2328 καὶ
3568 2274 3900 2349 παρρησίαν,

2255 2366 2433 2434 πάσης
2508 2361 2565 2419 δὲ
2646 2365 2835 2425 κακίας
2922 2364 3231 2435 ἀποτομήν.
3293 2357 3624 2419 Μετιόίϐασε
3695 2359 3752 2416 δὲ
3809 2365 3905 2417 καὶ

2258 2455 2512 2523 Ἰωάννην
2547 2454 2635 2508 τὸν
2695 2452 3101 2531 ὀρφανοτρόφον
3158 2454 3294 2525 μετά
3344 2454 3560 2507 πάντων
3617 2454 3688 2506 ὧν
3750 2452 3901 2527 εἶχεν

2254 2542 2359 2597 ἀπὸ
2417 2550 2515 2611 τῆς
2571 2550 2744 2615 μονῆς
2797 2549 2903 2597 τῶν
2964 2537 3292 2599 Μονοϐατῶν
3353 2542 3429 2603 εἴς
3455 2544 3553 2611 τήν
3585 2548 3746 2609 νῆσον
3797 2542 3902 2597 Ai-

2254 2626 2407 2697 σόον,
2465 2632 2553 2687 καὶ
2612 2632 2842 2707 Μιχαὴλ
2897 2633 2988 2687 τὸν
3048 2632 3152 2705 πρὸ
3198 2636 3296 2685 τοῦ
3353 2629 3578 2706 βασιλέα
3626 2630 3699 2692 εἷς
3740 2632 3903 2699 Χίον,

2253 2720 2342 2774 καὶ
2376 2723 2779 2776 Κωνσταντῖνον
2811 2722 2902 2775 τὸν
2960 2714 3357 2789 νωϐελίσσιμον
3418 2719 3492 2780 εἷς
3552 2720 3762 2791 Σάμον.
3798 2720 3899 2773 Καὶ

2250 2813 2419 2862 ταῦτα
2480 2810 2574 2881 μὶν
2631 2810 2877 2884 ἐπράχθη
2938 2808 2991 2863 ἐν
3046 2809 3365 2881 προοιμίοις
3410 2814 3492 2881 τῷ
3548 2810 3897 2884 Μονομάχῳ,

2251 2896 2386 2951 κατά
2437 2905 2536 2966 τήν
2572 2904 2599 2951 ι’
2632 2896 2959 2953 ίνδικτιῶνα¹
2993 2898 3129 2951 κατά
3185 2895 3242 2952 δὲ
3297 2899 3395 2967 τήν
3456 2904 3499 2961 ς’
3535 2901 3632 2951 τοῦ
3690 2898 3898 2954 Ὀκτω-

2251 2980 2408 3059 ϐρίου
2472 2988 2661 3059 μηνὸς,
2689 2994 2789 3056 τῆς
2850 2988 2913 3041 ια’
2959 2984 3443 3053 ἷ’νδικτιῶνος,τοῦ
3498 2994 3661 3063 ιςφνῶ
3718 2985 3894 3055 ἔτους,

2250 3073 2414 3151 ἰφάνη
2478 3078 2732 3147 κομήτης
2790 3076 2895 3129 ἀπὸ
2942 3082 3042 3143 τῆς
3097 3071 3169 3129 ἕω
3228 3075 3362 3149 πρὸς
3396 3076 3494 3143 τὴν
3528 3071 3675 3129 δύσιν
3707 3076 3896 3129 ποιού·

2252 3184 2411 3236 μενος
2464 3165 2562 3232 τὴν
2622 3164 2865 3232 πορείαν,
2910 3164 3001 3218 καὶ
3059 3164 3238 3239 ὡρᾶτο
3295 3162 3528 3235 λάμπων
3586 3169 3711 3238 παρ’
3759 3161 3894 3218 ὅλον

2244 3257 2434 3307 τοῦτον
2490 3253 2580 3307 τὸν
2646 3256 2808 3324 μῆνα.
2844 3254 3165 3328 Προιμήνυε
3214 3249 3258 3307 δ’
3291 3253 3445 3314 οὗτος
3494 3252 3591 3315 τὰς
3649 3250 3894 3325 μελλού-

2246 3362 2339 3402 σας
2399 3335 2860 3413 ἑπισυμὸήσεσθαι
2919 3340 3187 3414 κοσμικὰς
3243 3342 3550 3418 συμφοράς.
3614 3341 3893 3415 Στεφάνου

2243 3431 2344 3503 γὰρ
2374 3434 2469 3484 τοῦ
2504 3430 2594 3484 καὶ
2657 3426 3025 3495 Βοϊσθλάόου,
3058 3430 3236 3505 ὥσπερ
3297 3428 3596 3504 ἔμπροσθεν
3657 3429 3890 3506 ἐρρήθη,

2244 3516 2577 3593 ἀποδράντος
2656 3519 2760 3573 ἀπὸ
2839 3523 2932 3572 τοῦ
2991 3520 3284 3588 Βυζαντίου
3343 3519 3431 3573 καὶ
3485 3519 3551 3574 τὰ
3604 3518 3892 3593 Ἰλλυρικὰ

2243 3607 2612 3681 κατασχόντος
2641 3605 2766 3683 ὅρη,
2817 3606 2905 3661 καὶ
2954 3603 3300 3681 Τριϐαλλοὺς
3356 3607 3447 3661 καὶ
3508 3602 3745 3681 Σὲρὸους
3795 3610 3887 3663 καὶ

2243 3694 2310 3748 τὰ
2365 3695 2631 3770 πρόσοικα
2684 3696 2813 3769 γένη
2872 3695 2961 3750 καὶ
3008 3696 3296 3768 Ῥωμαίοις
3357 3697 3572 3766 ὑπήκοα
3626 3697 3889 3771 κατατρέ-

2246 3802 2441 3857 χοντος
2490 3783 2577 3837 καὶ
2620 3783 2976 3856 ληϊζομένου,
3013 3786 3088 3856 μὴ
3142 3783 3317 3857 φέρων
3347 3785 3373 3837 ὁ
3411 3784 3749 3858 Μονομάχος
3790 3784 3889 3845 τὰς

2243 3868 2448 3924 ἐκείνου
2479 3868 2823 3945 καταδρομὰς
2850 3876 2931 3943 τῷ
2972 3874 3094 3927 τότε
3152 3870 3376 3948 ἄρχοντι
3424 3876 3525 3925 τοῦ
3575 3872 3889 3947 Δυρραχίου

2241 3959 2328 4029 (ἦν
2388 3955 2445 4013 δὶ
2496 3958 2730 4034 Μιχαὴλ
2787 3960 3094 4032 πατρίκιος,
3138 3962 3165 4015 ὁ
3224 3961 3577 4016 Ἀναστασίου
3632 3964 3730 4014 τοῦ
3789 3959 3889 4015 λο-

2238 4046 2466 4120 γοθὲτου
2559 4048 2698 4121 υίὸς)
2805 4046 3122 4122 γράμμασιν
3207 4047 3541 4123 ἐγκελεύεται
3621 4050 3711 4103 τόν
3800 4050 3891 4104 ὑπ’

2242 4135 2402 4189 αὐτὸν
2458 4142 2704 4207 ἀθροῖσαι
2753 4141 2853 4190 τοῦ
2910 4136 3214 4212 Δυρραχίου
3284 4137 3413 4193 λαὸν
3474 4139 3887 4213 στρατιωτικὸν,

2238 4219 2314 4278 ἔτι
2349 4222 2407 4279 δὲ
2434 4226 2519 4279 καὶ
2561 4226 2656 4288 τὰς
2716 4225 2967 4300 στρατιὰς
3018 4226 3125 4279 τῶν
3184 4225 3510 4301 ἐγγιζόντων
3568 4226 3743 4299 τούτῳ
3800 4229 3891 4281 Θι-

2242 4312 2423 4384 μάτων
2500 4313 2590 4367 καὶ
2668 4313 2814 4385 αύ-,ᾦ
2896 4315 3287 4386 ὑποκειμένων,
3345 4314 3435 4368 καὶ
3507 4315 3715 4387 συνάμα
3766 4321 3889 4379 τοῖς

2241 4402 2670 4477 ὑποστρατήγοις
2751 4402 2829 4464 εἰς
2912 4398 3259 4478 Τριϐαλλοὺς
3330 4403 3585 4459 ἀπελθεῖν
3637 4404 3727 4458 καὶ
3787 4425 3889 4458 κα-

478 4488 574 4557 (ad
604 4489 913 4559 sexaginta
960 4486 1147 4543 millia
1180 4488 1432 4544 militum
1479 4506 1557 4544 οιο
1609 4492 2012 4563 continebant)
2062 4492 2121 4547 in

2252 4489 2611 4562 ταπολεμῆσαι
2660 4490 2751 4545 τὸν
2816 4491 3104 4565 Στέφανον.
3169 4491 3229 4547 Ὁ
3288 4488 3344 4545 δὶ
3400 4489 3709 4563 πολεμικῆς
3764 4491 3889 4545 ἑπι-

477 4574 767 4631 Triballos
788 4576 957 4630 duxit
990 4576 1299 4633 itineribus
1330 4579 1673 4648 acclivibus,
1706 4581 1951 4651 asperis,
1974 4582 2125 4635 sale-

2252 4580 2452 4651 ῐτήμης
2504 4578 2725 4654 ἀπέχων
2791 4580 3023 4653 μακρὰν,
3058 4580 3145 4633 οἶα
3204 4582 3533 4657 σκιατραφής
3591 4579 3890 4653 ἄνθρωπος

481 4664 680 4721 brosis
710 4682 775 4721 ac
806 4666 886 4719 ita
916 4669 1187 4736 angustis
1220 4670 1283 4721 ut
1324 4684 1392 4722 ne
1427 4668 1544 4721 bini
1573 4668 1809 4738 quidem
1838 4668 2012 4724 simul
2040 4669 2123 4726 ire

2252 4667 2321 4721 ιαί
2382 4667 2685 4729 εὐπαθείαις
2747 4666 3195 4742 ἐντεθραμμένος,
3249 4667 3433 4742 ἀφυῶς
3490 4670 3575 4723 καὶ
3634 4669 3887 4743 ἀτέχνως

476 4754 707 4825 equites
742 4759 1002 4825 possent,
1051 4754 1262 4819 Servis,
1323 4762 1385 4809 ut
1443 4757 1645 4825 fertur,
1699 4756 1897 4812 dedita
1946 4775 2123 4829 opera

2256 4759 2583 4831 πιχειρήσας
2636 4762 2717 4828 τῷ
2776 4751 2920 4831 ἔργῳ
2983 4756 3229 4828 μεγάλης
3287 4755 3457 4817 α’ίτιος
3516 4756 3742 4833 ἀτυχίας
3796 4763 3886 4831 τῷ

474 4842 820 4899 cedentibus
850 4858 916 4897 ac
947 4842 1165 4897 intrare
1220 4859 1351 4897 eum
1403 4844 1754 4911 sinentibus,
1810 4861 1998 4917 neque
2050 4847 2120 4902 de

2252 4844 2511 4918 Ρωμαίων
2580 4843 2787 4919 ἐγίνετο
2851 4844 3239 4916 πολιτεύματι.
3318 4845 3601 4919 Ἀθροίσας
3656 4846 3761 4920 γὰρ
3816 4845 3883 4910 ἃς

471 4931 661 4987 reditu
697 4930 1015 4986 sollicitum
1069 4947 1257 5002 neque
1285 4932 1443 5002 justo
1494 4934 1762 5004 praesidio
1812 4935 2117 5006 angustias

2252 4934 2615 5006 προσετέτακτο
2687 4930 2967 5006 δυνάμεις,
3028 4930 3190 4995 οὔσας
3248 4938 3371 5007 περί
3448 4934 3543 4996 τὰς
3614 4933 3885 5005 ιξήκοντα

468 5021 966 5091 occupantem.lta
988 5019 1291 5089 ingressus
1315 5021 1667 5092 campestria
1684 5020 2113 5093 direptionibus

2252 5019 2507 5096 [ιλιάδας,
2550 5019 2763 5077 ε’ίσεισιν
2825 5021 2900 5085 είς
2957 5018 3323 5097 ΤριϐαΑλοὺς,
3382 5019 3659 5085 διοδεύσας
3716 5022 3885 5089 ὁδοὺς

1646 5135 2013 5193 XYLANDRI
2057 5138 2144 5193 ET
2181 5137 2402 5194 GOARI
2456 5137 2683 5193 NOTAE.

531 5240 779 5314 (2-I)Oui
825 5239 962 5294 lites
1014 5246 1202 5314 ortas
1238 5241 1385 5314 inter
1423 5248 1790 5314 Sarracenos
1850 5243 2116 5314 aliosque

464 5312 951 5383 septentrionales
1011 5311 1275 5367 infideles
1326 5313 1641 5383 judicaret,
1718 5320 1775 5369 et
1849 5316 1919 5369 de
1996 5311 2113 5371 illis

464 5401 531 5469 ei:
561 5389 815 5469 aquo‘et
845 5385 996 5469 bono
1027 5384 1505 5469 decerperettﬂin.
1528 5386 1633 5469 hoc
1681 5402 1713 5466 a
1763 5386 1965 5468 judice
2004 5403 2111 5469 ea:
2224 5387 2389 5469 tingit
2420 5384 3283 5469 in'l‘lovaRomagpresbyteros.
3308 5384 3795 5469 sanctiusitaque
3815 5397 3880 5447 et

465 5454 679 5529 είς-ρηεὶ
720 5454 1031 5529 discretus,
1063 5456 1331 5529 quodhic
1365 5456 1725 5529 AQhristianis
1766 5454 2109 5529 imperatori
2219 5454 2453 5512 verius:
2485 5459 2715 5513 Peracta
2752 5454 3024 5529 nuptialis
3072 5454 3469 5518 benedictionis
3513 5454 3880 5517 solemnitate

466 5525 877 5601 militantibus,
911 5526 1007 5581 ille
1037 5528 1266 5581 cunctis
1293 5543 1325 5580 a
1355 5525 1568 5582 Christi
1603 5528 1714 5601 fide
1753 5525 1959 5601 alienis
2009 5531 2110 5599 jus
2216 5530 2284 5601 ab
2314 5531 2565 5601 Ecclesiae
2595 5533 2758 5585 Nova:
2786 5525 3276 5601 archipresbytero.
3308 5534 3445 5587 Erat
3470 5538 3662 5589 autem
3689 5533 3725 5599 ἡ
3758 5530 3876 5587 Νᾶα

464 5597 701 5652 diceret.
749 5600 954 5675 Auctor
988 5614 1168 5675 unum
1232 5603 1537 5675 memorat,
1598 5599 1779 5675 alium
1827 5597 2105 5675 C9_di_nt_is,
2215 5600 2474 5675 Ecclesia
2504 5601 2564 5655 in
2598 5601 2811 5675 palatio
2830 5597 3481 5675 a_B£Lsilio'imperatore
3502 5597 3871 5672 constructa,

464 5684 674 5741 nempe
707 5669 1264 5741 quinquagesimum
1296 5670 1622 5725 secundum
1645 5671 1798 5727 inter
1828 5669 2105 5728 officiales
2215 5670 2286 5727 de
2318 5689 2434 5745 qua
2464 5669 2665 5729 auctor
2695 5690 2752 5745 p.
2782 5672 2907 5728 588.
2942 5670 3121 5728 Goaa.

2229 5249 2509 5300 recenset.
2543 5245 2723 5299 GOAR.

2292 5318 2403 5402 (ἓὲ)
2423 5316 2725 5402 ⁸Χγμιηὰοτις
2752 5314 3190 5402 ridicule,_et‘ut
3219 5317 3381 5402 libet,
3413 5334 3497 5402 ex”
3526 5318 3716 5402 capite
3757 5319 3877 5402 sibi
