4038 6334
185 400 307 458 377

1337 395 1882 460 HlSTOltlARUM
1924 393 2469 459 COMPENDIUM.

3485 397 3605 456 2⁸78

187 528 433 592 ἀνάντεις
477 528 565 582 καὶ
623 527 880 603 τραχείας
935 529 1024 582 καὶ
1085 527 1476 604 ἀποκρήμνους
1517 529 1606 583 καὶ
1661 547 1835 582 στενο-

1961 528 2364 600 incendiisque
2395 529 2683 584 vastabat.
2719 529 2789 583 At
2812 528 2968 583 Servi
3001 527 3200 584 fauces
3221 526 3498 584 itinerum
3535 545 3604 583 ac

188 619 418 691 χώρους
475 618 549 678 ὡς
626 617 701 690 μή
773 615 825 671 έν
901 621 1082 688 ταυτῷ
1138 613 1392 672 δύνασθαι
1462 615 1558 671 δύο
1615 617 1848 679 ἱππότας

192 704 471 781 βαδίζειν,
522 703 763 767 ἐνδόντος
825 703 1170 776 ἐξεπίτηδες,
1233 705 1305 769 ὥς
1363 727 1530 784 φασι,
1593 707 1682 761 καὶ
1740 710 1848 760 τῶν

191 791 420 870 Σέρϐων
473 795 560 848 καὶ
599 796 1074 870 συγχωρησάντων
1108 796 1206 863 τήν
1262 793 1493 866 εἴσοδον,
1556 797 1695 866 μήτε
1748 801 1848 862 τῆς

190 885 548 961 ὑποστροφῆς
629 882 918 960 φροντίσας
997 885 1139 954 μήτε
1223 883 1468 958 φυλακὴν
1556 883 1849 954 ἐπιστήσας

184 972 499 1047 ἀξιόμαχον
557 977 676 1033 ταῖς
737 971 1144 1048 στενοχωρίαις.
1179 973 1418 1034 Ἐκεῖνος
1470 973 1564 1044 μὲν
1599 971 1690 1027 οὖν
1743 971 1849 1026 είσ-

187 1058 375 1124 ελθὼν
446 1057 607 1134 ἐδῄου
677 1060 773 1122 τὰς
842 1058 1100 1122 πεδιάδας
1154 1061 1240 1116 καὶ
1299 1060 1618 1137 ἐπυρπόλει,
1680 1063 1731 1116 οἱ
1789 1061 1848 1116 δὶ

187 1143 394 1225 Σὲρϐοι
453 1143 850 1210 καταλαϐόντες
908 1147 1206 1227 ἐφύλαττον
1267 1149 1333 1206 τὰ
1391 1151 1546 1204 στενὰ
1571 1150 1658 1204 καὶ
1710 1150 1846 1204 ἀπό-

186 1258 417 1312 κρημνα
471 1243 571 1306 τῆς
628 1232 842 1312 τρίϐου,
904 1239 991 1293 καὶ
1051 1238 1386 1313 προσέμενον
1445 1240 1546 1307 τὴν
1580 1240 1846 1315 ὑποστρο-

186 1327 326 1403 φήν.
371 1323 562 1403 Ὠς-δὲ
602 1324 725 1388 ἅλις
760 1330 840 1398 τῷ
889 1325 1118 1401 Μιχαὴλ
1171 1324 1342 1383 ἐδόκει
1391 1327 1456 1382 τὰ
1492 1334 1590 1397 τῆς
1638 1326 1847 1397 λεηλαο

187 1401 335 1481 σίας,
393 1401 483 1469 καί
542 1413 691 1470 λείαν
752 1414 971 1485 πολλὴν
1025 1415 1116 1470 καὶ
1169 1415 1559 1492 αἰχμαλωσίαν
1588 1411 1846 1492 περιεϐά-

1959 621 2251 689 ριωινυριο
2283 617 2538 672 insidere
2567 622 2624 672 et
2655 617 2905 673 reditum
2939 617 3066 687 ejus
3098 615 3442 688 prastolari.
3497 619 3603 670 Mi-

1959 706 2199 763 chaelus
2265 712 2327 762 ut
2374 707 2518 762 satis
2580 708 2782 778 praedae
2829 707 3308 778 captivorumque
3370 713 3599 778 parturn

1961 805 2312 868 tempusque
2341 800 2579 851 domum
2615 796 2930 851 reducendi
2966 797 3213 866 putavit,
3247 795 3384 850 etin
3410 795 3602 850 reditu

1958 885 2016 939 in
2050 885 2358 956 angustias
2389 884 2669 956 pervenit,
2701 884 2780 938 ibi
2814 900 2949 939 vero
2977 884 3133 940 Servi
3180 885 3250 939 de
3300 883 3605 938 sublimio-

1958 973 2123 1030 ribus
2156 973 2298 1030 locis
2329 977 2622 1029 Romanos
2652 972 2831 1039 saxis,
2864 971 3182 1044 lapidibus,
3207 972 3458 1042 sagittis,
3478 988 3601 1028 om-

1957 1064 2166 1134 nisque
2197 1065 2427 1134 generis
2461 1063 2786 1119 missilibus
2839 1063 3136 1134 impetere,
3188 1078 3376 1133 neque
3423 1061 3603 1117 armis

1959 1168 2147 1224 neque
2182 1152 2454 1207 manibus
2486 1152 2568 1206 uti
2603 1151 2881 1216 valentes,
2925 1156 3028 1206 aut.
3081 1150 3200 1205 ullo
3251 1150 3422 1205 modo
3477 1165 3597 1205 rem

1956 1257 2172 1312 gerere.
2207 1245 2290 1296 Ita
2321 1241 2416 1295 alii
2447 1240 2776 1296 missilibus
2809 1241 3120 1311 prosterni,
3163 1239 3261 1294 alii
3310 1255 3414 1310 per
3459 1255 3600 1310 prae-

1956 1329 2160 1402 cipitia
2186 1329 2435 1400 devolvi,
2461 1328 2778 1386 miserabili
2799 1328 2987 1398 clade,
3011 1330 3154 1384 adeo
3179 1332 3243 1384 ut
3263 1329 3598 1398 adjacentes

1955 1418 2249 1474 convalles
2306 1424 2482 1490 atque
2540 1419 2818 1474 cavitates
2891 1417 3272 1473 cadaveribus
3347 1417 3600 1488 impletin

188 1503 345 1569 λετο,
404 1504 491 1558 xui
552 1505 740 1575 καιρὸς
792 1505 954 1581 έφάνη
1017 1506 1306 1580 ἀναζυγῆς,
1359 1507 1457 1560 κάν
1514 1511 1636 1568 ταῖς
1667 1526 1835 1560 στενο·

1959 1509 2446 1579 persequentibus
2480 1508 2685 1580 perviae
2715 1511 2927 1562 essent.
2966 1506 3268 1561 Perierunt
3290 1506 3360 1559 ad
3385 1506 3457 1559 40
3474 1505 3602 1560 mil-

188 1591 434 1668 χωρίαις
491 1590 906 1668 ὁδοιποροῦντες
960 1593 1227 1668 ἐγένοντο,
1275 1593 1400 1650 τότε
1439 1593 1505 1661 δή
1533 1593 1622 1672 ἀφ’
1677 1595 1835 1668 ὕψους

1957 1596 2035 1651 lia
2065 1600 2121 1650 et
2149 1597 2182 1648 7
2215 1596 2436 1652 duces:
2470 1595 2676 1666 reliqui
2712 1612 2814 1666 per
2851 1594 3037 1649 saltus
3092 1610 3158 1649 ac
3205 1592 3383 1648 silvas
3429 1608 3600 1647 mon-

187 1683 240 1736 oi
307 1680 574 1753 πολέμιοι
624 1681 864 1757 χέρμασί
914 1703 970 1736 τε
1025 1681 1323 1757 βάλλοντες
1381 1682 1469 1737 καὶ
1520 1682 1697 1753 τόξοις
1755 1682 1835 1737 καῖ

1953 1685 2102 1741 tium
2133 1685 2401 1756 dissipati
2431 1690 2490 1740 et
2537 1685 2873 1757 conspectui
2903 1683 3160 1738 hostium
3212 1681 3489 1738 subducti
3538 1681 3596 1736 in

186 1770 476 1832 παντοίοις
530 1766 822 1840 ἑκηϐόλοις
869 1771 1125 1845 ὀργάνοις
1155 1771 1244 1826 καὶ
1303 1769 1492 1834 λίθους
1551 1771 1835 1847 ὑπερμεγέ·

1953 1775 2261 1830 cacumina
2337 1779 2666 1840 evaserunt,
2745 1773 2896 1830 545
2977 1775 3269 1840 nocthue
3341 1771 3411 1825 ad
3491 1787 3600 1825 sua

185 1861 306 1921 θεις
361 1859 645 1921 κυλίοντες
705 1859 962 1934 ἀνῄρουν,
992 1866 1101 1914 τὼν
1132 1860 1256 1935 περὶ
1306 1861 1398 1914 τὸν
1433 1859 1668 1935 Μιχαὴλ
1705 1863 1835 1932 μήτε

1955 1862 2773 1935 pervenerunt,miserandum
2796 1878 2862 1916 ac
2888 1859 3261 1932 lacrymabile
3289 1863 3594 1929 spectacu-

183 1949 346 2026 χερσί
405 1949 535 2020 μήθ’
565 1946 760 2010 ὅπλοις
805 1951 1111 2024 χρήσασθαι
1158 1947 1487 2021 δυναμένων,
1540 1949 1669 2019 μήτ’
1721 1949 1835 2024 ἀρε-

1956 1952 2270 2008 lum.Inter
2293 1952 2401 2008 bos
2434 1952 2536 2006 fuit
2560 1952 2734 2006 etiam
2758 1949 2884 2022 ipsc
2903 1948 3222 2004 Michaelus
3246 1946 3424 2002 simili
3450 1965 3594 2003 usus

181 2045 287 2107 τῆς
345 2037 495 2099 ὅλως
548 2034 1109 2112 ἰπιδείξασθαιέργον.
1161 2040 1244 2111 [Ρ.
1291 2038 1420 2112 755]
1477 2036 1572 2092 Καὶ
1633 2037 1686 2090 oi
1746 2039 1840 2111 μὲν
1955 2041 2208 2097 fortuna.

183 2125 377 2181 αὐτόθι
419 2123 757 2199 βαλλόμενοι
787 2123 1036 2192 ἔπιπτον,
1069 2127 1121 2181 οἱ
1154 2122 1212 2181 δὶ
1241 2125 1734 2201 κατεκρημνίζοντο
1762 2126 1851 2180 καὶ
1883 2123 2129 2188 ἐλεεινῶς
2158 2125 2544 2197 ἀνηλίσκοντο,
2572 2127 2646 2191 ὡς
2673 2125 3035 2201 πληρωθῆναι
3064 2128 3264 2199 νεκρῶν
3293 2124 3387 2185 τὰς
3425 2143 3600 2196 παραυ

185 2215 449 2287 κειμένας
483 2215 763 2292 φάραγγας
790 2215 880 2270 καὶ
910 2215 1041 2277 τοὺς
1071 2215 1269 2290 ῥύακας
1314 2216 1404 2270 καὶ
1435 2216 1600 2291 βατὰς
1629 2217 1874 2290 γενέσθαι
1901 2223 2019 2281 τοῖς
2049 2215 2358 2272 διώκουσιν.
2392 2219 2622 2274 Ἔπεσον
2657 2217 2748 2272 οὗν
2779 2216 2903 2292 περί
2950 2237 3056 2270 που
3103 2217 3197 2272 τὰς
3245 2219 3296 2290 μ’
3341 2216 3602 2292 χλιάδας,

183 2304 534 2378 ἀνῃρέθησαν
567 2301 624 2359 δὲ
652 2304 744 2358 καὶ
776 2304 1071 2379 στρατηγοὶ
1103 2305 1255 2359 έπτά.
1289 2306 1353 2358 O't
1384 2301 1441 2359 δὶ
1471 2303 1655 2359 λοιποὶ
1692 2303 1743 2358 έν
1770 2310 1888 2366 ταῖς
1921 2304 2166 2379 λόχμαις
2196 2307 2284 2360 καὶ
2315 2311 2434 2367 ταῖς
2465 2306 2654 2368 νάπαις
2697 2307 2786 2360 καὶ
2807 2309 2927 2368 ταῖς
2957 2305 3294 2381 συναγκείαις
3321 2300 3605 2377 κρυϐέντες

183 2397 296 2448 τῶν
327 2391 529 2467 ὀρέων,
559 2395 645 2448 καὶ
679 2392 806 2455 τοὺς
832 2397 939 2448 τῶν
975 2391 1224 2448 ἐναντίων
1248 2390 1559 2468 διαδράντες
1609 2391 1950 2471 ὀφθαλμοὺς,
1997 2394 2084 2448 καὶ
2137 2391 2225 2448 διὰ
2268 2399 2376 2450 τῶν
2400 2400 2651 2473 κορυφῶν
2683 2395 2889 2450 τούτων
2919 2393 3382 2470 ἀναῤῥιχώμενοι,
3413 2395 3603 2457 νυκτὸς
3637 2405 3639 2408 ⁴

187 2478 530 2550 διεσώθησαν
563 2484 719 2552 πεζοὶ
744 2485 834 2538 καὶ
865 2484 1062 2558 γυμνοὶ
1093 2484 1184 2538 καὶ
1216 2489 1331 2545 τοῖς
1359 2485 1525 2556 ὁρῶσι
1559 2485 1732 2555 θέαμα
1759 2481 1992 2538 ἐλεεινὸν
2024 2483 2112 2538 καὶ
2147 2486 2357 2558 θρήνων
2388 2484 2556 2556 ἄξιον.
2585 2487 2826 2555 ,διεσώθη
2861 2481 2917 2540 δὲ
2951 2486 3065 2558 μετ’
3097 2484 3273 2539 αὐτῶν
3321 2486 3411 2539 καὶ
3442 2486 3470 2539 ὁ
3503 2491 3604 2540 Μι-

183 2573 367 2645 χαὴλ,
396 2573 500 2640 τῆν
525 2570 653 2642 ίίο-ην
686 2573 772 2627 καὶ
808 2572 968 2634 αὐτὸς
1007 2572 1380 2646 περικείμενος
1417 2571 1619 2647 τύχην.

254 2663 538 2735 Γεώργιος
589 2659 647 2716 δὲ
708 2662 998 2737 μάγιστρος
1058 2663 1086 2716 ὁ
1148 2664 1431 2733 Μανιάκης
1483 2661 1533 2716 ἐν
1593 2661 1843 2733 Ἰταλίᾳ,

185 2751 263 2811 ὡς
324 2749 564 2824 εἴρηται,
617 2751 763 2826 παρὰ
813 2752 969 2819 Ζωῆς
997 2757 1099 2820 τῆς
1131 2749 1413 2818 βασιλίδος
1450 2752 1710 2829 πεμφθεὶς
1766 2751 1848 2829 ἐφ’

180 2839 227 2910 ᾧ
273 2840 716 2908 καταστήσασθαι
771 2840 840 2894 τὰ
890 2839 1002 2894 ἐκεῖ
1043 2839 1234 2911 (ἐνόσει
1265 2841 1366 2915 γὰρ
1403 2841 1471 2895 τὰ
1524 2843 1698 2895 πάντα
1752 2840 1842 2895 καὶ

181 2932 366 2990 κακῶς
424 2926 646 3005 έφέρετο
700 2927 912 3004 έπειρίᾳ
977 2927 1067 2984 καὶ
1145 2927 1449 3003 φαυλότητι
1502 2930 1791 3003 ἀρχηγών)
1826 2973 1840 2999 ,

183 3018 324 3092 πρὸς
387 3016 720 3071 ἀποστασίαν
771 3014 1006 3073 ἀπεῖδεν.
1056 3018 1240 3088 ’Ἄξιον
1292 3015 1348 3073 δὲ
1399 3015 1840 3091 εἰπεῖν’ἐπιδρα-

185 3106 392 3178 μόντας
449 3104 541 3160 καί
598 3107 696 3168 τὰς
753 3105 928 3169 αἰτίας
988 3107 1063 3169 εἷς
1125 3102 1323 3183 ἀκριϐῆ
1384 3112 1582 3184 γνῶσιν
1629 3111 1736 3160 τῶν
1765 3111 1844 3178 τῷ

181 3190 396 3270 βιϐλίῳ
452 3193 906 3270 έντνγχανόντων.
964 3198 1094 3254 ’Ότε
1150 3197 1254 3273 γὰρ
1305 3198 1462 3259 οὗτος
1500 3201 1717 3270 πρῶτον
1763 3194 1843 3259 εἷς

176 3281 422 3339 Ἰταλίαν
482 3281 734 3357 Ξπέμφθη
783 3285 932 3359 παρὰ
963 3290 1061 3340 τοῦ
1113 3285 1378 3360 βασιλέως
1427 3285 1658 3361 Μιχαὴλ
1710 3306 1842 3358 συμ-

182 3374 462 3446 μαχήσων
522 3371 842 3468 ’βπολάφαρ
911 3376 1216 3448 Μαχοῢμετ
1273 3379 1351 3446 τῷ
1416 3381 1517 3445 τῆς
1585 3371 1840 3436 Σικελίας
1873 3403 1917 3468 C

181 3461 418 3535 ἄρχοντι
469 3457 868 3534 πελεμουμένῳ
915 3463 1062 3537 παρά
1101 3468 1197 3518 τοῦ
1227 3461 1434 3518 οῗκείου
1465 3461 1702 3539 ἀδελφοῦ
1747 3463 1838 3517 καὶ

179 3551 287 3602 τῶν
347 3550 603 3625 νΛφρων,
661 3546 822 3624 ἔτυχε
891 3553 1438 3627 προσεταιρισάμενος
1511 3552 1601 3606 καὶ
1661 3550 1838 3628 Φραγ-

180 3657 312 3710 γους
397 3637 793 3698 πεντακοσίους
864 3637 971 3693 ἀπὸ
1030 3645 1140 3694 τῶν
1197 3641 1362 3714 πέραν
1415 3645 1521 3695 τῶν
1580 3639 1833 3696 Ἄλπεων

179 3726 438 3779 Γαλλιῶν
542 3727 1015 3804 μεταπεμφθέντας
1106 3730 1196 3783 καὶ
1279 3729 1527 3805 ἀρχηγὸν
1609 3724 1838 3805 ἔχοντας

173 3812 501 3888 ’Δρδουῖνον
563 3817 675 3887 (23)
719 3817 818 3884 τῆν
875 3815 1095 3886 κλῆσιν,
1150 3818 1340 3894 χώρας
1396 3819 1542 3880 τινὸς
1594 3817 1836 3894 ἄρχοντα

172 3903 258 3958 καὶ
293 3903 406 3958 ὑπὸ
442 3900 677 3974 μηδενὸς
731 3903 1015 3979 ἀγόμενον,
1053 3908 1173 3980 μεθ’
1201 3908 1275 3961 ὧν
1317 3907 1384 3962 τὰ
1428 3912 1535 3961 τῶν
1589 3914 1836 3978 Σαρακη-

171 3995 277 4046 νῶν
341 3991 630 4065 εἰργάσατο
685 3994 939 4062 τρόπαια.
1003 3995 1154 4051 Ἐπεὶ
1187 3993 1245 4050 δὲ
1293 3997 1451 4058 οὗτος
1495 4017 1832 4074 συκοφαντη-

170 4077 279 4142 θείς
341 4078 628 4155 παρελύθη
685 4087 786 4150 τῆς
841 4081 1022 4158 ἀρχῆς
1076 4084 1164 4138 καὶ
1222 4083 1296 4146 εἲς
1345 4085 1445 4152 τὴν
1499 4085 1661 4140 πόλιν
1723 4085 1830 4140 εἷσ-

171 4169 365 4244 αχθεὶς
417 4169 745 4244 καθείρχθη,
785 4171 876 4225 καὶ
915 4168 1105 4246 ἄρχειν
1139 4173 1250 4226 ἀντ’
1280 4172 1445 4227 αὐτοῦ
1471 4180 1572 4243 τῆς
1601 4173 1833 4238 Ἰταλίας

173 4257 425 4335 laing
457 4257 689 4333 Μιχαὴλ
745 4262 1234 4335 πρωτοσπαθάριος
1292 4263 1320 4317 ὁ
1375 4263 1680 4332 Δοκειανὸς,
1733 4263 1830 4317 ἀν-

173 4345 488 4416 επιτήδειος
545 4347 830 4416 ἄνθρωπος
886 4350 976 4403 καὶ
1041 4350 1181 4425 πρὸς
1251 4351 1636 4425 μεταχείρησιν
1691 4373 1827 4428 πρα-

171 4435 400 4507 γμάτων
434 4433 534 4489 οὐκ
581 4435 805 4512 εὐφυὴς,
857 4436 955 4492 οὐκ
1005 4435 1201 4508 ὶδεήθη
1235 4438 1442 4512 χρόνου
1473 4439 1698 4516 σογχέαι
1738 4443 1824 4496 καὶ

174 4521 487 4601 διαφθεῖραι
550 4523 618 4579 τὰ
646 4523 841 4582 πάντα.
875 4526 968 4592 Μὴ
1026 4525 1283 4600 παρέχων
1327 4527 1429 4603 γὰρ
1473 4527 1606 4583 κατά
1644 4529 1831 4603 καιρὸν

172 4617 286 4674 τοῖς
350 4611 637 4685 Φράγγοις
693 4614 758 4667 τὸ
805 4612 992 4676 αὐτοῖς
1041 4615 1424 4691 παρεχόμενον
1476 4616 1556 4696 ἐφ’
1604 4617 1826 4674 ἕκαστον

177 4707 322 4770 μῆνα
370 4701 706 4775 σιτηρέσιον,
742 4701 956 4774 μᾶλλον
1008 4699 1085 4774 δὶ,
1139 4705 1214 4766 ὥς
1256 4725 1406 4782 φασι,
1458 4707 1547 4761 καὶ
1577 4708 1668 4762 τὸν
1699 4711 1826 4782 ἡγε-

2029 2667 2100 2720 Αι
2131 2665 2189 2720 in
2224 2665 2474 2732 Italiam,
2510 2670 2574 2721 ut
2595 2666 3145 2735 demonstravimus,
3184 2666 3406 2721 missus
3430 2682 3463 2720 a
3492 2667 3605 2722 Zoa

1957 2753 2240 2825 Georgius
2284 2755 2570 2811 Maniaces
2629 2755 2930 2826 magister,
2992 2760 3055 2811 ut
3102 2771 3194 2811 res
3252 2755 3332 2811 ibi
3384 2755 3600 2810 ducum

1955 2842 2185 2910 ignavia
2212 2844 2588 2900 labefactatas
2619 2845 3024 2912 constitueret,
3064 2843 3430 2916 tyrannidem
3462 2845 3600 2900 aﬂ’e-

1955 2932 2150 2986 ctavit.
2185 2933 2398 3004 Estque
2428 2950 2612 3005 operae
2647 2933 2899 3004 pretium
2927 2933 3105 3004 hujus
3137 2933 3412 2988 facinoris
3467 2949 3600 2988 cau-

1954 3037 2049 3074 sas
2083 3023 2492 3094 perstringere.
2537 3025 2659 3089 Quo
2692 3031 2950 3094 tempore
2981 3023 3052 3076 ab
3085 3022 3439 3093 imperatore
3489 3021 3598 3076 Mi-

1953 3108 2156 3165 chaelo
2215 3112 2274 3165 in
2334 3111 2562 3166 Italiam
2624 3112 2845 3167 missus
2897 3112 3085 3166 fuerat
3142 3111 3452 3176 Maniaces,
3535 3116 3598 3165 ut

1951 3198 2305 3269 Apolaphari
2362 3200 2736 3255 Mucbumeto
2783 3199 2992 3254 Siciliae
3043 3198 3289 3271 principi
3341 3216 3373 3253 a
3421 3198 3597 3254 fratre

1953 3305 2060 3342 suo
2109 3295 2165 3342 et
2221 3289 2375 3343 Afris
2433 3293 2770 3359 oppugnato
2819 3288 3099 3344 auxilium
3153 3289 3348 3352 ferret,
3408 3289 3596 3344 socios

1951 3377 2059 3432 sibi
2113 3377 2400 3434 asciverat
2449 3378 2554 3431 500
2605 3379 2876 3445 Francos,
2919 3395 2950 3433 e
2997 3376 3185 3434 Gallia
3231 3376 3598 3448 transalpina

1949 3475 2228 3533 evocatos,
2262 3468 2406 3521 duce
2441 3467 2723 3535 Arduino,
2748 3467 3052 3536 cujusdam
3079 3466 3334 3538 regionis
3357 3465 3596 3521 domino

1949 3555 2170 3610 nemini
2205 3555 2460 3630 subdito.
2499 3554 2592 3610 [lis
2623 3555 2799 3610 sociis
2818 3572 2926 3610 sua
2948 3556 3018 3608 de
3037 3555 3343 3610 Saracenis
3368 3559 3590 3610 statue-

1949 3649 2036 3697 rat
2057 3649 2292 3714 tropaea.
2327 3644 2645 3714 Postquam
2693 3659 2830 3698 vero
2883 3643 3174 3698 Maniaces
3222 3659 3326 3713 per
3373 3642 3593 3698 calum-

1945 3731 2102 3786 niam
2135 3731 2382 3802 imperio
2414 3732 2673 3802 privatus
2705 3748 2772 3787 ac
2801 3731 3138 3804 Byzantium
3199 3729 3257 3784 in
3298 3746 3586 3785 carcerem

1944 3820 2234 3876 abductus
2269 3822 2394 3886 fuit,
2444 3820 2782 3893 missusque
2823 3819 2872 3876 ei
2924 3836 3228 3876 successor
3267 3818 3587 3875 Michaelus

1946 3909 2449 3980 protcspatharius
2507 3909 2830 3973 Doceanus,
2877 3909 3052 3964 homo
3100 3908 3358 3979 ineptus,
3423 3906 3588 3962 nulla

1945 4015 2104 4053 mora
2136 3998 2478 4069 interposita
2506 3999 2675 4070 periit
2697 4016 2788 4054 res
2839 3999 3121 4054 Romana.
3146 3997 3291 4053 Nam
3321 3996 3419 4052 hic
3450 4012 3581 4052 cum

1942 4086 2179 4142 Francis
2203 4104 2313 4141 non
2343 4087 2688 4158 praebuisset
2713 4091 3015 4142 menstrua
3041 4103 3170 4159 quas
3196 4085 3458 4158 accipere
3491 4102 3588 4140 so-

1941 4175 2140 4231 lobant
2171 4176 2486 4247 stipendia,
2520 4191 2838 4246 eorumque
2860 4175 3104 4248 insuper
3133 4176 3366 4245 ducem,
3390 4173 3488 4245 qui
3516 4175 3585 4228 ad

1939 4265 2135 4335 ipsum
2169 4271 2406 4320 venerat
2437 4265 2904 4336 hortabaturque
2958 4269 3024 4320 ut
3069 4265 3319 4335 benigne
3369 4262 3590 4319 milites

1939 4360 2216 4409 tractaret
2251 4370 2434 4423 neque
2483 4371 2581 4410 eos
2632 4355 2896 4409 mercede
2945 4353 3213 4408 laborum
3266 4353 3586 4420 fraudaret,

1939 4443 2094 4500 546
2146 4460 2247 4516 per
2305 4442 2719 4498 contumeliam
2773 4442 2973 4514 ﬂagris
3032 4443 3136 4512 (ita
3177 4441 3334 4497 enim
3383 4441 3588 4508 fertur)

1939 4533 2262 4599 cecidisset,
2313 4533 2498 4604 coegit
2557 4533 2807 4587 Francos
2855 4549 2888 4587 a
2937 4548 2999 4587 se
3051 4530 3362 4586 deciscere.
3422 4532 3592 4586 Cum-

1939 4640 2051 4694 que
2084 4621 2120 4675 ii
2157 4638 2320 4676 arma
2350 4620 2689 4686 movissent,
2717 4626 2773 4676 et
2805 4620 2929 4692 ipse
2961 4636 3094 4674 cum
3157 4619 3430 4674 omnibus
3481 4619 3588 4674 Ro-

1939 4711 2131 4767 manis
2161 4710 2345 4781 copiis
2377 4726 2476 4765 eos
2502 4709 2736 4764 deberet
2769 4708 3005 4773 adoriri,
3039 4709 3215 4763 unica
3272 4707 3584 4780 Opsiciana

176 4769 312 4860 μόνα
332 4769 571 4857 τούτων,
601 4769 895 4867 ἀφιγμένον
939 4792 1014 4856 ὡς
1054 4769 1228 4848 αὐτῶν
1269 4769 1361 4870 ⁸ἐφ’
1516 4769 1825 4870 παρακαλέ-

1949 4800 2162 4873 legione
2205 4769 2264 4854 et
2317 4802 2476 4870 parte
2526 4797 2946 4852 Thracensium
2994 4769 3274 4867 stipatus,
3324 4769 3460 4850 cum
3510 4797 3582 4849 iis

173 4899 256 4934 σαι
313 4878 503 4948 ἠπίως
555 4883 793 4955 χρῆσθαι
847 4889 964 4946 τοῖς
1019 4887 1374 4962 στρατιώταις
1422 4888 1516 4941 καὶ
1575 4889 1650 4961 μὴ
1691 4889 1824 4943 ἀπο-

171 4973 378 5043 στερεῖν
424 4968 654 5031 τούτους
716 4969 814 5025 τοῦ
857 4977 980 5027 τῶν
1009 4974 1190 5028 πόνων
1235 4979 1451 5047 μισθοῦ,
1487 4970 1708 5050 ὑϐρίσας
1733 4975 1824 5031 καὶ

173 5058 526 5131 μαστιγώσας
618 5057 830 5132 ἀτίμως
863 5103 878 5128 ,
963 5060 1231 5137 ἠνάγκασε
1311 5063 1441 5125 τοὺς
1508 5063 1826 5140 ἀνθρώπους

168 5145 569 5215 ἀποστατῆσαι.
625 5151 720 5202 Ὧν
783 5146 928 5203 ὅπλα
972 5151 1342 5222 κεκινηκότων
1401 5149 1517 5208 δέον
1558 5152 1652 5217 τὰς
1693 5155 1824 5209 Ῥω-

165 5232 365 5302 prinde
418 5232 624 5297 ἁπάσας
674 5236 920 5312 ἀθροῖσαι
973 5234 1224 5312 δυνάμεις
1269 5239 1360 5294 καὶ
1407 5241 1625 5302 τούτοις
1653 5262 1824 5316 προσ-

171 5322 341 5392 μῖξαι,
397 5323 427 5376 ὁ
481 5320 538 5378 δὲ
592 5329 754 5380 τοῦτο
813 5324 914 5381 οὐκ
968 5325 1241 5398 έποίησεν,
1294 5326 1421 5383 ἀλλ’
1469 5325 1522 5383 ἓν
1581 5327 1826 5407 εἰληφὼς

169 5411 352 5485 τάγμα
396 5412 462 5466 τὸ
509 5416 610 5467 τοῦ
667 5414 918 5487 Ὀψικίου
958 5411 1048 5469 καί
1103 5414 1265 5491 μέρος
1311 5421 1419 5471 τῶν
1465 5417 1779 5492 Θρᾳκησίων
1806 5463 1822 5489 ,

1936 4889 2088 4960 apud
2115 4889 2346 4943 Cannas
2365 4903 2544 4959 prepe
2560 4886 2832 4941 Aufidum
2857 4884 3243 4956 ﬂuvium,quo
3263 4885 3387 4939 loco
3402 4901 3582 4954 quon-

1935 4979 2070 5033 dam
2105 4978 2396 5049 permulta
2428 4975 2822 5030 Romanorum
2859 4973 3039 5028 millia
3068 4973 3281 5028 occidit
3303 4971 3579 5036 Annibal,

1936 5067 2212 5131 conﬂixit,
2245 5068 2552 5135 victusque
2583 5063 2806 5116 amissa
2841 5062 3063 5130 majore
3098 5062 3388 5117 exercitus
3420 5072 3584 5132 parte

1935 5155 2166 5209 Cannas
2189 5152 2440 5224 turpiter
2458 5149 2660 5206 evasit.
2687 5153 2803 5203 Hac
2827 5154 3064 5220 accepta
3100 5148 3282 5214 clade,
3323 5165 3394 5204 ne
3432 5150 3583 5204 ictus

1935 5241 2369 5313 quidem,quod
2395 5243 2483 5295 est
2502 5239 2570 5294 de
2593 5237 2880 5310 piscatore
2929 5238 3322 5309 proverbium,
3365 5238 3582 5310 sapuit,

1938 5347 2126 5402 neque
2148 5330 2427 5386 omnibus
2457 5328 2638 5398 copiis
2688 5327 2954 5381 munitus
3001 5326 3229 5382 hostem
3265 5325 3450 5399 petiit,
3481 5326 3582 5381 sed

1933 5421 2263 5475 temeritate
2294 5418 2574 5473 nimirum
2607 5417 2821 5470 ductus
2853 5431 2950 5470 eos
2983 5415 3145 5488 ipsos
3176 5416 3272 5486 qui
3293 5415 3428 5471 victi
3461 5415 3583 5471 fue-

1365 5533 1736 5591 XYLANDRI
1773 5536 1861 5591 ET
1900 5534 2118 5592 GOARI
2155 5534 2386 5590 ΝΟΤίΕ.

240 5633 359 5702 (23)
388 5636 654 5693 Arduino
686 5637 1241 5714 lgngobardqduce
1268 5641 1586 5714 Normanni
1625 5641 1835 5714 Apulia
1864 5640 2030 5714 potiti
2052 5644 2212 5708 sunt,
2247 5655 2432 5711 eaque
2455 5639 2612 5696 inter
2655 5656 2717 5696 se
2776 5639 2966 5695 divisa
3025 5637 3357 5694 Grecorum
3407 5638 3582 5694 amici

178 5719 631 5778 nonnumquam
663 5707 873 5765 elfecti.
904 5709 1016 5765 Leo
1045 5707 1354 5779 Ostiensis,
1387 5728 1452 5778 ιι,
1480 5713 1569 5770 68.
1604 5707 1783 5770 Gdaa.
