4070 6334
477 369 594 431 2⁵79

1832 364 2146 426 GEORGII
2189 363 2528 426 CEDRENI

3764 379 3885 441 280

474 509 606 560 rant
636 505 904 578 collegit;
938 506 1348 578 adjunctisque
1396 503 1607 560 Pisidis
1653 505 1710 558 et
1758 501 2114 573 Lycaonibus

2234 496 2322 588 καὶ
2397 494 2692 588 συμϐαλὼν
2746 500 2928 588 αὐτοῖς
2984 502 3036 557 ἐν
3093 503 3308 567 Κάνναις
3350 506 3471 581 περῖ
3528 508 3618 561 τὸν
3673 510 3877 588 ’Ἀμφι-

484 598 581 663 qui
616 593 1028 651 fcederatorum
1062 595 1350 667 legionem
1385 593 1647 664 implent.
1687 596 1955 657 Francos,
1989 590 2121 660 qui-

473 684 580 737 bus
612 684 725 737 alia
759 685 909 739 haud
947 686 1156 757 exigua
1188 684 1406 738 auxilia
1427 686 1498 737 ab
1534 682 1693 736 Italis
1717 682 1871 734 circa
1900 680 2120 733 Padum

473 773 689 827 ﬂumen
724 779 779 827 et
811 775 879 828 ad
923 775 1157 845 Alpium
1210 775 1437 827 radices
1480 772 1881 825 habitantibus
1926 785 2121 822 acces-

472 875 685 931 serant,
720 866 870 933 apud
923 868 1108 919 Horas
1171 864 1249 934 (id
1302 862 1413 917 loci
1462 877 1669 916 nomen
1726 862 1833 927 est)
1881 858 2120 913 adortus

475 967 686 1020 magna
717 970 951 1007 rursum
989 971 1183 1023 pugna
1213 955 1402 1006 victus
1431 958 1537 1006 est.
1576 949 1892 1004 Micliaelus
1942 949 2122 1019 impe-

477 1045 635 1093 rator
664 1040 755 1094 his
786 1042 1037 1111 cognitis
1066 1042 1376 1111 imperium
1417 1042 1675 1094 Doceano
1709 1041 1968 1108 abrogat,
1992 1038 2121 1090 mit-

480 1128 667 1199 titque
710 1147 809 1201 pro
842 1147 905 1184 eo
938 1132 994 1184 in
1032 1131 1257 1184 Italiam
1295 1131 1671 1199 Bojoannem,
1708 1129 1803 1197 qui
1842 1132 2121 1181 strenuus

478 1222 533 1272 et
565 1218 716 1273 bello
748 1218 1019 1291 egregius
1052 1219 1375 1285 videbatur,
1410 1222 1465 1272 et
1498 1217 1567 1271 ab
1598 1234 1664 1270 eo
1698 1214 2118 1285 Bojoannedu-

477 1308 644 1361 cebat
682 1325 869 1378 genus
900 1310 998 1379 qui
1034 1327 1064 1362 a
1108 1307 1320 1362 Basilio
1372 1308 1718 1377 imperatore
1778 1306 1835 1359 in
1892 1304 2117 1359 Italiam

478 1397 698 1451 missus
728 1404 909 1451 totam
946 1399 1164 1452 Italiam
1201 1398 1271 1450 ad
1308 1396 1548 1450 Romam
1575 1394 1837 1465 usquein
1862 1400 2117 1465 potesta-

477 1488 590 1541 tem
624 1487 753 1555 ejus
784 1488 1103 1557 redegerat.
1133 1486 1346 1539 Verum
1379 1486 1428 1539 is
1461 1500 1693 1555 quoque
1726 1499 1858 1537 cum
1892 1498 1958 1535 eo
2017 1498 2116 1536 ve-

474 1575 677 1642 nisset,
711 1579 768 1630 et
798 1592 1007 1630 novum
1044 1576 1361 1630 exercitum
1398 1591 1511 1629 non
1544 1574 1805 1637 haberet,
1842 1573 1939 1626 sed
1990 1572 2113 1641 jam

474 1670 606 1719 ante
636 1665 818 1720 victos
849 1669 1151 1735 cogeretur
1182 1667 1239 1718 in
1274 1664 1500 1719 hostem
1537 1662 1679 1717 547
1719 1662 1952 1722 ducere,
2014 1660 2113 1729 qui

474 1756 768 1820 regionem
801 1770 928 1808 eam
962 1754 1262 1808 obtinebat
1292 1769 1359 1807 ac
1383 1758 1446 1806 ut
1470 1753 1763 1821 propriam
1791 1750 2113 1813 tutabatur,

473 1844 660 1896 victus
674 1844 826 1914 apud
852 1842 1205 1913 Mouopolim
1230 1842 1288 1895 in
1313 1845 1659 1912 potestatem
1676 1839 1931 1893 hostium
1947 1838 2115 1939 vivus
2152 1875 2196 1939 B

476 1933 758 2003 pervenit,
792 1932 864 1985 iis
887 1948 1033 2001 quos
1093 1932 1305 1985 ferrum
1358 1947 1473 1983 non
1523 1929 1954 1998 absumpserat,
2002 1926 2116 1982 alio

478 2021 623 2075 alias
656 2020 958 2090 dissipatis
993 2020 1047 2072 in
1081 2018 1324 2073 castella
1355 2035 1479 2087 quas
1515 2017 1794 2071 Romanis
1818 2016 2005 2070 adhuc
2036 2016 2115 2070 fa-

476 2110 704 2163 vebant.
740 2108 958 2162 Exinde
994 2108 1192 2161 Franci
1227 2108 1448 2160 Italiam
1485 2112 1546 2159 ut
1577 2104 1726 2160 bello
1758 2113 1979 2176 partam
2005 2104 2117 2158 sibi

476 2197 863 2263 vindicavere,
896 2196 1101 2249 incolis
1134 2212 1249 2265 qua
1282 2195 1433 2249 ultro
1465 2211 1524 2248 se
1556 2194 1906 2248 dedentibus
1930 2211 2042 2263 qua
2064 2194 2114 2246 vi

476 2284 755 2341 subactis.
806 2287 1065 2348 Quatuor
1112 2289 1342 2338 tantum
1392 2284 1567 2338 urbes
1607 2284 1663 2338 in
1720 2284 2115 2337 Romanorum

475 2374 588 2428 ﬁde
618 2378 1086 2444 permanserunt,
1115 2374 1529 2439 Brundusium,
1560 2374 2113 2441 llidrus,Tarentum

472 2468 528 2517 et
558 2463 741 2517 Baris.
774 2462 1051 2516 Michaelo
1086 2464 1439 2533 imperatore
1469 2468 1698 2517 mortuo
1722 2468 1778 2516 et
1798 2462 2118 2530 Calaphata

471 2553 599 2621 ejus
631 2568 969 2605 successore
991 2554 1296 2606 exturbato
1322 2551 1541 2605 missus
1569 2552 1623 2605 in
1666 2550 1914 2613 Italiam,
1945 2556 2004 2604 ut
2035 2551 2118 2601 di-

471 2640 687 2707 ximus,
716 2640 1030 2706 Maniaces,
1064 2657 1400 2712 quanquam
1442 2658 1555 2695 non
1591 2646 1745 2695 esset
1777 2639 2117 2709 satisjnstis

472 2729 658 2801 copiis
692 2729 1036 2795 instructus,
1070 2730 1293 2784 artibus
1326 2734 1521 2783 tamen
1554 2728 1944 2799 imperatoris
1988 2734 2115 2781 tan-

470 2823 591 2872 tum
618 2818 884 2879 confecit,
920 2826 997 2883 ;ut
1045 2824 1101 2871 et
1150 2823 1398 2872 Francos
1459 2817 1620 2871 Italia
1672 2817 1912 2887 pelleret
1958 2817 2112 2886 apud

478 2907 757 2977 Capuam,
794 2911 1185 2961 Beneventum
1222 2924 1285 2960 ac
1318 2906 1618 2976 Neapolin,
1642 2911 1696 2960 et
1726 2922 1815 2959 res
1842 2906 2113 2959 mediocri

473 2996 530 3050 in
565 2995 756 3066 quiete
788 3011 851 3049 ac
895 2996 1206 3051 securitate
1253 2995 1652 3049 constitueret.
1714 2994 1975 3049 Habebat
2022 2994 2114 3048 hic

475 3084 766 3138 Maniaces
798 3085 855 3137 in
886 3083 1195 3153 provinciis
1250 3082 1641 3137 Orientalibus
1690 3084 2113 3153 possessiones,

470 3176 527 3225 et
554 3170 811 3225 vicinum
846 3168 1173 3224 Romanum
1206 3170 1451 3232 Durum,
1485 3187 1614 3224 cum
1647 3187 1760 3232 quo
1781 3175 2116 3225 exercuerat

474 3259 851 3313 inimicitias:
887 3263 944 3313 et
974 3275 1104 3313 eum
1138 3259 1469 3329 aliquoties,
1505 3258 1613 3313 nisi
1643 3260 1777 3329 l'uga
1800 3259 1909 3312 sibi
1935 3258 2114 3312 cavis-
2141 3236 2183 3303 (ἶ

470 3351 579 3410 set,
613 3346 1021 3400 interfecturus
1055 3347 1261 3401 fuerat.
1324 3351 1639 3418 Postquam
1690 3363 1825 3401 vero
1868 3347 2114 3418 imperio

472 3436 731 3489 Romano
764 3434 985 3504 potitus
1016 3441 1105 3489 est
1140 3434 1589 3501 Monomachus,
1643 3440 1832 3513 Durus
1883 3452 2116 3506 quoque

470 3523 540 3576 ad
567 3539 863 3577 summam
888 3529 1119 3577 evectus
1148 3523 1443 3579 fortunam
1466 3525 1623 3593 (nam
1651 3526 1721 3579 ab
1742 3526 2111 3594 imperatore,

471 3611 570 3683 qui
606 3627 803 3665 sorore
835 3614 964 3679 eius
996 3629 1097 3682 pro
1149 3612 1352 3683 pellice
1396 3614 1691 3679 utebatur,
1734 3614 2012 3685 magister
2058 3618 2116 3668 et

472 3704 861 3771 protostrator
888 3701 1073 3755 factus
1104 3708 1244 3767 erat)
1280 3702 1628 3770 injuriarum
1670 3704 1950 3757 Maniacis
1992 3718 2113 3757 mc-

476 3804 623 3859 mor,
647 3790 869 3844 abusus
893 3807 996 3844 sua
1020 3791 1278 3861 potentia
1310 3790 1462 3847 548
1490 3796 1545 3845 et
1591 3791 1868 3847 Maniacis
1907 3792 2114 3847 absen-

475 3879 579 3944 tia,
613 3877 817 3933 ditioni
850 3878 975 3948 ejus
1010 3879 1193 3933 multa
1226 3879 1423 3933 intulit
1455 3882 1670 3934 damna
1701 3888 1757 3933 et
1786 3881 2113 3935 thalamum

473 3969 600 4034 ejus
630 3966 869 4021 licenter
900 3966 1125 4037 polluit.
1160 3968 1238 4022 De
1268 3969 1484 4037 quibus
1517 3968 1808 4023 Maniaces
1839 3970 1896 4023 in
1952 3969 2117 4025 Italia

475 4055 661 4110 factus
693 4055 919 4118 certior,
964 4072 1209 4126 magnas
1266 4055 1465 4110 animo
1526 4057 1823 4111 molestias
1882 4058 2116 4129 irasque

472 4143 752 4214 agitabat.
785 4143 1046 4214 Cumque
1092 4161 1266 4213 opera
1316 4146 1558 4199 Romani
1608 4146 1850 4216 insuper
1898 4150 2113 4201 factum

468 4236 626 4287 esset
658 4236 718 4285 ut
751 4232 1133 4302 magistratus
1181 4233 1294 4303 ipsi
1345 4235 1744 4303 abrogaretur,
1796 4234 2116 4306 deploratis

467 4336 709 4390 prorsus
744 4321 918 4373 rebus
950 4320 1337 4392 (intelligebat
1368 4324 1520 4376 enim
1546 4324 1795 4378 reditum
1832 4328 1884 4377 in
1912 4325 2110 4377 urbem

466 4423 581 4461 non
606 4407 753 4462 bene
778 4407 887 4462 sibi
912 4413 1265 4480 cessurum),
1290 4411 1597 4466 concitatis
1620 4418 1793 4481 atque
1824 4412 2114 4483 corruptis

467 4495 685 4551 Italicis
716 4496 924 4567 copiis,
957 4512 1087 4551 cum
1112 4499 1237 4568 jam
1272 4499 1561 4554 desiderio
1607 4501 1663 4554 in
1727 4503 1972 4571 patriam
2024 4519 2112 4556 re-

2236 583 2325 639 δον
2406 586 2676 657 ποταμόν,
2758 586 2878 653 ἔνθα
2935 592 3023 645 καὶ
3074 593 3207 647 κατὰ
3243 593 3369 655 τοὺς
3418 595 3585 649 πάλαι
3644 601 3882 672 χρόνους

2236 672 2479 736 Ἀννίϐας
2526 678 2620 739 τὰς
2665 677 2876 740 πολλὰς
2925 685 3030 733 τῶν
3082 682 3403 752 Ῥωμαϊκῶν
3464 690 3879 759 στρατευμάτων

2232 764 2497 838 κατέκοψε
2544 764 2827 839 μυριάδας,
2890 771 3100 838 ἡττήθη
3168 770 3255 824 καὶ
3302 772 3363 824 τὸ
3424 772 3586 827 πλέον
3641 771 3880 831 ἀπέὗαλε

2230 859 2330 920 τῆς
2399 861 2670 927 στρατιᾶς,
2722 856 3016 932 αἰσχίστως
3065 858 3153 912 καὶ
3202 860 3359 914 αὐτὸν
3394 860 3445 915 ἐν
3492 862 3716 929 Κάνναις
3768 862 3883 920 δια-

2233 943 2442 1003 σωθείς.
2476 944 2635 1000 Οὕτω
2668 942 2724 999 δὲ
2754 945 2983 1020 πληγεὶς
3017 945 3144 1002 οὐδὶ
3178 949 3309 1019 μετὰ
3338 952 3436 1019 τὴν
3469 951 3714 1025 πληγὴν,
3747 955 3883 1009 κατὰ

2232 1029 2323 1084 τὸν
2382 1030 2433 1085 ἐν
2484 1035 2802 1107 παροιμίαις
2861 1035 3036 1102 ἁλιέα,
3070 1041 3189 1090 νοῦν
3223 1037 3401 1113 ἔσχεν,
3435 1038 3547 1095 οὐδ’
3595 1041 3885 1117 ὀχυρώσας

2235 1120 2420 1173 ὶαυτὸν
2477 1122 2621 1196 πάσῃ
2676 1127 2743 1195 τῇ
2805 1129 3025 1198 στρατιᾷ
3080 1122 3385 1200 προσέϐαλε
3438 1134 3556 1192 τοῖς
3612 1128 3883 1205 ἐχθροῖς,

2234 1205 2361 1261 ἀλλ’
2394 1209 2495 1263 ὑπὸ
2542 1211 2789 1283 θράσους.
2845 1214 2917 1273 ὡς
2964 1207 3124 1283 ἕοιγε,
3183 1216 3654 1292 στρατηγούμενος
3686 1218 3884 1280 αὐτούς

2230 1317 2289 1350 τε
2340 1296 2464 1359 τοὺς
2542 1301 2872 1369 ἡττηθέντας
2928 1301 3091 1358 πάλιν
3140 1300 3426 1360 ἀναλαϐὼν
3474 1307 3563 1360 καὶ
3623 1305 3883 1369 Πισσίδας

2229 1385 2315 1438 καὶ
2388 1387 2683 1457 Λυκάονας,
2758 1388 2910 1464 οἵπερ
2984 1391 3362 1466 ἀναπληροῦσι
3416 1396 3478 1449 τὸ
3534 1396 3720 1469 τάγμα
3772 1401 3884 1449 τῶν

2232 1470 2564 1548 φοιδεράτων
2612 1480 2748 1549 (24),
2807 1480 2927 1553 περὶ
2978 1481 3072 1541 τὰς
3135 1481 3428 1556 λεγομένας
3486 1486 3654 1558 Ὥρας
3705 1504 3881 1559 προσ-

2230 1562 2487 1636 ρήγνυται
2565 1570 2682 1625 τοῖς
2753 1564 2975 1641 ἐχθροῖς
3045 1569 3132 1623 καῖ
3218 1570 3465 1642 τρέπεται
3543 1573 3694 1635 αέθις
3741 1572 3879 1626 κατὰ

2227 1651 2453 1724 κράτος,
2514 1657 3077 1729 προσεταιρισαμένων
3127 1662 3235 1712 τῶν
3291 1658 3554 1734 Φράγγων
3611 1661 3703 1714 καὶ
3735 1658 3879 1715 ἄλλο

2230 1737 2444 1808 πλῆθος
2505 1746 2583 1814 [Ρ.
2617 1746 2743 1816 756]
2800 1744 2898 1799 οὐκ
2949 1744 3136 1820 ὀλίγον
3186 1748 3290 1801 ἀπὸ
3339 1752 3447 1802 τῶν
3487 1748 3711 1803 Ἰταλῶν
3770 1755 3881 1803 τῶν

2232 1829 2353 1899 περὶ
2405 1830 2494 1882 τὸν
2549 1829 2723 1884 Πάδον
2753 1832 2845 1886 τὸν
2896 1833 3141 1906 ποταμὸν
3192 1836 3281 1889 καὶ
3326 1836 3421 1896 τὰς
3477 1836 3747 1911 ὑπωρείας
3797 1840 3878 1891 οἱ·

2228 1917 2465 1971 κούντων
2498 1924 2603 1972 τῶν
2658 1920 2937 1978 Ἀλπεων.
2990 1926 3163 1979 Τοῦτο
3222 1921 3278 1978 δὲ
3309 1924 3608 1997 πυθόμενος
3645 1928 3671 1980 ὁ
3723 1927 3877 2001 βασι-

2230 2004 2354 2068 λεὺς
2409 2006 2683 2082 Μιχαὴλ,
2762 2015 2950 2065 τοῦτον
3014 2013 3107 2083 μὲν
3170 2014 3461 2085 μετέστησε
3511 2021 3611 2082 τῆς
3665 2016 3870 2090 ἀρχῆς,

2228 2094 2436 2169 έπεμψε
2496 2095 2553 2152 δὲ
2578 2099 2670 2153 τὸν
2710 2102 3051 2170 Βοϊωάννην,
3085 2099 3345 2157 δοκοῦντα
3374 2105 3667 2177 πρακτικὸν
3702 2102 3875 2177 ἄνδρα

2228 2186 2359 2239 εἶναι
2412 2188 2499 2241 καὶ
2563 2186 2615 2241 ἂν
2670 2187 2939 2261 πολέμοις
2997 2187 3329 2262 εὐδόκιμον,
3389 2192 3475 2246 καὶ
3534 2193 3609 2253 εἷς
3668 2193 3870 2248 ἐκεῖνον

2226 2274 2558 2351 ἀναφέροντα
2600 2278 2696 2345 τὴν
2745 2282 2841 2332 τοῦ
2891 2279 3079 2352 γένους
3128 2279 3397 2355 ἀναφορὰν
3433 2282 3525 2335 τὸν
3573 2281 3659 2336 ἰπὶ
3712 2289 3874 2337 Βασι-

2228 2363 2377 2418 λείου
2416 2368 2511 2419 τοῦ
2580 2365 2849 2441 βασιλέως
2899 2367 2951 2422 ἐν
3012 2366 3214 2440 Ἰταλίᾳ
3267 2370 3575 2447 πεμφθέντα
3631 2372 3874 2427 Βοϊωάν-

2226 2474 2342 2520 νην,
2405 2452 2461 2514 ὅς
2520 2461 2690 2507 πᾶσαν
2747 2457 2846 2522 τήν
2903 2454 3133 2511 Ἰταλίαν
3198 2457 3361 2533 μέχρι
3391 2460 3612 2531 Ῥὼμης
3643 2459 3875 2530 τότετῷ

2232 2540 2447 2613 βασιλεῖ
2523 2546 2894 2613 παρεστήσατο
2931 2589 2943 2600 .
3022 2545 3194 2602 Ἀλλά
3267 2548 3355 2601 καὶ
3413 2548 3568 2608 οὗτος
3620 2547 3871 2610 ἀπελθὼν

2225 2630 2360 2683 κατὰ
2436 2632 2623 2707 χώραν
2681 2632 2769 2687 καὶ
2827 2632 2993 2703 νεαλῆ
3062 2634 3153 2689 καὶ
3209 2635 3441 2707 ἀκμαίαν
3503 2634 3731 2709 δύναμιν
3794 2636 3871 2707 μὴ

2227 2714 2432 2787 λαϐὼν,
2475 2719 2602 2775 ἀλλ’
2669 2721 3016 2796 ἀναγκασθεὶς
3088 2724 3222 2795 μετά
3278 2729 3383 2778 τῶν
3432 2724 3868 2798 προηττημένων

2226 2803 2525 2879 συμϐαλεῖν
2581 2816 2696 2874 τοῖς
2768 2812 2990 2886 ἐχθροῖς
3040 2813 3174 2867 κατὰ
3231 2815 3329 2880 τήν
3384 2813 3696 2868 Μονὸπολιν
3754 2811 3863 2882 ἤδη

2225 2904 2609 2969 κραταιωθεῖσι
2655 2900 2743 2953 καὶ
2788 2907 2886 2967 τῆς
2918 2900 3103 2975 χώρας
3152 2901 3227 2963 ὡς
3266 2899 3407 2963 ῗδίας
3458 2903 3867 2976 ἀντεχομένοις,

2225 2986 2479 3055 ἡττηθείς
2521 2985 2687 3058 ἑάλω,
2731 2989 2819 3043 καὶ
2873 2990 2899 3043 ὁ
2950 2988 3041 3042 σὺν
3102 2990 3249 3062 αὐτῷ
3305 2990 3547 3066 στρατὸς,
3607 2993 3724 3045 ὅσοι
3789 2992 3866 3061 μή

2226 3072 2451 3149 σιδήρου
2500 3077 2753 3151 γεγόνασι
2804 3077 3201 3153 παρανάλωμα,
3250 3078 3423 3141 ἀλλος
3482 3077 3732 3154 ἀλλαχοῦ
3787 3076 3869 3133 δι-

2224 3162 2638 3234 εσκεδάσθησαν,
2691 3163 3038 3228 διασωθέντες
3080 3166 3131 3221 έν
3176 3174 3292 3229 τοῖς
3344 3168 3419 3223 ἔτι
3466 3170 3533 3223 τά
3583 3168 3867 3240 Ῥωμαίων

2225 3252 2482 3330 φρονοῦσι
2552 3256 2851 3330 φρουρίοις.
2930 3256 3032 3312 Καὶ
3104 3256 3296 3312 λοιπὸν
3357 3258 3409 3311 οἱ
3464 3258 3706 3332 Φράγγοι
3767 3264 3871 3325 τῆς

2228 3340 2458 3403 Ἰταλίας
2537 3342 2610 3404 ὡς
2684 3340 3020 3417 δορυκτήτου
3105 3345 3485 3400 ἀντεποιοῦντο
3565 3346 3871 3416 κτήματος,

2224 3434 2330 3484 τῶν
2364 3428 2646 3505 ἐγχωρίων
2695 3432 2767 3485 ὧν
2804 3433 2898 3503 μὲν
2933 3432 3211 3501 ἑκουσίως,
3244 3435 3316 3487 ὧν
3350 3430 3406 3487 δὲ
3441 3433 3533 3508 βίᾳ
3552 3432 3639 3487 καὶ
3670 3433 3875 3506 ἀνάγκῃ

2227 3520 2700 3594 προσχωρούντων
2734 3520 2939 3590 αὐτοῖς,
2969 3520 3115 3589 πλην
3160 3523 3484 3597 Βρεντησίου
3509 3523 3598 3576 καὶ
3629 3521 3871 3596 Ἰδροῦν-

2223 3630 2317 3669 τος
2371 3611 2456 3662 καὶ
2518 3605 2787 3681 Τάραντὸς
2843 3630 2902 3664 τε
2956 3610 3044 3663 καὶ
3106 3610 3321 3683 Βάρεως
3356 3629 3369 3643 ’
3434 3612 3586 3664 αὗται
3641 3611 3745 3683 γὰρ
3815 3611 3871 3663 αἱ

2223 3697 2470 3772 τέσσαρες
2525 3697 2718 3759 πόλεις
2794 3698 3120 3773 παρέμειναν
3180 3700 3361 3753 πίστιν
3419 3698 3709 3770 Ῥωμαίοις
3768 3720 3873 3775 φυ-

2227 3785 2537 3843 λάττουσαι.
2571 3785 2799 3861 Μιχαὴλ
2850 3784 2906 3841 δὲ
2948 3792 3045 3841 τοῦ
3080 3786 3345 3861 βασιλέως
3379 3788 3742 3851 ἀποθανόντος
3776 3786 3870 3841 καὶ

2224 3880 2321 3929 τοῦ
2356 3877 2469 3947 μετ’
2510 3876 2670 3931 αὐτὸν
2722 3875 3041 3945 ἐξωσθέντος
3092 3883 3191 3943 τῆς
3243 3876 3539 3951 βασιλείας,
3574 3878 3601 3931 ὁ
3660 3875 3870 3931 Μανιά-

2223 3984 2342 4033 κης,
2376 3964 2449 4025 ὡς
2480 3961 2677 4019 ἄνωθεν
2720 3963 2936 4039 ἐρρέθη,
2980 3964 3241 4041 πεμφθεὶς
3302 3964 3375 4025 εἲς
3436 3964 3662 4022 Ἰταλίαν
3719 3964 3874 4038 παρὰ

2223 4060 2321 4122 τῆς
2345 4060 2519 4121 Ζωῆς,
2554 4053 2603 4107 εἷ’
2651 4055 2739 4109 καὶ
2775 4054 2850 4126 μή
2886 4050 3113 4126 δύναμιν
3157 4052 3455 4128 ἀξιόχρεων
3490 4054 3652 4128 εἶχεν,
3711 4054 3871 4125 ὅμως

2228 4142 2362 4213 μετά
2406 4149 2506 4210 τῆς
2559 4140 2836 4216 παρούσης
2885 4146 3268 4216 στρατηγικαῖς
3322 4147 3600 4216 μηχαναῖς
3652 4140 3875 4216 χρησά-

2230 4251 2389 4302 μενος
2448 4228 2694 4300 ἐκδιῶξαι
2756 4228 2946 4305 ἴσχυσε
3000 4229 3126 4291 τοὺς
3178 4230 3461 4305 Φράγγους
3504 4236 3605 4299 τῆς
3639 4228 3875 4291 Ἰταλίας

2224 4320 2347 4394 περὶ
2426 4318 2644 4387 Καπύην
2722 4319 2810 4373 καὶ
2878 4314 3195 4376 Βενεϐενδὸν
3271 4321 3360 4374 καὶ
3419 4318 3719 4385 Νεάπολιν,
3777 4318 3874 4372 καὶ

2228 4409 2445 4484 μετρίαν
2495 4428 2811 4462 καταστασιν
2857 4408 2946 4462 καὶ
2977 4407 3226 4482 γαλήνην
3283 4407 3522 4483 παρέσχε
3567 4412 3682 4468 τοῖς
3730 4406 3876 4482 πρά-

2224 4518 2413 4571 γμασι.
2477 4496 2647 4558 Οὗτος
2705 4498 2732 4550 ὁ
2791 4497 3074 4567 Μανιάκης
3122 4500 3257 4553 κατὰ
3312 4497 3373 4552 τὸ
3402 4498 3539 4569 θέμα
3566 4501 3672 4550 τῶν
3706 4497 3873 4551 Ἀνα-

468 4584 686 4639 deundi
722 4584 941 4640 milites
974 4588 1265 4654 arderent,
1290 4605 1457 4643 arma
1478 4595 1679 4643 contra
1702 4590 2111 4658 imperatorem

2226 4584 2455 4641 τολικῶν
2515 4586 2607 4647 τὰς
2639 4586 2880 4656 οἰκήσεις
2914 4584 3058 4660 ἔχων
3091 4586 3181 4641 καὶ
3226 4587 3497 4657 Ῥωμανῷ
3526 4589 3606 4656 τῷ
3630 4582 3876 4657 Σκληρῷ

464 4679 675 4728 movet.
712 4674 955 4728 Missum
988 4691 1123 4747 ergo
1149 4676 1259 4729 sibi
1278 4693 1674 4731 successorem
1704 4678 1953 4732 Pardum
1978 4695 2110 4749 pro-

464 4761 920 4832 tospatharium,
956 4763 1251 4819 hominem
1291 4765 1654 4837 Byzantium,
1693 4782 1877 4836 neque
1929 4766 2110 4822 ullam

461 4858 535 4904 ob
570 4852 993 4921 prastantiam,
1029 4856 1127 4907 sed
1164 4854 1303 4925 quia
1354 4861 1528 4909 nctus
1580 4860 1702 4910 erat
1750 4854 2109 4927 imperatori,

459 4944 638 4995 tanta;
662 4941 970 5011 provincia;
1017 4944 1373 5011 praefectum,
1402 4943 1711 4998 interfecit.
1738 4946 1867 5013 Ipse
1911 4944 2111 5000 diade-

462 5035 618 5083 mate
649 5035 707 5083 et
740 5030 980 5100 reliquis
1013 5030 1243 5101 imperii
1279 5032 1533 5102 sumptis
1566 5034 1902 5103 insignibus
1934 5034 2113 5103 impe-

458 5123 617 5172 rator
644 5116 959 5184 salutatur,
994 5120 1372 5190 exercituque
1404 5120 1461 5174 in
1498 5138 1674 5177 naves
1723 5121 1999 5193 imposito
2049 5123 2109 5177 in

460 5204 792 5273 Bulgariam
868 5208 1103 5277 trajicit.
1157 5210 1475 5279 Imperator
1524 5216 1834 5280 postquam
1885 5212 1955 5265 de
2003 5210 2110 5265 hoc

461 5294 715 5360 rescivit,
751 5310 863 5349 non
901 5295 1102 5350 leviter
1136 5297 1534 5367 perturbatus,
1566 5298 1794 5353 litteras
1851 5301 1921 5354 ad
1973 5315 2108 5355 eum

464 5380 667 5447 mittit,
692 5384 750 5438 in
781 5383 997 5453 quibus
1031 5383 1142 5455 ipsi
1165 5390 1221 5438 et
1241 5401 1388 5455 quos
1410 5401 1609 5440 secum
1634 5386 1887 5443 habebat
1913 5390 2107 5459 impu-

2220 4680 2497 4749 γειτονῶν,
2563 4674 2950 4751 διαφερόμενος
3026 4675 3163 4749 πρὸς
3221 4675 3379 4729 αὑτὸν
3443 4672 3713 4733 πολλάκις
3768 4671 3871 4725 ἰπ-

2222 4763 2502 4839 εχείρησεν
2533 4763 2742 4819 ἀνελεῖν
2774 4767 2987 4831 τοῦτον,
3021 4763 3065 4818 εἰ
3100 4764 3175 4836 μή
3209 4767 3349 4841 φυγῇ
3381 4764 3481 4832 τὴν
3511 4762 3702 4817 ἑαυτοῦ
3733 4760 3873 4816 ἑπο-

2222 4860 2409 4927 ρίσατο
2485 4852 2778 4922 σωτηρίαν.
2835 4852 2979 4906 Ἐπεὶ
3044 4849 3101 4906 δί
3145 4853 3212 4905 τὰ
3274 4849 3564 4923 Ῥωμαίων
3618 4856 3875 4923 σκῆπτρα

2220 4941 2271 5003 ἐς
2302 4944 2707 4998 Κωνσταντῖνον
2732 4941 2870 5009 ἦλθε
2923 4942 3016 4994 τὸν
3050 4939 3389 5014 Μονομάχον
3440 4940 3527 4994 καὶ
3560 4940 3587 4994 ὁ
3616 4937 3875 5012 Σκληρὸς

2221 5031 2308 5085 ἐπὶ
2345 5030 2479 5104 μέγα
2532 5029 2709 5105 τύχης
2755 5030 2894 5103 ἦρτο
2945 5027 3370 5103 (ἐπαλλακεύετο
3422 5029 3527 5101 γὰρ
3555 5030 3635 5097 τῷ
3691 5031 3877 5081 Μονο-

2224 5120 2389 5194 μάχῳ
2430 5122 2464 5187 ἡ
2522 5124 2618 5174 τοῦ
2680 5117 2935 5194 Σκληροῦ
2988 5115 3221 5191 ἀδελφὴ)
3282 5116 3574 5191 μάγιστρος
3621 5114 3881 5187 τιμηθεὶς

2219 5210 2308 5262 καὶ
2358 5208 2816 5283 πρωτοστράτωρ,
2869 5212 2978 5263 τῶν
3033 5205 3108 5269 εὶς
3152 5205 3308 5260 αὐτὸν
3375 5205 3723 5277 μεμνημένος
3774 5208 3880 5257 τοῦ

2222 5297 2490 5371 Γεωργίου
2564 5294 2973 5372 καταδρομῶν,
3049 5293 3481 5368 καταχρώμενος
3539 5297 3607 5366 τῇ
3661 5290 3883 5364 ἐξουσίᾳ

2218 5385 2308 5440 καὶ
2364 5386 2463 5453 τὴν
2514 5385 2774 5440 ἀπουσίαν
2834 5385 3183 5461 κατατρέχων
3232 5387 3330 5438 τοῦ
3384 5382 3658 5452 Μανιάκη,
3714 5381 3783 5435 τά
3810 5399 3880 5435 τε

1647 5515 2020 5573 XYLANDRI
2059 5516 2150 5573 ET
2189 5516 2407 5572 GOARI
2446 5516 2678 5572 NOTAE.

534 5617 652 5692 (25)
684 5618 853 5676 Error
882 5622 1197 5691 tollendus,
1249 5638 1362 5692 quo
1420 5622 1679 5677 fmberati
1738 5629 1794 5679 et
1840 5624 2101 5680 tcederati

465 5688 644 5745 iidem
674 5699 1007 5749 censentur.
1040 5694 1110 5751 Hi
1140 5688 1207 5749 ex
1236 5688 1396 5751 omni
1430 5699 1593 5749 extra
1633 5694 1889 5764 natione,
1922 5695 2007 5751 illi
2037 5712 2105 5751 ex

2213 5622 2469 5750 supdgtis
2500 5624 2710 5680 Pisidis
2742 5629 2799 5679 et
2831 5621 3219 5696 Lycaonibus,
3254 5625 3317 5675 ut
3354 5619 3449 5676 hic
3470 5623 3673 5676 auctor
3690 5628 3875 5674 enar-

2214 5711 2278 5750 ra
2311 5735 2326 5750 .
2384 5711 2535 5750 tOAR.

2214 5711 2326 5751 rat.
2358 5711 2535 5751 UOAR.
