4070 6334
476 393 593 454 283

1832 392 2144 454 GEORGII
2189 392 2533 454 CEDRENI

3758 396 3880 456 284

473 528 949 583 Annuntiationis
1000 527 1144 583 festo
1196 526 1520 582 Michaelus
1602 526 1959 592 Cerularius,
2019 524 2117 595 qui

2234 544 2362 598 χης,
2395 524 2485 578 καὶ
2518 524 2768 600 ἀνάγεται
2818 523 2896 587 εἷς
2953 526 3043 580 τὸν
3102 524 3267 580 αὑτοῦ
3318 526 3509 599 θρόνον
3563 526 3798 601 Μιχαὴλ
3848 527 3875 580 6

475 616 692 670 vixerat
727 616 1049 672 monachus
1079 633 1144 670 ex
1172 633 1288 688 quo
1331 632 1462 670 eum
1507 614 2021 688 orphanotrophus
2049 615 2120 668 ob

480 712 710 773 paratas
744 704 991 760 insidias
1024 704 1394 774 relegaverat.
1457 673 1757 760 Iudicatur
1794 704 1968 758 etiam
2010 703 2120 759 im-

479 793 727 861 peratori
755 794 1070 849 thesaurus
1102 794 1227 849 auri
1256 794 1591 849 reconditus
1625 792 1680 846 in
1732 791 1914 847 Alexii
1956 810 2121 847 man-

476 881 657 945 sione,
693 899 866 953 quem
904 883 1104 937 missis
1138 883 1373 936 famulis
1418 884 1653 952 recepit,
1685 883 1754 937 ad
1790 882 2125 936 centenaria

475 969 677 1041 viginti
712 971 1215 1042 quinque.Eadem
1249 970 1879 1040 indictione,postridie
1916 970 2122 1024 Kalen-

475 1058 580 1113 das
607 1058 970 1122 Maias,oculi
1004 1059 1365 1114 eﬂ‘odiuntur
1396 1058 1874 1131 orphanotropho
1907 1058 1962 1112 in
1996 1058 2122 1112 loco

477 1148 569 1201 cui
604 1164 810 1203 nomen
846 1147 1291 1219 Marycatis.Alii
1306 1148 1363 1202 id
1388 1148 1571 1203 inscio
1594 1150 1945 1217 imperatore
1958 1147 2125 1202 aiunt

479 1236 662 1291 fuisse
718 1238 934 1291 factum
965 1239 1139 1305 jussu
1200 1238 1547 1292 Theodorae:
1608 1237 1869 1307 plerique
1920 1252 2122 1291 omnes

479 1325 668 1397 ipsius
691 1326 963 1380 monachi
1006 1326 1370 1390 mandato,ei
1402 1327 1475 1381 ob
1506 1326 1920 1398 relegationem
1955 1327 2120 1379 irato.

476 1417 739 1469 Mortuus
804 1418 893 1470 est
949 1414 1176 1470 decima
1228 1416 1401 1471 tertia
1433 1416 1527 1471 die
1585 1417 1848 1486 ejusdem
1880 1413 2119 1468 mensis.

475 1502 632 1557 Julio
669 1519 869 1557 mense
898 1504 1234 1575 Stephanus
1255 1505 1725 1575 Sebastophorus
1747 1502 1980 1558 delatus
2013 1507 2123 1558 estv

479 1592 634 1662 quod
669 1592 981 1647 insidiatus
1011 1601 1166 1647 esset
1188 1593 1519 1663 imperatori
1547 1592 1913 1663 volueritque
1945 1592 2126 1662 impe-

482 1682 634 1735 rium
670 1682 728 1735 in
764 1681 1012 1736 Leonem
1048 1682 1357 1752 patricium
1392 1683 1709 1736 transferre
1761 1687 1818 1736 et
1839 1680 2123 1735 Melitems

483 1769 817 1841 praefectum
845 1771 1199 1827 constituere
1225 1770 1406 1826 filium
1443 1770 1701 1842 Lampri.
1759 1776 1839 1824 Ac
1871 1769 2123 1840 Stepha-

2233 612 2638 688 Κηρουλάριος,
2677 614 2813 669 κατᾶ
2867 616 2967 683 τὴν
3021 613 3230 689 ἡμέραν
3288 618 3382 669 τοῦ
3437 612 3871 690 Εὗαγγελισμοῦ,

2234 700 2513 777 μοναχοὺς
2546 699 2617 756 ὢν
2652 702 2702 773 ἐξ
2735 702 2900 778 οῦπερ
2938 704 2966 757 6
2999 702 3403 781 ὀρφανοτρόφος
3432 702 3590 758 αὑτὸν
3640 701 3729 757 διὰ
3772 704 3872 771 τὴν

2231 785 2531 859 ἐπιϐουλὴν
2592 790 2831 866 ἐξώρισε.
2884 789 3352 866 Προσαγγέλλεται
3416 788 3474 846 δὶ
3523 796 3601 862 τῷ
3662 790 3877 867 βασιλεῖ

2231 879 2319 932 καὶ
2376 879 2602 954 χρυσίον
2661 881 3255 955 ἀποτεθησαυρισμὲνον
3319 880 3371 934 ἐν
3400 884 3468 954 τῇ
3502 885 3597 935 τοῦ
3629 879 3876 950 Ἀλεξίου

2237 972 2399 1040 μονῆ,
2429 968 2517 1021 γαί
2567 969 2785 1043 πέμψας
2843 963 3279 1041 ἀναλαμϐάνεται
3325 973 3508 1040 τοῦτο,
3556 968 3630 1030 είς
3679 989 3877 1039 κεντη-

2229 1057 2388 1132 νάρια
2418 1056 2758 1130 ποσούμενον
2817 1063 2908 1113 κε’.
2945 1057 3120 1113 Μαΐου
3167 1055 3223 1112 δὶ
3271 1055 3541 1132 δευτέρας,
3573 1065 3674 1127 τῆς
3711 1057 3879 1127 αὐτῆς

2233 1143 2590 1214 ἷνδικτιῶνος,
2618 1145 2977 1222 ἐκτυφλοῦται
3027 1147 3117 1201 καὶ
3166 1148 3194 1202 6
3240 1146 3643 1224 ὀρφανοτρόφος
3697 1148 3748 1201 ἐν
3796 1151 3879 1218 τῷ

2234 1234 2514 1309 λεγομένῳ
2571 1238 2766 1310 χωρίῳ
2838 1240 2947 1291 τῶν
3002 1237 3344 1311 Μαρυκάτου,
3405 1237 3480 1299 ὡς
3556 1235 3650 1308 μὲν
3733 1236 3878 1296 τινὲς

2235 1344 2413 1399 φασιν,
2455 1324 2556 1378 ὑπὸ
2589 1322 2893 1400 Θεοδώρας,
2927 1322 3149 1386 ἄκοντος
3180 1328 3276 1379 τοῦ
3320 1323 3607 1400 βασιλέως,
3638 1325 3713 1385 ὡς
3760 1321 3819 1378 δὲ
3850 1327 3878 1378 ὁ

2231 1416 2340 1466 τῶν
2374 1410 2601 1467 πολλῶν
2633 1419 2821 1489 κρατεῖ
2878 1412 3065 1488 λόγος,
3093 1414 3221 1489 παρ’
3244 1414 3411 1468 αὐτοῦ
3463 1412 3659 1468 τούτου
3714 1412 3880 1489 ἐγγυ-

2231 1506 2438 1563 τῶντος
2481 1503 2629 1573 αύτῷ
2688 1499 2778 1557 διὰ
2831 1503 2926 1562 τὰς
2980 1502 3291 1575 ὑπερορίας,
3322 1502 3410 1556 καὶ
3458 1505 3527 1575 τῇ
3564 1504 3625 1577 ιγ’
3650 1506 3745 1557 τοῦ
3788 1502 3881 1555 αύ-

2232 1595 2328 1644 τοῦ
2382 1592 2553 1662 μηνὸς
2610 1590 2960 1661 ἀποθνήσκει.
2992 1590 3209 1663 Ἰουλίῳ
3264 1589 3321 1646 δὲ
3376 1592 3509 1663 μηνὶ
3551 1596 3650 1656 τῆς
3707 1590 3877 1661 αὐτῆς

2234 1677 2569 1741 ίνδικτιῶνος
2627 1682 2982 1755 κατηγορήθη
3044 1679 3134 1734 καὶ
3206 1680 3471 1756 Στέφανος
3524 1682 3553 1735 6
3608 1674 3877 1735 Σεϐαστοο

2234 1767 2400 1845 φόρος
2434 1767 2507 1829 ὡς
2541 1763 2909 1823 ἐπιϐουλεύων
2938 1766 3016 1840 τῷ
3058 1766 3273 1842 βασιλεῖ
3325 1768 3415 1822 καί
3466 1767 3690 1843 βασιλέα
3746 1769 3876 1843 βου-

484 1875 594 1913 nus
618 1860 853 1930 quidem
896 1860 1105 1931 Opibus
1147 1860 1271 1915 suis
1318 1859 1600 1915 multatus
1632 1865 1689 1914 et
1741 1858 2118 1914 monasticam

2237 1854 2469 1928 λόμενος
2520 1864 2747 1925 ποιῆσαι
2807 1857 3010 1911 Λέοντα
3076 1857 3361 1931 πατρίκιον
3426 1856 3516 1911 καὶ
3580 1857 3879 1932 στρατηγὸν

477 1947 665 2003 vivere
685 1951 889 2019 jussus
910 1955 967 2004 et
998 1949 1293 2020 relegatus
1322 1958 1433 2004 est.
1468 1951 1777 2020 Lamprus,
1810 1948 2127 2003 crudeliter

476 2041 665 2092 tortus
686 2043 741 2093 et
762 2053 863 2108 per
885 2038 1073 2092 forum
1099 2037 1333 2091 ludibrii
1369 2053 1548 2091 causa
1575 2036 1633 2089 in
1663 2052 1878 2107 pompa
1912 2036 2126 2091 ductus

474 2128 651 2197 atque
671 2125 854 2182 oculis
886 2127 1149 2191 orbatus,
1179 2126 1350 2197 paulo
1382 2130 1512 2197 post
1535 2124 1656 2180 vita
1683 2125 1953 2180 excessit.

549 2428 696 2484 551
736 2426 851 2481 Hac
883 2426 1011 2497 ipsa
1034 2427 1374 2492 indictione,
1410 2444 1609 2482 mense
1637 2426 1837 2491 Junio,
1886 2425 2125 2481 Rossica

481 2533 623 2587 gens
656 2524 857 2570 contra
888 2516 1214 2570 Romanum
1240 2516 1552 2586 imperium
1576 2516 2123 2571 insurrexit.Hacte-

482 2621 594 2659 nus
612 2621 804 2675 pacem
833 2605 1267 2676 amicitiamque
1292 2621 1423 2659 cum
1450 2605 1910 2661 RomanisRossi
1930 2604 2123 2658 colue-

486 2692 942 2764 rant,liberaque
974 2693 1218 2748 invicem
1255 2693 1483 2749 fuerant
1513 2693 1949 2760 commercia,et
1972 2709 2124 2747 mer-

484 2788 707 2837 catores
741 2782 891 2837 ultro
925 2784 1186 2853 citroque
1232 2788 1651 2837 commearent.
1697 2783 1861 2837 Tunc
1908 2798 2039 2835 vero
2065 2783 2121 2836 in

487 2871 628 2925 urbe
656 2876 783 2925 orta
803 2872 921 2926 rixa
950 2889 1080 2926 cum
1115 2872 1468 2941 quibusdam
1499 2872 1728 2938 Scythis
1748 2872 2120 2941 negotiatori-

382 2954 389 2962 ’
484 2960 717 3028 bus,res
751 2961 819 3013 ad
857 2977 1068 3015 manus
1096 2961 1272 3023 venit,
1305 2966 1361 3014 et
1391 2966 1477 3015 est
1500 2961 1737 3032 quidam
1773 2961 1843 3015 de
1874 2960 2121 3015 nobilio-

480 3048 642 3103 ribus
662 3048 893 3122 Scythis
909 3048 1862 3121 interfectus.Proindeejusgentis
1883 3048 2122 3120 regulus

476 3136 1043 3205 Bladimerus,homo
1074 3138 1393 3193 iracundus
1414 3139 1799 3209 atqueanimo
1835 3138 2118 3209 inquieto,

475 3243 678 3281 casum
740 3228 894 3281 hunc
924 3226 1036 3281 sibi
1095 3227 1508 3281 annuntiatum
1572 3228 1873 3299 aegerrime
1907 3238 2117 3295 terens,
2151 3248 2193 3314 ρ

473 3315 632 3371 nulla
645 3316 987 3387 interposita
1003 3317 1261 3383 mora,ad
1281 3332 1443 3370 arma
1456 3317 1674 3370 vocatis
1690 3316 1944 3371 subditis
1960 3323 2119 3388 quot-

471 3409 609 3474 quot
635 3404 784 3459 bello
808 3404 1032 3461 habiles
1058 3405 1550 3475 erant,copiisque
1565 3404 1948 3459 auxiliaribus
1964 3406 2118 3459 asci-

470 3492 718 3547 tishaud
747 3494 969 3564 exiguis
994 3495 1377 3549 anationibus
1402 3510 1529 3565 qua:
1555 3493 1765 3548 Oceani
1792 3493 2014 3549 insulas
2029 3512 2116 3549 se-

469 3581 890 3653 ptentrionales
921 3582 1601 3650 inhabitabant,collecta
1622 3586 1691 3637 ad
1716 3583 2119 3645 hominum,ut

473 3670 905 3731 ferunt.100000
931 3672 1327 3739 multitudine,
1352 3689 1477 3727 eam
1515 3673 1745 3726 usitatis
1773 3672 1923 3742 apud
1958 3671 2117 3743 ipsos

469 3758 716 3830 navigiis
750 3759 978 3827 (lintres
1011 3778 1115 3816 nos
1146 3778 1445 3827 vocamus,
1473 3759 1643 3815 unica
1668 3762 1872 3816 arbore
1918 3765 2119 3815 cavata

470 3847 676 3919 factos)
698 3847 971 3918 imponit,
1000 3855 1054 3903 et
1085 3851 1366 3903 adversus
1398 3849 1601 3902 urbem
1626 3849 1829 3903 tendit.
1864 3848 2115 3918 Impera-

467 3941 578 3999 tor,
611 3939 739 4006 ejus
768 3943 976 3992 conatu
995 3936 1525 4009 intellecto,legatis
1552 3937 1753 3991 missis
1778 3938 1922 4008 petit
1952 3944 2016 3992 ut
2045 3940 2116 3993 ab

470 4026 653 4081 armis
672 4025 1256 4098 discedat,pollicitus
1272 4042 1332 4080 se
1348 4026 1629 4096 quidquid
1647 4031 1946 4097 peccatum
1964 4030 2119 4082 esset

468 4115 1191 4186 compensaturum,modo
1216 4131 1285 4168 ne
1311 4114 1557 4186 ipselevi
1587 4115 1656 4169 de
1689 4131 1865 4170 causa
1900 4117 2117 4183 totjam

467 4220 569 4274 per
599 4220 783 4259 annos
801 4203 1069 4258 coalitam
1092 4220 1293 4272 pacem
1319 4221 1383 4257 ru
1395 4211 1615 4271 mperct
1629 4210 1950 4275 gentesque
1965 4205 2117 4260 bello

469 4292 1037 4347 committeret.Cum
1072 4297 1265 4346 autem
1300 4293 1582 4347 barbarus
1615 4293 1829 4348 litteris
1862 4293 2118 4365 acceptis

469 4379 693 4451 legatos
720 4380 1109 4451 ignominiose
1134 4382 1825 4453 proturbaret,responsis
1849 4382 2118 4454 superbis

472 4468 1303 4541 datis,imperator,desperata
1334 4471 1627 4541 pace,ipse
1660 4488 1893 4543 quoque
1926 4488 1987 4527 se
2016 4490 2117 4543 pro

472 4556 700 4612 viribus
724 4557 870 4613 bello
908 4565 1091 4630 parat.
1125 4559 1425 4632 Scythicos
1448 4560 1842 4631 negotiatores
1881 4561 1934 4613 in
1975 4561 2116 4616 urbe

476 4646 629 4702 552
682 4647 979 4717 degentes,
1042 4664 1145 4702 nec
1222 4666 1335 4702 non
1385 4648 1482 4720 qui
1536 4654 1601 4702 ut
1647 4649 1789 4703 socii
1851 4652 2113 4713 aderant,

475 4752 578 4808 per
609 4736 935 4805 provincias
982 4735 1038 4789 in
1076 4738 1400 4792 custodiam
1453 4737 1681 4799 dividit,
1736 4754 1804 4791 ne
1862 4754 1988 4808 qua;
2046 4739 2118 4794 ab

475 4824 623 4896 ipsis
654 4825 810 4879 domi
846 4829 1044 4880 essent
1078 4826 1403 4881 metuenda:
1458 4824 1702 4881 insidiae.
1766 4825 1912 4880 Tum
1948 4826 2118 4881 ador-

473 4914 649 4978 natis,
682 4919 968 4983 quantum
1000 4916 1130 4984 ejus
1180 4930 1433 4985 praeceps
1482 4914 1709 4969 occasio
1766 4916 1847 4969 rei
1878 4914 2116 4982 ferebat,

470 5003 873 5073 imperatoriis
904 5002 1247 5057 triremibus
1285 5002 1534 5073 aliisque
1580 5001 1808 5057 levibus
1848 5002 2115 5075 navigiis,

472 5096 528 5146 et
559 5091 852 5161 impositis
884 5091 940 5145 in
987 5108 1085 5146 eas
1118 5090 1214 5160 qui
1248 5108 1278 5145 e
1311 5090 1596 5146 militibus
1654 5108 1719 5146 ea
1778 5097 2119 5163 tempestate

474 5180 724 5253 Byzantii
761 5180 1072 5251 agentibus
1116 5179 1225 5251 legi
1286 5184 1555 5251 poterant
1610 5180 1953 5246 classiariis,
1994 5181 2116 5253 ipse

470 5286 705 5340 quoque
738 5285 1055 5324 conscensa
1088 5268 1276 5324 celoce
1299 5285 1405 5323 sua
1455 5268 1745 5323 Barbaris'
1775 5268 2026 5324 occurrit
2056 5270 2114 5324 in

472 5357 741 5412 lancibus
776 5358 955 5411 maris
988 5357 1057 5411 ad
1113 5356 1363 5411 Pharum
1392 5358 1703 5411 stationem
1738 5357 2112 5427 habentibus,

466 5445 635 5515 juxta
670 5463 772 5517 per
814 5445 1211 5502 continentem
1265 5446 1583 5501 comitante
1632 5447 1897 5517 equitatu
1956 5446 2112 5502 haud

470 5533 700 5605 exiguo.
736 5534 1030 5591 Instructa
1062 5534 1339 5606 utrinque
1370 5533 1439 5589 ad
1466 5550 1723 5607 pugnam
1755 5534 1940 5592 classe
1970 5554 2111 5593 neu-

471 5626 564 5677 tra
596 5640 731 5693 pars
773 5624 1035 5695 prelium
1068 5623 1406 5695 incipiebat,
1452 5622 1683 5695 Scythis
1732 5624 1887 5681 intra
1936 5642 2111 5682 occu-

469 5714 673 5783 patum
710 5719 942 5785 portum
994 5728 1057 5769 se
1110 5710 1568 5780 continentibus,
1608 5716 1666 5768 et
1701 5714 1978 5770 Romanis
2009 5729 2109 5771 eo-

2238 1943 2572 2016 Μελιτηνῆς,
2605 1947 2696 2000 τὸν
2726 1946 2841 2001 ύὶὸν
2891 1950 2987 2000 τοῦ
3045 1950 3332 2019 Λαμπροῦ·
3364 1945 3453 2000 καὶ
3510 1947 3539 2000 6
3600 1946 3695 2017 μὶν
3759 1945 3886 2001 Στι-

2237 2056 2402 2111 φανος
2432 2040 2539 2089 τῶν
2579 2036 2936 2110 ὑπαρχόντων
2969 2035 3275 2110 γυμνωθεὶς
3320 2036 3406 2088 καὶ
3464 2036 3708 2110 μοναχὸς
3744 2035 3880 2089 ἀπο-

2237 2123 2417 2199 καρείς
2475 2122 2777 2199 ἐξωρίσθη·
2830 2124 2859 2178 6
2918 2120 2974 2177 δὲ
3032 2124 3316 2197 Λαμπρὸς,
3368 2124 3588 2193 ἀπηνῶς
3647 2121 3886 2187 ἰτασθεὶς

2233 2214 2323 2268 καὶ
2380 2214 2478 2276 τὰς
2533 2209 2684 2286 ὄψεις
2742 2212 3019 2288 πηρωθεὶς
3050 2213 3141 2267 καὶ
3181 2209 3269 2266 διὰ
3323 2219 3422 2281 τῆς
3480 2212 3681 2287 ἀγορᾶς
3727 2233 3885 2285 πομ-

2234 2302 2470 2370 πευθεὶς,
2502 2301 2635 2375 μετὰ
2669 2302 2858 2377 μικρὸν
2891 2302 3171 2365 ἀπέθανεν.

2306 2426 2545 2500 Ἐγένετο
2579 2424 2635 2481 δὶ
2664 2426 2752 2481 καὶ
2783 2426 2918 2480 κατὰ
2961 2426 3049 2480 τὸν
3082 2424 3310 2480 Ἰούνιον
3364 2428 3501 2497 μῆνα
3553 2432 3655 2494 τῆς
3708 2426 3879 2494 αὐτῆς

2233 2514 2603 2588 ἐπινεμήσεως
2679 2515 2767 2569 γαί
2824 2518 2858 2584 ἡ
2915 2519 3011 2569 τοῦ
3073 2512 3258 2578 ἔθνους
3311 2519 3421 2569 τῶν
3466 2514 3601 2576 Ῥῶς
3660 2515 3877 2585 κίνησις

2232 2606 2367 2660 κατὰ
2395 2611 2494 2673 τῆς
2544 2602 2851 2679 βασιλίδος.
2877 2604 3040 2660 Οὗτοι
3088 2604 3189 2679 γὰρ
3235 2607 3719 2678 κοινοπραγοῦντες
3784 2604 3876 2675 μὲ-

2232 2714 2328 2769 χρι
2387 2690 2545 2748 τοῦδε
2594 2691 2887 2765 Ῥωμαίοις
2940 2692 3028 2746 καὶ
3089 2691 3453 2767 εἰρηνεύοντες
3514 2693 3629 2764 μετ’
3672 2692 3872 2760 αὐτῶν,

2234 2780 2403 2843 ἀδεῶς
2458 2804 2516 2837 τε
2566 2779 2840 2851 ἀλλήλοις
2900 2779 3255 2855 ἐπεμίγνυντο
3323 2781 3411 2835 καὶ
3495 2779 3771 2855 ἐμπόρους
3823 2780 3875 2842 ἐς

2233 2870 2516 2941 ἀλλήλους
2550 2871 2812 2943 ἔπεμπον.
2834 2871 2977 2924 Κατά
3001 2867 3057 2924 δὲ
3072 2874 3261 2924 τοῦτον
3293 2870 3383 2923 τὸν
3416 2868 3617 2945 χρόνον
3641 2867 3879 2946 φιλονειο

2232 2959 2353 3021 κίας
2402 2962 2699 3035 γενομένης
2750 2959 2801 3013 ἐν
2851 2958 3129 3030 Βυζαντίῳ
3190 2957 3321 3030 μετά
3394 2962 3554 3012 τινῶν
3620 2955 3879 3033 ἐμπόρων

2236 3051 2473 3115 Σκυθῶν,
2505 3044 2905 3121 συμπληγάδος
2933 3068 2991 3101 τε
3040 3046 3089 3116 ἐξ
3142 3046 3306 3101 αὑτοῦ
3363 3043 3879 3114 ἐπακολουθησάσης

2230 3138 2318 3191 καί
2400 3158 2546 3198 τινος
2626 3138 2833 3191 Σκύθου
2883 3136 3235 3213 φονευθέντος
3302 3134 3611 3212 ἐπιφανοῦς,
3672 3135 3699 3189 6
3755 3134 3880 3189 τότε

2230 3228 2523 3300 κατάρχων
2556 3230 2651 3279 τοῦ
2708 3226 2896 3299 γένοτς
2947 3223 3153 3279 τούτων
3191 3222 3558 3297 Βλαδιμηρὸς,
3588 3221 3724 3298 ἀνὴρ
3784 3224 3875 3297 ὁρ·-

2235 3315 2431 3387 μητίας
2464 3314 2650 3369 καὶτὰ
2695 3312 2885 3369 πολλᾶ
2940 3314 3018 3385 τῷ
3068 3314 3223 3385 θυμῷ
3279 3311 3660 3388 χαριζόμενος,
3700 3310 3875 3375 πυθό-

2230 3424 2391 3476 μενος
2444 3403 2506 3457 τὸ
2563 3397 2772 3473 συμϐὰν
2852 3402 2943 3456 καὶ
3029 3398 3418 3471 δεινοπαθήσας
3473 3400 3561 3456 καὶ
3619 3400 3695 3474 μὴ
3746 3397 3877 3463 δοὺς

2229 3487 2501 3561 ἀναϐολὴν
2562 3493 2597 3562 ἣ
2661 3492 2849 3566 καιρὸν
2917 3494 2997 3562 τῷ
3052 3492 3337 3562 κινήματι,
3395 3493 3502 3544 τῶν
3566 3491 3653 3544 ὑπ’
3709 3488 3878 3545 αὑτὸν

2228 3580 2443 3655 ἀγείρας
2523 3582 2646 3634 ὅσον
2712 3582 2984 3653 μάχιμον,
3043 3578 3595 3653 προσεταιρισάμενος
3668 3575 3725 3631 δὲ
3782 3578 3878 3632 καὶ

2228 3668 2577 3743 συμμαχικὸν
2626 3668 2727 3722 οὑκ
2781 3665 2971 3741 ὀλίγον
3031 3665 3137 3721 ἀπὸ
3191 3671 3295 3720 τῶν
3372 3666 3769 3742 κατρικούντων
3818 3665 3874 3720 ἐν

2223 3762 2339 3818 ταῖς
2392 3756 2777 3831 προσαρκτίοις
2832 3759 2929 3809 τοῦ
2979 3756 3232 3810 Ὠκεανοῦ
3295 3756 3483 3824 νήσοις
3533 3754 3717 3823 ἐθνῶν,
3778 3753 3876 3809 καὶ

2226 3843 2441 3915 πλῆθος
2473 3845 2749 3920 ἀθροίσας,
2785 3844 2858 3907 ὥς
2887 3866 3034 3922 φασι.
3064 3844 3185 3916 περὶ
3211 3844 3304 3904 τὰς
3349 3845 3533 3898 ἱκατὸν
3586 3841 3881 3918 χιλιάδας,

2226 3935 2313 3989 καὶ
2373 3932 2594 3995 πλοίοις
2651 3933 2944 4008 ἐγχωρίοις
3001 3938 3116 3993 τοῖς
3177 3931 3492 4007 λεγομένοις
3552 3930 3881 4004 μονοξύλοις

2228 4018 2487 4096 ἐμϐαλὼν
2548 4024 2685 4078 κατᾶ
2736 4029 2836 4091 τῆς
2887 4018 3104 4083 πόλεως
3147 4020 3366 4095 ἐξορμᾷ.
3398 4024 3566 4074 Τοῦτο
3627 4022 3810 4092 μαθὼν
3850 4022 3881 4075 6

2232 4111 2486 4188 βασιλεὺς
2544 4110 2749 4184 πὲμπει
2809 4111 2901 4183 μὲν
2967 4105 3317 4184 πρεσϐευτὰς,
3376 4107 3597 4179 ἐξαιτῶν
3646 4108 3882 4163 καταθέ-

2228 4214 2347 4265 σθαι
2377 4201 2446 4255 τὰ
2471 4198 2618 4255 ὅπλα
2646 4199 2736 4255 καὶ
2772 4199 3205 4275 ὑπισχνούμενος
3236 4197 3540 4269 ἐξιάσασθαι
3593 4196 3644 4251 εἶ’
3692 4219 3745 4251 τι
3806 4195 3882 4267 δὴ

2227 4290 2315 4344 καὶ
2374 4288 2591 4363 γέγονεν
2649 4287 2874 4357 ἄτοπον,
2932 4287 3023 4341 καὶ
3085 4288 3161 4359 μὴ
3221 4283 3309 4340 διὰ
3365 4285 3557 4360 μικρὸν
3619 4284 3883 4353 ἐθελῆσαι

2228 4383 2455 4454 πρᾶγμα
2486 4379 2584 4447 τὴν
2639 4378 2697 4432 ἐκ
2761 4380 2968 4450 μακροῦ
3018 4376 3374 4449 παγιωθεῖσαν
3423 4370 3671 4429 διαλῦσαι
3730 4374 3883 4449 εθρή-

2228 4488 2325 4536 νην
2372 4466 2461 4520 καὶ
2503 4466 2569 4521 τὰ
2618 4463 2740 4534 ἔθνη
2793 4470 2913 4519 κατ’
2944 4462 3211 4535 ἀλλήλων
3267 4463 3485 4537 ἀνάψαυ
3525 4461 3638 4539 ἐπεὶ
3691 4459 3748 4516 δέ
3788 4459 3882 4517 δε,

2230 4558 2455 4627 ξάμενος
2504 4554 2663 4615 αὐτὸς
2719 4555 2784 4607 τὰ
2822 4554 3121 4627 γράμματα
3182 4551 3308 4613 τούς
3357 4572 3414 4605 τε
3444 4545 3697 4623 πρέσϐεις
3755 4551 3878 4605 ἀτί-

2230 4665 2347 4716 μως
2378 4641 2565 4713 ἐδίωξε
2592 4643 2681 4697 καὶ
2740 4640 3119 4718 ὑπερηφάνους
3156 4640 3248 4693 καὶ
3305 4634 3539 4714 σοϐαρὰς
3597 4637 3877 4697 ἀπέδωκεν

2229 4730 2555 4806 ἀπολογίας,
2593 4729 2921 4806 ἀπεγνωκὼς
2966 4730 2993 4783 6
3049 4725 3306 4802 βασιλεὺς
3347 4729 3449 4797 τὴν
3510 4726 3729 4803 εἰρήνην
3781 4729 3878 4783 καὶ

2228 4819 2387 4883 αὐτὸς
2435 4819 2507 4880 ὡς
2570 4818 2692 4887 ἐνῆν
2749 4818 3249 4893 ἀντιπαρετάττετο.
3285 4819 3365 4890 [Ρ.
3400 4818 3527 4887 759]
3583 4817 3686 4872 Καὶ
3740 4816 3880 4881 τοὺς

2232 4910 2326 4980 μὲν
2361 4906 2728 4980 ἐνδημοῦντας
2762 4911 2829 4981 τῇ
2865 4903 3103 4982 βασιλίδι
3136 4904 3411 4980 ἐμπόρους
3461 4909 3569 4960 τῶν
3627 4907 3876 4977 Σκυθῶν,

2227 4991 2303 5051 ἔτι
2364 4994 2421 5049 δὲ
2477 4996 2566 5050 καὶ
2618 4995 2749 5057 τοὺς
2778 4995 2913 5050 κατὰ
2945 4994 3266 5069 συμμαχίαν
3300 4994 3569 5068 παρόντας
3619 4990 3880 5069 διασκορ-

2226 5089 2390 5150 πίσας
2450 5086 2500 5142 ἐν
2554 5093 2671 5149 τοῖς
2732 5088 2946 5160 θέμασι,
3006 5085 3095 5140 καὶ
3155 5084 3595 5158 ἀσφαλισάμενος
3645 5082 3741 5138 ’ίνα
3795 5086 3881 5158 μὴ

2225 5177 2314 5231 καὶ
2366 5177 2470 5231 ἀπὸ
2528 5181 2634 5231 τῶν
2680 5174 2835 5231 ἓνδον
2905 5170 3177 5244 ἐπιϐουλή
3237 5195 3321 5236 τις
3378 5173 3661 5248 ἀνεγερθῇ,
3718 5174 3795 5235 ὡς
3848 5176 3881 5230 6

2225 5266 2413 5341 καιρὸς
2473 5263 2652 5321 ἐδίδου
2704 5266 2794 5321 καὶ
2852 5265 2913 5320 τὸ
2971 5268 3067 5319 τοῦ
3120 5260 3282 5338 ἔργου
3314 5262 3631 5338 ὀξύρροπον,
3661 5263 3757 5323 τάς
3814 5283 3883 5318 τε

2230 5352 2515 5429 βασιλικὰς
2542 5353 2826 5431 ἐξαρτύσας
2853 5355 3097 5429 τριήρεις
3147 5351 3235 5406 καὶ
3296 5348 3469 5412 ἄλλας
3526 5350 3622 5405 οὐκ
3672 5348 3880 5426 ὀλίγας

2225 5444 2329 5498 ἀπὸ
2358 5448 2463 5498 τῶν
2499 5443 2774 5500 εὐσταλῶν
2831 5441 2923 5497 καὶ
2978 5440 3219 5516 κούφων,
3248 5439 3338 5493 καὶ
3387 5436 3523 5494 λαοῦ
3569 5437 3883 5514 πληρώσας

2174 5534 2179 5537 ’
2224 5532 2328 5587 ἀπὸ
2375 5536 2483 5587 τῶν
2523 5530 2948 5608 παρατυχόντων
3001 5527 3052 5584 ἐν
3095 5528 3372 5600 Βυζαντίῳ
3428 5526 3547 5582 τότε
3603 5546 3879 5603 στρατιω-

2218 5625 2350 5687 τῶν,
2380 5621 2470 5677 καὶ
2528 5619 2699 5690 αὐτῆς
2750 5620 2909 5681 οὗτος
2966 5621 3047 5690 τῷ
3106 5614 3375 5692 βασιλικῷ
3402 5611 3592 5680 ἐπιϐὰς
3620 5612 3880 5690 δρόμωνι

2222 5707 2380 5780 ἔξεισι
2451 5709 2540 5766 καὶ
2606 5714 2723 5772 τοῖς
2798 5706 3031 5769 Σκύθαις
3104 5703 3415 5775 ἅπαντιάζει
3466 5703 3605 5761 κατά
3648 5707 3712 5762 τὸ
3768 5714 3877 5765 τοῦ
