4038 6334
173 370 297 430 285

1321 373 1862 438 HISTORIARUM
1909 375 2449 440 COMPENDIUM.

3470 370 3590 433 286

178 498 392 552 Πόντου
455 497 626 571 στόμα
685 496 736 552 ἐν
793 503 875 571 τῷ
932 500 1215 576 λεγομένῳ
1271 499 1603 578 ναυλοχοῦσι
1644 503 1824 579 Φάρῳ,

1947 523 2079 562 rum
2108 512 2329 564 motum
2365 506 3020 580 exspectantibus.Cum
3045 511 3279 577 tempus
3307 506 3594 558 tereretur

178 587 570 658 παρεπομὲνην
621 580 766 661 ἔχων
826 583 914 642 διὰ
937 594 1036 655 τῆς
1069 589 1234 662 ξηρᾶς
1266 592 1355 644 καὶ
1391 591 1622 662 ἱππικὴν
1674 614 1832 666 στρα-

175 677 297 727 τιάν
361 675 462 728 οὐκ
514 674 729 749 ὀλίγην.
779 677 927 732 Ἐπεὶ
988 674 1043 731 δὲ
1100 677 1468 752 ἀντιμέτωποι
1502 678 1728 752 ἔστησαν
1779 684 1834 737 αἱ

176 762 460 835 δυνάμεις,
519 762 677 839 ἔργου
741 765 833 837 μὶν
884 763 1164 842 οὐδέτερον
1223 769 1636 843 μὲροςῆπτετοσ
1697 770 1749 826 οτί
1777 793 1835 826 τε

175 853 279 926 γάρ
357 849 559 914 Σκύθαι
639 851 726 905 ἐπὶ
791 857 886 907 τοῦ
962 851 1186 927 λιμᾶνος
1263 852 1387 912 ἔνθα
1468 860 1831 935 προσώρμουν

174 939 411 1000 ἑστῶτες
470 942 705 1013 ἡσυχίαν
756 943 913 1017 ἦγον,
970 945 1060 998 καὶ
1113 946 1141 999 ὁ
1204 946 1455 1021 βασιλεὺς
1487 949 1584 1016 τὴν
1617 947 1832 1003 ἐκείνων

173 1031 506 1103 προσμένων
585 1031 798 1099 κίνησιν
873 1031 1165 1108 ἐκαρτέρει.
1245 1037 1390 1092 Ἐπεὶ
1449 1034 1508 1090 δὶ
1564 1038 1593 1091 ὁ
1648 1039 1834 1112 καιρὸς

175 1113 425 1192 ἐτρίϐετο
474 1117 564 1172 καὶ
618 1121 652 1189 ἡ
707 1119 822 1195 ὢρα
877 1122 944 1190 ἦν
1000 1123 1133 1198 πρὸς
1165 1125 1285 1198 ὁψὶ,
1341 1122 1650 1200 πρεσϐειςὸ
1685 1127 1835 1202 βασι-

178 1206 309 1268 λεὺς
364 1206 534 1261 πάλιν
590 1205 851 1281 ἐκπέμπει
885 1211 1009 1286 περὶ
1066 1211 1305 1287 εἰρήνης,
1355 1213 1445 1268 καὶ
1503 1212 1666 1268 πάλιν
1718 1215 1836 1270 ἀτί-

180 1316 300 1366 μως
353 1295 672 1368 ἀποπέμπει
725 1297 951 1362 τούτους
1009 1301 1037 1354 ὁ
1089 1295 1362 1376 βάρϐαρος
1395 1346 1409 1370 ,
1472 1301 1737 1374 μηνύσας,
1791 1302 1843 1358 εἷ’

182 1383 448 1457 βούλεται
500 1390 583 1456 τῷ
644 1385 862 1459 βασιλεῖ
931 1388 1246 1452 καταθέσθαι
1303 1391 1371 1444 τὰ
1427 1389 1593 1457 ὅπλα,
1651 1389 1835 1446 δοῦναι

179 1475 335 1526 παντί
370 1477 453 1544 τῷ
506 1473 754 1547 ἑπομένῳ
811 1475 958 1547 αύτῷ
989 1482 1201 1552 στρατῷ
1231 1479 1329 1532 ἆνὰ
1360 1480 1592 1555 χρυσίου
1651 1478 1838 1555 λίτρας

174 1569 348 1636 τρεῖς,
414 1563 741 1639 Ἀμηχάνου
795 1562 852 1619 δὲ
898 1567 1149 1642 φανείσης
1181 1575 1279 1638 τῆς
1331 1569 1667 1643 ἀποκρίσεως
1700 1567 1838 1644 ἔγνω

179 1649 292 1705 δεῖν
344 1648 510 1726 ἔργου
566 1651 807 1728 ἔχεσθαι.
867 1655 954 1716 ἐὶς
1015 1653 1059 1710 δ’
1119 1656 1309 1711 ἐκεῖνοι
1368 1657 1602 1734 ἀτρέμας
1660 1664 1836 1735 εἶχον,

182 1740 683 1813 μεταστειλάμενος
715 1744 743 1797 ὁ
779 1743 1033 1818 βασιλεὺς
1075 1745 1165 1800 τὸν
1199 1747 1494 1822 μάγιστρον
1551 1747 1834 1805 Βασίλειον

1945 602 2000 650 et
2032 597 2102 650 ad
2156 613 2456 668 vesperam
2509 599 2634 651 dies
2699 595 3031 662 inclinaret,
3084 610 3320 648 rursum
3374 591 3593 662 legatos

1945 685 2016 738 de
2047 701 2187 756 pace
2219 687 2399 739 mittit
2430 686 2766 755 imperator,
2791 700 3008 755 eosque
3024 698 3260 738 rursum
3285 688 3591 736 contume-

1947 773 2088 829 liose
2120 774 2409 828 barbarus
2441 774 2647 844 reiicit,
2683 791 2796 829 non
2831 773 3000 827 aliter
3055 788 3117 827 se
3166 787 3330 826 arma
3363 769 3593 841 deposi-

1947 869 2146 917 turum
2172 863 2510 934 signilicans
2535 879 2711 934 quam
2736 861 2988 933 acceptis
3013 861 3068 916 in
3091 859 3324 932 singula
3348 874 3592 913 suorum

1945 951 2382 1007 classiariorum
2417 953 2610 1022 capita
2652 951 2840 1007 tribus
2897 951 3020 1006 auri
3071 948 3260 1004 libris.
3308 950 3470 1014 Quod
3507 963 3595 1002 re.

1946 1058 2230 1110 sponsum
2282 1059 2413 1096 cum
2448 1042 2670 1096 videret
2699 1055 2932 1095 summe
2963 1039 3308 1103 absurdum,
3341 1037 3592 1107 impera-

1945 1133 2036 1182 tor
2067 1145 2264 1200 pugna
2286 1130 2716 1185 decernendum
2741 1127 3363 1198 statuit.Barbarisque
3387 1125 3593 1180 etiam-

1948 1234 2087 1272 num
2121 1219 2584 1289 quiescentibus,
2615 1223 2813 1273 vocato
2845 1217 2914 1271 ad
2967 1232 3029 1272 se
3062 1217 3343 1288 magistro
3379 1213 3592 1269 Basilio

1947 1315 2401 1372 Theodorocano
2446 1317 2684 1370 mandat
2734 1321 2798 1370 ut
2867 1331 2998 1370 cum
3049 1315 3237 1370 tribus
3293 1312 3590 1368 velocibus

1945 1405 2285 1460 triremibus
2362 1405 2471 1459 levi
2534 1421 2730 1477 pugna
2786 1403 3029 1476 Scythas
3072 1407 3256 1457 tentet
3300 1406 3473 1472 atque
3517 1399 3590 1455 ad

1948 1493 2212 1564 praelium
2247 1493 2802 1566 provocet.Basilius
2833 1491 3087 1564 acceptis
3115 1490 3456 1546 triremibus
3476 1503 3592 1544 non

1947 1580 2055 1636 levi
2107 1585 2301 1653 praelia
2339 1601 2538 1637 eorum
2591 1584 2820 1637 animos
2865 1581 3147 1652 explorat,
3208 1581 3308 1635 sed
3361 1580 3414 1634 in
3470 1595 3592 1634 me-

1946 1670 2074 1724 dios
2131 1673 2285 1728 553
2340 1672 2535 1726 hostes
2604 1672 2867 1726 invectus
2911 1676 3132 1740 septem
3194 1684 3369 1724 naves
3417 1667 3596 1722 artiﬁ-

1947 1759 2105 1815 cioso
2139 1760 2271 1830 igne
2316 1765 2560 1824 cremat,
2594 1765 2709 1814 tres
2734 1776 2868 1814 cum
2929 1759 3074 1830 ipsis
3120 1756 3452 1813 vectoribus
3501 1757 3598 1811 de-

177 1837 274 1892 τὸν
337 1835 755 1910 Θεοδωροκάνον
814 1846 957 1916 τρεῖς
1017 1841 1296 1920 είκηφὲναι
1352 1847 1674 1918 προστάττει
1721 1867 1824 1921 τρι-

204 1930 216 1946 l
381 1923 407 1946 δ
541 1925 590 1946 ’8
759 1928 770 1943 \
819 1929 832 1944 θ
911 1929 932 1946 ﬁ
959 1941 972 1946 -
1011 1935 1034 1946 υ
1170 1932 1182 1946 \
1247 1933 1260 1946 η
1486 1933 1498 1946 ο
1780 1941 1802 1946 ..

1955 1849 2186 1920 mergit,
2221 1865 2451 1920 unaque
2483 1849 2720 1920 potitur,
2775 1849 2830 1902 in
2863 1864 2989 1902 eam
3026 1847 3294 1902 insiliens
3341 1852 3396 1901 et
3443 1845 3594 1900 clas-

185 1930 341 1999 ήρεις
377 1923 657 2000 δρομάδας
684 1928 773 1983 καὶ
809 1929 1061 1993 ἀπελθεῖν
1094 1932 1183 1986 καὶ
1236 1933 1695 2007 ἀποπειράσασθαι
1737 1941 1845 1991 τῶν

193 2020 448 2087 Σκυθῶν,
507 2014 655 2092 εἶ’περ
717 2015 970 2089 δυνηθείη
1023 2015 1523 2096 ἀκροϐολιζόμενος
1562 2027 1696 2099 πρὸς
1743 2027 1843 2080 πό-

188 2102 363 2177 λεμον
398 2103 596 2167 αὐτοὺς
654 2109 1074 2165 σπισπάσασθαι.
1133 2111 1190 2163 Ὃ
1242 2107 1300 2166 δὶ
1326 2112 1421 2174 τὰς
1476 2115 1718 2188 τριήρεις
1774 2115 1845 2170 εἰ-

187 2189 388 2269 ληςρὼς
434 2194 525 2248 καὶ
556 2195 693 2269 πρὸς
742 2195 869 2258 τοὺς
921 2197 1129 2261 Σκύθας
1153 2200 1445 2274 γενόμενος
1474 2201 1538 2256 ού
1578 2199 1647 2256 δι’
1677 2203 1841 2278 ἀκρο-

183 2276 464 2355 ϐολισμοῦ
513 2291 613 2353 τῆς
670 2284 844 2340 αὐτῶν
909 2285 1236 2363 ἀπεπειρᾶτο
1293 2291 1537 2365 γνώμης,
1597 2276 1840 2354 ἀλλ’-εἰς

184 2371 388 2441 μέσους
435 2373 624 2427 ἑαυτὸν
677 2372 894 2444 ὠθήσας
943 2377 1076 2432 ἑπτὰ
1138 2378 1232 2450 μὲν
1288 2381 1464 2456 σκάφη
1514 2385 1593 2452 τῷ
1651 2402 1838 2436 σκευα-

178 2464 289 2530 στῷ
343 2460 671 2538 καταφλέγει
723 2463 877 2538 πυρὶ,
907 2464 1032 2540 τρία
1091 2463 1149 2520 δὲ
1205 2465 1473 2542 αύτανδρα
1512 2469 1836 2524 καταποντί-

181 2552 278 2616 ζει.
343 2550 637 2623 Χειροῦται
674 2548 730 2605 δὶ
776 2552 864 2606 καὶ
912 2550 966 2607 ’ἐν
1000 2553 1159 2616 αὐτὸς
1213 2554 1548 2627 εἰσπηδήσας
1581 2557 1656 2619 εἷς
1686 2557 1837 2631 αὐτὸ,

176 2645 264 2698 καὶ
317 2651 434 2700 τῶν
489 2645 637 2702 ἔνδον
693 2649 784 2710 οὕς
847 2650 942 2722 μὶν
1003 2653 1327 2729 ἀποσφάξας,
1385 2653 1477 2716 οὖς
1511 2652 1685 2710 δὲκαὶ
1717 2677 1839 2732 τροο

177 2735 528 2806 πωσάμενος,
585 2739 684 2805 τήν
742 2737 960 2811 τόλμην
1027 2740 1469 2818 καταπλαγέντας
1526 2745 1710 2800 αὐτοῦ.
1771 2747 1838 2802 υἱ

177 2821 234 2878 δὲ
283 2825 520 2890 Σκύθαι,
567 2827 656 2880 καὶ
715 2828 804 2881 τὸν
847 2828 1071 2902 βασιλέα
1118 2828 1225 2902 ἤδη
1256 2833 1484 2907 ὁρῶντες
1539 2832 1838 2909 ἐρχόμενον

175 2913 268 2966 σζιν
310 2913 478 2968 παντὶ
508 2919 588 2986 τῷ
618 2914 820 2989 στόλῳ,
847 2917 936 2972 καὶ
969 2917 1348 2993 λογισάμενοι,
1403 2922 1534 2997 ὅπερ
1564 2924 1630 2992 ἧν
1667 2923 1834 2998 εἰκὸς,

177 3001 220 3054 εἰ
278 3007 517 3057 τοιαῦτα
583 3004 880 3060 πεπόνθασι
951 3009 1094 3083 τρισὶ
1163 3012 1438 3084 τριήρεσιν
1496 3011 1835 3076 ἀντιστάντες

177 3089 562 3164 πολεμούσαις
597 3137 611 3159 ,
662 3094 714 3148 τί
771 3095 834 3149 ἂν
889 3098 1110 3160 πάθοιεν
1171 3098 1484 3173 βιαζόμενοι
1539 3101 1697 3156 παντὶ
1754 3107 1835 3175 τῷ

173 3180 362 3253 στόλῳ
421 3182 850 3254 συμπλέκεσθαι,
913 3181 1222 3260 ἀπέϐλεψαν
1282 3189 1417 3263 πρὸς
1483 3193 1680 3267 φυγὴν,
1738 3191 1827 3246 καὶ

169 3269 245 3333 ε’ς
290 3270 468 3324 τόπον
529 3271 917 3350 ἀποβριφέντες
979 3274 1282 3339 σκοπέλους
1336 3273 1533 3353 ἔχοντα
1589 3280 1677 3334 καὶ
1728 3280 1824 3336 πέ-

164 3379 296 3430 τρας
356 3357 604 3436 ὑφάλους
658 3361 726 3415 τά
776 3359 950 3418 πλείω
1005 3369 1113 3418 τῶν
1191 3372 1407 3444 σκαφῶν
1467 3364 1828 3438 ἀπεϐάλοντο,

164 3446 563 3519 ἐπιτιθεμένων
595 3449 809 3512 τούτοις
871 3452 976 3506 ἀπὸ
1021 3459 1120 3522 τῆς
1170 3457 1337 3528 ξηρᾶς
1382 3456 1471 3509 καὶ
1501 3461 1608 3511 τῶν
1655 3479 1826 3534 παρα-

165 3537 560 3609 πορευομένων
635 3545 978 3612 στρατιωτῶν
1032 3542 1122 3596 καὶ
1193 3541 1553 3600 ἀπολλύντων
1609 3546 1823 3619 αὐτοὺς,

163 3633 240 3694 ὡς
299 3635 593 3708 εὑρεθῆναι
665 3636 798 3708 μετὰ
854 3642 1021 3692 ταῦτα
1074 3638 1295 3713 νεκροὺς
1353 3640 1713 3717 ἐρριμμένους
1770 3646 1822 3700 ἐν

160 3725 278 3781 τοῖς
309 3720 594 3796 αἰγιαλοῖς
626 3723 764 3802 ἀμφὶ
795 3727 887 3787 τὰς
918 3728 975 3780 ιε’
1022 3725 1306 3802 χιλιάδας.
1345 3731 1404 3787 Ὀ
1465 3733 1560 3804 μὶν
1593 3733 1683 3787 οὗν
1722 3734 1822 3808 βα-

163 3808 354 3870 σιλεὺς
399 3811 536 3880 μετὰ
592 3814 693 3881 τήν
745 3818 852 3867 τῶν
913 3820 1133 3879 Σκυθῶν
1190 3819 1356 3886 ἧτταν
1414 3817 1496 3896 ἐφ’
1551 3819 1683 3884 δλας
1725 3819 1820 3877 δύο

161 3897 505 3970 προσμείνας
580 3899 814 3973 ἡμέρας,
887 3905 1024 3958 κατὰ
1096 3905 1195 3973 τὴν
1248 3907 1436 3980 τρίτην
1493 3907 1818 3986 ὑπέστρεψεν

164 3986 242 4047 εἰς
297 3989 404 4054 τήν
472 3986 748 4062 βασιλίδα,
781 3989 876 4046 δύο
931 3993 1176 4066 τάγματα
1229 3998 1544 4052 καταλιπὼν
1603 4000 1818 4062 καὶτὰς

163 4072 469 4149 λεγομενας
528 4077 815 4152 ἑταιρείας,
869 4080 955 4158 ὑφ’
1015 4083 1246 4156 ἡγεμόνι
1300 4086 1602 4158 ταττόμενα
1658 4095 1818 4143 Νικο-

163 4163 283 4236 λάῳ
344 4168 427 4235 τῷ
484 4169 967 4240 παρακοιμωμὲνῷ
998 4173 1083 4243 [Ρ.
1109 4173 1237 4246 760]
1289 4173 1378 4228 καὶ
1411 4175 1678 4249 Βασιλείῳ
1713 4199 1814 4249 μα-

156 4251 366 4339 rin,st
435 4257 516 4324 τῷ
572 4251 1015 4331 Θεοδωροκάνῳ,
1092 4258 1175 4334 ἐφ’
1228 4262 1273 4334 ᾧ
1335 4261 1463 4326 τοὺς
1530 4264 1812 4339 αἰγιαλοὺς

157 4338 477 4426 ἐπισκοπεῖν
533 4343 623 4396 καὶ
672 4346 1032 4420 παρατρέχειν
1108 4349 1199 4402 καὶ
1253 4338 1664 4424 φυλάττεσθαι,
1733 4357 1808 4426 μή

155 4450 238 4490 τις
296 4424 568 4493 ἀπόϐασις
627 4431 848 4506 γένηται
902 4439 1011 4489 τῶν
1060 4431 1374 4513 Βαρϐάρων,
1434 4440 1526 4494 τὸν
1555 4439 1612 4496 δε
1637 4424 1812 4498 πάντα

157 4518 359 4571 στόλον
381 4520 518 4572 κατά
562 4521 652 4574 τὸν
706 4523 887 4597 Φάρον
919 4525 1243 4598 προσμένειν
1273 4527 1553 4589 κελεύσας.
1625 4529 1719 4584 Καὶ
1779 4531 1808 4586 ὁ

1953 1936 2160 1991 siarios
2219 1938 2430 2008 partim
2491 1938 2740 2006 caadens,
2820 1937 3030 2008 partim
3103 1935 3350 1991 audacia
3405 1934 3594 2006 ipsius

1955 2027 2290 2097 perterritos
2339 2027 2568 2095 fugatis.
2622 2026 2847 2098 Scythis
2903 2043 3034 2080 cum
3088 2024 3361 2080 universa
3405 2025 3593 2079 classe

1953 2118 2223 2170 accedere
2251 2117 2663 2186 imperatorem
2689 2117 2973 2183 videntes,
3006 2119 3180 2185 atque
3228 2113 3286 2168 id
3311 2114 3464 2185 quod
3502 2129 3593 2168 res

1951 2209 2075 2259 erat
2104 2203 2451 2276 cogitantes,
2485 2223 2616 2260 cum
2665 2221 2734 2259 ne
2767 2205 2944 2259 trium
2988 2204 3223 2276 quidem
3263 2202 3591 2258 triremium

1951 2293 2383 2349 sustinuissent
2420 2293 2730 2366 impetum,
2774 2293 2915 2365 quid
2957 2298 3301 2349 eventurum
3355 2295 3510 2347 esset
3544 2289 3594 2346 si

1950 2399 2083 2436 cum
2117 2388 2237 2436 tota
2263 2381 2451 2438 classe
2472 2382 2903 2454 conﬂigendum
2931 2383 3094 2449 foret,
3119 2381 3316 2453 fugam
3349 2380 3592 2447 faciunt,

1949 2484 2006 2534 et
2029 2497 2090 2534 se
2114 2481 2170 2534 in
2205 2481 2399 2535 locum
2433 2481 2818 2536 immittentes
2857 2498 2995 2536 saxa
3043 2497 3109 2535 ac
3149 2479 3422 2552 scopulos
3481 2478 3591 2534 sub

1955 2569 2099 2624 mari
2152 2569 2559 2626 delitescentes
2632 2570 2945 2625 habentem
3021 2569 3330 2641 plerasque
3419 2583 3596 2623 naves

1953 2659 2226 2728 perdunt.
2259 2660 2368 2714 Sed
2402 2664 2458 2714 et
2490 2658 2708 2714 milites
2737 2677 2767 2713 e
2797 2658 3121 2713 continenti
3151 2675 3251 2713 eos
3280 2657 3588 2724 invadunt,

1951 2763 2338 2816 magnamque
2365 2755 2619 2819 stragem
2655 2748 2856 2801 edunt.
2888 2751 3037 2801 Sane
3087 2747 3433 2802 cadaverum
3484 2744 3588 2800 ho-

1945 2834 2168 2890 stilium
2200 2835 2255 2889 in
2293 2835 2482 2890 littore
2502 2838 2735 2896 inventa
2759 2842 2898 2890 sunt
2920 2836 3226 2907 postmodo
3248 2834 3584 2906 quindecim

1947 2924 2181 2980 circiter
2212 2925 2416 2980 millia.
2453 2926 2756 2997 Superatis
2791 2925 2897 2980 hoc
2931 2929 3097 2995 pacto
3120 2924 3373 2996 Scythis,
3400 2924 3583 2995 impe-

1945 3021 2103 3069 rator
2151 3021 2334 3070 totum
2398 3014 2640 3069 biduum
2702 3014 2779 3069 ibi
2854 3014 3112 3070 locorum
3185 3017 3581 3069 commoratus

1944 3102 2110 3156 tertio
2144 3103 2235 3158 die
2267 3103 2609 3175 Byznntium
2643 3103 2838 3168 rediit,
2872 3103 3102 3158 duabus
3147 3103 3476 3174 legionibus
3530 3106 3585 3156 et

1944 3206 2120 3260 quam
2152 3197 2361 3246 vocant
2383 3192 2722 3247 sodalitates
2773 3190 3012 3259 relictis,
3055 3191 3306 3246 ducibus
3347 3189 3579 3245 Nicolao

1941 3279 2300 3336 cubiculario
2365 3285 2422 3336 et
2481 3282 2761 3352 magistro
2840 3279 3052 3336 Basilio
3130 3280 3580 3335 Theodorocano

1942 3371 2215 3426 mandato
2249 3376 2311 3426 ut
2341 3387 2502 3426 oram
2537 3371 2891 3427 maritimam
2949 3369 3333 3435 custodirent,
3394 3383 3582 3440 neque

1938 3459 2375 3514 exscensionem
2411 3460 2595 3514 facere
2643 3458 2930 3514 Barbaros
2993 3464 3348 3530 paterentur,
3401 3464 3581 3528 utque

1939 3550 2063 3601 tota
2095 3547 2302 3602 classis
2353 3548 2506 3619 apud
2556 3547 2811 3602 Pharum
2864 3548 2921 3602 in
2975 3549 3231 3603 statione
3282 3552 3456 3602 esset.
3511 3545 3579 3601 Hi

1936 3634 2154 3700 littora,
2184 3641 2245 3690 ut
2267 3636 2421 3706 jussi
2455 3642 2640 3702 erant,
2676 3635 3128 3702 circumeuntes,
3155 3655 3270 3706 qua
3301 3637 3582 3690 cadavera

1934 3723 2324 3779 Barbarorum
2359 3731 2534 3780 aestus
2552 3725 2823 3795 ejecerat,
2860 3724 3079 3795 ingenti
3108 3726 3302 3794 praeda
3325 3741 3390 3778 ac
3438 3739 3575 3793 spo-

1930 3812 2026 3867 liis
2069 3813 2235 3883 potiti
2285 3821 2448 3868 sunt.
2496 3813 2700 3867 Verum
2754 3814 2966 3884 viginti
3015 3817 3270 3882 quatuor
3306 3811 3576 3866 triremes

1933 3900 2226 3965 Romanis,
2255 3901 2407 3958 554
2440 3903 2650 3956 avulsas
2683 3903 2754 3956 ab
2789 3900 3012 3972 reliqua
3043 3900 3252 3968 classe,
3287 3900 3575 3972 fugientes

1928 3991 2214 4046 Barbaros
2245 3991 2519 4046 insecuta:
2551 4007 2769 4062 eosque
2793 3995 3178 4062 praetervecta:
3226 3995 3387 4057 sunt,
3440 4005 3570 4043 cum

1926 4078 1964 4134 ii
2005 4078 2064 4134 in
2087 4080 2398 4150 quemdam
2429 4088 2660 4151 portum
2689 4097 2861 4134 naves
2891 4077 3568 4151 subduxissent.Scythaa

1925 4183 2062 4239 ergo
2097 4170 2388 4238 paucitate
2422 4169 2724 4224 hostilium
2762 4170 2995 4223 navium
3026 4169 3280 4240 cognita,
3312 4184 3570 4239 comper-

1923 4262 2101 4327 toque
2135 4274 2246 4312 non
2270 4257 2467 4328 plures
2519 4275 2646 4312 esse
2693 4275 2876 4330 quam
2925 4258 3059 4313 visae
3114 4263 3299 4327 erant,
3355 4274 3389 4312 a
3437 4273 3568 4328 pro-

1924 4346 2230 4401 montoriis
2261 4346 2332 4402 ab
2382 4354 2629 4418 utraque
2689 4353 2851 4419 parte
2910 4347 3041 4404 sitis
3091 4365 3310 4404 cornua
3366 4351 3567 4401 exten-

1920 4435 2154 4500 derunt,
2178 4443 2237 4491 et
2265 4442 2537 4492 contenta
2561 4438 2651 4491 usi
2717 4438 3094 4508 remigatione
3144 4435 3567 4493 circumvenire

1920 4539 2019 4578 eas
2063 4529 2383 4595 cmperunt.
2441 4525 2683 4579 Romani
2747 4525 2935 4595 priore
2979 4525 3176 4580 labore
3241 4521 3566 4595 remigandi

161 4606 254 4675 μὲν
317 4605 576 4680 βασιλεὺς
631 4613 796 4664 ταῦτα
854 4608 1283 4686 διαπραξάμενος
1341 4615 1590 4686 εἰσῆλθεν
1640 4618 1716 4682 εἰς
1744 4619 1806 4674 τὸ

1944 4613 2388 4685 nsequendique
2407 4613 2731 4684 defatigati,
2760 4619 2816 4668 et
2849 4613 3228 4668 multitudine
3259 4612 3565 4668 hostilium

157 4695 477 4762 Βυζάντιον,
537 4697 588 4750 οἳ
646 4698 768 4774 περί
826 4701 916 4754 τὸν
958 4705 1452 4777 παρακοιμώμενον
1514 4702 1571 4760 δὲ
1599 4706 1809 4762 καὶτὸν

158 4780 583 4857 Θεοδωροκάνον
614 4787 740 4848 τοὺς
787 4786 1074 4862 αίγιαλοὺς
1129 4794 1453 4867 περιιόντες,
1504 4792 1627 4858 ἔνθα
1680 4796 1812 4868 μετὰ

153 4872 252 4939 τήν
317 4873 530 4945 τροπὴν
578 4869 869 4948 ἐξεϐράσθη
919 4878 986 4932 τὰ
1043 4879 1269 4952 σώματα
1319 4886 1428 4936 τῶν
1487 4879 1806 4958 Βαρϐάρων,

153 4966 378 5037 πολλῆς
460 4969 606 5032 λείας
675 4973 766 5027 καὶ
841 4972 1056 5030 σκύλων
1128 4976 1376 5052 ἐγένοντο
1443 4979 1642 5052 κύριοι.
1705 4981 1807 5038 Καὶ

151 5059 398 5132 τριήρεις
460 5056 517 5112 ὃὶ
569 5061 830 5136 τέσσαρας
879 5063 964 5118 ἐπὶ
1025 5063 1193 5121 εἷ’κοσι
1252 5072 1350 5122 τοῦ
1380 5066 1579 5124 λοιποῦ
1607 5067 1808 5144 διαιρε-

149 5146 324 5200 θεῖσαι
365 5145 567 5201 στόλου
628 5147 845 5206 ε’ίποντο
905 5156 1159 5229 φεύγουσι
1215 5161 1334 5218 τοῖς
1385 5153 1706 5232 Βαρϐάροις’
1750 5155 1804 5212 ἓν

149 5253 255 5287 τινι
318 5232 375 5289 δὲ
430 5236 625 5310 κόλπῳ
679 5238 1102 5316 ναυλοχούντων
1133 5243 1306 5299 αὐτῶν
1334 5245 1615 5322 παρῆλθον
1649 5246 1804 5302 αὗται

155 5319 470 5409 musam.
527 5327 627 5382 Καὶ
657 5328 876 5403 γνόντες
909 5332 960 5384 οἱ
985 5331 1188 5386 Σκύθαι
1218 5335 1316 5403 τήν
1346 5319 1666 5409 ὀλιγότητα,
1714 5335 1803 5391 καὶ

149 5407 394 5486 ἀκριϐῶς
438 5411 841 5479 καταλαϐόντες
872 5419 946 5483 ὡς
991 5421 1055 5476 ού
1108 5421 1330 5486 πλείους
1374 5407 1483 5479 τῶν
1541 5424 1801 5503 φαινομέ-

149 5522 251 5554 νων
289 5501 449 5569 εἰσὶν,
494 5505 889 5580 ύπερκερώσεις
939 5511 1305 5584 ποιησάμενοι
1362 5513 1467 5567 ἀπὸ
1513 5501 1610 5568 τοῦ
1655 5513 1801 5578 ἔνθεν

149 5590 390 5653 κάκεῖθεν
450 5591 796 5667 ἀκρωτηρίου
852 5597 942 5650 καὶ
1002 5599 1240 5672 συντόνῳ
1295 5604 1362 5675 τῇ
1423 5600 1621 5674 εἰρεσίᾳ
1653 5601 1801 5677 χρώ·

152 5699 300 5748 μενοι
350 5677 610 5736 ἔσπευδον
643 5679 1096 5757 ὶγκολπώσασοαι
1125 5687 1250 5750 τοὺς
1287 5688 1576 5752 ἐναντίους.
1632 5690 1694 5745 Ol
1743 5687 1800 5746 δι

1922 4703 2159 4757 navium
2219 4701 2530 4774 perterriti,
2590 4703 2661 4757 ad
2706 4703 2900 4774 fugam
2958 4701 3337 4758 inclinarunt.
3419 4702 3564 4757 Cum

1921 4797 2120 4846 autem
2157 4791 2471 4846 barbaricas
2498 4807 2669 4846 naves
2705 4792 2900 4847 fauces
2931 4791 3097 4846 sinus
3142 4789 3564 4846 circumdedis-

1922 4885 2053 4932 sent
2083 4886 2139 4934 et
2168 4878 2226 4933 in
2260 4881 2445 4932 altum
2480 4882 2634 4932 exire
2666 4896 2778 4933 non
2819 4880 3075 4942 daretur,
3135 4879 3561 4934 Constantinus

1923 4967 2206 5038 patricius
2237 4965 2604 5022 Caballurius
2635 4967 3120 5040 Cibyrreotarum
3142 4969 3280 5033 dux,
3302 4983 3434 5022 cum
3455 4983 3563 5021 sua

1919 5062 1977 5111 et
2007 5055 2139 5111 aliis
2165 5057 2360 5112 decem
2411 5055 2750 5111 triremibus
2798 5055 3022 5111 fortiter
3072 5056 3130 5111 in
3180 5056 3408 5111 hostem
3462 5071 3562 5126 pu-

1917 5161 2130 5214 gnans,
2173 5143 2440 5200 concisus
2488 5149 2594 5198 est.
2648 5147 2840 5215 Capta.-
2901 5162 2934 5199 a
2986 5145 3256 5200 Barbaris
3309 5149 3562 5214 quatuor

1915 5243 2186 5298 triremes
2218 5259 2349 5296 cum
2383 5242 2530 5313 ipsis
2555 5243 2907 5307 vectoribus,
2938 5243 3182 5314 ipsaque
3198 5243 3374 5298 etiam
3418 5257 3560 5312 prte-

1917 5332 2066 5386 toria
2097 5331 2282 5386 navis.
2309 5330 2588 5386 Homines
2619 5330 2676 5386 in
2722 5331 2794 5385 iis
2837 5347 3043 5389 omnes
3086 5331 3395 5388 interfecti.
3447 5331 3554 5387 Be~

1914 5419 2086 5492 liquse
2118 5420 2514 5476 Romanorum
2550 5436 2724 5475 naves
2756 5419 2814 5474 in
2848 5420 3065 5486 brevia,
3097 5420 3292 5476 littora
3339 5420 3558 5476 incom-

1916 5510 2090 5563 moda
2113 5516 2171 5564 et
2193 5525 2332 5563 saxa
2359 5509 2554 5578 ejecta
2615 5524 2681 5562 ac
2739 5511 2998 5564 contrita)
3046 5514 3204 5566 sunt.
3253 5508 3553 5567 Classiarii

1911 5598 2008 5652 alii
2042 5599 2098 5652 in
2155 5614 2310 5669 aqua
2342 5597 2658 5668 perierunt,
2691 5597 2788 5652 alii
2818 5615 2851 5652 a
2874 5597 3145 5654 Barbarie
3165 5599 3252 5654 vel
3274 5599 3554 5655 trucidati

1909 5685 1996 5741 vel
2025 5684 2238 5758 captivi
2267 5684 2504 5742 abducti
2526 5689 2687 5742 sunt.
2722 5685 3084 5760 Supsrstites
3111 5687 3274 5759 nudi,
3299 5687 3548 5760 pedites-
