4070 6334
450 362 565 425 2B7

1802 362 2123 428 GEORGII
2166 364 2474 429 CEDREN
2483 365 2509 426 Ι

3737 362 3859 426 288

448 511 561 566 que
597 494 669 549 ad
702 510 944 549 suorum
970 494 1282 550 stationem
1326 494 1641 552 redierunt.
1675 496 1920 570 Scytha,
1947 513 2080 553 cum

2220 501 2464 568 Ρωμαῖοι
2542 495 2602 551 ἰκ
2673 502 2773 565 τῆς
2846 494 3112 569 προτέρας
3186 493 3545 566 κωπηλασίας
3600 493 3691 549 καὶ
3758 499 3856 549 τοῦ

445 589 653 654 praeter
681 598 844 654 spem
893 582 1038 653 ipsis
1095 584 1437 639 institutum
1486 586 1812 649 cecidisset,
1845 588 2089 641 domum

443 690 643 727 versus
678 676 787 728 iter
819 675 1217 729 instituerunt.
1254 681 1396 730 Cum
1442 694 1555 731 non
1591 678 1736 730 mari
1765 679 1953 739 modo,
1990 677 2091 730 sed

442 768 598 815 terra
622 762 795 817 etiam
834 763 1086 817 redirent
1128 766 1339 834 (neque
1390 765 1544 820 enim
1606 769 1777 819 tanta:
1825 765 2093 819 multitu-

445 850 734 905 dinisatis
756 857 879 906 erat
912 853 1171 917 navium,
1233 870 1365 908 cum
1420 854 1616 925 praelio
1668 855 1863 909 multis
1897 859 2097 909 essent

451 942 748 1005 demersae,
808 943 958 998 555
1023 944 1220 996 multae
1261 951 1464 1014 captae,
1525 943 1723 997 multae
1787 946 2091 1015 naufragio

450 1030 1289 1102 periissent),inCatacalonem
1321 1036 1547 1086 Bestam
1579 1034 1929 1087 Ambustum
1952 1037 2096 1088 tunc

452 1122 596 1173 Istro
617 1119 818 1174 vicinas
850 1119 1071 1191 regioni
1134 1120 1470 1191 praefectum
1532 1121 1865 1177 inciderunt
1902 1122 1957 1175 in
1996 1138 2098 1176 ora

452 1209 632 1263 maris
662 1209 815 1279 apud
842 1208 1116 1275 Barnam,
1154 1210 1385 1280 fusique
1432 1215 1572 1265 sunt
1602 1215 1659 1265 et
1700 1228 1913 1282 magna
1936 1210 2098 1265 clade

449 1297 659 1352 atl‘ecti.
681 1296 1058 1369 Octingentos
1088 1314 1290 1353 eorum
1324 1298 1482 1353 vivos
1512 1298 1571 1353 in
1606 1300 1990 1370 compedibus
2024 1299 2094 1353 ad

448 1384 859 1455 imperatorem
894 1387 1075 1441 misit.
1114 1388 1164 1440 ls
1220 1387 1557 1453 Ambustus,
1600 1394 1657 1442 et
1686 1404 1815 1441 cum
1843 1387 2097 1458 primum

451 1473 677 1544 Scytha:
700 1474 769 1528 ad
812 1474 1357 1546 Constantinopolin
1379 1477 1686 1531 tenderent
1710 1476 1887 1545 inque
1912 1474 2101 1546 ipsius

458 1561 813 1633 provinciam
871 1563 1088 1633 egressi
1143 1563 1584 1634 pabularentur,
1651 1566 1934 1619 militibus
1978 1565 2102 1620 suis

456 1650 717 1706 collectis
741 1652 965 1706 fortiter
994 1652 1305 1719 invaserat,
1333 1653 1651 1724 pulsosque
1673 1655 1743 1708 ad
1769 1670 1876 1708 sua
1899 1655 2100 1709 confu-

457 1755 593 1810 gere
625 1739 855 1810 navigia
907 1748 1195 1811 coegerat.
1232 1742 1296 1795 Et
1334 1748 1472 1796 tunc
1522 1743 1736 1796 iterum
1788 1758 1948 1797 oram
1983 1759 2102 1797 suae

2204 582 2449 657 διωγμοῦ
2499 586 2797 639 κατάκοποι
2849 586 3017 651 ὅντες,
3055 584 3315 657 καὶπρὸς
3359 585 3419 638 τὸ
3473 583 3688 648 πλῆθος
3744 588 3852 638 τῶν

2211 668 2553 747 βαρϐαρικῶν
2612 677 2827 751 σκαφῶν
2875 670 3385 739 ἀποδειλιάσαντες,
3447 670 3665 726 ἔκλιναν
3722 673 3860 746 πρὸς

2206 764 2405 839 φυγήν.
2441 764 2587 818 Ἐπεὶ
2628 760 2684 817 δὶ
2743 762 2971 837 ἔφθασαν
3030 762 3095 817 τὰ
3149 766 3255 816 τῶν
3316 756 3613 836 Βαρϐάρων
3673 762 3852 838 σκάφη

2204 851 2614 928 στεφανώσαντα
2668 853 2732 906 τὸ
2786 851 2959 923 στόμα
2997 856 3285 925 κατασχεῖν
3344 856 3443 905 τοῦ
3500 848 3714 905 κόλπου
3761 851 3856 904 καὶ

2206 939 2410 1013 ἄπορος
2465 941 2532 1008 ἦν
2569 943 2602 1008 ἡ
2658 941 2792 1011 πρὸς
2820 940 2883 994 τὸ
2938 940 3174 1014 πέλαγος
3222 937 3478 1009 διέξοδος,
3515 945 3861 993 Κώνσταντῖ-

2206 1050 2296 1083 νον
2348 1030 2441 1101 μὲν
2499 1028 2783 1103 πατρίκιος
2841 1029 2869 1083 6
2928 1024 3366 1101 Καϐαλλούριος,
3426 1029 3727 1105 στρατηγὸς
3781 1027 3858 1081 ῶν

2205 1122 2312 1172 τῶν
2359 1112 2778 1193 Κιϐυρῥαιωτῶν
2814 1164 2829 1189 ,
2886 1117 3140 1191 γενναίως
3210 1115 3336 1187 ἔστη
3396 1117 3535 1193 πρὸς
3605 1116 3855 1189 πόλεμον

2212 1208 2344 1279 μετὰ
2410 1214 2509 1275 τῆς
2585 1208 2775 1262 έαυτοῦ
2843 1209 3105 1279 τριήρους
3157 1208 3245 1261 καὶ
3297 1211 3504 1261 λοιπῶν
3561 1203 3708 1270 δέκα,
3763 1207 3859 1260 καὶ

2209 1296 2493 1368 εὐρώστως
2543 1296 2861 1370 μαχόμενος
2916 1296 3212 1365 κατεκόπη,
3272 1294 3588 1372 ἐλήφθησαν
3661 1293 3718 1349 δὲ
3768 1295 3863 1349 καὶ

2206 1385 2458 1458 τέσσαρες
2513 1387 2755 1458 τριήρεις
2787 1380 3069 1457 αὔτανδροι
3120 1385 3212 1437 σὺν
3270 1387 3338 1456 τῇ
3397 1381 3710 1459 ναυαρχίδι,
3769 1384 3864 1437 καὶ

2210 1473 2401 1535 πάντες
2459 1474 2510 1526 οἱ
2569 1471 2620 1527 έν
2676 1471 2864 1533 αὐταῖς
2924 1472 3307 1549 ἀπεσφάγησαν
3344 1517 3357 1539 ,
3426 1472 3492 1525 τὰ
3562 1469 3619 1526 δέ
3688 1470 3863 1526 λοιπᾶ

2210 1564 2493 1633 Ῥωμαϊκὰ
2549 1561 2723 1616 πλοῖα
2753 1561 2805 1616 έν
2858 1562 3085 1637 βράχεσι
3125 1562 3213 1615 καὶ
3268 1561 3457 1622 ἀκταῖς
3516 1560 3605 1615 καὶ
3664 1560 3863 1614 σκοπέ-

2214 1650 2332 1711 λοις
2365 1650 2757 1727 ἀπερρίφησαν
2818 1651 2890 1703 ὧν
2952 1644 3337 1724 συντριϐέντων
3388 1651 3440 1703 oi.
3497 1650 3592 1721 μὲν
3636 1653 3745 1702 τῶν
3808 1648 3863 1702 έν

2212 1738 2399 1802 αὐταῖς
2459 1733 2791 1813 ὑποϐρύχιοι
2848 1739 3101 1812 γεγόνασι
3153 1742 3221 1811 τῇ
3282 1737 3547 1812 θαλάσσῃ,
3608 1734 3772 1791 ἄλλοι
3806 1734 3865 1791 δὲ

457 1829 765 1899 provincia
800 1829 1153 1885 maritimam
1182 1831 1543 1898 custodiens,
1577 1831 1875 1902 exituique
1908 1832 2100 1887 inten-

2218 1826 2458 1883 ἑάλωσαν
2512 1827 2613 1881 ὑπὸ
2668 1832 2775 1883 τῶν
2819 1825 3114 1902 Βαρϐάρων
3175 1828 3263 1882 καὶ
3327 1826 3573 1902 μαχαίρᾳ
3622 1824 3860 1896 παρεδό-

453 1922 573 1987 tus,
607 1917 715 1973 hoc
746 1918 974 1975 facinus
1006 1919 1206 1975 edidit.

2218 1920 2375 1987 ὒησαν
2409 1917 2497 1972 καὶ
2530 1913 2771 1986 δουλείᾳ,
2834 1916 2883 1971 οί
2917 1914 2973 1971 δὲ
3005 1913 3353 1977 διασωθέντες
3409 1916 3561 1985 πεζοὶ
3617 1916 3708 1970 καὶ
3764 1938 3862 1989 γυ-

457 2004 581 2077 μνοὶ
613 2005 690 2066 είς
720 2007 781 2059 τὸ
834 2005 1035 2060 οἰκεῖον
1085 2005 1447 2080 στρατόπεδον
1508 2009 1874 2077 ἀνεσώθησαν.
1935 2009 2002 2063 Οἱ
2059 2006 2117 2063 δὶ
2178 2007 2380 2070 Σκύθαι
2435 2006 2508 2067 ὡς
2566 2004 2663 2060 οὐκ
2720 2005 2795 2067 εἰς
2855 2002 3009 2081 ἔργον
3074 2004 3272 2081 ἐχώρει
3303 2005 3488 2066 αὐτοῖς
3531 2006 3599 2059 τὰ
3626 2010 3735 2058 τῶν
3765 2004 3862 2059 ἰλ-

450 2091 649 2161 πίδων,
724 2101 824 2164 τῆς
880 2094 963 2149 ἐπ’
1021 2094 1173 2149 ο’ίκου
1251 2094 1474 2170 πορείας
1530 2096 1895 2171 ἐμνήσθησαν.
1953 2097 2376 2173 Ὑποστρέφουσι
2441 2093 2497 2149 δὲ
2542 2094 2758 2156 τούτοις
2816 2092 2904 2149 διά
2956 2116 3015 2149 τε
3072 2102 3173 2170 γῆς
3224 2096 3312 2149 καὶ
3375 2094 3649 2164 θαλάσσης
3711 2090 3869 2167 (οὐδὶ

455 2183 561 2257 γὰρ
619 2182 873 2256 ἐξήρκουν
918 2190 1035 2247 τοῖς
1086 2188 1214 2238 πᾶσι
1272 2187 1338 2239 τὰ
1396 2184 1594 2264 σκάφη,
1654 2186 1721 2240 τά
1782 2187 1876 2259 μὶν
1930 2186 2034 2241 ὑπὸ
2086 2190 2186 2251 τῆς
2245 2186 2711 2261 προηγησαμένης
2768 2183 3061 2259 ναυαρχίας
3118 2182 3603 2237 καταποντισθέντα
3657 2203 3716 2237 τε
3774 2182 3870 2237 καὶ

462 2270 758 2346 ληφθέντα,
816 2272 882 2327 τὰ
937 2270 993 2327 δὲ
1038 2273 1140 2328 ὑπὸ
1196 2272 1473 2337 κλύδωνος
1528 2275 1618 2331 καὶ
1676 2276 1966 2352 τρικυμίας
2026 2274 2357 2341 θλασθέντα,
2406 2274 2495 2328 καὶ
2552 2271 2641 2328 διά
2693 2278 2854 2328 τοῦτο
2911 2274 2963 2327 οἱ
3020 2270 3245 2336 πλείους
3292 2276 3429 2344 πεζῇ
3485 2274 3584 2341 τὴν
3641 2269 3871 2326 ὁδοιπο-

461 2361 578 2435 ρίαν
636 2360 942 2433 ἐποιοῦντο)
1000 2366 1330 2433 συναντήσας
1392 2363 1718 2419 Κατακαλὼν
1783 2368 1983 2433 Βέστης
2041 2366 2068 2419 ὁ
2127 2364 2463 2437 Κεκαυμένος
2518 2360 2706 2438 ἅρχων
2786 2360 2857 2416 ὢν
2910 2366 3018 2416 τῶν
3079 2361 3201 2437 περὶ
3254 2362 3345 2416 τὸν
3402 2363 3608 2436 Ἴστρον
3649 2359 3871 2415 πόλεων

458 2450 547 2503 καὶ
614 2449 858 2525 χωρίων,
917 2453 1052 2505 κατὰ
1106 2452 1196 2507 τὸν
1276 2450 1522 2528 αῒγιειλὸν
1598 2460 1699 2524 τῆς
1776 2452 2083 2529 λεγομένης
2150 2453 2374 2525 Βάρνας,
2449 2453 2539 2507 καὶ
2593 2446 2891 2523 συμϐαλὼν
2943 2451 3227 2526 ἐτρέψατο,
3280 2452 3370 2504 καὶ
3431 2450 3705 2504 ἀπέκτεινε
3768 2450 3869 2522 μὲν

461 2538 727 2607 πολλοὺς,
806 2539 1154 2603 ὀκτακοσίους
1228 2539 1284 2596 δὶ
1342 2542 1578 2617 ζωγρίας
1657 2538 1841 2598 λαϐὼν
1912 2540 2323 2615 πεπεδημένους
2386 2540 2629 2613 ἐκπέμπε
2679 2546 2759 2612 τῷ
2816 2538 3053 2616 βασιλεῖ.
3114 2540 3289 2601 Οὗτος
3339 2540 3443 2614 γὰρ
3497 2539 3526 2593 6
3580 2538 3716 2611 ἀνὴρ
3774 2536 3868 2592 καί

459 2625 549 2681 ὅτε
605 2629 837 2702 πρώτως
913 2634 1021 2683 τῶν
1099 2628 1313 2685 οἷ’κείων
1388 2633 1535 2700 ἠθῶν
1610 2630 2006 2693 ἀπαναστάντες
2083 2632 2135 2686 οἱ
2212 2630 2413 2693 Σκύθαι
2477 2630 2613 2704 πρὸς
2684 2630 2784 2697 τήν
2847 2625 3105 2704 βασιλίδα
3160 2628 3447 2702 ἠπείγοντο
3508 2628 3596 2681 καὶ
3653 2626 3708 2688 ές
3763 2629 3868 2696 τὴν

460 2715 735 2790 λαχοῦσαν
795 2717 953 2772 αὐτὸν
1011 2718 1189 2794 ἀρχὴν
1240 2716 1531 2781 ἀποδάντις
1584 2721 1865 2794 προνομὰς
1924 2720 2226 2790 ἐποιοῦντο,
2284 2721 2375 2774 τὸν
2405 2720 2538 2795 ἀμφ’
2568 2718 2726 2773 αὐτὸν
2761 2718 3010 2791 ἀθροίσας
3064 2715 3194 2771 λαὸν
3243 2715 3573 2793 προσέῤῥαξε
3617 2714 3861 2787 τούτοις⁹

455 2805 541 2860 ναὶ
569 2804 827 2880 γενναίως
858 2806 1259 2880 ἀγωνισάμενος
1293 2807 1550 2882 ἐτρέψατό
1577 2830 1636 2863 τε
1663 2810 1798 2863 κατά
1823 2810 2017 2882 κράτος
2046 2809 2134 2864 καὶ
2158 2808 2233 2871 εἷς
2264 2809 2331 2863 τὰ
2362 2808 2536 2863 οἴκεῖα
2568 2807 2741 2884 σκάφη
2772 2813 2959 2883 φυγεῖν
2992 2808 3276 2881 ἠνάγκασε·
3305 2809 3387 2876 [Ρ.
3420 2807 3549 2878 761]
3577 2808 3666 2859 καὶ
3696 2804 3871 2858 πάλιν

462 2891 517 2948 δὲ
546 2894 611 2948 τὰ
640 2894 881 2970 ἀγχίαλα
908 2903 1007 2964 τῆς
1039 2897 1126 2951 ὑπ’
1158 2897 1317 2952 αὐτὸν
1347 2898 1523 2973 ἀρχῆς
1554 2898 1837 2976 φυλάττων
1885 2899 2088 2974 χωρία,
2138 2900 2226 2954 καὶ
2276 2899 2618 2972 προσμένων,
2661 2898 2725 2952 τὸ
2751 2895 2931 2969 τέλος⁹
2976 2897 3411 2973 ὑποστρέφοντας
3443 2892 3729 2966 δεξάμενος
3774 2891 3870 2947 καὶ

456 2988 730 3057 καρτερῶς
764 2983 995 3047 ὑποστάς
1028 2985 1312 3060 εἰργάσατο
1350 2987 1418 3042 τὰ
1446 2985 1563 3061 εἷ’ρη
1577 2989 1729 3059 μένα.

532 3074 693 3128 Anno
726 3074 932 3128 mundi
955 3076 1117 3145 6552,
1149 3076 1469 3132 indictione
1501 3078 1588 3143 12,
1610 3094 1808 3133 mense
1839 3078 2102 3149 Septem-

464 3163 573 3231 bri,
605 3164 918 3218 vehemens
951 3164 1109 3218 flavit
1138 3170 1364 3234 ventus,
1399 3181 1514 3236 quo
1547 3166 1773 3220 fructus
1801 3167 2102 3220 vinearum

2290 3069 2647 3147 Σεπτεμϐρίῳ
2695 3071 2752 3128 δὲ
2812 3073 2967 3145 μηνὶ,
3003 3070 3341 3132 ἰνδικτιῶνος
3375 3072 3469 3145 ιβ“,
3496 3068 3647 3130 ἔτους
3691 3070 3871 3146 ,ςφνβυ

2217 3162 2461 3218 ἔπνευσεν
2522 3161 2721 3235 ἄνεμος
2779 3158 3044 3239 σφοδρὸς,
3100 3161 3175 3222 ὡς
3237 3158 3595 3238 διαφθαρῆναι
3663 3155 3867 3232 σχεδὸν

462 3265 607 3321 pene
667 3251 982 3322 perierunt.
1049 3252 1133 3307 Eo
1183 3252 1308 3325 ipso
1367 3271 1539 3323 anno,
1584 3272 1732 3309 nona
1769 3254 1861 3309 die
1891 3254 2101 3321 Martii,

2221 3252 2365 3313 τοὺς
2406 3257 2511 3306 τῶν
2561 3237 2833 3324 ἀμπέλων
2872 3249 3134 3321 καρπούς.
3168 3249 3319 3304 Κατὰ
3346 3251 3536 3302 τοῦτον
3582 3246 3673 3301 τὸν
3724 3245 3871 3321 χρό-

466 3355 593 3409 quae
628 3340 770 3394 festa
794 3346 883 3396 est
914 3342 1206 3397 memoriae
1241 3342 1508 3397 divorum
1532 3344 1935 3415 Quadraginta
1958 3345 2104 3398 Mar-

463 3431 681 3499 tyrum,
716 3429 870 3485 556
922 3429 1240 3501 imperator
1284 3437 1348 3485 ut
1386 3431 1459 3487 iis
1489 3432 1848 3503 supplicaret
1877 3433 2105 3503 publice

464 3532 871 3587 processurus,
897 3518 1184 3574 seditione
1208 3519 1408 3590 populi
1441 3520 1801 3592 interceptus
1823 3526 1930 3576 est.
1962 3524 2105 3575 Cum

460 3606 615 3660 enim
651 3606 829 3677 pedes
881 3623 1092 3679 magno
1149 3607 1474 3663 satellitum
1536 3626 1670 3664 cum
1729 3610 2009 3665 comitatu
2052 3612 2109 3663 et

463 3692 673 3750 faustis
703 3694 1224 3753 acclamationibus
1254 3714 1287 3752 a
1338 3698 1554 3768 palatio
1582 3714 1768 3768 usque
1800 3699 1870 3753 ad
1904 3699 2105 3753 fanum

467 3781 791 3839 Servatoris
822 3783 881 3839 in
941 3784 1151 3840 Chalce
1199 3787 1608 3858 processisset,
1669 3788 1805 3841 inde
1845 3804 1992 3855 equo
2035 3788 2107 3842 ad

467 3877 793 3942 martyrum
826 3873 1007 3928 eadem
1033 3873 1161 3929 vehi
1212 3872 1407 3939 vellet,
1469 3875 1665 3930 subito
1714 3890 1821 3929 vox
1851 3891 1879 3930 ο
1914 3876 2107 3931 medio

469 3959 870 4016 multitudinis
901 3962 1173 4017 exaudita
1221 3968 1347 4018 est:
1382 3984 1408 4015 ιι
1437 3962 1727 4018 Nolumus
1758 3962 2108 4019 Scleraenam

465 4048 576 4116 (sic
616 4049 860 4106 Romani
935 4050 1076 4106 Duri
1134 4068 1299 4107 soror
1346 4052 1677 4119 vocabatur,
1740 4054 2109 4109 Monomachi

470 4139 821 4209 concubina)
844 4155 972 4195 esse
1006 4140 1463 4211 imperatricem,
1497 4159 1683 4211 neque
1716 4150 1951 4213 propter
1980 4159 2107 4196 eam

473 4227 746 4282 dominas
774 4233 1009 4282 nostras
1042 4228 1617 4301 porphyrogennetas
1644 4231 1789 4285 Zoen
1830 4247 1894 4285 ac
1924 4231 2110 4285 Theo-

475 4317 680 4370 doram
734 4315 900 4370 mori.
938 4338 966 4365 »
995 4318 1182 4388 Atque
1212 4317 1366 4373 illico
1400 4319 1597 4373 omnia
1635 4319 1995 4375 confusionis
2046 4336 2112 4374 ac

470 4403 765 4460 tumultus
814 4403 1006 4476 plena,
1064 4410 1121 4461 et
1152 4407 1563 4478 imperatorem
1599 4409 1769 4463 turba
1816 4409 1888 4462 ad
1914 4425 2113 4465 necem

466 4492 752 4563 deposcit.
779 4493 941 4556 Quod
978 4494 1087 4549 nisi
1121 4495 1385 4550 celeriter
1431 4498 1705 4567 Augusta:
1746 4497 1816 4551 de
1870 4497 2113 4553 sublimi

475 4581 899 4651 prospicientes
954 4582 1397 4638 multitudinem
1460 4584 1811 4655 placassent,
1874 4586 2111 4657 plurimi

470 4668 625 4724 haud
652 4669 831 4725 dubie
862 4674 1037 4741 atque
1069 4670 1194 4743 ipse
1226 4672 1470 4727 forsitan
1525 4673 1841 4744 imperator
1872 4674 2111 4746 perituri

471 4758 721 4814 fuerant.
749 4758 959 4814 Sedato
1000 4764 1197 4815 autem
1230 4766 1392 4816 motu
1422 4759 1756 4831 imperator,
1789 4762 2009 4819 omissa
2038 4764 2110 4819 ad

471 4852 755 4920 martyres
785 4847 1177 4919 processione,
1209 4848 1270 4903 in
1302 4849 1579 4921 palatium
1611 4866 1673 4904 se
1695 4851 1930 4921 recepit.

546 5025 868 5081 Indictione
900 5026 965 5080 13
996 5025 1218 5081 bellum
1250 5027 1320 5082 de
1375 5026 1525 5083 Anio
1574 5028 1768 5099 coepit.
1803 5028 1913 5084 Sed
1944 5044 2113 5099 expo-

468 5113 730 5169 nendum
763 5119 853 5169 est
876 5131 979 5169 cur
1001 5119 1057 5169 et
1088 5131 1206 5186 qua
1258 5115 1481 5171 ratione
1508 5118 1638 5171 Anii
1675 5117 1922 5188 principi
1947 5118 2111 5188 quia.

471 5202 678 5266 scenti,
704 5202 981 5274 nullaque
1012 5204 1084 5258 ab
1108 5220 1174 5259 eo
1205 5209 1333 5259 orta
1363 5204 1600 5275 injuria,
1639 5205 1959 5277 imperator
1988 5205 2114 5261 bel-

470 5293 593 5348 lum
626 5294 907 5349 intulerit.
943 5293 1229 5365 Georgius
1286 5296 1652 5368 Abasgorum
1685 5296 1956 5368 princeps
2002 5295 2115 5351 bel-

467 5381 592 5437 lum
612 5384 891 5439 adversus
922 5383 1072 5440 557
1110 5383 1402 5441 Romanos
1440 5401 1681 5442 movens
1725 5386 1949 5442 socium
1984 5386 2114 5456 ejus

2213 3363 2303 3396 vov
2336 3341 2527 3416 ἑορτῆς
2559 3339 2833 3414 ἀγομένης
2860 3344 2968 3393 τῶν
3026 3336 3194 3413 ἁγίων
3253 3338 3305 3410 μ’
3351 3334 3679 3411 Μαρτύρων,
3715 3334 3769 3389 ἒν
3797 3337 3871 3407 τῇ

2215 3431 2256 3482 θ’
2312 3433 2410 3483 τοῦ
2469 3427 2715 3501 Μαρτίου
2751 3426 2946 3498 μηνὸς,
2984 3425 3203 3498 μέλλων
3246 3426 3273 3479 6
3308 3422 3563 3500 βασιλεὺς
3587 3422 3663 3483 εἷς
3690 3442 3871 3497 προσ-

2213 3517 2435 3588 κύνησιν
2469 3517 2722 3571 ἀπελθεῖν
2783 3519 2888 3569 τῶν
2940 3515 3105 3589 ἁγίων
3163 3512 3406 3585 δημοσίᾳ
3459 3509 3683 3587 προόδῳ
3735 3532 3869 3565 κατ-

2217 3604 2535 3675 εστασιάσθη
2566 3605 2712 3681 παρὰ
2766 3608 2863 3659 τοῦ
2896 3600 3098 3676 δήμου.
3133 3602 3475 3673 Ἐξελθόντος
3525 3601 3624 3676 γὰρ
3665 3600 3871 3654 τούτου

2214 3699 2351 3768 πεζῇ
2406 3694 2538 3767 μετά
2566 3693 2786 3763 πολλῆς
2818 3690 3144 3770 δορυφορίας
3189 3691 3296 3745 ἀπὸ
3333 3694 3428 3743 τοῦ
3459 3688 3724 3745 παλατίου
3774 3690 3869 3743 καὶ

2217 3783 2506 3862 εὐφημίας,
2564 3783 2649 3838 καὶ
2689 3783 2780 3837 τὸν
2833 3781 2883 3837 έν
2915 3786 2983 3855 τῇ
3034 3780 3222 3853 Χαλκῇ
3279 3773 3684 3839 καταλαϐόντος
3736 3779 3869 3833 ναὸν

2213 3878 2310 3928 τοῦ
2386 3879 2669 3945 Σωτῆρος,
2737 3871 2825 3926 καὶ
2883 3869 3185 3944 μέλλοντος
3232 3867 3431 3931 έκεῖθεν
3476 3867 3871 3937 ἐξιππάσασθαι

2216 3962 2305 4017 καὶ
2332 3963 2465 4037 πρὸς
2509 3962 2601 4016 τὸν
2650 3965 2760 4015 τῶν
2808 3959 3109 4035 Μαρτύρων
3155 3958 3435 4035 ἀφικέσθαι
3478 3956 3665 4027 σηκὸν,
3726 3952 3872 4024 ἐξαί-

2217 4073 2356 4127 φνης
2388 4051 2629 4124 ἰξηχήθη
2660 4051 2809 4127 φωνή
2841 4048 2947 4103 ἀπὸ
2991 4049 3156 4119 μέσου
3184 4051 3281 4101 τοῦ
3310 4045 3579 4115 πλήθους·
3619 4068 3644 4098 ι
3674 4046 3872 4115 Ἡμεῖς

2216 4143 2314 4209 τὴν
2350 4139 2689 4213 Σκλήραιναν
2725 4135 3041 4212 βασιλίσσαν
3074 4136 3135 4191 ού
3168 4133 3421 4208 θέλομεν,
3483 4130 3607 4189 οὐδὶ
3656 4130 3725 4188 δι’
3771 4132 3873 4186 αὖ·

2216 4232 2315 4299 τὴν
2350 4230 2404 4282 αἱ
2448 4230 2639 4301 μάνναι
2856 4229 3013 4299 ἡμῶν
3073 4226 3128 4280 αἱ
3187 4224 3682 4302 πορφυρογέννητοι
3739 4223 3868 4293 Ζωή

2217 4339 2275 4373 τε
2303 4318 2391 4372 καὶ
2423 4314 2678 4392 Θεοδώρα
2718 4319 3021 4379 θανοῦνται.
3072 4337 3102 4367 »
3151 4313 3249 4368 Καὶ
3299 4312 3454 4376 εὐθὺς
3502 4312 3771 4385 συνεχύθη
3802 4310 3878 4365 τὰ

2219 4408 2411 4474 πάντα,
2451 4404 2538 4460 καὶ
2590 4406 2804 4479 ταραχὴ
2850 4402 3079 4478 κατέσχε
3126 4404 3187 4457 τὸ
3216 4400 3455 4469 πλῆθος,
3506 4400 3595 4455 καὶ
3642 4398 3874 4468 ἐζήτουν

2219 4496 2310 4551 τὸν
2371 4492 2595 4570 βασιλέα
2655 4490 3106 4567 διαχειρίσασθαι.
3161 4492 3255 4547 Καὶ
3315 4488 3364 4545 εἶ’
3426 4490 3501 4561 μὴ
3559 4488 3751 4563 τάχιον
3810 4488 3876 4542 αἱ

2227 4582 2500 4659 βασιλίδες
2599 4580 2941 4657 προκύψασαι
3028 4577 3229 4643 ἄνωθεν
3333 4572 3716 4651 κατεστόρεσαν
3802 4577 3876 4631 τὸ

2221 4672 2457 4741 πλῆθος,
2491 4669 2873 4725 ἀπολώλεισαν
2903 4666 2962 4723 ἂν
2992 4669 3096 4723 ούκ
3128 4666 3328 4743 ὀλίγοι,
3355 4663 3492 4730 ’ίσως
3523 4663 3580 4720 δὲ
3623 4663 3715 4719 καὶ
3772 4662 3876 4719 αὖ-

2219 4760 2313 4825 τὸς
2365 4762 2392 4814 6
2455 4757 2708 4834 βασιλεύς
2745 4800 2758 4814 .
2832 4756 3283 4827 Κατευνσσθείσης
3364 4752 3423 4811 δὶ
3470 4761 3571 4824 τῆς
3617 4759 3877 4828 ταραχῆς

2226 4850 2547 4923 ὑπέστρεψεν
2601 4846 2678 4909 είς
2724 4846 2793 4901 τὰ
2839 4844 3105 4919 βασίλεια,
3156 4846 3254 4914 τὴν
3286 4843 3364 4907 είς
3412 4842 3539 4904 τοὺς
3594 4841 3878 4918 μάρτυρας

2221 4936 2394 5013 ἄφιξιν
2427 4937 2923 5009 παραιτησάμενος.

2290 5022 2655 5087 Ἰνδικτιῶνος
2688 5021 2745 5079 δὲ
2778 5025 2845 5098 ιγ’
2873 5024 2901 5078 6
2931 5023 3067 5079 κατὰ
3086 5026 3183 5076 τοῦ
3239 5020 3423 5076 Ἀνίου
3471 5020 3650 5095 ἀρχὴν
3696 5017 3879 5093 έλάμ-

2223 5110 2351 5170 ϐανε
2403 5111 2671 5186 πόλεμος.
2728 5110 2903 5169 Ἀλλὰ
2960 5110 3149 5186 ῥητέον
3205 5107 3405 5174 ἄνωθεν
3462 5113 3579 5173 πῶς
3632 5108 3723 5163 καὶ
3782 5105 3883 5163 διὰ

2220 5202 2341 5259 τίνα
2360 5203 2560 5279 τρόπον
2589 5201 2822 5277 ἡσυχίαν
2867 5198 3048 5277 ὄίγοντι
3100 5204 3179 5271 τῷ
3232 5203 3329 5254 τοῦ
3381 5195 3564 5255 Ἀνίου
3614 5195 3881 5272 τοπάρχῇ

2222 5294 2308 5349 καὶ
2375 5290 2543 5367 μηδεν
2602 5290 2849 5345 ἀπαίσιον
2910 5286 3359 5365 διαπραττομένω
3386 5291 3787 5347 Κωνσταντῖνος
3850 5289 3883 5343 ὁ

2228 5380 2482 5459 βασιλεὺς
2538 5378 2802 5454 πολεμεῖν
2862 5378 3216 5455 ἐπεχείρησεν
3249 5420 3263 5434 .
3338 5377 3469 5434 Ὅτε
3523 5375 3791 5451 Γεώργιος
3851 5378 3884 5432 6

1654 5544 2019 5603 XYLANDRI
2061 5544 2153 5602 ET
2192 5544 2409 5603 GOARI
2450 5544 2687 5604 NOTAE.

536 5684 653 5757 (26)
677 5684 802 5744 Non
832 5688 1098 5759 dominas,
1121 5690 1223 5747 sed
1244 5697 1477 5747 matres.
1511 5689 1691 5747 Goan.
