  <div class='ocr_page' id='page_1' title='image "/cluster/home/n/w/nwhite01/storage/ocr_20150623/122/hvd.32044073502452/153.png"; bbox 0 0 4070 6334; ppageno 0'>
   <div class='ocr_carea' id='block_1_1' title="bbox 435 421 550 479">
    <p class='ocr_par' dir='ltr' id='par_1_1' title="bbox 435 421 550 479">
     <span class='ocr_line' id='line_1_1' title="bbox 435 421 550 479; baseline -0.009 0"><span class='ocrx_word' id='word_1_1' title='bbox 435 421 550 479; x_wconf 74' lang='grc'>291</span> 
     </span>
    </p>
   </div>
   <div class='ocr_carea' id='block_1_2' title="bbox 1780 410 2488 473">
    <p class='ocr_par' dir='ltr' id='par_1_2' title="bbox 1780 410 2488 473">
     <span class='ocr_line' id='line_1_2' title="bbox 1780 410 2488 473; baseline -0.006 0"><span class='ocrx_word' id='word_1_2' title='bbox 1780 410 2099 473; x_wconf 81' lang='lat' dir='ltr'>GEORGII</span> <span class='ocrx_word' id='word_1_3' title='bbox 2145 410 2488 471; x_wconf 85' lang='lat' dir='ltr'>CEDRENI</span> 
     </span>
    </p>
   </div>
   <div class='ocr_carea' id='block_1_3' title="bbox 3726 415 3846 474">
    <p class='ocr_par' dir='ltr' id='par_1_3' title="bbox 3726 415 3846 474">
     <span class='ocr_line' id='line_1_3' title="bbox 3726 415 3846 474; baseline -0.017 0"><span class='ocrx_word' id='word_1_4' title='bbox 3726 415 3846 474; x_wconf 80' lang='grc'>292</span> 
     </span>
    </p>
   </div>
   <div class='ocr_carea' id='block_1_4' title="bbox 431 538 2077 623">
    <p class='ocr_par' dir='ltr' id='par_1_4' title="bbox 431 545 2074 623">
     <span class='ocr_line' id='line_1_4' title="bbox 431 545 2074 623; baseline -0.006 -18"><span class='ocrx_word' id='word_1_5' title='bbox 431 548 792 623; x_wconf 90' lang='lat' dir='ltr'>postulatum</span> <span class='ocrx_word' id='word_1_6' title='bbox 823 547 1188 621; x_wconf 82' lang='lat' dir='ltr'>Aplespharii</span> <span class='ocrx_word' id='word_1_7' title='bbox 1235 551 1423 609; x_wconf 84' lang='lat' dir='ltr'>ratum</span> <span class='ocrx_word' id='word_1_8' title='bbox 1458 562 1520 601; x_wconf 90' lang='lat' dir='ltr'>se</span> <span class='ocrx_word' id='word_1_9' title='bbox 1548 545 1763 600; x_wconf 86' lang='lat' dir='ltr'>habere</span> <span class='ocrx_word' id='word_1_10' title='bbox 1822 548 2074 599; x_wconf 87' lang='lat' dir='ltr'>testatus</span> 
     </span>
    </p>
   </div>
   <div class='ocr_carea' id='block_1_5' title="bbox 2188 538 3839 623">
    <p class='ocr_par' dir='ltr' id='par_1_5' title="bbox 2188 538 3839 617">
     <span class='ocr_line' id='line_1_5' title="bbox 2188 538 3839 617; baseline 0.003 -26"><span class='ocrx_word' id='word_1_11' title='bbox 2188 559 2277 601; x_wconf 90' lang='grc' dir='ltr'>νος</span> <span class='ocrx_word' id='word_1_12' title='bbox 2316 539 2407 612; x_wconf 76' lang='grc' dir='ltr'>μὲν</span> <span class='ocrx_word' id='word_1_13' title='bbox 2441 538 2603 613; x_wconf 76' lang='grc' dir='ltr'>ἔργου</span> <span class='ocrx_word' id='word_1_14' title='bbox 2635 538 2840 615; x_wconf 71' lang='grc' dir='ltr'>ε’ίχετο⁹</span> <span class='ocrx_word' id='word_1_15' title='bbox 2869 542 2935 596; x_wconf 83' lang='grc' dir='ltr'>τὰ</span> <span class='ocrx_word' id='word_1_16' title='bbox 2966 539 3023 596; x_wconf 71' lang='grc' dir='ltr'>δὶ</span> <span class='ocrx_word' id='word_1_17' title='bbox 3083 540 3380 617; x_wconf 85' lang='grc' dir='ltr'>γράμματα</span> <span class='ocrx_word' id='word_1_18' title='bbox 3444 541 3644 615; x_wconf 75' lang='grc' dir='ltr'>πέμπει</span> <span class='ocrx_word' id='word_1_19' title='bbox 3705 544 3839 617; x_wconf 85' lang='grc' dir='ltr'>πρὸς</span> 
     </span>
    </p>
   </div>
   <div class='ocr_carea' id='block_1_6' title="bbox 429 634 2084 709">
    <p class='ocr_par' dir='ltr' id='par_1_6' title="bbox 429 634 2084 709">
     <span class='ocr_line' id='line_1_6' title="bbox 429 634 2084 709; baseline -0.005 -15"><span class='ocrx_word' id='word_1_20' title='bbox 429 646 537 695; x_wconf 78' lang='lat' dir='ltr'>est.</span> <span class='ocrx_word' id='word_1_21' title='bbox 572 641 694 704; x_wconf 87' lang='lat' dir='ltr'>Qua</span> <span class='ocrx_word' id='word_1_22' title='bbox 724 643 957 709; x_wconf 78' lang='lat' dir='ltr'>accepta</span> <span class='ocrx_word' id='word_1_23' title='bbox 990 634 1410 708; x_wconf 77' lang='lat' dir='ltr'>Aplespbarius</span> <span class='ocrx_word' id='word_1_24' title='bbox 1441 636 1640 689; x_wconf 87' lang='lat' dir='ltr'>statim</span> <span class='ocrx_word' id='word_1_25' title='bbox 1676 650 1796 689; x_wconf 88' lang='lat' dir='ltr'>rem</span> <span class='ocrx_word' id='word_1_26' title='bbox 1849 648 2084 704; x_wconf 81' lang='lat' dir='ltr'>aggres-</span> 
     </span>
    </p>
   </div>
   <div class='ocr_carea' id='block_1_7' title="bbox 430 724 2082 792">
    <p class='ocr_par' dir='ltr' id='par_1_7' title="bbox 430 724 2082 792">
     <span class='ocr_line' id='line_1_7' title="bbox 430 724 2082 792; baseline -0.007 -8"><span class='ocrx_word' id='word_1_27' title='bbox 430 748 531 785; x_wconf 88' lang='lat' dir='ltr'>sus</span> <span class='ocrx_word' id='word_1_28' title='bbox 559 730 774 783; x_wconf 86' lang='lat' dir='ltr'>multas</span> <span class='ocrx_word' id='word_1_29' title='bbox 796 727 948 785; x_wconf 77' lang='lat'>559</span> <span class='ocrx_word' id='word_1_30' title='bbox 981 725 1186 781; x_wconf 85' lang='lat' dir='ltr'>Cacicii</span> <span class='ocrx_word' id='word_1_31' title='bbox 1213 726 1475 792; x_wconf 81' lang='lat' dir='ltr'>arcesiac</span> <span class='ocrx_word' id='word_1_32' title='bbox 1512 724 1867 778; x_wconf 84' lang='lat' dir='ltr'>munitiones</span> <span class='ocrx_word' id='word_1_33' title='bbox 1898 738 2082 791; x_wconf 84' lang='lat' dir='ltr'>expu-</span> 
     </span>
    </p>
   </div>
   <div class='ocr_carea' id='block_1_8' title="bbox 431 814 2082 889">
    <p class='ocr_par' dir='ltr' id='par_1_8' title="bbox 431 814 2082 889">
     <span class='ocr_line' id='line_1_8' title="bbox 431 814 2082 889; baseline -0.005 -17"><span class='ocrx_word' id='word_1_34' title='bbox 431 824 639 889; x_wconf 78' lang='lat' dir='ltr'>gnatas</span> <span class='ocrx_word' id='word_1_35' title='bbox 670 816 974 885; x_wconf 80' lang='lat' dir='ltr'>occupavit</span> <span class='ocrx_word' id='word_1_36' title='bbox 1027 814 1287 868; x_wconf 88' lang='lat' dir='ltr'>Cacicius</span> <span class='ocrx_word' id='word_1_37' title='bbox 1331 832 1362 865; x_wconf 89' lang='lat' dir='ltr'>a</span> <span class='ocrx_word' id='word_1_38' title='bbox 1396 814 1676 866; x_wconf 83' lang='lat' dir='ltr'>Romanis</span> <span class='ocrx_word' id='word_1_39' title='bbox 1708 816 2082 881; x_wconf 82' lang='lat' dir='ltr'>oppugnatus</span> 
     </span>
    </p>
   </div>
   <div class='ocr_carea' id='block_1_9' title="bbox 430 900 2078 979">
    <p class='ocr_par' dir='ltr' id='par_1_9' title="bbox 430 900 2078 979">
     <span class='ocr_line' id='line_1_9' title="bbox 430 900 2078 979; baseline -0.006 -17"><span class='ocrx_word' id='word_1_40' title='bbox 430 907 613 979; x_wconf 78' lang='lat' dir='ltr'>copiis</span> <span class='ocrx_word' id='word_1_41' title='bbox 644 912 698 961; x_wconf 89' lang='lat' dir='ltr'>et</span> <span class='ocrx_word' id='word_1_42' title='bbox 730 922 761 958; x_wconf 91' lang='lat' dir='ltr'>a</span> <span class='ocrx_word' id='word_1_43' title='bbox 787 904 1029 959; x_wconf 89' lang='lat' dir='ltr'>Tibiano</span> <span class='ocrx_word' id='word_1_44' title='bbox 1063 904 1327 974; x_wconf 64' lang='lat' dir='ltr'>praefecto</span> <span class='ocrx_word' id='word_1_45' title='bbox 1351 901 1683 966; x_wconf 70' lang='lat' dir='ltr'>infestatus,</span> <span class='ocrx_word' id='word_1_46' title='bbox 1715 901 1888 953; x_wconf 78' lang='lat' dir='ltr'>rebus</span> <span class='ocrx_word' id='word_1_47' title='bbox 1948 900 2078 953; x_wconf 88' lang='lat' dir='ltr'>des-</span> 
     </span>
    </p>
   </div>
   <div class='ocr_carea' id='block_1_10' title="bbox 428 990 2079 1069">
    <p class='ocr_par' dir='ltr' id='par_1_10' title="bbox 428 990 2079 1069">
     <span class='ocr_line' id='line_1_10' title="bbox 428 990 2079 1069; baseline -0.005 -18"><span class='ocrx_word' id='word_1_48' title='bbox 428 997 666 1069; x_wconf 76' lang='lat' dir='ltr'>peratis,</span> <span class='ocrx_word' id='word_1_49' title='bbox 701 1011 833 1049; x_wconf 90' lang='lat' dir='ltr'>cum</span> <span class='ocrx_word' id='word_1_50' title='bbox 860 992 1091 1048; x_wconf 87' lang='lat' dir='ltr'>Nicolao</span> <span class='ocrx_word' id='word_1_51' title='bbox 1120 1008 1319 1063; x_wconf 87' lang='lat' dir='ltr'>pacem</span> <span class='ocrx_word' id='word_1_52' title='bbox 1354 990 1509 1060; x_wconf 80' lang='lat' dir='ltr'>facit,</span> <span class='ocrx_word' id='word_1_53' title='bbox 1541 1007 1641 1060; x_wconf 88' lang='lat' dir='ltr'>per</span> <span class='ocrx_word' id='word_1_54' title='bbox 1700 1004 1955 1059; x_wconf 90' lang='lat' dir='ltr'>eumque</span> <span class='ocrx_word' id='word_1_55' title='bbox 2017 1004 2079 1043; x_wconf 91' lang='lat' dir='ltr'>se</span> 
     </span>
    </p>
   </div>
   <div class='ocr_carea' id='block_1_11' title="bbox 425 1078 2081 1154">
    <p class='ocr_par' dir='ltr' id='par_1_11' title="bbox 425 1078 2081 1154">
     <span class='ocr_line' id='line_1_11' title="bbox 425 1078 2081 1154; baseline -0.006 -13"><span class='ocrx_word' id='word_1_56' title='bbox 425 1096 480 1141; x_wconf 84' lang='lat' dir='ltr'>et</span> <span class='ocrx_word' id='word_1_57' title='bbox 514 1087 715 1141; x_wconf 82' lang='lat' dir='ltr'>urbem</span> <span class='ocrx_word' id='word_1_58' title='bbox 747 1082 1080 1154; x_wconf 85' lang='lat' dir='ltr'>Imperatori</span> <span class='ocrx_word' id='word_1_59' title='bbox 1108 1081 1286 1135; x_wconf 85' lang='lat' dir='ltr'>dedit.</span> <span class='ocrx_word' id='word_1_60' title='bbox 1327 1081 1407 1133; x_wconf 87' lang='lat' dir='ltr'>Ad</span> <span class='ocrx_word' id='word_1_61' title='bbox 1446 1097 1619 1151; x_wconf 82' lang='lat' dir='ltr'>quem</span> <span class='ocrx_word' id='word_1_62' title='bbox 1653 1079 1948 1149; x_wconf 56' lang='lat' dir='ltr'>proiectus</span> <span class='ocrx_word' id='word_1_63' title='bbox 1970 1120 1987 1146; x_wconf 90' lang='lat'>,</span> <span class='ocrx_word' id='word_1_64' title='bbox 2009 1078 2081 1132; x_wconf 91' lang='lat' dir='ltr'>ab</span> 
     </span>
    </p>
   </div>
   <div class='ocr_carea' id='block_1_12' title="bbox 426 1167 2079 1245">
    <p class='ocr_par' dir='ltr' id='par_1_12' title="bbox 426 1167 2079 1245">
     <span class='ocr_line' id='line_1_12' title="bbox 426 1167 2079 1245; baseline -0.007 -15"><span class='ocrx_word' id='word_1_65' title='bbox 426 1190 608 1245; x_wconf 72' lang='lat' dir='ltr'>eoque</span> <span class='ocrx_word' id='word_1_66' title='bbox 640 1171 957 1243; x_wconf 77' lang='lat' dir='ltr'>magisterii</span> <span class='ocrx_word' id='word_1_67' title='bbox 985 1169 1267 1241; x_wconf 81' lang='lat' dir='ltr'>dignitate</span> <span class='ocrx_word' id='word_1_68' title='bbox 1300 1169 1610 1224; x_wconf 82' lang='lat' dir='ltr'>decoratus</span> <span class='ocrx_word' id='word_1_69' title='bbox 1663 1167 2079 1238; x_wconf 89' lang='lat' dir='ltr'>amplissimis-</span> 
     </span>
    </p>
   </div>
   <div class='ocr_carea' id='block_1_13' title="bbox 430 1254 2080 1336">
    <p class='ocr_par' dir='ltr' id='par_1_13' title="bbox 430 1254 2080 1336">
     <span class='ocr_line' id='line_1_13' title="bbox 430 1254 2080 1336; baseline -0.007 -17"><span class='ocrx_word' id='word_1_70' title='bbox 430 1264 627 1336; x_wconf 90' lang='lat' dir='ltr'>quein</span> <span class='ocrx_word' id='word_1_71' title='bbox 676 1260 1043 1333; x_wconf 80' lang='lat' dir='ltr'>Cappadocia</span> <span class='ocrx_word' id='word_1_72' title='bbox 1090 1260 1157 1314; x_wconf 81' lang='lat' dir='ltr'>ad</span> <span class='ocrx_word' id='word_1_73' title='bbox 1204 1258 1709 1325; x_wconf 87' lang='lat' dir='ltr'>Charsianumque</span> <span class='ocrx_word' id='word_1_74' title='bbox 1764 1260 1821 1309; x_wconf 92' lang='lat' dir='ltr'>et</span> <span class='ocrx_word' id='word_1_75' title='bbox 1882 1254 2080 1309; x_wconf 89' lang='lat' dir='ltr'>Lican-</span> 
     </span>
    </p>
   </div>
   <div class='ocr_carea' id='block_1_14' title="bbox 430 1346 2080 1423">
    <p class='ocr_par' dir='ltr' id='par_1_14' title="bbox 430 1346 2080 1423">
     <span class='ocr_line' id='line_1_14' title="bbox 430 1346 2080 1423; baseline -0.005 -15"><span class='ocrx_word' id='word_1_76' title='bbox 430 1356 599 1409; x_wconf 85' lang='lat' dir='ltr'>drum</span> <span class='ocrx_word' id='word_1_77' title='bbox 635 1351 867 1423; x_wconf 70' lang='lat' dir='ltr'>praediis</span> <span class='ocrx_word' id='word_1_78' title='bbox 914 1350 1188 1411; x_wconf 89' lang='lat' dir='ltr'>donatus,</span> <span class='ocrx_word' id='word_1_79' title='bbox 1214 1348 1389 1401; x_wconf 86' lang='lat' dir='ltr'>vitam</span> <span class='ocrx_word' id='word_1_80' title='bbox 1433 1346 1641 1401; x_wconf 72' lang='lat' dir='ltr'>exinde</span> <span class='ocrx_word' id='word_1_81' title='bbox 1692 1350 1955 1417; x_wconf 88' lang='lat' dir='ltr'>pacatam</span> <span class='ocrx_word' id='word_1_82' title='bbox 2013 1360 2080 1400; x_wconf 76' lang='lat' dir='ltr'>ac</span> 
     </span>
    </p>
   </div>
   <div class='ocr_carea' id='block_1_15' title="bbox 428 1434 2079 1512">
    <p class='ocr_par' dir='ltr' id='par_1_15' title="bbox 428 1434 2079 1512">
     <span class='ocr_line' id='line_1_15' title="bbox 428 1434 2079 1512; baseline -0.007 -15"><span class='ocrx_word' id='word_1_83' title='bbox 428 1440 813 1512; x_wconf 80' lang='lat' dir='ltr'>tranquillam</span> <span class='ocrx_word' id='word_1_84' title='bbox 845 1439 981 1507; x_wconf 77' lang='lat' dir='ltr'>egit.</span> <span class='ocrx_word' id='word_1_85' title='bbox 1015 1436 1465 1490; x_wconf 87' lang='lat' dir='ltr'>Monomarchus</span> <span class='ocrx_word' id='word_1_86' title='bbox 1501 1441 1671 1505; x_wconf 90' lang='lat' dir='ltr'>capta</span> <span class='ocrx_word' id='word_1_87' title='bbox 1702 1434 1897 1502; x_wconf 66' lang='lat' dir='ltr'>arl‘ibii</span> <span class='ocrx_word' id='word_1_88' title='bbox 1934 1450 2079 1504; x_wconf 74' lang='lat' dir='ltr'>prae-</span> 
     </span>
    </p>
   </div>
   <div class='ocr_carea' id='block_1_16' title="bbox 428 1523 2078 1596">
    <p class='ocr_par' dir='ltr' id='par_1_16' title="bbox 428 1523 2078 1596">
     <span class='ocr_line' id='line_1_16' title="bbox 428 1523 2078 1596; baseline -0.007 -9"><span class='ocrx_word' id='word_1_89' title='bbox 428 1533 575 1587; x_wconf 69' lang='lat' dir='ltr'>tecto</span> <span class='ocrx_word' id='word_1_90' title='bbox 607 1528 846 1585; x_wconf 86' lang='lat' dir='ltr'>castella</span> <span class='ocrx_word' id='word_1_91' title='bbox 876 1530 933 1580; x_wconf 89' lang='lat' dir='ltr'>et</span> <span class='ocrx_word' id='word_1_92' title='bbox 963 1526 1176 1596; x_wconf 86' lang='lat' dir='ltr'>Oppida</span> <span class='ocrx_word' id='word_1_93' title='bbox 1209 1530 1270 1578; x_wconf 89' lang='lat' dir='ltr'>ut</span> <span class='ocrx_word' id='word_1_94' title='bbox 1303 1530 1523 1594; x_wconf 88' lang='lat' dir='ltr'>partem</span> <span class='ocrx_word' id='word_1_95' title='bbox 1558 1524 1791 1578; x_wconf 65' lang='lat' dir='ltr'>Aniaxm</span> <span class='ocrx_word' id='word_1_96' title='bbox 1822 1523 2078 1576; x_wconf 85' lang='lat' dir='ltr'>ditionis</span> 
     </span>
    </p>
   </div>
   <div class='ocr_carea' id='block_1_17' title="bbox 431 1610 2078 1691">
    <p class='ocr_par' dir='ltr' id='par_1_17' title="bbox 431 1610 2078 1691">
     <span class='ocr_line' id='line_1_17' title="bbox 431 1610 2078 1691; baseline -0.007 -17"><span class='ocrx_word' id='word_1_97' title='bbox 431 1635 762 1691; x_wconf 83' lang='lat' dir='ltr'>reposcens,</span> <span class='ocrx_word' id='word_1_98' title='bbox 794 1632 925 1670; x_wconf 89' lang='lat' dir='ltr'>cum</span> <span class='ocrx_word' id='word_1_99' title='bbox 957 1632 1024 1669; x_wconf 89' lang='lat' dir='ltr'>ea</span> <span class='ocrx_word' id='word_1_100' title='bbox 1053 1612 1437 1684; x_wconf 71' lang='lat' dir='ltr'>Aplesiihares</span> <span class='ocrx_word' id='word_1_101' title='bbox 1470 1616 1676 1680; x_wconf 85' lang='lat' dir='ltr'>sponte</span> <span class='ocrx_word' id='word_1_102' title='bbox 1710 1628 1821 1666; x_wconf 93' lang='lat' dir='ltr'>non</span> <span class='ocrx_word' id='word_1_103' title='bbox 1875 1610 2078 1664; x_wconf 85' lang='lat' dir='ltr'>dimit-</span> 
     </span>
    </p>
   </div>
   <div class='ocr_carea' id='block_1_18' title="bbox 429 1698 2080 1772">
    <p class='ocr_par' dir='ltr' id='par_1_18' title="bbox 429 1698 2080 1772">
     <span class='ocr_line' id='line_1_18' title="bbox 429 1698 2080 1772; baseline -0.006 -9"><span class='ocrx_word' id='word_1_104' title='bbox 429 1712 597 1772; x_wconf 85' lang='lat' dir='ltr'>teret,</span> <span class='ocrx_word' id='word_1_105' title='bbox 630 1713 727 1761; x_wconf 82' lang='lat' dir='ltr'>sed</span> <span class='ocrx_word' id='word_1_106' title='bbox 754 1722 931 1761; x_wconf 89' lang='lat' dir='ltr'>aurea</span> <span class='ocrx_word' id='word_1_107' title='bbox 961 1702 1121 1758; x_wconf 85' lang='lat' dir='ltr'>bulla</span> <span class='ocrx_word' id='word_1_108' title='bbox 1183 1700 1485 1766; x_wconf 87' lang='lat' dir='ltr'>niteretur,</span> <span class='ocrx_word' id='word_1_109' title='bbox 1523 1699 1756 1755; x_wconf 78' lang='lat' dir='ltr'>Nicolao</span> <span class='ocrx_word' id='word_1_110' title='bbox 1816 1698 2080 1771; x_wconf 76' lang='lat' dir='ltr'>praecipit</span> 
     </span>
    </p>
   </div>
   <div class='ocr_carea' id='block_1_19' title="bbox 431 1789 2074 1859">
    <p class='ocr_par' dir='ltr' id='par_1_19' title="bbox 431 1789 2074 1859">
     <span class='ocr_line' id='line_1_19' title="bbox 431 1789 2074 1859; baseline -0.007 -7"><span class='ocrx_word' id='word_1_111' title='bbox 431 1804 491 1852; x_wconf 93' lang='lat' dir='ltr'>ut</span> <span class='ocrx_word' id='word_1_112' title='bbox 528 1813 659 1851; x_wconf 87' lang='lat' dir='ltr'>cum</span> <span class='ocrx_word' id='word_1_113' title='bbox 697 1796 951 1850; x_wconf 84' lang='lat' dir='ltr'>Romano</span> <span class='ocrx_word' id='word_1_114' title='bbox 999 1798 1053 1847; x_wconf 92' lang='lat' dir='ltr'>et</span> <span class='ocrx_word' id='word_1_115' title='bbox 1100 1792 1318 1847; x_wconf 90' lang='lat' dir='ltr'>Iberico</span> <span class='ocrx_word' id='word_1_116' title='bbox 1355 1789 1607 1844; x_wconf 83' lang='lat' dir='ltr'>exercitu</span> <span class='ocrx_word' id='word_1_117' title='bbox 1639 1793 1696 1843; x_wconf 86' lang='lat' dir='ltr'>et</span> <span class='ocrx_word' id='word_1_118' title='bbox 1717 1790 1902 1859; x_wconf 89' lang='lat' dir='ltr'>copiis</span> <span class='ocrx_word' id='word_1_119' title='bbox 1966 1795 2074 1841; x_wconf 83' lang='lat' dir='ltr'>Ar-</span> 
     </span>
    </p>
   </div>
   <div class='ocr_carea' id='block_1_20' title="bbox 2189 626 3838 706">
    <p class='ocr_par' dir='ltr' id='par_1_20' title="bbox 2189 626 3838 706">
     <span class='ocr_line' id='line_1_20' title="bbox 2189 626 3838 706; baseline 0.001 -25"><span class='ocrx_word' id='word_1_120' title='bbox 2189 628 2281 681; x_wconf 80' lang='grc' dir='ltr'>τὸν</span> <span class='ocrx_word' id='word_1_121' title='bbox 2312 626 2734 706; x_wconf 57' lang='grc' dir='ltr'>’Ᾱπλησφάρηη</span> <span class='ocrx_word' id='word_1_122' title='bbox 2760 628 2968 705; x_wconf 74' lang='grc' dir='ltr'>γράψας</span> <span class='ocrx_word' id='word_1_123' title='bbox 2999 630 3087 684; x_wconf 84' lang='grc' dir='ltr'>καὶ</span> <span class='ocrx_word' id='word_1_124' title='bbox 3140 631 3297 691; x_wconf 78' lang='grc' dir='ltr'>αὐτὸς</span> <span class='ocrx_word' id='word_1_125' title='bbox 3357 630 3447 684; x_wconf 86' lang='grc' dir='ltr'>καὶ</span> <span class='ocrx_word' id='word_1_126' title='bbox 3500 631 3838 706; x_wconf 63' lang='grc' dir='ltr'>παροτρύνεις</span> 
     </span>
    </p>
   </div>
   <div class='ocr_carea' id='block_1_21' title="bbox 2190 714 3841 795">
    <p class='ocr_par' dir='ltr' id='par_1_21' title="bbox 2190 714 3841 795">
     <span class='ocr_line' id='line_1_21' title="bbox 2190 714 3841 795; baseline 0.003 -24"><span class='ocrx_word' id='word_1_127' title='bbox 2190 717 2279 771; x_wconf 83' lang='grc' dir='ltr'>καὶ</span> <span class='ocrx_word' id='word_1_128' title='bbox 2341 714 2538 791; x_wconf 84' lang='grc' dir='ltr'>δώροις</span> <span class='ocrx_word' id='word_1_129' title='bbox 2597 718 2686 772; x_wconf 84' lang='grc' dir='ltr'>καὶ</span> <span class='ocrx_word' id='word_1_130' title='bbox 2750 721 3105 794; x_wconf 66' lang='grc' dir='ltr'>ὑποσχέσεσιν</span> <span class='ocrx_word' id='word_1_131' title='bbox 3161 719 3399 795; x_wconf 85' lang='grc' dir='ltr'>ἐρεθίσας</span> <span class='ocrx_word' id='word_1_132' title='bbox 3451 718 3702 795; x_wconf 75' lang='grc' dir='ltr'>ἐνεργοὺς</span> <span class='ocrx_word' id='word_1_133' title='bbox 3759 722 3841 776; x_wconf 63' lang='lat'>6&amp;-</span> 
     </span>
    </p>
   </div>
   <div class='ocr_carea' id='block_1_22' title="bbox 2193 806 3839 886">
    <p class='ocr_par' dir='ltr' id='par_1_22' title="bbox 2193 806 3839 886">
     <span class='ocr_line' id='line_1_22' title="bbox 2193 806 3839 886; baseline 0.002 -27"><span class='ocrx_word' id='word_1_134' title='bbox 2193 817 2311 868; x_wconf 83' lang='grc' dir='ltr'>σθαι</span> <span class='ocrx_word' id='word_1_135' title='bbox 2342 807 2437 867; x_wconf 74' lang='grc' dir='ltr'>τὰς</span> <span class='ocrx_word' id='word_1_136' title='bbox 2475 806 2766 882; x_wconf 72' lang='grc' dir='ltr'>βουλήσεις</span> <span class='ocrx_word' id='word_1_137' title='bbox 2796 812 2893 862; x_wconf 80' lang='grc' dir='ltr'>τοῦ</span> <span class='ocrx_word' id='word_1_138' title='bbox 2929 808 3215 883; x_wconf 74' lang='grc' dir='ltr'>βασιλέως.</span> <span class='ocrx_word' id='word_1_139' title='bbox 3239 811 3300 866; x_wconf 77' lang='grc' dir='ltr'><strong>Ὀ</strong></span> <span class='ocrx_word' id='word_1_140' title='bbox 3332 807 3389 864; x_wconf 71' lang='grc' dir='ltr'>δὲ</span> <span class='ocrx_word' id='word_1_141' title='bbox 3418 810 3481 863; x_wconf 76' lang='grc' dir='ltr'>τὰ</span> <span class='ocrx_word' id='word_1_142' title='bbox 3538 812 3839 886; x_wconf 77' lang='grc' dir='ltr'>γράμματα</span> 
     </span>
    </p>
   </div>
   <div class='ocr_carea' id='block_1_23' title="bbox 2192 891 3836 969">
    <p class='ocr_par' dir='ltr' id='par_1_23' title="bbox 2192 891 3836 969">
     <span class='ocr_line' id='line_1_23' title="bbox 2192 891 3836 969; baseline 0.004 -22"><span class='ocrx_word' id='word_1_143' title='bbox 2192 891 2477 967; x_wconf 79' lang='grc' dir='ltr'>δεξάμενος</span> <span class='ocrx_word' id='word_1_144' title='bbox 2524 892 2801 969; x_wconf 79' lang='grc' dir='ltr'>ἀμείϐεται</span> <span class='ocrx_word' id='word_1_145' title='bbox 2863 896 3085 968; x_wconf 80' lang='grc' dir='ltr'>ἐπιτελῆ</span> <span class='ocrx_word' id='word_1_146' title='bbox 3158 906 3384 968; x_wconf 77' lang='grc' dir='ltr'>ποιῆσαι</span> <span class='ocrx_word' id='word_1_147' title='bbox 3456 899 3521 953; x_wconf 78' lang='grc' dir='ltr'>τὰ</span> <span class='ocrx_word' id='word_1_148' title='bbox 3586 896 3836 953; x_wconf 87' lang='grc' dir='ltr'>κεκελευ-</span> 
     </span>
    </p>
   </div>
   <div class='ocr_carea' id='block_1_24' title="bbox 2192 984 3839 1065">
    <p class='ocr_par' dir='ltr' id='par_1_24' title="bbox 2192 984 3839 1065">
     <span class='ocr_line' id='line_1_24' title="bbox 2192 984 3839 1065; baseline 0.003 -28"><span class='ocrx_word' id='word_1_149' title='bbox 2192 984 2381 1056; x_wconf 75' lang='grc' dir='ltr'>σμένα,</span> <span class='ocrx_word' id='word_1_150' title='bbox 2415 985 2457 1038; x_wconf 86' lang='grc' dir='ltr'>εἰ</span> <span class='ocrx_word' id='word_1_151' title='bbox 2491 984 2720 1060; x_wconf 84' lang='grc' dir='ltr'>γράμμα</span> <span class='ocrx_word' id='word_1_152' title='bbox 2766 987 3040 1065; x_wconf 75' lang='grc' dir='ltr'>πεμφθείη</span> <span class='ocrx_word' id='word_1_153' title='bbox 3090 988 3267 1061; x_wconf 73' lang='grc' dir='ltr'>τούτῳ</span> <span class='ocrx_word' id='word_1_154' title='bbox 3331 986 3611 1062; x_wconf 83' lang='grc' dir='ltr'>βασιλικὸν</span> <span class='ocrx_word' id='word_1_155' title='bbox 3666 988 3839 1062; x_wconf 77' lang='grc' dir='ltr'>ἀσφά-</span> 
     </span>
    </p>
   </div>
   <div class='ocr_carea' id='block_1_25' title="bbox 2192 1071 3838 1153">
    <p class='ocr_par' dir='ltr' id='par_1_25' title="bbox 2192 1071 3838 1153">
     <span class='ocr_line' id='line_1_25' title="bbox 2192 1071 3838 1153; baseline 0.002 -26"><span class='ocrx_word' id='word_1_156' title='bbox 2192 1071 2342 1127; x_wconf 87' lang='grc' dir='ltr'>λειαν</span> <span class='ocrx_word' id='word_1_157' title='bbox 2374 1076 2614 1149; x_wconf 68' lang='grc' dir='ltr'>παρέχον</span> <span class='ocrx_word' id='word_1_158' title='bbox 2651 1076 2800 1146; x_wconf 81' lang='grc' dir='ltr'>αὐτῷ</span> <span class='ocrx_word' id='word_1_159' title='bbox 2843 1079 3017 1130; x_wconf 84' lang='grc' dir='ltr'>πάντα</span> <span class='ocrx_word' id='word_1_160' title='bbox 3069 1072 3214 1153; x_wconf 79' lang='grc' dir='ltr'>ἔχειν</span> <span class='ocrx_word' id='word_1_161' title='bbox 3271 1077 3322 1131; x_wconf 83' lang='grc' dir='ltr'>ἐν</span> <span class='ocrx_word' id='word_1_162' title='bbox 3386 1072 3587 1152; x_wconf 75' lang='grc' dir='ltr'>βεϐαίῳ</span> <span class='ocrx_word' id='word_1_163' title='bbox 3641 1076 3838 1131; x_wconf 85' lang='grc' dir='ltr'>δεσπο-</span> 
     </span>
    </p>
   </div>
   <div class='ocr_carea' id='block_1_26' title="bbox 2187 1162 3840 1240">
    <p class='ocr_par' dir='ltr' id='par_1_26' title="bbox 2187 1162 3840 1240">
     <span class='ocr_line' id='line_1_26' title="bbox 2187 1162 3840 1240; baseline 0.004 -26"><span class='ocrx_word' id='word_1_164' title='bbox 2187 1166 2353 1223; x_wconf 79' lang='grc' dir='ltr'>τικῶς</span> <span class='ocrx_word' id='word_1_165' title='bbox 2410 1162 2475 1215; x_wconf 75' lang='grc' dir='ltr'>τὰ</span> <span class='ocrx_word' id='word_1_166' title='bbox 2533 1162 2766 1237; x_wconf 75' lang='grc' dir='ltr'>φρούρια</span> <span class='ocrx_word' id='word_1_167' title='bbox 2822 1164 2912 1218; x_wconf 85' lang='grc' dir='ltr'>καὶ</span> <span class='ocrx_word' id='word_1_168' title='bbox 2964 1167 3296 1240; x_wconf 83' lang='grc' dir='ltr'>χωρία</span> <span class='ocrx_word' id='word_1_169' title='bbox 3334 1164 3532 1239; x_wconf 76' lang='grc' dir='ltr'>ὅσαπερ</span> <span class='ocrx_word' id='word_1_170' title='bbox 3592 1165 3840 1240; x_wconf 69' lang='grc' dir='ltr'>ΐσχῦσειε</span> 
     </span>
    </p>
   </div>
   <div class='ocr_carea' id='block_1_27' title="bbox 2188 1248 3840 1333">
    <p class='ocr_par' dir='ltr' id='par_1_27' title="bbox 2188 1248 3840 1333">
     <span class='ocr_line' id='line_1_27' title="bbox 2188 1248 3840 1333; baseline 0.003 -29"><span class='ocrx_word' id='word_1_171' title='bbox 2188 1248 2345 1325; x_wconf 82' lang='grc' dir='ltr'>νόμῳ</span> <span class='ocrx_word' id='word_1_172' title='bbox 2376 1250 2623 1324; x_wconf 68' lang='grc' dir='ltr'>πολέμου</span> <span class='ocrx_word' id='word_1_173' title='bbox 2666 1255 2962 1325; x_wconf 69' lang='grc' dir='ltr'>κτήσασθαι</span> <span class='ocrx_word' id='word_1_174' title='bbox 3013 1254 3119 1309; x_wconf 81' lang='grc' dir='ltr'>ἀπὸ</span> <span class='ocrx_word' id='word_1_175' title='bbox 3176 1260 3285 1309; x_wconf 80' lang='grc' dir='ltr'>τῶν</span> <span class='ocrx_word' id='word_1_176' title='bbox 3338 1252 3701 1333; x_wconf 74' lang='grc' dir='ltr'>διαφερόντων</span> <span class='ocrx_word' id='word_1_177' title='bbox 3758 1259 3840 1327; x_wconf 75' lang='grc' dir='ltr'>τῷ</span> 
     </span>
    </p>
   </div>
   <div class='ocr_carea' id='block_1_28' title="bbox 2190 1339 3840 1420">
    <p class='ocr_par' dir='ltr' id='par_1_28' title="bbox 2190 1339 3840 1420">
     <span class='ocr_line' id='line_1_28' title="bbox 2190 1339 3840 1420; baseline 0.002 -25"><span class='ocrx_word' id='word_1_178' title='bbox 2190 1341 2445 1415; x_wconf 82' lang='grc' dir='ltr'>Κακικίῳ.</span> <span class='ocrx_word' id='word_1_179' title='bbox 2479 1339 2726 1415; x_wconf 80' lang='grc' dir='ltr'>Ἐδέξατο</span> <span class='ocrx_word' id='word_1_180' title='bbox 2755 1344 2845 1398; x_wconf 88' lang='grc' dir='ltr'>τὸν</span> <span class='ocrx_word' id='word_1_181' title='bbox 2879 1342 3045 1418; x_wconf 81' lang='grc' dir='ltr'>λόγον</span> <span class='ocrx_word' id='word_1_182' title='bbox 3094 1346 3120 1399; x_wconf 86' lang='grc' dir='ltr'>ὁ</span> <span class='ocrx_word' id='word_1_183' title='bbox 3179 1343 3454 1420; x_wconf 79' lang='grc' dir='ltr'>βασιλεὺς,</span> <span class='ocrx_word' id='word_1_184' title='bbox 3486 1342 3572 1398; x_wconf 80' lang='grc' dir='ltr'>καὶ</span> <span class='ocrx_word' id='word_1_185' title='bbox 3631 1363 3840 1418; x_wconf 86' lang='grc' dir='ltr'>χρυσο-</span> 
     </span>
    </p>
   </div>
   <div class='ocr_carea' id='block_1_29' title="bbox 2189 1425 3839 1507">
    <p class='ocr_par' dir='ltr' id='par_1_29' title="bbox 2189 1425 3839 1507">
     <span class='ocr_line' id='line_1_29' title="bbox 2189 1425 3839 1507; baseline 0.001 -23"><span class='ocrx_word' id='word_1_186' title='bbox 2189 1425 2451 1493; x_wconf 66' lang='grc' dir='ltr'>ϐούλλοις</span> <span class='ocrx_word' id='word_1_187' title='bbox 2513 1438 2746 1506; x_wconf 79' lang='grc' dir='ltr'>γραφαῖς</span> <span class='ocrx_word' id='word_1_188' title='bbox 2825 1427 3133 1487; x_wconf 73' lang='grc' dir='ltr'>ἐπιϐεϐαιοῖ</span> <span class='ocrx_word' id='word_1_189' title='bbox 3203 1432 3302 1486; x_wconf 74' lang='grc' dir='ltr'>ὅσα</span> <span class='ocrx_word' id='word_1_190' title='bbox 3357 1435 3384 1487; x_wconf 83' lang='grc' dir='ltr'>ὁ</span> <span class='ocrx_word' id='word_1_191' title='bbox 3444 1430 3839 1507; x_wconf 75' lang='grc' dir='ltr'>Ἀπλησφάρης</span> 
     </span>
    </p>
   </div>
   <div class='ocr_carea' id='block_1_30' title="bbox 2188 1516 3838 1595">
    <p class='ocr_par' dir='ltr' id='par_1_30' title="bbox 2188 1516 3838 1595">
     <span class='ocr_line' id='line_1_30' title="bbox 2188 1516 3838 1595; baseline 0.002 -24"><span class='ocrx_word' id='word_1_192' title='bbox 2188 1518 2466 1591; x_wconf 71' lang='grc' dir='ltr'>ᾐτήσατο·</span> <span class='ocrx_word' id='word_1_193' title='bbox 2518 1521 2605 1573; x_wconf 79' lang='grc' dir='ltr'>καὶ</span> <span class='ocrx_word' id='word_1_194' title='bbox 2686 1519 2975 1592; x_wconf 75' lang='grc' dir='ltr'>δεξάμενος</span> <span class='ocrx_word' id='word_1_195' title='bbox 3045 1522 3206 1582; x_wconf 81' lang='grc' dir='ltr'>οὗτος</span> <span class='ocrx_word' id='word_1_196' title='bbox 3270 1521 3332 1575; x_wconf 87' lang='grc' dir='ltr'>τὸ</span> <span class='ocrx_word' id='word_1_197' title='bbox 3390 1520 3622 1594; x_wconf 81' lang='grc' dir='ltr'>γράμμα</span> <span class='ocrx_word' id='word_1_198' title='bbox 3676 1516 3838 1595; x_wconf 80' lang='grc' dir='ltr'>ἔργου</span> 
     </span>
    </p>
   </div>
   <div class='ocr_carea' id='block_1_31' title="bbox 2188 1606 3838 1682">
    <p class='ocr_par' dir='ltr' id='par_1_31' title="bbox 2188 1606 3838 1682">
     <span class='ocr_line' id='line_1_31' title="bbox 2188 1606 3838 1682; baseline 0.001 -21"><span class='ocrx_word' id='word_1_199' title='bbox 2188 1608 2411 1679; x_wconf 69' lang='grc' dir='ltr'>ἥπτετο,</span> <span class='ocrx_word' id='word_1_200' title='bbox 2446 1610 2531 1663; x_wconf 80' lang='grc' dir='ltr'>καὶ</span> <span class='ocrx_word' id='word_1_201' title='bbox 2568 1606 2754 1663; x_wconf 82' lang='grc' dir='ltr'>πολλᾶ</span> <span class='ocrx_word' id='word_1_202' title='bbox 2783 1614 2888 1664; x_wconf 82' lang='grc' dir='ltr'>τῶν</span> <span class='ocrx_word' id='word_1_203' title='bbox 2921 1615 3019 1664; x_wconf 73' lang='grc' dir='ltr'>τοῦ</span> <span class='ocrx_word' id='word_1_204' title='bbox 3078 1610 3339 1667; x_wconf 78' lang='grc' dir='ltr'>Κακικίου</span> <span class='ocrx_word' id='word_1_205' title='bbox 3397 1607 3838 1682; x_wconf 64' lang='grc' dir='ltr'>ἐκπολιορκήσας</span> 
     </span>
    </p>
   </div>
   <div class='ocr_carea' id='block_1_32' title="bbox 2188 1696 3836 1774">
    <p class='ocr_par' dir='ltr' id='par_1_32' title="bbox 2188 1696 3836 1774">
     <span class='ocr_line' id='line_1_32' title="bbox 2188 1696 3836 1774; baseline -0.001 -22"><span class='ocrx_word' id='word_1_206' title='bbox 2188 1696 2445 1773; x_wconf 70' lang='grc' dir='ltr'>κατέσχεν</span> <span class='ocrx_word' id='word_1_207' title='bbox 2507 1697 2845 1773; x_wconf 78' lang='grc' dir='ltr'>ὀχυρώματα</span> <span class='ocrx_word' id='word_1_208' title='bbox 2929 1698 3017 1753; x_wconf 86' lang='grc' dir='ltr'>καὶ</span> <span class='ocrx_word' id='word_1_209' title='bbox 3090 1698 3293 1774; x_wconf 86' lang='grc' dir='ltr'>χωρία.</span> <span class='ocrx_word' id='word_1_210' title='bbox 3347 1699 3405 1755; x_wconf 84' lang='grc' dir='ltr'>Ὀ</span> <span class='ocrx_word' id='word_1_211' title='bbox 3463 1696 3519 1752; x_wconf 78' lang='grc' dir='ltr'>δὶ</span> <span class='ocrx_word' id='word_1_212' title='bbox 3578 1698 3836 1759; x_wconf 84' lang='grc' dir='ltr'>Κακίκιος</span> 
     </span>
    </p>
   </div>
   <div class='ocr_carea' id='block_1_33' title="bbox 2189 1785 3837 1860">
    <p class='ocr_par' dir='ltr' id='par_1_33' title="bbox 2189 1785 3837 1860">
     <span class='ocr_line' id='line_1_33' title="bbox 2189 1785 3837 1860; baseline 0 -19"><span class='ocrx_word' id='word_1_213' title='bbox 2189 1787 2291 1841; x_wconf 86' lang='grc' dir='ltr'>ὑπό</span> <span class='ocrx_word' id='word_1_214' title='bbox 2345 1807 2401 1841; x_wconf 80' lang='grc' dir='ltr'>τε</span> <span class='ocrx_word' id='word_1_215' title='bbox 2456 1794 2555 1855; x_wconf 82' lang='grc' dir='ltr'>τῆς</span> <span class='ocrx_word' id='word_1_216' title='bbox 2584 1789 2896 1860; x_wconf 79' lang='grc' dir='ltr'>Ῥωμαϊκῆς</span> <span class='ocrx_word' id='word_1_217' title='bbox 2930 1785 3209 1860; x_wconf 76' lang='grc' dir='ltr'>δυνάμεως</span> <span class='ocrx_word' id='word_1_218' title='bbox 3254 1786 3669 1859; x_wconf 69' lang='grc' dir='ltr'>πολεμούμενος</span> <span class='ocrx_word' id='word_1_219' title='bbox 3731 1786 3837 1841; x_wconf 71' lang='grc' dir='ltr'>ὑπό</span> 
     </span>
    </p>
   </div>
   <div class='ocr_carea' id='block_1_34' title="bbox 429 1872 2077 1970">
    <p class='ocr_par' dir='ltr' id='par_1_34' title="bbox 429 1876 2072 1954">
     <span class='ocr_line' id='line_1_34' title="bbox 429 1876 2072 1954; baseline -0.006 -15"><span class='ocrx_word' id='word_1_220' title='bbox 429 1884 633 1939; x_wconf 60' lang='lat' dir='ltr'>mania:</span> <span class='ocrx_word' id='word_1_221' title='bbox 666 1884 908 1954; x_wconf 65' lang='lat' dir='ltr'>Magnas,</span> <span class='ocrx_word' id='word_1_222' title='bbox 958 1898 1082 1952; x_wconf 69' lang='lat' dir='ltr'>quas</span> <span class='ocrx_word' id='word_1_223' title='bbox 1135 1880 1400 1936; x_wconf 88' lang='lat' dir='ltr'>Cacicius</span> <span class='ocrx_word' id='word_1_224' title='bbox 1449 1881 1710 1939; x_wconf 79' lang='lat' dir='ltr'>duxerat,</span> <span class='ocrx_word' id='word_1_225' title='bbox 1744 1876 1958 1931; x_wconf 90' lang='lat' dir='ltr'>bellum</span> <span class='ocrx_word' id='word_1_226' title='bbox 2021 1876 2072 1929; x_wconf 87' lang='lat' dir='ltr'>ei</span> 
     </span>
    </p>
   </div>
   <div class='ocr_carea' id='block_1_35' title="bbox 2188 1872 3837 1970">
    <p class='ocr_par' dir='ltr' id='par_1_35' title="bbox 2188 1872 3837 1950">
     <span class='ocr_line' id='line_1_35' title="bbox 2188 1872 3837 1950; baseline -0.001 -21"><span class='ocrx_word' id='word_1_227' title='bbox 2188 1898 2243 1929; x_wconf 87' lang='grc' dir='ltr'>τε</span> <span class='ocrx_word' id='word_1_228' title='bbox 2272 1880 2369 1929; x_wconf 77' lang='grc' dir='ltr'>τοῦ</span> <span class='ocrx_word' id='word_1_229' title='bbox 2401 1876 2669 1950; x_wconf 77' lang='grc' dir='ltr'>ἄρχοντος</span> <span class='ocrx_word' id='word_1_230' title='bbox 2699 1877 2796 1930; x_wconf 78' lang='grc' dir='ltr'>τοῦ</span> <span class='ocrx_word' id='word_1_231' title='bbox 2838 1872 3024 1929; x_wconf 73' lang='grc' dir='ltr'>Τιϐίου</span> <span class='ocrx_word' id='word_1_232' title='bbox 3080 1874 3540 1946; x_wconf 66' lang='grc' dir='ltr'>λεηλατοῦμενος,</span> <span class='ocrx_word' id='word_1_233' title='bbox 3569 1875 3656 1928; x_wconf 78' lang='grc' dir='ltr'>καὶ</span> <span class='ocrx_word' id='word_1_234' title='bbox 3718 1880 3837 1936; x_wconf 84' lang='grc' dir='ltr'>τοῖς</span> 
     </span>
    </p>
   </div>
   <div class='ocr_carea' id='block_1_36' title="bbox 430 1965 2073 2036">
    <p class='ocr_par' dir='ltr' id='par_1_36' title="bbox 430 1965 2073 2036">
     <span class='ocr_line' id='line_1_36' title="bbox 430 1965 2073 2036; baseline -0.006 -7"><span class='ocrx_word' id='word_1_235' title='bbox 430 1972 620 2029; x_wconf 80' lang='lat' dir='ltr'>faciat.</span> <span class='ocrx_word' id='word_1_236' title='bbox 656 1972 927 2027; x_wconf 86' lang='lat' dir='ltr'>Nicotaus</span> <span class='ocrx_word' id='word_1_237' title='bbox 961 1968 1278 2025; x_wconf 88' lang='lat' dir='ltr'>contractis</span> <span class='ocrx_word' id='word_1_238' title='bbox 1308 1966 1583 2021; x_wconf 90' lang='lat' dir='ltr'>omnibus</span> <span class='ocrx_word' id='word_1_239' title='bbox 1615 1965 1798 2036; x_wconf 89' lang='lat' dir='ltr'>copiis</span> <span class='ocrx_word' id='word_1_240' title='bbox 1840 1969 2073 2019; x_wconf 83' lang='lat' dir='ltr'>Bestar-</span> 
     </span>
    </p>
   </div>
   <div class='ocr_carea' id='block_1_37' title="bbox 429 2055 2071 2129">
    <p class='ocr_par' dir='ltr' id='par_1_37' title="bbox 429 2055 2071 2129">
     <span class='ocr_line' id='line_1_37' title="bbox 429 2055 2071 2129; baseline -0.007 -11"><span class='ocrx_word' id='word_1_241' title='bbox 429 2064 599 2119; x_wconf 88' lang='lat' dir='ltr'>cbam</span> <span class='ocrx_word' id='word_1_242' title='bbox 624 2061 871 2117; x_wconf 88' lang='lat' dir='ltr'>Jasitam</span> <span class='ocrx_word' id='word_1_243' title='bbox 898 2059 969 2114; x_wconf 91' lang='lat' dir='ltr'>iis</span> <span class='ocrx_word' id='word_1_244' title='bbox 996 2056 1309 2129; x_wconf 67' lang='lat' dir='ltr'>preﬁcitet</span> <span class='ocrx_word' id='word_1_245' title='bbox 1331 2072 1504 2110; x_wconf 87' lang='lat' dir='ltr'>suum</span> <span class='ocrx_word' id='word_1_246' title='bbox 1530 2071 1755 2109; x_wconf 86' lang='lat' dir='ltr'>servum</span> <span class='ocrx_word' id='word_1_247' title='bbox 1788 2055 2071 2109; x_wconf 85' lang='lat' dir='ltr'>Constan-</span> 
     </span>
    </p>
   </div>
   <div class='ocr_carea' id='block_1_38' title="bbox 426 2145 2073 2221">
    <p class='ocr_par' dir='ltr' id='par_1_38' title="bbox 426 2145 2073 2221">
     <span class='ocr_line' id='line_1_38' title="bbox 426 2145 2073 2221; baseline -0.008 -13"><span class='ocrx_word' id='word_1_248' title='bbox 426 2153 616 2208; x_wconf 89' lang='lat' dir='ltr'>tinum</span> <span class='ocrx_word' id='word_1_249' title='bbox 668 2150 1013 2221; x_wconf 75' lang='lat' dir='ltr'>magistrum</span> <span class='ocrx_word' id='word_1_250' title='bbox 1057 2146 1574 2214; x_wconf 88' lang='lat' dir='ltr'>Alanum,eosque</span> <span class='ocrx_word' id='word_1_251' title='bbox 1604 2145 1675 2198; x_wconf 91' lang='lat' dir='ltr'>ad</span> <span class='ocrx_word' id='word_1_252' title='bbox 1728 2159 2073 2214; x_wconf 82' lang='lat' dir='ltr'>oppugnan-</span> 
     </span>
    </p>
   </div>
   <div class='ocr_carea' id='block_1_39' title="bbox 429 2232 2076 2304">
    <p class='ocr_par' dir='ltr' id='par_1_39' title="bbox 429 2232 2076 2304">
     <span class='ocr_line' id='line_1_39' title="bbox 429 2232 2076 2304; baseline -0.006 -8"><span class='ocrx_word' id='word_1_253' title='bbox 429 2243 570 2296; x_wconf 89' lang='lat' dir='ltr'>dum</span> <span class='ocrx_word' id='word_1_254' title='bbox 600 2239 833 2294; x_wconf 85' lang='lat' dir='ltr'>Tibium</span> <span class='ocrx_word' id='word_1_255' title='bbox 871 2238 1069 2291; x_wconf 90' lang='lat' dir='ltr'>mittit.</span> <span class='ocrx_word' id='word_1_256' title='bbox 1133 2236 1272 2289; x_wconf 88' lang='lat' dir='ltr'>Erat</span> <span class='ocrx_word' id='word_1_257' title='bbox 1330 2232 1717 2304; x_wconf 82' lang='lat' dir='ltr'>Aplesphares</span> <span class='ocrx_word' id='word_1_258' title='bbox 1758 2232 1952 2297; x_wconf 88' lang='lat' dir='ltr'>homo,</span> <span class='ocrx_word' id='word_1_259' title='bbox 2014 2238 2076 2286; x_wconf 89' lang='lat' dir='ltr'>ut</span> 
     </span>
    </p>
   </div>
   <div class='ocr_carea' id='block_1_40' title="bbox 430 2320 2072 2400">
    <p class='ocr_par' dir='ltr' id='par_1_40' title="bbox 430 2320 2072 2400">
     <span class='ocr_line' id='line_1_40' title="bbox 430 2320 2072 2400; baseline -0.007 -15"><span class='ocrx_word' id='word_1_260' title='bbox 430 2330 741 2400; x_wconf 89' lang='lat' dir='ltr'>quisquam</span> <span class='ocrx_word' id='word_1_261' title='bbox 777 2327 948 2390; x_wconf 85' lang='lat' dir='ltr'>alius,</span> <span class='ocrx_word' id='word_1_262' title='bbox 992 2323 1332 2378; x_wconf 86' lang='lat' dir='ltr'>bellicarum</span> <span class='ocrx_word' id='word_1_263' title='bbox 1382 2322 1593 2377; x_wconf 89' lang='lat' dir='ltr'>artium</span> <span class='ocrx_word' id='word_1_264' title='bbox 1656 2320 2072 2392; x_wconf 86' lang='lat' dir='ltr'>peritissimus,</span> 
     </span>
    </p>
   </div>
   <div class='ocr_carea' id='block_1_41' title="bbox 428 2409 2075 2490">
    <p class='ocr_par' dir='ltr' id='par_1_41' title="bbox 428 2409 2075 2490">
     <span class='ocr_line' id='line_1_41' title="bbox 428 2409 2075 2490; baseline -0.005 -17"><span class='ocrx_word' id='word_1_265' title='bbox 428 2434 650 2490; x_wconf 81' lang='lat' dir='ltr'>gnarus</span> <span class='ocrx_word' id='word_1_266' title='bbox 684 2416 761 2471; x_wconf 89' lang='lat' dir='ltr'>rei</span> <span class='ocrx_word' id='word_1_267' title='bbox 818 2414 1086 2486; x_wconf 71' lang='lat' dir='ltr'>gerenda:</span> <span class='ocrx_word' id='word_1_268' title='bbox 1133 2417 1188 2467; x_wconf 92' lang='lat' dir='ltr'>et</span> <span class='ocrx_word' id='word_1_269' title='bbox 1235 2410 1483 2467; x_wconf 88' lang='lat' dir='ltr'>consilia</span> <span class='ocrx_word' id='word_1_270' title='bbox 1535 2409 1795 2465; x_wconf 88' lang='lat' dir='ltr'>hostium</span> <span class='ocrx_word' id='word_1_271' title='bbox 1838 2409 2075 2465; x_wconf 89' lang='lat' dir='ltr'>eludere</span> 
     </span>
    </p>
   </div>
   <div class='ocr_carea' id='block_1_42' title="bbox 432 2498 2075 2572">
    <p class='ocr_par' dir='ltr' id='par_1_42' title="bbox 432 2498 2075 2572">
     <span class='ocr_line' id='line_1_42' title="bbox 432 2498 2075 2572; baseline -0.006 -9"><span class='ocrx_word' id='word_1_272' title='bbox 432 2506 701 2563; x_wconf 89' lang='lat' dir='ltr'>callidus.</span> <span class='ocrx_word' id='word_1_273' title='bbox 738 2505 790 2560; x_wconf 89' lang='lat' dir='ltr'>Is</span> <span class='ocrx_word' id='word_1_274' title='bbox 856 2520 988 2559; x_wconf 88' lang='lat' dir='ltr'>cum</span> <span class='ocrx_word' id='word_1_275' title='bbox 1048 2519 1109 2558; x_wconf 89' lang='lat' dir='ltr'>se</span> <span class='ocrx_word' id='word_1_276' title='bbox 1163 2518 1369 2572; x_wconf 64' lang='lat' dir='ltr'>pugnas</span> <span class='ocrx_word' id='word_1_277' title='bbox 1418 2515 1553 2554; x_wconf 91' lang='lat' dir='ltr'>cum</span> <span class='ocrx_word' id='word_1_278' title='bbox 1580 2499 1859 2553; x_wconf 84' lang='lat' dir='ltr'>Romanis</span> <span class='ocrx_word' id='word_1_279' title='bbox 1890 2498 2075 2569; x_wconf 60' lang='lat' dir='ltr'>copiis</span> 
     </span>
    </p>
   </div>
   <div class='ocr_carea' id='block_1_43' title="bbox 431 2588 2075 2663">
    <p class='ocr_par' dir='ltr' id='par_1_43' title="bbox 431 2588 2075 2663">
     <span class='ocr_line' id='line_1_43' title="bbox 431 2588 2075 2663; baseline -0.006 -12"><span class='ocrx_word' id='word_1_280' title='bbox 431 2594 860 2651; x_wconf 63' lang='lat' dir='ltr'>committendas</span> <span class='ocrx_word' id='word_1_281' title='bbox 922 2594 1200 2663; x_wconf 76' lang='lat' dir='ltr'>imparem</span> <span class='ocrx_word' id='word_1_282' title='bbox 1254 2590 1515 2657; x_wconf 88' lang='lat' dir='ltr'>sentiret,</span> <span class='ocrx_word' id='word_1_283' title='bbox 1568 2588 1724 2642; x_wconf 89' lang='lat' dir='ltr'>intra</span> <span class='ocrx_word' id='word_1_284' title='bbox 1760 2604 1959 2642; x_wconf 90' lang='lat' dir='ltr'>muros</span> <span class='ocrx_word' id='word_1_285' title='bbox 2013 2604 2075 2641; x_wconf 90' lang='lat' dir='ltr'>se</span> 
     </span>
    </p>
   </div>
   <div class='ocr_carea' id='block_1_44' title="bbox 432 2678 2076 2751">
    <p class='ocr_par' dir='ltr' id='par_1_44' title="bbox 432 2678 2076 2751">
     <span class='ocr_line' id='line_1_44' title="bbox 432 2678 2076 2751; baseline -0.006 -12"><span class='ocrx_word' id='word_1_286' title='bbox 432 2684 708 2750; x_wconf 85' lang='lat' dir='ltr'>continet,</span> <span class='ocrx_word' id='word_1_287' title='bbox 753 2697 1107 2751; x_wconf 84' lang='lat' dir='ltr'>amnemque</span> <span class='ocrx_word' id='word_1_288' title='bbox 1183 2678 1500 2733; x_wconf 87' lang='lat' dir='ltr'>alluentem</span> <span class='ocrx_word' id='word_1_289' title='bbox 1571 2679 1799 2744; x_wconf 87' lang='lat' dir='ltr'>avertit,</span> <span class='ocrx_word' id='word_1_290' title='bbox 1874 2678 1952 2731; x_wconf 87' lang='lat' dir='ltr'>ita</span> <span class='ocrx_word' id='word_1_291' title='bbox 2012 2680 2076 2730; x_wconf 90' lang='lat' dir='ltr'>ut</span> 
     </span>
    </p>
   </div>
   <div class='ocr_carea' id='block_1_45' title="bbox 429 2766 2073 2839">
    <p class='ocr_par' dir='ltr' id='par_1_45' title="bbox 429 2766 2073 2839">
     <span class='ocr_line' id='line_1_45' title="bbox 429 2766 2073 2839; baseline -0.006 -10"><span class='ocrx_word' id='word_1_292' title='bbox 429 2790 662 2830; x_wconf 90' lang='lat' dir='ltr'>omnem</span> <span class='ocrx_word' id='word_1_293' title='bbox 694 2771 819 2826; x_wconf 91' lang='lat' dir='ltr'>urbi</span> <span class='ocrx_word' id='word_1_294' title='bbox 845 2769 1093 2824; x_wconf 89' lang='lat' dir='ltr'>vicinam</span> <span class='ocrx_word' id='word_1_295' title='bbox 1119 2767 1418 2839; x_wconf 87' lang='lat' dir='ltr'>planitiem</span> <span class='ocrx_word' id='word_1_296' title='bbox 1444 2767 1493 2820; x_wconf 88' lang='lat' dir='ltr'>is</span> <span class='ocrx_word' id='word_1_297' title='bbox 1512 2766 2073 2836; x_wconf 81' lang='lat' dir='ltr'>inundaretstagno-</span> 
     </span>
    </p>
   </div>
   <div class='ocr_carea' id='block_1_46' title="bbox 431 2854 2073 2936">
    <p class='ocr_par' dir='ltr' id='par_1_46' title="bbox 431 2854 2073 2936">
     <span class='ocr_line' id='line_1_46' title="bbox 431 2854 2073 2936; baseline -0.005 -19"><span class='ocrx_word' id='word_1_298' title='bbox 431 2879 545 2936; x_wconf 86' lang='lat' dir='ltr'>que</span> <span class='ocrx_word' id='word_1_299' title='bbox 569 2869 627 2916; x_wconf 91' lang='lat' dir='ltr'>et</span> <span class='ocrx_word' id='word_1_300' title='bbox 656 2877 817 2915; x_wconf 74' lang='lat' dir='ltr'>caeno</span> <span class='ocrx_word' id='word_1_301' title='bbox 851 2859 1081 2931; x_wconf 89' lang='lat' dir='ltr'>paludis</span> <span class='ocrx_word' id='word_1_302' title='bbox 1113 2872 1332 2911; x_wconf 88' lang='lat' dir='ltr'>morem</span> <span class='ocrx_word' id='word_1_303' title='bbox 1366 2856 1521 2911; x_wconf 69' lang='lat'>560</span> <span class='ocrx_word' id='word_1_304' title='bbox 1552 2854 1853 2926; x_wconf 89' lang='lat' dir='ltr'>oppleret;</span> <span class='ocrx_word' id='word_1_305' title='bbox 1902 2860 1960 2909; x_wconf 89' lang='lat' dir='ltr'>et</span> <span class='ocrx_word' id='word_1_306' title='bbox 2014 2854 2073 2909; x_wconf 88' lang='lat' dir='ltr'>in</span> 
     </span>
    </p>
   </div>
   <div class='ocr_carea' id='block_1_47' title="bbox 431 2945 2075 3020">
    <p class='ocr_par' dir='ltr' id='par_1_47' title="bbox 431 2945 2075 3020">
     <span class='ocr_line' id='line_1_47' title="bbox 431 2945 2075 3020; baseline -0.005 -13"><span class='ocrx_word' id='word_1_307' title='bbox 431 2952 619 3007; x_wconf 84' lang='lat' dir='ltr'>vineis</span> <span class='ocrx_word' id='word_1_308' title='bbox 651 2966 777 3020; x_wconf 65' lang='lat' dir='ltr'>qua!</span> <span class='ocrx_word' id='word_1_309' title='bbox 808 2948 1024 3002; x_wconf 88' lang='lat' dir='ltr'>circum</span> <span class='ocrx_word' id='word_1_310' title='bbox 1062 2948 1261 2999; x_wconf 87' lang='lat' dir='ltr'>urbem</span> <span class='ocrx_word' id='word_1_311' title='bbox 1292 2946 1348 2997; x_wconf 90' lang='lat' dir='ltr'>in</span> <span class='ocrx_word' id='word_1_312' title='bbox 1383 2946 1579 2998; x_wconf 91' lang='lat' dir='ltr'>orbem</span> <span class='ocrx_word' id='word_1_313' title='bbox 1613 2949 1779 2998; x_wconf 89' lang='lat' dir='ltr'>erant</span> <span class='ocrx_word' id='word_1_314' title='bbox 1810 2945 1953 3005; x_wconf 71' lang='lat' dir='ltr'>sitas,</span> <span class='ocrx_word' id='word_1_315' title='bbox 1987 2961 2075 2998; x_wconf 84' lang='lat' dir='ltr'>sa-</span> 
     </span>
    </p>
   </div>
   <div class='ocr_carea' id='block_1_48' title="bbox 432 3033 2073 3114">
    <p class='ocr_par' dir='ltr' id='par_1_48' title="bbox 432 3033 2073 3114">
     <span class='ocr_line' id='line_1_48' title="bbox 432 3033 2073 3114; baseline -0.003 -21"><span class='ocrx_word' id='word_1_316' title='bbox 432 3040 702 3114; x_wconf 83' lang='lat' dir='ltr'>gittarios</span> <span class='ocrx_word' id='word_1_317' title='bbox 732 3037 948 3109; x_wconf 84' lang='lat' dir='ltr'>pedites</span> <span class='ocrx_word' id='word_1_318' title='bbox 971 3034 1167 3101; x_wconf 87' lang='lat' dir='ltr'>abdit;</span> <span class='ocrx_word' id='word_1_319' title='bbox 1207 3038 1265 3088; x_wconf 91' lang='lat' dir='ltr'>et</span> <span class='ocrx_word' id='word_1_320' title='bbox 1295 3037 1628 3104; x_wconf 81' lang='lat' dir='ltr'>exspectare</span> <span class='ocrx_word' id='word_1_321' title='bbox 1658 3033 1893 3105; x_wconf 84' lang='lat' dir='ltr'>signum</span> <span class='ocrx_word' id='word_1_322' title='bbox 1920 3035 2073 3105; x_wconf 87' lang='lat' dir='ltr'>quod</span> 
     </span>
    </p>
   </div>
   <div class='ocr_carea' id='block_1_49' title="bbox 432 3121 2069 3201">
    <p class='ocr_par' dir='ltr' id='par_1_49' title="bbox 432 3121 2069 3201">
     <span class='ocr_line' id='line_1_49' title="bbox 432 3121 2069 3201; baseline -0.005 -16"><span class='ocrx_word' id='word_1_323' title='bbox 432 3130 556 3201; x_wconf 89' lang='lat' dir='ltr'>ipse</span> <span class='ocrx_word' id='word_1_324' title='bbox 587 3128 729 3182; x_wconf 88' lang='lat' dir='ltr'>tuba</span> <span class='ocrx_word' id='word_1_325' title='bbox 757 3127 1005 3181; x_wconf 89' lang='lat' dir='ltr'>daturus</span> <span class='ocrx_word' id='word_1_326' title='bbox 1034 3126 1189 3178; x_wconf 86' lang='lat' dir='ltr'>esset</span> <span class='ocrx_word' id='word_1_327' title='bbox 1207 3123 1414 3191; x_wconf 85' lang='lat' dir='ltr'>jubet:</span> <span class='ocrx_word' id='word_1_328' title='bbox 1470 3122 1548 3175; x_wconf 88' lang='lat' dir='ltr'>ita</span> <span class='ocrx_word' id='word_1_329' title='bbox 1606 3121 1924 3176; x_wconf 84' lang='lat' dir='ltr'>instructus</span> <span class='ocrx_word' id='word_1_330' title='bbox 1968 3123 2069 3177; x_wconf 82' lang='lat' dir='ltr'>ad-</span> 
     </span>
    </p>
   </div>
   <div class='ocr_carea' id='block_1_50' title="bbox 430 3212 2069 3283">
    <p class='ocr_par' dir='ltr' id='par_1_50' title="bbox 430 3212 2069 3283">
     <span class='ocr_line' id='line_1_50' title="bbox 430 3212 2069 3283; baseline -0.003 -13"><span class='ocrx_word' id='word_1_331' title='bbox 430 3222 667 3273; x_wconf 88' lang='lat' dir='ltr'>ventum</span> <span class='ocrx_word' id='word_1_332' title='bbox 700 3215 957 3270; x_wconf 86' lang='lat' dir='ltr'>hostium</span> <span class='ocrx_word' id='word_1_333' title='bbox 992 3214 1272 3283; x_wconf 89' lang='lat' dir='ltr'>operitur.</span> <span class='ocrx_word' id='word_1_334' title='bbox 1310 3212 1703 3265; x_wconf 87' lang='lat' dir='ltr'>Romanorum</span> <span class='ocrx_word' id='word_1_335' title='bbox 1737 3218 1931 3265; x_wconf 89' lang='lat' dir='ltr'>autem</span> <span class='ocrx_word' id='word_1_336' title='bbox 1964 3213 2069 3266; x_wconf 88' lang='lat' dir='ltr'>du-</span> 
     </span>
    </p>
   </div>
   <div class='ocr_carea' id='block_1_51' title="bbox 429 3300 2073 3375">
    <p class='ocr_par' dir='ltr' id='par_1_51' title="bbox 429 3300 2073 3375">
     <span class='ocr_line' id='line_1_51' title="bbox 429 3300 2073 3375; baseline -0.004 -14"><span class='ocrx_word' id='word_1_337' title='bbox 429 3312 616 3361; x_wconf 83' lang='lat' dir='ltr'>ctores</span> <span class='ocrx_word' id='word_1_338' title='bbox 649 3321 761 3375; x_wconf 66' lang='lat' dir='ltr'>prae</span> <span class='ocrx_word' id='word_1_339' title='bbox 822 3307 977 3356; x_wconf 89' lang='lat' dir='ltr'>metu</span> <span class='ocrx_word' id='word_1_340' title='bbox 1037 3317 1102 3354; x_wconf 89' lang='lat' dir='ltr'>ac</span> <span class='ocrx_word' id='word_1_341' title='bbox 1171 3300 1575 3363; x_wconf 82' lang='lat' dir='ltr'>desperatione</span> <span class='ocrx_word' id='word_1_342' title='bbox 1622 3315 1813 3353; x_wconf 89' lang='lat' dir='ltr'>rerum</span> <span class='ocrx_word' id='word_1_343' title='bbox 1849 3301 1977 3354; x_wconf 90' lang='lat' dir='ltr'>urbi</span> <span class='ocrx_word' id='word_1_344' title='bbox 2012 3318 2073 3355; x_wconf 76' lang='lat' dir='ltr'>se</span> 
     </span>
    </p>
   </div>
   <div class='ocr_carea' id='block_1_52' title="bbox 430 3387 2071 3460">
    <p class='ocr_par' dir='ltr' id='par_1_52' title="bbox 430 3387 2071 3460">
     <span class='ocr_line' id='line_1_52' title="bbox 430 3387 2071 3460; baseline -0.004 -10"><span class='ocrx_word' id='word_1_345' title='bbox 430 3394 744 3451; x_wconf 83' lang='lat' dir='ltr'>inclusisse</span> <span class='ocrx_word' id='word_1_346' title='bbox 764 3398 820 3446; x_wconf 90' lang='lat' dir='ltr'>et</span> <span class='ocrx_word' id='word_1_347' title='bbox 840 3406 1112 3460; x_wconf 74' lang='lat' dir='ltr'>campum</span> <span class='ocrx_word' id='word_1_348' title='bbox 1140 3388 1632 3459; x_wconf 85' lang='lat' dir='ltr'>aquaopplevisse</span> <span class='ocrx_word' id='word_1_349' title='bbox 1653 3387 2071 3459; x_wconf 84' lang='lat' dir='ltr'>Aplespharem</span> 
     </span>
    </p>
   </div>
   <div class='ocr_carea' id='block_1_53' title="bbox 430 3476 2071 3555">
    <p class='ocr_par' dir='ltr' id='par_1_53' title="bbox 430 3476 2071 3555">
     <span class='ocr_line' id='line_1_53' title="bbox 430 3476 2071 3555; baseline -0.005 -16"><span class='ocrx_word' id='word_1_350' title='bbox 430 3482 673 3555; x_wconf 86' lang='lat' dir='ltr'>opinati,</span> <span class='ocrx_word' id='word_1_351' title='bbox 708 3480 1037 3552; x_wconf 87' lang='lat' dir='ltr'>promiscue</span> <span class='ocrx_word' id='word_1_352' title='bbox 1060 3483 1117 3533; x_wconf 87' lang='lat' dir='ltr'>et</span> <span class='ocrx_word' id='word_1_353' title='bbox 1149 3476 1311 3532; x_wconf 87' lang='lat' dir='ltr'>nullo</span> <span class='ocrx_word' id='word_1_354' title='bbox 1342 3476 1562 3543; x_wconf 87' lang='lat' dir='ltr'>ordine,</span> <span class='ocrx_word' id='word_1_355' title='bbox 1588 3476 1683 3531; x_wconf 87' lang='lat' dir='ltr'>alii</span> <span class='ocrx_word' id='word_1_356' title='bbox 1715 3477 1943 3548; x_wconf 89' lang='lat' dir='ltr'>equites</span> <span class='ocrx_word' id='word_1_357' title='bbox 1975 3479 2071 3533; x_wconf 89' lang='lat' dir='ltr'>alii</span> 
     </span>
    </p>
   </div>
   <div class='ocr_carea' id='block_1_54' title="bbox 430 3564 2072 3641">
    <p class='ocr_par' dir='ltr' id='par_1_54' title="bbox 430 3564 2072 3641">
     <span class='ocr_line' id='line_1_54' title="bbox 430 3564 2072 3641; baseline -0.006 -12"><span class='ocrx_word' id='word_1_358' title='bbox 430 3574 501 3629; x_wconf 83' lang='lat' dir='ltr'>ab</span> <span class='ocrx_word' id='word_1_359' title='bbox 532 3570 700 3641; x_wconf 88' lang='lat' dir='ltr'>equis</span> <span class='ocrx_word' id='word_1_360' title='bbox 731 3567 1001 3638; x_wconf 81' lang='lat' dir='ltr'>digressi,</span> <span class='ocrx_word' id='word_1_361' title='bbox 1036 3572 1097 3620; x_wconf 90' lang='lat' dir='ltr'>ut</span> <span class='ocrx_word' id='word_1_362' title='bbox 1127 3566 1333 3635; x_wconf 91' lang='lat' dir='ltr'>cuique</span> <span class='ocrx_word' id='word_1_363' title='bbox 1359 3564 1718 3635; x_wconf 85' lang='lat' dir='ltr'>placebat,ad</span> <span class='ocrx_word' id='word_1_364' title='bbox 1754 3566 1955 3619; x_wconf 88' lang='lat' dir='ltr'>urbem</span> <span class='ocrx_word' id='word_1_365' title='bbox 1978 3584 2072 3620; x_wconf 90' lang='lat' dir='ltr'>oc-</span> 
     </span>
    </p>
   </div>
   <div class='ocr_carea' id='block_1_55' title="bbox 428 3655 2071 3729">
    <p class='ocr_par' dir='ltr' id='par_1_55' title="bbox 428 3655 2071 3729">
     <span class='ocr_line' id='line_1_55' title="bbox 428 3655 2071 3729; baseline -0.004 -12"><span class='ocrx_word' id='word_1_366' title='bbox 428 3665 694 3725; x_wconf 90' lang='lat' dir='ltr'>currunt,</span> <span class='ocrx_word' id='word_1_367' title='bbox 729 3658 917 3729; x_wconf 77' lang='lat' dir='ltr'>primu</span> <span class='ocrx_word' id='word_1_368' title='bbox 949 3655 1173 3710; x_wconf 84' lang='lat' dir='ltr'>scilicet</span> <span class='ocrx_word' id='word_1_369' title='bbox 1200 3670 1480 3723; x_wconf 70' lang='lat' dir='ltr'>aggressu</span> <span class='ocrx_word' id='word_1_370' title='bbox 1524 3671 1653 3709; x_wconf 86' lang='lat' dir='ltr'>eam</span> <span class='ocrx_word' id='word_1_371' title='bbox 1677 3655 1926 3726; x_wconf 78' lang='lat' dir='ltr'>captari.</span> <span class='ocrx_word' id='word_1_372' title='bbox 1963 3657 2071 3710; x_wconf 91' lang='lat' dir='ltr'>Ubi</span> 
     </span>
    </p>
   </div>
   <div class='ocr_carea' id='block_1_56' title="bbox 429 3742 2070 3819">
    <p class='ocr_par' dir='ltr' id='par_1_56' title="bbox 429 3742 2070 3819">
     <span class='ocr_line' id='line_1_56' title="bbox 429 3742 2070 3819; baseline -0.004 -13"><span class='ocrx_word' id='word_1_373' title='bbox 429 3752 490 3806; x_wconf 88' lang='lat' dir='ltr'>in</span> <span class='ocrx_word' id='word_1_374' title='bbox 522 3750 645 3805; x_wconf 86' lang='lat' dir='ltr'>vias</span> <span class='ocrx_word' id='word_1_375' title='bbox 678 3761 985 3819; x_wconf 85' lang='lat' dir='ltr'>pervenere</span> <span class='ocrx_word' id='word_1_376' title='bbox 1018 3761 1145 3815; x_wconf 70' lang='lat' dir='ltr'>quae</span> <span class='ocrx_word' id='word_1_377' title='bbox 1170 3759 1269 3813; x_wconf 87' lang='lat' dir='ltr'>per</span> <span class='ocrx_word' id='word_1_378' title='bbox 1292 3742 1512 3797; x_wconf 88' lang='lat' dir='ltr'>medias</span> <span class='ocrx_word' id='word_1_379' title='bbox 1529 3744 1822 3797; x_wconf 86' lang='lat' dir='ltr'>ducebant</span> <span class='ocrx_word' id='word_1_380' title='bbox 1852 3743 2070 3811; x_wconf 91' lang='lat' dir='ltr'>vineas,</span> 
     </span>
    </p>
   </div>
   <div class='ocr_carea' id='block_1_57' title="bbox 420 3830 2069 3912">
    <p class='ocr_par' dir='ltr' id='par_1_57' title="bbox 420 3830 2069 3912">
     <span class='ocr_line' id='line_1_57' title="bbox 420 3830 2069 3912; baseline -0.005 -16"><span class='ocrx_word' id='word_1_381' title='bbox 420 3841 667 3912; x_wconf 87' lang='lat' dir='ltr'>jamque</span> <span class='ocrx_word' id='word_1_382' title='bbox 702 3835 831 3890; x_wconf 90' lang='lat' dir='ltr'>urbi</span> <span class='ocrx_word' id='word_1_383' title='bbox 854 3830 1540 3895; x_wconf 88' lang='lat' dir='ltr'>subiverunt,classicum</span> <span class='ocrx_word' id='word_1_384' title='bbox 1567 3830 1955 3903; x_wconf 85' lang='lat' dir='ltr'>Aplesphares</span> <span class='ocrx_word' id='word_1_385' title='bbox 1976 3850 2069 3888; x_wconf 87' lang='lat' dir='ltr'>ca-</span> 
     </span>
    </p>
   </div>
   <div class='ocr_carea' id='block_1_58' title="bbox 430 3920 2071 3997">
    <p class='ocr_par' dir='ltr' id='par_1_58' title="bbox 430 3920 2071 3997">
     <span class='ocr_line' id='line_1_58' title="bbox 430 3920 2071 3997; baseline -0.004 -14"><span class='ocrx_word' id='word_1_386' title='bbox 430 3930 534 3984; x_wconf 90' lang='lat' dir='ltr'>nit.</span> <span class='ocrx_word' id='word_1_387' title='bbox 570 3932 635 3981; x_wconf 89' lang='lat' dir='ltr'>Et</span> <span class='ocrx_word' id='word_1_388' title='bbox 667 3925 887 3997; x_wconf 80' lang='lat' dir='ltr'>pedites</span> <span class='ocrx_word' id='word_1_389' title='bbox 918 3940 985 3977; x_wconf 83' lang='lat' dir='ltr'>ex</span> <span class='ocrx_word' id='word_1_390' title='bbox 1018 3920 1251 3976; x_wconf 89' lang='lat' dir='ltr'>insidiis</span> <span class='ocrx_word' id='word_1_391' title='bbox 1295 3920 1476 3974; x_wconf 92' lang='lat' dir='ltr'>coorti</span> <span class='ocrx_word' id='word_1_392' title='bbox 1519 3920 1615 3973; x_wconf 90' lang='lat' dir='ltr'>alii</span> <span class='ocrx_word' id='word_1_393' title='bbox 1650 3921 1805 3975; x_wconf 86' lang='lat' dir='ltr'>saxis</span> <span class='ocrx_word' id='word_1_394' title='bbox 1861 3925 2071 3976; x_wconf 88' lang='lat' dir='ltr'>Roma-</span> 
     </span>
    </p>
   </div>
   <div class='ocr_carea' id='block_1_59' title="bbox 430 4009 2069 4086">
    <p class='ocr_par' dir='ltr' id='par_1_59' title="bbox 430 4009 2069 4086">
     <span class='ocr_line' id='line_1_59' title="bbox 430 4009 2069 4086; baseline -0.005 -13"><span class='ocrx_word' id='word_1_395' title='bbox 430 4034 535 4073; x_wconf 92' lang='lat' dir='ltr'>nos</span> <span class='ocrx_word' id='word_1_396' title='bbox 588 4018 905 4086; x_wconf 88' lang='lat' dir='ltr'>impetunt,</span> <span class='ocrx_word' id='word_1_397' title='bbox 966 4010 1061 4065; x_wconf 93' lang='lat' dir='ltr'>alii</span> <span class='ocrx_word' id='word_1_398' title='bbox 1113 4011 1365 4078; x_wconf 90' lang='lat' dir='ltr'>desuper</span> <span class='ocrx_word' id='word_1_399' title='bbox 1411 4010 1480 4061; x_wconf 89' lang='lat' dir='ltr'>de</span> <span class='ocrx_word' id='word_1_400' title='bbox 1530 4009 1712 4079; x_wconf 86' lang='lat' dir='ltr'>septis</span> <span class='ocrx_word' id='word_1_401' title='bbox 1772 4010 2069 4065; x_wconf 88' lang='lat' dir='ltr'>vinearum</span> 
     </span>
    </p>
   </div>
   <div class='ocr_carea' id='block_1_60' title="bbox 428 4096 2073 4171">
    <p class='ocr_par' dir='ltr' id='par_1_60' title="bbox 428 4096 2073 4171">
     <span class='ocr_line' id='line_1_60' title="bbox 428 4096 2073 4171; baseline -0.004 -11"><span class='ocrx_word' id='word_1_402' title='bbox 428 4105 760 4171; x_wconf 86' lang='lat' dir='ltr'>vulnerant,</span> <span class='ocrx_word' id='word_1_403' title='bbox 793 4117 923 4155; x_wconf 89' lang='lat' dir='ltr'>cum</span> <span class='ocrx_word' id='word_1_404' title='bbox 985 4098 1220 4169; x_wconf 75' lang='lat' dir='ltr'>quidem</span> <span class='ocrx_word' id='word_1_405' title='bbox 1274 4096 1552 4151; x_wconf 83' lang='lat' dir='ltr'>Romanis</span> <span class='ocrx_word' id='word_1_406' title='bbox 1602 4098 1691 4151; x_wconf 91' lang='lat' dir='ltr'>sui</span> <span class='ocrx_word' id='word_1_407' title='bbox 1726 4099 2073 4154; x_wconf 81' lang='lat' dir='ltr'>defendendi</span> 
     </span>
    </p>
   </div>
   <div class='ocr_carea' id='block_1_61' title="bbox 430 4186 2053 4258">
    <p class='ocr_par' dir='ltr' id='par_1_61' title="bbox 430 4186 2053 4258">
     <span class='ocr_line' id='line_1_61' title="bbox 430 4186 2053 4258; baseline -0.002 -10"><span class='ocrx_word' id='word_1_408' title='bbox 430 4192 624 4250; x_wconf 87' lang='lat' dir='ltr'>omnis</span> <span class='ocrx_word' id='word_1_409' title='bbox 655 4194 811 4245; x_wconf 85' lang='lat' dir='ltr'>esset</span> <span class='ocrx_word' id='word_1_410' title='bbox 842 4192 1039 4258; x_wconf 88' lang='lat' dir='ltr'>erepta</span> <span class='ocrx_word' id='word_1_411' title='bbox 1076 4186 1567 4257; x_wconf 75' lang='lat' dir='ltr'>facultaangens</span> <span class='ocrx_word' id='word_1_412' title='bbox 1600 4192 1724 4241; x_wconf 87' lang='lat' dir='ltr'>tum</span> <span class='ocrx_word' id='word_1_413' title='bbox 1762 4186 1957 4243; x_wconf 87' lang='lat' dir='ltr'>clades</span> <span class='ocrx_word' id='word_1_414' title='bbox 1988 4207 2053 4244; x_wconf 90' lang='lat' dir='ltr'>ac</span> 
     </span>
    </p>
   </div>
   <div class='ocr_carea' id='block_1_62' title="bbox 432 4273 2076 4351">
    <p class='ocr_par' dir='ltr' id='par_1_62' title="bbox 432 4273 2076 4351">
     <span class='ocr_line' id='line_1_62' title="bbox 432 4273 2076 4351; baseline -0.004 -15"><span class='ocrx_word' id='word_1_415' title='bbox 432 4285 621 4351; x_wconf 82' lang='lat' dir='ltr'>cepta,</span> <span class='ocrx_word' id='word_1_416' title='bbox 654 4284 710 4333; x_wconf 92' lang='lat' dir='ltr'>et</span> <span class='ocrx_word' id='word_1_417' title='bbox 739 4278 1133 4332; x_wconf 72' lang='lat' dir='ltr'>Remanorum</span> <span class='ocrx_word' id='word_1_418' title='bbox 1167 4273 1619 4327; x_wconf 83' lang='lat' dir='ltr'>innumerabilis</span> <span class='ocrx_word' id='word_1_419' title='bbox 1676 4291 1823 4329; x_wconf 69' lang='lat' dir='ltr'>caesa</span> <span class='ocrx_word' id='word_1_420' title='bbox 1878 4277 2076 4330; x_wconf 90' lang='lat' dir='ltr'>multi-</span> 
     </span>
    </p>
   </div>
   <div class='ocr_carea' id='block_1_63' title="bbox 436 4362 2077 4434">
    <p class='ocr_par' dir='ltr' id='par_1_63' title="bbox 436 4362 2077 4434">
     <span class='ocr_line' id='line_1_63' title="bbox 436 4362 2077 4434; baseline -0.003 -10"><span class='ocrx_word' id='word_1_421' title='bbox 436 4370 595 4431; x_wconf 90' lang='lat' dir='ltr'>tudo,</span> <span class='ocrx_word' id='word_1_422' title='bbox 630 4383 758 4421; x_wconf 89' lang='lat' dir='ltr'>cum</span> <span class='ocrx_word' id='word_1_423' title='bbox 795 4364 927 4434; x_wconf 91' lang='lat' dir='ltr'>equi</span> <span class='ocrx_word' id='word_1_424' title='bbox 964 4364 1162 4432; x_wconf 79' lang='lat' dir='ltr'>fugere</span> <span class='ocrx_word' id='word_1_425' title='bbox 1195 4379 1305 4416; x_wconf 88' lang='lat' dir='ltr'>non</span> <span class='ocrx_word' id='word_1_426' title='bbox 1342 4362 1742 4431; x_wconf 87' lang='lat' dir='ltr'>possentlimo</span> <span class='ocrx_word' id='word_1_427' title='bbox 1764 4370 1820 4417; x_wconf 89' lang='lat' dir='ltr'>et</span> <span class='ocrx_word' id='word_1_428' title='bbox 1853 4365 2077 4419; x_wconf 89' lang='lat' dir='ltr'>lacunis</span> 
     </span>
    </p>
   </div>
   <div class='ocr_carea' id='block_1_64' title="bbox 433 4451 2079 4527">
    <p class='ocr_par' dir='ltr' id='par_1_64' title="bbox 433 4451 2079 4527">
     <span class='ocr_line' id='line_1_64' title="bbox 433 4451 2079 4527; baseline -0.002 -13"><span class='ocrx_word' id='word_1_429' title='bbox 433 4456 721 4527; x_wconf 88' lang='lat' dir='ltr'>impediti.</span> <span class='ocrx_word' id='word_1_430' title='bbox 783 4454 948 4524; x_wconf 64' lang='lat' dir='ltr'>{Egre</span> <span class='ocrx_word' id='word_1_431' title='bbox 995 4451 1177 4521; x_wconf 85' lang='lat' dir='ltr'>elapsi</span> <span class='ocrx_word' id='word_1_432' title='bbox 1248 4451 1465 4504; x_wconf 86' lang='lat' dir='ltr'>Jasites</span> <span class='ocrx_word' id='word_1_433' title='bbox 1539 4455 1594 4503; x_wconf 89' lang='lat' dir='ltr'>et</span> <span class='ocrx_word' id='word_1_434' title='bbox 1662 4451 2079 4510; x_wconf 82' lang='lat' dir='ltr'>Constantinus</span> 
     </span>
    </p>
   </div>
   <div class='ocr_carea' id='block_1_65' title="bbox 437 4538 2079 4615">
    <p class='ocr_par' dir='ltr' id='par_1_65' title="bbox 437 4538 2079 4615">
     <span class='ocr_line' id='line_1_65' title="bbox 437 4538 2079 4615; baseline -0.004 -12"><span class='ocrx_word' id='word_1_435' title='bbox 437 4547 642 4603; x_wconf 77' lang='lat' dir='ltr'>Anium</span> <span class='ocrx_word' id='word_1_436' title='bbox 674 4543 1078 4615; x_wconf 89' lang='lat' dir='ltr'>pervenerunt,</span> <span class='ocrx_word' id='word_1_437' title='bbox 1120 4538 1472 4609; x_wconf 85' lang='lat' dir='ltr'>Nicolaoque</span> <span class='ocrx_word' id='word_1_438' title='bbox 1504 4538 1856 4596; x_wconf 82' lang='lat' dir='ltr'>calamitatis</span> <span class='ocrx_word' id='word_1_439' title='bbox 1890 4542 2079 4596; x_wconf 90' lang='lat' dir='ltr'>nuntii</span> 
     </span>
    </p>
   </div>
   <div class='ocr_carea' id='block_1_66' title="bbox 2185 1962 3840 2041">
    <p class='ocr_par' dir='ltr' id='par_1_66' title="bbox 2185 1962 3840 2041">
     <span class='ocr_line' id='line_1_66' title="bbox 2185 1962 3840 2041; baseline -0.001 -22"><span class='ocrx_word' id='word_1_440' title='bbox 2185 1970 2344 2019; x_wconf 75' lang='grc' dir='ltr'>πᾶσιν</span> <span class='ocrx_word' id='word_1_441' title='bbox 2407 1965 2754 2041; x_wconf 80' lang='grc' dir='ltr'>ἀπεγνωκὼς,</span> <span class='ocrx_word' id='word_1_442' title='bbox 2816 1962 3096 2020; x_wconf 62' lang='grc' dir='ltr'>σπένδεται</span> <span class='ocrx_word' id='word_1_443' title='bbox 3152 1966 3287 2040; x_wconf 86' lang='grc' dir='ltr'>πρὸς</span> <span class='ocrx_word' id='word_1_444' title='bbox 3336 1966 3427 2018; x_wconf 89' lang='grc' dir='ltr'>τὸν</span> <span class='ocrx_word' id='word_1_445' title='bbox 3483 1965 3840 2037; x_wconf 74' lang='grc' dir='ltr'>παρακοιμώο</span> 
     </span>
    </p>
   </div>
   <div class='ocr_carea' id='block_1_67' title="bbox 2190 2050 3839 2129">
    <p class='ocr_par' dir='ltr' id='par_1_67' title="bbox 2190 2050 3839 2129">
     <span class='ocr_line' id='line_1_67' title="bbox 2190 2050 3839 2129; baseline -0.001 -22"><span class='ocrx_word' id='word_1_446' title='bbox 2190 2075 2347 2127; x_wconf 87' lang='grc' dir='ltr'>μενον</span> <span class='ocrx_word' id='word_1_447' title='bbox 2378 2054 2466 2107; x_wconf 89' lang='grc' dir='ltr'>καὶ</span> <span class='ocrx_word' id='word_1_448' title='bbox 2494 2059 2816 2129; x_wconf 80' lang='grc' dir='ltr'>προσχωρεῖ</span> <span class='ocrx_word' id='word_1_449' title='bbox 2844 2058 2921 2125; x_wconf 76' lang='grc' dir='ltr'>τῷ</span> <span class='ocrx_word' id='word_1_450' title='bbox 2976 2052 3192 2129; x_wconf 83' lang='grc' dir='ltr'>βασιλεῖ</span> <span class='ocrx_word' id='word_1_451' title='bbox 3239 2050 3309 2107; x_wconf 82' lang='grc' dir='ltr'>δι’</span> <span class='ocrx_word' id='word_1_452' title='bbox 3340 2053 3525 2123; x_wconf 78' lang='grc' dir='ltr'>αὑτοῦ,</span> <span class='ocrx_word' id='word_1_453' title='bbox 3560 2050 3839 2127; x_wconf 75' lang='grc' dir='ltr'>παραδοὺς</span> 
     </span>
    </p>
   </div>
   <div class='ocr_carea' id='block_1_68' title="bbox 2182 2141 3837 2218">
    <p class='ocr_par' dir='ltr' id='par_1_68' title="bbox 2182 2141 3837 2218">
     <span class='ocr_line' id='line_1_68' title="bbox 2182 2141 3837 2218; baseline -0.001 -22"><span class='ocrx_word' id='word_1_454' title='bbox 2182 2143 2282 2209; x_wconf 82' lang='grc' dir='ltr'>τήν</span> <span class='ocrx_word' id='word_1_455' title='bbox 2310 2142 2494 2198; x_wconf 89' lang='grc' dir='ltr'>πόλιν.</span> <span class='ocrx_word' id='word_1_456' title='bbox 2532 2144 2624 2196; x_wconf 80' lang='grc' dir='ltr'>Καὶ</span> <span class='ocrx_word' id='word_1_457' title='bbox 2662 2145 2689 2197; x_wconf 87' lang='grc' dir='ltr'>ὁ</span> <span class='ocrx_word' id='word_1_458' title='bbox 2725 2144 2817 2215; x_wconf 76' lang='grc' dir='ltr'>μὶν</span> <span class='ocrx_word' id='word_1_459' title='bbox 2853 2143 2905 2204; x_wconf 74' lang='grc' dir='ltr'>ἰς</span> <span class='ocrx_word' id='word_1_460' title='bbox 2936 2143 3027 2197; x_wconf 88' lang='grc' dir='ltr'>τὸν</span> <span class='ocrx_word' id='word_1_461' title='bbox 3066 2142 3293 2218; x_wconf 76' lang='grc' dir='ltr'>βασιλὲα</span> <span class='ocrx_word' id='word_1_462' title='bbox 3346 2141 3518 2197; x_wconf 82' lang='grc' dir='ltr'>ἐλθὼν</span> <span class='ocrx_word' id='word_1_463' title='bbox 3574 2143 3663 2196; x_wconf 82' lang='grc' dir='ltr'>καὶ</span> <span class='ocrx_word' id='word_1_464' title='bbox 3726 2143 3837 2213; x_wconf 86' lang='grc' dir='ltr'>μά-</span> 
     </span>
    </p>
   </div>
   <div class='ocr_carea' id='block_1_69' title="bbox 2184 2228 3836 2306">
    <p class='ocr_par' dir='ltr' id='par_1_69' title="bbox 2184 2228 3836 2306">
     <span class='ocr_line' id='line_1_69' title="bbox 2184 2228 3836 2306; baseline 0.001 -22"><span class='ocrx_word' id='word_1_465' title='bbox 2184 2252 2407 2305; x_wconf 87' lang='grc' dir='ltr'>γιστρος</span> <span class='ocrx_word' id='word_1_466' title='bbox 2453 2232 2727 2304; x_wconf 80' lang='grc' dir='ltr'>τιμηθεὶς,</span> <span class='ocrx_word' id='word_1_467' title='bbox 2788 2232 2879 2286; x_wconf 88' lang='grc' dir='ltr'>καὶ</span> <span class='ocrx_word' id='word_1_468' title='bbox 2928 2232 3109 2306; x_wconf 87' lang='grc' dir='ltr'>χωρία</span> <span class='ocrx_word' id='word_1_469' title='bbox 3160 2228 3552 2305; x_wconf 75' lang='grc' dir='ltr'>πολυπρότοδα</span> <span class='ocrx_word' id='word_1_470' title='bbox 3592 2233 3729 2285; x_wconf 84' lang='grc' dir='ltr'>κατά</span> <span class='ocrx_word' id='word_1_471' title='bbox 3774 2252 3836 2285; x_wconf 80' lang='grc' dir='ltr'>τε</span> 
     </span>
    </p>
   </div>
   <div class='ocr_carea' id='block_1_70' title="bbox 2186 2317 3836 2396">
    <p class='ocr_par' dir='ltr' id='par_1_70' title="bbox 2186 2317 3836 2396">
     <span class='ocr_line' id='line_1_70' title="bbox 2186 2317 3836 2396; baseline -0.002 -22"><span class='ocrx_word' id='word_1_472' title='bbox 2186 2317 2568 2375; x_wconf 79' lang='grc' dir='ltr'>Καππαδοκίαν</span> <span class='ocrx_word' id='word_1_473' title='bbox 2613 2320 2703 2374; x_wconf 83' lang='grc' dir='ltr'>καὶ</span> <span class='ocrx_word' id='word_1_474' title='bbox 2751 2322 2840 2374; x_wconf 85' lang='grc' dir='ltr'>τὸν</span> <span class='ocrx_word' id='word_1_475' title='bbox 2894 2321 3193 2396; x_wconf 83' lang='grc' dir='ltr'>Χαρσιανὸν</span> <span class='ocrx_word' id='word_1_476' title='bbox 3253 2320 3343 2374; x_wconf 80' lang='grc' dir='ltr'>καὶ</span> <span class='ocrx_word' id='word_1_477' title='bbox 3396 2320 3490 2374; x_wconf 82' lang='grc' dir='ltr'>τὸν</span> <span class='ocrx_word' id='word_1_478' title='bbox 3539 2317 3836 2389; x_wconf 78' lang='grc' dir='ltr'>Λικανδρὸν</span> 
     </span>
    </p>
   </div>
   <div class='ocr_carea' id='block_1_71' title="bbox 2185 2407 3834 2486">
    <p class='ocr_par' dir='ltr' id='par_1_71' title="bbox 2185 2407 3834 2486">
     <span class='ocr_line' id='line_1_71' title="bbox 2185 2407 3834 2486; baseline 0 -23"><span class='ocrx_word' id='word_1_479' title='bbox 2185 2408 2452 2486; x_wconf 69' lang='grc' dir='ltr'>εἰληφὼς,</span> <span class='ocrx_word' id='word_1_480' title='bbox 2514 2408 2785 2481; x_wconf 65' lang='grc' dir='ltr'>ε’ρηνικὸν</span> <span class='ocrx_word' id='word_1_481' title='bbox 2855 2409 2943 2462; x_wconf 84' lang='grc' dir='ltr'>καὶ</span> <span class='ocrx_word' id='word_1_482' title='bbox 3020 2407 3291 2482; x_wconf 79' lang='grc' dir='ltr'>ἀτάραχον</span> <span class='ocrx_word' id='word_1_483' title='bbox 3343 2409 3437 2463; x_wconf 88' lang='grc' dir='ltr'>τὸν</span> <span class='ocrx_word' id='word_1_484' title='bbox 3493 2408 3597 2463; x_wconf 80' lang='grc' dir='ltr'>άπὸ</span> <span class='ocrx_word' id='word_1_485' title='bbox 3651 2413 3751 2463; x_wconf 81' lang='grc' dir='ltr'>τοῦ</span> <span class='ocrx_word' id='word_1_486' title='bbox 3809 2430 3834 2463; x_wconf 89' lang='grc' dir='ltr'>ε</span> 
     </span>
    </p>
   </div>
   <div class='ocr_carea' id='block_1_72' title="bbox 2184 2495 3835 2572">
    <p class='ocr_par' dir='ltr' id='par_1_72' title="bbox 2184 2495 3835 2572">
     <span class='ocr_line' id='line_1_72' title="bbox 2184 2495 3835 2572; baseline 0 -20"><span class='ocrx_word' id='word_1_487' title='bbox 2184 2496 2341 2567; x_wconf 79' lang='grc' dir='ltr'>ἔζησε</span> <span class='ocrx_word' id='word_1_488' title='bbox 2403 2496 2518 2572; x_wconf 85' lang='grc' dir='ltr'>βίον</span> <span class='ocrx_word' id='word_1_489' title='bbox 2552 2517 2563 2528; x_wconf 88' lang='grc'>·</span> <span class='ocrx_word' id='word_1_490' title='bbox 2621 2498 2649 2550; x_wconf 86' lang='grc' dir='ltr'>ὁ</span> <span class='ocrx_word' id='word_1_491' title='bbox 2708 2495 2766 2551; x_wconf 80' lang='grc' dir='ltr'>δὲ</span> <span class='ocrx_word' id='word_1_492' title='bbox 2824 2498 3166 2572; x_wconf 87' lang='grc' dir='ltr'>Μονομάχος</span> <span class='ocrx_word' id='word_1_493' title='bbox 3208 2498 3275 2550; x_wconf 78' lang='grc' dir='ltr'>τὰ</span> <span class='ocrx_word' id='word_1_494' title='bbox 3330 2496 3835 2571; x_wconf 70' lang='grc' dir='ltr'>ἐκπολιορκηθὲντα</span> 
     </span>
    </p>
   </div>
   <div class='ocr_carea' id='block_1_73' title="bbox 2186 2582 3831 2664">
    <p class='ocr_par' dir='ltr' id='par_1_73' title="bbox 2186 2582 3831 2664">
     <span class='ocr_line' id='line_1_73' title="bbox 2186 2582 3831 2664; baseline -0.001 -23"><span class='ocrx_word' id='word_1_495' title='bbox 2186 2586 2417 2664; x_wconf 76' lang='grc' dir='ltr'>φρούρια</span> <span class='ocrx_word' id='word_1_496' title='bbox 2446 2587 2591 2657; x_wconf 78' lang='grc' dir='ltr'>παρὰ</span> <span class='ocrx_word' id='word_1_497' title='bbox 2620 2591 2715 2641; x_wconf 74' lang='grc' dir='ltr'>τοῦ</span> <span class='ocrx_word' id='word_1_498' title='bbox 2744 2582 3013 2640; x_wconf 73' lang='grc' dir='ltr'>Τιόιώτου</span> <span class='ocrx_word' id='word_1_499' title='bbox 3043 2586 3133 2640; x_wconf 64' lang='grc' dir='ltr'>καὶ</span> <span class='ocrx_word' id='word_1_500' title='bbox 3192 2586 3373 2661; x_wconf 85' lang='grc' dir='ltr'>χωρία</span> <span class='ocrx_word' id='word_1_501' title='bbox 3430 2586 3504 2647; x_wconf 88' lang='grc' dir='ltr'>ὡς</span> <span class='ocrx_word' id='word_1_502' title='bbox 3564 2587 3700 2661; x_wconf 73' lang='grc' dir='ltr'>μέρη</span> <span class='ocrx_word' id='word_1_503' title='bbox 3732 2588 3831 2641; x_wconf 76' lang='grc' dir='ltr'>τοῦ</span> 
     </span>
    </p>
   </div>
   <div class='ocr_carea' id='block_1_74' title="bbox 2185 2673 3829 2750">
    <p class='ocr_par' dir='ltr' id='par_1_74' title="bbox 2185 2673 3829 2750">
     <span class='ocr_line' id='line_1_74' title="bbox 2185 2673 3829 2750; baseline -0.002 -17"><span class='ocrx_word' id='word_1_504' title='bbox 2185 2675 2364 2733; x_wconf 85' lang='grc' dir='ltr'>Ἀνίου</span> <span class='ocrx_word' id='word_1_505' title='bbox 2422 2680 2713 2745; x_wconf 68' lang='grc' dir='ltr'>ἐπιζητῶν,</span> <span class='ocrx_word' id='word_1_506' title='bbox 2765 2678 2844 2748; x_wconf 83' lang='grc' dir='ltr'>[Ρ-</span> <span class='ocrx_word' id='word_1_507' title='bbox 2876 2677 3004 2747; x_wconf 60' lang='lat'>763}</span> <span class='ocrx_word' id='word_1_508' title='bbox 3046 2673 3158 2729; x_wconf 72' lang='grc' dir='ltr'>ἐπεὶ</span> <span class='ocrx_word' id='word_1_509' title='bbox 3208 2674 3340 2729; x_wconf 73' lang='grc' dir='ltr'>ἑκών</span> <span class='ocrx_word' id='word_1_510' title='bbox 3402 2696 3463 2750; x_wconf 88' lang='grc' dir='ltr'>γε</span> <span class='ocrx_word' id='word_1_511' title='bbox 3504 2673 3706 2737; x_wconf 73' lang='grc' dir='ltr'>ἐκεῖνος</span> <span class='ocrx_word' id='word_1_512' title='bbox 3765 2675 3829 2729; x_wconf 70' lang='grc' dir='ltr'>οὗ</span> 
     </span>
    </p>
   </div>
   <div class='ocr_carea' id='block_1_75' title="bbox 2189 2759 3830 2841">
    <p class='ocr_par' dir='ltr' id='par_1_75' title="bbox 2189 2759 3830 2841">
     <span class='ocr_line' id='line_1_75' title="bbox 2189 2759 3830 2841; baseline -0.001 -20"><span class='ocrx_word' id='word_1_513' title='bbox 2189 2766 2400 2839; x_wconf 79' lang='grc' dir='ltr'>μεθίετο</span> <span class='ocrx_word' id='word_1_514' title='bbox 2457 2765 2687 2833; x_wconf 75' lang='grc' dir='ltr'>τούτων,</span> <span class='ocrx_word' id='word_1_515' title='bbox 2724 2765 2848 2820; x_wconf 76' lang='grc' dir='ltr'>ἀλλ’</span> <span class='ocrx_word' id='word_1_516' title='bbox 2905 2764 3183 2840; x_wconf 81' lang='grc' dir='ltr'>ἀντείχετο</span> <span class='ocrx_word' id='word_1_517' title='bbox 3242 2772 3341 2833; x_wconf 77' lang='grc' dir='ltr'>τῆς</span> <span class='ocrx_word' id='word_1_518' title='bbox 3397 2759 3830 2841; x_wconf 74' lang='grc' dir='ltr'>χρυσοϐούλλσυ</span> 
     </span>
    </p>
   </div>
   <div class='ocr_carea' id='block_1_76' title="bbox 2184 2853 3828 2933">
    <p class='ocr_par' dir='ltr' id='par_1_76' title="bbox 2184 2853 3828 2933">
     <span class='ocr_line' id='line_1_76' title="bbox 2184 2853 3828 2933; baseline -0.001 -24"><span class='ocrx_word' id='word_1_519' title='bbox 2184 2864 2417 2933; x_wconf 78' lang='grc' dir='ltr'>γραφῆς,</span> <span class='ocrx_word' id='word_1_520' title='bbox 2458 2857 2750 2929; x_wconf 72' lang='grc' dir='ltr'>ἀναιρεῖται</span> <span class='ocrx_word' id='word_1_521' title='bbox 2798 2853 3043 2926; x_wconf 76' lang='grc' dir='ltr'>πόλεμον</span> <span class='ocrx_word' id='word_1_522' title='bbox 3098 2855 3235 2928; x_wconf 88' lang='grc' dir='ltr'>πρὸς</span> <span class='ocrx_word' id='word_1_523' title='bbox 3273 2854 3458 2921; x_wconf 84' lang='grc' dir='ltr'>αὐτὸν,</span> <span class='ocrx_word' id='word_1_524' title='bbox 3517 2854 3606 2907; x_wconf 76' lang='grc' dir='ltr'>καὶ</span> <span class='ocrx_word' id='word_1_525' title='bbox 3661 2853 3828 2907; x_wconf 85' lang='grc' dir='ltr'>πάλιν</span> 
     </span>
    </p>
   </div>
   <div class='ocr_carea' id='block_1_77' title="bbox 2184 2942 3832 3020">
    <p class='ocr_par' dir='ltr' id='par_1_77' title="bbox 2184 2942 3832 3020">
     <span class='ocr_line' id='line_1_77' title="bbox 2184 2942 3832 3020; baseline -0.001 -22"><span class='ocrx_word' id='word_1_526' title='bbox 2184 2946 2503 3019; x_wconf 78' lang='grc' dir='ltr'>προστάττει</span> <span class='ocrx_word' id='word_1_527' title='bbox 2560 2942 2641 3016; x_wconf 82' lang='grc' dir='ltr'>τῷ</span> <span class='ocrx_word' id='word_1_528' title='bbox 2696 2942 3177 3020; x_wconf 77' lang='grc' dir='ltr'>παρακοιμωμὲνῳ</span> <span class='ocrx_word' id='word_1_529' title='bbox 3241 2944 3375 3015; x_wconf 78' lang='grc' dir='ltr'>μετά</span> <span class='ocrx_word' id='word_1_530' title='bbox 3419 2964 3481 3017; x_wconf 88' lang='grc' dir='ltr'>γε</span> <span class='ocrx_word' id='word_1_531' title='bbox 3536 2950 3637 3011; x_wconf 76' lang='grc' dir='ltr'>τῆς</span> <span class='ocrx_word' id='word_1_532' title='bbox 3686 2944 3832 2999; x_wconf 74' lang='grc' dir='ltr'>Ῥω-</span> 
     </span>
    </p>
   </div>
   <div class='ocr_carea' id='block_1_78' title="bbox 2190 3026 3830 3108">
    <p class='ocr_par' dir='ltr' id='par_1_78' title="bbox 2190 3026 3830 3108">
     <span class='ocr_line' id='line_1_78' title="bbox 2190 3026 3830 3108; baseline -0.001 -21"><span class='ocrx_word' id='word_1_533' title='bbox 2190 3040 2390 3106; x_wconf 75' lang='grc' dir='ltr'>μαϊκῆς</span> <span class='ocrx_word' id='word_1_534' title='bbox 2428 3034 2616 3108; x_wconf 82' lang='grc' dir='ltr'>χειρὸς</span> <span class='ocrx_word' id='word_1_535' title='bbox 2646 3036 2738 3086; x_wconf 82' lang='grc' dir='ltr'>τοῦ</span> <span class='ocrx_word' id='word_1_536' title='bbox 2779 3052 2837 3086; x_wconf 88' lang='grc' dir='ltr'>τε</span> <span class='ocrx_word' id='word_1_537' title='bbox 2866 3026 3144 3105; x_wconf 72' lang='grc' dir='ltr'>Ἰϐηρικοῦ</span> <span class='ocrx_word' id='word_1_538' title='bbox 3194 3035 3422 3104; x_wconf 73' lang='grc' dir='ltr'>στρατοῦ</span> <span class='ocrx_word' id='word_1_539' title='bbox 3480 3030 3567 3085; x_wconf 79' lang='grc' dir='ltr'>καὶ</span> <span class='ocrx_word' id='word_1_540' title='bbox 3617 3039 3717 3101; x_wconf 83' lang='grc' dir='ltr'>τῆς</span> <span class='ocrx_word' id='word_1_541' title='bbox 3776 3032 3830 3085; x_wconf 68' lang='grc' dir='ltr'>ἐν</span> 
     </span>
    </p>
   </div>
   <div class='ocr_carea' id='block_1_79' title="bbox 2184 3117 3833 3197">
    <p class='ocr_par' dir='ltr' id='par_1_79' title="bbox 2184 3117 3833 3197">
     <span class='ocr_line' id='line_1_79' title="bbox 2184 3117 3833 3197; baseline -0.001 -21"><span class='ocrx_word' id='word_1_542' title='bbox 2184 3126 2252 3196; x_wconf 79' lang='grc' dir='ltr'>τῇ</span> <span class='ocrx_word' id='word_1_543' title='bbox 2340 3119 2549 3197; x_wconf 75' lang='grc' dir='ltr'>μεγάλῃ</span> <span class='ocrx_word' id='word_1_544' title='bbox 2638 3118 2894 3195; x_wconf 79' lang='grc' dir='ltr'>Ἀρμενίᾳ</span> <span class='ocrx_word' id='word_1_545' title='bbox 2972 3117 3274 3191; x_wconf 84' lang='grc' dir='ltr'>δυνάμεως,</span> <span class='ocrx_word' id='word_1_546' title='bbox 3326 3122 3392 3188; x_wconf 74' lang='grc' dir='ltr'>ἧς</span> <span class='ocrx_word' id='word_1_547' title='bbox 3467 3127 3740 3194; x_wconf 78' lang='grc' dir='ltr'>κατῆρχεν</span> <span class='ocrx_word' id='word_1_548' title='bbox 3803 3122 3833 3175; x_wconf 84' lang='grc' dir='ltr'>ὁ</span> 
     </span>
    </p>
   </div>
   <div class='ocr_carea' id='block_1_80' title="bbox 2186 3207 3834 3287">
    <p class='ocr_par' dir='ltr' id='par_1_80' title="bbox 2186 3207 3834 3287">
     <span class='ocr_line' id='line_1_80' title="bbox 2186 3207 3834 3287; baseline -0.002 -21"><span class='ocrx_word' id='word_1_549' title='bbox 2186 3212 2474 3280; x_wconf 78' lang='grc' dir='ltr'>Ἀνιώτης,</span> <span class='ocrx_word' id='word_1_550' title='bbox 2504 3215 2581 3280; x_wconf 84' lang='grc' dir='ltr'>τῷ</span> <span class='ocrx_word' id='word_1_551' title='bbox 2610 3208 2973 3287; x_wconf 73' lang='grc' dir='ltr'>Ἀπλησφάρῃ</span> <span class='ocrx_word' id='word_1_552' title='bbox 3020 3208 3307 3280; x_wconf 79' lang='grc' dir='ltr'>πολεμεῖν.</span> <span class='ocrx_word' id='word_1_553' title='bbox 3362 3210 3537 3269; x_wconf 82' lang='grc' dir='ltr'>Πάσας</span> <span class='ocrx_word' id='word_1_554' title='bbox 3593 3207 3684 3262; x_wconf 76' lang='grc' dir='ltr'>οὖν</span> <span class='ocrx_word' id='word_1_555' title='bbox 3741 3211 3834 3263; x_wconf 74' lang='grc' dir='ltr'>οὗ·</span> 
     </span>
    </p>
   </div>
   <div class='ocr_carea' id='block_1_81' title="bbox 2181 3294 3835 3371">
    <p class='ocr_par' dir='ltr' id='par_1_81' title="bbox 2181 3294 3835 3371">
     <span class='ocr_line' id='line_1_81' title="bbox 2181 3294 3835 3371; baseline -0.002 -18"><span class='ocrx_word' id='word_1_556' title='bbox 2181 3321 2275 3362; x_wconf 85' lang='grc' dir='ltr'>τος</span> <span class='ocrx_word' id='word_1_557' title='bbox 2346 3297 2621 3371; x_wconf 85' lang='grc' dir='ltr'>ἠθροικὼς</span> <span class='ocrx_word' id='word_1_558' title='bbox 2702 3298 2798 3359; x_wconf 80' lang='grc' dir='ltr'>τὰς</span> <span class='ocrx_word' id='word_1_559' title='bbox 2865 3294 3141 3368; x_wconf 78' lang='grc' dir='ltr'>δυνάμεις,</span> <span class='ocrx_word' id='word_1_560' title='bbox 3196 3296 3284 3349; x_wconf 81' lang='grc' dir='ltr'>καὶ</span> <span class='ocrx_word' id='word_1_561' title='bbox 3345 3295 3584 3371; x_wconf 73' lang='grc' dir='ltr'>ἄρχοντα</span> <span class='ocrx_word' id='word_1_562' title='bbox 3640 3298 3835 3358; x_wconf 78' lang='grc' dir='ltr'>αὐταῖς</span> 
     </span>
    </p>
   </div>
   <div class='ocr_carea' id='block_1_82' title="bbox 2181 3384 3834 3461">
    <p class='ocr_par' dir='ltr' id='par_1_82' title="bbox 2181 3384 3834 3461">
     <span class='ocr_line' id='line_1_82' title="bbox 2181 3384 3834 3461; baseline -0.004 -18"><span class='ocrx_word' id='word_1_563' title='bbox 2181 3388 2471 3457; x_wconf 66' lang='grc' dir='ltr'>ἕπιστήσας</span> <span class='ocrx_word' id='word_1_564' title='bbox 2504 3385 2737 3461; x_wconf 68' lang='grc' dir='ltr'>Μιχαὴλ</span> <span class='ocrx_word' id='word_1_565' title='bbox 2783 3387 2871 3440; x_wconf 87' lang='grc' dir='ltr'>τὸν</span> <span class='ocrx_word' id='word_1_566' title='bbox 2937 3384 3245 3461; x_wconf 86' lang='grc' dir='ltr'>βεστάρχην</span> <span class='ocrx_word' id='word_1_567' title='bbox 3305 3385 3393 3439; x_wconf 87' lang='grc' dir='ltr'>τὸν</span> <span class='ocrx_word' id='word_1_568' title='bbox 3457 3386 3683 3456; x_wconf 82' lang='grc' dir='ltr'>Ἰασίτην</span> <span class='ocrx_word' id='word_1_569' title='bbox 3740 3388 3834 3440; x_wconf 69' lang='grc' dir='ltr'>καὶ</span> 
     </span>
    </p>
   </div>
   <div class='ocr_carea' id='block_1_83' title="bbox 2178 3474 3830 3550">
    <p class='ocr_par' dir='ltr' id='par_1_83' title="bbox 2178 3474 3830 3550">
     <span class='ocr_line' id='line_1_83' title="bbox 2178 3474 3830 3550; baseline -0.002 -18"><span class='ocrx_word' id='word_1_570' title='bbox 2178 3478 2270 3532; x_wconf 90' lang='grc' dir='ltr'>τὸν</span> <span class='ocrx_word' id='word_1_571' title='bbox 2299 3476 2489 3531; x_wconf 72' lang='grc' dir='ltr'>ἑαυτοῦ</span> <span class='ocrx_word' id='word_1_572' title='bbox 2520 3474 2717 3529; x_wconf 72' lang='grc' dir='ltr'>δοῦλον</span> <span class='ocrx_word' id='word_1_573' title='bbox 2764 3477 2875 3547; x_wconf 85' lang='grc'>(30)</span> <span class='ocrx_word' id='word_1_574' title='bbox 2930 3479 3329 3529; x_wconf 82' lang='grc' dir='ltr'>Κωνσταντῖνον</span> <span class='ocrx_word' id='word_1_575' title='bbox 3388 3474 3682 3550; x_wconf 86' lang='grc' dir='ltr'>μάγιστρον</span> <span class='ocrx_word' id='word_1_576' title='bbox 3733 3476 3830 3529; x_wconf 77' lang='grc' dir='ltr'>τὸν</span> 
     </span>
    </p>
   </div>
   <div class='ocr_carea' id='block_1_84' title="bbox 2183 3558 3827 3635">
    <p class='ocr_par' dir='ltr' id='par_1_84' title="bbox 2183 3558 3827 3635">
     <span class='ocr_line' id='line_1_84' title="bbox 2183 3558 3827 3635; baseline -0.003 -13"><span class='ocrx_word' id='word_1_577' title='bbox 2183 3564 2431 3632; x_wconf 82' lang='grc' dir='ltr'>Ἀλανὸν,</span> <span class='ocrx_word' id='word_1_578' title='bbox 2464 3564 2599 3618; x_wconf 82' lang='grc' dir='ltr'>κατὰ</span> <span class='ocrx_word' id='word_1_579' title='bbox 2652 3568 2752 3618; x_wconf 76' lang='grc' dir='ltr'>τοῦ</span> <span class='ocrx_word' id='word_1_580' title='bbox 2810 3558 3006 3619; x_wconf 75' lang='grc' dir='ltr'>Τιϐίου</span> <span class='ocrx_word' id='word_1_581' title='bbox 3064 3562 3348 3635; x_wconf 70' lang='grc' dir='ltr'>ἐκπέμπει.</span> <span class='ocrx_word' id='word_1_582' title='bbox 3382 3564 3437 3616; x_wconf 76' lang='grc' dir='ltr'><strong>Ὀ</strong></span> <span class='ocrx_word' id='word_1_583' title='bbox 3497 3560 3553 3618; x_wconf 67' lang='grc' dir='ltr'>δὲ</span> <span class='ocrx_word' id='word_1_584' title='bbox 3608 3563 3827 3634; x_wconf 75' lang='grc' dir='ltr'>Ἀπλη-</span> 
     </span>
    </p>
   </div>
   <div class='ocr_carea' id='block_1_85' title="bbox 2180 3648 3827 3732">
    <p class='ocr_par' dir='ltr' id='par_1_85' title="bbox 2180 3648 3827 3732">
     <span class='ocr_line' id='line_1_85' title="bbox 2180 3648 3827 3732; baseline -0.004 -23"><span class='ocrx_word' id='word_1_585' title='bbox 2180 3656 2411 3732; x_wconf 65' lang='grc' dir='ltr'>σράρῃς,</span> <span class='ocrx_word' id='word_1_586' title='bbox 2470 3653 2977 3727; x_wconf 87' lang='grc' dir='ltr'>στρατηγικώτατος</span> <span class='ocrx_word' id='word_1_587' title='bbox 3035 3649 3313 3725; x_wconf 74' lang='grc' dir='ltr'>ἅνθρωπος</span> <span class='ocrx_word' id='word_1_588' title='bbox 3386 3648 3482 3720; x_wconf 79' lang='grc' dir='ltr'>ὢν,</span> <span class='ocrx_word' id='word_1_589' title='bbox 3543 3649 3690 3726; x_wconf 69' lang='grc' dir='ltr'>ε’ίπερ</span> <span class='ocrx_word' id='word_1_590' title='bbox 3742 3674 3827 3714; x_wconf 82' lang='grc' dir='ltr'>τις</span> 
     </span>
    </p>
   </div>
   <div class='ocr_carea' id='block_1_86' title="bbox 2183 3738 3828 3817">
    <p class='ocr_par' dir='ltr' id='par_1_86' title="bbox 2183 3738 3828 3817">
     <span class='ocr_line' id='line_1_86' title="bbox 2183 3738 3828 3817; baseline -0.001 -20"><span class='ocrx_word' id='word_1_591' title='bbox 2183 3743 2374 3810; x_wconf 74' lang='grc' dir='ltr'>ἄλλος,</span> <span class='ocrx_word' id='word_1_592' title='bbox 2408 3743 2497 3796; x_wconf 75' lang='grc' dir='ltr'>καὶ</span> <span class='ocrx_word' id='word_1_593' title='bbox 2530 3738 2661 3817; x_wconf 80' lang='grc' dir='ltr'>ἔργα</span> <span class='ocrx_word' id='word_1_594' title='bbox 2691 3740 2969 3813; x_wconf 79' lang='grc' dir='ltr'>πολεμικᾶ</span> <span class='ocrx_word' id='word_1_595' title='bbox 3019 3740 3107 3793; x_wconf 78' lang='grc' dir='ltr'>καὶ</span> <span class='ocrx_word' id='word_1_596' title='bbox 3169 3738 3370 3813; x_wconf 74' lang='grc' dir='ltr'>βουλὰς</span> <span class='ocrx_word' id='word_1_597' title='bbox 3432 3740 3641 3815; x_wconf 71' lang='grc' dir='ltr'>ἐχθρῶν</span> <span class='ocrx_word' id='word_1_598' title='bbox 3702 3738 3828 3795; x_wconf 79' lang='grc' dir='ltr'>δια-</span> 
     </span>
    </p>
   </div>
   <div class='ocr_carea' id='block_1_87' title="bbox 2182 3827 3828 3905">
    <p class='ocr_par' dir='ltr' id='par_1_87' title="bbox 2182 3827 3828 3905">
     <span class='ocr_line' id='line_1_87' title="bbox 2182 3827 3828 3905; baseline -0.004 -16"><span class='ocrx_word' id='word_1_599' title='bbox 2182 3831 2430 3889; x_wconf 77' lang='grc' dir='ltr'>σκεδάσαι</span> <span class='ocrx_word' id='word_1_600' title='bbox 2482 3830 2801 3904; x_wconf 81' lang='grc' dir='ltr'>δυνάμενος,</span> <span class='ocrx_word' id='word_1_601' title='bbox 2861 3830 2998 3905; x_wconf 88' lang='grc' dir='ltr'>πρὸς</span> <span class='ocrx_word' id='word_1_602' title='bbox 3057 3830 3150 3902; x_wconf 72' lang='grc' dir='ltr'>μὲν</span> <span class='ocrx_word' id='word_1_603' title='bbox 3211 3831 3308 3898; x_wconf 71' lang='grc' dir='ltr'>τὴν</span> <span class='ocrx_word' id='word_1_604' title='bbox 3369 3830 3683 3903; x_wconf 72' lang='grc' dir='ltr'>Ῥωμαϊκὴν</span> <span class='ocrx_word' id='word_1_605' title='bbox 3732 3827 3828 3883; x_wconf 61' lang='grc' dir='ltr'>δύο</span> 
     </span>
    </p>
   </div>
   <div class='ocr_carea' id='block_1_88' title="bbox 2180 3918 3832 3993">
    <p class='ocr_par' dir='ltr' id='par_1_88' title="bbox 2180 3918 3832 3993">
     <span class='ocr_line' id='line_1_88' title="bbox 2180 3918 3832 3993; baseline -0.002 -16"><span class='ocrx_word' id='word_1_606' title='bbox 2180 3945 2337 3993; x_wconf 85' lang='grc' dir='ltr'>ναμιν</span> <span class='ocrx_word' id='word_1_607' title='bbox 2394 3918 2553 3983; x_wconf 79' lang='grc' dir='ltr'>εἰδὼς</span> <span class='ocrx_word' id='word_1_608' title='bbox 2610 3920 2795 3974; x_wconf 73' lang='grc' dir='ltr'>ἑαυτὸν</span> <span class='ocrx_word' id='word_1_609' title='bbox 2856 3921 2930 3991; x_wconf 84' lang='grc' dir='ltr'>μή</span> <span class='ocrx_word' id='word_1_610' title='bbox 2963 3918 3262 3993; x_wconf 82' lang='grc' dir='ltr'>ἀξιόχρεων</span> <span class='ocrx_word' id='word_1_611' title='bbox 3321 3918 3417 3972; x_wconf 75' lang='grc' dir='ltr'>οὐκ</span> <span class='ocrx_word' id='word_1_612' title='bbox 3475 3920 3832 3993; x_wconf 82' lang='grc' dir='ltr'>ἀντιπαρετά-</span> 
     </span>
    </p>
   </div>
   <div class='ocr_carea' id='block_1_89' title="bbox 2184 4005 3834 4085">
    <p class='ocr_par' dir='ltr' id='par_1_89' title="bbox 2184 4005 3834 4085">
     <span class='ocr_line' id='line_1_89' title="bbox 2184 4005 3834 4085; baseline -0.002 -20"><span class='ocrx_word' id='word_1_613' title='bbox 2184 4016 2328 4085; x_wconf 81' lang='grc' dir='ltr'>ξατο,</span> <span class='ocrx_word' id='word_1_614' title='bbox 2390 4008 2517 4065; x_wconf 60' lang='grc' dir='ltr'>εἶ’σω</span> <span class='ocrx_word' id='word_1_615' title='bbox 2576 4005 2633 4062; x_wconf 75' lang='grc' dir='ltr'>δὲ</span> <span class='ocrx_word' id='word_1_616' title='bbox 2687 4011 2889 4081; x_wconf 82' lang='grc' dir='ltr'>τειχῶν</span> <span class='ocrx_word' id='word_1_617' title='bbox 2942 4005 3257 4080; x_wconf 79' lang='grc' dir='ltr'>συγκλείσας</span> <span class='ocrx_word' id='word_1_618' title='bbox 3325 4007 3515 4061; x_wconf 62' lang='grc' dir='ltr'>ἐαυτὸν</span> <span class='ocrx_word' id='word_1_619' title='bbox 3589 4007 3678 4061; x_wconf 86' lang='grc' dir='ltr'>καὶ</span> <span class='ocrx_word' id='word_1_620' title='bbox 3735 4010 3834 4062; x_wconf 88' lang='grc' dir='ltr'>τὸν</span> 
     </span>
    </p>
   </div>
   <div class='ocr_carea' id='block_1_90' title="bbox 2184 4094 3396 4176">
    <p class='ocr_par' dir='ltr' id='par_1_90' title="bbox 2184 4094 3396 4176">
     <span class='ocr_line' id='line_1_90' title="bbox 2184 4094 3396 4176; baseline -0.007 -21"><span class='ocrx_word' id='word_1_621' title='bbox 2184 4098 2550 4176; x_wconf 69' lang='grc' dir='ltr'>παραρῥὲοντα</span> <span class='ocrx_word' id='word_1_622' title='bbox 2639 4094 3032 4170; x_wconf 76' lang='grc' dir='ltr'>μενοχετεύσας</span> <span class='ocrx_word' id='word_1_623' title='bbox 3098 4094 3345 4166; x_wconf 79' lang='grc' dir='ltr'>ποταμὸν</span> <span class='ocrx_word' id='word_1_624' title='bbox 3383 4141 3396 4167; x_wconf 76' lang='lat'>,</span> 
     </span>
    </p>
   </div>
   <div class='ocr_carea' id='block_1_91' title="bbox 2186 4181 3831 4255">
    <p class='ocr_par' dir='ltr' id='par_1_91' title="bbox 2186 4181 3831 4255">
     <span class='ocr_line' id='line_1_91' title="bbox 2186 4181 3831 4255; baseline -0.003 -11"><span class='ocrx_word' id='word_1_625' title='bbox 2186 4188 2479 4250; x_wconf 67' lang='grc' dir='ltr'>ἑπικλόσας</span> <span class='ocrx_word' id='word_1_626' title='bbox 2506 4188 2604 4255; x_wconf 79' lang='grc' dir='ltr'>τήν</span> <span class='ocrx_word' id='word_1_627' title='bbox 2634 4182 2862 4239; x_wconf 87' lang='grc' dir='ltr'>πεδιάδα</span> <span class='ocrx_word' id='word_1_628' title='bbox 2918 4182 3007 4237; x_wconf 77' lang='grc' dir='ltr'>καὶ</span> <span class='ocrx_word' id='word_1_629' title='bbox 3066 4181 3530 4255; x_wconf 80' lang='grc' dir='ltr'>ἀποτελματώσας</span> <span class='ocrx_word' id='word_1_630' title='bbox 3587 4182 3831 4255; x_wconf 75' lang='grc' dir='ltr'>πηλώδη</span> 
     </span>
    </p>
   </div>
   <div class='ocr_carea' id='block_1_92' title="bbox 2184 4270 3835 4348">
    <p class='ocr_par' dir='ltr' id='par_1_92' title="bbox 2184 4270 3835 4348">
     <span class='ocr_line' id='line_1_92' title="bbox 2184 4270 3835 4348; baseline -0.003 -16"><span class='ocrx_word' id='word_1_631' title='bbox 2184 4300 2241 4332; x_wconf 91' lang='grc' dir='ltr'>τε</span> <span class='ocrx_word' id='word_1_632' title='bbox 2300 4275 2459 4330; x_wconf 79' lang='grc' dir='ltr'>οὖσαν</span> <span class='ocrx_word' id='word_1_633' title='bbox 2510 4275 2597 4328; x_wconf 77' lang='grc' dir='ltr'>καὶ</span> <span class='ocrx_word' id='word_1_634' title='bbox 2654 4270 2955 4348; x_wconf 80' lang='grc' dir='ltr'>τεναγώδη,</span> <span class='ocrx_word' id='word_1_635' title='bbox 3006 4272 3310 4345; x_wconf 74' lang='grc' dir='ltr'>προσέμενε</span> <span class='ocrx_word' id='word_1_636' title='bbox 3373 4274 3473 4339; x_wconf 75' lang='grc' dir='ltr'>τὴν</span> <span class='ocrx_word' id='word_1_637' title='bbox 3549 4272 3835 4327; x_wconf 68' lang='grc' dir='ltr'>ἐπέλευσιν</span> 
     </span>
    </p>
   </div>
   <div class='ocr_carea' id='block_1_93' title="bbox 2184 4358 3841 4434">
    <p class='ocr_par' dir='ltr' id='par_1_93' title="bbox 2184 4358 3841 4434">
     <span class='ocr_line' id='line_1_93' title="bbox 2184 4358 3841 4434; baseline -0.002 -15"><span class='ocrx_word' id='word_1_638' title='bbox 2184 4371 2290 4420; x_wconf 78' lang='grc' dir='ltr'>τῶν</span> <span class='ocrx_word' id='word_1_639' title='bbox 2349 4363 2625 4431; x_wconf 80' lang='grc' dir='ltr'>ἐναντίων,</span> <span class='ocrx_word' id='word_1_640' title='bbox 2682 4359 3051 4434; x_wconf 82' lang='grc' dir='ltr'>παρασπείρας</span> <span class='ocrx_word' id='word_1_641' title='bbox 3110 4359 3161 4413; x_wconf 87' lang='grc' dir='ltr'>ἐν</span> <span class='ocrx_word' id='word_1_642' title='bbox 3219 4366 3336 4422; x_wconf 85' lang='grc' dir='ltr'>τοῖς</span> <span class='ocrx_word' id='word_1_643' title='bbox 3399 4358 3677 4415; x_wconf 64' lang='grc' dir='ltr'>κ’ἳκλωθεν</span> <span class='ocrx_word' id='word_1_644' title='bbox 3737 4370 3841 4431; x_wconf 69' lang='grc' dir='ltr'>τῆς</span> 
     </span>
    </p>
   </div>
   <div class='ocr_carea' id='block_1_94' title="bbox 2188 4447 3841 4523">
    <p class='ocr_par' dir='ltr' id='par_1_94' title="bbox 2188 4447 3841 4523">
     <span class='ocr_line' id='line_1_94' title="bbox 2188 4447 3841 4523; baseline -0.003 -15"><span class='ocrx_word' id='word_1_645' title='bbox 2188 4452 2402 4513; x_wconf 73' lang='grc' dir='ltr'>πόλε-»ς</span> <span class='ocrx_word' id='word_1_646' title='bbox 2462 4450 2608 4506; x_wconf 74' lang='grc' dir='ltr'>οὖσιν</span> <span class='ocrx_word' id='word_1_647' title='bbox 2670 4447 2960 4522; x_wconf 82' lang='grc' dir='ltr'>ἀμπελῶσι</span> <span class='ocrx_word' id='word_1_648' title='bbox 3017 4448 3239 4517; x_wconf 78' lang='grc' dir='ltr'>τοξότας</span> <span class='ocrx_word' id='word_1_649' title='bbox 3296 4448 3509 4516; x_wconf 73' lang='grc' dir='ltr'>πεζοὺς,</span> <span class='ocrx_word' id='word_1_650' title='bbox 3555 4448 3647 4503; x_wconf 80' lang='grc' dir='ltr'>καὶ</span> <span class='ocrx_word' id='word_1_651' title='bbox 3702 4451 3841 4523; x_wconf 70' lang='grc' dir='ltr'>κρύ-</span> 
     </span>
    </p>
   </div>
   <div class='ocr_carea' id='block_1_95' title="bbox 2187 4535 3843 4613">
    <p class='ocr_par' dir='ltr' id='par_1_95' title="bbox 2187 4535 3843 4613">
     <span class='ocr_line' id='line_1_95' title="bbox 2187 4535 3843 4613; baseline -0.002 -16"><span class='ocrx_word' id='word_1_652' title='bbox 2187 4554 2408 4606; x_wconf 81' lang='grc' dir='ltr'>πτεσθαι</span> <span class='ocrx_word' id='word_1_653' title='bbox 2467 4541 2556 4595; x_wconf 81' lang='grc' dir='ltr'>καὶ</span> <span class='ocrx_word' id='word_1_654' title='bbox 2613 4539 2935 4613; x_wconf 77' lang='grc' dir='ltr'>προσμένειν</span> <span class='ocrx_word' id='word_1_655' title='bbox 2993 4535 3273 4605; x_wconf 71' lang='grc' dir='ltr'>κελεύσας,</span> <span class='ocrx_word' id='word_1_656' title='bbox 3329 4535 3490 4612; x_wconf 75' lang='grc' dir='ltr'>ἄχρις</span> <span class='ocrx_word' id='word_1_657' title='bbox 3544 4538 3601 4591; x_wconf 73' lang='grc' dir='ltr'>ἂν</span> <span class='ocrx_word' id='word_1_658' title='bbox 3674 4539 3843 4601; x_wconf 78' lang='grc' dir='ltr'>αὐτὸς</span> 
     </span>
    </p>
   </div>
   <div class='ocr_carea' id='block_1_96' title="bbox 3480 4096 3832 4150">
    <p class='ocr_par' dir='ltr' id='par_1_96' title="bbox 3480 4096 3832 4150">
     <span class='ocr_line' id='line_1_96' title="bbox 3480 4096 3832 4150; baseline -0.003 -1"><span class='ocrx_word' id='word_1_659' title='bbox 3480 4096 3567 4149; x_wconf 75' lang='grc' dir='ltr'>καὶ</span> <span class='ocrx_word' id='word_1_660' title='bbox 3655 4102 3832 4150; x_wconf 71' lang='grc' dir='ltr'>πᾶσαν</span> 
     </span>
    </p>
   </div>
   <div class='ocr_carea' id='block_1_97' title="bbox 437 4622 2077 4706">
    <p class='ocr_par' dir='ltr' id='par_1_97' title="bbox 437 4627 2077 4700">
     <span class='ocr_line' id='line_1_97' title="bbox 437 4627 2077 4700; baseline -0.003 -10"><span class='ocrx_word' id='word_1_661' title='bbox 437 4638 691 4690; x_wconf 84' lang='lat' dir='ltr'>fuerunt.</span> <span class='ocrx_word' id='word_1_662' title='bbox 732 4633 806 4686; x_wconf 88' lang='lat' dir='ltr'>De</span> <span class='ocrx_word' id='word_1_663' title='bbox 838 4647 955 4700; x_wconf 89' lang='lat' dir='ltr'>qua</span> <span class='ocrx_word' id='word_1_664' title='bbox 985 4627 1144 4683; x_wconf 79' lang='lat' dir='ltr'>clade</span> <span class='ocrx_word' id='word_1_665' title='bbox 1172 4628 1383 4681; x_wconf 85' lang='lat' dir='ltr'>certior</span> <span class='ocrx_word' id='word_1_666' title='bbox 1416 4627 1605 4681; x_wconf 84' lang='lat' dir='ltr'>factus</span> <span class='ocrx_word' id='word_1_667' title='bbox 1630 4628 1947 4699; x_wconf 87' lang='lat' dir='ltr'>imperator</span> <span class='ocrx_word' id='word_1_668' title='bbox 1981 4632 2077 4687; x_wconf 84' lang='lat' dir='ltr'>Ni-</span> 
     </span>
    </p>
   </div>
   <div class='ocr_carea' id='block_1_98' title="bbox 2188 4622 3840 4706">
    <p class='ocr_par' dir='ltr' id='par_1_98' title="bbox 2188 4623 3840 4706">
     <span class='ocr_line' id='line_1_98' title="bbox 2188 4623 3840 4706; baseline -0.003 -19"><span class='ocrx_word' id='word_1_669' title='bbox 2188 4633 2253 4706; x_wconf 74' lang='grc' dir='ltr'>τῇ</span> <span class='ocrx_word' id='word_1_670' title='bbox 2312 4629 2574 4704; x_wconf 78' lang='grc' dir='ltr'>σάλπιγγι</span> <span class='ocrx_word' id='word_1_671' title='bbox 2636 4627 3042 4698; x_wconf 74' lang='grc' dir='ltr'>ἰπιτημήνηται</span> <span class='ocrx_word' id='word_1_672' title='bbox 3096 4626 3158 4679; x_wconf 86' lang='grc' dir='ltr'>τὸ</span> <span class='ocrx_word' id='word_1_673' title='bbox 3190 4623 3459 4681; x_wconf 78' lang='grc' dir='ltr'>ἐνυάλιον.</span> <span class='ocrx_word' id='word_1_674' title='bbox 3494 4627 3561 4682; x_wconf 77' lang='grc' dir='ltr'>Οἱ</span> <span class='ocrx_word' id='word_1_675' title='bbox 3618 4623 3676 4680; x_wconf 73' lang='grc' dir='ltr'>δὲ</span> <span class='ocrx_word' id='word_1_676' title='bbox 3725 4632 3840 4682; x_wconf 80' lang='grc' dir='ltr'>τῶν</span> 
     </span>
    </p>
   </div>
   <div class='ocr_carea' id='block_1_99' title="bbox 436 4715 2083 4787">
    <p class='ocr_par' dir='ltr' id='par_1_99' title="bbox 436 4715 2083 4787">
     <span class='ocr_line' id='line_1_99' title="bbox 436 4715 2083 4787; baseline -0.002 -8"><span class='ocrx_word' id='word_1_677' title='bbox 436 4723 597 4779; x_wconf 83' lang='lat' dir='ltr'>colao</span> <span class='ocrx_word' id='word_1_678' title='bbox 637 4727 691 4777; x_wconf 93' lang='lat' dir='ltr'>et</span> <span class='ocrx_word' id='word_1_679' title='bbox 718 4721 917 4775; x_wconf 68' lang='lat' dir='ltr'>Jasitaa</span> <span class='ocrx_word' id='word_1_680' title='bbox 957 4719 1200 4787; x_wconf 86' lang='lat' dir='ltr'>abrogat</span> <span class='ocrx_word' id='word_1_681' title='bbox 1228 4715 1664 4786; x_wconf 81' lang='lat' dir='ltr'>magistratum,</span> <span class='ocrx_word' id='word_1_682' title='bbox 1708 4717 1832 4772; x_wconf 91' lang='lat' dir='ltr'>loco</span> <span class='ocrx_word' id='word_1_683' title='bbox 1887 4719 2083 4775; x_wconf 76' lang='lat' dir='ltr'>Jasitaa</span> 
     </span>
    </p>
   </div>
   <div class='ocr_carea' id='block_1_100' title="bbox 438 4804 2080 4881">
    <p class='ocr_par' dir='ltr' id='par_1_100' title="bbox 438 4804 2080 4881">
     <span class='ocr_line' id='line_1_100' title="bbox 438 4804 2080 4881; baseline -0.004 -14"><span class='ocrx_word' id='word_1_684' title='bbox 438 4814 643 4867; x_wconf 89' lang='lat' dir='ltr'>ducem</span> <span class='ocrx_word' id='word_1_685' title='bbox 678 4808 875 4864; x_wconf 62' lang='lat' dir='ltr'>lberim</span> <span class='ocrx_word' id='word_1_686' title='bbox 909 4806 1045 4861; x_wconf 81' lang='lat' dir='ltr'>facit</span> <span class='ocrx_word' id='word_1_687' title='bbox 1075 4805 1455 4867; x_wconf 85' lang='lat' dir='ltr'>Ambustum,</span> <span class='ocrx_word' id='word_1_688' title='bbox 1492 4821 1590 4875; x_wconf 90' lang='lat' dir='ltr'>pro</span> <span class='ocrx_word' id='word_1_689' title='bbox 1634 4804 1868 4861; x_wconf 89' lang='lat' dir='ltr'>Nicolao</span> <span class='ocrx_word' id='word_1_690' title='bbox 1902 4808 2080 4881; x_wconf 88' lang='lat' dir='ltr'>impe-</span> 
     </span>
    </p>
   </div>
   <div class='ocr_carea' id='block_1_101' title="bbox 437 4894 2090 4967">
    <p class='ocr_par' dir='ltr' id='par_1_101' title="bbox 437 4894 2090 4967">
     <span class='ocr_line' id='line_1_101' title="bbox 437 4894 2090 4967; baseline -0.001 -12"><span class='ocrx_word' id='word_1_691' title='bbox 437 4904 687 4955; x_wconf 90' lang='lat' dir='ltr'>ratorem</span> <span class='ocrx_word' id='word_1_692' title='bbox 700 4894 1017 4953; x_wconf 80' lang='lat' dir='ltr'>exercitum</span> <span class='ocrx_word' id='word_1_693' title='bbox 1032 4899 1189 4949; x_wconf 83' lang='lat' dir='ltr'>creat</span> <span class='ocrx_word' id='word_1_694' title='bbox 1217 4896 1661 4948; x_wconf 88' lang='lat' dir='ltr'>Constantiuum</span> <span class='ocrx_word' id='word_1_695' title='bbox 1681 4912 1904 4967; x_wconf 58' lang='lat' dir='ltr'>magna:</span> <span class='ocrx_word' id='word_1_696' title='bbox 1922 4900 2090 4956; x_wconf 80' lang='lat' dir='ltr'>soda-</span> 
     </span>
    </p>
   </div>
   <div class='ocr_carea' id='block_1_102' title="bbox 2194 4712 3843 4792">
    <p class='ocr_par' dir='ltr' id='par_1_102' title="bbox 2194 4712 3843 4792">
     <span class='ocr_line' id='line_1_102' title="bbox 2194 4712 3843 4792; baseline -0.01 -17"><span class='ocrx_word' id='word_1_697' title='bbox 2194 4720 2479 4792; x_wconf 77' lang='grc' dir='ltr'>Ῥωμαίων</span> <span class='ocrx_word' id='word_1_698' title='bbox 2536 4715 2799 4791; x_wconf 75' lang='grc' dir='ltr'>ἄρχοντες</span> <span class='ocrx_word' id='word_1_699' title='bbox 2854 4713 2945 4768; x_wconf 88' lang='grc' dir='ltr'>τόν</span> <span class='ocrx_word' id='word_1_700' title='bbox 2991 4734 3049 4768; x_wconf 87' lang='grc' dir='ltr'>τε</span> <span class='ocrx_word' id='word_1_701' title='bbox 3095 4712 3171 4774; x_wconf 81' lang='grc' dir='ltr'>είς</span> <span class='ocrx_word' id='word_1_702' title='bbox 3199 4714 3299 4781; x_wconf 71' lang='grc' dir='ltr'>τὴν</span> <span class='ocrx_word' id='word_1_703' title='bbox 3356 4712 3517 4767; x_wconf 82' lang='grc' dir='ltr'>πόλιν</span> <span class='ocrx_word' id='word_1_704' title='bbox 3580 4713 3843 4789; x_wconf 78' lang='grc' dir='ltr'>συγ-κλει-</span> 
     </span>
    </p>
   </div>
   <div class='ocr_carea' id='block_1_103' title="bbox 2197 4798 3845 4881">
    <p class='ocr_par' dir='ltr' id='par_1_103' title="bbox 2197 4798 3845 4881">
     <span class='ocr_line' id='line_1_103' title="bbox 2197 4798 3845 4881; baseline -0.007 -18"><span class='ocrx_word' id='word_1_705' title='bbox 2197 4809 2332 4881; x_wconf 81' lang='grc' dir='ltr'>σμὸν</span> <span class='ocrx_word' id='word_1_706' title='bbox 2391 4806 2477 4860; x_wconf 80' lang='grc' dir='ltr'>καὶ</span> <span class='ocrx_word' id='word_1_707' title='bbox 2532 4806 2630 4873; x_wconf 73' lang='grc' dir='ltr'>τήν</span> <span class='ocrx_word' id='word_1_708' title='bbox 2684 4810 2783 4872; x_wconf 78' lang='grc' dir='ltr'>τῆς</span> <span class='ocrx_word' id='word_1_709' title='bbox 2815 4799 3069 4863; x_wconf 76' lang='grc' dir='ltr'>πεδιάδος</span> <span class='ocrx_word' id='word_1_710' title='bbox 3102 4800 3380 4856; x_wconf 82' lang='grc' dir='ltr'>ἐπίκλυσιν</span> <span class='ocrx_word' id='word_1_711' title='bbox 3414 4798 3621 4863; x_wconf 88' lang='grc' dir='ltr'>δειλίας</span> <span class='ocrx_word' id='word_1_712' title='bbox 3677 4801 3845 4878; x_wconf 72' lang='grc' dir='ltr'>ἔργον</span> 
     </span>
    </p>
   </div>
   <div class='ocr_carea' id='block_1_104' title="bbox 2197 4889 3850 4969">
    <p class='ocr_par' dir='ltr' id='par_1_104' title="bbox 2197 4889 3850 4969">
     <span class='ocr_line' id='line_1_104' title="bbox 2197 4889 3850 4969; baseline -0.003 -17"><span class='ocrx_word' id='word_1_713' title='bbox 2197 4899 2285 4953; x_wconf 86' lang='grc' dir='ltr'>καὶ</span> <span class='ocrx_word' id='word_1_714' title='bbox 2343 4894 2706 4969; x_wconf 86' lang='grc' dir='ltr'>ἀπογνώσεως</span> <span class='ocrx_word' id='word_1_715' title='bbox 2764 4891 3055 4967; x_wconf 81' lang='grc' dir='ltr'>κρίναντες,</span> <span class='ocrx_word' id='word_1_716' title='bbox 3107 4891 3323 4945; x_wconf 81' lang='grc' dir='ltr'>ἄτακτοι</span> <span class='ocrx_word' id='word_1_717' title='bbox 3399 4889 3486 4945; x_wconf 79' lang='grc' dir='ltr'>καὶ</span> <span class='ocrx_word' id='word_1_718' title='bbox 3558 4889 3850 4964; x_wconf 69' lang='grc' dir='ltr'>σποράδην</span> 
     </span>
    </p>
   </div>
   <div class='ocr_carea' id='block_1_105' title="bbox 1624 5038 2653 5099">
    <p class='ocr_par' dir='ltr' id='par_1_105' title="bbox 1624 5038 2653 5099">
     <span class='ocr_line' id='line_1_105' title="bbox 1624 5038 2653 5099; baseline 0 -7"><span class='ocrx_word' id='word_1_719' title='bbox 1624 5038 2001 5097; x_wconf 80' lang='lat' dir='ltr'>XYLANDRI</span> <span class='ocrx_word' id='word_1_720' title='bbox 2042 5045 2132 5099; x_wconf 87' lang='lat' dir='ltr'><strong>ET</strong></span> <span class='ocrx_word' id='word_1_721' title='bbox 2168 5042 2386 5099; x_wconf 82' lang='lat' dir='ltr'>GOARI</span> <span class='ocrx_word' id='word_1_722' title='bbox 2424 5039 2653 5095; x_wconf 75' lang='lat' dir='ltr'>NOT/E.</span> 
     </span>
    </p>
   </div>
   <div class='ocr_carea' id='block_1_106' title="bbox 529 5160 2085 5236">
    <p class='ocr_par' dir='ltr' id='par_1_106' title="bbox 529 5160 2085 5236">
     <span class='ocr_line' id='line_1_106' title="bbox 529 5160 2085 5236; baseline 0.004 -19"><span class='ocrx_word' id='word_1_723' title='bbox 529 5166 620 5235; x_wconf 82' lang='lat'>29)</span> <span class='ocrx_word' id='word_1_724' title='bbox 654 5166 851 5236; x_wconf 82' lang='lat' dir='ltr'>Pages.</span> <span class='ocrx_word' id='word_1_725' title='bbox 887 5160 1097 5236; x_wconf 79' lang='grc' dir='ltr'>Χωρίον</span> <span class='ocrx_word' id='word_1_726' title='bbox 1135 5162 1415 5236; x_wconf 82' lang='lat' dir='ltr'>moderna</span> <span class='ocrx_word' id='word_1_727' title='bbox 1444 5160 1641 5233; x_wconf 85' lang='lat' dir='ltr'>lingua</span> <span class='ocrx_word' id='word_1_728' title='bbox 1670 5179 1859 5236; x_wconf 67' lang='lat' dir='ltr'>pagus.</span> <span class='ocrx_word' id='word_1_729' title='bbox 1904 5165 2085 5223; x_wconf 72' lang='lat' dir='ltr'>Gem.</span> 
     </span>
    </p>
   </div>
   <div class='ocr_carea' id='block_1_107' title="bbox 535 5234 2087 5307">
    <p class='ocr_par' dir='ltr' id='par_1_107' title="bbox 535 5234 2087 5307">
     <span class='ocr_line' id='line_1_107' title="bbox 535 5234 2087 5307; baseline 0.012 -31"><span class='ocrx_word' id='word_1_730' title='bbox 535 5239 623 5301; x_wconf 71' lang='lat'>30;</span> <span class='ocrx_word' id='word_1_731' title='bbox 656 5234 862 5307; x_wconf 61' lang='lat' dir='ltr'>sei-vos</span> <span class='ocrx_word' id='word_1_732' title='bbox 889 5235 1069 5307; x_wconf 82' lang='lat' dir='ltr'>fuisse</span> <span class='ocrx_word' id='word_1_733' title='bbox 1098 5234 1425 5307; x_wconf 62' lang='lat' dir='ltr'>magistros</span> <span class='ocrx_word' id='word_1_734' title='bbox 1444 5249 1567 5307; x_wconf 80' lang='lat' dir='ltr'>n_on_</span> <span class='ocrx_word' id='word_1_735' title='bbox 1589 5234 1778 5288; x_wconf 84' lang='lat' dir='ltr'>credo.</span> <span class='ocrx_word' id='word_1_736' title='bbox 1812 5236 2087 5307; x_wconf 79' lang='lat' dir='ltr'>Legerem</span> 
     </span>
    </p>
   </div>
   <div class='ocr_carea' id='block_1_108' title="bbox 443 5299 2088 5382">
    <p class='ocr_par' dir='ltr' id='par_1_108' title="bbox 443 5299 2088 5382">
     <span class='ocr_line' id='line_1_108' title="bbox 443 5299 2088 5382; baseline 0.001 -21"><span class='ocrx_word' id='word_1_737' title='bbox 443 5299 660 5382; x_wconf 77' lang='lat' dir='ltr'>aliquid</span> <span class='ocrx_word' id='word_1_738' title='bbox 700 5323 801 5376; x_wconf 89' lang='lat' dir='ltr'>pro</span> <span class='ocrx_word' id='word_1_739' title='bbox 835 5302 1055 5382; x_wconf 56' lang='grc' dir='ltr'>δοβλον,</span> <span class='ocrx_word' id='word_1_740' title='bbox 1090 5299 1599 5382; x_wconf 24' lang='grc' dir='ltr'>Γοςῐὲεεθ-ἀδελφόν</span> <span class='ocrx_word' id='word_1_741' title='bbox 1631 5310 1732 5359; x_wconf 82' lang='lat' dir='ltr'>aut</span> <span class='ocrx_word' id='word_1_742' title='bbox 1763 5299 2088 5382; x_wconf 41' lang='lat' dir='ltr'>talevquip-</span> 
     </span>
    </p>
   </div>
   <div class='ocr_carea' id='block_1_109' title="bbox 485 5376 2088 5446">
    <p class='ocr_par' dir='ltr' id='par_1_109' title="bbox 485 5376 2088 5446">
     <span class='ocr_line' id='line_1_109' title="bbox 485 5376 2088 5446; baseline 0.004 -17"><span class='ocrx_word' id='word_1_743' title='bbox 485 5376 599 5431; x_wconf 86' lang='lat' dir='ltr'>iam</span> <span class='ocrx_word' id='word_1_744' title='bbox 628 5394 640 5432; x_wconf 92' lang='lat'>:</span> <span class='ocrx_word' id='word_1_745' title='bbox 669 5395 802 5432; x_wconf 89' lang='lat' dir='ltr'>vero</span> <span class='ocrx_word' id='word_1_746' title='bbox 822 5377 973 5432; x_wconf 89' lang='lat' dir='ltr'>enim</span> <span class='ocrx_word' id='word_1_747' title='bbox 1003 5376 1240 5445; x_wconf 88' lang='lat' dir='ltr'>propius</span> <span class='ocrx_word' id='word_1_748' title='bbox 1271 5380 1359 5429; x_wconf 88' lang='lat' dir='ltr'>est</span> <span class='ocrx_word' id='word_1_749' title='bbox 1390 5376 1625 5429; x_wconf 75' lang='lat' dir='ltr'>fratrem</span> <span class='ocrx_word' id='word_1_750' title='bbox 1659 5393 1831 5446; x_wconf 90' lang='lat' dir='ltr'>quam</span> <span class='ocrx_word' id='word_1_751' title='bbox 1860 5376 2088 5436; x_wconf 75' lang='lat' dir='ltr'>servum</span> 
     </span>
    </p>
   </div>
   <div class='ocr_carea' id='block_1_110' title="bbox 442 5396 2092 5529">
    <p class='ocr_par' dir='ltr' id='par_1_110' title="bbox 442 5396 2092 5529">
     <span class='ocr_line' id='line_1_110' title="bbox 442 5396 2088 5502; baseline 0.004 -73"><span class='ocrx_word' id='word_1_752' title='bbox 442 5396 599 5502; x_wconf 54' lang='lat' dir='ltr'>pliam</span> <span class='ocrx_word' id='word_1_753' title='bbox 628 5396 640 5432; x_wconf 93' lang='lat'>:</span> <span class='ocrx_word' id='word_1_754' title='bbox 669 5396 802 5432; x_wconf 91' lang='lat' dir='ltr'>vero</span> <span class='ocrx_word' id='word_1_755' title='bbox 822 5396 973 5432; x_wconf 84' lang='lat' dir='ltr'>enim</span> <span class='ocrx_word' id='word_1_756' title='bbox 1003 5396 1240 5445; x_wconf 84' lang='lat' dir='ltr'>propius</span> <span class='ocrx_word' id='word_1_757' title='bbox 1271 5396 1359 5429; x_wconf 60' lang='lat' dir='ltr'>esu</span> <span class='ocrx_word' id='word_1_758' title='bbox 1390 5396 1625 5429; x_wconf 79' lang='lat' dir='ltr'>irairem</span> <span class='ocrx_word' id='word_1_759' title='bbox 1659 5396 1831 5446; x_wconf 88' lang='lat' dir='ltr'>quam</span> <span class='ocrx_word' id='word_1_760' title='bbox 1860 5396 2088 5436; x_wconf 83' lang='lat' dir='ltr'>servum</span> 
     </span>
     <span class='ocr_line' id='line_1_111' title="bbox 492 5446 2092 5529; baseline 0.003 -27"><span class='ocrx_word' id='word_1_761' title='bbox 492 5449 657 5529; x_wconf 81' lang='lat' dir='ltr'>icolai</span> <span class='ocrx_word' id='word_1_762' title='bbox 691 5450 1040 5529; x_wconf 70' lang='lat' dir='ltr'>magistrum</span> <span class='ocrx_word' id='word_1_763' title='bbox 1067 5446 1488 5529; x_wconf 51' lang='lat' dir='ltr'>fuiSSQ.XY‘L&#39;.—‘-</span> <span class='ocrx_word' id='word_1_764' title='bbox 1525 5449 1789 5529; x_wconf 70' lang='lat' dir='ltr'>Auctoris</span> <span class='ocrx_word' id='word_1_765' title='bbox 1822 5467 1919 5529; x_wconf 77' lang='lat' dir='ltr'>ceu</span> <span class='ocrx_word' id='word_1_766' title='bbox 1948 5470 2092 5507; x_wconf 79' lang='lat' dir='ltr'>sane</span> 
     </span>
    </p>
   </div>
   <div class='ocr_carea' id='block_1_111' title="bbox 442 5516 2088 5595">
    <p class='ocr_par' dir='ltr' id='par_1_111' title="bbox 442 5516 2088 5595">
     <span class='ocr_line' id='line_1_112' title="bbox 442 5516 2088 5595; baseline 0.003 -23"><span class='ocrx_word' id='word_1_767' title='bbox 442 5526 667 5595; x_wconf 75' lang='lat' dir='ltr'>retenta</span> <span class='ocrx_word' id='word_1_768' title='bbox 691 5516 955 5583; x_wconf 63' lang='lat' dir='ltr'>lectione,</span> <span class='ocrx_word' id='word_1_769' title='bbox 994 5518 1326 5571; x_wconf 89' lang='lat' dir='ltr'>monendus</span> <span class='ocrx_word' id='word_1_770' title='bbox 1359 5516 1952 5588; x_wconf 81' lang='lat' dir='ltr'>Xylander.eumdem</span> <span class='ocrx_word' id='word_1_771' title='bbox 1989 5524 2088 5595; x_wconf 93' lang='lat' dir='ltr'>qui</span> 
     </span>
    </p>
   </div>
   <div class='ocr_carea' id='block_1_112' title="bbox 444 5592 2091 5659">
    <p class='ocr_par' dir='ltr' id='par_1_112' title="bbox 444 5592 2091 5659">
     <span class='ocr_line' id='line_1_113' title="bbox 444 5592 2091 5659; baseline 0.004 -16"><span class='ocrx_word' id='word_1_772' title='bbox 444 5592 723 5659; x_wconf 76' lang='lat' dir='ltr'>magister</span> <span class='ocrx_word' id='word_1_773' title='bbox 755 5595 866 5655; x_wconf 87' lang='lat' dir='ltr'>est,</span> <span class='ocrx_word' id='word_1_774' title='bbox 900 5606 1027 5645; x_wconf 89' lang='lat' dir='ltr'>esse</span> <span class='ocrx_word' id='word_1_775' title='bbox 1075 5605 1245 5659; x_wconf 82' lang='lat' dir='ltr'>posse</span> <span class='ocrx_word' id='word_1_776' title='bbox 1304 5604 1553 5642; x_wconf 85' lang='lat' dir='ltr'>servum.</span> <span class='ocrx_word' id='word_1_777' title='bbox 1610 5594 1812 5645; x_wconf 79' lang='lat' dir='ltr'>Annon</span> <span class='ocrx_word' id='word_1_778' title='bbox 1874 5592 2091 5649; x_wconf 50' lang='lat' dir='ltr'>dux&#39;in</span> 
     </span>
    </p>
   </div>
   <div class='ocr_carea' id='block_1_113' title="bbox 445 5660 2090 5735">
    <p class='ocr_par' dir='ltr' id='par_1_113' title="bbox 445 5660 2090 5735">
     <span class='ocr_line' id='line_1_114' title="bbox 445 5660 2090 5735; baseline 0.004 -22"><span class='ocrx_word' id='word_1_779' title='bbox 445 5661 637 5735; x_wconf 79' lang='lat' dir='ltr'>aliqua</span> <span class='ocrx_word' id='word_1_780' title='bbox 690 5661 987 5735; x_wconf 69' lang='lat' dir='ltr'>provincia</span> <span class='ocrx_word' id='word_1_781' title='bbox 1009 5730 1021 5735; x_wconf 87' lang='lat'>_</span> <span class='ocrx_word' id='word_1_782' title='bbox 1045 5660 1524 5735; x_wconf 5' lang='lat' dir='ltr'>regisp‘subditus</span> <span class='ocrx_word' id='word_1_783' title='bbox 1552 5666 1645 5735; x_wconf 77' lang='lat' dir='ltr'>est</span> <span class='ocrx_word' id='word_1_784' title='bbox 1676 5666 1751 5727; x_wconf 89' lang='lat' dir='ltr'>et,</span> <span class='ocrx_word' id='word_1_785' title='bbox 1783 5667 1845 5717; x_wconf 90' lang='lat' dir='ltr'>ut</span> <span class='ocrx_word' id='word_1_786' title='bbox 1904 5666 2090 5735; x_wconf 88' lang='lat' dir='ltr'>aiunt,</span> 
     </span>
    </p>
   </div>
   <div class='ocr_carea' id='block_1_114' title="bbox 442 5721 2091 5792">
    <p class='ocr_par' dir='ltr' id='par_1_114' title="bbox 442 5721 2091 5792">
     <span class='ocr_line' id='line_1_115' title="bbox 442 5721 2091 5792; baseline 0.001 -4"><span class='ocrx_word' id='word_1_787' title='bbox 442 5721 749 5789; x_wconf 71' lang='lat' dir='ltr'>vasallus?</span> <span class='ocrx_word' id='word_1_788' title='bbox 778 5732 901 5786; x_wconf 84' lang='lat' dir='ltr'>Vox</span> <span class='ocrx_word' id='word_1_789' title='bbox 932 5721 1320 5790; x_wconf 62' lang='grc' dir='ltr'>θοὶωδοῦλος</span> <span class='ocrx_word' id='word_1_790' title='bbox 1382 5748 1497 5785; x_wconf 89' lang='lat' dir='ltr'>non</span> <span class='ocrx_word' id='word_1_791' title='bbox 1550 5721 1907 5789; x_wconf 82' lang='lat' dir='ltr'>inhonorarii</span> <span class='ocrx_word' id='word_1_792' title='bbox 1954 5721 2091 5792; x_wconf 60' lang='lat' dir='ltr'>sub:</span> 
     </span>
    </p>
   </div>
   <div class='ocr_carea' id='block_1_115' title="bbox 2197 5158 3861 5235">
    <p class='ocr_par' dir='ltr' id='par_1_115' title="bbox 2197 5158 3861 5235">
     <span class='ocr_line' id='line_1_116' title="bbox 2197 5158 3861 5235; baseline -0.003 -14"><span class='ocrx_word' id='word_1_793' title='bbox 2197 5167 2301 5221; x_wconf 90' lang='lat' dir='ltr'>diti</span> <span class='ocrx_word' id='word_1_794' title='bbox 2327 5163 2657 5235; x_wconf 75' lang='lat' dir='ltr'>signiﬁcatu</span> <span class='ocrx_word' id='word_1_795' title='bbox 2692 5161 2787 5215; x_wconf 90' lang='lat' dir='ltr'>hic</span> <span class='ocrx_word' id='word_1_796' title='bbox 2810 5162 2986 5235; x_wconf 84' lang='lat' dir='ltr'>jacet.</span> <span class='ocrx_word' id='word_1_797' title='bbox 3024 5158 3105 5212; x_wconf 83' lang='lat' dir='ltr'>Ad</span> <span class='ocrx_word' id='word_1_798' title='bbox 3140 5158 3861 5235; x_wconf 74' lang='lat' dir='ltr'>rem_nostram,(_3acicius</span> 
     </span>
    </p>
   </div>
   <div class='ocr_carea' id='block_1_116' title="bbox 2197 5230 3857 5307">
    <p class='ocr_par' dir='ltr' id='par_1_116' title="bbox 2197 5230 3857 5307">
     <span class='ocr_line' id='line_1_117' title="bbox 2197 5230 3857 5307; baseline -0.004 -16"><span class='ocrx_word' id='word_1_799' title='bbox 2197 5254 2323 5292; x_wconf 77' lang='lat' dir='ltr'>sese</span> <span class='ocrx_word' id='word_1_800' title='bbox 2357 5230 2540 5307; x_wconf 76' lang='lat' dir='ltr'>nuper</span> <span class='ocrx_word' id='word_1_801' title='bbox 2571 5232 2942 5304; x_wconf 88' lang='lat' dir='ltr'>imperatoris</span> <span class='ocrx_word' id='word_1_802' title='bbox 2973 5246 3224 5307; x_wconf 77' lang='lat' dir='ltr'>servum,</span> <span class='ocrx_word' id='word_1_803' title='bbox 3260 5230 3314 5283; x_wconf 93' lang='lat' dir='ltr'>id</span> <span class='ocrx_word' id='word_1_804' title='bbox 3361 5235 3448 5307; x_wconf 79' lang='lat' dir='ltr'>est</span> <span class='ocrx_word' id='word_1_805' title='bbox 3514 5231 3857 5307; x_wconf 71' lang='lat' dir='ltr'>subditum,</span> 
     </span>
    </p>
   </div>
   <div class='ocr_carea' id='block_1_117' title="bbox 2200 5301 3856 5378">
    <p class='ocr_par' dir='ltr' id='par_1_117' title="bbox 2200 5301 3856 5378">
     <span class='ocr_line' id='line_1_118' title="bbox 2200 5301 3856 5378; baseline -0.002 -17"><span class='ocrx_word' id='word_1_806' title='bbox 2200 5310 2307 5362; x_wconf 82' lang='lat' dir='ltr'>fuit</span> <span class='ocrx_word' id='word_1_807' title='bbox 2363 5301 2683 5378; x_wconf 63' lang='lat' dir='ltr'>professus,</span> <span class='ocrx_word' id='word_1_808' title='bbox 2735 5309 2795 5357; x_wconf 90' lang='lat' dir='ltr'>at</span> <span class='ocrx_word' id='word_1_809' title='bbox 2842 5319 2954 5357; x_wconf 91' lang='lat' dir='ltr'>non</span> <span class='ocrx_word' id='word_1_810' title='bbox 3015 5301 3129 5355; x_wconf 89' lang='lat' dir='ltr'>alio</span> <span class='ocrx_word' id='word_1_811' title='bbox 3187 5302 3618 5378; x_wconf 77' lang='lat' dir='ltr'>propositonisi</span> <span class='ocrx_word' id='word_1_812' title='bbox 3662 5309 3729 5356; x_wconf 87' lang='lat' dir='ltr'>ut</span> <span class='ocrx_word' id='word_1_813' title='bbox 3785 5303 3856 5358; x_wconf 83' lang='lat' dir='ltr'>in</span> 
     </span>
    </p>
   </div>
   <div class='ocr_carea' id='block_1_118' title="bbox 2201 5373 3859 5446">
    <p class='ocr_par' dir='ltr' id='par_1_118' title="bbox 2201 5373 3859 5446">
     <span class='ocr_line' id='line_1_119' title="bbox 2201 5373 3859 5446; baseline -0.005 -11"><span class='ocrx_word' id='word_1_814' title='bbox 2201 5373 2408 5435; x_wconf 79' lang='lat' dir='ltr'>Anium</span> <span class='ocrx_word' id='word_1_815' title='bbox 2446 5379 2807 5446; x_wconf 56' lang='lat' dir='ltr'>lberi-«imque</span> <span class='ocrx_word' id='word_1_816' title='bbox 2832 5379 3174 5446; x_wconf 83' lang='lat' dir='ltr'>perpetuum</span> <span class='ocrx_word' id='word_1_817' title='bbox 3199 5374 3308 5425; x_wconf 84' lang='lat' dir='ltr'>sibi</span> <span class='ocrx_word' id='word_1_818' title='bbox 3337 5373 3659 5427; x_wconf 90' lang='lat' dir='ltr'>vindicaret</span> <span class='ocrx_word' id='word_1_819' title='bbox 3681 5375 3859 5443; x_wconf 85' lang='lat' dir='ltr'>prin-</span> 
     </span>
    </p>
   </div>
   <div class='ocr_carea' id='block_1_119' title="bbox 2198 5445 3865 5522">
    <p class='ocr_par' dir='ltr' id='par_1_119' title="bbox 2198 5445 3865 5522">
     <span class='ocr_line' id='line_1_120' title="bbox 2198 5445 3865 5522; baseline -0.009 -17"><span class='ocrx_word' id='word_1_820' title='bbox 2198 5453 2475 5522; x_wconf 89' lang='lat' dir='ltr'>cipatum.</span> <span class='ocrx_word' id='word_1_821' title='bbox 2516 5445 3141 5522; x_wconf 26' lang='lat' dir='ltr'>Isque‘gon’stantinus</span> <span class='ocrx_word' id='word_1_822' title='bbox 3174 5445 3408 5522; x_wconf 78' lang='lat' dir='ltr'>pariter,</span> <span class='ocrx_word' id='word_1_823' title='bbox 3437 5446 3702 5522; x_wconf 71' lang='lat' dir='ltr'>magistri</span> <span class='ocrx_word' id='word_1_824' title='bbox 3774 5448 3865 5522; x_wconf 61' lang='lat' dir='ltr'>cii.</span> 
     </span>
    </p>
   </div>
   <div class='ocr_carea' id='block_1_120' title="bbox 2199 5515 3862 5594">
    <p class='ocr_par' dir='ltr' id='par_1_120' title="bbox 2199 5515 3862 5594">
     <span class='ocr_line' id='line_1_121' title="bbox 2199 5515 3862 5594; baseline -0.002 -18"><span class='ocrx_word' id='word_1_825' title='bbox 2199 5515 2491 5594; x_wconf 80' lang='lat' dir='ltr'>gnitatein</span> <span class='ocrx_word' id='word_1_826' title='bbox 2529 5515 2659 5594; x_wconf 72' lang='lat' dir='ltr'>aula</span> <span class='ocrx_word' id='word_1_827' title='bbox 2684 5519 2784 5571; x_wconf 82' lang='lat' dir='ltr'>CP.</span> <span class='ocrx_word' id='word_1_828' title='bbox 2813 5522 3135 5588; x_wconf 86' lang='lat' dir='ltr'>provectus,</span> <span class='ocrx_word' id='word_1_829' title='bbox 3172 5515 3345 5594; x_wconf 65' lang='lat' dir='ltr'>simul</span> <span class='ocrx_word' id='word_1_830' title='bbox 3383 5515 3581 5594; x_wconf 80' lang='lat' dir='ltr'>potuit</span> <span class='ocrx_word' id='word_1_831' title='bbox 3631 5515 3862 5573; x_wconf 67' lang='lat' dir='ltr'>Alanie</span> 
     </span>
    </p>
   </div>
   <div class='ocr_carea' id='block_1_121' title="bbox 2202 5586 3871 5665">
    <p class='ocr_par' dir='ltr' id='par_1_121' title="bbox 2202 5586 3871 5665">
     <span class='ocr_line' id='line_1_122' title="bbox 2202 5586 3871 5665; baseline -0.001 -19"><span class='ocrx_word' id='word_1_832' title='bbox 2202 5586 2483 5665; x_wconf 67' lang='lat' dir='ltr'>partionis</span> <span class='ocrx_word' id='word_1_833' title='bbox 2515 5592 2587 5644; x_wconf 89' lang='lat' dir='ltr'>ab</span> <span class='ocrx_word' id='word_1_834' title='bbox 2617 5586 2965 5665; x_wconf 72' lang='lat' dir='ltr'>imperatore</span> <span class='ocrx_word' id='word_1_835' title='bbox 2999 5586 3663 5665; x_wconf 53' lang='lat' dir='ltr'>renuntiaridominus,</span> <span class='ocrx_word' id='word_1_836' title='bbox 3697 5604 3765 5643; x_wconf 89' lang='lat' dir='ltr'>ac</span> <span class='ocrx_word' id='word_1_837' title='bbox 3791 5595 3871 5644; x_wconf 82' lang='lat' dir='ltr'>ut</span> 
     </span>
    </p>
   </div>
   <div class='ocr_carea' id='block_1_122' title="bbox 2202 5656 3864 5719">
    <p class='ocr_par' dir='ltr' id='par_1_122' title="bbox 2202 5656 3864 5719">
     <span class='ocr_line' id='line_1_123' title="bbox 2202 5656 3864 5719; baseline -0.001 0"><span class='ocrx_word' id='word_1_838' title='bbox 2202 5656 2479 5719; x_wconf 80' lang='lat' dir='ltr'>subditus</span> <span class='ocrx_word' id='word_1_839' title='bbox 2511 5678 2610 5718; x_wconf 87' lang='lat' dir='ltr'>seu</span> <span class='ocrx_word' id='word_1_840' title='bbox 2644 5656 2898 5715; x_wconf 78' lang='lat' dir='ltr'>vasallus</span> <span class='ocrx_word' id='word_1_841' title='bbox 2955 5658 3066 5713; x_wconf 90' lang='lat' dir='ltr'>sub</span> <span class='ocrx_word' id='word_1_842' title='bbox 3096 5657 3299 5713; x_wconf 91' lang='lat' dir='ltr'>eodem</span> <span class='ocrx_word' id='word_1_843' title='bbox 3332 5656 3390 5712; x_wconf 91' lang='lat' dir='ltr'>in</span> <span class='ocrx_word' id='word_1_844' title='bbox 3420 5657 3586 5713; x_wconf 75' lang='lat' dir='ltr'>bellis</span> <span class='ocrx_word' id='word_1_845' title='bbox 3618 5660 3864 5718; x_wconf 85' lang='lat' dir='ltr'>mereri.</span> 
     </span>
    </p>
   </div>
   <div class='ocr_carea' id='block_1_123' title="bbox 2203 5736 2382 5792">
    <p class='ocr_par' dir='ltr' id='par_1_123' title="bbox 2203 5736 2382 5792">
     <span class='ocr_line' id='line_1_124' title="bbox 2203 5736 2382 5792; baseline -0.017 0"><span class='ocrx_word' id='word_1_846' title='bbox 2203 5736 2382 5792; x_wconf 71' lang='lat' dir='ltr'>Goan.</span> 
     </span>
    </p>
   </div>
  </div>
