4070 6334
162 414 271 473 293

1291 412 1660 474 HISTORIA
1673 411 1838 474 RUM
1885 408 2040 472 COM
2054 413 2197 473 PEN
2211 413 2278 474 DI
2291 414 2403 475 ΠΜ
2416 457 2429 470 .

3449 419 3568 478 294

162 541 319 598 ἄλλοι
354 541 448 616 μὶν
505 543 634 606 τοὺς
686 541 892 607 ’ίππους
947 540 1268 612 ἀποϐάντες,
1302 541 1467 600 ἄλλοι
1499 541 1556 598 δὲ
1584 543 1670 598 καὶ
1703 537 1795 620 ἔφυ

1931 544 2092 599 itatis
2106 546 2454 618 principem,
2489 547 2891 612 cunuchum,a
2906 549 3210 605 Saracenis
3223 548 3562 618 oriundum,

168 653 340 701 ιπποι,
395 631 470 694 ὥς
526 654 602 703 πη
659 629 883 696 ἕκαστος
943 629 1234 706 ἰϐοόλετο,
1291 633 1429 710 πρὸς
1483 633 1581 701 τὴν
1640 630 1802 687 πόλιν

164 718 380 797 ἔτρεχον
435 721 510 784 ὡς
564 717 814 776 αὐτοϐοεὶ
874 721 1068 788 ταύτην
1142 722 1480 798 αἱρήσοντες.
1541 721 1689 777 Ἐπεὶ
1748 719 1806 775 δὲ

163 805 312 863 ἕνδον
363 808 610 884 ἐγένοντο
667 815 776 865 τῶν
830 811 882 864 ἐν
933 810 1078 883 μὲσω
1128 816 1236 865 τῶν
1288 810 1630 882 ἀμπελώνων
1663 807 1803 864 ὁδῶν

161 899 244 950 καὶ
301 895 431 974 ἄχρι
480 905 580 967 τῆς
608 897 824 960 πόλεως
858 897 1108 974 ἔφθασαν,
1149 899 1272 955 τότε
1319 896 1384 967 δὴ
1428 902 1497 972 τῇ
1539 897 1803 972 σάλπιγγι

162 989 406 1058 σημήνας
474 989 502 1042 ὁ
569 986 962 1061 Ἀπλησφάρης
1021 986 1182 1063 ἔργου
1233 987 1504 1042 ἐκέλευσεν
1564 982 1805 1062 ἔχεσθαι,

159 1085 240 1138 καὶ
297 1084 672 1156 ἐξαναστάντας
732 1085 836 1140 ἀπὸ
885 1091 993 1141 τῶν
1056 1085 1245 1161 λόχων
1309 1087 1362 1140 o't
1413 1084 1566 1153 πεζοὶ
1599 1086 1651 1138 οἱ
1709 1086 1805 1156 μὲν

159 1175 329 1244 τόξοις
383 1177 436 1230 οἱ
490 1173 547 1230 ’δὲ
596 1175 774 1238 λίθοις
826 1171 1085 1243 ἔϐαλλον,
1149 1175 1312 1231 ἄλλοι
1376 1173 1433 1230 δὲ
1485 1175 1808 1251 ἐτίτρωσκον

161 1264 257 1318 ἀπὸ
313 1269 422 1318 τῶν
477 1266 736 1340 θρ.γγῶν,
791 1269 899 1319 τῶν
959 1264 1246 1337 Ῥωμαίων
1301 1262 1668 1338 κωλυομένων
1706 1263 1807 1317 ὑπὸ

158 1351 360 1408 τοῦτων
442 1354 569 1416 τοὺς
637 1351 941 1426 πολεμίους
1015 1353 1352 1427 ἀμύνασθαι.
1431 1353 1637 1408 Γίνεται
1714 1353 1806 1406 οὗν

157 1444 328 1516 τροπή
414 1440 656 1517 μεγάλη,
725 1444 814 1497 καὶ
887 1443 1138 1516 σφάζεται
1223 1443 1510 1515 Ῥωμαίων
1571 1440 1806 1516 ἀπείρων

161 1531 395 1602 πλῆθος,
455 1537 643 1608 φυγεῖν
719 1532 796 1604 μὴ
873 1528 1185 1605 δυναμένων
1251 1535 1360 1585 τῶν
1418 1529 1630 1600 ἵππων,
1683 1528 1810 1584 ἀλλ’

162 1618 545 1691 ἐμπιπτόντων
602 1619 680 1682 εἷς
738 1620 830 1674 τὸν
864 1619 1044 1690 πηλὸν
1075 1620 1164 1674 καὶ
1212 1620 1279 1674 τὰ
1332 1617 1597 1692 τίλματα.
1633 1615 1810 1680 Μόλις

161 1710 244 1763 οὖν
298 1709 495 1770 σωθεὶς
547 1709 575 1762 ὁ
626 1707 863 1777 Ἰασίτης
917 1707 1010 1762 σὺν
1067 1711 1146 1778 τῷ
1172 1705 1564 1762 Κωνσταντίνω
1621 1706 1672 1761 ἐν
1730 1711 1810 1778 τῷ

158 1799 321 1854 ’Ᾱνίω
369 1796 694 1872 αὐτάγγελοι
749 1803 848 1865 τῆς
880 1801 1161 1873 συμφορᾶς
1213 1800 1292 1868 τῷ
1346 1795 1603 1868 Νικολάῷ
1656 1796 1808 1871 γεγό-

156 1907 323 1943 νασιν.
387 1884 776 1960 Ἀγγελθέντος
833 1882 888 1939 Si
941 1889 1040 1939 τοῦ
1090 1879 1397 1958 συμϐάντος
1447 1885 1800 1960 ἀτυχήματος

1916 634 2024 688 sibi
2058 633 2242 689 fidum
2285 635 2602 705 hominem,
2645 641 2702 691 et
2749 639 2916 707 cujus
2955 654 3129 708 opera
3175 638 3350 694 etiam
3401 645 3565 695 ante-

1917 740 2091 794 quam
2126 725 2274 780 56l
2313 725 2382 778 ad
2419 725 2732 795 imperium
2767 727 3109 782 eveheretur
3139 744 3283 782 usus
3353 727 3561 784 fuerat.

1917 812 1981 866 Hi
2012 817 2206 867 autem
2269 813 2626 884 provinciam
2690 814 2938 885 ingressi
3000 816 3377 887 collectisque
3405 833 3566 872 exer-

1915 900 2130 956 citibus
2163 903 2230 955 ad
2267 918 2387 956 rem
2419 903 2738 974 gerendam
2772 905 3058 969 conversi,
3096 907 3296 960 urbem
3331 905 3561 960 'l‘ibium

1917 1005 2043 1058 quae
2102 995 2227 1044 erat
2312 992 2440 1059 ejus
2519 992 2707 1059 gentis
2771 992 3150 1062 ,metropolis,
3227 1009 3565 1064 oppugnare

1917 1077 2355 1134 incommodum
2417 1081 2547 1144 rati,
2620 1080 2843 1151 reliqua
2925 1083 2994 1135 ad
3098 1082 3304 1137 Anium
3385 1083 3563 1154 perti-

1917 1167 2138 1221 mentia
2169 1167 2408 1222 castella
2439 1173 2682 1236 tentant,
2716 1169 3076 1242 cupiuntque
3110 1171 3384 1226 Sanctam
3440 1171 3556 1226 Ma-

1918 1255 2087 1324 riam,
2123 1256 2475 1327 Ampierum,
2505 1258 2788 1313 Sanctum
2820 1259 3188 1330 Gregorium,
3241 1259 3562 1314 admodum

1919 1345 2183 1400 munitas
2211 1351 2268 1401 et
2298 1347 2608 1418 praeruptis
2640 1347 2948 1418 impositas
2972 1348 3130 1403 saxis
3152 1365 3336 1414 arces,
3389 1348 3564 1419 Aple-

1919 1433 2159 1504 sphario
2186 1451 2340 1506 smpe
2369 1451 2538 1506 Opem
2573 1435 2646 1490 iis
2675 1435 2818 1490 dum
2870 1442 3358 1508 oppugnarentur
3416 1438 3565 1492 ferre

1919 1527 2147 1588 conato,
2173 1539 2517 1594 semperque
2539 1526 2707 1578 victo.
2744 1525 2883 1580 Inde
2915 1526 2985 1580 ad
3022 1524 3328 1580 castellum
3369 1525 3563 1580 Cheli-

1919 1611 2163 1665 donium
2198 1613 2461 1680 veniunt,
2512 1614 2693 1667 situm
2750 1614 2806 1668 in
2864 1614 3148 1685 praecipiti
3209 1614 3356 1669 colle
3405 1615 3560 1670 haud

1918 1699 2090 1772 longe
2122 1717 2152 1754 a
2183 1701 2369 1755 Tibio.
2403 1703 2458 1756 Id
2493 1717 2624 1756 cum
2649 1701 2797 1757 vallo
2821 1703 3093 1774 fossaque
3143 1704 3565 1761 circumvenis-

1921 1789 2385 1854 sent,obsidione
2414 1806 2620 1862 capere
2657 1791 2992 1856 intendunt,
3044 1793 3198 1862 quod
3225 1793 3351 1862 jam
3411 1811 3560 1864 prte-

1921 1877 2195 1933 sidiarios
2229 1895 2318 1933 res
2371 1879 2439 1933 ad
2504 1880 2721 1934 victum
2761 1880 3100 1936 necessarias
3145 1882 3568 1952 destituebant,

155 1981 228 2047 τῷ
288 1946 527 2051 βασιλάῖι,
588 1975 616 2028 ὁ
677 1974 775 2046 μὶν
833 1972 1107 2038 Νικόλαος
1160 1946 1252 2028 και
1301 1975 1329 2028 ὁ
1377 1946 1800 2050 Ἶασίτῖᾶςυάφαι.

1931 1975 2115 2032 subita
2143 1976 2446 2031 obsidione
2482 1984 2801 2047 praeventas
2833 1994 2904 2032 ne
2932 1994 3132 2032 earum
3165 1978 3390 2050 copiam
3450 1979 3565 2034 im-

157 2070 370 2140 ροῦνται
426 2063 523 2125 τάς
577 2062 778 2138 ἀρχάς,
833 2062 1278 2138 προχειρίζονται
1341 2060 1397 2117 δὲ
1431 2062 1546 2117 ἀντὶ
1584 2063 1678 2135 μὶν
1710 2066 1808 2115 τοῦ

155 2153 384 2211 Ἰασίτου
441 2150 567 2224 δοὺξ
624 2147 864 2228 Ἰϐηρίας
919 2154 948 2207 ὁ
987 2154 1359 2225 Κεκαυμινος,
1415 2151 1531 2206 ἀντὶ
1593 2149 1651 2206 δὶ
1717 2156 1812 2206 τοῦ

160 2242 434 2297 Νικολάου
511 2243 809 2317 στρατηγὸς
884 2240 1236 2317 αὐτοκράτωρ
1328 2245 1726 2302 Κωνσταντῖνος
1785 2241 1813 2294 ὁ

159 2337 254 2400 τῆς
315 2327 569 2405 μεγάλης
625 2329 887 2406 ἕταιρείας
946 2327 1159 2405 ἅρχων,
1211 2330 1476 2404 εὐνοῦχος
1508 2327 1813 2404 ἅνθρωπος,

166 2427 222 2482 ἐκ
277 2433 611 2502 Σαρακηνῶν
659 2425 836 2484 ἓλκων
891 2429 953 2484 τὸ
1000 2427 1147 2502 γένος
1201 2429 1291 2484 καὶ
1347 2432 1425 2500 τῷ
1459 2426 1672 2502 βασιλεῖ
1717 2429 1816 2482 ὑπ-

168 2520 433 2590 ηρετήσας
494 2519 599 2590 πρὸ
665 2524 767 2587 τῆς
827 2516 1107 2592 βασιλείας
1155 2517 1246 2572 καὶ
1300 2515 1477 2571 πίστιν
1520 2521 1703 2590 τηρῶν
1763 2515 1814 2570 lc

169 2604 324 2660 αὐτόν
378 2604 429 2661 ο⁴ί
461 2604 529 2675 δὴ
573 2607 663 2661 καὶ
710 2608 846 2661 κατά
876 2607 1062 2682 χώραν
1113 2605 1401 2682 γενόμενοι
1450 2605 1664 2667 καὶτὰς
1723 2603 1816 2659 δυ-

167 2697 355 2768 νάμεις
405 2695 822 2770 συνηθροικότες
895 2693 1054 2770 ἔργου
1133 2693 1374 2770 εἶ’χοντο.
1437 2695 1532 2747 Καὶ
1588 2696 1657 2767 τῇ
1719 2694 1812 2766 μὶν

168 2783 322 2839 πόλει
355 2788 454 2838 τοῦ
483 2778 695 2856 Τιϐίου,
725 2783 845 2853 ἥτις
874 2787 938 2853 ἦν
970 2789 1066 2839 τοῦ
1109 2784 1310 2846 παντὸς
1369 2777 1552 2846 ἔθνους
1615 2781 1814 2857 μητρό-

167 2873 352 2942 πολις,
400 2869 735 2946 προσϐαλεῖν
783 2874 883 2927 οὐκ
929 2870 1242 2942 ἠθέλησαν,
1291 2872 1698 2945 ἀποπειρῶνται
1758 2867 1815 2924 δὲ

166 2964 241 3034 [Ρ.
269 2963 402 3034 764]
458 2965 568 3015 τῶν
621 2959 831 3016 λοιπῶν
892 2961 1162 3036 φρουρίων
1220 2965 1326 3015 τῶν
1383 2959 1480 3014 ὅσα
1527 2963 1606 3030 τῷ
1649 2958 1815 3014 Ἀνίω

171 3052 472 3105 ὑπόκειται.
536 3050 632 3104 Καὶ
679 3051 892 3125 αἱροῦσι
929 3049 1023 3122 μὶν
1079 3051 1178 3118 τήν
1215 3050 1407 3124 Ἀγίαν
1467 3047 1677 3121 Μαρίαν
1725 3047 1814 3101 καὶ

167 3140 226 3192 τὸ
252 3137 552 3213 λεγόμενον
588 3137 822 3212 Ἀμπίερ
865 3137 955 3192 καὶ
983 3138 1074 3192 τὸν
1109 3139 1292 3212 Ἂγιον
1333 3136 1655 3213 Γρηγόριον,
1691 3132 1813 3190 λίαν

169 3227 371 3302 ἐρυμνά
397 3228 489 3280 καὶ
537 3227 866 3301 ἀπόκρημνα
912 3224 1259 3300 ὀχυρώματι,
1317 3229 1414 3279 τοῦ
1452 3222 1812 3301 Ἀπλησφάρη

1925 2070 2240 2137 portarent.
2281 2066 2665 2138 Fuissentque
2694 2082 2760 2121 eo
2794 2066 2984 2137 potiti,
3017 2066 3126 2121 nisi
3152 2066 3209 2120 in
3258 2065 3571 2122 Occidente

1927 2158 2163 2225 repente
2196 2154 2421 2226 patricii
2458 2155 2667 2211 Leonis
2683 2155 2934 2210 Tornicii
2959 2155 3275 2210 exarsisset
3299 2155 3568 2221 defectio,

1929 2243 1984 2297 Is
2017 2244 2128 2298 Leo
2161 2260 2292 2298 cum
2327 2244 2574 2298 Iberiam
2609 2245 2963 2315 gubernaret
2989 2243 3267 2299 affectata:
3312 2243 3571 2316 tyranni-

1928 2333 2054 2386 dem
2115 2339 2446 2399 accusatus,
2509 2333 2856 2405 magistratu
2938 2332 3227 2404 spoliatus
3289 2349 3572 2403 rasusque

1926 2422 2101 2474 vitam
2137 2422 2518 2476 monasticam
2545 2437 2713 2493 agere
2736 2421 2946 2492 jussus
2977 2427 3119 2475 erat.
3182 2421 3306 2476 Non
3356 2421 3575 2476 medio-

1927 2509 2102 2564 criter
2130 2515 2322 2566 autem
2356 2511 2546 2565 ferens
2577 2509 3018 2578 contumeliam,
3047 2509 3271 2564 occulte
3306 2527 3372 2565 ac
3432 2527 3573 2582 pau-

1927 2597 2091 2652 latim
2124 2599 2302 2654 duces
2338 2601 2435 2670 qui
2461 2598 2838 2670 Adrianopoli
2870 2605 3036 2653 erant
3065 2603 3344 2670 corrupit,
3379 2600 3479 2670 qui
3511 2603 3569 2654 et

1927 2686 2037 2758 ipsi
2069 2689 2448 2756 contemptim
2482 2689 2554 2742 ab
2588 2689 2942 2760 imperatore
2974 2688 3156 2742 habiti
3195 2687 3313 2743 otio
3376 2697 3570 2760 torpe-

1927 2777 2085 2831 bant.
2122 2780 2338 2831 Horum
2397 2777 2606 2832 deinde
2653 2782 2709 2831 et
2795 2792 3037 2832 suorum
3107 2777 3570 2832 necessariorum

1929 2889 2105 2943 Opera
2129 2871 2344 2928 milites
2361 2889 2594 2944 quoque
2634 2871 2745 2928 sibi
2772 2872 3062 2934 conciliat,
3089 2871 3188 2944 qui
3212 2872 3380 2927 otiosi
3414 2873 3568 2930 562

1927 2962 2234 3032 degebant,
2269 2968 2326 3017 et
2363 2969 2648 3034 quotquot
2679 2962 2887 3032 praedis
2919 2978 2984 3016 ac
3015 2961 3447 3034 direptionibus
3477 2963 3572 3018 de-

1924 3047 2752 3121 Iectabantur.Contractaque
2784 3067 2993 3122 magna
3018 3067 3219 3115 manu,
3247 3051 3570 3122 imperator

1926 3137 2218 3192 salutatus
2249 3154 2382 3193 cum
2423 3139 2699 3193 omnibus
2754 3138 2878 3193 suis
2927 3138 3114 3210 copiis
3165 3142 3429 3193 actutum
3497 3139 3568 3193 ad

1926 3228 2130 3280 urbem
2166 3228 2570 3296 proliciscitur.
2600 3229 2939 3298 Imperator,
2963 3227 3057 3297 qui
3109 3243 3295 3298 neque
3343 3227 3411 3281 ad
3475 3241 3570 3282 re-

170 3293 440 3376 πολλάκις
507 3293 984 3390 ἐπιχειρήσαντος-
1016 3293 1282 3390 βοηθῆσαι
1341 3313 1527 3374 αὐτοῖς
1584 3293 1813 3385 πολιορ-

1931 3293 2257 3370 sistendum
2299 3316 2443 3369 satis
2475 3293 2724 3370 habebat
2755 3316 2810 3369 in
2844 3293 3114 3388 promptu
3150 3293 3425 3383 militum,
3469 3331 3574 3370 ne-

173 3402 484 3477 κουμένοις,
519 3402 607 3457 καὶ
644 3402 965 3466 τοσαυτάκις
1017 3403 1364 3472 ἡττηθέντος.
1413 3402 1710 3475 Ἒιρχονται
1763 3397 1822 3453 δὶ

172 3494 256 3546 καὶ
305 3492 396 3548 ἐπὶ
440 3493 505 3547 τὸ
553 3492 810 3568 φρούριον
857 3493 917 3546 τὸ
965 3489 1302 3563 καλούμενον
1333 3487 1673 3555 Χελιδόνιον,
1734 3485 1820 3541 ἐπὶ

177 3584 367 3655 βουνοῦ
441 3601 502 3635 τε
576 3582 937 3653 ἀποκρήμνου
1014 3577 1301 3656 ἱδρυμένον
1358 3579 1449 3632 καὶ
1508 3578 1572 3632 οὗ
1630 3576 1821 3653 πόρῥω

172 3672 416 3743 κείμενον
469 3674 568 3724 τοῦ
623 3665 836 3723 Τιϐίου⁸
901 3668 990 3722 καὶ
1044 3666 1462 3740 κυκλωσάμενοῐ
1517 3670 1678 3720 τοῦτο
1726 3666 1819 3719 τά·

175 3781 325 3836 τροις
379 3759 471 3813 καὶ
531 3757 727 3834 χάραξι
790 3755 878 3812 διά
906 3753 1260 3834 προσεδρείας
1317 3756 1610 3830 ἠπείγοντο
1646 3774 1822 3829 παρα-

177 3852 485 3919 στήσασθαι·
548 3849 637 3901 καί
687 3850 788 3923 γάρ
848 3844 914 3915 δὴ
946 3847 1034 3901 καὶ
1067 3845 1347 3914 ἐσπάνιζον
1378 3849 1484 3899 τῶν
1518 3843 1820 3918 ἀναγκαίων

177 3939 222 3990 οἱ
278 3934 410 3991 εἴσω
466 3940 565 3990 τοῦ
620 3935 861 4010 τείχους,
921 3937 997 4006 μὴ
1058 3934 1352 4012 φθάσαντες
1413 3931 1822 4004 εἰσκομίσασθαι

179 4037 237 4088 τὶ
264 4031 547 4104 ἰπιτήδεια
605 4031 693 4088 διά
719 4033 783 4087 τὸ
821 4039 920 4101 τῆς
981 4027 1304 4107 προσϐολῆς
1337 4030 1661 4108 ὀξύρροπον.
1723 4027 1826 4086 Καὶ

185 4125 583 4196 παρεστήσαντο
625 4121 684 4175 ἃν
732 4120 820 4176 καὶ
874 4125 1058 4193 τοῦτο,
1117 4119 1165 4175 εἲ
1217 4121 1292 4193 μή
1351 4117 1635 4193 αἲφνιδίως
1665 4121 1700 4188 ἡ
1729 4123 1827 4172 τοῦ

189 4211 468 4285 πατρικίου
519 4212 750 4274 Λὲοντος
799 4213 893 4264 τοῦ
932 4210 1216 4285 Τορνικίου
1249 4209 1299 4278 ἐξ
1331 4208 1554 4283 ἑσπέρας
1609 4207 1824 4284 ἀνήφθη

192 4297 477 4352 ἀποστασία
511 4341 525 4355 .
595 4299 769 4361 Οὗτος
824 4298 923 4372 γάρ
983 4301 1300 4372 στρατηγῶν
1360 4295 1413 4351 ἐν
1474 4292 1683 4370 Ἰϐηρίᾳ
1736 4294 1827 4349 καὶ

193 4382 495 4456 διαϐληθεὶς
524 4387 597 4448 ὡς
629 4391 925 4460 τυραννιῶν
956 4393 1057 4455 τῆς
1113 4407 1172 4440 τε
1223 4387 1400 4462 ἀρχῆς
1459 4382 1827 4460 παραστίλλε-

191 4496 267 4529 ται
338 4475 426 4530 καὶ
507 4476 748 4550 μοναχὸς
819 4474 1163 4548 ἀποκείρεται
1230 4475 1318 4528 καὶ
1379 4473 1454 4536 εἷς
1509 4475 1606 4542 τὴν
1662 4473 1826 4528 πόλιν

197 4565 368 4639 ἀχθεὶς
425 4563 570 4618 οἶκοι
607 4563 784 4636 μένειν
818 4564 870 4618 ἂν
905 4560 1356 4635 Ἀδριανουπόλει
1417 4561 1826 4637 προστάττεται.

1930 3420 2042 3475 que
2070 3403 2280 3458 civium
2315 3419 2451 3474 erga
2482 3420 2542 3457 se
2576 3405 2706 3458 fidei
2742 3421 2807 3458 ac
2849 3403 3256 3460 benevolentia:
3307 3420 3370 3460 se
3419 3420 3577 3460 com-

1930 3495 2160 3546 mittere
2193 3492 2465 3558 audebat,
2500 3492 2555 3546 in
2593 3492 2834 3547 Iberiam
2873 3493 3142 3548 nuntium
3176 3493 3345 3565 equis
3377 3494 3575 3565 dispo-

1931 3580 2062 3636 sitis
2096 3581 2275 3636 mittit
2305 3582 2376 3635 ad
2410 3582 3125 3649 Constantinum,omissis
3149 3598 3276 3653 quas
3309 3585 3364 3638 in
3387 3582 3577 3636 mani-

1935 3673 2044 3724 bus
2076 3675 2262 3738 erant,
2289 3669 2590 3724 celerrime
2612 3670 2681 3723 ad
2717 3669 2917 3741 Cpolin
2951 3686 3080 3724 cum
3108 3671 3357 3725 exercitu
3383 3670 3580 3725 venire

1925 3759 2166 3828 jubens.
2207 3759 2258 3813 Is
2294 3759 2546 3829 acceptis
2615 3757 2846 3824 litteris,
2903 3775 3242 3830 quanquam
3319 3759 3572 3828 jamjam

1935 3848 2226 3919 potiturus
2259 3846 2596 3902 Chelidonio
2645 3847 2971 3916 videbatur,
3023 3846 3216 3902 soluta
3268 3847 3576 3902 obsidione

1933 3953 2068 3990 cum
2099 3935 2459 4007 Aplespharo
2493 3951 2692 4006 pacem
2720 3934 2826 3989 fmd
2840 3950 3024 4006 usque
3055 3932 3578 4005 coxiiponitJurato

1935 4030 1993 4078 et
2025 4024 2170 4080 diris
2200 4025 2372 4078 etiam
2407 4023 2463 4078 ni
2498 4024 2786 4094 promissa
2819 4023 3089 4095 impleret
3137 4021 3580 4093 imprecationio

1940 4113 2047 4167 bus
2069 4129 2130 4167 se
2156 4113 2490 4176 devovente,
2517 4128 2578 4166 se
2617 4112 2677 4165 in
2715 4111 2826 4165 ﬂde
2879 4110 3247 4182 imperatoris
3305 4126 3582 4182 perman-

1937 4217 2142 4258 surum
2158 4217 2344 4272 neque
2360 4199 2680 4272 quidquam
2696 4203 2898 4255 contra
2914 4201 3201 4255 Romanos
3217 4199 3581 4255 moliturum.

1943 4291 2043 4346 His
2076 4291 2154 4344 ita
2212 4291 2378 4356 aclis,
2413 4289 2481 4344 ad
2548 4290 2750 4344 urbem
2812 4305 2946 4343 cum
3006 4287 3259 4343 exerctiu
3312 4287 3579 4342 festinat.

1938 4391 2055 4446 Hoc
2088 4391 2260 4444 modo
2289 4389 2695 4443 Chelidonium
2724 4388 3192 4460 liberatumese
3221 4405 3352 4442 cum
3385 4387 3588 4442 Orien-

1939 4477 2084 4533 tales
2141 4478 2399 4550 legiones
2433 4482 2740 4548 totumque
2817 4477 3133 4532 exercitum
3222 4476 3585 4540 adduxisset,

1931 4571 2105 4640 jussu
2141 4567 2510 4638 imperatoris
2570 4568 2772 4621 urbem
2808 4565 3063 4635 intravit,
3096 4565 3384 4621 exercitus
3419 4567 3586 4635 parte

198 4659 272 4719 Μὴ
329 4652 552 4726 ἐνεγκὼν
615 4649 672 4706 δὶ
728 4651 972 4726 εὸφόρως
1005 4651 1071 4704 τά
1104 4651 1178 4712 είς
1209 4650 1368 4705 αὐτὸν
1394 4651 1659 4724 γεγονότα
1688 4649 1819 4702 ἀνια-

1942 4659 1997 4712 in
2020 4656 2329 4712 Thraciam
2378 4661 2794 4726 transportata,
2859 4656 2926 4709 ad
2972 4653 3379 4724 Chrysopolin,
3455 4667 3582 4724 qua

199 4742 272 4810 Ita-‘2,
325 4737 492 4813 λάθρα
534 4739 626 4794 καί
668 4739 802 4794 κατὰ
851 4741 1046 4815 μικρὸν
1095 4740 1222 4801 τοὺς
1272 4738 1325 4794 ἰν
1385 4736 1828 4815 Ἀδριανουπό)ει

198 4830 440 4902 πρότερον
510 4829 851 4883 ὑποποιεῖται
928 4827 1291 4904 στρατηγοὺς,
1372 4827 1564 4882 ὁπόσοι
1636 4824 1831 4902 ἔτυχον

200 4913 331 4977 ὄντες
385 4916 798 4991 παρεωραμᾶνοι
848 4915 938 4970 καὶ
997 4917 1308 4991 ἄπρακτοι·
1379 4911 1468 4969 διὰ
1524 4912 1581 4970 δὲ
1624 4914 1833 4969 τούτων

202 5005 278 5058 καὶ
328 5009 436 5060 τῶν
495 5005 660 5059 αὐτοῦ
710 5009 978 5080 συγγενῶν
1040 5004 1369 5081 ὑποφθείρας
1415 5004 1507 5058 καὶ
1555 5003 1684 5065 τοὺς
1716 5004 1835 5058 ’ὀσοι

201 5097 295 5147 τῶν
349 5091 734 5151 Μακεδονικῶν
787 5093 966 5169 ἦρχον
1020 5093 1313 5168 ταγμάτων
1369 5093 1455 5146 καὶ
1512 5091 1832 5168 Θρᾳκικῶν,

201 5184 277 5236 καί
332 5185 453 5243 τοὺς
511 5181 632 5236 ὅσοι
689 5180 992 5257 ἐσχόλαζον
1049 5179 1380 5255 στρατιώτας
1438 5179 1682 5242 καὶτοὺς
1717 5179 1837 5234 ὅσοι

207 5285 312 5341 ταῖς
368 5277 685 5349 λεηλασίαις
744 5278 834 5333 καὶ
889 5285 1010 5341 ταῖς
1069 5275 1390 5354 διαρπαγαῖς
1449 5275 1698 5353 ἔχαιρον,
1749 5277 1838 5332 καὶ

206 5373 354 5444 χεῖρα
407 5367 596 5438 ἱκανήν
647 5366 1072 5439 συστησάμενος,
1133 5365 1511 5442 ἀναγορεύεται
1567 5363 1840 5440 βασιλεὺς,

206 5457 286 5511 καὶ
337 5460 540 5512 ἅπαντα
593 5456 688 5511 τὸν
752 5456 841 5510 ὑπ’
890 5455 1048 5510 αὐτὸν
1104 5455 1318 5531 ἂγείρας
1379 5455 1511 5510 λαὸν
1573 5454 1693 5526 ὀξὺς
1725 5454 1839 5508 ἐπι-

210 5547 436 5622 φαίνεται
492 5549 560 5619 τῇ
595 5540 864 5621 βασιλίδι,
893 5548 990 5597 τοῦ
1026 5543 1292 5620 βασιλέως
1327 5545 1466 5616 μήτε
1494 5541 1674 5596 ἱκανόν
1711 5541 1841 5597 λαὸν

212 5635 425 5712 ἔχοντος
479 5637 616 5710 πρὸς
674 5633 1089 5709 ἀντιπαράταξιν
1125 5637 1264 5708 μήτε
1322 5632 1672 5695 πιστεύοντος
1726 5639 1844 5696 τοῖς

210 5725 450 5786 πολίταις
481 5726 554 5787 ὡς
586 5721 801 5780 εὔνοιαν
827 5723 917 5777 καὶ
948 5723 1128 5778 πίστιν
1193 5721 1514 5802 φυλάξουσιν
1547 5721 1600 5784 ις
1658 5722 1845 5781 αὐτόν.

1945 4745 2089 4800 mari
2124 4745 2498 4799 interfluente
2529 4743 2691 4814 Cpoli
2724 4743 2996 4814 opposita
3034 4750 3141 4808 est,
3176 4744 3292 4798 alia
3326 4743 3396 4796 ad
3429 4742 3586 4812 Aby-

1943 4836 2083 4890 dum
2117 4849 2243 4904 quaa
2276 4832 2332 4885 in
2373 4830 2761 4901 Hellesponto.
2801 4835 3008 4884 Verum
3042 4829 3160 4884 haec
3205 4835 3406 4901 postea
3436 4835 3590 4883 tem-

1945 4923 2102 4994 poris
2133 4926 2282 4976 acta.
2339 4918 2646 4974 Tornicius
2696 4924 2828 4973 ante
2859 4918 3225 4973 Constantini
3277 4921 3589 4973 adventum

1949 5028 2148 5067 mense
2178 5008 2532 5080 Septembri,
2564 5006 2884 5061 indictione
2918 5009 3123 5078 prima,
3158 5007 3496 5078 imperator,
3532 5008 3596 5059 ut

1949 5098 2525 5160 diximus.salutalus
2559 5097 2710 5152 568
2735 5097 2888 5152 dicto
2913 5098 3086 5153 citius
3108 5097 3310 5168 Cpolin
3343 5095 3592 5164 obsidet,

1950 5215 2196 5269 sperans
2254 5211 2316 5248 se
2371 5194 2569 5248 statim
2641 5210 2708 5248 ea
2769 5195 3116 5264 potiturum,
3169 5194 3322 5260 quod
3373 5192 3597 5247 sciebat

1954 5289 2362 5357 imperatorem
2401 5281 2684 5336 militibus
2715 5282 2978 5338 destitui.
3006 5284 3182 5350 Igitur
3213 5281 3421 5338 castris
3463 5297 3596 5351 pro-

1951 5377 2105 5430 xime
2147 5370 2569 5426 monasterium
2601 5373 3028 5442 Anargyrorum
3086 5390 3117 5427 e
3169 5370 3402 5442 regione
3460 5369 3594 5424 Bla-

1954 5465 2302 5519 chernerum
2341 5459 2488 5525 ﬁxis,
2526 5459 2780 5529 primum
2829 5462 3016 5515 verbis
3057 5478 3124 5516 ac
3156 5458 3596 5532 pollicitationi-

1955 5555 2062 5606 bus
2092 5549 2320 5605 animos
2350 5546 2563 5600 civium
2595 5548 3034 5618 tentat,deinde,
3061 5549 3290 5604 nemine
3324 5545 3598 5601 audiente

1954 5639 2295 5710 ipsum,vim
2330 5635 2637 5707 parat.Sed
2656 5643 2714 5690 et
2745 5635 3060 5708 imperator
3097 5639 3251 5695 cives
3282 5635 3595 5710 populum-

1957 5745 2068 5800 que
2095 5732 2306 5794 armat,
2339 5724 2532 5795 iisque
2563 5741 2868 5780 murorum
2895 5728 3290 5785 defensionem
3327 5724 3596 5784 commit-
