4038 6334
486 401 605 463 295

1842 375 2161 440 GEORGII
2206 374 2543 436 CEDRENI

3774 380 3893 440 296

482 533 696 601 tit;et
728 528 942 586 milites
967 528 1069 599 qui
1127 531 1254 581 tum
1314 523 1559 580 aderant
1620 517 1883 585 aliosque
1940 510 2116 582 ipsius

2238 508 2352 601 ⁸Κιαὶ
2404 504 2514 601 ’διὰ
2573 512 2744 601 ,τοῦτο
2818 507 3045 587 ἄγγελος
3101 510 3153 572 ἐς
3231 511 3324 566 τὸν
3381 517 3783 568 Κωνσταντῖνον
3834 510 3888 565 ἐν

471 622 646 691 jussu
677 639 709 676 a
742 598 1107 691 principibus
1121 616 1364 669 senatus
1386 606 1764 676 armatos,qui
1790 602 1944 658 ultra
1968 598 2125 655 mille

482 729 596 767 non
648 713 835 770 erant,
906 723 1007 777 per
1068 709 1292 776 portam
1372 700 1859 755 Blacbernensem
1931 687 2127 746 educit

479 808 654 871 atque
685 799 960 852 adversos
986 794 1135 849 hosti
1185 790 1509 855 constituit,
1537 785 1683 840 vallo
1713 778 2124 837 tantummodo

474 885 1002 959 interposito,quod
1038 883 1321 954 impetum
1349 875 1695 933 irruentium
1733 869 1989 927 hostium
2033 883 2121 921 re-

476 956 824 1033 mora—retur.
862 973 1032 1045 Atqui
1095 972 1250 1026 intra
1303 972 1499 1039 portas
1533 982 1594 1020 se
1621 961 1920 1019 continere
1969 961 2024 1012 et
2054 956 2124 1011 de

475 1067 660 1121 muris
691 1044 969 1134 repellere
1004 1059 1336 1115 adorientes
1373 1052 1725 1124 prastabat;
1756 1053 1812 1103 et
1844 1044 2126 1116 magister

469 1165 727 1225 Argyrus
766 1150 949 1207 Italus
982 1149 1359 1203 vehementer
1390 1140 1806 1213 quiritabatur,
1843 1152 1905 1189 ac
1938 1134 2121 1203 impe-

469 1250 717 1301 ratorem
752 1239 1102 1296 hortabatur
1135 1251 1205 1289 ne
1237 1250 1300 1289 se
1329 1237 1493 1287 extra
1548 1235 1745 1300 portas
1807 1225 2121 1283 emitteret,

474 1351 615 1390 neve
645 1348 781 1387 cum
806 1330 1029 1384 favente
1060 1321 1439 1380 multitudine
1470 1323 1527 1374 et
1560 1314 1783 1372 bellicis
1819 1310 2124 1367 laboribus

468 1428 707 1479 assueta
746 1417 1221 1488 congrederetur,
1244 1411 1369 1482 ipse
1420 1408 1672 1478 stipatus
1701 1403 1911 1473 exigua
1943 1415 2120 1454 manu

470 1513 728 1566 tironum
764 1505 1018 1575 bellique
1052 1502 1455 1571 imperitorum
1492 1494 1821 1549 hominum.
1863 1490 1944 1545 Ne
1975 1488 2119 1557 quid

468 1604 663 1655 tamen
697 1595 1003 1660 obtineret,
1062 1587 1478 1645 Constantinus
1536 1581 1857 1637 Lcichudes
1909 1576 2119 1642 effecit,

472 1694 676 1744 auctor
713 1684 957 1741 alterius
990 1678 1216 1736 consilii
1249 1686 1302 1733 et
1332 1675 1388 1730 in
1414 1689 1649 1729 summa
1674 1669 1828 1741 apud
1861 1667 2116 1738 impera-

469 1782 653 1832 torem
679 1774 1044 1830 auctoritate.
1073 1769 1427 1837 Imperatore
1458 1778 1594 1817 cum
1625 1759 1750 1815 suis
1804 1757 1914 1813 sub
1984 1771 2114 1809 ves-

2236 590 2448 669 Ἰϐηρίᾳ
2521 595 2790 670 πέμπεται
2869 596 3155 672 δημοσίοις
3229 595 3432 676 ἔποχος
3494 600 3689 665 ’ίπποις
3754 602 3893 675 μετᾶ

2234 687 2576 760 γραμμάτων
2673 684 2969 761 βασιλικῶν
3030 687 3364 744 κελευόντων
3421 694 3528 744 τῶν
3589 690 3640 745 ἐν
3698 691 3890 766 γερσὶν

2237 774 2497 849 ἀφέμενον
2557 773 2730 849 ἔργων
2780 775 3057 852 ἀφικέσθαι
3118 779 3192 839 ὡς
3250 778 3421 853 τάχος
3485 781 3617 851 μετᾶ
3652 758 3891 835 «ita»-

2235 865 2448 936 νάμεων
2504 862 2555 925 ἐς
2606 867 2708 934 τήν
2770 864 3025 941 βασιλίδα
3059 911 3072 924 .
3137 867 3432 941 Δεξάμενος
3494 866 3541 923 δ’
3598 870 3765 931 οὗτος
3826 871 3894 923 τὰ

2234 952 2549 1027 γράμματα,
2609 954 2784 1009 καίτοι
2816 954 2867 1010 ἐν
2924 957 3110 1030 χερσὶν
3163 953 3308 1033 ἔχων
3336 959 3399 1013 τὸ
3431 958 3714 1036 φρούριον,
3768 956 3894 1013 λύει

2240 1042 2333 1114 μὲν
2362 1043 2459 1111 τήν
2505 1041 2854 1117 πολιορκίαν,
2905 1043 3183 1100 σπένδεται
3243 1044 3301 1101 δὶ
3357 1052 3438 1119 τῷ
3496 1048 3891 1125 Ἀπλησφάρῃ,

2235 1130 2671 1205 ἀσφαλισάμενος
2730 1132 2889 1187 αὐτὸν
2948 1135 3103 1210 ἀραῖς
3153 1136 3242 1189 καὶ
3301 1132 3487 1210 ὅρκοις
3545 1137 3619 1197 ὡς
3671 1134 3890 1190 εὔνοιαν

2235 1216 2548 1296 διαφυλάξει
2604 1224 2682 1291 τῷ
2735 1221 2947 1297 βασιλεῖ
2983 1224 3070 1278 xui
3115 1221 3376 1279 οὐδέποτε
3408 1223 3695 1297 μελετήσει
3744 1229 3890 1302 φαῦ-

2234 1306 2327 1364 λον
2362 1309 2498 1364 κατὰ
2542 1310 2854 1383 Ῥωμαίων.
2910 1310 3068 1369 Οὕτω
3100 1310 3157 1367 δὲ
3187 1315 3389 1387 πράξας
3446 1314 3534 1368 καὶ
3592 1315 3688 1376 τὰς
3720 1312 3889 1369 δυνά-

2236 1419 2354 1470 μεις
2402 1393 2689 1453 ἀναλαϐὼν
2746 1398 3055 1464 σπουδαίως
3101 1403 3357 1477 ἠπείγετο
3407 1403 3541 1477 πρὸς
3579 1406 3680 1471 τήν
3736 1404 3893 1477 βασι-

2233 1484 2375 1541 λιδα.
2412 1487 2516 1542 Καὶ
2556 1488 2618 1541 τὸ
2654 1488 2745 1560 μὶν
2775 1485 3092 1543 Χελιδόνιον
3147 1495 3338 1544 τοῦτον
3367 1492 3455 1544 τὸν
3507 1491 3711 1566 τρόπον
3764 1489 3887 1545 διαὲ

2231 1573 2505 1651 διδράσκει
2561 1578 2660 1645 τήν
2694 1574 2917 1631 ἅλωσιν
2977 1579 3004 1633 6
3037 1575 3094 1633 δὶ
3140 1585 3536 1642 Κωνσταντῖνος
3594 1582 3727 1654 μετά
3775 1586 3890 1635 τῶν

2230 1665 2378 1737 ἑῴων
2436 1664 2725 1739 ταγμάτων
2772 1667 2861 1721 xui
2893 1669 3091 1730 παντὸς
3150 1673 3246 1723 τοῦ
3314 1674 3542 1743 στρατοῦ
3602 1667 3890 1733 κατελθὼν

2229 1753 2386 1816 αὐτὸς
2451 1755 2546 1826 μέν
2597 1752 2814 1809 εἷ’σεισιν
2866 1755 2942 1818 sic
2998 1759 3097 1827 τὴν
3165 1756 3443 1830 βασιλίδα,
3480 1759 3541 1812 τὸ
3575 1756 3634 1812 δὲ
3664 1758 3891 1827 πλῆθος

470 1881 670 1937 peram
703 1878 958 1935 egresso,
995 1856 1309 1930 perduellis
1340 1870 1478 1908 suos
1510 1855 1697 1904 armat
1723 1853 1779 1902 et
1819 1848 1878 1900 in
1928 1846 2113 1914 impe-

2228 1845 2362 1897 ἅπαν
2396 1848 2710 1916 περαιοῦται
2759 1846 3042 1919 προστάξει
3101 1850 3196 1900 τοῦ
3229 1845 3499 1922 βασιλέως
3532 1848 3609 1911 εἷς
3638 1848 3887 1921 Θρᾴκην,

468 1954 717 2011 ratorios
750 1934 962 2022 magno
1010 1964 1143 2003 cum
1170 1945 1390 2015 impetu
1424 1941 1615 2007 irruit,
1647 1935 1917 2005 oculique
1946 1934 2112 2004 1564

474 2045 773 2099 momento
802 2021 1183 2111 perrumpens
1209 2033 1423 2087 vallum
1446 2046 1546 2085 eos
1580 2024 1989 2099 pellit.Horum
2016 2021 2111 2077 alii

471 2132 626 2203 capti
648 2135 807 2191 sunt,
841 2128 941 2183 alii
979 2126 1281 2195 fugientes
1311 2121 1369 2175 in
1402 2121 1618 2175 fossam
1676 2113 1803 2169 urbi
1862 2113 2115 2167 circum-

470 2223 666 2277 datam
702 2218 1038 2273 inciderunt
1067 2221 1126 2268 et
1156 2212 1367 2267 misere
1398 2203 1836 2280 perierunt.Sed
1880 2206 1936 2255 et
1965 2200 2116 2255 cives

474 2312 545 2365 de
576 2308 764 2364 muris
798 2304 1076 2378 praecipiti
1112 2303 1248 2373 luga
1272 2317 1333 2354 se
1363 2294 2116 2370 proripuerunt.Prot‘ugere

471 2400 647 2456 etiam
681 2400 979 2471 portarum
1012 2387 1525 2448 Blacbernensium
1558 2383 1977 2452 custodes,non
2012 2381 2113 2435 ob-

467 2489 641 2560 jectis
684 2470 996 2557 portarum
1031 2481 1231 2537 valvis.
1274 2478 1433 2543 Quod
1487 2474 1599 2531 nisi
1631 2472 1938 2529 Tornicius
1999 2470 2114 2527 fato

470 2559 678 2633 fuisset
700 2574 1040 2646 impeditus,
1075 2573 1340 2639 potuerat
1369 2568 1593 2635 absque
1624 2562 1745 2616 ullo
1797 2560 1994 2614 labore
2055 2559 2112 2612 in

466 2668 673 2721 urbem
708 2674 1007 2737 penelrare
1038 2676 1102 2715 ac
1135 2657 1447 2728 imperium
1474 2667 1776 2723 occupare.
1813 2654 1975 2702 Nunc
2018 2646 2114 2702 ille

470 2772 602 2811 cum
624 2753 894 2826 usquead
922 2752 1133 2807 fossam
1175 2761 1342 2801 muro
1382 2742 1712 2813 conliguam
1734 2738 2111 2811 pervenisset,

468 2847 539 2901 ab
574 2842 936 2915 insequendo
967 2837 1210 2894 destitit.
1252 2836 1362 2888 lioc
1390 2832 1657 2887 animum
1719 2828 2114 2899 imperatoriis

470 2933 821 2988 reddidit.ut
849 2936 907 2983 et
938 2933 1135 2998 portas
1164 2926 1520 2992 occuparent
1548 2925 1605 2973 et
1659 2933 1960 2972 murorum
2011 2918 2113 2970 de-

469 3024 793 3078 fensionem
826 3018 1209 3087 susciperent.
1245 3011 1406 3066 Haud
1443 3008 1620 3064 dnbie
1650 3012 1787 3061 tune
1824 3008 1968 3061 Deus
1999 3005 2113 3059 im-

471 3117 796 3184 peratorem
826 3105 1098 3175 servavit,
1136 3119 1206 3157 ne
1237 3099 1449 3171 sagitta
1478 3097 1931 3164 interficeretur,
1986 3112 2111 3166 quas

470 3201 527 3255 in
551 3200 747 3270 ipsum
778 3195 995 3252 emissa
1014 3196 1071 3247 in
1106 3190 1421 3246 rotundum
1454 3186 1765 3252 cujusdam
1799 3183 2000 3238 famuli
2025 3200 2109 3238 ca-

471 3289 608 3359 pitis
639 3293 871 3358 tegmen
902 3287 992 3337 est
1022 3280 1231 3348 delata,
1266 3277 1418 3349 quod
1444 3281 1501 3330 et
1522 3273 1657 3329 huic
1687 3281 1744 3328 et
1775 3272 2111 3341 imperatori

474 3375 728 3432 salutare
761 3372 891 3428 fuit.
929 3371 1002 3425 Ad
1055 3368 1209 3422 hunc
1243 3382 1376 3437 ergo
1411 3365 1647 3417 modum
1682 3362 1820 3416 urbs
1851 3362 2115 3432 proxima

476 3461 758 3537 periculo,
791 3461 860 3516 ab
894 3459 1063 3514 hoste
1095 3456 1279 3512 tamén
1314 3461 1482 3525 capta
1512 3468 1627 3508 non
1667 3454 1770 3506 est.
1807 3449 2115 3505 Tornicius

473 3569 608 3609 cum
644 3568 741 3623 per
771 3551 994 3619 aliquot
1023 3546 1147 3602 dies
1181 3545 1239 3599 in
1271 3542 1477 3598 castris
1509 3539 1864 3599 haesisset.et
1884 3539 1955 3592 ab
1990 3538 2115 3607 ipso

478 3641 765 3713 paulatim
798 3640 865 3693 ad
903 3639 1312 3707 imperatorem
1340 3632 1709 3694 deficeretur,
1764 3626 1985 3683 veritus
2044 3643 2117 3681 ne

472 3730 560 3786 vel
596 3728 846 3785 universi
882 3727 953 3781 ab
984 3726 1112 3797 ipso
1142 3722 1462 3777 transirent
1486 3717 1570 3773 vel
1622 3717 1795 3771 etiam
1853 3731 2113 3787 compre-

477 3820 723 3876 hensum
756 3812 1094 3888 imperatori
1124 3811 1435 3878 traderent,
1455 3805 1663 3863 castris
1712 3804 1888 3859 motis
1938 3806 2114 3858 Arca-

475 3907 732 3979 diopolin
767 3913 920 3983 retro
952 3903 1116 3967 abiit,
1168 3900 1365 3970 ibique
1410 3912 1544 3953 cum
1603 3895 1827 3950 Joanne
1886 3897 2119 3947 Batatza

474 4003 667 4052 castra
702 3981 1229 4065 posuit,'l‘beodoro
1252 3986 1641 4055 Strabomyta,
1681 3982 1844 4053 Polye
1904 3981 2113 4034 Maria-

475 4102 665 4155 noque
700 4085 907 4144 Brana,
941 4076 1401 4135 Occidentalium
1438 4073 1728 4143 legionum
1766 4069 2011 4155 ducibus
2059 4073 2119 4122 et

476 4144 589 4229 sibi
617 4171 902 4243 sanguine
961 4165 1325 4239 pr0pinquis,
1377 4163 1447 4216 ad
1512 4160 1837 4215 Riedestum
1902 4144 2113 4229 Ἐρρη-

472 4261 769 4333 gnandam
830 4257 1069 4321 missis;
1124 4270 1255 4323 quas
1311 4251 1460 4308 565
1525 4252 1664 4303 urbs
1697 4264 1829 4303 cum
1880 4246 2115 4316 reliqua:

472 4366 677 4407 omnes
708 4345 1087 4402 Macedonica
1119 4349 1293 4411 atque
1309 4338 1599 4394 Thracicaa
1634 4337 1803 4390 urbes
1849 4336 2116 4389 Tornicio

470 4437 877 4503 accessissent,
912 4434 1084 4487 fidem
1120 4447 1236 4484 una
1260 4429 1530 4483 servabat
1561 4442 1734 4496 opera
1772 4424 2026 4496 episcopi
2061 4428 2118 4477 et

471 4526 785 4598 cujusdam
810 4524 866 4578 in
924 4539 991 4579 ea
1042 4522 1180 4575 urbe
1206 4533 1440 4573 summa
1473 4513 1729 4587 potentia
1762 4511 1983 4584 praditi
2019 4513 2114 4565 Ba—

2222 1932 2283 1986 τὸ
2340 1932 2435 2004 μὲν
2492 1933 2627 1987 κατᾶ
2679 1933 2779 2002 τὴν
2831 1933 3198 2009 ἀντίπορθμον
3248 1940 3316 2009 τῇ
3374 1934 3615 2011 βασιλίδι
3666 1937 3887 2009 Χρυσό-

2224 2022 2384 2077 πολιν
2447 2023 2581 2095 (3|),
2634 2023 2695 2076 τὸ
2755 2019 2811 2077 δὲ
2864 2022 2997 2077 κατᾶ
3053 2025 3151 2090 τήν
3213 2023 3267 2079 ἐν
3329 2029 3407 2095 τῷ
3478 2022 3885 2097 Ἑλλησπόντῳ

2225 2106 2485 2166 “Αϐυδον.
2518 2109 2695 2168 Ἀλλᾶ
2752 2116 2912 2165 τοῦτο
2967 2113 3061 2184 μὲν
3123 2112 3368 2187 ὕστερον·
3429 2113 3555 2187 πρὶν
3605 2115 3637 2180 ἢ
3698 2110 3755 2167 δὶ
3785 2115 3885 2173 τὰς

2227 2196 2481 2272 δυνάμεις
2532 2197 2731 2267 ἐλθεῖν,
2793 2202 2821 2254 ὁ
2851 2201 3139 2273 Τορνίκιος
3170 2202 3306 2255 κατὰ
3352 2202 3443 2255 τὸν
3507 2199 3888 2273 Σεπτέμῖἰριον

2230 2294 2394 2359 μῆνα,
2451 2290 2550 2357 τῆς
2606 2296 2650 2342 α’
2706 2288 3100 2361 ἑπινεμήσεως,
3178 2288 3454 2364 βασιλεὺς⁹
3514 2291 3589 2352 ὡς
3649 2290 3885 2366 ἑλιχθη,

2224 2375 2551 2451 ἀναρρηθεὶς
2612 2382 2802 2440 θᾶττον
2860 2376 3093 2452 ἣλόγος
3146 2379 3245 2447 τὴν
3306 2376 3561 2455 βασιλίδα
3592 2378 3887 2450 καταλαμ-

2225 2460 2395 2532 ϐάνει,
2449 2471 2531 2533 ΙΡ.
2586 2468 2710 2538 705]
2770 2464 3008 2535 ελπίζων
3078 2461 3327 2521 αὐτοϐοεὶ
3380 2468 3581 2538 ταύτην
3635 2468 3891 2541 αἱρήσειν

2225 2550 2315 2607 διὰ
2368 2554 2430 2608 τὸ
2491 2555 2566 2625 μὴ
2602 2554 2847 2629 εὐπορεῖν
2888 2556 2979 2609 τὸν
3028 2555 3253 2630 βασιλέα
3302 2553 3607 2629 δυνάμεων.
3643 2557 3742 2611 Kui
3774 2557 3886 2632 χά-

2221 2663 2360 2717 γακα
2401 2643 2709 2715 πηξάμενος
2748 2644 3068 2716 καταντικρὺ
3128 2649 3235 2698 τῶν
3298 2642 3665 2720 Βλαχερνῶν,
3730 2643 3885 2721 ἔγγι-

2225 2752 2321 2785 στα
2346 2738 2445 2800 τῆς
2478 2735 2651 2803 μονῆς
2682 2737 2791 2787 τῶν
2850 2733 3042 2807 Ἀγίων
3095 2733 3448 2809 Ἀναργῦρων
3484 2737 3620 2807 (32),
3652 2739 3883 2809 πρῶτον

2225 2820 2414 2894 λόγοις
2470 2821 2558 2875 καὶ
2617 2820 2970 2896 ὑποσχέσεσιν
3040 2823 3370 2896 ἀπεπειρᾶτο
3447 2828 3555 2878 τῶν
3605 2822 3882 2891 πολιτῶν,

2227 2906 2458 2981 μηδενὸς
2493 2906 2550 2963 δὶ
2579 2911 2949 2984 προσέχοντος
3003 2912 3153 2981 αὐτῷ
3185 2908 3293 2980 ἤδη
3329 2911 3418 2965 καὶ
3450 2905 3612 2986 ἔργου
3642 2909 3880 2980 ἥπτετο.

2224 2998 2325 3055 Καὶ
2376 2997 2535 3059 αὐτὸς
2579 2996 2634 3053 δὲ
2683 2999 2709 3053 6
2745 2997 2998 3074 βασιλεὺς
3031 2996 3118 3053 διά
3148 3020 3205 3054 τε
3234 3003 3339 3053 τῶν
3370 2998 3611 3055 πολιτῶν
3644 3001 3732 3054 xui
3764 3006 3879 3055 τῶν

2222 3088 2653 3162 παρευρεθέντων
2724 3088 2860 3143 κατᾶ
2929 3087 3105 3164 τύχην
3182 3094 3522 3161 στρατιωτῶν
3581 3091 3877 3164 ἀντιπαρεο

2220 3175 2462 3245 τάττετο,
2506 3177 2632 3238 τοὺς
2680 3178 2772 3248 μὲν
2825 3175 3060 3239 πολίτας
3107 3178 3196 3233 καὶ
3244 3177 3335 3231 τὸν
3370 3174 3544 3249 δῆμον
3573 3179 3729 3248 τάξας
3786 3177 3877 3233 ἐπὶ

2221 3269 2318 3320 τοῦ
2347 3265 2587 3339 τείχους,
2620 3264 2747 3329 τοὺς
2797 3263 2853 3319 δὲ
2894 3266 3330 3342 παρατυχόντας,
3388 3268 3723 3342 στρατιώτας
3781 3268 3879 3321 xui

2224 3352 2428 3415 ἄλλους
2484 3355 2632 3415 τινὰς
2684 3353 2840 3416 ὅσους
2901 3355 2953 3408 οἱ
3010 3361 3109 3423 τῆς
3142 3352 3456 3430 συγκλήτου
3489 3356 3750 3431 ἄρχοντες
3780 3376 3881 3410 κε-

2224 3442 2403 3498 λεύσει
2459 3442 2653 3497 τούτου
2706 3441 3079 3514 καθώπλισαν,
3108 3445 3182 3515 μὴ
3215 3443 3382 3499 πλέον
3418 3448 3522 3498 τῶν
3556 3443 3757 3518 χιλίων
3794 3441 3883 3498 ὅν-

2222 3552 2339 3601 τας,
2398 3530 2670 3606 ἐξαγαγὼν
2730 3535 2826 3585 τοῦ
2882 3531 3104 3607 τείχους
3137 3529 3226 3586 διὰ
3277 3536 3384 3586 τῶν
3419 3530 3472 3587 ἐν
3529 3530 3883 3606 Βλαχὲρναις

2223 3620 2412 3676 πυλῶν
2473 3621 2880 3693 ἀντιμετώπους
2940 3616 3131 3689 ἔστησε
3182 3625 3261 3692 τῷ
3312 3622 3559 3696 τυράννῳ
3595 3666 3607 3687 ,
3666 3620 3880 3697 τάφρον

2222 3709 2342 3764 τινὰ
2398 3709 2845 3782 προστησάμενος
2878 3708 2951 3770 εἷς
2979 3708 3215 3781 κώλυμα
3260 3713 3368 3764 τῶν
3424 3707 3712 3777 ἐπιόντων,
3752 3707 3882 3763 δέον

2223 3796 2353 3854 δί’σω
2392 3797 2583 3853 πυλῶν
2642 3796 2855 3873 ἐπέχειν
2889 3798 2975 3851 xui
3034 3796 3139 3851 ἀπὸ
3190 3802 3294 3851 τῶν
3347 3801 3548 3873 τειχῶν
3577 3797 3703 3860 τοὺς
3752 3797 3878 3853 ἐπι-

2225 3889 2380 3952 όντας
2406 3885 2718 3959 ἀμύνεσθαι,
2751 3885 2937 3941 πολλά
2965 3890 3061 3941 τοῦ
3096 3886 3395 3961 μαγίστρου
3446 3887 3715 3961 Ἀργυροῦ
3773 3891 3879 3941 τοῦ

2226 3975 2437 4032 Ἰταλοῦ
2463 3976 2840 4047 ποτνιωμένου
2883 3975 2971 4029 καὶ
3020 3974 3462 4048 παρακαλοῦντος
3509 3973 3638 4029 εἷ’σω
3693 3974 3875 4046 μένειν

2226 4065 2314 4119 καὶ
2351 4066 2424 4137 μὴ
2459 4062 2795 4133 ἐξάλλεσθαι,
2846 4064 2931 4118 καὶ
2983 4068 3059 4135 μή
3107 4062 3279 4127 θέλειν
3314 4062 3433 4134 λαῷ
3464 4061 3876 4133 συμπλέκεσθαι

2230 4153 2546 4226 μαινομένῳ
2596 4153 2680 4206 καὶ
2735 4151 2965 4226 ὀργῶντι
3014 4151 3100 4206 xui
3154 4157 3567 4226 στρατιωτικαῖς
3621 4151 3882 4225 μελέταις

2225 4240 2588 4314 ἒνηθλημένῳ
2655 4240 2788 4312 μετὰ
2848 4245 3191 4314 στρατιωτῶν
3252 4237 3555 4315 ὀλιγοστῶν
3598 4242 3685 4295 καὶ
3736 4237 3885 4295 λκοῦ

2222 4330 2449 4390 νεαλοῦς
2488 4329 2577 4382 καὶ
2602 4326 3069 4401 ἀπειροπολέμου.
3122 4327 3295 4383 Ἀλλὰ
3350 4333 3515 4382 ταῦτα
3556 4328 3723 4403 λέγων
3780 4328 3888 4384 οὐκ

2223 4417 2448 4475 ἔπειθεν·
2528 4416 2797 4471 ἀντέκειτο
2875 4416 2977 4491 γὰρ
3060 4422 3465 4479 Κωνσταντῖιος
3538 4419 3565 4470 6
3628 4418 3725 4485 τὴν
3790 4417 3887 4472 ἑπ-

2225 4507 2466 4581 ωνυμίαν
2525 4503 2854 4582 Λειχούδπιβ,
2914 4506 2981 4559 τὰ
3008 4510 3196 4580 πρῶτα
3252 4504 3374 4559 τότε
3426 4504 3571 4579 παρᾶ
3605 4504 3881 4580 βασιλέως

465 4621 656 4680 tatzze,
691 4614 793 4686 qui
827 4618 883 4669 et
912 4613 1035 4683 ipse
1064 4607 1543 4677 consanguineus
1575 4608 1698 4658 erat
1729 4600 2003 4657 Tornicii.
2047 4600 2113 4655 Hi

2228 4600 2399 4676 φέρων
2472 4595 2562 4649 καὶ
2644 4595 2781 4668 μέγα
2838 4593 2983 4668 παρᾶ
3036 4590 3217 4665 τούτῳ
3273 4590 3569 4665 δυνάμενος
3628 4594 3716 4647 xui
3772 4602 3881 4662 τῆς

466 4722 604 4761 cum
640 4703 779 4758 nihil
817 4702 1109 4757 efﬁcerent
1144 4698 1446 4767 aliquanto
1471 4694 1527 4747 in
1552 4694 1679 4763 ejus
1703 4691 2108 4761 Oppidioppu-

466 4796 745 4869 gnatione
777 4796 959 4845 tracto
988 4787 1403 4859 trmpore,ipse
1453 4783 1628 4837 etiam
1684 4780 1988 4835 Tornicius
2046 4795 2112 4833 eo

466 4868 711 4939 cunctas
771 4898 912 4937 suas
971 4877 1131 4935 ducit
1188 4876 1405 4946 copias.
1447 4877 1705 4941 Cumque
1736 4868 1893 4924 omni
1928 4884 2111 4938 oppu-

470 4979 713 5047 gnasset
743 4975 952 5026 conatu
986 4974 1041 5024 et
1073 4964 1480 5020 machinarum
1526 4976 1700 5015 omne
1732 4974 1917 5029 genus
1949 4956 2112 5010 adbi-

468 5046 715 5127 buisset,
744 5056 1055 5130 oppidanis
1082 5053 1309 5109 fortiter
1337 5047 1807 5111 defendentihus,
1842 5046 2115 5116 proﬂiga-

467 5156 588 5217 tus,
623 5149 813 5205 soluto
849 5145 1077 5201 obsidio
1146 5137 1557 5210 ArcadiOpolin
1635 5135 1828 5187 rediit.
1880 5133 2115 5187 Interim

379 5291 385 5297 .
472 5236 893 5295 Monomachus
926 5229 1252 5289 Orientales
1277 5226 1585 5294 exercitus,
1612 5222 1709 5294 qui
1735 5223 1859 5292 jam
1885 5239 1917 5276 a
1947 5221 2119 5293 Chry-

471 5328 657 5400 sOpoli
693 5332 750 5382 et
780 5324 979 5395 Abydo
1011 5320 1069 5375 in
1102 5317 1409 5374 Thraciam
1443 5315 1814 5383 trajecerant,
1856 5311 2001 5365 duce
2050 5310 2121 5364 iis

469 5420 740 5488 praefecto
774 5410 1053 5468 Michaelo
1089 5408 1262 5463 lacita
1314 5404 1591 5474 magistro
1648 5400 1863 5455 emittit
1916 5399 1975 5453 in
2038 5416 2120 5453 re-

2225 4684 2433 4763 βουλῆς
2506 4683 2701 4748 ταύτης
2778 4682 3042 4756 ὑπάρχων
3114 4683 3316 4755 πατήρ.
3395 4679 3758 4751 Ἐξελθόντων
3816 4680 3882 4737 δὲ.

2219 4775 2426 4831 τούτων
2476 4772 2599 4845 περὶ
2633 4769 2821 4839 δείλην
2859 4769 3039 4843 ὀψίαν,
3092 4770 3165 4831 ὡς
3211 4766 3347 4842 ἔγνω
3380 4771 3407 4824 ὁ
3465 4770 3743 4842 τ·3ραννος,
3774 4772 3881 4834 τὰς

2224 4864 2358 4941 ἀμφ’
2390 4861 2551 4917 αὐτὸν
2601 4858 2938 4921 καθοπλίσας
2977 4856 3231 4931 δυνάμεις
3280 4856 3451 4913 ἔπεισι
3499 4859 3632 4930 μετὰ
3696 4858 3886 4933 ῥύμης

2229 4951 2494 5027 μεγάλης,
2536 4949 2625 5004 xui
2686 4955 2875 5012 θᾶττον
2933 4949 2966 5018 ἢ
3030 4944 3198 5021 λόγος
3245 4948 3343 5016 τήν
3374 4946 3574 5022 τάφρον
3604 4943 3885 5018 διατεμὼν

2224 5039 2474 5115 τρέπεται
2532 5036 2661 5098 τοὺς
2722 5033 2896 5103 ἔνδον,
2954 5036 3027 5089 ὧν
3080 5036 3131 5089 οἱ
3188 5040 3282 5107 μὶν
3336 5034 3667 5103 ἁλίσκονται,
3721 5037 3774 5090 οἱ
3820 5034 3889 5092 δὶ

2228 5128 2519 5204 φεΰγοντες
2582 5124 2656 5186 εἲς
2700 5125 2799 5191 τὴν
2859 5130 2959 5193 τῆς
3020 5122 3235 5186 πόλεως
3288 5123 3490 5199 τάφρον
3549 5124 3887 5179 κατέπιπτον

2228 5216 2317 5271 καὶ
2376 5214 2607 5288 οἰκτρῶς
2667 5209 2979 5269 ἀπώλοντο.
3041 5215 3305 5289 Ἔφευγον
3364 5208 3422 5266 δὶ
3478 5210 3565 5267 xui
3622 5212 3728 5267 ἀπὸ
3784 5219 3894 5269 τοῖ’)

2228 5303 2447 5379 τείχους
2499 5324 2601 5377 κρη
2616 5301 2935 5374 μνιζόμενοι
2998 5301 3049 5354 οἱ
3079 5298 3326 5371 πολῖται,
3358 5299 3762 5375 παραπλησίως
3792 5304 3893 5357 καὶ

2233 5394 2285 5447 οἳ
2343 5389 2596 5464 πυλωροὶ
2654 5394 2764 5443 τῶν
2827 5388 2878 5443 ἐν
2936 5387 3274 5465 Βλαχέρναις
3329 5394 3531 5464 τειχῶν
3558 5390 3653 5453 τὰς
3702 5389 3897 5453 πύλας

1673 5535 1757 5589 XX
1773 5532 2033 5588 LANDRI
2077 5532 2165 5586 ET
2206 5525 2421 5584 GOARI
2460 5525 2691 5579 NUT/E.

546 5647 660 5718 (3t)
692 5647 895 5703 Turcis
936 5659 1094 5700 nunc
1123 5634 1516 5718 ScutariMlale
1538 5633 1963 5718 aquibhusdam
1987 5646 2120 5686 cum

477 5707 845 5781 Chalcedone
877 5718 1120 5773 inferius
1154 5714 1264 5768 sita
1301 5707 1697 5765 contunditur.
1732 5708 1909 5759 Goan.

2302 5624 2415 5695 (32)
2446 5624 2668 5677 Cosmae
2697 5626 2754 5695 et
2787 5622 3051 5695 Damiani
3079 5622 3247 5676 nulla
3266 5637 3359 5691 spe
3382 5622 3644 5695 mercedis
3688 5625 3891 5679 medi-

2238 5693 2364 5754 cam
2389 5700 2575 5751 artem
2605 5710 2673 5750 ex
2703 5693 2991 5750 charitate
3005 5694 3342 5751 abeuntium.
3375 5694 3549 5750 Gona.
