4038 6334
116 406 243 466 297

1263 397 1814 462 HISTORIARUM
1858 397 2401 462 COMPENDIUM.

3417 406 3537 468 298

116 536 572 596 ἀναπετάσαντες.
604 532 705 589 Καὶ
736 532 782 588 εὶ
818 532 894 605 μὴ
923 529 1067 607 τόχη
1111 551 1195 593 τις
1252 528 1458 607 έσφηλε
1508 532 1586 601 τῷ
1633 530 1767 604 Τορ-

1893 527 2093 587 belles.
2153 531 2256 585 Hic
2312 535 2626 591 contractis
2680 535 2957 593 omnibus
3014 535 3076 592 in
3134 551 3318 591 unum
3349 535 3535 608 copiis

113 625 276 698 νικίῳ
330 626 399 680 τά
450 623 762 699 πράγματα,
812 619 1056 690 εἰσῆλθεν
1100 618 1159 675 ἃν
1215 618 1459 693 ἀιογητὶ
1523 618 1615 672 καὶ
1662 616 1763 671 κό-

115 736 237 788 ριος
294 718 404 769 τῶν
464 713 713 768 ἁπάντων
772 709 1000 784 ἐγένετο.
1061 710 1216 784 Ἀρτι
1275 706 1333 763 δέ
1385 704 1580 777 διώξας
1632 703 1761 781 ἄχρι

107 812 213 874 τῆς
272 802 423 879 παρὰ
476 806 557 873 τῷ
613 800 789 875 τείχει
844 798 1052 876 τάφρου
1112 797 1309 872 ἐπέσχε
1365 797 1457 851 τὸν
1498 793 1762 870 διωγμὸν,

106 893 197 948 καὶ
231 891 402 947 πάλιν
428 888 903 965 ἀναθαρρήσαντες
957 889 1009 942 οὶ
1063 887 1186 962 περὶ
1238 887 1330 941 τὸ)
1393 883 1617 961 βασιλέα
1671 883 1766 943 τάς

107 1002 167 1037 τε
221 982 408 1041 πῦλας
465 977 731 1053 κατέσχον
780 976 871 1031 καὶ
916 983 1017 1046 τῆς
1048 975 1295 1051 φυλακῆς
1347 972 1764 1047 ἐπεμελήθησαν

112 1074 220 1125 τῶν
252 1073 480 1145 τειχῶν.
511 1067 652 1124 Τότε
683 1063 741 1120 Si
768 1064 859 1119 καὶ
912 1066 940 1119 6
1000 1063 1252 1141 βασιλεὺς
1297 1066 1493 1137 μικροῦ
1547 1060 1606 1115 ἃν
1666 1060 1767 1114 ἀπ-

111 1156 323 1213 ολώλει
359 1154 449 1212 διὰ
476 1151 637 1227 τόξου
670 1151 978 1230 βληθεὶς,εἶ
1005 1153 1080 1224 μὴ
1104 1152 1231 1213 θεὸς
1261 1154 1550 1229 προφανῶς
1583 1146 1769 1203 διεσώ-

111 1268 264 1315 σατο,
331 1249 431 1300 τοῦ
505 1245 691 1299 ὀϊστοῦ
748 1242 1057 1317 ἐνεχθέντος
1114 1238 1188 1302 ε’ίς
1239 1261 1387 1302 τινος
1443 1239 1770 1313 θεράποντος

106 1333 391 1407 κάλυμμα
473 1326 881 1405 στροϐιλοειδὶς
950 1328 1225 1407 κεφαλῆς,
1285 1327 1417 1403 ὅπερ
1500 1326 1590 1381 καὶ
1674 1325 1766 1380 τὸν

110 1420 315 1497 ἔχοντα
377 1421 471 1477 καὶ
523 1421 614 1475 τὸν
675 1418 901 1496 βασιλέα
957 1415 1274 1475 διεσώσατο.
1304 1420 1507 1473 Τοῦτον
1568 1413 1624 1469 δὶ
1675 1414 1766 1469 τὸν

107 1512 315 1586 τρόπον
377 1510 537 1586 ἐγγὺς
593 1514 691 1565 τοῦ
743 1508 950 1565 ἀλῶναι
981 1509 1017 1577 ή
1049 1505 1216 1569 πόλις
1246 1505 1476 1562 ἐλθοῦσα
1506 1502 1767 1568 διεσώθη.

108 1604 168 1659 Ὀ
226 1598 288 1656 δὲ
348 1600 668 1669 ἀποστάτης
719 1597 807 1653 ἐπί
857 1618 1007 1658 τινας
1060 1595 1270 1671 ἡμέρας
1329 1593 1661 1670 προσμείνας
1718 1592 1770 1647 ἐν

106 1695 182 1762 τῷ
222 1686 607 1765 στρατοπέδῳ,
641 1684 829 1756 ἐπειδή
885 1687 938 1740 οἱ
995 1687 1119 1761 περὶ
1167 1684 1325 1740 αὐτὸν
1379 1683 1515 1738 κατά
1575 1682 1766 1756 μικρὸν

117 1779 486 1855 ὑπορρυέντες
541 1776 888 1849 ηὒτομόλουν
948 1780 1027 1847 τῷ
1088 1774 1326 1852 βασιλεῖ,
1368 1773 1630 1843 πτοηθεὶς
1691 1774 1766 1845 μή

113 1890 228 1932 πως
289 1869 345 1922 οἱ
407 1868 605 1930 πάντες
651 1865 1039 1928 καταλιπόντες
1066 1863 1225 1919 αὐτὸν
1258 1864 1582 1937 οἰχήσονται
1614 1862 1649 1932 ἢ
1676 1861 1766 1915 καὶ

110 1956 485 2032 κατασχόντες
540 1952 822 2024 παραδῶσι
876 1959 957 2026 τῷ
1018 1951 1253 2029 βασιλεῖ,
1284 1951 1510 2013 ἀναστὰς
1566 1950 1763 2013 ἐκεῖθεν

118 2046 449 2121 ὖπέστρεψεν
508 2044 561 2100 ἐν
606 2040 1083 2114 Ἀρκαδιουπόλει.
1130 2045 1216 2115 [Ρ.
1261 2043 1389 2113 766]
1447 2040 1546 2095 Καὶ
1602 2035 1766 2101 αὐτὸς

1882 624 2078 674 castra
2110 619 2383 675 hostibus
2408 623 2671 694 opponit,
2707 640 3024 697 pugnaque
3058 625 3364 682 abstinens
3395 642 3534 695 ope-

1878 724 2001 762 ram
2038 708 2140 763 dat
2171 724 2244 763 ne
2277 724 2476 764 eorum
2535 713 2751 782 praedia
2802 713 3153 769 maleficium
3205 714 3528 786 patiantur,

1881 802 2201 868 captosque
2234 796 2572 853 humaniter
2615 804 2843 867 tractat,
2879 802 3123 874 reliquis
3172 820 3275 876 per
3303 802 3529 860 litteras

1882 885 2106 940 occulte
2139 884 2353 941 missas
2385 886 2610 943 veniam
2644 888 2840 944 delicti
2858 895 2915 945 et
2943 891 3208 947 omnium
3241 892 3530 947 bonorum

1883 973 2109 1045 copiam
2144 975 2514 1044 promittens.
2564 976 2694 1032 Jam
2756 983 2810 1031 et
2860 977 3051 1035 hiems
3108 981 3442 1053 appetebat,
3474 985 3535 1038 et

1883 1061 2234 1134 perduelles,
2266 1078 2398 1131 cum
2451 1068 2508 1119 et
2556 1065 2666 1136 ipsi
2719 1082 2921 1122 eorum
2967 1069 3239 1139 jumenta
3284 1068 3530 1125 alimen-

1878 1150 1955 1203 tis
1986 1150 2469 1219 destituerentur,
2512 1154 2651 1224 quia
2702 1155 2909 1226 frigus,
2940 1155 3151 1212 famem
3178 1156 3530 1229 hostemque

1879 1238 2055 1294 simul
2091 1241 2381 1295 sustinere
2416 1258 2529 1296 non
2588 1248 2874 1314 poterant,
2910 1244 3192 1315 paulatim
3226 1246 3297 1302 ad
3341 1245 3527 1319 magi-

1879 1333 2067 1382 strum
2101 1329 2491 1385 desciverunt.
2541 1332 2848 1387 Tornicius
2897 1350 3049 1403 vero,
3098 1335 3382 1406 quamdiu
3421 1336 3528 1390 ob-

1882 1433 1980 1471 seu
1994 1419 2035 1470 ri
2068 1424 2297 1472 tantum
2323 1418 2693 1488 deficiebant,
2714 1426 3013 1494 utcunque
3036 1423 3269 1478 duravit
3288 1428 3347 1480 et
3368 1440 3529 1496 spem

1882 1506 2044 1560 fovit.
2078 1508 2219 1561 Cum
2253 1512 2449 1562 autem
2499 1508 2799 1564 Marianus
2832 1511 3072 1578 Branas,
3119 1511 3310 1585 Polys,
3341 1512 3532 1567 Theo-

1882 1595 2061 1651 dorus
2093 1596 2471 1668 Strabomyta
2500 1598 2656 1654 566
2681 1603 2738 1653 et
2769 1598 3033 1655 Glabana
3064 1600 3286 1656 familia
3316 1600 3535 1672 aliique

1881 1682 2142 1739 illustres
2175 1684 2302 1757 ipso
2334 1687 2564 1742 deserto
2597 1687 2904 1743 confertim
2938 1689 3010 1743 ad
3038 1688 3287 1745 Jasilam
3319 1688 3535 1744 transi-

1878 1773 2312 1845 verunt,fugam
2340 1773 2467 1846 ipse
2485 1792 2616 1831 cum
2636 1779 2863 1832 Joanne
2884 1776 3246 1849 Batatza,qui
3266 1778 3339 1833 ab
3361 1794 3428 1832 eo
3451 1777 3535 1832 in-

1880 1866 1971 1915 ter
1993 1860 2236 1917 rebelles
2257 1868 2381 1917 erat
2402 1864 2740 1935 dignatione
2762 1864 3339 1938 proximus,paravit.
3360 1864 3530 1920 Cum-

1877 1967 1990 2025 que
2020 1953 2303 2009 evadendi
2336 1971 2447 2009 non
2482 1959 2821 2027 suppeteret
2849 1956 3119 2026 facultas,
3143 1956 3199 2011 in
3233 1954 3519 2027 templum

1876 2042 2168 2113 quoddam
2190 2058 2252 2097 se
2270 2043 2654 2115 recepere.8ic
2674 2061 2881 2117 agmen
2898 2042 3285 2116 perduellium
3299 2048 3387 2101 est
3402 2044 3519 2099 dis-

122 2136 214 2207 μέν
262 2133 364 2189 σὺν
394 2135 622 2206 Ἰωάννῃ
665 2137 745 2205 τῷ
776 2134 1018 2206 Βατάτζῃ
1072 2124 1429 2206 παρεμϐολὴν
1456 2129 1766 2201 πηξάμενος

1881 2129 2153 2202 sipatum.
2188 2131 2376 2187 Jasita
2405 2148 2504 2188 eos
2537 2134 2732 2189 missis
2762 2133 2996 2190 famulis
3025 2136 3180 2206 cepit
3209 2139 3265 2189 et
3292 2133 3517 2190 vinctos

119 2224 287 2279 ἐκεῖσε
343 2222 670 2298 προσέμενε,
710 2218 988 2296 Θεόδωρον
1040 2217 1098 2274 δὶ
1149 2219 1241 2274 τὸν
1289 2220 1389 2286 τήν
1450 2216 1761 2289 ἐπωνυμίαν

119 2307 520 2387 Στραὸομῦτην
547 2314 657 2383 (33)
695 2311 782 2365 καὶ
814 2310 905 2364 τὸν
936 2308 1229 2383 λεγόμενον
1270 2305 1450 2362 ῙΙολὺν
1498 2306 1586 2360 καὶ
1647 2311 1763 2360 Μα-

119 2402 296 2475 ριανὸν
354 2400 450 2454 τὸν
526 2405 753 2472 Βρανᾶν,
811 2398 1101 2474 ταγμάτων
1184 2397 1453 2472 ἄρχοντας
1512 2392 1764 2464 δυτικῶν,

118 2497 227 2553 καθ’
262 2487 502 2561 αἵματος
562 2487 845 2543 κοινωνίαν
898 2487 1046 2559 αὐτῷ
1097 2485 1429 2560 ἐγγίζοντας,
1462 2481 1768 2559 πολιορκῆ-

122 2600 204 2632 σαι
256 2577 531 2650 ἐκπέμπει
588 2578 687 2646 τήν
749 2574 1090 2633 Ῥαιδεστόν·
1152 2572 1345 2648 ἔτυχον
1404 2575 1505 2648 γὰρ
1564 2573 1619 2627 αἱ
1675 2572 1770 2645 μὶν

125 2666 287 2722 ἄλλαι
319 2663 687 2722 Μακεδονικαὶ
736 2665 824 2720 καὶ
872 2663 1130 2737 Θρᾳκικαὶ
1188 2662 1377 2723 πόλεις
1432 2663 1772 2737 προσχωρή-

126 2778 275 2811 σασαι
305 2755 513 2828 τούτῳ,
544 2754 679 2824 αὕτη
713 2751 771 2809 δὲ
804 2752 942 2826 μόνη
976 2750 1181 2807 εὔνοιαν
1214 2751 1393 2827 ἐτήρει
1448 2755 1527 2822 τῷ
1561 2747 1778 2824 βασιλεῖ

130 2840 340 2916 σπουδῇ
370 2846 472 2897 τοῦ
499 2841 704 2910 ταύτης
737 2841 1033 2916 ἀρχιερέως
1070 2840 1158 2894 καί
1203 2859 1351 2900 τινος
1381 2838 1654 2913 ἐγχωρίου
1688 2836 1771 2892 δυ-

130 2933 326 2986 νάστου
351 2935 453 2986 τοῦ
483 2927 788 3005 λεγομένου
848 2927 1109 2998 Βατάτζη,
1143 2932 1430 3003 συγγενοῦς
1478 2923 1632 2989 ὄντος
1682 2933 1779 2982 τοῦ

132 3018 444 3095 Υορνικίου.
474 3020 563 3080 Ὠς
596 3015 648 3072 δ’
672 3017 993 3079 ἀπελθόντες
1018 3016 1212 3071 ἐκεῖνοι
1241 3017 1330 3070 καὶ
1363 3011 1782 3093 χρονοτριόοὖνο

1878 2220 1946 2273 ad
1984 2219 2391 2291 imperatorem
2425 2220 2667 2276 abduxit
2695 2240 2707 2277 :
2744 2221 2962 2278 milites
2995 2223 3169 2293 jussu
3203 2222 3515 2293 imperato-

1875 2306 2032 2362 risin
2065 2324 2231 2363 suam
2265 2308 2517 2381 quisque
2549 2312 2798 2383 patriam
2831 2310 3519 2367 discesserunt.’l‘ornicio

1879 2399 1936 2451 et
1967 2400 2209 2451 Batatzae
2242 2397 2393 2453 oculi
2444 2398 2636 2454 ell‘ossi
2671 2399 2856 2470 pridie
2904 2399 3302 2455 natalitiorum
3350 2399 3521 2457 Chri-

1882 2486 1977 2540 sti.
2012 2486 2221 2540 Eorum
2252 2487 2349 2557 qui
2382 2486 2440 2541 in
2477 2486 2877 2543 benevolentia
2908 2488 3226 2558 perduellis
3256 2490 3520 2561 perstite-
3588 2536 3595 2543 .

1883 2579 2017 2630 rant
2048 2575 2197 2629 bona
2229 2573 2541 2645 publicata,
2575 2576 2737 2647 prius
2769 2576 3161 2647 ignominiose
3192 2594 3295 2649 per
3342 2579 3527 2634 forum

1885 2663 2415 2719 circumduclorum
2473 2680 2537 2719 ao
2590 2664 2799 2720 deinde
2876 2664 3308 2738 relegatorum.
3368 2666 3536 2723 Hunc

1887 2752 2063 2806 ﬁnem
2095 2752 2194 2807 ille
2227 2753 2435 2808 habuit
2464 2758 2682 2809 motus.
2715 2752 2847 2809 Jam
2880 2770 3027 2826 quas
3072 2770 3107 2809 a
3134 2755 3341 2812 Turcis
3370 2771 3539 2812 acce—

1891 2842 2151 2913 perimus
2210 2840 2573 2898 calamitates
2629 2843 2901 2909 referam,
2960 2843 3009 2899 sl
3070 2843 3233 2915 prius
3290 2844 3538 2917 quinam

1892 2930 2111 2985 fuerint
2136 2930 2333 2997 Turci,
2366 2935 2420 2986 et
2454 2948 2572 3003 qua
2601 2932 2907 2989 occasione
2944 2931 3166 2988 bellum
3198 2938 3401 2990 contra
3432 2937 3545 2990 Ro-

1895 3035 2099 3073 manos
2131 3036 2330 3091 gerere
2362 3020 2665 3092 cmperint,
2693 3020 3060 3093 expedivero.

129 3129 212 3163 τες
244 3104 407 3163 οὐδέν
437 3105 626 3180 ἤνυον,
648 3104 780 3181 ἄρας
836 3107 926 3161 καὶ
986 3106 1147 3168 αὐτὸς
1205 3103 1415 3161 ἄπεισιν
1448 3105 1618 3161 ἐκεῖσε
1651 3106 1783 3179 μετά
1811 3107 2010 3168 παντὸς
2036 3111 2133 3161 τοῦ
2164 3111 2414 3181 στρατοῦ,
2465 3107 2554 3162 καὶ
2605 3113 2775 3162 πᾶσαν
2835 3102 3154 3182 προσϐολὴν
3208 3108 3299 3165 καὶ
3357 3130 3547 3186 μηχα-

130 3199 226 3265 νήν
285 3197 575 3273 ἐπαγαγὼν
631 3200 701 3269 τῇ
759 3196 918 3251 πόλει
974 3195 1064 3250 καὶ
1120 3195 1379 3250 πάντοθεν
1432 3195 1823 3270 ἀποκρουσθεὶς
1882 3195 2134 3271 εὖψεχως
2180 3200 2287 3250 τῶν
2322 3193 2471 3250 ἔνδον
2505 3196 2963 3273 ἀποκρουομένων
2990 3196 3084 3260 τάς
3136 3199 3389 3274 μηχανὰς
3448 3200 3548 3254 ὑπ-

134 3288 359 3359 έστρεψε
389 3282 556 3338 πάλιν
589 3283 641 3339 ἐν
677 3280 1148 3357 Ἀρκαδιουπόλει,
1183 3280 1350 3345 λύσας
1381 3284 1481 3351 τὴν
1509 3282 1857 3359 πολιορκίαν.
1892 3286 2046 3356 ’Λρτι
2082 3281 2138 3338 δέ
2167 3285 2254 3338 καὶ
2284 3289 2393 3339 τῶν
2424 3285 2610 3357 Ἑῲων
2661 3287 3078 3361 στρατευμάτων
3129 3284 3549 3362 διαπεραιωθέν-

129 3396 234 3428 των
257 3373 325 3429 ἔκ
353 3394 413 3428 τε
443 3369 880 3448 Χρυσουπόλεως
909 3372 1000 3426 καὶ
1037 3367 1277 3426 Ἀϐύδου
1307 3371 1442 3445 πρὸς
1476 3371 1713 3444 Θρᾴκην,
1747 3372 2044 3448 στρατηγὸν
2080 3370 2371 3443 ἐπιστήσας
2404 3372 2588 3438 αὐτοῖς
2618 3374 2646 3427 ὁ
2682 3372 2936 3450 βασιλεὺς
2979 3375 3209 3452 Μιχαὴλ
3244 3377 3550 3453 μάγιστρον

131 3464 217 3517 τὸν
277 3462 518 3531 Ἰασίτην
579 3463 784 3533 πέμπει
845 3462 981 3515 κατά
1022 3465 1128 3514 τῶν
1183 3460 1522 3515 ἀποστατῶν.
1556 3461 1843 3536 ’Δθροίσας
1903 3459 1949 3515 δ’
1983 3461 2139 3523 οὗτος
2172 3462 2259 3540 ὑφ’
2304 3461 2360 3516 ’ὲν
2408 3462 2504 3525 τὰς
2536 3460 2791 3536 δυνάμεις
2823 3464 2913 3519 καὶ
2946 3464 3560 3543 παραστρατοπεδεύσας

136 3557 248 3614 τοῖς
279 3551 617 3611 ἀποστάταις
654 3551 840 3623 μάχης
874 3549 967 3621 μὲν
1000 3549 1104 3603 οὐκ
1126 3550 1321 3623 ἦρχεν,
1354 3544 1578 3617 έκήδετο
1611 3544 1667 3602 δὲ
1701 3545 1914 3619 μᾶλλον
1940 3553 2047 3601 τῶν
2082 3547 2389 3617 ἀνηκόντων
2423 3549 2645 3625 χωρίων
2672 3555 2789 3612 τοῖς
2823 3551 3279 3625 ἀποστάταις,καὶ
3307 3558 3423 3615 τοῖς
3446 3550 3565 3607 ἁλι.

140 3640 434 3712 σκομένοις
494 3636 896 3714 φιλανθρώπως
958 3636 1215 3713 ἐφέρετο,⁸
1254 3636 1344 3691 καὶ
1400 3637 1697 3711 γράμματα
1755 3633 2025 3712 λαθραίως
2085 3634 2293 3710 ἔπεμπε
2364 3639 2499 3714 πρὸς
2573 3637 2767 3700 αὐτοὺς
2845 3637 3142 3712 ἀμνηστίαν
3220 3639 3567 3716 ἐπαγγελλό-

149 3750 308 3799 ςιενος
368 3731 554 3781 κακῶν
620 3727 710 3781 καὶ
769 3726 978 3801 ἀγαθῶν
1038 3722 1337 3798 δαψίλειαν.
1370 3724 1519 3781 Ἐπεὶ
1579 3721 1637 3779 δέ
1694 3724 1783 3779 καὶ
1844 3725 1871 3779 6
1932 3726 2145 3800 χειμὼν
2201 3724 2395 3795 ἐπέστη
2454 3726 2543 3781 καὶ
2603 3731 2712 3781 τῶν
2762 3725 3067 3802 ἀναγκαίων
3101 3726 3382 3797 ἐσπάνιζον
3414 3726 3571 3784 αὐτοί

148 3839 202 3872 τε
232 3819 289 3873 οἱ
324 3815 624 3872 ἀποστάται
682 3814 771 3869 καὶ
826 3814 895 3869 τὰ
948 3814 1216 3886 ὑποζύγια
1270 3815 1360 3868 καὶ
1408 3815 1461 3868 οἱ
1508 3812 1694 3870 Ἱπποι.
1728 3815 1803 3887 μή
1865 3810 2156 3886 δυνάμενοι
2206 3817 2341 3891 πρὸς
2372 3836 2429 3870 τε
2468 3816 2529 3870 τὸ
2574 3818 2749 3891 ψῦχος
2806 3816 2896 3871 καὶ
2942 3816 3033 3870 τὸν
3094 3813 3261 3890 λιμὸν
3303 3816 3394 3871 καὶ
3442 3815 3570 3878 τοὺς

156 3905 432 3965 ἐναντίους
517 3904 1035 3972 ἀντικαθίστασθαι,
1102 3904 1237 3957 κατὰ
1324 3903 1516 3978 μικρὸν
1600 3900 2098 3979 προσεῤῥυίσκοντο
2170 3908 2249 3976 τῷ
2304 3903 2603 3979 μαγίστρῳ.
2664 3903 2762 3959 Καὶ
2851 3902 3015 3980 μέχρι
3101 3905 3195 3977 μὶν
3252 3908 3360 3959 τῶν
3437 3904 3573 3982 ἀφα-

153 4002 257 4050 νῶν
288 3995 363 4063 ἦν
394 3992 702 4065 αὖτομολία
758 3991 846 4046 καὶ
905 3990 1004 4045 οὐκ
1057 3990 1368 4063 ἐπισήμων,
1418 3989 1690 4068 ἐκαρτέρει
1743 3991 1832 4045 καὶ
1877 3996 1997 4053 ταῖς
2061 3990 2274 4047 ἐλπίσιν
2326 3991 2595 4071 ἐτρέφετο*
2656 3991 2768 4047 ἐπεὶ
2829 3990 2888 4047 δέ
2943 3993 3221 4068 Μαριανὸς
3274 3993 3303 4047 6
3361 3993 3574 4066 Βρανᾶς

154 4085 240 4138 καὶ
302 4081 491 4143 Πολὺς
544 4081 634 4136 καὶ
692 4078 974 4152 Θεόδωρος
1023 4082 1052 4135 6
1100 4075 1498 4154 Στραϐομότης
1544 4080 1636 4135 καὶ
1690 4080 1742 4134 οἱ
1795 4079 1856 4134 ἐκ
1897 4083 1994 4134 τοῦ
2039 4080 2225 4156 γένους
2276 4086 2372 4135 τοῦ
2414 4076 2600 4136 Γλαϐἆ
2626 4082 2715 4136 καί
2744 4102 2885 4143 τινες
2917 4078 3080 4136 ἄλλοι
3109 4086 3219 4136 τῶν
3280 4078 3570 4154 ἐπισήμων

158 4173 347 4248 ἀθρόοι
417 4169 807 4232 καταλιπόντες
896 4168 1055 4223 αὐτὸν
1128 4168 1537 4244 προσεῤῥύησαν
1621 4174 1702 4243 τῷ
1759 4167 1984 4244 Ἰασίτῃ,
2046 4170 2231 4245 φυγὼν
2320 4169 2454 4243 μετά
2501 4172 2751 4227 Ἰωάννου
2829 4174 2927 4226 τοῦ
3012 4171 3284 4240 Βατάτζη,
3362 4170 3423 4234 ’ὸς
3505 4166 3574 4238 δὴ

162 4264 272 4330 μετ’
330 4260 493 4315 αὐτὸν
549 4258 601 4314 έν
654 4257 736 4330 τῷ
793 4254 1143 4333 στρατοπέδῳ
1195 4262 1304 4312 τῶν
1363 4257 1680 4312 ἀποστατῶν
1737 4255 2004 4324 ἐτάττετο,
2065 4256 2286 4334 ἐπείπερ
2347 4259 2555 4335 ἄφυκτα
2610 4260 2700 4329 ἦν,
2755 4256 2805 4313 ἕν
2864 4280 2970 4314 τινι
3024 4258 3317 4337 κατέφυγεν
3371 4255 3577 4329 ἐκκλη-

162 4353 265 4421 σίᾳ,
326 4348 421 4403 καὶ
481 4350 516 4418 ἡ
576 4347 922 4407 ἐπισύστασις
976 4350 1084 4399 τῶν
1143 4346 1457 4401 ἀποστατῶν
1517 4343 1835 4415 ἐσκεδάσθη.
1892 4346 1990 4402 Καῖ
2071 4346 2299 4410 τούτους
2374 4347 2467 4420 μὶν
2529 4348 2557 4402 6
2615 4347 2848 4419 Ἰασίτης
2922 4350 3143 4422 πέμψας
3196 4348 3430 4423 κατέσχε
3486 4348 3576 4402 καὶ

165 4442 291 4513 πρὸς
349 4439 445 4493 τὸν
507 4435 733 4512 βασιλέα
787 4432 1196 4508 πεπεδημένους
1256 4436 1479 4511 εἰσάγει,
1535 4439 1632 4489 τοῦ
1720 4432 1776 4490 δὲ
1842 4439 2073 4507 στρατοῦ
2150 4433 2372 4500 ἕκαστος
2442 4436 2520 4499 εἷς
2587 4438 2689 4505 τὴν
2769 4438 2962 4492 ἑαυτοῦ
3019 4436 3292 4506 ἐπανῆλθε
3348 4431 3583 4510 πατρίδα

162 4528 403 4584 κελεύσει
467 4530 562 4581 τοῦ
623 4524 916 4600 βασιλέως.
978 4524 1077 4578 Καὶ
1134 4525 1162 4579 6
1216 4525 1310 4597 μὲν
1365 4523 1645 4598 Τορνίκιος
1700 4524 1790 4579 καὶ
1844 4524 1872 4578 6
1925 4523 2203 4595 Βατάτζης
2261 4523 2700 4603 ἀποτυφλοῦνται
2730 4525 2866 4579 κατά
2902 4525 3000 4594 τήν
3052 4524 3277 4599 ἐσπέραν
3328 4531 3428 4594 τῆς
3468 4524 3585 4597 ἒορ-

165 4625 256 4685 τῆς
308 4623 416 4684 τῆς
471 4618 568 4669 τοῦ
623 4610 859 4687 Χριστοῦ
914 4614 1243 4686 γεννήσεως,
1286 4610 1615 4685 δημευᾶονται
1671 4609 1728 4667 δὲ
1784 4612 1874 4666 καὶ
1934 4612 2123 4666 ὁπόσοι
2181 4612 2508 4687 παρέμειναν
2563 4609 2666 4675 ἓως
2720 4612 2912 4675 τέλους
2973 4612 3115 4668 εὖνοι
3171 4614 3251 4685 τῷ
3316 4613 3585 4688 τυραννή-

168 4728 335 4771 ταντι,
369 4705 588 4775 ἀτίμως
643 4702 908 4776 πρότερον
969 4703 1355 4776 περιαχθέντες
1410 4699 1499 4755 διὰ
1554 4707 1653 4769 τῆς
1708 4700 1906 4777 ἀγορᾶς
1961 4698 2050 4754 καὶ
2111 4699 2289 4776 ἐξορίᾳ
2345 4703 2845 4777 παραπεμφθέντες.
2880 4702 2983 4758 Καὶ
3028 4704 3064 4771 ἡ
3125 4700 3218 4774 μὶν
3278 4698 3584 4755 ἀποστασία

170 4799 413 4849 ὀιοῖιτον
449 4790 579 4867 ἔσχε
605 4792 670 4846 τὸ
699 4788 880 4858 τέλος,
916 4787 1141 4864 ἄρχεται
1170 4788 1227 4845 δὲ
1256 4789 1450 4845 λοιπὸν
1481 4791 1547 4844 τὰ
1577 4790 1683 4844 ἀπὸ
1710 4795 1816 4844 τῶν
1848 4788 2102 4865 Τοῦρκων
2147 4789 2305 4845 κακά.
2333 4789 2482 4853 Τίνες
2538 4788 2594 4845 δὲ
2653 4791 2704 4845 οἱ
2763 4794 3015 4866 Τοῦρκοι,
3064 4791 3152 4845 καὶ
3203 4790 3326 4843 τίνα
3380 4787 3584 4864 τρόπον

191 4884 413 4957 τρξαντο
445 4880 710 4952 πολεμεῖν
736 4879 1055 4952 Ῥωμαίοις,
1089 4877 1288 4933 ἄνωθεν
1317 4873 1603 4933 ἀναλαϐὼν
1636 4875 1999 4952 διηγήσομαι.

238 4978 324 5046 μ).
353 4973 513 5043 767.]
541 4972 613 5023 Τὸ
657 4974 766 5025 τῶν
815 4970 1067 5044 Τοόρκων
1101 4966 1249 5029 ἔθνος
1305 4969 1463 5043 γένος
1525 4967 1619 5039 μέν
1678 4967 1765 5022 έστ

1881 4971 1894 5035 ζ
1999 4970 2322 5024 Turcorum
2356 4985 2499 5042 gens
2522 4968 2746 5025 Unnica
2774 4969 2900 5033 fuit.
2927 4967 3202 5025 habitans
3228 4966 3299 5022 ad
3332 4964 3579 5022 Caucasi

176 5064 464 5126 ίιῦτνικὸν,
513 5060 655 5113 οἲκεῖ
707 5056 767 5113 δὲ
820 5057 887 5112 τά
944 5057 1281 5131 προσάρκτια
1335 5060 1444 5111 τῶν
1503 5056 1767 5113 Κάυκασίο

1935 5058 2153 5113 montis
2206 5062 2401 5128 partes
2456 5056 2963 5131 septentrionales,
3015 5054 3476 5127 populosissima
3525 5058 3585 5108 et

184 5153 315 5205 ι’τῶν
372 5146 814 5221 πολυάνθρωπόν
863 5165 921 5200 τε
967 5146 1024 5200 ὃν
1078 5145 1167 5200 καὶ
1221 5144 1524 5217 αὐτόνομον
1581 5145 1670 5198 καὶ
1737 5145 1764 5199 ὑ

1936 5147 2122 5201 libera
2154 5145 2496 5217 nulliusque
2527 5162 2787 5217 unquam
2819 5144 3073 5200 nationis
3122 5141 3450 5199 dominium
3483 5158 3587 5197 ex-

184 5239 395 5301 ςύὄενὸς
458 5235 646 5301 ἔθνους
700 5236 836 5290 ποτε
893 5231 1189 5290 δουλωθέν.
1222 5236 1338 5303 Τῆς
1380 5231 1436 5288 δὶ
1466 5237 1572 5287 τῶν
1605 5238 1767 5308 Περσί

1940 5240 2121 5307 perta.
2157 5235 2470 5306 Postquam
2508 5233 2780 5289 Saraceni
2813 5233 3123 5288 Persarum
3173 5247 3353 5303 regno
3386 5244 3588 5286 everso

186 5329 358 5403 iayjc
412 5325 494 5386 είς
556 5322 902 5398 Σαρακηνοὺς
976 5320 1346 5394 διαλυθείσης,
1397 5322 1487 5376 καὶ
1562 5327 1662 5391 τῆς
1716 5325 1767 5375 τε

1939 5340 2052 5379 non
2087 5322 2385 5380 Persidem
2421 5323 2553 5378 mod
2568 5339 2622 5394 ο,
2647 5321 2921 5393 Mediam,
2951 5311 3305 5394 Babylonem
3339 5323 3396 5375 et
3422 5321 3595 5391 Assy-

1366 5537 1735 5594 XYLANDRI
1773 5538 1867 5594 ET
1905 5538 2123 5596 GOARI
2162 5537 2399 5593 NOTAE.

253 5716 367 5789 (33)
392 5715 618 5773 Obtorto
644 5726 800 5769 naso.
834 5709 1048 5766 Facilia
1076 5709 1293 5767 Graecis
1324 5725 1391 5765 ex
1421 5725 1732 5783 corporum
1764 5709 2087 5767 defectibus
2116 5705 2488 5782 cognomina.
2522 5705 2702 5763 Gem.

510 5843 772 5902 Panos.
825 5839 935 5900 Gn.
983 5835 1222 5898 CXXII.

1910 5834 1913 5839 ’
3195 5831 3279 5892 10
