4070 6334
488 441 606 502 299

1833 445 2150 504 GEORGII
2198 443 2536 504 CEDltENI

3773 445 3895 504 300

490 572 662 640 riam,
697 572 796 629 sed
829 575 886 629 et
913 573 1224 647 Egyptum
1275 580 1333 631 et
1373 576 1607 648 Libyam
1658 580 1715 632 et
1744 575 1985 647 Europis
2017 591 2132 630 non

2258 576 2581 647 Σαρακηνῶν
2634 571 2972 649 ἐπικρατείας
3049 574 3126 647 μὴ
3215 573 3380 646 μόνον
3467 570 3725 646 Περσίδος
3806 572 3897 627 καὶ

494 662 763 734 exiguam
799 668 1021 734 partem
1046 664 1545 736 subegerunt,ipsi
1577 665 1727 720 inter
1750 680 1812 719 se
1841 670 2146 735 cmperunt

498 750 745 806 diversis
777 751 1137 821 temporibus
1198 754 1356 808 varie
1403 753 1735 809 dissentire.
1769 753 1855 808 Ita
1905 753 2141 808 unicum

500 840 923 894 Saracenorum
947 841 1121 911 idque
1148 843 1470 896 maximum
1506 843 1819 913 imperium
1843 842 1899 896 in
1925 840 2145 897 multas

501 934 591 983 est
619 927 872 982 divisum
923 936 1141 1000 partes,
1178 936 1242 984 ut
1290 931 1442 986 alius
1492 931 1782 1002 Hispania:
1805 932 1957 1001 jam,
1990 931 2136 986 567

503 1016 654 1071 alius
688 1016 907 1083 Africis,
939 1017 1090 1072 alius
1137 1019 1385 1090 Egypti,
1421 1019 1572 1074 alius
1628 1019 1959 1090 Babylonis,
1992 1017 2147 1074 alius

502 1105 758 1159 Persidis
789 1110 944 1160 esset
975 1107 1269 1177 princeps.
1302 1107 1556 1161 Tantum
1581 1114 1713 1161 vero
1746 1107 1933 1161 abfuit
1963 1106 2054 1161 his
2085 1113 2147 1160 ut

503 1193 657 1248 inter
686 1210 748 1248 se
796 1195 1150 1260 conveniret,
1214 1201 1278 1249 ut
1307 1196 1460 1250 inter
1506 1196 1727 1250 vicinos
1777 1195 1952 1250 etiam
1996 1195 2148 1250 bella

502 1283 722 1336 fuerint
754 1283 1051 1337 intestina.
1077 1285 1328 1338 Proinde
1359 1284 2146 1352 Persidis,Chorasmiorum,

503 1371 888 1426 Oretanorum
919 1377 977 1427 et
1005 1373 1210 1428 Medias
1245 1372 1516 1444 princeps
1565 1373 1999 1439 Mucbumetus,
2036 1373 2146 1426 Im-

502 1459 686 1515 braeli
718 1459 895 1528 filius,
944 1460 1156 1516 Basilio
1217 1462 1447 1533 imperii
1499 1463 1738 1517 Romani
1801 1463 2028 1516 clavum
2061 1466 2146 1515 te-

505 1553 699 1619 nente,
733 1565 868 1604 cum
915 1549 975 1604 in
1025 1549 1175 1606 bello
1231 1552 1386 1621 quod
1438 1551 1717 1605 adversus
1772 1550 1946 1604 Indos
1975 1555 2150 1620 atque

505 1637 854 1706 Babylonios
903 1639 1160 1709 gerebat,
1212 1639 1387 1693 rebus
1437 1643 1695 1693 uteretur
1751 1637 2033 1704 adversis,
2083 1654 2152 1691 ex

508 1742 618 1780 usu
651 1727 769 1780 fore
793 1726 1101 1797 judicavit,
1148 1727 1198 1782 si
1231 1726 1428 1782 missis
1459 1727 1528 1780 ad
1575 1728 1900 1781 Turcorum
1933 1727 2152 1798 princi-

507 1832 638 1888 pem
675 1815 882 1887 legatis
913 1816 1196 1871 auxilium
1244 1822 1483 1888 peteret.
1520 1817 1699 1871 Mittit
1728 1833 1864 1888 ergo
1913 1817 1984 1872 ad
2017 1833 2149 1871 eum

2257 659 2497 731 Μηδίας,
2560 656 2884 723 Βαϐυλωνος
2967 661 3056 715 καὶ
3139 661 3432 736 ’Δσσυρίων
3518 661 3901 736 κυριευούσης,

2253 747 2361 819 ἤδη
2423 747 2480 804 δὲ
2534 750 2623 804 καὶ
2674 749 2951 824 Αἰγύπτου
3010 751 3096 805 καὶ
3150 744 3358 820 Λιϐύης
3411 750 3500 804 καὶ
3561 749 3759 825 μέρους
3806 749 3905 804 οὐκ

2256 836 2445 911 ὀλίγου
2527 845 2626 907 τῆς
2717 838 3004 913 Εὐρώπης,
3089 838 3306 914 ἐπείπερ
3393 836 3586 913 ἔτυχον
3661 838 3713 891 ἐν
3782 835 3904 892 δια-

2255 927 2446 1004 φόροις
2503 932 2712 1002 καιροῖς
2781 926 3048 997 ἀλλήλων
3125 929 3639 988 καταστασιάσαντες
3718 927 3808 982 καὶ
3868 929 3902 994 ἡ

2259 1015 2354 1088 μία
2409 1014 2496 1068 καί
2579 1014 2808 1090 μεγίστη
2890 1016 3039 1090 ἀρχή
3099 1015 3233 1086 αὕτη
3296 1015 3372 1076 εἲς
3431 1012 3616 1070 πολλὰ
3674 1013 3902 1090 διῃρέθη

2260 1105 2421 1176 μέρη,
2480 1103 2569 1157 καὶ
2630 1101 2800 1158 ἄλλον
2884 1105 2977 1175 μὲν
3040 1104 3291 1179 ἀρχηγὸν
3345 1105 3488 1178 εἶχεν
3545 1106 3580 1171 ἡ
3640 1104 3906 1170 Ἱσπανία,

2257 1191 2426 1246 ἄλλον
2462 1189 2518 1245 δὲ
2550 1195 2583 1261 ἡ
2618 1187 2825 1262 Λιϐύη,
2850 1189 3020 1247 ἄλλον
3074 1189 3130 1246 δὲ
3177 1195 3213 1262 ἡ
3246 1189 3542 1266 Αἲίγυπτος,
3576 1189 3744 1246 ἄλλον
3781 1189 3840 1246 δὲ
3869 1195 3904 1261 ἡ

2258 1275 2753 1354 Βαϐυλὼν,ἵτερον
2811 1278 2868 1335 δὲ
2924 1283 2958 1350 ἡ
3020 1281 3233 1354 Περσὶς,
3274 1281 3364 1334 καὶ
3424 1280 3558 1351 πρὸς
3617 1276 3906 1349 ἀλλήλους

2263 1370 2355 1441 μὶν
2390 1370 2496 1444 οὐχ
2527 1369 2836 1442 ὡμονόουν,
2872 1367 3085 1442 μᾶλλον
3129 1370 3226 1442 μὶν
3276 1367 3368 1424 οὖν
3415 1371 3505 1423 καὶ
3560 1365 3906 1443 προσεπολέ-

2264 1478 2396 1530 μουν
2459 1459 2508 1512 οἱ
2569 1462 2958 1533 γειτονοῦντες,
3019 1459 3269 1533 ἀρχηγὸς
3320 1455 3576 1532 Περσίδος
3631 1456 3719 1512 καὶ
3779 1458 3906 1513 Χω-

2261 1546 2507 1620 ρασμίων
2590 1547 2677 1601 καὶ
2762 1548 3067 1622 Ὠρητανῶν
3169 1547 3258 1601 καὶ
3347 1544 3558 1616 Μηδίας
3643 1546 3908 1620 ὑπάρχων

2263 1638 2598 1710 Μουχοῦμετ
2636 1636 2770 1690 κατὰ
2816 1635 2943 1698 τοὺς
2986 1637 3220 1710 χρόνους
3263 1634 3554 1690 Βασιλείου
3599 1639 3696 1689 τοῦ
3749 1635 3908 1709 βασι-

2261 1723 2424 1791 λέως,
2457 1725 2484 1778 ὁ
2523 1724 2618 1778 τοῦ
2651 1719 2940 1797 Ἰμὸραὴλ,
2976 1724 3066 1778 καὶ
3110 1723 3370 1798 πολεμῶν
3431 1721 3620 1785 Ἰνδοῖς
3665 1724 3754 1777 καὶ
3804 1730 3908 1777 Βα-

2262 1807 2556 1873 ϐυλωνίοις
2585 1813 2673 1867 καὶ
2705 1818 2883 1874 κακῶς
2917 1812 2966 1866 ἦν
2999 1818 3078 1884 τῷ
3127 1811 3361 1884 πολέμῳ
3419 1813 3738 1890 φερόμενος,
3772 1808 3910 1887 ἔγνω

507 1907 728 1977 legatos
757 1921 890 1960 cum
922 1904 1091 1960 donis
1126 1905 1414 1976 pretiosis,
1441 1904 1816 1976 postulatque
1845 1905 1954 1960 sibi
1987 1905 2147 1960 auxi-

2265 1899 2375 1955 δεῖν
2433 1902 2567 1975 πρὸς
2617 1903 2710 1956 τὸν
2758 1899 2995 1977 ἄρχοντα
3042 1903 3302 1975 Τουρκίας
3331 1898 3758 1976 πρεσϐεύσασθαι
3817 1901 3909 1954 καὶ

2506 1990 2516 2006 ι
2660 1991 2673 2006 .
2746 1991 2795 2006 νη
2955 1989 2971 2006 ,,
3027 1992 3039 2006 ,
3156 2003 3170 2006 _
3318 1991 3382 2006 ,τι
3655 1993 3679 2003 -
3872 1991 3882 2006 ι

506 1993 584 2050 lio
610 1993 760 2048 mitti
792 1994 908 2049 tria
934 1994 1193 2048 virorum
1226 1994 1432 2048 millia.
1457 1995 1681 2049 Turcus
1712 2000 1770 2048 et
1802 1992 1980 2049 allata
2000 1995 2153 2049 dona

506 2083 846 2155 gratissima
875 2081 1102 2147 habuit,
1137 2087 1193 2136 et
1221 2081 1393 2151 legati
1428 2083 1746 2136 admodum
1777 2084 2152 2152 comprobata

507 2169 785 2241 petitione
820 2169 1001 2224 mittit
1029 2170 1100 2223 ad
1129 2170 1567 2225 Muchumetum
1613 2171 1745 2239 tria,
1781 2181 1840 2224 ut
1873 2170 2154 2241 petiverat

508 2258 715 2326 millia,
765 2258 912 2313 duce
951 2258 1330 2330 Tragolipace
1377 2258 1683 2328 Mucaleto,
1741 2258 1963 2314 Miceeli
2009 2259 2147 2313 lilio.

507 2349 548 2403 E
563 2349 816 2402 nimvero
850 2347 954 2401 hoc
975 2348 1268 2417 sperabat,
1288 2347 1338 2402 si
1362 2347 1678 2418 reprimere
1699 2348 1787 2403 sui
1823 2347 2153 2419 potuissent

510 2453 608 2493 eos
641 2453 674 2491 a
703 2435 919 2508 quibus
949 2435 1219 2491 Saraceni
1262 2435 1714 2507 invadebantur,
1747 2436 2021 2492 facillime
2050 2453 2150 2492 eos

509 2526 815 2581 effecturos
842 2528 906 2578 ut
937 2540 1080 2594 pons
1113 2540 1228 2594 quo
1277 2529 1609 2580 constratus
1657 2528 1873 2580 Araxes
1917 2529 2062 2593 erat,
2096 2531 2151 2580 et

511 2613 607 2685 qui
642 2614 712 2670 ab
747 2619 992 2685 utroque
1025 2612 1205 2668 latere
1234 2614 1499 2668 turribus
1543 2613 1808 2669 excitatis
1856 2630 1922 2670 ac
1955 2613 2149 2685 praesi-

510 2703 625 2757 diis
653 2702 948 2772 impositis
967 2702 1232 2756 munitus
1253 2702 1458 2756 Turcis
1477 2702 1831 2756 inaccessam
1853 2702 2149 2758 Persidem

510 2791 781 2856 faciebat,
816 2789 1192 2861 praesidiariis
1239 2789 1425 2862 pulsis
1475 2792 1708 2862 pervius
1747 2790 1952 2845 Turcis
1987 2797 2148 2861 post-

509 2880 682 2934 modo
713 2879 896 2943 ﬁeret,
930 2879 1127 2948 itaque
1158 2879 1413 2933 Persidis
1445 2880 1796 2949 occupandis
1843 2878 1955 2933 sibi
1981 2895 2150 2934 occa-

508 2967 594 3023 sio
625 2969 883 3022 daretur.
917 2967 1119 3022 Turcis
1170 2967 1545 3022 mercenariis
1605 2967 2020 3022 Muchumetus
2051 2983 2147 3023 ac-

505 3057 711 3129 ceptis,
748 3057 936 3128 iisque
983 3073 1116 3112 cum
1166 3071 1273 3110 suo
1323 3056 1577 3111 exercitu
1630 3056 1981 3125 conjunctis,
2015 3073 2148 3112 cum

503 3144 762 3200 Arabum
797 3145 1058 3216 principe
1090 3144 1366 3200 Pisasirio
1388 3144 1674 3216 confligit,
1706 3161 1960 3216 eumque
1988 3145 2148 3200 nullo

506 3233 735 3305 negotio
758 3239 1015 3304 superat,
1049 3235 1401 3305 sagittarum
1450 3236 1776 3303 conjectum
1812 3251 1927 3288 non
1961 3235 2146 3289 feren-

2263 1990 2581 2064 συμμαχίαν
2656 1991 2856 2044 ἐκεῖθεν
2915 1989 3257 2061 αἰτήσασθαι.
3317 1991 3525 2063 Πὲμπει
3582 1993 3712 2063 γοῦν
3784 1991 3914 2062 πρὲ-

2263 2075 2408 2141 σϐεις
2463 2079 2598 2153 πρὸς
2659 2080 2817 2133 αὐτὸν
2871 2080 2959 2133 καὶ
3010 2077 3158 2155 δῶρα
3188 2075 3494 2148 πολυτελῆ,
3525 2079 3613 2132 καὶ
3647 2086 3912 2154 πεμφθῆ-

2260 2165 2343 2220 ναί
2376 2167 2426 2220 οἱ
2460 2165 2656 2237 ἐξαιτεῖ
2715 2167 3042 2242 συμμάχους
3098 2168 3192 2223 τὸν
3247 2168 3479 2243 ἀριθμὸν
3535 2166 3910 2242 τρισχιλίους.

2260 2255 2316 2307 Ὁ
2376 2252 2432 2308 δὲ
2491 2253 2776 2329 δεξάμενος
2854 2258 3214 2329 ἀσμενέστατα
3297 2258 3393 2325 τὴν
3475 2251 3759 2332 πρεσϐείαν
3817 2257 3912 2310 καὶ

2259 2348 2374 2405 τοῖς
2426 2351 2716 2420 πεμφθεῖσι
2750 2343 2947 2420 δώροις
2999 2346 3184 2414 ἡσθεὶς
3243 2344 3504 2418 ἐκπέμπει
3562 2345 3695 2419 πρὸς
3748 2344 3913 2400 αὐτὸν

2259 2431 2387 2494 τοὺς
2442 2432 2811 2508 τρισχιλίους,
2871 2435 3123 2508 ἀρχηγὸν
3199 2429 3427 2510 ἔχοντας
3481 2432 3913 2508 Τραγολιπάκην

2261 2520 2547 2578 Μουκάλετ
2602 2524 2692 2576 τὸν
2753 2523 2867 2576 υἱὸν
2929 2521 3170 2590 Μικεήλ,
3231 2524 3343 2594 ἅμα
3398 2523 3482 2576 καὶ
3550 2521 3774 2583 ἐλπίσας
3833 2523 3913 2584 ὡς

2261 2608 2410 2686 εἷ’περ
2453 2610 2600 2664 οὗτοι
2652 2609 2930 2680 δυνηθεῖεν
2991 2610 3427 2684 ἀποκρούσασθαι
3486 2609 3613 2673 τοὺς
3647 2605 3910 2683 ἐπεμϐαί-

2258 2719 2448 2760 νοντας
2478 2705 2595 2761 τοῖς
2630 2706 2984 2776 Σαρακηνοῖς,
3017 2699 3182 2775 ῥᾷστά
3236 2721 3295 2754 τε
3349 2701 3446 2768 τήν
3493 2703 3594 2754 τοῦ
3622 2696 3910 2772 Ἀράξιδος

2257 2793 2509 2861 ποταμοῦ
2541 2790 2773 2865 γέφυραν
2815 2791 2912 2856 τὴν
2954 2788 3271 2843 κωλύουσαν
3322 2788 3603 2864 Τούρκους
3659 2787 3709 2849 ξς
3762 2790 3875 2863 Περ

2258 2875 2380 2932 σίδα
2434 2877 2568 2932 ἷὶναι
2623 2879 2713 2932 ἅτε
2769 2877 3198 2954 πεπυργωμὲνην
3254 2878 3412 2932 οὖσαν
3467 2872 3612 2940 ἔνθεν
3660 2877 3910 2940 κάκεῖθεν

2258 2966 2345 3020 καὶ
2405 2972 2664 3042 φρουροῖς
2722 2968 2980 3030 πάντοθεν
3016 2965 3431 3043 φυλαττομένην
3469 2967 3636 3041 βατήν
3672 2967 3909 3037 θήσουσι

2256 3055 2598 3130 περιελόντες
2680 3057 2772 3116 τὰς
2859 3057 3132 3132 φρουρὰς,
3191 3056 3280 3109 καὶ
3350 3055 3663 3130 ὑποχείριον
3752 3054 3909 3126 αὐτῷ

2257 3146 2546 3214 ποιήσουσι
2611 3145 2709 3213 τὴν
2788 3149 2896 3199 τῶν
2978 3149 3193 3221 Περσῶν
3253 3143 3461 3220 χώραν.
3523 3144 3904 3221 Ἀφικομένων

2255 3234 2432 3287 τοίνυν
2484 3237 2590 3287 τῶν
2653 3232 3023 3309 μισθοφόρων,
3057 3233 3250 3297 αὐτούς
3306 3253 3364 3287 τι
3417 3228 3829 3304 ἀναλαϐόμενος
3883 3233 3912 3286 ὁ

505 3321 661 3377 tibus
694 3323 997 3377 Arabibus.
1030 3321 1280 3377 Domum
1313 3339 1346 3376 a
1385 3321 1625 3377 victoria
1671 3339 1958 3390 reversus,
1993 3322 2144 3380 568

2261 3325 2590 3396 Μουχοῦμετ
2622 3322 2710 3375 καὶ
2757 3322 2853 3384 τὰς
2884 3322 3073 3376 ἑαυτοῦ
3129 3319 3380 3396 δυνάμεις
3437 3317 3772 3397 προσϐάλλει
3830 3325 3916 3392 τῷ

507 3411 744 3465 eosdem
769 3416 986 3465 Turcos
1018 3410 1200 3464 voluit
1230 3410 1402 3464 etiam
1437 3411 1495 3464 in
1533 3427 1786 3482 pugnam
1823 3415 2020 3465 contra
2055 3412 2149 3466 In-

511 3501 639 3567 dos,
671 3517 703 3556 a
734 3501 947 3572 quibus
980 3502 1452 3573 oppugnabatur,
1487 3500 1599 3556 sibi
1631 3502 1855 3557 adesse.
1889 3504 2152 3574 Cumque

512 3589 847 3661 petentibus
879 3593 943 3644 ut
973 3589 1210 3645 domum
1245 3590 1354 3644 sibi
1402 3591 1590 3645 redire
1614 3589 1810 3645 liceret
1863 3596 1918 3646 et
1950 3593 2151 3660 praesi-

514 3677 674 3733 dium
710 3680 780 3732 ab
811 3677 1012 3733 Araxis
1045 3682 1219 3750 ponte
1259 3679 1668 3743 abduceretur,
1698 3678 1815 3733 vim
1861 3681 2034 3734 etiam
2063 3679 2150 3733 in-

509 3772 779 3837 tentaret,
807 3767 977 3822 Turci
1003 3767 1165 3822 veriti
1211 3768 1436 3838 majora
1476 3766 1737 3837 pericula
1787 3769 1858 3822 ali
1897 3785 1964 3822 eo
1994 3769 2150 3824 defe-

509 3861 799 3920 cerunt,et
822 3857 880 3910 in
903 3855 1335 3911 Carbonitidem
1359 3854 1739 3911 solitudinem
1763 3858 1972 3928 (neque
1995 3857 2152 3912 enim

507 3949 627 4000 tam
663 3945 829 4015 pauci
861 3944 1140 4000 adversus
1183 3949 1300 3998 tam
1353 3943 1541 3999 multa
1591 3945 1928 4016 depugnare
1968 3946 2148 4000 aude-

508 4033 651 4088 bant
692 4033 896 4104 millia)
939 4050 1001 4088 se
1048 4033 1474 4100 subduxerunt,
1527 4032 1778 4103 indeque
1830 4033 2147 4089 identidem

508 4126 879 4194 erumpentes
920 4121 1344 4176 Saracenorum
1379 4121 1657 4176 ditionem
1699 4122 1953 4194 populati
1991 4132 2148 4178 sunt.

510 4208 888 4281 Iniquissima
909 4209 966 4263 id
992 4210 1181 4264 ferens
1207 4209 1638 4279 Muchumetus,
1663 4211 1732 4264 ad
1756 4212 1827 4264 2O
1850 4210 2146 4266 hominum

507 4297 691 4353 millia
710 4298 1018 4353 adversum
1044 4297 1267 4352 Turcos
1290 4297 1494 4364 mittit,
1520 4299 1720 4352 decem
1746 4298 2150 4354 nobilissimos

508 4394 771 4457 notaeque
802 4385 1160 4441 fortitudinis
1192 4402 1258 4440 ac
1281 4387 1598 4458 prudentia:
1625 4387 1800 4441 duces
1831 4387 2150 4444 Saracenos

506 4473 781 4529 exercitui
817 4474 1158 4544 praaficiens.
1210 4473 1275 4527 Hi
1323 4475 1393 4527 ad
1423 4475 1635 4528 bellum
1664 4475 2150 4545 profecti,intrare

503 4563 564 4620 in
595 4564 890 4618 desertum
919 4564 990 4617 ob
1022 4579 1184 4633 aquae
1215 4569 1274 4618 et
1318 4563 1729 4617 alimentorum
1764 4565 2018 4634 inopiam
2045 4565 2149 4635 ju-

504 4651 1506 4722 dicantesincommoduui,proxime
1526 4653 1790 4707 additum
1812 4654 2149 4708 solitudinis
2182 4671 2228 4732 ί)
2261 4672 2354 4714 σας
2438 4651 2577 4725 ἀμφὶ

499 4741 822 4796 Turcorum
881 4740 996 4794 dux
1049 4741 1120 4794 de
1169 4741 1419 4794 adventu
1478 4744 1900 4795 Saracenorum
1961 4743 2148 4796 factus

499 4829 733 4898 certior,
767 4845 825 4884 re
853 4845 986 4884 cum
1039 4829 1164 4884 suis
1196 4829 1654 4897 communicata,
1706 4829 1900 4884 subito
1933 4830 2143 4884 adoriri

498 4919 818 4974 Saracenos
871 4935 936 4972 ac
996 4918 1199 4971 Persas
1251 4918 1500 4984 statuit;
1563 4918 1858 4987 biduoque
1919 4922 2146 4990 magnis

500 5005 776 5063 confectis
809 5005 1040 5078 spatiis,
1075 5005 1243 5059 tertia
1274 5010 1440 5059 nocte
1485 5022 1586 5060 eos
1617 5022 1819 5059 secure
1865 5006 1922 5059 in
1959 5013 2143 5061 tento-

499 5097 604 5152 riis
650 5101 890 5168 agentes
947 5094 1211 5164 nihilque
1271 5092 1409 5147 mali
1463 5098 1866 5165 exspectantes
1921 5094 2143 5151 invadit

498 5191 673 5256 atque
702 5182 858 5238 illico
890 5182 1177 5254 profligat.
1217 5181 1293 5235 lbi
1329 5182 1620 5249 curribus,
1644 5181 1832 5252 equis,
1868 5184 2137 5254 pecunia-

496 5290 608 5344 que
629 5271 877 5344 plurima
905 5269 1141 5343 potitus,
1169 5288 1280 5324 non
1304 5273 1425 5340 jam
1451 5276 1513 5324 ut
1531 5273 1810 5341 fugitivus
1832 5271 2136 5327 latrocinia

492 5378 778 5429 exercere,
810 5361 910 5416 sed
945 5359 1138 5432 palam
1185 5361 1390 5414 exinde
1438 5359 1496 5414 in
1527 5360 1678 5416 569
1712 5366 1911 5430 aperto
1943 5367 2136 5416 castra

488 5450 723 5505 habere.
748 5455 814 5503 Et
835 5449 1207 5504 conﬂuebant
1228 5449 1298 5502 ad
1323 5465 1454 5502 cum
1480 5449 1580 5518 qui
1603 5449 1675 5504 ob
1695 5449 1982 5504 maleﬁcia
2002 5467 2136 5522 sup-

2259 3415 2366 3464 τῶν
2423 3404 2671 3484 Ἀράϐων
2730 3407 2956 3485 ἄρχοντι
3026 3410 3345 3484 Πισασιρίῳ,
3396 3410 3483 3465 καὶ
3543 3410 3666 3485 ῥᾷον
3745 3408 3912 3463 αὐτὸν

2259 3499 2533 3574 τρέπεται,
2571 3501 2646 3571 μὴ
2684 3500 3028 3553 ὑποστάντων
3079 3500 3174 3560 τας
3228 3498 3334 3553 τῶν
3393 3499 3560 3568 τόξων
3598 3496 3764 3573 βολὰς
3797 3503 3912 3552 τῶν

2263 3584 2536 3663 Ἀράϐων.
2588 3587 2950 3661 Ὑποστρέψας
3019 3586 3076 3642 δὲ
3122 3587 3198 3648 εἷς
3253 3589 3353 3654 τὴν
3404 3588 3591 3641 ἑαυτοῦ
3647 3587 3914 3660 ἠπείγετο

2259 3677 2348 3732 καὶ
2407 3677 2538 3752 πρὸς
2593 3676 2720 3738 τοὺς
2773 3676 3150 3750 πολεμοῦντας
3205 3674 3404 3738 Ἰνδοὺς
3481 3673 3912 3750 διαγωνίσασθαι

2265 3767 2380 3838 μετ’
2436 3765 2632 3820 αὐτῶν.
2692 3765 2939 3821 Ἐκείνων
3030 3763 3087 3820 δὲ
3161 3763 3551 3837 ἐξαιτουμὲνων
3638 3764 3714 3826 εἷς
3803 3766 3911 3832 τὴν

2262 3855 2461 3908 ἑαυτῶν
2549 3855 2875 3929 ὑποστρέψαι
2954 3857 3404 3930 συγχωρηθῆναι,
3465 3852 3738 3923 ἀνεθείσης
3805 3853 3913 3907 αὗ-

2259 3948 2374 4004 τοῖς
2431 3951 2531 4010 τῆς
2591 3942 2643 3997 ἐν
2718 3947 2784 4015 τῇ
2853 3943 3059 4019 γεφύρᾳ
3140 3942 3392 4017 φυλακῆς
3445 3945 3542 3995 τοῦ
3603 3938 3914 4015 Ἀράξιδος,

2263 4031 2285 4086 ὲ
2366 4033 2375 4050 ’
2537 4031 2560 4085 ἐ
2628 4038 2648 4068 τ
2797 4031 2879 4086 ἐὲ
3157 4032 3170 4049 “
3577 4051 3590 4062 ·
3640 4034 3673 4064 ἰ
3849 4029 3875 4062 ”

2291 4052 2479 4106 πειπερ
2564 4052 2741 4094 κε.νος
2824 4054 2846 4083 ν
2883 4052 3026 4086 κειτο
3084 4052 3171 4085 και
3233 4032 3351 4106 βίαν
3386 4030 3687 4104 ἐπενεγκεια
3746 4025 3911 4083 ἐϐοσ-

2262 4119 2408 4188 λετο,
2444 4118 2711 4182 δείσαντες
2764 4121 2912 4174 οὗτοι
2964 4121 3039 4192 μή
3098 4119 3186 4174 καὶ
3220 4120 3433 4174 πάθωσί
3464 4141 3512 4173 τι
3547 4117 3741 4184 δεινὸν,
3777 4119 3920 4173 ἀπο-

2261 4213 2532 4264 στατοῦσι.
2587 4208 2682 4262 Καὶ
2736 4211 2836 4277 τὴν
2900 4204 3233 4281 Καρϐωνῖτιν
3319 4205 3612 4268 ὑποδύντες
3695 4205 3918 4282 ἔρημον

2261 4295 2348 4351 δια
2404 4301 2464 4351 τὸ
2527 4299 2601 4370 μὴ
2650 4296 2862 4374 θαρρεῖν
2917 4296 3139 4371 ὀλίγους
3197 4298 3332 4369 πρὸς
3371 4295 3632 4356 τοσαύτας
3681 4295 3917 4350 ἀντιπα-

2261 4385 2577 4461 ρατάξασθαι
2637 4383 2923 4460 μυριάδας,
2982 4385 3181 4449 ἐκεῖθεν
3249 4383 3521 4460 ἐκδρομὰς
3586 4385 3917 4456 ποιούμενοι

2260 4471 2452 4546 ἐδῄουν
2507 4474 2595 4528 καὶ
2650 4470 2840 4548 ἔφερον
2883 4475 2950 4527 τὰ
3012 4479 3368 4549 Σαρακηνῶν.
3429 4476 3921 4547 Δυσανασχετήσας

2261 4563 2350 4616 οὖν
2377 4564 2404 4617 ὁ
2446 4565 2778 4637 Μονσχοῦμετ
2807 4561 2891 4617 ἐπὶ
2919 4568 3036 4625 τοῖς
3085 4564 3416 4638 γινομένοις,
3450 4563 3672 4638 στρατὸν
3721 4563 3913 4635 ἀθροί-

2659 4652 2753 4712 τὰς
2831 4659 2873 4705 κ’
2931 4651 3191 4726 χιλιάδας
3249 4650 3514 4722 ἐκπέμπει
3591 4653 3724 4704 κατᾶ
3796 4655 3913 4704 τῶν

2257 4742 2532 4814 Τού.,,κων,
2587 4745 2670 4814 [Ρ.
2734 4743 2860 4813 768]
2917 4741 3208 4810 ἐπιστήσας
3279 4741 3466 4800 αὐτοῖς
3528 4739 3650 4794 δέκα
3713 4761 3910 4813 στρατη

2258 4830 2428 4902 ηγους
2479 4831 2584 4886 ἀπὸ
2624 4836 2731 4885 τῶν
2785 4829 3174 4902 εὐγενεστάτων
3227 4829 3318 4884 καὶ
3375 4827 3752 4883 συνετωτάτων
3815 4830 3913 4882 καῖ

2258 4918 2340 4972 ἐπ’
2395 4917 2587 4993 ἀνδρίᾳ
2660 4918 3168 4993 μεμαρτυρημὲνῶν
3230 4923 3586 4992 Σαρακηνῶν.
3644 4921 3912 4991 ’Ἀραντες

2256 5006 2344 5062 οὖν
2379 5006 2531 5062 οὗτοι
2560 5008 2878 5082 ἀπήρχοντο
2927 5007 3061 5082 πρὸς
3108 5007 3197 5060 τὸν
3257 5004 3527 5078 πόλεμον.
3569 5005 3670 5060 Καὶ
3729 5006 3913 5061 εἰσελ-

2252 5097 2359 5149 θεῖν
2418 5097 2511 5168 μὲν
2574 5095 2647 5157 εἷς
2703 5097 2802 5164 τήν
2861 5091 3065 5168 ἔρημον
3140 5093 3227 5149 διὰ
3282 5097 3380 5164 νην
3429 5098 3526 5149 τοῦ
3558 5091 3751 5154 ὕδατος
3810 5095 3908 5148 καὶ

2249 5189 2354 5238 τῶν
2405 5189 2619 5263 τροφῶν
2672 5179 2875 5238 ἔνδειαν
2937 5181 3254 5244 ἀλυσιτελὲς
3302 5182 3643 5258 ἐλογίζοντο,
3676 5178 3908 5258 ἔγγιστα

2249 5271 2305 5328 δὲ
2335 5278 2432 5328 τοῦ
2489 5275 2756 5347 στόματος
2793 5280 2890 5342 τῆς
2947 5271 3161 5344 ἐρήμου
3212 5270 3760 5346 στρατοπεδεύσαντες
3818 5270 3905 5325 δι-

2246 5369 2575 5418 εσκοποῦντο
2632 5365 2694 5417 τὸ
2750 5362 3027 5432 ποιητέον.
3061 5364 3120 5419 Ὁ
3182 5360 3238 5416 δὲ
3279 5360 3662 5438 Γαγγρολίπηξ
3695 5365 3809 5432 (34)
3843 5361 3904 5423 ἐς

2241 5453 2304 5506 τὸ
2366 5453 2529 5527 βάθος
2589 5448 2946 5525 αὐλιζόμενος
3006 5453 3108 5520 της
3163 5451 3394 5527 ἐρήμου,
3457 5451 3674 5525 ἐπείπερ
3731 5448 3911 5523 ἔμαθε

1671 5572 2038 5629 XYLANDRI
2080 5576 2168 5630 ET
2209 5577 2433 5634 GOARI
2471 5579 2697 5634 NOTAE.

560 5673 1111 5750 (3i)’l_‘ragolipaces
1165 5674 1398 5750 dicitur.
1432 5675 1541 5730 Sed
1603 5675 1710 5730 hoc
1765 5693 1876 5731 non
1937 5678 2407 5736 estinusitatum
2469 5684 2524 5736 in
2587 5683 2694 5738 hoc
2753 5680 2972 5748 codice,
3033 5682 3188 5737 idem
3248 5683 3598 5740 vocabulum
3661 5683 3905 5740 diverse

484 5746 657 5807 scribi
693 5746 990 5819 aliqUanto
1023 5746 1285 5801 inferius.
1317 5746 1451 5799 XYL.
