4038 6334
132 444 244 505 301

1272 446 1820 510 HISTORIARUM
1864 445 2409 508 GOMPENDIUM.

3427 451 3551 515 302

133 579 231 645 τὴν
275 577 397 632 κατ’
450 575 619 633 αὐτοῦ
678 574 1044 651 ἐκστρατείαν,
1074 577 1104 632 ὁ
1160 581 1267 633 τῶν
1326 577 1583 654 Τούρκων
1642 578 1780 654 ἀρχα

1922 578 2136 634 ilicium
2169 580 2532 647 metuebant,
2581 581 2731 637 servi
2778 587 2953 655 atque
3000 583 3100 639 alii
3148 588 3314 657 rapto
3356 585 3548 644 vivere

136 667 292 741 ηγὸς,
327 664 869 740 κοινολογησάμενος
922 670 1041 728 τοῖς
1095 667 1211 738 μετ’
1252 665 1417 721 αὐτοῦ
1472 667 1560 722 καὶ
1615 665 1793 721 ἐπιθέ-

136 768 258 820 σθαι
290 756 485 816 νυκτὸς
533 758 651 816 τοῖς
709 759 1048 829 Σαρακηνοῖς
1106 755 1195 810 καὶ
1259 756 1482 831 Πέρσαις
1524 754 1795 834 συμφέρον

138 845 273 899 εἶναι
297 845 558 916 νομίσας,
587 843 902 918 ταχυπορίᾳ
946 842 1297 918 χρησάμενος
1345 845 1396 898 tv
1460 841 1606 898 δυσὶν
1658 846 1797 915 ἠμέ-

140 954 260 1007 ραις
315 931 616 995 ἐπιτίθεται
674 935 743 1005 τῇ
799 929 957 1005 τρίτῃ
991 933 1183 994 νυκτὸς
1232 931 1420 995 αὐτοῖς
1478 931 1797 1008 ἀμερίμνως

139 1020 535 1095 σκηνουμένοις
585 1020 677 1075 καὶ
740 1017 908 1093 μηδὲν
940 1018 1409 1096 προσδεχομένοις
1470 1021 1657 1077 κακόν.
1691 1022 1794 1077 Καὶ

136 1112 369 1171 τούτους
404 1110 500 1181 μὲν
533 1112 725 1164 θᾶττον
777 1110 1028 1184 τρέπεται
1076 1107 1271 1186 λόγου,
1318 1110 1478 1173 αὐτὸς
1527 1108 1584 1164 δὲ
1622 1112 1799 1184 ἀρμά-

138 1222 240 1256 των
297 1200 394 1254 καὶ
443 1198 632 1253 ’ίππων
707 1198 799 1252 καὶ
858 1199 1165 1274 χρημάτων
1225 1198 1512 1273 κυριεύσας
1572 1197 1798 1255 πολλῶν

140 1289 318 1345 οὐκέτι
357 1289 556 1344 λοιπὸν
591 1288 667 1350 ὼς
685 1288 858 1365 φυγάς
889 1286 979 1342 καὶ
1027 1284 1242 1361 λῃητης
1288 1289 1549 1366 κρυφίους
1599 1287 1801 1343 ἐποιεῖ-

139 1399 197 1434 το
250 1379 354 1439 τὰς
407 1375 697 1445 ἰπιθέσεις,
755 1374 905 1431 ἀλλά
981 1381 1226 1453 φανερῶς
1292 1376 1628 1432 ἀντεποιεῖτο
1692 1382 1800 1431 τῶν

144 1467 449 1541 ὑπαίθρων,
481 1466 1004 1542 προσρυϊσκομένων
1037 1464 1184 1538 αὐτῷ
1240 1465 1331 1521 καὶ
1387 1470 1496 1521 τῶν
1547 1465 1665 1521 ὅσοι
1716 1463 1805 1521 διὰ

142 1554 479 1631 κακουργίας
539 1554 663 1609 τότε
720 1550 988 1608 ἐδεδίεσαν
1051 1553 1297 1623 θάνατον,
1331 1555 1417 1609 καὶ
1454 1552 1666 1610 δούλων
1712 1555 1804 1609 καὶ

142 1650 247 1699 τῶν
310 1643 626 1720 χαιρόντων
705 1648 828 1705 ταῖς
886 1644 1171 1718 ἁρπαγαῖς,
1219 1642 1293 1705 ὼς
1350 1642 1400 1698 έν
1474 1645 1672 1720 βραχεῖ
1723 1648 1804 1716 τῷ

144 1734 337 1809 χρόνῳ
397 1730 627 1804 δύναμιν
687 1731 811 1807 περὶ
872 1731 1032 1786 αὐτὸν
1108 1732 1455 1805 ἀθροισθῆναι
1519 1733 1801 1807 μεγίστην,

144 1823 266 1897 περί
326 1844 437 1877 που
490 1823 589 1885 τάς
637 1828 677 1874 ν’
709 1818 985 1896 χιλιάδας.
1030 1820 1128 1875 Καὶ
1174 1821 1242 1876 τά
1294 1821 1389 1894 μὲν
1432 1824 1546 1876 κατ’
1600 1822 1801 1877 ἐκεῖνον

144 1913 366 1988 ἐφέρετο
394 1909 552 1985 τῇδε·
588 1912 617 1966 ὁ
648 1910 706 1965 δὲ
763 1914 1095 1987 Μουχοῦμετ
1143 1911 1218 1983 μή
1278 1910 1507 1986 ἐνεγκὼν
1571 1911 1807 1987 μετρίως

144 2005 239 2070 τὴν
270 2000 579 2076 γενομένην
609 2001 840 2076 τροπὴν,
883 1997 1031 2054 ἆλλά
1073 2000 1467 2075 βαρυθυμήσας
1522 2000 1647 2064 τοὸς
1708 2002 1802 2074 μὲν

147 2090 272 2146 δέκα
333 2088 682 2165 στρατηγοὺς
735 2085 1114 2165 ἀπετύφλωσε,
1166 2086 1291 2152 τοὺς
1339 2085 1397 2142 δὲ
1450 2085 1806 2165 διαφυγόντας

148 2180 489 2256 στρατιώτας
574 2179 665 2232 τὸν
750 2174 999 2232 κίνδυνον
1087 2171 1465 2252 θριαμϐεύσειν
1534 2176 1804 2250 ἠπείλησε

146 2268 496 2344 γυναικείους
539 2261 1050 2342 περιϐεϐλημένους
1080 2265 1304 2335 στολὰς,
1338 2267 1500 2329 αὐτὸς
1561 2264 1619 2322 δὲ
1669 2269 1806 2344 πρὸς

150 2356 569 2433 ἀντιπαράταξιν
630 2355 1027 2425 καθωπλίζετο.
1089 2356 1155 2411 Οἱ
1244 2353 1301 2410 δὲ
1375 2356 1806 2431 προηττηθέντες

151 2451 483 2519 στρατιῶται
538 2441 797 2519 μαθόντες
852 2445 947 2506 τὰς
1006 2442 1237 2507 ἀπειλὰς
1287 2450 1675 2520 προσχωροῦσι
1731 2452 1810 2520 τῷ

149 2534 591 2613 Τογγρολίπηκι.
652 2532 939 2605 Τοσαύτης
1007 2532 1097 2587 οὗν
1170 2535 1609 2611 προσγενομένης
1662 2535 1809 2608 αὐτῷ

150 2628 237 2681 καὶ
267 2624 619 2696 τηλικαύτης
643 2621 946 2696 δυνάμεως,
980 2622 1202 2699 ἀγείρας
1253 2624 1460 2679 ἅπαντα
1505 2625 1596 2679 τὸν
1645 2644 1808 2698 στρα-

151 2717 239 2771 τὸν
299 2713 565 2790 ἠπείγετο
612 2714 749 2789 πρὸς
800 2713 891 2766 τὸν
930 2714 1284 2787 Μουχοῦμετ,
1316 2711 1589 2786 καθολικῇ
1655 2715 1807 2789 μάχῃ

153 2801 399 2859 σπεύδων
426 2808 607 2878 κρῖναι
637 2802 705 2856 1i
740 2800 1049 2876 πράγματα.
1085 2799 1259 2857 Ἀλλά
1315 2802 1405 2857 καὶ
1462 2799 1665 2866 ἐκεῖνος
1720 2803 1811 2857 καὶ

154 2892 511 2968 Σαρακηνοὺς
569 2889 905 2956 καθοπλίσας
961 2889 1049 2945 καὶ
1110 2890 1316 2966 Πέρσας
1367 2889 1454 2945 καὶ
1518 2886 1813 2965 Καϐείρους

153 2984 240 3037 καὶ
287 2976 563 3057 Ἀραϐας,
611 2981 704 3035 καὶ
753 2980 979 3057 στρατὸν
1039 2979 1444 3052 συστησάμενος
1522 2978 1648 3054 περί
1706 3001 1812 3034 που

152 3073 245 3133 τάς
301 3069 664 3133 πεντακοσίας
720 3066 980 3144 χιλιάδας
1023 3068 1114 3123 καὶ
1172 3065 1467 3143 ἐλέφαντας
1526 3068 1810 3146 πυργοφόι

153 3181 281 3234 ροος
330 3158 659 3225 ἑκατὸν,καῖ
714 3158 916 3219 πάντας
971 3157 1198 3218 τούτους
1243 3151 1552 3229 ἀναλαϐὼν,
1591 3157 1812 3211 ὑπαντι-

1834 1964 1882 2029 Β

1907 669 2251 740 gaudentes.
2307 669 2567 740 Denique
2616 670 2773 726 brevi
2824 677 3086 744 tempore
3134 674 3315 745 copia:
3359 674 3550 748 ipsius

1910 774 2098 828 usque
2126 759 2197 812 ad
2243 758 2422 812 50000
2470 768 2865 816 excreverunt.
2915 764 2980 817 At
3032 761 3446 821 Muehumetus
3477 766 3552 821 ob

1908 846 2133 903 cladem
2168 853 2461 918 acceptam
2486 846 2675 902 iratus
2694 849 2891 905 decem
2919 851 3063 906 istos
3080 852 3353 909 ductores
3375 852 3556 909 lumi-

1909 937 2084 991 nibus
2113 937 2298 1002 orbat,
2329 943 2386 991 et
2415 937 2518 1007 qui
2567 946 2874 994 evaserant
2915 941 3155 1010 milites,
3185 958 3285 999 eos
3333 958 3396 999 se
3423 960 3554 998 mu-

1908 1024 2075 1080 liebri
2108 1025 2348 1080 indutos
2390 1026 2602 1081 vestitu
2636 1026 2693 1081 in
2742 1027 3045 1100 triumpho
3093 1029 3409 1087 ducturum
3442 1033 3555 1087 mi-

1911 1122 2101 1168 natur.
2138 1114 2263 1185 Ipse
2289 1114 2360 1167 nd
2393 1113 2612 1169 bellum
2634 1117 2956 1186 gerendum
2984 1118 3555 1192 accingitur.Milites

1910 1208 2107 1258 autem
2139 1203 2239 1273 qui
2274 1210 2445 1257 antea
2471 1204 2609 1258 victi
2636 1222 2671 1259 a
2696 1205 2902 1261 Turcis
2935 1206 3189 1275 fuerant,
3220 1209 3393 1265 minis
3423 1227 3555 1281 per-

1911 1291 2118 1362 ceptis,
2150 1292 2220 1345 ad
2269 1291 2755 1363 Tangrolipacem
2788 1300 3117 1351 transeunt.
3167 1298 3219 1352 Is
3267 1302 3433 1353 tanta
3461 1316 3556 1353 ac-

1912 1380 2176 1435 Cessione
2209 1385 2421 1436 auctus
2469 1398 2602 1437 cum
2635 1383 2914 1438 omnibus
2945 1385 3072 1439 suis
3120 1385 3305 1456 copiis
3335 1386 3394 1440 in
3429 1386 3557 1441 Mu-

1913 1468 2257 1524 cbumetum
2289 1469 2355 1539 it,
2388 1475 2453 1525 ut
2510 1469 2742 1525 collatis
2773 1472 2962 1543 signis
3002 1475 3165 1541 justo
3210 1474 3407 1545 pralio
3441 1490 3558 1530 rem

1913 1558 2210 1613 decernat.
2245 1558 2312 1612 Et
2341 1558 2756 1615 Mucbumetus
2787 1562 3032 1617 armatis
3063 1563 3389 1619 Saracenis.
3422 1564 3561 1618 Per-

1915 1648 2019 1714 sis,
2051 1646 2287 1703 Caberis
2333 1653 2390 1703 et
2435 1648 2749 1717 Arabibus,
2792 1649 3049 1705 exercitu
3099 1652 3558 1724 quingentorum

1914 1734 2144 1790 circiter
2175 1734 2431 1791 millium
2453 1742 2747 1793 contracto
2770 1754 2836 1793 ac
2858 1744 3092 1794 centum
3125 1740 3434 1813 turrigeris
3455 1739 3566 1795 ele-

1918 1824 2173 1895 phantis,
2202 1824 2357 1879 hosti
2379 1826 2535 1897 apud
2568 1825 2762 1882 locum
2786 1828 2879 1883 cui
2909 1828 3217 1900 Aspachan
3242 1845 3455 1885 nomen
3477 1845 3567 1884 oc-

1914 1913 2119 1968 currit.
2154 1912 2236 1968 lbi
2267 1914 2451 1969 atroci
2485 1921 2754 1971 conserta
2784 1933 2983 1989 pugna
3012 1917 3337 1988 multisque
3368 1917 3561 1973 utrin-

1917 2018 2030 2073 que
2060 2003 2428 2070 cadentibus,
2449 2004 2574 2075 ipse
2605 2004 2781 2060 etiam
2816 2004 3405 2073 Mucbumetus,dum
3427 2005 3566 2061 hinc

1918 2092 2056 2147 inde
2086 2091 2384 2148 incautius
2430 2092 2729 2164 obequitat
2774 2110 3032 2165 suosque
3077 2094 3272 2150 verbis
3315 2094 3566 2162 animat,

1917 2197 2066 2252 equo
2098 2180 2379 2252 collapso,
2412 2182 2665 2238 cervices
2697 2183 2911 2255 frangit
2939 2200 3005 2238 ac
3034 2182 3305 2238 moritur.
3333 2183 3563 2239 Mortuo

1916 2269 2066 2340 ipso,
2100 2271 2387 2325 exercitus
2413 2285 2548 2327 cum
2598 2272 2806 2326 Turcis
2837 2272 3157 2344 conspirat,
3207 2276 3266 2327 et
3295 2274 3564 2328 omnium

1915 2359 2214 2414 voluntate
2272 2359 2729 2430 Tansgolipaces
2779 2360 2987 2415 Persice
3040 2376 3139 2415 rex
3205 2359 3565 2417 declaratur.

1919 2448 2118 2520 Regno
2142 2452 2377 2519 accepto
2409 2447 2612 2503 statim
2635 2448 2841 2503 Turcis
2864 2449 3090 2504 aditum
3113 2448 3171 2504 in
3197 2450 3351 2505 570
3380 2448 3570 2506 Persi-

1918 2537 2049 2591 dem
2083 2536 2308 2610 aperit;
2340 2540 2516 2608 atque
2550 2536 2610 2591 hi
2641 2538 2947 2594 confertim
2978 2555 3043 2594 eo
3076 2555 3139 2594 se
3170 2537 3568 2609 contulerunt,

1919 2627 2175 2698 exceptis
2207 2643 2356 2697 quos
2390 2626 2589 2698 patrias
2623 2644 2789 2682 amor
2817 2628 3133 2691 detinebat,
3153 2627 3573 2700 oppressisque

1918 2715 2113 2770 Persis
2140 2732 2205 2770 ac
2236 2715 2544 2771 Saracenis
2603 2732 2771 2772 suam
2827 2719 3092 2771 fecerunt
3137 2716 3458 2785 Persidem,
3506 2733 3573 2773 ac

1919 2804 2327 2876 Tangrolipaei
2350 2820 2563 2860 nomen
2588 2803 2809 2860 sultani
2832 2803 3268 2874 imposuerunt,
3292 2822 3410 2879 qua
3437 2820 3576 2861 voce

1923 2909 2194 2948 summus
2226 2893 2545 2960 imperator
2577 2909 2642 2948 ac
2675 2910 2775 2948 rex
2820 2910 3024 2964 regum
3068 2898 3324 2949 notatur.
3358 2894 3413 2949 Is
3444 2909 3571 2949 om-

1924 2997 2028 3036 nes
2062 2981 2445 3052 magistratus
2493 2982 2565 3037 ab
2598 2981 2805 3037 incolis
2854 2981 2913 3036 in
2957 2998 3098 3037 suos
3126 2982 3454 3053 transtulit,
3483 2982 3573 3037 in-

1923 3076 2128 3141 terque
2163 3071 2266 3125 hos
2315 3070 2649 3125 universam
2700 3068 2900 3125 divisit
2956 3070 3277 3139 Persidem,
3328 3087 3572 3143 prorsus

1925 3158 2283 3214 conculcatis
2311 3159 2625 3231 indigenis.

154 3254 266 3319 ἀζει
307 3250 453 3304 κατά
506 3249 569 3303 τὸ
625 3246 916 3322 λεγόμενον
950 3248 1247 3321 ’Λσπαχᾶν.
1280 3246 1382 3301 Καὶ
1434 3245 1732 3321 γενομένης
1785 3246 1971 3321 μάχης
2027 3241 2414 3321 φοϐερωτάτης
2471 3243 2658 3302 ἔπεσον
2717 3246 2810 3319 μὶν
2870 3245 2921 3317 ἐξ
2950 3246 3276 3323 ἀμφοτέρων
3333 3244 3573 3306 πολλοι.

153 3338 351 3391 πίπτει
374 3331 431 3389 δὲ
461 3333 548 3388 καὶ
582 3333 743 3394 αὐτὸς
775 3333 804 3387 ό
836 3336 1186 3407 Μουχοῦμετο
1224 3330 1651 3405 ἐξιππαζόμενος
1703 3331 1803 3407 γὰρ
1853 3330 2093 3392 ἀτάκτως
2147 3328 2293 3394 ἔνθεν
2343 3333 2588 3395 κάκεῖθεν
2640 3332 2730 3387 καὶ
2782 3333 2872 3388 τὸν
2906 3332 3111 3387 οἷ’κεῖον
3144 3332 3573 3411 παραθαρρύνων

157 3425 320 3489 λαὸν,
345 3421 443 3477 τοῦ
468 3420 643 3476 ’ίππου
667 3422 1035 3494 συμπεσόντος
1068 3421 1216 3493 αὐτῷ
1247 3418 1701 3496 ὲκτραχηλισθεὶς
1728 3419 1973 3477 ἀπέθανε.
2004 3419 2208 3475 Τούτου
2259 3417 2316 3475 δὲ
2362 3420 2621 3483 πεσόντος
2666 3421 2729 3475 τὸ
2788 3421 2879 3475 σὺν
2939 3420 3087 3495 αὐτῷ
3140 3420 3357 3491 πλῆθος
3417 3422 3572 3497 ὼμο-

157 3514 324 3583 νόησε
372 3516 491 3571 τοῖς
549 3510 826 3581 ἐναντίοις,
860 3509 950 3564 καὶ
981 3510 1009 3563 ὁ
1038 3507 1430 3585 Ταγγρολίπηξ
1486 3509 1589 3563 ὑπὸ
1638 3508 1852 3563 πάντων
1895 3507 2276 3583 ἀναγορεύεται
2331 3508 2585 3585 βασιλεὺς
2627 3516 2726 3578 τῆς
2771 3507 3050 3585 Περσίδος.
3105 3510 3457 3587 Ἀναῤῥηθεῖς
3516 3508 3574 3566 δὲ

158 3601 387 3674 πέμψας
415 3604 663 3675 καθαιρεῖ
691 3600 790 3667 τήν
825 3597 878 3653 έν
898 3602 966 3674 τῇ
998 3597 1206 3675 γεφύρᾳ
1242 3602 1338 3652 τοῦ
1389 3595 1669 3672 ’Δράξιδος
1710 3594 1983 3671 φυλακὴν,
2015 3598 2104 3652 καὶ
2161 3596 2343 3653 ἄνετον
2405 3595 2594 3652 δίδωσι
2642 3602 2721 3669 τῷ
2781 3597 3102 3674 βουλομένῳ
3149 3603 3259 3654 τῶν
3316 3599 3574 3672 Τοόρκων

159 3693 259 3760 τῆν
293 3689 355 3751 ἐς
383 3690 486 3757 τήν
524 3685 760 3763 Περσίδα
788 3688 1033 3764 πορείαν.
1063 3685 1453 3751 ’Λπολυθὲντες
1485 3684 1541 3741 δὲ
1575 3687 1725 3741 οὗτοι
1756 3684 2072 3763 εἰσέδραμον
2105 3686 2449 3760 παμπληθεὶ,
2482 3685 2628 3757 πλὴν
2675 3691 2781 3742 τῶν
2842 3686 2959 3742 ὅσοι
3002 3693 3103 3756 τῆς
3162 3688 3363 3743 δαυτῶν
3417 3687 3573 3742 ἀντε-

154 3778 420 3834 ποιοῦντο
452 3775 733 3852 πατρίδος,
766 3776 854 3831 καὶ
881 3775 1200 3839 καθελόντες
1234 3776 1439 3850 Πέρσας
1473 3777 1560 3830 καὶ
1596 3774 1945 3851 Σαρακηνοὺς
1992 3775 2141 3830 αὐτοὶ
2182 3775 2366 3850 κύριοι
2420 3782 2522 3842 τῆς
2582 3772 2841 3851 Περσίδος
2888 3774 3149 3848 ἐγένοντο,
3179 3775 3269 3830 τὸν
3326 3780 3569 3851 Ταγγρο-

157 3869 375 3939 λίπηκα
431 3866 726 3922 σουλτάνον
787 3866 1172 3939 ἀνομάσαντες,
1203 3865 1446 3920 τουτέστι
1504 3865 1918 3939 παντοκράτορα
1974 3866 2063 3918 καὶ
2124 3864 2350 3940 βασιλέα
2414 3864 2701 3939 βασιλέων
2736 3865 2794 3927 ’ὸς
2851 3864 3023 3925 πάσας
3079 3863 3177 3925 τάς
3216 3863 3391 3939 ἀρχάς
3442 3862 3569 3925 τοὺς

154 3959 474 4036 ἐγχωρίους
505 3956 841 4035 ἀφελόμενος
872 3956 948 4018 εἷς
977 3956 1253 4029 Τούρκους
1288 3957 1582 4031 μετήνεγκε
1613 3957 1694 4028 [Ρ.
1725 3957 1852 4028 769]
1877 3955 1967 4010 καὶ
2009 3957 2108 4025 τήν
2159 3953 2393 4030 Περσίδα
2432 3962 2604 4010 πᾶσαν
2654 3956 2790 4030 πρὸς
2837 3953 3031 4017 αὐτοὺς
3079 3951 3367 4027 διένειμεν,
3398 3952 3451 4016 ἐς
3506 3953 3568 4008 τὸ

154 4047 424 4110 παντελὲς
455 4046 794 4108 κατασπάσας
822 4046 911 4100 καὶ
942 4046 1278 4106 ταπεινώσας
1302 4043 1429 4105 τοὺς
1459 4043 1794 4119 ἐγχωρίους.

223 4140 319 4201 Ὠς
382 4135 441 4191 δὲ
497 4134 681 4191 καλῶς
738 4131 883 4210 ἔχειν
944 4132 1117 4189 ἐδόκει
1160 4132 1339 4207 τούτῳ
1389 4133 1459 4188 τά
1487 4133 1801 4207 πράγματα,

1989 4136 2325 4191 Secundum
2372 4134 2494 4190 haec
2541 4135 2816 4191 sultanus
2868 4151 3067 4207 regno,
3126 4140 3190 4190 ut
3243 4133 3568 4204 videbatur,

159 4227 429 4301 πρότερον
468 4224 562 4297 μὶν
593 4229 707 4286 τοῖς
755 4224 1002 4304 ομόροιςρ
1042 4219 1327 4284 δυνάσταις
1386 4219 1589 4297 ἤρξατο
1645 4221 1808 4277 πολε-

1925 4225 2197 4295 praeclare
2226 4226 2567 4289 constituto,
2599 4225 2751 4280 bello
2786 4231 2979 4297 petere
3024 4225 3307 4303 finitimos
3338 4221 3572 4295 regulos

166 4323 307 4387 μεῖν,
339 4314 602 4389 καὶπρὸς
636 4314 730 4387 μὶν
782 4313 874 4366 τὸν
926 4310 1272 4387 Πισσασίριον
1328 4313 1429 4380 τῆς
1482 4305 1808 4373 Βαϐυλῶνος

1923 4313 2204 4369 instituit.
2232 4313 2515 4383 Factaque
2540 4312 2596 4366 in
2623 4310 2997 4367 Pissasirium
3018 4309 3330 4383 Babylonis
3362 4309 3571 4364 ducem

164 4405 410 4481 ἄρχοντα
439 4402 604 4464 αὐτὸς
653 4400 722 4456 δι’
754 4401 942 4456 ἑαυτοῦ
998 4399 1353 4475 παρετάξατο,
1381 4401 1472 4454 καὶ
1529 4396 1811 4474 διαφόροις

168 4497 375 4569 μάχαις
426 4492 618 4545 τοὸτον
675 4491 913 4560 ἡττήσας
960 4489 1047 4543 καὶ
1093 4485 1300 4543 ἀνελὼν
1330 4487 1519 4560 κύριος
1568 4487 1657 4542 καὶ
1712 4493 1811 4556 τῆς

168 4579 532 4637 Βαϐυλωνίων
574 4580 761 4656 χώρας
800 4576 1031 4653 ἐγένετο,
1063 4577 1198 4652 πρὸς
1248 4574 1307 4631 δὲ
1364 4570 1662 4651 Καρϐέσιον
1720 4576 1809 4630 τὸν

166 4676 267 4724 τῶν
310 4665 566 4743 Ἀράϐων
617 4667 869 4743 ἀρχηγὸν
931 4665 1319 4739 Κουτλουμυῦς
1382 4664 1670 4738 ἐκπέμπει,
1699 4664 1812 4719 υἱὸν

170 4758 291 4814 εντα
320 4763 420 4813 τοῦ
453 4754 691 4834 ἀδελφοῦ
722 4761 817 4810 τοῦ
862 4754 1064 4809 οἰκείου
1117 4754 1344 4830 πατρὸς,
1377 4761 1539 4830 χεῖρα
1598 4755 1812 4829 βαρεῖαν

172 4848 292 4910 ἰοὸς
344 4847 516 4919 αὐτῷ’
552 4845 612 4909 ’ὀς
666 4841 918 4907 ἀπελθὼν
983 4843 1073 4899 καὶ
1127 4848 1244 4905 τοῖς
1275 4845 1480 4918 ’Ἄραψι
1520 4837 1818 4915 συμϐαλὼν

178 4933 379 5007 ξτττςθὴ
438 4935 530 4989 καὶ
589 4930 844 5009 αἴσχιστα
901 4931 1114 5011 ἔφυγεν.
1162 4933 1538 5011 Ὑποστρέφων
1597 4928 1654 4986 δὶ
1712 4930 1817 4986 ἀπὸ

174 5034 267 5094 τῆς
292 5027 533 5098 τροπῆς,
566 5022 656 5077 καὶ
713 5020 934 5096 μέλλων
992 5018 1253 5077 διοδεύειν
1310 5021 1415 5076 ἀπὸ
1462 5024 1559 5090 τῆς
1606 5017 1819 5092 Μηδίας

176 5114 294 5184 ἤτοι
350 5118 454 5169 τοῦ
508 5112 865 5185 Βαασπρακάν
925 5112 1090 5187 (ἦρχε
1146 5108 1205 5165 δὶ
1257 5109 1382 5165 τότε
1436 5116 1537 5180 τῆς
1564 5109 1821 5180 τοιαύτης

174 5206 359 5277 χώρας
416 5202 481 5257 ἐκ
531 5198 803 5276 βασιλέως
851 5199 1118 5275 πεμφθείς
1174 5198 1447 5277 Στέφανος
1477 5200 1759 5275 πατρίκιος
1792 5199 1820 5252 ὁ

180 5291 582 5346 Κωνσταντίνου
624 5292 721 5344 τοῦ
768 5284 1331 5363 παραδυναστεύοντος
1540 5291 1618 5359 τῷ
1671 5289 1821 5361 βασι-

180 5384 263 5435 λεῖ
315 5387 416 5450 τῆς
466 5374 792 5454 Λειχουδίας
852 5379 963 5452 (36)
1025 5377 1161 5451 υἱὸς)
1194 5374 1407 5431 στέλλει
1466 5376 1604 5450 πρὸς
1662 5375 1820 5431 αὐτὸν

1921 4402 2313 4473 expeditione,
2345 4401 2596 4455 diversis
2623 4400 2842 4472 praeliis
2873 4416 3007 4455 eum
3054 4399 3239 4454 vincit
3276 4403 3452 4471 atque
3483 4400 3572 4452 in-

1922 4491 2155 4557 terﬁcit,
2188 4494 2245 4544 et
2274 4490 2381 4544 boc
2432 4490 2606 4544 modo
2658 4488 3011 4561 Babylonica
3059 4489 3281 4544 ditioue
3331 4488 3572 4559 potitur.

1922 4579 2061 4634 lude
2092 4580 2375 4634 adversus
2401 4578 2742 4634 Carbesium
2767 4580 3023 4633 Arabum
3050 4576 3373 4649 principem
3406 4574 3573 4630 emit-

1924 4668 1995 4722 tit
2026 4684 2240 4739 magno
2288 4684 2421 4722 cum
2472 4668 2727 4722 exercitu
2786 4667 3229 4730 Cutlumusum,
3272 4664 3455 4737 patris
3483 4663 3574 4718 sui

1929 4758 2102 4812 fratre
2136 4764 2360 4811 natum.
2395 4759 2470 4824 Is,
2504 4756 2823 4811 commisso
2853 4771 2987 4809 cum
3030 4754 3324 4809 Arabibus
3356 4752 3574 4824 proelio,

1927 4852 2239 4917 superatus
2270 4846 2518 4916 turpiter
2567 4844 2734 4914 fugit.
2787 4844 3052 4913 Cumque
3089 4844 3150 4897 in
3198 4840 3388 4897 reditu
3422 4849 3576 4894 esset

1929 4952 2029 5005 per
2087 4934 2341 4989 Mediam
2399 4933 2595 5002 (hodie
2656 4933 3024 5003 Baaspracan
3083 4929 3431 5003 appellatur)
3465 4928 3578 4981 iter

1930 5026 2214 5085 tacturus,
2250 5022 2317 5075 ad
2352 5021 2480 5090 ejus
2514 5021 2848 5091 praefectum
2875 5020 2944 5087 (is
2974 5024 3097 5072 erat
3121 5020 3192 5072 ab
3224 5017 3577 5087 imperatore

1932 5111 2329 5166 Romanorum
2364 5126 2429 5165 eo
2465 5110 2704 5177 missus,
2738 5108 3073 5177 Stephanus
3106 5105 3407 5177 patricius,
3435 5103 3577 5159 Con-

1932 5198 2197 5267 stantini,
2229 5199 2331 5269 qui
2384 5216 2499 5252 una
2544 5214 2676 5252 cum
2728 5203 3079 5268 imperatore
3128 5192 3584 5249 administrabat

1934 5288 2358 5358 rempublicam
2407 5285 2733 5341 Leicbudiae
2768 5285 2942 5355 filius)
2968 5282 3167 5338 missis
3191 5281 3403 5354 legatis
3435 5279 3585 5334 libe-

1935 5393 2065 5431 rum
2091 5375 2202 5430 sibi
2235 5376 2545 5430 transitum
2575 5372 2829 5446 permitti
2857 5369 3422 5444 petit,jurejurando
3451 5384 3587 5442 gra-

1373 5502 1743 5558 XYLANDRI
1784 5502 1871 5556 ET
1909 5499 2135 5556 GOARI
2177 5498 2408 5554 NOT/E.

250 5614 363 5685 (85)
396 5611 711 5684 Dignitatis
743 5627 847 5685 seu
871 5610 1257 5685 magistratus
1284 5616 1373 5665 est
1397 5626 1631 5685 nomen,
1658 5608 1832 5685 quasi

186 5680 559 5756 imperatoris
590 5683 873 5738 vicarium
924 5680 1241 5756 designans
1287 5690 1341 5739 tt
1390 5682 1700 5756 collegam,
1732 5680 1832 5755 qui

185 5766 242 5812 et
269 5765 464 5815 rector
492 5756 817 5813 dicebatur.
846 5759 985 5810 XYL.

2014 5607 2126 5683 (36)
2173 5606 2359 5683 Paulo
2412 5602 3017 5683 su_pra_C‘onstantini
3075 5600 3389 5683 Leichudaa~
3436 5600 3592 5683 facta

1945 5674 2186 5748 méntio,
2219 5679 2277 5733 in
2314 5674 2570 5734 Tornicii
2600 5674 2961 5733 deiectione:
2995 5690 3152 5729 nunc
3178 5689 3294 5748 cur
3322 5679 3429 5748 τῆς
3454 5674 3595 5729 arti-

1944 5749 2117 5808 culus
2148 5745 2468 5807 femininus
2500 5749 2578 5806 sit
2607 5748 2843 5805 additus
2878 5748 3095 5816 nescio,
3132 5747 3243 5802 nisi
3279 5745 3434 5818 quod
3457 5759 3598 5801 con-
