4070 6334
533 446 651 506 303

1862 448 2173 507 GEORGII
2228 447 2562 503 Cl'iDliENl

3823 452 3942 509 304

530 572 777 628 vissimo
837 571 1201 643 interposito,
1261 572 1559 644 pollicitus
1620 589 1680 627 se
1727 573 1869 628 571
1928 590 2163 643 suosqui

2296 567 2648 642 πρεσϐευτὰς,
2704 570 2865 640 ἀξιῶν
2926 574 3356 647 συγχωρηθῆναι
3422 570 3654 627 διελθεῖν
3725 572 3942 627 ἀκωλύ-

536 664 759 732 absque
809 659 1095 714 maleficio
1146 664 1514 716 transituros.
1549 663 1618 715 At
1665 662 2001 731 Stephanus
2055 679 2182 715 eam

536 752 875 823 petitionem
898 766 929 804 a
948 749 1265 804 timiditate
1294 753 1602 820 profectam
1624 750 2181 821 opinatus,exercitu

536 858 655 895 suis
689 843 995 912 provincias
1028 839 1291 903 collecto,
1327 842 1383 893 in
1419 844 1635 894 Turcos
1670 845 1952 910 tanquam
1986 839 2184 893 hostes

537 930 719 984 ducit.
773 929 1199 985 Gravissimum
1251 945 1319 982 ea
1380 946 1471 982 res
1520 928 1779 981 dolorem
1842 927 2183 982 Cutlumuso

537 1017 753 1085 attulit,
787 1019 1003 1089 quippe
1057 1018 1223 1086 cuius
1275 1017 1564 1071 exercitus
1615 1017 1828 1083 omnis,
1882 1022 2081 1087 utpote
2112 1018 2182 1070 ab

535 1109 778 1162 adverso
812 1106 1008 1178 prwlio
1033 1108 1284 1173 rediens,
1322 1109 1586 1177 pedester
1611 1106 1973 1176 inermisque
2004 1113 2179 1161 esset.

533 1197 780 1251 Coactus
820 1202 1013 1250 tamen
1074 1195 1365 1260 conflixit,
1426 1195 1845 1264 victoriamque
1904 1195 2178 1261 obtinuit,

531 1293 701 1359 capto
732 1304 864 1340 cum
901 1284 1101 1339 multis
1124 1285 1253 1339 aliis
1285 1286 1458 1339 etiam
1495 1286 1621 1355 ipso
1644 1285 1938 1355 Stephano
1966 1302 1977 1339 :
2005 1301 2177 1355 quem

528 1384 586 1431 et
618 1377 677 1430 in
708 1376 902 1430 reditu
933 1376 1087 1446 apud
1121 1375 1464 1428 Tabrezium
1497 1374 1604 1428 loci
1629 1375 1757 1443 ejus
1786 1374 2023 1428 domino
2046 1390 2179 1428 ven-

532 1465 698 1520 didit.
733 1463 1014 1519 Caeterum
1050 1464 1118 1517 ad
1156 1462 1455 1517 sultanum
1490 1478 1761 1516 reversus
1795 1462 2178 1517 Cutlumiisus

534 1555 605 1609 de
635 1559 871 1624 accepta
902 1551 1065 1606 clade
1095 1568 1156 1607 se
1189 1556 1418 1622 purgat,
1453 1550 1626 1621 culpa
1656 1552 1715 1604 in
1765 1550 1911 1605 alios
1943 1550 2177 1620 collata,

532 1642 957 1714 polliceturque
987 1640 1034 1696 si
1069 1656 1301 1694 rursum
1335 1656 1467 1694 cum
1512 1638 1695 1710 c0piis
1730 1640 2010 1693 adversus
2042 1639 2174 1693 Car-

531 1732 761 1787 besium
794 1732 1083 1798 mittatur,
1135 1728 1298 1783 facile
1347 1745 1410 1782 se
1456 1728 1719 1781 Arabiam
1769 1729 2173 1781 subacturum.

530 1820 729 1875 Obiter
782 1818 958 1874 etiam
1019 1820 1087 1872 de
1148 1818 1571 1889 Baaspracania
1626 1817 1824 1886 refert,
1881 1816 2171 1887 regionem

530 1927 658 1965 esse
688 1907 1114 1964 fertilissiinam
1148 1912 1207 1961 et
1238 1924 1269 1959 a
1302 1905 1650 1959 mulieribus
1680 1906 1886 1973 teneri,
1919 1906 2004 1959 sic
2035 1906 2174 1959 obli-

528 2015 641 2070 que
673 2003 883 2053 notans
916 1996 1153 2061 milites,
1186 2012 1318 2049 cum
1353 1994 1570 2065 quibus
1604 1994 1926 2048 dimicaret.
1963 1994 2168 2049 Verum

526 2087 800 2143 sultanus
827 2086 875 2139 ei
910 2086 982 2139 ob
1032 2085 1285 2139 dedecus
1335 2083 1551 2137 amissae
1586 2083 1835 2137 victoriae
1887 2083 2071 2136 iratus
2102 2082 2172 2137 de

527 2174 1075 2247 comprehendendo
1113 2172 1545 2242 occidendoque
1577 2171 1812 2225 homine
1843 2170 2171 2241 cogitabat;

524 2267 803 2320 adversus
826 2268 1018 2316 autem
1043 2262 1336 2316 Romanos
1361 2278 1524 2315 arma
1546 2276 1774 2315 movere
1800 2260 2169 2326 formidabat,

522 2354 648 2425 ipso
681 2352 917 2406 nomine
947 2365 1137 2404 rerum
1190 2349 1465 2420 praeclare
1512 2366 1543 2402 a
1576 2349 1766 2403 tribus
1799 2348 2168 2419 imperatori-

521 2444 632 2497 bus
664 2439 1008 2512 Nicephoro,
1042 2437 1330 2493 'I‘zimisca
1361 2443 1416 2492 et
1447 2436 1661 2491 Basilio
1705 2442 2001 2509 gestarum
2040 2455 2169 2508 per-

518 2532 780 2597 territus,
842 2528 1269 2599 suspicansque
1328 2528 1592 2582 eamdem
1656 2543 1783 2582 esse
1841 2526 2166 2580 etiamnum

516 2622 793 2676 virtutem
830 2619 1225 2673 Romanorum
1263 2621 1438 2687 atque
1472 2617 1810 2688 potentiam.
1849 2615 2169 2669 Dubitabat

514 2715 710 2766 tamen
748 2709 1129 2777 incertusque
1181 2705 1363 2760 animi
1416 2704 1777 2759 deliberabat
1827 2704 1963 2775 quid
1998 2721 2167 2775 agen-

520 2801 660 2853 dum
710 2797 863 2854 572
915 2796 1077 2850 foret.
1134 2795 1241 2848 Sed
1306 2793 1691 2847 Cutlumusus
1739 2793 1991 2847 insidias
2034 2810 2165 2847 sen-

522 2890 675 2943 tiens
707 2902 838 2941 cum
872 2886 998 2939 suis
1032 2884 1215 2954 fugit;
1251 2884 1573 2954 urbemque
1606 2882 1663 2936 in
1695 2882 2053 2936 Chorasmiis
2085 2884 2165 2937 si-

523 2984 666 3043 tam,
702 2978 795 3031 cui
849 2979 1027 3028 Pasar
1074 2989 1309 3035 nomen,
1362 2971 1819 3025 munitissimam
1874 2987 2167 3042 occupans

523 3066 755 3122 sultano
788 3064 1149 3118 adversatur.
1176 3061 1457 3115 Sultanus
1481 3061 1535 3114 in
1563 3060 1869 3131 praesentia
1897 3076 1962 3114 eo
1984 3060 2164 3114 omis-

523 3174 587 3211 so
618 3170 750 3209 cum
784 3151 1060 3207 omnibus
1106 3151 1227 3204 suis
1278 3148 1461 3220 cepiis
1492 3154 1690 3203 contra
1743 3148 1959 3202 Arabes
1992 3149 2163 3219 profi-

525 3246 785 3309 ciscitur,
818 3247 873 3295 et
903 3243 976 3294 ab
999 3240 1069 3294 iis
1093 3241 1215 3310 ipse
1236 3238 1844 3309 quoqueprofligatur.
1881 3238 2166 3292 Reversus

3235 661 3410 732 ὅρκων
3493 659 3943 736 φρικωδεστάτων

3033 663 3149 732 μεθ’

2296 746 2566 820 ἄψαυστον
2624 750 2709 802 καὶ
2767 750 2923 817 ἀσινῆ
2985 747 3309 824 διατηρῆσαι
3370 752 3467 818 την
3527 751 3737 825 χώραν.
3773 754 3834 810 Ὀ
3888 752 3944 807 δὲ

2293 681 2400 719 τως
2440 704 2451 727 ,
2512 660 2945 733 ὑπισχνούμενος

2291 837 2416 897 τοὺς
2446 832 2697 911 πρέσϐεις
2729 835 3012 910 δεξάμενος
3042 840 3131 892 καὶ
3179 841 3280 907 την
3334 839 3678 913 παράκλησιν
3730 838 3940 895 δειλίαν

2296 926 2423 978 εἶναι
2458 927 2826 996 ὑποτοπάσας,
2859 928 2950 981 τὸν
2982 926 3256 1002 ἐγχώριον
3304 929 3555 1002 ἁθροίσας
3607 931 3830 1000 στρατὸν
3864 932 3939 991 ὡς

2294 1014 2371 1076 εἷς
2431 1014 2675 1087 πόλεμον
2738 1018 3045 1085 ὑπαντιάζει
3101 1023 3218 1078 τοῖς
3251 1018 3527 1090 Τούρκοις.
3570 1020 3631 1074 Ὀ
3679 1016 3743 1072 δὲ
3802 1026 3935 1074 Κου-

2290 1101 2566 1175 τλουμοῦς
2597 1105 2900 1181 περιαλγὴς
2937 1108 3030 1179 μὶν
3064 1105 3148 1160 ἐπὶ
3196 1112 3313 1160 τοῖς
3363 1109 3758 1181 πραττομένοις
3813 1107 3935 1182 ἐγε-

2290 1213 2410 1245 νετο
2446 1194 2526 1261 (ἦν
2560 1196 2662 1268 γὰρ
2697 1196 2724 1248 6
2754 1196 2869 1248 κατ’
2900 1195 3058 1249 αὐτὸν
3115 1194 3244 1256 λαὸς
3303 1198 3461 1264 ἅπας,
3492 1195 3565 1256 ὡς
3617 1194 3676 1250 ἐκ
3723 1205 3936 1269 τροπῆς

2291 1280 2597 1351 ἐπανήκων,
2658 1284 2817 1352 πεζὸς
2872 1284 2962 1337 καὶ
3021 1284 3273 1355 ἄοπλος),
3322 1283 3476 1356 ὅμως
3530 1281 3587 1338 δὶ
3643 1285 3730 1339 καὶ
3790 1283 3935 1339 ἄκων

2289 1370 2596 1445 ἠναγκάσθη
2668 1373 3209 1445 ἀντιπαρατάξασθαι.
3269 1372 3363 1426 Καὶ
3442 1367 3728 1444 συμϐολῆς
3781 1395 3935 1449 γενο-

2294 1458 2458 1533 μένης
2485 1463 2775 1533 τρέπονται
2810 1462 2864 1514 οἱ
2896 1462 3017 1535 περὶ
3072 1462 3162 1515 τὸν
3218 1461 3509 1538 Στέφανον,
3542 1459 3817 1517 ἁλίσκεται
3879 1461 3936 1518 δὶ

2287 1550 2375 1603 καὶ
2410 1549 2568 1610 αὐτὸς
2597 1549 2957 1624 αἰχμάλωτος
2992 1549 3084 1603 σὺν
3137 1549 3329 1611 ἄλλοις
3380 1549 3634 1611 πολλοῖς.
3665 1552 3761 1604 Καὶ
3808 1557 3935 1606 τοῦ·

2286 1659 2379 1691 τον
2419 1639 2511 1710 μὲν
2573 1635 2933 1712 διερχόμενος
2986 1640 3121 1693 κατὰ
3172 1639 3232 1692 τὸ
3280 1634 3574 1709 Ταϐρέζιον
3623 1638 3940 1710 ἀπεμπολεῖ

2286 1733 2365 1799 τῷ
2385 1727 2639 1803 τοπάρχῃ
2682 1735 2780 1795 τῆς
2816 1729 3027 1802 χώρας,
3065 1725 3222 1781 αὗτὸε
3281 1725 3337 1781 δὲ
3389 1729 3525 1801 πρὸς
3562 1728 3652 1781 τὸν
3708 1728 3941 1783 σουλτά-

2285 1838 2371 1869 νον
2414 1815 2718 1869 ἐπανελθὼν
2777 1816 2865 1869 καὶ
2916 1816 3036 1889 περὶ
3087 1822 3186 1883 τῆς
3224 1819 3431 1888 τροπῆς
3485 1814 3940 1889 ἀπολογούμενος

2290 1904 2548 1977 μετετίθει
2606 1905 2701 1964 τὰς
2754 1903 2929 1965 αἰτίας
2992 1904 3065 1965 εἷς
3119 1903 3346 1970 ἄλλους,
3404 1904 3493 1957 καὶ
3528 1905 3934 1979 ἐπηγγέλλετο,

2285 1994 2330 2049 εἷ
2392 1992 2541 2055 αὖθις
2627 1991 2853 2065 δύναμιν
2941 1988 3123 2047 λαϐὼν
3204 1993 3574 2067 ὲκστρατεύσιι
3640 1996 3774 2048 κατᾶ
3833 1997 3936 2049 τοῦ

2284 2079 2601 2157 Καρϐεσίου,
2664 2082 2789 2157 ῥᾷον
2852 2082 2997 2152 αὗτῷ
3051 2084 3411 2155 παραστήσειν
3483 2082 3581 2150 τὴν
3645 2078 3932 2156 Ἀραϐίαν.

2282 2172 2369 2234 Ὠς
2425 2170 2476 2224 ἐν
2539 2167 2763 2245 παρόδῳ
2796 2168 2853 2224 δὲ
2883 2172 3148 2248 ἀφηγεῖτο
3186 2172 3275 2224 καὶ
3320 2171 3440 2245 περί
3498 2176 3594 2225 τοῦ
3645 2174 3937 2245 Βαασπραο

2280 2261 2400 2327 κὰν,
2436 2260 2511 2320 ὡς
2544 2258 2627 2328 εἷή
2664 2259 2757 2330 μὲν
2810 2260 2970 2334 χώρα
3012 2261 3326 2337 πάμφορος,
3376 2260 3660 2334 κατέχεται
3719 2259 3776 2315 δὶ
3824 2263 3936 2317 ὑπὸ

2279 2352 2567 2421 γυναικῶν,
2624 2346 2749 2407 τοὺς
2820 2348 3276 2419 πεπολεμηκὸτας
3354 2349 3488 2423 πρὸς
3547 2350 3707 2403 αὐτὸν
3767 2371 3936 2425 στρα-

2278 2435 2476 2497 τιώτας
2538 2436 3001 2507 ὐπαινιττόμενος.
3050 2433 3206 2490 Ἀλλ’
3256 2434 3456 2489 ἐκεῖνον
3522 2437 3614 2507 μὶν
3668 2439 3694 2491 6
3759 2438 3938 2493 coul—

2279 2526 2433 2586 τάνος
2463 2531 2757 2599 κατασχεῖν
2792 2523 3042 2596 ἐμελέτα,
3078 2523 3165 2579 διὰ
3192 2525 3253 2579 τι)
3306 2526 3497 2601 αἶσχος
3548 2527 3776 2599 μηνίσας
3834 2533 3941 2597 τῆς

2280 2614 2475 2683 ἥττης,
2508 2614 2597 2667 καὶ
2654 2615 2984 2683 ἀποκτεῖναι,
3016 2615 3150 2685 πρὸς
3200 2611 3256 2667 δὲ
3296 2614 3601 2687 Ῥωμαίους
3650 2614 3792 2670 ὅπλα
3844 2640 3939 2671 κι-

2279 2706 2434 2770 νησαι
2467 2699 2772 2771 ὰπεδειλία,
2809 2699 3000 2765 δεδιὼς
3051 2703 3139 2755 καὶ
3199 2702 3436 2777 φρίττων
3496 2702 3554 2757 ἐκ
3604 2705 3772 2776 μόνης
3831 2711 3938 2771 τῆς

2279 2794 2469 2870 φήμης
2502 2793 2566 2844 τὰ
2595 2796 2703 2843 τῶν
2728 2793 3205 2865 προηγησαμένων
3251 2797 3414 2865 τριῶν
3470 2791 3734 2867 βασιλέων
3766 2793 3938 2869 ἀνδρ-

2279 2883 2606 2955 αγαθήματα
2642 2925 2655 2949 ,
2696 2881 3013 2954 Νικηφόρου
3046 2922 3059 2945 ,
3123 2880 3373 2935 Ἰωάννου
3426 2882 3514 2935 καὶ
3584 2882 3881 2938 Βασιλείου
3920 2928 3937 2956 ,

2276 2970 2365 3023 καὶ
2404 2969 2719 3023 ὑποπτεύων
2772 2971 2873 3036 την
2941 2969 3105 3036 αὐτὴν
3166 2969 3363 3043 ἀρετὴν
3419 2965 3495 3024 ἔτι
3552 2970 3641 3024 καὶ
3693 2968 3937 3043 δ·3ναμιν

2276 3056 2874 3132 προσεῖναιῬωμαίοις
2927 3059 3118 3128 ’Ὁμως
3183 3058 3524 3133 ὀμφίρῥοπος
3569 3060 3635 3126 ἦν
3695 3060 3779 3113 καὶ
3845 3060 3937 3115 δι-

2275 3147 2607 3221 χογνώμων,
2666 3148 2754 3200 καὶ
2812 3143 3043 3218 ἐμελέτα
3094 3146 3157 3200 τὸ
3198 3150 3473 3216 ποιητέον.
3526 3147 3936 3221 Κουτλουμοῦς

2277 3234 2333 3289 δὲ
2363 3235 2524 3309 γνοὺς
2552 3235 2649 3300 τὴν
2683 3229 2980 3301 ἐπιϐουλὴν
3015 3235 3193 3310 φεύγει
3256 3236 3389 3306 μετὰ
3443 3238 3547 3290 τῶν
3602 3237 3693 3290 σὺν
3745 3238 3933 3311 αὐτῷ,

526 3334 792 3399 domum,
825 3330 1239 3399 dedecorisque
1270 3333 1325 3382 et
1355 3327 1795 3398 opprobriorum
1830 3326 2163 3382 Cutlumusi

2282 3325 2364 3378 καὶ
2398 3323 2556 3377 πόλιν
2587 3323 2941 3398 ὀχυρωτάτην
2988 3325 3274 3398 κατασχὼν
3312 3325 3363 3379 ἐν
3414 3328 3767 3399 Χωρασμίοις
3815 3350 3940 3383 κει-

528 3422 865 3492 impatiens,
899 3418 1151 3472 maxima
1184 3433 1313 3469 cum
1358 3421 1522 3487 parte
1555 3415 1845 3468 exercitus
1897 3415 2161 3468 Pasarem

525 3511 771 3576 obsidet,
806 3526 872 3565 ac
902 3509 1000 3563 diu
1053 3524 1191 3563 sane
1242 3506 1559 3578 patruelem
1621 3523 1793 3560 suum
1846 3511 2163 3577 Oppugnat,

522 3603 734 3656 fretum
782 3599 893 3654 loci
952 3597 1279 3652 munitione
1336 3600 1393 3649 et
1451 3612 1601 3666 saepe
1652 3595 1956 3665 eruptione
2015 3595 2167 3648 facta

519 3690 756 3745 sultano
790 3688 942 3742 haud
978 3686 1125 3741 levia
1169 3685 1372 3739 damna
1416 3685 1673 3738 dantem.
1707 3682 1926 3746 Alium,
1970 3689 2162 3737 autem

520 3780 835 3835 exercitum
894 3776 1132 3840 emittit,
1185 3773 1416 3828 circiter
1466 3772 1669 3843 viginti
1707 3770 1934 3825 milium
1965 3776 2165 3825 contra

516 3869 832 3931 Romanos,
868 3867 1014 3920 duce
1047 3863 1243 3918 fratris
1293 3862 1382 3917 sui
1422 3861 1539 3915 ﬁlio
1588 3864 1778 3915 Asane
1819 3860 2165 3931 cognomine

511 3960 721 4023 Surdo,
757 3955 1115 4024 mandatque
1148 3950 1198 4006 ei
1244 3955 1305 4005 ut
1340 3950 1640 4005 celerrime
1672 3956 1873 4021 pergat
1903 3955 1958 4003 et
1990 3950 2163 4003 rebus

511 4045 965 4102 succedentibus
1026 4041 1270 4095 Mediam
1320 4039 1578 4109 subigat.
1632 4039 1761 4092 Hiec
1812 4039 1890 4092 ita
1950 4045 2069 4092 tum
2106 4037 2165 4093 in

502 4134 737 4191 Perside
769 4136 918 4187 acta.

2280 3414 2468 3485 μένην,
2526 3412 2647 3480 ἥτις
2710 3414 2889 3485 Πάσαρ
2968 3412 3300 3485 ὠνόμασται,
3363 3413 3656 3476 ἀντίπαλος
3715 3416 3938 3490 γίνεται

2274 3503 2352 3572 τῷ
2407 3501 2708 3572 σουλτάνῳ.
2743 3502 2803 3556 Ὁ
2863 3498 2919 3554 δὲ
2970 3501 3031 3554 τὸ
3088 3505 3177 3553 νῦν
3238 3500 3368 3576 ἔχον
3400 3501 3536 3577 πρὸς
3576 3508 3766 3558 τοῦτον
3835 3508 3941 3577 μὲν

2278 3588 2631 3661 διαπολεμεῖν
2692 3588 2789 3643 οὐκ
2836 3587 3146 3661 ἐδοκίμασε,
3209 3593 3291 3663 [Ρ.
3326 3594 3454 3662 770]
3485 3592 3656 3656 πάσας
3714 3591 3770 3647 δὲ
3831 3599 3941 3657 τὰς

2276 3680 2466 3733 ἑαυτοῦ
2498 3676 2751 3749 δυνάμεις
2797 3678 3049 3751 ἀθροίσας
3091 3676 3269 3733 ἄπεισι
3320 3681 3455 3733 κατά
3512 3686 3619 3735 τῶν
3649 3679 3941 3753 Ἀράϐων,

2274 3767 2362 3821 καὶ
2423 3769 2609 3841 μάχης
2664 3768 2969 3840 γενομένης
3049 3768 3212 3820 πάλιν
3288 3768 3535 3843 τρέπεται
3594 3770 3684 3824 καὶ
3746 3772 3948 3835 αὐτόςι

2276 3855 2623 3912 Ἐπανελθὼν
2659 3853 2715 3908 εὶ
2748 3856 2852 3909 ἀπὸ
2900 3858 2998 3922 τῆς
3045 3863 3283 3929 τροπῆς,
3315 3858 3402 3911 καὶ
3465 3861 3540 3931 μή
3591 3862 3769 3933 φέρων
3832 3866 3944 3930 τὴν

2274 3944 2538 4020 αἰσχύνην
2571 3944 2658 3997 καὶ
2692 3944 2752 3998 τὸ
2791 3944 2897 3999 ἀπὸ
2926 3949 3027 3998 τοῦ
3062 3943 3449 4018 Κουτλουμοῦς
3499 3944 3727 4009 ὄνειδος,
3760 3951 3946 4015 αὐτὸς

2280 4035 2371 4106 μὶν
2420 4035 2481 4087 τὸ
2533 4032 2788 4087 πλεῖστον
2848 4032 3063 4100 πλῆθος
3118 4032 3401 4089 ἀναλαϐὼν
3457 4037 3664 4091 ἄπεισιν
3726 4038 3807 4100 εἷς
3874 4044 3945 4097 τὸ

2277 4123 2477 4197 ΙΙάσαρ,
2537 4122 2625 4175 καὶ
2686 4118 2952 4175 διετέλεσε
3018 4122 3421 4196 προσπολεμῶν
3489 4125 3651 4200 μέχρι
3702 4127 3943 4185 πολλοῦ

498 4228 579 4294 τῷ
654 4220 839 4291 οἰκείῳ
918 4218 1152 4289 ἀνεψιῷ,
1210 4220 1278 4288 τῇ
1340 4213 1640 4289 ὀχυρότητι
1698 4221 1795 4283 τῆς
1854 4212 2068 4273 πόλεως
2128 4211 2412 4287 θαρροῦντι
2480 4210 2568 4265 καὶ
2628 4208 2898 4271 πολλάκις
2962 4211 3372 4267 ἀναπεταννύντι
3428 4214 3525 4274 τὰς
3592 4214 3770 4277 iit-31¢;
3835 4222 3939 4273 καὶ

498 4310 850 4385 ιξερχομὲνῳ
898 4306 987 4360 καὶ
1048 4305 1108 4359 οὐ
1166 4309 1371 4377 μικρῶς
1422 4302 1549 4367 τοὺς
1601 4303 1721 4375 περὶ
1770 4304 1860 4356 τὸν
1912 4301 2203 4356 σουλτέιιον
2261 4300 2580 4375 βλάπτοντι.
2626 4300 2767 4353 Κατὰ

507 4399 712 4473 ἑτέραν,
770 4396 909 4472 ἀμφὶ
966 4395 1060 4455 τὰς
1118 4395 1162 4447 κ’
1220 4389 1497 4467 χιλιάδας,
1560 4393 1860 4467 στρατηγὸν
1939 4390 2232 4459 ἐπιστήσας
2314 4388 2447 4461 αὐτῇ

2855 4297 2912 4353 δὲ
2964 4301 3251 4372 Ῥωμαίων
3333 4300 3559 4375 δύναμιν
3642 4302 3941 4377 ἐκπέμπει

2537 4384 2908 4465 ἀδελφόπαιδα
2966 4390 3123 4444 Ἀσάν
3202 4391 3293 4444 τὸν
3352 4390 3648 4465 λεγόμενον
3706 4400 3940 4470 κωφὸν,

500 4487 806 4559 ἐπισκήψας
851 4485 948 4551 τὴν
1004 4482 1266 4557 ταχίστην
1330 4481 1608 4555 ἀφικέσθαι
1668 4481 1754 4535 καὶ
1814 4480 1861 4534 εἲ
1914 4479 2238 4555 προχωροίη
2300 4480 2735 4552 προσκτήσασθαι
2796 4477 2942 4549 αὐτῷ
2992 4480 3091 4547 τήν
3144 4476 3378 4547 Μηδίαν.
3434 4480 3527 4534 Καὶ
3581 4486 3753 4535 ταῦτα
3829 4487 3939 4556 μὶν

500 4576 790 4650 ἐπράττετο
823 4572 872 4628 ιν
906 4571 1141 4647 Περσίδι.

565 4666 905 4722 Pancratius
923 4680 1091 4730 porro
1116 4662 1309 4717 lberiaa
1328 4660 1765 4733 regulus,homo
1787 4660 2145 4731 impudicus,
2181 4664 2223 4727 Ι)

491 4772 728 4811 uxorem
765 4754 1033 4825 Liparitin
1067 4751 1321 4803 violavit.
1358 4750 1491 4803 Erat
1523 4751 1571 4802 is
1606 4749 1891 4818 Liparites
1925 4747 2143 4801 Horatii

490 4844 761 4917 Liparitaa
793 4842 970 4906 filius,
1003 4841 1129 4908 ejus
1154 4838 1252 4910 qui
1278 4836 1428 4891 bello
1463 4836 1657 4891 Basilii
1686 4836 2053 4908 imperatoris
2082 4837 2138 4887 in

490 4934 800 5004 Georgium
826 4933 1123 4999 Abasgoru
1156 4946 1187 4979 i.
1216 4929 1421 4979 duceni
1452 4927 1681 4980 occisus
1710 4926 1816 4978 fuit
1842 4926 2013 4978 homo
2041 4927 2145 4978 for-

484 5022 733 5077 titudine
766 5026 820 5073 et
854 5018 1161 5091 prudentia
1198 5016 1431 5081 nobilis,
1464 5030 1806 5085 magnaeque
1831 5018 1957 5084 post
1992 5019 2140 5066 Pan-

485 5110 736 5167 cratium
765 5109 916 5163 inter
938 5107 1131 5161 Iberos
1157 5103 1553 5176 potentiaeﬂic
1580 5120 1715 5173 ergo
1740 5102 1962 5172 injuriae
1986 5106 2138 5155 atro-

484 5203 656 5257 citate
688 5197 1014 5254 concitatus
1038 5211 1197 5247 arma
1224 5198 1421 5246 contra
1445 5192 1812 5245 Pancratium
1841 5190 2136 5257 sumit,vi-

483 5296 764 5361 clumque
798 5284 993 5359 praelia
1022 5284 1089 5337 ad
1128 5286 1449 5337 Caucasum
1502 5287 1555 5335 et
1587 5280 1920 5335 interiorem
1959 5280 2131 5333 Abas-

2330 4655 2665 4730 Παγκράτιος
2700 4654 2753 4709 δὲ
2786 4657 2813 4709 6
2862 4658 2959 4723 τῆς
3012 4653 3247 4731 Ἰϐηρίας
3307 4657 3573 4731 ἀρχηγὸς,
3610 4658 3945 4727 ἀκόλαστος
4016 4724 4017 4727 η

2256 4743 2558 4818 ἄνθρωπος.
2620 4744 2671 4805 ἐς
2730 4748 2825 4798 τοῦ
2877 4746 3175 4817 Αιπαρίτου
3234 4747 3333 4811 τὴν
3381 4746 3566 4815 κοίτην
3627 4742 3942 4820 ἐξυϐρίσας

2259 4836 2343 4903 (ἦν
2380 4832 2435 4887 δὲ
2468 4835 2494 4887 ὁ
2529 4833 2830 4903 Λιπαρίτης
2862 4834 2976 4894 υἱὸς
3009 4838 3104 4887 τοῦ
3139 4834 3224 4887 ἐπὶ
3268 4839 3365 4887 τοῦ
3412 4834 3677 4909 βασιλέως
3745 4839 3935 4893 Βασι-

2256 4921 2405 4976 λεῖου
2430 4922 2480 4976 ἓν
2513 4926 2591 4993 τῷ
2641 4923 2775 4995 πρὸς
2825 4923 2914 4974 τὸν
2949 4924 3214 4997 Γεώργιον
3246 4922 3476 4995 πολέμῳ
3534 4918 3936 4997 ἀναιρεθέντας

2253 5010 2507 5084 ’(ὶρατίου
2536 5015 2630 5063 τοῦ
2684 5010 3005 5084 Λιπαρίτου,
3039 5010 3125 5064 ἐπὶ
3187 5013 3395 5066 συνέσει
3450 5033 3507 5066 τε
3562 5012 3649 5066 καὶ
3712 5012 3939 5089 ἀνδρίᾳ
4010 5042 4011 5049 η

2257 5094 2589 5173 βεϐοημὲνος
2622 5098 2707 5152 καὶ
2747 5098 2955 5171 μεγάλη
3017 5100 3149 5169 μετᾶ
3205 5098 3296 5153 τὸν
3354 5106 3692 5175 Παγκράτιω
3744 5098 3935 5160 δυνᾶ-
4008 5150 4009 5155 η

2254 5208 2413 5259 μενος
2452 5186 2505 5240 ἰν
2545 5193 2662 5249 τοῖς
2696 5182 2963 5262 Ἴϐηρσιν)
2994 5187 3262 5262 ἠνάγκασε
3309 5193 3498 5243 τοῦτον
3548 5187 3635 5243 ἐπὶ
3684 5194 3767 5260 τῷ
3828 5216 3935 5269 γε-
4006 5254 4007 5267 γ

2249 5276 2431 5350 γονότι
2486 5274 2944 5345 δεινοπαθήσαντα
3021 5275 3169 5330 ὅπλα
3244 5278 3358 5331 κατ’
3407 5277 3570 5331 αὐτοῦ
3654 5286 3935 5348 κινῆσαι⁸
4004 5332 4005 5349 λ

1660 5420 2034 5476 XYLANDRI
2076 5419 2167 5474 ET
2210 5419 2429 5475 GOARI
2471 5418 2703 5474 NOTAE.

474 5554 617 5622 jicio
647 5570 681 5608 a
708 5552 923 5623 praedio
946 5549 1141 5619 aliquo
1164 5552 1265 5601 aut
1288 5548 1507 5623 ditione
1539 5564 1645 5623 sua
1664 5547 1716 5600 id
1750 5563 1891 5623 eum
1915 5561 2125 5623 cogno:

488 5617 665 5680 niinis
698 5617 956 5695 potuisse
1009 5617 1240 5674 habere.
1289 5621 1420 5672 XYI.
1455 5648 1522 5658 —
1553 5618 1677 5695 Non
1729 5636 1760 5671 a
1792 5617 2010 5695 ditione
2043 5617 2129 5670 vel

484 5690 721 5768 praedio,
757 5695 854 5750 sed
891 5712 923 5748 a
955 5699 1158 5768 matre,
1184 5690 1867 5768 exﬁquaquandoquensi
1904 5694 2127 5768 speeta-

483 5759 595 5824 tior
626 5759 716 5824 sit
734 5771 791 5821 et
824 5763 1199 5830 nominatiur,
1234 5760 1412 5816 Graeci
1467 5762 1616 5814 filios
1649 5759 1964 5830 appellant,
2000 5759 2126 5813 Ste-

2238 5543 2470 5668 phanus
2507 5544 2597 5597 hic
2656 5544 2877 5626 dicitur
2934 5539 3265 5626 Αειχομδίας
3314 5541 3450 5626 υἱρς·
3512 5543 3687 5613 alias,
3736 5550 3938 5619 juxta
4000 5536 4001 5581 λ

2293 5616 2624 5668 vlandrum.
2662 5620 2861 5668 praedii
2895 5616 2981 5668 vel
3016 5618 3255 5668 ditionis
3305 5616 3463 5668 filius
3509 5620 3598 5668 est
3628 5633 3935 5668 asset-nn-

2292 5616 2624 5685 ylandrum,
2662 5617 2861 5686 praedii
2895 5616 2981 5671 vel
3016 5616 3255 5671 ditionis
3305 5616 3463 5671 filius
3509 5620 3598 5671 est
3628 5616 3935 5680 asseren-

2240 5686 2372 5741 dus.
2407 5687 2585 5741 Goan.
