4070 6334
180 364 284 425 305

1316 365 1860 428 HISTORIARUM
1903 365 2057 427 COM
2071 366 2447 428 PENDIUM.
2486 390 2491 391 ί

3458 359 3579 421 306

180 493 273 548 Καὶ
326 491 559 565 πολέμῳ
632 496 823 550 τοῦτον
892 495 1230 567 τρεψάμενος
1289 494 1365 556 εἰς
1409 478 1487 550 ¹τᾶι
1540 496 1796 550 Καυκάσιε

1930 494 2087 568 giam
2113 494 2755 568 518gcompellithse
2778 492 2934 564 regia
2955 508 3095 548 occu
3108 494 3244 563 pata
3273 489 3577 545 dominam

177 583 259 635 καὶ
299 584 400 650 τήν
449 576 602 636 ἔνδον
664 580 958 637 ἀπελαύνει
1012 577 1332 658 Ἀϐασγίαν,
1393 583 1444 638 ἑν
1494 588 1612 647 τοῖς
1664 585 1815 658 βασι-

179 667 337 732 λείοις
390 691 451 726 τε
508 670 799 745 γενόμενος
852 675 921 745 τῇ
985 672 1175 727 ἑαυτοῦ
1232 673 1482 748 μίγνυται
1528 673 1665 746 πρὸς
1700 671 1820 748 βίαν

178 757 443 835 δεσποίνῃ,
500 764 572 834 τῇ
624 761 794 835 μητρὶ
845 765 942 816 τοῦ
1004 763 1365 838 Παγκρατίου,
1396 762 1486 818 καὶ
1517 767 1624 818 τῶν
1669 761 1813 818 ὅλων

172 855 267 917 τῆς
313 844 555 925 Ἰϐηρίας
605 850 938 924 πραγμάτων
993 851 1182 923 κύριος
1237 851 1459 927 γίνεται.
1513 849 1817 926 Γράμματά

172 957 226 991 τε
278 937 356 999 εἷς
407 939 501 993 τὸν
579 938 811 1014 βασιλάα
866 938 1083 1014 πέμψας
1143 938 1303 1018 φίλος
1359 942 1451 995 καί
1517 940 1813 1016 σύμμαχος

172 1025 358 1095 ἐξαιτεῖ
401 1029 650 1103 γενέσθαι
709 1028 1018 1102 Ῥωμαίων·
1068 1031 1130 1084 οὗ
1178 1030 1277 1097 τήν
1323 1024 1607 1105 πρεσϐείαν
1659 1026 1806 1102 δεξά-

172 1135 322 1185 μενος
398 1116 557 1179 οὗτος
622 1123 1063 1193 κοινοπραγεῖται
1133 1120 1248 1190 μετ’
1297 1119 1481 1175 αὐτοῦ.
1555 1120 1697 1174 Μετὰ
1754 1117 1812 1173 δέ

164 1225 278 1259 τινα
326 1205 531 1280 χρόνον
580 1207 665 1260 καὶ
697 1207 726 1260 6
758 1209 1101 1281 Παγκράτιος
1131 1204 1221 1262 διὰ
1246 1212 1343 1262 τοῦ
1373 1207 1611 1270 Φάσιδος
1641 1229 1812 1263 ποτα-

167 1298 266 1365 μοῦ
319 1293 411 1348 καὶ
464 1293 717 1349 Σουάνων
749 1295 838 1349 καὶ
892 1295 1123 1371 Κόλχων
1187 1294 1556 1371 ὁδοιπορήσας
1588 1294 1807 1372 ἔρχεται

159 1383 229 1443 εἷς
282 1388 683 1456 Τραπεζοῦντα,
741 1383 982 1439 κάκεῖθεν
1042 1383 1306 1460 ἀγγέλους
1364 1384 1626 1458 ἐκπέμπει
1672 1386 1811 1461 πρὸς

160 1469 403 1545 ﬂuctuat,
458 1468 645 1541 δηλῶν
709 1473 784 1536 ὡς
853 1471 1027 1550 ἔφεσιν
1101 1468 1215 1550 ἔχει
1302 1473 1563 1530 εἰσελθεῖν
1631 1474 1685 1529 ἰν
1738 1477 1806 1549 τῇ

158 1558 401 1633 βασιλίδι
460 1561 549 1615 καὶ
598 1559 747 1633 αύτῷ
777 1561 1040 1638 ἐντυχεῖν.
1079 1563 1447 1639 Προσταχθεὶς
1475 1564 1566 1618 οὗν
1596 1561 1805 1631 ε’ίσιισι,

150 1649 233 1703 καί
292 1653 380 1721 τῷ
441 1648 658 1725 βασιλεῖ
689 1650 927 1726 ἐντυχὼν
959 1656 1176 1725 πρῶτον
1211 1652 1306 1725 μὲν
1341 1648 1589 1721 ὀνειδίζει
1620 1649 1808 1706 πολλὰ

147 1738 359 1813 δτι-περ,
414 1737 672 1814 βασιλεὺς
727 1736 801 1793 ὢν
849 1738 938 1794 καὶ
990 1740 1128 1814 πρὸς
1183 1740 1429 1817 ἀρχηγὸν
1484 1740 1547 1795 οὐ
1607 1745 1802 1815 μικρᾶς

1930 603 2099 640 suam
2125 587 2414 642 Pancratii
2446 589 2681 639 matrem
2714 582 2765 636 vi
2796 587 3049 653 stuprat,
3081 584 3323 651 totaque
3381 578 3577 634 Iberia

1932 674 2166 746 potitur.
2198 675 2340 730 Inde
2365 674 2560 730 missis
2583 674 2653 728 ad
2684 677 3095 743 imperatorem
3115 667 3324 724 litteris
3344 667 3404 722 in
3429 666 3573 722 ami-

1927 765 2122 820 citiam
2155 764 2608 834 societatemque
2635 761 3029 816 Romanorum
3055 756 3233 830 recipi
3266 755 3526 830 postulat
3556 773 3569 823 ;

1925 854 2102 925 idque
2132 854 2203 909 ab
2233 853 2585 924 imperatore
2616 852 2908 922 impetrat.
2936 849 3249 919 Aliquanto
3276 851 3405 919 post
3425 846 3571 901 Pan-

1924 944 2145 999 oratius
2178 959 2279 1014 per
2299 940 2608 997 Pbasidem
2648 940 2914 1008 ﬂuvium,
2958 940 3182 994 Suanos
3209 946 3265 993 et
3322 934 3570 992 Colchos

1924 1033 2034 1089 iter
2085 1035 2301 1088 faciens
2339 1031 2767 1101 Trapezuntem
2791 1026 3069 1099 pervenit,
3093 1026 3347 1097 indeque
3366 1024 3569 1079 missis

1923 1121 2145 1177 nuntiis
2176 1119 2513 1192 imperatori
2549 1117 2843 1190 signiﬁcat
2872 1132 3084 1187 cupere
3114 1131 3175 1171 se
3219 1111 3561 1186 Byzantium

1918 1210 2003 1266 ire
2032 1215 2087 1266 et
2117 1226 2253 1266 eum
2284 1210 2413 1281 ipso
2436 1207 2710 1280 colloqui.
2730 1206 2892 1270 Quod
2925 1204 3020 1259 ubi
3046 1203 3395 1276 permissum
3421 1201 3554 1267 fuit,

1918 1315 2271 1371 congressus
2294 1315 2428 1354 cum
2463 1297 2814 1370 imperatore
2849 1292 3050 1349 multis
3071 1293 3121 1347 ei
3148 1291 3339 1348 verbis
3361 1306 3569 1362 expro-

1920 1391 2068 1451 brat,
2101 1389 2254 1458 quod
2306 1392 2603 1458 sceptrum
2658 1385 2782 1456 ipse
2830 1400 3034 1454 gerens
3073 1381 3281 1449 foedus,
3323 1379 3476 1450 quod
3517 1380 3571 1435 ei

1917 1493 2049 1532 cum
2082 1476 2347 1547 Abasgize
2378 1474 2619 1530 ditionis
2652 1472 2807 1528 haud
2842 1472 3057 1542 exigue
3096 1467 3297 1541 regulo
3348 1469 3567 1533 fuerat,

1917 1565 2214 1628 violasset,
2246 1569 2305 1619 et
2333 1579 2466 1619 cum
2492 1563 2713 1633 privato
2741 1578 2807 1617 ac
2837 1577 3001 1616 servo
3029 1555 3315 1632 perduelli
3346 1552 3559 1610 coivis-

1916 1658 2005 1708 set
2033 1650 2596 1708 societatem.Simul
2622 1650 2764 1722 petit
2796 1655 2860 1705 ut
2889 1650 3042 1704 inter
3062 1664 3124 1703 se
3152 1650 3209 1702 ct
3238 1642 3564 1716 Liparitam

1913 1741 2219 1813 transigut.
2254 1745 2441 1812 Atque
2461 1740 2922 1810 boc.imperator
2968 1735 3236 1801 confecit,
3296 1735 3564 1804 pactum-

150 1827 338 1901 χώρας
392 1834 493 1897 τῆς
548 1823 842 1903 Ἀϐασγίας
918 1826 1155 1890 σπονδᾶς
1212 1824 1356 1905 ἔχων
1383 1872 1396 1897 ,
1452 1829 1649 1893 ταύτας
1708 1830 1796 1902 μὶν

1912 1848 2025 1903 que
2054 1837 2145 1885 est
2175 1834 2238 1885 ut
2271 1829 2612 1885 Pancratius
2641 1843 2875 1884 omnem
2901 1825 3144 1882 lberiam
3167 1829 3352 1921 atque.
3374 1820 3564 1875 Abas-

146 1917 400 1986 ἠθὶτησι,
429 1916 725 1992 προσέθετο
757 1914 815 1972 δὲ
844 1914 1000 1992 ἀνδρί
1047 1915 1244 1992 ἴδιώτῃ
1293 1919 1384 1972 καὶ
1434 1915 1617 1973 δούλω
1667 1917 1799 1973 ἀπο-

148 2006 328 2078 στάτῃ,
382 2001 567 2061 ἔπειτα
612 2005 703 2061 καὶ
752 2003 1085 2076 καταλλάξαι
1131 2005 1416 2076 ἀλλήλους
1471 2006 1795 2082 παρακαλεῖ.

149 2097 209 2147 Ὅ
267 2092 336 2163 δή
391 2095 483 2150 καὶ
532 2096 723 2169 γέγονε
775 2098 844 2169 τῇ
877 2092 1089 2169 σπουδῇ
1118 2099 1216 2150 τοῦ
1250 2093 1541 2171 βασιλέως,
1574 2117 1796 2151 σπεισα-

154 2185 323 2255 μένων
385 2182 662 2254 ἀλλήλοις
717 2180 856 2239 ὥστε
909 2185 1002 2239 τὸν
1063 2185 1157 2256 μὶν
1214 2184 1548 2260 Παγκράτιον
1606 2184 1793 2254 κύριον

1906 1921 2060 1991 giam
2092 1919 2376 1986 obtineat,
2406 1917 2654 1989 Liparita
2704 1921 2898 1971 autem
2949 1916 3105 1986 parti
3136 1907 3403 1966 Mescbiaa
3456 1922 3564 1979 per

1909 2025 2142 2064 omnem
2181 2009 2357 2064 vitam
2382 2006 2577 2079 praesit
2605 2022 2673 2062 ac
2703 2005 3075 2060 Pancratium
3108 2001 3414 2057 dominum
3459 2014 3554 2051 re-

1906 2113 2157 2168 gemque
2186 2112 2362 2152 suum
2395 2098 2695 2167 agnoscat.
2729 2094 2896 2149 Hunc
2921 2092 3158 2164 quidem
3199 2089 3418 2148 exitum
3459 2104 3550 2143 res

1907 2186 2193 2257 Abasgica
2221 2185 2448 2242 habuit.

152 2273 278 2326 εἶναι
309 2274 399 2327 καὶ
426 2273 677 2348 ἀρχηγὸν
706 2273 882 2342 πάσης
913 2281 1015 2343 τῆς
1048 2268 1289 2345 Ἰϐηρίας
1316 2275 1405 2329 καὶ
1436 2269 1749 2348 Ἀϐασγίας,
1781 2272 1940 2328 αὐτὸν
1976 2270 2033 2328 δὶ
2065 2271 2261 2348 μέρους
2291 2270 2535 2347 ἄρχοντα
2582 2278 2685 2341 τῆς
2742 2270 2987 2346 Μεσχίας
3043 2265 3133 2323 διὰ
3190 2266 3309 2343 βίου
3365 2263 3553 2341 κύριον

151 2358 350 2415 ἰκεῑνον
382 2360 533 2438 ἔχειν
560 2363 651 2416 καὶ
685 2361 933 2438 βασιλέα.
971 2361 1069 2419 Καὶ
1097 2362 1165 2417 τὰ
1197 2362 1290 2437 μὶν
1317 2365 1452 2418 κατὰ
1478 2365 1578 2433 τήν
1604 2356 1895 2438 Ἀϐαογίαν
1923 2363 2255 2431 κατήντησεν
2285 2360 2363 2425 εἴς
2390 2360 2575 2416 τοῦτο.

216 2484 380 2539 Ἀσὰν
439 2482 499 2540 δὶ
556 2487 585 2540 6
644 2486 779 2541 κατᾶ
826 2485 1117 2559 Ῥωμαίων
1174 2486 1442 2565 πεμφθεὶς
1501 2486 1646 2562 παρᾶ
1700 2488 1796 2542 τοὸ

153 2572 468 2643 σουλτάνου,
519 2574 806 2649 παρελθὼν
859 2576 921 2631 τὸ
973 2570 1264 2652 Ταϐρὲζιον
1324 2576 1414 2632 καὶ
1466 2577 1529 2631 τὸ
1559 2574 1798 2650 λεγόμε-

152 2682 236 2715 νον
289 2660 492 2740 Τεφλίς
538 2663 703 2732 ἦλθεν
765 2664 842 2727 είς
897 2666 1362 2741 Βαασπρακανίαν,
1394 2664 1565 2720 πάντα
1602 2664 1797 2741 κείρων

153 2756 234 2803 καὶ
283 2750 586 2826 πυρπολῶν
616 2752 706 2806 καὶ
737 2751 867 2817 τοὺς
902 2753 1342 2828 προσπίπτοντας
1392 2752 1656 2829 ἀνπιρῶν,
1709 2752 1798 2808 καὶ

159 2836 290 2911 μηδὶ
346 2843 447 2904 τῆς
494 2838 753 2911 παιδικῆς
794 2841 1118 2920 φειδόμενος
1165 2841 1409 2913 ἡλικίας.
1453 2844 1538 2913 [Ρ.
1566 2845 1692 2917 771]
1738 2843 1799 2900 Ὁ

157 2923 208 2980 δὲ
259 2930 359 2995 τῆς
418 2928 607 3004 χώρας
660 2926 849 3006 ἅρχων
874 2921 879 2927 ’
904 2930 1117 3006 Ἀαρὼν
1154 2930 1376 3000 Βὲστης,
1418 2931 1446 2984 6
1471 2934 1568 2984 τοῦ
1600 2927 1800 2987 Βλαδι-

157 3012 387 3079 σθλάὸου
417 3018 534 3081 υἱὸς
582 3018 673 3073 καὶ
723 3023 821 3073 τοῦ
874 3021 1212 3090 Προυσιάνου
1243 3016 1499 3097 ἀδελφὸς,
1543 3019 1619 3091 μὴ
1652 3017 1799 3088 ἀξιό-

1979 2490 2132 2542 Asan
2163 2502 2297 2542 vero
2324 2503 2357 2540 a
2387 2485 2622 2541 sultano
2652 2485 2934 2540 adversus
2968 2482 3265 2537 Romanos
3314 2477 3559 2543 missus,

1909 2575 2062 2631 ultra
2082 2575 2421 2630 Tabrezium
2446 2580 2503 2630 et
2523 2572 2863 2645 Tepblidem
2887 2571 3181 2643 profectus
3204 2569 3258 2623 in
3278 2568 3565 2639 Baaspra-

1909 2664 2135 2720 caniam
2163 2665 2337 2731 venit,
2395 2662 2654 2735 proxima
2701 2676 2948 2733 quisque
2998 2658 3332 2731 populando
3384 2661 3563 2727 atque

1909 2753 2181 2809 incendio
2211 2757 2471 2818 vastans,
2504 2757 2564 2808 et
2602 2752 2805 2807 obvios
2858 2749 3188 2811 trucidans,
3230 2763 3303 2801 ne
3349 2744 3560 2817 puerili

1910 2842 2147 2915 quidem
2181 2858 2428 2914 parcens
2454 2842 2630 2897 (stati.
2663 2844 2909 2895 Praeerat
2939 2843 3064 2892 tum
3095 2835 3557 2908 [Baaspracanias

1908 2940 2103 2987 Aaron
2137 2932 2308 2987 Besta
2334 2929 2719 2987 Bladistblabi
2751 2931 2907 2987 574
2942 2926 3118 2989 filius,
3143 2924 3410 2980 Prusiani
3442 2926 3555 2979 fra-

1909 3027 2012 3076 ter.
2037 3019 2142 3084 Qui
2163 3036 2294 3074 cum
2318 3020 2427 3074 sibi
2452 3037 2561 3073 non
2588 3018 2737 3074 satis
2757 3033 2887 3072 esse
2904 3016 2973 3072 ad
2995 3013 3554 3070 tantamTurcorum

156 3124 326 3179 μαχον
380 3103 541 3169 εἰδὼς
597 3107 782 3162 ἑαυτὸν
819 3104 961 3180 μηδὲ
991 3105 1283 3181 δυνάμενον
1314 3108 1626 3173 ἀντιστῆναι
1661 3108 1796 3181 πρὸς

1911 3108 2352 3164 multitudinem
2376 3108 2784 3163 sustinendam
2812 3105 3021 3159 virium
3047 3103 3555 3171 sentiret,Cataca-

150 3194 409 3265 τοσαύτηι
488 3194 747 3270 Τούρκων
823 3194 1076 3267 πληθὺν,
1156 3198 1455 3273 γράμματα
1532 3195 1796 3270 ἐκπέμπει

149 3282 276 3354 πρὸς
348 3283 443 3338 τὸν
507 3283 708 3354 Βὲστην
781 3284 1100 3341 κατακαλῶν
1154 3286 1245 3340 τὸν
1309 3284 1646 3359 Κεκαυμὲνον
1703 3286 1795 3340 τὸν

149 3370 321 3425 Ἀνίου
371 3372 594 3441 καὶτῆς
639 3368 880 3444 Ἰϐηρίας
925 3372 1294 3450 κατάρχοντα,
1353 3376 1441 3430 καὶ
1489 3373 1665 3444 ὁπόση
1701 3370 1795 3428 δύ-

146 3480 298 3529 ναμις
350 3460 658 3532 παρακαλεῖ
715 3462 960 3536 βοηθεῖν.
1016 3463 1077 3520 Ὁ
1135 3461 1193 3518 δὲ
1248 3464 1316 3518 τὰ
1374 3464 1677 3540 γράμματα
1708 3460 1796 3517 δε-

147 3550 389 3621 ξάμενος,
418 3550 509 3604 καὶ
539 3551 730 3605 θᾶττον
754 3550 789 3620 ἤ
842 3550 1010 3626 λόγος
1057 3553 1150 3607 τὸν
1183 3552 1319 3631 ἀμφ’
1364 3552 1523 3607 αὐτὸν
1577 3551 1795 3627 ἀγείρας

147 3636 293 3704 λαὸν,
326 3635 510 3692 ἄπεισι
542 3636 631 3693 διὰ
659 3638 871 3714 ταχέων
923 3640 1014 3695 καὶ
1047 3640 1255 3696 ἑνοῦται
1282 3645 1362 3713 τῷ
1401 3640 1634 3715 ’Δαρών.
1696 3639 1793 3694 Καὶ

149 3721 466 3797 σομόουλῆς
520 3728 874 3802 προτεθείσης
942 3729 1171 3803 πότερον
1243 3728 1592 3804 νυκτομαχίᾳ
1657 3748 1791 3803 χρη-

150 3815 287 3869 στέον
346 3813 386 3883 ἢ
462 3818 687 3893 φανερὰν
764 3816 949 3893 μάχην
1027 3815 1361 3891 ἀναδεκτέον,
1437 3819 1573 3894 πρὸς
1633 3815 1791 3871 οὐδὲ-

148 3923 292 3975 τερον
366 3904 397 3958 6
475 3907 813 3977 Κικαυμὲνος
896 3905 1198 3974 κατὲνευεν,
1268 3906 1492 3982 ἐγνώκει
1551 3904 1609 3962 δὶ
1661 3907 1790 3980 τρό-

151 4012 240 4045 πον
299 3989 474 4047 ἄλλον
549 4002 1060 4071 καταστρατηγῆσαι
1130 3995 1259 4058 τοὺς
1331 3994 1583 4072 ἐχθρούς.
1663 4002 1792 4049 Συν-

153 4075 398 4136 ιϐούλευε
497 4082 601 4157 γὰρ
704 4084 804 4153 τῆν
909 4079 1271 4159 παρεμϐολὴν
1390 4083 1789 4146 καταλιπόντας

154 4168 217 4229 ὦς
307 4170 425 4246 εἶχε
525 4173 661 4244 μετά
748 4176 858 4227 τῶν
948 4175 1162 4242 σκηνῶν
1240 4173 1325 4228 καὶ
1400 4194 1511 4228 των
1589 4174 1791 4242 ὑποζυ-

154 4256 271 4330 γίων
340 4260 432 4313 καὶ
517 4267 620 4330 τῆς
694 4257 873 4331 ἄλλης
942 4262 1275 4332 ἀποσκευῆς,
1333 4261 1542 4337 λόχους
1598 4262 1789 4323 νυκτὸς

156 4345 197 4399 ἒν
260 4346 699 4424 ἐπικαιροτάτοις
773 4354 965 4417 στῆσαι
1046 4351 1301 4427 χωρίοις,
1377 4349 1659 4420 κάπειδὰν,
1738 4350 1789 4404 οἱ

155 4436 373 4508 Τοῦρκοι
405 4437 683 4516 ἀφίκονται
730 4440 822 4494 καὶ
865 4436 1072 4516 ἔρημον
1133 4437 1341 4515 ἀνδρῶν
1395 4440 1643 4514 εὑρόντες
1695 4440 1787 4494 τὸν

157 4522 352 4598 χάρακα
405 4528 543 4601 πρὸς
587 4525 885 4605 διαρπαγὰς
945 4534 1056 4584 τῶν
1107 4525 1258 4586 ἔνδον
1287 4532 1613 4604 χωρήσωσι,
1670 4527 1794 4582 τότε

159 4607 213 4680 δή
236 4620 329 4683 τῆς
369 4612 582 4691 ἰνέδρας
638 4616 1042 4680 ἀπαναστάντας
1088 4616 1360 4681 ἐπιθέσθαι
1420 4618 1622 4679 αὐτοῖς.
1685 4616 1788 4672 Καί

156 4720 206 4772 γι
251 4702 308 4756 ού
366 4700 656 4778 διεψεύσθη
688 4709 783 4760 τοῦ
841 4711 1067 4764 σκοποῦ.
1126 4708 1332 4770 Ἕωθεν
1386 4706 1486 4782 γὰρ
1546 4708 1574 4761 6
1628 4705 1786 4763 Ἀσάν

158 4787 362 4853 ἀνιστὰς
439 4793 501 4847 ἐκ
577 4800 678 4864 τῆς
749 4793 951 4857 οίκιίας
1036 4789 1396 4869 παρεμϐολῆς
1481 4796 1616 4850 κατὰ
1693 4795 1785 4850 τὸν

160 4881 387 4954 Στρᾶγνα
413 4882 671 4954 κειμένης
728 4884 975 4957 ποταμὸν
1032 4882 1240 4939 ἄπεισιν
1300 4883 1375 4947 ὡς
1425 4884 1562 4959 πρὸς
1613 4882 1788 4937 πόλε-

160 4985 262 5034 μον·
320 4969 395 5030 ὡς
456 4967 519 5023 δὲ
547 4967 725 5034 οὐδεὶς
754 4970 986 5041 ὑπήντα,
1019 4969 1318 5041 ἔπλησίασε
1373 4970 1431 5027 δὶ
1461 4972 1550 5026 καὶ
1578 4975 1659 5044 τῷ
1688 4971 1787 5047 χά-

155 5071 259 5125 ρακι
310 5061 417 5111 τῶν
465 5057 775 5131 Ῥωμαίων,
836 5060 927 5115 καὶ
978 5056 1099 5115 οὔτε
1154 5060 1402 5138 φυλακὴν
1464 5061 1609 5137 εἶχεν
1664 5056 1789 5115 οὔτε

161 5146 296 5215 φωνή
360 5143 670 5215 ἐξηκούετο,
723 5146 870 5203 ἀλλὰ
926 5149 1077 5211 κενὸς
1132 5149 1199 5218 ἧν
1250 5148 1427 5219 πάσης
1486 5146 1783 5222 δυνάμεως,

157 5229 262 5284 trite
316 5229 373 5287 δὶ
424 5240 617 5308 ,φυγεῖν
674 5234 977 5308 ὑπονοήσας
1034 5236 1162 5300 τοὺς
1205 5238 1511 5311 Ῥωμαίους
1563 5237 1785 5313 ῥήγνυσί

153 5336 203 5369 τε
231 5314 313 5372 διὰ
340 5320 569 5377 πολλῶν
598 5323 781 5378 τόπων
839 5327 938 5394 τὴν
995 5320 1359 5402 παρεμϐολὴν
1410 5326 1500 5381 καὶ
1559 5323 1785 5401 διαρπα-

158 5405 243 5476 γήν
297 5413 568 5466 ποιεῖσθαι
598 5416 707 5467 τῶν
741 5410 997 5491 λαφύρων
1043 5415 1276 5471 κελεύει.
1324 5416 1386 5469 0i
1419 5413 1474 5470 δὲ
1518 5416 1784 5489 Ῥωμαῖοι

157 5495 261 5568 περὶ
293 5493 480 5570 δείλην
536 5500 697 5575 ὀψίαν
751 5502 1071 5567 ἀναστάντες
1123 5507 1232 5559 τῶν
1295 5502 1501 5578 λόχων,
1563 5505 1785 5559 ἀσυντά-

156 5602 288 5646 κτοις
317 5589 733 5665 συντεταγμένοι
763 5593 1205 5667 προσρήγνυνται
1233 5597 1352 5654 τοῖς
1376 5591 1663 5667 Τούρκοις,
1694 5592 1787 5647 καὶ

1907 3199 2096 3254 lenem
2129 3199 2729 3253 BestamAmbustnm
2754 3194 2880 3249 Anii
2914 3199 3089 3265 atque
3118 3191 3318 3248 Iberia:
3350 3190 3555 3262 prefe-

1906 3292 2064 3342 ctum
2114 3286 2326 3341 litteris
2376 3284 2577 3340 missis
2617 3285 2887 3340 hortatur
2948 3288 3013 3337 ut
3073 3280 3183 3337 sibi
3247 3280 3554 3351 suppetias

1906 3375 2346 3447 quamprimum
2373 3374 2867 3429 ferat.Ambustus
2888 3371 3099 3427 litteris
3120 3368 3554 3441 acceptis,dicto

1904 3465 2082 3520 citius
2130 3481 2269 3519 suos
2320 3463 2550 3527 excitat,
2605 3478 2856 3531 cumque
2908 3461 2979 3515 iis
3030 3460 3101 3517 ad
3151 3461 3437 3515 Aaronem
3490 3473 3554 3513 se

1905 3552 2496 3623 confert.Conjunctis
2521 3551 2705 3622 copiis
2728 3567 2859 3604 cum
2880 3550 3305 3604 deliberaretur
3324 3553 3557 3602 noctur-

1906 3659 2055 3697 none
2086 3660 2158 3697 an
2193 3646 2395 3712 aperto
2430 3639 2627 3712 praelia
2660 3655 2795 3694 eum
2817 3638 3022 3693 Turcis
3067 3641 3222 3692 esset
3280 3651 3549 3707 pugnan-

1903 3732 2067 3798 dum,
2103 3737 2373 3785 neutrum
2406 3727 2738 3784 Catacaloni
2787 3726 3091 3797 probatum
3124 3730 3235 3786 cst,
3281 3724 3380 3779 sed
3433 3723 3550 3777 alia

1903 3828 2025 3875 arte
2055 3820 2253 3874 hostes
2300 3817 2844 3873 oircumveniendos
2891 3815 3076 3870 duxit.
3122 3814 3345 3880 Castra,
3369 3811 3549 3882 inque

1903 3908 1977 3963 iis
2006 3908 2276 3971 tentoria,
2312 3911 2377 3961 ut
2396 3912 2584 3973 erant,
2618 3905 2981 3975 aojumenta
3028 3907 3085 3959 et
3123 3899 3548 3972 impedimenta

1901 3995 2099 4051 omnia
2120 3995 2370 4066 relinqui
2397 3995 2598 4059 voluit,
2620 3999 2678 4049 et
2708 3993 2954 4049 insidias
2979 4009 3077 4062 per
3094 3996 3324 4047 noctem
3342 4006 3548 4061 oppor-

1900 4085 2232 4140 tunissimis
2265 4084 2408 4139 locis
2440 4084 2576 4156 poni
2599 4101 2617 4138 :
2648 4088 2777 4138 tum
2821 4081 3030 4138 Turris
3079 4079 3547 4148 advenientibus,

1901 4179 1957 4229 et
1988 4180 2312 4230 castrorum
2343 4173 2681 4228 hominibus
2711 4187 3031 4227 vacuorum
3089 4168 3401 4241 direptioni
3456 4170 3545 4225 in-

1898 4263 2278 4333 tentis.proru
2291 4264 2609 4335 mpendum
2629 4277 2696 4316 ex
2711 4260 2941 4317 insidiis
2956 4259 3087 4315 etin
3100 4274 3200 4314 eos
3215 4258 3545 4314 faciendum

1898 4351 2210 4421 impetum.
2244 4351 2443 4422 Neque
2474 4350 2533 4405 id
2568 4366 2703 4406 eum
2736 4350 3049 4406 consilium
3109 4347 3326 4403 fefellit.
3382 4348 3548 4403 Mane

1901 4439 2053 4494 enim
2081 4445 2238 4493 Asan
2271 4454 2300 4493 e
2350 4440 2559 4494 castris
2584 4439 2710 4494 suis
2741 4439 3065 4495 secundum
3099 4437 3411 4509 Stragnam
3437 4435 3545 4490 ﬂu-

1904 4528 2059 4582 vium
2084 4533 2370 4597 tanquam
2403 4528 2473 4582 ad
2526 4544 2779 4598 pugnam
2843 4526 3252 4598 proficiscitur,
3291 4541 3546 4597 cumque

1897 4622 2227 4672 occurreret
2260 4616 2559 4679 nemo,ubi
2584 4618 2657 4670 ad
2688 4621 2881 4671 castra
2910 4614 3310 4670 Romanorum
3344 4631 3544 4685 perve-

1899 4704 2212 4774 nit,ibique
2228 4721 2413 4775 neque
2434 4721 2539 4759 vox
2569 4703 2689 4759 ulla
2719 4704 2920 4759 audita
2945 4704 3058 4775 [est
3110 4718 3299 4774 neque
3348 4710 3545 4758 custos

1898 4792 2055 4848 ullus
2086 4793 2265 4859 visus,
2300 4795 2397 4848 sed
2429 4793 2708 4848 omniain
2733 4808 2841 4848 sua
2861 4809 2989 4848 esse
3008 4796 3295 4864 potestate
3318 4794 3547 4863 putavit

1897 4882 2310 4952 Romanosque
2346 4879 2565 4951 fugisse
2596 4881 2859 4947 credidit,
2899 4880 3099 4935 multis
3149 4878 3294 4935 locis
3352 4884 3547 4934 castra

1898 4972 2227 5042 perrumpit
2258 4970 2553 5043 diripique
2585 4971 2840 5042 praedam
2863 4970 3134 5041 jubet.At
3164 4967 3411 5024 Romani
3435 4969 3546 5022 sub

1896 5076 2198 5131 vesperam
2222 5076 2291 5113 ex
2325 5059 2561 5113 insidiis
2594 5058 2887 5129 progressi
2918 5056 3246 5129 composito
3292 5056 3545 5126 agmine,

1895 5147 2219 5218 dissipatos
2244 5148 2467 5225 Turcos
2501 5146 2871 5210 adoriuntur,
2900 5147 3207 5218 primoque
3226 5160 3549 5215 congressu

1900 5237 2177 5304 fundunt,
2212 5237 2359 5295 575
2395 5236 2821 5292 vehementiam
2858 5235 2947 5290 sui
2981 5235 3235 5307 impetus
3266 5249 3381 5288 non
3412 5248 3550 5286 sus-

1895 5325 2169 5380 tinentes.
2226 5325 2397 5381 Cadit
2442 5325 2598 5381 inter
2634 5325 2858 5397 primos
2926 5338 3196 5395 pugnans
3259 5323 3434 5389 Asan,
3492 5323 3551 5375 et

1897 5414 2180 5485 quidquid
2225 5413 2282 5467 in
2336 5431 2403 5470 eo
2451 5414 2707 5469 exercitu
2764 5414 2908 5468 forte
2976 5412 3086 5466 fuit
3140 5413 3545 5468 obtruncatur.

1900 5502 2150 5573 Reliqui,
2183 5503 2348 5575 pauci
2375 5504 2690 5560 admodum
2726 5503 2765 5556 ii
2790 5509 2965 5573 atque
2999 5500 3160 5567 nudi,
3184 5518 3287 5573 per
3319 5503 3547 5556 montes

1896 5592 1955 5646 in
1989 5591 2404 5647 Persarmeniaa
2438 5594 2612 5648 urbes
2643 5593 2917 5647 evadunt.

156 5681 477 5752 παραχρῆμα
503 5678 763 5753 τρίπουσι
791 5678 855 5735 τὸ
880 5680 1249 5737 ἀνυπόστατον
1283 5682 1359 5755 μὴ
1393 5679 1700 5758 ἰνιγκόντας
1726 5681 1825 5750 τῆς
1852 5678 2167 5752 Ῥωμαϊκῆς
2197 5679 2399 5755 ὁρμῆς.
2430 5678 2624 5737 ΙΙίπτει
2660 5680 2757 5755 μὶν
2790 5680 2883 5736 οὗν
2932 5685 3152 5758 πρῶτος
3201 5682 3229 5738 6
3277 5682 3439 5741 Ἀσάν
3489 5678 3544 5739 ἐν
