4070 6334
484 371 606 432 307
1835 365 2154 428 GEORGII
2197 364 2535 424 CI‘JDRENI
3767 370 3886 431 308

481 506 598 561 τοῖς
629 500 872 574 πρώτοις
905 499 1322 573 ἀγωνιζόμενος,
1355 500 1540 552 πίπτει
1571 495 1626 552 δὲ
1651 497 1740 552 καὶ
1773 499 1894 551 ὅσον
1929 494 2162 567 ἄλκιμον
2195 497 2288 548 τοῦ
2321 500 2568 570 στρατοῦ.
2603 497 2669 552 Οἱ
2697 493 2754 551 δὲ
2785 499 3172 570 περισωθέντες
3205 497 3326 554 λίαν
3359 499 3540 573 ὀλίγοι
3571 502 3662 556 καὶ
3685 503 3888 577 γυμνοὶ

485 587 573 644 διὰ
599 593 708 644 τῶν
742 587 910 663 ὁρέων
943 587 995 648 ἐς
1023 588 1118 650 τὰς
1147 593 1255 642 τῶν
1279 589 1694 663 [Ιερσαρμενίων
1731 584 2082 655 διασώζονται
2117 583 2329 646 πόλεις.

555 681 638 734 Ab
681 679 776 735 his
816 681 885 735 de
936 683 1172 751 accepta
1241 679 1405 734 clade
1448 681 1690 734 edoctus
1759 678 2028 732 sultanus
2075 679 2130 730 in
2165 679 2212 742 Α

487 785 760 840 magnam
806 769 1036 824 devenit
1087 768 1560 823 sollicitudinem.
1615 769 1686 822 Ut
1745 775 1938 821 autem
1976 767 2124 820 hanc

483 858 875 914 calamitatem
903 858 1234 924 resarciret,
1260 875 1289 912 e
1317 859 1542 926 Turcis;
1571 857 1806 912 Cabcris
1827 863 1883 910 et
1911 854 2126 910 Limni-

484 949 558 1002 tis
584 946 868 1002 delectum
895 948 1208 1002 exercitum
1235 949 1302 1001 ad
1331 948 1538 1001 100000
1561 947 1856 1010 conducit,
1875 960 2126 1014 cumque

483 1039 628 1092 duce
663 1036 936 1090 Abramio
961 1036 1170 1100 Alimo,
1209 1037 1380 1090 fratre
1411 1053 1478 1089 ex
1511 1034 1692 1089 altero
1723 1039 1959 1106 parente
1999 1051 2129 1102 suo,

485 1131 691 1182 contra
721 1125 1016 1180 Romanos
1039 1124 1236 1179 mittit.
1275 1125 1554 1178 Nuntiato
1589 1125 1972 1178 barbarorum
2024 1123 2130 1176 ad-

484 1219 680 1284 ventu,
705 1217 892 1269 Aaron
918 1219 974 1268 et
1005 1215 1325 1269 Ambustus
1351 1213 1532 1268 unitis
1569 1231 1805 1268 rursum
1864 1211 2132 1266 exerciti-

485 1307 597 1360 bus
621 1303 758 1376 quid
794 1304 1084 1375 agendum
1117 1303 1196 1358 sit
1225 1301 1582 1358 consultant.
1621 1302 1924 1358 Sententia
1968 1303 2130 1356 Cata-

487 1395 707 1449 c;ilonis
741 1400 1016 1448 eratcum
1055 1393 1441 1463 praesentibus
1477 1392 1906 1446 occurrendum
1932 1391 2138 1444 Turcis

489 1499 616 1538 esse
648 1487 808 1538 extra
839 1481 1132 1536 Romanos
1169 1481 1538 1551 ﬁnesﬁbique
1560 1481 2135 1546 decertandum,cum

491 1573 684 1625 adhuc
717 1571 902 1642 major
935 1571 1189 1625 hostium
1227 1587 1364 1642 pars
1392 1569 1560 1641 cquis
1594 1573 1898 1636 careret,et
1931 1567 2140 1638 reliqui

493 1663 670 1716 etiam
729 1660 902 1732 longo
947 1660 1152 1714 itinere
1218 1665 1414 1714 essent
1464 1659 1788 1730 defatigati,
1849 1657 2142 1728 soleisque

499 1749 700 1805 terreis
733 1749 904 1804 Turci
955 1753 1220 1802 carerent
1259 1749 1474 1819 quibus
1519 1747 1750 1819 ungula:
1813 1753 2138 1813 armantur,

2319 675 2380 730 Ὀ
2411 671 2468 727 δὲ
2526 674 2820 738 σουλτάνος
2869 674 2958 730 διὰ
3012 682 3122 732 τῶν
3171 676 3522 753 ἀποδράντων
3555 681 3892 752 μεμαθηκὼς

2234 764 2294 817 τὸ
2350 758 2558 834 συμϐὰν
2611 765 2874 840 ἀτύχημα
2923 767 3000 828 είς
3055 767 3302 842 μεγάλην
3337 768 3578 823 ἐνέπεσεν
3627 771 3886 843 ἀγωνίαν,

2235 855 2322 905 καὶ
2359 852 2407 906 ἐν
2473 851 2681 927 σπουδῇ
2739 855 2980 910 ἐποιεῖτο
3033 857 3183 918 ὅπως
3241 855 3301 910 ἂν
3335 859 3433 926 τὴν
3464 859 3762 932 γενομένην
3797 860 3890 914 ἐπ-

2237 943 2610 1016 ανορθώσηται
2643 943 2932 1018 ἀκληρίαν.
2969 946 3064 1000 Καὶ
3091 943 3156 1014 δὴ
3203 946 3336 1001 λαὸν
3369 946 3650 1002 ἐπίλεκτον
3691 969 3892 1018 συστη-

2241 1031 2474 1102 σάμενος
2531 1030 2590 1087 ἔκ
2618 1054 2676 1087 τε
2707 1034 2962 1108 Τούρκων
3021 1035 3110 1090 καὶ
3165 1031 3442 1110 Καϐείρων
3489 1037 3578 1090 καὶ
3609 1041 3890 1108 Λιμνιτὼν

2241 1121 2362 1194 περὶ
2412 1122 2505 1182 τὰς
2540 1123 2583 1193 ρ’
2639 1120 2922 1196 χιλιάδας,
2981 1124 3072 1178 καὶ
3105 1119 3392 1200 Ἀϐραμίῳ
3447 1123 3646 1196 Ἀλεὶμ
3674 1131 3753 1196 τῷ
3779 1127 3896 1180 ἓτε-

2247 1207 2470 1282 ροθαλεῖ
2495 1209 2715 1284 ἀδελφῷ
2773 1211 2937 1266 αὐτοῦ
2982 1216 3096 1286 (37)
3147 1211 3443 1287 παραδοὺς,
3493 1214 3689 1276 ταύτας
3757 1215 3896 1269 κατὰ

2245 1297 2535 1370 Ῥωμαίων
2595 1300 2860 1374 ἐκπέμπει
2895 1345 2906 1358 .
2962 1301 3346 1377 Ἀγγελθείσης
3401 1301 3458 1356 δὲ
3513 1311 3611 1371 τῆς
3671 1301 3894 1380 ἐφόδου,

2249 1385 2530 1448 ὶνωθέντες
2581 1387 2746 1442 πάλιν
2801 1391 2852 1442 οἱ
2913 1387 3114 1452 ἄνωθεν
3161 1389 3412 1464 ῥηθέντες
3467 1393 3726 1466 ἄρχοντες
3783 1398 3892 1446 τῶν

2252 1476 2661 1550 στρατευμάτων
2717 1477 2924 1552 βουλὴν
2973 1479 3324 1552 προετίθεσαν
3359 1482 3450 1534 καί
3507 1477 3896 1536 διεσκοποῦντο

2246 1565 2309 1618 τὸ
2357 1565 2639 1640 πρακτέον.
2721 1568 2822 1622 Καὶ
2877 1572 2958 1639 τῷ
3019 1568 3114 1640 μὲν
3166 1569 3490 1641 Κεκαυμένῳ
3539 1567 3712 1624 ἐδόκει
3763 1573 3900 1642 μετά

2249 1659 2350 1721 τῆς
2415 1654 2696 1730 παρούσης
2767 1656 3046 1728 δυνάμεως
3105 1659 3404 1728 ὑπαντῆσαι
3457 1665 3572 1720 τοῖς
3629 1660 3901 1734 Τούρκοις

2253 1739 2442 1810 ἔξωθεν
2501 1748 2608 1797 τῶν
2657 1745 2976 1816 Ῥωμαϊκῶν
3007 1745 3172 1818 ὅρων,
3203 1747 3419 1802 κακεῖσε
3458 1745 3900 1823 διαγωνίσασθαι,

499 1838 746 1894 Romani
779 1844 970 1894 autem
1005 1839 1220 1893 recenti
1249 1837 1487 1892 victoria
1509 1837 1646 1890 elati
1669 1836 1891 1890 alacres
1923 1840 2143 1904 essent,

2266 1828 2331 1886 ἔτι
2385 1836 2491 1886 τῶν
2551 1832 2820 1888 πλειόνων
2877 1833 3160 1889 ἀντιπδλιν
3193 1837 3438 1891 ἀνίππων
3485 1833 3652 1892 ὄντων
3679 1838 3770 1892 καὶ
3799 1845 3906 1906 τῆς

501 1943 879 2000 pugnamque
900 1931 1254 1999 expeterent.
1283 1925 1492 1980 Contra
1517 1929 1699 1980 Aaron
1727 1925 2145 1996 pronuntiabat

2266 1919 2435 1991 Ξιλλης
2465 1919 2742 1994 δυνάμεως
2771 1925 3102 1996 κεκμηκυίας
3149 1925 3254 1980 ἀπὸ
3295 1933 3398 1995 τῆς
3443 1925 3700 1996 κλείστης
3745 1923 3904 1980 ὁδοι-

511 2017 931 2074 continendum
965 2015 1304 2080 exercitum,
1341 2015 1633 2085 urbesque
1663 2019 1718 2068 et
1749 2013 1990 2068 castella
2023 2031 2148 2068 mu-

2266 2011 2472 2085 πορίας,
2505 2009 2939 2067 ἐπιλελοιπότων
2971 2012 3028 2068 δὶ
3057 2015 3142 2068 καὶ
3177 2012 3439 2090 σιδηρίων
3469 2023 3584 2077 τοῖς
3609 2015 3906 2090 Τούρκοις,

512 2106 793 2160 niendum
825 2111 999 2176 atque
1032 2105 1223 2159 omnia
1255 2105 1438 2158 muris
1469 2103 1928 2158 includendum:
1965 2103 2036 2157 de
2093 2119 2152 2157 re

509 2195 581 2250 ad
653 2194 806 2251 576
855 2194 1282 2264 imperatorem
1338 2193 1721 2261 referendum,
1771 2209 1957 2264 neque
2023 2195 2152 2262 ejus

509 2284 740 2353 injussu
772 2287 972 2338 contra
1025 2286 1246 2336 tantam
1301 2281 1738 2336 multitudinem
1793 2287 1906 2336 tam
1961 2281 2152 2352 parvis

508 2372 692 2444 copiis
722 2371 1145 2426 dimicandum.
1179 2371 1308 2426 Haec
1340 2371 1630 2426 sententia
1664 2371 1817 2424 vicit.
1843 2371 1910 2424 Et
1965 2370 2150 2440 profe-

507 2462 582 2516 cti
618 2462 674 2515 in
707 2459 978 2526 Iberiam,
1009 2460 1066 2514 in
1103 2459 1342 2531 planitie
1363 2460 1642 2532 quadam,
1669 2477 1793 2529 qua:
1827 2459 2150 2513 incolarum

509 2565 780 2604 sermone
811 2547 1060 2604 Osurtru
1095 2549 1332 2616 dicitur,
1365 2549 1576 2604 castris
1635 2551 1744 2602 sub
1799 2547 1892 2602 dio
1951 2548 2154 2618 positis

507 2639 877 2708 quieverunt,
909 2638 1066 2694 omni
1101 2638 1266 2709 prius
1297 2637 1514 2710 agresti
1565 2638 1740 2692 turba
1787 2636 2152 2704 mulieribus,

509 2727 708 2798 pueris
749 2744 814 2782 ac
868 2743 994 2798 qua:
1043 2728 1296 2798 pretiosa
1345 2727 1643 2792 haberent,
1703 2726 1760 2780 in
1799 2725 2156 2780 munitiones

510 2814 777 2872 inclusis.
811 2816 880 2870 Et
906 2815 1318 2887 imperatorem
1341 2815 1564 2870 cursori
1589 2815 1821 2869 traditis
1843 2813 2054 2868 litteris
2085 2814 2156 2868 de

515 2906 766 2960 adventu
800 2904 1060 2960 hostium
1085 2905 1386 2959 certiorem
1419 2904 1700 2958 fecerunt.
1723 2907 2048 2973 Imperator
2071 2901 2160 2957 lit-

513 2993 659 3050 teris
689 2992 876 3063 lectis,
901 2993 1300 3050 ducibusistis
1331 2993 1568 3047 mandat
1592 2993 1676 3046 uti
1707 3009 1766 3046 5e
1799 2995 2158 3059 contineant,

513 3083 698 3138 donec
726 3082 1008 3154 Liparites
1039 3098 1174 3136 cum
1202 3081 1435 3136 lbericis
1465 3080 1648 3152 copiis
1681 3081 1750 3134 ad
1775 3081 1932 3149 ipsos
1967 3097 2160 3150 perve-

513 3172 656 3228 niat.
685 3171 756 3226 Et
779 3171 1070 3242 Lipariten
1103 3188 1202 3242 per
1231 3170 1453 3225 litteras
1485 3171 1753 3225 hortatur
1783 3175 1842 3223 ut
1866 3168 2156 3238 siquidem

513 3263 709 3318 socius
723 3259 1152 3330 sitamicusquc
1171 3259 1592 3324 Romanorum,
1619 3259 1840 3328 absque
1865 3257 1984 3311 ulla
2007 3273 2161 3310 mora

513 3367 648 3405 cum
697 3349 976 3405 omnibus
1021 3347 1146 3404 suis
1205 3347 1390 3419 cepiis
1454 3364 1516 3402 se
1569 3347 1817 3401 ducibus
1879 3345 2156 3399 Romanis

2263 2099 2343 2162 οἷς
2371 2101 2466 2161 τὰς
2497 2099 2681 2175 χηλὰς
2711 2107 2819 2156 τῶν
2845 2105 2996 2170 ζώων
3031 2103 3249 2166 εἰώθασι
3273 2107 3358 2178 [Ρ.
3384 2108 3506 2174 772]
3533 2105 3912 2180 περιστέλλειν

2263 2187 2584 2262 ἐπηρμένων
2645 2187 2702 2244 δὲ
2759 2191 2849 2244 καὶ
2921 2197 3028 2246 τῶν
3093 2193 3377 2266 Ῥωμαίων
3443 2195 3532 2248 καὶ
3591 2191 3912 2270 θαῤῥαλέων

2263 2273 2432 2332 ὅντων
2467 2279 2570 2332 ἀπὸ
2599 2287 2697 2348 τῆς
2721 2283 3184 2354 προηγησαμένης
3239 2283 3416 2352 νίκης,
3461 2282 3548 2338 καὶ
3597 2285 3917 2358 προθυμου-

2267 2363 2440 2435 μένων
2503 2369 2767 2438 συμμῖξαι
2823 2373 2940 2429 τοῖς
2999 2369 3313 2441 πολεμίοις.
3373 2369 3704 2426 Τούναντίον
3763 2367 3824 2424 δὲ
3886 2373 3914 2424 ὁ

2265 2453 2474 2526 Ἀαρὼν
2546 2455 2887 2532 ἀπεφαίνετο,
2966 2456 3178 2532 ἐπέχων
3253 2459 3348 2520 τὰς
3402 2457 3678 2530 δυνάμεις,
3733 2457 3914 2534 λέγων

2267 2541 2546 2618 ὀχυρῶσαί
2593 2565 2650 2598 τε
2691 2546 2784 2606 τὰς
2845 2545 3033 2608 πόλεις
3093 2547 3182 2601 καὶ
3233 2548 3298 2601 τὰ
3349 2548 3580 2625 φρούρια
3625 2548 3710 2602 καὶ
3779 2547 3916 2602 εἷ’σω

2263 2637 2462 2706 τειχῶν
2498 2632 2806 2707 συγκλεῖται
2860 2635 2925 2688 τὰ
2980 2635 3174 2706 πάντα,
3235 2637 3468 2708 μηνῦσαί
3497 2657 3554 2691 τε
3581 2641 3660 2708 τῷ
3693 2637 3920 2712 βασιλεῖ

2265 2720 2352 2774 καὶ
2407 2721 2480 2792 μὴ
2515 2723 2634 2774 ἄνευ
2689 2723 2915 2795 γνώμης
2956 2723 3159 2780 ἐκείνου
3207 2727 3342 2797 μετά
3383 2723 3658 2798 δυνάμεως
3711 2730 3916 2798 μικρᾶς

2265 2810 2402 2880 πρὸς
2452 2815 2710 2863 τοσοῦτον
2773 2809 2984 2880 πλῆθος
3041 2821 3354 2886 πολεμῆσαι
3417 2809 3919 2889 βαρϐάρων.οὕτω

2269 2894 2325 2950 δε
2381 2903 2488 2950 τῶν
2545 2905 2862 2974 στρατηγῶν
2925 2901 3356 2978 ἀποφηναμένων
3417 2903 3658 2972 ἐνίκησεν
3719 2907 3754 2972 ἡ
3815 2909 3920 2958 τοῦ

2267 2986 2478 3058 Ἀαρὼν
2537 2989 2734 3060 γνώμη
2807 2991 2902 3043 Καὶ
2937 2990 3090 3044 αὐτοὶ
3149 2993 3243 3064 μὶν
3317 2992 3450 3064 μετᾶ
3503 2999 3601 3060 τῆς
3657 2998 3920 3066 στρατιᾶς

2269 3073 2590 3137 ἀπελθόντες
2650 3075 2700 3130 ἐν
2763 3073 2972 3154 Ἰϐηρίᾳ
3019 3085 3156 3134 κατά
3197 3102 3316 3135 τινα
3357 3078 3586 3135 πεδιάδα
3624 3080 3920 3155 ἰγχωρίως

2269 3164 2597 3238 ὐεούρτροο
2651 3164 2949 3240 λεγομένην
3009 3165 3196 3241 ἔμενον
3264 3170 3633 3244 ἡσυχάζοντες
3685 3169 3736 3223 ἰν
3793 3175 3921 3231 τοῖς

2273 3253 2590 3324 ὑπαίθροις,
2649 3257 2820 3308 πάντα
2875 3257 3135 3331 πρότερον
3198 3259 3288 3312 τὸν
3348 3257 3582 3332 ἆγρότην
3641 3257 3772 3313 λαὸν
3827 3259 3922 3312 καὶ

2270 3347 2524 3416 γυναῖκας
2578 3343 2664 3420 καὶ
2699 3342 2892 3406 παῖδας
2924 3346 3012 3400 καὶ
3061 3351 3162 3400 πᾶν
3209 3349 3238 3400 ὅ
3269 3368 3318 3401 τι
3351 3348 3533 3419 τίμιον
3565 3346 3728 3422 συγκ)
3743 3347 3926 3402 εἷσαν-

515 3440 815 3509 adjungat.
861 3402 1607 3509 Duceslacceptislitteris
1661 3433 2028 3506 quieverunt,
2073 3434 2154 3486 uti

2283 3402 2294 3416 ο
2513 3402 2520 3404 “
2617 3411 2626 3420 ο
2879 3402 2890 3406 ⁷
3412 3402 3421 3419 Ι
3644 3402 3654 3422 Ι

2267 3451 2355 3491 τες
2389 3429 2440 3484 έν
2473 3437 2588 3492 τοῖς
2649 3431 3020 3506 ὀχυρώμασιν·
3073 3431 3308 3509 ἔγραψαν
3341 3432 3398 3489 δὲ
3445 3435 3534 3490 καὶ
3579 3439 3659 3506 τῷ
3703 3435 3928 3510 βασιλεῖ

515 3529 683 3582 erant
707 3525 881 3596 jussi.
917 3531 974 3580 et
1015 3524 1310 3596 Lipariten
1357 3529 1790 3596 exspectarunt.
1850 3524 2036 3592 Atque
2089 3523 2158 3588 is,

517 3613 888 3686 imperatoris
911 3615 1186 3669 mandato
1221 3619 1510 3686 percepto,
1545 3629 1683 3666 suos
1716 3627 1816 3682 per
1837 3610 2016 3665 otium
2044 3609 2164 3664 col-

515 3701 658 3774 legit
687 3707 862 3774 atque
893 3703 1162 3758 armavit.
1203 3705 1344 3758 Dum
1381 3702 1436 3756 id
1475 3702 1540 3755 ﬁt
1569 3719 1634 3756 ac
1666 3707 1898 3771 tempus
1933 3699 2162 3760 teritur,

519 3792 754 3848 interim
786 3792 1100 3848 Abramius
1131 3793 1188 3846 in
1217 3790 1702 3862 Baaspracaniam
1737 3791 1932 3854 venit;
1968 3787 2160 3856 cogni-

519 3887 696 3951 toque
727 3880 1164 3951 Romanos,qui
1201 3880 1280 3934 ibi
1331 3879 1564 3934 fuerant
1599 3877 1844 3942 collecti,
1897 3893 2003 3930 suo
2061 3875 2161 3930 ad-

519 3974 696 4026 ventu
727 3967 1018 4024 intellecto
1045 3968 1098 4021 in
1136 3968 1380 4022 lberiam
1415 3966 1751 4034 recessisse,
1777 3983 1890 4036 prae
1917 3970 2071 4018 metu
2105 3964 2160 4018 id

521 4060 594 4112 ab
628 4059 701 4113 iis
727 4059 970 4124 factum,
1003 4056 1158 4126 quod
1192 4059 1316 4110 erat
1349 4053 1672 4126 probabile,
1709 4061 1889 4120 ratus,
1927 4053 2162 4123 postha-

519 4147 660 4202 bitis
691 4144 1115 4216 direptionibus
1133 4159 1231 4198 eos
1263 4146 1352 4196 est
1375 4143 1696 4208 insecutus,
1712 4143 1952 4213 cupiens
1967 4141 2164 4212 praelia

519 4234 794 4306 congredi
819 4235 862 4290 5
877 4235 914 4286 7
929 4234 964 4286 7
981 4231 1318 4304 priusquam
1343 4231 1467 4285 alia:
1485 4231 2162 4302 conducerenturcopiaa.

519 4326 802 4380 Certiores
821 4322 930 4378 hac
958 4323 1030 4377 de
1063 4340 1122 4378 re
1153 4321 1284 4376 facti
1313 4323 1489 4376 duces
1515 4321 1978 4392 imperatoris.ac
2001 4319 2166 4376 veriti

521 4429 592 4468 ne
614 4411 702 4468 vel
733 4411 898 4468 inviti
949 4416 1297 4483 cogerentur
1347 4418 1482 4466 ante
1549 4411 1807 4480 Liparitie
1848 4411 2162 4464 adventum

522 4518 804 4574 pugnare,
837 4500 1242 4556 subduxerunt
1271 4516 1333 4555 se
1365 4499 1419 4552 in
1447 4498 1626 4554 locum
1654 4500 1968 4569 quemdam
2003 4499 2164 4552 aditu

520 4590 842 4658 difficilem,
867 4589 1208 4660 praecipitiis
1243 4589 1502 4658 undique
1534 4593 1591 4642 et
1625 4585 2164 4641 convallibuscinc-

519 4685 670 4750 tum,
703 4684 876 4750 atque
909 4678 986 4732 ibi
1011 4678 1376 4749 quieverunt,
1403 4681 1458 4730 ct
1489 4678 1558 4730 ad
1587 4675 1876 4747 Lipariten
1911 4676 2160 4746 scripse-

2273 3517 2361 3572 διὰ
2411 3517 2788 3594 ταχυδρόμου,
2850 3520 3318 3594 δηλοποιήσαντες
3375 3527 3474 3593 τήν
3506 3529 3611 3579 τῶν
3658 3523 3923 3578 ἐναντίων

2273 3606 2569 3664 ἐπέλευσιν.
2625 3611 2918 3682 Δεξάμενος
2973 3611 3063 3666 οὖν
3108 3615 3264 3676 οὗτος
3308 3613 3376 3667 τὰ
3421 3614 3720 3688 γράμματα
3775 3611 3926 3668 ὲκεί-

2270 3717 2381 3758 νοις
2427 3699 2521 3770 μὲν
2563 3697 2776 3774 ἐπέχειν
2812 3699 3076 3772 ἐκέλευεν,
3128 3697 3232 3764 ἕως
3283 3699 3342 3755 ἂν
3371 3703 3399 3756 6
3429 3703 3731 3776 Λιπαρίτης
3787 3703 3930 3774 μετᾶ

2269 3793 2370 3854 τῆς
2422 3791 2530 3842 τῶν
2593 3783 2820 3862 Ἰϐήρων
2851 3787 3128 3860 δυνάμεως
3181 3789 3352 3854 ἐλθὼν
3411 3797 3526 3852 τοῖς
3585 3791 3930 3862 Ῥωμαϊκοῖς

2273 3873 2446 3948 ἑνωθῇ
2507 3878 2886 3949 σνρατεύμασι·
2947 3881 3150 3952 πέμπει
3209 3877 3266 3934 δὲ
3321 3882 3458 3955 πρὸς
3491 3880 3690 3934 ἐκεῖνον
3735 3881 3926 3953 γράμο

2277 3985 2416 4036 ματα
2475 3962 2822 4038 διοριζόμενα
2897 3970 2992 4035 τήν
3061 3969 3350 4044 ταχίστην,
3414 3967 3560 4044 εἷ’περ
3619 3967 3925 4044 σύμμαχον

2274 4052 2459 4107 ἑαυτὸν
2491 4055 2578 4108 καὶ
2613 4053 2768 4130 φίλον
2801 4055 2968 4129 κρίνει
2999 4057 3305 4128 Ῥωμαίων,
3375 4055 3706 4133 ἀνειληφότα
3745 4057 3930 4112 πάντα

2273 4141 2364 4196 τὸν
2423 4143 2544 4214 περὶ
2604 4143 2762 4198 αὐτὸν
2815 4143 2944 4198 λαὸν
3001 4146 3280 4224 ἀφικέσθαι
3339 4149 3428 4200 καὶ
3485 4147 3750 4218 συμμῖξαι
3801 4153 3928 4210 τοῖς

2276 4237 2604 4306 στρατηγοῖς
2661 4237 2768 4286 τῶν
2829 4235 3110 4306 Ῥωμαίων
3169 4236 3257 4290 καὶ
3321 4236 3433 4308 μετ⁸
3489 4234 3663 4289 αὐτῶν
3725 4233 3932 4290 διαπο-

2275 4319 2514 4391 λεμῆσαι
2547 4321 2678 4392 πρὸς
2703 4321 2830 4384 τοὺς
2867 4319 3188 4400 βαρϐάρους.
3244 4326 3311 4381 Οἱ
3371 4327 3463 4396 μὲν
3499 4325 3589 4379 οὖν
3619 4325 3932 4398 στρατηγοὶ

2275 4409 2340 4461 τὰ
2389 4410 2686 4482 γράμματα
2737 4407 3015 4486 δεξάμενοι
3075 4415 3316 4486 ῆρέμοον
3373 4413 3446 4475 ὡς
3504 4411 3932 4482 ἐκελεύσθησαν,

2274 4499 2362 4552 καὶ
2421 4499 2522 4566 τὴν
2575 4503 2671 4553 τοῦ
2731 4502 3026 4575 Λιπαρίτου
3067 4501 3396 4576 προσέμενον
3452 4499 3663 4579 ἄφιξιν,
3715 4501 3934 4565 ἐκεῖνος

2278 4581 2334 4638 δὶ
2407 4587 2468 4641 τὸ
2531 4587 2811 4660 βασιλικὸν
2869 4586 3154 4662 δεξάμενος
3204 4591 3528 4665 πρόσταγμα
3575 4591 3668 4644 τὸν
3731 4591 3936 4646 ἑαυτοῦ

2281 4675 2418 4744 μετᾶ
2473 4675 2684 4750 σχολῆς
2739 4675 2960 4752 ἤθροισε
3015 4679 3104 4733 καὶ
3157 4679 3472 4748 καθώπλιζε
3503 4679 3656 4734 λαόν.
3687 4680 3782 4735 Ἐν
3815 4681 3936 4752 ὅσῳ

522 4773 662 4824 runt
685 4772 748 4823 ut
776 4769 997 4837 absque
1028 4771 1400 4820 cunctatione
1443 4765 1654 4819 veniat.
1695 4763 2008 4818 Abramius
2057 4764 2155 4820 Ro-

2283 4759 2340 4816 δὲ
2371 4761 2526 4826 οὗτος
2555 4765 2650 4827 τὰς
2683 4764 2885 4828 οἰκείας
2917 4767 3220 4840 συνεκρότει
3253 4764 3506 4840 δυνάμεις
3537 4767 3624 4820 καὶ
3659 4768 3685 4821 6
3719 4764 3936 4842 χρόνος

523 4874 768 4916 manum
795 4857 1114 4912 exercitum
1150 4873 1262 4910 non
1317 4861 1622 4910 assecutus
1669 4855 1740 4906 ad
1783 4855 1946 4907 Artze
1993 4854 2170 4908 venit.

523 4947 715 5020 Pagus
742 4944 937 5002 eratis
970 4945 1174 5014 ingens
1207 4961 1272 4998 ac
1295 4943 1616 4998 multorum
1667 4941 1916 4996 millium
1968 4959 2166 5012 capax,

521 5050 866 5109 magnaque
897 5051 964 5090 eo
999 5034 1455 5088 continebantur
1522 5030 1756 5086 divitiae.
1817 5031 2170 5084 Habitabant

519 5127 676 5182 enim
709 5123 789 5178 ibi
820 5139 954 5178 cum
988 5123 1276 5193 indigenas
1313 5125 1684 5188 mercatores,
1717 5123 1840 5172 tum
1891 5118 2164 5190 Syrorum

519 5211 928 5270 Armeniorum
955 5215 1012 5265 et
1034 5208 1166 5264 aliis
1197 5226 1264 5264 ex
1297 5209 1638 5264 nationibus
1661 5206 1976 5262 multitudo
2010 5207 2166 5262 haud

2282 4848 2543 4926 ἰτρίϐετο,
2597 4855 2624 4908 6
2676 4849 2976 4930 ’Δϐράμιος
3034 4858 3134 4926 τὴν
3179 4856 3621 4930 Βαασπρακανίαν
3681 4857 3938 4914 κυταλα-

2281 4935 2413 5010 ϐὼν,
2475 4941 2562 4996 καὶ
2623 4943 2806 5015 μαθὼν
2866 4943 3052 5018 ὅτιπερ
3104 4945 3154 4999 οἱ
3211 4947 3475 5018 Ῥωμαῖοι
3505 4945 3728 5000 ἐνταῦθα
3762 4967 3944 5001 συνει-

2281 5025 2530 5104 λεγμένοι
2589 5028 2736 5094 ὄντες
2793 5033 2882 5088 καὶ
2938 5035 3036 5103 τὴν
3099 5033 3264 5088 αὐτοῦ
3331 5035 3588 5106 μαθόντες
3643 5032 3942 5090 ἐπέλευσιν

2279 5118 2642 5190 ὑπενόστησαν
2691 5121 2765 5184 εἷς
2795 5117 3056 5198 Ἰϐηρίαν,
3089 5120 3294 5178 δειλίαν
3340 5122 3470 5198 ὅπερ
3517 5122 3584 5192 ἦν
3637 5121 3818 5192 εἰκὸς,
3878 5126 3946 5178 τὸ

2275 5215 2502 5283 πρᾶγμα
2527 5211 2852 5284 ὑπονοήσας,
2897 5214 3022 5287 παρ’
3055 5210 3210 5268 οὐδὶν
3245 5213 3470 5286 θέμενος
3509 5212 3598 5268 καὶ
3631 5211 3786 5266 λείαν
3849 5215 3946 5268 καὶ

1719 5377 2092 5433 XYLANI)RI
2133 5379 2223 5434 ET
2263 5379 2482 5438 GOARI
2527 5385 2732 5440 NOT/E

601 5531 710 5603 (37)
755 5533 1070 5599 Incertum,
1112 5529 1420 5603 uterinone
1468 5545 1538 5603 an
1596 5528 1712 5583 alia
1765 5535 1951 5584 matre
2017 5532 2173 5595 nato,

534 5601 700 5674 quasi
723 5603 822 5673 qui
844 5603 1078 5657 aliunde
1093 5602 1480 5672 germinasset
1504 5601 1681 5654 frater
1697 5615 1811 5654 non
1837 5615 2170 5671 germano.

531 5691 648 5750 Hoc
682 5693 830 5747 cnim
865 5699 1034 5746 sonat
1087 5707 1187 5745 vos
1243 5686 1588 5764 ἑτερουαλής.
1637 5689 1702 5742 Et
1749 5691 1896 5742 tales
1943 5687 2175 5743 ﬂusculi

2287 5537 2344 5591 in
2377 5539 2587 5596 horum
2621 5541 2970 5612 scriptorum
3003 5539 3187 5612 pratis
3235 5555 3350 5595 non
3390 5541 3544 5612 sunt
3583 5535 3945 5612 insolentes.

2287 5621 2493 5679 estque
2523 5609 2862 5668 endem—vox
2902 5609 3054 5682 apud
3090 5613 3394 5676 Zonaram,
3425 5613 3484 5664 et
3533 5609 3683 5662 intra
3717 5625 3942 5666 rursus

2286 5685 2356 5740 de
2389 5687 2560 5740 Alimi
2593 5688 2790 5740 fratre.
2825 5684 2962 5738 XYL.
