4038 6334
491 355 601 416 3H

1825 355 2141 416 GEORGII
2186 355 2524 416 CEDRENI

3773 381 3895 440 312

489 486 679 559 posito
711 487 780 542 ad
815 503 1073 561 pugnam
1107 489 1338 562 agmine
1385 489 1458 544 ad
1500 505 1599 544 eos
1652 488 1917 578 accessit.
1969 487 2128 552 Quod

2246 482 2334 539 διὰ
2362 491 2470 540 τῶν
2499 483 2830 578 προδρόμων
2868 493 3054 563 μαθὼν
3082 494 3209 552 ὅποι
3257 520 3316 554 τε
3342 501 3393 555 οἱ
3425 503 3684 576 Ῥωμαῖνι
3727 508 3891 578 ηὐλί-

485 575 734 631 Romani
757 575 1021 632 videntes
1054 578 1163 649 ipsi
1198 595 1426 649 quoque
1449 576 1890 646 inviti_ordiues
1922 578 2132 629 instru-

487 669 720 719 xerunt.
757 665 970 720 Dextro
993 671 1195 722 cornui
1221 671 1568 731 Ambustus,
1602 665 1740 719 laevo
1762 670 1949 718 Aaron
1987 681 2130 734 pra;-

487 753 715 809 t‘ectus:
749 755 1036 825 Liparites
1071 757 1320 810 mediam
1353 758 1604 810 ducebat
1635 755 2130 808 aciem.Ambusto

484 843 790 914 oppositus
813 849 936 898 erat
962 845 1299 910 Abramius,
1320 845 1533 899 Aaroni
1565 844 1709 898 alter
1738 845 1954 896 ducum
1995 841 2133 896 Tur-

485 930 740 986 cicorum
786 931 1222 1002 Chorosanites,
1271 933 1536 1004 Liparitaa
1597 936 1803 1001 Aspam
1851 930 2130 995 Selarius,

483 1020 745 1075 Abramii
822 1037 891 1075 ex
961 1021 1142 1076 altero
1207 1023 1490 1077 duntaxat
1567 1028 1867 1092 parentum
1935 1022 2132 1083 frater,

486 1108 986 1165 Praaliuminitum
1030 1120 1120 1165 est
1165 1111 1306 1165 solis
1333 1116 1454 1180 jam
1486 1111 1830 1164 imminente
1887 1125 2128 1175 occasu;

487 1203 545 1251 et
575 1213 709 1251 cum
735 1198 1056 1253 Ambustus
1081 1206 1204 1253 tum
1225 1204 1407 1254 Aaron
1435 1206 1676 1268 uterque
1699 1198 1810 1253 sibi
1833 1198 2132 1269 oppositos

485 1285 687 1340 hostes
733 1286 1030 1352 fuderunt,
1083 1293 1253 1357 atque
1302 1304 1490 1358 usque
1548 1288 1616 1341 ad
1681 1287 1820 1358 galli
1895 1293 2130 1341 cantum

485 1375 774 1444 persecuti
816 1381 975 1430 sunt.
1019 1376 1302 1446 Liparites
1341 1382 1536 1431 autem
1590 1376 1909 1448 patruelem
1955 1393 2129 1430 suum

482 1463 830 1518 occubuisse
850 1479 998 1534 aegre
1050 1467 1259 1530 ferens,
1306 1466 1446 1520 dum
1500 1465 1782 1536 impetum
1831 1465 2130 1520 vehemen-

488 1550 697 1606 tiorem
741 1552 862 1620 dat,
909 1568 1058 1622 equo
1091 1570 1196 1608 suo
1249 1555 1439 1609 occiso
1489 1555 1734 1625 capitur.
1804 1554 2050 1609 Romani
2098 1569 2132 1606 a

482 1640 885 1710 persecutione
920 1643 1133 1697 reversi
1163 1646 1233 1697 ab
1264 1644 1433 1713 equis
1481 1644 1868 1708 descendunt,
1901 1660 2132 1713 unaque

480 1744 620 1783 voce
656 1728 770 1785 Deo
820 1746 922 1800 pro
968 1731 1207 1786 victoria
1258 1736 1441 1801 agunt
1469 1735 1711 1802 gratias,
1760 1738 1816 1786 et
1852 1739 2125 1786 cantant:

482 1839 509 1866 «
559 1816 701 1880 Quis
745 1817 898 1873 Deus
949 1818 1030 1874 ita
1081 1836 1329 1890 magnus
1371 1827 1544 1890 atque
1602 1827 1748 1876 Deus
1799 1826 1997 1876 noster
2033 1822 2060 1875 ‘I
2099 1843 2125 1871 ››

482 1905 915 1977 Liparitamque
939 1915 1315 1978 exspectant,
1368 1926 1536 1976 quem
1583 1916 1640 1964 et
1686 1911 1877 1980 ipsum
1923 1915 2132 1981 putant

479 1994 864 2066 insequendis
885 1997 1156 2052 hostibus
1180 2014 1242 2052 se
1269 1998 1520 2052 dedisse.
1545 2003 1684 2052 Cum
1713 2006 1904 2054 autem
1933 1999 2130 2055 nullus

479 2090 864 2156 compareret,
935 2084 1270 2141 sollicitudo
1354 2104 1452 2142 eos
1530 2088 1796 2153 incessit,
1879 2091 2130 2144 incertos

482 2173 766 2244 quidnam
798 2173 851 2228 ei
881 2174 1566 2231 evenissetﬂwrentibus
1597 2177 1679 2231 eis
1712 2179 1868 2232 venit
1891 2178 2127 2246 quidam

482 2261 583 2332 qui
614 2261 724 2316 sub
753 2260 1007 2332 Liparita
1029 2267 1155 2317 tum
1181 2262 1555 2333 militaverat,
1605 2283 1860 2336 eumque
1915 2267 2131 2320 victum

478 2354 794 2420 etcaptum
827 2351 1286 2419 580tnuntiat,
1313 2359 1494 2424 utque
1549 2356 1856 2409 Abramius
1913 2372 1946 2409 a
2000 2356 2132 2421 fuga

481 2453 753 2492 reversus
803 2445 862 2493 et
906 2457 1037 2494 cum
1084 2458 1188 2496 suo
1238 2441 1587 2512 conjunctus
1630 2445 1803 2497 fratre
1851 2461 2131 2514 germano

480 2527 643 2595 (nam
673 2528 830 2582 Asan
868 2527 926 2582 in
962 2546 1158 2600 pugna
1179 2531 1489 2602 ceciderat)
1543 2534 1862 2588 accelerato
1904 2535 2130 2596 itinere,

487 2615 738 2670 abducto
769 2632 967 2670 secum
1002 2617 1259 2688 Liparita
1289 2623 1345 2673 et
1376 2620 1622 2690 captivis
1649 2621 2136 2690 Iberis,redierint

486 2703 975 2760 Castrocomium.
1010 2706 1197 2762 Duces
1242 2707 1486 2763 Romani
1518 2710 1588 2764 ad
1638 2726 1771 2764 eum
1817 2713 2132 2782 obstupue-

489 2799 629 2848 runt
659 2795 956 2863 nuntium,
987 2801 1274 2868 nocteque
1322 2814 1390 2852 ea
1437 2797 1693 2854 insomni
1745 2807 1964 2870 exacta,
2007 2808 2134 2856 orta

490 2881 620 2938 luce
650 2882 1060 2939 consultarunt
1081 2886 1220 2955 quid
1256 2887 1628 2956 potissimum
1682 2896 1958 2958 agerent;
2013 2891 2133 2962 pla-

495 2971 732 3043 cuitque
779 2972 1022 3027 domum
1089 2975 1318 3028 reverti.
1374 2977 1572 3046 Itaque
1619 2980 1804 3033 Aaron
1850 2996 1982 3033 cum
2026 2996 2134 3033 suo

493 3061 745 3116 exercitu
814 3061 1054 3116 Ibanem
1111 3063 1299 3133 rediit,
1356 3081 1483 3134 quae
1542 3071 1631 3120 est
1697 3069 2134 3138 Baaspracaniae

494 3149 875 3220 metropolis:
909 3149 1219 3205 Catacalon
1252 3169 1390 3208 suos
1423 3155 1633 3209 Anium
1669 3158 1914 3210 reduxit.
1958 3161 2132 3212 Caete-

487 3254 618 3292 rum
648 3238 966 3292 Abramiua
1003 3239 1254 3310 Liparita
1285 3247 1454 3312 capto
1486 3250 1816 3306 contentus.
1848 3252 1903 3300 et
1957 3246 2134 3315 hujus

489 3342 800 3381 successus
825 3343 1004 3382 causa
1026 3327 1332 3384 hominum
1356 3347 1485 3386 sese
1521 3332 1918 3388 felicissimum
1953 3336 2134 3406 depu-

490 3415 927 3483 tans,omnibus
957 3415 1090 3470 aliis
1121 3417 1277 3472 curis
1308 3419 1804 3490 omissis,magnis
1826 3423 2135 3478 itineribus

490 3503 560 3556 ad
595 3506 674 3557 Re
703 3503 966 3573 quinque
997 3505 1223 3559 dierum
1257 3508 1447 3576 spatio
1479 3511 1776 3578 pervenit;
1803 3519 1977 3582 atque
2003 3514 2135 3567 inde

489 3589 799 3645 discedens
830 3592 907 3645 rei
937 3591 1185 3646 feliciter
1205 3600 1386 3663 gestae
1419 3598 1657 3652 nuntios
1707 3600 1776 3652 ad
1829 3602 2132 3657 sultanum

492 3676 688 3745 mittit,
756 3677 1062 3748 Liparitam
1134 3687 1371 3752 captum
1432 3684 1777 3741 indicantes.
1849 3689 2133 3744 Sultanus

491 3765 771 3822 simulata
801 3767 1001 3823 laetitia
1021 3769 1093 3824 ob
1116 3778 1352 3840 captum
1387 3777 1612 3827 tantum
1659 3776 1870 3841 virum,
1893 3777 2130 3833 interim

491 3860 716 3912 tantam
779 3858 942 3912 fratri
993 3859 1072 3913 rei
1125 3861 1392 3928 gerenda:
1445 3861 1778 3918 felicitatem
1841 3867 2129 3937 invidens,

488 3944 726 4000 assidue
755 3945 826 4001 de
875 3962 942 4001 eo
990 3946 1250 4002 tollendo
1309 3951 1580 4021 cogitavit
1626 3970 1948 4024 ansamque
1996 3971 2131 4026 cap-

486 4033 646 4088 tavit.

2246 579 2399 642 ζοντο
2445 576 2534 629 καὶ
2594 576 2678 630 ὅτι
2729 580 3020 653 ἠρεμοῦσι,
3081 587 3338 657 συντάξας
3391 591 3486 652 τὰς
3518 594 3710 648 ἑαυτοῦ
3743 595 3895 652 δυνά-

2247 685 2362 734 μεις
2420 662 2627 739 ἤρχετο
2689 673 3105 754 συντεταγμένος
3165 676 3303 746 πρὸς
3361 681 3567 754 μάχην.
3604 689 3772 741 T0610
3837 685 3893 742 δὲ

2242 750 2329 804 καί
2361 754 2395 820 ἡ
2445 752 2743 816 ἀντίπαλος
2794 753 3021 830 δύναμις
3074 759 3262 818 ἰδοῦσα
3303 766 3570 832 ἀκουσίως
3628 775 3717 827 καὶ
3751 775 3889 846 αὐτη

2242 841 2739 913 ἀντιπαρετάττετο,
2801 847 2862 898 τὸ
2924 849 3018 919 μὲν
3078 847 3249 921 δεξιὸν
3300 850 3526 930 ἔχοντος
3581 862 3741 936 κέρας
3793 870 3894 919 106

2245 931 2605 1002 Κεκαυμένου,
2664 938 2759 986 τοῦ
2811 933 2866 989 δὲ
2924 938 3129 1010 Ἀαρὼν
3187 943 3249 996 τὸ
3308 944 3607 1019 εὐώνυμον,
3671 952 3722 1006 ἐν
3772 961 3897 1018 τοῖς

2247 1019 2431 1089 μέσοις
2483 1017 2540 1074 δὲ
2597 1022 2625 1074 6
2677 1024 2979 1098 Λιπαρίτης
3008 1026 3274 1088 ἐτάττετο.
3311 1035 3412 1090 Ἦν
3463 1017 3519 1091 δὲ
3575 1041 3663 1094 καὶ
3709 1044 3744 1111 ἡ
3776 1042 3896 1119 ὥρα

2241 1108 2365 1181 περί
2397 1107 2682 1181 βουλυτον.
2743 1115 2837 1184 Τῷ
2873 1115 2966 1186 μὲν
2998 1115 3089 1170 06v
3126 1123 3445 1196 Κεκαυμὲνῳ
3510 1107 3889 1201 ἀντιμέτωπος

2241 1195 2306 1263 ἧν
2362 1197 2390 1250 6
2450 1193 2772 1294 ’ᾼϐράμιος,
2803 1207 2883 1274 τῷ
2932 1201 2977 1257 δ’
3038 1207 3246 1282 Ἀαρὼν
3282 1193 3663 1288 Χωροσανίτης
3700 1222 3892 1294 ἅτερος

2244 1287 2564 1361 στρατηγὸς,
2631 1292 2952 1366 καταντικρὺ
3025 1291 3082 1348 δὲ
3167 1303 3260 1351 106
3320 1304 3613 1377 Διπαρίτου
3673 1309 3896 1382 Ἀσπάμ

2244 1371 2509 1475 Ξελάρίος
2568 1377 2595 1430 6
2669 1383 2766 1475 106
2847 1377 3151 1475 ’quapiou
3227 1371 3554 1463 ἐτεροθαλής
3629 1371 3892 1475 ἀδελφός.

2240 1464 2324 1558 [Ρῖ
2347 1465 2480 1558 ἻῨίι]Δ
2503 1557 2508 1558 7
2534 1466 2871 1558 Συμπλοκῆς
2927 1467 2983 1524 δὶ
3012 1475 3307 1545 γενομένης
3341 1479 3368 1531 6
3419 1481 3512 1551 μὶν
3548 1464 3897 1558 Κεκαυμένος

2239 1552 2329 1604 καὶ
2381 1553 2409 1606 6
2468 1553 2675 1628 Ἀαρὼν
2729 1558 2795 1611 τὰ
2823 1560 2940 1613 κατ’
2968 1560 3163 1624 αὐτοὺς
3219 1563 3506 1640 ἐτρέψαντο
3554 1552 3754 1646 κέρατα
3803 1576 3896 1628 καὶ

2246 1641 2411 1734 μέχρι
2466 1649 2652 1734 φωνῆς
2708 1644 3080 1719 ἀλεκτρυόνων
3115 1648 3366 1724 ἐδίωκον,
3402 1657 3430 1710 6
3478 1655 3535 1712 δὲ
3562 1641 3896 1734 Λιπαρίτης,

2239 1728 2500 1791 πεσόντος
2557 1731 2702 1804 αὐτῴ
2748 1738 2848 1788 τοῦ
2904 1735 3124 1810 ἀνεψιοῦ
3177 1736 3570 1815 δεινοπαθήσας
3629 1750 3720 1803 καὶ
3775 1753 3898 1823 μεθ’

2241 1816 2417 1889 ὁρμῆς
2476 1820 2654 1894 βιαίας
2723 1821 2940 1894 ἐλάσας,
2989 1830 3087 1880 106
3137 1825 3312 1884 ’ίππου
3367 1831 3537 1888 αὐτοῦ
3586 1816 3897 1912 τρωθέντος

2239 1907 2323 1960 καὶ
2379 1909 2638 1972 πεσόντος
2698 1910 2999 1970 ἁλίσκεται.
3061 1916 3162 1971 Καὶ
3195 1918 3223 1972 ὁ
3259 1919 3352 1991 μὶν
3384 1921 3449 1990 ἧν
3484 1921 3535 1977 ἐν
3569 1907 3809 1997 τούτοις,
3845 1930 3900 1982 οἱ

2241 1991 2298 2048 δὲ
2371 1997 2632 2071 Ῥωμαῖοι
2706 2003 2993 2065 παυθὲντες
3069 2003 3127 2060 ἐκ
3193 2015 3292 2076 τῆς
3341 2007 3574 2081 διώξεως
3631 2015 3723 2069 καὶ
3780 2016 3892 2071 τῶν

2234 2081 2418 2139 ἳππων
2477 2083 2777 2151 ἀποϐάντες
2829 2091 2918 2146 καὶ
2975 2097 3053 2164 τῷ
3082 2099 3197 2167 Θεῷ
3240 2094 3421 2162 δόντες
3455 2100 3657 2174 ὕμνους
3717 2104 3897 2159 ἐπινι-

2239 2173 2411 2243 κίους,
2469 2176 2520 2230 ἐν
2585 2182 2681 2249 μιᾷ
2737 2183 2886 2256 φωνῇ
2943 2183 3235 2256 βοήσαντες
3268 2192 3350 2256 16,
3387 2213 3410 2242 ε
3437 2173 3530 2252 Τίς
3561 2193 3693 2254 Θεὸς
3725 2195 3896 2270 μεγας

2242 2264 2316 2325 ὡς
2377 2265 2404 2316 6
2432 2267 2562 2329 Θεὸς
2591 2269 2750 2338 ἡμῶν
2779 2287 2792 2337 ;
2836 2292 2864 2319 ››
2896 2270 3230 2344 προσέμενον
3257 2275 3346 2330 τὸν
3379 2279 3707 2354 Λιπαρίτην,
3741 2281 3899 2337 ἐκπί-

2245 2358 2422 2420 ζοντες
2480 2355 2567 2408 καὶ
2601 2356 2758 2410 αὐτὸν
2796 2354 3009 2413 διώκειν
3067 2355 3286 2426 ὄπισθεν
3317 2370 3424 2419 τῶν
3460 2365 3698 2444 ἐχθρῶν.
3746 2372 3902 2428 Ἐπεὶ

2244 2439 2300 2496 δὲ
2353 2443 2596 2518 ἐφαίνετο
2653 2443 2922 2518 οὐδαμοῦ,
2955 2448 3007 2502 ἐν
3060 2449 3346 2526 ἀμηχανίᾳ
3372 2455 3530 2524 ἦσαν,
3573 2455 3901 2535 διαποροῦν-

2241 2552 2328 2595 τες
2384 2534 2412 2586 ὅ
2467 2554 2519 2586 τι
2549 2535 2638 2587 καὶ
2673 2537 2906 2608 γίνοιτο.
2939 2538 3098 2594 Οὕτω
3132 2537 3188 2594 δὲ
3221 2539 3678 2620 διαπορουμὲνοις
3706 2534 3899 2611 αὐτοῖς

2243 2618 2460 2694 ἔρχεταί
2486 2642 2568 2683 τις
2598 2625 2933 2698 στρατιώτης
2965 2633 3070 2681 τῶν
3105 2629 3192 2683 ὑπ’
3217 2630 3403 2704 ἐκείνῳ
3433 2635 3903 2708 ταττομένων,καὶ

2245 2709 2436 2780 pinv-3s:
2468 2716 2584 2772 τοῖς
2640 2720 2960 2788 στρατηγοῖς
3017 2717 3114 2785 τὴν
3151 2717 3353 2774 ἐκείνου
3397 2728 3607 2797 τροπὴν
3669 2727 3758 2780 καὶ
3792 2730 3898 2796 τήν

2244 2796 2470 2868 ἅλωσιν,
2529 2801 2617 2854 καὶ
2679 2801 2830 2863 ὅπως
2883 2805 2910 2858 6
2965 2799 3265 2879 Ἀϐράμιος
3323 2808 3374 2864 ἐν
3433 2796 3532 2881 τῆς
3587 2821 3769 2891 φυγῆς
3802 2815 3896 2870 ἐπ-

2242 2886 2479 2942 ανελθὼν
2512 2889 2600 2943 καὶ
2632 2895 2710 2961 τῷ
2759 2890 2948 2964 οἰκείῳ
3000 2895 3214 2958 ἐνωθεὲς
3275 2895 3493 2976 ἀδελφῷ
3525 2886 3705 2978 (6
3731 2906 3897 2960 Ἀσάν

2244 2974 2423 3030 ἔπεσεν
2486 2976 2537 3031 ἐν
2570 2982 2646 3049 τῷ
2701 2977 2958 3053 πολέμῳ)
3013 2980 3374 3049 ἀναλαϐόντες
3420 2974 3553 3046 16v:
3589 2974 3900 3066 ιίιπαρίτην

2242 3064 2331 3118 καὶ
2383 3065 2510 3126 τοὺς
2568 3066 2799 3129 ἁλόντας
2851 3073 2958 3123 τῶν
3011 3065 3239 3146 Ἰϐήρων
3299 3076 3659 3147 ὑπενόστησαν
3694 3064 3772 3141 εἷς
3832 3082 3898 3136 τὸ

2246 3152 2538 3229 λεγόμενον
2590 3158 3040 3232 Καστροκώμιον,
3093 3159 3386 3218 σπουδαίαν
3441 3166 3540 3234 τήν
3572 3163 3897 3243 ὁδοιπορίαν

2246 3242 2591 3316 ποιούμενοι.
2626 3245 3013 3320 Ἀπεπάγησαν
3047 3249 3184 3324 πρὸς
3211 3253 3310 3320 τὴν
3346 3253 3513 3323 ἀκοὴν
3545 3256 3596 3308 oi
3628 3253 3900 3332 ἄρχοντες

2244 3336 2340 3385 106
2423 3338 2667 3407 στρατοῦ.
2755 3337 2947 3407 Ὅμως
3010 3334 3542 3406 διανυκτερεύσαντες
3604 3345 3899 3420 ἄγρυπνοι,

2245 3419 2462 3495 ἐπείπερ
2533 3423 2714 3494 ἡμέρα
2763 3422 3043 3499 ἐπέλαμψε
3101 3429 3187 3482 καὶ
3254 3429 3428 3504 βουλὴ
3487 3419 3750 3506 προετέθη
3805 3437 3903 3490 καὶ

2242 3515 2357 3571 τοῖς
2418 3516 2546 3564 πᾶσι
2601 3510 2872 3588 συμφέρον
2906 3512 3166 3585 ἐνομίσθη
3219 3513 3441 3572 ἕκαστον
3501 3519 3685 3576 οῗκαδε
3718 3524 3902 3579 ἀπελ-

2244 3605 2350 3662 θεῖν
2390 3643 2402 3663 ,
2453 3600 2480 3653 6
2547 3601 2642 3671 μὲν
2701 3602 2910 3674 Ἀαρὼν
2967 3605 3060 3657 τὸν
3121 3604 3320 3660 οἰκεῖον
3381 3607 3696 3686 ἀνειληφὼς
3755 3611 3897 3667 λαὸν

2244 3687 2450 3743 ἄπεισιν
2511 3689 2586 3752 είς
2641 3689 2703 3743 τὸ
2753 3685 2896 3745 Ἴδαν
2933 3691 3304 3766 (μητρόπολις
3342 3692 3400 3750 δὲ
3455 3685 3598 3767 αὕτη
3621 3703 3717 3753 106
3752 3701 3899 3756 Βαα-

2243 3779 2528 3853 σπρακὰν),
2558 3779 2585 3831 6
2644 3775 2700 3831 δὲ
2735 3780 3070 3851 Κεκαυμὲνος
3098 3783 3231 3854 μετά
3259 3789 3366 3838 τῶν
3399 3783 3552 3840 ἰδίων
3585 3786 3896 3857 ἐπανῆλθεν

2244 3865 2319 3927 εἷς
2370 3867 2432 3920 τὸ
2491 3866 2687 3922 Ἀνίον.
2747 3867 2806 3924 Ὁ
2858 3865 2915 3921 δὲ
2971 3865 3270 3944 Ἀϐράμιος
3323 3877 3391 3946 τῇ
3447 3879 3544 3929 106
3584 3878 3896 3952 Λιπαρίτου

2241 3955 2518 4029 ἀρκεσθεὶς
2577 3955 2779 4010 ἁλώσει
2815 3999 2829 4026 ,
2905 3957 2993 4011 καὶ
3074 3955 3404 4036 ὀλϐιώτερον
3461 3965 3647 4019 ἓαυτὸδ
3705 3967 3900 4042 κρίνας

2240 4045 2437 4106 παντὸς
2497 4045 2785 4119 ἀνθρώπου
2819 4042 2906 4099 διὰ
2934 4047 2995 4101 τὸ
3028 4050 3197 4124 παρὸν
3231 4050 3538 4126 εὐτύχημα,
3575 4052 3746 4127 μηδεν
3777 4054 3898 4112 ἓτε-

485 4137 576 4194 ρον
637 4118 1199 4196 πολυπραγμονήσας,
1251 4124 1378 4180 ἀλλ’
1439 4125 1698 4191 ἐπιτείνας
1753 4131 1850 4199 τήν
1911 4129 2248 4208 ὁδοιπορίαν,
2309 4132 2398 4188 διὰ
2455 4118 2610 4188 πέντε
2667 4136 2887 4207 ἡμερῶν
2948 4118 3297 4213 παραγίνεται
3476 4142 3537 4196 τὸ
3576 4118 3901 4219 ’λεγόμενον

483 4204 590 4277 Ῥὲ,
648 4210 890 4263 κάκεῖθεν
957 4209 1166 4265 ἄπεισιν
1216 4212 1292 4274 εἷς
1339 4216 1430 4268 τὸν
1491 4216 1789 4272 σουλτάνον
1846 4224 2174 4295 προπέμψας
2227 4225 2292 4277 τὰ
2350 4221 2640 4299 εὐαγγέλια
2697 4227 2783 4280 καὶ
2832 4229 2931 4297 τήν
2976 4231 3070 4282 τοῦ
3105 4228 3400 4302 λᾶιπαρίτου
3452 4229 3695 4302 μηνύσας
3728 4233 3900 4288 κατα-

482 4315 690 4397 σχεσιν.
751 4297 812 4354 Ὀ
873 4294 931 4352 δὲ
956 4304 1036 4371 τῷ
1069 4297 1244 4355 δοκεῖν
1283 4304 1377 4374 μὲν
1411 4305 1691 4379 ηὐφράνθη
1728 4308 1815 4362 καὶ
1848 4294 2226 4384 ἠγαλλιάσατο
2256 4311 2339 4366 ἐπῖ
2373 4294 2675 4385 τῇάλώσει
2706 4320 2802 4370 106
2833 4294 3152 4390 Λιπαρίτου,
3188 4294 3533 4394 ἐφθόνησε-δέ
3563 4325 3640 4392 τῷ
3671 4319 3902 4397 ἀδελφῷ

480 4385 740 4441 τοιούτου
774 4388 1153 4458 καταξιωθέντι
1203 4395 1300 4446 106
1349 4393 1749 4470 εὐτυχήματος,
1799 4402 1888 4453 καὶ
1935 4398 2024 4455 διὰ
2070 4401 2268 4463 παντὸς
2318 4400 2550 4474 ἐμελέτα
2593 4405 2682 4460 καὶ
2714 4405 2980 4482 πρόφασιν
3009 4405 3185 4476 ἐζήτει
3215 4412 3406 4462 τοῦτον
3441 4410 3769 4479 ποιήσασθαι
3806 4410 3898 4467 ἐκο

481 4469 691 4531 ποδών.

552 4600 879 4692 Imperator
909 4605 1225 4677 Liparitam
1258 4615 1495 4682 captum
1528 4630 1658 4670 esse
1689 4617 1934 4673 audiens
1968 4624 2124 4674 totus

2304 4618 2410 4672 Τὸν
2466 4617 2560 4690 μὶν
2619 4619 2709 4673 οὗν
2760 4620 3082 4692 Λιπαρίτην,
3143 4621 3216 4682 ὡς
3271 4620 3495 4686 ἐπύθετο
3539 4623 3638 4690 τὴν
3691 4625 3896 4680 τούτου

477 4688 538 4744 in
569 4689 678 4744 hoc
707 4691 814 4746 fuit
845 4698 908 4748 ut
937 4711 1070 4750 eum
1104 4695 1401 4755 liberaret.
1438 4702 1614 4758 Misso
1649 4705 1844 4777 itaque
1885 4708 1954 4762 ad
2007 4708 2122 4763 sul-

473 4782 680 4834 tanum
712 4780 956 4854 Georgio
985 4784 1188 4856 Droso,
1213 4788 1406 4844 scriba
1450 4795 1715 4860 Aaronis,
1749 4812 1881 4850 cum
1917 4814 2123 4853 mune-

471 4865 638 4923 ribus
670 4885 774 4940 pro
807 4873 1146 4930 redimendo
1178 4892 1244 4932 eo
1277 4879 1570 4949 pretiosis,
1625 4883 1799 4938 simul
1853 4891 1908 4940 et
1965 4886 2121 4941 hunc

473 4955 585 5010 sibi
613 4958 774 5012 reddi
829 4965 884 5014 et
935 4979 1131 5032 pacein
1185 4969 1454 5039 componi
1509 4972 1788 5042 postulat.
1843 4973 2123 5030 Sultanus

473 5047 729 5115 acceptis
779 5047 1007 5118 legatis,
1057 5059 1121 5108 ut
1187 5058 1536 5128 magnificus
1608 5062 1752 5118 581
1829 5063 2125 5118 videretur

473 5131 667 5202 potius
719 5153 816 5191 rex
863 5155 1038 5209 quam
1085 5143 1180 5212 qui
1237 5145 1451 5201 bellum
1505 5157 1952 5222 cauponaretur,
2019 5171 2120 5224 pro

442 5219 628 5313 ’ἀορο
659 5223 994 5297 imperatori
1051 5233 1232 5286 mittit
1285 5219 1642 5306 Liparitamr;
1706 5246 1761 5294 ct
1810 5219 1948 5311 qua).
1991 5219 2118 5313 (jus

472 5309 797 5369 redimendi
830 5332 1007 5373 causa
1031 5320 1349 5391 imperator
1376 5309 1854 5402 miserat,accipit
1877 5309 2116 5402 quidem

468 5400 572 5496 sed
605 5403 881 5496 omnibus
905 5407 976 5462 iis
1011 5409 1322 5481 Liparitam
1350 5415 1548 5483 donat,
1574 5400 1844 5476 hortatus
1893 5400 1958 5477 ut
1988 5424 2116 5492 ejus

466 5495 524 5580 in
562 5495 859 5556 posterum
891 5497 1001 5551 rliei
1041 5503 1374 5556 memoriam
1417 5505 1652 5576 coleret,
1681 5526 1868 5580 neque
1915 5519 2114 5566 contra

465 5572 690 5663 Turcas
725 5597 893 5648 porro
917 5602 1079 5641 arma
1114 5600 1388 5646 sumeret.
1445 5595 1692 5663 Legatus
1737 5572 1954 5652 sultaui
2003 5600 2112 5653 luit

464 5660 537 5718 ad
569 5661 978 5738 imperatorem
1013 5676 1062 5732 is
1103 5695 1278 5749 quem
1329 5681 1441 5752 ipsi
1493 5660 1800 5755 Seriphum
1863 5692 2106 5756 vocant;

2233 4705 2635 4781 x¢1cicxeatv6
2691 4706 2968 4784 βασιλεὺς,
3027 4708 3156 4771 ὅλος
3199 4708 3409 4784 ἐγένετο
3463 4710 3891 4787 ἀναρῥύσασθαι,

2234 4795 2323 4848 καὶ
2365 4792 2512 4871 δῶρα
2563 4795 2842 4867 πολυτελῆ
2898 4796 2986 4852 καί
3038 4797 3207 4874 λύτρα
3238 4799 3458 4872 πέμψας
3491 4804 3568 4871 τῷ
3600 4799 3894 4875 σουλτάνῳ

2237 4880 2323 4937 διὰ
2357 4887 2625 4959 Γεωργίου
2673 4892 2770 4942 τοῦ
2801 4884 3102 4960 λεγομένου
3152 4883 3358 4960 Δρόσου
3403 4888 3892 4964 (ὁπογραμματεὺς

2236 4969 2293 5026 δὲ
2348 4975 2414 5042 ἧν
2467 4975 2494 5029 6
2555 4975 2754 5051 Δρόσος
2785 4977 2880 5030 106
2941 4976 3176 5051 Ἀαρὼν)
3219 4976 3500 5049 ἐξαιτεῖται
3528 4980 3626 5046 τήν
3669 4977 3893 5042 ἐλευθε-

2235 5062 2347 5136 ρίαν
2376 5063 2464 5117 καὶ
2513 5062 2747 5126 σπονδὰς
2796 5063 3040 5138 εἰρήνης.
3095 5065 3155 5122 Ὀ
3209 5062 3266 5119 δὶ
3311 5064 3604 5128 σουλτάνος
3630 5066 3723 5127 τὰς
3755 5088 3894 5140 πρε-

2232 5147 2410 5213 σϐείας
2485 5149 2791 5225 δεξάμενος,
2861 5152 2950 5207 καὶ
3025 5152 3452 5229 μεγαλοπρεπής
3520 5153 3693 5218 θέλων
3751 5157 3889 5212 εῖναι

2233 5240 2484 5316 βασιλεὺς
2515 5240 2726 5313 μᾶλλον
2760 5241 2794 5310 ἢ
2850 5240 3102 5312 κάπηλος
3145 5241 3514 5318 ἀνελεύθερος,
3576 5241 3890 5300 ἀποδίδωσι

2225 5335 2412 5385 τοῦτον
2449 5328 2620 5403 δῶρον
2669 5335 2746 5401 τῷ
2781 5329 3016 5406 βασιλεῖ,
3048 5326 3233 5386 λαϐὼν
3267 5333 3362 5405 μὶν
3389 5333 3453 5386 τὰ
3483 5331 3675 5406 λύτρα,
3708 5334 3890 5389 πάντα

2227 5418 2284 5474 δὲ
2333 5425 2412 5490 τῷ
2467 5420 2735 5494 Λιπαρίτῃ
2791 5421 3197 5496 παρεσχηκὼς,
3258 5422 3348 5475 καὶ
3411 5423 3714 5494 μεμνῆσθαι
3776 5430 3884 5491 τῆς

2226 5507 2501 5582 πειροῦσης
2552 5510 2760 5585 ἡμέρας
2809 5507 2897 5564 διὰ
2944 5512 3142 5572 παντὸς
3195 5510 3732 5585 παρεγγυησὲμενος,
3781 5514 3879 5566 καὶ

2225 5595 2498 5667 μηδέποτε
2529 5596 2674 5652 ὅπλα
2704 5600 2930 5668 θελῆσαι
2985 5600 3043 5654 τὸ
3101 5600 3205 5654 ἀπὸ
3261 5597 3418 5654 τοῦδε
3467 5604 3686 5664 κινῆσαι
3736 5601 3883 5655 κατὰ

2217 5689 2322 5739 τῶν
2384 5687 2657 5763 Τούρκων.
2709 5691 2789 5763 [Ρ.
2850 5690 2979 5762 775]
3037 5687 3423 5764 Ἀνεπλήρωσε
3482 5687 3529 5744 δ’
3568 5689 3714 5761 αὐτῷ
3771 5691 3877 5760 τήν
