4070 6334
191 363 302 425 313

1319 367 1866 431 HISTORIARUM
1910 367 2459 430 COMPENDIUM.

3471 366 3597 426 314

188 492 322 568 πρὸς
350 494 441 549 τὸν
478 492 705 569 βασιλέα
760 491 1043 572 πρεσϐείαν
1077 497 1106 553 ὁ
1139 496 1440 573 λεγόμενος
1487 499 1614 572 παρ’
1641 498 1823 560 αὐτοῖς

1945 500 2112 569 cujus
2160 516 2228 556 ea
2277 504 2367 555 est
2414 500 2485 555 ad
2532 499 2794 569 ipsorum
2842 496 3191 570 Chalipbam
3241 497 3410 564 ratio,
3462 514 3593 569 qua:

187 583 422 658 σέριφος·
484 581 704 639 δύναται
762 582 819 640 δὲ
874 591 1034 642 τοῦτο
1077 587 1140 643 τὸ
1188 584 1366 660 ὄνομα
1394 589 1531 662 πρὸς
1556 588 1650 642 τὸν
1702 588 1829 663 παρ’

186 671 369 735 αὐτοῖς
425 680 700 748 χαΑυφᾶν,
735 676 867 750 ὅπερ
917 675 945 729 ὁ
1000 678 1125 750 παρ’
1155 678 1292 749 ἡμῖν
1342 674 1648 753 σύγκελλος
1692 676 1828 750 πρὸς

180 760 266 813 τὸν
298 764 648 837 πατριάρχην
700 762 869 819 πάλαι
913 762 1163 819 ἐδύνατο·
1214 764 1419 821 ἐκείνου
1468 767 1571 840 γὰρ
1620 765 1827 828 ἀποθα-

177 847 362 910 νόντος
390 850 554 912 αὐτὸς
588 851 744 914 εὐθὺς
774 852 853 916 εἷς
879 854 971 908 τὸν
1022 854 1220 909 τούτου
1270 856 1462 929 θρόνον
1522 851 1832 929 ἐγκαθίδρυο

180 956 285 992 ται.
321 938 498 1000 Οὗτος
530 940 718 994 τοίνυν
750 942 779 995 ὁ
809 940 1026 1017 σὲριφος
1058 942 1317 999 εἰσελθὼν
1350 943 1402 999 ἐν
1462 947 1531 1016 τῇ
1586 940 1829 1019 βασιλίδι

182 1024 265 1079 καὶ
299 1025 357 1088 ἐς
388 1026 682 1100 πρόσωπον
716 1028 886 1085 ἐλθὼν
917 1035 999 1103 τῷ
1023 1030 1239 1106 βασιλεῖ
1265 1032 1355 1087 καὶ
1378 1029 1623 1104 ὁμιλίαν,
1643 1027 1829 1085 πολλά

180 1134 233 1168 τε
289 1115 720 1192 μεγαλαυχήσας
774 1118 864 1172 καὶ
926 1121 1321 1197 φρυαεάμενος,
1372 1119 1461 1174 καὶ
1517 1117 1826 1174 τελευταῖον

185 1204 458 1282 ὗπάφορον
507 1208 691 1272 Θίσθαι
741 1210 971 1273 σπεύσας
1020 1212 1122 1280 τὴν
1167 1210 1452 1284 Ῥωμαίων
1510 1213 1589 1281 τῷ
1637 1209 1828 1263 ἑαυτοῦ

182 1291 481 1367 σουλτάνῳ,
516 1294 632 1350 ἐπεὶ
667 1299 741 1369 μὴ
772 1298 892 1373 εὗρε
918 1300 1011 1353 τὸν
1047 1298 1276 1373 βασιλέα
1330 1294 1610 1366 ἐπικλινῆ,
1656 1292 1828 1370 ἄπρα-

178 1401 298 1443 κτος
325 1383 658 1461 ὑπεχώρησε
687 1386 823 1457 πρὸς
850 1387 944 1441 τὸν
983 1388 1291 1461 πέμώαντα.
1327 1387 1424 1442 Καὶ
1484 1387 1512 1441 ὁ
1574 1383 1827 1461 βασιλεὺς

178 1476 237 1528 τὸ
264 1473 357 1528 ἀπ’
380 1473 587 1530 ἐκείνου
614 1473 976 1553 ἐκδεχόμενος
1010 1479 1257 1552 πόλεμον
1307 1478 1414 1533 ἀπὸ
1461 1474 1558 1531 τού
1589 1473 1824 1529 σουλτά-

177 1584 287 1629 νοο,
317 1565 439 1627 καθ’
469 1562 597 1619 ὅσον
650 1566 769 1620 οἷόν
816 1587 875 1621 τε
919 1567 1010 1639 ἦν,
1039 1567 1107 1621 τὰ
1155 1568 1470 1641 ὁμοροῦντα
1499 1568 1569 1637 τῇ
1604 1566 1821 1638 Περσῶν

1940 589 2268 661 antiquitus
2317 588 2558 660 syncelli
2608 589 2678 644 ad
2736 587 3125 659 patriarcliam
3183 604 3195 642 :
3249 585 3383 642 huic
3434 586 3591 643 enim

1942 684 2170 733 mortuo
2218 677 2315 732 ille
2361 677 2559 732 statim
2608 677 2976 732 succedebat.
3030 676 3085 731 1s
3132 691 3269 748 ergo
3309 675 3593 749 Seriphus

1943 767 2281 838 Byzantium
2315 766 2607 838 profectus
2638 775 2695 820 et
2724 766 2793 820 ad
2819 765 3182 837 colloquium
3216 763 3591 836 imperatoris

1939 855 2259 924 admissus,
2308 872 2441 910 cum
2495 854 2680 910 multa
2727 854 2842 910 alia
2891 854 3141 925 superbe
3191 870 3257 909 ac
3300 854 3595 923 jactanter

1939 943 2104 1011 dixit,
2137 948 2263 998 tum
2295 943 2351 997 id
2386 959 2621 1014 quoque
2672 941 2989 1013 postulavit
3019 946 3083 996 ut
3116 941 3359 996 Romani
3394 957 3455 995 se
3485 940 3590 996 sti-

1942 1032 2275 1101 pendiarios
2307 1032 2538 1088 sultano
2572 1032 2844 1087 facerent.
2878 1032 2946 1085 Et
2975 1047 3108 1086 cum
3140 1031 3361 1085 videret
3402 1031 3590 1101 impe-

1942 1126 2191 1175 ratorem
2217 1137 2282 1175 eo
2315 1137 2686 1193 nequaquam
2708 1120 3013 1185 inclinare,
3033 1136 3092 1174 re
3112 1119 3326 1175 infecta
3346 1120 3588 1174 domum

1941 1208 2135 1263 rediit.
2169 1208 2388 1264 Exinde
2419 1226 2452 1265 a
2478 1210 2713 1264 sultano
2746 1208 2963 1264 bellum
3016 1212 3356 1278 exspectans
3388 1207 3588 1263 Mono-

1942 1297 2186 1351 macbus
2218 1313 2452 1367 operam
2488 1298 2648 1351 dedit
2671 1302 2732 1351 ut
2762 1314 2888 1368 quas
2921 1296 3169 1350 finitima
3199 1301 3365 1351 erant
3389 1296 3588 1351 Persa-

1939 1402 2069 1439 rum
2117 1401 2294 1456 regno
2343 1386 2756 1440 communiret.
2797 1385 3019 1439 lnterea
3067 1386 3347 1455 temporis
3397 1383 3589 1439 Patzi-

1940 1489 2095 1528 nacta
2143 1473 2317 1529 etiam
2371 1491 2433 1529 se
2480 1477 2948 1529 commoverunt.
3002 1473 3081 1527 Ea
3129 1488 3222 1527 res
3264 1473 3374 1527 hoc
3413 1472 3589 1528 modo

1940 1567 2088 1616 acta.

181 1655 248 1725 γῇ
279 1650 500 1725 πέμψας
531 1653 998 1729 κατησφαλίσατο.
1031 1656 1117 1712 Ἐν
1150 1656 1196 1728 ᾧ
1228 1653 1285 1711 δδ
1312 1659 1480 1710 ταῦτα
1508 1653 1735 1729 ἐγίνετο,
1767 1649 1858 1705 καὶ
1886 1651 1922 1719 ἡ
1966 1654 2073 1704 τῶν
2111 1649 2459 1719 Πατζινάκων
2510 1645 2800 1721 ἰπισυνὲϐη
2835 1649 3068 1720 κίνησις·
3096 1653 3214 1711 πῶς
3248 1645 3305 1703 δὲ
3332 1648 3423 1703 καὶ
3472 1647 3591 1703 τίνα

183 1742 404 1816 τρόπον,
440 1738 683 1799 λεκτέον.

239 1866 309 1919 Τὸ
366 1864 518 1929 ἔθνος
567 1871 674 1921 τῶν
729 1868 1074 1936 Πατζινάκων
1111 1869 1370 1934 Σκυθικὸν
1402 1871 1672 1947 ὑπάρχον,
1702 1874 1808 1929 ἀπὸ

1991 1865 2429 1923 Ραιείοιιοιιτυω
2480 1884 2624 1939 gens
2672 1866 2944 1939 Scythica
3008 1869 3126 1934 est,
3182 1881 3383 1920 eorum
3444 1863 3589 1938 Scy-

177 1958 280 2008 τῶν
313 1951 629 2027 λεγομὲνων
680 1956 971 2031 βασιλείων
1011 1964 1252 2022 Σκυοων.
1291 1963 1428 2034 μέγα
1470 1960 1527 2016 τὲ
1576 1960 1685 2019 ἔστι
1735 1968 1827 2022 καὶ

182 2039 635 2119 πολυάνθρωπον,
668 2045 805 2119 πρὸς
836 2046 866 2100 ὃ
898 2043 1023 2101 οὐδὲ
1057 2046 1112 2101 ’ὲν
1164 2049 1297 2103 αὐτὸ
1341 2051 1462 2113 καθ’
1492 2052 1649 2108 ἑαυτὸ
1693 2061 1832 2111 Σκυ-

184 2132 325 2186 Θεκὸν
382 2131 540 2207 γένος
620 2134 932 2204 ἀντιστῆναι
1012 2133 1251 2193 δύναται.
1314 2138 1581 2213 Διῄρηται
1642 2140 1700 2198 δὲ
1757 2145 1833 2208 εἷς

180 2218 523 2289 τρισκαίδεκα
549 2222 756 2298 γενεὰς,
784 2220 983 2288 αἳτινες
1030 2223 1323 2281 καλοῦνται
1381 2229 1476 2301 μὲν
1532 2235 1699 2287 πᾶσαι
1751 2238 1832 2307 τῷ

179 2314 338 2381 κοινῷ
373 2309 628 2383 ὀνόματι,
662 2307 852 2387 ἔχουσι
885 2310 942 2367 δὶ
977 2313 1171 2385 ἑκάστη
1222 2315 1312 2370 καὶ
1374 2314 1511 2373 ἴδιον
1566 2318 1672 2376 ἀπὸ
1732 2328 1831 2378 τοῦ

179 2395 336 2466 αὐτῆς
368 2399 647 2473 προγόνου
677 2399 767 2455 καὶ
799 2400 1052 2476 ἀρχηγοῦ
1104 2404 1205 2472 τὴν
1258 2407 1634 2482 προσηγορίαν
1690 2409 1830 2481 κλη-

179 2486 487 2558 ρωσαμὲνη.
523 2488 796 2560 Νέμονται
838 2486 895 2543 δὶ
952 2490 1044 2552 τὰς
1103 2491 1269 2568 πῆραν
1303 2491 1515 2567 Ἴστρου
1572 2495 1676 2550 ἀπὸ
1733 2501 1830 2552 τοῦ

177 2576 534 2649 Βορυσθένους
564 2582 821 2649 ποταμοῦ
850 2578 939 2633 καὶ
998 2578 1163 2654 μεχρι
1219 2582 1505 2645 Παννονίας
1560 2584 1828 2659 ἥπλωμέ-

175 2684 261 2724 νας
292 2661 575 2730 πεδιάδας,
608 2663 843 2738 νομάδες
863 2688 923 2721 τε
954 2663 1104 2730 ὄντες
1137 2669 1223 2723 καὶ
1277 2670 1367 2724 τὸν
1418 2672 1678 2744 σκηνίτην
1742 2671 1831 2729 διὰ

181 2753 374 2815 παντὸς
406 2755 777 2826 ἀσπαζόμενοι
812 2756 953 2831 βίον.
986 2755 1196 2813 Τούτου
1221 2762 1316 2813 τοῦ
1349 2758 1534 2834 γένους
1584 2762 1827 2838 ἀρχηγὸς

178 2840 240 2909 ἦν
266 2847 344 2913 τῷ
371 2844 498 2898 τότε
527 2844 716 2920 Τυρὰχ
747 2845 775 2900 ὁ
804 2849 901 2900 τοῦ
937 2844 1130 2921 Κιλτὶρ
1187 2848 1327 2915 οἷος,
1359 2848 1623 2925 εὐγενείας
1676 2849 1825 2920 ἥκων

179 2928 227 2991 ἃς
255 2931 317 2985 τὸ
351 2932 675 3007 ἀκρότατον,
706 2928 924 3006 ἀμϐλὺς
955 2931 1013 2990 δὲ
1063 2932 1249 2997 ἄλλως
1295 2937 1384 2991 καὶ
1440 2940 1539 3006 τὴν
1589 2941 1826 3016 ἡσυχίαν

178 3023 372 3092 φιλῶν.
406 3022 509 3076 Ἤν
543 3018 601 3076 δὲ
631 3022 721 3078 καὶ
752 3021 925 3086 ἄλλος
953 3045 1037 3088 τις
1067 3023 1118 3078 ἐν
1160 3023 1241 3097 τῷ
1287 3024 1424 3081 ἔθνει
1471 3028 1572 3096 τήν
1628 3027 1828 3099 κλῆσιν

178 3108 431 3183 Κεγίνης,
464 3109 580 3172 υἱὸς
611 3115 711 3165 τοῦ
754 3108 1020 3187 Βαλτζᾶρ,
1048 3112 1111 3167 τὸ
1146 3113 1240 3187 μὶν
1290 3112 1443 3190 γένος
1484 3115 1692 3189 ἄσημος
1737 3116 1826 3172 καὶ

1942 1957 2176 2013 tharum
2227 1959 2325 2031 qui
2359 1959 2497 2031 regii
2532 1959 2830 2023 dicuntur,
2863 1974 3077 2030 magna
3107 1961 3163 2012 et
3194 1954 3499 2029 populosa,
3533 1959 3592 2010 et

1941 2047 2033 2100 cui
2068 2046 2230 2102 nulla
2259 2047 2375 2103 alia
2413 2064 2556 2121 gens
2605 2048 2876 2121 Scythica
2908 2047 3180 2103 resistere
3224 2043 3348 2101 sola
3380 2043 3587 2116 possit.

1942 2134 2234 2190 Dividitur
2276 2142 2471 2192 autem
2522 2137 2581 2191 in
2634 2137 2908 2193 tredecim
2941 2136 3152 2202 tribus,
3188 2150 3313 2206 quas
3363 2139 3427 2188 ut
3457 2132 3590 2187 uni-

1941 2241 2117 2279 versae
2174 2242 2484 2281 commune
2534 2226 2971 2281 l'atzinacarum
3021 2240 3223 2278 nomen
3274 2225 3586 2293 usurpant,

1942 2312 2022 2368 ita
2070 2314 2288 2385 qnzevis
2345 2332 2379 2370 a
2427 2332 2533 2371 suo
2590 2316 2822 2387 generis
2877 2313 3137 2386 principe
3196 2311 3351 2369 582
3410 2316 3588 2381 atque

1940 2410 2176 2458 auctore
2236 2403 2588 2475 peculiarem
2663 2404 2872 2459 sortita
2951 2407 3041 2458 est
3108 2399 3586 2473 appellationem.

1944 2490 2215 2547 Incolunt
2244 2497 2407 2548 trans
2439 2492 2650 2548 Istrum
2681 2493 2950 2565 planities
2973 2508 3005 2547 ιι
3037 2489 3394 2562 Borysthene
3414 2486 3590 2542 ﬂuvio

1941 2581 2011 2634 ad
2047 2579 2404 2636 Pannoniam
2462 2597 2649 2652 usque
2699 2585 3016 2652 porrectas,
3052 2577 3289 2633 incertis
3328 2579 3591 2632 errantes

1940 2669 2181 2724 sedibus
2213 2686 2562 2742 semperque
2597 2671 2654 2724 in
2692 2668 3089 2725 tabernaculis
3121 2667 3419 2738 degentes.
3445 2664 3590 2719 Huic

1938 2758 2095 2830 genti
2129 2762 2269 2813 tunc
2318 2765 2563 2830 praerat
2590 2757 2893 2832 Tyracbus
2946 2746 3147 2813 Kilteri
3200 2755 3380 2820 ﬁlius,
3412 2753 3589 2808 homo

1941 2846 2367 2912 nobilissimus,
2400 2847 2694 2918 ceteroqui
2747 2846 2945 2919 segnis
2994 2850 3051 2899 et
3097 2843 3310 2917 quietis
3357 2858 3586 2897 amans.

1936 2939 2077 2991 Erat
2103 2936 2163 2991 in
2204 2937 2405 2991 eadem
2455 2942 2625 3006 gente
2673 2938 2847 2991 etiam
2882 2935 3034 2991 alius
3063 2934 3303 3005 quidam
3329 2932 3587 3003 Kegenes

1940 3024 2195 3089 nomine,
2228 3025 2510 3081 Baltzaris
2557 3025 2713 3081 filius
2762 3040 2971 3097 genere
3001 3021 3422 3079 obscurissimo
3456 3018 3585 3073 nul-

1935 3113 2128 3185 lisque
2160 3114 2475 3181 natalibus,
2508 3115 2606 3171 sed
2642 3114 2791 3171 bello
2822 3112 3223 3183 ducendisque
3245 3108 3586 3165 cohortibus

179 3193 371 3271 σχεδὸν
404 3197 712 3271 ἀνώνυμος,
745 3199 869 3275 περὶ
898 3197 955 3255 δί
982 3201 1049 3255 τὰ
1080 3200 1360 3274 πολεμικά
1390 3204 1479 3259 καὶ
1504 3205 1599 3269 τὰς
1630 3226 1823 3281 στρατ-

1942 3200 2110 3273 longe
2161 3202 2732 3274 praetentissimus:
2778 3217 2911 3258 nam
2962 3200 3176 3272 saepius
3222 3198 3371 3255 Uzos
3418 3197 3586 3269 (gens

177 3285 331 3360 ηγίας
358 3285 531 3362 κάρτα
562 3284 1063 3363 δραστηριώτατος,
1096 3290 1155 3351 ’ὀς
1186 3290 1275 3345 καὶ
1312 3288 1587 3355 πολλάκις
1639 3291 1823 3349 ἐπιόν-

173 3392 261 3434 τας
318 3375 458 3429 κατὰ
511 3379 620 3430 τῶν
680 3375 1030 3445 Πατζινάκων
1107 3378 1236 3441 τοὺς
1287 3377 1496 3450 Οἰῖζους
1543 3383 1716 3458 (γὲνος
1770 3380 1827 3439 δὶ

176 3461 429 3517 Ούννικὸν
463 3464 520 3517 οἱ
552 3463 737 3537 Οὗζοι)
792 3466 1027 3528 ὑποστὰς
1086 3465 1343 3542 ἐτρέψατο
1399 3469 1488 3524 καὶ
1546 3470 1825 3543 ἀπώσατο,

176 3553 270 3603 τοῦ
299 3551 498 3627 Τυρᾶχ
529 3553 640 3628 οὑχ
670 3552 820 3616 ὅπως
852 3552 1252 3625 ἀντεπεξελθεῖν
1304 3559 1379 3630 μή
1430 3558 1823 3635 θαρρήσαντος,

179 3636 318 3692 ἄλλα
343 3639 434 3693 καὶ
464 3638 792 3706 καταδύντος
820 3641 899 3707 είς
924 3644 993 3698 τὰ
1040 3644 1184 3714 παρὰ
1228 3649 1309 3718 τῷ
1339 3647 1534 3722 Ἴστρῳ
1583 3644 1682 3718 ελη
1733 3650 1821 3704 καὶ

180 3724 272 3785 τὰς
297 3723 523 3797 λίμνας.
557 3728 657 3782 Τὸν
685 3729 780 3802 μὲν
831 3728 921 3784 οὖν
982 3733 1176 3807 Τυράχ
1233 3732 1285 3786 οἱ
1342 3732 1665 3803 Ηατζινάκαι
1718 3735 1825 3791 hi-

184 3833 294 3903 μιον
325 3811 417 3869 δια
442 3815 509 3903 τὸ
540 3816 714 3891 γένός,
744 3819 836 3872 τὸν
889 3815 948 3873 δὶ
1006 3819 1208 3894 Κεγὲνη
1264 3821 1573 3891 ἠσπάζοντο
1633 3820 1823 3903 διαφε-

179 3902 379 3974 ρόντως
438 3900 528 3958 διὰ
576 3905 639 3959 τὸ
688 3908 789 3975 τῆς
851 3904 1070 3980 ἀνδρίας
1120 3905 1467 3986 ὑπερϐάλλον
1494 3912 1584 3966 καὶ
1615 3900 1825 3980 τὴνήὶν

176 3996 286 4051 τοῖς
318 3990 593 4063 πολὲμοις
640 3991 947 4065 δεινότητα.
976 3998 1151 4072 "Amp
1183 3996 1399 4053 ἀκούων
1450 4000 1541 4054 καὶ
1603 3999 1820 4076 βλᾶπων

178 4077 204 4131 ὀ
230 4081 426 4155 Τυρὰχ
456 4078 706 4138 ἰδάκνετο
736 4085 837 4152 τήν
869 4086 1079 4160 ψυχὴν,
1112 4083 1305 4152 δεδιὼς
1333 4087 1456 4163 περὶ
1484 4095 1585 4158 τῆς
1617 4089 1821 4165 ἀρχῆς,

174 4168 257 4221 καὶ
315 4169 519 4242 τρόπον
583 4170 760 4242 ἐζήτει
820 4172 970 4236 ὅπως
1023 4173 1083 4229 ἃν
1132 4176 1221 4231 τὸν
1258 4176 1492 4250 Κεγίνην
1524 4177 1822 4234 ἀποσκευά-

178 4275 349 4324 σηται.
385 4259 699 4336 Ἑφίστησιν
760 4260 851 4316 οὖν
907 4263 1060 4337 αύτῷ
1118 4261 1326 4341 λόχους
1382 4265 1676 4337 πολλάκις,
1710 4267 1821 4345 ἐγί-

174 4366 323 4401 νοντο
356 4345 413 4402 δὶ
452 4347 648 4411 πάντες
680 4350 860 4426 ἀργοί.
889 4353 1035 4409 Ἐπεὶ
1100 4350 1157 4408 δὶ
1202 4353 1474 4418 πολλάκις
1531 4355 1822 4433 ἐπιχειρή-

177 4453 261 4497 σας
291 4435 532 4513 κρυφίως
563 4438 1050 4515 ἠστόχησενλγνω
1083 4438 1191 4497 δεῖν
1228 4444 1304 4516 μὴ
1337 4441 1821 4517 διαμὲλλειν,ἆλλ⁹

176 4520 466 4599 ἆπιχειρεῖν
527 4531 788 4605 φανερῶς.
824 4529 918 4585 Διὸ
967 4530 1056 4585 καὶ
1119 4528 1334 4601 πλῆθος
1390 4534 1610 4608 πέμψας
1657 4555 1819 4590 κατα-

178 4580 366 4668 λαέέῖςὶ
443 4580 913 4674 ικιό.ιυέζ”ὲὸῖ”
948 4580 1333 4696 eam?
1361 4580 1608 4681 53.2.7?
1655 4580 1823 4682 $63;
1851 4580 1900 4645 Ῑ)

176 4702 435 4777 προγνοὺς
486 4705 588 4772 τήν
646 4700 949 4778 ἐπιϐουλὴν
1004 4709 1173 4786 φυγὰς
1232 4711 1368 4784 πρὸς
1418 4712 1486 4766 τὰ
1530 4709 1633 4781 ἕλη
1668 4712 1818 4787 γίνε-

172 4808 252 4877 ται
306 4794 405 4846 τοῦ
453 4792 849 4868 Βορυσθένους,
901 4797 990 4853 καὶ
1074 4798 1216 4854 οὕτω
1303 4798 1655 4877 διαφυγγάνει
1721 4802 1813 4856 τὸν

174 4872 414 4955 ὄλεθρον.
500 4883 583 4955 [Ρ.
641 4885 769 4957 776]
826 4887 1066 4950 Ἐκεῖθεν
1126 4885 1184 4943 δὶ
1264 4872 1641 4963 κρυπτόμενος
1725 4890 1815 4944 καὶ

175 4964 342 5042 λάθρα
400 4971 634 5043 πέμπων
691 4972 986 5046 μηνύματα
1071 4976 1209 5050 πρός
1281 4998 1337 5033 τε
1415 4976 1544 5042 τοὺς
1621 4977 1814 5032 ἑαυτοῦ

174 5063 439 5132 αυγγενεῖς
497 5058 586 5113 καὶ
664 5066 764 5127 τὴν
838 5062 1040 5139 φυλὴν,
1098 5061 1343 5135 ἠδυνήθη
1387 5066 1487 5135 τήν
1555 5084 1612 5119 τε
1669 5061 1810 5119 ἰδίαν

170 5146 346 5214 γενεὰν
409 5147 713 5217 ἀποστῆσαι
765 5153 990 5218 τῆςτοῦ
1026 5149 1297 5226 βασιλέως
1345 5152 1555 5216 εὐνοίας
1607 5152 1696 5226 (ἦν
1754 5149 1812 5208 δὲ

170 5234 200 5299 ἦ
256 5233 614 5310 Βελεμαρνὶς)
671 5236 761 5291 καὶ
843 5240 982 5312 πρὸς
1061 5241 1228 5315 ταύτῃ
1306 5241 1395 5296 καὶ
1472 5240 1650 5312 ἄλλην
1706 5243 1807 5313 τὴν

172 5322 546 5397 Παγουμανίδα
579 5344 593 5357 ’
653 5325 743 5379 καὶ
799 5323 1026 5400 δύναμιν
1085 5324 1538 5404 προσλαϐόμενος
1587 5331 1808 5385 ἀντιπα-

1935 3308 2003 3346 ea
2061 3291 2243 3347 Unica
2301 3297 2410 3361 est)
2472 3293 2764 3349 irruentes
2830 3292 3163 3348 subsistens
3223 3288 3583 3360 proﬂigarat,

1933 3380 2197 3452 Tyracbo
2226 3398 2337 3436 non
2372 3383 2543 3438 modo
2574 3388 2777 3438 contra
2818 3398 2917 3437 eos
2948 3381 3104 3436 exire
3133 3396 3247 3434 non
3280 3394 3447 3446 auso,
3481 3376 3581 3431 sed

1936 3470 2109 3525 etiam
2144 3468 2200 3524 in
2234 3470 2399 3525 lacus
2443 3487 2509 3525 ac
2542 3469 2784 3541 paludes
2818 3471 2967 3525 Istro
2997 3469 3219 3524 vicinas
3263 3483 3325 3522 se
3355 3466 3581 3521 subdu-

1935 3563 2121 3613 cente.
2192 3559 2393 3630 Itaque
2448 3559 2778 3631 Tyrachum
2846 3559 3082 3630 quidem
3132 3556 3454 3612 Patzinacm
3508 3554 3582 3609 ob

1933 3647 2165 3718 generis
2197 3647 2563 3702 nobilitatem
2591 3648 3039 3712 venerabantur,
3072 3646 3362 3716 Kegenem
3382 3648 3579 3697 tamen

1935 3735 2182 3791 mirifice
2211 3735 2716 3807 amplectebantur
2744 3737 2816 3791 ob
2850 3735 3252 3791 fortitudinem
3287 3732 3578 3803 insignem

1934 3824 2107 3894 inque
2163 3824 2438 3895 gerendis
2495 3824 2662 3881 bellis
2737 3823 3173 3879 strenuitatem.
3254 3825 3381 3874 Haec
3443 3836 3578 3874 vero

1930 3912 2171 3984 Tyrachi
2218 3912 2468 3969 videntis
2517 3912 2632 3969 ista
2678 3918 2853 3984 atque
2900 3910 3262 3967 inaudientis
3313 3907 3575 3963 animum

1934 4002 2301 4070 mordebant,
2333 4002 2404 4058 de
2430 4002 2680 4074 imperio
2710 4018 2818 4058 suo
2848 3999 3106 4069 solliciti,
3139 3999 3219 4053 ita
3249 4012 3391 4052 sane
3424 4001 3485 4049 ut
3505 3996 3576 4050 de

1933 4089 2190 4145 tollendo
2221 4090 2448 4162 Kegcne
2480 4091 2781 4163 cogitaret.
2832 4089 2935 4144 Cui
2968 4104 3102 4143 cum
3134 4102 3287 4157 saepe
3316 4084 3577 4140 occultas

1932 4178 2179 4233 tendens
2228 4179 2474 4235 insidias
2528 4179 2670 4234 nihil
2722 4178 3045 4249 proficeret,
3095 4176 3329 4231 tandem
3380 4176 3577 4245 aperte

1931 4283 2065 4323 eum
2125 4268 2340 4323 adoriri
2398 4268 2626 4336 statuit,
2685 4267 2984 4338 missaque
3041 4266 3219 4321 turba
3275 4262 3575 4318 hominem

1931 4355 2143 4427 corripi
2203 4357 2567 4429 interficique
2612 4357 2803 4428 jubet.
2865 4355 2976 4411 Sed
3031 4355 3292 4426 Kegenes
3345 4349 3576 4406 insidiis

1931 4446 2300 4517 praecognitis
2357 4446 2429 4502 ad
2492 4445 2734 4518 paludes
2788 4443 3236 4518 Borysthenicas
3296 4440 3572 4513 profugit,

1931 4532 2130 4604 itaque
2160 4534 2400 4590 exitium
2451 4535 2708 4592 evitavit.
2741 4534 2896 4592 588
2928 4534 3011 4590 Ibi
3042 4532 3391 4596 occultatus,
3422 4529 3570 4585 clam

1931 4623 2001 4676 ad
2035 4628 2314 4695 cognatos
2342 4624 2683 4696 tribumque
2734 4623 2928 4679 missis
2960 4620 3357 4690 internuntiis,
3388 4618 3578 4673 eﬂecit

1928 4715 1991 4765 ut
2020 4718 2078 4767 et
2106 4711 2228 4769 haec
2253 4730 2286 4767 a
2317 4729 2451 4786 rege
2480 4714 2830 4770 descisceret
2859 4712 3197 4784 (vocabatur
3215 4707 3576 4765 Belemarnis

1926 4800 2141 4874 tribus)
2188 4807 2245 4857 et
2285 4800 2401 4858 alia
2428 4804 2606 4857 etiam
2656 4803 2891 4857 nomine
2941 4799 3314 4873 Pagumanis.
3356 4797 3576 4851 Exinde

1925 4890 2241 4946 contractis
2281 4890 2460 4961 copiis
2508 4908 2641 4946 cum
2690 4891 2925 4945 duabus
2974 4889 3246 4944 tribubus
3295 4886 3575 4941 adversus

1924 4978 2279 5049 Tyrachum,
2330 4979 2423 5035 cui
2476 4980 2536 5034 11
2590 4980 2782 5035 tribus
2839 4980 3101 5042 aderant,
3136 4991 3389 5049 pugnam
3441 4972 3573 5027 init.

1924 5063 2190 5137 Cumque
2222 5083 2324 5138 per
2352 5065 2577 5137 aliquot
2624 5068 2797 5121 horas
2827 5066 3117 5131 durasset,
3152 5061 3387 5118 tandem
3421 5058 3573 5114 mul-

1923 5154 2176 5210 titudine
2225 5171 2544 5227 oppressus
2591 5156 2845 5227 fugatur.
2901 5153 3136 5225 Vngans
3183 5150 3319 5205 inde
3350 5149 3571 5204 circum

1923 5242 2183 5313 paludes,
2218 5261 2285 5299 ac
2334 5244 2584 5300 salutem
2637 5260 2903 5315 quaerens
2951 5242 3060 5298 sibi
3096 5241 3358 5311 suisque,
3395 5254 3570 5292 unam

1918 5331 2069 5386 hanc
2104 5334 2324 5387 invenit
2355 5333 2663 5397 rationem,
2706 5332 2754 5389 si
2787 5332 2856 5387 ad
2891 5332 3217 5387 Romanum
3251 5329 3573 5399 imperato-

171 5410 470 5482 ρατάττεται
528 5415 665 5486 μετᾶ
718 5416 826 5469 τῶν
870 5411 968 5471 δύο
1025 5422 1221 5493 γενεῶν
1279 5420 1414 5495 πρὸς
1465 5419 1555 5474 τὸν
1615 5420 1809 5497 Τυρᾶχ

1934 5438 2042 5477 rem
2068 5423 2704 5493 transfugeret.1taqne
2727 5422 3021 5495 profectus
3044 5416 3438 5483 Dorostolum,
3458 5430 3575 5486 quo

168 5498 257 5559 ti:
287 5501 351 5553 ια’
378 5497 600 5576 ἔχοντα.
626 5502 727 5558 Καὶ
760 5501 850 5558 ἐπὶ
885 5503 1100 5569 πολλὰς
1153 5508 1246 5581 μὲν
1304 5508 1574 5584 ἀντισχὼν
1636 5506 1804 5583 ὥρας,

173 5586 315 5658 ὅμως
376 5591 477 5645 ὕπὸ
543 5590 640 5646 τοῦ
724 5592 979 5662 πλήθους
1062 5597 1457 5666 καταπονηθεὶς
1530 5596 1802 5673 τρέπεται.

1918 5515 2087 5566 tutus
2132 5512 2204 5566 ab
2252 5510 2487 5566 insidiis
2535 5516 2711 5580 esset,
2757 5528 2818 5567 se
2867 5516 2923 5567 et
2962 5527 3123 5571 suos,
3173 5507 3271 5580 qui
3303 5504 3571 5562 erantad

1912 5600 1983 5653 20
2035 5599 2240 5670 millia,
2294 5600 2351 5655 in
2405 5600 2663 5655 insulam
2717 5602 3038 5672 quamdam
3090 5600 3250 5655 ﬂuvii
3301 5596 3570 5668 exiguam

172 5678 652 5755 Περιπλανώμενος
708 5678 768 5737 δὶ
818 5680 873 5739 ἐν
936 5688 1054 5748 τοῖς
1130 5680 1275 5743 ἵλεσι
1358 5686 1449 5742 καὶ
1534 5685 1806 5763 σωτηρίαν

1941 5686 2186 5760 ncludit,
2238 5688 2613 5763 regionisque
2665 5690 2934 5762 praefecto
2981 5690 3057 5764 (is
3085 5694 3213 5748 erat
3253 5690 3574 5749 Michaelus
