4070 6334
453 336 569 397 315

1786 337 2103 398 GEORGII
2148 336 2491 397 CEDRENI

3739 335 3862 394 316

454 467 743 522 Anastasii
779 468 957 538 ﬁlius)
984 468 1277 539 signiﬁcat
1307 470 1440 540 quis
1463 474 1611 523 esset
1638 475 1693 522 et
1724 486 1834 538 qua
1870 469 2101 524 fortuna

2229 473 2390 536 ζητῶν
2447 467 2569 539 μίαν
2630 463 2770 541 ἔγνω
2810 467 3001 520 ἑαυτοῦ
3056 487 3113 519 τε
3168 464 3257 519 xui
3300 468 3407 518 τῶν
3436 463 3527 518 σὺν
3560 465 3731 534 αὐτῷ,
3757 466 3859 532 τὴν

451 559 618 609 actus
652 555 763 608 huc
795 557 1085 618 venisset;
1114 563 1171 609 et
1203 573 1264 611 se
1294 574 1505 627 cupere
1551 558 1608 610 in
1646 558 1817 611 fidem
1852 559 2101 628 impera-

450 643 596 697 toris
671 646 1007 709 concedere,
1072 652 1484 716 receptumque
1555 664 1615 701 se
1693 649 1867 701 rebus
1926 648 2103 718 hujus

456 748 805 804 magnopere
835 736 1351 789 commodaturum
1405 736 1734 805 pollicetur.
1793 738 2103 792 Prmt'ectus

454 838 587 875 cum
619 822 905 893 extemplo
940 840 1058 876 rem
1108 826 1175 876 ad
1230 824 1635 895 imperatorem
1674 828 2003 894 detulisset,
2031 829 2103 881 ab

453 928 519 965 eo
565 911 809 979 jubetur
864 914 1064 965 statim
1126 912 1413 983 Kegenem
1476 931 1605 968 cum
1668 932 1774 970 suo
1825 916 2102 970 comitatu

454 1000 737 1069 accipere,
771 1006 944 1071 atque
988 1001 1121 1055 huic
1172 1004 1407 1072 quidem
1468 1004 1794 1058 necessaria
1827 1007 2105 1075 praebere,

455 1090 648 1159 ipsum
683 1095 881 1145 autem
917 1090 1201 1161 Kegenem
1238 1091 1558 1146 honorifice
1590 1092 1930 1165 Byzantium
1968 1094 2103 1148 mit-

454 1182 594 1231 tere.
647 1178 752 1244 Qui
807 1184 871 1233 ut
902 1196 967 1233 eo
1020 1180 1199 1247 venit,
1252 1180 1500 1251 benigne
1545 1186 1634 1235 est
1686 1181 2106 1253 splendideque

453 1274 750 1336 exceptus,
776 1284 838 1320 ac
862 1285 992 1321 cum
1020 1268 1367 1339 imperatore
1390 1272 1733 1337 collocutus,
1754 1288 1815 1325 se
1833 1278 2103 1326 sanctum

455 1354 816 1425 baptismum
865 1356 1265 1412 admissurum
1316 1358 1817 1430 popularibusque
1860 1361 2010 1415 idem
2047 1370 2109 1415 ut

454 1441 673 1496 faciant
730 1461 1149 1514 persuasurum
1204 1448 1575 1517 promittens,
1635 1451 1705 1504 ab
1754 1450 2107 1521 imperatore

455 1530 697 1600 patricio
746 1532 961 1587 honore
1010 1534 1165 1590 584
1219 1542 1501 1603 ornatur;
1553 1538 1722 1608 eique
1770 1544 1887 1592 tres
1946 1555 2106 1593 arces

454 1618 835 1689 assignantur
864 1622 933 1677 de
978 1623 1050 1677 iis
1083 1640 1207 1693 quis
1256 1626 1326 1678 ad
1360 1627 1547 1696 ripam
1600 1632 1740 1681 sunt
1769 1626 1919 1692 Istri,
1954 1628 2106 1682 mul-

456 1712 631 1778 taque
662 1710 783 1780 agri
811 1711 1060 1782 jugera;
1098 1718 1273 1783 atque
1296 1715 1438 1767 adeo
1471 1715 1527 1769 in
1554 1732 1864 1771 numerum
1890 1718 2105 1771 amico-

458 1814 587 1851 rum
622 1799 1034 1871 sociorumque
1068 1801 1158 1855 PR
1190 1803 1523 1867 ascribitur,
1558 1820 1683 1858 eam
1720 1805 2007 1875 praecipue
2032 1806 2103 1861 ob

454 1902 692 1941 causam
737 1889 912 1959 quod,
950 1889 1031 1942 uti
1086 1889 1382 1960 pollicitus
1431 1892 1638 1957 fuerat,
1673 1898 1729 1947 et
1758 1892 1884 1963 ipse
1916 1894 2103 1965 bapti-

452 1975 568 2028 zari
601 1974 787 2030 voluit
814 1983 871 2032 et
904 1979 1002 2048 qui
1038 1995 1169 2032 cum
1210 1980 1337 2050 ipso
1369 1986 1555 2034 erant.
1607 1982 1797 2052 anue
1831 1983 1888 2036 in
1922 2000 1981 2036 re
2012 1983 2103 2037 usi

454 2067 594 2117 sunt
626 2063 877 2135 religiosi
912 2067 1222 2135 cujusdam
1257 2068 1529 2122 monachi
1578 2070 1876 2141 Euthymii
1907 2088 2104 2141 opera,

456 2152 526 2206 ad
564 2152 723 2223 ipsos
758 2154 947 2215 missi.
979 2154 1078 2224 qui
1124 2156 1191 2210 ad
1230 2157 1441 2210 Istrum
1477 2174 1708 2213 amnem
1741 2160 1867 2228 ejus
1911 2176 2103 2215 sacra-

454 2241 631 2294 menti
666 2241 1029 2297 ceremonias
1058 2243 1489 2301 administravit
1523 2248 1936 2319 universosque
1961 2250 2104 2321 bap-

457 2327 673 2383 tizavit.

2214 557 2287 617 sic
2316 558 2406 611 τὸν
2458 555 2684 629 βασιλέα
2732 562 2837 609 τῶν
2871 556 3159 626 Ῥωμαίων
3219 556 3556 630 καταφυγήν.
3609 555 3700 606 Διὸ
3766 554 3855 606 καῖ

2212 645 2349 718 πρὸς
2376 647 2437 699 τὸ
2470 645 2808 715 Δορόστολον
2839 646 3189 718 ἀφικόμενος,
3223 644 3309 696 καὶ
3344 641 3393 695 ἔν
3446 663 3552 695 τινι
3613 642 3863 713 ποταμίᾳ

2212 732 2390 801 νησίδι
2449 733 2791 808 περικλείσας
2850 734 3031 788 ἑαυτὸν
3121 730 3210 786 διὰ
3272 733 3332 785 τὸ
3407 726 3859 785 ἀνεπιϐούλευτον

2218 825 2351 893 μετά
2407 829 2514 878 τῶν
2573 824 2664 877 σὺν
2723 823 2867 893 αύτῷ
2914 824 3065 890 (ἦσαν
3096 820 3152 875 δὲ
3181 821 3319 897 ἀμφῖ
3352 821 3443 881 τάς
3475 822 3519 873 κ’
3552 818 3857 893 χιλιάδας),

2216 910 2570 984 διαμηνύεται
2600 917 2678 983 τῷ
2709 919 2809 979 τῆς
2840 913 3030 985 χώρας
3062 910 3288 985 ἄρχοντι
3321 910 3407 981 (ἦν
3454 906 3510 963 δὶ
3565 906 3797 983 Μιχαὴλ
3833 910 3860 962 ὁ

2212 1006 2308 1056 τοῦ
2342 1000 2689 1057 Ἀναστασίου
2722 1002 2884 1073 υἱὸς),
2916 1001 3005 1055 καὶ
3038 999 3289 1074 γνωρίζει
3349 998 3493 1059 ὅστις
3539 1019 3598 1052 τε
3643 996 3727 1066 εἴη
3768 998 3859 1051 καὶ

2216 1089 2331 1152 θ’ίας
2368 1088 2767 1165 διαδιδράσκων
2800 1090 2973 1164 τύχας
3004 1090 3247 1163 ἀφῖκται,
3278 1087 3367 1141 καὶ
3417 1085 3497 1140 ὅτι
3546 1084 3861 1157 αὐτόμολος

2221 1180 2475 1253 βούλεται
2507 1180 2856 1253 γενέσθαιτῷ
2905 1177 3136 1253 βασιλεῖ,
3170 1174 3605 1251 ὑπισχνούμενος
3661 1171 3718 1227 δὲ
3770 1174 3861 1228 καὶ

2217 1268 2262 1323 εί
2321 1265 2713 1342 προσδεχθείη,
2773 1267 2848 1328 εἷς
2909 1265 3151 1342 μεγάλην
3219 1261 3400 1335 ὄνησιν
3476 1262 3684 1326 ἔσεσθαι
3738 1268 3858 1324 τοῖς

2214 1356 2411 1410 τούτου
2468 1358 2802 1430 πράγμασιν.
2837 1357 2893 1409 Ὀ
2955 1353 3011 1409 δὲ
3067 1355 3132 1408 τά
3194 1354 3485 1427 μηνύματα
3534 1352 3700 1427 λόγου
3731 1358 3859 1414 θᾶτ-

2215 1467 2304 1500 τον
2365 1447 2501 1519 πρὸς
2557 1447 2647 1500 τὸν
2713 1444 2938 1520 βασιλέα
3014 1441 3445 1518 διαπορθμεύσας
3503 1439 3592 1495 διὰ
3647 1439 3857 1515 ταχέων

2216 1534 2490 1589 κελεύεται
2574 1536 2664 1589 τὸν
2754 1532 2919 1609 ἄνδρα
3008 1533 3143 1605 μετά
3223 1537 3331 1587 τῶν
3391 1531 3653 1584 συνόντων
3714 1529 3862 1599 αὐτῷ

2217 1622 2628 1696 προσδέξασθαι,
2695 1624 2781 1677 καὶ
2840 1623 3053 1683 τούτοις
3115 1621 3209 1694 μὶν
3265 1622 3332 1674 τά
3388 1617 3666 1688 ἐπιτήδεια
3723 1637 3859 1693 χορ-

2215 1719 2386 1786 ηγεῖν,
2412 1713 2571 1767 αὐτὸν
2603 1710 2659 1766 δὲ
2687 1710 2914 1784 ἇνδόξως
2947 1711 2999 1772 ές
3049 1712 3111 1765 τὸ
3162 1711 3446 1778 Βυζάντιον
3496 1707 3861 1779 πεπομφέναι.

2221 1804 2317 1856 Καὶ
2353 1804 2379 1855 6
2435 1802 2526 1872 μὶν
2589 1803 2661 1862 ὡς
2714 1800 3002 1869 έκελεύσθη
3054 1797 3394 1875 διεπράξατο,
3429 1799 3456 1851 6
3512 1794 3568 1851 δέ
3627 1796 3861 1868 Κεγένης

2217 1891 2292 1951 εἷς
2336 1893 2432 1960 τὴν
2490 1887 2743 1965 βασιλίδα
2792 1892 3056 1959 φοιτήσας
3099 1890 3186 1942 καὶ
3220 1886 3273 1948 ές
3306 1885 3500 1961 λόγους
3556 1885 3727 1948 ἐλθὼν
3781 1889 3863 1954 τῷ

2220 1977 2436 2054 βασιλεῖ
2520 1980 2867 2057 φιλοφρόνως
2924 2000 2981 2032 τε
3033 1977 3121 2031 καὶ
3206 1973 3641 2051 μεγαλοπρεπῶς
3721 1974 3855 2027 ὑπε-

2217 2066 2412 2144 δέχθη,
2444 2068 2532 2122 καὶ
2596 2068 2975 2142 ὑποσχόμενος
3034 2066 3197 2127 αὐτός
3237 2086 3295 2119 τε
3338 2066 3400 2119 τὸ
3433 2066 3582 2138 ἅγιον
3613 2060 3857 2132 δέξασθαι

2221 2158 2518 2231 βάπτισμα,
2568 2162 2895 2217 παραπεῖσαι
2956 2154 3013 2210 δῖε
3065 2156 3154 2209 καὶ
3211 2154 3340 2216 τοὺς
3400 2153 3651 2213 συνόντας
3710 2150 3862 2221 αύτῷ

2212 2251 2373 2301 τοῦτο
2432 2253 2679 2315 ποιῆσαι,
2741 2246 2816 2309 εἰς
2889 2244 3283 2318 πατρικιότητά
3352 2263 3410 2297 τε
3475 2242 3711 2317 ἀνήχθη,
3769 2238 3861 2292 καὶ

2216 2336 2447 2413 φρούρια
2475 2336 2599 2410 τρία
2628 2336 2733 2389 ἀπὸ
2762 2339 2869 2389 τῶν
2900 2334 2950 2389 ἐν
3004 2340 3118 2395 ταῖς
3164 2330 3355 2407 ὄχθαις
3411 2329 3712 2406 ἱδρυμένων
3763 2331 3865 2381 τοῦ

458 2415 674 2489 Ἴστρου
733 2414 946 2493 εἰλήφει
1003 2418 1091 2471 καὶ
1149 2422 1249 2492 γῆς
1308 2420 1493 2476 πολλὰ
1551 2420 1759 2492 στάδια,
1792 2424 1880 2478 καὶ
1934 2422 2029 2478 τοῦ
2080 2422 2278 2479 λοιποῦ
2306 2430 2421 2486 τοῖς
2453 2424 2637 2502 φίλοις
2672 2423 2934 2500 ἐνεγράφη
2967 2423 3054 2477 καὶ
3088 2423 3411 2496 συμμάχοις
3438 2420 3757 2502 Ῥωμαίων,
3784 2418 3865 2473 Τὸ

461 2501 627 2558 πλέον
659 2501 702 2558 δ’
734 2504 816 2558 ὅτι
848 2506 935 2559 καὶ
961 2506 1033 2568 ὡς
1070 2507 1333 2584 ὑπέσχετο
1366 2508 1645 2582 ἀνεδέξατο
1669 2515 1731 2567 τὸ
1764 2515 1917 2587 ἅγιον
1951 2514 2227 2587 βάπτισμα
2257 2513 2418 2575 αὐτός
2446 2535 2505 2567 τε
2532 2514 2621 2567 xui
2654 2514 2704 2567 oi
2755 2513 2845 2566 συν
2890 2512 3055 2583 αὐτῷ,
3094 2510 3365 2583 Εὐθυμίου
3414 2515 3557 2569 τινος
3598 2501 3866 2565 εύλαϐοῦς

467 2597 712 2666 μοναχοῦ
742 2594 1058 2667 πεμθέντος,
1090 2602 1185 2651 τοῦ
1215 2598 1281 2652 τὰ
1303 2603 1399 2653 τοῦ
1430 2600 1572 2655 θείου
1604 2601 1838 2676 λουτροῦ
1870 2603 2014 2678 παρὰ
2042 2608 2123 2674 τῷ
2153 2604 2347 2676 Ἴστρῳ
2376 2607 2609 2675 ποταμῷ
2640 2600 3015 2662 ἐκτελέσαντος
3068 2599 3157 2654 καὶ
3207 2605 3335 2652 πᾶσι
3388 2594 3713 2670 μεταδόντος
3769 2597 3867 2648 τοῦ

467 2682 627 2757 ἁγίου
661 2682 1055 2757 βαπτίσματος.

538 2811 733 2867 Rebus
792 2808 853 2866 in
908 2818 1036 2870 tuto
1086 2817 1425 2872 constitutis
1484 2818 1766 2891 Kegenes,
1820 2836 1950 2875 cum
1996 2821 2113 2891 iam

468 2907 673 2954 contra
705 2900 935 2957 subitos
970 2904 1227 2959 hostium
1266 2906 1519 2977 impetus
1551 2925 1613 2963 se
1646 2909 2010 2978 munivisset,
2044 2910 2114 2964 ad

472 2987 872 3045 ulciscendum
924 2991 1153 3047 hostem
1204 3010 1265 3048 se
1315 2997 1555 3061 confert,
1608 3000 1872 3068 Istroque
1924 3004 2113 3052 trans—

471 3076 652 3132 misso
681 3095 835 3133 nunc
865 3096 997 3136 cum
1034 3080 1322 3150 millibus,
1354 3084 1499 3139 alias
1522 3101 1652 3140 cum
1686 3087 1913 3141 duobus
1946 3085 2115 3141 milli-

2301 2818 2595 2890 Γενόμενος
2637 2814 2693 2872 δὶ
2743 2817 2793 2871 έν
2843 2817 2921 2888 τῷ
2982 2815 3231 2892 ἀσφαλεῖ,
3274 2815 3364 2869 καὶ
3412 2813 3507 2877 τάς
3565 2808 3866 2888 αἰφνιδίους

2227 2905 2451 2984 ἐφόδους
2511 2904 2971 2983 ἀσφαλισάμενος,
3010 2905 3147 2979 πρὸς
3203 2900 3407 2975 ἄμυναν
3469 2901 3725 2975 ἰτράπετο
3772 2902 3869 2952 τοῦ

2226 2995 2448 3070 ἐχθροῦ,
2491 2994 2578 3049 καὶ
2636 2994 3029 3069 περαιούμενος
3084 2992 3173 3046 τὸν
3207 2995 3412 3066 Ἰστρον
3471 2995 3560 3045 νῦν
3621 2990 3714 3061 μὲν
3775 2986 3869 3041 σῦν

2228 3084 2459 3159 χιλίοις,
2492 3085 2605 3139 εἶτα
2652 3083 2743 3137 σὺν
2796 3081 3099 3157 δισχιλίοις
3133 3080 3222 3136 καὶ
3255 3082 3318 3134 αὖ
3376 3079 3466 3134 σὺν
3527 3077 3773 3133 πλείοσιν
3835 3080 3870 3146 ἦ

468 3166 601 3233 bus,
636 3172 693 3220 et
722 3167 1039 3238 aliquando
1073 3169 1343 3241 pluribus
1393 3174 1709 3245 aliquando
1744 3177 2114 3246 paucioribus

2229 3173 2499 3243 ἐλάττοσι,
2551 3173 2638 3227 καὶ
2691 3171 2741 3244 ἐξ
2802 3170 2999 3247 ἐφόδου
3076 3169 3589 3262 αιτροσπί·τττιιι›ν,ᾉτι3ιΔ
3646 3169 3875 3262 μέγιστα

470 3254 701 3320 ductis,
790 3257 1277 3328 impressionibus
1370 3263 1699 3319 subitaneis
1781 3265 2118 3320 Patzinacas

470 3342 784 3413 Tyrachios
842 3348 1096 3416 graviter
1125 3348 1349 3418 afﬂixit,
1384 3352 1560 3420 viros,
1590 3351 1648 3405 in
1703 3369 1848 3424 quos
1883 3355 2121 3409 incidis-

473 3436 585 3495 set,
613 3430 909 3498 occidens,
946 3436 1222 3491 mulieres
1273 3444 1468 3494 autem
1520 3446 1579 3496 et
1609 3458 1818 3509 pueros
1851 3442 1908 3496 in
1943 3443 2122 3497 servi-

477 3523 658 3573 tutem
709 3521 1005 3577 abducens
1051 3541 1117 3580 ac
1160 3530 1442 3584 Romanis
1491 3532 1771 3587 vendens.
1824 3532 2122 3604 Tyrachus

475 3607 870 3665 clandestinas
904 3612 1009 3668 has
1052 3618 1301 3682 Kegenis
1335 3617 1753 3689 impressiones
1786 3638 1899 3676 non
1934 3623 2122 3676 ferens

476 3698 548 3751 ad
586 3698 993 3770 imperatorem
1051 3702 1233 3758 mittit
1278 3704 1518 3778 legatos,
1552 3710 1652 3779 qui
1688 3710 1807 3765 haec
1840 3728 2124 3782 propone-

479 3791 609 3839 rent
658 3804 671 3842 :
727 3788 1138 3859 Imperatorem
1198 3793 1547 3865 Romanum,
1608 3798 1701 3853 cui
1761 3815 1893 3853 cum
1952 3805 2125 3871 gente

479 3876 917 3933 Patzinacarum
970 3881 1157 3936 fmdus
1206 3890 1380 3951 esset,
1415 3887 1653 3942 omnino
1703 3906 1817 3943 non
1849 3889 2125 3946 debuisse

482 3964 735 4036 recipere
765 3983 897 4022 eum
933 3972 1032 4039 qui
1080 3971 1150 4024 ab
1181 3971 1328 4042 ipsis
1360 3974 1735 4043 descivisset;
1785 3984 1888 4031 aut
1916 3978 2122 4033 saltem

482 4059 714 4124 recepto
763 4055 1129 4123 interdicere,
1181 4076 1251 4114 ne
1301 4066 1447 4116 Istro
1494 4064 1735 4133 trajecto
1784 4067 1996 4121 amicos
2035 4067 2126 4121 PR

481 4142 735 4197 laederet.
777 4143 1027 4200 Proinde
1081 4152 1183 4202 aut
1212 4148 1458 4220 Kegenis
1506 4160 1900 4225 compesceret
1924 4173 2125 4210 excur-

484 4229 699 4297 siones,
733 4236 834 4286 aut
862 4233 1147 4289 auxilium
1168 4237 1218 4291 ei
1248 4254 1361 4293 non
1398 4240 1668 4310 praebeat.
1690 4243 1748 4298 Si
1783 4259 1951 4299 secus
1978 4245 2125 4299 face-

483 4325 591 4385 ret,
626 4320 799 4374 sciret
828 4337 889 4375 se
920 4322 1070 4380 585
1106 4326 1523 4393 gravissimum
1566 4336 1768 4386 contra
1797 4348 1858 4387 se
1890 4349 1956 4387 ac
1987 4350 2128 4389 suos

482 4406 703 4463 bellum
737 4411 1047 4465 concitare.
1082 4415 1315 4471 Auditis
1344 4416 1661 4487 imperator
1691 4420 1780 4475 his
1815 4422 2126 4492 postulatis

483 4496 836 4553 cachinnum
869 4500 1131 4569 sustulit,
1156 4506 1310 4571 quod
1336 4506 1652 4561 ludibrium
1690 4514 1940 4579 putaret,
1972 4513 2021 4566 si
2054 4512 2126 4567 ob

486 4586 803 4641 Patzinacaa
818 4588 1008 4644 minas
1023 4592 1264 4661 prodere
1278 4600 1579 4665 cogeretur
1600 4612 1734 4652 eum
1758 4601 1854 4669 qui
1876 4600 1930 4654 in
1955 4601 2126 4655 fidem
2160 4570 2206 4635 D

486 4676 675 4747 ipsius
708 4678 1090 4750 confugisset,
1123 4686 1223 4736 aut
1269 4700 1397 4738 eum
1445 4686 1517 4739 ab
1549 4685 1884 4744 ulciscenda
1915 4689 2131 4759 injuria

486 4769 820 4837 abstinere;
873 4770 1211 4843 legatosque
1270 4792 1328 4829 re
1379 4775 1594 4833 infecta
1625 4778 1901 4848 ,dimittit.
1940 4780 2129 4836 Simul

488 4857 715 4913 litteras
746 4860 814 4913 ad
851 4859 1197 4917 Michaelum
1244 4864 1362 4929 dat,
1399 4864 1630 4920 urbium
1684 4867 1829 4923 Istro
1859 4869 2131 4939 adjacen-

487 4947 635 5001 tium
673 4948 1028 5019 praafectum,
1059 4956 1115 5005 et
1163 4953 1233 5005 ad
1266 4952 1602 5021 Kegenum;
1651 4954 1842 5027 iisque
1876 4957 2133 5030 injungit

489 5040 553 5089 ut
584 5036 741 5107 ripas
775 5037 898 5090 lstri
935 5045 1203 5093 accurate
1235 5043 1589 5113 custodiant,
1614 5061 1678 5098 ac
1702 5047 1749 5099 si
1784 5046 1916 5117 quis
1942 5047 2132 5118 gravis

488 5127 772 5179 exercitus
805 5132 1062 5197 appetat,
1097 5128 1151 5182 id
1187 5128 1295 5183 sibi
1350 5147 1449 5200 per
1501 5131 1722 5187 litteras
1755 5135 2035 5202 indicent,
2068 5140 2132 5192 ut

488 5213 559 5268 de
591 5212 1064 5270 Occidentalibus
1109 5216 1283 5271 etiam
1317 5217 1643 5289 legionibus
1691 5222 1919 5278 mittere
1950 5224 2136 5295 possit

491 5300 589 5370 qui
624 5300 769 5372 ipsis
794 5303 1089 5372 conjuncti
1126 5306 1458 5362 Patzinacas
1489 5311 1737 5364 transitu
1772 5310 1900 5365 lstri
1933 5312 2135 5383 prohi-

491 5389 686 5444 beant.
739 5390 911 5444 Mittit
965 5392 1135 5449 etiam
1182 5395 1452 5451 triremes
1501 5407 1755 5465 centum,
1818 5418 1944 5471 quae
2005 5402 2134 5457 Istri

492 5476 650 5547 ripas
683 5476 883 5547 legant
930 5485 987 5535 et
1033 5482 1369 5539 Patzinacas
1398 5487 1642 5555 trajectu
1692 5495 1946 5545 arceant.
1986 5495 2133 5548 Cum

491 5562 661 5634 legali
697 5565 860 5621 irrita
892 5586 994 5640 spe
1030 5571 1361 5637 rediissent,
1386 5574 1686 5645 Tyrachus
1717 5577 2136 5650 indignabatur

493 5669 559 5709 ac
590 5654 896 5729 fremebat,
929 5658 1259 5732 hiemisque
1307 5662 1622 5719 adventum
1653 5668 1982 5737 excptabat.
2014 5668 2134 5726 Sub

2232 3262 2426 3317 έκάκου
2481 3261 2571 3315 καί
2627 3260 2953 3333 ἐλυμαίνετο
3010 3258 3136 3321 τοὺς
3177 3259 3300 3334 περὶ
3327 3256 3417 3312 τὸν
3452 3258 3648 3332 Τυράχ
3675 3260 3875 3323 Πατζιο

2230 3353 2414 3422 νάκας,
2476 3348 2670 3427 ἄνδρας
2739 3350 2833 3421 μέν
2907 3349 3035 3412 τοὺς
3118 3347 3555 3423 προσπίπτοντας
3618 3347 3880 3419 ἀναιρῶν,

2231 3440 2425 3515 γύναια
2456 3438 2628 3494 δὲκαὶ
2682 3436 2880 3500 παῖδας
2942 3435 3469 3511 ἀνδραποδιζόμενος
3525 3435 3613 3489 καὶ
3670 3431 3880 3487 πωλῶν

2229 3535 2346 3592 τοῖς
2404 3528 2721 3602 Ῥωμαίοις.
2769 3526 2982 3590 Ταύτας
3040 3525 3097 3581 δὲ
3144 3526 3238 3587 τὰς
3299 3524 3557 3599 λαθραίας
3613 3522 3885 3585 ἐπιθέσεις

2230 3623 2325 3673 τοῦ
2382 3617 2641 3693 Κεγένους
2695 3619 2769 3689 μή
2850 3617 3028 3694 φέρων
3083 3617 3110 3670 ὁ
3169 3614 3357 3690 Τυράχ
3435 3606 3878 3686 διαπρεσϐεύεται

2232 3708 2368 3782 πρὸς
2424 3709 2515 3763 τὸν
2578 3704 2822 3782 βασιλέα,
2887 3704 3130 3777 μηνύσας
3189 3704 3263 3766 ὡς
3340 3700 3446 3757 ἔδει
3529 3703 3621 3756 τὸν
3709 3701 3876 3773 μέγα-ι

2238 3795 2505 3871 βασιλέα,
2568 3792 2801 3855 σπονδὰς
2882 3790 3087 3868 ἔχοντα
3173 3791 3305 3863 μετά
3378 3794 3473 3844 τοῦ
3527 3789 3712 3865 γένους
3765 3792 3877 3841 τῶν

2235 3886 2600 3955 ΙΙατζινάκων,
2636 3886 2719 3957 [Ρ.
2762 3885 2889 3954 777]
2951 3878 3091 3954 μηδὲ
3150 3877 3533 3953 προσδέξασθαι
3593 3877 3737 3938 ὅλως
3781 3878 3877 3931 τὸν

2236 3975 2541 4043 ἀποστάτην
2598 3972 2794 4039 αὐτῶν,
2830 3970 2944 4025 ὶπεὶ
2987 3968 3042 4025 δὲ
3091 3967 3467 4045 προσεδέξατο,
3500 3964 3731 4021 κωλύειν
3797 3968 3879 4037 μή

2235 4062 2491 4138 διαπερᾷν
2548 4061 2638 4116 καὶ
2695 4060 2825 4122 τοὺς
2878 4056 3255 4119 ὑποσπόνδους
3308 4056 3681 4129 λυμαίνεσθαιθ
3783 4052 3878 4107 οὖν

2234 4150 2541 4221 κωλυθήτω
2571 4152 2599 4204 6
2648 4151 2783 4225 ἀνὴρ
2835 4149 2901 4202 τά
2955 4152 3179 4203 τοιαῦτα
3225 4149 3500 4221 πράττειν,
3533 4144 3567 4214 ἢ
3602 4142 3883 4215 μηδεμιᾶς

2234 4242 2447 4315 τυχέτω
2497 4237 2841 4314 συμμαχίας,
2900 4237 2935 4307 ἢ
3013 4235 3324 4312 γινωσκέτω
3391 4236 3418 4289 ὁ
3489 4231 3742 4309 βασιλεὺς
3804 4233 3881 4292 ὡς

2234 4332 2349 4384 καθ’
2404 4330 2597 4384 έαυτοῦ
2648 4348 2707 4382 τε
2762 4328 2850 4382 καὶ
2902 4333 3003 4395 τῆς
3063 4328 3254 4381 ἑαυτοῦ
3341 4325 3531 4399 χώρας
3599 4320 3885 4399 ἐφέλκεται

2240 4418 2535 4493 βαρύτατον
2593 4415 2857 4488 πόλεμον.
2918 4416 3015 4470 Καὶ
3090 4418 3255 4469 ταῦτα
3316 4414 3409 4485 μὶν
3463 4413 3529 4466 τὰ
3590 4410 3889 4483 μηνύματα

2235 4511 2332 4561 τοῦ
2388 4506 2602 4581 Τυράχ,
2636 4508 2663 4560 6
2722 4502 2780 4559 δὲ
2844 4502 3095 4579 βασιλεὺς
3152 4503 3246 4564 τὰς
3303 4495 3561 4576 ἀγγελίας
3596 4497 3887 4571 δεξάμενος

2237 4596 2371 4669 πρὸς
2422 4595 2616 4656 ταύτας
2676 4596 2771 4666 μὲν
2820 4593 2909 4647 καὶ
2967 4590 3356 4666 έπεκάγχασεν,
3391 4589 3435 4645 εί
3489 4586 3578 4643 διὰ
3624 4588 3891 4656 Πατζινά-

2237 4706 2335 4740 κου
2366 4682 2593 4746 ἀπειλάς
2626 4681 2900 4758 προδότης
2928 4683 3140 4757 γένοιτο
3169 4685 3265 4735 τοῦ
3298 4678 3374 4743 εἷς
3429 4678 3589 4733 αὐτὸν
3639 4698 3888 4755 προσφυ-

2236 4773 2450 4849 γόντος,
2481 4772 2570 4827 καὶ
2602 4771 2833 4827 κωλύειν
2865 4774 2962 4826 τοῦ
3024 4772 3099 4842 μὴ
3161 4774 3356 4824 κακοῦν
3411 4769 3539 4829 τοὺς
3597 4767 3889 4821 κακώσαν-

2237 4883 2333 4924 τας
2368 4909 2382 4931 ,
2440 4861 2569 4923 τοὺς
2648 4858 2705 4916 δὶ
2786 4855 3114 4936 πρεσϐευτὰς
3195 4857 3503 4933 ἀπράκτους
3584 4855 3887 4930 ἐξέπεμψε.

2241 4954 2545 5025 Γράμματα
2603 4948 2658 5004 δὲ
2716 4948 2851 5024 πρός
2892 4969 2950 5003 τε
3008 4946 3242 5022 Μιχαὴλ
3306 4949 3395 5000 τὸν
3483 4946 3725 5021 ἄρχοντα
3777 4950 3892 4999 τῶν

2238 5040 2569 5115 παριστρίων
2616 5037 2854 5110 πόλεων,
2913 5032 2989 5091 ἔτι
3066 5034 3124 5091 δὶ
3195 5036 3283 5089 καὶ
3358 5035 3495 5109 πρὸς
3558 5034 3719 5088 αὐτὸν
3793 5034 3891 5088 τὸν

2241 5129 2471 5205 Κεγένην
2558 5126 2849 5202 ἐκπέμπει,
2898 5124 3184 5204 φυλάττειν
3264 5118 3505 5199 ἀκριϐῶς
3562 5122 3657 5184 τάς
3713 5118 3893 5196 ὄχθας

2238 5223 2335 5274 τοῦ
2415 5216 2703 5291 ποταμοῦ*
2767 5215 2812 5272 εί
2880 5214 2938 5271 δέ
3012 5236 3093 5277 τις
3168 5212 3295 5287 ἐπίῃ
3378 5213 3568 5287 βαρεῖα
3636 5208 3896 5283 δύναμις,

2240 5309 2525 5383 γράμμασι
2561 5306 2803 5381 μηνύειν,
2830 5303 2923 5360 ’ίνα
2950 5304 3040 5359 καὶ
3072 5304 3176 5359 ἀπὸ
3215 5307 3319 5357 τῶν
3381 5306 3623 5356 Δυτικῶν
3679 5300 3897 5375 ταγμά-

2240 5418 2347 5452 των
2433 5395 2815 5470 έκπεμπόμενά
2887 5415 3009 5449 τινα
3088 5392 3179 5447 σὺν
3252 5391 3437 5453 αὐτοῖς
3496 5388 3713 5465 εἷ’ργωσι
3769 5396 3896 5451 τοῖς

2243 5482 2596 5555 Πατζινὸίκαις
2650 5486 2749 5555 τὴν
2806 5489 2905 5540 τοῦ
2947 5486 3199 5555 ποταμοῦ
3229 5475 3497 5535 διάϐασιν.
3525 5480 3776 5551 Ἔπεμψε
3840 5476 3901 5534 δὶ

2240 5574 2332 5630 καὶ
2405 5576 2648 5651 τριήρεις
2734 5574 2919 5630 έκατὸν
2955 5614 2970 5641 ,
3028 5570 3330 5643 έπισκήψας
3411 5566 3715 5643 παραπλεῖν
3802 5569 3901 5622 τὸν

2243 5666 2455 5740 Ἵστρον
2501 5664 2592 5719 καὶ
2641 5662 3016 5740 πειρωμένους
3069 5657 3391 5717 διακωλύειν
3445 5656 3575 5720 τοὺς
3632 5659 3903 5728 Πατζινά-
