4038 6334
215 327 331 385 317

1356 329 1902 393 HISTORIARUM
1949 329 2489 393 COMPENDIUM.

3511 329 3630 389 318

209 477 307 518 κας
367 461 560 530 περᾷν.
620 457 1032 528 Ἑπανηκόντων
1093 457 1138 514 δ’
1195 461 1484 537 ἀπράκτων
1541 466 1650 516 τῶν
1697 460 1855 516 αὐτοῦ

1981 463 2152 520 tinem
2187 465 2479 529 autumni,
2511 481 2577 519 ac
2609 464 2800 520 hieme
2832 463 3089 530 ineunte,
3123 478 3254 516 cum
3281 462 3406 531 jam
3433 460 3521 517 sol
3553 463 3623 517 ad

213 540 514 620 πρέσϐεων,
577 547 605 600 6
661 548 849 622 Τυραχ
897 546 1222 623 ἐχαλέπαινε
1285 551 1374 604 καὶ
1460 550 1721 625 ὠργίζετο
1780 549 1868 605 καὶ

210 636 408 688 θᾶττον
462 631 668 710 ηὔχετο
731 633 1057 692 καταλαϐεῖν
1128 639 1219 693 τὸν
1279 644 1548 716 χειμῶνα.
1611 637 1748 710 Ἤδη
1813 637 1868 693 δὲ

208 731 307 791 τῆς
343 731 756 800 φθινοπωρινῆς
787 723 1071 800 ληγούσης
1103 726 1246 802 ὥρας
1294 729 1382 783 καὶ
1447 733 1544 784 τοῦ
1591 733 1869 804 χειμῶνος

209 812 555 884 ἐπιστάντος,
614 819 708 867 τοῦ
776 814 940 884 ἡλίου
1001 813 1154 878 ὄντος
1207 816 1294 872 ἐπὶ
1357 819 1445 872 τὸν
1495 817 1865 893 Αἰγοκὲρωτα,

209 908 410 980 ἄνεμος
471 905 716 965 ἔπνευσεν
777 911 1072 986 ἀπαρκτίας
1131 913 1325 982 πολὺς,
1361 915 1432 976 ὡς
1482 913 1865 986 ἀποκρυσταλο

210 998 457 1066 λιυθῆναι
520 1001 686 1074 μέχρι
747 999 1123 1056 πεντεκαίδεκα
1181 1005 1406 1078 πήχεων
1460 1002 1512 1065 ἒς
1557 1004 1722 1078 βάθος
1776 1003 1866 1058 τὸν

207 1088 482 1159 ποταμόν.
546 1089 728 1158 Πάσης
792 1088 881 1142 σῦν
933 1089 1180 1167 φυλακῆς
1243 1090 1611 1167 σχολασάσης,
1676 1090 1864 1166 δραξάο

211 1198 379 1248 μενος
412 1177 593 1240 ἁδείας
624 1181 688 1246 ἧς
733 1179 1009 1253 ἐπιτυχεῖν
1043 1178 1248 1255 ηὔχετο
1309 1181 1337 1234 6
1387 1181 1581 1256 Τυράχ
1639 1179 1867 1254 διαπερᾷ

208 1266 298 1318 τὸν
357 1269 571 1342 Ἵστρον
635 1267 769 1339 μετᾶ
810 1268 1022 1323 πάντων
1079 1274 1185 1323 τῶν
1248 1272 1613 1338 Πατζινάκων,
1674 1269 1863 1340 ὄντων,

208 1355 280 1414 ὡς
314 1354 562 1431 ἰλὲγετο,
595 1353 866 1432 χιλιάδων
903 1357 1254 1427 ὀκτακοσίων,
1286 1358 1374 1413 καὶ
1407 1359 1459 1421 ἇς
1491 1361 1589 1429 τήν
1639 1360 1860 1434 περαίαν

205 1441 447 1516 ἱδρύετο,
507 1445 702 1518 κείρων
770 1446 859 1499 καὶ
942 1447 1209 1524 ἀφανίζων
1286 1448 1352 1502 τὰ
1427 1448 1860 1522 παραπίπτοντα.

208 1534 516 1604 Γράμματα
563 1530 620 1587 δί
668 1534 802 1607 πρὸς
859 1536 949 1589 τὸν
1016 1535 1242 1610 βασιλέα
1295 1535 1581 1592 ἐστέλλετο
1643 1534 1860 1610 βοηθεῖν

204 1619 437 1692 δεόμενα
464 1623 563 1690 τήν
601 1625 889 1697 ταχίστην.
922 1625 983 1680 Ὀ
1031 1621 1088 1678 δὶ
1139 1623 1268 1697 μηδ’
1317 1625 1422 1680 ὅλα
1451 1626 1516 1682 τὰ
1569 1627 1864 1702 γράμματα

197 1711 467 1784 ἀναγνοὺς
525 1716 602 1783 τῷ
655 1709 807 1767 δουκὶ
857 1711 1360 1789 Ἀδριανουπόλεως
1418 1717 1611 1792 γράφει
1805 1713 1861 1770 δὲ

1980 553 2391 623 Capricornum
2423 553 2770 624 appulisset,
2802 556 3006 608 ventus
3037 551 3329 623 aparetias
3357 550 3626 622 copiosus

1980 640 2137 696 flavit
2167 642 2425 712 Isterque
2456 641 2513 695 in
2546 641 2792 710 glaciem
2827 639 3161 711 quindecim
3195 637 3422 693 cubitos
3448 637 3623 693 altam

1978 730 2320 802 congelavit.
2356 731 2552 785 Otiosa
2604 729 2798 798 itaque
2847 728 3006 783 omni
3053 727 3319 782 custodia
3362 731 3620 798 optatam

1979 820 2276 890 Tyrachus
2309 828 2515 874 nactus
2565 818 2879 885 licentiam,
2917 823 3129 872 Istrum
3182 834 3314 872 cum
3347 816 3622 871 erunibus

1980 908 2316 974 Patzinacis,
2351 925 2603 979 quorum
2639 908 2955 962 multitudo
2983 907 3452 977 octingentorum
3487 922 3620 961 cen-

1977 1004 2218 1058 sebatur
2268 1001 2541 1069 millium,
2589 1006 3015 1070 transgressus,
3064 1000 3121 1054 in
3174 999 3509 1055 ulteriorem
3560 1015 3623 1054 se

1976 1092 2179 1147 eiIudit
2226 1091 2529 1156 ditionem,
2583 1090 2864 1161 diripiens
2916 1093 3092 1160 atque
3139 1087 3338 1144 delens
3385 1088 3443 1142 in
3493 1104 3624 1158 quae

1977 1190 2269 1244 incidebat
2297 1189 2516 1244 omnia.
2548 1188 2863 1243 Mittuntur
2909 1204 3046 1259 ergo
3090 1187 3160 1241 ad
3207 1185 3616 1257 imperatorem

1976 1279 2202 1340 litteras,
2239 1277 2455 1349 quibus
2503 1279 2571 1332 ad
2616 1278 2910 1331 ferendam
2961 1276 3400 1346 quamprimum
3450 1292 3618 1346 opem

1973 1368 2344 1424 incitabatur.
2381 1372 2432 1420 ls
2463 1367 2692 1420 vixdum
2727 1365 3223 1437 perlectislitteris
3240 1365 3310 1419 ad
3336 1365 3621 1420 Adriano-

1974 1456 2122 1527 polis
2155 1457 2308 1512 588
2354 1456 2562 1509 ducem
2595 1453 3044 1509 Constantinum
3079 1454 3423 1524 magistrum
3454 1453 3616 1508 Aria-

1973 1547 2157 1599 nitam
2209 1545 2431 1610 scribit,
2469 1551 2528 1595 ut
2578 1541 2965 1596 Macedonicis
3013 1558 3148 1596 cum
3199 1541 3404 1612 copiis,
3446 1546 3503 1595 et
3549 1542 3620 1595 ad

1974 1633 2255 1688 Basilium
2284 1631 2631 1686 Monachum
2668 1630 2951 1702 Bulgaria
2983 1632 3216 1694 ducem,
3241 1636 3306 1685 ut
3326 1646 3458 1685 cum
3484 1629 3621 1684 Bul-

1972 1721 2167 1792 garico
2199 1722 2454 1776 exercitu
2486 1719 2766 1775 Michaelo
2821 1735 2886 1773 ac
2919 1719 3134 1790 Kegeni
3167 1735 3229 1774 se
3260 1720 3621 1789 conjungant

201 1801 620 1861 Κωνσταντῖνος
681 1801 978 1875 μάγιστρος
1030 1804 1057 1857 6
1114 1804 1453 1877 ’Δριανίτης)
1511 1805 1607 1867 τάς
1684 1812 1855 1858 Μακε-

1970 1817 2027 1866 et
2058 1819 2259 1865 contra
2289 1809 2629 1864 Patzinacas
2657 1810 3012 1879 depugnent.
3036 1808 3199 1878 lique
3222 1809 3396 1875 jussa
3419 1808 3615 1862 statim

201 1885 426 1949 δονικᾶς
454 1889 708 1963 εἰληφότι
737 1887 1015 1962 δυνάμεις,
1047 1886 1125 1946 ἔτι
1157 1890 1214 1946 δὲ
1244 1893 1332 1946 καὶ
1386 1897 1523 1967 πρὸς
1571 1891 1858 1949 Βασίλειον

209 1979 474 2052 Μοναχὸν
523 1979 614 2032 τὸν
671 1980 917 2053 ἡγεμόνα
973 1987 1072 2050 τῆς
1136 1979 1475 2056 Βουλγαρίας
1529 1984 1628 2050 τήν
1688 1981 1860 2037 Βουλ-

208 2068 447 2140 γαρικὴν
480 2064 748 2141 εἰληφότα
778 2073 939 2142 χεῖρα
997 2069 1276 2144 ἀφικέσθαι
1322 2071 1411 2124 καὶ
1471 2072 1732 2140 ὲνωθῆναι
1783 2077 1862 2142 τῷ

209 2153 454 2227 Μιχαὴλ
510 2155 601 2208 καὶ
657 2160 738 2226 τῷ
791 2157 990 2230 Κεγένῃ
1047 2158 1133 2210 καὶ
1199 2159 1315 2230 μετ’
1345 2159 1518 2213 αὐτῶν
1574 2160 1707 2235 πρὸς
1735 2159 1861 2222 τοὺς

209 2247 551 2310 Πατζινακας
607 2240 1044 2318 διαγωνίσασθαι.
1105 2251 1194 2300 Ὧν
1253 2249 1388 2301 κατά
1443 2250 1505 2302 τὸ
1577 2249 1858 2324 βασιλικὸν

207 2332 561 2399 ποιησάντων
625 2331 898 2407 ἐπίταγμα
970 2334 1057 2388 καὶ
1119 2337 1330 2389 πάντων
1384 2336 1472 2410 ὑφ’
1519 2335 1574 2390 ἓν
1637 2340 1862 2413 γενομε-

206 2442 340 2486 νων,
376 2415 665 2475 ἀναλαϐὼν
723 2421 750 2475 6
800 2422 1030 2497 Κεγὲνης
1085 2423 1179 2485 τὰς
1231 2425 1537 2495 Ῥωμαϊκὰς
1584 2423 1859 2502 φάλαγγας

205 2508 256 2561 ἐν
293 2514 415 2569 τοῖς
471 2509 752 2584 ὑπαίθροις
809 2508 1309 2585 στρατοπεδεύεται,
1341 2513 1430 2566 καὶ
1487 2515 1605 2568 καθ’
1633 2515 1858 2584 ἑκάστην

204 2597 376 2651 ἐπιὼν
407 2598 458 2668 ἐξ
491 2597 686 2676 ἐφόδου
732 2599 793 2653 οὖ
857 2601 1023 2674 μικρᾶ
1078 2600 1204 2662 τοῦς
1260 2606 1590 2670 Πατζινάκας
1648 2601 1856 2658 ἐλύπει.

205 2698 445 2756 Τούτοις
473 2697 576 2770 γὰρ
619 2697 732 2768 ἅμα
760 2701 828 2770 τῇ
859 2703 955 2752 τοῦ
1003 2704 1258 2771 ποταμοῦ
1309 2695 1549 2756 διαϐάσει
1600 2701 1857 2776 ἀφθονίαν

206 2783 362 2850 ζώων
401 2783 617 2858 εὑροῦσι
648 2783 870 2853 πολλὴν
903 2785 992 2840 καὶ
1025 2783 1170 2841 οἷ’νου
1229 2789 1316 2842 καὶ
1371 2793 1478 2842 τῶν
1537 2787 1598 2844 ἐκ
1641 2789 1862 2862 μέλιτος

202 2871 753 2944 κατασκευαζομένων
814 2875 1098 2946 πομάτων,
1154 2876 1228 2928 ὧν
1290 2873 1417 2930 οὐδὲ
1480 2877 1648 2944 ἀκοήν
1695 2873 1859 2952 ἔσχον

204 2963 458 3025 πώποτε,
515 2962 606 3014 καὶ
689 2959 880 3033 ἀνέδην
939 2968 1046 3018 τῶν
1101 2963 1363 3019 τοιούτων
1424 2965 1860 3042 ἐμφορουμένοις

202 3050 364 3110 νόσος
460 3049 706 3105 ἐσπίπτει
793 3051 1082 3122 κοιλιακην
1162 3051 1396 3118 διάθεσιν
1484 3051 1708 3132 ἔχουσα,
1769 3056 1859 3110 καὶ

197 3137 538 3193 ἀπώλλυντο
623 3141 850 3212 ἑκάστης
935 3144 1144 3217 ἡμέρας
1220 3143 1563 3220 ἀναρίθμητα
1636 3144 1848 3216 πλήθη.

199 3229 286 3300 [Ρ.
344 3230 475 3302 778]
526 3230 698 3304 ’Όπερ
778 3230 1086 3304 πυθόμενος
1142 3233 1169 3286 6
1231 3235 1458 3306 Κεγὲνης
1544 3232 1632 3288 διά
1707 3257 1850 3297 τινος

197 3316 546 3388 αύτομόλου,
595 3318 684 3371 καὶ
761 3319 948 3394 καιρὸν
1031 3319 1337 3391 ἐπιτήδειον
1411 3323 1598 3398 κρίνας
1664 3328 1854 3379 τοῦτον

198 3405 333 3459 εἶναι
383 3410 505 3468 τοῖς
563 3404 784 3479 ἐχθροῖς
839 3407 1208 3478 ὶπιθήσεσθαι,
1259 3409 1423 3464 ὁπότε
1469 3411 1558 3465 καὶ
1617 3417 1854 3485 ’χειμῶνι

196 3493 287 3547 καὶ
333 3495 483 3566 νόσῳ
542 3493 836 3564 πιέζονται,
883 3496 1169 3562 ἀναπείσας
1219 3498 1307 3553 καὶ
1362 3498 1492 3562 τοῦς
1541 3501 1854 3573 Ῥωμαίους

199 3583 496 3643 ὀκνοῦντας
525 3584 614 3636 καὶ
671 3581 914 3647 δεδιότας
963 3587 1096 3660 πρὸς
1141 3587 1402 3649 τοσαύτας
1465 3589 1854 3664 ἀντιπαρατάτ-

196 3685 388 3734 τεσθαι
446 3670 733 3745 μυριάδας,
765 3678 1170 3750 προσρήγνυται
1219 3682 1336 3738 τοῖς
1396 3675 1640 3752 ἐχθροῖς.
1675 3680 1743 3735 Οἱ
1797 3677 1855 3734 δὲ

196 3762 297 3829 τήν
379 3760 552 3832 ὀξεῖαν
629 3760 837 3816 ἕλωσιν
940 3762 1290 3838 ἐκπλαγέντες
1373 3765 1462 3818 καὶ
1537 3767 1672 3841 πρὸς
1760 3769 1851 3822 τὸν

197 3848 449 3922 πόλεμον
513 3847 1010 3922 ἀποδειλιάσαντες,
1063 3852 1310 3928 ῥίψαντες
1367 3856 1433 3908 τὰ
1492 3851 1852 3919 δπλαάύτός

197 3959 253 3992 τε
304 3940 333 3992 6
394 3940 588 4014 Τυραχ
644 3941 733 3994 καὶ
792 3941 986 4002 πάντες
1043 3943 1095 3996 οἱ
1126 3941 1388 4019 ἄρχοντες
1418 3945 1504 3998 καὶ
1538 3945 1599 3998 τὸ
1659 3945 1850 4000 λοιπὸν

198 4027 418 4094 πλῆθος
457 4028 680 4090 ἑαυτοὺς
740 4029 1158 4106 ἐγχειρίζουσιν.
1192 4032 1253 4088 Ὀ
1309 4033 1402 4106 μὶν
1461 4032 1551 4087 οὖν
1615 4033 1852 4110 Κεγένης

199 4119 562 4179 συνεϐούλευε
608 4127 694 4180 καὶ
745 4123 1139 4202 διεμαρτύρατο
1189 4128 1386 4193 πάντας
1443 4125 1652 4202 ἡϐηδὸν
1713 4131 1852 4187 ἀπο-

199 4215 416 4289 σφάξαι,
452 4208 609 4287 ἔλεγε
641 4212 697 4269 δὲ
742 4216 830 4270 καὶ
887 4218 1190 4291 παροιμίαν
1256 4213 1525 4295 βάρϐαρον
1577 4221 1694 4294 μὲν,
1725 4227 1848 4275 νοῦν

198 4299 250 4356 εἰ
280 4301 468 4358 πολὺν
511 4299 764 4377 ἔχουσαν,
793 4305 866 4367 ὡς
901 4307 1019 4362 Ἔτι
1079 4311 1358 4381 χειμῶνος
1416 4303 1569 4372 ὄντος
1629 4307 1711 4364 δεῖ
1757 4311 1848 4365 τὸν

195 4389 313 4468 ὄφιν
379 4391 714 4465 ἀποκτεῖναι,
769 4394 1006 4464 ὁπηνίκα
1093 4397 1191 4466 τὴν
1278 4397 1470 4471 κίρκον
1536 4404 1705 4453 κινεῖν
1789 4399 1850 4454 ού

197 4477 417 4534 δύναται
455 4499 468 4512 ⁸
532 4481 635 4535 ὑπὸ
716 4481 880 4551 ἡλίου
954 4483 1057 4558 γάρ
1136 4484 1396 4562 θαλφθείς
1451 4487 1654 4549 κόπους
1709 4489 1845 4560 ἡμῖν

1973 1905 2112 1954 sunt
2163 1897 2442 1954 exsecuti.
2500 1897 2838 1968 Conjuuetis
2887 1897 3163 1951 omnibus
3221 1897 3615 1952 Romanorum

1971 1987 2156 2058 cepiis
2189 1987 2447 2056 Kegenes
2477 2003 2576 2040 eas
2624 1985 2842 2050 eduxit,
2874 1985 3199 2056 castrisque
3243 1985 3354 2040 sub
3384 1985 3479 2039 dio
3512 2001 3616 2054 po-

1972 2077 2123 2142 sitis,
2171 2076 2532 2146 quotidianis
2583 2075 3020 2130 incursionibus
3069 2075 3403 2129 Patzinacas
3459 2074 3615 2128 haud

1971 2165 2173 2220 leviter
2191 2165 2436 2220 vexavit.
2476 2163 2536 2232 li,
2570 2181 2740 2218 amne
2772 2164 3036 2234 trajecto,
3059 2163 3119 2216 in
3153 2163 3468 2233 pecudum,
3499 2161 3616 2216 vini

1971 2261 2028 2309 et
2078 2261 2248 2324 potus
2294 2270 2325 2309 e
2384 2253 2556 2308 melle
2613 2253 2858 2307 confecti
2919 2253 3235 2306 maximam
3289 2251 3620 2306 inciderant

1970 2345 2220 2415 copiam,
2256 2359 2328 2398 ne
2369 2341 2569 2397 auditu
2626 2342 2862 2411 quidem
2913 2346 3085 2396 antea
3113 2341 3258 2412 ipsis
3303 2341 3445 2396 noti.
3479 2339 3615 2404 Qui-

1971 2433 2082 2486 bus
2115 2447 2247 2486 cum
2281 2430 2500 2485 affatim
2535 2430 2890 2494 fruerentur,
2925 2430 3166 2484 morbus
3196 2446 3295 2484 eos
3345 2429 3616 2484 coeliacus

1969 2521 2204 2583 invasit,
2237 2525 2294 2575 et
2323 2519 2586 2591 quotidie
2616 2518 3018 2573 moriebantur
3045 2518 3362 2573 innumeri.
3398 2517 3478 2573 De
3501 2534 3617 2590 quo

1969 2610 2182 2664 certior
2213 2625 2245 2662 a
2274 2609 2581 2679 transfuga
2612 2607 2864 2678 quodam
2900 2609 3086 2662 factus
3112 2607 3390 2676 Kegenes,
3442 2607 3617 2678 idque

1969 2697 2282 2752 invadendi
2315 2697 2500 2752 hostis
2521 2703 2921 2768 opportunum
2947 2701 3180 2768 tempus
3214 2703 3396 2764 ratus,
3421 2713 3536 2766 quo
3563 2702 3618 2752 et

1969 2786 2162 2842 hieme
2203 2791 2260 2840 et
2290 2786 2492 2840 morbo
2543 2786 2980 2856 premebantur,
3013 2786 3321 2856 pertractis
3352 2784 3411 2838 in
3444 2801 3613 2841 suam

1969 2876 2318 2932 sententiam
2353 2875 2525 2930 etiam
2577 2875 2875 2940 Romanis,
2908 2875 3434 2946 tergiversantibus
3466 2891 3614 2930 non-

1969 2965 2116 3019 nihil
2149 2971 2204 3019 et
2231 2970 2436 3019 contra
2468 2970 2689 3018 tantam
2727 2962 3164 3018 multitudinem
3199 2979 3460 3034 pugnare
3493 2979 3611 3018 me-

1969 3054 2293 3121 tuentibus,
2325 3053 2384 3107 in
2437 3053 2772 3107 Patzinacas
2809 3055 3092 3124 impetum
3126 3055 3244 3106 dat.
3280 3052 3387 3115 Qui
3421 3051 3616 3107 celeri-

1966 3147 2085 3196 tate
2141 3141 2491 3196 irruentium
2570 3140 2824 3196 hostium
2890 3141 3179 3212 perterriti
3234 3146 3292 3195 et
3356 3156 3612 3212 pugnam

1968 3230 2414 3285 reformidantes
2446 3229 2685 3299 abjectis
2715 3229 2893 3284 armis
2911 3246 3039 3284 sese
3061 3229 3340 3284 Romanis
3370 3229 3614 3294 dedunt,

1966 3345 2103 3383 eum
2171 3328 2472 3400 Tyrachus
2539 3327 2664 3398 ipse
2730 3333 2787 3382 et
2853 3327 3045 3382 caeteri
3115 3327 3431 3399 principes,
3489 3331 3615 3382 tum

1966 3416 2190 3487 reliqua
2243 3417 2419 3472 etiam
2471 3417 2663 3472 turba.
2715 3416 3072 3472 Consulebat
3123 3417 3406 3487 Kegenes,
3446 3420 3620 3489 atque

1965 3506 2141 3560 etiam
2175 3506 2582 3561 obtestabatur
2612 3504 2695 3560 uti
2730 3506 2798 3560 ad
2837 3523 3019 3560 unum
3054 3521 3258 3560 omnes
3292 3505 3619 3561 occideren-

1963 3599 2062 3648 tur
2089 3594 2308 3649 hostes.
2362 3598 2431 3648 Et
2480 3594 2756 3664 adagium
2809 3594 3104 3656 afferebat,
3137 3595 3456 3648 barbarum
3490 3597 3620 3666 qui-

1965 3684 2122 3744 dem.
2171 3684 2271 3738 sed
2321 3682 2489 3736 valde
2545 3689 2818 3754 argutum
2867 3699 2880 3737 :
2933 3699 3183 3753 anguem
3246 3682 3436 3736 hieme
3492 3699 3622 3737 esse

1965 3773 2315 3829 necandum.
2348 3771 2496 3828 587
2534 3789 2667 3826 cum
2702 3789 2814 3826 non
2859 3775 3048 3842 potest
3090 3773 3333 3825 caudam
3368 3787 3621 3839 movere,

1963 3877 2034 3914 ne
2090 3859 2233 3914 solis
2290 3858 2478 3915 calore
2535 3861 2784 3916 refectus
2844 3859 3173 3914 molestiam
3238 3858 3618 3931 laboremque

1961 3948 2107 4018 ipsis
2138 3953 2312 4004 creet.
2339 3949 2619 4004 Romanis
2651 3949 2995 4005 ductoribus
3015 3948 3070 4002 id
3097 3964 3209 4002 non
3236 3947 3616 4018 probabatur,

1964 4036 2191 4091 facinus
2225 4037 2331 4091 hoc
2383 4038 2754 4092 barbaricum
2808 4038 2926 4092 fore
2957 4041 3013 4092 et
3056 4035 3302 4106 impium
3345 4052 3411 4091 ac
3445 4052 3478 4090 a
3507 4039 3617 4091 Ru-

1965 4141 2139 4180 mana
2186 4125 2494 4180 clementia
2538 4125 2796 4181 alienum
2832 4126 3231 4180 censentibus.
3283 4125 3484 4179 Potius
3516 4142 3616 4180 eos

1962 4231 2065 4285 per
2140 4217 2400 4270 desertas
2463 4214 2739 4287 Bulgarize
2828 4213 3099 4287 planities
3171 4213 3618 4285 dispergendos,

1961 4308 2136 4373 atque
2167 4302 2302 4357 hinc
2335 4303 2470 4358 inde
2509 4303 2813 4374 dissipatis
2843 4303 3130 4358 tributum
3163 4301 3614 4374 imponendum,

1960 4392 2079 4447 Hoc
2111 4393 2282 4446 modo
2313 4397 2369 4447 et
2397 4393 2690 4462 ingentem
2725 4394 2795 4448 ab
2829 4392 2898 4447 iis
2942 4392 3194 4448 reditum
3231 4393 3306 4448 rei
3342 4395 3614 4447 Romana:

1962 4497 2362 4548 accessurum,
2383 4487 2587 4536 etcum
2619 4481 2938 4553 imperator
2969 4481 3259 4536 militibus
3289 4497 3438 4553 Opus
3459 4484 3617 4536 esset

195 4570 414 4642 παρέξει
456 4569 545 4622 καὶ
591 4571 902 4645 πράγματα.
933 4557 1100 4627 Τοῦτο
1161 4571 1217 4628 δὲ
1256 4557 1381 4636 ’τοῖς
1438 4575 1700 4651 ἄρχουσιν
1752 4557 1854 4633 ούκ

1967 4569 2276 4625 habiturus
2334 4571 2613 4626 adversus
2669 4576 2889 4626 Turcos
2948 4575 3050 4626 aut
3105 4571 3250 4626 alios
3309 4571 3610 4638 barbaros,

193 4655 373 4711 ἐδόκει
421 4657 737 4729 Ῥωμαίων,
797 4660 943 4716 ἀλλᾶ
1011 4657 1342 4736 βαρϐαρικὸν
1411 4667 1474 4718 τὸ
1547 4659 1699 4741 ἔργον
1758 4667 1848 4722 καὶ

195 4747 416 4802 ἀνόσιον
466 4746 744 4819 ἐνομίζετο
785 4749 875 4803 καὶ
924 4751 1240 4823 Ῥωμαϊκῆς
1299 4753 1510 4824 ἀνάξιον
1567 4757 1848 4832 ἡμερότη-

191 4856 303 4899 τος.
340 4834 570 4890 Μᾶλλον
605 4837 701 4908 μὶν
734 4837 824 4892 οῦν
871 4839 1142 4915 συμφέρον
1203 4839 1452 4914 ἐνόμιζον
1507 4840 1847 4899 διασκεδάσαι

192 4927 427 4987 τούτους
461 4926 512 4978 ἄν
545 4931 664 4988 ταῖς
696 4926 925 5001 ἐρήμοις
950 4932 1048 4994 τῆς
1097 4930 1436 5008 Βουλγαρίας
1495 4930 1708 4987 πεδιάσι
1756 4934 1846 4988 καὶ

196 5012 407 5076 ἄλλους
437 5012 692 5090 ἄλλαχοῦ
722 5014 1087 5091 ἐγκατοικίσαι
1117 5021 1206 5074 καὶ
1251 5020 1452 5096 φόρους
1501 5021 1684 5083 αὐτοῖς
1724 5020 1846 5076 ἐπι-

194 5108 390 5165 θεῖναι·
426 5100 636 5166 ἔσεσθαι
694 5105 798 5182 γὰρ
859 5107 958 5162 οὐκ
1015 5108 1378 5182 εὐαρίθμητον
1434 5108 1524 5163 τόν
1575 5109 1680 5164 ἀπὸ
1736 5115 1844 5165 τῶν

192 5191 465 5246 τοιούτων
529 5189 772 5266 δασμόν’
837 5195 879 5250 εἰ
952 5193 1129 5268 δεήσει
1207 5195 1263 5252 δὲ
1339 5202 1417 5269 τῷ
1485 5196 1699 5274 βασιλεῖ
1755 5201 1841 5254 καὶ

193 5285 428 5354 στρατοῦ
486 5284 620 5357 πρός
672 5304 731 5338 τε
785 5284 912 5348 τοὺς
971 5288 1243 5362 Τούρκους
1323 5285 1413 5342 καὶ
1496 5287 1632 5363 πρὸς
1701 5286 1847 5345 ἄλλα

192 5367 501 5444 ἑτερόφυλα
531 5373 683 5446 γένη,
717 5371 1064 5444 καθοπλίζειν
1121 5375 1213 5430 ἀπ’
1243 5374 1441 5431 αὐτῶν.
1474 5374 1709 5434 Πολλῶν
1751 5376 1844 5433 οὗν

192 5457 372 5533 λόγων
439 5458 705 5533 ῥηθέντων
763 5462 1004 5532 ἐνίκησεν
1051 5466 1086 5534 ἡ
1133 5469 1238 5518 τῶν
1283 5465 1573 5538 Ῥωμαίων
1621 5467 1841 5540 γνώμη⁹

187 5552 278 5600 καὶ
333 5548 362 5600 6
417 5548 514 5618 μὲν
575 5548 812 5625 Κεγένης
859 5551 1018 5615 ὅσους
1066 5547 1229 5607 ἔλαϐε
1271 5554 1528 5628 ζωγρίας,
1558 5551 1706 5624 πλὴν
1767 5553 1840 5610 ὦν

1958 4662 2099 4712 tunc
2149 4675 2246 4713 eos
2293 4658 2509 4714 armari
2570 4676 2760 4731 posse.
2821 4663 2898 4714 Re
2959 4659 3056 4713 diu
3119 4658 3422 4731 disputata
3475 4660 3614 4716 vicit

1958 4747 2199 4802 tandem
2247 4749 2640 4803 Romanorum
2684 4747 2994 4803 sententia.
3027 4748 3135 4802 Sed
3167 4753 3431 4820 Kegenes
3460 4748 3608 4803 occi-

1958 4836 2041 4891 sis
2074 4841 2363 4908 quotquot
2388 4841 2620 4908 ceperat
2643 4837 2988 4904 Patzinacis,
3009 4837 3123 4891 nisi
3155 4853 3303 4908 quos
3325 4835 3610 4900 vendidit,

1958 4925 2198 4980 domum
2248 4930 2338 4980 est
2384 4941 2668 4982 reversus.
2703 4925 2980 4981 Caeterum
3025 4942 3224 4980 eorum
3280 4923 3611 4980 multitudi-

1958 5029 2090 5068 nem
2145 5013 2427 5086 Bulgariae
2478 5015 2786 5084 praefectus
2838 5013 3085 5070 Basilius
3136 5013 3460 5069 Monachus
3511 5030 3611 5086 per

1957 5103 2307 5174 campestria
2337 5103 2610 5169 Serdicae,
2656 5102 2816 5160 Naisi
2849 5108 2903 5159 et
2953 5101 3252 5173 Eutzapeli
3284 5102 3604 5170 distribuit,

1956 5192 2233 5246 omnibus
2265 5191 2555 5263 ademptis
2587 5191 2790 5257 armis,
2827 5208 2897 5246 ne
2945 5190 3082 5264 quid
3119 5190 3309 5246 moliri
3344 5197 3602 5261 possent.

1957 5289 2260 5361 Tyrachus
2290 5293 2346 5344 et
2396 5305 2524 5344 cum
2574 5305 2639 5345 eo
2672 5297 2902 5344 centum
2956 5288 3349 5361 quadraginta
3395 5287 3501 5342 viri
3537 5288 3608 5342 ad

1954 5379 2364 5450 imperatorem
2411 5381 2648 5435 abducti
2682 5385 2860 5447 sunt;
2895 5385 3066 5453 atque
3115 5383 3186 5436 ab
3217 5380 3328 5436 hoe
3359 5380 3607 5451 benigne

1955 5471 2196 5539 accepti,
2255 5469 2526 5540 baptizati
2576 5469 2967 5542 maximisque
3017 5470 3343 5526 honoribus
3392 5469 3605 5538 affecti,

1955 5557 2136 5612 vitam
2172 5558 2248 5613 ibi
2273 5559 2600 5629 jucundam
2635 5565 2901 5631 egerunt.

193 5646 596 5718 ἀπημπόληκε,
643 5648 771 5711 τοὺς
825 5652 1028 5712 πάντας
1074 5650 1383 5730 ἀποσφάξας
1444 5651 1796 5722 ὑπενόστησεν
1883 5651 2086 5723 οἴκαδε,
2144 5655 2240 5716 τὰς
2327 5651 2384 5709 δὶ
2467 5659 2575 5709 τῶν
2657 5656 3002 5726 Πατζινάκων
3081 5655 3344 5736 μυριάδας
3428 5659 3457 5713 6
3503 5665 3606 5728 τῆς
